4136 6382
559 292 622 349 11
1902 271 2180 335 NlCETZE

2323 276 2402 332 DN
2411 275 2593 334 IAT/E
3864 286 3891 340 1
3905 289 3938 341 2

557 431 731 473 sacro
759 412 942 470 calice
989 407 1391 483 inquisierunt
1420 408 1474 464 et
1529 406 1602 464 de
1637 404 1996 479 episcopalis
2054 403 2212 459 sedis

2323 423 2431 474 νος,
2458 402 2784 466 Μακεδόνιος
2831 402 3222 475 Μοελῐοουεστίας,
3256 405 3305 456 οἰ
3355 408 3444 457 καὶ
3491 405 3816 471 ζητήσαντες
3866 411 3940 462 τὰ

555 505 886 572 eversione,
918 517 1056 557 vera
1086 498 1333 572 quidem
1364 497 1894 570 praetermiserunt,
1928 495 2084 552 falsa
2111 510 2214 551 au-

555 599 676 652 tem
708 594 826 667 ipsi
852 589 1162 662 imaginati
1196 593 1356 658 sunt,
1388 587 1940 660 deposueruntque,
1976 590 2038 641 ut
2086 600 2212 640 cre-

555 685 802 745 debant,
836 679 1255 742 Athanasium,
1293 678 1422 749 ejus
1473 676 1610 732 loco
1647 676 1847 748 ipsum
1895 673 2212 730 Arsenium

557 775 940 847 accipientes.
975 771 1150 842 cujus
1179 785 1435 824 manum
1474 772 1853 839 amputatam
1884 782 2012 821 esse
2057 763 2214 820 dice-

554 865 704 922 bant
725 883 738 932 ;
761 863 868 936 qui
897 861 1064 934 prius
1096 859 1545 916 Meletianorum
1592 854 2032 929 superstitionis
2055 855 2210 926 epis-

556 971 744 1028 copus
769 958 912 1010 tunc
940 949 1282 1025 apudipsos
1311 953 1372 1004 ut
1393 946 1850 1020 Hypseletorum
1870 945 2035 1001 urbis
2061 943 2211 1017 epis-

557 1059 746 1117 copus
777 1046 986 1100 contra
1023 1037 1424 1096 Athanasium
1456 1035 1830 1108 subscripsit.

626 1228 681 1281 3.
724 1224 954 1278 Interea
1005 1235 1145 1276 vero
1198 1217 1461 1291 perfecto
1504 1213 1928 1287 Hierosolymis
1986 1213 2210 1285 templo

554 1328 746 1387 prope
778 1328 918 1368 eum
950 1307 1194 1366 calvarii
1241 1307 1441 1363 locum
1472 1305 1578 1378 qui
1606 1320 1902 1375 magnum
1952 1303 2211 1359 testimo-

554 1403 725 1459 nium
754 1405 1026 1464 vocatur,
1055 1398 1237 1469 jussit
1265 1397 1593 1469 imperator
1613 1393 1930 1467 episc0pos
1953 1392 2056 1465 qui
2077 1392 2211 1464 Tyri

554 1491 808 1549 aderant
832 1487 1310 1560 Hierosolymam
1331 1484 1528 1540 venire
1550 1487 1606 1539 et
1625 1483 1740 1539 hoc
1759 1482 2051 1554 templum
2075 1496 2212 1537 con-

553 1596 805 1637 secrare.
839 1581 998 1635 Tunc
1020 1581 1221 1634 autem
1244 1575 1626 1632 occasionem
1646 1573 2016 1628 invenientes
2047 1571 2209 1626 Aria-

550 1686 772 1727 norum
798 1669 1061 1726 fautores
1100 1669 1481 1722 tentaverunt
1529 1667 1595 1720 ut
1637 1661 2064 1734 Hierosolymis
2116 1677 2210 1732 sy-

550 1761 750 1818 nodus
771 1759 938 1814 ﬁeret
975 1762 1034 1814 et
1065 1755 1415 1812 communio
1452 1753 1589 1809 Ario
1631 1756 1688 1808 et
1726 1751 1944 1808 Euzoio
1997 1766 2206 1807 conce-
2239 1771 2278 1824 Β

551 1850 813 1906 deretur.
847 1845 1203 1920 Imperatori
1246 1845 1428 1914 igitur
1461 1842 1609 1898 illud
1661 1857 1769 1914 per
1807 1841 1997 1912 ipsius
2046 1856 2208 1896 soro-

549 1955 680 1995 rem
726 1936 1142 1995 Constantiam
1189 1932 1647 2006 quemdamque
1715 1931 1900 2003 hujus
1941 1928 2208 1986 mulieris

549 2027 912 2084 familiarem
961 2024 1389 2098 presbyterum
1425 2022 1706 2079 arianum
1757 2035 2113 2092 persuasere
2153 2023 2209 2075 et

550 2133 836 2174 curavere
893 2120 960 2172 ut
1006 2114 1212 2170 Arium
1274 2111 1683 2184 Euzoiumque
1760 2109 2002 2178 videret,
2049 2125 2207 2179 quos

549 2211 876 2280 postquam
907 2205 1056 2262 vidit
1086 2203 1439 2276 censuitque
1453 2202 1575 2258 fere
1606 2205 1671 2256 ut
1699 2201 1971 2257 Nicaenos
2002 2199 2206 2256 Patres

549 2298 812 2364 credere,
828 2313 930 2354 eos
953 2296 1031 2352 ad
1057 2294 1375 2367 episcopos
1399 2291 1826 2364 Hierosolymis
1877 2304 2208 2361 congrega-

547 2391 639 2444 tos
669 2387 850 2456 misit,
883 2385 1154 2443 scribens
1184 2389 1248 2440 ut
1287 2383 1362 2440 de
1409 2382 1524 2438 illis
1568 2381 1900 2452 benignum
1957 2379 2210 2436 ferretur

551 2477 933 2546 suffragium,
993 2475 1043 2531 si
1072 2479 1229 2531 recte
1260 2472 1502 2529 credere
1534 2471 1894 2527 viderentur.
1931 2469 2208 2526 Occasio-

541 2581 684 2622 nem
703 2566 888 2636 igitur
912 2564 1263 2638 arripientes
1288 2562 1491 2618 Ariani
1521 2577 1624 2618 eos
1671 2564 2048 2632 exceperunt,
2093 2559 2206 2614 im-

541 2655 927 2728 peratorique
967 2659 1023 2710 et
1057 2653 1349 2710 universis
1409 2650 1711 2725 episcopis
1766 2649 2056 2722 scripsere
2103 2663 2207 2704 eos

542 2745 913 2802 orthodoxos
946 2760 1097 2801 esse.

611 2839 664 2892 4.
702 2835 804 2891 His
833 2835 917 2891 ita
951 2835 1120 2901 actis,
1156 2831 1520 2889 Athanasius
1558 2834 1712 2903 Tyro
1734 2828 1996 2901 fugiens
2029 2831 2203 2883 Cons-

541 2925 965 2998 tantinopolim
992 2926 1191 2992 venit;
1217 2922 1388 2994 cujus
1411 2920 1692 2994 precibus
1723 2933 1999 2976 annuens
2023 2919 2208 2988 impe-

541 3019 705 3072 rator
725 3015 982 3071 dicentis
1007 3030 1068 3069 se
1091 3029 1214 3070 non
1236 3013 1394 3083 juste
1414 3011 1772 3067 damnatum
1792 3024 1942 3075 esse,
1967 3006 2208 3079 scripsit

2322 500 2440 566 περὶ
2473 503 2566 557 τῆς
2609 503 2701 547 τοῦ
2767 501 3028 566 μυστικοῦ
3078 498 3336 568 ποτηρίου
3372 495 3668 571 συντριϐῆς,
3703 502 3790 550 καὶ
3837 506 3938 560 τῆς

2322 585 2670 658 καθαιρέσεως
2714 592 2804 636 τοῦ
2864 582 3210 636 ἐπίσκοπικού
3267 585 3471 656 θρόνου,
3527 588 3592 637 τὰ
3638 589 3728 658 μὲν
3759 586 3930 648 ἀληθῆ

2321 673 2603 747 παρῆλθον,
2670 673 2962 726 ἐπλάσαντο
3015 670 3073 725 δὲ
3128 677 3217 725 καὶ
3273 673 3422 726 αὐτοὶ
3474 676 3542 726 τὰ
3595 672 3794 746 ψευδῆ,
3840 682 3936 730 καὶ

2321 765 2724 840 καθήρησαν,ὡς
2789 763 3052 836 ἐνόμισαν,
3129 763 3462 833 ’Λθάνασιον,
3517 761 3788 838 δεξάμενοι
3841 772 3936 820 καὶ

2322 853 2478 906 αύτόν
2539 855 2823 928 Ἀρσένιον,
2877 854 2938 905 οὗ
2992 853 3168 924 ἔλεγον
3234 851 3540 926 ἐκκεκόφθαι
3604 860 3698 914 τήν
3748 864 3930 930 χεῖρα’

2321 944 2396 1010 ὃς,
2452 948 2700 1019 πρότερον
2751 951 2845 1005 τῆς
2894 942 3214 996 Μελιτιανών
3285 945 3568 1018 θρησκείας
3651 943 3935 1007 ἐπίσκοπος

2321 1037 2408 1104 ὧν,
2440 1042 2732 1091 τηνικαῦτα
2775 1032 2897 1107 παρ’
2949 1033 3124 1095 αὐτοῖς
3167 1035 3230 1093 ὡς
3274 1042 3370 1095 τῆς
3407 1033 3765 1104 ’Υψηλετήτῶν
3823 1035 3935 1088 ἐπί-

2323 1143 2518 1186 σκοπος
2556 1124 2746 1185 πόλεως
2776 1122 3046 1198 ὑπέγραψε
3070 1125 3207 1174 κατὰ
3229 1121 3568 1178 Ἀθανασίου.

2390 1213 2457 1286 γ’.
2511 1214 2593 1268 Ἐν
2640 1217 2806 1284 τούτῳ
2850 1210 2902 1266 δ’
2949 1212 3348 1286 ἐξεργασθέντος
3395 1221 3488 1266 τοῦ
3543 1212 3594 1266 ἐν
3650 1213 3906 1288 Ἰεροσολύ

2320 1324 2433 1377 μοις
2509 1311 2634 1356 ναοῦ
2689 1309 2806 1379 περὶ
2886 1307 2973 1355 τὸν
3031 1312 3123 1356 τού
3177 1308 3390 1379 κρανίου
3454 1311 3632 1378 χῶρον
3685 1306 3739 1366 ὅς
3795 1309 3936 1378 μέγα

3236 1392 3493 1446 ἐκέλευσεν
3568 1395 3593 1445 ό
3679 1392 3935 1466 βασιλεὺς

2318 1488 2436 1545 τούς
2495 1482 2542 1535 ἐν
2619 1486 2770 1558 Τύρῳ
2835 1482 3250 1554 συνειλεγμενους
3329 1481 3649 1546 ἐπισκόπους
3706 1484 3935 1538 καταλαι

2319 1396 2769 1470 προσαγορεύεται
2849 1395 3155 1466 μαρτύριον,

2321 1573 2426 1626 ϐεῖν
2469 1578 2532 1632 τὴ
2593 1572 2948 1646 Ἰεροσόλυμα,
3027 1578 3117 1625 καὶ
3175 1577 3262 1625 τὸν
3318 1581 3553 1626 τοιοῦτον
3609 1575 3935 1648 καθιερῶσαι

2318 1667 2460 1718 ναόν.
2520 1670 2823 1721 Τηνικαῦτα
2873 1658 2932 1714 δε
2977 1665 3158 1735 καιρόν
3207 1663 3435 1736 εὑρόντες
3489 1665 3538 1714 οἱ
3595 1661 3932 1738 ἀρειανόφρο-

2317 1773 2395 1815 νες
2437 1749 2776 1805 ἐσπούδασαν
2821 1750 2868 1803 ἐν
2919 1751 3296 1826 Ἱεροσολύμοις
3385 1755 3629 1824 γενέσθαι
3684 1749 3930 1824 σύνοδον,

2316 1848 2407 1895 καὶ
2431 1846 2701 1903 κοινωνίας
2741 1837 3061 1914 μεταδοῦναι
3089 1842 3276 1916 Ἀρείῳ
3315 1846 3405 1893 καὶ
3460 1841 3675 1914 Εύζωῒῳ
3719 1847 3933 1896 πείσαν-

2316 1952 2394 1993 τες
2437 1936 2610 1984 τοίνυν
2667 1934 2754 1983 τὸν
2811 1929 3037 2003 βασιλεα
3104 1927 3199 1983 διὰ
3269 1939 3365 1994 τῆς
3451 1931 3634 1985 ἑαυτοῦ
3702 1929 3933 2005 ἀδελφῆς

2320 2027 2685 2084 Κωνσταντίας
2761 2027 2850 2073 καὶ
2923 2029 3014 2073 τοῦ
3065 2026 3525 2096 προσῳκειωμένου
3591 2025 3755 2096 ταύτῃ
3807 2043 3926 2098 πρει

2320 2111 2569 2186 σϐντέρου
2657 2110 2917 2186 ἀρειανοῦ,
2968 2114 3364 2185 παρεσκεύασαν
3416 2112 3573 2164 αὑτὸν
3638 2114 3934 2166 θεάσασθαι

2318 2201 2525 2277 Ἀρειον
2556 2205 2646 2252 καὶ
2672 2201 2923 2269 Εύζώῑον,
2986 2200 3075 2262 ούς
3133 2197 3260 2253 ἰδὼν
3313 2205 3402 2253 καὶ
3453 2200 3724 2254 ὑπολαϐὼν
3753 2222 3934 2278 παρα-

2317 2290 2554 2352 πλησίως
2585 2297 2694 2352 τοῖς
2727 2288 2774 2341 ἐν
2825 2293 3024 2362 Νικαίᾳ
3069 2287 3331 2358 δοξάζειν,
3392 2291 3589 2363 ἔπεμρε
3636 2295 3761 2366 πρὸς
3812 2296 3932 2355 τοὺς

2319 2380 2368 2433 ἐν
2444 2378 2821 2454 Ἱεροσολύμοις
2887 2379 3248 2448 συνελθόντας,
3304 2379 3518 2454 γράψας
3573 2381 3933 2457 φιλάνθρωπον

2318 2469 2394 2523 ἐπ’
2427 2470 2606 2532 αύτοίς
2653 2469 2928 2541 ἐνεχθῆναι
2985 2468 3179 2542 ψῆφον,
3236 2469 3280 2522 εἰ
3329 2469 3493 2542 ὀρθῶς
3525 2478 3718 2543 φανεῖεν
3776 2467 3934 2534 δόξά-

2319 2561 2513 2623 ξοντεςο
2548 2568 2737 2635 καιροῦ
2768 2564 2940 2612 τοίνυν
2982 2555 3301 2634 δραξάμενοι
3327 2562 3375 2612 οἰ
3407 2560 3661 2636 Ἀρειανοὶ
3723 2558 3930 2624 ἐδέξαν-

2315 2671 2374 2704 το
2424 2654 2660 2719 τούτους,
2707 2655 2796 2702 καὶ
2845 2653 2986 2721 αὐτῷ
3047 2648 3258 2722 βασιλεῖ
3305 2655 3396 2702 καὶ
3445 2658 3556 2713 τοίς
3613 2654 3929 2724 άπανταχοῦ

2318 2741 2624 2802 ἐπισκόποις
2690 2739 2922 2813 ἔγραψαν
2982 2737 3298 2813 ὀρθοδόξους
3379 2743 3640 2815 ὑπάρχειν
3713 2743 3928 2805 αύτούς.

3475 2831 3788 2895 Ἀθανασιος
3871 2831 3932 2884 ἐκ

2317 2923 2488 2996 Τύρου
2531 2926 2705 2993 φυγὼν
2749 2925 2820 2981 εὶς
2883 2921 3423 2974 Κωνσταντινούπολιν
3481 2917 3654 2980 ἦλθεν⁸
3725 2918 3784 2974 οὗ
3837 2929 3934 2984 τῆς

2391 2829 2456 2886 δ’.
2528 2833 2733 2886 Τούτων
2800 2829 2934 2882 οὑτω
3010 2835 3395 2904 πραττομένων,

2321 3009 2551 3074 δεήσεως
2604 3010 2834 3074 ἀκούσας
2884 3013 2909 3064 ό
2966 3009 3215 3084 βασιλεύς
3263 3016 3335 3084 μή
3397 3008 3614 3073 δικαίως
3682 3015 3935 3086 κριθῆναι

544 3106 844 3178 episcopis
866 3109 1008 3161 tunc
1039 3105 1172 3176 Tyri
1216 3102 1596 3174 congregatis
1647 3105 1712 3157 ut
1741 3101 1819 3156 ad
1865 3100 2071 3172 ipsum
2110 3097 2209 3153 de-

2323 3101 2576 3173 λέγοντος,
2633 3101 2827 3175 ἔγραψε
2882 3109 2992 3164 τοῖς
3057 3100 3105 3152 ἐν
3161 3104 3310 3174 Τύρῳ
3363 3103 3790 3173 συναθροισθεῑσι
3837 3108 3934 3162 τή’

545 3195 921 3263 scenderent,
945 3199 1010 3250 ut
1031 3209 1235 3250 coram
1259 3193 1395 3266 ipso
1418 3191 1732 3248 Anathasii
1770 3205 1956 3246 causa
1987 3187 2210 3245 exami-

545 3288 811 3342 naretur.
854 3286 1186 3356 Postquam
1244 3282 1424 3352 igitur
1471 3281 1866 3348 advenerunt,
1920 3277 2210 3334 Eusebius

544 3374 906 3432 Nicomediae
944 3371 1352 3430 contendebat
1399 3371 1629 3442 justam
1696 3370 1758 3424 in
1816 3368 2210 3425 Athanasium

544 3464 733 3521 latam
763 3479 892 3520 esse
923 3463 1279 3519 sententiam
1309 3479 1324 3530 ;
1362 3463 1540 3517 testes
1576 3458 1848 3532 praestitit
1880 3458 2208 3528 Theognim

549 3558 607 3611 et
633 3555 881 3611 Marium
907 3557 964 3609 et
983 3551 1363 3608 Theodorum
1387 3554 1444 3606 ct
1474 3548 1778 3606 Valentem
1801 3552 1857 3604 et
1880 3549 2210 3605 Ursacium.

549 3649 882 3717 Imperator
922 3648 1125 3700 autem
1171 3642 1296 3697 sive
1353 3640 1620 3698 crederet
1658 3655 1803 3696 vera
1860 3656 1997 3712 quae
2056 3639 2214 3696 dice-

547 3734 792 3804 bantur,
854 3733 980 3789 sive
1071 3731 1414 3788 consentire
1489 3729 1900 3802 suspicaretur
1986 3729 2214 3802 episco-

550 3840 664 3899 pos
714 3829 779 3880 ut
809 3841 839 3880 e
890 3823 1091 3879 medio
1127 3821 1427 3878 tolleretur
1468 3820 1858 3887 Athanasius,
1900 3819 2218 3876 mandavit

551 3918 618 3971 ut
638 3913 690 3970 is
711 3913 1010 3971 Treverim
1037 3912 1455 3977 abduceretur,
1485 3926 1620 3982 quae
1659 3914 1747 3966 est
1777 3909 1922 3965 urbs
1945 3908 2218 3966 occiden-

551 4004 764 4061 talium
795 4003 1100 4061 Gallorum
1125 4021 1136 4070 ;
1163 4001 1585 4072 abductusque
1611 4005 1700 4055 est
1718 3999 2084 4055 Athanasius
2110 3999 2220 4055 ibi-

553 4108 673 4166 que
699 4093 922 4148 mansit
950 4107 1142 4162 usque
1166 4090 1244 4146 ad
1267 4094 1522 4146 mortem
1553 4088 1942 4144 Constantini.

631 4187 687 4236 5.
716 4180 890 4236 Arius
919 4184 1120 4235 autem
1147 4183 1284 4250 post
1308 4177 1584 4233 habitam
1642 4176 2071 4248 Hierosolymis
2125 4194 2221 4249 sy-

557 4268 794 4329 nodum
832 4269 893 4322 in
932 4271 1257 4338 Egyptum
1297 4264 1478 4321 venit.
1523 4267 1670 4321 Cum
1726 4264 1826 4320 illo
1864 4269 2068 4321 autem
2096 4281 2222 4321 non

561 4357 1052 4416 communicante
1083 4353 1627 4410 Alexandrinorum
1668 4352 1948 4419 Ecclesia,
1981 4369 2220 4410 rursum

562 4445 1145 4518 Constantinopolim
1170 4443 1365 4501 rediit.
1400 4448 1592 4515 Atque
1616 4443 1695 4500 ita
1716 4443 2056 4516 adimpletze
2083 4447 2224 4500 sunt

563 4539 756 4596 sancti
776 4535 1100 4593 Alexandri
1131 4550 1362 4608 preces.
1384 4533 1654 4590 Posthaec
1679 4537 1879 4590 autem
1903 4533 2221 4590 manifeste

562 4631 877 4702 coeperunt
903 4627 1194 4682 innovare
1227 4623 1552 4680 Eusebiani
1583 4623 1741 4680 circa
1795 4624 2222 4698 episcoporum

561 4721 769 4778 Nicwaa
795 4721 1298 4789 congregatorum
1314 4714 1750 4788 expositionem
1767 4719 1820 4771 et
1841 4717 2060 4787 scripto
2083 4731 2222 4772 con-

563 4807 959 4868 substantiale
991 4808 1256 4879 rejicere.
1315 4805 1628 4877 Synodum
1671 4804 1853 4876 igitur
1900 4806 2225 4864 Constanti.

558 4900 830 4975 nopolim
859 4898 1180 4955 convenire
1205 4901 1512 4966 curarunt,
1532 4896 2068 4969 deposueruntque
2095 4898 2224 4954 etin

561 4992 807 5048 exilium
869 4988 1023 5046 mitti
1072 4987 1433 5044 studuerunt
1485 4985 2017 5042 consubstantialis
2073 5003 2224 5059 prae-

561 5099 760 5150 cones,
809 5078 1156 5152 Asclepium
1221 5079 1386 5133 Gazae
1445 5077 1819 5149 episcopum,
1883 5076 2222 5134 Climatium

559 5171 869 5234 Antaradi,
894 5170 1147 5226 alterum
1173 5167 1518 5223 Climatium
1569 5166 1739 5235 Palti,
1794 5167 2222 5238 Ephrationem

561 5259 770 5316 Baiani
800 5260 1026 5330 Cyrum
1060 5261 1328 5327 Berroeze,
1363 5256 1765 5312 Domnionem
1811 5257 2030 5327 Sirmii,
2074 5257 2224 5316 Ella-

558 5364 746 5404 neum
765 5347 1036 5419 Tripolis,
1057 5348 1264 5402 Arium
1285 5346 1600 5402 Petrarum
1624 5345 1916 5415 Paleonae,
1954 5351 2012 5403 et
2056 5349 2222 5406 Aste-

557 5437 716 5493 rium
730 5441 1036 5492 Petrarum
1049 5435 1660 5508 Arabize,01ympium
1679 5435 1828 5506 .Eni,
1845 5435 2220 5494 Theodulum

555 5525 990 5599 Trajanopolis,
1014 5524 1387 5581 Vincentium
1405 5527 1645 5597 Capuae,
1671 5525 1994 5598 Ephratam
2012 5527 2220 5600 Agrip-

553 5613 1654 5694 pinee,EutropiumAdrianopolis,cui
1668 5614 1960 5674 successit
1975 5617 2214 5688 Lucius,

2317 3200 2538 3244 νικαῡτα
2593 3190 2900 3244 καταλαϐεῖν
2946 3194 3074 3265 πρὸς
3113 3189 3421 3258 011310v,_0'o;
3481 3190 3542 3240 ἄν
3619 3189 3681 3242 ἐπ
3746 3190 3937 3262 ὄψεσιν

2321 3281 2481 3334 αὑτοῦ
2533 3277 2885 3353 δοκιμασθείη
2941 3281 3007 3331 τὰ
3077 3281 3216 3331 κατὰ
3291 3278 3629 3335 Ἀθανασίου.
3693 3281 3940 3336 Καταλα-

2322 3370 2513 3424 ϐόντων
2557 3367 2646 3422 οὖν
2678 3370 2868 3437 αὐτῶν,
2928 3367 3172 3428 Εὐσέϐιος
3219 3369 3244 3420 ὁ
3292 3365 3658 3442 Νικομηδείας
3714 3370 3936 3447 ἰσχυρί-

2323 3461 2436 3522 ζετο
2497 3456 2710 3512 δικαίαν
2764 3463 2856 3516 τήν
2914 3457 2998 3510 ἐπὶ
3055 3457 3368 3512 Ἀθανάσιον
3417 3461 3661 3531 γενέσθαι
3735 3460 3936 3534 ψῆφον,

2323 3552 2591 3624 μάρτυρας
2618 3556 2822 3622 παρῆγε
2853 3552 3069 3620 Θέογνιν
3127 3553 3222 3600 καὶ
3278 3551 3449 3624 Μάριν
3505 3553 3595 3601 καὶ
3659 3548 3939 3624 Θεόδωρον

2323 3643 2414 3691 καὶ
2464 3637 2729 3690 Ούάλεντα
2775 3642 2864 3690 καὶ
2921 3637 3241 3710 Ούρσάκιον.
3295 3637 3354 3690 Ὀ
3426 3634 3484 3691 δὲ
3531 3637 3778 3710 βασιλεὺς
3832 3643 3942 3693 εἴτε

2326 3727 2491 3787 ἀληθῆ
2540 3730 2831 3789 πιστεύσας
2899 3725 3029 3780 εἶναι
3083 3730 3150 3780 τὰ
3187 3727 3453 3800 λεγόμενα,
3505 3731 3603 3781 εἴτε
3631 3730 3941 3800 ὁμονοήσειν

2327 3822 2625 3880 ὑπονοήσας
2656 3823 2775 3882 τοὺς
2801 3822 3142 3887 ἐπισκόπους,
3166 3819 3228 3870 ἶν’
3261 3816 3497 3873 ἐκποδὼν
3538 3823 3737 3892 γένοιτο
3782 3819 3949 3875 Ἀθα-

2325 3912 2521 3981 νάσιος,
2559 3914 2872 3985 προσέταττε
2928 3910 3294 3984 ἀπηνεχθῆναι
3350 3918 3533 3963 τοῦτον
3579 3909 3652 3972 εἰς
3697 3908 3946 3983 Τρίϐεριν

2326 4009 2426 4053 τῶν
2474 4003 2604 4075 πρὸς
2657 3997 2813 4053 δύσιν
2860 4000 3123 4069 Γαλατῶν,
3180 4005 3271 4052 καὶ
3302 4001 3327 4052 ὁ
3355 4003 3445 4073 μὲν
3482 3997 3724 4072 ἀπήχθη,
3755 4005 3844 4053 καὶ
3876 3998 3946 4061 ἦν

2328 4091 2432 4143 ἕκεῖ
2459 4091 2554 4152 ἓως
2574 4099 2668 4152 τῆς
2709 4095 3100 4144 Κωνσταντίνου
3132 4090 3394 4152 τελευτῆς.

2401 4179 2455 4236 ε’.
2520 4179 2579 4232 '0
2630 4176 2691 4231 δέ
2737 4179 2942 4251 ’Ἄρειος
2999 4181 3130 4250 μετὰ
3188 4183 3274 4238 τὴν
3338 4178 3384 4232 ἐν
3432 4177 3804 4254 Ἱεροσολύμοις
3847 4184 3948 4234 σύ-

2329 4263 2500 4334 νοδον,
2535 4269 2655 4324 ἧκεν
2687 4267 2753 4328 εἰς
2802 4270 3086 4340 Αἴγυπτονο
3147 4271 3218 4341 μή
3279 4273 3629 4332 κοινωνούσης
3684 4267 3743 4324 δε
3795 4271 3947 4345 αύτῷ

2327 4365 2424 4419 τῆς
2445 4353 2821 4432 Ἀλεξανδρέων
2858 4357 3192 4424 Ἐκκλησὶας,
3220 4359 3374 4412 πᾶλιν
3405 4359 3618 4419 ἀνηλθεν
3674 4361 3746 4424 εἰς
3799 4368 3950 4415 Κων-

2334 4448 2775 4501 σταντινούπολιν·
2837 4453 2926 4502 καὶ
2980 4451 3145 4511 οὕτως
3199 4453 3346 4525 ἔργον
3405 4451 3596 4524 ἐγένετο
3643 4460 3736 4516 τῆς
3799 4453 3950 4508 Ἀλε-

2332 4535 2558 4615 ξάνδρου
2588 4546 2678 4592 τοῦ
2712 4541 2848 4613 ἱεροῦ
2878 4548 3210 4613 προσευχῆς.
3253 4544 3398 4595 Μετὰ
3452 4537 3512 4594 δὲ
3559 4562 3727 4595 ταυτα
3755 4561 3950 4596 νεωτε-

2331 4630 2494 4705 ρίζειν
2549 4638 2776 4704 φανερῶς
2824 4631 2872 4682 οἱ
2922 4635 3041 4706 περί
3095 4629 3345 4684 Εὐσέϐιον
3393 4631 3617 4705 ἤρξαντο
3673 4637 3792 4706 περὶ
3843 4636 3950 4692 τήν

2334 4721 2534 4773 ἔκθεσιν
2565 4728 2664 4771 τῶν
2710 4719 2756 4773 ἐν
2787 4724 2987 4793 Νικαίᾳ
3040 4721 3481 4792 συνεληλυθότων,
3541 4727 3632 4775 καὶ
3681 4721 3951 4776 εκϐαλλειν

2334 4809 2600 4884 ἐγγράφως
2682 4814 2739 4862 τὸ
2783 4811 3078 4884 όμοούσιον⁶
3142 4807 3361 4864 σύνοδον
3420 4807 3507 4863 οὖν
3596 4810 3952 4886 ἀθροισθῆναι

2333 4901 2831 4973 παρασκευάσαντες
2932 4899 2980 4952 ἐν
3073 4899 3617 4954 Κωνσταντινουπόλει
3705 4901 3953 4955 καθείλον

2334 5010 2423 5043 και
2474 4992 2775 5063 πεμφθῆναι
2814 4992 2945 5064 πρός
2999 4991 3280 5066 ὑπερορίαν
3351 4993 3612 5044 ἔσπευσαν
3669 4996 3790 5054 τοὺς
3847 5002 3952 5047 τοῦ

2334 5082 2616 5154 ὁμοουσίου
2687 5087 2941 5156 κήρυκας,
3014 5081 3316 5140 Ἀσκληπᾶν
3389 5081 3664 5135 ἐπίσκοπον
3749 5083 3952 5156 Γάζης,

2331 5176 2422 5224 καὶ
2478 5171 2759 5245 Κλιμάτιον
2833 5169 3180 5247 Ἀνταράδου,
3237 5173 3405 5245 ἕτερον
3479 5172 3762 5246 Κλιμάτιον
3815 5174 3956 5228 Πολ-

2330 5281 2445 5331 του,
2497 5261 2819 5335 Ἐφρατίωνα
2893 5262 3174 5325 Βαλανέων,
3246 5269 3414 5337 Κῦρον
3470 5261 3751 5338 εΒερῥοίας,
3801 5269 3956 5335 Δομ-

2329 5357 2486 5404 νίωνα
2547 5356 2782 5424 Σίρμίου,
2823 5351 3078 5406 Ἑλλάνεον
3123 5350 3437 5428 Τριπόλεως,
3490 5352 3691 5426 Ἀρειον
3735 5359 3954 5427 Πετρῶν

2330 5449 2426 5503 τῆς
2480 5440 2786 5514 Παλαιόνης,
2863 5445 2952 5494 καὶ
3015 5441 3282 5516 Ἀστέριον
3358 5449 3564 5519 Πετρῶν
3642 5451 3738 5504 τῆς
3793 5443 3954 5517 Ἀρα-

2331 5529 2469 5597 ϐίας,
2513 5530 2798 5604 Ὀλύμπιον
2857 5534 3034 5599 Αἴνου,
3104 5527 3396 5586 Θεόδουλον
3461 5531 3952 5610 Τραϊανουπόλεως,

2331 5623 2617 5676 Βινκέντιον
2715 5622 2951 5688 Καπύης,
3041 5621 3301 5699 Ἐφράταν
3396 5623 3767 5700 Ἀγριππίνης,
3845 5624 3958 5678 Εὑ-
