4136 6388
565 330 630 382 15
1911 316 2176 373 ΝΙΟΕΤᾸΞ

2314 315 2586 373 ΟΝΙΑΤᾸΞ
3872 335 3936 389 16

562 451 967 506 Osroenorum
1006 445 1153 502 urbe
1181 445 1495 513 oriundus,
1526 445 1719 501 factus
1761 456 1903 497 vero
1929 439 2204 512 deinceps

2334 436 2596 504 Ἐδέσσης
2647 445 2738 515 μὲν
2781 449 2877 504 τῆς
2927 442 3226 518 Ὀσροηνῶν
3274 445 3551 521 ὑπάρχων,
3585 456 3849 525 γενόμενος
3879 452 3939 509 δὲ

561 541 790 594 Emesae
829 537 1172 608 episcopus,
1200 535 1304 607 qui
1339 539 1574 607 partem
1614 532 2000 590 astronomiae
2033 543 2224 599 augu-

560 625 753 684 ralem
805 624 1030 680 dictam
1079 623 1416 679 exercuisse
1457 621 1840 693 arguebatur.
1890 621 2224 675 Recusante

560 731 705 772 vero
734 713 1160 770 Alexandriam
1208 711 1490 781 Eusebio,
1550 710 1834 767 suffectus
1875 714 1962 765 est
2009 709 2222 776 Grego—

560 804 687 863 rius
733 803 938 860 Tarbae
1002 803 1364 875 episcopus,
1423 817 1547 874 qua
1597 800 1672 856 de
1723 815 1786 856 re
1840 797 2224 866 indignantes

561 892 972 958 Alexandrini,
997 891 1311 948 ecclesiam
1360 889 1627 962 Dionysii
1666 889 1849 960 hujus
1887 885 2055 942 urbis
2100 885 2221 958 epi-

562 983 732 1056 scopi
768 981 1015 1040 nomine
1045 982 1269 1038 dictam
1307 980 1742 1048 incenderunt;
1775 983 1832 1036 et
1860 975 2224 1034 Athanasius

562 1072 812 1144 quidem
837 1071 1072 1143 fugiens
1100 1074 1354 1128 Romam
1378 1069 1556 1127 venit.

634 1256 688 1308 9.
729 1250 910 1310 Paulo
963 1255 1102 1324 post
1156 1253 1396 1307 mortuo
1451 1247 1727 1314 Eusebio,
1785 1244 2226 1302 contenderunt

559 1356 806 1398 rursum
831 1340 905 1397 de
937 1338 1459 1412 Constantinopoli
1488 1338 1705 1395 Paulus
1731 1341 1788 1393 et
1816 1333 2218 1391 Macedonius.

561 1430 736 1496 Quod
767 1429 867 1485 ubi
894 1429 1177 1500 cognovit
1203 1428 1586 1486 Constantius
1613 1425 1957 1488 Antiochiae,
1979 1425 2221 1479 Hermo-

558 1519 697 1590 geni
728 1519 1025 1575 exercitus
1057 1518 1192 1574 duci
1225 1518 1329 1590 qui
1370 1517 1430 1573 in
1459 1516 1771 1572 Thraciam
1808 1514 2028 1570 missus
2071 1517 2219 1581 erat,

555 1607 888 1674 mandavit,
921 1611 985 1663 ut
1021 1607 1134 1663 iter
1169 1611 1442 1680 pergeret
1487 1605 1566 1662 ad
1613 1603 2037 1678 expellendum
2069 1605 2218 1658 Pau-

552 1697 682 1754 lum
713 1714 787 1753 ex
815 1696 1092 1754 ecclesia.
1116 1698 1265 1753 Cum
1288 1696 1427 1751 illuc
1457 1695 1823 1760 advenisset,
1857 1691 2218 1764 militarique

2332 529 2547 605 ὕστερον
2575 532 2801 604 Ἐμέσης
2840 531 3143 603 ἐπίσκοπος,
3186 534 3242 596 ὃς
3270 540 3360 588 καὶ
3400 532 3695 595 διεϐάλλετο
3727 541 3938 598 ἀσκεῖσ-

2335 621 2421 672 θαι
2468 629 2563 683 τῆς
2602 620 2948 696 ἀστρονομίας
2996 625 3053 676 τό
3105 621 3579 699 ἀποτελεσματικὸν
3627 631 3936 707 καλούμενον

2330 714 2516 784 μέρος·
2569 715 3033 786 παραίτησαμένου
3085 709 3144 765 δὲ
3195 722 3288 766 τοῦ
3339 716 3591 772 Εὖσεϐίου
3650 725 3743 780 τὴν
3801 723 3936 776 Ἀλε-

2333 795 2626 874 ξάνδρειαν,
2668 800 2930 876 ἐπετράπη
2980 802 3006 854 ό
3048 808 3336 878 Γρηγόριος
3383 815 3481 859 τῶν
3525 809 3933 884 Ταρϐασθηνῶν,

2331 888 2410 960 ἐφ’
2543 889 2917 963 χαλεπήναντες
2975 893 3026 944 οἱ
3079 891 3454 969 Ἀλεξανδρεῖς,
3510 903 3605 958 την
3662 902 3935 976 ὁμώνυμον

2332 985 2605 1032 Διονυσίου
2647 988 2736 1032 τοῦ
2766 977 2872 1054 τῇδ
2877 1000 2897 1033 ε
2936 979 3382 1053 ἐπισκοπήσαντο,
3415 986 3698 1047 ἐκκλησίαν
3727 990 3936 1067 ἔνὲπρηυ

2334 1086 2430 1121 σαν
2456 1090 2468 1102 ο
2495 1073 2586 1121 καὶ
2613 1069 2925 1133 Ἀθανάσιος
2953 1073 3042 1143 μὲν
3075 1077 3250 1144 φυγὼν
3282 1073 3355 1137 εἰς
3381 1074 3579 1150 Ῥώμην
3612 1077 3844 1152 ἀφίκετο.

2407 1155 2467 1214 θ’.
2509 1159 2632 1213 Μετ’
2665 1159 2724 1212 ού
2755 1159 2884 1212 πολὺ
2931 1156 2990 1213 δε
3032 1160 3430 1226 τελευτήσαντος
3476 1167 3752 1239 Εύσεϐίου,
3793 1168 3937 1223 am-

2329 1253 2620 1306 ποιήσαντο
2681 1247 2834 1302 πάλιν
2915 1257 3010 1309 τῆν
3079 1257 3665 1320 Κωνσταντινουπόλιως
3731 1260 3937 1323 Παῦλος

2330 1341 2418 1389 καὶ
2469 1333 2816 1400 Μακεδόνιος.
2879 1343 3235 1402 Κωνστάντιος
3289 1337 3386 1410 δὲ,
3442 1352 3592 1399 τοῦτο
3643 1350 3822 1420 μαθὼν
3885 1349 3936 1402 ἐν

2330 1425 2666 1499 Ἀντιοχείᾳ,
2757 1427 3028 1502 ἐπέτρεψεν
3106 1428 3398 1504 Ἑρμογένει
3476 1442 3549 1506 τῷ
3630 1437 3932 1514 στατηλάτη

2327 1519 2459 1591 πρὸς
2517 1519 2584 1569 τὰ
2637 1519 2848 1592 Θρᾴκια
2901 1523 3210 1592 πεμπομένῳ
3266 1525 3440 1594 μέρη,
3491 1519 3619 1577 ὁδοῦ
3675 1529 3934 1600 πάρεργον

2326 1615 2552 1665 ποιῆσαι
2588 1610 2648 1660 τὸ
2697 1605 2960 1670 ἐξωθῆσαι
3004 1607 3205 1660 Παυλον
3249 1618 3344 1672 τῆς
3384 1611 3706 1678 ἐκκλησίας’
3738 1617 3798 1668 οὗ
3827 1637 3933 1670 πα-

2324 1700 2664 1769 ραγενομένου
2728 1701 2819 1748 καὶ
2899 1705 3249 1772 στρατιωτικῇ
3318 1706 3465 1776 χειρὶ
3541 1708 3928 1778 χρησαμένου,

553 1803 748 1845 manu
796 1790 1080 1855 uteretur,
1121 1785 1444 1842 insurrexit
1492 1784 1783 1857 populus,
1811 1797 2074 1854 eumque
2124 1797 2204 1838 ra-

2325 1783 2610 1838 ἐστασίασε
2657 1787 2716 1836 τό
2765 1783 2985 1857 πλῆθος,
3029 1791 3120 1839 καὶ
3173 1786 3328 1840 αὐτὸν
3388 1793 3634 1864 σύραντες
3682 1797 3934 1848 άπέκτει-

551 1880 789 1950 ptatum
838 1875 1280 1932 interfecerunt.
1330 1877 1407 1930 De
1460 1890 1532 1931 eo
1571 1873 1784 1930 certior
1827 1872 2018 1928 factus
2070 1872 2217 1928 Con-

557 1967 836 2034 stantius,
869 1964 1456 2038 Constantinopolim
1490 1964 1672 2033 venit,
1712 1968 1769 2020 et
1804 1961 2053 2019 Paulum
2085 1962 2214 2034 qui-

551 2055 689 2112 dem
738 2056 977 2129 expulit,
1013 2055 1227 2111 urbem
1275 2070 1418 2111 vero
1465 2053 1714 2126 punivit,
1745 2051 2028 2108 frumenti
2075 2067 2211 2107 eam

548 2145 715 2218 quod
755 2150 924 2218 pater
952 2143 1303 2218 praestabat,
1335 2142 1744 2216 quadraginta
1781 2156 2210 2198 mensurarum

546 2235 816 2292 millibus
862 2240 918 2293 et
967 2234 1123 2291 ultra
1173 2250 1310 2291 eam
1354 2233 1624 2306 privavit.
1681 2232 1994 2303 Octoginta
2047 2231 2210 2288 enim

545 2323 736 2380 millia
781 2324 948 2397 prius
993 2323 1296 2380 dabantur
1343 2322 1575 2378 civibus
1625 2321 1877 2391 singulis
1915 2321 2092 2377 annis
2135 2335 2209 2376 ex

544 2412 782 2470 tributis
814 2414 1164 2486 Aigyptiaco
1192 2411 1420 2486 populo
1445 2411 1764 2486 impositis.
1793 2410 2208 2467 Macedonium

545 2506 750 2559 autem
781 2519 904 2559 non
931 2502 1131 2560 statim
1158 2502 1325 2559 urbis
1353 2502 1712 2574 episcopum
1738 2499 1908 2567 fecit;
1942 2500 2048 2556 sed
2079 2499 2210 2556 sivit

541 2590 714 2648 illum
743 2592 1040 2649 adversus
1085 2591 1336 2648 Paulum
1367 2591 1430 2646 in
1469 2590 1756 2663 praedicta
1785 2588 2038 2646 ecclesia
2067 2605 2206 2644 con-

544 2681 748 2738 cilium
796 2682 993 2738 facere
1039 2681 1102 2737 in
1145 2697 1267 2755 qua
1297 2685 1353 2738 et
1379 2680 1694 2738 ordinatus
1742 2683 1869 2748 est;
1903 2683 2082 2752 atque
2126 2679 2208 2736 ita

539 2770 671 2843 ipse
701 2771 1078 2830 Antiochiam
1102 2786 1378 2828 reversus
1400 2774 1516 2840 est;
1543 2769 1761 2826 Paulus
1785 2784 1925 2825 vero
1951 2771 2205 2826 Romam

543 2861 875 2919 descendit.

620 3045 706 3100 10.
748 3044 830 3098 Ea
862 3056 1004 3098 vero
1049 3057 1187 3114 quae
1236 3039 1612 3097 Alexandriae
1654 3039 1812 3097 facta
1854 3042 1994 3095 sunt
2035 3038 2204 3095 aliter

2323 1894 2432 1931 ναν.
2489 1877 2787 1948 Πυθόμενος
2845 1870 2905 1927 δὲ
2951 1878 3008 1926 τό
3062 1879 3272 1947 γεγονός
3335 1883 3714 1948 Κωνστάντιος,
3769 1889 3930 1938 κατέ-

2321 1964 2443 2018 λαϐε
2509 1969 2602 2023 την
2666 1965 3210 2018 Κωνσταντινούπολιν
3279 1972 3366 2020 καὶ
3428 1973 3514 2022 τόν
3579 1975 3668 2044 μὲν
3723 1974 3930 2028 Παῦλον

2321 2053 2556 2121 ἐξήλασε,
2607 2058 2701 2113 την
2742 2051 2801 2106 δὲ
2854 2053 3000 2107 πόλιν
3056 2053 3367 2128 ἐξημίωσεν,
3397 2056 3591 2132 ἀφελὼν
3639 2070 3731 2114 τοῦ
3773 2083 3930 2124 σιτη-

2317 2149 2498 2218 ρεσίου
2565 2150 2657 2196 τοῦ
2724 2146 3144 2218 παρασχεθέντος
3202 2146 3302 2198 ὑπό
3363 2155 3455 2200 τοῦ
3512 2154 3706 2226 πατρὸς
3763 2153 3929 2208 αὐτοῦ

2318 2235 2444 2307 ὑπὲρ
2498 2235 2593 2294 τὰς
2638 2237 2904 2308 τέσσαρας
2949 2231 3250 2306 μυριάδας·
3300 2235 3434 2289 ὀκτὼ
3477 2241 3578 2314 γὰρ
3621 2238 3776 2313 ἐγγὺς
3815 2263 3927 2315 μυ..

2316 2321 2500 2398 ριάδες
2564 2321 2917 2396 ἐχορηγοῦντο
2978 2329 3226 2400 πρότερον
3297 2331 3446 2379 σίτου
3512 2336 3622 2392 τοῖς
3689 2330 3929 2395 πολίταις

2317 2412 2542 2465 ἑκάστου
2598 2414 2742 2474 ἔτους
2799 2411 2854 2464 ἐκ
2919 2420 3020 2464 τῶν
3086 2414 3440 2488 κομιζομένων
3504 2415 3593 2470 ἀπ’
3653 2419 3927 2492 Αἰγύπτου

2314 2510 2385 2573 τῷ
2454 2499 2608 2574 δήμῳ
2669 2506 2858 2576 φόρων,
2919 2499 3244 2556 Μακεδόνιον
3300 2500 3360 2557 δὲ
3414 2514 3504 2567 τῆς
3557 2507 3749 2572 πόλεως
3802 2515 3932 2574 τέως

2316 2594 2599 2645 ἐπίσκοπον
2657 2591 2752 2644 οὐκ
2812 2591 3087 2664 ἐποίησεν,
3148 2591 3254 2645 ἀλλ’
3313 2597 3482 2648 εἴασεν
3545 2596 3699 2650 αύτόν
3756 2598 3806 2651 ἐν
3856 2609 3923 2664 τῇ

2314 2680 2558 2754 λεγομένη
2612 2679 2696 2734 ἐπὶ
2756 2681 2957 2734 Παῦλον
3010 2680 3261 2755 ἐκκλησίᾳ
3324 2686 3582 2757 συνάγειν,
3638 2686 3686 2738 ἐν
3830 2695 3928 2744 καὶ

2315 2769 2728 2844 ἐχειροτονήθη·
2790 2775 2880 2823 καὶ
2945 2772 3110 2832 οὕτως
3176 2772 3329 2834 αύτός
3383 2777 3474 2846 μὲν
3533 2773 3794 2841 ἀνέζευξεν
3845 2778 3926 2844 εἰς

2313 2862 2624 2934 Αντιόχειαν
2649 2882 2660 2894 ·
2697 2859 2900 2922 Παῦλος
2934 2857 2994 2913 δὲ
3019 2865 3112 2920 τὴν
3140 2860 3341 2936 Ῥώμην
3370 2864 3660 2921 κατέλαϐεν.

2386 2950 2434 3006 ι’.
2477 2955 2603 3024 Περὶ
2653 2947 2712 3003 δε
2764 2959 2863 3002 τῶν
2906 2951 3021 3003 κατ’
3069 2949 3460 3027 Ἀλεξάνδρειαν
3510 2954 3920 3028 συμϐεϐηκότων

2312 3037 2637 3113 Θεοδώριτος
2695 3042 2784 3112 μὲν
2833 3039 2998 3102 ἄλλως
3047 3043 3261 3114 ἱστορεῖ.
3310 3048 3448 3100 φησί
3491 3046 3593 3117 γὰρ
3637 3048 3768 3118 μετά
3818 3051 3918 3106 τὴν

541 3136 749 3189 narrat
793 3131 1216 3188 Theodoretus.
1267 3131 1413 3186 Dicit
1459 3129 1619 3186 enim
1668 3129 2017 3199 Gregorium
2066 3133 2203 3201 post

2314 3128 2628 3182 Ἀθανασίου
2657 3135 2824 3202 φυγὴν
2855 3128 3217 3188 ἐπισκοπῆσαι
3259 3135 3545 3206 Γρηγόριον
3583 3136 3719 3209 ἄχρι
3743 3144 3833 3198 τῆς
3863 3135 3918 3189 ἐν

541 3221 852 3278 Athanasii
916 3222 1124 3292 fugam
1195 3220 1614 3293 episcopatum
1680 3218 1943 3288 gessisse
2007 3233 2201 3290 usque

542 3310 623 3368 ad
654 3310 912 3366 Sardicae
950 3309 1222 3366 habitam
1265 3307 1591 3381 synodum.
1622 3310 1758 3362 Post
1802 3307 1960 3363 hanc
1999 3313 2200 3364 autem

543 3399 849 3472 synodum
901 3396 1248 3469 Gregorium
1288 3397 1367 3452 ab
1405 3394 1825 3452 Alexandrinis
1857 3394 2201 3467 depositum

544 3504 697 3559 esse,
727 3487 976 3545 rediisse
1023 3493 1166 3543 tunc
1209 3485 1607 3542 Athanasium
1657 3485 1720 3540 in
1763 3485 2074 3557 pr0priam
2117 3501 2204 3541 se-

543 3577 686 3635 dem
710 3594 817 3652 per
839 3575 1179 3633 Constantis
1199 3575 1441 3645 litteras,
1463 3575 1565 3647 qui
1589 3579 1730 3630 tunc
1760 3577 1962 3630 Romae
1993 3590 2202 3644 regna-

540 3667 668 3724 bat.
729 3668 1054 3737 Postquam
1115 3667 1318 3720 aut'em
1370 3666 1666 3720 Constans
1717 3667 1993 3719 mortuus
2048 3663 2201 3734 fuit,

540 3771 786 3814 rursum
829 3753 1056 3825 fugisse
1086 3752 1506 3821 Athanasium,
1541 3757 1599 3809 et
1643 3751 1899 3809 electum
1937 3769 2070 3810 esse
2121 3753 2200 3810 ab

539 3845 776 3903 Arianis
806 3844 1125 3914 Georgium
1157 3843 1602 3917 Cappadocem,
1630 3860 1893 3917 eumque
1920 3849 2202 3901 sexcenta

539 3935 707 3992 mala
747 3933 1057 3991 Athanasii
1099 3933 1437 3991 fautoribus
1488 3933 1905 3991 machinatum
1948 3950 2097 4003 esse,
2137 3934 2200 3990 in

541 4025 936 4098 exsiliumque
991 4023 1230 4080 misisse
1262 4023 1584 4080 nonnullos
1614 4024 1850 4096 Egypti
1878 4024 2200 4096 Lybiaeque

538 4113 880 4184 episcopos,
914 4113 1123 4168 Caium
1171 4112 1506 4180 Paraetonii,
1539 4113 1838 4184 Agathum
1870 4113 2200 4183 Phragonis

538 4206 597 4258 et
639 4202 824 4274 partis
861 4200 1183 4256 Elearchiae
1214 4201 1472 4273 Egypti,
1502 4203 1891 4258 Ammonium
1934 4204 2198 4259 Pachne-

535 4290 740 4348 munis
767 4293 824 4346 et
863 4290 1110 4362 reliquae
1152 4289 1471 4346 Elearchize
1497 4290 1706 4363 partis,
1738 4293 2198 4362 Agathodaamo-

533 4395 678 4437 nem
702 4378 982 4437 Schedeae
1009 4385 1066 4435 et
1085 4379 1391 4452 Menelaiti,
1420 4381 1804 4438 Dracontium
1825 4383 2198 4456 Hermopolis

2311 3215 2542 3291 Σαρδικῇ
2575 3215 2826 3285 συνόδου,
2848 3219 2980 3290 μετά
3009 3213 3068 3270 δὲ
3097 3221 3190 3276 τὴν
3224 3215 3442 3271 σύνοδον
3468 3224 3685 3294 ταύτην,
3711 3227 3796 3277 τὸν
3820 3227 3917 3298 μὲν

2312 3313 2598 3383 Γρηγόριον
2643 3306 2978 3382 ὼαιρέθῆναι
3025 3309 3169 3382 παρά
3209 3315 3306 3360 τῶν
3357 3308 3751 3385 Ἀλεξανδρέων,
3793 3311 3920 3366 ἐπα-

2310 3397 2500 3450 νελθεῖν
2533 3393 2590 3449 δὲ
2620 3395 2773 3448 πάλιν
2812 3399 2898 3448 τὸν
2926 3395 3236 3450 Ἀθανάσιον
3267 3397 3334 3460 εἰς
3363 3401 3451 3451 τόν
3499 3399 3684 3455 οἰκεῖον
3736 3404 3918 3476 θρόνον

2313 3487 2728 3562 διαγραμμάτων
2779 3491 3113 3548 Κώνσταντος
3158 3494 3250 3540 τοῦ
3301 3486 3348 3540 ἐν
3377 3487 3545 3564 Ῥώμη
3599 3490 3920 3564 βασιλεύον-

2311 3597 2419 3638 τος.
2482 3577 2621 3629 Ἐπεί
2689 3572 2747 3628 δὲ
2815 3581 3060 3637 Κώνστας
3121 3575 3466 3649 ἐτελεύτησεν,
3524 3577 3675 3644 αὖθις
3735 3588 3918 3654 φυγεῖν

2313 3668 2643 3740 Ἀθανάσοιν,
2705 3672 2794 3720 καὶ
2855 3666 3248 3743 προϐεϐλῆσθαι
3306 3673 3447 3743 παρά
3501 3679 3599 3724 τῶν
3639 3672 3918 3747 Ἀρειανῶυ

2312 3763 2566 3831 Γεὼργιον
2628 3759 2714 3810 τόν
2784 3753 3181 3830 Καππαδόκην,
3248 3763 3415 3834 μυρία
3477 3762 3616 3813 κακά
3677 3767 3785 3823 τοῖς
3846 3764 3920 3815 τὰ

2312 3848 2629 3900 Ἀθανασίου
2696 3854 2972 3920 φρονοῦσιν
3037 3843 3393 3920 ἐνδείξασθαι,
3459 3854 3550 3902 καί
3613 3869 3756 3914 τινας
3811 3858 3918 3903 τῶν

2311 3936 2399 3990 ἀπ’
2445 3937 2714 4009 Αἰγύπτου
2759 3941 2849 3990 καὶ
2894 3935 3092 3999 Λιϐύης
3135 3936 3429 3992 ἐπισκόπων
3472 3937 3724 4012 ἐξορίσαι,
3759 3943 3918 3994 Γάϊον

2311 4031 2680 4102 Παραιτονίου,
2714 4025 2943 4098 ”Αγαθον
2985 4033 3296 4100 Φραγώνεως
3337 4028 3428 4080 καί
3463 4033 3653 4101 μέρους
3698 4030 3917 4107 Ἐλεαρ-

2308 4121 2434 4188 χίας
2488 4124 2578 4176 τῆς
2631 4115 2940 4188 Αἰγύπτου,
2993 4115 3284 4187 Ἀμμώνιον
3351 4120 3759 4188 Παχνεμούνεως
3821 4126 3920 4176 καὶ

2307 4213 2400 4257 τοῦ
2458 4205 2641 4258 λοιποῦ
2697 4209 2883 4279 μέρους
2947 4211 3038 4264 τῆς
3102 4202 3432 4278 Ἐλεαρχίας,
3487 4204 3922 4282 Ἀγαθοδαίμονα

2308 4291 2540 4368 Σχεδέας
2594 4299 2684 4347 καὶ
2750 4291 3098 4365 Μενελαίτου,
3156 4298 3464 4368 Δρακόντιον
3525 4295 3918 4371 Ἐρμουπόλεως

2307 4392 2523 4459 μικρᾶς,
2592 4381 2863 4456 Ἀδελφιον
2931 4382 3242 4456 Ὀνούφεως,
3325 4389 3648 4458 Παφνούτιον
3712 4390 3914 4458 Σάεως,

533 4470 804 4539 minoris,
835 4468 1198 4541 Adelphium
1245 4469 1538 4542 Onuphis,
1587 4471 1992 4543 Paphnutium
2049 4473 2194 4540 Sais,

2314 4476 2373 4526 ὧν
2423 4480 2512 4527 καὶ
2559 4475 2584 4526 ό
2633 4478 2792 4546 μέγας
2832 4474 3144 4535 Ἀθανάσιος
3195 4472 3244 4526 ἐν
3297 4481 3358 4547 τῇ
3417 4475 3543 4549 ὑπὲρ
3589 4484 3683 4539 τῆς
3741 4486 3920 4550 φυγῆς

533 4563 708 4630 cujus
729 4559 1004 4616 meminit
1027 4575 1286 4628 magnus
1308 4559 1669 4616 Athanasius
1689 4560 1751 4616 in
1773 4578 1884 4618 sua
1905 4561 1980 4619 de
2000 4561 2195 4636 ipsius

528 4647 678 4718 fuga
720 4648 1052 4721 Apologia;
1101 4654 1158 4704 et
1205 4653 1422 4721 praeter
1468 4649 1599 4705 illos
1651 4651 1908 4708 alterum
1955 4656 2197 4708 Ammo-

527 4737 724 4808 nium,
747 4737 988 4807 Moium,
1016 4737 1350 4802 Philonem,
1374 4740 1672 4806 Hermem,
1692 4739 1966 4807 Plinium,
1991 4745 2196 4798 Psene-

529 4827 717 4900 sirim,
759 4826 1168 4900 Agamphum,
1219 4829 1502 4895 Marcum,
1546 4828 2010 4897 Nilammonem,
2052 4835 2196 4891 Mar-

525 4933 667 4974 cum
700 4916 979 4984 alterum,
1003 4917 1478 4988 Athenodorum,
1500 4921 1555 4973 et
1582 4918 1968 4991 presbyteros
1999 4922 2192 4982 Hiera-

524 5022 654 5062 cem
688 5011 745 5063 et
768 5007 1140 5063 Dioscorum.
1169 5009 1358 5078 Atque
1385 5006 1464 5062 ita
1489 5007 1738 5078 quidem
1759 5009 2188 5072 Theodoretus.

526 5098 801 5153 Socrates
826 5102 1030 5152 autem
1058 5101 1114 5152 et
1141 5098 1511 5152 Sozomenus
1537 5104 1787 5154 narrant
1806 5099 2056 5158 Arianos
2077 5109 2191 5161 sta-

521 5183 629 5239 tim
659 5189 798 5256 post
837 5183 998 5240 Pauli
1043 5183 1461 5256 expulsionem
1493 5187 1550 5240 et
1577 5185 1838 5244 reditum
1869 5189 2190 5263 imperato-

520 5272 602 5328 ris
645 5272 1040 5344 Antiochiam,
1094 5272 1448 5346 deposuisse
1499 5276 1849 5344 Gregorium
1894 5283 2187 5353 tanquam

517 5361 938 5418 Alexandrinis
982 5377 1104 5418 non
1147 5367 1384 5432 gratum
1417 5366 1472 5420 et
1501 5363 1907 5434 negligentem
1957 5372 2188 5444 proprii

517 5449 824 5519 dogmatis
873 5450 1468 5522 propugnationem;
1503 5453 1676 5523 cujus
1723 5454 1784 5510 in
1832 5455 2037 5514 locum
2084 5463 2187 5518 Ge-

517 5538 762 5610 orgium
821 5540 1038 5595 misere
1106 5539 1211 5612 qui
1267 5555 1339 5596 ex
1405 5541 1792 5613 Cappadocia
1844 5547 2181 5621 oriundus,

516 5628 630 5689 sibi
661 5627 892 5688 famam
926 5628 990 5687 in
1019 5629 1242 5690 Ariana
1288 5629 1712 5704 superstitione
1753 5635 2175 5710 acquisiverat.

2307 4565 2467 4617 αύτοῦ
2530 4563 2786 4636 ἀπολογίᾳ
2849 4567 3145 4636 μέμνηταν
3200 4567 3292 4616 καὶ
3346 4567 3479 4638 πρὸς
3537 4567 3740 4629 τούτοις
3787 4566 3921 4639 Ἀμ-

2305 4660 2494 4726 μωνιον
2560 4654 2748 4728 ἕτερον,
2817 4658 3012 4725 Μώῐον,
3084 4652 3303 4723 Φίλωνα,
3379 4653 3590 4730 Ἑρμῆν,
3662 4653 3915 4726 Πληνιον,

2304 4746 2594 4817 Ψενέσιριν,
2661 4742 2957 4816 "Ar/unguor,
3024 4744 3260 4817 Μάρκον,
3321 4742 3690 4817 Νειλάμμωνα,
3752 4746 3917 4818 Μάρ-

2304 4854 2391 4887 κον
2449 4836 2636 4909 ἓτερον,
2694 4829 3076 4907 Ἀθηνόδωρον,
3128 4837 3218 4886 καὶ
3278 4832 3659 4910 πρεσϐυτέρους
3708 4833 3922 4908 Ἱέρακος

2301 4929 2391 4977 καὶ
2439 4928 2741 4998 Διόσκορον.
2784 4923 2960 4985 Ούτως
3008 4925 3098 4995 μὲν
3148 4918 3236 4974 οὖν
3285 4919 3653 4998 Θεοδώριτοςο
3701 4925 3918 4999 Σωκρά-

2301 5034 2396 5076 της
2450 5010 2508 5067 δὲ
2573 5017 2663 5066 καὶ
2728 5013 3019 5086 Σωζόμενός
3081 5030 3238 5084 φασιν
3295 5012 3375 5064 ὅτι
3439 5012 3594 5074 εύθύς
3657 5015 3790 5086 μετὰ
3848 5017 3918 5068 τὸ

2301 5102 2615 5162 ἐκϐληθῆναι
2672 5101 2894 5173 Παῦλον,
2945 5104 3036 5153 καὶ
3084 5098 3364 5163 ἀναζεῦξαι
3423 5103 3782 5156 Κωνστάντιον
3838 5101 3920 5166 εἰς

2301 5194 2628 5267 Ἀντιόχειαν
2661 5236 2678 5261 ,
2745 5193 2795 5244 οἰ
2854 5189 3230 5265 ἀρειανίζοντες
3305 5194 3633 5263 μετέστησαν
3700 5190 3756 5244 ἐκ
3817 5198 3922 5256 τῆς

2299 5280 2692 5358 Ἀλεξανδρειας
2755 5285 3080 5355 Γρηγόρῖον,
3158 5281 3228 5340 ὡς
3310 5283 3426 5333 οῦτε
3508 5278 3923 5353 ’Δλεξανδρεῦσι

2296 5376 2642 5446 καταθύμιον,
2677 5376 2768 5424 καὶ
2801 5372 2873 5432 ὡς
2920 5368 3080 5442 ἀμελῆ
3115 5371 3246 5444 πρὸς
3280 5372 3541 5424 σύστασιν
3578 5377 3672 5423 τοῦ
3715 5368 3919 5424 οἰκείου

2300 5461 2600 5538 δόγματοςι
2658 5461 2772 5514 ἀντὶ
2842 5457 2901 5513 δε
2964 5461 3176 5530 τούτου,
3231 5466 3486 5536 Γεὼργιον
3546 5459 3803 5534 ἔπεμψαν,
3859 5461 3922 5526 ὃς

2298 5553 2351 5608 ἐκ
2419 5550 2800 5614 Καππαδοκίας
2862 5553 2952 5624 μὲν
3017 5553 3246 5625 ὡρμᾶτο,
3302 5549 3461 5618 δόξαν
3524 5546 3585 5606 δὲ
3646 5553 3763 5629 περὶ
3813 5554 3919 5614 τὴν

2296 5642 2540 5722 ἀρειανὴν
2575 5645 2856 5722 θρησκείαν
2887 5640 3154 5702 ἐκέκτητο,
