4136 6390
526 253 597 313 {9
1881 243 2161 307 NICET1E
2203 243 2539 308 GHONITJE
3832 257 3906 316 20

527 379 636 456 qui
665 378 949 438 dicebant
970 377 1178 437 Filium
1224 378 1327 437 Dei
1363 394 1497 437 esse
1528 379 1604 437 de
1643 377 1855 446 nihilo,
1896 392 1968 434 ac
2007 374 2185 431 fuisse

2299 394 2492 446 γοντας
2541 377 2631 430 τόν
2686 378 2804 431 Υίόν
2842 384 2937 432 τοῦ
2975 380 3124 446 Θεοῦ,
3157 379 3246 430 καὶ
3279 378 3361 431 ὅτι
3409 378 3472 437 ἦν
3516 380 3600 435 ὅτε
3624 379 3719 435 ούκ
3774 379 3836 442 ἧν
3888 403 3902 418 ·

529 477 772 545 tempus
792 469 1043 544 quando
1068 486 1190 527 non
1209 475 1369 541 erat;
1394 474 1686 545 praeterea
1711 474 1769 528 et
1791 467 2189 534 Sabellianos,

532 578 690 635 quos
748 561 1070 618 nominant
1126 561 1380 617 Romani
1440 560 1945 635 Patropassimos,
1984 559 2193 630 utpote

532 655 769 709 Patrem
796 667 931 707 cum
966 650 1109 707 Filio
1137 655 1195 707 et
1232 650 1454 723 Spiritu
1485 656 1695 707 sancto
1730 646 2189 715 confundentes,

533 745 592 800 et
618 757 783 798 nunc
803 740 1053 814 quidem
1082 756 1223 796 eum
1252 743 1502 814 Patrem,
1546 756 1711 798 nunc
1745 739 1979 811 Filium,
2029 751 2193 793 nunc

537 831 821 904 Spiritum
855 834 1135 887 sanctum
1165 829 1565 902 appellantes.
1598 829 1939 887 Promiscue
1958 825 2121 884 enim
2136 829 2193 882 et

533 920 856 977 indiscrete
895 922 1170 976 Romana
1221 919 1432 991 lingua
1479 920 1697 977 dicitur
1738 918 1987 992 passim.
2045 920 2192 975 Cum

536 1013 742 1068 autem
787 1010 947 1066 hanc
1009 1008 1197 1064 ﬁdem
1261 1025 1385 1065 non
1464 1009 1835 1083 recepissent
1911 1007 2195 1065 Occiden-

534 1097 707 1171 tales,
734 1099 840 1156 sed
872 1098 1138 1156 dicerent
1165 1098 1279 1154 sibi
1310 1097 1585 1157 sufﬁcere
1616 1099 1857 1156 Niraena
1881 1099 2192 1168 dogmata,

538 1190 777 1262 scripsit
796 1187 875 1245 ad
911 1188 1159 1245 fratrem
1191 1190 1486 1247 Constans
1517 1189 1630 1246 sibi
1653 1190 1885 1261 justum
1914 1187 2099 1245 videri
2132 1190 2196 1243 ut

535 1278 848 1338 Athanasii
889 1277 1228 1336 fautoribus
1276 1279 1564 1352 propriae‘
1590 1278 1764 1337 sedes
1810 1277 2195 1337 restitueren-

536 1373 659 1430 tur.

612 1461 701 1516 13.
771 1457 1070 1525 Quoniam
1123 1461 1328 1515 autem
1384 1457 1535 1515 nihil
1585 1457 1918 1531 perfectum
1974 1457 2190 1528 fuerat,

536 1549 778 1606 duobus
810 1547 1281 1620 imperatoribus
1298 1547 1526 1621 placuit
1541 1548 1864 1605 concilium
1879 1547 2190 1606 Sardicam

535 1638 956 1697 convocari.Et
985 1642 1400 1696 convenerunt
1438 1655 1513 1695 ex
1551 1638 1922 1696 Theodoreto
1947 1637 2192 1694 ducenti

2298 468 2428 539 πρὸς
2461 463 2635 520 δὲκαὶ
2673 471 2797 530 τοὺς
2839 466 3228 536 Σαϐελλιανούς,
3277 466 3363 530 οὓς
3408 467 3730 543 ὀνομάζουσι
3774 471 3906 527 Ῥω-

2299 561 2449 628 μαῖοι
2493 561 2990 631 πατροπασσίμους,
3052 560 3120 621 ὡς
3177 560 3266 610 τὸν
3317 562 3524 631 Πατέρα
3575 565 3908 634 συγχέοντας

2301 644 2369 706 εἰς
2406 648 2526 699 Υἱόν
2565 652 2655 701 καὶ
2696 650 2756 700 τὸ
2794 654 3022 721 Πνεῦμα,
3056 651 3146 702 καὶ
3188 650 3310 702 ποτε
3350 652 3441 721 μέν
3486 648 3641 702 αὐτόν
3672 655 3901 728 Πατέρα,

2301 738 2424 789 ποτε
2471 732 2531 789 δὲ
2555 738 2696 805 Υἰόν,
2737 740 2862 791 ποτε
2894 734 2954 792 δὲ
3011 744 3222 810 Πνεῦμα
3277 737 3666 812 ὀνομαζονταςδ
3708 744 3768 794 τὸ
3797 743 3902 816 γὰρ

2299 822 2481 898 χύδην
2530 831 2620 880 καὶ
2674 824 2999 903 ἁδιακρίτως
3046 829 3317 901 πάσσιμον
3369 830 3399 888 ἡ
3446 835 3707 903 Ῥωμαῖκὴ
3764 829 3903 904 λέγει

2303 920 2463 987 φωνή.
2523 919 2729 976 Ταύτην
2787 914 2847 970 δὲ
2913 922 3008 976 τὴν
3064 922 3247 971 πίστιν
3312 921 3385 991 μή
3465 916 3902 994 παραδεξαμένων

2302 1011 2401 1057 τῶν
2458 1012 2707 1072 Δυτικῶν,
2755 1005 2861 1059 ἀλλ’
2908 1005 3154 1060 εέπόντων
3203 1005 3480 1082 ἀρκεῖσθαι
3534 1016 3644 1072 τοῖς
3702 1012 3751 1062 ἓν
3804 1017 3905 1065 Νι-

2302 1099 2431 1167 καίᾳ
2478 1092 2717 1163 δόξασιν,
2770 1096 2965 1171 ἔγραψε
3014 1097 3143 1172 πρός
3189 1100 3276 1150 τόν
3325 1095 3545 1172 ἀδελφὸν
3594 1101 3620 1152 ό
3660 1105 3906 1162 Κώνστας

2303 1182 2458 1248 ἀξιῶν
2505 1183 2833 1248 ἀποδοθῆναι
2869 1194 2975 1249 τοῖς
3021 1191 3141 1262 περὶ
3170 1187 3484 1242 Ἀθανάσιον
3521 1192 3645 1253 τοὺς
3680 1189 3909 1254 οἰκείους

2305 1276 2533 1351 θρόνους.

2375 1454 2466 1526 ιγ’.
2494 1453 2579 1516 Ὠς
2622 1452 2682 1508 δὲ
2728 1452 2881 1509 οὐδὲν
2933 1455 3115 1515 ἥνύετο
3154 1454 3325 1526 πλέον,
3380 1453 3529 1522 ἔδοξε
3584 1460 3763 1532 γνὼμῃ
3800 1466 3908 1513 τῶν

2302 1540 2400 1597 δύο
2459 1543 2717 1618 βασιλέων
2758 1545 3107 1619 ἀθροισθῆναι
3164 1543 3388 1600 σύνοδον
3437 1549 3486 1601 ἓν
3544 1545 3777 1623 Σαρδικῆ
3835 1558 3903 1624 τῇ

2299 1633 2482 1687 πόλει·
2524 1641 2615 1687 καὶ
2663 1636 3027 1710 ἠθροίσθησαν
3075 1639 3213 1689 κατὰ
3267 1639 3358 1711 μὲν
3408 1634 3749 1714 Θεοδώρητον
3786 1658 3907 1692 πεν-

534 1734 593 1787 et
643 1727 1089 1803 quinquaginta
1136 1728 1437 1802 episcopi;
1483 1744 1559 1785 ex
1603 1731 1844 1787 Socrate
1892 1733 2097 1785 autem
2136 1731 2185 1785 et

2300 1728 2526 1783 τήκοντα
2549 1729 2639 1778 καὶ
2683 1721 2954 1779 διακόσιοι
2995 1726 3296 1795 ἐπίσκοποι,
3328 1730 3464 1781 κατὰ
3521 1725 3581 1781 δὲ
3623 1729 3905 1803 Σωκράτην

536 1820 890 1887 Sozomeno,
946 1832 1017 1873 ex
1074 1816 1550 1873 occidentalibus
1601 1816 1875 1890 partibus
1915 1816 2037 1874 fere
2074 1821 2190 1873 tre-

534 1907 710 1977 centi,
753 1923 825 1963 ex
855 1904 1250 1962 orientalibus
1280 1910 1484 1962 autem
1517 1922 1623 1963 sex
1665 1910 1723 1963 et
1759 1905 2146 1981 septuaginta
2173 1924 2188 1977 ;

532 2012 799 2070 quorum
853 1996 916 2052 in
948 2010 1205 2052 numero
1234 1999 1407 2053 erant
1443 1994 1725 2064 Sabinus,
1782 1995 2077 2052 Heracleae
2128 1996 2190 2053 in

531 2085 781 2144 Thracia
827 2084 1401 2143 Macedonianorum
1440 2085 1786 2159 episcopus,
1824 2090 1882 2142 et
1917 2085 2191 2158 Ischyras

530 2176 943 2250 quiMareotiae
956 2175 1378 2249 episcopatum
1405 2175 1483 2233 ab
1504 2176 1817 2233 Athanasii
1832 2176 2190 2233 adversariis

532 2264 1285 2339 acceperat.0ccidentales
1301 2265 1549 2339 quidem
1566 2266 1875 2323 Sardicam
1897 2281 2190 2322 convene-

529 2359 691 2426 runt,
716 2354 1036 2413 orientales
1068 2370 1234 2422 vero,
1268 2370 1409 2411 cum
1465 2354 1929 2428 Philippopolim
1984 2370 2191 2428 perve-

529 2447 783 2513 nissent,
812 2444 884 2501 iis
912 2450 1125 2502 notum
1172 2444 1442 2503 fecerunt
1490 2461 1552 2502 se
1581 2461 1722 2502 cum
1773 2445 1846 2502 iis
1888 2461 2013 2502 non
2038 2444 2189 2502 velle

532 2534 825 2609 colloqui,
854 2534 970 2591 nisi
1000 2551 1036 2591 a
1067 2534 1340 2592 sessione
1377 2539 1436 2591 et
1477 2534 1910 2592 communione
1949 2535 2188 2608 expule-

490 2680 496 2685 .
524 2623 647 2681 rint
673 2622 985 2680 Athanasii
1009 2622 1277 2680 fautores
1306 2628 1373 2680 ut
1397 2623 1726 2697 depositas.
1750 2623 1866 2681 lllis
1891 2628 2093 2680 autem
2124 2623 2188 2679 id

524 2730 653 2772 non
681 2713 1038 2785 ferentibus,
1071 2712 1111 2769 ii
1137 2712 1459 2770 concilium
1488 2713 1759 2771 habuere
1788 2714 1849 2770 in
1874 2714 2009 2788 ipsa
2036 2713 2186 2771 urbe

524 2802 952 2877 Philippopoli,
1004 2806 1062 2861 et
1105 2802 1537 2877 deposuerunt,
1568 2818 1680 2877 pro
1722 2803 1912 2870 libito,
1960 2804 2186 2861 Julium

522 2895 887 2960 Romanum,
912 2908 984 2950 eo
1004 2893 1174 2967 quod
1197 2893 1430 2966 primus
1461 2909 1602 2950 cum
1620 2893 1947 2951 Athanasio
1979 2897 2035 2951 et
2054 2894 2186 2966 ejus

521 2982 862 3040 fautoribus
891 2982 1423 3054 communicasset,
1454 2982 1702 3039 Hosium
1729 2982 2183 3040 Cordubensem

2298 1818 2388 1867 καὶ
2444 1814 2737 1887 Σωζόμενον
2789 1813 2845 1867 ἐκ
3053 1823 3152 1869 τῶν
3220 1815 3469 1891 ἐσπερίων
3541 1826 3707 1892 μερῶν
3780 1822 3906 1892 περὶ

2297 1907 2419 1966 τοὺς
2468 1908 2824 1979 τριακοσίους,
2860 1903 2915 1956 ἐκ
2979 1900 3038 1958 δὲ
3094 1913 3194 1957 τῶν
3239 1905 3373 1976 ἑῴων
3422 1905 3476 1970 ἔξ
3529 1909 3616 1959 καὶ
3672 1903 3905 1980 ἐϐδομή-

2297 2009 2487 2046 κοντα⁶
2537 1991 2615 2057 οἷς
2662 1996 3030 2068 συνηριθμεῖτο
3067 2000 3159 2048 και
3192 1994 3404 2058 Σαϐῖνος
3433 1996 3459 2048 ὁ
3497 2004 3596 2049 τῶν
3644 1996 3695 2049 ἐν
3735 1995 3903 2073 Ἠρα-

2297 2082 2444 2157 κλείᾳ
2502 2090 2599 2146 τῆς
2673 2086 2889 2158 Θράκης
2953 2081 3353 2139 Μακεδονιανῶν
3432 2084 3733 2156 ἐπίσκοπος,
3808 2093 3906 2142 καὶ

2300 2173 2556 2247 Ἰσχύρας
2610 2173 2906 2250 ἐπιτραπεὶς
2963 2179 3058 2234 τήν
3114 2182 3206 2227 τοῦ
3259 2181 3545 2249 Μαρεώτου
3607 2174 3904 2237 ἐπισκοπὴν

2298 2264 2443 2339 παρὰ
2488 2271 2586 2316 τῶν
2660 2261 3092 2337 ἀπεχθανομένων
3157 2272 3231 2335 τῷ
3300 2266 3617 2339 Ἀθανασίῳ.
3690 2271 3793 2320 Καὶ
3850 2269 3906 2321 οἱ

2298 2356 2388 2426 μεν
2418 2356 2629 2406 Δυτικοὶ
2666 2354 2782 2406 κατ’
2828 2353 2990 2412 αὐτὴν
3048 2358 3141 2413 τήν
3186 2350 3450 2430 Σαρδίκήν
3500 2353 3790 2414 συνῆλθον·
3849 2358 3907 2409 οἱ

2300 2439 2359 2495 δὲ
2430 2442 2771 2515 Ἀνατολικοὶ,
2838 2442 3218 2507 καταλαϐόντες
3291 2448 3386 2503 τήν
3464 2443 3901 2517 Φιλιππούπολιν,

2297 2528 2570 2591 ἐδήλωσαν
2633 2532 2815 2596 αὐτοῖς
2866 2536 2935 2597 ὡς
2992 2533 3087 2586 ούκ
3151 2533 3312 2596 ἄλλως
3369 2533 3442 2596 εἰς
3498 2533 3683 2607 λόγους
3739 2533 3903 2589 ἐλθεῖν

2297 2621 2476 2685 αὐτοῖς
2527 2621 2809 2689 ἔθελουσιν,
2875 2622 2919 2675 εἰ
2966 2627 3038 2697 μὴ
3088 2626 3203 2685 τοὺς
3261 2627 3380 2698 περὶ
3411 2623 3724 2678 Ἀθανάσιον
3780 2622 3909 2678 ἀπε-

2294 2711 2521 2765 λάσουσι
2567 2719 2660 2765 τοῦ
2706 2708 2982 2788 συνεδρίου
3024 2716 3115 2765 καὶ
3174 2722 3269 2775 τῆς
3315 2718 3580 2776 κοινωνίας
3617 2715 3688 2786 ᾡς
3736 2716 3905 2775 καθη-

2294 2806 2568 2875 ρημένονς.
2617 2809 2729 2856 Τῶν
2761 2799 2821 2855 δὲ
2850 2807 2922 2876 μή
2976 2801 3322 2876 ἀνεχομένων,
3365 2805 3549 2858 ἐκεῖνοι
3598 2801 3902 2878 συνήδρευ-

2298 2910 2392 2944 σαν
2424 2890 2664 2953 ἆλλήλοις
2711 2890 2759 2944 ἐν
2788 2891 2920 2966 αύτῃ
2980 2901 3043 2965 τῇ
3094 2892 3521 2961 Φιλιππουπόλει,
3581 2898 3671 2947 καὶ
3724 2896 3902 2948 καθεῖ-

2292 2979 2399 3050 λον,
2472 2983 2537 3042 ὡς
2615 2979 2882 3055 ἐνόμισαν,
2961 2981 3174 3037 Ἰούλιον
3230 2984 3320 3056 μὶν
3385 2991 3483 3046 τῆς
3538 2983 3757 3057 Ῥώμης,
3826 2986 3898 3048 ὡς

522 3077 770 3148 propter
799 3072 1083 3130 eamdem
1108 3088 1388 3142 causam,
1419 3076 1479 3130 et
1521 3074 1666 3147 quia
1712 3073 1946 3131 amicus
1990 3073 2185 3131 fuerat

2294 3069 2525 3144 ἄρξαντα
2567 3078 2663 3133 τῆς
2713 3073 2843 3145 πρὸς
2895 3070 3208 3125 Ἀθανάσιον
3255 3076 3347 3124 καὶ
3391 3076 3515 3134 τοὺς
3566 3070 3692 3145 ἀμφ’
3742 3071 3898 3126 αὐτόν

525 3162 760 3221 Paulini
800 3166 857 3219 et
880 3161 1174 3219 Eustathii
1205 3162 1310 3235 qui
1337 3162 1716 3220 Antiochiam
1739 3168 2037 3233 rexerant,
2071 3166 2186 3221 Ma-

521 3251 824 3310 ximinum
866 3251 1298 3325 Trevirensem,
1355 3255 1564 3325 utpote
1611 3253 1717 3325 qui
1764 3252 2000 3326 primus
2043 3269 2184 3310 cum

524 3340 709 3399 Paulo
757 3340 1285 3409 communicasset,
1337 3343 1730 3412 Protogenem
1789 3342 2048 3400 Sardicae
2113 3357 2185 3399 eo

524 3429 694 3504 quod
724 3428 1066 3488 Marcellum
1096 3428 1445 3486 defenderet
1481 3445 1667 3504 quem
1696 3430 1864 3505 prius
1895 3432 2186 3488 condem-

524 3522 797 3587 naverat,
830 3518 1234 3576 Gaudentium
1269 3522 1337 3577 ut
1364 3518 1534 3577 aliter
1562 3524 1843 3593 agentem
1889 3536 1959 3578 ac
1990 3520 2185 3594 Cyria-

451 3633 454 3638 -
526 3625 635 3666 cus
664 3608 763 3666 cui
788 3612 1182 3680 successerat,
1214 3612 1273 3667 et
1317 3611 1383 3666 ut
1424 3609 1667 3683 plurimi
1715 3609 2034 3668 facientem
2081 3626 2187 3668 eos

528 3714 686 3772 quos
712 3698 1138 3774 deposuerant.

600 3969 690 4026 14.
717 3967 878 4027 Hosii
894 3970 1099 4027 autem
1115 3966 1384 4027 fautores
1401 3970 1732 4043 postquam
1754 3973 2186 4039 convenerant,

526 4058 879 4117 innocentes
904 4056 1370 4117 declaraverunt
1413 4058 1807 4116 Athanasium
1844 4059 2092 4133 quidem
2123 4061 2188 4117 ut

526 4147 748 4219 injuste
780 4148 860 4204 ab
889 4148 961 4203 iis
989 4149 1095 4221 qui
1114 4150 1336 4220 Tyrum
1361 4148 1671 4219 congressi
1695 4153 2181 4220 erantvexatum,

529 4237 875 4295 Marcellum
897 4253 1042 4294 vero
1072 4240 1138 4294 ut
1166 4238 1416 4295 minime
1437 4243 1802 4297 annuentem
1829 4256 1893 4296 se
1922 4241 2185 4311 cogitare

528 4345 667 4401 quas
679 4327 835 4385 falso
849 4327 1605 4399 arguebanturManifesta:
1622 4330 1782 4387 enim
1794 4331 2187 4404 erant,inquit

2292 3164 2579 3233 κοινωνίας,
2611 3158 2796 3214 ’Ὀσιον
2840 3156 2901 3214 δὲ
2947 3164 3035 3214 τὸν
3094 3157 3401 3235 Κορδούϐης
3449 3158 3543 3215 διά
3588 3181 3641 3215 τε
3678 3167 3765 3222 τήν
3804 3163 3898 3216 αύ-

2292 3253 2387 3308 τήν
2420 3249 2612 3319 αἰτίαν,
2654 3254 2744 3304 καὶ
2797 3252 2877 3304 ὅτι
2926 3248 3070 3323 φίλος
3125 3249 3321 3323 ἐγένετο
3366 3250 3604 3324 Παυλίνῳ
3652 3257 3742 3305 καὶ
3790 3251 3898 3304 E15-

2296 3343 2495 3413 σταθίῳ
2547 3349 2657 3405 τοῖς
2714 3343 3070 3416 ἡγησαμένοις
3115 3350 3211 3405 τῆς
3262 3341 3614 3416 Ἀντιοχείας,
3668 3342 3901 3416 Μαξιμῖ-

2293 3450 2376 3483 νον
2436 3427 2496 3485 δὲ
2542 3430 2824 3507 Τριϐἐρεως
2883 3435 2949 3494 ὡς
2995 3440 3199 3509 πρῶτον
3247 3431 3435 3505 Παύλῳ
3482 3437 3897 3503 κοινωνήσαντα,

2295 3525 2632 3595 Πρωτογένην
2709 3518 2769 3575 δὲ
2833 3529 2931 3585 τῆς
3002 3518 3271 3598 Σαρδικῆς
3340 3524 3410 3585 ὡς
3485 3521 3902 3599 ὑπερμαχοῦντα

2292 3610 2595 3685 Μαρκέλλου
2649 3618 2742 3665 τοῦ
2808 3615 3057 3686 πρότερον
3123 3611 3209 3666 ύπ²
3256 3613 3418 3666 αὐτοῦ
3462 3611 3897 3685 καταψηφισθέν-

2293 3721 2399 3773 τος,
2462 3698 2770 3756 Γαυδέντιον
2820 3699 2880 3755 δὲ
2934 3705 3006 3766 ὡς
3057 3704 3336 3757 ὑπεναντία
3379 3700 3751 3764 σπουδάζοντα
3794 3709 3896 3755 Κυ-

2291 3800 2461 3866 ριακῷ
2512 3793 2567 3846 ὃν
2620 3789 2910 3862 διεδέξατο,
2960 3799 3052 3848 καὶ
3106 3798 3227 3858 τοὺς
3273 3794 3398 3872 παρ’
3447 3792 3616 3846 αὐτῶν
3658 3793 3898 3866 καθῃρη-

2293 3885 2475 3954 μένους
2500 3885 2620 3956 περὶ
2648 3882 2836 3936 πολλοῦ
2864 3886 3189 3958 ποιούμενον.

2369 3969 2463 4029 ιδ’.
2493 3975 2558 4026 Οἱ
2590 3969 2652 4027 δέ
2674 3993 2734 4046 γε
2772 3972 2906 4048 ἀμφὶ
2946 3978 3034 4028 τὸν
3069 3974 3275 4044 Ὂσιον,
3323 3973 3664 4045 συνελθόντες,
3696 3972 3899 4034 ἆθὼους

2294 4061 2558 4136 ἀπέφηναν
2626 4064 2933 4118 Ἀθανάσιον
3007 4067 3097 4137 μὲν
3169 4067 3238 4127 ὡς
3311 4059 3512 4124 ἀδίκως
3594 4061 3893 4116 ἐπιϐουλευ-

2297 4153 2447 4206 θέντα
2502 4156 2648 4227 παρδι
2702 4161 2803 4207 τῶν
2861 4154 2910 4206 ἐν
2963 4154 3119 4226 Τύρῴ
3178 4150 3542 4219 συνελθόντων,
3597 4152 3895 4227 Μάρκελλον

2295 4238 2354 4295 δε
2417 4239 2504 4295 οἷα
2557 4247 2629 4315 μή
2699 4243 2833 4295 οὕτω
2885 4241 3101 4315 λέγοντα
3150 4249 3348 4318 φρονεῖν
3415 4243 3483 4304 ὡς
3533 4238 3830 4295 διεϐάλλετο
3875 4257 3891 4274 ⁶

2293 4330 2532 4406 ἐφωράθη
2573 4334 2698 4407 γὰρ,
2758 4335 2918 4405 φησὶν
2961 4333 2986 4384 ὁ
3049 4328 3416 4405 Θεοδώρητος,
3481 4339 3576 4384 τῶν
3631 4337 3750 4405 περὶ
3807 4334 3894 4385 τὸν

526 4417 958 4485 Theodoretus,
1014 4416 1191 4475 malae
1249 4417 1726 4477 Eusebianorum
1792 4425 1973 4478 artes.
2038 4423 2181 4488 Quae

2294 4420 2595 4481 Εὐσέϐιονὴ
2657 4426 2978 4495 κακοτεχνία
3009 4438 3022 4452 ·
3074 4421 3151 4475 ὃτι
3210 4420 3246 4474 ἃ
3297 4422 3468 4483 ζητῶν
3515 4425 3540 4474 ὁ
3597 4420 3896 4496 Μάρκελλος

528 4508 715 4564 emim
744 4507 1052 4565 Marcellus
1077 4512 1146 4564 ut
1172 4508 1426 4583 quaesita
1454 4508 1706 4579 dixerat,
1739 4526 1810 4568 ea
1839 4515 1905 4568 ut
1930 4510 2009 4568 ab
2049 4511 2181 4584 ipso

527 4602 698 4657 extra
726 4598 1196 4656 controversiam
1217 4599 1414 4673 posita
1438 4599 1986 4659 calumniabantur.
2031 4604 2180 4659 Cum

525 4691 730 4746 autem
757 4704 828 4746 ea
850 4688 912 4745 in
952 4688 1190 4762 synodo
1239 4688 1499 4747 Sardicm
1535 4689 1744 4748 habita
1767 4691 1921 4748 lecta
1959 4695 2177 4761 essent,

522 4782 687 4837 recta
710 4778 958 4837 inventa
986 4783 1079 4836 est
1129 4778 1313 4852 hujus
1354 4780 1621 4837 hominis
1674 4780 1848 4840 ﬁdes.
1908 4783 2179 4840 Socrates

522 4875 729 4929 autem
775 4869 919 4927 dicit
961 4870 1307 4929 Marcellum
1359 4874 1426 4927 ut
1478 4871 2050 4929 condemnationem
2093 4888 2182 4930 re-

523 4961 792 5036 pelleret,
818 4961 1198 5035 persuasisse
1224 4960 1528 5034 episcopis
1559 4962 1820 5019 Sardicaa
1851 4978 2178 5034 congrega-

519 5054 596 5109 tis
624 5065 727 5109 eos
752 5051 857 5124 qui
872 5051 1076 5125 ipsum
1102 5049 1514 5125 deposuerant
1539 5067 1665 5108 non
1685 5051 2014 5123 intelligere
2039 5069 2176 5127 quae

520 5141 864 5214 scripserat.
897 5146 1079 5215 atque
1107 5141 1245 5199 ideo
1294 5157 1358 5198 se
1407 5141 1851 5199 Samosatensis
1909 5142 2177 5217 episcopi

520 5231 899 5304 suspiciones
938 5231 1285 5289 incurrisse.
1337 5231 1685 5289 Patriarcha
1728 5248 1874 5289 vero
1927 5232 2172 5289 Photius

515 5321 894 5381 narrationes
916 5321 1235 5379 conferens
1253 5321 1512 5380 Socratis
1534 5338 1606 5380 ac
1629 5322 2003 5393 Theodoreti,
2031 5323 2174 5382 dicit

516 5410 907 5471 Sardicenses
932 5412 1252 5486 episcopos
1293 5427 1434 5470 vere
1462 5412 1748 5485 deceptos
1777 5428 1950 5483 esse;
2000 5428 2169 5469 cum-

510 5518 632 5578 que
660 5517 786 5559 non
811 5501 965 5561 bene
992 5500 1424 5558 intellexissent
1458 5500 1713 5559 Marcelli
1743 5501 1984 5576 scripta,
2009 5504 2167 5562 male

508 5607 649 5651 eum
673 5590 1070 5666 justiﬁcasse;
1102 5588 1242 5647 inde
1270 5588 1579 5648 neminem
1621 5590 1925 5666 accepisse
1954 5607 2166 5650 eorum

2294 4513 2488 4587 εἴρηκε,
2582 4520 2751 4566 ταῦτα
2850 4515 2916 4574 ὡς
3011 4512 3387 4587 ὡμολογημένα
3490 4508 3891 4571 διαϐεϐλήκασι.

2292 4604 2498 4655 Τούτων
2554 4599 2605 4656 δ’
2673 4603 2759 4657 ἐπὶ
2823 4610 2914 4664 τῆς
2972 4599 3199 4656 συνόδου
3261 4609 3356 4664 τῆς
3428 4602 3562 4654 κατὰ
3627 4597 3893 4674 Σαρδικὴν

2294 4690 2746 4764 ἀναγνωσθέντων,
2791 4694 2919 4768 ὀρθή
2975 4700 3067 4746 τοῦ
3118 4687 3306 4768 ἀνδρὸς
3361 4693 3391 4750 ἡ
3452 4694 3635 4754 πίστις
3684 4693 3891 4766 εὑρέθη.

2292 4787 2571 4857 Σωκρατης
2638 4778 2699 4835 δέ
2758 4801 2916 4856 φησιν
2987 4784 3069 4835 ὅτι
3119 4781 3452 4835 ἀναπαλαίων
3505 4782 3531 4833 ό
3595 4780 3895 4855 Μάρκελλος

2292 4873 2385 4929 τήν
2424 4867 2721 4929 καταδίκην
2777 4873 2950 4925 ἔπεισε
3006 4874 3128 4935 τόύς
3183 4870 3232 4924 ἓν
3284 4867 3517 4948 Σαρδικῇ
3576 4874 3648 4942 μή
3699 4869 3892 4928 νοήσαι

2290 4963 2411 5023 τοὺς
2446 4960 2758 5022 καθελόντας
2797 4960 2974 5028 αὐτὸν,
3041 4961 3076 5014 ἂ
3121 4965 3349 5035 γέγραφε
3382 4976 3395 4991 ·
3444 4963 3535 5012 καὶ
3586 4955 3680 5012 διὰ
3732 4965 3894 5014 τοῦτο

2289 5054 2383 5109 τήν
2427 5051 2672 5103 ὑπόνοιαν
2727 5057 2819 5103 τοῦ
2874 5054 3214 5123 Σαμοσατέως
3245 5048 3439 5104 λαϐεῖν.
3467 5048 3527 5101 Ὀ
3585 5044 3644 5100 δὲ
3697 5066 3893 5123 πατρί.

2289 5141 2467 5214 άρχης
2524 5143 2736 5207 Φώτιος,
2781 5138 2979 5212 σχόλια
3015 5141 3266 5215 παραθεὶς
3329 5146 3423 5191 τοῦ
3482 5157 3537 5191 τε
3587 5139 3897 5208 Σωκράτους

2286 5235 2377 5283 καὶ
2416 5236 2508 5283 τοῦ
2540 5227 2909 5306 Θεοδωρήτου,
2953 5233 3112 5303 φησὶν
3170 5227 3250 5281 ὃτι
3310 5227 3362 5280 ἐν
3413 5223 3646 5302 Σαρδικῇ
3697 5226 3893 5300 μᾶλλον

2285 5320 2637 5381 ἠπατήθησαν
2673 5335 2686 5348 ’
2750 5324 2841 5373 καὶ
2898 5323 2970 5393 μή
3022 5323 3319 5381 νοήσαντες.
3359 5316 3585 5392 ἀκριϐῶς
3634 5318 3693 5369 τὸ
3741 5323 3892 5393 Μαρ-

2282 5409 2459 5464 κέλλου
2515 5413 2859 5485 σύγγραμμα,
2918 5416 3093 5471 κακῶς
3151 5407 3309 5460 αὐτόν
3356 5404 3714 5463 ἐδικαίωσαν’
3772 5408 3888 5462 ὅθεν

2280 5498 2454 5564 οὐδεὶς
2496 5497 2820 5577 παρεδέξατο
2865 5502 2960 5558 τήν
3016 5501 3136 5575 περὶ
3183 5501 3371 5552 τούτου
3425 5502 3601 5574 κρίσιν
3663 5496 3832 5551 αὐτῶν
3866 5521 3882 5534 ·

2278 5590 2388 5646 ἀλλ’
2448 5593 2589 5646 ἔστιν
2621 5590 2715 5655 ἔξω
2737 5598 2828 5652 τῆς
2879 5588 3196 5655 Ἐκκλησίας
3225 5594 3251 5643 ό
3290 5588 3608 5666 Μάρκελλος.
3663 5587 3884 5643 Ἢθώω-
