4136 6382
516 248 583 303 23
1853 233 2123 296 NICETE
2163 229 2532 295 CHONIA'IYE
3827 256 3903 313 ει

518 369 863 429 interfectus
885 371 976 426 est
999 368 1103 442 qui
1120 370 1327 427 Romae
1353 367 1760 441 imperaverat
1783 359 2164 454 Magnentius,

2289 363 2540 415 Φωτεινοῦ
2579 360 2806 418 συνόδου
2859 369 3153 438 γεγονυίας,
3187 367 3235 420 ἓν
3264 373 3338 440 τῷ
3380 372 3576 443 μεταξύ
3628 377 3897 454 καθῃρέθη

519 467 576 519 et
621 467 916 534 tyrannus
940 459 1108 527 alter,
1151 459 1428 516 Silvanus
1463 458 1730 516 nomine.
1757 459 1972 527 Magna
1997 453 2178 524 igitur

518 551 832 608 securitate
862 549 924 605 in
951 554 1218 606 veterem
1247 551 1503 606 Romam
1550 548 1854 620 profectus
1903 548 1990 602 est
2027 546 2174 602 Con-

521 640 778 700 stantius
800 639 1102 713 jussitquc
1123 637 1430 712 synodum
1457 637 1771 696 Mediolani
1795 635 1944 693 ﬁeri.

595 919 682 972 l7.
736 916 986 984 Interea,
1016 914 1084 968 ut
1112 913 1321 968 narrat
1369 911 1754 976 Sozomenus,
1787 923 1927 964 cum
1975 905 2172 963 Antio-

519 1005 720 1062 chiam
751 1002 1176 1060 convenissent
1201 1000 1510 1057 Narcissus
1536 997 1884 1071 Irenopolis,
1913 1000 1970 1054 et
1995 997 2176 1052 Theo-

518 1095 705 1151 dorus
726 1091 1416 1162 Heracleae,etEugenius
1447 1089 1553 1162 qui
1578 1087 1906 1158 Theognidi
1935 1086 2174 1143 Nicaeno

518 1188 891 1242 successerat
935 1187 992 1240 et
1035 1181 1404 1255 Petrophilus
1450 1179 1850 1252 Scythopolis,
1901 1181 1956 1234 et
1985 1180 2178 1234 Meno-

519 1275 786 1348 phantus
835 1272 1054 1346 Ephesi
1102 1275 1159 1328 et
1209 1270 1310 1328 alii
1347 1285 1537 1342 prope
1587 1269 1848 1339 triginta,
1884 1266 2177 1324 universis

519 1365 818 1438 episcopis
874 1367 1084 1420 contra
1134 1361 1534 1418 Athanasium
1581 1359 1894 1431 scripsere.
1946 1360 2176 1414 Conve-

518 1458 740 1510 nerunt
809 1458 1013 1509 autem
1076 1450 1480 1508 Mediolanum
1552 1449 1731 1522 pauci
1787 1447 2037 1520 quidem
2086 1463 2177 1504 ex

520 1544 774 1611 Oriente,
836 1542 967 1600 aliis
1029 1540 1518 1614 praetexentibus,
1573 1543 1639 1595 ut
1693 1538 2013 1594 verisimile
2062 1543 2172 1604 est,

517 1637 882 1691 senectutem
913 1636 1017 1689 aut
1044 1631 1326 1688 morbum
1349 1633 1454 1687 aut
1472 1629 1696 1686 itineris
1719 1627 2172 1694 difﬁcultatem;

2285 451 2430 520 παρὰ
2458 460 2557 504 τῶν
2583 453 2746 508 αὐτοῦ
2782 463 3090 529 στρατηγῶν
3113 457 3138 508 ό
3169 464 3500 531 τυραννήσας
3530 461 3732 537 Ῥώμης
3753 451 3903 540 Mog-7-

2284 543 2491 612 νέντιος,
2523 549 2613 596 καὶ
2645 546 2815 620 ἔτερος
2866 549 3110 622 τύραννος
3237 549 3476 613 Σιλϐανός
3519 557 3680 627 ὄνομα
3703 574 3716 586 ·
3759 563 3899 614 κατὰ

2286 628 2477 690 πολλὴν
2525 638 2698 687 τοίνυν
2728 632 2909 688 ἀδειαν
2940 635 3025 690 ἐπὶ
3073 641 3169 696 τὴν
3217 640 3576 716 πρεσϐυτέραν
3613 644 3822 720 Ῥώμην
3869 651 3896 702 6

2286 724 2643 809 Κωνστοξντιος
2668 726 2926 802 ὁρμήσας,
2953 725 3212 782 ἐκέλευσεν
3242 727 3291 782 ἐν
3322 728 3628 807 Μεδιολάνῳ
3652 741 3896 809 γενέσθαι

2287 808 2527 869 σύνοδον.

2358 899 2446 963 ιζ’.
2501 904 2580 958 Ἐν
2616 907 2827 979 τούτῳ,
2884 909 3023 960 καθά
3073 926 3233 980 φησιν
3287 910 3602 984 Σωζόριενος,
3643 899 3732 980 ἐἰς
3774 918 3893 972 Ἀν-

2282 993 2519 1062 τιόχειαν
2587 995 2909 1058 συνελθόντες
2982 999 3285 1072 Νάρκισσος
3356 1002 3381 1052 6
3443 1002 3882 1080 Εἰρηνουπόλεως,

2283 1085 2373 1132 καὶ
2427 1080 2701 1160 Θεόδωρος
2753 1085 3083 1161 Ἡρακλείας,
3141 1093 3232 1141 καὶ
3271 1089 3508 1162 Εύγένιος
3557 1094 3582 1146 6
3622 1091 3894 1169 διάδοχος

2286 1169 2567 1241 Θεόγνιδος
2631 1182 2724 1227 τοῦ
2787 1180 3032 1245 Νικαίας,
3089 1181 3179 1230 καὶ
3242 1181 3564 1253 Πατρόφιλος
3633 1187 3898 1240 Σκυθοπό-

2283 1257 2427 1329 λεως,
2481 1267 2571 1315 καὶ
2627 1268 2966 1338 Μηνόφαντος
3021 1268 3046 1319 6
3116 1266 3353 1340 Ἐφέσου,
3408 1275 3496 1324 καὶ
3549 1271 3696 1326 ἄλλοι
3757 1274 3896 1349 ἀμφὶ

2284 1350 2584 1424 τριάκοντα,
2638 1353 2870 1426 ἔγραψαν
2915 1362 3022 1417 τοῖς
3069 1366 3348 1430 πανταχοῦ
3404 1358 3708 1424 ἐπισκόποις
3758 1368 3901 1418 κατὰ

2287 1435 2602 1493 Ἀθανασίου
2637 1461 2648 1471 ·
2717 1444 2970 1504 συνῆλθον
3022 1442 3081 1498 δὲ
3124 1446 3192 1508 εἰς
3241 1451 3299 1500 τὸ
3347 1446 3668 1506 Μεδιόλανον
3723 1453 3898 1528 ὀλίγοι

2285 1528 2375 1597 μὲν
2415 1525 2468 1579 ἐκ
2522 1538 2618 1592 τῆς
2675 1530 2796 1604 Ἕω,
2844 1539 2945 1585 τῶν
2995 1533 3182 1603 ἄλλων,
3233 1538 3301 1598 ὡς
3351 1537 3509 1608 εἰκὸς,
3558 1525 3898 1615 προφασισα-

2283 1619 2445 1686 μένων
2496 1627 2663 1694 γῆρας
2708 1622 2737 1680 ἦ
2799 1625 2948 1675 νόσον
2990 1623 3018 1682 ἣ
3071 1619 3377 1699 ὁδοιπορίαν
3419 1631 3626 1704 μακράν
3657 1647 3669 1660 ·
3726 1633 3781 1684 ἐκ
3832 1630 3898 1686 δε

516 1741 591 1781 ex
633 1721 952 1779 Occidente
982 1725 1183 1778 autem
1215 1719 1560 1790 congregati
1600 1723 1742 1774 sunt
1770 1718 1927 1775 ultra
1949 1723 2164 1775 trecen-

2281 1715 2381 1759 τῶν
2444 1707 2725 1782 Ἑσπερίων
2791 1712 2916 1784 ὑπὲρ
2980 1716 3101 1775 τοὺς
3160 1721 3512 1786 τριακοσίους.
3586 1718 3896 1783 Ἀξιούντων

514 1818 629 1870 tos.
685 1810 1086 1870 Orientalibus
1145 1810 1325 1880 igitur
1376 1809 1632 1879 dignum
1689 1809 2172 1866 existimantibus

516 1916 906 1959 communem
955 1899 1093 1957 ferri
1121 1903 1330 1957 contra
1363 1897 1756 1954 Athanasium
1789 1899 2168 1969 sententiam,

511 1991 854 2048 restiterunt
880 1989 1131 2063 quidam
1164 2005 1237 2045 ex
1265 1985 1739 2045 occidentalibus
1769 1987 1876 2060 qui
1905 1988 2041 2043 etin
2073 2004 2173 2045 ex-

513 2081 712 2138 silium
763 2080 936 2136 missi
982 2083 1142 2149 sunt,
1189 2081 1256 2135 ut
1301 2076 1567 2134 Liberius
1621 2079 1842 2144 Romae,
1885 2078 2171 2134 Paulinus

511 2169 776 2228 Treveris
808 2169 872 2226 in
919 2168 1140 2237 Galliis,
1175 2168 1498 2241 Dionysius
1547 2166 1715 2222 Albae
1745 2167 1808 2224 in
1838 2167 2024 2236 Italia,
2059 2171 2167 2225 Eu-

507 2261 716 2318 sebius
735 2259 1122 2316 Vercellensis
1151 2259 1212 2314 in
1254 2259 1511 2330 Liguria,
1543 2259 1775 2316 Lucifer
1796 2259 2167 2316 Carallarum

510 2351 574 2408 in
630 2351 928 2420 Sardinia,
966 2354 1025 2408 et
1071 2349 1326 2408 Hilarius
1383 2349 1774 2408 Pictaviensis
1807 2349 1869 2406 in
1901 2349 2169 2408 secunda

509 2441 853 2514 Aquitania.

456 2597 458 2600 ν
577 2531 667 2588 18.
719 2529 926 2587 Soluta
971 2532 1174 2586 autem
1219 2528 1441 2587 infecta
1468 2545 1532 2586 re
1563 2529 1818 2602 synodo,
1861 2528 2168 2586 Eudoxius

506 2619 897 2677 Germaniciae
927 2635 1068 2675 cum
1107 2618 1412 2675 didicisset
1462 2623 1771 2676 mortuum
1810 2635 1943 2675 esse
1984 2622 2167 2676 Leon-

503 2709 654 2767 tium
685 2709 1012 2766 Antiochiee
1037 2709 1099 2765 in
1131 2709 1321 2782 Syria,
1346 2709 1676 2782 postulavit
1701 2710 1778 2767 ab
1804 2710 2166 2782 imperatore

501 2803 567 2856 ut
602 2798 796 2856 redire
844 2805 1052 2872 posset
1081 2801 1271 2855 Roma
1320 2799 1778 2866 Germaniciam,
1811 2815 1944 2872 quae
1974 2800 2165 2872 ipsius

499 2888 760 2950 reditum
791 2889 1093 2962 cupiebat.
1125 2888 1299 2954 Quod
1328 2905 1467 2945 cum
1513 2888 1893 2953 obtinuisset,
1923 2889 2163 2946 sortitus

500 2982 592 3035 est
635 2978 1034 3054 Antiqchiam,
1068 2982 1126 3035 et
1149 2978 1512 3036 Arianorum
1555 2978 1776 3051 favore,
1827 2979 2162 3052 praesertim

2282 1797 2370 1850 οὖν
2395 1804 2495 1850 τῶν
2527 1797 2844 1852 ἀνατολικῶν
2875 1807 3049 1861 κοινήν
3081 1801 3385 1879 ἐκφέρεσθαι
3413 1809 3546 1860 κατὰ
3570 1808 3895 1865 Ἀθανασίου

2280 1887 2474 1960 ψῆφον,
2529 1886 2853 1947 ἀντέστησαν
2903 1910 3031 1952 τινες
3087 1901 3189 1945 τῶν
3229 1892 3480 1969 ἐσπερίων
3530 1900 3579 1950 οἰ
3625 1904 3712 1951 καὶ
3756 1905 3896 1974 πρὸς

2281 1979 2557 2052 ὑπερορίαν
2587 1979 2946 2052 ἐπέμφθησαν,
2999 1983 3105 2034 οἷον
3152 1982 3394 2058 Λιϐέριος
3432 1987 3457 2038 ό
3481 1985 3702 2060 Ῥώμης,
3745 1997 3895 2044 Παυο

2279 2067 2409 2130 λίνος
2440 2070 2465 2121 6
2509 2068 2793 2144 Τριϐέρεως
2824 2079 2921 2134 τῆς
2948 2069 2996 2123 ἐν
3041 2072 3301 2138 Γαλλίαις,
3336 2079 3602 2140 Διονύσιος
3632 2080 3658 2132 ὁ
3686 2079 3891 2145 Ἄλϐης

2279 2167 2373 2219 τῆς
2412 2161 2459 2211 ἓν
2492 2158 2707 2232 Ἰταλίᾳ,
2751 2160 3047 2223 Εύσέϐιοςό
3088 2163 3370 2239 Βερκέλλων
3424 2174 3520 2229 τῆς
3573 2173 3889 2243 Λιγουρίας,

2279 2252 2540 2321 Λουκίφερ
2589 2248 2614 2299 ὁ
2671 2248 2948 2322 Καράλλων
3000 2258 3090 2312 τῆς
3121 2249 3436 2326 Σαρδανίας,
3471 2261 3562 2308 καὶ⁵
3597 2256 3812 2332 Ἰλοίριος
3863 2263 3894 2315 ὁ

2279 2336 2549 2390 Πικτάϐων
2580 2339 2609 2398 ἣ
2641 2342 2894 2412 Ποτάμων
2923 2349 3018 2402 τῆς
3050 2338 3297 2416 δευτέρας
3320 2345 3667 2408 Ἀκυῑτανίας.

2350 2515 2436 2574 ιη’.
2470 2515 2768 2592 ’Δπράκτου
2830 2515 2889 2572 δὲ
2945 2528 3037 2582 τῆς
3098 2519 3326 2576 συνόδου
3377 2526 3574 2588 ταύτης
3621 2522 3898 2581 διαλυθεί-

2277 2625 2393 2674 σης,
2465 2603 2720 2671 Εὐδόξιος
2793 2609 2818 2660 ὁ
2895 2615 3262 2684 Γερμανικείας
3336 2613 3645 2675 τελευτῆσαι
3708 2620 3898 2690 μαθὼν

2275 2699 2515 2748 Λεόντιον
2566 2700 2652 2749 τόν
2703 2699 3034 2770 Ἀντιοχείας
3083 2711 3174 2762 τῆς
3222 2704 3362 2755 κατὰ
3418 2709 3626 2780 Συρίαν,
3690 2703 3894 2767 ἐδεήθη

2272 2791 2365 2836 τοῦ
2437 2783 2699 2857 βασιλέως
2773 2785 3062 2841 ἐπανελθεῖν
3130 2787 3230 2843 ἀπὸ
3295 2790 3496 2865 Ῥώμης
3549 2793 3618 2855 εἰς
3685 2800 3898 2870 Γερμα-

2271 2879 2486 2943 νικείαν,
2529 2877 2593 2936 ὡς
2645 2879 2960 2948 χρηζούσης
3005 2878 3165 2932 αὐτοῦ
3210 2889 3307 2942 τῆς
3343 2885 3592 2946 τοιαύτης
3647 2883 3842 2947 πόλεως
3877 2904 3892 2917 ’

2273 2961 2570 3039 ἐπιτραπεὶς
2644 2961 2732 3017 οὖν
2807 2973 2982 3035 τοῦτο,
3052 2968 3312 3042 κατέλαχε
3386 2975 3480 3031 τὴν
3532 2972 3891 3049 Ἀντιόχειαν⁵

498 3083 640 3125 vero
665 3049 971 3150 regio’r'qn
1003 3067 1442 3132 cunuchorum,
1481 3067 1596 3124 sibi
1624 3049 1806 3140 hujus
1830 3049 2013 3126 —urbis
2042 3069 2162 3141 epi-

2274 3057 2362 3105 καὶ
2407 3049 2616 3126 σπουδῇ
2670 3063 2767 3107 τῶν
2801 3056 3094 3128 Ἀρειανῶν,
3149 3059 3384 3131 μάλιστα
3416 3058 3475 3114 δὲ
3528 3071 3628 3114 τῶν
3679 3062 3896 3117 ϐασιλι-

499 3159 819 3228 scopatum
867 3158 1178 3212 assecutus
1212 3159 1322 3213 est.
1368 3159 1657 3214 Caeterum
1695 3157 1870 3213 rediit
1897 3157 1974 3214 ad
2015 3157 2162 3214 Aetii

498 3245 838 3302 doctrinam
899 3244 1253 3301 dissimilem
1317 3246 1470 3301 Patri
1531 3245 1744 3301 Filium
1820 3245 2159 3315 docentem,

496 3351 624 3392 una
654 3351 793 3391 cum
825 3334 1024 3391 Acacii
1075 3336 1383 3407 Caesarem,
1417 3338 1475 3390 et
1504 3335 1704 3391 Uranii
1735 3335 1870 3406 Cyri
1896 3335 2162 3409 episcopi

495 3424 858 3482 fautoribus.
908 3423 1194 3494 Georgius
1220 3428 1425 3480 autem
1456 3423 1766 3481 Laodiceae
1796 3425 1870 3481 de
1896 3424 2012 3481 hac
2051 3427 2159 3482 Eu-

495 3515 660 3572 doxii
711 3514 1103 3570 innovatione
1133 3513 1370 3570 monuit
1408 3512 1692 3570 Basilium
1737 3515 2004 3586 Ancyrae,
2049 3518 2162 3573 Ma—

495 3606 821 3663 cedonium
847 3603 1238 3677 Mopsuestiae,
1261 3609 1318 3661 et
1347 3608 1744 3677 Necropoeum
1767 3604 2156 3676 Nicomediae;

495 3695 622 3769 qui,
668 3695 975 3751 Eustathio
1030 3693 1315 3764 Sebastte,
1367 3697 1426 3749 et
1473 3692 1705 3750 Eleusio
1737 3694 1924 3767 Cyzici
1967 3695 2159 3766 juncti

495 3782 847 3857 imperatori
899 3783 1063 3855 quod
1099 3781 1422 3838 accidisset
1465 3781 1842 3851 indicavere;
1873 3786 2156 3852 rogantes

493 3878 563 3931 ut
585 3890 658 3932 ea
684 3873 837 3930 ﬁdes
865 3871 1218 3946 praevaleret
1268 3887 1407 3945 quae
1436 3871 1579 3928 dicit
1610 3871 1819 3929 Filium
1855 3887 1980 3929 non
2017 3889 2158 3930 con-

497 3962 980 4033 substantialem,
1005 3961 1113 4019 sed
1138 3961 1394 4018 similem
1417 3965 1637 4018 natura
1668 3962 1840 4032 Patri,
1878 3963 2004 4019 sive
2032 3979 2158 4019 non

496 4051 1097 4111 consubstantialem;
1122 4053 1181 4107 et
1199 4054 1265 4106 ut
1289 4051 1329 4106 ii
1346 4051 1451 4122 qui
1472 4050 2046 4107 consubstantialem
2072 4051 2159 4108 di-

499 4147 720 4210 cerent,
744 4141 1210 4214 deponerentur.
1238 4139 1336 4195 His
1363 4139 1645 4211 precibus
1667 4155 1945 4196 annuens
1974 4140 2158 4214 impe-

497 4235 680 4295 rator,
713 4245 869 4302 quas
915 4227 1238 4300 caeteroqui
1268 4226 1346 4283 ab
1395 4227 1525 4283 aliis
1555 4227 1854 4301 episcopis
1882 4228 2161 4287 laudatas

498 4318 854 4393 reperiebat,
885 4333 1108 4389 nempe
1139 4334 1175 4373 a
1206 4316 1446 4374 Valente
1476 4319 1704 4385 Mursae,
1747 4319 1987 4375 Ursacio
2018 4319 2161 4390 Sigi-

2273 3150 2373 3195 κῶν
2431 3143 2715 3218 εὐνούχων,
2755 3153 3121 3222 περιεποίησεν
3181 3149 3343 3222 ἐαυτῷ
3399 3156 3494 3211 τὴν
3549 3150 3733 3206 ἐνθάδε
3775 3153 3894 3208 ἐπι-

2275 3239 2476 3293 σκοπήν
2510 3256 2522 3268 ·
2587 3240 2676 3288 καὶ
2729 3235 2905 3289 λοιπὸν
2955 3236 3166 3312 ἐπανῄει
3209 3243 3268 3292 τό
3317 3239 3518 3294 Ἀετίου
3560 3239 3739 3316 δόγμα
3793 3247 3893 3298 τὸν

2271 3325 2389 3377 Υἱὸν
2423 3322 2662 3398 ἀνόμοιον
2694 3333 2766 3396 τῷ
2797 3332 2969 3400 Πατρὶ
3003 3324 3245 3402 δοξάζον,
3278 3329 3388 3403 ἅμα
3445 3339 3557 3395 τοῖς
3595 3334 3894 3406 όμόφροσιν

2272 3412 2498 3486 Ἀκακίῳ
2565 3422 2638 3486 τῷ
2708 3422 3024 3490 Καισαρείας
3097 3423 3188 3472 καὶ
3253 3420 3491 3494 Ούρανίῳ
3553 3430 3626 3492 τῷ
3688 3425 3893 3496 Τύρου.

2272 3508 2524 3576 Γεώργιος
2599 3501 2659 3557 δε
2734 3506 2759 3557 6
2837 3503 3152 3570 Λαοδικείας
3245 3509 3507 3563 ἐπέστειλε
3594 3516 3715 3585 περὶ
3789 3521 3896 3578 τῆς

2272 3595 2520 3655 τοιαύτης
2615 3589 2913 3658 Εύδοξίου.
2972 3603 3364 3672 νεωτεροποιίας
3465 3599 3714 3672 Βασιλείῳ
3811 3612 3894 3674 τῷ

2269 3679 2552 3757 Ἀγκύρας,
2623 3687 2714 3734 καὶ
2791 3685 3100 3756 Μακεδονίῳ
3177 3694 3249 3757 τῷ
3322 3687 3716 3758 Μόψουεστίας,
3790 3697 3893 3744 καὶ

2267 3775 2568 3846 Νεκροποίῳ
2622 3779 2694 3842 τῷ
2740 3769 3102 3846 Νικομηδείας
3143 3792 3156 3805 '
3205 3777 3275 3842 οἱ,
3333 3776 3712 3850 προσλαϐόντες
3773 3779 3889 3832 E6-

2270 3862 2484 3912 στάθιον
2523 3864 2610 3912 τὸν
2666 3860 2978 3924 Σεϐαστείας
3016 3869 3107 3917 καὶ
3167 3865 3430 3918 Ἐλεύσιον
3474 3870 3562 3919 τὸν
3623 3869 3888 3942 Κυζίκου,

2268 3957 2340 4020 τῷ
2395 3948 2607 4022 βασιλεῖ
2650 3954 2707 4003 τὸ
2767 3955 2977 4024 γεγονὸς
3031 3950 3323 4021 ἐδήλωσαν,
3385 3955 3649 4018 αἰτοῦντες
3687 3955 3892 4015 ἐκείνην

2269 4047 2472 4114 κρατεῖν
2519 4045 2613 4099 τὴν
2664 4045 2844 4094 πίστιν
2897 4043 2926 4101 ἢ
2969 4043 3104 4115 λέγει
3134 4047 3220 4097 τόν
3252 4047 3369 4097 Υἱόν
3422 4045 3529 4118 ούχ
3578 4047 3887 4119 ὁμοούσιον,

2270 4128 2380 4182 ἀλλ’
2437 4132 2612 4203 ὅμοιον
2643 4140 2714 4202 τῷ
2742 4136 2912 4205 Πατρὶ
2945 4133 3062 4185 κατ’
3102 4133 3285 4186 οὐσίαν
3332 4138 3433 4188 εἴτε
3472 4134 3838 4210 ἀνομοιούσιον
3867 4153 3886 4168 ο

2270 4221 2387 4280 τοὺς
2435 4217 2491 4272 δὲ
2542 4219 2784 4292 λέγοντας
2834 4223 3112 4294 όμοούσιον
3166 4226 3558 4295 καθαιρεῖσθαι.
3603 4225 3890 4299 Δεξάμενος

2274 4304 2332 4360 δὲ
2383 4312 2477 4365 τὴν
2517 4311 2725 4366 αῖτησιν
2764 4313 2962 4362 τούτων
3001 4312 3026 4362 ό
3059 4309 3327 4384 βασιλεὺς,
3368 4317 3458 4364 καὶ
3499 4315 3656 4386 εὑρὼν
3684 4318 3890 4373 ταύτην

500 4408 696 4480 donis,
727 4409 1028 4464 Germano
1074 4405 1290 4474 Sirmii,
1323 4405 1623 4462 Auxentio
1669 4406 2000 4473 Mediolani,
2054 4412 2162 4465 De-

2277 4402 2745 4471 συνεπαινουριένην
2814 4402 2901 4451 καὶ
2966 4401 3090 4473 παρ’
3161 4401 3342 4477 ἐτέρων
3405 4401 3718 4475 ἐπισκόπων,
3777 4401 3892 4456 οἷον

498 4497 772 4572 mophilo
806 4501 1055 4554 Berroeaa
1073 4496 1134 4552 in
1159 4494 1427 4561 Thracia,
1446 4495 1709 4552 decrevit
1737 4495 2164 4554 celebrandam

500 4604 634 4647 esse
664 4587 873 4644 Nicaeae
903 4584 1231 4658 synodum.
1255 4584 1692 4642 Recusantibus
1723 4591 1926 4642 autem
1957 4587 2028 4642 iis
2058 4575 2165 4660 qui

497 4680 928 4752 imperatorem
949 4674 1509 4744 circumdabant,eo
1524 4675 1687 4748 quod
1705 4675 1849 4732 olim
1866 4676 1928 4732 in
1945 4677 2161 4734 eadem

498 4769 649 4826 urbe
710 4767 786 4825 de
847 4765 1124 4822 doctrina
1181 4763 1540 4837 quaestiones
1589 4765 1826 4835 agitatae
1882 4765 2156 4836 fuissent,

497 4857 725 4932 placuit
769 4855 934 4912 illam
979 4852 1340 4911 Nicomediae
1389 4852 1541 4909 fieri.
1574 4856 1723 4912 Cum
1753 4858 1958 4911 autem
1989 4859 2156 4913 terra:

496 4953 700 5007 motus
729 4963 866 5004 eam
910 4943 1287 5012 vastavisset,
1336 4960 1580 5002 rursum
1619 4943 1924 5002 decretum
1956 4950 2045 5001 est
2093 4951 2158 5003 ut

495 5041 704 5100 Nicaeae
732 5039 901 5095 ﬁeret
925 5038 1218 5110 synodus.
1267 5039 1597 5110 Imperator
1645 5042 1849 5096 autem
1898 5038 2155 5095 mutavit

497 5129 875 5201 sententiam,
934 5134 992 5189 et
1045 5129 1325 5188 Seleucia:
1379 5127 1441 5185 in
1500 5129 1728 5187 Isauria
1776 5144 1912 5186 eam
1965 5128 2154 5186 voluit

494 5221 869 5294 congregari.

563 5387 649 5442 19.
665 5382 1123 5440 Considerantes
1144 5384 1344 5442 autem
1367 5383 1407 5440 ii
1427 5382 1534 5457 qui
1560 5381 1812 5438 Eudoxii
1843 5385 2044 5453 partes
2068 5385 2149 5439 te-

485 5474 852 5534 nebantfore
881 5478 948 5531 ut
974 5491 1096 5531 non
1121 5478 1368 5548 possent
1397 5472 1682 5530 omnibus
1704 5471 2001 5544 episcopis
2022 5487 2145 5530 una

482 5566 859 5640 congregatis
879 5565 1244 5640 persuadere
1274 5567 1340 5620 ut
1359 5562 1652 5620 dissimile
1673 5563 2029 5635 acciperent,
2047 5579 2142 5636 sy-

2276 4485 2560 4550 Ούάλεντος
2614 4491 2889 4561 Μούρσης,
2957 4490 3259 4556 Ούρσακίου
3331 4489 3630 4563 Σιγηδόνος,
3692 4499 3889 4567 Γερμι-

2273 4580 2384 4629 νίου
2437 4582 2668 4651 Σιρμίου,
2719 4579 2996 4642 Αύξεντίου
3036 4577 3390 4644 Μεδιολάνων,
3435 4581 3731 4654 Δημοφίλου
3765 4582 3888 4657 Βερ-

2269 4665 2412 4740 ῥοίας
2441 4674 2536 4728 τῆς
2585 4669 2822 4740 Θρᾴκης,
2872 4670 3062 4744 ἔκρινεν
3102 4667 3394 4722 ἐπιτελέσαι
3436 4666 3658 4722 σύνοδον
3697 4669 3744 4722 ἐν
3783 4678 3892 4724 Νι-

2269 4760 2414 4828 καίᾳ.
2470 4762 2948 4830 Παραιτησαμένων
2991 4754 3050 4810 δὲ
3083 4766 3182 4810 τῶν
3229 4756 3362 4831 ἀμφὶ
3416 4757 3756 4832 τὸνβασιλέα
3786 4757 3892 4815 διὰ

2267 4849 2324 4898 τὸ
2360 4850 2450 4898 καὶ
2478 4847 2640 4900 πάλαι
2683 4845 2866 4901 ἐνθάδε
2894 4852 2988 4906 τὴν
3023 4852 3142 4920 περὶ
3182 4855 3272 4901 τοῦ
3314 4845 3580 4921 δόγματος
3609 4847 3888 4922 σύμϐἧναι

2268 4935 2514 5002 ζήτησιν,
2543 4933 2688 5000 ἔδοξε
2718 4940 2913 4996 ταύτην
2952 4940 3001 4990 ἐν
3052 4935 3390 5010 Νικομηδεία
3435 4940 3713 5009 γενέσθαι·
3768 4958 3884 4992 σει-

2267 5033 2403 5100 σμοῦ
2463 5023 2521 5079 δὲ
2577 5026 2708 5099 αὐτῇ
2770 5025 3145 5098 ἐνσκήψαντος,
3187 5027 3340 5080 πάλιν
3399 5027 3577 5101 ἐκρίθη
3627 5029 3877 5100 γενέσθἀι

2264 5120 2358 5174 τὴν
2391 5111 2610 5168 σύνοδον
2642 5115 2690 5168 ἐν
2715 5119 2913 5188 Νικαίᾳ
2936 5133 2948 5145 ·
2984 5115 3527 5189 μεταϐουλευσάμενος
3577 5113 3628 5170 δ’
3660 5119 3686 5169 δ
3717 5115 3887 5190 βαπ⁹

2261 5204 2392 5275 λεὺς,
2423 5203 2472 5256 ἕν
2503 5203 2766 5277 Σελευκείᾳ
2793 5212 2889 5268 τῆς
2920 5204 3181 5280 Ἰσαυρίας
3215 5205 3379 5264 αὐτὴν
3410 5205 3661 5265 ἠθελησεν
3701 5206 3886 5282 ἀθροι-

2262 5296 2478 5354 σθῆναι,

2331 5382 2416 5439 ιθ’.
2451 5385 2801 5456 Λογισοίμενοι
2834 5380 2893 5436 δὲ
2943 5387 2990 5437 οἱ
3039 5389 3155 5459 περὶ
3212 5381 3465 5449 Εύδόξιον
3507 5386 3592 5452 ὡς,
3635 5385 3880 5442 ἁπάντων

2254 5473 2386 5545 ὁμοῦ
2452 5481 2549 5526 τῶν
2616 5471 2912 5526 ἐπισκόπων
2969 5472 3379 5549 ἀθροιζομένων,
3425 5474 3521 5527 ούκ
3570 5474 3630 5527 ἂν
3688 5477 3882 5543 αὐτούς

2254 5558 2522 5620 δυνηθεῖεν
2574 5569 2754 5616 πεῖσαι
2811 5567 2869 5616 τό
2937 5563 3178 5638 ἀνόμοίον
3236 5561 3664 5641 παραδέξασθαι,
3730 5586 3882 5642 μερι-
