4136 6404
777 15 782 22 .
999 0 1142 22 πῦρ-’τγ

159 33 186 42 .,
915 37 926 50 '
957 19 1052 62 ﬁxi“!
1095 21 1140 54 ’νζ-⁸

173 53 262 92 ⁸³⁷.
695 61 782 86 ό-⁴”
853 55 962 82 εδΐ.
1039 81 1042 84 .
1133 75 1140 80 -

177 0 443 118 ~
413 83 616 108 ψειεν
667 101 674 104 -
725 91 734 100 ο
793 99 830 118 ε-
889 91 1038 124 .
1111 89 1116 92 '

279 265 350 324 ιε
543 229 554 236 ”
865 275 870 280 ·
1191 231 1194 233 Α
1630 261 1904 320 THESAU

2019 263 2150 320 LIB.
2191 267 2281 322 VI.
3614 270 3682 328 26

295 392 514 453 σθείσης
545 385 610 444 (τε
655 396 758 454 τῆς
801 385 1035 444 συνόδου
1078 389 1203 466 ῥᾷον
1231 393 1474 444 πείσουσι
1536 392 1659 453 τοὺς
1685 388 1904 460 ὀλίγους,

2030 390 2192 446 nodo
2222 396 2422 450 autem
2449 393 2774 452 dissociata
2802 394 3032 451 facilius
3059 395 3184 452 fore
3214 399 3278 452 ut
3303 396 3512 470 paucis
3541 412 3681 469 per-

293 484 724 555 παρεσκεύασαν,
760 484 1206 556 συμπραττόντων
1257 480 1436 544 αὐτοῖς
1485 488 1582 533 τῶν
1631 479 1914 550 εὐνούχων,

300 565 393 622 δύο
415 571 666 641 γενέσθαι
699 572 799 632 τὰς
839 565 1118 640 συνόδους,
1150 577 1248 622 τῶν
1290 572 1380 642 μὲν
1413 569 1662 640 ἑσπερίων
1709 568 1919 620 ἐπισκό-

300 678 406 711 πων
446 659 498 711 ἑν
539 660 801 732 Ἀριμίνῳ
840 667 940 722 τῆς
982 659 1229 728 Ἰταλίας,
1261 666 1361 712 τῶν
1393 656 1454 712 6":
1483 659 1617 730 ἑῴων
1657 656 1706 710 ἐν
1736 656 1916 710 Σελευ-

302 752 415 822 κείᾳ
443 758 542 810 τῆς
571 749 852 822 ’Ῑσαυρίας
876 771 888 782 ·
937 751 1029 802 καὶ
1075 749 1158 801 ἵνα
1197 751 1264 802 τὰ
1298 748 1464 802 πολλὰ
1507 751 1793 821 συντέμνω,
1823 753 1915 800 τοῦ

302 847 397 902 τῆς
416 844 689 914 μακαρίας
715 839 913 903 λήξεως
939 838 1148 892 Παύλου
1175 842 1260 892 τόν
1290 846 1380 900 τῆς
1420 837 1693 912 ὁμολογίας
1723 841 1914 910 στέφα-

300 947 386 980 νον
428 929 712 1001 εἰληφότος,
784 927 1150 999 ἀντεισάγεται
1199 925 1543 995 Μακεδόνιος,
1585 930 1649 988 ὡς
1712 927 1775 978 οἷν
1834 946 1916 988 τις

303 1021 419 1090 εἴπῃ
450 1022 637 1080 σκότος
673 1019 873 1092 ἡμέρας
921 1013 1207 1090 διάδοχον⁸
1247 1016 1344 1070 Ἦν
1395 1014 1456 1070 δε
1490 1019 1558 1070 τὰ
1603 1019 1694 1090 μεν
1732 1024 1916 1092 πρῶτα

303 1113 692 1180 συμφερόμενος
719 1113 830 1169 τοῖς
878 1111 998 1182 περὶ
1028 1107 1273 1160 Ἀκάκιον
1321 1111 1408 1159 τόν
1467 1111 1782 1180 Καισαρείας
1819 1114 1916 1168 τῆς

303 1195 688 1260 Παλαιστίνης,
716 1201 808 1249 καὶ
839 1200 957 1249 οὔτε
1006 1197 1305 1269 όμοιούσιον
1347 1204 1420 1268 τῷ
1449 1201 1615 1270 Πατρὶ
1662 1195 1800 1268 ἔλεγε
1826 1199 1912 1248 τόν

295 1289 441 1354 Υἱόν,
511 1285 623 1338 ἀλλ’
653 1286 869 1358 ὁμοιονο
930 1289 1061 1360 μετὰ
1121 1283 1180 1340 δε
1237 1290 1297 1339 τό
1360 1287 1737 1361 καθαιρεθῆναι
1782 1289 1911 1360 πρός

294 1373 503 1428 ἐκείνων
528 1374 996 1448 ἀποχρησαμένων
1021 1384 1083 1448 τῇ
1114 1377 1231 1428 κατ’
1266 1375 1429 1429 αὑτοῦ
1460 1375 1587 1449 ὀργῇ
1621 1383 1712 1428 τοῦ
1742 1373 1910 1448 βασι-

293 1465 422 1526 λέως
466 1470 861 1533 Κωνσταντίου,
909 1466 983 1527 οἷς
1029 1469 1117 1519 τὸν
1163 1470 1340 1540 νεκρὸν
1382 1472 1474 1518 τοῦ
1526 1469 1719 1541 πατρὸς
1750 1465 1910 1518 αύτοῦ

299 1560 699 1608 Κωνσταντίνου
763 1563 856 1608 τοῦ
919 1555 1161 1627 Μεγάλου
1235 1559 1550 1630 παρεκίνησε
1583 1597 1596 1623 ,
1656 1560 1745 1608 καὶ
1809 1563 1909 1608 τῶν

297 1643 544 1698 ἐντεῦθεν
565 1653 780 1718 σφαγῶν
809 1644 1029 1717 ἀνεφάνη
1072 1649 1252 1718 αἰτιος,
1285 1650 1403 1719 περὶ
1441 1642 1500 1698 δὲ
1528 1648 1720 1698 τούτων
1749 1645 1908 1698 εἰπεῖν

2029 480 2374 550 suaderent,
2402 488 2766 540 curaverunt
2792 501 2862 540 ex
2891 486 3307 542 cunuchorum
3328 487 3680 543 auctoritate

2027 574 2091 625 ut
2118 570 2256 627 duae
2287 573 2502 646 synodi
2519 573 2748 644 ﬁerent,
2767 574 3232 632 occidentalium
3249 575 3678 649 episcoporum

2026 657 2294 717 Ariminii
2323 662 2382 718 in
2410 663 2597 731 Italia,
2627 664 3007 722 orientalium
3048 671 3252 722 autem
3305 665 3586 724 Seleuciae
3617 667 3677 723 in

2025 750 2270 807 Isauria.
2303 756 2492 825 Atque
2531 759 2598 810 ut
2625 754 2977 812 brevissime
3001 755 3216 822 dicam,
3249 754 3441 812 beatae
3471 755 3678 812 condi-

2024 839 2201 896 tionis
2233 841 2419 898 Paulo
2446 844 2848 901 confessionis
2891 860 3180 901 coronam
3210 845 3431 918 adepto
3463 845 3678 902 sufﬁci-

2022 933 2121 984 tur
2151 931 2556 1002 Macedonius,
2583 938 2651 989 ut
2695 934 2776 989 ita
2824 934 3042 1002 dicam,
3084 935 3259 1007 quasi
3297 938 3434 1006 post
3479 935 3678 991 lucem

2023 1018 2300 1074 tenebrae.
2335 1023 2471 1077 Erat
2500 1026 2702 1078 autem
2753 1023 3019 1096 primum
3070 1022 3270 1079 Acacii
3306 1024 3588 1080 Caesareae
3615 1022 3677 1078 in

2023 1107 2344 1166 Palaestina
2373 1110 2616 1166 asseclis
2646 1112 3024 1168 consentiens
3050 1127 3248 1185 neque
3283 1112 3496 1168 Filium
3526 1112 3679 1168 Patri

2020 1196 2083 1253 in
2113 1197 2450 1255 substantia
2481 1200 2736 1256 similem
2769 1217 2905 1258 esse
2935 1200 3192 1268 dicebat,
3217 1201 3324 1257 sed
3347 1206 3582 1258 tantum
3605 1201 3679 1257 si-

2020 1287 2259 1354 milem;
2304 1294 2633 1362 postquam
2676 1295 2879 1347 autem
2915 1290 3224 1364 depositus
3245 1297 3334 1346 est
3363 1290 3442 1346 ab
3471 1289 3543 1346 iis
3573 1291 3679 1362 qui

2023 1377 2362 1434 Constantis
2413 1379 2793 1451 imperatoris
2847 1380 2940 1436 ira
2991 1380 3398 1435 ahntchantur
3443 1380 3505 1436 in
3536 1395 3678 1436 eum

2020 1466 2389 1536 indignantis
2437 1483 2509 1524 eo
2559 1469 2726 1541 quod
2773 1470 3142 1525 Constantini
3195 1470 3379 1541 patris
3419 1469 3679 1526 cadaver

2015 1553 2150 1612 loco
2180 1562 2452 1614 moverat
2476 1563 2533 1614 et
2551 1559 2806 1615 recentis
2837 1558 3019 1614 caedis
3035 1575 3223 1615 causa
3250 1559 3444 1614 fuerat
3461 1559 3558 1630 (de
3583 1558 3677 1614 his

2018 1645 2280 1702 diximus
2309 1651 2526 1719 antea),
2557 1648 2912 1720 aliquandiu
2944 1664 3130 1721 prope
3175 1647 3352 1722 Pylas
3378 1646 3674 1719 Bithyniae

299 1735 541 1806 ἔφθημεν,
577 1730 811 1808 διέτριϐε
837 1737 929 1808 μὲν
969 1738 1042 1796 εἶς
1076 1755 1126 1788 τι
1157 1740 1276 1808 περὶ
1319 1733 1496 1796 Πύλας
1535 1743 1632 1798 τῆς
1673 1737 1904 1797 Βιθυνίας

2016 1734 2219 1792 locum
2261 1742 2674 1793 commoratus
2728 1742 2842 1808 est,
2893 1738 2997 1793 ubi
3030 1742 3087 1794 et
3131 1742 3408 1793 mortuus
3435 1740 3542 1792 est.
3583 1736 3674 1792 Ad

297 1828 518 1898 χωρίον,
550 1825 674 1876 ἔνθα
698 1830 789 1876 καὶ
829 1822 1156 1883 ἐτελεύτησε·
1187 1828 1314 1898 πρὸς
1354 1821 1414 1878 δὲ
1450 1828 1573 1886 τοὺς
1601 1833 1694 1877 τοῦ
1734 1825 1906 1899 ἐτέρου

289 1917 481 1986 μέρους
536 1917 658 1973 ἤτοι
715 1916 836 1974 τοὺς
893 1912 1241 1988 Ἦμιαρείους,
1302 1919 1437 1987 φημὶ
1505 1911 1563 1967 δὲ
1614 1919 1736 1977 τοὺς
1776 1913 1908 1988 ἀμφὶ

287 2010 553 2078 Γεᾰιργιον
601 2007 690 2055 τὸν
742 1999 1062 2067 Λαοδικείας
1118 2008 1208 2056 καὶ
1261 2003 1524 2057 Βασίλειον
1579 2008 1664 2056 τόν
1723 2005 1908 2076 Ἀγκύ-

283 2113 407 2167 ρας,
454 2092 717 2157 ἀπέκλινε,
765 2097 858 2146 καὶ
903 2097 991 2146 τόν
1027 2096 1146 2147 Υἱὸν
1185 2094 1296 2147 κατ’
1327 2093 1516 2156 αὐτοὺς
1564 2090 1908 2167 ἐδογμάτιζεν

284 2185 625 2256 όμοιούσιον.

353 2377 425 2438 κ’,
461 2379 835 2454 Αἱρεσιοίρχης
875 2375 935 2431 δὲ
974 2378 1326 2452 φιλοτιμηθεὶς
1371 2379 1746 2455 ἀναρρηθῆναι,
1793 2401 1906 2433 και-

278 2473 490 2543 νοτερόν
532 2489 586 2521 τι
632 2472 1046 2542 προσεπενόησε,
1107 2475 1197 2523 καὶ
1252 2467 1602 2544 σφοδρότερον
1658 2469 1906 2529 ἐλύττησε

280 2562 419 2612 κατὰ
475 2565 573 2611 τοῦ
642 2558 797 2630 ἁγίου
857 2561 1188 2631 Πνεύματοςο
1252 2568 1406 2613 τοῦτο
1456 2562 1557 2635 γὰρ
1605 2565 1695 2613 καὶ
1749 2562 1798 2614 οἱ
1843 2565 1903 2614 τὸ

279 2651 596 2722 ὁμοιούσιον
624 2649 938 2720 εἰσάγοντες,
983 2652 1074 2701 καὶ
1118 2650 1167 2701 οἱ
1205 2653 1264 2702 τὸ
1295 2652 1471 2723 ὅμοιον
1509 2649 1778 2726 ληροῦντες
1813 2659 1904 2713 τῆς

279 2739 470 2800 οὐσίας
525 2743 730 2812 χωρὶς,
780 2743 872 2790 καὶ
925 2737 1097 2800 ἁπλῶς
1143 2740 1192 2791 οἱ
1238 2737 1339 2792 ἀπὸ
1385 2739 1660 2816 Ἀρειανῶν
1722 2743 1904 2803 πάντες

279 2833 493 2900 κτίσμα
529 2832 622 2900 μὲν
651 2828 827 2898 ἔλεγον
865 2832 957 2880 καὶ
984 2835 1076 2880 τοῦ
1105 2830 1229 2881 Υίοῦ
1274 2825 1702 2903 καταδεέστερον,
1739 2832 1899 2902 ὅμως,

285 2913 339 2970 δ’
373 2914 465 2969 οὖν
586 2917 717 2990 ἁγίᾳ
744 2913 946 2992 Τριάδι
985 2919 1369 2991 συνηρίθμουν·
1419 2918 1569 2980 οὗτος
1599 2915 1659 2972 δὲ
1687 2920 1713 2971 6
1742 2921 1903 2972 κατάο

288 3025 455 3082 ρατος
483 3006 554 3068 εἰς
577 3011 666 3064 τὴν
704 3003 942 3082 Τριάὸος
971 3006 1098 3059 αύτό
1131 3006 1393 3079 θεολογίαν
1426 3007 1899 3082 συναναλαμϐάνειν

2017 1840 2120 1880 eos
2149 1841 2288 1881 vero
2309 1827 2413 1898 qui
2431 1826 2677 1882 alteram
2703 1831 2934 1898 partem
2956 1826 3421 1892 constituebant,
3447 1825 3677 1882 Semia"

2016 1915 2219 1971 rianos
2248 1931 2489 1988 nempe,
2537 1916 2777 1985 Georgii
2839 1915 3169 1985 Laodiceae,
3197 1915 3394 1971 Basilii
3425 1917 3675 1986 Ancyrae

2016 2004 2278 2060 fautores
2303 2005 2643 2074 declinavit,
2676 2012 2730 2062 et
2765 2005 2997 2074 Filium,
3029 2006 3183 2062 sicut
3205 2010 3260 2062 et
3284 2005 3420 2078 ipsi,
3443 2005 3504 2060 in
3535 2003 3674 2062 sub-

2019 2094 2238 2151 stantia
2266 2095 2420 2152 Patri
2446 2094 2702 2152 similem
2729 2110 2860 2151 esse
2885 2095 3115 2154 docuit.

2086 2385 2180 2438 20.
2240 2384 2644 2440 Haeresiarcha
2700 2390 2901 2440 autem
2959 2384 3287 2441 renuntiari
3344 2386 3672 2456 peroptans

2013 2485 2241 2527 novum
2264 2473 2493 2546 aliquid
2521 2474 2898 2544 excogitavit,
2923 2479 2978 2530 et
3006 2475 3068 2530 in
3088 2472 3419 2547 quamdam
3451 2471 3673 2528 violen-

2012 2561 2224 2617 tiorem
2257 2561 2488 2618 rabiem
2520 2568 2732 2620 contra
2787 2563 3073 2637 Spiritum
3123 2569 3400 2619 sanctum
3441 2561 3669 2618 incidit.

2013 2648 2185 2705 Illum
2212 2652 2372 2707 enim
2403 2655 2461 2708 et
2489 2653 2592 2726 qui
2618 2651 2824 2710 Filium
2849 2652 3188 2709 substantia
3210 2653 3465 2708 similem
3484 2651 3671 2708 ﬁnxe-

2009 2745 2148 2796 rant
2185 2745 2242 2797 et
2295 2741 2400 2814 qui
2457 2743 2712 2800 similem
2756 2759 2885 2800 esse
2941 2744 3201 2801 dicendo
3249 2743 3670 2813 deliraverant,

2011 2836 2254 2902 excepta
2281 2831 2640 2900 substantia,
2675 2839 2862 2907 utque
2889 2849 3013 2888 uno
3044 2833 3229 2890 verbo
3251 2833 3472 2898 dicam,
3495 2836 3669 2905 quot-

2011 2927 2158 2994 quot
2185 2922 2439 2978 Arianas
2456 2928 2654 2996 partes
2685 2924 2991 2992 tenebant,
3019 2929 3355 2981 creaturam
3381 2923 3668 2996 Spiritum

2011 3009 2312 3080 dicebant,
2381 3012 2644 3086 Filioque
2705 3014 3042 3082 minorem,
3111 3013 3281 3069 illum
3340 3017 3541 3069 tamen
3605 3011 3669 3068 in

287 3093 557 3162 ἐξέκλινεν,
591 3097 808 3168 ἄμοιρον
834 3093 966 3149 εἶναι
994 3095 1155 3168 λέγων
1185 3105 1284 3149 τῶν
1309 3100 1554 3151 τοιούτων
1587 3097 1897 3172 πρεσϐείων,

2016 3110 2222 3156 sancta
2250 3101 2529 3158 Trinitate
2581 3103 3127 3170 connumerabant,
3159 3103 3255 3159 ille
3304 3108 3506 3159 autem
3545 3117 3669 3158 sce-

281 3182 536 3238 διάκονόν
566 3205 622 3238 τε
640 3191 734 3238 καὶ
761 3187 1029 3260 ὑπηρέτην
1051 3185 1239 3255 καλῶν,
1267 3191 1358 3239 καὶ
1398 3189 1500 3239 ὅσα
1529 3191 1646 3264 περὶ
1677 3186 1899 3260 ἀγγέλων

278 3295 364 3337 τις
385 3275 550 3347 λέγων
583 3275 678 3327 οὐκ
718 3275 780 3326 ἂν
809 3275 1040 3351 ἁμάρτοι
1064 3297 1076 3308 ·
1106 3277 1218 3328 ὅθεν
1255 3275 1411 3339 αὐτός
1457 3295 1512 3330 τε
1541 3282 1630 3329 καὶ
1674 3279 1705 3336 ἡ
1739 3278 1901 3331 αὐτοῦ

281 3369 560 3439 συμμορία
614 3366 1058 3437 πνευματομάχοι
1097 3368 1242 3440 παρά
1278 3375 1379 3418 τῶν
1421 3363 1713 3441 ὀρθοδόξων
1753 3367 1902 3426 ἐκλή-

281 3456 476 3512 θησαν.
549 3453 805 3518 Ηύξησαν
867 3451 928 3507 δε
993 3453 1227 3526 μάλιστα
1288 3460 1384 3514 τὴν
1447 3458 1647 3528 αἵρεσιν
1707 3459 1900 3516 ταύτην

273 3546 628 3620 Μαραθώνιος
675 3545 702 3595 ό
760 3540 1148 3617 Νικομηδείας,
1205 3543 1288 3618 ἀφ’
1339 3545 1427 3598 οὖν
1485 3549 1574 3597 καὶ
1633 3549 1900 3621 Μαραθω-

271 3639 443 3686 νίοινοὶ
472 3638 610 3708 πρός
638 3653 794 3686 τινων
847 3635 897 3685 οἱ
952 3630 1336 3686 Μακεδονιανοὶ
1373 3635 1778 3706 ὠνομάσθησαν,
1811 3641 1902 3689 καὶ

276 3721 546 3784 Ἐλεύσιος
593 3724 622 3774 6
668 3723 929 3783 Κυζίκου.
988 3722 1274 3776 Ἰουλιανοῦ
1343 3719 1402 3777 δὲ
1468 3722 1898 3796 βασιλεύσαντος,

286 3811 468 3875 ἀδείας
505 3822 568 3887 τῇ
632 3816 1003 3867 Κωνσταντίου
1057 3813 1265 3886 τελευτῇ
1326 3813 1600 3888 λαϐόμενοι
1656 3818 1704 3868 οἰ
1741 3836 1898 3870 πνευ-

289 3906 595 3976 ματομάχοι
630 3947 647 3973 ,
708 3904 779 3954 ὧν
837 3900 898 3960 ἧν
949 3903 1217 3966 Βασίλειος
1263 3905 1289 3956 6
1337 3902 1610 3980 ’Δγκύρας,
1663 3905 1902 3968 Σιλϐανός

288 3991 320 4044 ὁ
375 3998 623 4066 Ταρσοῦ,
685 3992 984 4054 Εύστάθιος
1048 3994 1073 4044 6
1142 3992 1489 4060 Σεϐαστείας,
1553 3995 1815 4058 Ἐλεύσιος
1875 3997 1900 4048 6

281 4083 543 4150 Κυζίκου,
611 4086 938 4143 Παυσίνικος
989 4083 1015 4133 6
1069 4083 1270 4151 Ζήλων,
1340 4089 1582 4147 Λεόντιος
1627 4087 1653 4137 6
1705 4087 1901 4158 Κωμά-

269 4192 395 4238 νων,
427 4171 833 4244 Καλλίστρατος
865 4173 890 4223 6
938 4171 1380 4240 Καλλιουπόλεως,
1412 4173 1658 4246 Θεόφιλος
1699 4176 1724 4226 ὁ
1761 4181 1901 4228 Kac--

266 4261 536 4328 ταϐάλων,
604 4265 896 4336 Σωφρόνιος
932 4262 958 4313 ό
1012 4263 1508 4335 Πομπηίουπόλεως,
1551 4270 1640 4316 καὶ
1679 4267 1728 4318 οἱ
1774 4268 1899 4318 τού-

265 4371 373 4404 των
424 4353 734 4424 ὁμόςνρονες,
782 4351 855 4412 εἰς
897 4347 1034 4404 ῖτῖιον
1083 4355 1335 4424 σύστημα
1386 4349 1752 4428 διεκρίθησαν,
1809 4359 1900 4407 καὶ

266 4438 674 4495 Μακεδονιανοὶ
761 4440 1036 4493 καλεῖσθαι
1115 4451 1339 4515 φανερῶς
1425 4443 1645 4518 ἤρξαντο

266 4529 437 4594 όόους
497 4537 554 4583 τέ
621 4551 767 4591 τινας
828 4535 1199 4604 ποιησάμενοι,
1260 4536 1382 4594 τοὺς
1459 4531 1590 4605 ἀμφὶ
1659 4533 1902 4587 Ἀκάκιον

269 4621 642 4698 ἐπεκήρυξαν.

339 4799 442 4857 ια’.
494 4798 770 4854 Ἰοϐιανοῦ
837 4795 898 4852 δὲ
963 4805 1056 4860 τῆς
1117 4797 1393 4872 βασιλείας
1442 4799 1898 4872 ἐπιϐατεύσαντος,

271 4887 477 4962 βιϐλίον
518 4891 672 4962 αύτῷ
721 4885 953 4950 θεησεως
1001 4883 1224 4957 ἔδωκαν,
1282 4889 1537 4953 ἀξιοῦντες
1592 4889 1901 4953 ἐξωθεῖσθαι

267 4990 368 5032 τῶν
426 4981 734 5040 ἐκκλησιῶν
798 4981 923 5041 τούς
988 4981 1046 5030 τό
1116 4976 1355 5051 ἀνόμοιον
1432 4976 1848 5052 δογματίζοντας
1882 5026 1898 5051 ,

266 5068 680 5146 ἐπεισάγεσθαι
743 5066 806 5122 δὲ
864 5069 1084 5129 ἑαυτούς
1125 5071 1191 5129 ὡς
1238 5073 1297 5122 τὸ
1363 5070 1643 5143 όμοούσιον
1707 5074 1900 5147 κηρύτ-

259 5181 454 5225 τοντας.
519 5163 582 5216 Ὀ
652 5157 716 5214 δὲ
786 5157 1046 5234 βασιλεὺς
1113 5156 1492 5233 ἀναποκρίτους
1553 5161 1736 5221 αύτούς
1803 5159 1898 5213 ἀπ-

253 5254 451 5327 έπεμψε
486 5296 500 5319 ,
561 5257 728 5328 μόνον
798 5255 964 5302 τοῦτο
1025 5245 1454 5321 ἐπιφθεγξάμενος
1497 5293 1510 5318 ,
1568 5256 1742 5321 μισεῖν
1806 5253 1898 5322 μὲν

249 5343 587 5416 φιλονεικίαν,
956 5333 1022 5389 δὲ
1088 5341 1208 5399 τούς
1251 5345 1314 5410 τῇ
1375 5339 1590 5411 ὁμονοίᾳ
1644 5345 1894 5415 προστρέ-

251 5453 454 5506 κοντας.
493 5439 826 5499 ﬁrma:
879 5423 946 5482 δὲ
997 5426 1024 5479 ὁ
1074 5425 1351 5498 φιλόνεικος
1401 5432 1593 5500 τρόπος
1639 5437 1738 5481 τῶν
1777 5435 1894 5503 περὶ

255 5521 476 5584 Ἀκάκιον
524 5526 900 5604 ἐξηλὴρχετο,
949 5519 1048 5570 καὶ
1096 5518 1160 5576 ὡς
1227 5519 1407 5575 εἴησαν
1467 5519 1546 5570 ἀεὶ
1591 5522 1722 5592 πρὸς
1777 5523 1895 5581 τοὺς

227 5631 530 5704 κρατοῦντας
593 5615 1042 5680 ἀποκλίνοντες.
1112 5605 1433 5670 Συνελθόντες
1496 5610 1599 5683 γὰρ
1668 5607 1716 5660 έν
1780 5609 1892 5662 Ἀν,

8 6368 600 6404 τ-

2009 3190 2193 3245 lestus
2242 3189 2303 3244 in
2335 3190 2562 3246 Triadis
2607 3192 2906 3265 theologia
2957 3209 3098 3249 eum
3156 3190 3669 3265 comprehendere

2010 3279 2224 3341 renuit.
2260 3279 2390 3336 talis
2419 3280 2726 3351 dignitatis
2753 3298 2877 3338 non
2899 3282 3254 3356 participem
3276 3298 3409 3339 esse
3439 3281 3664 3352 dicens,

2010 3367 2479 3442 ministrumque
2505 3375 2562 3426 et
2583 3387 2822 3426 servum
2849 3386 2989 3427 eum
3011 3387 3262 3440 vocans,
3283 3372 3476 3443 iisque
3497 3375 3669 3426 utens

2009 3457 2360 3514 nominibus
2382 3459 2604 3531 quibus
2633 3477 2708 3516 ne
2739 3461 2937 3532 angeli
2967 3461 3216 3535 quidem
3245 3475 3672 3532 nuncuparen-

2009 3550 2121 3603 tur.
2140 3547 2306 3604 Unde
2324 3548 2450 3621 ipse
2476 3555 2533 3605 et
2555 3550 2684 3620 ejus
2705 3551 2971 3607 consocii
2986 3551 3235 3623 Spiritus
3249 3549 3440 3606 sancti
3461 3549 3667 3605 adver-

2012 3636 2153 3692 sarii
2173 3637 2251 3692 ab
2272 3638 2624 3694 orthodoxis
2653 3639 2939 3711 appellati
2960 3644 3116 3696 sunt.
3145 3643 3441 3696 Auxerunt
3466 3643 3670 3694 autem

2008 3724 2167 3781 hanc
2211 3725 2486 3781 haeresim
2539 3729 2946 3784 Marathonius
2986 3729 3366 3797 Nicomediae,
3397 3744 3433 3784 a
3463 3743 3588 3800 quo
3614 3731 3672 3784 et

2011 3816 2441 3871 Marathoniani
2472 3832 2508 3872 a
2560 3818 2868 3874 nonnullis
2909 3818 3319 3876 Macedoniani
3375 3817 3674 3873 nominati

2011 3909 2242 3972 sunt,et
2266 3904 2534 3960 Eleusius
2579 3906 2791 3978 Cyzici.
2821 3907 3060 3963 Juliano
3084 3913 3287 3963 autem
3311 3909 3669 3978 imperante,

2010 3993 2388 4050 securitatem
2420 4009 2493 4050 ex
2522 3996 2850 4052 Constantii
2871 4001 3064 4052 morte
3089 3996 3291 4068 adepti
3313 3999 3669 4067 pneumato-

2011 4081 2230 4153 machi,
2257 4098 2327 4138 ex
2351 4099 2615 4155 quorum
2636 4101 2891 4141 numero
2914 4090 3086 4142 erant
3116 4085 3368 4143 Basilius
3395 4089 3668 4156 Ancyrae,

2013 4171 2290 4228 Silvanus
2317 4175 2502 4244 Tarsi,
2535 4176 2877 4232 Eustathius
2909 4175 3214 4244 Sebastiaa,
3265 4174 3533 4232 Eleusius
3562 4177 3675 4248 Cy-

2011 4261 2140 4329 zici,
2185 4263 2535 4319 Pausinicus
2567 4263 2860 4332 Zelarum,
2899 4267 3174 4322 Leontius
3205 4267 3508 4333 Comanae,
3541 4265 3672 4322 Cal-

2010 4349 2279 4407 listratus
2331 4353 2698 4425 Calliopolis,
2757 4355 3119 4427 Theophilus
3182 4355 3504 4420 Castabali,
3566 4357 3671 4412 So-

1680 4489 1693 4513 ,
1780 4464 1899 4496 συν·
1936 4440 2305 4515 Dphronius
2370 4443 2832 4516 Pompeiopolis,
2891 4461 3224 4518 eorumque
3291 4444 3552 4514 asseclae,
3609 4445 3671 4500 in

2011 4529 2327 4600 quoddam
2358 4533 2671 4604 proprium
2697 4533 3016 4603 collegium
3038 4533 3276 4590 discreti
3303 4537 3461 4604 sunt,
3481 4539 3538 4590 et
3557 4536 3673 4591 Ma-

2012 4617 2330 4676 cedoniani
2354 4621 2557 4677 vocari
2588 4623 2909 4679 manifeste
2930 4629 3258 4696 coeperunt,
3283 4624 3673 4696 synodosque

2011 4708 2316 4778 facientes,
2345 4710 2542 4767 Acacii
2569 4711 2831 4769 fautores
2862 4713 3482 4770 excommunicavere.

2079 4802 2166 4854 2t.
2191 4799 2447 4857 Joviano
2475 4801 2553 4857 ad
2578 4801 2807 4874 regiam
2830 4803 3182 4873 dignitatem
3204 4809 3430 4872 evecto,
3448 4802 3671 4859 librum

2009 4887 2088 4944 illi
2117 4891 2490 4960 rogatorium
2521 4890 2836 4960 dederunt,
2871 4893 3249 4966 postulantes
3281 4898 3345 4949 ut
3373 4892 3452 4949 ab
3490 4891 3675 4948 eccle-

2009 4979 2112 5035 siis
2152 4985 2499 5037 arcerentur
2528 4982 2634 5054 qui
2659 4982 2872 5038 Filium
2898 4999 3022 5039 non
3044 4983 3301 5039 similem
3341 4998 3470 5039 esse
3495 4981 3673 5038 doce-

2011 5068 2178 5141 bant,
2212 5069 2328 5142 ipsi
2357 5085 2501 5126 vero
2531 5070 3075 5139 introducerentur,
3101 5076 3165 5128 ut
3185 5071 3670 5129 consubstantia-

2004 5157 2126 5213 lem
2153 5158 2620 5231 proclamantes.
2654 5164 2989 5234 Imperator
3035 5165 3236 5218 autem
3276 5160 3409 5218 illos
3437 5161 3673 5234 absque

2007 5248 2302 5304 sententia
2341 5249 2591 5320 dimisit,
2647 5250 2796 5307 illud
2843 5255 3083 5307 tantum
3116 5251 3372 5321 addens,
3425 5269 3487 5308 se
3516 5251 3675 5310 rixa-

2004 5352 2141 5393 rum
2165 5337 2419 5410 cupidos
2450 5338 2675 5408 odisse,
2707 5340 2952 5412 diligere
2977 5357 3119 5398 vero
3140 5358 3242 5400 eos
3273 5343 3380 5416 qui
3416 5341 3496 5399 ad
3533 5358 3673 5400 con-

2005 5425 2274 5483 cordiam
2306 5434 2719 5502 properarent.
2741 5433 2889 5487 Tum
2911 5430 3182 5489 rixarum
3210 5433 3478 5490 studium
3501 5434 3670 5506 apud

2004 5515 2208 5572 Acacii
2257 5517 2520 5575 fautores
2575 5521 3152 5593 reprehendebatur,
3222 5522 3524 5597 simulque
3582 5524 3669 5579 cis

2001 5605 2446 5677 objurgabatur
2475 5609 2642 5682 quod
2665 5626 2905 5684 semper
2925 5611 3004 5669 ad
3023 5612 3389 5685 potentiores
3411 5612 3671 5669 declina-
