4136 6392
443 273 514 327 27
1754 266 2024 325 NICETIE
2063 265 2111 321 Ci

2221 265 2435 321 ἯΑΤᾸΞ
3746 268 3818 323 28

443 398 598 454 rent.
625 395 1059 454 Convenientes
1081 393 1240 452 enim
1274 395 1630 453 Antochiam
1655 394 1863 468 Syriae,
1888 394 1949 450 in
1981 392 2099 450 col-

2221 394 2418 463 τιοχείᾳ
2474 396 2570 452 τῆς
2627 392 2848 464 Συρίας,
2900 387 2972 452 εἰς
3037 386 3223 459 λόγους
3289 390 3534 464 ἔρχονται
3585 389 3816 464 Μελετίῳ

439 485 719 559 loquium
751 503 889 542 cum
913 486 1140 543 Meletio
1169 501 1409 554 venere,
1444 486 1550 560 qui
1589 483 2100 542 consubstantiale

446 576 726 633 docebat.
757 581 949 650 Atque
979 576 1061 633 ita
1099 583 1370 647 egerunt,
1398 582 1722 650 postquam
1752 592 1890 632 eum
1915 575 2102 631 hono-

444 670 644 722 ratum
669 667 872 722 videre
895 666 974 722 ab
1000 667 1362 738 imperatore
1404 667 1488 722 ibi
1521 672 1661 722 tunc
1687 665 1971 739 temporis
2003 664 2101 721 de-

447 759 644 826 gente.
676 756 1188 827 Communiigitur
1209 757 1500 812 sententia
1527 755 1846 812 concilium
1871 759 2102 828 septem

447 849 506 900 et
545 844 754 916 viginti
807 844 1231 918 episcoporum
1293 861 1720 913 convocavere,
1781 844 2103 916 libelloque

447 935 805 1007 composito,
853 935 1368 991 consubstantiale
1406 936 1662 991 confessi
1693 940 1868 1000 sunt;
1915 939 1971 990 et
2007 933 2103 990 Ni-

447 1039 680 1082 caenam
706 1023 890 1080 ﬁdem
919 1025 1348 1080 conﬁrmantes
1388 1025 1555 1080 illum
1595 1024 1940 1097 imperatori
1979 1029 2102 1079 tra-

447 1113 672 1170 didere.
706 1116 1004 1170 Praeerant
1024 1114 1165 1170 huic
1204 1115 1440 1186 synodo
1471 1114 1727 1171 Meletius
1755 1113 2101 1179 Antiochiae,

448 1203 738 1258 Eusebius
771 1205 1122 1273 Samosatae,
1176 1203 1427 1260 Aeacius
1487 1206 1788 1269 Caesareae,
1831 1203 2104 1275 Pelagius

451 1293 759 1350 Laodiceze
780 1295 841 1350 in
871 1295 1056 1366 Syria,
1089 1293 1453 1350 Athanasius
1480 1297 1760 1366 Ancyrae.

521 1386 610 1438 22.
646 1383 754 1439 Ubi
785 1388 989 1440 autem
1021 1383 1466 1439 Valentinianus
1491 1389 1548 1440 et
1577 1384 1788 1439 Valens
1809 1383 2106 1456 imperare

451 1477 782 1544 coeperunt,
815 1488 1028 1528 omnes
1053 1473 1462 1530 Macedoniani
1487 1474 1856 1544 deputarunt
1885 1489 1994 1545 pro
2041 1489 2105 1528 se

446 1561 713 1631 legatum
741 1561 820 1617 ad
860 1561 1344 1618 Valentinianum
1369 1565 1671 1635 Hypatum
1709 1562 1966 1619 Perinthi
1988 1562 2107 1634 epi-

451 1667 729 1723 scopum,
779 1656 1065 1721 rogantes
1118 1656 1185 1708 ut
1242 1652 1357 1707 sibi
1406 1652 1608 1709 liceret
1674 1653 1991 1709 convenire
2029 1651 2110 1708 ad

2211 480 2547 555 πρεσϐεύοντι
2573 483 2631 532 τὸ
2663 481 2974 553 όμοούσιον’
3018 485 3172 531 τοῦτο
3224 474 3283 531 δε
3324 477 3595 551 ἐποίησαν,
3631 477 3811 538 ἐπειδὴ

2211 575 2495 643 τιμώμενον
2544 571 2644 622 ὑπὸ
2702 577 2794 622 τοῦ
2839 568 3099 643 βασιλέως
3148 567 3316 641 ἐώρων
3366 567 3472 622 ἐκεῖ
3523 574 3637 624 τότε
3697 567 3816 624 διάο

2209 678 2388 730 γοντος
2413 681 2424 692 ·
2459 667 2602 733 κοινῇ
2637 655 2724 712 οὖν
2753 665 2933 733 γνώμῃ
2971 655 3190 711 σύνοδον
3223 657 3558 732 ἀθροίσαντες
3605 658 3816 715 ἐπισκό-

2211 768 2318 800 πων
2351 748 2480 801 ἐπτὰ
2507 753 2594 801 καὶ
2644 753 2830 816 εἴκοσι,
2873 747 3078 822 βιϐλίον
3129 750 3499 818 συντάττουσι,
3530 749 3817 823 καθομολο-

2210 845 2370 910 γουσι
2399 859 2452 891 τε
2475 843 2530 890 τὸ
2561 840 2840 912 ὁμοούσιον
2863 859 2875 873 ·
2917 843 3008 892 καὶ
3043 843 3132 897 τὴν
3172 837 3220 891 ἐν
3259 844 3452 912 Νικαίᾳ
3489 858 3816 913 κυρωσαντες

2212 932 2412 995 πίστιν,
2454 938 2526 1000 τῷ
2569 928 2782 1003 βασιλεί
2821 937 2975 982 τοῦτο
3026 926 3329 982 δεδώκασι·
3367 932 3589 1002 ἡγοῦντο
3631 926 3688 983 δε
3717 937 3818 992 τῆς

2216 1015 2441 1071 συνόδου
2481 1023 2672 1082 τούτης
2702 1019 2946 1080 Μελέτιος
2984 1020 3332 1092 Ἀντιοχείας,
3365 1019 3614 1082 Εὐσέϐιος
3645 1027 3816 1092 Σαμο-

2216 1110 2406 1173 σάτων,
2433 1107 2676 1170 Ἀκάκιος
2720 1113 3062 1182 Καισαρείας,
3100 1108 3352 1181 Πελάγιος
3381 1105 3700 1171 Λαοδικείας
3719 1116 3820 1170 τῆς

2212 1201 2348 1250 κατὰ
2378 1203 2586 1273 Συρίαν,
2621 1198 2926 1260 Ἀθανάσιος
2948 1199 3228 1272 Ἀγκύρας.

2285 1377 2393 1451 κβ“.
2441 1378 2585 1451 Ἀμα
2643 1375 2702 1431 δὲ
2770 1386 2842 1450 τῷ
2908 1376 3227 1451 βασιλεῦσαι
3292 1376 3663 1430 Ούαλεντιανὸν
3728 1380 3826 1430 καὶ

2216 1467 2496 1536 Οὐάλεντα,
2543 1471 2724 1530 πάντες
2783 1471 2831 1520 οἱ
2888 1465 3268 1521 Μακεδονιανοὶ
3299 1465 3642 1542 προεϐάλοντο
3691 1467 3824 1542 ὑπὲρ

2217 1557 2410 1610 ἑαυτῶν
2441 1557 2670 1633 πρέσϐυν
2722 1561 2848 1632 πρὸς
2893 1558 3264 1610 Οὗαλεντιανόν
3293 1559 3534 1610 Ύπάτιον
3575 1560 3660 1610 τόν
3706 1564 3830 1609 Πει-

2217 1649 2394 1722 ρίνθου
2427 1647 2729 1715 ἐπίσκοπον,
2759 1647 3022 1710 ἀξιοῦντες
3061 1645 3410 1720 ἐπιτραπῆναι
3457 1645 3828 1699 συνελθεῖνέπὶ

447 1740 868 1811 corrigendam
899 1741 1259 1798 doctrinam.
1313 1742 1641 1816 Respondit
1668 1748 1869 1799 autem
1899 1742 2110 1799 Valen-

2221 1735 2502 1812 διορθώσει
2551 1744 2642 1790 τοῦ
2701 1733 2984 1808 δόγματος.
3033 1735 3092 1788 Ὀ
3143 1733 3201 1789 δὲ
3259 1735 3633 1798 Ούαλεντιανὸς
3683 1737 3776 1808 ἔφη
3805 1755 3823 1769 ο

447 1831 713 1886 tinianus
747 1852 774 1880 «
807 1830 941 1887 Mihi
967 1846 1091 1886 non
1122 1831 1256 1888 licet
1309 1833 1370 1888 in
1424 1833 1630 1906 populi
1675 1832 1886 1888 ordine
1914 1833 2109 1904 posito

448 1919 593 1976 talia
613 1920 836 1989 agitare
862 1937 876 1988 ;
915 1920 1256 1976 sacerdotes
1287 1937 1426 1977 vero
1454 1921 1675 1994 quibus
1704 1921 1778 1978 de
1807 1921 1902 1978 his
1924 1925 2108 1977 rebus

451 2025 596 2065 cura
621 2013 730 2076 est,
763 2024 871 2081 per
901 2009 1133 2081 seipsos
1161 2026 1529 2083 quocunque
1553 2011 1870 2080 voluerint,
1899 2027 2111 2066 conve-

448 2097 640 2154 niant.
683 2098 893 2154 Statim
931 2098 1110 2169 igitur
1163 2099 1244 2156 illi
1299 2102 1700 2172 Lampsacum
1750 2116 2108 2172 convenere,

450 2187 727 2260 duosque
778 2203 1022 2244 menses
1061 2188 1551 2244 deliberationem
1605 2189 1893 2255 habuere,
1927 2194 1983 2246 et
2011 2189 2113 2246 de-

450 2280 767 2333 creverunt
797 2277 960 2333 irrita
990 2293 1123 2332 esse
1153 2294 1290 2350 quae
1316 2279 1643 2335 Antiochia:
1671 2279 1747 2334 ab
1775 2279 1922 2352 ipsis
1953 2278 2112 2336 facta

449 2367 689 2423 fuerant
719 2371 774 2422 et
804 2366 1018 2422 melius
1071 2383 1199 2423 esse
1236 2368 1442 2424 Filium
1477 2369 1630 2425 Patri
1673 2369 2010 2425 substantia
2035 2369 2112 2424 si-

450 2456 654 2512 milem
699 2472 829 2512 esse
886 2457 1140 2530 opinari.
1202 2459 1301 2513 His
1357 2458 1640 2525 deﬁnitis,
1708 2458 1982 2514 redeunti
2039 2475 2112 2515 ex

448 2545 699 2602 Thracia
743 2544 969 2602 Valenti
1022 2546 1184 2618 (cum
1241 2545 1420 2603 fratre
1474 2548 1636 2603 enim
1681 2551 1935 2603 Romam
1977 2563 2111 2619 pro-

447 2634 749 2691 ﬁciscente
797 2635 1176 2707 aliquantum
1225 2636 1452 2692 itineris
1497 2637 1758 2708 fecerat),
1811 2636 2110 2692 Heracleae

449 2728 864 2780 occurrerunt.
906 2724 1015 2790 Qui
1043 2724 1292 2797 quidem
1321 2725 1391 2780 iis
1421 2724 1611 2782 suasit
1631 2741 1706 2780 ne
1734 2725 1811 2780 ab
1841 2724 2110 2783 Eudoxio

450 2813 856 2870 dissentirent.
910 2813 1011 2870 Hic
1056 2818 1260 2870 autem
1313 2814 1660 2870 Macedonio
1714 2818 2108 2882 successerat,

449 2904 863 2977 Eunomioque
895 2908 953 2960 et
976 2904 1107 2976 ejus
1137 2903 1473 2960 fautoribus
1503 2905 1939 2961 consentiebat.
1962 2907 2110 2961 Cum

448 2996 649 3049 autem
673 2993 1034 3060 renuissent,
1059 3009 1163 3049 eos
1197 2993 1258 3048 in
1281 2993 1556 3051 exsilium
1583 2994 1664 3049 ire
1686 2994 1877 3064 jussit.
1903 2997 2112 3050 Postea

2222 1830 2366 1900 Ἐμοὶ
2393 1827 2450 1880 ού
2486 1829 2632 1901 Θέμις
2669 1830 2800 1900 μετὰ
2828 1826 2954 1880 λαοῦ
2980 1831 3273 1900 τεταγμένῳ
3318 1829 3384 1878 τὰ
3417 1835 3637 1879 τοιαῦτα
3664 1825 3824 1878 πολυ-

2218 1926 2533 1994 πραγμονεῖν
2554 1940 2565 1951 ·
2597 1920 2644 1970 οἱ
2679 1914 2738 1970 δὲ
2770 1919 2914 1992 ἱερεῖς
2944 1918 3020 1979 οἷς
3048 1920 3241 1969 τούτων
3262 1916 3422 1989 με’λει,
3455 1918 3576 1982 καθ,
3606 1915 3826 1978 ἑαυτούς

2218 2010 2318 2067 ὅπη
2354 2007 2632 2082 βούλονται
2665 2013 2978 2061 συνίτωσαν.
3010 2007 3174 2068 Εὐθὺς
3204 2003 3290 2059 οὖν
3339 2005 3520 2059 ἐκεῖνοι
3567 2005 3823 2064 συνῆλθον

2219 2099 2290 2160 εἰς
2320 2093 2636 2170 Λάμψακον,
2666 2102 2757 2149 κλὶ
2803 2094 2899 2150 δύο
2953 2095 3359 2170 βουλευσάμενοι
3409 2104 3596 2169 μῆνας,
3635 2095 3827 2169 ἐψηφί-

2221 2208 2376 2240 σαντο
2412 2190 2584 2261 ἄκυρα
2610 2185 2738 2240 εἶναι
2763 2190 2826 2240 τὰ
2848 2187 2898 2240 ἐν
2926 2187 3226 2259 Ἀντιοχείᾳ
3245 2206 3372 2262 παρ,
3397 2187 3565 2239 αὐτῶν
3592 2206 3824 2260 πεπραγ-

2219 2283 2365 2352 μένα,
2394 2283 2484 2330 καὶ
2504 2284 2706 2353 κρατεῖν
2737 2281 2795 2330 τό
2823 2282 2998 2350 ὅμοιον
3027 2274 3267 2339 δοξάζειν
3297 2285 3368 2348 τῷ
3397 2281 3565 2351 ΙΙατρὶ
3594 2279 3680 2328 τόν
3703 2279 3826 2330 Υὶόν

2219 2370 2333 2420 κατ’
2357 2368 2538 2420 οὐσίαν
2567 2390 2578 2401 ·
2622 2375 2787 2420 ταῦτα
2809 2369 3078 2442 ὁρίσαντες
3109 2365 3365 2419 ἐπανιόντι
3397 2376 3469 2439 τῷ
3492 2367 3743 2420 Ούάλεντι
3765 2366 3822 2419 ἐκ

2219 2465 2314 2519 τῆς
2367 2461 2578 2534 Θράκης
2641 2454 2724 2528 (ἦν
2767 2459 2868 2530 γὰρ
2930 2452 3295 2529 ἀποδημοῦντι
3348 2465 3420 2528 τῷ
3479 2453 3685 2529 ἀδελφῷ
3751 2456 3824 2518 εἰς

2216 2547 2416 2621 Ῥώμην
2447 2552 2612 2621 μέχρι
2640 2551 2779 2608 τινός
2831 2545 3212 2616 συναπελθὼν),
3242 2545 3289 2598 ἐν
3318 2545 3595 2620 Ἡρακλείᾳ
3648 2550 3829 2621 περιέ-

2217 2657 2402 2710 τυχον.
2434 2637 2492 2690 Ὀ
2552 2635 2610 2689 δε
2655 2635 2924 2710 ἐπέτρεψεν
2969 2635 3148 2698 αὐτοῖς
3187 2639 3256 2694 μὴ
3311 2632 3655 2710 διαφέρεσθαι
3698 2639 3829 2710 πρός

2218 2724 2498 2790 Εύδὸξιον’
2558 2723 2619 2785 ἦν
2666 2723 2723 2779 δὲ
2775 2726 2921 2785 οὗτος
2964 2721 3338 2798 διαδεξάμενος
3375 2722 3694 2778 Μακεδόνιον
3733 2729 3829 2776 καὶ

2222 2820 2470 2890 σύμφρων
2491 2817 2727 2889 Εὐνομίῳ
2753 2820 2842 2868 καὶ
2874 2821 2982 2878 τοῖς
3007 2817 3142 2868 κατὰ
3171 2822 3371 2869 τοῦτον.
3398 2815 3538 2869 Ἐπεὶ
3565 2812 3624 2868 δὲ
3652 2812 3824 2866 ἀντει-

2217 2927 2334 2974 πον,
2377 2905 2632 2960 ἐκέλευσεν
2691 2906 2875 2967 αύτούς
2931 2907 3373 2981 ύπερορισοῆναι·
3433 2909 3705 2979 μετέπειτα
3765 2901 3825 2958 δὲ

2221 2996 2432 3068 ἀγαγὼν
2483 2995 2743 3049 Ἐλεύσιον
2816 2995 3051 3056 ἐϐιάζετο
3112 3003 3368 3048 κοινωνεῖν
3438 2992 3672 3067 Εύδοξίῳ
3730 3002 3823 3056 τῆς

447 3097 591 3138 vero
624 3082 929 3138 Eleusium
957 3081 1214 3152 reduxit,
1241 3083 1556 3156 coegitque
1583 3087 1648 3140 ut
1669 3099 1806 3139 eum
1843 3083 2109 3138 Eudoxio

2221 3092 2468 3148 πίστεως.
2495 3086 2554 3138 Ὀ
2601 3082 2659 3138 δὲ
2703 3089 2759 3138 τὸ
2807 3089 2897 3158 μέν
2939 3092 3141 3158 πρῶτον
3171 3087 3474 3138 άντέτεινεν·
3505 3082 3613 3138 εἶτα
3643 3087 3828 3158 ύπερο⁹

449 3169 511 3227 in
568 3170 688 3226 ﬁde
754 3171 1135 3227 consentiret.
1199 3176 1280 3227 Ac
1333 3171 1630 3245 principio
1697 3172 1793 3227 ille
1857 3172 2109 3240 restitit;

449 3259 668 3315 deinde
690 3275 832 3316 vero
859 3259 1134 3315 exsilium
1159 3265 1216 3316 et
1241 3260 1660 3332 expulsionem
1687 3259 2111 3330 reformidans,

449 3349 618 3421 quod
638 3351 848 3421 jussus
878 3355 1022 3421 erat,
1056 3349 1228 3416 fecit;
1270 3355 1329 3406 at
1369 3350 1567 3406 statim
1625 3367 1764 3406 eum
1813 3351 2109 3423 paenituit.

450 3439 729 3511 Cyzicum
756 3439 916 3495 enim
943 3439 1182 3495 rediens
1213 3445 1529 3512 peccatum
1558 3456 1736 3495 suum
1767 3441 1828 3496 in
1857 3440 2115 3497 ecclesia

450 3528 760 3585 confessus
791 3533 900 3599 est,
935 3545 1198 3602 suosque
1245 3530 1518 3587 hortatus
1549 3534 1639 3586 est
1687 3535 1753 3586 ut
1785 3529 1898 3586 sibi
1927 3530 2112 3586 alium

449 3619 804 3692 episcopum
845 3619 1150 3691 eligerent,
1208 3636 1279 3677 eo
1333 3621 1498 3693 quod
1557 3621 1688 3693 ipse
1754 3621 2112 3677 necessitate

449 3709 802 3781 compulsus
850 3709 1158 3783 propriam
1189 3710 1528 3767 doctrinam
1587 3710 1918 3768 abnuisset.
1949 3709 2110 3783 Cyzi-

449 3799 578 3855 ceni
617 3803 820 3856 autem
851 3815 961 3856 suo
992 3815 1137 3871 erga
1167 3815 1308 3856 eum
1340 3816 1546 3855 amore
1578 3799 1718 3856 victi
1749 3799 1906 3854 illius
1934 3799 2114 3855 haere-

449 3888 563 3945 sim
591 3905 717 3946 non
747 3888 1064 3958 admisere,
1098 3905 1382 3946 mansere
1413 3905 1556 3945 vero
1583 3892 1794 3960 postea
1821 3889 1936 3945 sub
1957 3889 2114 3945 illius

449 3978 925 4048 gubernatione;
957 3995 1082 4052 quo
1129 3979 1358 4049 audito,
1399 3978 1707 4035 Eudoxius
1748 3979 2114 4035 Eunomium

448 4067 509 4124 in
533 4069 725 4140 Cyzici
755 4069 1175 4142 episcopatum
1202 4067 1520 4141 proposuit

519 4163 608 4214 23.
638 4157 882 4230 Expulsi
941 4162 1082 4214 sunt
1129 4157 1207 4214 ab
1239 4157 1512 4212 Eudoxio
1565 4155 2114 4228 Constantinopolis

450 4246 736 4318 episcopo
761 4250 818 4302 et
847 4245 1089 4301 Valente
1113 4245 1481 4318 imperatore
1508 4259 1631 4300 non
1655 4244 1840 4299 modo
1853 4244 1959 4316 qui
1978 4261 2118 4300 con-

451 4334 914 4392 substantialem
965 4334 1173 4390 Filium
1222 4333 1684 4406 profitebantur,
1728 4333 1834 4389 sed
1888 4334 2016 4404 jam
2059 4338 2116 4390 et

452 4425 572 4500 ipsi
594 4423 1042 4490 Macedoniani;
1076 4424 1178 4496 qui
1210 4424 1494 4495 injuriam
1537 4439 1660 4479 non
1696 4423 1974 4489 ferentes,
2003 4429 2117 4480 sta-

448 4520 690 4574 tuerunt
720 4515 799 4572 ad
829 4515 1212 4587 imperatoris
1240 4514 1481 4570 fratrem
1507 4519 1564 4570 et
1589 4514 1666 4570 ad
1691 4513 1991 4570 Liberium
2009 4518 2116 4571 Ro-

449 4620 566 4662 mae
588 4603 942 4676 episcopum
982 4601 1330 4672 confugere,
1364 4618 1575 4657 eorum
1618 4602 1802 4658 ﬁdem
1834 4601 2116 4675 amplecti

449 4709 637 4768 quam
651 4709 790 4749 cum
803 4691 1073 4748 Eudoxio
1089 4691 1541 4748 communicare
1563 4692 1971 4763 praeferentes.
1995 4692 2115 4749 Mit-

448 4783 769 4854 tuntigitur
781 4782 1154 4838 Eustathium
1174 4781 1456 4839 Sebastiaa
1470 4781 1850 4838 etSilvanum
1863 4782 2042 4852 Tarsi,
2061 4787 2118 4838 et

446 4872 842 4946 Theophilum
865 4870 1167 4927 Castabali
1199 4872 1260 4926 in
1283 4870 1514 4939 Cilicia;
1548 4870 1654 4944 qui
1677 4875 2003 4944 postquam
2028 4871 2113 4926 Li-

447 4963 682 5020 berium
705 4960 926 5032 adiere,
957 4960 1165 5016 Arium
1201 4960 1690 5018 condemnantet
1715 4959 1983 5017 similiter
2012 4976 2116 5016 eos

449 5052 555 5125 qui
589 5051 720 5108 Ario
752 5049 1210 5107 consentiebant
1253 5050 1504 5122 ejusque
1549 5049 1889 5106 doctrinam
1935 5050 2118 5106 doce-

448 5143 616 5208 bant,
644 5140 921 5211 rejiciunt
947 5143 1152 5196 autem
1181 5155 1429 5195 omnem
1468 5138 1731 5195 haeresin
1772 5139 1909 5194 ﬁdei
1942 5139 2119 5196 Nicae-

449 5246 544 5287 nte
599 5230 1006 5298 contrariam;
1049 5233 1107 5286 et
1154 5228 1671 5285 consubstantiale
1731 5228 2121 5284 solummodo

448 5317 771 5390 recipiunt,
804 5318 864 5374 in
898 5333 968 5374 eo
1018 5333 1201 5374 sensu
1231 5317 1398 5390 quod
1451 5317 1581 5373 haec
1626 5332 1744 5372 vox
1779 5316 2122 5374 substantia

453 5407 711 5464 similem
751 5406 1139 5478 signiﬁcaret.
1190 5407 1356 5463 Hanc
1413 5423 1624 5463 eorum
1675 5406 2121 5462 confessionem

451 5498 736 5570 scriptam
797 5497 1096 5569 accipiens
1150 5497 1467 5565 Liberius,
1519 5513 1661 5554 cum
1714 5496 1828 5552 illis
1868 5512 2117 5554 causam

451 5588 571 5662 egit
580 5607 598 5661 ;
621 5587 949 5662 litterisque
986 5587 1064 5644 ab
1099 5586 1200 5645 illo
1237 5587 1527 5662 acceptis,
1566 5587 1630 5644 in
1665 5586 1925 5645 Siciliam
1956 5587 2122 5644 navi-

2221 3182 2340 3252 ρίας
2379 3179 2542 3248 φυγὴν
2589 3179 2680 3228 καὶ
2721 3171 2979 3247 δήμευσιν
3030 3171 3318 3244 δειλιάσας,
3372 3177 3429 3227 τὸ
3487 3176 3827 3250 προσταχθὲν

2223 3265 2402 3319 ἐποίει”
2432 3270 2521 3317 καὶ
2548 3265 2694 3326 εὐθὺς
2710 3264 3030 3338 μετεμέλετο,
3059 3263 3341 3318 ἐπανελθών
3360 3267 3459 3338 γὰρ
3483 3265 3555 3326 εἰς
3577 3265 3826 3338 Κύζικον,

2223 3361 2316 3414 τὴν
2363 3354 2616 3428 ἁμαρτίαν
2649 3354 2728 3407 ἐπὶ
2767 3363 2858 3416 τῆς
2907 3353 3187 3417 ἐκκλησίας
3227 3354 3508 3426 ἐξήγγειλε,
3537 3359 3628 3407 καὶ
3660 3357 3832 3417 ζητεῖν

2225 3445 2424 3508 ἑαυτοῖς
2449 3446 2614 3520 ἕτερον
2646 3447 2927 3497 ἐπίσκοπον
2961 3446 3222 3518 ἐπέτρεπε,
3256 3440 3397 3497 διότι
3427 3443 3584 3506 αὐτὸς
3626 3442 3827 3518 ἀνάγκῃ

2223 3539 2281 3588 τό
2313 3536 2499 3588 οἰκεῖον
2545 3536 2812 3609 ἠρνήσατο
2872 3531 3068 3607 δόγμα.
3127 3534 3414 3595 Κυζικηνοὶ
3457 3531 3537 3600 δὲ,
3596 3542 3658 3606 τῇ
3712 3539 3832 3608 περὶ

2223 3633 2404 3678 τοῦτον
2463 3625 2807 3700 φιλοστοργίᾳ
2874 3627 3255 3698 κρατούμενοι,
3323 3632 3419 3686 τῆς
3489 3626 3579 3697 μὲν
3636 3622 3831 3685 οἰκείας

2225 3718 2473 3791 αἱρέσεως
2525 3714 2583 3767 ού
2641 3717 2980 3788 μετετίθεντο,
3042 3717 3212 3788 ἔμενον
3263 3711 3322 3768 δὲ
3369 3715 3508 3787 ὅμως
3569 3713 3655 3766 ὑπ’
3688 3712 3831 3784 αύτῷ

2223 3811 2527 3878 ταττόμενοι
2548 3826 2560 3838 ο
2593 3806 2714 3880 ὅπερ
2747 3807 2926 3877 μαθὼν
2958 3802 3212 3869 Εύδόξιος
3249 3803 3554 3880 προεϐάλετο
3581 3803 3832 3876 Εὖνὸμιον

2226 3896 2292 3957 εἰς
2328 3899 2420 3954 τὴν
2455 3895 2686 3956 Κυζίκου
2720 3893 3033 3954 ἐπισκοπὴν.

2297 4146 2395 4220 κγ’.
2429 4145 2738 4199 Ἠλαύνοντο
2792 4141 2851 4198 δὲ
2888 4147 3030 4218 παρὰ
3097 4141 3353 4208 Εύδοξίου
3412 4152 3504 4197 τοῦ
3559 4152 3834 4198 Κώνσταν-

2224 4257 2366 4291 τινου
2407 4237 2596 4298 πόλεως
2627 4235 2915 4289 ἐπισκόπου
2963 4240 3050 4288 καὶ
3102 4235 3386 4296 Οὐάλεντος
3439 4242 3528 4288 τοῦ
3576 4233 3840 4308 βασιλέως

2227 4327 2331 4399 οὐχ
2375 4329 2423 4379 οἱ
2475 4329 2561 4380 τόν
2605 4327 2882 4399 όμοούσιον
2926 4324 3287 4400 πρεσϐεύοντες
3338 4329 3515 4398 μόνον,
3576 4324 3683 4376 ἀλλ’
3723 4321 3833 4384 ἤδη

2226 4422 2316 4470 καὶ
2347 4421 2497 4470 αὐτοὶ
2550 4419 2598 4469 οἱ
2650 4411 3032 4469 Μακεδονιανοί
3056 4437 3068 4448 '
3104 4414 3151 4468 οἳ
3199 4419 3309 4483 καὶ,
3343 4420 3414 4488 μὴ
3467 4419 3700 4488 φέροντες
3740 4420 3836 4473 τὴν

2226 4507 2491 4582 ἐπήρειαν,
2527 4504 2634 4559 δεῖν
2674 4509 2903 4578 ἔγνωσαν
2960 4511 3277 4578 καταφυγεῖν
3309 4503 3392 4556 ἐπὶ
3443 4508 3530 4556 τὸν
3580 4511 3670 4556 τοῦ
3731 4501 3836 4575 βα-

2229 4597 2408 4658 σιλέως
2465 4593 2704 4668 ἀδελφὸν,
2765 4600 2854 4648 καὶ
2909 4594 2992 4648 ἐπὶ
3053 4594 3291 4669 Λιϐἐριον
3348 4597 3434 4645 τὸν
3466 4593 3666 4666 Ῥώμης
3721 4591 3807 4646 ἐπί

2235 4705 2448 4753 σκοπον,
2509 4685 2846 4749 ἀσπάζεσθαι
2915 4684 3106 4757 μᾶλλον
3177 4684 3402 4756 ὓόμενοι
3465 4688 3558 4741 τὴν
3633 4681 3837 4734 ἐκείνων

2227 4782 2406 4830 πίστιν
2460 4775 2489 4833 ἦ
2551 4783 2807 4827 κοινωνεῖν
2855 4782 2966 4837 τοῖς
3030 4778 3148 4850 περὶ
3200 4769 3486 4837 Εύδὸξιον·
3537 4777 3834 4845 πέμπουσιν

2228 4867 2314 4920 οὖν
2382 4865 2672 4919 Εύστάθιον
2728 4868 2815 4916 τόν
2871 4863 3213 4929 Σεϐαστείας,
3275 4868 3366 4916 καὶ
3437 4861 3678 4915 Σιλϐανόν
3745 4866 3836 4915 τόν

2227 4960 2460 5032 Ταρσοῦ,
2496 4960 2586 5008 καὶ
2618 4953 2866 5027 Θεόφιλον
2896 4957 2982 5005 τόν
3034 4951 3386 5006 Κασταϐάλων
3434 4961 3530 5013 τῆς
3562 4951 3799 5014 Κιλικίας
3822 4975 3836 4987 ο

2229 5045 2276 5099 οἳ
2334 5049 2422 5098 καὶ
2459 5087 2471 5110 ,
2530 5048 2660 5118 πρὸς
2722 5043 2955 5118 Λιϐἐριον
3022 5047 3474 5119 παραγεγονότες,
3541 5047 3835 5113 καταγινώ-

2233 5155 2425 5189 σκουσι
2482 5137 2571 5207 μὲν
2619 5135 2819 5209 Ἀρείου
2870 5138 3098 5185 καὶτῶν
3149 5135 3336 5205 ὁμοίως
3397 5131 3534 5204 αὐτῷ
3593 5134 3844 5206 φρονούν-

2228 5246 2328 5278 των
2404 5229 2494 5277 καὶ
2562 5220 2963 5276 διδασκόντων’
3035 5221 3464 5297 ἀποκηρύττουσι
3532 5217 3592 5274 δε
3664 5226 3842 5273 πᾶσαν

2230 5317 2431 5390 αἳρεσιν
2508 5313 2896 5387 ἐναντιουμένην
2972 5320 3034 5385 τῇ
3104 5317 3278 5364 πίστει
3349 5319 3444 5374 τῆς
3511 5310 3559 5363 ἐν
3643 5315 3845 5383 Νικαίᾳ

2235 5402 2494 5458 συνόδου·
2550 5408 2736 5456 καὶτὸ
2779 5403 3058 5476 ὁμοούσιον
3115 5406 3267 5475 μόνον
3327 5398 3600 5474 δέχονται,
3647 5402 3716 5462 ὡς
3767 5409 3842 5472 τῷ

2233 5497 2393 5567 ὁμοίῳ
2441 5495 2553 5548 κατ’
2595 5492 2778 5546 ούσίαν
2825 5495 3013 5544 ταυτὸν
3083 5499 3359 5564 σημαῖνον.
3417 5493 3623 5548 Ταύτην
3673 5490 3842 5542 αὐτῶν

2231 5589 2326 5644 τήν
2393 5584 2667 5659 ὁμολογίαν
2734 5585 2987 5657 ἔγγραφον
3044 5580 3210 5634 λαϐὼν
3275 5583 3300 5634 ό
3366 5579 3605 5655 Λιϐἐριος
3638 5623 3653 5648 ,
3700 5578 3843 5632 ἐκοι-
