  <div class='ocr_page' id='page_1' title='image "/cluster/home/n/w/nwhite01/storage/ocr_20150623/140/coo.31924054870450/024.png"; bbox 0 0 4136 6400; ppageno 0'>
   <div class='ocr_carea' id='block_1_1' title="bbox 256 268 326 323">
    <p class='ocr_par' dir='ltr' id='par_1_1' title="bbox 256 268 326 323">
     <span class='ocr_line' id='line_1_1' title="bbox 256 268 326 323; baseline 0 0"><span class='ocrx_word' id='word_1_1' title='bbox 256 268 326 323; x_wconf 82' lang='lat'>29</span> 
     </span>
    </p>
   </div>
   <div class='ocr_carea' id='block_1_2' title="bbox 1642 283 2302 344">
    <p class='ocr_par' dir='ltr' id='par_1_2' title="bbox 1642 283 2302 344">
     <span class='ocr_line' id='line_1_2' title="bbox 1642 283 2302 344; baseline 0.006 -4"><span class='ocrx_word' id='word_1_2' title='bbox 1642 283 1991 342; x_wconf 84' lang='lat' dir='ltr'>THESAUBI</span> <span class='ocrx_word' id='word_1_3' title='bbox 2040 285 2170 343; x_wconf 91' lang='lat' dir='ltr'><strong>LIB.</strong></span> <span class='ocrx_word' id='word_1_4' title='bbox 2210 285 2302 344; x_wconf 85' lang='lat' dir='ltr'>VI.</span> 
     </span>
    </p>
   </div>
   <div class='ocr_carea' id='block_1_3' title="bbox 3590 297 3661 352">
    <p class='ocr_par' dir='ltr' id='par_1_3' title="bbox 3590 297 3661 352">
     <span class='ocr_line' id='line_1_3' title="bbox 3590 297 3661 352; baseline 0 0"><span class='ocrx_word' id='word_1_5' title='bbox 3590 297 3661 352; x_wconf 87' lang='lat' dir='ltr'>3O</span> 
     </span>
    </p>
   </div>
   <div class='ocr_carea' id='block_1_4' title="bbox 261 390 1869 487">
    <p class='ocr_par' dir='ltr' id='par_1_4' title="bbox 261 390 1869 487">
     <span class='ocr_line' id='line_1_4' title="bbox 261 390 1869 487; baseline 0.012 -44"><span class='ocrx_word' id='word_1_6' title='bbox 261 398 492 487; x_wconf 64' lang='grc' dir='ltr'><strong>νώνησιν</strong></span> <span class='ocrx_word' id='word_1_7' title='bbox 541 393 746 460; x_wconf 72' lang='grc' dir='ltr'><strong>αὐτοῖς·</strong></span> <span class='ocrx_word' id='word_1_8' title='bbox 804 402 904 453; x_wconf 80' lang='grc' dir='ltr'>καὶ</span> <span class='ocrx_word' id='word_1_9' title='bbox 959 390 1254 478; x_wconf 79' lang='grc' dir='ltr'><strong>γράμματα</strong></span> <span class='ocrx_word' id='word_1_10' title='bbox 1287 407 1416 482; x_wconf 83' lang='grc' dir='ltr'><strong>παρ’</strong></span> <span class='ocrx_word' id='word_1_11' title='bbox 1439 407 1601 462; x_wconf 75' lang='grc' dir='ltr'><strong>αὐτοῦ</strong></span> <span class='ocrx_word' id='word_1_12' title='bbox 1631 405 1869 470; x_wconf 79' lang='grc' dir='ltr'><strong>λαϐόντες</strong></span> 
     </span>
    </p>
   </div>
   <div class='ocr_carea' id='block_1_5' title="bbox 1982 390 3658 487">
    <p class='ocr_par' dir='ltr' id='par_1_5' title="bbox 2003 412 3658 487">
     <span class='ocr_line' id='line_1_5' title="bbox 2003 412 3658 487; baseline 0.006 -22"><span class='ocrx_word' id='word_1_13' title='bbox 2003 415 2334 480; x_wconf 82' lang='lat' dir='ltr'>gaverunt;</span> <span class='ocrx_word' id='word_1_14' title='bbox 2362 413 2724 487; x_wconf 89' lang='lat' dir='ltr'>synodoque</span> <span class='ocrx_word' id='word_1_15' title='bbox 2764 412 2851 471; x_wconf 88' lang='lat' dir='ltr'>ibi</span> <span class='ocrx_word' id='word_1_16' title='bbox 2885 418 3275 487; x_wconf 85' lang='lat' dir='ltr'>congregata,</span> <span class='ocrx_word' id='word_1_17' title='bbox 3306 416 3521 475; x_wconf 87' lang='lat' dir='ltr'>eadem</span> <span class='ocrx_word' id='word_1_18' title='bbox 3558 418 3658 475; x_wconf 91' lang='lat' dir='ltr'>de-</span> 
     </span>
    </p>
   </div>
   <div class='ocr_carea' id='block_1_6' title="bbox 264 479 1894 570">
    <p class='ocr_par' dir='ltr' id='par_1_6' title="bbox 264 479 1894 570">
     <span class='ocr_line' id='line_1_6' title="bbox 264 479 1894 570; baseline 0.012 -38"><span class='ocrx_word' id='word_1_19' title='bbox 264 479 520 535; x_wconf 75' lang='grc' dir='ltr'><strong>ἓπλευσαν</strong></span> <span class='ocrx_word' id='word_1_20' title='bbox 569 484 645 548; x_wconf 85' lang='grc' dir='ltr'>εἰς</span> <span class='ocrx_word' id='word_1_21' title='bbox 683 486 944 541; x_wconf 76' lang='grc' dir='ltr'>Σικελίαν·</span> <span class='ocrx_word' id='word_1_22' title='bbox 1009 490 1237 547; x_wconf 78' lang='grc' dir='ltr'>συνόδου</span> <span class='ocrx_word' id='word_1_23' title='bbox 1295 479 1373 550; x_wconf 30' lang='grc' dir='ltr'><strong>δὲ.</strong></span> <span class='ocrx_word' id='word_1_24' title='bbox 1405 496 1555 551; x_wconf 78' lang='grc' dir='ltr'><strong>κάκεῖ</strong></span> <span class='ocrx_word' id='word_1_25' title='bbox 1603 500 1894 570; x_wconf 80' lang='grc' dir='ltr'><strong>συναχθεί-</strong></span> 
     </span>
    </p>
   </div>
   <div class='ocr_carea' id='block_1_7' title="bbox 272 576 1892 662">
    <p class='ocr_par' dir='ltr' id='par_1_7' title="bbox 272 576 1892 662">
     <span class='ocr_line' id='line_1_7' title="bbox 272 576 1892 662; baseline 0.012 -40"><span class='ocrx_word' id='word_1_26' title='bbox 272 590 390 641; x_wconf 71' lang='grc' dir='ltr'><strong>σης,</strong></span> <span class='ocrx_word' id='word_1_27' title='bbox 435 577 528 627; x_wconf 80' lang='grc' dir='ltr'><strong>καὶ</strong></span> <span class='ocrx_word' id='word_1_28' title='bbox 575 577 645 628; x_wconf 79' lang='grc' dir='ltr'><strong>τὰ</strong></span> <span class='ocrx_word' id='word_1_29' title='bbox 698 576 838 632; x_wconf 78' lang='grc' dir='ltr'>αύτά</span> <span class='ocrx_word' id='word_1_30' title='bbox 883 578 1267 657; x_wconf 62' lang='grc' dir='ltr'><strong>ψηφισαμένων</strong></span> <span class='ocrx_word' id='word_1_31' title='bbox 1291 594 1392 640; x_wconf 84' lang='grc' dir='ltr'>τῶν</span> <span class='ocrx_word' id='word_1_32' title='bbox 1415 583 1546 662; x_wconf 78' lang='grc' dir='ltr'><strong>τῇδε</strong></span> <span class='ocrx_word' id='word_1_33' title='bbox 1570 587 1892 661; x_wconf 76' lang='grc' dir='ltr'><strong>ἐπισκόπων,</strong></span> 
     </span>
    </p>
   </div>
   <div class='ocr_carea' id='block_1_8' title="bbox 273 658 581 721">
    <p class='ocr_par' dir='ltr' id='par_1_8' title="bbox 273 658 581 721">
     <span class='ocr_line' id='line_1_8' title="bbox 273 658 581 721; baseline 0 -7"><span class='ocrx_word' id='word_1_34' title='bbox 273 658 581 721; x_wconf 74' lang='grc' dir='ltr'><strong>ἐπανῆλθον.</strong></span> 
     </span>
    </p>
   </div>
   <div class='ocr_carea' id='block_1_9' title="bbox 343 765 1892 856">
    <p class='ocr_par' dir='ltr' id='par_1_9' title="bbox 343 765 1892 856">
     <span class='ocr_line' id='line_1_9' title="bbox 343 765 1892 856; baseline 0.013 -36"><span class='ocrx_word' id='word_1_35' title='bbox 343 765 453 825; x_wconf 81' lang='grc' dir='ltr'><strong>κδ’.</strong></span> <span class='ocrx_word' id='word_1_36' title='bbox 480 770 613 824; x_wconf 80' lang='grc' dir='ltr'><strong>Κατ’</strong></span> <span class='ocrx_word' id='word_1_37' title='bbox 640 771 803 829; x_wconf 79' lang='grc' dir='ltr'><strong>ἐκεῖνο</strong></span> <span class='ocrx_word' id='word_1_38' title='bbox 844 772 905 829; x_wconf 70' lang='grc' dir='ltr'>δὲ</span> <span class='ocrx_word' id='word_1_39' title='bbox 933 786 1123 852; x_wconf 79' lang='grc' dir='ltr'>καιροῦ</span> <span class='ocrx_word' id='word_1_40' title='bbox 1164 778 1384 836; x_wconf 86' lang='grc' dir='ltr'><strong>σύνοδον</strong></span> <span class='ocrx_word' id='word_1_41' title='bbox 1416 781 1644 856; x_wconf 75' lang='grc' dir='ltr'><strong>ἀγόντων</strong></span> <span class='ocrx_word' id='word_1_42' title='bbox 1669 784 1718 838; x_wconf 79' lang='grc' dir='ltr'><strong>ἐν</strong></span> <span class='ocrx_word' id='word_1_43' title='bbox 1747 788 1892 840; x_wconf 89' lang='grc' dir='ltr'><strong>Τυά-</strong></span> 
     </span>
    </p>
   </div>
   <div class='ocr_carea' id='block_1_10' title="bbox 271 859 1890 943">
    <p class='ocr_par' dir='ltr' id='par_1_10' title="bbox 271 859 1890 943">
     <span class='ocr_line' id='line_1_10' title="bbox 271 859 1890 943; baseline 0.012 -33"><span class='ocrx_word' id='word_1_44' title='bbox 271 876 379 919; x_wconf 83' lang='grc' dir='ltr'><strong>νοις</strong></span> <span class='ocrx_word' id='word_1_45' title='bbox 400 859 662 915; x_wconf 71' lang='grc' dir='ltr'><strong>Εὖσεϐίου</strong></span> <span class='ocrx_word' id='word_1_46' title='bbox 682 871 777 916; x_wconf 74' lang='grc' dir='ltr'><strong>τοῦ</strong></span> <span class='ocrx_word' id='word_1_47' title='bbox 800 871 1121 943; x_wconf 77' lang='grc' dir='ltr'>Καισαρείας</span> <span class='ocrx_word' id='word_1_48' title='bbox 1142 869 1546 943; x_wconf 69' lang='grc' dir='ltr'><strong>Καππαδοκίας,</strong></span> <span class='ocrx_word' id='word_1_49' title='bbox 1575 874 1890 930; x_wconf 88' lang='grc' dir='ltr'><strong>Ἀθανασίου</strong></span> 
     </span>
    </p>
   </div>
   <div class='ocr_carea' id='block_1_11' title="bbox 273 947 1892 1039">
    <p class='ocr_par' dir='ltr' id='par_1_11' title="bbox 273 947 1892 1039">
     <span class='ocr_line' id='line_1_11' title="bbox 273 947 1892 1039; baseline 0.012 -40"><span class='ocrx_word' id='word_1_50' title='bbox 273 947 561 1022; x_wconf 83' lang='grc' dir='ltr'><strong>Ἀγκύρας,</strong></span> <span class='ocrx_word' id='word_1_51' title='bbox 601 952 866 1025; x_wconf 84' lang='grc' dir='ltr'><strong>Πελαγίου</strong></span> <span class='ocrx_word' id='word_1_52' title='bbox 905 954 1229 1024; x_wconf 79' lang='grc' dir='ltr'><strong>Λαοδικείας</strong></span> <span class='ocrx_word' id='word_1_53' title='bbox 1271 971 1368 1025; x_wconf 77' lang='grc' dir='ltr'><strong>τῆς</strong></span> <span class='ocrx_word' id='word_1_54' title='bbox 1414 968 1624 1039; x_wconf 81' lang='grc' dir='ltr'>Συρίας,</span> <span class='ocrx_word' id='word_1_55' title='bbox 1655 970 1892 1030; x_wconf 78' lang='grc' dir='ltr'><strong>Ζήνωνος</strong></span> 
     </span>
    </p>
   </div>
   <div class='ocr_carea' id='block_1_12' title="bbox 269 1040 1888 1131">
    <p class='ocr_par' dir='ltr' id='par_1_12' title="bbox 269 1040 1888 1131">
     <span class='ocr_line' id='line_1_12' title="bbox 269 1040 1888 1131; baseline 0.012 -41"><span class='ocrx_word' id='word_1_56' title='bbox 269 1040 469 1131; x_wconf 78' lang='grc' dir='ltr'><strong>Τύρου,</strong></span> <span class='ocrx_word' id='word_1_57' title='bbox 489 1040 699 1131; x_wconf 72' lang='grc' dir='ltr'><strong>ῌαύλου</strong></span> <span class='ocrx_word' id='word_1_58' title='bbox 719 1042 967 1116; x_wconf 51' lang='grc' dir='ltr'><strong>Ἐμσης,</strong></span> <span class='ocrx_word' id='word_1_59' title='bbox 991 1047 1239 1124; x_wconf 81' lang='grc' dir='ltr'><strong>Ὀτρηῖου</strong></span> <span class='ocrx_word' id='word_1_60' title='bbox 1261 1052 1571 1125; x_wconf 81' lang='grc' dir='ltr'><strong>Μελιτηνῆς,</strong></span> <span class='ocrx_word' id='word_1_61' title='bbox 1597 1060 1888 1131; x_wconf 85' lang='grc' dir='ltr'><strong>Γρηγορίου</strong></span> 
     </span>
    </p>
   </div>
   <div class='ocr_carea' id='block_1_13' title="bbox 269 1128 1887 1218">
    <p class='ocr_par' dir='ltr' id='par_1_13' title="bbox 269 1128 1887 1218">
     <span class='ocr_line' id='line_1_13' title="bbox 269 1128 1887 1218; baseline 0.011 -37"><span class='ocrx_word' id='word_1_62' title='bbox 269 1128 603 1201; x_wconf 64' lang='grc' dir='ltr'><strong>Ναζιωδζοῦ,</strong></span> <span class='ocrx_word' id='word_1_63' title='bbox 636 1136 726 1186; x_wconf 84' lang='grc' dir='ltr'>καὶ</span> <span class='ocrx_word' id='word_1_64' title='bbox 769 1134 968 1188; x_wconf 80' lang='grc' dir='ltr'>πολλῶν</span> <span class='ocrx_word' id='word_1_65' title='bbox 999 1137 1184 1208; x_wconf 81' lang='grc' dir='ltr'><strong>ἄλλων,</strong></span> <span class='ocrx_word' id='word_1_66' title='bbox 1224 1139 1391 1210; x_wconf 65' lang='grc' dir='ltr'><strong>οἳξκαὶ</strong></span> <span class='ocrx_word' id='word_1_67' title='bbox 1421 1142 1469 1195; x_wconf 78' lang='grc' dir='ltr'><strong>ἐν</strong></span> <span class='ocrx_word' id='word_1_68' title='bbox 1500 1142 1800 1218; x_wconf 72' lang='grc' dir='ltr'>Ἀντιοχείᾳ</span> <span class='ocrx_word' id='word_1_69' title='bbox 1828 1149 1887 1198; x_wconf 90' lang='grc' dir='ltr'><strong>τό</strong></span> 
     </span>
    </p>
   </div>
   <div class='ocr_carea' id='block_1_14' title="bbox 267 1217 1881 1309">
    <p class='ocr_par' dir='ltr' id='par_1_14' title="bbox 267 1217 1881 1309">
     <span class='ocr_line' id='line_1_14' title="bbox 267 1217 1881 1309; baseline 0.013 -41"><span class='ocrx_word' id='word_1_70' title='bbox 267 1217 559 1291; x_wconf 82' lang='grc' dir='ltr'><strong>ὁμοούσιον</strong></span> <span class='ocrx_word' id='word_1_71' title='bbox 615 1220 946 1296; x_wconf 71' lang='grc' dir='ltr'><strong>ὶψηφίσαντο</strong></span> <span class='ocrx_word' id='word_1_72' title='bbox 990 1225 1077 1281; x_wconf 74' lang='grc' dir='ltr'>ἐπὶ</span> <span class='ocrx_word' id='word_1_73' title='bbox 1135 1237 1230 1292; x_wconf 82' lang='grc' dir='ltr'><strong>τῆς</strong></span> <span class='ocrx_word' id='word_1_74' title='bbox 1270 1229 1524 1286; x_wconf 78' lang='grc' dir='ltr'><strong>Ἰοϐιανοῡ</strong></span> <span class='ocrx_word' id='word_1_75' title='bbox 1586 1232 1881 1309; x_wconf 75' lang='grc' dir='ltr'><strong>βασιλείας,</strong></span> 
     </span>
    </p>
   </div>
   <div class='ocr_carea' id='block_1_15' title="bbox 260 1306 1886 1399">
    <p class='ocr_par' dir='ltr' id='par_1_15' title="bbox 260 1306 1886 1399">
     <span class='ocr_line' id='line_1_15' title="bbox 260 1306 1886 1399; baseline 0.013 -41"><span class='ocrx_word' id='word_1_76' title='bbox 260 1306 579 1380; x_wconf 71' lang='grc' dir='ltr'>ἀνεγνώσθη</span> <span class='ocrx_word' id='word_1_77' title='bbox 626 1314 695 1363; x_wconf 82' lang='grc' dir='ltr'><strong>τὰ</strong></span> <span class='ocrx_word' id='word_1_78' title='bbox 723 1313 966 1390; x_wconf 80' lang='grc' dir='ltr'><strong>Αιϐερίου</strong></span> <span class='ocrx_word' id='word_1_79' title='bbox 1006 1323 1097 1371; x_wconf 76' lang='grc' dir='ltr'>καὶ</span> <span class='ocrx_word' id='word_1_80' title='bbox 1125 1328 1226 1372; x_wconf 87' lang='grc' dir='ltr'><strong>τῶν</strong></span> <span class='ocrx_word' id='word_1_81' title='bbox 1255 1319 1353 1375; x_wconf 78' lang='grc' dir='ltr'>ἀνὰ</span> <span class='ocrx_word' id='word_1_82' title='bbox 1386 1326 1483 1382; x_wconf 83' lang='grc' dir='ltr'>τὴν</span> <span class='ocrx_word' id='word_1_83' title='bbox 1523 1306 1680 1377; x_wconf 84' lang='grc' dir='ltr'><strong>δύσιν</strong></span> <span class='ocrx_word' id='word_1_84' title='bbox 1706 1345 1886 1399; x_wconf 87' lang='grc' dir='ltr'><strong>γραμ-</strong></span> 
     </span>
    </p>
   </div>
   <div class='ocr_carea' id='block_1_16' title="bbox 263 1403 1884 1487">
    <p class='ocr_par' dir='ltr' id='par_1_16' title="bbox 263 1403 1884 1487">
     <span class='ocr_line' id='line_1_16' title="bbox 263 1403 1884 1487; baseline 0.012 -38"><span class='ocrx_word' id='word_1_85' title='bbox 263 1415 430 1469; x_wconf 80' lang='grc' dir='ltr'><strong>ματοι·</strong></span> <span class='ocrx_word' id='word_1_86' title='bbox 463 1403 561 1452; x_wconf 87' lang='grc' dir='ltr'><strong>καὶ</strong></span> <span class='ocrx_word' id='word_1_87' title='bbox 589 1412 903 1477; x_wconf 77' lang='grc' dir='ltr'>περιχαρεῖς</span> <span class='ocrx_word' id='word_1_88' title='bbox 939 1405 1028 1459; x_wconf 77' lang='grc' dir='ltr'>ἐπὶ</span> <span class='ocrx_word' id='word_1_89' title='bbox 1067 1410 1271 1473; x_wconf 83' lang='grc' dir='ltr'><strong>τούτοις</strong></span> <span class='ocrx_word' id='word_1_90' title='bbox 1310 1416 1593 1485; x_wconf 86' lang='grc' dir='ltr'><strong>γενόμενοι,</strong></span> <span class='ocrx_word' id='word_1_91' title='bbox 1653 1414 1884 1487; x_wconf 70' lang='grc' dir='ltr'><strong>ἔγραψαν</strong></span> 
     </span>
    </p>
   </div>
   <div class='ocr_carea' id='block_1_17' title="bbox 266 1489 1884 1577">
    <p class='ocr_par' dir='ltr' id='par_1_17' title="bbox 266 1489 1884 1577">
     <span class='ocr_line' id='line_1_17' title="bbox 266 1489 1884 1577; baseline 0.013 -39"><span class='ocrx_word' id='word_1_92' title='bbox 266 1489 468 1551; x_wconf 83' lang='grc' dir='ltr'><strong>πάσαις</strong></span> <span class='ocrx_word' id='word_1_93' title='bbox 499 1497 616 1552; x_wconf 83' lang='grc' dir='ltr'><strong>ταῖς</strong></span> <span class='ocrx_word' id='word_1_94' title='bbox 643 1495 781 1545; x_wconf 81' lang='grc' dir='ltr'><strong>κατὰ</strong></span> <span class='ocrx_word' id='word_1_95' title='bbox 810 1499 905 1553; x_wconf 83' lang='grc' dir='ltr'><strong>τὴν</strong></span> <span class='ocrx_word' id='word_1_96' title='bbox 938 1496 1123 1551; x_wconf 83' lang='grc' dir='ltr'><strong>Ἀσίαν</strong></span> <span class='ocrx_word' id='word_1_97' title='bbox 1146 1498 1488 1566; x_wconf 84' lang='grc' dir='ltr'><strong>Ἐκκλησίαις</strong></span> <span class='ocrx_word' id='word_1_98' title='bbox 1512 1501 1742 1577; x_wconf 75' lang='grc' dir='ltr'>ἐντυχεῖν</span> <span class='ocrx_word' id='word_1_99' title='bbox 1773 1514 1884 1569; x_wconf 86' lang='grc' dir='ltr'><strong>τοῖς</strong></span> 
     </span>
    </p>
   </div>
   <div class='ocr_carea' id='block_1_18' title="bbox 268 1581 1881 1672">
    <p class='ocr_par' dir='ltr' id='par_1_18' title="bbox 268 1581 1881 1672">
     <span class='ocr_line' id='line_1_18' title="bbox 268 1581 1881 1672; baseline 0.014 -44"><span class='ocrx_word' id='word_1_100' title='bbox 268 1581 527 1640; x_wconf 73' lang='grc' dir='ltr'><strong>τοιούτοις</strong></span> <span class='ocrx_word' id='word_1_101' title='bbox 572 1583 876 1655; x_wconf 82' lang='grc' dir='ltr'><strong>γράμμασι,</strong></span> <span class='ocrx_word' id='word_1_102' title='bbox 934 1591 1026 1640; x_wconf 80' lang='grc' dir='ltr'>καὶ</span> <span class='ocrx_word' id='word_1_103' title='bbox 1078 1590 1154 1640; x_wconf 78' lang='grc' dir='ltr'>ἔτι</span> <span class='ocrx_word' id='word_1_104' title='bbox 1206 1586 1333 1665; x_wconf 76' lang='grc' dir='ltr'><strong>ἦρος</strong></span> <span class='ocrx_word' id='word_1_105' title='bbox 1376 1596 1532 1663; x_wconf 81' lang='grc' dir='ltr'><strong>ὄντος,</strong></span> <span class='ocrx_word' id='word_1_106' title='bbox 1576 1594 1647 1658; x_wconf 82' lang='grc' dir='ltr'>εἰς</span> <span class='ocrx_word' id='word_1_107' title='bbox 1675 1599 1881 1672; x_wconf 87' lang='grc' dir='ltr'><strong>Ταρσὸν</strong></span> 
     </span>
    </p>
   </div>
   <div class='ocr_carea' id='block_1_19' title="bbox 269 1668 1881 1754">
    <p class='ocr_par' dir='ltr' id='par_1_19' title="bbox 269 1668 1881 1754">
     <span class='ocr_line' id='line_1_19' title="bbox 269 1668 1881 1754; baseline 0.014 -37"><span class='ocrx_word' id='word_1_108' title='bbox 269 1668 558 1727; x_wconf 79' lang='grc' dir='ltr'>συνελθεῖν.</span> <span class='ocrx_word' id='word_1_109' title='bbox 624 1669 772 1731; x_wconf 81' lang='grc' dir='ltr'><strong>”Ηδη</strong></span> <span class='ocrx_word' id='word_1_110' title='bbox 829 1671 889 1727; x_wconf 70' lang='grc' dir='ltr'>δὲ</span> <span class='ocrx_word' id='word_1_111' title='bbox 942 1681 1301 1734; x_wconf 83' lang='grc' dir='ltr'><strong>συνίστασθαι</strong></span> <span class='ocrx_word' id='word_1_112' title='bbox 1354 1681 1645 1754; x_wconf 81' lang='grc' dir='ltr'>μελλούσης</span> <span class='ocrx_word' id='word_1_113' title='bbox 1688 1668 1781 1747; x_wconf 79' lang='grc' dir='ltr'><strong>τῆς</strong></span> <span class='ocrx_word' id='word_1_114' title='bbox 1833 1685 1881 1739; x_wconf 76' lang='grc' dir='ltr'><strong>ἐν</strong></span> 
     </span>
    </p>
   </div>
   <div class='ocr_carea' id='block_1_20' title="bbox 2003 502 3657 580">
    <p class='ocr_par' dir='ltr' id='par_1_20' title="bbox 2003 502 3657 580">
     <span class='ocr_line' id='line_1_20' title="bbox 2003 502 3657 580; baseline 0.007 -25"><span class='ocrx_word' id='word_1_115' title='bbox 2003 506 2319 558; x_wconf 88' lang='lat' dir='ltr'>creverunt</span> <span class='ocrx_word' id='word_1_116' title='bbox 2366 518 2438 560; x_wconf 88' lang='lat' dir='ltr'>ac</span> <span class='ocrx_word' id='word_1_117' title='bbox 2477 503 2662 575; x_wconf 86' lang='lat' dir='ltr'>hujus</span> <span class='ocrx_word' id='word_1_118' title='bbox 2708 502 2923 561; x_wconf 89' lang='lat' dir='ltr'>insula</span> <span class='ocrx_word' id='word_1_119' title='bbox 2975 505 3279 580; x_wconf 87' lang='lat' dir='ltr'>episcopi,</span> <span class='ocrx_word' id='word_1_120' title='bbox 3330 512 3388 565; x_wconf 92' lang='lat' dir='ltr'>et</span> <span class='ocrx_word' id='word_1_121' title='bbox 3436 509 3657 566; x_wconf 85' lang='lat' dir='ltr'>reversi</span> 
     </span>
    </p>
   </div>
   <div class='ocr_carea' id='block_1_21' title="bbox 1949 594 2163 646">
    <p class='ocr_par' dir='ltr' id='par_1_21' title="bbox 1949 594 2163 646">
     <span class='ocr_line' id='line_1_21' title="bbox 1949 594 2163 646; baseline 0.014 -4"><span class='ocrx_word' id='word_1_122' title='bbox 1949 629 1952 632; x_wconf 71' lang='lat'>.</span> <span class='ocrx_word' id='word_1_123' title='bbox 2003 594 2163 646; x_wconf 86' lang='lat' dir='ltr'>sunt.</span> 
     </span>
    </p>
   </div>
   <div class='ocr_carea' id='block_1_22' title="bbox 2071 790 3655 869">
    <p class='ocr_par' dir='ltr' id='par_1_22' title="bbox 2071 790 3655 869">
     <span class='ocr_line' id='line_1_22' title="bbox 2071 790 3655 869; baseline 0.006 -24"><span class='ocrx_word' id='word_1_124' title='bbox 2071 790 2163 847; x_wconf 82' lang='grc'>24.</span> <span class='ocrx_word' id='word_1_125' title='bbox 2207 791 2327 846; x_wconf 90' lang='lat' dir='ltr'>Hoc</span> <span class='ocrx_word' id='word_1_126' title='bbox 2353 793 2553 847; x_wconf 91' lang='lat' dir='ltr'>autem</span> <span class='ocrx_word' id='word_1_127' title='bbox 2587 796 2859 867; x_wconf 91' lang='lat' dir='ltr'>tempore</span> <span class='ocrx_word' id='word_1_128' title='bbox 2888 794 3075 867; x_wconf 89' lang='lat' dir='ltr'>Tyani</span> <span class='ocrx_word' id='word_1_129' title='bbox 3097 795 3402 869; x_wconf 86' lang='lat' dir='ltr'>synodum</span> <span class='ocrx_word' id='word_1_130' title='bbox 3428 796 3655 869; x_wconf 88' lang='lat' dir='ltr'>agenti-</span> 
     </span>
    </p>
   </div>
   <div class='ocr_carea' id='block_1_23' title="bbox 1997 875 3651 958">
    <p class='ocr_par' dir='ltr' id='par_1_23' title="bbox 1997 875 3651 958">
     <span class='ocr_line' id='line_1_23' title="bbox 1997 875 3651 958; baseline 0.006 -25"><span class='ocrx_word' id='word_1_131' title='bbox 1997 875 2115 933; x_wconf 91' lang='lat' dir='ltr'>bus</span> <span class='ocrx_word' id='word_1_132' title='bbox 2145 879 2400 936; x_wconf 89' lang='lat' dir='ltr'>Eusebio</span> <span class='ocrx_word' id='word_1_133' title='bbox 2431 880 2712 939; x_wconf 78' lang='lat' dir='ltr'>Caesareae</span> <span class='ocrx_word' id='word_1_134' title='bbox 2758 883 2820 939; x_wconf 92' lang='lat' dir='ltr'>in</span> <span class='ocrx_word' id='word_1_135' title='bbox 2866 885 3268 958; x_wconf 83' lang='lat' dir='ltr'>Cappadocia,</span> <span class='ocrx_word' id='word_1_136' title='bbox 3322 886 3651 943; x_wconf 79' lang='lat' dir='ltr'>Athanasio</span> 
     </span>
    </p>
   </div>
   <div class='ocr_carea' id='block_1_24' title="bbox 1998 969 3648 1048">
    <p class='ocr_par' dir='ltr' id='par_1_24' title="bbox 1998 969 3648 1048">
     <span class='ocr_line' id='line_1_24' title="bbox 1998 969 3648 1048; baseline 0.006 -25"><span class='ocrx_word' id='word_1_137' title='bbox 1998 972 2273 1042; x_wconf 83' lang='lat' dir='ltr'>Ancyra,</span> <span class='ocrx_word' id='word_1_138' title='bbox 2298 969 2533 1041; x_wconf 86' lang='lat' dir='ltr'>Pelagio</span> <span class='ocrx_word' id='word_1_139' title='bbox 2567 973 2870 1030; x_wconf 88' lang='lat' dir='ltr'>Laodicea</span> <span class='ocrx_word' id='word_1_140' title='bbox 2904 974 2965 1030; x_wconf 91' lang='lat' dir='ltr'>in</span> <span class='ocrx_word' id='word_1_141' title='bbox 3017 975 3206 1048; x_wconf 89' lang='lat' dir='ltr'>Syria,</span> <span class='ocrx_word' id='word_1_142' title='bbox 3239 978 3473 1033; x_wconf 86' lang='lat' dir='ltr'>Zenone</span> <span class='ocrx_word' id='word_1_143' title='bbox 3494 977 3648 1048; x_wconf 85' lang='lat' dir='ltr'>Tyri,</span> 
     </span>
    </p>
   </div>
   <div class='ocr_carea' id='block_1_25' title="bbox 1997 1059 3653 1137">
    <p class='ocr_par' dir='ltr' id='par_1_25' title="bbox 1997 1059 3653 1137">
     <span class='ocr_line' id='line_1_25' title="bbox 1997 1059 3653 1137; baseline 0.004 -21"><span class='ocrx_word' id='word_1_144' title='bbox 1997 1059 2181 1116; x_wconf 88' lang='lat' dir='ltr'>Paulo</span> <span class='ocrx_word' id='word_1_145' title='bbox 2236 1062 2484 1128; x_wconf 89' lang='lat' dir='ltr'>Emesa,</span> <span class='ocrx_word' id='word_1_146' title='bbox 2527 1063 2689 1120; x_wconf 91' lang='lat' dir='ltr'>Otrio</span> <span class='ocrx_word' id='word_1_147' title='bbox 2718 1064 3019 1134; x_wconf 84' lang='lat' dir='ltr'>Meletina,</span> <span class='ocrx_word' id='word_1_148' title='bbox 3053 1066 3335 1137; x_wconf 81' lang='lat' dir='ltr'>Gregorio</span> <span class='ocrx_word' id='word_1_149' title='bbox 3376 1066 3653 1123; x_wconf 88' lang='lat' dir='ltr'>Nazianzi</span> 
     </span>
    </p>
   </div>
   <div class='ocr_carea' id='block_1_26' title="bbox 1997 1149 3651 1225">
    <p class='ocr_par' dir='ltr' id='par_1_26' title="bbox 1997 1149 3651 1225">
     <span class='ocr_line' id='line_1_26' title="bbox 1997 1149 3651 1225; baseline 0.006 -22"><span class='ocrx_word' id='word_1_150' title='bbox 1997 1154 2052 1204; x_wconf 89' lang='lat' dir='ltr'>et</span> <span class='ocrx_word' id='word_1_151' title='bbox 2078 1149 2279 1205; x_wconf 89' lang='lat' dir='ltr'>multis</span> <span class='ocrx_word' id='word_1_152' title='bbox 2310 1150 2464 1221; x_wconf 90' lang='lat' dir='ltr'>aliis,</span> <span class='ocrx_word' id='word_1_153' title='bbox 2489 1152 2590 1225; x_wconf 89' lang='lat' dir='ltr'>qui</span> <span class='ocrx_word' id='word_1_154' title='bbox 2619 1158 2676 1209; x_wconf 90' lang='lat' dir='ltr'>et</span> <span class='ocrx_word' id='word_1_155' title='bbox 2710 1155 3036 1210; x_wconf 82' lang='lat' dir='ltr'>Antiochiae</span> <span class='ocrx_word' id='word_1_156' title='bbox 3069 1155 3651 1213; x_wconf 80' lang='lat' dir='ltr'>consubstantialem</span> 
     </span>
    </p>
   </div>
   <div class='ocr_carea' id='block_1_27' title="bbox 1996 1239 3652 1319">
    <p class='ocr_par' dir='ltr' id='par_1_27' title="bbox 1996 1239 3652 1319">
     <span class='ocr_line' id='line_1_27' title="bbox 1996 1239 3652 1319; baseline 0.004 -22"><span class='ocrx_word' id='word_1_157' title='bbox 1996 1239 2206 1297; x_wconf 89' lang='lat' dir='ltr'>Filium</span> <span class='ocrx_word' id='word_1_158' title='bbox 2238 1242 2647 1312; x_wconf 86' lang='lat' dir='ltr'>decreverant,</span> <span class='ocrx_word' id='word_1_159' title='bbox 2665 1245 2920 1301; x_wconf 87' lang='lat' dir='ltr'>Joviano</span> <span class='ocrx_word' id='word_1_160' title='bbox 2940 1247 3298 1319; x_wconf 86' lang='lat' dir='ltr'>imperante,</span> <span class='ocrx_word' id='word_1_161' title='bbox 3319 1246 3486 1303; x_wconf 89' lang='lat' dir='ltr'>lecta</span> <span class='ocrx_word' id='word_1_162' title='bbox 3512 1252 3652 1304; x_wconf 90' lang='lat' dir='ltr'>sunt</span> 
     </span>
    </p>
   </div>
   <div class='ocr_carea' id='block_1_28' title="bbox 1994 1330 3650 1407">
    <p class='ocr_par' dir='ltr' id='par_1_28' title="bbox 1994 1330 3650 1407">
     <span class='ocr_line' id='line_1_28' title="bbox 1994 1330 3650 1407; baseline 0.005 -22"><span class='ocrx_word' id='word_1_163' title='bbox 1994 1330 2207 1386; x_wconf 87' lang='lat' dir='ltr'>Liberii</span> <span class='ocrx_word' id='word_1_164' title='bbox 2224 1336 2281 1387; x_wconf 91' lang='lat' dir='ltr'>et</span> <span class='ocrx_word' id='word_1_165' title='bbox 2295 1332 2758 1390; x_wconf 79' lang='lat' dir='ltr'>occidentalium</span> <span class='ocrx_word' id='word_1_166' title='bbox 2776 1335 3239 1402; x_wconf 89' lang='lat' dir='ltr'>littera.Quibus</span> <span class='ocrx_word' id='word_1_167' title='bbox 3258 1336 3435 1393; x_wconf 87' lang='lat' dir='ltr'>latan</span> <span class='ocrx_word' id='word_1_168' title='bbox 3444 1340 3548 1407; x_wconf 89' lang='lat' dir='ltr'>tes,</span> <span class='ocrx_word' id='word_1_169' title='bbox 3570 1337 3650 1394; x_wconf 91' lang='lat' dir='ltr'>ad</span> 
     </span>
    </p>
   </div>
   <div class='ocr_carea' id='block_1_29' title="bbox 1991 1421 3650 1499">
    <p class='ocr_par' dir='ltr' id='par_1_29' title="bbox 1991 1421 3650 1499">
     <span class='ocr_line' id='line_1_29' title="bbox 1991 1421 3650 1499; baseline 0.004 -24"><span class='ocrx_word' id='word_1_170' title='bbox 1991 1434 2205 1476; x_wconf 90' lang='lat' dir='ltr'>omnes</span> <span class='ocrx_word' id='word_1_171' title='bbox 2229 1421 2381 1478; x_wconf 84' lang='lat' dir='ltr'>Asia</span> <span class='ocrx_word' id='word_1_172' title='bbox 2402 1422 2695 1480; x_wconf 86' lang='lat' dir='ltr'>Ecclesias</span> <span class='ocrx_word' id='word_1_173' title='bbox 2712 1424 3081 1499; x_wconf 87' lang='lat' dir='ltr'>scripserunt</span> <span class='ocrx_word' id='word_1_174' title='bbox 3101 1434 3164 1483; x_wconf 84' lang='lat' dir='ltr'>ut</span> <span class='ocrx_word' id='word_1_175' title='bbox 3182 1427 3270 1481; x_wconf 75' lang='lat' dir='ltr'>his</span> <span class='ocrx_word' id='word_1_176' title='bbox 3290 1426 3495 1482; x_wconf 64' lang='lat' dir='ltr'>litteris</span> <span class='ocrx_word' id='word_1_177' title='bbox 3511 1441 3650 1482; x_wconf 89' lang='lat' dir='ltr'>con-</span> 
     </span>
    </p>
   </div>
   <div class='ocr_carea' id='block_1_30' title="bbox 1991 1511 3648 1585">
    <p class='ocr_par' dir='ltr' id='par_1_30' title="bbox 1991 1511 3648 1585">
     <span class='ocr_line' id='line_1_30' title="bbox 1991 1511 3648 1585; baseline 0.005 -20"><span class='ocrx_word' id='word_1_178' title='bbox 1991 1511 2332 1579; x_wconf 88' lang='lat' dir='ltr'>cordarent,</span> <span class='ocrx_word' id='word_1_179' title='bbox 2357 1519 2432 1584; x_wconf 89' lang='lat' dir='ltr'>et,</span> <span class='ocrx_word' id='word_1_180' title='bbox 2466 1514 2613 1571; x_wconf 91' lang='lat' dir='ltr'>dum</span> <span class='ocrx_word' id='word_1_181' title='bbox 2651 1516 2856 1572; x_wconf 88' lang='lat' dir='ltr'>adhuc</span> <span class='ocrx_word' id='word_1_182' title='bbox 2884 1533 2986 1572; x_wconf 92' lang='lat' dir='ltr'>ver</span> <span class='ocrx_word' id='word_1_183' title='bbox 3019 1524 3195 1585; x_wconf 81' lang='lat' dir='ltr'>esset,</span> <span class='ocrx_word' id='word_1_184' title='bbox 3229 1520 3473 1573; x_wconf 88' lang='lat' dir='ltr'>Tarsum</span> <span class='ocrx_word' id='word_1_185' title='bbox 3506 1533 3648 1574; x_wconf 90' lang='lat' dir='ltr'>con-</span> 
     </span>
    </p>
   </div>
   <div class='ocr_carea' id='block_1_31' title="bbox 1990 1600 3646 1679">
    <p class='ocr_par' dir='ltr' id='par_1_31' title="bbox 1990 1600 3646 1679">
     <span class='ocr_line' id='line_1_31' title="bbox 1990 1600 3646 1679; baseline 0.005 -24"><span class='ocrx_word' id='word_1_186' title='bbox 1990 1600 2439 1659; x_wconf 86' lang='lat' dir='ltr'>venirent.Cum</span> <span class='ocrx_word' id='word_1_187' title='bbox 2474 1610 2676 1661; x_wconf 88' lang='lat' dir='ltr'>autem</span> <span class='ocrx_word' id='word_1_188' title='bbox 2693 1606 2817 1677; x_wconf 91' lang='lat' dir='ltr'>jam</span> <span class='ocrx_word' id='word_1_189' title='bbox 2852 1606 2913 1662; x_wconf 89' lang='lat' dir='ltr'>in</span> <span class='ocrx_word' id='word_1_190' title='bbox 2940 1621 3010 1663; x_wconf 94' lang='lat' dir='ltr'>eo</span> <span class='ocrx_word' id='word_1_191' title='bbox 3028 1611 3225 1663; x_wconf 86' lang='lat' dir='ltr'>essent</span> <span class='ocrx_word' id='word_1_192' title='bbox 3244 1610 3309 1661; x_wconf 91' lang='lat' dir='ltr'>ut</span> <span class='ocrx_word' id='word_1_193' title='bbox 3338 1606 3646 1679; x_wconf 81' lang='lat' dir='ltr'>synodum</span> 
     </span>
    </p>
   </div>
   <div class='ocr_carea' id='block_1_32' title="bbox 1990 1691 3646 1769">
    <p class='ocr_par' dir='ltr' id='par_1_32' title="bbox 1990 1691 3646 1769">
     <span class='ocr_line' id='line_1_32' title="bbox 1990 1691 3646 1769; baseline 0.004 -24"><span class='ocrx_word' id='word_1_194' title='bbox 1990 1691 2153 1746; x_wconf 86' lang='lat' dir='ltr'>Tarsi</span> <span class='ocrx_word' id='word_1_195' title='bbox 2182 1692 2476 1750; x_wconf 86' lang='lat' dir='ltr'>haberent</span> <span class='ocrx_word' id='word_1_196' title='bbox 2506 1695 2797 1768; x_wconf 89' lang='lat' dir='ltr'>episcopi,</span> <span class='ocrx_word' id='word_1_197' title='bbox 2829 1700 3092 1769; x_wconf 79' lang='lat' dir='ltr'>quatuor</span> <span class='ocrx_word' id='word_1_198' title='bbox 3133 1701 3190 1753; x_wconf 88' lang='lat' dir='ltr'>et</span> <span class='ocrx_word' id='word_1_199' title='bbox 3216 1695 3461 1767; x_wconf 86' lang='lat' dir='ltr'>triginta</span> <span class='ocrx_word' id='word_1_200' title='bbox 3488 1695 3646 1752; x_wconf 86' lang='lat' dir='ltr'>asia-</span> 
     </span>
    </p>
   </div>
   <div class='ocr_carea' id='block_1_33' title="bbox 266 1757 1869 1856">
    <p class='ocr_par' dir='ltr' id='par_1_33' title="bbox 266 1757 1869 1849">
     <span class='ocr_line' id='line_1_33' title="bbox 266 1757 1869 1849; baseline 0.011 -41"><span class='ocrx_word' id='word_1_201' title='bbox 266 1763 463 1832; x_wconf 80' lang='grc' dir='ltr'><strong>Ταρσῷ</strong></span> <span class='ocrx_word' id='word_1_202' title='bbox 540 1757 791 1826; x_wconf 75' lang='grc' dir='ltr'><strong>συνόδου,</strong></span> <span class='ocrx_word' id='word_1_203' title='bbox 865 1769 1147 1838; x_wconf 86' lang='grc' dir='ltr'><strong>τριάκοντα</strong></span> <span class='ocrx_word' id='word_1_204' title='bbox 1194 1774 1286 1823; x_wconf 84' lang='grc' dir='ltr'><strong>καὶ</strong></span> <span class='ocrx_word' id='word_1_205' title='bbox 1330 1774 1581 1849; x_wconf 78' lang='grc' dir='ltr'><strong>τέσσαρες</strong></span> <span class='ocrx_word' id='word_1_206' title='bbox 1646 1774 1869 1830; x_wconf 84' lang='grc' dir='ltr'><strong>Ἀσιανοὶ</strong></span> 
     </span>
    </p>
   </div>
   <div class='ocr_carea' id='block_1_34' title="bbox 1982 1757 3645 1856">
    <p class='ocr_par' dir='ltr' id='par_1_34' title="bbox 1991 1757 3645 1856">
     <span class='ocr_line' id='line_1_34' title="bbox 1991 1757 3645 1856; baseline 0.001 -18"><span class='ocrx_word' id='word_1_207' title='bbox 1991 1781 2090 1839; x_wconf 92' lang='lat' dir='ltr'>tici</span> <span class='ocrx_word' id='word_1_208' title='bbox 2148 1783 2419 1856; x_wconf 89' lang='lat' dir='ltr'>episcopi</span> <span class='ocrx_word' id='word_1_209' title='bbox 2474 1757 2803 1842; x_wconf 66' lang='lat' dir='ltr'>Antiochia</span> <span class='ocrx_word' id='word_1_210' title='bbox 2842 1757 2902 1842; x_wconf 73' lang='lat' dir='ltr'>in</span> <span class='ocrx_word' id='word_1_211' title='bbox 2943 1786 3117 1843; x_wconf 88' lang='lat' dir='ltr'>Caria</span> <span class='ocrx_word' id='word_1_212' title='bbox 3165 1757 3514 1856; x_wconf 72' lang='lat' dir='ltr'>congregati</span> <span class='ocrx_word' id='word_1_213' title='bbox 3564 1784 3645 1841; x_wconf 90' lang='lat' dir='ltr'>ad</span> 
     </span>
    </p>
   </div>
   <div class='ocr_carea' id='block_1_35' title="bbox 269 1845 1879 1940">
    <p class='ocr_par' dir='ltr' id='par_1_35' title="bbox 269 1845 1879 1940">
     <span class='ocr_line' id='line_1_35' title="bbox 269 1845 1879 1940; baseline 0.013 -42"><span class='ocrx_word' id='word_1_214' title='bbox 269 1845 571 1921; x_wconf 79' lang='grc' dir='ltr'><strong>ἐπίσκοποι,</strong></span> <span class='ocrx_word' id='word_1_215' title='bbox 644 1852 971 1917; x_wconf 81' lang='grc' dir='ltr'><strong>συνελθόντες</strong></span> <span class='ocrx_word' id='word_1_216' title='bbox 1026 1855 1075 1908; x_wconf 86' lang='grc' dir='ltr'><strong>ἐν</strong></span> <span class='ocrx_word' id='word_1_217' title='bbox 1136 1857 1439 1935; x_wconf 81' lang='grc' dir='ltr'><strong>Ἀντιοχείᾳ</strong></span> <span class='ocrx_word' id='word_1_218' title='bbox 1502 1872 1600 1927; x_wconf 86' lang='grc' dir='ltr'><strong>τῆς</strong></span> <span class='ocrx_word' id='word_1_219' title='bbox 1657 1871 1879 1940; x_wconf 80' lang='grc' dir='ltr'><strong>Καρίας,</strong></span> 
     </span>
    </p>
   </div>
   <div class='ocr_carea' id='block_1_36' title="bbox 261 1939 1880 2021">
    <p class='ocr_par' dir='ltr' id='par_1_36' title="bbox 261 1939 1880 2021">
     <span class='ocr_line' id='line_1_36' title="bbox 261 1939 1880 2021; baseline 0.012 -34"><span class='ocrx_word' id='word_1_220' title='bbox 261 1940 360 1995; x_wconf 73' lang='grc' dir='ltr'><strong>τὴν</strong></span> <span class='ocrx_word' id='word_1_221' title='bbox 575 1939 661 1995; x_wconf 77' lang='grc' dir='ltr'>ἐπὶ</span> <span class='ocrx_word' id='word_1_222' title='bbox 725 1950 789 2016; x_wconf 73' lang='grc' dir='ltr'><strong>τῇ</strong></span> <span class='ocrx_word' id='word_1_223' title='bbox 848 1946 1065 2021; x_wconf 80' lang='grc' dir='ltr'><strong>ὁμονοίᾳ</strong></span> <span class='ocrx_word' id='word_1_224' title='bbox 1119 1957 1219 2002; x_wconf 83' lang='grc' dir='ltr'><strong>τῶν</strong></span> <span class='ocrx_word' id='word_1_225' title='bbox 1278 1951 1600 2012; x_wconf 80' lang='grc' dir='ltr'><strong>Ἐκκλησιῶν</strong></span> <span class='ocrx_word' id='word_1_226' title='bbox 1637 1954 1880 2015; x_wconf 82' lang='grc' dir='ltr'><strong>σπουδὴν</strong></span> 
     </span>
    </p>
   </div>
   <div class='ocr_carea' id='block_1_37' title="bbox 255 2023 1877 2113">
    <p class='ocr_par' dir='ltr' id='par_1_37' title="bbox 255 2023 1877 2113">
     <span class='ocr_line' id='line_1_37' title="bbox 255 2023 1877 2113; baseline 0.013 -36"><span class='ocrx_word' id='word_1_227' title='bbox 255 2023 508 2097; x_wconf 72' lang='grc' dir='ltr'><strong>ἐπηνουν,</strong></span> <span class='ocrx_word' id='word_1_228' title='bbox 532 2040 864 2105; x_wconf 72' lang='grc' dir='ltr'><strong>παρῃτοῦντο</strong></span> <span class='ocrx_word' id='word_1_229' title='bbox 891 2032 927 2088; x_wconf 89' lang='grc' dir='ltr'>δ</span> <span class='ocrx_word' id='word_1_230' title='bbox 930 2038 952 2089; x_wconf 77' lang='lat' dir='ltr'>&#39;e</span> <span class='ocrx_word' id='word_1_231' title='bbox 972 2039 1030 2089; x_wconf 86' lang='grc' dir='ltr'><strong>τὸ</strong></span> <span class='ocrx_word' id='word_1_232' title='bbox 1071 2047 1164 2091; x_wconf 75' lang='grc' dir='ltr'><strong>τοῦ</strong></span> <span class='ocrx_word' id='word_1_233' title='bbox 1186 2041 1490 2113; x_wconf 85' lang='grc' dir='ltr'><strong>ὁμοουσίου·</strong></span> <span class='ocrx_word' id='word_1_234' title='bbox 1528 2044 1735 2108; x_wconf 82' lang='grc' dir='ltr'><strong>Ούάλης</strong></span> <span class='ocrx_word' id='word_1_235' title='bbox 1768 2043 1825 2098; x_wconf 76' lang='grc' dir='ltr'>δὲ</span> <span class='ocrx_word' id='word_1_236' title='bbox 1851 2047 1877 2097; x_wconf 81' lang='grc' dir='ltr'>ὁ</span> 
     </span>
    </p>
   </div>
   <div class='ocr_carea' id='block_1_38' title="bbox 256 2116 1876 2208">
    <p class='ocr_par' dir='ltr' id='par_1_38' title="bbox 256 2116 1876 2208">
     <span class='ocr_line' id='line_1_38' title="bbox 256 2116 1876 2208; baseline 0.014 -41"><span class='ocrx_word' id='word_1_237' title='bbox 256 2116 514 2181; x_wconf 69' lang='grc' dir='ltr'><strong>Βασιλεὺς</strong></span> <span class='ocrx_word' id='word_1_238' title='bbox 557 2119 818 2186; x_wconf 79' lang='grc' dir='ltr'><strong>Εύδοξίου</strong></span> <span class='ocrx_word' id='word_1_239' title='bbox 859 2124 1071 2201; x_wconf 74' lang='grc' dir='ltr'><strong>σπουδῇ</strong></span> <span class='ocrx_word' id='word_1_240' title='bbox 1098 2132 1194 2188; x_wconf 74' lang='grc' dir='ltr'>τὴν</span> <span class='ocrx_word' id='word_1_241' title='bbox 1225 2130 1275 2183; x_wconf 80' lang='grc' dir='ltr'><strong>ἓν</strong></span> <span class='ocrx_word' id='word_1_242' title='bbox 1316 2132 1531 2207; x_wconf 81' lang='grc' dir='ltr'><strong>Κιλικία</strong></span> <span class='ocrx_word' id='word_1_243' title='bbox 1558 2132 1876 2208; x_wconf 86' lang='grc' dir='ltr'><strong>προσδοκω-</strong></span> 
     </span>
    </p>
   </div>
   <div class='ocr_carea' id='block_1_39' title="bbox 250 2208 1874 2301">
    <p class='ocr_par' dir='ltr' id='par_1_39' title="bbox 250 2208 1874 2301">
     <span class='ocr_line' id='line_1_39' title="bbox 250 2208 1874 2301; baseline 0.013 -43"><span class='ocrx_word' id='word_1_244' title='bbox 250 2212 420 2281; x_wconf 78' lang='grc' dir='ltr'><strong>μένην</strong></span> <span class='ocrx_word' id='word_1_245' title='bbox 462 2208 689 2266; x_wconf 68' lang='grc' dir='ltr'><strong>σύνοδον</strong></span> <span class='ocrx_word' id='word_1_246' title='bbox 736 2214 935 2269; x_wconf 76' lang='grc' dir='ltr'><strong>ἔλυσενο</strong></span> <span class='ocrx_word' id='word_1_247' title='bbox 986 2221 1038 2271; x_wconf 76' lang='grc' dir='ltr'>οἱ</span> <span class='ocrx_word' id='word_1_248' title='bbox 1081 2216 1141 2272; x_wconf 80' lang='grc' dir='ltr'>δε</span> <span class='ocrx_word' id='word_1_249' title='bbox 1177 2219 1561 2277; x_wconf 87' lang='grc' dir='ltr'><strong>Μακεδονιανοὶ</strong></span> <span class='ocrx_word' id='word_1_250' title='bbox 1589 2221 1874 2301; x_wconf 74' lang='grc' dir='ltr'><strong>ἀδιάφορον</strong></span> 
     </span>
    </p>
   </div>
   <div class='ocr_carea' id='block_1_40' title="bbox 250 2300 1874 2379">
    <p class='ocr_par' dir='ltr' id='par_1_40' title="bbox 250 2300 1874 2379">
     <span class='ocr_line' id='line_1_40' title="bbox 250 2300 1874 2379; baseline 0.012 -29"><span class='ocrx_word' id='word_1_251' title='bbox 250 2300 350 2362; x_wconf 81' lang='grc' dir='ltr'><strong>ἕως</strong></span> <span class='ocrx_word' id='word_1_252' title='bbox 366 2304 513 2364; x_wconf 81' lang='grc' dir='ltr'><strong>τινὸς</strong></span> <span class='ocrx_word' id='word_1_253' title='bbox 532 2309 734 2376; x_wconf 81' lang='grc' dir='ltr'><strong>χρόνον</strong></span> <span class='ocrx_word' id='word_1_254' title='bbox 766 2310 860 2363; x_wconf 72' lang='grc' dir='ltr'><strong>τὴν</strong></span> <span class='ocrx_word' id='word_1_255' title='bbox 889 2314 1160 2363; x_wconf 79' lang='grc' dir='ltr'><strong>κοινωνίαν</strong></span> <span class='ocrx_word' id='word_1_256' title='bbox 1181 2309 1448 2366; x_wconf 81' lang='grc' dir='ltr'><strong>ἐποιοῦντο</strong></span> <span class='ocrx_word' id='word_1_257' title='bbox 1471 2312 1567 2367; x_wconf 81' lang='grc' dir='ltr'>ἀνὰ</span> <span class='ocrx_word' id='word_1_258' title='bbox 1596 2313 1874 2379; x_wconf 83' lang='grc' dir='ltr'><strong>ἐκκλησίας</strong></span> 
     </span>
    </p>
   </div>
   <div class='ocr_carea' id='block_1_41' title="bbox 247 2389 1871 2478">
    <p class='ocr_par' dir='ltr' id='par_1_41' title="bbox 247 2389 1871 2478">
     <span class='ocr_line' id='line_1_41' title="bbox 247 2389 1871 2478; baseline 0.013 -38"><span class='ocrx_word' id='word_1_259' title='bbox 247 2390 344 2451; x_wconf 80' lang='grc' dir='ltr'><strong>τὰς</strong></span> <span class='ocrx_word' id='word_1_260' title='bbox 374 2389 428 2442; x_wconf 75' lang='grc' dir='ltr'><strong>ἓν</strong></span> <span class='ocrx_word' id='word_1_261' title='bbox 468 2391 673 2466; x_wconf 74' lang='grc' dir='ltr'><strong>ἑκάστῃ</strong></span> <span class='ocrx_word' id='word_1_262' title='bbox 705 2394 869 2465; x_wconf 86' lang='grc' dir='ltr'><strong>πόλει,</strong></span> <span class='ocrx_word' id='word_1_263' title='bbox 899 2395 1141 2462; x_wconf 72' lang='grc' dir='ltr'><strong>ἀλλήλοις</strong></span> <span class='ocrx_word' id='word_1_264' title='bbox 1169 2421 1225 2454; x_wconf 83' lang='grc' dir='ltr'>τε</span> <span class='ocrx_word' id='word_1_265' title='bbox 1246 2400 1636 2478; x_wconf 76' lang='grc' dir='ltr'><strong>ἐπιμιγνύμενοι</strong></span> <span class='ocrx_word' id='word_1_266' title='bbox 1656 2412 1745 2461; x_wconf 85' lang='grc' dir='ltr'>καὶ</span> <span class='ocrx_word' id='word_1_267' title='bbox 1764 2415 1871 2471; x_wconf 84' lang='grc' dir='ltr'><strong>τοῖς</strong></span> 
     </span>
    </p>
   </div>
   <div class='ocr_carea' id='block_1_42' title="bbox 252 2478 1320 2562">
    <p class='ocr_par' dir='ltr' id='par_1_42' title="bbox 252 2478 1320 2562">
     <span class='ocr_line' id='line_1_42' title="bbox 252 2478 1320 2562; baseline 0.015 -31"><span class='ocrx_word' id='word_1_268' title='bbox 252 2478 306 2542; x_wconf 80' lang='grc' dir='ltr'><em>ἐξ</em></span> <span class='ocrx_word' id='word_1_269' title='bbox 335 2479 517 2555; x_wconf 71' lang='grc' dir='ltr'><strong>ἀρχῆς</strong></span> <span class='ocrx_word' id='word_1_270' title='bbox 544 2483 902 2557; x_wconf 80' lang='grc' dir='ltr'><strong>πρεσϐεύουσι</strong></span> <span class='ocrx_word' id='word_1_271' title='bbox 930 2492 989 2541; x_wconf 88' lang='grc' dir='ltr'><strong>τὸ</strong></span> <span class='ocrx_word' id='word_1_272' title='bbox 1019 2491 1320 2562; x_wconf 88' lang='grc' dir='ltr'><strong>ὁμοούσιον.</strong></span> 
     </span>
    </p>
   </div>
   <div class='ocr_carea' id='block_1_43' title="bbox 322 2588 1874 2678">
    <p class='ocr_par' dir='ltr' id='par_1_43' title="bbox 322 2588 1874 2678">
     <span class='ocr_line' id='line_1_43' title="bbox 322 2588 1874 2678; baseline 0.012 -37"><span class='ocrx_word' id='word_1_273' title='bbox 322 2588 420 2647; x_wconf 87' lang='grc' dir='ltr'><strong>κε’,</strong></span> <span class='ocrx_word' id='word_1_274' title='bbox 468 2591 619 2645; x_wconf 83' lang='grc' dir='ltr'><strong>Ἐπεὶ</strong></span> <span class='ocrx_word' id='word_1_275' title='bbox 671 2589 733 2645; x_wconf 80' lang='grc' dir='ltr'>δὲ</span> <span class='ocrx_word' id='word_1_276' title='bbox 798 2594 1086 2661; x_wconf 74' lang='grc' dir='ltr'><strong>Οὐάλεντος</strong></span> <span class='ocrx_word' id='word_1_277' title='bbox 1139 2599 1539 2665; x_wconf 83' lang='grc' dir='ltr'><strong>τελευτήσαντος</strong></span> <span class='ocrx_word' id='word_1_278' title='bbox 1561 2604 1874 2678; x_wconf 87' lang='grc' dir='ltr'><strong>Τρατιανὸς</strong></span> 
     </span>
    </p>
   </div>
   <div class='ocr_carea' id='block_1_44' title="bbox 250 2677 1875 2766">
    <p class='ocr_par' dir='ltr' id='par_1_44' title="bbox 250 2677 1875 2766">
     <span class='ocr_line' id='line_1_44' title="bbox 250 2677 1875 2766; baseline 0.012 -36"><span class='ocrx_word' id='word_1_279' title='bbox 250 2677 607 2752; x_wconf 72' lang='grc' dir='ltr'><strong>ἐνομοθέτησε</strong></span> <span class='ocrx_word' id='word_1_280' title='bbox 669 2685 803 2755; x_wconf 83' lang='grc' dir='ltr'>μετὰ</span> <span class='ocrx_word' id='word_1_281' title='bbox 857 2683 1041 2750; x_wconf 78' lang='grc' dir='ltr'><strong>ἀδείας</strong></span> <span class='ocrx_word' id='word_1_282' title='bbox 1115 2687 1363 2754; x_wconf 75' lang='grc' dir='ltr'><strong>ἑκάστους</strong></span> <span class='ocrx_word' id='word_1_283' title='bbox 1439 2694 1743 2766; x_wconf 73' lang='grc' dir='ltr'><strong>θρησκεύειν</strong></span> <span class='ocrx_word' id='word_1_284' title='bbox 1808 2698 1875 2758; x_wconf 84' lang='grc' dir='ltr'><strong>ὡς</strong></span> 
     </span>
    </p>
   </div>
   <div class='ocr_carea' id='block_1_45' title="bbox 252 2766 1875 2856">
    <p class='ocr_par' dir='ltr' id='par_1_45' title="bbox 252 2766 1875 2856">
     <span class='ocr_line' id='line_1_45' title="bbox 252 2766 1875 2856; baseline 0.012 -37"><span class='ocrx_word' id='word_1_285' title='bbox 252 2766 546 2841; x_wconf 77' lang='grc' dir='ltr'><strong>βούλονται</strong></span> <span class='ocrx_word' id='word_1_286' title='bbox 600 2772 692 2825; x_wconf 83' lang='grc' dir='ltr'><strong>καὶ</strong></span> <span class='ocrx_word' id='word_1_287' title='bbox 756 2773 1144 2845; x_wconf 75' lang='grc' dir='ltr'><strong>ἐκκλησιάζειν,</strong></span> <span class='ocrx_word' id='word_1_288' title='bbox 1211 2779 1344 2840; x_wconf 77' lang='grc' dir='ltr'><strong>πλὴν</strong></span> <span class='ocrx_word' id='word_1_289' title='bbox 1408 2788 1724 2856; x_wconf 83' lang='grc' dir='ltr'><strong>Μανιχαίων</strong></span> <span class='ocrx_word' id='word_1_290' title='bbox 1783 2789 1875 2838; x_wconf 83' lang='grc' dir='ltr'><strong>καὶ</strong></span> 
     </span>
    </p>
   </div>
   <div class='ocr_carea' id='block_1_46' title="bbox 251 2865 1874 2947">
    <p class='ocr_par' dir='ltr' id='par_1_46' title="bbox 251 2865 1874 2947">
     <span class='ocr_line' id='line_1_46' title="bbox 251 2865 1874 2947; baseline 0.01 -36"><span class='ocrx_word' id='word_1_291' title='bbox 251 2868 357 2911; x_wconf 78' lang='grc' dir='ltr'><strong>τῶν</strong></span> <span class='ocrx_word' id='word_1_292' title='bbox 406 2865 472 2919; x_wconf 67' lang='lat' dir='ltr'>ri;</span> <span class='ocrx_word' id='word_1_293' title='bbox 544 2868 799 2916; x_wconf 72' lang='grc' dir='ltr'><strong>Φωτεινοῦ</strong></span> <span class='ocrx_word' id='word_1_294' title='bbox 857 2870 950 2920; x_wconf 82' lang='grc' dir='ltr'><strong>καὶ</strong></span> <span class='ocrx_word' id='word_1_295' title='bbox 1006 2867 1262 2942; x_wconf 83' lang='grc' dir='ltr'><strong>Εύνομίου</strong></span> <span class='ocrx_word' id='word_1_296' title='bbox 1317 2875 1657 2947; x_wconf 74' lang='grc' dir='ltr'><strong>φρονούντων,</strong></span> <span class='ocrx_word' id='word_1_297' title='bbox 1722 2873 1874 2928; x_wconf 85' lang='grc' dir='ltr'><strong>πάλιν</strong></span> 
     </span>
    </p>
   </div>
   <div class='ocr_carea' id='block_1_47' title="bbox 261 2948 1874 3037">
    <p class='ocr_par' dir='ltr' id='par_1_47' title="bbox 261 2948 1874 3037">
     <span class='ocr_line' id='line_1_47' title="bbox 261 2948 1874 3037; baseline 0.011 -37"><span class='ocrx_word' id='word_1_298' title='bbox 261 2952 316 3001; x_wconf 79' lang='grc' dir='ltr'>οἱ</span> <span class='ocrx_word' id='word_1_299' title='bbox 366 2949 570 3012; x_wconf 78' lang='grc' dir='ltr'><strong>πλείους</strong></span> <span class='ocrx_word' id='word_1_300' title='bbox 621 2948 987 3027; x_wconf 83' lang='grc' dir='ltr'><strong>ἐδογμάτισαν</strong></span> <span class='ocrx_word' id='word_1_301' title='bbox 1033 2956 1373 3033; x_wconf 82' lang='grc' dir='ltr'><strong>ἐκτρέπεσθαι</strong></span> <span class='ocrx_word' id='word_1_302' title='bbox 1400 2966 1496 3020; x_wconf 79' lang='grc' dir='ltr'><strong>τὴν</strong></span> <span class='ocrx_word' id='word_1_303' title='bbox 1543 2970 1635 3015; x_wconf 81' lang='grc' dir='ltr'><strong>τοῦ</strong></span> <span class='ocrx_word' id='word_1_304' title='bbox 1674 2964 1874 3037; x_wconf 82' lang='grc' dir='ltr'><strong>’ὁμοου-</strong></span> 
     </span>
    </p>
   </div>
   <div class='ocr_carea' id='block_1_48' title="bbox 267 3041 1876 3126">
    <p class='ocr_par' dir='ltr' id='par_1_48' title="bbox 267 3041 1876 3126">
     <span class='ocr_line' id='line_1_48' title="bbox 267 3041 1876 3126; baseline 0.011 -36"><span class='ocrx_word' id='word_1_305' title='bbox 267 3042 391 3091; x_wconf 85' lang='grc' dir='ltr'><strong>σίου</strong></span> <span class='ocrx_word' id='word_1_306' title='bbox 442 3046 625 3112; x_wconf 65' lang='grc' dir='ltr'><strong>φωνήν.</strong></span> <span class='ocrx_word' id='word_1_307' title='bbox 679 3042 742 3096; x_wconf 72' lang='grc' dir='ltr'><strong>Ὀ</strong></span> <span class='ocrx_word' id='word_1_308' title='bbox 783 3041 845 3097; x_wconf 70' lang='grc' dir='ltr'><strong>δὲ</strong></span> <span class='ocrx_word' id='word_1_309' title='bbox 880 3045 1134 3111; x_wconf 82' lang='grc' dir='ltr'><strong>Βασιλεὺς</strong></span> <span class='ocrx_word' id='word_1_310' title='bbox 1180 3046 1464 3112; x_wconf 82' lang='grc' dir='ltr'><strong>Θεοδόσιος</strong></span> <span class='ocrx_word' id='word_1_311' title='bbox 1503 3052 1530 3104; x_wconf 88' lang='grc' dir='ltr'><strong><em>ὁ</em></strong></span> <span class='ocrx_word' id='word_1_312' title='bbox 1571 3057 1745 3126; x_wconf 83' lang='grc' dir='ltr'><strong>Μέγας</strong></span> <span class='ocrx_word' id='word_1_313' title='bbox 1783 3060 1876 3106; x_wconf 84' lang='grc' dir='ltr'><strong>τοῦ</strong></span> 
     </span>
    </p>
   </div>
   <div class='ocr_carea' id='block_1_49' title="bbox 1992 1873 3645 1944">
    <p class='ocr_par' dir='ltr' id='par_1_49' title="bbox 1992 1873 3645 1944">
     <span class='ocr_line' id='line_1_49' title="bbox 1992 1873 3645 1944; baseline 0.001 -16"><span class='ocrx_word' id='word_1_314' title='bbox 1992 1873 2392 1930; x_wconf 87' lang='lat' dir='ltr'>Ecclesiarum</span> <span class='ocrx_word' id='word_1_315' title='bbox 2418 1875 2814 1931; x_wconf 87' lang='lat' dir='ltr'>concordiam</span> <span class='ocrx_word' id='word_1_316' title='bbox 2854 1876 3136 1932; x_wconf 88' lang='lat' dir='ltr'>ardorem</span> <span class='ocrx_word' id='word_1_317' title='bbox 3156 1875 3501 1944; x_wconf 89' lang='lat' dir='ltr'>laudavere,</span> <span class='ocrx_word' id='word_1_318' title='bbox 3538 1874 3645 1931; x_wconf 92' lang='lat' dir='ltr'>sed</span> 
     </span>
    </p>
   </div>
   <div class='ocr_carea' id='block_1_50' title="bbox 1990 1963 3642 2037">
    <p class='ocr_par' dir='ltr' id='par_1_50' title="bbox 1990 1963 3642 2037">
     <span class='ocr_line' id='line_1_50' title="bbox 1990 1963 3642 2037; baseline 0.001 -18"><span class='ocrx_word' id='word_1_319' title='bbox 1990 1963 2246 2035; x_wconf 71' lang='lat' dir='ltr'>rejecere</span> <span class='ocrx_word' id='word_1_320' title='bbox 2270 1965 2805 2022; x_wconf 88' lang='lat' dir='ltr'>consubstantiale.</span> <span class='ocrx_word' id='word_1_321' title='bbox 2838 1970 3172 2037; x_wconf 86' lang='lat' dir='ltr'>Imperator</span> <span class='ocrx_word' id='word_1_322' title='bbox 3193 1968 3395 2021; x_wconf 87' lang='lat' dir='ltr'>autem</span> <span class='ocrx_word' id='word_1_323' title='bbox 3426 1964 3642 2020; x_wconf 85' lang='lat' dir='ltr'>Valens</span> 
     </span>
    </p>
   </div>
   <div class='ocr_carea' id='block_1_51' title="bbox 1987 2053 3644 2128">
    <p class='ocr_par' dir='ltr' id='par_1_51' title="bbox 1987 2053 3644 2128">
     <span class='ocr_line' id='line_1_51' title="bbox 1987 2053 3644 2128; baseline 0.002 -21"><span class='ocrx_word' id='word_1_324' title='bbox 1987 2053 2237 2109; x_wconf 83' lang='lat' dir='ltr'>Eudoxii</span> <span class='ocrx_word' id='word_1_325' title='bbox 2269 2054 2819 2110; x_wconf 86' lang='lat' dir='ltr'>machinationibus</span> <span class='ocrx_word' id='word_1_326' title='bbox 2847 2054 3151 2128; x_wconf 85' lang='lat' dir='ltr'>synodum</span> <span class='ocrx_word' id='word_1_327' title='bbox 3185 2070 3323 2127; x_wconf 85' lang='lat' dir='ltr'>qua</span> <span class='ocrx_word' id='word_1_328' title='bbox 3351 2054 3412 2109; x_wconf 93' lang='lat' dir='ltr'>in</span> <span class='ocrx_word' id='word_1_329' title='bbox 3445 2053 3644 2111; x_wconf 85' lang='lat' dir='ltr'>Cilicia</span> 
     </span>
    </p>
   </div>
   <div class='ocr_carea' id='block_1_52' title="bbox 1984 2140 3641 2209">
    <p class='ocr_par' dir='ltr' id='par_1_52' title="bbox 1984 2140 3641 2209">
     <span class='ocr_line' id='line_1_52' title="bbox 1984 2140 3641 2209; baseline 0.001 -13"><span class='ocrx_word' id='word_1_330' title='bbox 1984 2140 2113 2197; x_wconf 86' lang='lat' dir='ltr'>ﬁeri</span> <span class='ocrx_word' id='word_1_331' title='bbox 2141 2142 2421 2209; x_wconf 87' lang='lat' dir='ltr'>debebat,</span> <span class='ocrx_word' id='word_1_332' title='bbox 2463 2143 2753 2200; x_wconf 89' lang='lat' dir='ltr'>dissolvit.</span> <span class='ocrx_word' id='word_1_333' title='bbox 2783 2143 3193 2202; x_wconf 87' lang='lat' dir='ltr'>Macedoniani</span> <span class='ocrx_word' id='word_1_334' title='bbox 3232 2158 3373 2199; x_wconf 85' lang='lat' dir='ltr'>vero</span> <span class='ocrx_word' id='word_1_335' title='bbox 3414 2141 3641 2198; x_wconf 75' lang='lat' dir='ltr'>indiffe-</span> 
     </span>
    </p>
   </div>
   <div class='ocr_carea' id='block_1_53' title="bbox 1983 2231 3642 2304">
    <p class='ocr_par' dir='ltr' id='par_1_53' title="bbox 1983 2231 3642 2304">
     <span class='ocr_line' id='line_1_53' title="bbox 1983 2231 3642 2304; baseline 0 -17"><span class='ocrx_word' id='word_1_336' title='bbox 1983 2238 2184 2288; x_wconf 87' lang='lat' dir='ltr'>renter</span> <span class='ocrx_word' id='word_1_337' title='bbox 2216 2249 2357 2289; x_wconf 91' lang='lat' dir='ltr'>cum</span> <span class='ocrx_word' id='word_1_338' title='bbox 2390 2232 2520 2289; x_wconf 85' lang='lat' dir='ltr'>aliis</span> <span class='ocrx_word' id='word_1_339' title='bbox 2565 2234 2627 2289; x_wconf 93' lang='lat' dir='ltr'>in</span> <span class='ocrx_word' id='word_1_340' title='bbox 2669 2234 3048 2304; x_wconf 87' lang='lat' dir='ltr'>singularum</span> <span class='ocrx_word' id='word_1_341' title='bbox 3080 2232 3322 2289; x_wconf 89' lang='lat' dir='ltr'>urbium</span> <span class='ocrx_word' id='word_1_342' title='bbox 3376 2231 3642 2289; x_wconf 90' lang='lat' dir='ltr'>ecclesiis</span> 
     </span>
    </p>
   </div>
   <div class='ocr_carea' id='block_1_54' title="bbox 1983 2321 3638 2396">
    <p class='ocr_par' dir='ltr' id='par_1_54' title="bbox 1983 2321 3638 2396">
     <span class='ocr_line' id='line_1_54' title="bbox 1983 2321 3638 2396; baseline 0.001 -19"><span class='ocrx_word' id='word_1_343' title='bbox 1983 2321 2366 2395; x_wconf 80' lang='lat' dir='ltr'>aliquantum</span> <span class='ocrx_word' id='word_1_344' title='bbox 2417 2324 2707 2396; x_wconf 88' lang='lat' dir='ltr'>temporis</span> <span class='ocrx_word' id='word_1_345' title='bbox 2758 2323 3317 2389; x_wconf 82' lang='lat' dir='ltr'>communicabant,</span> <span class='ocrx_word' id='word_1_346' title='bbox 3350 2322 3451 2379; x_wconf 92' lang='lat' dir='ltr'>alii</span> <span class='ocrx_word' id='word_1_347' title='bbox 3503 2322 3638 2379; x_wconf 89' lang='lat' dir='ltr'>aliis</span> 
     </span>
    </p>
   </div>
   <div class='ocr_carea' id='block_1_55' title="bbox 1980 2409 3640 2487">
    <p class='ocr_par' dir='ltr' id='par_1_55' title="bbox 1980 2409 3640 2487">
     <span class='ocr_line' id='line_1_55' title="bbox 1980 2409 3640 2487; baseline 0.001 -21"><span class='ocrx_word' id='word_1_348' title='bbox 1980 2409 2231 2468; x_wconf 87' lang='lat' dir='ltr'>immisti</span> <span class='ocrx_word' id='word_1_349' title='bbox 2263 2413 2457 2486; x_wconf 88' lang='lat' dir='ltr'>iisque</span> <span class='ocrx_word' id='word_1_350' title='bbox 2497 2413 2604 2487; x_wconf 88' lang='lat' dir='ltr'>qui</span> <span class='ocrx_word' id='word_1_351' title='bbox 2648 2413 2728 2470; x_wconf 89' lang='lat' dir='ltr'>ab</span> <span class='ocrx_word' id='word_1_352' title='bbox 2757 2412 2926 2470; x_wconf 88' lang='lat' dir='ltr'>initio</span> <span class='ocrx_word' id='word_1_353' title='bbox 2958 2410 3473 2470; x_wconf 86' lang='lat' dir='ltr'>consubstantiale</span> <span class='ocrx_word' id='word_1_354' title='bbox 3504 2426 3640 2485; x_wconf 91' lang='lat' dir='ltr'>pro-</span> 
     </span>
    </p>
   </div>
   <div class='ocr_carea' id='block_1_56' title="bbox 1979 2503 2361 2561">
    <p class='ocr_par' dir='ltr' id='par_1_56' title="bbox 1979 2503 2361 2561">
     <span class='ocr_line' id='line_1_56' title="bbox 1979 2503 2361 2561; baseline -0.003 -1"><span class='ocrx_word' id='word_1_355' title='bbox 1979 2503 2127 2560; x_wconf 79' lang='lat' dir='ltr'>fessi</span> <span class='ocrx_word' id='word_1_356' title='bbox 2169 2508 2361 2561; x_wconf 85' lang='lat' dir='ltr'>erant.</span> 
     </span>
    </p>
   </div>
   <div class='ocr_carea' id='block_1_57' title="bbox 2056 2609 3642 2685">
    <p class='ocr_par' dir='ltr' id='par_1_57' title="bbox 2056 2609 3642 2685">
     <span class='ocr_line' id='line_1_57' title="bbox 2056 2609 3642 2685; baseline -0.001 -18"><span class='ocrx_word' id='word_1_357' title='bbox 2056 2616 2146 2670; x_wconf 80' lang='lat'>25.</span> <span class='ocrx_word' id='word_1_358' title='bbox 2171 2612 2507 2685; x_wconf 87' lang='lat' dir='ltr'>Postquam</span> <span class='ocrx_word' id='word_1_359' title='bbox 2531 2615 2756 2682; x_wconf 89' lang='lat' dir='ltr'>autem,</span> <span class='ocrx_word' id='word_1_360' title='bbox 2779 2611 3022 2669; x_wconf 84' lang='lat' dir='ltr'>Valente</span> <span class='ocrx_word' id='word_1_361' title='bbox 3044 2614 3307 2680; x_wconf 91' lang='lat' dir='ltr'>mortuo,</span> <span class='ocrx_word' id='word_1_362' title='bbox 3324 2609 3642 2667; x_wconf 86' lang='lat' dir='ltr'>Gratianus</span> 
     </span>
    </p>
   </div>
   <div class='ocr_carea' id='block_1_58' title="bbox 1981 2699 3642 2775">
    <p class='ocr_par' dir='ltr' id='par_1_58' title="bbox 1981 2699 3642 2775">
     <span class='ocr_line' id='line_1_58' title="bbox 1981 2699 3642 2775; baseline -0.001 -19"><span class='ocrx_word' id='word_1_363' title='bbox 1981 2700 2180 2771; x_wconf 83' lang='lat' dir='ltr'>legem</span> <span class='ocrx_word' id='word_1_364' title='bbox 2212 2700 2344 2758; x_wconf 88' lang='lat' dir='ltr'>tulit</span> <span class='ocrx_word' id='word_1_365' title='bbox 2371 2717 2444 2757; x_wconf 85' lang='lat' dir='ltr'>ex</span> <span class='ocrx_word' id='word_1_366' title='bbox 2470 2717 2594 2774; x_wconf 88' lang='lat' dir='ltr'>qua</span> <span class='ocrx_word' id='word_1_367' title='bbox 2621 2717 2826 2758; x_wconf 90' lang='lat' dir='ltr'>secure</span> <span class='ocrx_word' id='word_1_368' title='bbox 2856 2702 3114 2775; x_wconf 90' lang='lat' dir='ltr'>quisque</span> <span class='ocrx_word' id='word_1_369' title='bbox 3134 2704 3200 2756; x_wconf 92' lang='lat' dir='ltr'>ut</span> <span class='ocrx_word' id='word_1_370' title='bbox 3228 2699 3417 2771; x_wconf 84' lang='lat' dir='ltr'>vellet,</span> <span class='ocrx_word' id='word_1_371' title='bbox 3454 2702 3642 2755; x_wconf 91' lang='lat' dir='ltr'>Deum</span> 
     </span>
    </p>
   </div>
   <div class='ocr_carea' id='block_1_59' title="bbox 1984 2789 3642 2864">
    <p class='ocr_par' dir='ltr' id='par_1_59' title="bbox 1984 2789 3642 2864">
     <span class='ocr_line' id='line_1_59' title="bbox 1984 2789 3642 2864; baseline -0.003 -15"><span class='ocrx_word' id='word_1_372' title='bbox 1984 2791 2204 2849; x_wconf 89' lang='lat' dir='ltr'>coleret</span> <span class='ocrx_word' id='word_1_373' title='bbox 2221 2795 2279 2848; x_wconf 91' lang='lat' dir='ltr'>et</span> <span class='ocrx_word' id='word_1_374' title='bbox 2300 2792 2777 2860; x_wconf 90' lang='lat' dir='ltr'>concionaretur,</span> <span class='ocrx_word' id='word_1_375' title='bbox 2803 2792 3066 2864; x_wconf 82' lang='lat' dir='ltr'>exceptis</span> <span class='ocrx_word' id='word_1_376' title='bbox 3088 2789 3426 2849; x_wconf 88' lang='lat' dir='ltr'>Manichais</span> <span class='ocrx_word' id='word_1_377' title='bbox 3445 2789 3642 2863; x_wconf 90' lang='lat' dir='ltr'>iisque</span> 
     </span>
    </p>
   </div>
   <div class='ocr_carea' id='block_1_60' title="bbox 1983 2881 3641 2954">
    <p class='ocr_par' dir='ltr' id='par_1_60' title="bbox 1983 2881 3641 2954">
     <span class='ocr_line' id='line_1_60' title="bbox 1983 2881 3641 2954; baseline -0.002 -17"><span class='ocrx_word' id='word_1_378' title='bbox 1983 2881 2091 2954; x_wconf 92' lang='lat' dir='ltr'>qui</span> <span class='ocrx_word' id='word_1_379' title='bbox 2138 2881 2386 2938; x_wconf 88' lang='lat' dir='ltr'>Photino</span> <span class='ocrx_word' id='word_1_380' title='bbox 2427 2887 2485 2939; x_wconf 92' lang='lat' dir='ltr'>et</span> <span class='ocrx_word' id='word_1_381' title='bbox 2522 2881 2817 2939; x_wconf 89' lang='lat' dir='ltr'>Eunomio</span> <span class='ocrx_word' id='word_1_382' title='bbox 2866 2881 3348 2945; x_wconf 86' lang='lat' dir='ltr'>consentiebant,</span> <span class='ocrx_word' id='word_1_383' title='bbox 3395 2894 3641 2934; x_wconf 88' lang='lat' dir='ltr'>rursum</span> 
     </span>
    </p>
   </div>
   <div class='ocr_carea' id='block_1_61' title="bbox 1983 2970 3642 3044">
    <p class='ocr_par' dir='ltr' id='par_1_61' title="bbox 1983 2970 3642 3044">
     <span class='ocr_line' id='line_1_61' title="bbox 1983 2970 3642 3044; baseline -0.002 -18"><span class='ocrx_word' id='word_1_384' title='bbox 1983 2970 2256 3044; x_wconf 89' lang='lat' dir='ltr'>plerique</span> <span class='ocrx_word' id='word_1_385' title='bbox 2325 2971 2663 3029; x_wconf 87' lang='lat' dir='ltr'>docuerunt</span> <span class='ocrx_word' id='word_1_386' title='bbox 2719 2970 3178 3044; x_wconf 84' lang='lat' dir='ltr'>exstirpandam</span> <span class='ocrx_word' id='word_1_387' title='bbox 3239 2983 3371 3025; x_wconf 90' lang='lat' dir='ltr'>esse</span> <span class='ocrx_word' id='word_1_388' title='bbox 3425 2982 3642 3024; x_wconf 90' lang='lat' dir='ltr'>vocem</span> 
     </span>
    </p>
   </div>
   <div class='ocr_carea' id='block_1_62' title="bbox 1914 3056 3639 3134">
    <p class='ocr_par' dir='ltr' id='par_1_62' title="bbox 1914 3056 3639 3134">
     <span class='ocr_line' id='line_1_62' title="bbox 1914 3056 3639 3134; baseline -0.003 -18"><span class='ocrx_word' id='word_1_389' title='bbox 1914 3123 1920 3129; x_wconf 29' lang='grc' dir='ltr'>ν</span> <span class='ocrx_word' id='word_1_390' title='bbox 1988 3060 2570 3119; x_wconf 80' lang='lat' dir='ltr'>Consubstantialz&#39;s.</span> <span class='ocrx_word' id='word_1_391' title='bbox 2618 3063 2951 3134; x_wconf 88' lang='lat' dir='ltr'>Imperator</span> <span class='ocrx_word' id='word_1_392' title='bbox 3006 3063 3210 3116; x_wconf 88' lang='lat' dir='ltr'>autem</span> <span class='ocrx_word' id='word_1_393' title='bbox 3264 3056 3639 3115; x_wconf 90' lang='lat' dir='ltr'>Theodosius</span> 
     </span>
    </p>
   </div>
   <div class='ocr_carea' id='block_1_63' title="bbox 254 3130 1869 3223">
    <p class='ocr_par' dir='ltr' id='par_1_63' title="bbox 254 3130 1869 3217">
     <span class='ocr_line' id='line_1_63' title="bbox 254 3130 1869 3217; baseline 0.01 -34"><span class='ocrx_word' id='word_1_394' title='bbox 254 3130 545 3204; x_wconf 80' lang='grc' dir='ltr'><strong>ὀμοουσίου</strong></span> <span class='ocrx_word' id='word_1_395' title='bbox 577 3132 930 3199; x_wconf 69' lang='grc' dir='ltr'><strong>πουδαστής</strong></span> <span class='ocrx_word' id='word_1_396' title='bbox 975 3137 1065 3202; x_wconf 82' lang='grc' dir='ltr'>ὧν,</span> <span class='ocrx_word' id='word_1_397' title='bbox 1131 3136 1351 3193; x_wconf 88' lang='grc' dir='ltr'><strong>σύνοδον</strong></span> <span class='ocrx_word' id='word_1_398' title='bbox 1402 3140 1699 3196; x_wconf 84' lang='grc' dir='ltr'><strong>ἐπισκόπων</strong></span> <span class='ocrx_word' id='word_1_399' title='bbox 1747 3145 1869 3217; x_wconf 85' lang='grc' dir='ltr'><strong>ὁμο-</strong></span> 
     </span>
    </p>
   </div>
   <div class='ocr_carea' id='block_1_64' title="bbox 1982 3130 3640 3223">
    <p class='ocr_par' dir='ltr' id='par_1_64' title="bbox 1985 3130 3640 3223">
     <span class='ocr_line' id='line_1_64' title="bbox 1985 3130 3640 3223; baseline -0.004 -15"><span class='ocrx_word' id='word_1_400' title='bbox 1985 3154 2259 3223; x_wconf 85' lang='lat' dir='ltr'>Magnus,</span> <span class='ocrx_word' id='word_1_401' title='bbox 2306 3130 2847 3209; x_wconf 84' lang='lat' dir='ltr'>Consubstantialis</span> <span class='ocrx_word' id='word_1_402' title='bbox 2894 3151 3113 3221; x_wconf 88' lang='lat' dir='ltr'>fautor,</span> <span class='ocrx_word' id='word_1_403' title='bbox 3148 3147 3452 3222; x_wconf 84' lang='lat' dir='ltr'>synodum</span> <span class='ocrx_word' id='word_1_404' title='bbox 3483 3146 3640 3220; x_wconf 92' lang='lat' dir='ltr'>epis-</span> 
     </span>
    </p>
   </div>
   <div class='ocr_carea' id='block_1_65' title="bbox 248 3218 1873 3303">
    <p class='ocr_par' dir='ltr' id='par_1_65' title="bbox 248 3218 1873 3303">
     <span class='ocr_line' id='line_1_65' title="bbox 248 3218 1873 3303; baseline 0.008 -30"><span class='ocrx_word' id='word_1_405' title='bbox 248 3218 424 3285; x_wconf 82' lang='grc' dir='ltr'><strong>δόξων</strong></span> <span class='ocrx_word' id='word_1_406' title='bbox 495 3222 666 3294; x_wconf 81' lang='grc' dir='ltr'><strong>ἐαυτῷ</strong></span> <span class='ocrx_word' id='word_1_407' title='bbox 743 3226 1055 3281; x_wconf 78' lang='grc' dir='ltr'><strong>συνεκάλεσε</strong></span> <span class='ocrx_word' id='word_1_408' title='bbox 1107 3228 1442 3303; x_wconf 78' lang='grc' dir='ltr'><strong>βεϐαιώσεως</strong></span> <span class='ocrx_word' id='word_1_409' title='bbox 1480 3232 1627 3286; x_wconf 83' lang='grc' dir='ltr'><strong>ἕνεκα</strong></span> <span class='ocrx_word' id='word_1_410' title='bbox 1681 3242 1782 3286; x_wconf 83' lang='grc' dir='ltr'>τῶν</span> <span class='ocrx_word' id='word_1_411' title='bbox 1824 3233 1873 3286; x_wconf 83' lang='grc' dir='ltr'>ἐν</span> 
     </span>
    </p>
   </div>
   <div class='ocr_carea' id='block_1_66' title="bbox 242 3309 1872 3388">
    <p class='ocr_par' dir='ltr' id='par_1_66' title="bbox 242 3309 1872 3388">
     <span class='ocr_line' id='line_1_66' title="bbox 242 3309 1872 3388; baseline 0.007 -24"><span class='ocrx_word' id='word_1_412' title='bbox 242 3316 453 3386; x_wconf 75' lang='grc' dir='ltr'><strong>Νικαία</strong></span> <span class='ocrx_word' id='word_1_413' title='bbox 504 3309 790 3378; x_wconf 73' lang='grc' dir='ltr'><strong>δοξάντων·</strong></span> <span class='ocrx_word' id='word_1_414' title='bbox 842 3317 1115 3371; x_wconf 79' lang='grc' dir='ltr'><strong>ὑπολαϐὼν</strong></span> <span class='ocrx_word' id='word_1_415' title='bbox 1170 3317 1229 3373; x_wconf 72' lang='grc' dir='ltr'>δε</span> <span class='ocrx_word' id='word_1_416' title='bbox 1296 3318 1560 3376; x_wconf 86' lang='grc' dir='ltr'><strong>δύνασθαι</strong></span> <span class='ocrx_word' id='word_1_417' title='bbox 1619 3324 1872 3388; x_wconf 84' lang='grc' dir='ltr'><strong>συντάξαι</strong></span> 
     </span>
    </p>
   </div>
   <div class='ocr_carea' id='block_1_67' title="bbox 244 3401 1872 3485">
    <p class='ocr_par' dir='ltr' id='par_1_67' title="bbox 244 3401 1872 3485">
     <span class='ocr_line' id='line_1_67' title="bbox 244 3401 1872 3485; baseline 0.009 -33"><span class='ocrx_word' id='word_1_418' title='bbox 244 3408 309 3472; x_wconf 68' lang='grc' dir='ltr'><strong>τῇ</strong></span> <span class='ocrx_word' id='word_1_419' title='bbox 348 3401 586 3455; x_wconf 78' lang='grc' dir='ltr'><strong>καθόλου</strong></span> <span class='ocrx_word' id='word_1_420' title='bbox 635 3404 926 3476; x_wconf 75' lang='grc' dir='ltr'><strong>Ἐκκλησία</strong></span> <span class='ocrx_word' id='word_1_421' title='bbox 989 3411 1107 3470; x_wconf 82' lang='grc' dir='ltr'><strong>τοὺς</strong></span> <span class='ocrx_word' id='word_1_422' title='bbox 1153 3410 1500 3485; x_wconf 80' lang='grc' dir='ltr'><strong>καλουμένους</strong></span> <span class='ocrx_word' id='word_1_423' title='bbox 1545 3409 1872 3466; x_wconf 82' lang='grc' dir='ltr'><strong>Μακεδονια-</strong></span> 
     </span>
    </p>
   </div>
   <div class='ocr_carea' id='block_1_68' title="bbox 240 3493 1868 3563">
    <p class='ocr_par' dir='ltr' id='par_1_68' title="bbox 240 3493 1868 3563">
     <span class='ocr_line' id='line_1_68' title="bbox 240 3493 1868 3563; baseline 0.007 -20"><span class='ocrx_word' id='word_1_424' title='bbox 240 3495 375 3552; x_wconf 80' lang='grc' dir='ltr'><strong>νούς.</strong></span> <span class='ocrx_word' id='word_1_425' title='bbox 461 3493 776 3549; x_wconf 78' lang='grc' dir='ltr'><strong>συνεκάλεσε</strong></span> <span class='ocrx_word' id='word_1_426' title='bbox 851 3501 942 3550; x_wconf 84' lang='grc' dir='ltr'><strong>καὶ</strong></span> <span class='ocrx_word' id='word_1_427' title='bbox 1024 3502 1253 3563; x_wconf 65' lang='grc' dir='ltr'><strong>τούτους</strong></span> <span class='ocrx_word' id='word_1_428' title='bbox 1334 3498 1587 3561; x_wconf 81' lang='grc' dir='ltr'><strong>συνῆλθον</strong></span> <span class='ocrx_word' id='word_1_429' title='bbox 1655 3498 1743 3555; x_wconf 77' lang='grc' dir='ltr'>οὖν</span> <span class='ocrx_word' id='word_1_430' title='bbox 1818 3501 1868 3555; x_wconf 86' lang='grc' dir='ltr'>ἐν</span> 
     </span>
    </p>
   </div>
   <div class='ocr_carea' id='block_1_69' title="bbox 240 3585 1869 3666">
    <p class='ocr_par' dir='ltr' id='par_1_69' title="bbox 240 3585 1869 3666">
     <span class='ocr_line' id='line_1_69' title="bbox 240 3585 1869 3666; baseline 0.007 -31"><span class='ocrx_word' id='word_1_431' title='bbox 240 3585 801 3639; x_wconf 75' lang='grc' dir='ltr'><strong>Κωνσταντινουπόλει</strong></span> <span class='ocrx_word' id='word_1_432' title='bbox 874 3586 931 3640; x_wconf 79' lang='grc' dir='ltr'><strong>ἐκ</strong></span> <span class='ocrx_word' id='word_1_433' title='bbox 985 3597 1086 3642; x_wconf 87' lang='grc' dir='ltr'><strong>τῶν</strong></span> <span class='ocrx_word' id='word_1_434' title='bbox 1159 3591 1438 3664; x_wconf 88' lang='grc' dir='ltr'><strong>ὀμοούσιον</strong></span> <span class='ocrx_word' id='word_1_435' title='bbox 1500 3596 1593 3653; x_wconf 82' lang='grc' dir='ltr'>τὴν</span> <span class='ocrx_word' id='word_1_436' title='bbox 1659 3589 1869 3666; x_wconf 86' lang='grc' dir='ltr'><strong>Τρίάδα</strong></span> 
     </span>
    </p>
   </div>
   <div class='ocr_carea' id='block_1_70' title="bbox 237 3668 1866 3750">
    <p class='ocr_par' dir='ltr' id='par_1_70' title="bbox 237 3668 1866 3750">
     <span class='ocr_line' id='line_1_70' title="bbox 237 3668 1866 3750; baseline 0.001 -15"><span class='ocrx_word' id='word_1_437' title='bbox 237 3668 576 3735; x_wconf 73' lang='grc' dir='ltr'><strong>δοξαξόντων</strong></span> <span class='ocrx_word' id='word_1_438' title='bbox 636 3674 771 3749; x_wconf 69' lang='grc' dir='ltr'>ἀμφὶ</span> <span class='ocrx_word' id='word_1_439' title='bbox 810 3677 992 3731; x_wconf 82' lang='grc' dir='ltr'><strong>ἑκατόν</strong></span> <span class='ocrx_word' id='word_1_440' title='bbox 1038 3684 1129 3733; x_wconf 86' lang='grc' dir='ltr'>καὶ</span> <span class='ocrx_word' id='word_1_441' title='bbox 1184 3684 1522 3750; x_wconf 76' lang='grc' dir='ltr'><strong>πεντήκοντα,</strong></span> <span class='ocrx_word' id='word_1_442' title='bbox 1582 3680 1631 3734; x_wconf 84' lang='grc' dir='ltr'>ἐν</span> <span class='ocrx_word' id='word_1_443' title='bbox 1684 3678 1758 3744; x_wconf 81' lang='grc' dir='ltr'>οἷς</span> <span class='ocrx_word' id='word_1_444' title='bbox 1803 3684 1866 3743; x_wconf 81' lang='grc' dir='ltr'>ἧν</span> 
     </span>
    </p>
   </div>
   <div class='ocr_carea' id='block_1_71' title="bbox 242 3767 1860 3849">
    <p class='ocr_par' dir='ltr' id='par_1_71' title="bbox 242 3767 1860 3849">
     <span class='ocr_line' id='line_1_71' title="bbox 242 3767 1860 3849; baseline 0.011 -35"><span class='ocrx_word' id='word_1_445' title='bbox 242 3769 538 3839; x_wconf 70' lang='grc' dir='ltr'><strong>Γρηγόριος</strong></span> <span class='ocrx_word' id='word_1_446' title='bbox 598 3767 626 3819; x_wconf 86' lang='grc' dir='ltr'><strong><em>ὁ</em></strong></span> <span class='ocrx_word' id='word_1_447' title='bbox 691 3768 971 3842; x_wconf 83' lang='grc' dir='ltr'><strong>Θεολόγος,</strong></span> <span class='ocrx_word' id='word_1_448' title='bbox 1031 3772 1058 3824; x_wconf 86' lang='grc' dir='ltr'>ὁ</span> <span class='ocrx_word' id='word_1_449' title='bbox 1132 3775 1352 3836; x_wconf 87' lang='grc' dir='ltr'><strong>Νύσσης</strong></span> <span class='ocrx_word' id='word_1_450' title='bbox 1410 3776 1700 3849; x_wconf 81' lang='grc' dir='ltr'><strong>Γρηγὸριος</strong></span> <span class='ocrx_word' id='word_1_451' title='bbox 1763 3776 1860 3845; x_wconf 80' lang='grc'><strong>(1),</strong></span> 
     </span>
    </p>
   </div>
   <div class='ocr_carea' id='block_1_72' title="bbox 246 3850 1867 3937">
    <p class='ocr_par' dir='ltr' id='par_1_72' title="bbox 246 3850 1867 3937">
     <span class='ocr_line' id='line_1_72' title="bbox 246 3850 1867 3937; baseline 0.008 -32"><span class='ocrx_word' id='word_1_452' title='bbox 246 3850 595 3927; x_wconf 65' lang='grc' dir='ltr'><strong>’Δμειιλόχιός</strong></span> <span class='ocrx_word' id='word_1_453' title='bbox 644 3876 700 3910; x_wconf 88' lang='grc' dir='ltr'>τε</span> <span class='ocrx_word' id='word_1_454' title='bbox 765 3863 859 3910; x_wconf 84' lang='grc' dir='ltr'>καὶ</span> <span class='ocrx_word' id='word_1_455' title='bbox 912 3860 1074 3937; x_wconf 77' lang='grc' dir='ltr'><strong>ἕτεροι</strong></span> <span class='ocrx_word' id='word_1_456' title='bbox 1135 3871 1234 3914; x_wconf 86' lang='grc' dir='ltr'>τῶν</span> <span class='ocrx_word' id='word_1_457' title='bbox 1290 3861 1562 3936; x_wconf 78' lang='grc' dir='ltr'><strong>ἐπισήμων</strong></span> <span class='ocrx_word' id='word_1_458' title='bbox 1607 3868 1723 3917; x_wconf 82' lang='grc' dir='ltr'><strong>τότε</strong></span> <span class='ocrx_word' id='word_1_459' title='bbox 1761 3870 1867 3918; x_wconf 87' lang='grc' dir='ltr'>Πα-</span> 
     </span>
    </p>
   </div>
   <div class='ocr_carea' id='block_1_73' title="bbox 247 3943 1866 4015">
    <p class='ocr_par' dir='ltr' id='par_1_73' title="bbox 247 3943 1866 4015">
     <span class='ocr_line' id='line_1_73' title="bbox 247 3943 1866 4015; baseline 0.008 -23"><span class='ocrx_word' id='word_1_460' title='bbox 247 3946 428 4015; x_wconf 79' lang='grc' dir='ltr'><strong>τέρων,</strong></span> <span class='ocrx_word' id='word_1_461' title='bbox 490 3946 537 3999; x_wconf 79' lang='grc' dir='ltr'>οἱ</span> <span class='ocrx_word' id='word_1_462' title='bbox 608 3943 679 4007; x_wconf 83' lang='grc' dir='ltr'><strong>δὴ</strong></span> <span class='ocrx_word' id='word_1_463' title='bbox 758 3950 949 4013; x_wconf 84' lang='grc' dir='ltr'><strong>πάντες</strong></span> <span class='ocrx_word' id='word_1_464' title='bbox 1022 3948 1224 4005; x_wconf 79' lang='grc' dir='ltr'><strong>ἐδέοντο</strong></span> <span class='ocrx_word' id='word_1_465' title='bbox 1299 3960 1398 4005; x_wconf 85' lang='grc' dir='ltr'>τῶν</span> <span class='ocrx_word' id='word_1_466' title='bbox 1463 3949 1866 4007; x_wconf 82' lang='grc' dir='ltr'><strong>Μακεδονιανῶν</strong></span> 
     </span>
    </p>
   </div>
   <div class='ocr_carea' id='block_1_74' title="bbox 244 4030 1868 4116">
    <p class='ocr_par' dir='ltr' id='par_1_74' title="bbox 244 4030 1868 4116">
     <span class='ocr_line' id='line_1_74' title="bbox 244 4030 1868 4116; baseline 0.009 -33"><span class='ocrx_word' id='word_1_467' title='bbox 244 4030 523 4104; x_wconf 70' lang='grc' dir='ltr'><strong>ἐπιγνῶναι</strong></span> <span class='ocrx_word' id='word_1_468' title='bbox 593 4040 655 4089; x_wconf 85' lang='grc' dir='ltr'><strong>τὸ</strong></span> <span class='ocrx_word' id='word_1_469' title='bbox 724 4036 1026 4110; x_wconf 79' lang='grc' dir='ltr'><strong>ὁμοούσιον,</strong></span> <span class='ocrx_word' id='word_1_470' title='bbox 1104 4040 1585 4116; x_wconf 63' lang='grc' dir='ltr'><strong>ἀναμιμνήσκοντες</strong></span> <span class='ocrx_word' id='word_1_471' title='bbox 1676 4044 1868 4107; x_wconf 82' lang='grc' dir='ltr'><strong>αύτοῠς</strong></span> 
     </span>
    </p>
   </div>
   <div class='ocr_carea' id='block_1_75' title="bbox 233 4125 1865 4207">
    <p class='ocr_par' dir='ltr' id='par_1_75' title="bbox 233 4125 1865 4207">
     <span class='ocr_line' id='line_1_75' title="bbox 233 4125 1865 4207; baseline 0.009 -32"><span class='ocrx_word' id='word_1_472' title='bbox 233 4131 331 4186; x_wconf 73' lang='grc' dir='ltr'><strong>τῆς</strong></span> <span class='ocrx_word' id='word_1_473' title='bbox 368 4125 661 4198; x_wconf 79' lang='grc' dir='ltr'><strong>πρεσϐείας</strong></span> <span class='ocrx_word' id='word_1_474' title='bbox 702 4132 795 4180; x_wconf 80' lang='grc' dir='ltr'>καὶ</span> <span class='ocrx_word' id='word_1_475' title='bbox 834 4128 1114 4202; x_wconf 84' lang='grc' dir='ltr'><strong>ὁμολογίας</strong></span> <span class='ocrx_word' id='word_1_476' title='bbox 1154 4130 1215 4191; x_wconf 75' lang='grc' dir='ltr'><strong>ἣν</strong></span> <span class='ocrx_word' id='word_1_477' title='bbox 1256 4134 1424 4185; x_wconf 73' lang='grc' dir='ltr'><strong>ἔθεντο</strong></span> <span class='ocrx_word' id='word_1_478' title='bbox 1462 4136 1595 4206; x_wconf 83' lang='grc' dir='ltr'><strong>πρὸς</strong></span> <span class='ocrx_word' id='word_1_479' title='bbox 1623 4132 1865 4207; x_wconf 81' lang='grc' dir='ltr'><strong>Λιϐέριον</strong></span> 
     </span>
    </p>
   </div>
   <div class='ocr_carea' id='block_1_76' title="bbox 224 4212 1868 4296">
    <p class='ocr_par' dir='ltr' id='par_1_76' title="bbox 224 4212 1868 4296">
     <span class='ocr_line' id='line_1_76' title="bbox 224 4212 1868 4296; baseline 0.007 -32"><span class='ocrx_word' id='word_1_480' title='bbox 224 4216 320 4265; x_wconf 80' lang='grc' dir='ltr'><strong>τὸν</strong></span> <span class='ocrx_word' id='word_1_481' title='bbox 367 4214 582 4287; x_wconf 80' lang='grc' dir='ltr'><strong>Ῥώμης</strong></span> <span class='ocrx_word' id='word_1_482' title='bbox 646 4212 745 4269; x_wconf 77' lang='grc' dir='ltr'><strong>διὰ</strong></span> <span class='ocrx_word' id='word_1_483' title='bbox 776 4217 1071 4272; x_wconf 79' lang='grc' dir='ltr'><strong>Εύσταθίου</strong></span> <span class='ocrx_word' id='word_1_484' title='bbox 1112 4226 1202 4274; x_wconf 79' lang='grc' dir='ltr'>καὶ</span> <span class='ocrx_word' id='word_1_485' title='bbox 1250 4220 1496 4274; x_wconf 77' lang='grc' dir='ltr'><strong>Σιλϐανοῦ</strong></span> <span class='ocrx_word' id='word_1_486' title='bbox 1556 4227 1646 4275; x_wconf 82' lang='grc' dir='ltr'><strong>καὶ</strong></span> <span class='ocrx_word' id='word_1_487' title='bbox 1675 4227 1868 4296; x_wconf 67' lang='grc' dir='ltr'><strong>Θεοφίκ</strong></span> 
     </span>
    </p>
   </div>
   <div class='ocr_carea' id='block_1_77' title="bbox 222 4301 1863 4387">
    <p class='ocr_par' dir='ltr' id='par_1_77' title="bbox 222 4301 1863 4387">
     <span class='ocr_line' id='line_1_77' title="bbox 222 4301 1863 4387; baseline 0.007 -33"><span class='ocrx_word' id='word_1_488' title='bbox 222 4301 346 4359; x_wconf 75' lang='grc' dir='ltr'><strong>λου.</strong></span> <span class='ocrx_word' id='word_1_489' title='bbox 412 4306 483 4356; x_wconf 81' lang='grc' dir='ltr'><strong>Οἱ</strong></span> <span class='ocrx_word' id='word_1_490' title='bbox 546 4301 610 4357; x_wconf 70' lang='grc' dir='ltr'><strong>δὲ</strong></span> <span class='ocrx_word' id='word_1_491' title='bbox 647 4302 917 4378; x_wconf 79' lang='grc' dir='ltr'><strong>μηδέποτε</strong></span> <span class='ocrx_word' id='word_1_492' title='bbox 955 4310 1235 4381; x_wconf 84' lang='grc' dir='ltr'><strong>ὁμοούσιον</strong></span> <span class='ocrx_word' id='word_1_493' title='bbox 1284 4319 1355 4383; x_wconf 82' lang='grc' dir='ltr'><strong>τῷ</strong></span> <span class='ocrx_word' id='word_1_494' title='bbox 1415 4316 1581 4387; x_wconf 85' lang='grc' dir='ltr'><strong>Πατρὶ</strong></span> <span class='ocrx_word' id='word_1_495' title='bbox 1619 4315 1706 4364; x_wconf 87' lang='grc' dir='ltr'>τὸν</span> <span class='ocrx_word' id='word_1_496' title='bbox 1743 4315 1863 4366; x_wconf 83' lang='grc' dir='ltr'><strong>Υἱον</strong></span> 
     </span>
    </p>
   </div>
   <div class='ocr_carea' id='block_1_78' title="bbox 223 4390 1863 4467">
    <p class='ocr_par' dir='ltr' id='par_1_78' title="bbox 223 4390 1863 4467">
     <span class='ocr_line' id='line_1_78' title="bbox 223 4390 1863 4467; baseline 0.006 -22"><span class='ocrx_word' id='word_1_497' title='bbox 223 4392 537 4465; x_wconf 64' lang='grc' dir='ltr'><strong>ἀναφανδόν</strong></span> <span class='ocrx_word' id='word_1_498' title='bbox 611 4390 856 4460; x_wconf 72' lang='grc' dir='ltr'><strong>δοξάζειν</strong></span> <span class='ocrx_word' id='word_1_499' title='bbox 927 4398 1166 4467; x_wconf 84' lang='grc' dir='ltr'><strong>εἰπόντες,</strong></span> <span class='ocrx_word' id='word_1_500' title='bbox 1233 4400 1279 4455; x_wconf 81' lang='grc' dir='ltr'><strong>εἰ</strong></span> <span class='ocrx_word' id='word_1_501' title='bbox 1337 4406 1428 4454; x_wconf 82' lang='grc' dir='ltr'>καὶ</span> <span class='ocrx_word' id='word_1_502' title='bbox 1485 4399 1690 4455; x_wconf 76' lang='grc' dir='ltr'><strong>ἐναντία</strong></span> <span class='ocrx_word' id='word_1_503' title='bbox 1751 4410 1863 4466; x_wconf 86' lang='grc' dir='ltr'><strong>ταῖς</strong></span> 
     </span>
    </p>
   </div>
   <div class='ocr_carea' id='block_1_79' title="bbox 1982 3236 3635 3315">
    <p class='ocr_par' dir='ltr' id='par_1_79' title="bbox 1982 3236 3635 3315">
     <span class='ocr_line' id='line_1_79' title="bbox 1982 3236 3635 3315; baseline -0.004 -17"><span class='ocrx_word' id='word_1_504' title='bbox 1982 3257 2277 3315; x_wconf 89' lang='lat' dir='ltr'>coporum</span> <span class='ocrx_word' id='word_1_505' title='bbox 2309 3241 2422 3298; x_wconf 91' lang='lat' dir='ltr'>sibi</span> <span class='ocrx_word' id='word_1_506' title='bbox 2452 3240 2958 3298; x_wconf 90' lang='lat' dir='ltr'>consentientium</span> <span class='ocrx_word' id='word_1_507' title='bbox 2984 3238 3359 3308; x_wconf 91' lang='lat' dir='ltr'>convocavit,</span> <span class='ocrx_word' id='word_1_508' title='bbox 3393 3236 3472 3293; x_wconf 88' lang='lat' dir='ltr'>ad</span> <span class='ocrx_word' id='word_1_509' title='bbox 3494 3251 3635 3294; x_wconf 90' lang='lat' dir='ltr'>con-</span> 
     </span>
    </p>
   </div>
   <div class='ocr_carea' id='block_1_80' title="bbox 1980 3324 3637 3406">
    <p class='ocr_par' dir='ltr' id='par_1_80' title="bbox 1980 3324 3637 3406">
     <span class='ocr_line' id='line_1_80' title="bbox 1980 3324 3637 3406; baseline -0.004 -17"><span class='ocrx_word' id='word_1_510' title='bbox 1980 3332 2287 3390; x_wconf 88' lang='lat' dir='ltr'>ﬁrmanda</span> <span class='ocrx_word' id='word_1_511' title='bbox 2316 3348 2389 3390; x_wconf 90' lang='lat' dir='ltr'>ea</span> <span class='ocrx_word' id='word_1_512' title='bbox 2422 3349 2557 3406; x_wconf 87' lang='lat' dir='ltr'>qua</span> <span class='ocrx_word' id='word_1_513' title='bbox 2597 3332 2806 3389; x_wconf 80' lang='lat' dir='ltr'>Nicaea</span> <span class='ocrx_word' id='word_1_514' title='bbox 2850 3332 3092 3389; x_wconf 90' lang='lat' dir='ltr'>decreta</span> <span class='ocrx_word' id='word_1_515' title='bbox 3118 3334 3317 3398; x_wconf 86' lang='lat' dir='ltr'>erant;</span> <span class='ocrx_word' id='word_1_516' title='bbox 3348 3324 3637 3400; x_wconf 87' lang='lat' dir='ltr'>possibile</span> 
     </span>
    </p>
   </div>
   <div class='ocr_carea' id='block_1_81' title="bbox 1980 3415 3637 3498">
    <p class='ocr_par' dir='ltr' id='par_1_81' title="bbox 1980 3415 3637 3498">
     <span class='ocr_line' id='line_1_81' title="bbox 1980 3415 3637 3498; baseline -0.005 -17"><span class='ocrx_word' id='word_1_517' title='bbox 1980 3429 2183 3481; x_wconf 87' lang='lat' dir='ltr'>autem</span> <span class='ocrx_word' id='word_1_518' title='bbox 2214 3423 2339 3481; x_wconf 87' lang='lat' dir='ltr'>fore</span> <span class='ocrx_word' id='word_1_519' title='bbox 2370 3429 2595 3498; x_wconf 89' lang='lat' dir='ltr'>putans</span> <span class='ocrx_word' id='word_1_520' title='bbox 2622 3422 2931 3480; x_wconf 88' lang='lat' dir='ltr'>catholica</span> <span class='ocrx_word' id='word_1_521' title='bbox 2958 3420 3231 3477; x_wconf 86' lang='lat' dir='ltr'>Ecclesia</span> <span class='ocrx_word' id='word_1_522' title='bbox 3256 3415 3637 3475; x_wconf 88' lang='lat' dir='ltr'>Macedonia-</span> 
     </span>
    </p>
   </div>
   <div class='ocr_carea' id='block_1_82' title="bbox 1977 3509 3638 3589">
    <p class='ocr_par' dir='ltr' id='par_1_82' title="bbox 1977 3509 3638 3589">
     <span class='ocr_line' id='line_1_82' title="bbox 1977 3509 3638 3589; baseline -0.005 -18"><span class='ocrx_word' id='word_1_523' title='bbox 1977 3531 2090 3571; x_wconf 91' lang='lat' dir='ltr'>nos</span> <span class='ocrx_word' id='word_1_524' title='bbox 2129 3530 2458 3589; x_wconf 91' lang='lat' dir='ltr'>apponere,</span> <span class='ocrx_word' id='word_1_525' title='bbox 2492 3531 2597 3571; x_wconf 90' lang='lat' dir='ltr'>eos</span> <span class='ocrx_word' id='word_1_526' title='bbox 2637 3529 2882 3587; x_wconf 88' lang='lat' dir='ltr'>quoque</span> <span class='ocrx_word' id='word_1_527' title='bbox 2927 3509 3302 3569; x_wconf 90' lang='lat' dir='ltr'>convocavit.</span> <span class='ocrx_word' id='word_1_528' title='bbox 3333 3511 3638 3567; x_wconf 86' lang='lat' dir='ltr'>Convene-</span> 
     </span>
    </p>
   </div>
   <div class='ocr_carea' id='block_1_83' title="bbox 1974 3595 3635 3677">
    <p class='ocr_par' dir='ltr' id='par_1_83' title="bbox 1974 3595 3635 3677">
     <span class='ocr_line' id='line_1_83' title="bbox 1974 3595 3635 3677; baseline -0.006 -16"><span class='ocrx_word' id='word_1_529' title='bbox 1974 3609 2116 3661; x_wconf 90' lang='lat' dir='ltr'>runt</span> <span class='ocrx_word' id='word_1_530' title='bbox 2144 3605 2325 3676; x_wconf 83' lang='lat' dir='ltr'>igitur</span> <span class='ocrx_word' id='word_1_531' title='bbox 2369 3602 2950 3677; x_wconf 84' lang='lat' dir='ltr'>Constantinopolim</span> <span class='ocrx_word' id='word_1_532' title='bbox 2994 3617 3068 3658; x_wconf 85' lang='lat' dir='ltr'>ex</span> <span class='ocrx_word' id='word_1_533' title='bbox 3118 3601 3188 3656; x_wconf 91' lang='lat' dir='ltr'>iis</span> <span class='ocrx_word' id='word_1_534' title='bbox 3226 3598 3331 3672; x_wconf 90' lang='lat' dir='ltr'>qui</span> <span class='ocrx_word' id='word_1_535' title='bbox 3374 3595 3635 3653; x_wconf 90' lang='lat' dir='ltr'>consub-</span> 
     </span>
    </p>
   </div>
   <div class='ocr_carea' id='block_1_84' title="bbox 1978 3689 3636 3752">
    <p class='ocr_par' dir='ltr' id='par_1_84' title="bbox 1978 3689 3636 3752">
     <span class='ocr_line' id='line_1_84' title="bbox 1978 3689 3636 3752; baseline -0.005 -1"><span class='ocrx_word' id='word_1_536' title='bbox 1978 3695 2318 3752; x_wconf 87' lang='lat' dir='ltr'>stantialem</span> <span class='ocrx_word' id='word_1_537' title='bbox 2361 3695 2707 3751; x_wconf 89' lang='lat' dir='ltr'>Trinitatem</span> <span class='ocrx_word' id='word_1_538' title='bbox 2770 3690 3214 3749; x_wconf 82' lang='lat' dir='ltr'>confitebantur</span> <span class='ocrx_word' id='word_1_539' title='bbox 3262 3692 3508 3745; x_wconf 90' lang='lat' dir='ltr'>centum</span> <span class='ocrx_word' id='word_1_540' title='bbox 3578 3689 3636 3743; x_wconf 90' lang='lat' dir='ltr'>et</span> 
     </span>
    </p>
   </div>
   <div class='ocr_carea' id='block_1_85' title="bbox 1975 3776 3633 3858">
    <p class='ocr_par' dir='ltr' id='par_1_85' title="bbox 1975 3776 3633 3858">
     <span class='ocr_line' id='line_1_85' title="bbox 1975 3776 3633 3858; baseline -0.006 -17"><span class='ocrx_word' id='word_1_541' title='bbox 1975 3783 2421 3858; x_wconf 85' lang='lat' dir='ltr'>quinquaginta</span> <span class='ocrx_word' id='word_1_542' title='bbox 2458 3783 2724 3848; x_wconf 88' lang='lat' dir='ltr'>circiter,</span> <span class='ocrx_word' id='word_1_543' title='bbox 2774 3783 2836 3838; x_wconf 91' lang='lat' dir='ltr'>in</span> <span class='ocrx_word' id='word_1_544' title='bbox 2881 3780 3105 3853; x_wconf 87' lang='lat' dir='ltr'>quibus</span> <span class='ocrx_word' id='word_1_545' title='bbox 3148 3780 3277 3836; x_wconf 91' lang='lat' dir='ltr'>erat</span> <span class='ocrx_word' id='word_1_546' title='bbox 3316 3776 3633 3847; x_wconf 87' lang='lat' dir='ltr'>Gregorius</span> 
     </span>
    </p>
   </div>
   <div class='ocr_carea' id='block_1_86' title="bbox 1975 3863 3631 3944">
    <p class='ocr_par' dir='ltr' id='par_1_86' title="bbox 1975 3863 3631 3944">
     <span class='ocr_line' id='line_1_86' title="bbox 1975 3863 3631 3944; baseline -0.007 -15"><span class='ocrx_word' id='word_1_547' title='bbox 1975 3872 2336 3944; x_wconf 90' lang='lat' dir='ltr'>Theologus,</span> <span class='ocrx_word' id='word_1_548' title='bbox 2383 3877 2441 3929; x_wconf 94' lang='lat' dir='ltr'>et</span> <span class='ocrx_word' id='word_1_549' title='bbox 2489 3870 2808 3941; x_wconf 88' lang='lat' dir='ltr'>Gregorius</span> <span class='ocrx_word' id='word_1_550' title='bbox 2848 3873 3173 3942; x_wconf 89' lang='lat' dir='ltr'>Nyssenus,</span> <span class='ocrx_word' id='word_1_551' title='bbox 3214 3863 3631 3939; x_wconf 85' lang='lat' dir='ltr'>Amphilochi-</span> 
     </span>
    </p>
   </div>
   <div class='ocr_carea' id='block_1_87' title="bbox 1973 3949 3628 4038">
    <p class='ocr_par' dir='ltr' id='par_1_87' title="bbox 1973 3949 3628 4038">
     <span class='ocr_line' id='line_1_87' title="bbox 1973 3949 3628 4038; baseline -0.007 -19"><span class='ocrx_word' id='word_1_552' title='bbox 1973 3979 2166 4038; x_wconf 91' lang='lat' dir='ltr'>usque</span> <span class='ocrx_word' id='word_1_553' title='bbox 2197 3967 2254 4018; x_wconf 92' lang='lat' dir='ltr'>et</span> <span class='ocrx_word' id='word_1_554' title='bbox 2285 3961 2383 4019; x_wconf 92' lang='lat' dir='ltr'>alii</span> <span class='ocrx_word' id='word_1_555' title='bbox 2405 3977 2478 4020; x_wconf 88' lang='lat' dir='ltr'>ex</span> <span class='ocrx_word' id='word_1_556' title='bbox 2508 3959 2886 4018; x_wconf 91' lang='lat' dir='ltr'>celeberimis</span> <span class='ocrx_word' id='word_1_557' title='bbox 2917 3958 3100 4030; x_wconf 90' lang='lat' dir='ltr'>hujus</span> <span class='ocrx_word' id='word_1_558' title='bbox 3128 3954 3416 4029; x_wconf 84' lang='lat' dir='ltr'>tempOris</span> <span class='ocrx_word' id='word_1_559' title='bbox 3449 3949 3628 4009; x_wconf 89' lang='lat' dir='ltr'>Patri-</span> 
     </span>
    </p>
   </div>
   <div class='ocr_carea' id='block_1_88' title="bbox 1974 4043 3633 4125">
    <p class='ocr_par' dir='ltr' id='par_1_88' title="bbox 1974 4043 3633 4125">
     <span class='ocr_line' id='line_1_88' title="bbox 1974 4043 3633 4125; baseline -0.005 -17"><span class='ocrx_word' id='word_1_560' title='bbox 1974 4052 2231 4125; x_wconf 90' lang='lat' dir='ltr'>bus,qui</span> <span class='ocrx_word' id='word_1_561' title='bbox 2252 4051 2502 4124; x_wconf 91' lang='lat' dir='ltr'>quidem</span> <span class='ocrx_word' id='word_1_562' title='bbox 2537 4065 2750 4107; x_wconf 91' lang='lat' dir='ltr'>omnes</span> <span class='ocrx_word' id='word_1_563' title='bbox 2780 4066 2816 4106; x_wconf 86' lang='lat' dir='ltr'>a</span> <span class='ocrx_word' id='word_1_564' title='bbox 2857 4045 3298 4107; x_wconf 87' lang='lat' dir='ltr'>Macedonianis</span> <span class='ocrx_word' id='word_1_565' title='bbox 3324 4043 3547 4118; x_wconf 90' lang='lat' dir='ltr'>petiere</span> <span class='ocrx_word' id='word_1_566' title='bbox 3566 4044 3633 4099; x_wconf 87' lang='lat' dir='ltr'>ut</span> 
     </span>
    </p>
   </div>
   <div class='ocr_carea' id='block_1_89' title="bbox 1976 4132 3630 4211">
    <p class='ocr_par' dir='ltr' id='par_1_89' title="bbox 1976 4132 3630 4211">
     <span class='ocr_line' id='line_1_89' title="bbox 1976 4132 3630 4211; baseline -0.006 -13"><span class='ocrx_word' id='word_1_567' title='bbox 1976 4141 2489 4199; x_wconf 89' lang='lat' dir='ltr'>consubstantiale</span> <span class='ocrx_word' id='word_1_568' title='bbox 2534 4143 2969 4211; x_wconf 88' lang='lat' dir='ltr'>agnoscerent,</span> <span class='ocrx_word' id='word_1_569' title='bbox 3034 4138 3095 4194; x_wconf 91' lang='lat' dir='ltr'>in</span> <span class='ocrx_word' id='word_1_570' title='bbox 3142 4134 3503 4193; x_wconf 84' lang='lat' dir='ltr'>memoriam</span> <span class='ocrx_word' id='word_1_571' title='bbox 3555 4132 3630 4189; x_wconf 89' lang='lat' dir='ltr'>iis</span> 
     </span>
    </p>
   </div>
   <div class='ocr_carea' id='block_1_90' title="bbox 1972 4221 3632 4302">
    <p class='ocr_par' dir='ltr' id='par_1_90' title="bbox 1972 4221 3632 4302">
     <span class='ocr_line' id='line_1_90' title="bbox 1972 4221 3632 4302; baseline -0.005 -15"><span class='ocrx_word' id='word_1_572' title='bbox 1972 4236 2323 4288; x_wconf 85' lang='lat' dir='ltr'>revocantes</span> <span class='ocrx_word' id='word_1_573' title='bbox 2372 4230 2736 4302; x_wconf 89' lang='lat' dir='ltr'>legationem</span> <span class='ocrx_word' id='word_1_574' title='bbox 2780 4234 2839 4287; x_wconf 91' lang='lat' dir='ltr'>et</span> <span class='ocrx_word' id='word_1_575' title='bbox 2880 4227 3326 4286; x_wconf 86' lang='lat' dir='ltr'>confessionem</span> <span class='ocrx_word' id='word_1_576' title='bbox 3366 4239 3521 4297; x_wconf 89' lang='lat' dir='ltr'>quas</span> <span class='ocrx_word' id='word_1_577' title='bbox 3550 4221 3632 4279; x_wconf 89' lang='lat' dir='ltr'>ad</span> 
     </span>
    </p>
   </div>
   <div class='ocr_carea' id='block_1_91' title="bbox 1976 4315 3632 4394">
    <p class='ocr_par' dir='ltr' id='par_1_91' title="bbox 1976 4315 3632 4394">
     <span class='ocr_line' id='line_1_91' title="bbox 1976 4315 3632 4394; baseline -0.005 -17"><span class='ocrx_word' id='word_1_578' title='bbox 1976 4320 2271 4377; x_wconf 88' lang='lat' dir='ltr'>Liberium</span> <span class='ocrx_word' id='word_1_579' title='bbox 2306 4324 2506 4377; x_wconf 85' lang='lat' dir='ltr'>Roma</span> <span class='ocrx_word' id='word_1_580' title='bbox 2546 4336 2656 4394; x_wconf 90' lang='lat' dir='ltr'>per</span> <span class='ocrx_word' id='word_1_581' title='bbox 2698 4318 3078 4376; x_wconf 87' lang='lat' dir='ltr'>Eustathium</span> <span class='ocrx_word' id='word_1_582' title='bbox 3127 4321 3185 4374; x_wconf 92' lang='lat' dir='ltr'>et</span> <span class='ocrx_word' id='word_1_583' title='bbox 3235 4315 3543 4373; x_wconf 87' lang='lat' dir='ltr'>Silvanum</span> <span class='ocrx_word' id='word_1_584' title='bbox 3572 4316 3632 4370; x_wconf 87' lang='lat' dir='ltr'>et</span> 
     </span>
    </p>
   </div>
   <div class='ocr_carea' id='block_1_92' title="bbox 1970 4407 3625 4482">
    <p class='ocr_par' dir='ltr' id='par_1_92' title="bbox 1970 4407 3625 4482">
     <span class='ocr_line' id='line_1_92' title="bbox 1970 4407 3625 4482; baseline -0.005 -16"><span class='ocrx_word' id='word_1_585' title='bbox 1970 4409 2365 4482; x_wconf 87' lang='lat' dir='ltr'>Theophilum</span> <span class='ocrx_word' id='word_1_586' title='bbox 2416 4409 2725 4465; x_wconf 86' lang='lat' dir='ltr'>miserant.</span> <span class='ocrx_word' id='word_1_587' title='bbox 2794 4407 2880 4465; x_wconf 91' lang='lat' dir='ltr'>llli</span> <span class='ocrx_word' id='word_1_588' title='bbox 2926 4410 3129 4464; x_wconf 90' lang='lat' dir='ltr'>autem</span> <span class='ocrx_word' id='word_1_589' title='bbox 3187 4421 3250 4462; x_wconf 92' lang='lat' dir='ltr'>se</span> <span class='ocrx_word' id='word_1_590' title='bbox 3305 4416 3625 4476; x_wconf 87' lang='lat' dir='ltr'>nunquam</span> 
     </span>
    </p>
   </div>
   <div class='ocr_carea' id='block_1_93' title="bbox 219 4484 1869 4567">
    <p class='ocr_par' dir='ltr' id='par_1_93' title="bbox 219 4484 1861 4564">
     <span class='ocr_line' id='line_1_93' title="bbox 219 4484 1861 4564; baseline 0.007 -29"><span class='ocrx_word' id='word_1_591' title='bbox 219 4487 361 4558; x_wconf 78' lang='grc' dir='ltr'><strong>πρός</strong></span> <span class='ocrx_word' id='word_1_592' title='bbox 410 4484 666 4559; x_wconf 75' lang='grc' dir='ltr'><strong>Λιϐἐριον</strong></span> <span class='ocrx_word' id='word_1_593' title='bbox 726 4486 1024 4560; x_wconf 75' lang='grc' dir='ltr'><strong>ὁμολογίαις</strong></span> <span class='ocrx_word' id='word_1_594' title='bbox 1088 4489 1316 4564; x_wconf 83' lang='grc' dir='ltr'><strong>ἐροῦσιν,</strong></span> <span class='ocrx_word' id='word_1_595' title='bbox 1358 4489 1759 4563; x_wconf 63' lang='grc' dir='ltr'><strong>ἀπηλλάγησαν</strong></span> <span class='ocrx_word' id='word_1_596' title='bbox 1812 4496 1861 4547; x_wconf 85' lang='grc' dir='ltr'>οἰ</span> 
     </span>
    </p>
   </div>
   <div class='ocr_carea' id='block_1_94' title="bbox 1982 4484 3626 4567">
    <p class='ocr_par' dir='ltr' id='par_1_94' title="bbox 1982 4491 3626 4567">
     <span class='ocr_line' id='line_1_94' title="bbox 1982 4491 3626 4567; baseline -0.004 -11"><span class='ocrx_word' id='word_1_597' title='bbox 1982 4498 2128 4556; x_wconf 80' lang='lat' dir='ltr'>Patri</span> <span class='ocrx_word' id='word_1_598' title='bbox 2178 4497 2759 4556; x_wconf 81' lang='lat' dir='ltr'>consubstantialem</span> <span class='ocrx_word' id='word_1_599' title='bbox 2815 4514 2947 4554; x_wconf 90' lang='lat' dir='ltr'>esse</span> <span class='ocrx_word' id='word_1_600' title='bbox 3000 4495 3212 4553; x_wconf 88' lang='lat' dir='ltr'>Filium</span> <span class='ocrx_word' id='word_1_601' title='bbox 3259 4496 3464 4567; x_wconf 89' lang='lat' dir='ltr'>aperte</span> <span class='ocrx_word' id='word_1_602' title='bbox 3519 4491 3626 4550; x_wconf 89' lang='lat' dir='ltr'>do-</span> 
     </span>
    </p>
   </div>
   <div class='ocr_carea' id='block_1_95' title="bbox 224 4569 1862 4655">
    <p class='ocr_par' dir='ltr' id='par_1_95' title="bbox 224 4569 1862 4655">
     <span class='ocr_line' id='line_1_95' title="bbox 224 4569 1862 4655; baseline 0.006 -29"><span class='ocrx_word' id='word_1_603' title='bbox 224 4569 286 4627; x_wconf 73' lang='grc' dir='ltr'><strong>δὲ</strong></span> <span class='ocrx_word' id='word_1_604' title='bbox 334 4582 434 4628; x_wconf 76' lang='grc' dir='ltr'><strong>τοῦ</strong></span> <span class='ocrx_word' id='word_1_605' title='bbox 494 4575 675 4650; x_wconf 78' lang='grc' dir='ltr'><strong>ἐτέρου</strong></span> <span class='ocrx_word' id='word_1_606' title='bbox 739 4581 926 4651; x_wconf 86' lang='grc' dir='ltr'><strong>μέρους</strong></span> <span class='ocrx_word' id='word_1_607' title='bbox 1001 4577 1346 4653; x_wconf 80' lang='grc' dir='ltr'><strong>ἐπιμείναντες</strong></span> <span class='ocrx_word' id='word_1_608' title='bbox 1400 4586 1493 4634; x_wconf 86' lang='grc' dir='ltr'>καὶ</span> <span class='ocrx_word' id='word_1_609' title='bbox 1549 4585 1607 4634; x_wconf 86' lang='grc' dir='ltr'><strong>τὸ</strong></span> <span class='ocrx_word' id='word_1_610' title='bbox 1650 4588 1862 4655; x_wconf 80' lang='grc' dir='ltr'><strong>Πνεῦμα</strong></span> 
     </span>
    </p>
   </div>
   <div class='ocr_carea' id='block_1_96' title="bbox 223 4666 1862 4749">
    <p class='ocr_par' dir='ltr' id='par_1_96' title="bbox 223 4666 1862 4749">
     <span class='ocr_line' id='line_1_96' title="bbox 223 4666 1862 4749; baseline 0.009 -34"><span class='ocrx_word' id='word_1_611' title='bbox 223 4683 283 4716; x_wconf 79' lang='grc' dir='ltr'>το</span> <span class='ocrx_word' id='word_1_612' title='bbox 349 4666 529 4738; x_wconf 73' lang='grc' dir='ltr'><strong>ἅγιον,</strong></span> <span class='ocrx_word' id='word_1_613' title='bbox 596 4667 791 4741; x_wconf 84' lang='grc' dir='ltr'><strong>Κύριον</strong></span> <span class='ocrx_word' id='word_1_614' title='bbox 838 4672 931 4721; x_wconf 83' lang='grc' dir='ltr'>καὶ</span> <span class='ocrx_word' id='word_1_615' title='bbox 981 4669 1238 4730; x_wconf 80' lang='grc' dir='ltr'><strong>ζωοποιόν</strong></span> <span class='ocrx_word' id='word_1_616' title='bbox 1276 4675 1367 4724; x_wconf 87' lang='grc' dir='ltr'>καὶ</span> <span class='ocrx_word' id='word_1_617' title='bbox 1418 4672 1476 4724; x_wconf 79' lang='grc' dir='ltr'><strong>ἐκ</strong></span> <span class='ocrx_word' id='word_1_618' title='bbox 1518 4681 1612 4726; x_wconf 78' lang='grc' dir='ltr'><strong>τοῦ</strong></span> <span class='ocrx_word' id='word_1_619' title='bbox 1652 4678 1862 4749; x_wconf 73' lang='grc' dir='ltr'><strong>Πατρός</strong></span> 
     </span>
    </p>
   </div>
   <div class='ocr_carea' id='block_1_97' title="bbox 224 4754 1855 4838">
    <p class='ocr_par' dir='ltr' id='par_1_97' title="bbox 224 4754 1855 4838">
     <span class='ocr_line' id='line_1_97' title="bbox 224 4754 1855 4838; baseline 0.008 -32"><span class='ocrx_word' id='word_1_620' title='bbox 224 4754 641 4829; x_wconf 79' lang='grc' dir='ltr'><strong>ἐκπορευόμενον</strong></span> <span class='ocrx_word' id='word_1_621' title='bbox 724 4761 817 4810; x_wconf 85' lang='grc' dir='ltr'>καὶ</span> <span class='ocrx_word' id='word_1_622' title='bbox 909 4766 982 4831; x_wconf 84' lang='grc' dir='ltr'><strong>τῷ</strong></span> <span class='ocrx_word' id='word_1_623' title='bbox 1058 4764 1229 4836; x_wconf 82' lang='grc' dir='ltr'><strong>Πατρὶ</strong></span> <span class='ocrx_word' id='word_1_624' title='bbox 1296 4767 1855 4838; x_wconf 83' lang='grc' dir='ltr'><strong>συμπροσκυνούμενον</strong></span> 
     </span>
    </p>
   </div>
   <div class='ocr_carea' id='block_1_98' title="bbox 224 4843 1853 4929">
    <p class='ocr_par' dir='ltr' id='par_1_98' title="bbox 224 4843 1853 4929">
     <span class='ocr_line' id='line_1_98' title="bbox 224 4843 1853 4929; baseline 0.009 -32"><span class='ocrx_word' id='word_1_625' title='bbox 224 4851 317 4898; x_wconf 80' lang='grc' dir='ltr'>καὶ</span> <span class='ocrx_word' id='word_1_626' title='bbox 354 4843 820 4922; x_wconf 79' lang='grc' dir='ltr'><strong>συνδοξαζόμενον</strong></span> <span class='ocrx_word' id='word_1_627' title='bbox 870 4844 1307 4922; x_wconf 81' lang='grc' dir='ltr'><strong>δογματίσαντες,</strong></span> <span class='ocrx_word' id='word_1_628' title='bbox 1374 4855 1440 4915; x_wconf 87' lang='grc' dir='ltr'><strong>ὡς</strong></span> <span class='ocrx_word' id='word_1_629' title='bbox 1504 4858 1596 4907; x_wconf 82' lang='grc' dir='ltr'><strong>καὶ</strong></span> <span class='ocrx_word' id='word_1_630' title='bbox 1660 4853 1709 4908; x_wconf 84' lang='grc' dir='ltr'>ἐν</span> <span class='ocrx_word' id='word_1_631' title='bbox 1781 4866 1853 4929; x_wconf 78' lang='grc' dir='ltr'><strong>τῷ</strong></span> 
     </span>
    </p>
   </div>
   <div class='ocr_carea' id='block_1_99' title="bbox 230 4937 1852 5011">
    <p class='ocr_par' dir='ltr' id='par_1_99' title="bbox 230 4937 1852 5011">
     <span class='ocr_line' id='line_1_99' title="bbox 230 4937 1852 5011; baseline 0.007 -24"><span class='ocrx_word' id='word_1_632' title='bbox 230 4937 344 5008; x_wconf 68' lang='grc' dir='ltr'><strong>θείῳ</strong></span> <span class='ocrx_word' id='word_1_633' title='bbox 403 4937 658 5011; x_wconf 77' lang='grc' dir='ltr'><strong>συμϐόλῳ</strong></span> <span class='ocrx_word' id='word_1_634' title='bbox 727 4939 979 5011; x_wconf 84' lang='grc' dir='ltr'><strong>ἔγκειται,</strong></span> <span class='ocrx_word' id='word_1_635' title='bbox 1036 4944 1128 4992; x_wconf 81' lang='grc' dir='ltr'>καὶ</span> <span class='ocrx_word' id='word_1_636' title='bbox 1175 4944 1260 4993; x_wconf 85' lang='grc' dir='ltr'><strong>τὸν</strong></span> <span class='ocrx_word' id='word_1_637' title='bbox 1312 4939 1637 4996; x_wconf 77' lang='grc' dir='ltr'><strong>Μακεδόνων</strong></span> <span class='ocrx_word' id='word_1_638' title='bbox 1693 4949 1852 5000; x_wconf 87' lang='grc' dir='ltr'><strong>καθυ-</strong></span> 
     </span>
    </p>
   </div>
   <div class='ocr_carea' id='block_1_100' title="bbox 228 5025 1852 5108">
    <p class='ocr_par' dir='ltr' id='par_1_100' title="bbox 228 5025 1852 5108">
     <span class='ocr_line' id='line_1_100' title="bbox 228 5025 1852 5108; baseline 0.006 -28"><span class='ocrx_word' id='word_1_639' title='bbox 228 5025 534 5092; x_wconf 74' lang='grc' dir='ltr'><strong>ποεαλόντες</strong></span> <span class='ocrx_word' id='word_1_640' title='bbox 577 5026 896 5103; x_wconf 75' lang='grc' dir='ltr'><strong>ἀναθεματι,</strong></span> <span class='ocrx_word' id='word_1_641' title='bbox 955 5031 1209 5091; x_wconf 78' lang='grc' dir='ltr'><strong>ὡσαύτως</strong></span> <span class='ocrx_word' id='word_1_642' title='bbox 1263 5036 1352 5085; x_wconf 88' lang='grc' dir='ltr'>καὶ</span> <span class='ocrx_word' id='word_1_643' title='bbox 1393 5037 1516 5095; x_wconf 84' lang='grc' dir='ltr'><strong>τοὺς</strong></span> <span class='ocrx_word' id='word_1_644' title='bbox 1553 5037 1612 5087; x_wconf 86' lang='grc' dir='ltr'><strong>τὸ</strong></span> <span class='ocrx_word' id='word_1_645' title='bbox 1644 5035 1852 5108; x_wconf 86' lang='grc' dir='ltr'><strong>ὁμοιού-</strong></span> 
     </span>
    </p>
   </div>
   <div class='ocr_carea' id='block_1_101' title="bbox 226 5116 1849 5197">
    <p class='ocr_par' dir='ltr' id='par_1_101' title="bbox 226 5116 1849 5197">
     <span class='ocr_line' id='line_1_101' title="bbox 226 5116 1849 5197; baseline 0.007 -30"><span class='ocrx_word' id='word_1_646' title='bbox 226 5135 333 5169; x_wconf 84' lang='grc' dir='ltr'><strong>σιον</strong></span> <span class='ocrx_word' id='word_1_647' title='bbox 381 5123 471 5172; x_wconf 84' lang='grc' dir='ltr'>καὶ</span> <span class='ocrx_word' id='word_1_648' title='bbox 522 5120 710 5193; x_wconf 84' lang='grc' dir='ltr'><strong>ὅμοιον</strong></span> <span class='ocrx_word' id='word_1_649' title='bbox 770 5117 859 5173; x_wconf 82' lang='grc' dir='ltr'>ἐπὶ</span> <span class='ocrx_word' id='word_1_650' title='bbox 902 5126 997 5171; x_wconf 82' lang='grc' dir='ltr'><strong>τοῦ</strong></span> <span class='ocrx_word' id='word_1_651' title='bbox 1049 5122 1173 5171; x_wconf 80' lang='grc' dir='ltr'><strong>Υίού</strong></span> <span class='ocrx_word' id='word_1_652' title='bbox 1205 5116 1546 5191; x_wconf 81' lang='grc' dir='ltr'><strong>δοξάζοντας,</strong></span> <span class='ocrx_word' id='word_1_653' title='bbox 1588 5129 1680 5177; x_wconf 85' lang='grc' dir='ltr'><strong>καὶ</strong></span> <span class='ocrx_word' id='word_1_654' title='bbox 1716 5127 1849 5197; x_wconf 84' lang='grc' dir='ltr'>μετὰ</span> 
     </span>
    </p>
   </div>
   <div class='ocr_carea' id='block_1_102' title="bbox 215 5205 1840 5285">
    <p class='ocr_par' dir='ltr' id='par_1_102' title="bbox 215 5205 1840 5285">
     <span class='ocr_line' id='line_1_102' title="bbox 215 5205 1840 5285; baseline 0.006 -27"><span class='ocrx_word' id='word_1_655' title='bbox 215 5213 308 5265; x_wconf 68' lang='grc' dir='ltr'>τὴν</span> <span class='ocrx_word' id='word_1_656' title='bbox 371 5207 421 5261; x_wconf 85' lang='grc' dir='ltr'><strong>ἐν</strong></span> <span class='ocrx_word' id='word_1_657' title='bbox 479 5213 686 5285; x_wconf 73' lang='grc' dir='ltr'><strong>Νικαία</strong></span> <span class='ocrx_word' id='word_1_658' title='bbox 728 5205 986 5277; x_wconf 80' lang='grc' dir='ltr'><strong>σύνοδον,</strong></span> <span class='ocrx_word' id='word_1_659' title='bbox 1060 5205 1305 5283; x_wconf 86' lang='grc' dir='ltr'><strong>δευτέραν</strong></span> <span class='ocrx_word' id='word_1_660' title='bbox 1382 5214 1576 5271; x_wconf 83' lang='grc' dir='ltr'><strong>ταύτην</strong></span> <span class='ocrx_word' id='word_1_661' title='bbox 1655 5214 1840 5276; x_wconf 74' lang='grc' dir='ltr'><strong>εὐσεϐῆ</strong></span> 
     </span>
    </p>
   </div>
   <div class='ocr_carea' id='block_1_103' title="bbox 213 5299 1810 5376">
    <p class='ocr_par' dir='ltr' id='par_1_103' title="bbox 213 5299 1810 5376">
     <span class='ocr_line' id='line_1_103' title="bbox 213 5299 1810 5376; baseline 0.002 -26"><span class='ocrx_word' id='word_1_662' title='bbox 213 5303 628 5376; x_wconf 75' lang='grc' dir='ltr'><strong>συστησάμενοι,</strong></span> <span class='ocrx_word' id='word_1_663' title='bbox 700 5299 841 5355; x_wconf 74' lang='grc' dir='ltr'><strong>ἀλλὰ</strong></span> <span class='ocrx_word' id='word_1_664' title='bbox 910 5302 1008 5351; x_wconf 87' lang='grc' dir='ltr'>καὶ</span> <span class='ocrx_word' id='word_1_665' title='bbox 1099 5303 1317 5363; x_wconf 86' lang='grc' dir='ltr'><strong>κανόνας</strong></span> <span class='ocrx_word' id='word_1_666' title='bbox 1388 5300 1653 5375; x_wconf 85' lang='grc' dir='ltr'><strong>ἐκθέμενοι</strong></span> <span class='ocrx_word' id='word_1_667' title='bbox 1722 5322 1810 5357; x_wconf 80' lang='grc' dir='ltr'><strong>πε(</strong></span> 
     </span>
    </p>
   </div>
   <div class='ocr_carea' id='block_1_104' title="bbox 277 5490 1836 5578">
    <p class='ocr_par' dir='ltr' id='par_1_104' title="bbox 277 5490 1836 5578">
     <span class='ocr_line' id='line_1_104' title="bbox 277 5490 1836 5578; baseline 0.003 -25"><span class='ocrx_word' id='word_1_668' title='bbox 277 5497 347 5571; x_wconf 79' lang='grc'>(1)</span> <span class='ocrx_word' id='word_1_669' title='bbox 378 5500 501 5561; x_wconf 86' lang='lat' dir='ltr'>Hac</span> <span class='ocrx_word' id='word_1_670' title='bbox 525 5501 803 5578; x_wconf 84' lang='lat' dir='ltr'>fortasse</span> <span class='ocrx_word' id='word_1_671' title='bbox 837 5490 1179 5578; x_wconf 73' lang='lat' dir='ltr'>occasione</span> <span class='ocrx_word' id='word_1_672' title='bbox 1191 5494 1245 5578; x_wconf 59' lang='lat' dir='ltr'>S:</span> <span class='ocrx_word' id='word_1_673' title='bbox 1268 5497 1586 5578; x_wconf 76' lang='lat' dir='ltr'>Gregorius</span> <span class='ocrx_word' id='word_1_674' title='bbox 1614 5503 1836 5578; x_wconf 83' lang='lat' dir='ltr'>Nysse-</span> 
     </span>
    </p>
   </div>
   <div class='ocr_carea' id='block_1_105' title="bbox 207 5570 1827 5659">
    <p class='ocr_par' dir='ltr' id='par_1_105' title="bbox 207 5570 1827 5659">
     <span class='ocr_line' id='line_1_105' title="bbox 207 5570 1827 5659; baseline 0.004 -34"><span class='ocrx_word' id='word_1_675' title='bbox 207 5583 308 5627; x_wconf 84' lang='lat' dir='ltr'>nus</span> <span class='ocrx_word' id='word_1_676' title='bbox 328 5570 566 5659; x_wconf 74' lang='lat' dir='ltr'>scripsit</span> <span class='ocrx_word' id='word_1_677' title='bbox 603 5577 755 5638; x_wconf 83' lang='lat' dir='ltr'>illos</span> <span class='ocrx_word' id='word_1_678' title='bbox 794 5572 1121 5633; x_wconf 88' lang='lat' dir='ltr'>adversus</span> <span class='ocrx_word' id='word_1_679' title='bbox 1144 5570 1350 5625; x_wconf 82' lang='lat' dir='ltr'>Arium</span> <span class='ocrx_word' id='word_1_680' title='bbox 1388 5570 1827 5631; x_wconf 78' lang='lat' dir='ltr'>Macedonium-</span> 
     </span>
    </p>
   </div>
   <div class='ocr_carea' id='block_1_106' title="bbox 1969 4581 3627 4657">
    <p class='ocr_par' dir='ltr' id='par_1_106' title="bbox 1969 4581 3627 4657">
     <span class='ocr_line' id='line_1_106' title="bbox 1969 4581 3627 4657; baseline -0.002 -13"><span class='ocrx_word' id='word_1_681' title='bbox 1969 4588 2164 4645; x_wconf 89' lang='lat' dir='ltr'>cuisse</span> <span class='ocrx_word' id='word_1_682' title='bbox 2195 4589 2480 4657; x_wconf 91' lang='lat' dir='ltr'>dicentes,</span> <span class='ocrx_word' id='word_1_683' title='bbox 2531 4588 2639 4644; x_wconf 91' lang='lat' dir='ltr'>etsi</span> <span class='ocrx_word' id='word_1_684' title='bbox 2686 4587 3057 4644; x_wconf 91' lang='lat' dir='ltr'>contrarium</span> <span class='ocrx_word' id='word_1_685' title='bbox 3108 4583 3170 4640; x_wconf 94' lang='lat' dir='ltr'>in</span> <span class='ocrx_word' id='word_1_686' title='bbox 3211 4598 3323 4640; x_wconf 89' lang='lat' dir='ltr'>sua</span> <span class='ocrx_word' id='word_1_687' title='bbox 3351 4583 3428 4640; x_wconf 91' lang='lat' dir='ltr'>ad</span> <span class='ocrx_word' id='word_1_688' title='bbox 3465 4581 3627 4640; x_wconf 85' lang='lat' dir='ltr'>Libe-</span> 
     </span>
    </p>
   </div>
   <div class='ocr_carea' id='block_1_107' title="bbox 1966 4671 3624 4744">
    <p class='ocr_par' dir='ltr' id='par_1_107' title="bbox 1966 4671 3624 4744">
     <span class='ocr_line' id='line_1_107' title="bbox 1966 4671 3624 4744; baseline -0.004 -10"><span class='ocrx_word' id='word_1_689' title='bbox 1966 4678 2122 4734; x_wconf 88' lang='lat' dir='ltr'>rium</span> <span class='ocrx_word' id='word_1_690' title='bbox 2163 4677 2545 4734; x_wconf 86' lang='lat' dir='ltr'>confessione</span> <span class='ocrx_word' id='word_1_691' title='bbox 2601 4677 2880 4744; x_wconf 83' lang='lat' dir='ltr'>dixerint,</span> <span class='ocrx_word' id='word_1_692' title='bbox 2921 4674 3153 4731; x_wconf 91' lang='lat' dir='ltr'>dimissi</span> <span class='ocrx_word' id='word_1_693' title='bbox 3206 4678 3367 4731; x_wconf 91' lang='lat' dir='ltr'>sunt.</span> <span class='ocrx_word' id='word_1_694' title='bbox 3419 4671 3624 4729; x_wconf 88' lang='lat' dir='ltr'>Cateri</span> 
     </span>
    </p>
   </div>
   <div class='ocr_carea' id='block_1_108' title="bbox 1964 4766 3622 4840">
    <p class='ocr_par' dir='ltr' id='par_1_108' title="bbox 1964 4766 3622 4840">
     <span class='ocr_line' id='line_1_108' title="bbox 1964 4766 3622 4840; baseline -0.004 -17"><span class='ocrx_word' id='word_1_695' title='bbox 1964 4783 2106 4823; x_wconf 90' lang='lat' dir='ltr'>vero</span> <span class='ocrx_word' id='word_1_696' title='bbox 2135 4766 2401 4840; x_wconf 88' lang='lat' dir='ltr'>partium</span> <span class='ocrx_word' id='word_1_697' title='bbox 2435 4766 2691 4823; x_wconf 89' lang='lat' dir='ltr'>aliarum</span> <span class='ocrx_word' id='word_1_698' title='bbox 2735 4767 3179 4834; x_wconf 88' lang='lat' dir='ltr'>remanserunt,</span> <span class='ocrx_word' id='word_1_699' title='bbox 3204 4767 3261 4820; x_wconf 90' lang='lat' dir='ltr'>et</span> <span class='ocrx_word' id='word_1_700' title='bbox 3293 4766 3622 4836; x_wconf 88' lang='lat' dir='ltr'>postquam</span> 
     </span>
    </p>
   </div>
   <div class='ocr_carea' id='block_1_109' title="bbox 1962 4849 3621 4929">
    <p class='ocr_par' dir='ltr' id='par_1_109' title="bbox 1962 4849 3621 4929">
     <span class='ocr_line' id='line_1_109' title="bbox 1962 4849 3621 4929; baseline -0.005 -16"><span class='ocrx_word' id='word_1_701' title='bbox 1962 4857 2352 4913; x_wconf 81' lang='lat' dir='ltr'>decreverunt</span> <span class='ocrx_word' id='word_1_702' title='bbox 2383 4856 2668 4929; x_wconf 89' lang='lat' dir='ltr'>Spiritum</span> <span class='ocrx_word' id='word_1_703' title='bbox 2693 4861 2971 4912; x_wconf 88' lang='lat' dir='ltr'>sanctum</span> <span class='ocrx_word' id='word_1_704' title='bbox 3008 4852 3329 4911; x_wconf 90' lang='lat' dir='ltr'>Dominum</span> <span class='ocrx_word' id='word_1_705' title='bbox 3377 4866 3510 4907; x_wconf 91' lang='lat' dir='ltr'>esse</span> <span class='ocrx_word' id='word_1_706' title='bbox 3538 4849 3621 4906; x_wconf 85' lang='lat' dir='ltr'>vi-</span> 
     </span>
    </p>
   </div>
   <div class='ocr_carea' id='block_1_110' title="bbox 1964 4937 3622 5018">
    <p class='ocr_par' dir='ltr' id='par_1_110' title="bbox 1964 4937 3622 5018">
     <span class='ocr_line' id='line_1_110' title="bbox 1964 4937 3622 5018; baseline -0.005 -17"><span class='ocrx_word' id='word_1_707' title='bbox 1964 4945 2307 5003; x_wconf 85' lang='lat' dir='ltr'>viﬁcantem</span> <span class='ocrx_word' id='word_1_708' title='bbox 2329 4950 2384 5001; x_wconf 90' lang='lat' dir='ltr'>et</span> <span class='ocrx_word' id='word_1_709' title='bbox 2411 4961 2482 5002; x_wconf 87' lang='lat' dir='ltr'>ex</span> <span class='ocrx_word' id='word_1_710' title='bbox 2507 4948 2674 5002; x_wconf 87' lang='lat' dir='ltr'>Patre</span> <span class='ocrx_word' id='word_1_711' title='bbox 2700 4944 3027 5018; x_wconf 90' lang='lat' dir='ltr'>procedere</span> <span class='ocrx_word' id='word_1_712' title='bbox 3049 4950 3106 5000; x_wconf 88' lang='lat' dir='ltr'>et</span> <span class='ocrx_word' id='word_1_713' title='bbox 3131 4958 3269 4998; x_wconf 91' lang='lat' dir='ltr'>cum</span> <span class='ocrx_word' id='word_1_714' title='bbox 3288 4944 3455 4997; x_wconf 90' lang='lat' dir='ltr'>Patre</span> <span class='ocrx_word' id='word_1_715' title='bbox 3476 4937 3622 4995; x_wconf 88' lang='lat' dir='ltr'>ado-</span> 
     </span>
    </p>
   </div>
   <div class='ocr_carea' id='block_1_111' title="bbox 1958 5028 3622 5106">
    <p class='ocr_par' dir='ltr' id='par_1_111' title="bbox 1958 5028 3622 5106">
     <span class='ocr_line' id='line_1_111' title="bbox 1958 5028 3622 5106; baseline -0.004 -14"><span class='ocrx_word' id='word_1_716' title='bbox 1958 5035 2081 5092; x_wconf 89' lang='lat' dir='ltr'>rari</span> <span class='ocrx_word' id='word_1_717' title='bbox 2109 5040 2167 5092; x_wconf 89' lang='lat' dir='ltr'>et</span> <span class='ocrx_word' id='word_1_718' title='bbox 2196 5034 2517 5106; x_wconf 86' lang='lat' dir='ltr'>gloriﬁcari</span> <span class='ocrx_word' id='word_1_719' title='bbox 2547 5039 2614 5091; x_wconf 94' lang='lat' dir='ltr'>ut</span> <span class='ocrx_word' id='word_1_720' title='bbox 2650 5034 2711 5090; x_wconf 91' lang='lat' dir='ltr'>in</span> <span class='ocrx_word' id='word_1_721' title='bbox 2749 5035 2955 5091; x_wconf 87' lang='lat' dir='ltr'>divino</span> <span class='ocrx_word' id='word_1_722' title='bbox 3011 5030 3292 5106; x_wconf 87' lang='lat' dir='ltr'>symbolo</span> <span class='ocrx_word' id='word_1_723' title='bbox 3330 5028 3622 5101; x_wconf 88' lang='lat' dir='ltr'>scriptum</span> 
     </span>
    </p>
   </div>
   <div class='ocr_carea' id='block_1_112' title="bbox 1958 5118 3621 5198">
    <p class='ocr_par' dir='ltr' id='par_1_112' title="bbox 1958 5118 3621 5198">
     <span class='ocr_line' id='line_1_112' title="bbox 1958 5118 3621 5198; baseline -0.004 -17"><span class='ocrx_word' id='word_1_724' title='bbox 1958 5128 2070 5194; x_wconf 89' lang='lat' dir='ltr'>est,</span> <span class='ocrx_word' id='word_1_725' title='bbox 2098 5123 2638 5198; x_wconf 88' lang='lat' dir='ltr'>Macedoniumque</span> <span class='ocrx_word' id='word_1_726' title='bbox 2661 5140 2887 5198; x_wconf 87' lang='lat' dir='ltr'>eosque</span> <span class='ocrx_word' id='word_1_727' title='bbox 2912 5122 3017 5197; x_wconf 91' lang='lat' dir='ltr'>qui</span> <span class='ocrx_word' id='word_1_728' title='bbox 3038 5121 3250 5179; x_wconf 83' lang='lat' dir='ltr'>Filium</span> <span class='ocrx_word' id='word_1_729' title='bbox 3281 5118 3621 5176; x_wconf 88' lang='lat' dir='ltr'>substantia</span> 
     </span>
    </p>
   </div>
   <div class='ocr_carea' id='block_1_113' title="bbox 1955 5208 3621 5287">
    <p class='ocr_par' dir='ltr' id='par_1_113' title="bbox 1955 5208 3621 5287">
     <span class='ocr_line' id='line_1_113' title="bbox 1955 5208 3621 5287; baseline -0.003 -16"><span class='ocrx_word' id='word_1_730' title='bbox 1955 5214 2215 5272; x_wconf 91' lang='lat' dir='ltr'>similem</span> <span class='ocrx_word' id='word_1_731' title='bbox 2257 5214 2350 5271; x_wconf 93' lang='lat' dir='ltr'>vel</span> <span class='ocrx_word' id='word_1_732' title='bbox 2379 5213 2730 5287; x_wconf 84' lang='lat' dir='ltr'>simpliciter</span> <span class='ocrx_word' id='word_1_733' title='bbox 2759 5212 3015 5270; x_wconf 86' lang='lat' dir='ltr'>similem</span> <span class='ocrx_word' id='word_1_734' title='bbox 3042 5211 3346 5268; x_wconf 89' lang='lat' dir='ltr'>docebant</span> <span class='ocrx_word' id='word_1_735' title='bbox 3373 5208 3621 5267; x_wconf 88' lang='lat' dir='ltr'>anathe-</span> 
     </span>
    </p>
   </div>
   <div class='ocr_carea' id='block_1_114' title="bbox 1952 5300 3620 5378">
    <p class='ocr_par' dir='ltr' id='par_1_114' title="bbox 1952 5300 3620 5378">
     <span class='ocr_line' id='line_1_114' title="bbox 1952 5300 3620 5378; baseline -0.004 -17"><span class='ocrx_word' id='word_1_736' title='bbox 1952 5310 2116 5362; x_wconf 90' lang='lat' dir='ltr'>mate</span> <span class='ocrx_word' id='word_1_737' title='bbox 2153 5310 2604 5378; x_wconf 89' lang='lat' dir='ltr'>percusserunt,</span> <span class='ocrx_word' id='word_1_738' title='bbox 2648 5318 2905 5377; x_wconf 89' lang='lat' dir='ltr'>eamque</span> <span class='ocrx_word' id='word_1_739' title='bbox 2951 5303 3284 5360; x_wconf 87' lang='lat' dir='ltr'>secundam</span> <span class='ocrx_word' id='word_1_740' title='bbox 3323 5300 3491 5375; x_wconf 89' lang='lat' dir='ltr'>piam</span> <span class='ocrx_word' id='word_1_741' title='bbox 3523 5315 3620 5372; x_wconf 85' lang='lat' dir='ltr'>sy-</span> 
     </span>
    </p>
   </div>
   <div class='ocr_carea' id='block_1_115' title="bbox 1948 5498 3618 5574">
    <p class='ocr_par' dir='ltr' id='par_1_115' title="bbox 1948 5498 3618 5574">
     <span class='ocr_line' id='line_1_115' title="bbox 1948 5498 3618 5574; baseline 0.001 -17"><span class='ocrx_word' id='word_1_742' title='bbox 1948 5516 2069 5574; x_wconf 88' lang='lat' dir='ltr'>que</span> <span class='ocrx_word' id='word_1_743' title='bbox 2111 5503 2422 5574; x_wconf 75' lang='lat' dir='ltr'>tractatus,</span> <span class='ocrx_word' id='word_1_744' title='bbox 2455 5516 2611 5574; x_wconf 88' lang='lat' dir='ltr'>quos</span> <span class='ocrx_word' id='word_1_745' title='bbox 2637 5515 2750 5571; x_wconf 90' lang='lat' dir='ltr'>ego</span> <span class='ocrx_word' id='word_1_746' title='bbox 2791 5514 2866 5556; x_wconf 87' lang='lat' dir='ltr'>ex</span> <span class='ocrx_word' id='word_1_747' title='bbox 2904 5500 3190 5574; x_wconf 82' lang='lat' dir='ltr'>Vaticano</span> <span class='ocrx_word' id='word_1_748' title='bbox 3219 5498 3427 5558; x_wconf 92' lang='lat' dir='ltr'>codice</span> <span class='ocrx_word' id='word_1_749' title='bbox 3452 5498 3618 5559; x_wconf 85' lang='lat' dir='ltr'>edidi</span> 
     </span>
    </p>
   </div>
   <div class='ocr_carea' id='block_1_116' title="bbox 1944 5572 3094 5633">
    <p class='ocr_par' dir='ltr' id='par_1_116' title="bbox 1944 5572 3094 5633">
     <span class='ocr_line' id='line_1_116' title="bbox 1944 5572 3094 5633; baseline -0.001 -3"><span class='ocrx_word' id='word_1_750' title='bbox 1944 5572 2011 5632; x_wconf 73' lang='lat' dir='ltr'>in</span> <span class='ocrx_word' id='word_1_751' title='bbox 2034 5572 2408 5630; x_wconf 89' lang='lat' dir='ltr'>Collectionis</span> <span class='ocrx_word' id='word_1_752' title='bbox 2432 5572 2734 5629; x_wconf 72' lang='lat' dir='ltr'>Vaticana</span> <span class='ocrx_word' id='word_1_753' title='bbox 2760 5576 2926 5630; x_wconf 92' lang='lat' dir='ltr'>tomo</span> <span class='ocrx_word' id='word_1_754' title='bbox 2953 5573 3094 5633; x_wconf 87' lang='lat' dir='ltr'>Vill.</span> 
     </span>
    </p>
   </div>
  </div>
