4136 6386
455 292 518 348 31
1790 285 2053 345 ΝΙΟΕΤᾹΞ
2094 282 2125 340 C

2238 283 2281 339 Ν
2287 281 2464 343 ΙΑΤᾸΞ
3777 298 3852 357 32

455 415 690 474 nodum
725 431 861 474 esse
908 417 1047 488 post
1085 413 1390 471 Nicaenam
1441 414 1904 481 constituerunt,
1939 425 2121 469 cano-

2238 403 2500 486 διαφόρων
2544 411 2997 474 ἕκκλησιαστικῶν
3056 417 3397 490 ζητημάτων,
3467 419 3844 476 ὶϐουλεύσαντο

454 520 685 578 nesque
702 506 776 561 de
789 503 1041 561 diversis
1062 502 1483 560 ecclesiasticis
1501 502 1941 578 quaestionibus
1956 517 2119 558 com-

455 611 734 668 posuere,
762 594 1261 652 deliberationem
1292 593 1658 661 habuerunt,
1681 609 1862 667 quem
1885 592 1947 648 in
1977 590 2120 647 sede

458 685 1125 759 Constantinopolitana
1163 688 1510 741 statuerent.
1557 684 1888 757 Imperator
1915 687 2116 739 autem

456 775 563 850 qui
593 776 946 846 Gregorium
972 773 1349 845 Theologum
1367 773 1769 831 admiratione
1795 787 2120 846 proseque-

456 865 659 929 batur,
690 865 808 922 hoc
838 865 1198 938 episcopatu
1220 881 1356 921 eum
1382 863 1640 935 dignum
1661 878 1791 920 esse
1813 862 2112 919 decrevit;

458 958 901 1012 consenserunt
939 953 1123 1025 hujus
1151 952 1373 1026 synodi
1407 952 1698 1026 plerique.
1741 955 1872 1026 Ipse
1914 955 2118 1007 autem

457 1043 798 1114 intelligens
821 1043 1149 1100 nonnullos
1163 1042 1456 1099 obsistere
1481 1041 1934 1116 praesertimque
1947 1043 2120 1113 Egy-

458 1131 640 1204 ptios,
696 1130 1006 1204 aliquanto
1057 1136 1198 1203 post
1243 1131 1563 1188 recusavit.
1628 1129 1884 1186 Diodoro
1937 1129 2118 1198 igitur

458 1226 622 1289 teste,
648 1221 954 1278 Nectarius
973 1220 1298 1292 Tarsensis,
1321 1220 1597 1276 nondum
1631 1218 1996 1292 baptizatus,
2019 1217 2120 1274 cli-

457 1312 614 1384 gitur
645 1316 702 1368 et
731 1312 1090 1384 baptizatur,
1114 1310 1589 1384 baptismalique
1615 1309 1815 1366 adhuc
1847 1314 2007 1365 veste
2033 1308 2120 1364 in-

455 1402 640 1458 dutus
664 1401 1365 1474 Constantinopolitanus
1395 1401 1719 1473 episcopus
1744 1399 2081 1456 ordinatur.

527 1495 619 1549 26.
659 1493 798 1547 Post
844 1491 975 1547 haec
1024 1496 1226 1547 autem
1264 1490 1692 1547 convenientes
1727 1488 2036 1546 Nectarius
2061 1490 2120 1544 et

457 1580 557 1638 alii
578 1580 884 1638 Nicaenam
913 1579 1097 1637 ﬁdem
1119 1581 1558 1637 conﬁrmarunt
1580 1584 1903 1636 etomnem
1933 1578 2122 1634 haere-

459 1671 570 1728 sim
592 1673 1292 1738 excommunicaverunt,
1335 1671 1852 1742 decreveruntque
1907 1683 2120 1725 omnes

2233 503 2334 552 τίνι
2383 497 2495 554 δέοι
2547 507 2641 563 τήν
2708 505 2999 566 ἐπισκοπὴν
3068 510 3674 573 Κωνσταντινουπόλεως
3737 512 3846 565 ἑπι-

2233 589 2444 662 τρέψαι.
2497 591 2554 645 Ὀ
2604 591 2664 647 δὲ
2709 594 2984 669 βασιλεὺς,
3045 598 3328 671 θαυμάζων
3393 604 3481 652 τόν
3557 607 3846 677 Γρηγόριον

2232 682 2320 732 τὸν
2373 681 2646 755 Θεολόγον,
2708 693 2803 748 τῆς
2856 685 3143 749 ἐπισκοπῆς
3183 686 3326 751 ἀξιον
3384 688 3666 762 ἐψηφίζετο
3723 695 3846 744 ταύ-

2233 788 2347 832 της’
2392 777 2644 846 συνῄνουν
2693 770 2752 828 δὲ
2807 779 2896 828 καὶ
2941 781 3039 838 τὴς
3068 774 3296 830 συνόδου
3345 780 3395 831 οἱ
3425 779 3675 844 πλείονες.
3706 781 3843 834 Ἀλλ’

2235 857 2406 928 αὐτὸς,
2484 861 2787 937 αἰσθόμενός
2851 885 2996 928 τινας
3067 865 3348 940 ἀνταίρειν,

2233 968 2354 1012 τους

3437 873 3528 922 καὶ
3610 870 3848 942 μάλιστα

2458 949 2545 1004 ἀπ’
2623 953 2918 1026 Αἰγύπτου,
2992 962 3338 1030 παρῃτήσατο
3419 961 3552 1031 μετά
3637 965 3842 1036 καιρόν⁶

2235 1035 2500 1114 Διοδώρου
2582 1049 2754 1096 τοίνυν
2809 1051 3076 1122 μαρτυρίᾳ
3141 1049 3424 1122 Νεκτάριος
3493 1035 3848 1122 συγκλητικὸς

2235 1129 2260 1180 ό
2325 1135 2560 1206 Ταρσεύς
2619 1131 2854 1206 ἀμύητος
2915 1135 2982 1187 ὠν
3011 1135 3302 1208 ψηφίζεται
3350 1142 3439 1190 καὶ
3491 1147 3724 1212 μυεῖται,
3753 1145 3850 1193 καὶ

2234 1222 2328 1278 τήν
2383 1226 2649 1293 μυστικήν
2701 1225 2778 1276 ἔτι
2824 1223 3023 1284 ἐσθῆτα
3070 1225 3414 1300 ἠμφιεσμένος
3465 1237 3850 1304 χειροτονεῖται

2237 1313 2830 1376 Κωνσταντινουπόλεως
2859 1313 3160 1376 ἐπίσκοπος.

2305 1399 2408 1465 κς’.
2469 1405 2615 1456 Μετὰ
2667 1399 2726 1457 δε
2772 1412 2942 1457 ταῦτα
2985 1405 3314 1469 συνελθόντες
3344 1409 3633 1484 Νεκτάριος
3662 1413 3752 1462 καὶ
3795 1411 3852 1463 οἱ

2235 1489 2399 1557 ἄλλοι,
2455 1496 2545 1551 τήν
2614 1492 2662 1546 ἐν
2723 1499 2922 1568 Νικαίᾳ
2958 1499 3138 1548 πίστιν
3192 1495 3482 1572 ἐκύρωσαν,
3523 1498 3615 1550 καί
3669 1505 3851 1552 πᾶσαν

2235 1581 2436 1656 αἰρεσιν
2491 1581 2837 1658 ἀπεκήρυξαν,
2888 1589 2979 1637 καὶ
3029 1581 3348 1639 διοικεῖσθαι
3419 1589 3508 1650 τὰς
3565 1595 3850 1662 πανταχοῦ

2237 1665 2480 1733 διέταξαν
2528 1671 2836 1735 Ἐκκλησίας
2891 1677 3027 1726 κατὰ
3083 1679 3200 1737 τοὺς
3256 1676 3419 1729 πάλαι
3465 1682 3705 1744 κανόνας,
3751 1684 3848 1732 καὶ

459 1760 744 1821 ecclesias
774 1761 1296 1817 administrandas
1323 1777 1455 1816 esse
1479 1761 1654 1832 juxta
1684 1765 1912 1815 veteres
1937 1773 2116 1814 cano—

2238 1758 2354 1821 τους
2410 1759 2729 1825 ἐπισκόπους
2786 1762 2869 1816 ἐπὶ
2933 1772 3034 1816 τῶν
3094 1760 3243 1817 ἰδίων
3285 1770 3450 1838 μένειν
3497 1766 3846 1836 Ἐκκλησιῶν,

460 1866 589 1917 nes,
619 1854 676 1907 et
701 1850 1024 1922 episcopos
1054 1851 1115 1906 in
1144 1851 1403 1922 propriis
1441 1849 1710 1906 ecclesiis
1742 1863 1987 1906 manere
2023 1847 2120 1903 de-

459 1939 638 1998 bere:
680 1956 878 2012 neque
922 1939 1001 1997 ad
1055 1945 1332 1996 externas
1386 1939 1710 2012 procedere
1755 1955 1951 2012 neque
1995 1953 2120 1994 non

458 2033 706 2086 vocatos
746 2045 810 2085 se
853 2029 1186 2102 peregrinis
1235 2029 1723 2086 ordinationibus
1765 2028 2026 2099 injicere,
2055 2031 2121 2083 ut

459 2118 627 2192 prius
681 2117 888 2184 ﬁebat,
932 2124 990 2176 et
1037 2119 1258 2192 saepius
1318 2118 1654 2186 accidebat,
1701 2117 1860 2175 male
1912 2115 2121 2174 habita

459 2205 757 2266 catholica
787 2206 1086 2274 Ecclesia;
1107 2224 1182 2264 ea
1201 2212 1406 2265 autem
1426 2225 1561 2281 quae
1585 2207 1926 2264 acciderent
1953 2205 2119 2280 apud

458 2297 940 2370 uniuscujusque
963 2298 1225 2355 nationis
1255 2298 1581 2354 concilium
1613 2296 2116 2362 administranda,

458 2392 526 2444 ut
575 2388 801 2460 optime
841 2387 972 2444 ﬁeri
1026 2392 1255 2461 posset.
1306 2390 1446 2446 Post
1487 2391 1689 2445 Romae
1738 2388 2114 2461 episcopum,

460 2475 908 2550 praesidentiam
928 2477 1154 2533 habere
1169 2478 1717 2551 Constantinopolis
1737 2477 2114 2551 episcopum,

460 2565 689 2638 quippe
720 2566 825 2638 qui
846 2581 1022 2623 novae
1053 2570 1256 2624 Romae
1280 2567 1567 2624 thronum
1599 2572 1944 2640 occuparet.
1975 2566 2127 2621 Con-

463 2654 977 2729 ﬁrmaveruntque
999 2672 1244 2713 rursum
1275 2659 1575 2714 Nicaenam
1606 2657 1811 2723 fidem,
1845 2661 1903 2712 et
1949 2654 2129 2729 patri-

471 2743 688 2802 archas
729 2747 1166 2803 constituerunt
1193 2747 1617 2805 distribuentes
1655 2746 2016 2821 provincias,
2047 2745 2132 2802 ita

475 2837 541 2890 ut
596 2834 918 2908 episcopos
975 2835 1133 2893 ultra
1187 2854 1361 2893 suam
1392 2838 1702 2894 dimcesim
1735 2837 1813 2893 ad
1853 2844 2131 2893 externas

477 2923 763 2981 ecclesias
792 2941 917 2982 non
947 2927 1321 2984 accederent.
1357 2929 1607 2985 Sortitur
1636 2945 1775 2985 vero
1803 2927 2133 3001 imperato-

475 3013 628 3071 riam
660 3015 875 3071 urbem
905 3021 962 3072 et
1009 3016 1326 3074 Thraciam
1371 3017 1715 3083 Nectarius;
1765 3016 2132 3091 patriarcha-

2233 1853 2324 1900 καὶ
2371 1853 2443 1922 μή
2513 1857 2630 1914 ταῖς
2668 1852 2959 1926 ὑπερορίοις
3005 1853 3324 1928 προϐαίνειν,
3392 1861 3526 1928 μήτε
3587 1856 3852 1920 ἀκλήτους

2232 1943 2582 2014 χειροτονίαις
2659 1939 2955 2015 ἀλλοτρίαις
3029 1942 3239 2005 ἑαυτοὺς
3316 1944 3622 2013 ἐπιϐάλλειν,
3707 1948 3852 1999 καθὰ

2234 2032 2499 2103 πρότερον,
2557 2031 2622 2090 ὡς
2675 2031 2832 2102 ἔτυχε
2895 2031 3144 2096 πολλάκις
3208 2038 3298 2087 καὶ
3367 2034 3576 2106 συνέϐη,
3645 2032 3848 2089 διωκο-

2233 2120 2392 2189 μένης
2439 2126 2530 2178 τῆς
2579 2118 2802 2171 καθόλου
2847 2119 3177 2184 Ἐκκλησίαςο
3219 2123 3286 2176 τὰ
3337 2119 3397 2177 δε
3441 2122 3564 2199 παρ’
3619 2123 3850 2183 ἑκάστην

2237 2204 2593 2279 συμϐαίνοντα
2639 2212 2732 2266 τήν
2783 2216 2876 2260 τοῦ
2915 2211 3092 2273 ἔθνους
3145 2207 3388 2282 σύνοδον,
3447 2214 3513 2274 ὡς
3552 2211 3612 2265 ἂν
3651 2215 3855 2290 ἄριστοι

2235 2301 2438 2368 φανείη,
2517 2292 2757 2350 διοικεῖν·
2843 2301 2976 2371 μετὰ
3043 2295 3102 2353 δὲ
3154 2305 3242 2354 τόν
3296 2301 3520 2375 Ῥώμης,
3568 2307 3654 2356 τὸν
3709 2310 3855 2357 Kom-

2236 2387 2708 2450 στᾱντινουπόλέως
2783 2387 3066 2444 ἐπισκοπον
3119 2392 3186 2444 τὰ
3241 2391 3493 2467 πρεσϐεῖα
3556 2395 3717 2466 ἔχειν,
3783 2397 3855 2456 ὡς

2233 2480 2322 2530 τόν
2369 2479 2545 2553 θρόνον
2612 2478 3026 2534 ἑπισκοπεύοντα
3090 2491 3179 2543 τῆς
3253 2487 3367 2546 νέας
3432 2483 3652 2558 Ῥώμης·
3742 2483 3853 2538 ἐϐε-

2237 2567 2472 2620 ϐαίωσάν
2535 2587 2587 2621 τε
2643 2565 2792 2631 αὖθις
2844 2573 2938 2629 τήν
2997 2571 3048 2623 ἐν
3113 2577 3314 2643 Νικαίᾳ
3351 2577 3552 2639 πίστιν,
3594 2579 3684 2627 καὶ
3742 2595 3855 2628 πα-

2237 2660 2499 2733 τριάρχας
2553 2663 2887 2718 κατέστησαν
2955 2657 3350 2734 διανειμάμενοι
3418 2665 3512 2727 τὰς
3568 2663 3852 2738 ἐπαρχίας’

2239 2749 2371 2800 ὥστε
2425 2752 2548 2811 τούς
2612 2749 2738 2824 ὑπὲρ
2800 2745 3066 2810 διοίκησιν
3119 2751 3434 2814 ἐπισκόπους
3498 2761 3610 2816 ταῖς
3659 2756 3852 2830 ὑπερο-

2237 2841 2372 2912 ρίοις
2439 2836 2776 2902 Ἐκκλησίαις
2839 2844 2912 2912 μή
2971 2840 3286 2914 προϐαίνειν.
3324 2841 3620 2919 Κληροῡται
3660 2840 3718 2896 δὲ
3753 2849 3852 2904 τήν

2238 2930 2329 3000 μὲν
2382 2923 2646 3000 βασιλίδα
2685 2929 2834 2981 πόλιν
2887 2934 2977 2983 καὶ
3027 2935 3121 2990 τήν
3153 2933 3367 3008 Θράκην
3410 2935 3715 3006 Νεκτάριος’
3753 2937 3852 2994 τήν

2242 3013 2302 3070 δε
2358 3025 2452 3079 τῆς
2501 3025 2756 3082 Ποντικῆς
2806 3015 3117 3083 διοικήσεως
3162 3027 3524 3096 πατριαρχίαν
3580 3019 3852 3087 Ἐλλάδιος

477 3105 606 3159 tum
635 3109 842 3162 autem
860 3105 1122 3162 Ponticae
1143 3106 1472 3164 diceeeseos
1498 3107 1805 3163 Helladius
1824 3108 2125 3175 Caesareae,

2241 3108 2266 3167 ὁ
2314 3111 2651 3183 Καισαρείας,
2702 3113 2791 3161 καὶ
2822 3113 3108 3185 Γρηγόριος
3147 3111 3172 3162 ό
3220 3114 3460 3183 Νύσσης,
3491 3117 3582 3165 καὶ
3609 3112 3852 3186 Ὀτρήῖος

477 3195 536 3248 et
561 3194 880 3262 Gregorius
901 3197 944 3250 Ν
948 3211 1128 3266 yssae,
1153 3203 1209 3252 et
1231 3197 1462 3253 Otreius
1483 3196 1784 3263 Melitenee,
1810 3195 2132 3251 Asiaticam

476 3280 808 3338 sortiuntur
831 3284 1288 3357 Amphilochius
1320 3286 1500 3342 lconii
1527 3291 1584 3342 et
1622 3285 1896 3358 Optimus
1935 3285 2134 3340 Antio-

478 3369 630 3426 chiae
682 3371 743 3428 in
785 3372 1023 3441 Pisidia,
1075 3375 1312 3448 Egypti
1351 3391 1494 3431 vero
1523 3376 1802 3445 regiones
1825 3373 2134 3431 Timotheo

477 3457 856 3517 Alexandriae
888 3462 1233 3519 commissae
1287 3468 1443 3520 sunt.
1503 3463 1893 3522 Orientalium
1932 3467 2137 3518 autem

478 3548 870 3606 ecclesiarum
928 3551 1511 3610 administrationem
1542 3553 1778 3624 Pelagio
1807 3552 2136 3619 Laodiceae,

478 3644 538 3695 et
570 3639 826 3696 Diodoro
856 3641 1020 3697 Tarsi
1069 3641 1394 3713 tradidere,
1430 3644 1598 3700 salva
1631 3645 2017 3700 Antiochenae
2050 3658 2142 3698 ec-

479 3726 678 3785 clesia:
716 3729 1028 3799 dignitate,
1059 3748 1247 3804 quam
1295 3733 1538 3807 Meletio,
1568 3735 1672 3807 qui
1703 3734 1930 3800 aderat,
1960 3732 2143 3789 dede.

480 3832 564 3874 re.
597 3819 874 3875 Deﬁnivit
904 3826 1106 3877 autem
1149 3824 1421 3895 synodus
1451 3824 1772 3896 provinciae
1803 3823 2062 3896 synodo,
2091 3815 2141 3874 si

481 3923 636 3979 opus
667 3913 847 3979 esset,
877 3925 950 3966 ea
987 3927 1124 3984 quae
1151 3929 1260 3983 per
1300 3903 1568 3986 singulas
1601 3914 1943 3986 provincias
1995 3927 2138 3969 con-

482 3996 798 4069 tingerent,
825 4001 1094 4056 curanda
1121 4019 1271 4058 esse.
1297 4003 1571 4059 Examini
1592 4019 1838 4076 quoque
1865 4002 2140 4074 subjecta

480 4091 620 4142 sunt
646 4102 785 4158 qute
816 4088 895 4144 ad
924 4090 1247 4146 Maximum
1279 4093 1655 4164 spectabant,
1677 4108 1861 4164 quem
1891 4093 2139 4149 Alexan-

481 4173 726 4232 drinum
759 4192 999 4246 genere,
1027 4180 1433 4253 cynicumque
1471 4181 1702 4239 ratione
1734 4182 1972 4239 vivendi
2001 4182 2132 4255 phi-

477 4263 831 4338 losophum,
856 4267 1168 4325 ardentem
1191 4286 1334 4326 vero
1357 4271 1606 4328 Nicaeum
1629 4272 1916 4329 doctrinae
1941 4274 2136 4330 fauto-

480 4367 608 4408 rem
641 4353 799 4410 clam
827 4356 1086 4429 Egyptii
1125 4363 1253 4414 tum
1302 4361 1650 4430 congregati
1685 4362 2132 4428 ordinaverant,

2241 3196 2266 3247 ό
2329 3195 2637 3260 Μελιτηνῆς·
2693 3201 2786 3258 τήν
2840 3198 3090 3258 Ἀσιανὴν
3131 3196 3190 3253 δὲ
3246 3199 3607 3274 λαγχάνουσιν
3661 3201 3850 3276 ’Δμφι-

2238 3285 2424 3357 λόγιος
2485 3288 2511 3338 ὁ
2565 3288 2804 3356 Ἰκονίου,
2860 3287 2951 3341 καὶ
3000 3288 3263 3363 Ὀπτιμος
3321 3292 3347 3343 ὁ
3386 3290 3715 3364 Ἀντιοχείας
3752 3299 3851 3356 τῆς

2239 3376 2375 3427 κατά
2441 3372 2712 3429 Πισιδιαν⁶
2772 3379 2838 3430 τὰ
2903 3374 2962 3431 δὲ
3003 3382 3140 3432 κατά
3181 3384 3274 3438 τὴν
3314 3382 3576 3451 Αἴγυπτον
3617 3382 3850 3454 Γιμοθέῳ

2240 3473 2313 3536 τῷ
2364 3463 2782 3540 Ἀλεξανδρείας,
2838 3470 3225 3542 προσενεμήθης
3286 3478 3384 3523 τῶν
3442 3467 3501 3524 δὲ
3566 3473 3702 3524 κατὰ
3751 3475 3849 3531 τήν

2240 3552 2495 3613 ἀνατολήν
2557 3554 2880 3615 Ἑκκλησιῶν
2936 3553 3205 3617 διοίκησιν
3263 3559 3544 3634 ἐπέτρεψαν
3615 3559 3851 3633 Πελαγίῳ

2241 3651 2314 3715 τῷ
2372 3639 2711 3711 Λαοδικείας,
2771 3651 2861 3699 καὶ
2901 3644 3144 3723 Διοδώρῳ
3181 3655 3252 3720 τῷ
3301 3655 3534 3721 Ταρσοῦ,
3597 3649 3850 3722 φυλάξαν-

2243 3753 2324 3797 τες
2398 3737 2464 3787 τα
2527 3735 2779 3809 πρεσϐεῖα
2843 3745 2938 3800 τῆς
3000 3737 3310 3800 Ἐκκλησίας
3356 3748 3455 3791 τῶν
3506 3740 3847 3812 Ἀντιοχέων,

2245 3823 2374 3898 ἅπερ
2420 3822 2610 3877 ἔδοσαν
2650 3833 2721 3896 τῷ
2770 3826 2999 3899 Μελετίῳ
3041 3831 3279 3903 παρόντι.
3316 3827 3506 3904 Ὠρισε
3567 3825 3626 3882 δὲ
3691 3831 3848 3900 ὥστε,

2245 3914 2289 3966 εἰ
2326 3919 2487 3988 χρεία
2551 3914 2782 3982 καλέσοι,
2849 3919 2916 3968 τὰ
2969 3916 3087 3970 καθ’
3137 3917 3361 3977 ἑκάστην
3419 3917 3680 3995 ἐπαρχίαν
3753 3924 3848 3979 τήν

2243 4012 2338 4067 τῆς
2385 4005 2650 4079 ἐπαρχίας
2703 4003 2922 4060 σύνοδον
2978 4003 3219 4063 διοικεῖν.
3264 4007 3527 4071 Ἐζητήθη
3569 4005 3628 4062 δὲ
3665 4012 3852 4062 καὶτὰ

2243 4097 2379 4147 κατὰ
2436 4095 2696 4168 Μάξιμον,
2743 4095 2796 4148 ὃν
2830 4093 3176 4172 Ἀλεξανδρέα
3221 4100 3280 4150 τό
3318 4102 3461 4169 γένος
3505 4100 3650 4163 ὄντα,
3697 4118 3850 4152 κυνι-

2243 4203 2333 4250 apio
2382 4204 2435 4238 τε
2477 4184 2754 4258 φιλόσοφον
2807 4189 2865 4238 τὸ
2917 4183 3265 4260 ἐπιτήδευμα,
3311 4183 3602 4240 σπουδαῖον
3643 4185 3702 4241 δε
3732 4194 3850 4264 περὶ

2243 4276 2300 4325 τό
2337 4269 2532 4344 οδόγμα
2587 4282 2684 4336 τῆς
2741 4273 2789 4326 ἐν
2846 4278 3041 4347 Νικαίᾳ
3103 4273 3349 4343 συνόδου,
3418 4275 3692 4346 κλέψαντες
3754 4281 3850 4335 τήν

2242 4368 2572 4436 χειροτονίαν
2647 4366 2696 4416 οἱ
2769 4369 2884 4417 τότε
2969 4365 3022 4427 ἐξ
3093 4366 3358 4438 Αἰγύπτου
3429 4364 3847 4431 συνεληλυθότες,

482 4440 959 4515 episcopumque
1039 4447 1586 4520 Constantinopolis
1657 4451 2125 4516 constituerant,

2245 4452 2525 4506 ἐπίσκοπον
2561 4454 3148 4516 Κωνσταντινουπόλεως
3170 4460 3525 4524 κατέστησαν,
3547 4457 3622 4507 ἔτι
3653 4461 3850 4530 Γρηγο-

485 4530 769 4600 Gregorio
795 4533 1098 4604 Theologo
1127 4535 1286 4592 hanc
1317 4537 1523 4594 sedem
1555 4538 1754 4596 adhuc
1777 4546 2034 4598 tenente.
2068 4542 2138 4595 Et

485 4616 795 4675 decretum
835 4626 924 4677 est
962 4637 1279 4698 nunquam
1322 4625 1491 4683 illum
1531 4628 1717 4685 fuisse
1756 4630 2132 4703 episcopum,

486 4723 683 4781 neque
707 4725 836 4768 esse
858 4752 871 4777 ,
892 4727 1090 4786 neque
1121 4715 1367 4773 clericos
1397 4719 1477 4774 ab
1500 4717 1632 4792 ipso
1661 4720 1995 4789 ordinatos,
2031 4721 2138 4777 sed

482 4813 731 4857 manere
755 4801 920 4858 irrita
949 4818 1084 4876 quae
1115 4805 1191 4862 de
1217 4805 1319 4864 illo
1343 4808 1500 4865 etab
1529 4808 1629 4867 illo
1656 4809 1815 4868 facta
1844 4811 2099 4869 fuerant.

2242 4546 2360 4616 ρίου
2404 4551 2493 4594 τοῦ
2543 4543 2800 4616 Θεολόγου
2842 4548 2930 4596 τὸν
2972 4546 3147 4617 θρόνον
3191 4553 3372 4597 τοῦτον
3426 4541 3712 4607 διέποντος·
3759 4550 3851 4597 καὶ

2245 4633 2449 4707 ᾡρίσθη
2499 4637 2631 4705 μήτε
2675 4636 2985 4706 γεγενῆσθαι
3023 4643 3204 4686 τοῦτον
3235 4640 3359 4707 μήτε
3403 4635 3532 4686 εἶναι
3563 4634 3848 4687 ἐπίσκοπον

2245 4701 2378 4796 μήτε
2407 4722 2690 4796 κληρικούς
2717 4727 2836 4786 τούς
2868 4724 2992 4800 παρ’
3024 4724 3186 4778 αὐτού
3207 4726 3684 4798 χειροτονηθέντας,
3716 4723 3850 4777 ἀλλὰ

2246 4816 2410 4884 μένειν
2432 4814 2603 4886 οἰκυρα
2641 4815 2706 4866 τὰ
2735 4813 2815 4867 ἐπ’
2846 4814 2986 4887 αύτῷ
3017 4817 3107 4867 καὶ
3141 4815 3264 4888 παρ’
3296 4815 3456 4868 αὐτοῦ
3487 4818 3847 4890 πεπραγμένα.
