4136 6398
223 291 287 347 33
1594 287 1940 345 THESAURI
1995 287 2125 344 LIB.
2173 290 2312 345 VIII.
3572 299 3642 353 34

238 416 3626 440 mm

917 677 1734 832 NICET/E
1883 732 1888 788 ε

2001 679 2996 833 ΗΟΝΙΑΤᾸΕ

1490 977 1678 1072 ΕΧ
1741 974 2124 1072 LIBRO
2192 975 2430 1070 VIII

801 1206 1536 1322 THESAURI
1667 1209 2599 1318 ORTHODOXXE
2724 1211 3112 1320 FIDEI

834 1597 963 1671 Περὶ
986 1598 1299 1671 Νεστορίου.

329 1720 398 1780 α’,
429 1727 718 1797 Νεστόριος
747 1722 969 1795 ὥρμητο
994 1724 1085 1794 μεν
1128 1719 1178 1773 έν
1210 1724 1568 1795 Γερμωικέων
1606 1719 1880 1792 πολίχνης,

255 1811 355 1864 όύκ
394 1809 516 1865 οἶδα
552 1819 814 1873 ποταποῖς
855 1814 916 1864 τό
971 1809 1026 1874 ἐξ
1055 1809 1227 1886 ἀρχῆς
1266 1810 1674 1885 ἐκτεθραμμένος
1704 1809 1883 1869 ἐπιτη-

256 1898 540 1975 δεύμασιν,
575 1901 740 1960 ἄλλην
782 1897 843 1954 δέ
878 1899 932 1964 ἓξ
960 1900 1123 1964 οἴλλης
1152 1900 1377 1974 ἀμείϐων
1407 1908 1612 1976 χώραν,
1643 1901 1877 1973 καθάπερ

247 1997 592 2063 Αἰγυπτιακὴ
636 2011 721 2054 τις
768 1991 992 2064 μάστιξ,
1033 1992 1096 2064 τῇ
1154 1991 1355 2065 μεγάλῃ
1409 2000 1507 2044 τῶν
1566 1991 1878 2062 Ἀντιοχέων

243 2079 511 2152 ἐνέσκηψε
568 2080 742 2136 πόλει.
793 2080 878 2134 Ἐν
925 2083 1092 2154 ταύτῃ
1133 2079 1300 2152 λόγων
1331 2079 1625 2154 ἕλευθερίων
1655 2084 1880 2153 μετρίως

244 2175 626 2243 μετεσχηκώς,
688 2173 861 2241 φωνήν
916 2187 972 2222 τε
1010 2169 1088 2222 ὅτι
1137 2169 1423 2228 καλλίστην
1475 2173 1566 2222 καὶ
1621 2173 1876 2242 μεγίστην

245 2258 525 2328 ἀσκήσας,
664 2257 956 2331 Ἐκκλησία
991 2265 1086 2310 τοῦ
1139 2266 1274 2312 Θεοῦ
1307 2267 1539 2335 προσιών
1570 2258 1873 2333 εἰσεφθάρη,

243 2354 338 2401 καὶ
369 2357 446 2420 τῷ
475 2349 755 2419 καταλόγῳ
784 2355 885 2399 τῶν
910 2346 1276 2424 πρεσϐυτέρων
1306 2348 1600 2424 ἐναρίθμιος
1628 2353 1873 2420 γεγονὼς,

243 2443 335 2492 τόν
368 2457 428 2491 τε
471 2445 568 2491 τοῦ
597 2445 736 2491 Θεοῦ
767 2435 890 2489 λαόν
923 2433 1203 2490 διδάσκειν
1230 2440 1653 2510 πεπιστευμένος,
1686 2433 1875 2500 ἔδειξεν

248 2529 405 2588 εὐθύς
436 2526 487 2579 ἐν
515 2529 822 2601 προοιμίοις
841 2527 946 2586 οἷος
963 2525 1111 2600 παρά
1128 2526 1299 2578 πάντα
1317 2529 1406 2580 τὸν
1430 2524 1548 2599 βίον
1576 2530 1693 2598 γενή
1706 2543 1873 2578 σεται·

245 2617 306 2670 ού
337 2620 441 2690 γὰρ
470 2621 563 2668 τόν
595 2615 777 2686 εὐγενῆ
823 2619 915 2668 καὶ
956 2618 1192 2687 γόνιμον,
1237 2620 1328 2668 καὶ
1356 2624 1662 2691 γεωργῆσαι
1689 2613 1876 2686 ψυχὰς

245 2705 540 2781 ἀνθρώπων
583 2701 872 2778 δυνάμενον
921 2702 1154 2765 ἐζήλωσε
1195 2713 1520 2779 χαρακτῆρα
1556 2713 1658 2756 τῶν
1685 2703 1873 2775 λόγων,

257 2795 392 2848 ἀλλὰ
417 2799 552 2870 πρός
582 2797 641 2848 τὸ
678 2790 715 2847 δ
719 2795 1004 2868 ημοτερπὶς
1043 2791 1344 2861 ἀποκλίνας,
1385 2799 1476 2847 καὶ
1507 2801 1609 2846 τῶν
1649 2793 1720 2856 εἰς
1751 2791 1879 2868 ἀέρα

244 2887 515 2959 λυομένων
539 2890 743 2959 κρότων
776 2887 1037 2960 θηρευτὴς
1067 2883 1110 2937 εἰ
1129 2888 1219 2938 καὶ
1242 2904 1320 2946 τις
1339 2883 1492 2946 ἄλλος
1515 2888 1796 2958 γενόμενος,
1818 2887 1878 2936 τὸ

262 2972 590 3049 συρφετώδες
624 2974 718 3028 καί
772 2973 1114 3046 ἀστάθμητον
1141 2973 1339 3038 πλῆθος
1381 2977 1511 3047 πρὸς
1557 2977 1646 3026 τὸν
1691 2973 1878 3028 οἰκεῖον

265 3064 602 3130 έξεκαλέσατο
667 3067 855 3132 πόθον,
930 3067 1081 3137 φαιὸν
1165 3062 1595 3139 περιϐεϐλημένος
1651 3064 1879 3136 ἱμάτιον,

256 3154 594 3227 έττυγνακὼς
613 3151 882 3228 βαδίζων,
901 3157 1026 3217 τούς
1045 3153 1324 3228 ἀγοραίους
1340 3153 1584 3207 ἐκκλίνων
1607 3153 1878 3227 θορύϐους,

255 3246 544 3319 ὠχρότητι
578 3250 827 3317 σώματος
864 3246 923 3296 τό
954 3240 1130 3296 δοκεῖν
1168 3243 1518 3319 έγκρατευτής
1546 3244 1676 3297 εἶναι
1717 3245 1886 3320 θηρώ-

253 3354 433 3410 μενος,
474 3338 616 3388 οἶκοι
666 3337 736 3386 τὰ
772 3331 938 3386 πολλὰ
975 3331 1205 3406 βιϐλίοις
1232 3337 1598 3407 προσανέχων,
1637 3337 1728 3386 καὶ
1765 3334 1884 3386 καθ’

259 3427 508 3497 ἡσυχίαν
573 3423 743 3495 ἑαυτῷ
794 3425 1184 3495 συγγινόμενος,
1229 3425 1487 3486 τοιούτοις
1520 3426 1767 3496 σχήμασι
1797 3424 1887 3474 καὶ

628 3516 754 3576 τοὺς
813 3511 1040 3573 πολλοὺς
1121 3507 1400 3580 δελεάζων,
1475 3516 1640 3586 μέχρι
1711 3511 1888 3587 πόρρω

251 3605 493 3678 προῆλθε
543 3611 648 3666 τῆς
699 3601 936 3672 ἡλικίας,
994 3605 1054 3655 τὸ
1087 3598 1260 3656 δοκεῖν
1285 3605 1603 3678 Χριστιανός
1627 3600 1758 3656 εἶναι
1787 3604 1890 3679 πρὸ

252 3703 351 3748 τοῦ
376 3703 513 3748 εῖναι
535 3690 774 3764 διώκων,
796 3697 1002 3756 καὶτῆς
1025 3699 1120 3746 τοῦ
1144 3699 1383 3769 Χριστοῦ
1405 3689 1566 3756 δόξης
1584 3696 1678 3752 τὴν
1705 3691 1890 3746 ἑαυτοῦ

259 3793 534 3858 προτιμῶν
545 3825 561 3840 .

255 3513 550 3589 πλάσμασι

348 3906 415 3980 β’.
441 3908 584 3962 Ἐπεὶ
635 3903 696 3962 δέ
727 3908 868 3960 κατὰ
916 3908 977 3960 τό
1032 3905 1300 3982 εἰρημένον
1341 3914 1413 3978 τῷ
1446 3909 1706 3980 Δεσπότῃ,
1740 3900 1891 3960 οὐδὲν

270 3999 498 4071 κρυπτὸν
539 3996 566 4049 ὃ
612 3995 674 4049 ού
705 3996 1100 4068 γνωσθήσεται,
1147 3991 1273 4048 οὐδὲ
1321 3997 1620 4070 ἀπόκρυφον
1674 3995 1786 4048 ὂού
1817 3999 1890 4070 μὴ

266 4087 343 4148 εἰς
395 4090 618 4162 φανερόν
667 4085 817 4159 ἔλθῃ,
857 4089 948 4138 καὶ
1004 4087 1072 4137 τὰ
1132 4084 1268 4138 καλὰ
1314 4087 1442 4158 ἔργα
1483 4082 1728 4160 πρόδηλά
1757 4083 1891 4156 ἐστι,

255 4181 354 4230 καὶ
423 4179 496 4229 τὰ
570 4175 738 4237 ἄλλως
802 4178 997 4247 ἔχοντα
1040 4174 1299 4247 κρυϐῆναι
1350 4174 1410 4228 ού
1474 4173 1716 4241 δύναται,
1760 4178 1896 4228 κατά

254 4273 356 4326 τήν
394 4265 808 4338 ἀνεξιχνίαστον
859 4273 960 4317 τῶν
996 4271 1089 4318 τοῦ
1138 4269 1266 4319 Θεοῦ
1323 4283 1590 4341 κριματων
1635 4264 1893 4337 ἄϐυσσον,

255 4363 356 4411 καὶ
413 4362 718 4430 Νεστόριος
775 4354 937 4427 ψήφῳ
981 4363 1083 4407 τῶν
1125 4359 1247 4428 περὶ
1276 4356 1344 4408 τὰ
1386 4353 1636 4428 βασίλεια
1658 4360 1749 4409 καὶ
1776 4358 1897 4417 τοὺς

258 4451 513 4523 θρόνους,
584 4450 680 4498 καὶ
745 4444 907 4498 αὐτοῦ
964 4451 1256 4502 τηνικαῦτα
1307 4452 1404 4507 τῆς
1468 4445 1770 4519 οἰκουμένης
1832 4447 1899 4498 τὰ

260 4547 526 4612 σκῆπτρα
620 4532 911 4601 διέποντος,
1001 4543 1092 4597 τῆς
1151 4537 1288 4588 κατὰ
1354 4533 1898 4589 Κωνσταντινούπολιν

259 4638 365 4682 τῶν
428 4623 736 4705 ὀρθοδόξων
792 4625 1081 4688 καθολικῆς
1145 4624 1456 4687 Ἐκκλησίας
1513 4630 1607 4685 τὴν
1663 4645 1898 4698 προστα-

268 4725 390 4773 σίαν
449 4720 786 4784 πιστεύεται,
841 4712 995 4769 ουδεν
1044 4712 1104 4770 δε
1155 4715 1310 4788 ἦττον
1340 4720 1432 4768 καὶ
1471 4723 1562 4788 τῇς
1593 4715 1898 4789 οἰκουμένης

267 4809 509 4872 ἁπάσης.
577 4806 669 4868 Ὠς
728 4801 789 4860 δὲ
848 4808 937 4858 τὸν
1030 4809 1281 4878 μέγιστον
1375 4802 1562 4859 έκεῖνον
1650 4804 1900 4858 κατέλαϐε

275 4901 474 4974 Θρόνον,
521 4899 764 4969 καθάπερ
814 4898 934 4948 τινὰ
983 4891 1273 4972 τυραννίδα
1338 4901 1431 4956 τῆς
1497 4894 1902 4969 ἀρχιερωσύνης

273 4993 365 5047 τήν
393 4991 736 5064 προστασίαν
767 4983 1037 5061 ἁρπάσας,
1071 4983 1244 5036 ούκέτι
1269 4987 1511 5057 κατέχειν
1542 4985 1591 5036 ἓν
1613 4983 1776 5056 ἑαυτῷ
1805 4987 1900 5044 τὴν

276 5075 436 5132 ὠδῖνα
459 5089 555 5143 τῆς
598 5076 859 5138 ἀσεϐείας
911 5072 1018 5136 οἶός
1056 5073 1104 5126 τ’
1139 5069 1220 5142 ἧν,
1253 5071 1362 5126 ἀλλ’
1403 5071 1504 5126 ἀπὸ
1534 5082 1631 5138 τῆς
1659 5073 1904 5138 ἐξουσίας

269 5169 574 5245 προσλαϐὼν
601 5167 791 5244 ἀμαθῆ
827 5162 1165 5241 παρρησίαν,
1196 5163 1268 5227 εἰς
1287 5166 1445 5237 μέσον
1466 5165 1584 5236 ἄγει
1612 5169 1703 5217 καὶ
1723 5167 1905 5241 προτί-

269 5263 419 5319 θησιν
445 5263 666 5330 ἅπασιν,
706 5258 772 5318 ἣν
812 5255 990 5310 πάλαι
1031 5250 1276 5306 συνέλαϐε
1305 5256 1441 5306 κατὰ
1463 5260 1556 5307 τοῦ
1584 5260 1903 5326 Μονογενοῦς

1913 1594 1961 1646 Α

2623 1592 2705 1649 De
2730 1591 3022 1650 Nestorio.

2065 1719 2116 1771 i.
2158 1715 2465 1772 Nestorius
2505 1719 2671 1772 ortus
2707 1720 2836 1773 erat
2884 1732 2956 1773 ex
3007 1717 3339 1773 Germaniae
3391 1719 3640 1791 oppido,

1989 1805 2192 1862 nescio
2222 1805 2446 1878 quibus
2490 1805 2570 1862 ab
2625 1805 2794 1863 initio
2846 1805 3183 1878 disciplinis
3237 1807 3541 1877 eruditus;
3570 1808 3646 1865 de

1986 1893 2122 1952 loco
2145 1899 2345 1951 autem
2371 1894 2430 1950 in
2455 1894 2658 1951 locum
2686 1895 2974 1964 migrans,
3012 1901 3304 1969 tanquam
3333 1897 3648 1970 quoddam

1985 1984 2406 2058 Egyptiacum
2436 1983 2768 2054 ﬂagellum,
2815 1984 2878 2040 in
2927 2001 3218 2055 magnam
3251 1987 3652 2046 Antiocheno-

1985 2087 2123 2130 rum
2141 2073 2357 2129 urbem
2387 2073 2575 2129 irruit.
2598 2072 2682 2129 lbi
2710 2073 3094 2130 mediocriter
3111 2073 3414 2131 bonarum
3430 2076 3649 2134 artium

1985 2161 2290 2236 particeps
2347 2161 2614 2231 effectus,
2659 2177 3000 2236 vocemque
3048 2163 3519 2236 pulcherrimam
3577 2181 3648 2222 ac

1985 2250 2281 2324 optimam
2324 2251 2606 2307 exercitio
2651 2251 2930 2322 adeptus,
2962 2252 3024 2308 in
3065 2252 3168 2308 Dei
3216 2253 3541 2311 Ecclesiam
3571 2254 3648 2310 ir-

1981 2341 2170 2413 repsit
2205 2345 2262 2396 et
2301 2339 2578 2411 catalogo
2617 2341 3110 2414 presbyterorum
3135 2341 3498 2416 adscriptus,
3521 2343 3653 2400 Dei-

1984 2444 2106 2504 que
2132 2429 2431 2502 populum
2475 2429 2735 2486 docendi
2771 2446 2985 2488 curam
3030 2432 3308 2501 sortitus,
3355 2432 3434 2490 ab
3480 2433 3648 2490 initio

1987 2518 2260 2575 exhibuit
2305 2517 2504 2592 qualis
2551 2534 2660 2592 per
2712 2524 2903 2576 totam
2954 2520 3143 2578 vitam
3199 2521 3437 2578 futurus
3463 2526 3642 2579 esset.

1989 2607 2119 2664 Non
2147 2607 2308 2664 enim
2336 2607 2721 2678 ingeniosum
2752 2614 2809 2665 et
2837 2609 3105 2666 nobilem
3139 2614 3196 2666 et
3225 2610 3442 2666 animis
3472 2626 3644 2668 exco-

1989 2695 2183 2753 lendis
2213 2702 2427 2769 aptum
2469 2703 2729 2753 sectatus
2758 2701 2848 2754 est
2884 2699 3227 2755 orationum
3255 2705 3644 2768 caracterem,

1990 2785 2098 2842 sed
2123 2785 2204 2842 ad
2230 2785 2440 2858 populi
2459 2785 2872 2843 adulationem
2904 2787 3187 2860 proclivis
3203 2788 3653 2862 plausuumque

1914 2865 1955 2921 Β
1985 2874 2050 2930 in
2089 2890 2293 2932 aerem
2341 2875 2776 2946 dissipatorum
2822 2880 2887 2932 ut
2932 2877 3036 2949 qui
3074 2877 3341 2933 maxime
3398 2883 3654 2949 amator,

1986 2963 2166 3021 vilem
2194 2969 2253 3021 et
2272 2964 2614 3020 instabilem
2653 2964 3033 3036 plebeculam
3065 2981 3177 3022 suo
3215 2965 3514 3023 desiderio
3538 2966 3657 3024 im-

1988 3053 2238 3122 buebat,
2264 3052 2441 3110 fusco
2471 3052 2724 3110 indutus
2758 3053 2964 3126 pallio,
2991 3054 3173 3110 tristis
3204 3055 3515 3120 incedens,
3547 3055 3662 3112 fori

1992 3143 2317 3204 tumultum
2344 3144 2599 3214 evitans,
2631 3144 2902 3217 corporis
2939 3143 3173 3217 pallore
3210 3149 3558 3219 temperans
3584 3145 3666 3203 vi-

1993 3233 2124 3292 deri
2149 3233 2423 3307 cupiens,
2470 3233 2638 3290 domi
2679 3233 3041 3308 plerumque
3083 3235 3252 3292 libris
3300 3235 3664 3294 incumbens

1995 3328 2053 3381 et
2074 3339 2183 3397 per
2209 3323 2402 3380 otium
2425 3339 2632 3380 secum
2663 3339 3057 3390 conversans,
3090 3324 3192 3382 tali
3220 3325 3434 3383 habitu
3465 3330 3523 3383 et
3545 3325 3662 3383 for-

1997 3429 2101 3471 ma
2151 3412 2605 3470 multitudinem
2653 3419 2930 3487 captans,
2984 3414 3066 3472 ad
3117 3415 3372 3472 multam
3424 3420 3664 3474 aetatem

1996 3502 2318 3576 processit,
2369 3501 2738 3559 Christianus
2794 3501 2983 3559 videri
3024 3503 3226 3576 potius
3279 3520 3466 3578 quam
3529 3519 3665 3561 esse

1997 3595 2350 3666 peroptans,
2373 3594 2432 3649 et
2457 3591 2671 3650 Christi
2696 3591 2905 3663 gloria:
2934 3592 3247 3666 propriam
3273 3593 3529 3667 gloriam
3551 3609 3659 3652 an-

2001 3686 2314 3755 teponens.

2074 3916 2130 3971 2.
2172 3914 2318 3969 Cum
2349 3915 2574 3980 autem,
2617 3916 2684 3969 ut
2726 3929 2764 3970 a
2801 3913 3057 3970 Domino
3099 3912 3330 3971 dictum
3365 3918 3475 3985 est,
3513 3914 3666 3972 nihil

2005 4003 2078 4058 sit
2109 4005 2408 4058 secretum
2448 4001 2615 4074 quod
2667 4017 2792 4058 non
2850 4001 3092 4074 sciatur,
3135 4001 3284 4058 nihil
3334 4002 3665 4061 obscurum

1927 4109 1970 4168 ρ
2005 4091 2174 4166 quod
2203 4107 2328 4148 non
2359 4090 2673 4160 reveletur,
2699 4097 2756 4149 et
2778 4091 2944 4148 bona
2974 4107 3161 4166 opera
3185 4093 3511 4152 manifesta
3545 4094 3665 4152 sint

2007 4184 2064 4239 et
2090 4180 2251 4238 mala
2295 4186 2601 4254 nequeant
2627 4181 2940 4248 occultari,
2965 4181 3140 4253 juxta
3182 4182 3669 4255 investigabilem

2001 4269 2372 4343 judiciorum
2414 4270 2517 4326 Dei
2543 4269 2858 4343 abyssum,
2887 4273 2944 4326 et
2971 4269 3278 4328 Nestorius
3307 4287 3522 4330 eorum
3546 4271 3667 4328 suf-

2006 4358 2200 4430 fragio
2225 4358 2330 4432 qui
2350 4357 2528 4430 regiis
2558 4363 2616 4416 et
2643 4358 2875 4416 thronis
2907 4358 3178 4417 assident
3218 4363 3276 4417 et
3317 4359 3508 4433 ipsius
3565 4359 3672 4434 qui

2008 4452 2137 4505 tum
2168 4447 2456 4521 temporis
2485 4447 2652 4504 orbis
2693 4447 2961 4504 universi
3001 4452 3240 4522 sceptra
3278 4448 3539 4516 tenebat,
3572 4464 3667 4506 or-

2005 4537 2414 4596 thodoxorum
2438 4537 2747 4594 catholicis
2761 4537 3441 4611 Constantinopolitana
3468 4538 3664 4596 Eccle-

2011 4627 2116 4684 siae
2141 4626 2483 4700 praeﬁcitur,
2511 4643 2624 4685 nec
2669 4627 2869 4684 minus
2924 4642 3114 4700 quam
3153 4627 3438 4686 universo
3485 4633 3666 4686 terra-

2007 4733 2146 4775 rum
2177 4716 2330 4774 orbi.
2375 4716 2484 4773 Ubi
2524 4720 2728 4774 autem
2765 4716 2830 4772 in
2877 4717 3216 4774 maximam
3243 4717 3412 4774 illam
3461 4719 3670 4776 sedem

2009 4806 2285 4866 ascendit
2303 4805 2624 4880 rapuitque
2652 4805 3106 4878 prmsidentiam
3136 4810 3432 4881 tanquam
3460 4812 3667 4880 tyran-

2009 4893 2217 4953 nidem
2247 4893 2584 4968 quamdam
2605 4893 3014 4968 episcopatus,
3035 4911 3158 4953 non
3175 4895 3308 4967 jam
3334 4898 3396 4952 in
3425 4912 3490 4952 se
3512 4895 3674 4953 cohi-

2009 4985 2154 5044 bere
2186 4984 2373 5042 valuit
2400 4983 2725 5058 impietatis
2747 4989 3013 5058 partum,
3042 4985 3147 5042 sed
3170 5001 3244 5042 ex
3275 5001 3385 5042 sua
3406 4986 3675 5058 potentia

2010 5074 2351 5132 inauditam
2381 5073 2731 5148 concipiens
2759 5073 3106 5143 audaciam,
3138 5075 3201 5131 in
3248 5073 3521 5132 medium
3566 5075 3674 5132 ad-

2011 5163 2178 5222 ducit
2199 5163 2557 5238 praafertque
2580 5163 2812 5220 cunctis
2834 5179 3023 5236 quam
3041 5164 3173 5236 jam
3199 5163 3433 5221 dudum
3457 5163 3676 5238 imagi-

2012 5259 2193 5311 natus
2219 5253 2459 5311 essetin
2479 5253 2859 5326 unigenitum
2875 5252 3344 5327 blasphemiam,
3362 5257 3419 5311 et
3445 5253 3678 5313 bellum

267 5351 623 5429 βλασῗημίαν,
659 5354 760 5405 καὶ
787 5345 1028 5419 πόλεμον
1060 5343 1304 5419 ἄντικρυς
1333 5345 1470 5398 κατὰ
1493 5351 1594 5397 τῶν
1627 5341 1888 5398 ἀποστολιι

2014 5344 2219 5419 palam
2263 5341 2556 5402 adversus
2603 5342 2936 5416 apostolica
2960 5341 3254 5415 dogmata
3284 5343 3532 5401 suscitat
3559 5363 3577 5417 ;
3620 5347 3678 5402 et

265 5423 357 5497 κῶν
390 5423 612 5526 άέοξῖται
659 5439 1008 5516 δογματωνο
1057 5436 1149 5485 καὶ
1179 5439 1279 5484 τῶν
1328 5431 1488 5506 ἁγίων
1519 5437 1782 5508 Πατέρων,
1817 5423 1904 5506 ἀφ’

262 5536 320 5590 οὗ
336 5519 635 5616 “figo/701;
680 5539 744 5590 τό
791 5522 1138 5616 Εύαγγελξον
1168 5528 1261 5585 τῆς
1292 5529 1391 5574 τῶν
1417 5519 1712 5616 όρθοδόξων
1742 5524 1906 5583 καθη-

243 5609 535 5715 ﬂagri/iuit
577 5635 864 5691 πίστεως,
923 5609 1199 5670 ﬁgam“?
1241 5616 1484 5688 πειρᾶται
1527 5615 1652 5680 τοὺς
1693 5611 1903 5689 λόγους,

2015 5437 2363 5491 sanctorum
2389 5433 2660 5501 Patrum,
2681 5447 2753 5489 ex
2781 5448 2906 5506 quo
2933 5433 3360 5490 annuntiatum
3379 5439 3469 5491 est
3493 5435 3678 5492 Evan-

2013 5522 2238 5598 gelium
2260 5522 2742 5580 orthodoxorum
2758 5521 2986 5580 ducum
3015 5522 3479 5596 ﬁdei,expellere
3497 5539 3674 5581 cona-

2014 5617 2112 5675 tur
2147 5628 2342 5687 voces,
2373 5611 2626 5675 turbans
2649 5610 2902 5688 quidem
2947 5612 3130 5686 regiae
3178 5612 3436 5673 civitatis
3479 5612 3678 5671 Eccle-
