4136 6392
483 334 553 389 35
1827 316 2094 374 NlCET/E
2134 312 2514 372 CHONIATE
3783 317 3850 371 36

484 471 659 523 stam,
687 453 934 510 turbans
957 454 1015 506 et
1033 448 1244 505 orbem
1284 446 1656 503 universum.
1689 447 1891 515 Neque
1923 456 1959 496 a
1988 438 2117 495 divit

2245 440 2516 513 ταράττων
2570 439 2660 510 μὲν
2698 444 2794 497 τῆς
2830 432 3107 497 Βασιλίδος
3143 433 3338 498 πόλεως
3374 439 3469 495 τὴν
3516 438 3853 511 Ἐκκλησίαν,

481 560 563 601 no
589 542 772 601 Paulo
804 541 1105 597 clamante
1126 552 1495 595 conversus:
1532 536 1645 604 Qui
1676 549 1774 592 vos
1800 531 2025 591 turbat,
2046 531 2114 601 iu

2247 530 2516 601 ταράττων
2549 524 2583 579 δ
2587 530 2609 579 ὲ
2638 531 2729 580 καὶ
2766 530 2861 585 τὴν
2881 524 3186 598 οἰκουμένην
3207 525 3440 579 ἅπασαν·
3467 524 3592 581 οῦδὲ
3626 533 3717 582 τοῦ
3741 531 3857 583 θεσ-

484 634 709 690 dicium
750 632 929 700 feret,
962 630 1302 700 quicunque
1322 628 1399 683 sit
1428 639 1451 697 ;
1482 624 1589 680 sed
1633 638 1814 696 super
1862 618 2115 677 candela

2246 621 2435 669 πεσίου
2516 616 2724 669 Παύλου
2794 620 3109 689 κεκραγότος
3173 617 3621 690 ἐπιστρεφόμενος.
3680 618 3737 672 Ὀ
3797 616 3857 672 δε

483 723 664 779 brum
685 721 901 778 divina:
929 720 1357 792 episcoporum
1387 714 1687 772 cathedrae
1730 728 1852 769 non
1878 710 2116 768 veritati;

2250 707 2534 780 ταράσσων
2596 707 2731 779 ὑμᾶς
2789 703 3055 779 βαστάσει
3114 708 3173 757 τὸ
3231 713 3414 779 κρῖμα,
3474 708 3618 771 ὅστις
3674 729 3734 761 αν

481 812 713 875 lumen,
746 810 853 868 sed
883 791 1207 882 impietatis
1235 805 1515 864 tenebras
1544 803 1734 878 ponit.

2249 791 2358 846 ἀλλ’
2399 792 2485 847 ἐπὶ
2508 799 2601 854 την
2625 794 2847 867 λυχνίαν
2884 802 2974 847 τοῦ
3008 796 3144 847 θείου
3175 803 3274 847 τῶν
3306 793 3591 871 ἀρχιερέων
3622 796 3860 872 βήματος

2252 881 2311 935 ού
2349 886 2437 935 τὸν
2484 883 2678 956 λύχνον
2734 891 2830 946 τῆς
2885 883 3151 952 άληθείας,
3186 881 3315 936 ἀλλά
3353 884 3506 958 ζόφον
3547 888 3732 945 τίθησι
3769 898 3864 950 τῆς

2254 970 2514 1035 ἀσεϐείας.

563 1084 613 1137 3.
639 1080 727 1137 Fit
756 1082 960 1136 autem
990 1077 1069 1134 illi
1116 1076 1380 1151 primum
1406 1072 1812 1132 innovationis
1840 1076 2146 1128 tentamen

2324 1062 2397 1133 γ’.
2476 1067 2677 1116 Γίνεται
2753 1059 2814 1116 δὲ
2880 1062 3022 1134 αύτῷ
3095 1071 3297 1136 πρῶτον
3372 1072 3469 1127 τῆς
3527 1058 3865 1142 καινοτομίας

498 1185 624 1228 non
671 1172 950 1241 oportere
1000 1149 1446 1223 sanctissimam
1493 1164 1793 1233 Virginem
1825 1160 1926 1216 Dei
1972 1159 2131 1216 Verb;

2256 1149 2553 1225 ἐγχείρημα
2600 1155 2659 1204 τό
2714 1156 2787 1225 μὴ
2837 1149 2945 1205 δεῖν
2984 1156 3079 1212 τὴν
3118 1152 3273 1224 ἁγίαν
3314 1155 3573 1228 Παρθένον
3619 1160 3714 1216 τὴν
3772 1164 3867 1210 τοῦ

490 1259 832 1316 secundum
862 1272 1109 1313 carnem
1140 1260 1399 1312 matrem
1433 1254 1535 1311 Dei
1564 1256 1821 1309 matrem
1852 1248 2120 1306 conﬁteri

2258 1247 2394 1292 Θεοῦ
2433 1246 2608 1312 Λόγου
2670 1243 2809 1293 κατὰ
2868 1243 3042 1317 σάρκα
3104 1244 3307 1316 μητέρα
3357 1247 3612 1297 Θεοτόκον
3673 1246 3868 1318 ὁμολο-

492 1349 601 1405 sed
642 1352 875 1404 tantum
914 1345 1143 1416 Christi,
1187 1344 1334 1400 dum
1375 1348 1585 1400 contra
1628 1339 2012 1397 vetustissimi
2050 1341 2125 1394 Ec

2255 1337 2365 1402 γεῖν
2403 1336 2762 1405 Χριστοτόκον
2813 1327 2871 1384 δὲ
2937 1335 3111 1405 μόνον,
3153 1340 3254 1383 τῶν
3291 1331 3454 1385 πάλαι
3491 1339 3581 1387 καὶ
3618 1344 3718 1388 τῶν
3765 1356 3870 1413 προ

491 1436 688 1495 clesiaa
718 1450 1052 1508 praecones,
1088 1433 1423 1490 secundum
1456 1430 1855 1505 apostolicam
1879 1428 2124 1485 traditio

2258 1418 2417 1472 πάλαι
2472 1427 2563 1481 τῆς
2606 1419 2915 1481 Ἐκκλησίας
2971 1423 3233 1497 κηρύκων,
3283 1423 3419 1475 κατὰ
3466 1428 3559 1483 την
3636 1423 3870 1479 ἀποστο-

490 1543 654 1590 nem.
686 1506 786 1581 Dei
817 1529 1062 1581 Matrem
1095 1540 1226 1580 eam
1246 1521 1685 1579 nominandam
1709 1537 1839 1577 esse
1870 1519 2123 1575 doceren

2259 1506 2410 1567 λικὴν
2440 1506 2761 1582 παράδοσιν,
2802 1514 3056 1563 Θεοτόκον
3098 1507 3424 1574 δοξαζόντων
3469 1511 3739 1586 ὀνομάζειν
3778 1521 3874 1569 καὶ

504 1620 559 1672 et
590 1614 826 1672 Domini
864 1615 1108 1670 Matrem
1139 1612 1532 1669 credendam.
1572 1612 1695 1681 Age
1725 1625 1886 1676 vero,
1919 1613 1976 1665 et
2000 1608 2137 1664 blas

2262 1617 2525 1651 πιστεύειν
2571 1603 2663 1657 τὴν
2703 1607 2795 1652 τοῦ
2849 1604 3045 1676 Κυρίου
3102 1604 3338 1674 Μητέρα.
3385 1606 3508 1677 Φέρε
3560 1623 3652 1676 μοι
3688 1604 3872 1659 λοιπόν

498 1705 788 1778 phemam
818 1702 977 1759 hanc
1014 1702 1341 1759 verborum
1374 1706 1563 1757 artem
1603 1699 1830 1756 nemini
1863 1699 2031 1772 prius
2051 1713 2131 1755 no

2262 1691 2355 1739 καὶ
2410 1691 2503 1746 τὴν
2558 1687 2871 1762 βλάσφημον
2930 1688 3270 1762 τεχνολογίαν
3324 1696 3724 1768 παρατηρησον,
3774 1695 3874 1747 ού·-

489 1771 617 1851 tam
649 1792 930 1849 observa:
965 1813 992 1841 «
1018 1790 1233 1847 Christi
1261 1790 1605 1863 appellatio,
1638 1771 2029 1862 inquit,duas
2050 1803 2122 1844 na

2268 1771 2377 1828 δενὶ
2425 1781 2671 1853 πρότερον
2728 1777 3070 1852 ἰγνωσμένην.
3125 1778 3183 1833 Ἠ
3231 1787 3322 1833 τοῦ
3378 1788 3613 1857 Χριστοῦ
3668 1803 3878 1857 προση-

492 1885 659 1938 turas
708 1880 1031 1951 significat,
1072 1880 1372 1951 Unigeniti
1410 1894 1631 1953 nempe
1678 1879 2051 1935 divinitatem
2099 1894 2125 1935 e

2264 1870 2438 1941 γορία,
2495 1872 2646 1939 φησὶ,
2696 1876 2794 1921 τῶν
2858 1864 2956 1921 δύο
3024 1871 3226 1941 φύσεων
3292 1877 3611 1943 σημαντικὴ,
3665 1882 3757 1935 τῆς
3817 1893 3878 1928 τε

495 1971 938 2028 humanitatem
965 1990 979 2040 ;
1011 1971 1127 2027 Dei
1151 1975 1352 2026 autem
1375 1969 1647 2041 sejuncta
1671 1984 1790 2025 vox
1819 1968 2128 2041 siniplicen

2269 1956 2511 2018 θεότητος
2576 1964 2666 2009 τοῦ
2737 1964 3055 2030 Μονογενοῦς
3122 1963 3213 2012 καὶ
3285 1967 3382 2021 τῆς
3449 1959 3875 2035 ἀνθρωπότητος’

495 2066 555 2118 et
586 2059 1035 2134 incorporalem
1068 2059 1169 2115 Dei
1212 2058 1389 2115 Verbi
1435 2058 1837 2115 substantiam
1885 2058 2114 2131 praebet

2266 2046 2296 2103 ἡ
2341 2041 2401 2098 δέ
2438 2053 2528 2098 τοῦ
2586 2053 2721 2100 Θεοῦ
2774 2045 3047 2109 ἀπολύτως
3090 2046 3339 2121 λεγομένη
3404 2054 3543 2123 φωνὴ
3584 2056 3677 2111 την
3706 2051 3880 2113 ἁπλῆν

494 2166 617 2207 vox
646 2154 850 2207 autem
883 2149 1055 2206 homo
1087 2148 1281 2206 solam
1328 2149 1663 2205 humanam
1702 2148 1964 2205 ostendit
1981 2153 2127 2204 natu

2266 2138 2358 2186 καὶ
2425 2133 2703 2207 ἀσώματον
2765 2144 2858 2188 τοῦ
2911 2144 3045 2190 Θεοῦ
3092 2142 3269 2210 Λόγου
3308 2143 3635 2215 παρίστησιν
3666 2142 3877 2195 ούσίαν·

495 2256 630 2297 ram
664 2257 677 2297 :
706 2238 845 2297 ideo
875 2238 1093 2296 Christi
1134 2237 1506 2309 genitricem,
1547 2237 1765 2310 inquit,
1800 2252 1922 2294 non
1955 2241 2128 2294 auten

2267 2225 2297 2283 ἡ
2359 2220 2419 2278 δε
2467 2232 2558 2277 τοῦ
2611 2225 2880 2296 ἄνθρωπος
2937 2230 3097 2299 μόνην
3153 2231 3249 2287 τὴν
3289 2226 3611 2302 ἀνθρωπείαν
3665 2227 3885 2286 ὑποδεί-

500 2329 622 2394 Dei,
663 2329 968 2400 Virginem
999 2327 1272 2385 conﬁteri
1299 2343 1549 2384 necesse
1583 2332 1692 2394 est,
1736 2343 1813 2383 ne
1860 2327 2010 2384 forte
2055 2343 2133 2384 no

2266 2332 2423 2366 κνυσι
2479 2316 2655 2386 φύσινσ
2723 2311 2817 2369 διὰ
2867 2324 3020 2369 τοῦτο
3085 2320 3459 2391 Χριστοτόκον,
3517 2324 3698 2393 φησὶν,
3768 2319 3883 2373 ἀλλ’

494 2418 590 2475 bis
618 2418 855 2476 accidat
889 2424 955 2475 ut
986 2418 1086 2474 Dei
1134 2417 1391 2474 Verbum
1430 2416 1795 2490 principium
1835 2416 2127 2474 exsistend

2267 2402 2328 2455 ού
2403 2408 2656 2457 Θεοτόκον
2708 2409 2802 2464 τὴν
2885 2407 3143 2480 Παρθένον
3227 2406 3492 2479 ὁμολογεῖν
3573 2408 3882 2482 ἀναγκαῖον,

513 2524 587 2565 ex
611 2514 821 2565 sancta
852 2507 1085 2578 Virgine
1123 2507 1451 2581 acceperit;
1482 2512 1664 2581 atque
1688 2508 1772 2564 ita
1798 2507 1967 2581 prius
1991 2507 2146 2578 geni-

2267 2497 2471 2564 μήποτε
2520 2492 2754 2568 λάθωμεν
2811 2493 2987 2570 ἀρχην
3045 2503 3139 2549 τοῦ
3191 2495 3323 2549 εἶναι
3358 2497 3585 2569 λέγοντες
3616 2502 3704 2552 τὸν
3743 2502 3883 2553 Θεὸν

506 2602 633 2655 tam
664 2614 800 2655 esse
838 2602 1099 2654 matrem
1123 2613 1313 2672 quam
1357 2596 1455 2654 ille
1484 2596 1589 2670 qui
1631 2613 1706 2653 ex
1740 2612 1812 2655 ea
1838 2601 2017 2655 natus
2049 2601 2138 2654 est

2270 2587 2440 2655 Λόγον
2497 2581 2551 2635 ἐκ
2600 2593 2689 2646 τῆς
2742 2583 2897 2657 ἀγίας
2958 2585 3202 2658 εἰληφότα
3230 2589 3515 2662 Παρθένουο
3584 2594 3673 2642 καὶ
3737 2590 3882 2642 οὕτω

501 2687 777 2745 conﬁteri
801 2702 1114 2758 cogamur.
1153 2708 1175 2737 ι

2266 2676 2671 2748 προγενεστέραν
2771 2680 2859 2734 τὴν
2933 2679 3136 2750 μητέρα
3208 2683 3301 2729 τοῦ
3396 2679 3723 2749 γεννηθέντος
3822 2677 3886 2743 ἐξ

2268 2762 2463 2833 αὐτῆς,
2566 2764 2703 2816 κατά
2774 2766 2834 2817 τό
2910 2762 3221 2837 ἀκόλουθον,
3300 2765 3567 2840 ὁμολογεῖν
3643 2766 3884 2841 βιασθῶ-

2268 2872 2358 2925 μεν
2367 2894 2380 2908 .
2882 2900 2886 2909 .

573 2959 626 3014 4.
669 2960 749 3015 Ne
781 2960 983 3015 autem
1015 2956 1331 3014 videamur
1368 2956 1542 3014 vanis
1589 2957 1827 3029 injuriis
1852 2958 1938 3015 sic
1969 2958 2161 3016 homi-

2342 2937 2409 2997 δ’.
2458 2940 2571 3029 "ira:
2623 2939 2683 2996 δὲ
2745 2946 2817 3017 μὴ
2885 2939 3115 3017 δόξωμεν
3169 2940 3462 3019 λοιδορίαις
3500 2953 3666 3008 κεναῖς
3711 2954 3891 3001 ταῦτα

503 3063 645 3105 nem
669 3047 973 3121 persequi,
1001 3063 1141 3104 eum
1171 3047 1372 3121 ipsum
1411 3064 1520 3121 per
1547 3064 1620 3105 ea
1647 3028 1785 3121 quae
1815 3049 1986 3122 dixit,
2025 3066 2136 3123 pro

2267 3036 2359 3083 τοῦ
2405 3028 2598 3106 ἀνδρὸς
2645 3040 2976 3107 κατηγορεῖν,
3029 3033 3183 3087 αὐτὸν
3250 3032 3438 3088 ἐκεῖνον
3491 3036 3571 3098 οἷς
3620 3032 3728 3089 εἶπε
3787 3042 3891 3100 τῆς

499 3138 646 3211 prius
670 3117 1001 3211 impietatis
1024 3117 1234 3194 testem
1254 3117 1568 3193 faciemus.
1592 3117 1724 3194 Suis
1745 3138 1902 3195 enim
1935 3117 2132 3210 cogita

2269 3120 2462 3184 οἰκείας
2538 3117 2847 3184 δυσσεϐείας
2902 3128 3200 3196 ποιήσομαι
3254 3126 3516 3200 μάρτυρα.
3593 3132 3703 3179 Τῶν
3780 3128 3890 3203 γὰρ

499 3208 783 3283 tionibus
795 3242 1044 3282 omnem
1090 3225 1566 3299 apostolicarum
1594 3226 2005 3285 doctrinarum
2018 3208 2132 3285 —me

2271 3208 2629 3264 ἀποστολικῶν
2670 3208 2703 3265 δ
2710 3208 2766 3265 ιδ
2770 3214 3017 3285 αγμάτων
3076 3217 3168 3266 καί
3222 3217 3414 3276 παντὸς
3464 3213 3618 3287 ἁγίου
3671 3219 3892 3288 μνήμην

498 3314 761 3372 moriam
812 3319 1226 3385 transgressus
1271 3319 1329 3370 et
1373 3313 1697 3386 cujuslibet
1730 3317 1942 3385 sancti,
1983 3317 2044 3374 in
2070 3333 2131 3374 or

2268 3318 2367 3372 τῆς
2414 3308 2600 3363 ἑαυτοῦ
2642 3306 2882 3373 διανοίας
2938 3312 3275 3386 ὑπερορίσας,
3333 3311 3383 3364 ἰν
3422 3321 3484 3387 τῇ
3518 3321 3620 3365 τῶν
3654 3310 3890 3387 ὀρθοδόε-

498 3403 910 3461 thodoxorum
938 3402 1194 3459 ecclesia
1221 3403 1440 3461 multas
1455 3403 1795 3462 istiusmodi
1822 3406 2131 3478 proclama

2271 3397 2369 3462 ξων
2462 3397 2719 3474 ἐκκλησίᾳ
2790 3399 2978 3463 πολλὰς
3050 3405 3300 3465 τοιαύτας
3377 3402 3618 3466 ἑξεϐόησε
3688 3406 3883 3476 φωνάς·

499 3492 585 3549 vit
614 3508 793 3549 voces
826 3511 839 3550 :
867 3515 897 3543 ‹‹
920 3495 1049 3549 Non
1072 3492 1322 3565 peperit,
1368 3509 1405 3549 o
1449 3492 1697 3565 optime,
1740 3497 1928 3552 Deum
1957 3496 2132 3554 Maria

2273 3510 2302 3539 ‹‹
2356 3488 2467 3542 Ούκ
2524 3492 2709 3561 ἔτεκεν,
2757 3487 2797 3542 ὦ
2838 3488 3100 3564 βελτιστε,
3161 3496 3343 3566 Μαρία
3381 3496 3523 3565 Θεὸν,
3577 3490 3683 3545 ἀλλ’
3715 3495 3887 3546 ἔτεκεν

501 3581 610 3639 sed
662 3582 975 3639 hominem
1028 3582 1263 3655 peperit
1305 3581 1635 3639 divinitatis
1668 3584 2134 3642 instrumentum

2270 3579 2539 3654 ἄνθρωπον
2596 3583 2835 3642 θεότητος
2882 3585 3123 3657 ὄργανον.
3161 3600 3193 3635 ν
3236 3585 3338 3635 Καὶ
3400 3580 3452 3635 ἐν
3502 3582 3697 3656 ἑτέροις
3723 3582 3887 3636 πάλιν

500 3674 567 3728 Et
608 3672 671 3727 in
724 3670 857 3728 aliis
906 3688 1150 3728 rursum
1192 3673 1525 3742 nugatoriis
1574 3674 2133 3746 irreprehensibilen

2272 3667 2555 3741 φληνάφοις
2618 3667 2929 3741 ἀνέγκλητον
2980 3674 3184 3744 μητέρα
3244 3670 3494 3730 Ἑλλήνων
3550 3673 3680 3732 θεοῖς
3742 3670 3887 3725 ἕπει-

501 3764 742 3820 Matrem
790 3762 1063 3833 gentium
1093 3761 1207 3817 diis
1267 3762 1589 3821 assimilat.
1643 3764 1967 3821 Judaicam
1997 3767 2134 3822 enin

2272 3759 2468 3829 σάγων.
2554 3755 2844 3813 Ἰουδαϊκὸν
2895 3762 2996 3835 γὰρ
3068 3756 3446 3833 ἀναδεξάμενος
3500 3765 3759 3833 φρόνημα,
3819 3763 3887 3816 οὗ

502 3852 861 3909 sententiam
892 3851 1232 3925 amplexus,
1257 3867 1381 3908 non
1416 3852 1609 3908 Verbo
1643 3869 1887 3911 carnem
1933 3855 2135 3912 factun

2269 3849 2356 3899 τὸν
2415 3852 2585 3920 Λόγον
2637 3867 2811 3922 σαρκα
2858 3848 3123 3925 ἀτρέπτως
3184 3852 3502 3922 γεγενῆσθαι
3539 3849 3724 3921 ἔλεγεν,
3772 3846 3895 3900 ἀλλ’

502 3957 636 3999 esse
661 3941 936 3999 absolute
966 3941 1225 4010 dicebat,
1256 3941 1364 3997 sed
1393 3942 1455 3997 in
1484 3941 1759 4015 quodam
1796 3943 2043 4001 homine
2071 3945 2131 4001 in

2274 3939 2336 4005 εἴ,
2400 3957 2517 3990 τινα
2555 3939 2824 4013 ἄνθρωπον
2879 3938 3167 4007 ἐνοικῆσαι,
3237 3942 3301 4001 ὡς
3359 3938 3425 4001 εἰς
3464 3941 3551 3992 ἕνα
3608 3947 3706 3991 τῶν
3745 3958 3890 4012 προ-

501 4032 832 4100 habitasse,
858 4036 924 4088 ut
952 4030 1015 4087 in
1043 4031 1250 4104 aliquo
1288 4031 1726 4104 prophetarum
1758 4037 1815 4088 et
1860 4033 1973 4089 sibi
2000 4034 2134 4090 hunt

2275 4035 2469 4100 φητῶν,
2523 4032 2613 4081 καὶ
2663 4024 3041 4081 ἰδιοποιείσθαι
3088 4035 3270 4082 τοῦτον
3318 4028 3559 4103 ἐξαιρέτῳ
3591 4027 3886 4101 ἀγαπήσει·

504 4122 821 4195 proprium
849 4120 1141 4192 peculiari
1169 4136 1377 4177 amore
1398 4121 1637 4188 fecisse;
1670 4127 1727 4178 et
1751 4138 1889 4180 esse
1917 4124 2137 4196 quiden

2274 4122 2365 4169 καὶ
2410 4118 2540 4170 εἶναι
2583 4119 2675 4191 μὲν
2714 4117 2866 4171 ἄλλον
2922 4122 3054 4185 υἱὸν,
3103 4118 3253 4171 ἄλλον
3295 4115 3353 4171 δὲ
3389 4117 3632 4191 λέγεσθαι
3660 4120 3773 4191 μὲν,
3814 4122 3891 4191 μὴ

505 4210 687 4268 alium
737 4209 975 4275 Filium,
1010 4210 1196 4265 alium
1232 4223 1376 4265 vero
1407 4209 1548 4278 dici,
1571 4226 1768 4283 neque
1796 4227 1925 4269 esse
1957 4214 2138 4283 genui

2276 4204 2407 4260 εἶναι
2465 4202 2525 4260 δὲ
2579 4212 2818 4279 γνήσιον,
2870 4208 3013 4262 θετόν
3064 4203 3123 4261 δὲ
3184 4208 3296 4260 υἱόν
3334 4211 3422 4260 τὸν
3473 4207 3743 4281 λεγόμενον
3783 4206 3894 4267 Ἰη-

504 4316 652 4357 num
678 4297 916 4365 Filium,
963 4298 1070 4354 sed
1119 4297 1473 4372 adoptivum
1516 4299 1622 4372 qui
1666 4300 1781 4357 hoc
1810 4302 2057 4358 nomine
2080 4302 2137 4359 di

2278 4305 2402 4350 σοῦν
2483 4301 2735 4370 Χριστόνο
2807 4297 3033 4351 ἐντεῦθεν
3093 4294 3190 4351 δύο
3264 4301 3433 4369 Υίοὺς,
3488 4301 3579 4349 καὶ
3643 4301 3715 4371 μὴ
3775 4297 3891 4368 ἕνα,

506 4388 766 4456 cebatur,
799 4389 1008 4444 Jesum
1035 4387 1357 4445 Christum.
1404 4388 1550 4445 Inde
1576 4389 1805 4447 dictum
1849 4407 1983 4449 esse
2012 4392 2134 4449 duo

2274 4386 2520 4460 λέγεσθαι
2575 4395 2728 4446 εῖναι,
2770 4386 2922 4441 Ὀθεν
2980 4396 3072 4448 τῆς
3132 4385 3531 4464 ἀρχιερωσύνης
3584 4384 3891 4441 ἐκϐάλλεται

506 4495 640 4537 esse
670 4477 867 4549 Filios,
899 4493 1097 4551 neque
1120 4494 1313 4534 unum
1343 4482 1601 4536 tantum.
1628 4483 1834 4553 Itaque
1885 4482 2139 4555 synodal

2275 4477 2435 4552 ψηφῳ
2490 4475 2798 4551 [συνοδικῇ]
2845 4482 2935 4532 καὶ
3002 4476 3267 4551 βασιλικῷ
3333 4478 3571 4551 νεύμάτν
3633 4480 3726 4529 καὶ
3787 4481 3890 4536 τὴν

508 4568 797 4640 suffragio
817 4571 875 4624 et
896 4567 1062 4640 regia
1094 4566 1399 4625 voluntate
1431 4570 1783 4642 episcopatu
1811 4571 2127 4644 expellitur

2275 4566 2468 4621 ’Ὀασιν
2544 4564 2960 4630 καταδικασθεὶς
3040 4567 3197 4620 οἰκεῖν
3254 4576 3347 4628 τῆς
3420 4565 3709 4639 μελλούσης
3784 4574 3888 4618 τῶν

509 4663 567 4717 et
594 4658 798 4716 Oasim
818 4657 1159 4715 inhabitare
1175 4658 1402 4730 jussus,
1444 4658 1656 4716 futurae
1687 4660 2013 4734 impiorum
2042 4679 2142 4736 poe

2276 4655 2474 4712 ἀσεϐῶν
2539 4658 2802 4718 κολάσεως
2876 4653 3086 4720 ἐδέξατο
3143 4659 3210 4709 τὰ
3295 4660 3567 4733 προοίμια,
3654 4658 3893 4729 παρανά-

507 4764 603 4807 naa
621 4747 983 4822 praeludium
1011 4748 1263 4821 accepit,
1299 4765 1411 4805 sua
1449 4750 1697 4823 propria
1725 4750 2031 4808 dementia
2064 4752 2140 4809 ab

2271 4748 2422 4822 λωμα
2476 4756 2571 4811 τῆς
2655 4748 2850 4809 οἰκείας
2943 4745 3334 4822 φρενοϐλαϐείας
3413 4754 3704 4820 γενόμενος,
3796 4749 3893 4800 καὶ

512 4841 793 4912 sumptus
803 4842 862 4893 et
878 4837 941 4893 in
962 4853 1024 4893 se
1037 4836 1379 4909 adimplens
1392 4836 1540 4894 illud
1551 4839 1818 4912 Apostoli
1829 4840 2139 4898 oraculum

2275 4839 2351 4912 ἐφ’
2400 4838 2567 4909 ἐαυτῷ
2626 4836 2914 4911 πληρώσας
2969 4840 3028 4889 τό
3072 4835 3420 4889 ἀποστολικόν
3470 4835 3630 4888 ἐκεῖνο
3686 4838 3884 4907 λόγιον,

512 4928 919 4998 Quorumdam
944 4927 1251 4985 hominum
1282 4929 1479 4998 culpa
1499 4931 1811 5001 manifeste
1834 4931 2066 4987 ducunt
2086 4947 2145 4989 ac

2275 4930 2358 4983 ὅτι
2412 4934 2575 4983 Τινῶν
2625 4926 2907 5003 ἀνθρώπων
2982 4928 3037 4980 αἱ
3097 4929 3354 5001 άμαρτίαι
3410 4922 3673 4999 πρόδηλοί
3759 4924 3885 4992 εἰσι,

510 5019 979 5077 damnationem.
998 5016 1315 5075 Suscitavit
1339 5018 1500 5074 enim
1526 5018 1587 5074 in
1611 5019 1784 5075 illum
1819 5021 1975 5077 Deus
2000 5020 2143 5094 spiri

2274 5022 2610 5095 προάγουσαι
2677 5018 2748 5081 εἰς
2800 5022 3000 5092 κρίσιν,
3065 5016 3329 5092 Ἐξήγειρε
3372 5019 3473 5090 γὰρ
3519 5017 3545 5069 ό
3596 5018 3727 5078 Θεὸς
3773 5016 3892 5069 κατ’

509 5112 639 5165 tum
667 5107 866 5181 Cyrilli
895 5107 1271 5165 Alexandriae
1302 5108 1659 5180 patriarchae
1685 5127 1698 5179 ;
1731 5110 1837 5183 qui
1862 5109 1943 5167 ad
1964 5110 2142 5184 ipsun

2277 5112 2438 5166 αὐτοῦ
2494 5113 2555 5163 τὸ
2612 5116 2816 5181 πνεῦμα
2887 5107 3142 5184 Κυρίλλου
3218 5107 3559 5181 πατριάρχου
3647 5104 3889 5169 Ἀλεξαν-

512 5198 850 5255 Nestorium
887 5198 1141 5270 scripsit,
1175 5213 1317 5254 eum
1359 5198 1421 5254 in
1464 5199 1943 5256 orthodoxorum
1981 5201 2145 5257 ﬁden

2281 5200 2478 5277 δρείας,
2530 5203 2617 5253 καὶ
2663 5200 2851 5277 γράφει
2901 5200 3032 5273 πρὸς
3086 5196 3243 5250 αὐτὸν
3304 5197 3610 5269 Νεστὸριον,
3660 5194 3731 5257 εἰς
3796 5199 3893 5254 τὴν

509 5286 825 5362 impellens
849 5291 908 5343 et
932 5288 1181 5345 hortans
1207 5293 1273 5346 ut
1299 5289 1403 5345 Dei
1443 5292 1684 5347 Matrem
1718 5291 2142 5349 sanctissiman

2278 5289 2560 5367 ὄρθόδοξον
2600 5288 2897 5365 ἐμϐιϐάζων
2933 5292 3134 5354 πίστιν,
3177 5291 3267 5339 καὶ
3324 5290 3577 5340 Θεοτόκον
3608 5289 3701 5344 τὴν
3734 5283 3891 5357 ἁγίαν

510 5378 758 5437 Mariam
784 5377 1130 5435 nominaret
1156 5393 1227 5435 ac
1257 5379 1548 5436 crederet.
1572 5383 1718 5436 Cum
1744 5386 1946 5438 autem
1974 5383 2137 5455 preci

2277 5386 2487 5455 Μαρίαν
2544 5378 2858 5454 παρακαλῶν
2918 5377 3188 5450 ὀνομάζειν
3254 5394 3309 5428 τε
3374 5380 3465 5429 καὶ
3522 5381 3740 5450 φρονείν.
3799 5373 3893 5438 Ὡς

509 5469 627 5525 bus
665 5482 790 5524 non
811 5466 1067 5532 cederet,
1098 5466 1350 5524 alteram
1380 5483 1589 5526 rursus
1623 5470 1785 5527 misit
1815 5470 2133 5543 epistolam

2281 5468 2340 5525 δε
2386 5471 2479 5525 ori-1.
2547 5467 2807 5538 ἐνεδίδου,
2862 5468 3012 5543 ἕτερα
3078 5465 3230 5519 πάλιν
3297 5465 3492 5538 ἔπεμψε
3572 5466 3887 5538 γράμματα-

510 5556 956 5618 conrtadicente
986 5561 1191 5616 autem
1211 5556 1335 5631 illo,
1352 5564 1719 5620 convocatur
1746 5564 1959 5636 postea
1981 5562 2142 5637 Ephe

2277 5561 2626 5637 ἀντιλέγοντος
2678 5556 2738 5615 δὲ
2793 5548 2977 5629 αὐτοῦ,
3036 5560 3128 5610 καὶ
3176 5558 3309 5633 πρὸς
3358 5556 3529 5609 ταῦτά
3584 5548 3806 5618 σύνοδος
3838 5553 3890 5609 ἐν
