4136 6392
509 299 576 354 39
1841 290 2113 347 NICETE

2263 286 2535 343 ΟΝΙΑΤᾹΞ
3807 295 3878 348 40

507 437 632 479 non
659 422 934 478 accurate
961 417 1105 474 scio.
1130 415 1450 489 Improbus
1478 416 1658 488 igitur
1686 415 1984 488 Eutyches
2007 411 2153 469 blas-

2278 408 2617 486 ἀνεγερθῆναι
2673 409 2943 475 ἐξήκοντα·
3003 411 3048 464 εἰ
3123 408 3182 465 δὲ
3238 415 3330 465 καὶ
3381 410 3584 475 ἀληθὴς
3639 413 3665 465 ὁ
3735 413 3877 487 λόγος

506 511 805 584 phemans
853 508 1093 566 dicebat
1141 523 1205 564 se
1232 507 1382 563 scire
1413 506 1738 563 Dominum
1766 509 2042 562 nostrum
2074 505 2165 561 Je-

507 618 646 658 sum
686 601 982 658 Christum
1013 615 1084 656 ex
1115 598 1359 654 duabus
1387 597 1726 654 constitisse
1768 597 2000 654 naturis
2030 599 2168 652 ante

505 691 819 759 unionem,
851 706 924 747 ex
957 689 1137 746 unica
1183 704 1329 745 vero
1366 692 1503 760 post
1531 688 1853 756 unionem;
1899 691 1956 743 et
1994 701 2167 742 sanc-

505 781 807 839 tissimam
837 778 1089 853 quidem
1111 778 1412 850 Virginem
1458 776 2032 834 consubstantialem
2056 790 2166 833 no-

503 870 598 928 bis
618 886 781 940 esse;
804 869 910 944 qui
937 872 1139 926 autem
1162 883 1236 924 ex
1257 883 1329 924 ea
1357 883 1604 925 carnem
1630 870 1959 940 receperat,
1980 869 2166 922 Deum

504 958 774 1017 Verbum
797 973 922 1014 non
951 955 1128 1015 nobis
1148 971 1282 1013 esse
1316 955 1913 1014 consubstantialem.
1939 955 2168 1028 Corpus

506 1049 690 1115 enim,
746 1048 960 1120 inquit,
1012 1046 1226 1103 Christi
1280 1062 1503 1119 corpus
1550 1046 1709 1114 dico,
1738 1060 1863 1102 non
1909 1045 2038 1117 jam
2077 1048 2170 1102 est

503 1154 729 1212 corpus
767 1136 1056 1194 hominis.
1084 1136 1247 1193 Illius
1293 1137 1527 1193 amicus
1557 1141 1614 1193 et
1639 1135 1954 1192 familiaris
1983 1138 2166 1205 Euse-

500 1227 642 1285 bius
673 1226 944 1300 Dorylete
971 1226 1291 1299 episcopus
1333 1226 1556 1299 saepius
1583 1225 1755 1282 illum
1778 1225 2055 1282 hortatus
2079 1227 2170 1280 est

502 1321 571 1375 ut
598 1317 741 1374 talia
760 1317 1050 1388 dogmata
1068 1319 1247 1372 rectae
1270 1314 1413 1373 ﬁdei
1435 1315 1738 1373 contraria
1760 1330 1885 1372 non
1909 1313 2165 1372 diceret;

503 1422 644 1465 cum
695 1411 898 1464 autem
955 1405 1125 1462 illum
1177 1403 1624 1461 immutabilem
1684 1407 1976 1470 cerneret,
2043 1402 2168 1460 Fla-

499 1496 684 1553 viano
737 1499 884 1551 tunc
913 1494 1202 1568 temporis
1233 1493 1786 1567 Constantinopolis
1809 1492 2166 1567 patriarcha:

501 1583 898 1642 denuntiavit.
927 1639 932 1643 .

570 1679 625 1730 2.
656 1674 764 1746 Qui
796 1689 934 1730 cum
956 1672 1265 1746 Eutychen
1296 1672 1374 1729 ad
1397 1689 1459 1729 se
1487 1677 1785 1743 vocasset,
1808 1677 1866 1729 et
1883 1689 2010 1730 rem
2042 1689 2165 1730 una

2277 499 2450 570 οὗτος,
2507 498 2735 574 ἀκριϐῶς
2792 500 2885 554 οῦκ
2940 503 3120 575 ἴσημι.
3183 501 3348 562 Οὗτος
3412 497 3500 555 οὖν
3563 503 3590 554 ό
3661 498 3880 567 δείλαιος

2277 588 2525 662 Εύτυχὴς
2601 588 2931 664 βλασφημῶν
3016 590 3183 663 illi.er
3264 587 3456 645 εἰδέναι
3534 594 3620 645 τόν
3697 595 3879 668 Κύριον

2277 679 2424 751 ἡμῶν
2457 678 2663 738 Ἰησοῦν
2708 683 2941 756 Χριστὸν
2989 679 3044 734 ἐκ
3095 677 3193 734 δύο
3231 683 3322 754 μὲν
3380 683 3581 754 φύσεων
3640 685 3740 755 πρὸ
3786 691 3878 746 τῆς

2277 766 2525 838 ἐνώσεως,
2583 774 2710 842 μιᾶς
2773 767 2832 823 δὲ
2897 789 3029 844 μετα
3086 774 3180 829 τήν
3246 771 3448 824 ἕνωσιν·
3500 775 3591 824 καὶ
3641 775 3735 831 τὴν
3792 774 3878 845 μὶν

2278 856 2434 929 ἁγίαν
2489 863 2742 912 Θεοτόκον
2798 860 3075 933 ὁμοούσιον
3119 861 3245 932 ἡμῖν
3292 861 3666 936 ὑπάρχουσαν,
3697 864 3784 914 τόν
3823 857 3881 914 δέ

2278 945 2334 1010 ἐξ
2391 948 2556 1012 αὐτῆς
2614 952 2950 1024 σαρκωθέντα
3005 953 3136 1004 Θεὸν
3198 953 3368 1022 Λόγον
3439 951 3545 1024 οὐχ
3605 951 3878 1024 ὁμοούσιον

2277 1038 2425 1110 ἡμῖν.
2472 1047 2628 1112 Σῶμα
2663 1043 2786 1115 γὰρ,
2839 1045 2992 1114 φησὶ,
3022 1040 3154 1113 λέγω
3193 1043 3252 1093 τὸ
3282 1048 3374 1094 τοῦ
3422 1048 3659 1114 Χριστοῦ
3709 1049 3880 1116 σῶμα,

2279 1127 2454 1182 ούκέτι
2493 1126 2552 1182 δὲ
2604 1134 2694 1182 καὶ
2772 1139 2926 1203 σῶμα
2994 1128 3291 1205 ἀνθρώπου.
3339 1130 3515 1203 Τούτῳ
3575 1129 3718 1204 φίλος
3791 1136 3881 1184 καὶ

2276 1224 2537 1293 γνώριμος
2595 1221 2662 1271 ὤν
2693 1219 2943 1284 Εὐσέϐιος
2999 1222 3024 1273 ό
3069 1220 3354 1297 Δορυλαίου
3413 1219 3714 1288 ἐπίσκοπος,
3754 1223 3884 1276 πολ-

2275 1309 2424 1372 λάκις
2490 1314 2752 1384 παρῄνεσε
2811 1315 2885 1384 μὴ
2963 1317 3185 1364 τοιαῦτα
3260 1309 3421 1384 λέγειν
3483 1310 3730 1386 ἀλλότρια
3789 1321 3885 1376 τῆς

2277 1400 2438 1472 ὀρθῆς
2466 1395 2714 1474 δόγματα
2739 1405 2986 1463 πίστεωςο
3021 1402 3154 1477 ὁρῶν
3197 1397 3257 1454 δὲ
3294 1399 3624 1474 ἀμεταθέτως
3669 1404 3885 1476 ἔχοντα,

2277 1487 2546 1562 Φλαϐιανῷ
2635 1491 2986 1564 προσήγγειλε
3079 1494 3138 1545 τὸ
3203 1497 3496 1550 τηνικαῦτα
3572 1495 3883 1568 πατριάρχῃ

2279 1585 2392 1632 Κων
2400 1580 2841 1634 σταντινουπόλεω
2850 1601 2871 1643 ς
2885 1623 2897 1636 .

2349 1666 2418 1741 β’.
2473 1669 2551 1721 Οὔ
2603 1670 3088 1744 μετακαλεσαμένου
3142 1673 3229 1723 τὸν
3282 1669 3546 1743 Εύτυχέα,
3610 1675 3704 1723 καὶ
3756 1675 3889 1745 μετὰ

500 1780 641 1821 cum
673 1763 755 1820 ibi
780 1767 1057 1819 versante
1083 1763 1509 1835 episcoporum
1542 1762 1780 1835 synodo
1823 1763 2153 1820 examinas-

2276 1766 2372 1819 τῆς
2423 1755 2754 1832 ἐνδημούσης
2805 1767 2906 1812 τῶν
2948 1758 3246 1812 ἐπισκόπων
3280 1756 3506 1812 συνόδου
3558 1763 3620 1812 τὸ
3665 1768 3890 1836 πρᾶγμα

501 1856 612 1920 set,
667 1850 962 1922 Eutyches
1014 1865 1076 1905 se
1134 1849 1609 1906 condemnatum
1660 1849 1893 1920 videns,
1920 1851 2164 1908 cuidam

499 1943 692 1998 Nomo
710 1939 980 2008 nomine,
999 1943 1056 1995 et
1075 1943 1220 1995 tunc
1249 1939 1538 2010 temporis
1563 1939 1798 1996 consuli
1822 1945 1881 1997 et
1910 1941 2162 2014 Chrysa-

498 2030 623 2104 pho
657 2028 1025 2087 cubiculario
1055 2033 1461 2097 cognomento
1488 2029 1729 2101 Zymbas
1759 2029 1873 2102 ipsi
1898 2046 2160 2088 consen-

499 2119 785 2179 tientibus
815 2119 1117 2192 persuasit
1144 2123 1210 2175 ut
1238 2119 1666 2191 imperatorem
1700 2119 1775 2176 de
1803 2121 1874 2176 iis
1915 2137 2053 2193 quae
2083 2121 2164 2178 ad

496 2210 700 2283 ipsum
755 2209 1132 2282 spectabant,
1167 2209 1482 2266 certiorem
1521 2209 1804 2278 facerent,
1851 2227 1888 2266 a
1917 2211 2166 2283 patriar-

497 2300 613 2356 cha
637 2298 798 2356 male
820 2298 1032 2356 haberi
1061 2298 1260 2354 virum
1283 2298 1452 2371 pium
1483 2304 1540 2354 et
1549 2299 1806 2370 justum.
1825 2301 1956 2366 Quo
1984 2300 2161 2374 facto,

498 2389 828 2446 Florentius
848 2386 1136 2461 patricius
1165 2403 1201 2443 a
1229 2387 1584 2444 consulibus
1616 2393 1672 2444 et
1697 2389 2162 2461 proconsulibus

494 2477 716 2534 missus
745 2481 833 2534 est
853 2492 1128 2533 sessurus
1159 2476 1220 2532 in
1255 2476 1516 2533 Flaviani
1545 2477 1780 2551 synodo
1807 2478 2161 2552 Eutychem-

493 2583 614 2640 que
664 2566 888 2638 injuria
943 2566 1148 2622 vexari
1207 2581 1333 2622 non
1392 2567 1820 2638 permissurus.
1882 2569 2161 2627 Secundo

490 2655 674 2730 igitur
698 2660 923 2712 statuto
953 2655 1252 2725 examine,
1286 2657 1484 2727 magis
1533 2657 1716 2714 etiam
1764 2673 1950 2730 quam
1993 2659 2160 2732 prius

492 2745 670 2804 male
699 2745 989 2802 doctrinae
1019 2746 1332 2802 convictus
1383 2750 1470 2803 est
1512 2747 1808 2820 Eutyches
1856 2751 1913 2804 et
1962 2764 2157 2806 sacer-

491 2834 658 2893 dotio
697 2835 1014 2909 depositus
1039 2839 1146 2892 est.
1211 2835 1328 2892 Sed
1371 2839 1596 2893 Nomus
1622 2841 1678 2894 et
1721 2837 2153 2911 Chrysaphius,

489 2924 606 2982 levi
639 2925 1022 2998 imperatoris
1052 2924 1260 2981 animo
1306 2925 1532 2993 abusis,
1573 2941 1714 2982 eum
1755 2926 2062 2984 adduxere
2091 2933 2158 2986 ut

489 3013 799 3086 synodum
822 3013 1063 3084 juberet
1091 3012 1219 3070 ﬁeri
1265 3013 1478 3086 Ephesi
1513 3018 1569 3071 et
1605 3015 1866 3086 judicari
1908 3017 2156 3074 sanctis-

2277 1847 2618 1916 ζητήσαντος,
2676 1846 2804 1902 ἰδὼν
2875 1849 3122 1922 Εύτυχὴς
3175 1853 3612 1925 κατακρινόμενον
3681 1850 3886 1918 ἑαυτὸν,

2274 1941 2447 2008 Νόμον
2499 1940 2616 1990 τινὰ
2665 1937 2978 2010 καλούμενον
3025 1942 3115 1989 καὶ
3169 1938 3365 1990 ὕπατον
3409 1942 3532 1990 ὄντα
3575 1939 3691 1992 κατ’
3726 1938 3888 1993 ἐκεῖνο

2273 2034 2481 2100 καιροῦ,
2512 2029 2644 2100 πρὸς
2703 2023 2761 2080 δὲ
2815 2031 2907 2079 καὶ
2964 2029 3271 2102 Χρυσάφιον
3324 2026 3762 2104 κουϐικουλάριον
3801 2034 3890 2083 τὸν

2274 2113 2486 2174 ἐπίκλην
2525 2115 2804 2188 Τζούμϐαν
2842 2118 2908 2178 ὡς
2965 2116 3271 2192 ὁμόφρονας,
3305 2119 3475 2170 ἔπεισε
3537 2126 3612 2189 τῷ
3676 2117 3895 2193 βασιλεῖ

2272 2211 2532 2280 γνωρίσαι
2576 2209 2641 2260 τά
2691 2206 2804 2260 κατ’
2861 2207 3042 2278 αὐτόν,
3087 2205 3391 2261 ἀδικεῖσθαι
3443 2210 3590 2282 παρά
3641 2219 3738 2263 τοῦ
3784 2231 3893 2265 πα-

2273 2299 2536 2372 τριάρχου
2582 2297 2826 2370 λέγοντας
2877 2294 3050 2374 ἄνδρα
3094 2297 3305 2358 θεοσεϐῆ
3368 2304 3458 2352 καὶ
3516 2295 3768 2354 δίκαιονο
3832 2301 3892 2354 οὗ

2270 2393 2564 2460 γεγονότος,
2661 2386 2923 2462 ἐπετράπη
3020 2387 3330 2462 Φλωρέντιος
3424 2393 3710 2465 πατρίκιος
3790 2390 3894 2444 ἀπό

2272 2479 2479 2531 ὑπάτων
2536 2497 2591 2530 τε
2641 2482 2732 2530 καὶ
2789 2476 3036 2552 ἐπάρχων
3093 2475 3442 2553 συνεδρεῦσαι
3486 2486 3546 2538 τῆ
3589 2484 3733 2534 κατά
3763 2481 3895 2536 Φλα-

2272 2567 2446 2620 ϐιανὸν
2487 2563 2716 2640 συνόδῳ,
2765 2571 2857 2620 καὶ
2910 2571 2981 2640 μή
3037 2564 3294 2640 περιιδεῖν
3335 2564 3686 2642 ἀδικούμενον
3730 2573 3898 2624 Εὐτυ-

2266 2661 2393 2730 χέα.
2443 2661 2724 2719 Ζητήσεως
2782 2664 3060 2732 τοιγαροῦν
3108 2655 3380 2730 προϐάσης
3431 2654 3709 2735 δευτέρας,
3751 2661 3893 2734 μᾶλ-

2266 2746 2350 2800 λον
2405 2748 2435 2806 ἢ
2492 2752 2738 2822 πρότερον
2802 2746 3046 2818 Εύτυχὴς
3107 2746 3346 2818 ἠλέγχθη
3400 2743 3736 2818 κακοδοξῶν,
3798 2755 3893 2804 καὶ

2268 2837 2423 2890 αὐτόν
2509 2837 2818 2912 Φλωρέντιον
2895 2835 3142 2908 ἐσχηκὼς
3208 2835 3732 2910 καταψηφιζόμενον,
3803 2838 3891 2904 ἐξ-

2266 2930 2414 2980 έπεσε
2460 2935 2555 2988 τῆς
2606 2929 2907 3000 ἱερωσύνης.
2962 2925 3094 2978 Ἀλλ’
3153 2927 3201 2979 οἱ
3246 2930 3366 3000 περὶ
3403 2928 3490 2978 τὸν
3546 2932 3735 3002 Νόμου
3797 2934 3892 2983 καὶ

2264 3019 2352 3069 τὸν
2433 3019 2762 3090 Χρυσάφιον,
2822 3015 3260 3088 ἀποχρησάμενοι
3324 3024 3386 3089 τῇ
3457 3023 3548 3070 τοῦ
3617 3018 3892 3091 βασιλέως

489 3103 712 3159 simum
746 3103 1112 3198 _Flavianur_n
1172 3119 1309 3159 cum
1365 3104 1633 3177 Eutyche
1669 3104 2153 3178 deposito,judi-

2263 3110 2570 3180 κουφότητι,
2611 3106 2852 3159 κελεῦσαι
2897 3108 3298 3180 παρεσκεύασαν
3337 3105 3492 3158 αὐτὸν
3570 3105 3621 3160 ἐν
3679 3108 3892 3183 Ἐφέσῳ

488 3197 664 3248 cante
696 3190 980 3248 Dioscoro
1015 3190 1389 3248 Alexandriae
1420 3208 1560 3249 cum
1606 3193 1872 3266 Eutyche
1906 3211 2155 3254 consen-

487 3280 686 3348 tiente,
718 3284 1014 3354 praesente
1052 3283 1110 3336 et
1160 3283 1448 3337 Barsumo
1490 3281 1848 3355 presbytero
1877 3287 1935 3341 et
1963 3285 2154 3342 archi-

488 3369 797 3427 mandrita
830 3369 1152 3442 cujusdam
1182 3369 1241 3426 in
1276 3370 1512 3428 Oriente
1555 3373 1924 3441 monasterii,
1947 3375 2052 3447 qui
2090 3379 2156 3433 ut

486 3459 858 3517 orthodoxus
915 3459 1255 3517 habebatur
1293 3459 1531 3534 vitaque
1589 3462 2152 3536 irreprehensibilis,

488 3565 628 3606 cum
655 3554 859 3606 tamen
891 3548 1045 3606 alius
1071 3553 1227 3606 esset
1256 3549 1550 3621 Eutyches
1595 3551 1802 3624 quoad
1826 3552 2102 3612 haeresim
2135 3571 2149 3623 ;

483 3654 754 3713 praeesse
779 3643 980 3695 autem
1005 3638 1242 3711 synodo
1266 3639 1618 3697 Dioscorum
1647 3640 2152 3712 Alexandriamu-

482 3728 759 3786 venalem
785 3727 1232 3801 Hierosolymae,
1265 3728 1643 3787 Thalassium
1671 3733 1939 3806 Caesarea,
1966 3737 2149 3792 Euse-

479 3818 653 3875 bium
709 3822 961 3892 Ancyraa
1013 3818 1076 3874 in
1134 3817 1382 3889 Galatia,
1436 3819 1724 3878 Basilium
1775 3822 2055 3882 Seleuciae
2087 3826 2147 3884 in

483 3908 734 3971 Isauria,
769 3907 1146 3965 Eustathium
1176 3908 1370 3981 Beryti
1399 3927 1411 3965 :
1464 3926 1835 3984 omnemque
1887 3917 2148 3972 auctori-

479 4001 665 4056 tatem
687 4001 744 4054 et
763 3997 1244 4054 dominationem
1266 3998 1619 4056 Dioscorum
1653 4000 1906 4071 habere;
1931 4006 2145 4062 adesse

480 4089 538 4142 et
576 4085 929 4142 Flavianum
979 4087 1547 4160 Constantinopolis,
1581 4093 1636 4145 et
1661 4091 1986 4150 Eusebium
2038 4097 2144 4152 Do-

477 4174 682 4247 ryleae,
713 4174 866 4230 nihil
909 4189 1012 4230 eos
1061 4190 1240 4246 agere
1287 4180 1491 4232 tamen
1523 4183 1628 4234 aut
1675 4177 1892 4248 dicere,
1927 4185 1992 4238 ut
2017 4199 2143 4240 non

475 4264 772 4322 habentes
807 4261 1218 4336 judicantium
1264 4265 1540 4324 ordinem
1582 4267 1688 4324 sed
1726 4269 1984 4329 aliorum
2015 4289 2145 4330 exs-

443 4358 783 4429 ’pectantes
823 4354 1131 4425 suffragia.
1174 4355 1487 4429 quoniam,
1529 4358 1745 4431 inquit,
1787 4376 1858 4417 ea
1895 4378 2031 4435 qute
2061 4364 2141 4421 ab

475 4446 548 4502 iis
577 4444 786 4502 decisa
815 4448 974 4513 sunt,
1007 4460 1170 4502 nunc
1193 4444 1564 4516 judicantur.

2262 3198 2500 3270 γενέσθαι
2550 3193 2790 3260 σύνοδον,
2839 3200 2929 3248 καὶ
2959 3197 3205 3269 κριθῆναι
3255 3198 3342 3246 τὸν
3396 3194 3696 3267 ἁγιώτατον
3757 3197 3893 3252 Φλα-

2264 3284 2437 3338 ϐιανόν
2484 3286 2592 3358 μετ’
2651 3285 2926 3357 Εύτυχοῦς
2980 3292 3071 3337 τοῦ
3119 3286 3506 3360 καθῃρημένου,
3561 3281 3896 3352 δικάζοντος

2264 3379 2550 3450 Διοσκόρου
2598 3381 2689 3427 τοῦ
2736 3369 3128 3450 Ἀλεξανδρείας
3194 3370 3453 3447 ὀμοδόξου
3500 3382 3574 3445 τῷ
3619 3377 3892 3451 Εὐτυχεῑ,

2231 3470 2514 3540 ’παρόντος
2571 3461 2630 3518 δὲ
2680 3469 2770 3516 καὶ
2814 3469 3099 3538 Βαρσουμᾶ
3152 3462 3506 3537 πρεσϐυτέρου
3563 3470 3662 3519 καὶ
3714 3467 3897 3542 ἀρχι-

2260 3551 2553 3629 μανδρίτου
2602 3558 2743 3616 τινὸς
2804 3561 2904 3605 τῶν
2963 3554 3100 3605 κατὰ
3152 3557 3241 3612 τὴν
3309 3553 3413 3606 Ἐω
3484 3565 3894 3632 μοναστηρίου,

2261 3640 2546 3718 ὄρθοδόξου
2603 3645 2693 3717 μὲν
2761 3644 3138 3716 ὑπονοουμένου
3212 3647 3303 3694 καὶ
3365 3641 3728 3700 ἀνεπιλήπτου
3804 3652 3899 3702 τὸν

2260 3734 2401 3809 βίον,
2451 3733 2607 3787 ἄλλου
2663 3729 2723 3787 δὲ
2759 3737 2853 3792 τὴν
2912 3733 3112 3806 αἰρεσιν
3179 3731 3451 3803 Εύτυχοῦς
3506 3732 3895 3806 ὑπάρχοντος·

2257 3821 2662 3902 προεδρεύοντας
2693 3825 2784 3897 μὲν
2813 3821 2943 3876 εἶναι
2994 3831 3088 3885 τῆς
3152 3817 3376 3874 συνόδου
3445 3823 3750 3898 Διόσκορον
3803 3849 3898 3882 τον

2257 3909 2667 3991 Ἀλεξανδρειας,
2727 3911 3062 3966 Ἰουϐενάλιον
3137 3913 3224 3962 τόν
3302 3907 3711 3983 Ἰεροσολύμων,
3781 3925 3900 3970 θα-

2254 4004 2473 4058 λάσσιον
2515 4006 2603 4056 τὸν
2659 4005 2994 4075 Καισαρείας,
3041 3999 3291 4054 Εὐσέϐιον
3346 4002 3432 4052 τόν
3468 3998 3747 4078 ’Λγκύρας
3794 4015 3900 4071 τῆς

2255 4094 2530 4164 Γαλατίας,
2585 4091 2850 4145 Βασίλειον
2906 4094 2992 4143 τὸν
3051 4089 3347 4150 Σελευκείας
3395 4096 3491 4149 τῆς
3576 4088 3897 4169 Ἰσαυρίας,

2253 4184 2543 4238 Εὐστάθιον
2603 4184 2692 4234 τόν
2742 4186 3019 4253 Βηρυτοῦ·
3089 4183 3184 4236 τὴν
3243 4175 3303 4230 δὲ
3357 4183 3532 4230 πᾶσαν
3595 4181 3898 4239 αὖθι-ντίαν

2252 4278 2343 4327 καὶ
2395 4275 2686 4346 κυριότητα
2728 4273 2815 4322 τὸν
2854 4273 3134 4342 Διόσκορον
3175 4269 3336 4340 ἔχειν⁸
3390 4273 3644 4340 παρεῖναι
3696 4270 3764 4328 δὲ
3801 4282 3901 4331 καὶ

2252 4361 2536 4417 Φλαϐίανὸν
2619 4362 2706 4413 τὸν
2783 4357 3394 4422 Κωνσταντινουπόλεως,
3449 4361 3538 4410 καὶ
3620 4362 3900 4420 Εύσέϐιον

2170 4456 2216 4510 D
2249 4457 2337 4508 τὸν
2392 4450 2695 4526 Δορυλαίου,
2753 4449 3053 4522 ἡσυχάζειν
3109 4453 3285 4522 μέντοι
3331 4452 3420 4499 καὶ
3461 4445 3636 4519 λέγειν
3686 4452 3898 4527 μηδὲν,

473 4536 538 4595 ὡς
589 4538 661 4607 μὴ
718 4530 984 4587 δικαστῶν
1038 4533 1322 4607 ἐπέχοντας
1366 4535 1536 4605 τάξιν,
1581 4534 1708 4590 ἀλλὰ
1751 4527 1864 4597 τὴῶ
1887 4549 1988 4594 τῶν
2046 4545 2210 4599 οἶλλῶν
2257 4541 2639 4617 ἐκδεχομένους
2694 4539 2890 4614 ψῆφον,
2940 4533 3120 4597 ἐπειδὴ
3189 4539 3255 4590 τὰ
3307 4535 3427 4611 παρ’
3481 4536 3669 4592 αὐτῶν
3727 4564 3901 4617 φησι,

471 4626 750 4700 κεκριμένα
775 4631 863 4676 νῦν
895 4619 1263 4696 δοκιμάζεται.

545 4717 597 4770 3.
645 4711 892 4786 Synodo
913 4713 1096 4784 igitur
1119 4717 1507 4785 congregata,
1551 4716 1857 4786 ingressus
1884 4724 1976 4779 est
2013 4723 2137 4781 Fla-

470 4801 689 4860 vianus
751 4806 1045 4876 tanquam
1105 4818 1265 4876 reus,
1299 4809 1358 4860 et
1405 4805 1557 4862 sedit
1597 4806 1886 4879 quintus;
1931 4811 2140 4870 vicarii

472 4897 679 4950 autem
718 4893 952 4949 Leoniis
1019 4893 1388 4950 sanctissimi
1434 4897 1639 4952 Romae
1710 4897 1910 4972 Papae,
1944 4902 2138 4960 Julius

471 4982 798 5056 episcopus
839 4986 896 5040 et
949 4981 1206 5039 Hilarius
1259 4983 1574 5053 diaconus,
1629 4987 1947 5060 epistolam
2003 4993 2134 5066 ejus

470 5071 883 5143 dogmaticam
914 5071 994 5128 ad
1014 5072 1322 5144 synodum
1343 5073 1635 5131 directam
1657 5077 2048 5151 proferentes,
2073 5087 2140 5141 ut

471 5175 542 5218 ea
556 5160 853 5231 legeretur
873 5160 1115 5233 petiere;
1137 5161 1457 5218 Dioscorus
1478 5162 1539 5220 id
1563 5164 1755 5224 noluit
1782 5171 2132 5229 concedere.

470 5249 732 5323 Eutyche
762 5265 944 5322 porro
971 5251 1335 5322 introducto,
1362 5268 1504 5309 eum
1535 5253 1854 5314 Dioscorus
1883 5259 2135 5320 interro-

469 5340 633 5411 gavit
675 5355 826 5396 num
872 5339 1109 5411 synodo
1139 5340 1394 5397 Nicaenze
1434 5347 1492 5399 et
1527 5345 1767 5416 synodo
1817 5349 2131 5422 Ephesinm

467 5429 842 5498 adhaereret;
875 5429 978 5502 qui
1011 5429 1115 5486 ubi
1160 5431 1476 5503 respondit
1513 5449 1578 5489 se
1623 5435 1951 5508 adhaerere,
1981 5441 2132 5498 nihil

469 5517 733 5593 amplius
763 5517 883 5589 egit
905 5518 982 5575 de
1014 5517 1249 5588 haeresi,
1279 5520 1381 5576 sed
1412 5521 1496 5579 ita
1524 5521 1761 5581 locutus
1811 5533 1936 5586 est:
1971 5532 2130 5597 Quo-

465 5609 635 5671 niam
653 5607 952 5682 Eutyches
975 5608 1119 5667 dicit
1139 5624 1202 5669 se
1222 5609 1473 5669 Nicaente
1491 5614 1547 5670 et
1559 5612 1870 5687 Ephesium
1887 5621 2129 5691 synodo

2315 4723 2382 4797 γ’,
2449 4728 2552 4783 Τῆς
2638 4716 2865 4774 συνόδου
2941 4720 3113 4770 τοίνυν
3176 4713 3582 4790 ἀθροισθείσης,
3671 4721 3905 4783 εἰσῆλθε

2247 4812 2533 4874 Φλαϐιανός
2595 4813 2664 4874 ὡς
2721 4811 3059 4884 κατάκριτος,
3122 4810 3213 4859 καὶ
3285 4804 3544 4863 ἐκαθέσθη
3613 4814 3900 4884 πέμπτος,

2247 4905 2314 4957 Οἱ
2362 4900 2421 4956 δὲ
2450 4904 2807 4977 τοποτηρηταὶ
2852 4902 3067 4958 Λέοντος
3096 4902 3189 4948 τοῦ
3233 4895 3530 4967 ἀγιωτάτου
3567 4901 3744 4954 πάντα
3774 4911 3903 4957 Ρὼ-

2245 5011 2371 5066 μης,
2419 4991 2635 5054 Ἰούλιος
2694 4989 2980 5051 ἐπίσκοπος
3021 4990 3113 5039 καὶ
3159 4983 3376 5059 Ἱλάριος
3427 4980 3712 5063 διάκονος,
3779 4991 3905 5048 ἐπι-

2248 5081 2433 5141 στολὴν
2507 5080 2668 5135 αὐτοῦ
2723 5076 3056 5152 δογματικὴν
3130 5082 3193 5148 τῇ
3253 5069 3459 5146 συνόδῳ
3531 5084 3904 5153 πεμφθεῖσαν

2243 5177 2605 5249 προφέροντες,
2653 5170 2836 5234 ἠξίουν
2896 5167 3298 5239 ἀναγνωσθῆναι
3339 5166 3541 5221 ταύτην
3574 5182 3590 5197 θ
3662 5170 3788 5224 ἀλλ’
3850 5177 3907 5230 οξ

2243 5270 2362 5338 περὶ
2409 5267 2690 5335 Διόσκορον
2740 5258 2800 5313 ού
2855 5260 3258 5331 συνεχώρησαν.
3301 5252 3589 5325 Εύτυχοῦς
3631 5255 3698 5312 ,δ’
3750 5263 3911 5318 εἱσα-

2241 5355 2482 5426 χθέντος,
2533 5350 2560 5404 ὅ
2623 5353 2906 5423 Διόσκορος
2970 5349 3125 5419 ἤρετο
3190 5350 3374 5396 τοῦτον
3442 5342 3485 5395 εἰ
3561 5354 3906 5408 συντίθεται

2238 5450 2303 5516 τῇ
2351 5442 2402 5495 ἓν
2429 5445 2628 5512 Νικαίᾳ
2669 5434 2876 5509 συνόδῳ
2914 5439 3005 5487 καὶ
3038 5441 3101 5506 τῇ
3154 5432 3201 5486 ἐν
3257 5433 3453 5506 Ἐφέσῳ
3505 5436 3611 5486 σὺν
3667 5445 3895 5517 ταύτῃ.

2238 5539 2342 5587 Τοῦ
2405 5528 2466 5586 δε
2522 5530 2753 5591 εἰπόντος
2829 5526 3189 5592 συντίθεσθαι,
3255 5527 3374 5596 περὶ
3439 5528 3539 5584 τῆς
3619 5530 3905 5602 αἱρέσεως

2239 5617 2390 5678 οὐδὲν
2466 5619 2967 5697 ἐπολυπραγμόνησε
3061 5613 3233 5682 πλέον,
3342 5609 3469 5665 ἀλλὰ
3577 5610 3617 5668 δ
3626 5617 3904 5684 “hinc:
