4136 6388
511 263 578 336 4ἓ

1855 247 2124 340 uicem:
2163 243 2538 338 cunmm;

3815 258 3887 340 (ιέ

510 383 813 440 thodoxus
833 378 1072 449 agnitus
1094 378 1206 443 est;
1234 389 1494 446 cumque
1516 373 1594 430 ab
1611 390 1681 430 eo
1702 373 1927 429 litteras
1947 369 2025 426 ad
2050 370 2160 424 im-

2275 369 2616 442 Θεοδώρητος
2669 377 2694 427 ό
2752 380 2959 449 Κύρου·
3022 375 3172 438 οὗτος
3227 378 3349 450 γάρ,
3411 379 3481 440 ὡς
3536 385 3885 453 Νεστοριανὸς

507 477 849 545 peratorem
899 464 1306 522 Theodosium
1369 463 1688 524 retulisset,
1751 461 2169 545 episcopatum

508 544 768 631 recepit;
814 556 1022 628 jussus
1060 558 1147 608 est
1179 557 1382 607 autem
1429 550 1569 606 huic
1602 549 1710 605 soli
1762 564 2000 603 vacare.
2045 544 2168 601 Sub

509 647 806 705 Marciono
847 659 991 698 vero
1040 657 1248 715 preces
1299 639 1516 694 obtulit
1558 655 1660 694 eos
1705 653 2003 694 accusans
2063 633 2168 706 qui

509 753 634 795 non
660 737 820 792 recte
848 747 989 788 eum
1028 735 1094 786 ut
1135 728 1569 785 lieteredoxum
1601 725 2164 783 excommunicave-

508 832 665 884 rant.

2276 457 2604 534 λογιζόμενος
2673 461 2766 517 διὰ
2830 469 2886 517 τό
2944 466 3149 538 γράψαι
3202 468 3339 518 κατὰ
3404 475 3502 518 τῶν
3573 472 3666 520 τοῦ
3733 469 3884 540 ἁγίου

2281 549 2533 621 Κυρίλλου
2585 552 2657 625 ιβ’
2713 555 3017 626 κεφαλαίων,
3069 557 3332 628 καθῃρέθη
3379 559 3524 630 παρὰ
3577 564 3883 632 Διοσκόρου·

2277 639 2573 711 προσελθὼν
2624 639 2683 694 δὲ
2737 649 2917 696 Λέοντι
2949 653 3019 715 τῷ
3050 647 3200 716 πάπᾳ
3222 644 3444 716 Ῥώμης,
3487 651 3576 699 καὶ
3607 652 3700 704 τὴν
3743 645 3885 699 ἰδίαν

2278 724 2595 799 ἀπαγγείλας
2642 737 2845 801 πίστιν,
2894 732 3192 804 ἐπεγνώσθη
3243 731 3543 806 ὀρθόδοξος·
3591 741 3680 787 καὶ
3709 739 3886 809 γράμ-

2278 834 2422 885 ματα
2450 822 2796 892 κομισάμενος
2827 820 3019 873 ἐκείνου
3053 826 3182 895 πρὸς
3207 826 3290 873 τόν
3320 823 3543 874 Βασιλέα
3569 821 3880 894 Θεοδόσιον,

509 915 734 992 βασιλέα
780 908 1087 980 Θεοδόσιον,
1141 907 1362 962 ἀπέλαϐε
1401 912 1494 966 τὴν
1539 906 1834 964 ἐτισκοπήν·
1899 903 2162 956 ἐκελεύσοε
2207 897 2265 953 δὲ
2320 906 2449 978 μόνη
2516 912 2681 982 ταύτῃ
2731 910 3034 982 σχολάζειν.
3095 910 3178 963 ἐπὶ
3229 907 3287 963 δὲ
3331 919 3635 984 Μαρκιανοϋ
3677 910 3885 975 δεήσεις

510 1001 800 1058 ἐπιδέδωκε
827 1007 1132 1074 κατηγορῶν
1164 1008 1262 1050 τῶν
1286 999 1380 1050 οὐκ
1410 997 1630 1067 εὐλόγως
1665 995 1818 1047 αὑτὸν
1847 991 2286 1064 ἁποκηρυξαντων
2318 996 2382 1054 ὡς
2413 993 2732 1071 έτερόδοξον,

583 1100 637 1149 5.
670 1090 962 1148 Omnibus
1006 1089 1202 1158 igitur,
1249 1092 1314 1143 ut
1354 1087 1578 1142 dictum
1613 1089 1721 1155 est,
1765 1081 2160 1152 congregatis,

509 1180 768 1240 Romani
815 1195 988 1252 papae
1038 1176 1262 1246 vicarii,
1300 1175 1761 1248 praeloquentes,
1802 1174 2168 1227 censuerunt

511 1269 749 1346 synodo
799 1283 923 1323 non
972 1265 1281 1320 considere
1325 1263 1545 1319 debere
1597 1263 1968 1318 Dioscorum.
2017 1261 2166 1315 Cum

509 1367 712 1419 autem
743 1357 1004 1430 praefecti
1033 1355 1322 1410 dixissent
1346 1369 1467 1409 non
1495 1357 1768 1424 oportere
1792 1351 1982 1414 illum,
2005 1354 2168 1402 ante—

509 1465 696 1524 quam
723 1445 1248 1510 condemnaretur,
1271 1459 1308 1498 a
1331 1443 1595 1498 sessione
1617 1439 1852 1512 expelli,
1875 1437 2168 1493 Eusebius

509 1537 774 1609 Doryleae
801 1534 971 1590 illum
998 1538 1389 1588 accusaturus
1411 1531 1696 1600 assurgit;
1718 1535 1898 1600 atque
1920 1528 2001 1581 ita
2021 1542 2168 1597 pra:-

506 1622 1058 1698 fectisjubentibus,
1072 1621 1131 1676 in
1145 1620 1346 1676 medio
1360 1620 1713 1674 constitutus
1727 1623 1814 1672 est
1830 1617 2163 1670 Dioscorus.

511 1719 578 1774 Et
622 1714 930 1783 ﬂagitante
981 1709 1238 1765 Eusebio
1285 1715 1352 1764 ut
1400 1725 1510 1763 sua
1556 1711 1766 1763 contra
1816 1704 2167 1760 Dioscorum

2347 1082 2405 1140 ε’.
2459 1089 2668 1138 Πάντων
2715 1084 2824 1153 οὖν,
2876 1090 2942 1149 ὡς
2994 1090 3219 1162 εἴρηται,
3280 1092 3778 1165 συναθροισθέντων,
3837 1095 3888 1145 οἱ

2275 1181 2633 1249 τοποτηρηταὶ
2669 1176 2889 1250 Ῥώμης,
2937 1179 3361 1253 προλογίσαντες,
3410 1180 3588 1242 ἠξίουν
3634 1185 3706 1254 μὴ
3742 1201 3889 1234 συνε-

2279 1258 2502 1336 δριάσαι
2565 1273 2627 1337 τῇ
2693 1263 2898 1339 συνόδῳ
2962 1275 3260 1342 Διόσκορον.
3319 1275 3429 1321 Τῶν
3493 1266 3552 1321 δε
3613 1268 3889 1343 ἀρχόντων

2278 1351 2521 1404 εἰπόντων
2567 1356 2632 1413 ὡς
2663 1354 2722 1406 οὐ
2773 1351 2856 1407 δεῖ
2897 1355 3050 1407 αὐτόν
3090 1359 3189 1431 πρὸ
3238 1353 3536 1418 καταδίκης
3581 1357 3892 1420 ἐξωθεῖσθαι

2278 1447 2370 1490 τοῦ
2430 1439 2730 1516 συνεδρίου,
2786 1444 3027 1505 Εὐσέϐιος
3080 1447 3104 1496 ό
3164 1446 3447 1518 Δορυλαίου
3507 1453 3891 1522 κατηγορήσων

2280 1529 2440 1582 αὑτοῦ
2501 1530 2711 1589 ἀνέστη·
2779 1538 2869 1584 καὶ
2927 1535 3062 1586 οὕτω
3126 1534 3474 1587 κελευσάντων
3529 1545 3628 1586 τῶν
3693 1535 3891 1611 ἀρχόν-

2282 1637 2398 1687 των,
2452 1618 2707 1678 ἐκαθέσθη
2755 1630 3031 1698 Διόσκορος
3085 1623 3133 1674 ἐν
3188 1633 3258 1695 τῷ
3309 1630 3472 1696 μέσῳ.
3507 1631 3596 1677 καὶ
3643 1633 3734 1677 τοῦ
3789 1626 3891 1679 Εὖ-

2282 1706 2456 1759 σεϐίου
2533 1709 2843 1772 αἰτήσαντος
2911 1710 3310 1785 ἀναγνωσθῇναι
3383 1719 3477 1771 τὴν
3538 1715 3662 1786 παρ’
3725 1715 3892 1767 αὐτοῦ

507 1807 712 1882 petitio
736 1801 857 1872 regi
880 1800 1096 1857 tradita
1116 1799 1430 1870 legeretur,
1451 1797 2094 1870 praefecticensuerunt
2109 1794 2164 1849 il-

2280 1792 2525 1849 δοθεῖσαν
2571 1808 2644 1870 τῷ
2684 1799 2898 1872 βασιλεῖ
2949 1806 3084 1854 κατά
3115 1808 3399 1878 Διοσκόρου
3445 1799 3651 1871 δέησιν,
3693 1806 3741 1856 οἱ
3793 1806 3894 1877 οῖρ-

507 1897 637 1954 lum
676 1894 738 1948 in
776 1889 978 1946 medio
1014 1887 1426 1954 statuendum,
1460 1885 1930 1959 petitionemque
1967 1883 2169 1952 legen-

508 1985 691 2050 dam;
723 1996 860 2054 quae
883 1977 1224 2050 exponebat
1252 1975 1559 2049 quomodo
1599 1990 1722 2030 non
1753 1973 2042 2029 canonice
2069 1974 2168 2026 de-

507 2071 813 2148 posuisset
843 2067 1193 2124 Flavianum
1238 2065 1559 2120 Dioscorus
1597 2069 1655 2118 et
1683 2068 1933 2119 caeteros
1963 2061 2168 2116 ortho-

509 2161 722 2224 doxos,
748 2158 1130 2212 innocentem
1150 2159 1352 2209 autem
1375 2151 1802 2208 declaravisset
1824 2148 2170 2205 haereticum

511 2247 862 2320 Eutychem.
879 2242 1102 2299 Deinde
1119 2242 1380 2298 recitata:
1392 2246 1532 2297 sunt
1550 2256 1689 2313 quae
1711 2239 1790 2294 ab
1807 2239 2168 2311 imperatore

509 2333 844 2395 Theodosio
871 2332 950 2388 ad
996 2331 1353 2387 Dioscorum
1395 2330 1595 2412 missae
1639 2329 1895 2396 fuerant,
1939 2327 2164 2382 litterae.

510 2430 579 2484 Et
607 2440 748 2482 cum
779 2419 1149 2477 mentionem
1186 2419 1470 2489 facerent,
1511 2419 1586 2474 de
1627 2416 2020 2484 Theodoreto,
2054 2421 2170 2470 sta-

510 2517 747 2572 tuentes
776 2509 891 2583 ipsi
911 2524 1034 2566 non
1066 2507 1146 2564 ad
1178 2510 1513 2563 secundam
1542 2505 1758 2579 Ephesi
1781 2505 2050 2561 habitam
2074 2519 2169 2575 sy-

513 2603 745 2660 nodum
772 2596 1041 2654 eundum
1061 2596 1345 2661 esse,nisi
1365 2595 1650 2650 omnibus
1671 2592 2170 2650 convenientibus

511 2691 809 2766 episcopis
843 2686 1118 2760 placeret,
1146 2685 1427 2741 dixerunt
1452 2684 1751 2757 praefecti:
1795 2682 2171 2754 Ingrediatur

513 2787 572 2838 et
593 2778 999 2837 Theodoretus
1019 2791 1412 2831 consessurus
1433 2791 1572 2831 cum
1595 2776 1851 2846 synodo,
1875 2772 2170 2844 quoniam

512 2868 769 2928 restituit
794 2865 875 2922 illi
897 2864 1319 2938 episcopatum
1349 2864 1763 2918 sanctissimus
1799 2864 1930 2917 Leo.

589 3053 643 3105 6.
675 3043 1174 3119 Repugnantibus
1219 3046 1420 3098 autem
1457 3043 1738 3098 Dioscoro
1785 3045 1842 3096 et
1888 3041 2018 3111 ejus
2048 3039 2172 3094 fau-

519 3137 773 3202 toribus,
803 3133 1091 3207 praesides
1123 3132 1275 3188 inter
1305 3147 1366 3186 se
1397 3132 1673 3188 collocuti
1715 3135 1853 3186 sunt
1895 3129 2175 3203 permise-
2202 3132 2240 3194 ο

517 3230 778 3298 runtquc
827 3228 892 3278 ut
938 3220 1352 3292 ingrederetur
1387 3225 1621 3276 tantum
1657 3226 1720 3276 ut
1767 3225 2084 3275 accusator
2122 3224 2178 3273 et

518 3318 878 3373 statueretur
905 3314 967 3368 in
996 3311 1219 3369 medio.
1263 3316 1592 3367 Accusatus
1616 3311 1795 3380 igitur
1818 3315 1910 3365 est
1938 3310 2177 3364 Diosco-

517 3422 621 3464 rus
650 3421 687 3460 a
714 3402 968 3460 Romani
1011 3417 1187 3475 papae
1219 3401 1480 3470 vicariis,
1511 3405 1568 3456 et
1607 3399 1862 3455 Eusebio
1910 3399 2175 3470 Dorylem

514 3495 826 3569 episcopo,
845 3490 1014 3564 quod
1041 3490 1407 3546 sanctissimi
1428 3505 1601 3562 papae
1631 3490 1838 3546 Leonis
1858 3488 2175 3560 epistolam

515 3599 642 3641 non
659 3581 925 3653 legisset,
939 3595 1078 3635 cum
1104 3578 1321 3651 septies
1342 3595 1476 3635 eam
1496 3595 1557 3634 se
1571 3580 1864 3636 lecturum
1881 3579 2173 3650 jurasset.

518 3675 584 3729 Et
613 3670 754 3727 inde
783 3669 1131 3736 damnatur,
1162 3672 1228 3723 ut
1256 3668 1379 3740 perj
1393 3684 1533 3724 urus
1558 3685 1572 3735 ;
1614 3672 1670 3724 et
1696 3667 1863 3742 quod
1895 3673 2172 3723 sanctum

517 3759 872 3818 Flavianum
899 3757 1099 3814 statim
1129 3761 1194 3814 ut
1222 3757 1581 3815 damnatum
1620 3758 1935 3826 retulisset,
1976 3771 2175 3828 neque

515 3855 582 3908 ut
609 3865 674 3906 se
715 3847 1064 3904 defenderet
1091 3847 1476 3919 permisisset,
1511 3847 1616 3904 sed
1647 3865 1769 3904 non
1799 3848 1960 3904 dicta
1989 3860 2176 3902 causa

513 3955 657 3997 eum
677 3937 1080 4011 deposuisset.
1109 3936 1426 3994 Dioscorus
1447 3953 1590 3993 vero
1609 3937 1686 3993 de
1706 3938 1801 3994 his
1824 3935 2174 4008 apologiam

506 4031 824 4101 praestans,
847 4025 1026 4082 dixit:
1056 4028 1185 4082 Non
1207 4026 1355 4082 mihi
1373 4025 1482 4083 soli
1497 4027 1792 4099 judicium
1813 4025 2049 4098 reliquit
2066 4027 2173 4081 im-

510 4119 772 4190 perator,
824 4114 932 4170 sed
969 4119 1028 4171 et
1065 4115 1332 4171 Juvenali
1362 4121 1421 4171 et
1464 4115 1772 4171 Thalassio
1822 4119 1880 4172 et
1920 4119 2170 4186 caeteris,

511 4209 854 4278 nostraeque
883 4203 1187 4259 sententiae
1212 4204 1495 4260 universa
1533 4205 1805 4278 synodus
1830 4207 2161 4264 consensit.

511 4291 842 4351 Orientales
871 4307 1014 4348 vero
1041 4293 1308 4366 episcopi
1331 4293 1748 4351 exclamavere
1775 4311 1788 4349 :
1813 4298 1998 4352 Nemo
2029 4312 2169 4352 con-

509 4382 716 4454 sensit,
747 4381 840 4437 vis
867 4381 1139 4437 adhibita
1159 4385 1268 4451 est,
1292 4380 1734 4454 depositionem
1760 4383 1934 4440 nobis
1957 4385 2167 4442 minati

2278 1905 2464 1956 χοντες
2506 1888 2828 1960 προσέταξαν
2871 1891 3038 1942 αὐτόν
3081 1894 3171 1963 μὲν
3212 1891 3259 1943 έν
3303 1900 3373 1962 τῷ
3419 1896 3562 1964 μέσῳ
3621 1895 3894 1964 καθεσθῇ-

2277 1995 2384 2043 ναι,
2427 1981 2518 2035 τὴν
2565 1974 2749 2034 δὲησιν
2800 1975 2858 2030 δὲ
2909 1979 3326 2052 ἀναγνωσθῇναιο
3378 1981 3441 2041 ἧς
3495 1978 3890 2053 διαλαμϐανού-

2281 2083 2378 2126 σης
2441 2067 2507 2126 ὧς
2561 2066 2622 2118 οὐ
2675 2077 2956 2130 κανονικῶς
3008 2071 3210 2123 καθεΰκε
3262 2075 3545 2142 Δίόσκορος
3601 2070 3890 2124 Φλαϐιανόν

2277 2160 2367 2206 καὶ
2415 2158 2534 2216 τούς
2572 2156 2780 2218 λοιποὺς
2823 2155 3158 2230 ὁρθοδόξους,
3209 2160 3426 2218 ὴθώωσε
3465 2156 3525 2212 δὲ
3567 2164 3654 2211 τὸν
3685 2161 3889 2234 αἱρετι-

2277 2247 2367 2295 κὸν
2424 2245 2684 2317 Εὑτυχέα,
2745 2247 2962 2309 καθεξης
3014 2247 3312 2319 ἀνεγνώσθη
3359 2253 3448 2300 καὶ
3500 2253 3557 2300 τό
3596 2253 3736 2323 παρά
3788 2258 3886 2302 τοῦ

2279 2331 2538 2404 βασιλέως
2570 2332 2860 2388 Θεοδόσιον
2891 2339 3114 2409 πεμφθὲν
3145 2340 3276 2411 πρὸς
3306 2343 3584 2411 Διόσκορον
3621 2341 3872 2413 γράμμα·

2278 2427 2367 2474 καὶ
2406 2422 2514 2475 ἐπεὶ
2544 2428 2669 2498 πρὸς
2717 2433 2823 2485 τοῖς
2853 2425 3023 2486 ἄλλοις
3067 2425 3321 2499 ἐμέμνητο
3365 2432 3451 2478 καὶ
3509 2424 3884 2503 Θεοδωρὴτου,

2280 2507 2632 2582 διαλαμϐάνον
2663 2517 2734 2584 μὴ
2781 2512 2942 2565 ἐλθεῖν
2983 2513 3137 2566 αὑτὸν
3167 2514 3240 2574 εἰς
3267 2519 3358 2572 τὴν
3401 2513 3448 2566 ἐν
3480 2516 3675 2588 Ἐφέσω
3707 2512 3887 2568 δευτέ-

2277 2618 2372 2672 ραν
2404 2598 2644 2670 σύνοδον,
2694 2600 2778 2653 ἐὰν
2807 2606 2878 2674 μὴ
2933 2609 3067 2654 πᾶσι
3099 2599 3226 2676 δοξη
3274 2611 3384 2665 τοῖς
3423 2605 3778 2670 συνελθοῦσιν,
3833 2608 3892 2658 οἱ

2279 2693 2534 2762 ἄρχοντες
2562 2687 2725 2759 εἷπον,
2757 2691 2950 2743 Εἰσίτω
2977 2697 3065 2744 καὶ
3089 2690 3430 2767 Θεοδώρητος
3461 2700 3788 2752 κοινωνήσων
3818 2703 3888 2767 τῇ

2283 2775 2509 2849 συνόδῳ,
2562 2777 2669 2830 ἐπεὶ
2709 2783 2792 2830 καὶ
2836 2777 3258 2837 ἀποκατεστησεν
3289 2782 3428 2832 αὑτῶ
3460 2786 3548 2840 τὴν
3594 2781 3896 2840 ἐπισκοπὴν

2281 2869 2306 2918 ό
2338 2866 2627 2937 ἁγιωτατος
2668 2872 2829 2920 Λέων·
2881 2874 2969 2920 καὶ
3008 2871 3034 2920 ό
3087 2872 3340 2932 θειότατος
3373 2869 3624 2943 βασιλεὺς
3648 2879 3900 2945 παρεῖναι

2280 2965 2460 3007 τοῦτον
2491 2955 2771 3014 ἓκεἾευσεν.

2362 3044 2424 3106 ς’.
2460 3047 2827 3119 Ἐνισταμένου
2883 3044 2942 3100 δὲ
2991 3053 3274 3121 Διοσκόρου
3320 3054 3410 3102 καὶ
3447 3058 3546 3101 τῶν
3589 3053 3682 3102 σὺν
3723 3049 3892 3121 αὐτῷ,

2287 3135 2335 3186 οἰ
2366 3135 2620 3207 ἄρχοντες
2660 3132 2972 3194 διελάλησαν
3014 3137 3256 3190 εἰσελθεῖν
3286 3142 3409 3198 τέως
3451 3138 3605 3190 αὐτὸν
3648 3137 3695 3190 ἐν
3742 3139 3896 3201 τάξει

2287 3229 2603 3298 κατηγόρου,
2639 3230 2729 3276 καὶ
2773 3227 3094 3284 καθεσθῆναι
3134 3227 3292 3290 εἰςτό
3323 3232 3499 3299 μέσον.
3537 3234 3896 3299 Κατηγορεῖτο

2287 3318 2457 3364 τοίνυν
2485 3316 2508 3365 ὃ
2540 3319 2822 3386 Διόσκορος
2855 3318 2999 3387 παρά
3033 3335 3087 3367 τε
3113 3326 3210 3367 τῶν
3241 3325 3333 3368 τοῦ
3361 3316 3562 3389 Ῥώμης
3591 3336 3895 3390 τοποτηρη-

2285 3412 2402 3473 των³
2438 3409 2527 3455 καὶ
2551 3403 2799 3456 Εὐσεϐίου
2825 3413 2917 3457 τοῦ
2957 3404 3246 3458 ἐπίσκοπον
3291 3406 3594 3481 Δορυλαίου,
3640 3407 3740 3472 ὅτι,
3791 3412 3896 3466 τὴν

2284 3493 2563 3551 ἐπιστολήν
2606 3502 2699 3544 τοῦ
2746 3495 3037 3564 ἁγιωτάτου
3077 3497 3230 3547 ποίπα
3277 3499 3495 3557 Λέοντος
3537 3495 3745 3556 ἑπτάκις
3803 3495 3897 3549 ἐπί

2283 3584 2487 3634 πάντων
2537 3585 2738 3654 ὀμόσας
2763 3583 3154 3656 ἀναγινώσκειν,
3193 3584 3288 3636 οὐκ
3317 3583 3507 3655 ἀνέγνω
3528 3606 3541 3618 ·
3591 3590 3682 3636 καὶ
3710 3589 3898 3637 ἐντευ-

2285 3674 2366 3724 θεν
2397 3677 2619 3746 κρίνεται
2641 3675 2712 3734 ὡς
2741 3671 2996 3745 έπιορκος·
3028 3677 3118 3726 καὶ
3143 3677 3224 3726 ὅτι
3253 3679 3339 3726 τόν
3372 3673 3419 3724 ἐν
3447 3673 3613 3745 ἁγίοις
3653 3673 3894 3727 Φλαεία-

2282 3765 2388 3828 νόν,
2438 3765 2508 3822 ὡς
2549 3764 2863 3836 κατάκριτον
2904 3765 3056 3824 εὐθὺς
3098 3763 3371 3835 εἰσήγαγε,
3411 3769 3498 3815 καὶ
3537 3761 3656 3816 οὐδ’
3694 3763 3896 3818 ἀπολο-

2281 3855 2408 3920 γίας
2459 3851 2678 3913 ἠξίωσεν
2727 3852 2833 3904 ἀλλ’
2884 3851 3100 3927 ἀκρίτως
3146 3855 3280 3905 οὕτω
3319 3853 3549 3906 καθεῖλεν
3590 3852 3764 3909 αὐτόν.
3825 3854 3894 3908 ’0

2285 3936 2344 3991 δὲ
2383 3944 2665 4015 Δίόσκορος
2713 3941 3124 4014 ἀπολογούμενος
3163 3941 3246 3995 ἐπὶ
3284 3945 3489 4004 τούτοις
3531 3941 3714 4014 ἔλεγεν·
3772 3943 3897 3997 Οὐκ

2282 4029 2395 4102 ἐμοὶ
2425 4036 2564 4104 μόνῳ
2593 4037 2685 4091 τὴν
2730 4039 2904 4106 κρίσιν
2948 4037 2973 4085 ό
3015 4031 3261 4106 βασιλεὺς
3305 4033 3596 4108 ἐπέτρεψεν,
3637 4033 3765 4086 ἀλλὰ
3793 4041 3898 4089 καὶ

2281 4116 2602 4194 Ἰουϐεναλίῳ
2641 4126 2732 4175 καὶ
2784 4121 3074 4194 Θαλασσιῳ
3120 4127 3210 4174 καὶ
3255 4130 3366 4184 τοῖς
3408 4121 3631 4187 λοιποῖς,
3671 4128 3760 4175 καὶ
3799 4124 3898 4178 ἐπὶ

2279 4215 2384 4269 τοῖς
2413 4214 2735 4286 κεκριμένοις
2762 4217 2910 4263 πᾶσα
2942 4215 3217 4283 συνῄνεσεν
3246 4213 3276 4268 ἡ
3315 4207 3557 4272 συνοδος·
3592 4213 3640 4264 οἱ
3671 4208 3731 4264 δὲ
3761 4209 3895 4266 ἀνα-

2275 4297 2471 4352 τολικοὶ
2517 4299 2795 4353 ἕπισκοποι
2843 4299 3144 4364 ἐξϐόεησαν·
3199 4299 3276 4352 Οὐ
3328 4305 3410 4362 τὶς
3463 4309 3733 4373 συνῇνεσε,
3782 4299 3895 4374 βια

2275 4387 2486 4458 ἐγένετο,
2540 4387 2843 4464 καθαίρεσις
2889 4391 3014 4463 ἡμῖν
3061 4389 3340 4454 ἠπειλήθη,
3385 4397 3701 4464 στρατιῶται
3748 4395 3894 4463 μετὰ

506 4475 666 4533 sunt.
699 4469 878 4528 nobis
902 4469 1211 4526 instabant
1237 4487 1380 4527 cum
1424 4470 1656 4527 baculis
1685 4477 1742 4529 et
1771 4471 1986 4544 gladiis
2017 4477 2164 4534 mili-

2275 4477 2484 4550 βάκλων
2537 4483 2626 4530 καὶ
2685 4481 2842 4550 ξιφῶν
2889 4477 3182 4550 ἐφίσταντο,
3241 4483 3331 4528 καὶ
3368 4480 3498 4549 μετά
3542 4477 3752 4550 πληγῶν
3810 4484 3892 4543 εἰς

505 4563 613 4632 tes,
655 4563 710 4616 et
737 4558 958 4615 ictibus
1003 4557 1195 4630 pressi
1235 4559 1299 4615 in
1333 4558 1541 4615 charta
1588 4575 1712 4616 non
1754 4562 1979 4634 scripta
2025 4567 2165 4622 sub-

503 4649 881 4721 scripsimus.

570 4736 627 4794 7.
647 4738 796 4794 Cum
819 4735 1067 4794 Basilius
1090 4734 1370 4793 Seleucia:
1383 4736 1794 4796 vehementius
1809 4741 2160 4802 Dioscorum

496 4826 986 4900 reprehenderet,
1016 4833 1073 4883 et
1101 4831 1258 4883 recte
1285 4832 1496 4885 contra
1524 4831 1854 4902 Eutychein
1884 4834 2160 4906 opinare-

492 4923 608 4988 tur,
641 4915 812 4972 illum
851 4915 1377 4986 interrogaverunt
1404 4920 1728 4990 praesides:
1761 4937 1954 4994 quare
1991 4939 2155 4981 nunc

488 5009 648 5063 recte
677 5006 961 5078 opinans,
987 5005 1349 5077 depositioni
1391 5007 1654 5065 Flaviani
1697 5011 2154 5085 subscripsisti?

485 5092 587 5150 llle
616 5099 821 5150 autem
855 5094 980 5150 vim
1024 5110 1058 5150 a
1105 5095 1387 5153 Dioscoro
1426 5097 1762 5156 adhibitam
1807 5103 2145 5172 praetendit.

485 5185 635 5240 Cum
665 5187 869 5239 autem
885 5183 981 5239 hic
997 5182 1272 5241 dixisset:
1301 5188 1429 5242 Non
1451 5187 1772 5258 oportebat
1792 5195 1849 5246 te
1866 5189 2145 5248 homines

2271 4570 2504 4642 ἄγραφον
2547 4571 2756 4642 χάρτην
2797 4567 3195 4642 ὑπεγράψαμεν,

2346 4745 2404 4808 ς’.
2468 4745 2739 4798 Βασίλείου
2771 4742 2832 4799 δε
2881 4752 2974 4798 τοῦ
3013 4743 3308 4805 Σελευκείας
3339 4742 3687 4821 σφοδρότερον
3725 4744 3888 4818 ἐλέγ-

2265 4856 2452 4909 χοντος
2500 4841 2800 4910 Διόσκορον,
2847 4839 2937 4888 καὶ
2985 4835 3147 4908 ὀρθῶς
3189 4837 3322 4887 κατά
3358 4835 3629 4908 Εὑτυχοῡς
3673 4832 3888 4908 δόγμα-

2265 4928 2512 4997 τίζοντος,
2571 4929 2850 5002 ἠρώτησαν
2899 4924 3056 4978 αὐτὸν
3104 4927 3154 4976 οἱ
3199 4926 3469 4999 ἄρχοντες·
3514 4927 3610 4978 Διά
3658 4929 3728 4995 τί,
3783 4935 3887 4979 νῦν

2265 5018 2432 5094 ὀρθῶς
2507 5013 2763 5088 δοξάζων,
2842 5013 3148 5091 ὐπέγραψας
3219 5018 3337 5068 τότε
3411 5021 3475 5088 τῇ
3555 5017 3888 5090 καθαιρέσοίι

2260 5107 2599 5174 Φλαϐιανοῡ;
2670 5106 2729 5159 Ὀ
2786 5100 2847 5158 δὲ
2911 5108 3006 5163 τὴν
3074 5103 3130 5156 ἐκ
3205 5108 3493 5178 Διοσκόρου
3559 5104 3884 5175 προεϐάλετο

2259 5198 2403 5272 βίαν.
2462 5197 2686 5250 Ἑκείνου
2736 5191 2796 5248 δὲ
2839 5193 3091 5262 εἰπόντος,
3146 5193 3258 5264 Οὐκ
3306 5190 3414 5246 ἔδει
3463 5213 3522 5246 σε
3567 5194 3882 5269 ἀνθρώπους

477 5269 872 5328 reformidare
919 5272 1003 5329 ita
1044 5277 1110 5329 ut
1147 5274 1682 5346 reprehensionem
1711 5276 2048 5336 incurreres
2085 5285 2143 5337 et

475 5359 764 5430 caderes;
814 5361 1164 5434 respondit:
1219 5363 1276 5420 Si
1323 5369 1462 5420 ante
1502 5365 1791 5436 praesides
1817 5368 2132 5438 stetissem,

468 5453 837 5522 protestatus
865 5467 1062 5508 essem
1088 5468 1101 5518 ;
1134 5467 1171 5509 a
1196 5456 1251 5508 te
1281 5457 1485 5509 autem
1505 5453 1833 5524 judicatus,
1865 5461 1931 5512 ut
1958 5473 1994 5514 a
2023 5473 2133 5530 pa-

462 5544 551 5597 tre
562 5539 882 5614 justo,non
911 5556 1104 5598 ausus
1135 5558 1292 5609 sum,
1317 5543 1513 5598 Filius
1529 5544 1708 5607 enim,
1731 5542 1948 5617 inquit,
1968 5564 2008 5606 a
2021 5563 2130 5618 pa-

2253 5278 2570 5354 ὶντραπῆναι
2637 5276 2708 5339 εἰς
2780 5277 3112 5346 κατάγνωσιν
3174 5279 3264 5326 καὶ
3340 5275 3411 5337 εἰς
3477 5281 3678 5328 πτῶσίν
3743 5293 3876 5346 σου,

2252 5367 2574 5443 ἀπεκρίνετο·
2641 5365 2704 5418 Εἰ
2766 5369 2898 5440 πρὸς
2953 5365 3220 5436 ἄρχοντας
3297 5365 3464 5435 εἶχον,
3522 5366 3880 5439 ἐμαρτύρησα

2248 5460 2330 5514 ἄν.
2391 5459 2537 5533 παρὰ
2595 5463 2691 5509 σοῦ
2739 5452 2817 5519 δὲ,
2859 5472 3176 5530 κρινόμενος,
3227 5456 3287 5520 ὡ,
3334 5456 3478 5527 παρὰ
3525 5458 3724 5528 πατρὸς
3771 5449 3877 5505 δι-

2245 5553 2422 5617 καίου,
2473 5547 2567 5601 οὐκ
2597 5548 2867 5619 ἐχρώμην·
2912 5551 3044 5606 Παῖς
3083 5563 3209 5618 γαρ,
3257 5547 3408 5616 φησί,
3468 5547 3632 5616 πατρὶ
3678 5539 3878 5601 δικαια
