4136 6384
541 261 616 319 47

1862 254 2133 314 NICETE
2180 257 2192 306 t

2306 252 2598 313 tONIATE
3844 257 3914 316 48

545 389 760 442 cantur
787 381 1064 457 acephali
1090 396 1218 440 non
1245 383 1602 456 receperunt
1626 381 1930 439 enoticum
1951 378 2192 436 Zenonis

2316 378 2504 443 αὐτοὺς
2563 380 2828 442 σώζεσθαι
2874 379 2923 434 ἕν
2988 387 3206 457 Χριστῷ
3260 384 3354 441 τὴν
3405 380 3648 441 ἀληθειαν
3693 390 3785 446 τῆς
3822 382 3913 437 0’11:-

546 473 945 548 imperatoris,
1003 472 1150 546 quia
1194 471 1257 529 in
1308 471 1410 528 illo
1474 486 1599 528 non
1666 469 2207 528 anathematizatur

550 562 1052 621 Chalcedonensis
1100 561 1395 635 synodus.
1435 560 1720 635 Acephali
1764 564 1968 617 autem
2011 558 2203 615 vocati

547 657 707 719 sunt,
739 667 810 709 eo
840 650 1006 726 quod
1031 666 1156 707 non
1175 650 1471 708 haberent
1499 647 2019 724 episcopos.Unde
2041 644 2208 721 apud

548 742 714 814 ipsos
763 739 1183 797 deﬁcientibus
1228 739 1546 813 episcopis,
1590 754 1715 795 non
1752 737 1982 795 faciunt
2008 735 2205 808 bapti-

550 847 687 887 sma
710 830 888 902 juxta
929 828 1406 886 ecclesiasticum
1449 844 1769 896 canonem,
1820 826 1924 883 sed
1978 830 2203 882 sancta

550 920 904 993 Epiphania
934 918 1081 975 festo
1107 935 1300 992 aquas
1324 918 1632 988 hauriunt,
1658 933 1880 990 easque
1896 930 2204 973 reservan-

549 1015 637 1065 tes
668 1010 730 1065 in
757 1009 828 1064 iis
845 1008 1181 1080 baptizant;
1207 1007 1309 1064 sed
1341 1022 1539 1080 neque
1559 1005 1936 1063 collationem
1954 1003 2199 1061 faciunt:

549 1098 1045 1155 communionem
1081 1112 1225 1154 vero
1253 1097 1546 1154 habentes
1576 1112 1649 1153 ex
1678 1094 1946 1169 pristinis
1976 1098 2204 1167 tempo-

545 1188 716 1245 ribus
738 1186 1118 1252 custoditam,
1138 1202 1210 1243 ex
1240 1202 1314 1243 ea
1336 1202 1443 1259 per
1468 1185 1684 1241 festum
1711 1184 1953 1241 Pascha
1985 1183 2202 1240 tenuis-

547 1278 735 1336 simas
763 1281 961 1351 partes
991 1274 1488 1334 convenientibus
1525 1273 1868 1348 porrigunt.

2318 471 2576 544 θρωπίνης
2634 473 2853 543 φύσεως·
2915 472 2962 523 οὶ
3017 467 3078 524 δὲ
3141 470 3447 545 καλούμενοι
3506 472 3781 545 Ἀκέφαλοι
3821 474 3913 527 οῦκ

2316 555 2557 623 ἐδέξαντο
2622 564 2681 613 10
2747 559 2984 614 ἐνωτικὸν
3035 568 3125 614 τοῦ
3184 560 3445 635 βασιλέως
3499 568 3752 636 Ζήνωνος,
3822 560 3915 618 διὰ

2314 652 2374 702 τό
2412 654 2485 723 μὴ
2556 648 3035 725 ἀναθεματισθῆναι
3091 649 3141 704 ἓν
3189 651 3330 723 αὐτῷ
3368 657 3461 713 τήν
3506 651 3555 706 ἓν
3611 650 3912 713 Χαλκηδόνι

2319 735 2557 794 σύνοδον.
2609 739 2883 813 Ἀκέφαλοι
2940 735 3000 794 δὲ
3041 739 3339 800 ἐκλήθησαν
3395 740 3450 794 ἐκ
3505 741 3600 794 τοῦ
3659 746 3732 815 μὴ
3773 744 3911 816 ἔχειν

2314 825 2647 891 ἐπισκόπους·
2694 831 2825 904 ὅθεν,
2874 829 3205 883 ἐκλειπόντων
3234 839 3334 883 τῶν
3366 830 3487 905 παρ’
3524 831 3699 894 αὐτοῖς
3743 835 3911 908 ἱερέων

2313 914 2438 971 οὐδὲ
2504 917 2788 992 βάπτισμα
2850 928 3065 973 ποιοῦσι
3129 923 3266 973 κατὰ
3324 923 3411 974 τόν
3477 919 3911 980 ἐκκλησιαστικὸν

2312 1012 2521 1074 κανόνα,
2555 1006 2661 1061 ἀλλ’
2702 1007 2750 1060 ὲν
2799 1016 2861 1083 τῇ
2913 1009 3060 1083 ἐορτῇ
3088 1018 3188 1061 τῶν
3214 1010 3375 1082 ῦφίων
3406 1015 3701 1084 Θεοφανίων
3733 1011 3912 1088 ἀρύον-

2312 1117 2400 1150 ται
2461 1094 2654 1164 ὕδατα,
2709 1102 2797 1151 καὶ
2852 1106 3021 1152 ταῦτα
3075 1097 3432 1171 φυλάττοντες,
3468 1098 3824 1174 βαπτίζουσιν
3862 1100 3911 1154 ἐν

2312 1187 2509 1251 αὐτοῖς·
2553 1186 2665 1240 ἀλλ’
2720 1184 2844 1240 οὐδὲ
2885 1184 3254 1263 προσκομιδὴν
3294 1196 3557 1243 ποιοῦσινο
3615 1192 3823 1263 ἔχοντες
3853 1187 3912 1245 δί

2310 1282 2579 1331 κοινωνίαν
2636 1277 2692 1330 ἑκ
2749 1276 3068 1351 παλαιτέρων
3119 1280 3324 1353 χρόνων
3380 1278 3795 1353 πεφυλαγμένην,
3858 1279 3914 1345 ἐξ

2310 1367 2476 1428 αὐτῆς
2501 1369 2634 1420 κατὰ
2677 1372 2771 1425 τήν
2816 1366 2999 1440 ἑορτὴν
3028 1374 3121 1420 τοῦ
3153 1369 3355 1441 Πάσχα
3386 1370 3742 1443 σμικροτάτας
3766 1375 3911 1444 μερί-

2311 1453 2406 1519 δας
2435 1464 2543 1519 τοῖς
2568 1464 2810 1510 συνιοῦσι
2840 1453 3108 1511 διδόασιν.

616 1564 700 1619 10.
742 1557 855 1618 Alii
898 1558 1245 1630 Julianista,
1303 1562 1407 1617 aut
1466 1558 1710 1617 Cainita
1761 1558 2047 1616 dicuntur
2091 1556 2192 1631 qui

2382 1564 2438 1620 ι’.
2471 1562 2651 1618 Ἀλλοι
2707 1562 3100 1635 Ἰουλιανισταὶ,
3149 1568 3310 1637 ἤγουν
3371 1570 3642 1620 Γαῖανίται
3664 1610 3680 1638 ,
3744 1564 3915 1640 λέγον-

540 1650 776 1707 Domini
802 1649 1017 1707 Christi
1043 1664 1267 1722 corpus
1298 1652 1566 1706 creatum
1592 1647 1844 1721 quidem
1864 1646 2074 1704 dicunt
2097 1647 2192 1702 in-

2306 1672 2416 1724 ται,
2448 1654 2631 1717 οἵτινες
2660 1656 2720 1707 1'0
2771 1662 2924 1727 σῶμα
2973 1660 3067 1707 τοῦ
3123 1659 3387 1708 Δεσπότου
3426 1663 3661 1731 Χριστοῦ
3698 1655 3913 1729 λέγουσι

535 1738 898 1814 corruptible
937 1742 1140 1796 autem
1187 1754 1260 1796 ex
1308 1738 1444 1811 ipsa
1485 1737 1921 1811 incorruptibili
1961 1752 2192 1793 assum-

2306 1747 2517 1797 κτιστόν
2564 1747 2676 1817 μιν,
2734 1743 2995 1819 ἄφθαρτον
3069 1739 3130 1796 δι
3185 1742 3239 1807 ἐξ
3298 1743 3463 1808 αὐτῆς
3522 1754 3617 1809 τῆς
3680 1744 3910 1822 ἁφθόρου

536 1829 760 1903 ptione.
813 1828 923 1885 Alii
971 1834 1174 1885 autem
1223 1827 1433 1884 dicunt
1486 1843 1559 1884 ex
1615 1826 1719 1885 illa
1773 1826 2192 1899 assumptione

2306 1832 2629 1905 συλλήψεως
2682 1835 2846 1907 ἕτεροι
2896 1837 2946 1885 οί
3011 1831 3235 1905 λέγοντες
3294 1837 3354 1886 τὸ
3424 1842 3578 1908 σῶμα
3614 1842 3706 1888 τοῦ
3732 1843 3909 1909 Χρισ-

531 1934 656 1976 non
677 1917 865 1975 modo
910 1916 1359 1990 incorruptibile
1404 1932 1553 1985 esse,
1587 1916 1696 1973 sed
1725 1920 1781 1973 et
1816 1917 2191 1985 increatum;

2306 1930 2393 1976 ¹ιὀῦ
2442 1923 2502 1975 οὗ
2555 1926 2707 1995 μόνον
2759 1922 3019 1995 ἄφθαρτον
3068 1921 3120 1985 ἐξ
3166 1921 3332 1984 αὐτῆς
3390 1922 3710 1995 συλλήψεως.
3780 1922 3912 1976 ἀλλὰ

530 2007 770 2080 utrique
818 2006 1151 2064 Julianista
1225 2005 1513 2080 appellati
1590 2010 1733 2063 sunt
1803 2021 1878 2063 ex
1949 2004 2192 2062 Juliano

2306 2018 2392 2065 καὶ
2446 2014 2715 2065 ἄκτιστονο
2776 2013 3010 2085 ἔκάτεροι
3063 2006 3122 2064 δὲ
3183 2010 3555 2066 Ἰουλιανισταὶ
3611 2010 3909 2071 ἐκληοησαν

527 2099 801 2172 quodam
854 2097 1312 2155 Halicarnasseo
1358 2098 1542 2170 hujus
1580 2096 1870 2154 doctrina
1895 2101 2140 2154 auctore
2173 2113 2188 2165 ;

2306 2101 2404 2156 ἀπὸ
2480 2100 2764 2156 Ἰουλίανοῦ
2842 2120 2981 2162 τινος
3063 2100 3471 2176 Ἀλικαρνασέως
3560 2102 3909 2176 κατάρξαντος

528 2189 770 2246 Cainita
793 2204 831 2245 a
855 2187 1041 2245 Caino
1083 2202 1295 2244 eorum
1330 2201 1497 2260 papa
1526 2186 1900 2243 Alexandria
1926 2185 2107 2255 facto,
2134 2188 2192 2242 et

2306 2198 2391 2245 τοῦ
2428 2188 2697 2264 δόγματος
2725 2190 2917 2244 αὐτῶνθ
2967 2196 3238 2244 Γαῖανίται
3290 2187 3350 2244 δὲ
3392 2190 3495 2245 ἀπὸ
3545 2198 3767 2246 Γαῖανοῦ
3814 2200 3910 2246 τοῦ

523 2278 741 2334 Juliani
789 2292 1144 2334 successore
1189 2276 1444 2348 ejusque
1497 2275 1858 2347 dogmatum
1907 2274 2186 2344 fautore;

2306 2286 2573 2355 γενομένου
2632 2283 2800 2334 αὐτῶν
2856 2282 3008 2334 πάπα
3050 2279 3099 2333 ἓν
3148 2277 3534 2356 Ἀλεξανδρείᾳ,
3577 2287 3667 2335 καὶ
3715 2278 3909 2336 διαδε-

522 2382 679 2440 quos
736 2366 829 2423 sui
874 2364 1204 2424 adversarii
1243 2364 1702 2423 Phantasiastas
1748 2369 1808 2421 et
1831 2363 2189 2422 Manichaos

2306 2369 2519 2443 ξαμένου
2591 2369 2888 2437 Ἰουλιανόν,
2947 2374 3037 2422 καὶ
3078 2371 3147 2422 τὰ
3202 2365 3447 2444 δόγματα
3488 2370 3668 2424 αὐτόῦ·
3724 2370 3811 2433 οὓς
3861 2373 3911 2425 οἱ

520 2460 761 2513 vocant.
817 2456 884 2512 Hi
932 2470 1074 2513 vero
1131 2454 1512 2512 adversarios
1558 2471 1705 2511 suos
1759 2453 2187 2511 Phtartolatras

2306 2459 2519 2512 ἰναντίοι
2575 2458 2744 2512 αὐτῶν
2802 2460 3204 2520 Φαντασιαστὰς
3267 2463 3358 2512 καὶ
3423 2462 3762 2530 Μανιχαίους
3816 2477 3912 2511 και

521 2544 948 2619 (corruptionis
1001 2543 1285 2615 cultores)
1336 2547 1395 2601 et
1454 2543 1823 2601 Ctenolatras
1871 2540 2184 2614 (interfecti

2306 2552 2466 2602 101701'
2526 2553 2617 2602 καὶ
2667 2549 2813 2602 οὗτοι
2865 2544 2926 2601 δὲ
2982 2552 3100 2609 τοὺς
3149 2546 3409 2611 ἐναντίους
3462 2547 3631 2600 αὐτῶν
3671 2548 3907 2622 φθαρτο-

522 2633 803 2706 eultores)
835 2633 1191 2703 nominant;
1217 2633 1524 2692 Severiani
1548 2638 1606 2690 et
1632 2636 1938 2705 Agnoeta,
1965 2632 2071 2705 qui
2099 2630 2187 2688 di-

2306 2640 2488 2715 loirpu;
2538 2642 2629 2691 καὶ
2688 2636 3043 2713 κτηνολάτρας
3098 2636 3440 2711 ὀνομάζουσι·
3505 2634 3780 2712 Σεϐηρῖται
3847 2632 3909 2689 δὲ

522 2728 668 2780 cunt
706 2727 894 2781 Deum
939 2722 1200 2780 Verbum
1232 2723 1441 2779 omnia
1468 2738 1741 2794 noscere,
1769 2722 2001 2779 unitam
2044 2737 2184 2779 vero

2306 2729 2343 2781 Di
2389 2732 2480 2781 καὶ
2528 2726 2829 2800 Ἀγνοῆται,
2889 2729 2939 2779 οἱ
2983 2726 3213 2798 λέγοντες
3264 2729 3355 2800 μεν
3410 2729 3499 2779 τὸν
3543 2729 3674 2780 Θεὸν
3730 2730 3908 2799 Λόγον

520 2812 636 2887 ipsi
694 2813 1093 2887 personaliter
1145 2812 1589 2870 humanitatem
1626 2811 1819 2870 multa
1861 2811 2182 2882 ignorare;

2306 2820 2463 2870 πάντα
2515 2823 2813 2889 γινώσκειν,
2866 2819 2962 2875 τὴν
3015 2812 3075 2869 δὲ
3130 2817 3395 2889 ἡνωμένην
3435 2815 3577 2886 αὐτῷ
3615 2814 3731 2869 καθ’
3771 2816 3909 2868 ὑπό-

519 2903 892 2977 quiquidem
922 2919 997 2960 ex
1028 2918 1141 2960 sua
1177 2901 1455 2960 doctrina
1478 2906 1762 2975 Agnoeta
1793 2901 1872 2959 ab
1898 2901 2183 2958 adversa-

2306 2925 2484 2960 1'1010'11:
2551 2908 2933 2981 ἀνθρωπότητα
3003 2904 3170 2959 πολλὰ
3253 2904 3472 2977 ἀγνοεῖν·
3551 2908 3736 2967 οἵτινες
3798 2904 3908 2958 ἀπὸ

518 2994 622 3050 riis
644 2993 942 3051 nominati
960 2998 1132 3063 sunt;
1160 2997 1302 3050 sunt
1319 2996 1525 3050 autem
1549 2996 1608 3049 et
1629 2991 1948 3058 Severiani,
1973 2993 2183 3049 Conto-

2306 3003 2385 3049 τοῦ
2451 2992 2713 3069 δόγματος
2811 2995 3091 3068 Ἀγνοῆται
3176 2994 3561 3067 ὠνομάσθησαν
3636 2996 3736 3048 ὑπὸ
3803 3002 3911 3049 τῶν

520 3081 810 3151 babdita,
860 3081 967 3156 qui
1008 3081 1218 3140 dicunt
1264 3096 1457 3138 unum
1514 3083 1703 3139 Deum
1733 3096 1988 3138 numero
2028 3095 2180 3150 esse,

2306 3084 2532 3139 ἱναντίων
2598 3085 2796 3147 αὐτοῖς·
2865 3085 3027 3158 ἕτεροι
3102 3080 3163 3137 δὲ
3222 3083 3517 3158 Σεϐηρῖται,
3558 3085 3736 3138 οἱκαὶ
3776 3091 3913 3138 Κον-

521 3187 647 3230 non
676 3178 882 3230 autem
898 3187 1007 3244 per
1030 3171 1238 3230 omnia
1259 3170 1438 3228 simili
1459 3170 1801 3244 aqualitate
1821 3175 1880 3228 et
1899 3170 2184 3227 eumdem

2306 3171 2627 3244 τοϐαϐδίται,
2682 3176 2731 3227 οἱ
2784 3173 3014 3246 λέγοντες
3058 3174 3147 3227 ἕνα
3195 3177 3324 3229 Θεὸν
3375 3171 3507 3227 εἶναι
3548 3182 3621 3247 τῷ
3673 3172 3913 3248 ἀριθμῷ,

523 3263 763 3319 Patrem
790 3265 850 3318 et
880 3260 1092 3318 Filium
1137 3264 1194 3317 et
1235 3259 1528 3334 Spiritum
1568 3261 1844 3316 sanetum
1892 3258 2182 3327 dicentes,

2306 3269 2385 3318 ιαὶ
2432 3264 2560 3337 οὐχὶ
2615 3271 2678 3338 τῇ
2726 3260 3110 3337 ἆπαραλλάκτῳ
3166 3263 3391 3336 ἰσότητι,
3452 3267 3544 3317 καὶ
3596 3267 3682 3317 101:
3748 3262 3916 3317 αὐτὸν

521 3349 629 3423 qui
665 3349 1125 3407 Contobabditie
1151 3348 1451 3406 nominati
1479 3352 1621 3405 sunt
1658 3363 1696 3404 a
1724 3347 1850 3403 suis
1895 3347 2185 3405 adversa-

2306 3359 2505 3429 Πατέρα
2549 3353 2642 3406 καί
2693 3355 2812 3407 Υὶόν
2859 3358 2950 3406 καὶ
3006 3352 3156 3426 ἅγιον
3216 3360 3425 3427 Πνεῦμα
3477 3356 3782 3427 φάσκοντες,
3839 3354 3917 3406 οἰ-

523 3440 649 3510 riis,
664 3439 811 3512 quia
830 3438 892 3495 in
918 3438 989 3495 iis
1008 3436 1559 3510 Constantinopolis
1577 3435 1853 3510 partibus
1874 3452 2013 3510 qua
2039 3440 2186 3495 Con-

2306 3462 2424 3505 τινες
2489 3437 2906 3496 Kay-106016011011
2973 3442 3360 3515 ὠνομάσθησαν
3429 3443 3531 3497 ὑπὸ
3595 3450 3693 3496 τῶν
3757 3441 3914 3496 ἐναν-

523 3528 839 3587 tobabdon
880 3525 1197 3585 dicebatur
1243 3525 1672 3584 detestandum
1702 3524 2018 3599 quoddam
2050 3540 2189 3583 eon-

2306 3537 2419 3586 rian:
2459 3531 2648 3603 αὐτῶν,
2691 3528 2785 3585 διὰ
2829 3535 2886 3585 10
2927 3530 2977 3583 ἐν
3033 3538 3144 3594 τοῖς
3194 3531 3487 3606 λεγομένοις
3538 3528 3916 3586 Κοντοϐάϐδου

524 3619 693 3677 clave
712 3616 1025 3674 habebant
1047 3630 1243 3690 eoque
1278 3614 1320 3671 ii
1347 3614 1453 3688 qui
1480 3613 1620 3672 talia
1647 3614 2006 3678 sentiebant,
2039 3615 2188 3672 sole-

2306 3621 2347 3675 ἓν
2415 3621 2954 3676 Κωνσταντινουπό).ει
3019 3624 3161 3693 ἔχειν
3225 3640 3279 3675 τι
3340 3624 3578 3697 μυσαρὸν
3643 3626 3917 3682 συνακτή-

523 3708 675 3765 bant
691 3706 1032 3764 convenire.
1056 3705 1175 3772 Qui
1189 3719 1331 3763 vero
1352 3703 1710 3761 dicebantur
1731 3703 2188 3762 Contobabdita

2306 3730 2430 3782 οιον,
2497 3708 2646 3763 κάκεῖ
2713 3710 3037 3782 συνάγεσθαι
3098 3712 3217 3772 1'01);
3279 3712 3347 3763 τὰ
3392 3718 3609 3764 τοιαῦτα
3656 3719 3918 3785 φρονοῦν-

528 3804 584 3853 et
614 3796 719 3869 qui
759 3795 1137 3853 vocabantur
1177 3798 1481 3864 Agnoeta,
1529 3792 1703 3866 prius
1739 3794 1986 3867 quidem
2011 3810 2189 3852 voca-

2306 3820 2408 3862 τας.
2466 3799 2627 3853 Οὗτοι
2686 3796 2745 3853 δὲ
2792 3799 2842 3852 οἰ
2894 3799 3157 3873 λεγόμενοι
3211 3796 3649 3868 Κοντοϐαϐδῐται,
3705 3801 3755 3852 οἰ
3822 3803 3919 3853 καὶ

526 3885 750 3943 bantur
799 3882 1201 3942 Theodosiani
1248 3888 1313 3940 ut
1360 3882 1761 3939 Theodosium
1810 3883 2189 3940 Alexandria

2306 3889 2606 3963 καλούμενοι
2665 3888 2965 3961 Ἀγνοῆται,
3035 3897 3240 3964 πρῶτον
3294 3892 3386 3961 μὲν
3437 3887 3712 3942 ἕκαλοῦντο
3770 3898 3918 3943 Θεο-

529 3976 882 4049 episcopum
913 3973 1288 4047 recipientes.
1326 3972 1725 4029 Anathemate
1755 3979 1957 4030 autem
1981 3972 2060 4030 ab
2086 3972 2187 4029 illo

2306 3975 2580 4049 δοσιανοὶ,
2645 3980 2715 4041 ὡς
2762 3975 3068 4031 Θεοδόσιον
3144 3974 3426 4051 δεχόμενοι
3489 3982 3576 4032 τόν
3636 3982 3918 4053 γενόμενον

528 4067 825 4141 percussi,
841 4067 1125 4135 Agnoeta
1149 4062 1395 4137 quidem
1412 4067 1655 4135 propter
1673 4063 2030 4133 ignorantia
2050 4063 2191 4119 doc-

2306 4071 2476 4123 πάπαν
2551 4064 2962 4143 Ἀλεξανδρείας·
3060 4066 3549 4141 ἂναθεματισθέντες
3633 4065 3693 4122 δὲ
3785 4083 3921 4145 παρ’

531 4155 773 4221 trinam,
807 4151 1387 4225 Contobabditaque
1416 4167 1487 4208 eo
1517 4151 1681 4225 quod
1708 4167 1832 4207 non
1857 4151 2192 4223 reciperent

2306 4158 2461 4211 αὐτοῦ
2491 4158 2540 4210 οἱ
2565 4160 2653 4230 μὶν
2715 4155 2994 4229 Ἀγνοῆται
3044 4151 3078 4209 δ
3084 4157 3137 4208 ιά
3187 4160 3245 4208 τό
3274 4151 3449 4228 δόγμα
3477 4153 3831 4230 τῆς⁶ἆγνοίας,
3867 4159 3923 4211 οἱ

530 4239 835 4301 de'sancta
879 4241 1158 4298 Trinitate
1187 4240 1525 4296 doctrinam
1557 4240 1635 4297 ab
1673 4240 1807 4313 ipso
1836 4242 2186 4313 repositam,

2306 4244 2361 4301 δὲ
2405 4243 2823 4300 Κοντοϐαϐδίται
2872 4242 2967 4298 διὰ
3019 4248 3078 4298 1'0
3126 4249 3198 4318 μὴ
3248 4241 3505 4309 δέξασθαι
3550 4250 3637 4298 101:
3668 4251 3922 4320 περὶτῆς

530 4335 816 4405 deinceps
834 4346 960 4388 non
983 4331 1114 4403 jam
1136 4330 1534 4388 Theodosiani
1562 4335 1859 4387 vocantur
1881 4347 1916 4388 a
1939 4330 2065 4387 suis
2086 4330 2190 4388 ad-

2306 4337 2453 4409 ἁγίας
2503 4333 2732 4411 Τριάδος
2781 4340 2949 4409 Λόγον
3002 4339 3089 4388 τόν
3136 4333 3225 4388 ὑπ’
3282 4335 3442 4389 αὐτόν
3474 4335 3760 4406 ἐκτεθέντα,
3803 4335 3927 4390 λοι⁴

529 4421 834 4492 versariis,
867 4437 941 4478 ex
989 4436 1112 4494 quo
1159 4435 1285 4477 non
1330 4419 1625 4493 recipiunt
1668 4419 2092 4489 Theodosium,
2124 4425 2192 4479 ut

2306 4431 2395 4481 πὸν
2446 4427 2619 4480 οὐκέτι
2664 4423 3010 4480 Θεοδοσιανοι
3064 4423 3344 4478 καλοῦνται
3400 4426 3500 4477 ὑπὸ
3522 4433 3622 4477 τῶν
3666 4423 3923 4480 ἐναντίων

530 4510 758 4569 dictum
789 4514 895 4566 est.
942 4510 1057 4568 Sed
1087 4509 1184 4567 alii
1208 4524 1280 4565 ex
1310 4509 1586 4565 doctrina
1617 4524 1728 4565 sua
1758 4513 2060 4580 Agnoeta,
2089 4509 2185 4566 alii

2306 4516 2487 4585 αὐτῶν,
2544 4511 2726 4575 ἐπειδὴ
2786 4515 2846 4568 01)
2892 4512 3142 4588 δέχονται
3190 4516 3265 4567 ἔτι
3313 4510 3621 4581 Θεοδόσιον,
3664 4516 3733 4576 ὡς
3756 4518 3922 4592 εἴρη-

530 4618 602 4658 eo
631 4599 766 4657 loco
806 4596 1279 4657 Conlobabdita.
1312 4600 1381 4655 Et
1417 4598 1792 4656 concordant
1838 4598 2085 4671 quidem
2126 4599 2189 4655 in

531 4691 656 4747 suis
688 4688 763 4746 de
794 4692 961 4746 Patre
987 4691 1045 4745 et
1073 4688 1213 4745 Filio
1233 4692 1289 4745 et
1330 4687 1550 4761 Spiritu
1580 4693 1789 4745 saneto
1816 4704 2093 4747 sermone
2125 4694 2191 4747 ut

529 4795 719 4836 unam
758 4777 1095 4835 doctrinam
1140 4781 1431 4846 tenentes,
1474 4776 1821 4850 discrepant
1870 4795 2037 4851 vero,
2080 4795 2189 4854 per

526 4869 884 4942 ignorantia
915 4867 1278 4925 doctrinam.
1302 4867 1710 4940 Severumque
1730 4868 2027 4940 recipiunt
2046 4870 2186 4926 utri-

527 4974 667 5033 que,
700 4958 1030 5015 Antiochia
1054 4955 1282 5014 factum
1309 4957 1689 5030 episcopum,
1725 4964 2098 5033 quapropter
2127 4964 2185 5019 et

528 5050 801 5111 Severita
824 5047 1122 5106 nominati
1148 5050 1308 5106 sunt.

3063 2100 3471 2177 Ἀλικαρνασέως

2298 4626 2408 4679 ται,
2455 4605 2560 4659 ἀλλ’
2610 4606 2660 4659 οἰ
2714 4608 2804 4679 μὲν
2866 4604 2921 4658 ἐκ
2985 4612 3078 4658 τοῦ
3128 4600 3392 4679 δόγματος
3438 4604 3736 4677 Ἀγνοῆται,
3765 4606 3821 4658 οἰ
3856 4603 3925 4661 δὲ

2299 4695 2355 4748 ἐκ
2400 4703 2493 4749 τοῦ
2539 4700 2724 4763 τόπου,
2776 4691 3211 4749 Κοντοϐαϐδῖται·
3269 4699 3360 4747 καὶ
3424 4701 3766 4768 συμφωνοῦσι
3820 4699 3924 4769 μὶν

2297 4785 2530 4855 ἀλλήλοι;
2599 4785 2832 4859 ἑκάτεροι
2896 4785 2968 4847 εἰς
3019 4788 3102 4837 τὸν
3156 4788 3275 4859 περὶ
3304 4788 3514 4862 Πατρός
3542 4788 3632 4836 καὶ
3658 4785 3783 4837 Υἱοῦ
3820 4790 3925 4840 καὶ

2298 4874 2450 4948 ἁγίου
2501 4878 2797 4948 Πνεῦματος
2840 4874 3012 4946 λόγον,
3055 4873 3122 4936 ὡς
3180 4872 3229 4926 ἓν
3286 4869 3462 4947 δόγμα
3505 4876 3730 4946 ἔχοντες,
3776 4870 3817 4926 δ
3825 4894 3926 4928 101-

2294 4971 2524 5035 φωνοῦσι
2559 4959 2619 5017 δε
2648 4968 2721 5026 εὶς
2748 4966 2805 5016 1'0
2834 4966 2953 5037 περὶ
2996 4971 3092 5024 τῆς
3123 4960 3336 5035 ἀγνοίας
3368 4958 3565 5035 δόγμα*
3597 4960 3824 5037 Σεϐἥρον
3856 4960 3925 5017 δὲ

2294 5051 2545 5126 δέχονται
2632 5049 2692 5107 δε
2776 5052 3011 5127 ἑκάτεροι
3085 5055 3174 5106 τόν
3245 5055 3512 5126 γενόμενον
3577 5052 3927 5125 Ἀντιοχείας

2291 5141 2595 5197 ἐπίσκοπον⁸
2630 5140 2664 5196 δ
2671 5146 2717 5197 10
2747 5147 2839 5196 καὶ
2869 5140 3144 5217 Σεϐηρίται
3174 5142 3574 5216 ἀνομάσθησαν.

596 5249 680 5307 il.
721 5246 833 5306 Alii
879 5247 1175 5321 Severita,
1216 5247 1615 5306 Theodosiani
1671 5252 1730 5307 et
1775 5250 2175 5321 Paulianista,

518 5340 622 5414 qui
645 5339 964 5413 pradictos
984 5339 1266 5395 Severum
1286 5342 1344 5395 et
1367 5338 1857 5397 Theodosianum
1875 5341 2180 5414 accipiunt

520 5436 742 5487 etcum
785 5426 897 5485 illis
933 5427 1189 5485 Paulum
1235 5427 1532 5486 Melanum
1575 5430 1939 5500 cognomine
1971 5431 2075 5505 qui
2114 5431 2176 5489 in

516 5536 630 5576 sua
666 5518 742 5576 de
782 5522 951 5577 Patre
997 5524 1054 5577 et
1104 5518 1244 5576 Filio
1275 5523 1333 5575 et
1381 5519 1603 5592 Spiritu
1646 5526 1855 5577 sancto
1899 5520 2174 5580 doctrina

512 5627 653 5669 cum
675 5608 1127 5671 Contobabditis
1149 5608 1579 5679 consentirent,
1603 5608 1947 5684 discrepant
1967 5617 2171 5671 autem

2365 5251 2435 5304 ια’
2499 5251 2680 5305 ”Α).)οι
2734 5249 3033 5327 Σεϐηρῑται,
3110 5251 3160 5303 οἰ
3239 5252 3331 5302 καὶ
3392 5245 3734 5304 Θεοδοσιανοὶ
3816 5255 3925 5305 καὶ

2289 5341 2693 5414 Παυλιανισταὶ,
2736 5343 2786 5394 οἱ
2845 5338 3124 5414 δεχόμενοι
3178 5338 3403 5416 Σεϐῆρον
3459 5343 3551 5391 καὶ
3608 5333 3922 5393 Θεοδόσιον

2285 5435 2408 5495 τοῦς
2434 5431 2755 5505 εἰρημένους,
2810 5435 2900 5484 καὶ
2952 5434 3045 5483 σῦν
3097 5429 3271 5492 αὐτοῖς
3328 5428 3529 5482 Παῦλον
3566 5431 3652 5481 τὸν
3682 5424 3922 5489 ἐπίκλην

2284 5523 2536 5593 Μελανὸν,
2605 5518 2792 5583 οἵτινες
2846 5514 2893 5572 ἓν
2944 5522 3036 5593 μὲν
3089 5528 3162 5592 τῷ
3218 5518 3337 5593 περὶ
3392 5519 3599 5594 Πατρός
3635 5521 3725 5570 καὶ
3766 5511 3917 5572 Υἰοῦ

2281 5616 2373 5668 καὶ
2447 5612 2606 5686 ἁγιου
2690 5611 2989 5686 Πνεύματος
3069 5606 3302 5685 δόγματι
3376 5614 3718 5684 συμφωνοῦσι
3780 5615 3916 5674 τοῖς
