4136 6378
535 409 595 464 Bl
1148 463 1155 469 _
1178 464 1179 467 η
1870 403 2143 460 ΝΙΟΕΤΛΕ
2191 401 2563 460 ΟΗΟΝΙΑΤΕ
3837 407 3903 462 52

533 527 920 588 Alexandrini
942 527 1320 599 grammatici
1351 544 1539 600 opera
1568 528 1943 600 recipientes,
1973 541 2194 597 cogno-

2316 531 2521 599 χόμενοι
2548 531 2613 581 τὰ
2644 530 3004 600 συγγάμματα
3042 527 3280 581 ’ῐωάννου
3312 523 3688 602 Ἀλεξανδρέως
3723 548 3905 604 γραμ-

535 620 696 677 mine
720 618 1051 692 Philopoui,
1083 620 1143 675 in
1171 617 1420 688 gentiles
1451 620 1674 691 scripta
1711 634 1849 673 cum
1878 616 2008 672 aliis
2041 617 2197 688 ejus-

535 711 672 768 dem
702 710 937 782 scriptis
957 710 1285 783 ipsumque
1315 708 1563 764 demum
1597 710 1948 779 rejecerunt.
1981 712 2037 762 et
2068 707 2196 777 ejus

535 816 742 873 opera.
790 799 1117 855 Praedictus
1163 799 1324 853 enim
1366 798 1805 869 grammaticus
1846 799 2107 852 Joannes
2136 795 2198 850 in

538 890 664 945 suis
704 888 779 945 ad
809 889 1046 944 Graecos
1074 886 1242 942 libris
1272 892 1328 942 et
1348 888 1406 942 in
1440 886 1571 942 aliis
1600 886 1725 940 suis
1754 886 1990 956 scriptis
2017 884 2198 939 docu-

538 983 665 1035 erat
690 978 818 1033 haec
840 976 1046 1032 omnia
1072 990 1328 1049 corpora
1359 975 1666 1030 sensibilia
1696 973 2032 1030 secundum
2062 988 2198 1028 ma-

538 1066 752 1122 teriam
774 1070 832 1122 et
864 1064 1123 1121 formam
1149 1080 1222 1120 ex
1254 1062 1439 1119 nihilo
1466 1062 1545 1119 ad
1573 1063 1979 1118 exsistentiam
2015 1079 2048 1115 a
2081 1063 2199 1116 Deo

540 1154 760 1212 educta
810 1170 962 1219 esse,
1011 1151 1545 1225 corruptibiliaque
1595 1152 1725 1207 haec
1782 1167 1913 1206 esse
1961 1150 2116 1205 facta
2147 1154 2203 1205 et

540 1244 794 1301 materia
823 1247 879 1300 et
924 1241 1121 1299 forma
1159 1241 1487 1314 corrumpi,
1529 1257 1600 1296 ac
1634 1257 1742 1312 pro
1773 1241 1868 1295 his
1913 1240 2031 1296 alia
2075 1255 2201 1295 cor-

539 1349 691 1407 pora
730 1331 825 1388 his
872 1330 1212 1387 visibilibus
1248 1329 1497 1385 meliora
1534 1335 1591 1385 et
1633 1328 2111 1400 incorruptibilia
2148 1332 2207 1382 et

542 1428 765 1481 aeterna
786 1438 824 1479 a
846 1424 965 1478 Deo
991 1420 1255 1476 creanda
1287 1435 1417 1475 esse
1443 1439 1456 1488 ;
1489 1419 2203 1491 consummationemque

541 1512 784 1569 dicebat
827 1510 1081 1566 vrsibilis
1134 1510 1347 1566 mundi
1396 1509 1714 1565 transitum
1773 1524 1905 1564 esse
1957 1513 2014 1564 et
2062 1510 2207 1566 novi

541 1600 755 1658 mundi
787 1600 1269 1670 generationem;
1294 1598 1795 1654 resurrectionem
1829 1603 2029 1652 autem
2054 1612 2207 1651 mor-

539 1696 782 1746 tuorum
840 1687 1172 1744 deﬁniebat
1232 1704 1361 1743 esse
1418 1687 1806 1743 rationalium
1860 1686 2205 1741 animarum

543 1796 683 1836 cum
734 1777 1111 1851 corruptibili
1184 1792 1438 1850 corpore
1487 1776 1768 1833 unionem
1820 1774 2206 1831 indissolubi-

539 1868 680 1925 lem.

617 1995 703 2049 14.
745 1994 957 2048 Conon
1007 1991 1184 2062 igitur
1226 1995 1281 2047 et
1330 1991 1461 2062 ejus
1491 1990 1779 2052 fautores,
1813 1993 1878 2045 ut
1915 1989 2202 2054 diximus,

539 2082 710 2155 prius
739 2081 1099 2151 accipientes
1137 2081 1356 2152 scripta
1399 2080 1460 2136 in
1510 2079 1733 2152 quibus
1774 2079 1903 2135 haec
1950 2077 2208 2134 docebat

542 2177 601 2227 et
623 2171 824 2243 ipsum
857 2170 1251 2242 Philoponum
1276 2168 1693 2241 vix-cutemque
1708 2173 1765 2224 et
1794 2173 1929 2240 post
1950 2174 2206 2223 mortem

540 2259 979 2325 beatiﬁcantes,
1010 2259 1256 2314 tandem
1287 2259 1488 2330 ipsum
1521 2257 1689 2313 illum
1727 2262 1783 2313 et
1820 2257 1953 2327 ejus
1985 2257 2208 2328 scripta

541 2348 878 2422 rejecerunt
923 2365 938 2416 ;
989 2364 1422 2421 sermonesque
1471 2348 1725 2420 scriptos
1773 2346 2092 2402 ediderunt
2146 2345 2206 2401 in

543 2438 769 2514 quibus
795 2440 1006 2496 dicunt
1034 2455 1294 2512 corpora
1330 2439 1462 2495 haec
1503 2437 1816 2493 sensibilia
1843 2453 1915 2492 ac
1953 2436 2209 2492 visibilia

545 2526 748 2603 quoad
792 2529 1110 2585 materiam
1151 2543 1273 2583 non
1313 2526 1646 2600 corrumpi,
1681 2526 1782 2581 sed
1829 2541 2076 2581 manere
2115 2530 2210 2581 e’a-

543 2616 684 2672 dem
708 2622 766 2673 et
788 2616 1045 2673 visibilia
1074 2620 1364 2689 perpetuo
1412 2632 1610 2689 neque
1663 2622 1967 2687 corrupta,
2004 2613 2205 2687 quoad

542 2706 804 2762 formam
847 2711 1048 2762 autem
1092 2705 1290 2763 solum
1331 2706 1638 2778 corrumpi
1672 2708 1731 2760 et
1770 2720 1985 2759 rursus
2028 2702 2208 2759 refor-

544 2796 719 2862 mari,
742 2795 956 2853 eadem
989 2797 1244 2853 materia
1269 2795 1578 2852 meliorem
1604 2794 1860 2850 formam
1888 2793 2209 2866 recipiente

540 2884 1086 2960 incorruptibilem;
1107 2884 1555 2955 generationem
1579 2883 1740 2940 enim
1768 2882 2019 2939 visibilis
2038 2898 2211 2938 mun-

539 2974 602 3030 dl
648 2975 855 3047 quoad
907 2975 1220 3031 materiam
1262 2979 1321 3030 et
1366 2972 1627 3030 formam
1657 2971 1950 3029 exstitisse
1979 2970 2207 3027 dicunt:

538 3062 700 3119 illius
727 3068 927 3120 autem
950 3061 1739 3135 corruptionem,transitum
1758 3059 2208 3133 nempe,quoad

543 3152 737 3208 solam
763 3153 1045 3209 formam.
1088 3152 1394 3211 Materiam
1418 3151 1602 3216 enim,
1647 3155 1710 3206 ut
1744 3149 2028 3213 diximus,
2057 3164 2209 3204 sem-

541 3258 650 3315 per
669 3257 1030 3314 permanere
1057 3240 1423 3298 confitentur
1452 3239 1733 3295 eamdem
1764 3257 1780 3308 ;
1819 3238 2210 3294 resurrectio-
2238 3236 2282 3282 υ

542 3347 684 3387 nem
729 3336 934 3389 autem
987 3335 1369 3386 mortuorum
1415 3327 1712 3384 deﬁniunt
1765 3343 1895 3383 esse
1944 3326 2211 3400 corporis

541 3420 727 3491 hujus
756 3435 894 3476 cum
926 3417 1209 3477 rationali
1240 3417 1447 3476 anima
1466 3416 1793 3474 secundam
1816 3416 2102 3473 unionem
2131 3415 2213 3472 in.

543 3507 982 3566 dissolubilcm.

619 3653 706 3707 15.
746 3651 854 3707 Alii
905 3649 1209 3719 Severius,
1258 3666 1481 3722 nempe
1522 3648 1922 3707 Theodosiani
1950 3693 1963 3717 ,
2004 3648 2107 3721 qui
2159 3651 2216 3705 et

545 3740 982 3815 Philoponiaci,
1009 3739 1111 3813 qui
1152 3739 1513 3811 accipientes
1550 3740 1833 3795 Severum
1868 3742 1923 3792 et
1950 3737 2216 3793 Theodo-

508 3848 511 3851 ί
549 3833 705 3889 sium
742 3835 803 3887 ut
834 3830 1173 3903 episcopos,
1206 3828 1510 3901 accipiunt
1537 3829 1717 3885 etiam
1759 3834 1823 3885 ut
1857 3828 2212 3895 magistrum

548 3921 955 3994 Philoponum
1022 3919 1318 3975 Joannem
1376 3922 1432 3974 et
1481 3919 1611 3990 ejus
1660 3917 1904 3990 scripta,
1954 3931 2216 3989 eumque

551 4017 888 4084 sequuntur
925 4024 1047 4066 non
1081 4008 1267 4065 modo
1324 4009 1383 4065 in
1422 4008 1612 4080 ipsius
1650 4006 1725 4061 de
1763 4007 2039 4063 Trinitate
2084 4022 2217 4061 sen-

546 4101 774 4168 tentiis,
827 4099 932 4155 sed
991 4098 1174 4154 etian
1226 4098 1285 4153 in
1335 4098 1465 4167 ejus
1516 4095 1791 4151 doctrina
1837 4094 1912 4150 de
1971 4094 2217 4150 visibilis

551 4187 765 4244 mundi
800 4187 1328 4242 consummatione
1360 4191 1416 4240 et
1450 4184 1699 4240 visibilis
1726 4199 1796 4239 ac
1827 4184 2002 4239 futuri
2038 4199 2216 4253 gene-

550 4276 784 4334 ratione
816 4281 873 4332 et
900 4280 1279 4331 mortuorum
1316 4273 1770 4329 resurrectione.
1798 4272 1840 4328 li
1860 4287 2002 4328 vero
2022 4288 2218 4345 neque

551 4365 940 4426 Damianum.
966 4379 1165 4436 neque
1187 4360 1440 4419 Paulum
1464 4377 1659 4433 neque
1677 4360 1953 4417 ultimum
1977 4362 2216 4418 Petrum

2305 624 2550 687 ματικοῦ,
2579 624 2669 669 τοῦ
2691 617 2907 675 ἐπίκλην
2933 616 3237 684 Φιλοπόνου,
3260 618 3327 668 τὰ
3350 616 3468 668 καθ’
3494 615 3741 675 Ἑλλήνων
3768 619 3908 688 αὐτῷ

2305 711 2639 778 γεγραμμένα
2695 708 2824 777 μετὰ
2876 711 2967 757 καὶ
3021 704 3184 757 ἄλλων
3242 704 3401 757 αὐτοῦ
3456 709 3907 778 συγγραμμάτων,

2307 794 2462 846 αὐτόν
2496 814 2550 847 τε
2580 798 2807 866 ἔσχατον
2839 793 3171 863 ἀπεϐάλοντο,
3204 798 3293 845 καὶ
3320 797 3386 846 τὰ
3413 798 3601 846 τοῦτου
3635 798 3909 869 συγγράμ-

2307 902 2481 955 μασι-α’
2533 885 2558 934 ό
2599 886 2700 957 γὰρ
2734 883 2997 957 εἰρημένος
3035 885 3403 955 γραμματικὸς
3448 882 3688 944 Ἰωάννης
3719 882 3766 934 ἐν
3807 891 3912 944 τοῖς

2306 975 2439 1045 πρὸς
2476 976 2598 1033 τοὺς
2638 971 2885 1032 ’Έλληνας
2924 969 3146 1043 βιϐλίοις
3188 977 3279 1024 καὶ
3309 969 3356 1022 ἐν
3394 979 3504 1034 τοῖς
3546 971 3717 1033 ἄλλοις
3750 971 3910 1024 αὐτοῦ

2310 1063 2725 1133 συγγράμμασιν
2756 1060 2986 1131 ἐπήγαγε
3015 1063 3081 1112 τὰ
3121 1066 3341 1132 σώματα
3384 1063 3447 1112 τὰ
3485 1061 3718 1118 αἰσθητὰ
3746 1069 3914 1113 ταῦτα

2308 1153 2480 1202 πάντα
2522 1156 2613 1202 καὶ
2659 1154 2723 1202 τὰ
2766 1152 2999 1222 ὁρώμενα
3029 1151 3163 1202 κατά
3201 1169 3255 1201 τε
3283 1149 3409 1207 ὕλην
3437 1155 3527 1202 καὶ
3565 1147 3703 1212 εἶδος
3735 1150 3790 1202 ἐκ
3819 1158 3913 1203 τοῦ

2311 1244 2382 1311 μὴ
2414 1239 2559 1300 ὄντος
2588 1238 2657 1302 εἰς
2689 1242 2748 1292 τό
2779 1236 2906 1292 εἶναι
2933 1241 3278 1311 παραχθῆναι
3301 1240 3399 1290 ὑπὸ
3425 1247 3517 1290 τοῦ
3540 1246 3694 1305 Θεοῦ⁷
3711 1242 3917 1311 φθαρτά

2312 1347 2367 1381 τε
2387 1336 2554 1380 ταῦτα
2572 1330 2815 1401 γενέσθαι
2834 1333 2924 1379 καὶ
2949 1330 3250 1401 φθείρεσθαι
3270 1329 3405 1379 κατά
3423 1347 3477 1380 τε
3498 1327 3625 1385 ὓλην
3646 1332 3735 1380 καὶ
3757 1324 3916 1395 εἶδος,

2314 1422 2404 1469 καὶ
2464 1415 2579 1469 ἀντὶ
2626 1419 2819 1469 τούτων
2870 1418 3021 1489 ἕτερα
3070 1422 3288 1488 σώματα
3326 1420 3544 1491 κρείττω
3582 1419 3777 1468 τούτων
3815 1424 3921 1468 τῶν

2316 1507 2583 1580 ὁρωμένων
2640 1507 2883 1577 ἄφθαρτα
2923 1510 3014 1557 καὶ
3041 1505 3225 1557 αἰώνια
3255 1506 3354 1556 ὑπὸ
3381 1512 3474 1557 τοῦ
3501 1512 3633 1557 Θεοῦ
3666 1501 3927 1580 δημιουρ-

2313 1597 2525 1666 γείσθαι
2567 1612 2580 1625 ·
2633 1595 2923 1647 συντέλειάν
2967 1614 3021 1647 τε
3078 1596 3170 1665 ἔφη
3226 1601 3319 1645 τοῦ
3372 1594 3630 1667 ὁρωμένου
3691 1599 3923 1665 κόσμου,

2314 1687 2476 1753 ἤγουν
2493 1683 2799 1758 παρέλευσιν
2820 1688 2909 1735 καὶ
2934 1691 3113 1734 καινοῦ
3143 1687 3345 1753 κόσμου
3365 1687 3564 1752 γένεσιν
3587 1703 3597 1715 ι
3632 1681 3925 1734 ἀνάστασιν

2316 1768 2375 1824 δὲ
2399 1792 2587 1847 νεκρων
2622 1776 2853 1846 ὡρίσατο
2885 1770 3015 1825 εἶναι
3059 1777 3152 1829 τὴν
3187 1780 3286 1823 τῶν
3315 1770 3534 1843 λογικῶν
3572 1771 3763 1844 ψυχῶν
3793 1776 3927 1847 πρὸς

2234 1876 2279 1930 Β
2317 1871 2469 1936 σῶμα
2500 1865 2726 1936 φθαρτὸν
2758 1863 2938 1915 ἕνωσιν
2972 1857 3275 1916 ἀδιάλυτον.

2388 1984 2481 2041 ιδ’.
2525 1992 2697 2041 Κόνων
2749 1983 2808 2040 δι
2842 1991 2933 2039 καὶ
2986 1988 3035 2038 οἱ
3083 1991 3176 2039 σὺν
3211 1987 3372 2057 αὐτῷ,
3424 1989 3492 2050 ὡς
3531 1991 3757 2059 εἴπομεν,
3782 1989 3924 2062 πρό-

2314 2097 2456 2149 τερον
2513 2072 2791 2148 δεχόμενοι
2838 2079 2904 2128 τὰ
2945 2077 3339 2150 συγγράμματα
3369 2075 3416 2129 ἓν
3446 2077 3523 2138 οἷς
3562 2083 3730 2128 ταῦτα
3795 2073 3924 2129 ἐδο-

2313 2168 2558 2237 γμάτισε,
2616 2170 2705 2217 καὶ
2768 2165 2923 2217 αὐτὸν
2989 2169 3076 2216 τὸν
3139 2165 3415 2218 Φιλόπονον
3475 2166 3646 2226 ζῶντά
3711 2184 3765 2217 τε
3827 2171 3927 2219 καὶ

2315 2257 2445 2327 μετὰ
2508 2254 2748 2313 τελευτὴν
2813 2254 3210 2327 μακαρίζοντες.
3296 2253 3584 2307 τελευταῖον
3647 2255 3802 2307 αῦτον
3868 2275 3929 2308 τε

2316 2343 2505 2397 ἆκεῖνον
2558 2349 2648 2396 καὶ
2687 2347 2751 2395 τὰ
2807 2346 3200 2417 συγγράμματα
3238 2343 3397 2396 αὐτοῦ
3428 2342 3741 2396 ἁπεϐάλοντο
3773 2360 3786 2374 ·
3835 2343 3929 2396 λό-

2314 2452 2441 2505 γους
2482 2432 2768 2507 ἐγγράφους
2816 2430 3184 2493 ἔκδεδωκότες,
3240 2431 3289 2484 ἐν
3340 2429 3417 2495 οἷς
3446 2432 3690 2504 λεγουσίν
3735 2434 3815 2485 ὁτι
3857 2436 3932 2485 τὰ

2320 2527 2541 2589 σώματα
2606 2524 2670 2575 τὰ
2729 2522 2961 2580 αἰσθητὰ
3015 2530 3184 2574 ταῦτα
3233 2527 3323 2574 καὶ
3372 2524 3606 2596 ὁρώμενα
3651 2524 3787 2574 κατὰ
3833 2524 3931 2592 μὲν

2316 2616 2411 2669 τὴν
2476 2611 2600 2670 ὕλην
2664 2612 2723 2663 οῦ
2774 2613 3055 2685 φθείρεται,
3096 2610 3225 2663 ἀλλὰ
3274 2616 3491 2683 μένουσι
3537 2615 3603 2664 τὰ
3656 2612 3786 2664 αὐτὰ
3833 2609 3936 2663 καὶ

2318 2701 2551 2774 ὁρώμενα
2589 2701 2757 2752 εἰσαεὶ
2800 2704 2892 2752 καὶ
2939 2705 3010 2772 μὴ
3053 2702 3382 2772 φθειρόμενα,
3422 2702 3558 2752 κατὰ
3596 2696 3656 2753 δὲ
3694 2703 3751 2752 τό
3782 2697 3933 2762 εἶδος

2316 2794 2470 2863 μόνον
2533 2792 2811 2863 φθείρεται,
2848 2795 2957 2841 καὶ
2993 2788 3144 2841 πάλιν
3201 2788 3609 2862 ἀναμορφοῦται,
3675 2798 3768 2851 τῆς
3820 2788 3932 2840 αὖ-

2315 2888 2410 2941 τῆς
2433 2880 2561 2941 ὕλης
2599 2887 2831 2953 κρεῖττον
2881 2875 3021 2941 εἶδος
3060 2875 3357 2951 δεχομένης
3384 2881 3644 2952 ἄφθαρτον
3669 2896 3680 2908 ·
3721 2884 3931 2950 γένεσιν

2317 2972 2407 3041 μεν
2435 2971 2538 3042 γὰρ
2580 2976 2670 3020 τοῦ
2724 2967 2981 3041 ὁρωμένου
3029 2973 3230 3038 κόσμου
3263 2967 3476 3040 λέγουσι
3521 2970 3656 3020 κατά
3694 2987 3748 3021 τε
3792 2967 3929 3026 ὕλην

2320 3062 2409 3110 καὶ
2458 3054 2614 3121 εἶδος,
2660 3059 2854 3131 φθορὰν
2899 3053 2958 3109 δὲ
3004 3056 3184 3118 αὑτοῦ,
3217 3061 3380 3127 ἤγουν
3417 3056 3742 3131 παρέλευσιν,
3785 3060 3928 3110 κατὰ

2318 3151 2470 3219 μόνον
2495 3148 2555 3199 τὸ
2586 3144 2668 3200 rid
2672 3164 2727 3208 ος
2765 3162 2779 3176 ⁸
2827 3150 2922 3205 τὴν
2950 3148 3052 3219 γὰρ
3083 3145 3226 3216 ὕλην,
3262 3148 3332 3206 ὡς
3362 3149 3583 3218 εἶπομεν,
3618 3144 3698 3198 ἀεὶ
3728 3141 3928 3214 διαμ-

2317 3255 2418 3290 νειν
2479 3234 2796 3308 ὁμολογοῦσι
2848 3239 2942 3292 τὴν
3000 3234 3162 3292 αῦτήν
3196 3251 3209 3264 ·
3271 3233 3559 3287 ἀνάστασιν
3615 3230 3674 3286 δὲ
3732 3244 3929 3307 νεκρῶν

2319 3327 2584 3399 ὁρίζονται
2622 3320 2753 3377 εἶναι
2817 3328 2911 3382 τὴν
2957 3330 3050 3376 τοῦ
3110 3330 3352 3396 σώματος
3403 3326 3589 3376 τούτου
3642 3326 3768 3399 πρὸς
3830 3329 3930 3383 τὴν

2318 3413 2534 3486 λογικὴν
2558 3412 2744 3486 ψῦχὴν
2771 3408 3017 3486 δευτέραν
3049 3413 3228 3466 ἕνωσιν
3256 3409 3560 3467 ἀδιάλυτον.

2398 3644 2470 3700 ιε’.
2520 3644 2698 3699 Ἀλλοι
2758 3645 3052 3719 Σεὸηρῑται,
3113 3647 3273 3716 ἤγουν
3327 3639 3693 3709 Θεοδοσιανοὶ,
3744 3644 3792 3695 οἱ
3834 3650 3930 3697 καὶ

2323 3734 2707 3801 Φιλοπονιακοὶ,
2758 3736 2808 3787 οἱ
2852 3739 2942 3786 καὶ
2984 3730 3265 3806 δεχόμενοι
3293 3735 3380 3785 τόν
3410 3731 3631 3806 Σεϐἧρον
3670 3736 3756 3783 καὶ
3801 3740 3931 3785 Θεο-

2325 3819 2506 3876 δόσιον
2538 3822 2876 3891 ἐπισκόπους,
2918 3820 3198 3896 δεχόμενοι
3252 3818 3310 3875 δὲ
3364 3822 3430 3882 εἰς
3481 3818 3807 3875 διδάσκαλον
3839 3828 3933 3876 καὶ

2323 3916 2410 3965 τόν
2438 3912 2710 3967 Φιλόπονον
2742 3913 2984 3971 Ἰωάννην
3041 3917 3129 3964 καὶ
3172 3914 3238 3964 τὰ
3274 3914 3461 3964 τούτου
3508 3911 3929 3985 συγγράμματα,

2324 4007 2414 4054 καὶ
2481 4000 2871 4064 ἀκολουθοῦντες
2937 4002 3076 4072 αὐτῷ
3143 4000 3201 4052 οῦ
3284 4005 3437 4074 μόνον
3513 3999 3560 4052 ἐν
3626 4006 3736 4062 τοῖς
3808 4006 3933 4075 περὶ

2324 4086 2553 4163 Τριάδος
2590 4089 2780 4162 λόγοις,
2838 4089 2966 4142 ἀλλὰ
3003 4095 3092 4142 καὶ
3132 4088 3180 4140 ἐν
3211 4097 3317 4151 τοῖς
3356 4093 3474 4163 περὶ
3507 4087 3795 4148 συντελείας
3834 4096 3932 4141 τοῦ

2325 4182 2582 4253 ὁρωμένου
2626 4185 2828 4251 κόσμου
2869 4184 2958 4232 καὶ
3005 4183 3249 4251 γενέσεως
3295 4187 3387 4231 τοῦ
3432 4198 3485 4231 τε
3538 4178 3796 4253 ὁρωμένου
3838 4184 3934 4231 καὶ

2322 4276 2414 4322 τοῦ
2488 4269 2772 4341 μέλλοντος,
2826 4273 2917 4320 καὶ
2970 4277 3158 4342 νεκρῶν
3221 4267 3579 4328 ἁναστὼσεως.
3649 4265 3811 4318 Οὗτοι
3871 4263 3934 4321 δὲ

2324 4360 2442 4411 οὔτε
2490 4362 2766 4426 Δαμιανὸν,
2817 4362 2934 4410 οὔτε
2986 4356 3208 4413 Παῦλον.
3251 4361 3368 4409 οὔτε
3415 4376 3502 4409 τον
3561 4358 3791 4427 ἔσχατον
3837 4360 3934 4408 Πέ-

550 4452 874 4527 accipiunt.
917 4454 1189 4525 Cumque
1238 4451 1402 4523 prius
1461 4452 1766 4506 Cononem
1821 4451 2208 4522 accepissent

2324 4467 2442 4523 τρον
2475 4444 2728 4519 δέχονται
2754 4464 2768 4478 ³
2811 4453 3055 4522 πρότερον
3094 4442 3153 4498 δὲ
3184 4442 3464 4518 δεχόμενοι
3505 4448 3733 4500 Κόνωνα.
3765 4444 3932 4496 ὔστε-

551 4544 772 4602 deinde
807 4559 947 4599 eum
995 4541 1349 4613 rejecerunt,
1387 4556 1458 4596 eo
1509 4539 1677 4612 quod
1730 4539 1860 4611 ipse
1916 4540 2211 4596 Joannem

550 4633 952 4703 Philoponum
987 4635 1044 4686 et
1081 4629 1214 4701 ejus
1259 4629 1481 4701 scripta
1523 4628 1856 4697 rejecisset;
1891 4632 1946 4684 et
1980 4629 2039 4684 in
2083 4629 2209 4686 suis

552 4723 628 4778 de
657 4720 937 4777 Trinitate
966 4718 1272 4775 sententiis
1302 4734 1438 4773 cum
1474 4717 1779 4773 Cononitis
1806 4718 2207 4782 consentiunt.

554 4816 610 4867 et
650 4808 953 4865 Tritheita:
993 4808 1388 4863 nominantur
1418 4806 1494 4861 ab
1521 4805 1945 4876 Angelianistis
1983 4814 2037 4862 et
2071 4810 2213 4862 Pan-

555 4897 813 4956 lianistis
841 4916 853 4954 ε
882 4912 1036 4966 quos
1063 4902 1119 4951 et
1150 4896 1264 4968 ipsi
1304 4895 1624 4951 nominant
1655 4911 1817 4951 nunc
1843 4895 2087 4966 quidem
2116 4897 2214 4951 Sa-

555 4988 952 5049 bellianistas,
999 5000 1162 5041 nunc
1225 5000 1368 5040 vero
1434 4985 1780 5042 Tetraditas.
1837 4987 1914 5040 De
1968 4985 2215 5040 visibilis

553 5075 765 5133 mundi
782 5074 1304 5132 consummatione
1323 5078 1377 5130 et
1395 5079 1769 5130 mortuorum
1783 5074 2215 5129 resurrectione

553 5164 872 5224 manifeste
903 5164 973 5221 iis
1018 5169 1427 5237 opponuntur.
1470 5164 1588 5236 Ipsi
1630 5164 1880 5235 quidem
1914 5163 2216 5219 Cononitm

552 5253 1019 5327 Philoponiacos
1067 5258 1287 5308 vocant
1326 5252 1694 5308 Sadducaaos
1739 5256 1795 5308 et
1824 5251 2212 5306 SimonianOs

552 5350 610 5401 et
640 5348 875 5401 Grmcos
905 5348 961 5400 et
988 5343 1434 5399 Valentinianos
1484 5348 1541 5398 et
1584 5342 1984 5397 Marcionitas.
2013 5346 2070 5395 et
2101 5343 2213 5395 Ma-

550 5434 819 5490 nichaeos
866 5437 922 5488 et
971 5432 1477 5502 Hermogenistas.
1522 5433 1587 5487 Et
1630 5430 2038 5501 Philopouiaci
2083 5430 2211 5484 haec

545 5522 797 5579 nomina
823 5521 1129 5579 Cononitis
1152 5524 1382 5593 aptant,
1399 5535 1471 5574 eo
1488 5519 1656 5592 quod
1687 5519 1891 5573 dicant
1912 5517 2208 5573 sensibilis

545 5613 730 5685 hujus
742 5611 952 5669 mundi
969 5612 1283 5670 materiam
1301 5607 1811 5680 incorruptibilem
1830 5623 2203 5680 permanere.

545 5702 851 5765 Cononitas
886 5717 1032 5765 vero
1078 5700 1299 5762 iisdem
1341 5697 1693 5758 nominibus
1731 5697 2198 5773 Philoponiacos

2320 4556 2410 4611 ρον
2455 4536 2611 4589 αὐτόν
2661 4535 2993 4604 ἆπεϐάλοντο,
3060 4534 3154 4587 διὰ
3212 4538 3272 4587 τὸ
3316 4532 3701 4586 ἀποϐάλλεσθαι
3740 4531 3934 4584 ἐκεῖνον

2320 4629 2562 4683 Ἰωάννην
2600 4630 2688 4677 τόν
2731 4625 3008 4680 Φιλοπονον
3061 4626 3247 4676 καὶτὰ
3282 4626 3471 4676 τούτου
3514 4624 3930 4694 συγγράμματα·

2319 4721 2409 4768 καὶ
2462 4714 2509 4767 ἓν
2562 4717 2651 4786 μὲν
2691 4721 2801 4775 τοῖς
2840 4718 2957 4786 περὶ
2995 4709 3225 4786 Τριαδος
3269 4711 3444 4783 λόγοις
3489 4708 3783 4783 συνᾴδουσι
3822 4718 3935 4772 τοῖς

2324 4808 2637 4865 Κονωνίταις
2685 4819 2700 4834 '

2322 4893 2755 4965 Ἀγγελιανιστὼν
2814 4893 2922 4948 'ita
2979 4892 3135 4948 cod.)
3178 4896 3269 4942 καὶ
3328 4890 3722 4943 Παυλιανιστῶν
3759 4904 3771 4916 ·

2323 4982 2558 5054 μάζουσι
2607 4977 2667 5033 δὲ
2715 4986 2806 5035 καὶ
2853 4981 3003 5032 αὐτοὶ
3046 4981 3270 5041 ἐκείνους
3306 4983 3428 5032 ποτὶ
3473 4981 3562 5052 μὲν
3604 4975 3933 5032 Σαϐελλιανι-

2327 5073 2473 5140 στὰς,
2517 5073 2640 5123 ποτε
2672 5067 2728 5122 δὲ
2757 5067 3075 5142 Τετραὸίτας
3102 5091 3115 5104 υ
3172 5068 3220 5121 ἐν
3261 5065 3320 5121 δὲ
3362 5076 3435 5139 τῷ
3480 5072 3594 5142 περὶ
3640 5067 3935 5129 συντελείας

2322 5166 2414 5211 τοῦ
2470 5160 2730 5231 ὁρωμένου
2772 5164 2976 5232 κόσμου
3022 5164 3110 5211 καὶ
3156 5166 3345 5233 νεκρῶν
3393 5156 3731 5216 ἀναστάσεως
3779 5154 3934 5207 ἐναν-

2769 4807 2859 4855 καὶ
2917 4805 3184 4875 Τριθείται
3250 4801 3596 4874 ὀνομάζονται
3660 4802 3760 4851 ὑπὸ
3826 4808 3934 4851 τῶν

3814 4887 3934 4940 ὄνο-

2322 5256 2557 5300 τιοῦνται
2610 5257 2836 5322 φανερῶς
2885 5248 3084 5310 αὐτοῖς.
3136 5252 3237 5300 Καὶ
3292 5243 3433 5299 οὗτοι
3481 5249 3570 5318 μὲν
3613 5248 3662 5298 οἱ
3711 5252 3933 5298 Κονωνί-

2321 5357 2409 5389 ται
2469 5342 2589 5400 τοὺς
2653 5338 3052 5399 Φιλοπονιακοῦς
3122 5338 3355 5396 ἅπαντας
3417 5336 3633 5388 καλοῦσι
3690 5330 3907 5387 Σαδὸου

2320 5434 2518 5497 καίους,
2567 5432 2657 5481 καὶ
2716 5430 3080 5499 Σιμωνιανοὺς,
3113 5429 3203 5478 καὶ
3257 5424 3527 5495 Ἕλληνας,
3582 5429 3673 5477 καὶ
3709 5422 3933 5477 Οὐαλεν-

2316 5522 2594 5585 τινιανοῦς,
2663 5521 2753 5570 καὶ
2794 5518 3221 5588 Μαρκιωνιστὰς,
3272 5519 3364 5567 καὶ¹
3420 5518 3776 5586 Μανιχαίους,
3835 5517 3932 5565 καὶ

2312 5608 2748 5680 Ἐρμογενιαστὰς
2814 5603 3239 5668 ἀποκαλοῦντες·
3291 5610 3381 5656 καὶ
3446 5606 3496 5655 οἱ
3557 5606 3646 5675 μὲν
3706 5601 3933 5656 Φιλοπο-

2310 5699 2482 5755 νιακοὶ
2518 5698 2586 5755 τὰ
2620 5694 2852 5772 ὀνόματα
2877 5702 3048 5750 ταῦτα
3083 5702 3193 5773 τοῖς
3235 5698 3549 5768 Κονωνίταις
3585 5694 3931 5772 προσάπτου-
