4136 6382
484 287 552 341 55

1834 272 2105 334 NICETE
2143 270 2516 330 CHONIATJE

3790 271 3856 326 56

483 406 670 464 bilem
699 404 1039 478 acciperent
1065 401 1411 460 ﬁrmitatem
1455 416 1527 459 ac
1555 400 1940 459 soliditatem.
1986 400 2135 456 San-

2258 403 2544 450 σιαστικῶν
2578 391 2859 470 δογμάτων
2886 394 3087 472 ἀρραγῆ
3151 393 3411 447 λαϐόντων
3468 391 3756 467 βεϐαίωσίν
3803 411 3859 446 τε

485 500 583 553 cta
601 495 781 566 igitur
813 497 871 551 et
899 492 1275 549 acumenica
1301 490 1677 549 Chalcedone
1706 490 1917 547 habita
1961 504 2141 561 syno-

486 584 604 641 dus
624 582 881 640 breviter
901 598 1113 639 eorum
1144 580 1419 638 meminit
1448 597 1586 654 qua
1616 581 1777 637 dicta
1804 583 1946 636 sunt
1964 578 2042 634 ab
2069 577 2141 633 iis

486 673 592 746 qui
613 688 801 729 unam
821 672 881 729 in
915 671 1145 728 Christo
1165 675 1450 727 naturam
1475 669 1877 742 compositam
1900 668 2140 723 docent.

487 764 636 818 Eam
666 776 867 835 porro,
900 765 969 817 ut
1015 776 1088 817 ex
1131 759 1338 817 multis
1376 775 1574 833 pauca
1602 758 1825 818 dicam.
1878 762 2141 814 mentem

488 850 775 908 exhibent
813 865 950 922 qua
1003 848 1062 904 in
1113 847 1344 923 proprii
1400 846 1701 918 dogmatis
1732 844 2144 903 defensionem

485 939 671 1012 impie
694 943 1064 1015 proponunt.

491 1081 803 1153 Expositio
828 1081 1265 1138 nonnullorum
1316 1080 1581 1149 capitum
1620 1093 1657 1136 a
1705 1076 2148 1148 Monophysitis

1089 1169 1555 1240 propositorum.

569 1279 654 1333 18.
696 1278 903 1333 Utrum
953 1292 1026 1333 ex
1074 1275 1335 1331 duarum
1388 1274 1448 1330 in
1506 1274 1736 1330 Christo
1791 1276 2149 1330 naturarum

493 1365 717 1422 unione
746 1363 970 1421 factum
997 1362 1331 1436 estaliqmd
1364 1379 1577 1429 unum,
1605 1361 1855 1419 annon?
1883 1362 1938 1417 Si
1968 1361 2152 1431 igitur

492 1470 618 1513 non
651 1454 725 1510 sit
750 1453 974 1510 factum
998 1452 1228 1526 aliquid
1262 1468 1476 1522 unum,
1505 1450 1817 1526 quomodo
1851 1455 1908 1507 et
1946 1450 2149 1506 unitas

492 1543 676 1599 tuisse
716 1558 821 1598 eas
867 1542 1182 1598 dicemus?
1214 1540 1366 1606 Quid
1419 1541 1578 1597 enim
1632 1545 1722 1596 est
1780 1539 1946 1596 aliud
1994 1539 2151 1595 uniri

492 1647 682 1706 quam
713 1646 902 1688 unum
934 1630 1112 1687 ﬁeri?
1141 1633 1269 1687 Non
1292 1629 1454 1686 enim
1484 1645 1593 1702 per
1616 1629 2148 1695 illuminationem,

494 1723 559 1777 ut
588 1718 663 1776 de
706 1718 1036 1793 prophetis,
1076 1717 1364 1775 unionem
1408 1718 1788 1775 conﬁtemur.
1839 1716 1894 1775 Si
1949 1722 2150 1774 autem

493 1825 567 1865 ex
583 1807 842 1866 duarum
857 1812 1213 1865 naturarum
1225 1807 1448 1864 unione
1477 1823 1667 1863 unum
1687 1806 1914 1880 aliquid
1928 1806 2150 1862 factum

495 1902 607 1967 est,
638 1896 786 1966 quid
831 1897 1011 1969 igitur
1051 1902 1143 1953 est
1186 1896 1352 1953 aliud
1377 1897 1617 1954 unum?
1668 1899 1874 1954 Utrum
1923 1910 2147 1951 nomen

492 2001 830 2055 vanum,an
847 2004 939 2043 res
955 1986 981 2042 ?
1004 1985 1061 2044 Si
1086 1986 1265 2057 igitur
1285 2001 1508 2043 nomen
1526 1985 1912 2043 solummodo
1926 2000 2153 2041 vanum

494 2080 651 2133 esset
670 2076 796 2133 sine
814 2092 898 2145 re,
912 2092 1036 2133 non
1049 2079 1250 2132 essent
1270 2076 1450 2133 unita
1462 2080 1692 2132 natura
1711 2092 1723 2141 ;
1753 2073 2153 2148 quemadmo-

494 2165 645 2223 dum
665 2171 724 2223 et
753 2165 1024 2223 sidereus
1054 2165 1224 2223 canis
1257 2168 1315 2222 et
1343 2163 1658 2235 terrestris,
1689 2180 1797 2238 per
1823 2163 2019 2220 solum
2049 2178 2154 2219 no-

496 2270 640 2312 men
660 2255 951 2312 unitatem
974 2253 1294 2324 habentes,
1338 2268 1463 2310 non
1494 2252 1643 2310 uniti
1674 2258 1813 2309 sunt
1842 2268 1950 2325 per
1979 2255 2153 2308 natu-

494 2360 618 2414 ras,
640 2359 840 2418 neque
869 2342 1046 2401 realis
1069 2343 1257 2400 homo
1269 2345 1327 2399 et
1353 2342 1458 2416 qui
1474 2341 1798 2416 inscriptus
1828 2346 1948 2398 est:
1975 2341 2024 2396 si
2048 2340 2152 2410 igi-

494 2437 593 2491 tur
611 2437 844 2490 natura
871 2433 933 2490 in
963 2436 1261 2508 quantum
1289 2435 1430 2489 sunt
1476 2431 1785 2503 uniuntur,
1835 2434 1889 2486 et
1916 2430 2052 2486 ideo
2081 2444 2155 2485 ex

496 2536 710 2579 earum
727 2521 973 2587 unione,
988 2536 1209 2594 nempe
1226 2519 1686 2594 compositione,
1705 2534 1898 2576 unum
1926 2516 2156 2590 aliquid

492 2611 667 2669 facta
687 2614 849 2681 sunt,
866 2626 991 2667 non
1012 2609 1073 2666 id
1099 2613 1188 2667 est
1214 2625 1445 2667 vanum
1471 2607 1832 2676 nomen,sed
1857 2607 2153 2664 res.Siau-

493 2705 614 2759 tem
643 2717 760 2769 res,
786 2704 988 2757 utrum
1013 2699 1076 2757 id
1105 2702 1325 2757 natura
1348 2702 1457 2771 est,
1487 2713 1709 2771 nempe
1736 2698 2155 2766 essentia,esse

491 2789 724 2863 aliquid
753 2805 828 2846 ex
858 2788 1208 2846 substantia
1251 2785 1709 2846 accidentibus?
1738 2787 1920 2857 igitur
1958 2786 2007 2843 si
2048 2800 2157 2861 per

492 2878 695 2953 ipsum
724 2894 859 2935 esse
886 2884 1118 2936 natura
1147 2878 1329 2935 unita
1364 2881 1528 2948 sunt,
1563 2881 1621 2934 et
1661 2877 1799 2934 ideo
1831 2892 2024 2933 unum
2054 2875 2157 2932 ali-

490 2968 642 3043 quid
685 2984 758 3026 ex
801 2983 1013 3025 earum
1052 2968 1276 3025 unione
1320 2966 1646 3042 perﬁcitur,
1698 2982 1897 3041 neque
1926 2983 2156 3025 vanum

491 3072 721 3115 nomen
752 3060 861 3124 est,
892 3073 1092 3131 neque
1130 3056 1481 3114 substantia
1523 3055 1841 3130 quoddam
1873 3057 2156 3113 accidens

497 3151 554 3205 et
583 3161 987 3221 consequens,
1019 3144 1512 3203 concludendum
1555 3150 1644 3202 est
1691 3144 1841 3202 illud
1889 3162 2019 3202 esse
2068 3162 2158 3203 es-

492 3236 749 3294 sentiam
803 3240 908 3294 aut
952 3239 1238 3293 naturam
1286 3252 1301 3292 :
1369 3235 1776 3307 supponimus
1836 3250 1999 3292 nunc
2049 3253 2159 3308 per

489 3332 813 3400 utramque
859 3341 1074 3383 vocem
1112 3323 1277 3382 idem
1308 3323 1656 3395 signiﬁcari,
1689 3340 1797 3397 per
1826 3326 2155 3383 essentiam

489 3431 714 3489 nempe
732 3419 1107 3473 etnaturam.
1128 3415 1186 3472 Si
1206 3413 1388 3484 igitur
1416 3428 1604 3469 unum
1627 3412 1775 3469 illud
1800 3428 1874 3470 ex
1894 3414 2156 3473 duarum

488 3510 850 3564 naturarum
896 3503 1230 3578 perfectum
1283 3501 1507 3559 unione
1537 3507 1755 3560 natura
1784 3508 1892 3577 est,
1935 3505 2159 3563 scilicet

490 3595 774 3662 essentia,
822 3600 979 3651 recte
1019 3608 1165 3664 ergo
1204 3608 1396 3650 unam
1427 3608 1563 3649 esse
1592 3596 1872 3650 naturam
1918 3594 2154 3652 Domini

491 3684 711 3741 Christi
741 3687 879 3757 post
910 3683 1201 3740 unionem
1223 3682 1606 3753 conﬁtemur,
1637 3698 1997 3757 quanquam
2028 3701 2154 3742 non

491 3772 854 3846 simplicem,
897 3773 1003 3829 sed
1034 3773 1442 3846 compositam
1492 3788 1629 3829 eam
1693 3789 1824 3830 esse
1868 3773 2150 3831 dicimus.

490 3867 722 3921 Nomen
742 3863 904 3920 enim
932 3862 1198 3919 Christus
1215 3878 1338 3919 non
1368 3866 1564 3936 potest
1588 3862 1901 3936 utriusque
1923 3868 2153 3920 natura

489 3951 885 4009 indicativum
919 3968 1069 4011 esse.
1095 3952 1151 4010 Si
1172 3951 1333 4010 enim
1354 3967 1478 4008 non
1508 3955 1668 4009 esset
1696 3951 1925 4024 aliquid
1939 3968 2152 4023 unum,

489 4040 657 4115 quod
685 4057 758 4098 ex
808 4040 1072 4098 duarum
1122 4046 1484 4099 naturarum
1541 4040 1769 4096 unione
1822 4040 2149 4114 perﬁcitur,

487 4129 866 4203 impossibile
897 4136 1051 4187 esset
1080 4131 1207 4186 sive
1240 4130 1316 4186 de
1346 4129 1553 4186 anima
1585 4133 1644 4186 et
1673 4145 1926 4203 corpore
1957 4146 2151 4189 unum

486 4218 754 4277 hominis
795 4234 1019 4276 nomen
1060 4217 1375 4292 appellari,
1408 4218 1532 4273 sive
1564 4217 1641 4274 de
1680 4217 1890 4276 Christi
1934 4220 2151 4279 divini-

486 4314 607 4368 tate
632 4311 691 4365 et
711 4308 1110 4379 humanitate,
1133 4306 1248 4365 nisi
1272 4323 1346 4364 ex
1384 4306 1456 4363 iis
1499 4323 1691 4366 unum
1724 4307 1874 4382 quid
1922 4308 2150 4370 factum

488 4398 587 4471 sit,
608 4398 833 4459 .Christi
859 4414 1087 4458 nomen
1106 4397 1345 4472 utrique
1372 4395 1527 4455 dari.

753 4598 803 4655 Α
815 4597 899 4655 tia
926 4595 1499 4669 Menophysilarum
1527 4597 1877 4667 propositio.

560 4705 648 4761 19.
680 4704 739 4763 Si
762 4703 978 4763 Christi
1004 4706 1234 4762 natura
1256 4702 1440 4761 unita
1470 4702 1609 4760 dua
1656 4708 1801 4761 sunt
1827 4704 1944 4773 vel,
1978 4707 2148 4780 quod

486 4793 650 4852 idem
675 4797 870 4865 sonat,
887 4794 1167 4850 essentia
1186 4793 1485 4867 (essentia
1511 4794 1673 4850 enim
1692 4800 1833 4851 sunt
1852 4795 2061 4854 divina
2091 4801 2149 4854 et

483 4884 760 4941 humana
771 4883 981 4957 procul
993 4883 1281 4952 duliio,ex
1294 4883 1516 4956 quibus
1530 4889 1882 4941 naturarum
1897 4886 2147 4959 duplici-

483 4973 621 5030 tatis
632 4988 858 5030 nomen
875 4973 1390 5045 inferunt),utrum
1407 4972 1753 5046 alterquam
1769 4974 1819 5045 ej
1832 4992 1899 5029 us
1915 4982 2142 5032 natura

484 5064 876 5133 Christusest,
896 5079 971 5121 an
993 5064 1153 5121 idem
1174 5080 1244 5121 ac
1266 5065 1396 5135 ejus
1424 5065 1693 5121 natura?
1712 5065 1769 5121 Si
1792 5064 1973 5138 igitur
1994 5066 2144 5122 alter

480 5156 571 5209 est
597 5167 669 5209 ac
693 5152 826 5223 ejus
859 5159 1090 5209 natura
1121 5153 1407 5219 Christus,
1443 5153 1579 5226 quis
1612 5158 1723 5218 est,
1756 5159 1820 5209 ut
1843 5153 1991 5209 alter
2011 5171 2141 5210 esse

478 5242 715 5314 possit?
744 5242 858 5299 Sed
908 5242 1055 5298 nihil
1094 5243 1347 5299 alterum
1380 5248 1471 5300 est
1500 5259 1572 5299 ac
1602 5246 1735 5314 ejus
1769 5248 1984 5299 natura
2037 5249 2141 5301 aut

477 5331 759 5388 essentia.
796 5332 851 5389 Si
874 5334 1024 5387 enim
1053 5333 1318 5388 hominis
1348 5338 1594 5398 natura,
1618 5333 1943 5387 essentiam
1977 5333 2137 5403 dico,

474 5419 535 5474 in
566 5436 638 5474 eo
669 5421 938 5477 consistit
973 5421 1139 5494 quod
1161 5428 1249 5479 est
1275 5421 1502 5477 animal
1545 5420 1843 5476 rationale
1883 5422 2134 5479 mortale

472 5508 1044 5589 (deﬁnitioneseuim
1061 5529 1259 5568 rerum
1279 5528 1486 5567 earum
1507 5510 1802 5566 essentias
1821 5510 2130 5583 indicant),

469 5597 520 5652 si
548 5598 734 5657 homo
758 5601 905 5674 quid
929 5601 1237 5658 diversum
1252 5600 1326 5657 sit
1357 5615 1393 5656 a
1417 5616 1528 5655 sua
1542 5599 1827 5667 essentia,
1851 5615 1970 5656 non
1994 5617 2130 5673 pro-

2250 489 2339 538 καὶ
2366 489 2686 557 παγιότητοι.
2728 483 2783 539 ἰι
2843 484 2969 558 ἁγία
3003 480 3052 538 δ’
3088 479 3176 538 οὖν
3225 489 3314 537 καὶ
3362 482 3693 542 οἰκουιιενικὴ
3738 484 3858 536 σύν-

2251 571 2373 637 οδος
2398 576 2428 634 ἡ
2464 573 2513 628 ἐν
2558 570 2863 633 Χαλκηδόνι
2904 581 3153 629 συστᾶσα
3190 569 3285 627 διὰ
3333 571 3580 649 βραχέων
3620 570 3853 644 ἐμνήσθη

2251 671 2351 716 τῶν
2377 662 2659 737 λεγομένων
2724 665 2825 717 ύπό
2873 671 2972 718 τῶν
3009 667 3134 736 μίαν
3176 662 3260 716 ἐπὶ
3316 669 3552 735 Χριστοῦ
3604 657 3858 724 δοξαζόν-

2252 773 2351 807 των
2418 757 2573 827 φύσίν
2623 755 2865 808 σύνθετον
2895 768 2910 784 ⁸
2970 753 3073 807 εὶσὶ
3124 749 3201 821 δί,
3243 755 3311 815 ὡς
3367 750 3423 805 ἐκ
3467 751 3664 805 πολλῶν
3706 750 3861 823 ὀλίγοι

2257 841 2438 912 εἰπεῖν,
2492 845 2742 904 τοιαύτης
2791 841 2979 904 ἐννοίας
3027 841 3271 915 ἐχόμενα,
3322 840 3450 915 άπερ
3501 840 3572 903 εἰς
3625 859 3859 912 συνηγο-

2254 935 2373 1006 ρίαν
2412 938 2504 984 τού
2535 931 2728 986 οἰκείου
2759 927 3021 1006 δόγματος
3052 930 3248 992 ἀσεϐῶς
3276 930 3605 1006 προτιθέασι.

2256 1074 2503 1138 Ἕκθεσις
2551 1084 2703 1129 τινῶν
2756 1074 3043 1149 κεφαλαίων
3090 1074 3515 1149 προϐαλλομένων
3560 1076 3706 1150 παρὰ
3756 1081 3860 1128 τῶν

2856 1172 3250 1239 Μονορυσιτῶν.

2332 1273 2420 1333 ιη’.
2470 1278 2693 1348 Πότερον
2750 1273 2805 1327 ἐκ
2841 1283 2930 1335 τῆς
2982 1282 3081 1328 τῶν
3143 1272 3227 1327 ἐπὶ
3282 1280 3517 1349 Χριστοῦ
3574 1272 3862 1347 λεγομένων

2260 1358 2358 1416 δύο
2391 1366 2591 1436 φύσεων
2632 1363 2856 1425 ἐνώσεως
2888 1366 3063 1437 γέγονέ
3100 1384 3152 1416 τι
3192 1362 3262 1433 ἓν,
3307 1364 3336 1422 ᾖ
3391 1366 3488 1427 ο·3;
3532 1362 3591 1416 Εἰ
3631 1366 3720 1435 μὲν
3770 1363 3863 1415 οὖν

2259 1456 2331 1525 μὴ
2382 1455 2561 1525 γέγονέ
2615 1472 2667 1505 τι
2719 1451 2774 1517 ἐξ
2827 1454 2993 1505 αῧτῶν
3048 1452 3118 1522 ἓν,
3170 1460 3280 1514 πῶς
3323 1457 3413 1504 καὶ
3456 1452 3693 1511 ἡνῶσθαι
3731 1450 3864 1514 ὅλως

2261 1540 2419 1602 αὑτὰς
2459 1540 2697 1617 ἐροῦμεν;
2739 1548 2803 1595 Ti
2854 1544 2954 1618 γὰρ
3014 1540 3137 1594 ἄλλο
3187 1539 3301 1593 ἐστὶ
3330 1544 3389 1594 τὸ
3435 1542 3673 1601 ἡνῶσθαι
3722 1542 3749 1600 ἡ
3799 1543 3861 1593 τό

2261 1628 2308 1683 ἓν
2333 1635 2632 1703 γεγονέναι;
2666 1627 2790 1686 οὐδὲ
2831 1634 2932 1706 γὰρ
2973 1631 3087 1683 κατ’
3150 1629 3425 1705 ἔλλαμψιν,
3480 1632 3546 1691 ὡς
3598 1628 3682 1685 ἐπὶ
3735 1649 3869 1703 προ·

2185 1756 2221 1810 Β
2262 1727 2450 1791 φητῶν,
2496 1719 2843 1792 ὁμολογοῦμεν
2900 1723 2995 1778 τὴν
3056 1720 3269 1772 ἕνωσιν·
3308 1718 3351 1774 εἰ
3398 1714 3448 1772 δ’
3504 1718 3559 1772 ἐκ
3606 1726 3696 1780 τῆς
3745 1717 3868 1773 ἑνώ-

2263 1828 2388 1871 σςως
2448 1816 2547 1861 τῶν
2601 1805 2698 1862 δύο
2765 1811 2966 1883 φύσεων
3022 1809 3070 1863 ἓν
3128 1828 3179 1861 τι
3229 1812 3428 1881 γέγονε,
3480 1808 3533 1861 τί
3573 1827 3697 1862 ποτε
3758 1809 3870 1882 ἄρα

2258 1901 2411 1952 τούτό
2470 1896 2582 1950 ἔστι
2642 1901 2699 1951 τὸ
2761 1897 2852 1966 ἓν;
2917 1902 3137 1974 Πότερον
3196 1901 3356 1971 ὄνομα
3414 1902 3567 1972 μόνον
3606 1897 3781 1969 ψιλὸν,
3826 1899 3861 1960 ἦ

2261 1993 2509 2062 πράαίμας
2553 1987 2613 2041 Εἰ
2650 1989 2740 2061 μὲν
2770 1983 2858 2040 οὖν
2890 1991 3051 2060 ὄνομα
3096 2006 3248 2061 μονον
3295 1986 3447 2059 ψιλὸν
3488 1991 3564 2046 εἴη
3615 1990 3871 2063 πράγμα-

2261 2096 2347 2138 τος
2380 2081 2569 2150 χωρὶς,
2599 2076 2693 2129 οὐκ
2724 2079 2784 2128 οἶν
2823 2073 2919 2129 εἶεν
2964 2079 3019 2129 αἱ
3049 2080 3231 2150 γύσεις
3279 2078 3537 2150 fave-ipsum
3570 2094 3584 2109 ο
3627 2080 3696 2140 ὡς
3739 2074 3872 2134 οὐδε

2263 2169 2290 2220 ὁ
2323 2165 2554 2241 ἁστρῷος
2601 2169 2737 2219 κύων
2785 2171 2875 2219 καὶ
2914 2168 2939 2220 ὁ
2995 2174 3266 2242 χερσαῖος,
3307 2169 3445 2222 κατὰ
3505 2166 3658 2239 ψιλὸν
3710 2171 3871 2242 μόνον

2263 2264 2494 2329 τούνομα
2532 2259 2589 2308 τὸ
2644 2256 2693 2309 ἓν
2742 2258 2967 2330 ἔχοντες,
3022 2258 3273 2329 ἡνωμένοι
3338 2258 3473 2309 κατὰ
3536 2259 3629 2319 τὰς
3684 2258 3873 2330 φύσεις

2264 2347 2645 2419 τυγχάνουσιν,
2703 2342 2820 2399 add”
2870 2348 2895 2399 ὁ
2956 2345 3196 2409 ἀληθινὸς
3248 2348 3519 2421 ἄνθρωπος
3556 2351 3646 2400 καὶ
3696 2346 3722 2399 ὁ
3782 2365 3875 2419 7⁸·

2263 2440 2556 2510 γραμμένος
2595 2452 2610 2467 °
2644 2435 2830 2489 οὐκοῦν
2870 2435 2914 2489 εἰ
2961 2438 3016 2488 αἱ
3054 2439 3237 2509 φύσεις
3282 2437 3413 2489 καθὸ
3452 2438 3512 2489 τὸ
3542 2432 3672 2489 εἶναι
3709 2438 3874 2509 ἔχου-

2268 2544 2351 2578 σιν
2377 2527 2673 2593 ἠνωθησαν,
2705 2530 2796 2579 καὶ
2835 2521 2928 2579 διὰ
2982 2525 3137 2580 τοῦτο
3173 2525 3227 2579 ἐκ
3266 2532 3329 2585 τῆ
3342 2546 3363 2589 ς
3400 2525 3629 2591 ἑνὼσεως
3669 2525 3870 2596 αὐτῶν,

2264 2618 2427 2686 ἤγουν
2498 2616 2804 2683 συνθέσεως,
2877 2616 2927 2669 ἓν
2986 2634 3037 2668 τι
3099 2619 3335 2688 γέγονεν,
3388 2614 3483 2667 ούκ
3543 2616 3649 2691 ἄρα
3710 2614 3872 2687 ψιλὸν

2266 2707 2426 2777 ὄνομα
2476 2711 2631 2757 τοῦτο
2693 2702 2854 2771 ἔστιν,
2902 2702 3032 2757 ἀλλά
3076 2709 3335 2779 «pair/pa“
3398 2704 3441 2758 si
3507 2700 3566 2758 δὲ
3621 2709 3870 2780 πρᾶγμα,

2268 2799 2478 2871 πότερον
2509 2798 2667 2869 φύσις
2697 2798 2810 2849 ἐστὶ
2865 2803 3040 2862 τοῦτο,
3093 2800 3251 2867 ἤγουν
3290 2795 3468 2862 ούσία,
3529 2796 3559 2855 ἦ
3609 2803 3709 2849 τῶν
3745 2801 3874 2871 περὶ

2265 2888 2357 2943 τήν
2411 2884 2595 2937 οὐσίαν
2634 2904 2687 2936 τι
2736 2883 3183 2957 σνμϐεϐηκότων;
3243 2884 3447 2938 Ούκούν
3487 2884 3531 2938 εἰ
3572 2883 3685 2938 κατ’
3739 2884 3873 2939 αὐτὸ

2266 2977 2325 3027 τὸ
2352 2969 2480 3026 sisui
2520 2976 2701 3046 φύσεις
2750 2975 3049 3041 ἠνώθησαν,
3079 2979 3169 3027 καὶ
3219 2970 3314 3027 διὰ
3354 2981 3508 3029 τοῦτο
3538 2977 3597 3027 τὸ
3646 2974 3695 3028 ἓν
3723 2978 3781 3027 τὸ
3811 2974 3876 3029 ἐκ

2265 3070 2360 3125 τῆς
2421 3062 2648 3125 ένώσεως
2712 3061 2882 3115 ἀύτῶν
2932 3062 3268 3118 ἀποτελεσθὶν
3334 3067 3452 3117 οὔτε
3517 3062 3670 3136 ψιλόν
3727 3062 3873 3117 ἐστιν

2268 3155 2448 3224 ὄνομα,
2483 3156 2597 3207 οὔτε
2638 3150 2969 3226 συμϐεϐηκός
3024 3172 3075 3206 τι
3123 3158 3212 3207 καὶ
3262 3152 3714 3229 παρακολούθημα
3760 3155 3871 3226 φύ-

2270 3260 2415 3309 σεως,
2470 3240 2703 3295 λείπεται
2756 3240 2810 3306 ἐξ
2874 3240 3125 3315 ἀνάγκης,
3184 3241 3371 3295 οὐσίαν
3417 3239 3547 3297 εἶναι
3587 3248 3760 3314 τοῦτο,
3832 3244 3867 3304 ἣ

2268 3333 2424 3405 φύσιν
2484 3351 2497 3365 ·
2565 3332 2762 3385 κείσθω
2795 3333 2897 3404 γάρ
2949 3352 3037 3384 νυν
3085 3328 3141 3387 δί
3169 3331 3410 3406 ἐκατέρου
3441 3335 3629 3385 ταυτὸν
3667 3336 3874 3404 σημαί-

2265 3421 2468 3488 νεσθαι,
2511 3417 2607 3475 διὰ
2647 3430 2743 3483 τῆς
2773 3420 2979 3490 ούσίας,
3022 3425 3176 3495 φημὶ,
3216 3426 3307 3474 καὶ
3337 3429 3431 3483 τῆς
3458 3424 3652 3495 φύσεως
3676 3437 3690 3451 '
3722 3420 3765 3473 εἰ
3805 3418 3871 3475 δὲ

2266 3512 2324 3561 τὸ
2382 3508 2431 3563 ἓν
2479 3513 2537 3562 τὸ
2586 3509 2638 3564 ἐκ
2696 3518 2792 3572 τῆς
2835 3510 3063 3572 ἐνωσεως
3109 3518 3208 3562 τῶν
3254 3507 3352 3564 δύο
3400 3513 3599 3583 φύσεων
3629 3508 3873 3563 ἀποτετε-

2265 3598 2505 3672 λεσμένον
2543 3602 2698 3674 φύσις
2754 3602 2916 3667 ἐστὶν,
2957 3603 3120 3671 ἤγουν
3165 3599 3343 3671 ούσία,
3385 3606 3552 3662 καλῶς
3597 3600 3702 3675 ἄρα
3739 3603 3869 3672 μίαν

2265 3684 2395 3741 εἶναι
2450 3693 2543 3748 τὴν
2606 3692 2763 3762 φύσιν
2825 3696 2917 3742 τού
2975 3692 3235 3742 Δεσπότού
3295 3696 3529 3761 Χριστοῦ
3586 3690 3717 3761 μετά
3769 3693 3871 3747 τὴν

2264 3778 2448 3831 ἕνωσιν
2500 3779 2868 3852 ὁμολογοῦμεν,
2904 3777 2948 3832 εἰ
2985 3783 3075 3832 καὶ
3134 3783 3206 3851 μὴ
3258 3777 3445 3849 ἁπλῆν,
3513 3776 3641 3830 ἀλλὰ
3680 3779 3870 3831 σύνθε-

2262 3886 2348 3919 τον
2381 3866 2509 3922 εἶναι
2537 3871 2733 3929 ταύτην
2791 3872 2952 3941 φαμέν
2996 3885 3009 3900 ο
3040 3870 3099 3921 τὸ
3156 3870 3257 3942 γὰρ
3303 3871 3532 3942 Χριστὸς
3574 3871 3735 3939 ὄνομα
3763 3874 3871 3919 τῶν

2264 3960 2463 4030 φύσεων
2522 3957 2821 4033 ἀμφοτέρων
2871 3953 3002 4012 εἶναι
3042 3953 3332 4016 ὃηλωτικον
3383 3957 3441 4009 ού
3500 3953 3764 4012 δύναται’
3824 3956 3873 4012 εἰ

2260 4065 2360 4119 γαρ
2410 4051 2480 4120 μὴ
2516 4049 2594 4106 εἰη
2640 4068 2691 4101 τι
2738 4048 2784 4105 ἓν)
2815 4050 2870 4100 τὸ
2916 4045 2970 4099 ἐκ
3016 4054 3109 4108 τῆς
3148 4045 3371 4111 ἑνώσεως
3401 4053 3501 4099 τῶν
3535 4043 3632 4099 δύο
3664 4048 3868 4119 φύσεων

2263 4135 2739 4211 ἀποτετελεσμένον,
2806 4133 3064 4192 ἀδύνατον
3112 4136 3142 4197 ἢ
3187 4135 3269 4192 ἐπὶ
3329 4134 3515 4208 ψυχῆς
3565 4140 3655 4189 καὶ
3687 4141 3867 4207 σώμα-

2260 4245 2349 4290 τος
2396 4225 2445 4281 ἓν
2488 4229 2543 4282 τὸ
2574 4234 2665 4281 τοῦ
2709 4224 2983 4299 ἀνθρώπου
3036 4226 3451 4300 κατηγορεῖσθαι
3490 4228 3669 4298 ὄνομα,
3704 4223 3734 4286 ἣ
3782 4223 3872 4279 ἐπὶ

2260 4324 2357 4378 τῆς
2423 4323 2515 4370 τοῦ
2576 4323 2809 4391 Χριστοῦ
2888 4316 3131 4379 θεότητος
3192 4334 3246 4370 τε
3292 4318 3384 4369 καὶ
3441 4313 3861 4387 ἁνθρωπὸτητος,

2260 4402 2482 4478 μηδενὸς
2509 4405 2563 4472 ἐξ
2588 4405 2756 4459 αὐτῶν
2785 4407 2894 4467 ἕνὸς
2912 4409 3206 4479 γενομένου,
3238 4407 3329 4464 τήν
3359 4410 3596 4477 Χριστοῦ
3622 4402 3870 4477 λέγεσθαι

2183 4469 2226 4524 D
2258 4499 2618 4571 προσηγορίαν
2647 4494 2726 4549 ἐπ’
2754 4493 2968 4570 ἀμφοῖν.

2531 4601 2737 4678 Ἕτερον
2766 4600 3048 4677 πρόϐλημα
3066 4609 3164 4653 τῶν
3187 4607 3582 4674 Μονοφυσιτῶν.

2331 4710 2416 4769 ιϐ’,
2455 4713 2611 4783 Εἴπερ
2663 4712 2718 4762 αἱ
2768 4717 2859 4762 τοῦ
2913 4716 3151 4783 Χριστοῦ
3196 4711 3378 4781 φύσεις
3431 4708 3704 4761 ἐνωθείσαι
3761 4704 3865 4762 δύο

2254 4802 2607 4872 τυοχάνούσι,
2672 4802 2856 4852 ταυτὸν
2914 4795 2974 4852 δὲ
3028 4799 3189 4852 εἰπεῖν
3253 4800 3452 4866 ούσίαι,
3506 4796 3689 4851 οὐσίαι
3757 4800 3863 4872 γὰρ

2256 4887 2518 4948 δήπουθεν
2558 4891 2587 4948 ἦ
2639 4908 2692 4942 τε
2737 4891 2890 4943 θείου
2936 4893 3027 4941 καὶ
3085 4890 3115 4946 ἡ
3181 4885 3519 4962 ἀνθρώπειος,
3575 4888 3650 4960 ἐφ’
3692 4888 3759 4939 ὧν
3800 4893 3861 4941 τὸ

2252 4987 2348 5041 τῆς
2415 4975 2615 5041 δυάδος
2669 4987 2769 5031 τῶν
2833 4981 3035 5051 φύσεων
3097 4981 3342 5051 φέρουσιν
3391 4979 3574 5050 ὄνομα,
3643 4982 3862 5051 πότερον

2252 5070 2421 5143 ἕτερος
2477 5071 2733 5140 τυγχάνει
2784 5076 2883 5121 τῶν
2945 5068 3128 5121 ἑαυτοῦ
3188 5069 3390 5139 φύσεων
3457 5069 3482 5120 ὁ
3534 5070 3783 5140 Χριστὸς,
3828 5067 3860 5126 ἣ

2249 5161 2437 5209 ταυτὸν
2486 5157 2599 5210 ἐστι
2636 5165 2746 5218 ταῖς
2785 5157 2944 5210 αὐτοῦ
2990 5160 3247 5230 φύσεσιν;
3284 5156 3345 5210 Εἰ
3395 5159 3487 5229 μὲν
3551 5152 3637 5208 οὖν
3692 5157 3862 5230 ἕτερός

2249 5243 2363 5299 ἔστι
2419 5256 2518 5299 τῶν
2572 5247 2732 5300 αύτοῦ
2782 5250 2981 5321 φύσεων
3049 5247 3074 5298 ὁ
3115 5248 3374 5320 Χριστὸς,
3415 5250 3493 5308 τίς
3554 5245 3643 5313 ὢν,
3688 5245 3862 5317 ἕτερος

2249 5336 2416 5388 αύτὼν
2478 5339 2771 5409 τυγχάνει;
2821 5336 2956 5389 ’Λ).λ⁹
3004 5331 3156 5387 οὐδὲν
3207 5343 3309 5387 τῶν
3364 5336 3519 5387 ὄντων
3561 5344 3660 5396 τῆς
3696 5334 3862 5387 αύτοῦ

2248 5428 2445 5498 φύσεως
2499 5427 2529 5485 ἢ
2599 5426 2781 5486 οὐσίας
2828 5426 2995 5497 ἕτερον
3049 5423 3188 5476 ἐστιν
3225 5443 3237 5457 ο
3286 5422 3329 5476 εἰ
3379 5425 3480 5495 γὰρ
3536 5425 3566 5481 ἡ
3616 5430 3707 5476 τοῦ
3773 5422 3863 5476 ἀνα

2248 5517 2455 5589 Ορωπον
2520 5518 2695 5588 φύσις,
2755 5518 2874 5573 ἦτοι
2912 5513 3090 5577 οὐσία,
3150 5516 3208 5565 τὸ
3248 5512 3381 5573 ζῶον
3421 5512 3628 5583 λογικὸν
3670 5514 3858 5571 ονητόν

2245 5603 2404 5676 ἐστιν,
2456 5607 2505 5657 οἱ
2552 5603 2653 5679 γὰρ
2703 5605 2919 5678 ὁρισμοὶ
2975 5611 3077 5656 τῶν
3137 5603 3465 5679 πραγμάτων
3519 5610 3615 5665 τῆς
3662 5604 3857 5668 οὐσίας
