4136 6386
546 326 614 380 59

1112 452 1258 509 Alia
1275 452 1627 523 praposz‘tio.

614 580 710 634 22.
749 580 817 634 Et
845 578 921 635 de
957 579 1260 635 continuis
1303 594 1465 651 sape
1511 594 1837 637 numerum
1870 578 2197 645 aﬁ‘erimus,

543 671 628 737 ut,
662 667 830 723 verbi
861 668 1054 737 gratia
1072 668 1318 725 duobus
1346 668 1565 724 cubitis
1584 669 1832 739 longum
1860 684 1990 725 esse
2009 666 2198 741 quod-

542 756 685 813 dam
736 756 972 828 lignum
1017 758 1296 815 dicimus.
1342 758 1454 815 Sed
1494 762 1763 832 potentia
1794 764 2031 815 tantum
2074 757 2198 813 duo

542 861 735 901 unum
775 860 906 901 esse
935 846 1213 911 dicimus,
1242 861 1365 903 non
1394 863 1494 914 re;
1535 862 1608 903 eo
1636 847 1801 920 quod
1837 846 2196 903 divisionem

542 933 746 990 subire
778 939 1048 1006 potestet
1072 935 1197 992 duo
1225 935 1375 1002 ﬁeri,
1406 936 1642 1007 lignum
1662 936 1808 994 illud
1830 935 2076 992 duobus
2099 950 2196 991 cu-

540 1022 681 1080 bitis
705 1038 840 1080 esse
861 1024 1144 1081 dicimus.

1109 1152 1257 1208 Alia
1276 1154 1623 1223 propositio.

612 1278 705 1331 23.
744 1276 802 1331 Si
833 1276 1101 1333 Christus
1140 1293 1297 1334 unus
1347 1284 1436 1335 est
1483 1279 1728 1335 nomine
1775 1282 1834 1335 et
1873 1295 1957 1347 re,
1997 1279 2196 1336 omnis

541 1369 745 1419 autem
786 1363 1053 1421 dcﬁnitio
1105 1381 1291 1423 unam
1349 1371 1627 1424 naturam
1672 1367 1930 1433 indicat,
1965 1366 2077 1422 nisi
2122 1368 2196 1424 sit

542 1452 832 1523 ambigua
856 1472 869 1521 ;
894 1453 1101 1511 Christi
1126 1471 1417 1512 numerus
1444 1457 1622 1526 igitur
1650 1457 1825 1513 unius
1854 1460 2085 1513 naturas
2104 1460 2196 1513 est

538 1541 939 1607 indicativus;
967 1542 1013 1598 si
1046 1548 1248 1600 autem
1285 1546 1620 1602 secundum
1659 1562 1773 1602 nos
1815 1546 1953 1602 duas
1985 1545 2195 1602 Christi

538 1634 769 1685 naturas
807 1629 961 1687 duas
990 1630 1216 1688 habent
1246 1632 1627 1689 deﬁnitiones
1658 1649 1778 1689 non
1824 1633 1987 1689 idem
2017 1633 2197 1703 signi-

537 1718 807 1783 ﬁcantes,
840 1726 899 1775 et
925 1719 1192 1777 Christus
1222 1722 1421 1787 igitur,
1452 1740 1589 1779 cum
1613 1739 1771 1778 unus
1803 1724 1899 1792 sit,
1920 1723 2077 1778 duas
2095 1722 2195 1778 de-

1893 326 2163 384 NICETE
2203 324 2287 381 CH
2296 325 2576 385 ONIATE

3846 338 3913 391 60

2231 450 2279 504 Δ

2841 452 3046 530 Ἕτερον
3076 455 3274 531 πρόϐλη
3279 478 3375 529 μα.

2381 575 2486 649 κβ.
2542 581 2642 631 Καὶ
2692 580 2776 631 ἐπὶ
2832 587 2933 631 τῶν
2980 588 3216 651 συνεχῶν
3257 580 3503 642 πολλάκις
3561 587 3773 656 φέρομεν
3825 588 3910 636 τὸν

2308 666 2529 740 ἀριθμὸν
2578 664 2676 720 δύο
2724 672 2839 744 φερε
2878 668 3034 722 εἰπεῖν
3083 676 3299 742 πήχεων
3342 675 3401 723 τὸ
3454 671 3603 735 ξύλον
3663 672 3906 744 λέγοντιςο

2308 755 2437 808 ἀλλὰ
2482 754 2703 829 δυνάμει
2748 754 2846 810 δύο
2903 762 3064 831 φαμὲν
3112 757 3241 812 εἶναι
3287 764 3347 813 τὸ
3396 760 3467 828 ἓν,
3508 760 3603 813 ούκ
3648 759 3899 836 ἐνεργείᾳ.

2305 855 2378 917 τῷ
2427 842 2487 899 δὲ
2536 843 2798 901 δύνασθαι
2843 854 3007 921 τομὴν
3045 850 3335 923 ὑπομένειν,
3378 855 3468 903 καὶ
3512 847 3611 904 δύο
3647 854 3908 924 γενέσθαι,

2304 938 2470 1009 ταύτῃ
2505 940 2666 1009 φαμὲν
2696 937 2822 990 αύτό
2862 934 2961 991 δύο
2985 946 3135 991 τινῶν
3165 944 3382 1011 πήχεων
3408 939 3558 1005 εἶναι,

2835 1148 3043 1223 Ἕτερον
3072 1148 3371 1223 πρόϐλημα.

2377 1277 2475 1349 κγ’·
2512 1277 2571 1330 Εἰ
2600 1278 2625 1329 ὁ
2653 1280 2882 1351 Χριστὸς
2908 1273 2981 1339 εἷς
3005 1274 3143 1329 ἔστιν
3171 1275 3386 1349 ὀνόματί
3413 1296 3468 1329 τε
3497 1280 3587 1329 καί
3612 1277 3910 1349 πράγματι,

2304 1372 2407 1428 πᾶς
2452 1362 2511 1418 δε
2563 1367 2784 1437 ὁρισμὸς
2847 1362 2920 1426 εἷς
2975 1365 3065 1433 ὧν,
3112 1364 3156 1417 εἰ
3210 1370 3281 1437 μὴ
3352 1364 3620 1437 ὁμώνυμος
3660 1366 3759 1431 εἴη,
3788 1369 3912 1435 μιᾶς

2306 1460 2504 1529 φύσεως
2528 1452 2819 1518 δηλωτικός
2846 1452 2978 1507 ἔστι·
3008 1458 3098 1506 καὶ
3119 1454 3144 1506 ὀ
3165 1462 3257 1506 τού
3282 1461 3518 1526 Χριστοῦ
3540 1455 3644 1527 dp:
3665 1452 3909 1526 ἀριθμὸς.

2304 1551 2430 1619 μιᾶς
2449 1554 2544 1607 τῆς
2566 1544 2725 1596 αὐτοῦ
2752 1546 2953 1616 φύσεως
2975 1539 3267 1604 δηλωτικός
3292 1541 3451 1597 ἐστιν.
3477 1543 3536 1596 Εἰ
3561 1539 3621 1596 δὲ
3650 1542 3914 1614 καθ’ύμᾶς

2304 1635 2361 1688 αἰ
2396 1642 2489 1687 τοῦ
2530 1640 2763 1707 Χριστοῦ
2795 1629 2893 1686 δύο
2924 1634 3100 1704 φύσεις
3132 1628 3229 1684 δύο
3276 1634 3495 1704 ἔχουσιν
3533 1632 3805 1706 ὁρισμοὺς,
3844 1631 3908 1684 ού

2303 1727 2462 1777 ταυτὸ
2512 1719 2816 1783 δηλοῦντας,
2875 1726 2964 1773 καὶ
3008 1721 3033 1773 ὁ
3081 1724 3310 1793 Χριστὸς
3365 1722 3488 1795 ἄρα,
3538 1718 3605 1781 εἰς
3656 1720 3744 1779 ὢν,
3805 1716 3909 1773 δύο

536 1806 840 1865 ﬁnitiones
857 1825 979 1865 non
1002 1809 1160 1866 idem
1189 1811 1594 1882 signiﬁcantes
1616 1811 1892 1868 habebit.
1916 1813 1967 1869 Si
1994 1816 2192 1869 autem

2305 1816 2553 1889 ὁρισμούς
2573 1812 2672 1876 ἕξει
2700 1812 2760 1865 ού
2786 1815 2946 1865 ταυτό
2971 1808 3005 1864 δ
3009 1811 3277 1873 ηλοῦνταςο
3302 1811 3346 1864 εἰ
3384 1808 3419 1861 δ
3423 1810 3445 1864 ἑ
3468 1831 3620 1864 τουτο
3648 1807 3907 1863 ἀδυνατον

538 1895 603 1952 id
631 1897 1005 1969 impossibile
1027 1904 1120 1955 est
1148 1901 1370 1961 (omnis
1398 1902 1560 1957 enim
1586 1902 1671 1958 rei
1694 1902 1872 1957 unius
1892 1901 2111 1958 existen
2122 1901 2193 1957 tis

538 1986 725 2043 unica
753 1992 848 2044 est
876 1987 1193 2060 deﬁnitio),
1225 2005 1346 2047 non
1383 1990 1564 2060 igitur
1599 1991 1756 2048 duas
1782 1991 2030 2048 habebit
2053 1991 2196 2047 deﬁ-

538 2076 797 2132 nitiones
825 2078 1118 2134 Christus.
1152 2080 1210 2137 Si
1239 2080 1324 2135 ita
1347 2086 1459 2146 est,
1487 2096 1681 2153 neque
1702 2081 1842 2137 dure
1870 2087 2042 2138 erunt
2064 2082 2195 2152 ejus

535 2170 766 2222 natura
791 2184 805 2233 ;
837 2166 1088 2237 singulae
1108 2168 1269 2224 enim
1289 2168 1665 2226 deﬁnitiones
1698 2185 1883 2227 unam
1914 2176 2196 2229 naturam

538 2254 902 2326 signiﬁcant,
938 2256 1063 2314 sive
1091 2257 1396 2332 simplices
1427 2258 1550 2316 sive
1572 2260 1942 2333 compositus.

1288 2401 1440 2457 Alia.

610 2524 700 2575 24.
743 2520 799 2577 Si
829 2537 1052 2578 nomen
1082 2523 1347 2581 Christus
1380 2540 1499 2580 non
1536 2525 1883 2582 substantiae
1917 2526 2192 2584 indicati-

535 2623 685 2664 vum
715 2614 828 2677 est,
882 2611 988 2666 sed
1031 2612 1349 2683 cujusdam
1395 2619 1624 2670 naturae
1674 2614 2074 2671 accidentium
2121 2632 2193 2672 ex

535 2697 765 2754 unione
794 2706 1087 2768 crtorum,
1120 2707 1474 2760 naturarum
1509 2720 1646 2777 quae
1667 2703 1803 2760 duae
1833 2705 2007 2761 facta;
2029 2711 2187 2776 sunt,

534 2785 928 2845 indicativum
967 2794 1075 2846 est.
1107 2794 1227 2847 Hoc
1260 2798 1463 2849 autem
1493 2793 1640 2849 nihil
1682 2794 1847 2850 aliud
1887 2801 1975 2852 est
2002 2811 2190 2865 quam

534 2881 892 2933 naturarum
933 2878 1215 2936 relativus
1245 2881 1508 2938 habitus.
1553 2886 1693 2939 Duas
1723 2889 1927 2940 autem
1960 2893 2191 2941 natura;

533 2965 632 3021 vel
659 2966 841 3023 unitas
870 2976 1183 3025 remanent
1213 2971 1272 3027 in
1313 2971 1583 3039 Christo;
1623 2973 1960 3030 secundum
2010 2975 2194 3044 igitur

533 3069 759 3111 vanum
806 3055 1193 3115 solummodo
1237 3060 1515 3118 habitum
1562 3068 1914 3119 naturarum
1947 3063 2190 3119 alterius

535 3158 676 3200 cum
703 3143 889 3202 altera
926 3146 1084 3203 facta
1114 3154 1203 3203 est
1240 3150 1423 3218 unio;
1458 3155 1524 3206 ut
1549 3149 1766 3207 dicitur
1805 3151 1882 3207 de
1920 3152 2106 3208 choro
2134 3156 2192 3209 et

534 3231 740 3299 domo,
769 3239 825 3289 et
854 3235 1004 3292 urbe
1033 3241 1091 3292 et
1118 3236 1422 3310 lapidibus
1455 3246 1514 3295 et
1547 3240 1725 3311 lignis
1763 3240 1983 3314 quibus
2014 3257 2188 3298 cons-

534 3326 621 3379 tat
638 3322 979 3397 aadiﬁcium,
999 3326 1523 3399 quemadmodum
1543 3333 1602 3386 et
1625 3329 1928 3386 Nestorius
1949 3330 2190 3388 docuis-

532 3425 598 3466 se
624 3412 933 3485 reperitur.

1282 3541 1448 3598 Alia.

604 3664 698 3721 25.
738 3661 796 3719 Si
821 3678 961 3734 quas
988 3662 1277 3722 uniuntur
1306 3681 1494 3723 unum
1525 3667 1697 3734 ﬁunt,
1721 3685 1860 3742 quae
1889 3686 2011 3727 non
2038 3671 2192 3728 ﬁunt

533 3765 727 3806 unum
759 3750 1013 3808 omnino
1059 3767 1182 3809 non
1236 3754 1565 3825 uniuntur;
1612 3758 1658 3813 si
1689 3757 1871 3827 igitur
1903 3759 2040 3816 dua:
2078 3776 2190 3817 nec

532 3854 660 3895 una
688 3843 831 3896 sunt
862 3840 1067 3897 Christi
1101 3848 1351 3910 naturas,
1375 3844 1531 3918 dyas
1575 3853 1799 3913 autem,
1831 3865 1968 3904 cum
1998 3849 2191 3921 dupli-

531 3927 682 3984 citas
708 3928 803 3997 sit,
834 3929 1148 3988 divisionis
1188 3932 1513 3991 indicativa
1542 3941 1651 4004 est,
1693 3937 1764 4005 si,
1808 3954 1946 4010 qua:
1992 3937 2192 3995 divisa

533 4020 693 4082 sunt,
721 4032 844 4073 non
877 4023 1020 4074 sunt
1050 4019 1239 4090 unita,
1264 4038 1385 4079 non
1410 4024 1594 4093 igitur
1613 4024 1793 4080 uniwe
1818 4030 1960 4080 sunt
1979 4026 2190 4082 Christi

532 4109 791 4172 naturae;
824 4106 871 4161 si
900 4106 1102 4179 igitur.
1125 4124 1196 4164 eo
1223 4111 1389 4181 quod
1419 4127 1542 4167 non
1572 4112 1850 4167 immistae
1878 4113 2016 4178 sint,
2035 4114 2191 4169 duas

532 4207 667 4248 esse
710 4193 922 4251 Christi
952 4200 1201 4252 naturas
1234 4204 1500 4267 censent,
1533 4216 1781 4256 necesse
1810 4207 1918 4268 est,
1949 4207 2190 4275 propter

531 4281 842 4351 unionem,
875 4288 941 4341 ut
968 4300 1153 4341 unam
1191 4287 1321 4358 ejus
1349 4294 1632 4346 naturam
1660 4289 1883 4346 dicant.

1273 4413 1440 4470 Alia.

602 4534 693 4587 26.
735 4533 862 4589 Non
892 4539 1041 4606 quot
1061 4535 1480 4608 cujuscunque
1502 4536 1584 4593 rei
1604 4543 1743 4594 sunt
1768 4541 2183 4613 proprietates,
2215 4549 2258 4603 D

528 4624 615 4676 tot
643 4625 701 4676 et
737 4620 919 4692 hujus
952 4627 1095 4679 sunt
1137 4631 1387 4679 naturae.
1431 4626 1531 4681 Vel
1578 4628 1740 4683 enim
1790 4629 1937 4685 nihil
1975 4646 2184 4687 eorum

529 4726 665 4783 quae
688 4711 997 4784 propriam
1025 4713 1251 4770 habent
1271 4716 1700 4788 exsistentiam,
1735 4719 1915 4776 unius
1943 4722 2051 4777 erit
2079 4738 2182 4778 na-

528 4805 697 4865 turai,
732 4817 871 4857 cum
905 4802 1107 4875 plures
1146 4805 1544 4878 proprietates
1573 4807 1915 4865 ditferentes
1944 4812 2003 4867 in
2030 4828 2186 4868 uno-

526 4904 770 4962 quoque
792 4891 1379 4961 animadvertantur;
1406 4895 1509 4951 sed
1533 4912 1741 4953 eorum
1758 4900 2031 4955 omnium
2049 4916 2186 4973 quin

528 4981 909 5051 suppositum
969 4981 1336 5037 constituunt
1388 4984 1749 5052 coagulum,
1810 4993 2030 5043 natura
2076 4994 2182 5045 est-

526 5067 688 5137 Ignis
713 5068 872 5123 enim
896 5067 1099 5125 lumen
1141 5078 1197 5127 et
1224 5071 1431 5128 levitas
1457 5076 1854 5147 proprietates
1885 5084 2043 5149 sunt,
2078 5077 2185 5134 sed

526 5171 652 5211 non
680 5155 886 5213 lumen
919 5165 1021 5215 aut
1048 5158 1346 5217 levitatem
1384 5163 1537 5231 ignis
1570 5181 1699 5220 esse
1728 5171 2008 5224 naturam
2043 5168 2185 5223 dici-

528 5262 687 5309 mUS,
711 5252 774 5301 ut
810 5252 866 5303 et
895 5249 1048 5303 aeris
1082 5251 1472 5323 proprietates
1510 5260 1649 5309 sunt
1681 5255 1897 5311 caloris
1918 5257 2183 5314 carentia

528 5342 585 5391 et
614 5337 994 5407 personatio;
1044 5343 1109 5393 ut
1136 5346 1192 5396 et
1233 5340 1488 5398 aliorum
1521 5343 1956 5400 elementorum
1986 5345 2185 5402 videre

529 5429 619 5479 est
664 5424 815 5480 alias
864 5428 1284 5498 proprietates.
1329 5431 1442 5487 Sed
1476 5447 1658 5486 nemo
1700 5433 1945 5488 audebit
1986 5434 2185 5491 dicere

527 5513 732 5569 multis
759 5517 1238 5590 unumquodque
1262 5520 1495 5575 naturis
1520 5535 1650 5576 esse
1673 5536 1744 5576 eo
1771 5523 1939 5593 quod
1968 5522 2187 5580 multas

526 5602 751 5665 habeat
776 5606 1170 5693 proprietates
1191 5625 1211 5685 ς
1250 5607 1300 5665 si
1323 5612 1383 5696 et
1409 5607 1485 5665 de
1525 5608 1758 5673 Christo
1787 5609 2097 5693 divinitate
2127 5617 2186 5675 et

2304 1899 2510 1976 (παντὸς
2530 1905 2631 1975 γὰρ
2651 1902 2963 1974 πράγματος
2985 1900 3095 1963 ἑνὸς
3116 1905 3261 1965 ὄντος
3286 1902 3359 1962 εἷς
3385 1898 3497 1954 ἐστι
3522 1905 3612 1953 καὶ
3633 1902 3822 1974 ὁρισμὸ
3833 1900 3907 1971 ς),

2303 1993 2399 2047 ούκ
2435 1994 2539 2065 ἄρα
2564 1989 2661 2044 δύο
2692 1990 2791 2054 ἔξει
2824 1996 2914 2043 καὶ
2952 1992 3206 2065 ὁρισμοὺς
3236 1991 3261 2043 ὁ
3285 1994 3529 2064 Χριστός·
3563 1988 3608 2041 εἰ
3638 1985 3697 2044 δὲ
3724 1997 3907 2059 τοῦτο,

2304 2080 2429 2137 οὐδὲ
2460 2079 2557 2136 δύο
2586 2083 2794 2134 ἔσονται
2823 2079 2983 2133 αὐτοῦ
3014 2081 3068 2132 αἱ
3091 2081 3290 2152 φύσεις·
3319 2080 3536 2141 ἕκαστος
3560 2080 3664 2152 γὰρ
3687 2079 3910 2151 ὁρισμὸς

2304 2179 2425 2247 μιᾶς
2464 2174 2664 2244 φύσεως
2690 2168 2803 2223 ἰστι
2832 2165 2868 2222 δ
2872 2167 3142 2239 ηλωτικός,
3167 2171 3265 2222 εἶτε
3284 2167 3498 2235 ἁπλοῦς,
3517 2170 3617 2221 εἴτε
3638 2168 3908 2229 σύνθετος.

2990 2407 3215 2475 Ἕτερον.

2374 2526 2484 2583 κδ’.
2527 2528 2586 2581 Εἰ
2629 2529 2689 2579 τὸ
2746 2528 2979 2598 Χριστὸς
3034 2526 3196 2596 ὄνομα
3251 2524 3346 2576 ούκ
3389 2523 3564 2585 ούτίας
3594 2519 3917 2586 δηλωτικὸν,

2304 2618 2432 2671 ἀλλὰ
2465 2626 2565 2670 τῶν
2594 2621 2715 2690 περὶ
2756 2620 2851 2673 τήν
2897 2614 3081 2667 ούσίαν
3112 2617 3254 2675 τινὸς
3291 2622 3391 2666 τῶν
3427 2611 3483 2666 ἰκ
3520 2620 3616 2673 τῆς
3655 2612 3911 2677 ἐνὼσεως,

2300 2717 2401 2761 τῶν
2451 2703 2550 2761 δύο
2590 2708 2789 2778 φύσεων
2827 2710 3108 2775 γενομένων
3167 2698 3456 2760 δηλωτικόν
3488 2704 3619 2753 ἐστι’
3660 2707 3815 2753 τοῦτο
3844 2694 3900 2752 δ⁴
3891 2719 3915 2754 ε

2301 2794 2451 2850 οὐδὲν
2477 2795 2600 2848 ἄλλο
2625 2794 2764 2847 ἐστὶν
2790 2794 2820 2853 ἣ
2850 2795 2880 2852 ἦ
2916 2801 3015 2845 τῶν
3046 2795 3244 2865 φύσεων
3272 2794 3405 2866 πρὸς
3435 2789 3658 2851 ἀλλήλας
3686 2794 3908 2861 σχέσις

2302 2884 2400 2939 δύο
2432 2882 2492 2939 δε
2530 2891 2711 2958 φύσεις
2748 2888 2839 2936 καὶ
2883 2881 3153 2936 ἰνωθεῑσαι
3191 2886 3541 2954 μεμενήκασιν
3579 2878 3628 2932 ἓν
3659 2885 3905 2951 Χριστῷ·

2297 2977 2433 3027 κατὰ
2453 2979 2613 3046 μόνην
2642 2973 2746 3045 ἄρα
2776 2976 2966 3043 σχέσιν
2991 2970 3149 3041 ψιλὴν
3170 2971 3201 3028 ἡ
3234 2978 3334 3022 τῶν
3365 2970 3564 3041 φύσεων
3589 2969 3714 3040 πρὸς
3744 2964 3907 3025 ἀλλή-

2295 3064 2385 3125 λας
2448 3066 2653 3135 γέγονεν
2710 3064 2904 3122 ἓνωσις’
2960 3063 3025 3121 ὡς
3082 3059 3166 3113 ἐπὶ
3204 3066 3394 3133 χοροῦ,
3435 3062 3524 3110 καὶ
3571 3056 3761 3121 οἰκίας,
3809 3060 3909 3111 καὶ

2297 3154 2510 3220 πόλεως,
2552 3158 2641 3206 καὶ
2665 3151 2842 3215 λίθων,
2867 3156 2956 3204 καὶ
2976 3150 3136 3214 ξύλων
3177 3148 3224 3202 ἰν
3246 3145 3324 3211 οἷς
3352 3151 3411 3202 τὸ
3437 3143 3908 3220 οἰκοδομούμενον,

2300 3246 2470 3306 καθὼς
2499 3247 2588 3296 καὶ
2614 3247 2894 3316 Νεστόριος
2925 3237 3254 3313 δογματίζων
3294 3238 3612 3312 εὑρίσκεται.

3029 3541 3255 3615 Ἕτερον.

2370 3670 2455 3723 κε’.
2520 3670 2581 3727 Εἰ
2625 3672 2689 3721 τὰ
2732 3672 2967 3741 ἡνωμένα
3004 3666 3052 3719 ἓν
3098 3671 3320 3738 γίνεται,
3362 3667 3430 3717 τὰ
3469 3669 3541 3737 μὴ
3574 3667 3826 3735 γενόμενα
3856 3661 3914 3715 ἓν

2298 3760 2404 3832 ούχ
2465 3763 2661 3819 ἣνωται
2726 3757 2779 3820 ἐξ
2835 3756 3081 3829 ἀνάγκης
3129 3755 3172 3811 εἰ
3230 3754 3318 3807 οὖν
3377 3750 3475 3807 δύο
3526 3756 3617 3805 καὶ
3683 3751 3742 3803 ού
3805 3757 3916 3823 μία

2295 3851 2655 3921 τυγχάνουσιν
2686 3848 2741 3899 αἱ
2770 3854 2861 3899 τοῦ
2899 3853 3135 3919 Χριστοῦ
3164 3847 3359 3916 φύσεις,
3389 3845 3418 3902 ἡ
3459 3839 3518 3895 δὲ
3557 3839 3710 3907 δυὰς,
3737 3836 3916 3912 διχάς

2296 3958 2351 3992 τε
2390 3934 2545 4002 οὖσα,
2580 3933 2888 4011 διαιρέσεως
2929 3934 3043 3986 ἐστι
3076 3931 3363 4001 δηλωτικὴ,
3410 3934 3476 3984 τὰ
3514 3927 3575 3983 δὲ
3606 3925 3917 4003 διῃρημένα

2302 4014 2407 4100 οὐχ
2447 4030 2659 4096 ἣνωται,
2713 4026 2805 4078 οὐκ
2836 4026 2939 4097 ἄρα
2968 4026 3228 4097 ἡνωμέναι
3268 4023 3400 4075 εἰσὶν
3446 4021 3502 4074 αἰ
3537 4028 3629 4074 τού
3662 4027 3914 4093 Χριστοῦ

2299 4120 2500 4189 φύσεις
2545 4115 2588 4167 εἰ
2624 4121 2795 4167 τοίνυν
2829 4111 2923 4166 διὰ
2950 4117 3005 4165 τὸ
3038 4112 3346 4184 ἀσύγχυτον
3379 4108 3476 4163 δύο
3516 4108 3645 4162 εἶναι
3674 4110 3768 4171 τὰς
3806 4118 3915 4163 τοῦ

2298 4213 2531 4278 Χριστοῦ
2563 4208 2744 4277 φύσεις
2787 4206 2967 4276 φύσεις
3003 4201 3259 4265 ἀξιοῦσιν,
3310 4198 3435 4252 ἀλλὰ
3468 4196 3561 4251 διὰ
3584 4203 3678 4257 τὴν
3716 4198 3916 4252 ἕνωσιν

2296 4298 2420 4367 μίαν
2446 4293 2607 4347 αὐτοῦ
2631 4298 2722 4352 τὴν
2749 4296 2904 4365 φύσιν
2933 4291 3095 4363 λέγειν
3127 4290 3641 4363 ἀναγκασθήσονται.

2987 4415 3219 4491 Ἕτερον.

2363 4544 2451 4606 κς’.
2503 4543 2624 4615 Οὐχ
2673 4544 2795 4595 ὅσαι
2844 4543 3150 4617 πραγμάτος
3193 4541 3418 4594 ἑκάστου
3467 4535 3725 4601 ἰδιότητες
3772 4558 3920 4592 τοσ-

2293 4641 2450 4686 αῦται
2487 4636 2574 4684 καὶ
2629 4635 2809 4703 φύσεις
2844 4633 3029 4683 τούτου
3060 4629 3186 4682 εἰσίν
3218 4646 3229 4658 ·
3276 4630 3306 4688 ἦ
3350 4630 3451 4703 γὰρ
3493 4626 3552 4679 ἃν
3591 4625 3742 4680 οὐδὲν
3796 4636 3919 4682 τῶν

2293 4727 2521 4796 ἑχόντων
2577 4718 2716 4774 ἰδίαν
2758 4719 2979 4793 ὕπαρξιν
3035 4726 3161 4792 μιᾶς
3199 4721 3345 4771 ἔσται
3394 4721 3614 4790 φύσεως,
3654 4717 3919 4771 πλειόνων

2296 4808 2576 4869 ἰδιοτήτων
2641 4813 2757 4867 ἤτοι
2805 4804 3068 4880 διαφορῶν
3135 4806 3184 4859 ἐν
3252 4806 3456 4878 ἑκάστῳ
3510 4807 3914 4880 θεωρουμένων,

2297 4898 2424 4951 ἀλλὰ
2484 4902 2543 4950 τὸ
2601 4897 2655 4950 ἐκ
2711 4900 2916 4950 πάντων
2967 4899 3234 4969 σύγκριμα
3271 4904 3370 4948 τῶν
3428 4894 3919 4968 συμπληρούντων,

2293 4993 2353 5042 τὸ
2393 4990 2727 5060 ὑποκείμενον
2776 4989 2931 5059 φύσις
2979 4984 3109 5039 ἐστί·
3149 4989 3311 5059 πυρὸς
3356 4986 3446 5057 μιν
3485 4988 3586 5060 γὰρ
3633 4987 3692 5035 τὸ
3732 5002 3921 5055 φωτι-

2297 5081 2494 5131 στικόν.
2545 5081 2633 5128 καὶ
2689 5079 2747 5129 τὸ
2778 5085 2967 5149 κοῦφον
3018 5071 3158 5128 ἴδιον
3186 5091 3199 5104 ο
3263 5073 3369 5126 ἀλλ’
3418 5074 3478 5126 ού
3526 5076 3683 5146 φύσιν
3732 5076 3926 5145 πυρὸς

2292 5170 2351 5218 τὸ
2393 5169 2727 5238 φωτιστικόν,
2762 5166 2792 5225 ἦ
2839 5169 2898 5218 τὸ
2944 5173 3134 5237 κοῦφον
3191 5161 3319 5216 εἷναί
3349 5179 3531 5237 φαμενο
3578 5165 3751 5236 ὥσπερ
3807 5168 3927 5218 καὶ

2296 5254 2442 5330 ἀέρος
2501 5252 2754 5316 ἰδιότητες
2805 5259 2859 5308 τέ
2922 5254 3357 5329 ἀχρωμάτιστον,
3422 5257 3483 5306 τὸ
3555 5248 3767 5323 διηχὲς*
3829 5255 3926 5317 ὡς

2293 5351 2384 5399 καὶ
2448 5346 2533 5398 ἐπὶ
2602 5354 2702 5397 τῶν
2764 5344 2927 5397 ἄλλων
2992 5349 3267 5416 στοιχείων
3324 5345 3464 5396 ἐστιν
3528 5338 3659 5395 ἰδεῖν
3724 5340 3929 5413 ἑτέρας

2297 5433 2586 5495 ἰδιότητας·
2639 5434 2748 5486 ἀλλ’
2786 5431 2959 5497 οὐδεὶς
2997 5434 3249 5507 τολμήσει
3293 5430 3388 5486 διὰ
3423 5436 3483 5486 τὸ
3538 5432 3725 5493 πολλὰς
3781 5432 3925 5486 ἔκα-

2298 5545 2418 5578 στον
2457 5528 2652 5577 τούτων
2701 5521 2969 5586 ἰδιότητας
3008 5526 3169 5596 ἔχειν,
3208 5523 3340 5576 οὕτω
3369 5528 3458 5576 καὶ
3497 5521 3697 5575 πολλῶν
3737 5520 3924 5575 εἰπεῖν

2294 5611 2427 5672 εἶναι
2482 5616 2684 5689 φύσεων
2718 5634 2730 5649 ·
2786 5617 2922 5669 οὕτω
2984 5618 3157 5669 τοίνυν
3220 5618 3312 5669 καὶ
3366 5610 3452 5669 ἐπὶ
3502 5616 3595 5669 τοῦ
3655 5618 3924 5705 Χριστοιξ
