4136 6398
524 294 591 351 63
1888 278 2170 340 manus
2204 277 2585 336 CHONlATzE
3829 291 3898 349 δι

518 414 775 473 modum
812 409 1111 485 Eutyches
1142 406 1523 482 supposititio
1537 407 1704 465 vultu
1733 410 1791 464 et
1827 406 2171 464 tictitioVer-

2284 401 2641 476 ὑποϐολιμαίῳ
2691 409 2984 479 προστὼπῳ
3031 410 3121 459 καὶ
3169 404 3512 480 φασματῶδει
3570 412 3660 463 τὸν
3728 418 3899 486 Λόγον

521 506 673 563 bum
698 499 1174 560 incarnationem
1197 497 1515 555 simulasse
1535 498 1759 563 docuit,
1784 497 1869 553 sic
1893 500 1949 553 et
1972 495 2053 552 illi
2069 494 2188 551 alia

522 594 625 651 via
651 591 1065 667 procedentes,
1098 603 1288 644 unam
1315 592 1599 644 naturam
1629 586 1705 643 de
1732 587 1967 644 Christo
1987 586 2185 640 dicere

524 681 657 739 ausi
690 683 847 736 sunt.
881 681 1072 736 Unam
1090 674 1337 749 quidem
1358 679 1568 748 etpost
1596 674 1879 731 unionem
1903 688 2183 747 perman-

525 771 674 826 sisse
698 783 1024 843 personam
1055 766 1284 835 dicunt,
1312 780 1435 821 non
1465 768 1670 820 autem
1694 764 2051 835 eonjunetas
2082 777 2184 817 na-

521 864 688 918 turas
717 874 905 933 puras
941 862 1000 913 et
1026 854 1377 913 inconfusas
1429 854 1492 910 in
1552 854 1678 910 suis
1717 851 2184 927 proprietatibus

525 952 887 1014 servantem,
903 944 1010 1003 sed
1036 948 1173 1019 post
1200 943 1489 1000 unionem
1511 943 1725 1000 ambas
1742 958 1932 998 unum
1955 940 2184 1013 aliquid

523 1037 715 1096 factas
757 1023 1300 1106 esse‘,eonfusasin
1341 1049 1453 1089 sua
1502 1032 1887 1089 immistione.
1922 1033 1987 1087 Et
2017 1029 2183 1086 aliud

524 1143 852 1186 commune
866 1143 938 1183 ex
956 1126 1236 1182 mistione
1257 1124 1633 1198 apparuisse,
1656 1120 2181 1195 quemadmodum

524 1222 583 1274 et
605 1232 862 1289 corpora
913 1231 987 1272 ex
1031 1218 1293 1287 quatuor
1340 1211 1648 1268 elementis
1694 1209 2183 1268 commistionem

527 1304 936 1371 sortita,aliud
962 1303 1259 1377 quiddam
1287 1306 1423 1375 post
1451 1300 1790 1357 mistionem
1818 1302 2180 1371 sunt.Neque

526 1394 720 1451 ferum
766 1408 962 1466 neque
1010 1396 1285 1448 nostrum
1324 1406 1545 1463 corpus
1599 1394 1701 1446 aut
1749 1388 1903 1460 ignis
1950 1393 2055 1444 aut
2080 1403 2184 1443 aer

526 1488 630 1542 aut
657 1483 885 1557 aliquid
917 1499 990 1538 ex
1018 1481 1327 1539 elementis
1355 1496 1507 1554 pura
1538 1485 1714 1549 sunt;
1755 1479 1861 1535 sed
1878 1495 1948 1535 ex
1970 1493 2181 1534 eorum

524 1571 800 1629 mistione
840 1569 1101 1627 formata
1144 1573 1304 1637 sunt,
1336 1574 1392 1626 et
1422 1573 1556 1642 post
1580 1568 1925 1625 mistionem
1951 1566 2181 1640 aliquid

525 1661 689 1717 aliud
712 1660 923 1717 effecta
943 1664 1102 1716 sunt.
1136 1659 1238 1715 Hic
1266 1663 1471 1715 autem
1493 1674 1616 1714 non
1647 1674 1742 1714 res
1768 1659 1849 1713 ita
1872 1672 1934 1713 se
1963 1655 2168 1712 habet.

2292 494 2675 567 ὑποκρίνασθαι
2702 498 2798 552 τήν
2831 497 3097 569 σάρκωσιν
3137 492 3500 568 ἐδογμάτιζεν,
3534 500 3668 553 οὕτω
3709 498 3777 563 δή
3809 509 3900 558 καὶ

2293 578 2457 649 οὗτοι,
2489 586 2585 640 τήν
2642 581 2869 637 ἐναντίαν
2908 584 3050 657 αὐτῷ
3090 590 3424 658 τραπόμενοι,
3455 593 3581 661 μίαν
3621 593 3775 662 φύσιν
3813 592 3897 646 ἐπὶ

2292 678 2528 744 Χριστοῦ
2584 671 2936 745 τετολμήκασι
2997 674 3161 746 λέγειν
3192 690 3207 703 ⁸
3238 676 3288 728 ἓν
3330 678 3420 749 μεν
3480 679 3583 753 γὰρ
3636 685 3727 732 καὶ
3766 700 3898 754 μετα

2291 765 2385 820 τήν
2448 760 2628 814 ἕνωσιν
2693 768 3032 836 μεμενηκέναι
3089 769 3217 837 φασὶ
3271 771 3570 839 πρόσωπον,
3624 769 3682 820 οὗ
3730 774 3896 834 σῶζον

2294 846 2354 903 δε
2383 851 2476 911 τὰς
2526 850 2930 916 συνεληλυθυίας
2982 856 3159 926 φύσεις
3210 856 3447 930 καθαρὰς
3489 861 3580 909 καὶ
3641 856 3895 931 ἀσυγχύ-

2291 957 2414 1002 τους
2450 937 2498 992 ἓν
2538 948 2649 1003 τοῖς
2678 937 2835 1005 ἰδίοις
2894 939 3200 1015 ἰδιώμασιν,
3236 942 3365 996 ἀλλα
3424 947 3556 1017 μετὰ
3591 950 3686 1005 τήν
3717 947 3896 1001 ἕνωσιν

2293 1025 2582 1104 ἀμφοτέρας
2627 1031 2676 1083 ἄν
2719 1050 2770 1084 τι
2820 1036 3100 1103 γεγονέναι,
3150 1035 3511 1104 συγχυθείσας
3555 1033 3605 1087 ἕν
3653 1044 3716 1110 τῇ
3772 1036 3895 1111 παρ’

2293 1115 2509 1179 ἀλλήλας
2580 1117 2863 1194 ἀνακράσει
2907 1134 2922 1150 ⁸
2980 1126 3155 1174 καίτοι
3220 1141 3389 1176 κοινον
3455 1123 3622 1197 ἕτερον
3688 1124 3744 1178 ἐκ
3805 1133 3896 1179 τοῦ

2290 1211 2554 1280 μίγματος
2606 1217 2848 1280 φανῆναι,
2912 1211 3086 1286 ὥσπερ
3145 1215 3236 1264 καί
3291 1202 3359 1265 τὰ
3412 1218 3632 1286 σώματα
3694 1213 3750 1267 ἐκ
3796 1223 3897 1267 τῶν

2289 1298 2557 1371 τεσσάρων
2627 1301 2905 1369 στοιχείων
2975 1298 3230 1371 εἰληχότα
3274 1305 3369 1359 τήν
3430 1308 3618 1375 κρᾶσιν
3670 1302 3793 1356 ἄλλο
3844 1323 3899 1357 τι

2289 1384 2414 1457 παρ’
2472 1383 2639 1438 ἐκεῖνα
2696 1388 2953 1458 τυγχάνει
2999 1404 3012 1417 ⁸
3063 1391 3181 1441 οὔτε
3232 1392 3335 1461 μὴν
3393 1391 3418 1442 ὁ
3478 1387 3721 1464 σίδηρος,
3781 1396 3900 1444 οὔτε

2290 1477 2349 1526 τὸ
2379 1475 2626 1549 ἡμέτερον
2676 1483 2870 1548 σῶμα,
2910 1479 2939 1534 ἤ
2982 1484 3085 1550 πῦρ
3144 1475 3257 1530 ἐστι
3295 1481 3525 1554 καθαρόν
3559 1522 3572 1548 ,
3623 1484 3653 1539 ἣ
3712 1479 3894 1554 ἀήρ,ή

2289 1568 2343 1617 τὶ
2416 1571 2514 1615 τῶν
2571 1562 2735 1615 ἄλλων
2814 1569 3094 1636 στοιχείων
3147 1608 3163 1631 ,
3231 1564 3340 1618 ἀλλ’
3400 1566 3454 1631 ἓξ
3528 1568 3732 1621 ἐκείνων
3803 1573 3898 1641 μεν

2291 1653 2580 1726 συνεκράθη
2614 1692 2632 1716 ,
2674 1650 2795 1704 ἄλλο
2840 1648 2900 1705 δε
2950 1672 3002 1705 τι
3035 1656 3168 1727 μετὰ
3229 1658 3323 1714 τήν
3364 1658 3658 1731 σύγκρασιν
3694 1662 3895 1729 γέγονε.

525 1749 640 1807 Sed
672 1755 998 1823 postquam
1018 1747 1227 1805 divina
1245 1747 1699 1820 forma,nempe
1717 1750 1938 1804 natura
1962 1745 2021 1800 in
2053 1760 2171 1801 una

2287 1744 2357 1794 T6
2383 1736 2442 1793 δε
2480 1740 2586 1812 οὐχ
2608 1739 2772 1804 οὓτως
2824 1743 2947 1813 ἔχον
2991 1740 3133 1795 ἔστίν
3166 1760 3180 1774 ⁸
3224 1742 3351 1797 ἀλλὰ
3388 1753 3484 1807 τῆς
3512 1747 3647 1808 θείας
3692 1754 3897 1819 μορφῆς

522 1853 592 1894 ex
632 1839 757 1894 suis
800 1836 1081 1910 personis
1124 1835 1404 1892 humanae
1456 1840 1689 1892 natura:
1735 1836 1980 1905 integrae
2031 1849 2180 1890 con-

515 1924 729 1994 juncta
750 1927 856 1992 est,
886 1937 1010 1978 non
1040 1919 1206 1977 aliud
1231 1919 1527 1994 quiddam
1556 1920 1717 1977 facta
1745 1925 1835 1976 est
1865 1934 1937 1975 ex
1964 1918 2179 1974 ineffa-

520 2011 624 2069 bili
650 2011 765 2068 hac
789 2010 1068 2068 mistione
1098 2013 1155 2066 et
1182 2009 1428 2079 unione,
1460 2009 1567 2066 sed
1595 2013 1737 2085 post
1765 2009 2049 2066 unionem
2068 2023 2177 2065 na-

519 2104 668 2159 turas
695 2099 1033 2158 inconfusus
1061 2104 1442 2174 permanent.

590 2285 678 2339 29.
722 2283 792 2339 Ut
819 2284 1023 2338 autem
1054 2279 1134 2337 ad
1162 2278 1508 2353 exemplum
1532 2277 1848 2352 quoddam
1868 2281 2178 2336 vertamus

517 2369 1075 2441 oculos,hominem
1108 2368 1491 2426 individuum
1522 2383 1975 2442 supponamus;
1997 2368 2055 2423 in
2080 2383 2179 2423 eu-

514 2458 763 2532 jusdam
784 2474 1110 2533 personam
1130 2471 1459 2532 pervenere
1479 2457 1607 2530 ejus
1628 2473 1851 2532 corpus
1872 2460 1929 2513 et
1947 2456 2174 2526 anima;

518 2550 627 2606 sed
649 2564 775 2607 non
786 2548 953 2607 aliud
973 2548 1267 2622 quiddam
1288 2547 1445 2605 ultra
1465 2552 1555 2605 est
1571 2547 1948 2621 particularis
1965 2546 2173 2604 homo.

515 2640 836 2713 Hucusque
866 2638 1052 2695 modo
1099 2641 1213 2694 stet
1239 2636 1607 2710 exemplum.
1635 2637 1693 2693 Si
1721 2637 1884 2693 enim
1928 2635 2175 2693 ulterius

513 2730 998 2806 progrediamur,
1023 2729 1283 2786 multam
1321 2728 1701 2784 inveniemus
1730 2725 2161 2783 differentiam.

512 2823 594 2877 De
646 2818 991 2893 particulari
1047 2818 1207 2875 enim
1257 2817 1522 2889 homine,
1547 2817 1788 2890 proprie
1846 2832 2068 2890 corpus
2118 2822 2176 2874 et

506 2910 716 2968 anima
734 2908 1243 2982 dicuntur-,neque
1263 2908 1469 2965 anima
1494 2923 1714 2981 corpus
1746 2906 2170 2981 appellaretur,

504 3015 703 3074 neque
734 3015 956 3072 corpus
999 2998 1205 3055 anima
1253 2998 1686 3055 nominaretur.
1723 3000 1801 3054 De
1841 2997 1942 3053 Dei
1968 3001 2172 3054 autem

2289 1833 2408 1889 ἦτοι
2438 1832 2635 1902 φύσεως
2688 1828 2737 1882 ἐν
2789 1836 2887 1903 μιᾷ
2928 1839 3029 1883 τῶν
3089 1832 3254 1895 αὐτῆς
3304 1834 3642 1887 ὑποστάσεων
3680 1844 3742 1907 τῇ
3806 1834 3895 1887 ἁν-

2291 1920 2521 1994 θρωπίνῃ
2574 1918 2733 1993 οὐσία
2793 1918 3120 1995 ἀτομωθείση
3183 1922 3602 1992 συνεληλυθυίας,
3639 1924 3733 1977 οὐκ
3771 1924 3894 1979 ἄλλο

2288 2027 2338 2061 τι
2383 2012 2582 2080 γέγονεν
2644 2007 2744 2061 ἀπὸ
2790 2018 2885 2069 τήν
2932 2010 3162 2086 ἀρρήτου
3216 2015 3416 2074 ταύτης
3467 2012 3652 2085 μίξεως
3703 2033 3756 2068 τε
3804 2018 3895 2068 καὶ

2286 2099 2561 2172 κράσεως,
2604 2096 2731 2152 ἀλλὰ
2766 2102 2899 2172 μετὰ
2945 2105 3038 2159 τήν
3086 2101 3266 2155 ἕνωσιν
3324 2103 3380 2155 αἱ
3409 2104 3585 2176 φύσεις
3630 2106 3690 2156 τὸ
3729 2101 3895 2177 ἀσύγ-

2285 2207 2452 2260 χυτον
2481 2190 2719 2260 ἔχουσιν.

2356 2294 2453 2349 κθ’.
2492 2293 2602 2349 Ἵνα
2658 2291 2720 2351 δε
2782 2299 2873 2350 καὶ
2928 2300 3058 2373 πρὸς
3100 2300 3160 2352 τὸ
3210 2294 3554 2372 παράδειγμα
3594 2298 3894 2373 βλέψωμεν,

2288 2385 2315 2437 6
2352 2387 2674 2438 καθίκαστον
2716 2386 3015 2440 ὑποκείσθω
3080 2388 3368 2462 ἄνθρωπος,
3401 2388 3470 2449 εἰς
3515 2387 3715 2452 οὗτινος
3761 2390 3896 2443 ὑπὸ·⁸

2288 2492 2475 2528 στασιν
2516 2483 2670 2548 σῶμα
2714 2471 2988 2535 διελήλυθε
3013 2480 3103 2529 καὶ
3144 2475 3298 2549 ψυχή
3339 2494 3351 2509 ⁸
3394 2476 3501 2529 ἀλλ’
3542 2477 3637 2531 οὐκ
3680 2477 3803 2531 ἄλλο
3846 2497 3898 2532 τι

2283 2567 2429 2640 παρὰ
2455 2571 2620 2618 ταῦτα
2658 2566 2685 2619 6
2715 2569 2928 2641 μερικὸς
2977 2567 3263 2631 ἄνθρωπος.
3298 2566 3438 2626 Πλὴν
3491 2571 3655 2643 μέχρι
3701 2570 3895 2623 τούτου

2288 2660 2464 2714 στήτω
2519 2656 2646 2728 ἡμῖν
2711 2659 2771 2707 τὸ
2831 2652 3174 2730 παράδειγμα
3209 2678 3223 2691 ο
3256 2661 3571 2734 προσωτέρω
3618 2661 3720 2735 γὰρ
3769 2680 3897 2733 χω-

2281 2750 2511 2818 ροῦντες,
2552 2741 2748 2807 ,πολλήν
2806 2747 2902 2803 τήν
2961 2741 3218 2819 διαφορὰν
3284 2748 3568 2820 εὑρήσομεν
3609 2763 3625 2780 ⁸
3666 2745 3751 2800 ἐπὶ
3795 2751 3894 2821 μὲν

2281 2836 2380 2908 γὰρ
2407 2840 2500 2886 τού
2554 2841 2772 2907 μερικού
2812 2832 3107 2910 ἀνθρώπου,
3140 2831 3453 2897 ἰδιαζόντως
3499 2838 3558 2888 τὸ
3616 2843 3771 2909 σῶμα
3796 2841 3895 2891 καὶ

2282 2923 2313 2980 ἠ
2344 2921 2503 2995 ψυχή
2531 2925 2787 2994 λέγονται,
2814 2928 2906 2977 καὶ
2953 2924 3065 2977 οὔθ’
3090 2925 3122 2983 ἡ
3164 2923 3320 2997 ψυχή
3369 2932 3524 2998 σῶμα
3560 2927 3622 2977 ἄν
3669 2925 3891 2986 κληθείη

2281 3014 2424 3079 ποτε,
2458 3014 2576 3064 οὔτε
2620 3015 2680 3065 τὸ
2735 3020 2891 3085 σῶμα
2953 3012 3109 3085 ψυχή
3167 3015 3616 3090 προσαγορευθείη
3650 3031 3666 3046 ⁸
3700 3014 3787 3068 ἰπὶ
3827 3012 3895 3070 δε

500 3089 657 3147 inter
705 3104 818 3146 nos
843 3091 1193 3161 persona,et
1217 3090 1405 3145 Deum
1448 3093 1658 3143 secure
1685 3086 2026 3143 diceremus
2054 3085 2168 3142 ho-

2282 3108 2375 3164 τῆς
2414 3107 2505 3154 τοῦ
2546 3108 2681 3155 Θεοῦ
2741 3101 2861 3156 καθ’
2902 3104 3039 3176 ἡμᾶς
3084 3103 3444 3171 ὑποστάσεως,
3482 3108 3573 3157 καὶ
3618 3107 3707 3158 τὸν
3755 3106 3894 3158 Θεὸν

504 3179 756 3246 minem,
778 3182 836 3234 et
863 3177 1176 3235 hominem
1218 3176 1679 3246 Deum,mutatis
1704 3176 1973 3233 vicissim
2000 3180 2057 3230 et
2086 3174 2171 3231 vi-

504 3267 707 3324 cissim
727 3266 883 3324 datis
917 3265 1288 3334 nominibus,
1312 3265 1648 3321 secundum
1677 3263 2044 3321 ineffabilem
2074 3279 2173 3320 co-

503 3356 879 3413 haerentiam.
910 3357 975 3412 Et
997 3353 1450 3426 partieularium
1481 3352 1800 3410 hominum
1827 3353 2170 3409 communis

505 3448 597 3501 est
619 3445 879 3517 species;
900 3444 1061 3500 unde
1078 3441 1415 3500 secundum
1440 3442 1601 3498 hanc
1624 3440 2169 3498 individualitatem

500 3549 614 3608 per
642 3534 850 3592 omnia
894 3532 1122 3589 similes
1159 3532 1462 3588 dicuntur.
1489 3531 1846 3600 Singulatim
1867 3531 2029 3587 enim
2058 3530 2168 3587 ho-

503 3624 723 3694 mines,
755 3621 1161 3679 caracteribus
1185 3619 1548 3689 differentes,
1564 3619 2017 3677 similitudinem
2042 3635 2171 3677 om-

505 3712 824 3770 nimodam
839 3709 1175 3767 secundum
1189 3710 1452 3783 speciem
1472 3709 1716 3767 habent.
1734 3709 1952 3767 Divinas
1965 3714 2168 3766 autem

508 3801 666 3860 illius
695 3806 1050 3859 naturarum
1085 3800 1451 3873 hypostasis,
1485 3816 1607 3858 non
1631 3805 1723 3857 est
1743 3799 1973 3874 aliquid
1999 3815 2167 3857 com-

501 3907 688 3949 mune
705 3906 925 3949 nomen
946 3890 1213 3947 Christus
1232 3889 1624 3965 appellatum,
1640 3889 2168 3964 quemadmodum

503 3980 584 4037 de
614 3980 794 4038 nobis
844 3979 1214 4038 vocabulum
1265 3979 1473 4050 homo,
1499 3980 1646 4053 quia
1673 3995 1799 4036 non
1828 3983 1968 4035 sunt
1995 3978 2169 4035 multi

505 4070 739 4137 Christi,
769 4069 874 4127 sed
901 4085 1058 4126 unus
1087 4068 1274 4127 Patris
1310 4070 1609 4139 terminus
1631 4072 1688 4126 et
1718 4067 1978 4125 Verbum
1998 4066 2168 4141 quod

503 4157 816 4216 divinitate
847 4158 1019 4214 unxit
1036 4157 1499 4214 humanitatem.

582 4269 670 4324 30.
712 4265 775 4322 Si
801 4264 936 4339 quis
950 4269 1154 4322 autem
1181 4280 1321 4321 cum
1351 4265 1616 4338 Eutyche
1647 4262 2028 4321 consentiens
2062 4278 2168 4321 oc-

500 4353 755 4413 currerit
783 4357 842 4410 et
869 4351 1156 4425 objecerit
1182 4352 1495 4410 hominem
1517 4352 1761 4409 duabus
1789 4353 2017 4409 naturis
2030 4367 2166 4408 con-

2282 3188 2603 3266 θαρρούντως
2659 3189 2721 3243 ἂν
2779 3193 3006 3265 εἴποιμεν
3053 3192 3342 3266 ἄνθρωπον,
3395 3197 3485 3246 καὶ
3540 3196 3628 3246 τὸν
3687 3194 3895 3269 ἅνθρω-

2278 3298 2374 3332 πον
2419 3282 2549 3333 Θεὸν
2592 3319 2606 3343 ,
2669 3283 3114 3357 μεταχωρούντων
3182 3279 3422 3344 ἀλλήλοις
3467 3290 3566 3335 τῶν
3620 3280 3894 3355 ὀνομάτων

2278 3373 2368 3422 καὶ
2425 3365 2873 3443 ἁντιδιδομένων,
2932 3372 3066 3424 κατὰ
3128 3374 3223 3429 τήν
3288 3370 3510 3447 ἄρρητον
3583 3374 3884 3445 συμῖνυῖαν.

2281 3461 2383 3512 Καὶ
2438 3466 2538 3512 τῶν
2604 3461 2696 3532 μὲν
2755 3467 2978 3534 μερικῶν
3041 3458 3324 3533 ἀνθρώπων
3399 3459 3513 3514 ἐστὶ
3588 3464 3648 3514 τὸ
3713 3461 3893 3516 κοινὸν

2280 3544 2421 3610 εἶδος
2465 3566 2481 3581 ⁸
2540 3544 2627 3601 διὸ
2689 3547 3077 3622 ἁπαράλλακτοι
3140 3568 3278 3603 κατα
3328 3557 3479 3604 τοῦτο
3543 3553 3602 3603 τὸ
3672 3555 3893 3625 μερικόν

2276 3636 2514 3709 λέγονται
2540 3653 2554 3667 ⁸
2579 3639 2628 3690 οἱ
2672 3640 2773 3713 γὰρ
2820 3639 2956 3690 κατὰ
2993 3643 3146 3711 μέρος
3199 3640 3496 3712 ἄνθρωποι,
3537 3646 3648 3702 τοῖς
3699 3659 3893 3716 χαρα-

2276 3735 2471 3804 κτῆρσι
2521 3723 2880 3793 διεστηκότες,
2935 3732 3030 3787 τήν
3078 3726 3470 3803 ἀπαραλλαξίαν
3517 3731 3654 3782 κατὰ
3688 3733 3746 3783 τὸ
3809 3732 3892 3784 εἶ·-

2281 3811 2368 3878 δος
2406 3819 2632 3889 ἔχουσι’
2660 3825 2755 3877 τῆς
2804 3812 2864 3870 δὲ
2904 3818 3042 3879 θείας
3104 3815 3296 3879 ἐκείνης
3336 3826 3437 3870 τῶν
3496 3821 3697 3890 φύσεων
3750 3820 3891 3872 {mo-

2279 3907 2514 3970 στάσεως
2552 3906 2647 3958 οὐκ
2702 3908 2815 3959 ἔστι
2850 3926 2903 3959 τι
2943 3910 3112 3959 κοινὸν
3151 3910 3314 3981 ὄνομα
3357 3911 3593 3984 Χριστὸς
3623 3909 3891 3982 ὄνομαζό-

2276 4014 2444 4066 μενον,
2477 3997 2651 4068 ὥσπερ
2706 3992 2784 4068 ἐφ’
2837 3996 2986 4068 ήμῶν
3024 3996 3311 4073 ἄνθρωπος,
3367 3998 3448 4050 ὅτι
3498 3993 3639 4070 μηδέ
3701 3996 3890 4053 πολλοὶ

2275 4084 2436 4144 οὖτῶς
2484 4088 2733 4158 Χριστοὶ,
2762 4082 2870 4137 ἀλλ’
2908 4085 2980 4148 εἴς
3027 4085 3053 4137 6
3104 4091 3197 4138 τοῦ
3244 4088 3443 4162 Ματρὸς
3484 4086 3600 4162 ὅρος
3637 4089 3728 4140 καὶ
3770 4090 3891 4141 A6-

2274 4190 2362 4246 γος
2381 4180 2445 4246 τῇ
2481 4174 2686 4231 θεότητι
2724 4177 2926 4250 χρίσας
2953 4177 3045 4233 τήν
3077 4173 3470 4248 ἁνθρωπὸτητα.

2344 4258 2408 4317 λ’.
2447 4261 2510 4315 Εἰ
2547 4258 2609 4316 δέ
2650 4282 2733 4326 τις
2781 4265 2846 4317 τὰ
2884 4263 3155 4336 Εὐτυχοῦς
3199 4273 3395 4339 φρονῶν
3447 4263 3738 4324 ἀπαντήσει
3790 4271 3894 4321 καὶ

2273 4349 2612 4426 προϐαλεῖται
2693 4354 2759 4414 ὡς
2825 4353 2851 4405 6
2931 4353 3205 4427 ἄνθρωπος
3272 4352 3328 4406 ἔκ
3399 4350 3498 4407 δύο
3569 4358 3894 4409 συνίσταται

505 4446 683 4512 stare,
706 4442 871 4500 hunc
900 4445 1103 4499 autem
1134 4458 1171 4499 a
1196 4444 1317 4500 Deo
1344 4446 1726 4515 assumptum
1757 4457 1908 4507 esse,
1934 4441 2041 4511 qui
2080 4441 2162 4498 al-

2282 4442 2496 4513 φύσεων,
2526 4448 2709 4495 τοῦτον
2740 4437 2801 4495 δε
2846 4441 2873 4493 6
2926 4444 3058 4503 Θεὸς
3099 4441 3471 4516 προσελάϐετο,
3522 4442 3669 4517 ἑτέρα
3725 4445 3894 4516 φύσις

504 4536 630 4590 tera
658 4531 816 4589 ultra
837 4531 1147 4589 hominem
1168 4536 1387 4588 natura
1411 4535 1524 4600 est,
1547 4531 1629 4588 ita
1648 4534 1712 4587 ut
1741 4546 1813 4586 ex
1838 4529 2028 4587 tribus
2057 4545 2167 4587 na-

504 4622 653 4680 turis
671 4621 1052 4678 efformatum
1090 4636 1226 4678 esse
1253 4619 1551 4677 Christum
1596 4621 1838 4677 credere
1867 4624 2158 4693 oporteat,

503 4708 741 4767 duabus
764 4709 1011 4782 quidem
1027 4709 1527 4780 hominis,anima
1546 4724 1767 4782 nempe
1793 4724 1864 4766 ac
1886 4725 2160 4782 corpore,

499 4814 624 4857 una
652 4803 856 4857 autem
909 4798 1175 4872 propria,
1220 4798 1335 4856 hoc
1378 4797 1461 4855 illi
1501 4798 1968 4872 responderetur
1998 4799 2164 4856 unita

498 4905 633 4947 esse
645 4888 849 4963 aliqua
864 4904 936 4944 ex
957 4888 1257 4945 continuis
1280 4887 1531 4957 dici,sed
1543 4904 1666 4945 non
1680 4905 1752 4945 ex
1774 4888 2156 4946 distantibus.

500 4979 614 5035 Cur
642 4978 803 5036 enim
851 4978 981 5051 ipse
1027 4992 1156 5035 non
1209 4977 1360 5034 dicis
1412 4978 1725 5035 hominem
1772 4995 1845 5036 ex
1891 4979 2160 5053 quinque

497 5067 804 5142 componi,
834 5066 927 5123 vel
974 5066 1144 5140 quod
1201 5067 1403 5124 verius
1431 5074 1606 5136 esset,
1629 5084 1703 5126 ex
1755 5072 2007 5142 septem,
2037 5083 2162 5125 una

494 5156 741 5230 quidem
765 5155 1261 5229 anima,quatuor
1289 5161 1493 5214 autem
1523 5158 1795 5232 corporis
1824 5157 2157 5226 elementis,

496 5249 554 5302 et
580 5245 782 5301 adhuc
808 5244 1061 5302 materia
1094 5248 1153 5303 et
1199 5245 1414 5317 forma,
1438 5264 1575 5322 quae
1603 5246 1845 5317 longius
1879 5248 2060 5303 sunt?
2095 5248 2162 5302 Et

492 5349 608 5391 nos
659 5333 838 5404 igitur
876 5333 1174 5391 Christum
1223 5335 1466 5393 duabus
1506 5337 1736 5394 naturis
1769 5341 2043 5392 constare
2073 5334 2161 5391 di-

499 5427 721 5488 centes.
753 5428 1051 5496 tanquam
1073 5440 1258 5482 unam
1298 5433 1579 5484 naturam
1599 5426 1912 5483 hominem
1945 5424 2163 5497 accipi-

504 5528 664 5581 mus,
697 5513 776 5570 ad
805 5514 1160 5573 continuum
1187 5517 1564 5576 attendentes
1585 5532 1782 5590 neque
1804 5516 1883 5574 ad
1913 5520 2162 5574 naturas

510 5602 733 5675 quibus
759 5602 856 5663 ille
880 5608 1143 5665 constat.

2271 4532 2417 4601 παρὰ
2486 4538 2668 4585 τοῦτον
2742 4533 3024 4604 τυγχάνων
3059 4572 3074 4597 ,
3127 4532 3264 4585 ὣστε
3329 4531 3384 4585 ἐκ
3444 4541 3600 4607 τριῶν
3680 4535 3891 4606 φύσεων

2276 4616 2518 4684 δοξάζειν
2548 4626 2720 4694 χρεὼν
2776 4624 2864 4673 τὸν
2913 4623 3167 4696 Χριστὸν,
3219 4617 3317 4674 δύο
3381 4625 3472 4695 μὲν
3528 4630 3630 4675 τῶν
3658 4628 3750 4675 τοῦ
3792 4621 3886 4675 ἆν-

2276 4711 2504 4783 θρώπου,
2557 4709 2745 4782 ψυχῆς
2818 4708 2949 4782 λέγω
3010 4715 3101 4763 καὶ
3167 4716 3431 4784 σώματος,
3485 4718 3607 4785 μιᾶς
3658 4707 3720 4765 δὲ
3787 4721 3889 4776 τῆς

2274 4799 2469 4862 οἰκείας
2511 4797 2671 4852 ἐκεῖνο
2719 4802 2849 4873 πρὸς
2907 4799 3057 4853 αὐτὸν
3108 4798 3329 4873 λέγοιτο,
3376 4802 3457 4853 ὃτι
3513 4803 3580 4853 τὰ
3638 4800 3889 4873 ἕνούμενα

2273 4886 2327 4940 ἐκ
2370 4896 2470 4940 τῶν
2525 4895 2805 4963 προσεχῶν
2868 4887 3113 4941 ἐνοῦσθαι
3170 4888 3376 4962 λέγεται
3400 4935 3415 4961 ,
3452 4888 3554 4942 ἀλλ’
3607 4888 3737 4961 οὐχὶ
3781 4898 3890 4944 τῶν

2273 4975 2450 5052 πόρρω
2482 4995 2495 5010 ~
2532 4972 2626 5029 διὰ
2666 4980 2716 5029 τί
2766 4978 2869 5052 γὰρ
2901 4978 3061 5040 αὐτὸς
3101 4982 3174 5051 μή
3206 4982 3295 5031 τὸν
3341 4979 3613 5056 ἄνθρωπον
3644 4977 3699 5032 ἑκ
3734 4982 3888 5034 πέντε

2270 5065 2409 5138 λέγει
2441 5066 2771 5138 συγκεῖσθαι,
2796 5069 2827 5125 ἢ
2869 5070 2928 5119 τό
2955 5086 3016 5139 γε
3060 5065 3401 5143 ἀληθέστερον
3452 5064 3502 5132 ἐξ
3558 5067 3713 5132 ἑπτὰ,
3757 5075 3890 5141 μιᾶς

2273 5157 2366 5228 μεν
2393 5161 2489 5218 τᾶς
2517 5154 2723 5228 ψυχῆς,
2755 5157 3026 5230 τεσσάρων
3074 5154 3134 5210 δὲ
3186 5164 3285 5210 τῶν
3337 5161 3618 5230 στοιχείων
3647 5164 3739 5211 τοῦ
3779 5163 3889 5210 σω-

2274 5263 2458 5317 ματος,
2513 5249 2605 5297 καὶ
2667 5247 2743 5297 ἔτι
2796 5244 2923 5307 ύλης
2969 5250 3060 5298 καὶ
3111 5243 3301 5314 εἴδους,
3361 5255 3461 5299 τῶν
3527 5245 3886 5322 πορῥωτίρως

2279 5338 2378 5388 Καὶ
2409 5336 2559 5408 ἡμεῖς
2589 5342 2714 5407 γοῦν
2768 5340 2857 5390 τὸν
2914 5339 3146 5411 Χριστὸν
3177 5335 3231 5389 ἐκ
3285 5334 3382 5390 δύο
3421 5339 3621 5409 φύσεων
3672 5333 3889 5408 δογμα-

2270 5428 2520 5492 τίζοντες,
2554 5426 2625 5487 ὡς
2690 5430 2815 5498 μίαν
2871 5428 3026 5496 φύσιν
3078 5429 3164 5479 τὸν
3214 5426 3484 5500 ἄνθρωπον
3537 5423 3889 5500 προσλαμϐά-

2268 5533 2438 5586 νομεν,
2502 5517 2633 5589 πρὸς
2703 5518 2762 5567 τὸ
2809 5517 3072 5589 προσεχὲς
3127 5513 3432 5590 ἀφορῶντες,
3488 5519 3574 5568 καὶ
3636 5514 3700 5568 ού
3754 5517 3885 5589 πρὸ5

2271 5606 2365 5667 τὰς
2404 5607 2605 5677 φύσεις,
2632 5603 2685 5668 ἐξ
2724 5605 2792 5658 ὧν
2827 5603 3017 5670 ἐκεῖνος
3046 5610 3386 5667 συνέστηκεν.
