4136 6382
528 219 610 319 ,βῆ

1886 202 2158 273 NICETE
2199 199 2565 311 otiosum

3840 201 3914 289 se

540 350 882 415 imminuta,
922 363 1033 420 per
1081 346 1334 403 aliorum
1375 361 1514 404 cum
1563 344 1693 401 aliis
1745 356 2109 401 concursum
2141 342 2197 405 et

2318 339 2624 400 τελειότητος
2642 354 2656 368 ⁸
2686 338 2755 397 ὡς
2808 339 2951 391 ἔστιν
2998 331 3127 387 ἰδεῖν
3172 336 3263 386 καὶ
3328 331 3413 386 ἰπὶ
3438 339 3530 394 τῆς
3560 331 3789 395 ένώσεως
3815 340 3913 386 τοῦ

542 441 851 503 unionem,
897 453 1108 493 eorum
1152 434 1411 492 naturali
1454 433 1858 508 perfectione;
1903 438 1968 485 ut
1997 431 2197 483 videre

540 535 629 585 est
673 528 747 584 de
781 527 1001 582 unione
1051 526 1206 581 aeris
1253 531 1311 580 et
1362 524 1632 580 luminis.
1680 522 1989 578 Manifesta
2037 518 2196 572 enim

540 617 819 688 utrinque
850 615 1180 688 permansit
1218 613 1510 668 naturalis
1538 611 1894 685 proprietas,
1927 607 2069 662 nihil
2096 621 2201 676 per

482 760 489 767 .
543 707 829 762 unionem
862 704 1031 761 laesa.
1057 707 1258 775 Neque
1276 703 1435 758 enim
1460 702 1661 757 lumen
1690 698 1917 770 aliquid
1954 713 2075 751 sua“
2099 711 2201 750 na-

543 802 689 853 tura:
719 795 922 851 amisit
948 809 1089 849 cum
1115 808 1252 848 aere
1308 791 1686 865 permistum,
1734 804 1932 860 neque
1962 799 2201 841 rursum

543 901 647 941 aer
673 886 734 940 in
769 883 1013 956 prOpria
1045 881 1395 937 substantiae
1426 895 1550 934 suae
1601 879 1832 933 ratione
1862 875 2198 949 quidquam

534 989 766 1047 passus
798 979 907 1039 est,
949 987 1020 1028 eo
1047 971 1214 1044 quod
1240 970 1447 1026 lumen
1498 966 1811 1040 acceperit.
1846 965 2010 1023 Unde
2037 971 2092 1019 et
2121 963 2206 1017 di-

545 1063 737 1119 cimus
763 1076 1013 1134 passum
1030 1076 1160 1116 esse
1188 1057 1636 1114 Emmanuelem
1657 1056 1715 1111 in
1739 1071 1811 1111 ea
1829 1059 2042 1110 natura
2066 1066 2204 1125 qum

548 1152 676 1224 pati
704 1154 960 1223 poterat,
983 1152 1041 1205 et
1071 1147 1476 1220 permansisse
1514 1143 1947 1217 impassibilem
1988 1142 2050 1197 in
2098 1141 2206 1195 im-

541 1239 816 1313 passibili
853 1238 1185 1295 Divinitatis
1219 1236 1562 1292 substantia
1586 1253 1598 1301 ;
1623 1234 1769 1306 quia
1788 1232 2020 1288 aliudet
2041 1228 2206 1286 aliud

544 1335 685 1385 sunt
713 1344 785 1384 ea
814 1344 887 1384 ex
917 1327 1137 1399 quibus
1163 1325 1462 1390 Christus;
1495 1330 1553 1379 et
1571 1324 1796 1397 patitur
1830 1321 2072 1393 quidem
2097 1320 2204 1374 hu-

544 1434 724 1474 mane
738 1420 980 1489 propter
991 1430 1260 1482 carnem,
1277 1414 1334 1468 in
1356 1419 1585 1486 quantu
1597 1429 1652 1466 m
1668 1417 1757 1465 est
1776 1410 1982 1476 homo;
2003 1408 2204 1463 divine

542 1475 1289 1576 autemest-impassibilis.
1304 1475 1555 1556 utbeus.
1576 1503 1702 1556 Non
1721 1499 1875 1554 alius
1892 1505 2093 1552 autem
2117 1500 2206 1551 est
2235 1475 2274 1529 Β

543 1599 602 1650 et
626 1594 795 1665 alius,
826 1599 892 1649 ut
927 1591 1170 1648 volebat
1205 1592 1529 1655 Nestorius,
1554 1590 1869 1660 hucusque
1898 1585 2160 1641 delirans
2185 1601 2201 1640 :

2308 427 2455 502 ἀέρος
2485 434 2573 480 καὶ
2598 436 2689 481 τοῦ
2720 431 2887 499 φωτός
2909 444 2921 457 ·
2955 425 3234 496 εἰλικρινὴς
3251 424 3353 495 γὰρ
3385 424 3415 481 ἡ
3444 422 3683 495 ἑκατέρου
3710 430 3910 494 φυσικὴ

2307 522 2584 589 μεμένηκεν
2628 513 2851 583 ἰδιότης,
2894 511 3059 587 μηδὲν
3090 514 3190 565 ὑπὸ
3240 519 3337 574 τῆς
3382 511 3607 571 ἐνώσεως
3633 531 3913 585 παρατρω-

2310 609 2491 659 θεῖσα·
2540 609 2657 657 οὔτε
2712 608 2814 679 γὰρ
2869 607 2926 655 τό
2986 611 3091 675 φῶς
3136 600 3438 672 ἀπήμϐλυνέ
3484 618 3537 651 τι
3590 608 3683 661 τῆς
3724 600 3917 652 ἑαυτοῦ

2310 699 2506 767 φύσεως
2531 702 2603 764 τῷ
2650 692 2761 766 ἀέρι
2787 694 3000 765 μιχθὲν.
3030 694 3143 743 οὔτε
3185 690 3339 742 πάλιν
3378 693 3405 740 ό
3433 687 3533 763 ἀὴρ
3565 688 3631 748 εἰς
3660 691 3747 740 τόν
3773 685 3917 740 ἴδιον

2309 793 2404 846 τῆς
2458 783 2647 843 ούσίας
2715 784 2931 834 πέπονθε
2984 780 3154 850 λόγον,
3197 780 3328 831 καθὸ
3371 776 3472 851 ἀήρ
3539 776 3654 829 ἔστι
3690 780 3749 829 τὸ
3776 794 3777 797 ‘
3805 785 3917 849 φῶς

2313 868 2623 944 δεξάμενος*
2658 872 2770 923 ὅθεν
2812 875 2902 922 καὶ
2933 872 3093 941 φαμεν
3122 869 3303 920 παθεῖν
3341 869 3429 918 τόν
3468 865 3799 938 Ἐμμανουήλ
3837 873 3918 936 τῷ

2311 966 2560 1034 πεφυκότι
2606 961 2933 1021 πεπονθέναι,
2990 962 3082 1009 καὶ
3119 958 3460 1028 μεμενηκέναι
3489 953 3664 1012 ἀπαθῆ
3697 962 3769 1024 τῷ
3798 960 3924 1006 κατ’

2312 1050 2496 1102 ούσίαν
2511 1048 2699 1101 ἀπαθεῖ
2729 1055 2790 1105 τῆ
2804 1068 2824 1108 ς
2842 1049 3103 1106 θεότητος
3125 1046 3202 1096 ὃτι
3224 1043 3346 1095 ἄλλο
3362 1048 3453 1095 καὶ
3474 1041 3596 1094 ἄλλο
3617 1044 3682 1093 τὰ
3707 1041 3761 1105 ἐξ
3787 1040 3854 1093 ὧν
3890 1043 3922 1094 ὁ

2312 1141 2583 1212 Χριστὸς⁶
2648 1141 2738 1188 καὶ
2777 1137 2983 1206 πάσχει
3038 1136 3128 1206 μὶν
3184 1131 3519 1206 ἀνθρωπίνως
3575 1135 3751 1204 σαρκὶ,
3782 1133 3923 1185 καθό

2312 1228 2609 1302 ἄνθρωπος’
2646 1224 2853 1286 ἀπαθὴς
2884 1220 2943 1276 δέ
2972 1221 3086 1275 ἔστι
3113 1224 3312 1286 θεῖκώς,
3346 1224 3415 1282 ὡς
3445 1225 3599 1282 Θεός.
3625 1220 3737 1271 Οὐκ
3766 1219 3925 1281 illo;

2314 1313 2374 1369 δέ
2417 1315 2531 1367 ἐστι
2559 1320 2649 1367 καὶ
2680 1313 2848 1375 ἄλλος,
2895 1315 2963 1375 ὡς
3010 1310 3256 1370 ηϐοὓλετο
3300 1315 3602 1383 Νεστόριος,
3653 1309 3787 1361 οὕτω
3817 1308 3924 1367 λη-

2311 1414 2413 1478 ρῶν
2436 1421 2448 1434 ·
2484 1406 2511 1456 ό
2541 1409 2631 1476 μεν
2679 1405 2860 1455 παθεῖν
2908 1405 3143 1472 πεφυκὼς
3172 1400 3377 1467 ἔπαθεν,
3408 1399 3435 1450 ὀ
3485 1394 3545 1450 δε
3582 1396 3789 1458 ἀπαθὴς
3819 1398 3924 1450 οὐκ

2313 1497 2496 1547 ἔπαθεν
2527 1495 2591 1553 ὡς
2618 1498 2768 1553 Θεός.

541 1682 646 1757 qui
675 1682 754 1739 ad
786 1679 1137 1756 patiendum
1164 1685 1339 1736 natus
1368 1684 1514 1746 erat,
1543 1693 1762 1750 passus
1783 1682 1907 1744 est;
1949 1675 2052 1747 qui
2082 1671 2473 1745 impassibiiis
2504 1672 2648 1740 erat,
2678 1682 2802 1723 non
2833 1681 3056 1739 passus
3077 1669 3184 1728 est,
3209 1668 3276 1720 ut
3301 1666 3476 1720 Deus.

1318 1843 3923 1875 __________________________—__————————-—

1272 2048 2037 2197 meum;
2135 2038 3202 2239 CHONIAT/n

2044 2325 2129 2379 EX
2170 2322 2374 2378 LIBRO
2419 2321 2459 2374 X

1083 2501 1834 2627 THESAURI
1914 2499 2207 2624 ORT

2318 2494 2866 2623 ίΟΒΟΧίΈ
2942 2490 3386 2614 FIDE].

557 2979 643 3036 De
664 2978 879 3050 quinta
904 2977 1154 3049 synodo,
1187 2991 1321 3048 quae
1350 2982 1628 3048 quartam
1660 2974 1956 3046 synodum
1987 2975 2206 3043 conﬁr-
2241 2974 2282 3030 C

626 3069 815 3125 mavit
841 3072 895 3123 et
925 3066 1240 3136 stabilivit,
1268 3070 1597 3127 convocata
1615 3064 1726 3119 sub
1750 3064 2001 3132 imperio
2029 3063 2210 3121 Justi-

627 3157 819 3214 niani.

632 3287 683 3338 t.
724 3282 805 3338 De
825 3281 920 3337 bis
938 3295 1075 3354 quae
1106 3282 1437 3335 evenerunt
1464 3279 1666 3335 statim
1704 3282 1841 3351 post
1862 3278 2125 3335 Dioscori
2155 3282 2211 3335 et

557 3370 843 3442 Eutycbis
873 3369 1317 3442 depositionem
1354 3373 1412 3424 et
1445 3372 1583 3440 post
1626 3366 1844 3423 lectam
1874 3367 1936 3422 in
1975 3367 2211 3440 synodo

554 3465 614 3518 et
640 3458 924 3516 traditam
946 3457 1307 3514 sanctissimi
1334 3472 1510 3529 papa
1538 3456 1791 3512 Romani
1837 3457 2045 3512 Leonis
2092 3458 2212 3530 epi-

554 3548 800 3607 stolam.
849 3545 1356 3605 Chalcedonensis
1403 3562 1576 3602 sacra
1631 3551 1689 3602 et
1742 3546 1950 3603 divina
1994 3554 2212 3620 quarta

555 3637 832 3711 synodus
880 3635 1133 3691 sancivit
1170 3649 1237 3690 se
1290 3635 1373 3691 ita
1409 3635 1652 3691 credere
1694 3640 1753 3693 et
1805 3635 2075 3692 conﬁteri
2104 3639 2212 3693 Do-

555 3725 790 3782 minum
842 3727 1117 3780 nostrum
1170 3725 1371 3780 Jesum
1412 3723 1717 3781 Christum
1774 3724 1836 3781 in
1899 3725 2212 3782 Divinitate

555 3814 889 3888 perfectum
916 3818 974 3869 et
1000 3812 1063 3868 in
1101 3812 1475 3870 humanitate
1504 3812 1857 3886 perfectum,
1880 3813 1941 3870 in
1971 3814 2213 3871 duabus

554 3904 785 3962 naturis
809 3902 1118 3973 cognitum
1146 3901 1468 3959 inconfuse
1520 3908 1579 3960 et
1632 3904 1907 3972 indivise,
1940 3910 1996 3960 et
2019 3919 2212 3961 unum

555 3993 841 4050 eumdem
890 3992 1102 4048 Filium
1148 3991 1418 4048 conﬁteri
1448 3997 1514 4048 ut
1543 3997 1681 4048 ante
1710 3993 2210 4059 incarnationem,

554 4083 642 4139 sic
691 4086 832 4154 post
888 4081 1387 4137 incarnationem.
1457 4084 1815 4137 Naturarum
1878 4082 2215 4139 differentia

554 4169 804 4225 minime
832 4173 972 4239 post
998 4168 1285 4224 unionem
1309 4167 1570 4237 sublata,
1603 4174 1841 4225 servata
1879 4174 2083 4225 autem
2110 4186 2213 4241 po-

556 4258 674 4314 tius
698 4261 757 4313 et
800 4260 1195 4312 concurrente
1240 4256 1301 4311 in
1347 4270 1535 4312 unam
1576 4271 1901 4328 personam
1932 4263 1989 4313 et
2027 4275 2214 4314 unam

553 4344 966 4419 hypostasim;
1022 4343 1185 4400 unde
1234 4348 1477 4400 Patrum
1535 4346 1959 4419 unusquisque
2025 4346 2215 4404 multa.
2248 4328 2291 4381 D

554 4434 782 4508 precati
802 4433 1150 4505 imperatori
1171 4433 1468 4490 Marciano
1490 4433 1553 4489 in
1570 4435 1846 4507 proprias
1867 4437 2212 4507 provincias

554 4522 809 4580 rediere.

626 4616 686 4670 2.
716 4609 933 4669 Classis
970 4613 1177 4667 autem
1221 4626 1361 4683 qua
1405 4609 1767 4668 Alexandria
1796 4614 2212 4670 Constantino-

557 4701 748 4774 polim
777 4698 1186 4755 descendebat
1214 4714 1356 4756 eum
1388 4699 1673 4757 Dioscoro
1691 4700 1875 4772 hujus
1899 4702 2063 4758 urbis
2083 4703 2213 4775 epi-

559 4804 746 4862 scopo
768 4793 826 4844 et
842 4787 1293 4860 chorepiscopis
1322 4789 1427 4861 qui
1450 4789 1564 4845 sub
1593 4790 1724 4861 ejus
1744 4795 2033 4862 potestate
2045 4796 2218 4849 erant

535 4878 852 4936 .seditione
905 4876 1102 4934 excita
1154 4877 1379 4934 multas
1419 4887 1706 4950 operatur
1741 4880 1939 4937 ctedes
2001 4897 2215 4937 eorum

558 4966 667 5041 qui
715 4965 810 5023 sui
866 4964 1137 5038 episcopi
1193 4956 1454 5025 Dioscori
1488 4966 1850 5040 depositioni
1894 4973 1953 5026 et
2006 4964 2216 5026 exsilio

559 5058 1014 5125 consenserant,
1043 5054 1168 5110 suis
1223 5053 1458 5112 actibus
1489 5057 1861 5114 conﬁrmans
1900 5059 2216 5115 violentio-

560 5159 689 5201 rem
718 5145 858 5215 igne
883 5159 1016 5200 esse
1036 5144 1320 5201 navalem
1341 5145 1835 5204 inobedientiam.
1866 5149 1979 5206 Sed
2009 5153 2068 5205 et
2109 5148 2218 5204 Pa-

560 5233 866 5290 laestinaais
904 5232 1203 5306 episcopis
1241 5235 1753 5308 Constantinopoli
1792 5237 2216 5294 commoranti-

559 5323 703 5393 bus,
725 5323 1011 5380 monachi
1039 5323 1291 5395 quidam
1320 5324 1724 5382 Theodosium
1749 5327 2081 5399 quemdam
2112 5342 2218 5383 au-

562 5417 791 5469 ctorem
823 5412 1031 5478 secuti,
1054 5412 1329 5469 Ecclesiae
1348 5430 1568 5487 corpus
1589 5416 1862 5471 scindere
1883 5421 2213 5489 coeperunt,

563 5507 624 5559 et
649 5500 1073 5559 indivisibilem
1103 5503 1235 5575 ejus
1265 5503 1532 5561 tunicam
1580 5503 1945 5577 diﬂ‘ringere,
1976 5510 2034 5562 et
2060 5505 2219 5580 epis-

2321 2979 2445 3046 Περι
2469 2980 2564 3031 τῆς
2588 2974 2831 3043 πέμπτης
2862 2963 3110 3034 συνόδου,
3141 2966 3258 3027 ἣτις
3286 2966 3379 3022 τήν
3416 2963 3666 3036 τετάρτην
3699 2954 3929 3013 σύνοδον

2390 3060 2680 3133 ἐπεκύρωσε
2741 3063 2830 3110 καὶ
2885 3059 3148 3129 ἐκράτυνε,
3213 3053 3637 3126 συγκροτηθεῖσα
3686 3046 3770 3101 ἐπὶ
3825 3054 3933 3109 τῆς

2394 3149 2668 3224 βασιλείας
2702 3147 3097 3202 Ἰουστινιανοῡ.

2391 3274 2456 3328 α’.
2487 3278 2612 3347 Περὶ
2644 3280 2746 3325 τῶν
2779 3269 3086 3343 συμϐάντων
3117 3268 3249 3341 μετά
3284 3268 3376 3322 τὴν
3400 3265 3706 3334 καθαίρεσιν
3732 3259 3937 3312 αὐτίκα

2318 3374 2412 3418 τού
2444 3368 2726 3437 Διοσκόρου
2784 3366 2875 3412 καὶ
2934 3359 3209 3429 Εύτυχοῠς
3254 3358 3346 3407 καὶ
3391 3357 3485 3411 τὴν
3551 3350 3635 3403 ἰπὶ
3694 3345 3932 3402 συνόδου

2321 3453 2614 3525 ἀνάγνωσιν
2635 3456 2725 3503 καὶ
2745 3445 3045 3524 παράδοσιν
3074 3453 3166 3506 τῆς
3204 3441 3485 3501 ἐπιστολῆς
3506 3448 3600 3492 τού
3625 3438 3931 3509 ἀγιωτάτου

2318 3523 2471 3596 πάπα
2495 3541 2697 3613 Ῥώμης
2752 3523 2984 3597 Λέοντος.
3015 3535 3074 3587 Ἠ
3120 3536 3211 3605 μὶν
3246 3528 3335 3584 οὖν
3373 3528 3422 3581 ἐν
3472 3523 3779 3584 Χαλκηδόνι
3808 3525 3938 3599 ἱερὰ

2319 3636 2410 3684 καὶ
2442 3633 2556 3683 θεία
2604 3630 2826 3701 τετάρτη
2877 3620 3101 3685 σύνοδος
3150 3623 3438 3693 κεκύρωκεν
3494 3616 3629 3669 οὕτω
3680 3610 3932 3676 δοξάζειν

2319 3726 2412 3773 καὶ
2458 3719 2723 3792 ὁμολογεῖν
2778 3719 2867 3768 τόν
2924 3716 3115 3785 Κύριον
3162 3711 3310 3768 ἡαῶν
3357 3709 3562 3764 Ἰησοῦν
3604 3704 3831 3778 Χριστόν
3874 3700 3935 3753 ἐν

2323 3812 2530 3866 θεότητι
2581 3807 2766 3860 τέλειον
2816 3808 2907 3856 καὶ
2958 3801 3007 3854 ἐν
3056 3799 3421 3871 ὢθρωπότητι
3470 3792 3680 3859 τέλειον,
3710 3788 3760 3843 εν
3824 3785 3937 3842 δύο

2323 3902 2513 3972 φύσεσι
2532 3895 2911 3969 γνωριζόμενον
2953 3890 3276 3961 ἀσυγχύτως
3312 3889 3403 3938 καὶ
3455 3879 3789 3955 ἀδιαιρέτως,
3832 3883 3938 3932 καὶ

2322 3990 2517 4043 ἔνατόν
2544 3987 2699 4039 αὐτόν
2739 3987 2851 4036 υἱόν
2890 3981 3158 4054 ὁμολογεῖν
3205 3978 3271 4037 ὡς
3316 3977 3418 4049 πρὸ
3453 3980 3551 4034 τῆς
3605 3970 3938 4041 ἑνανθρωπή-

2324 4097 2449 4138 σεως
2498 4081 2589 4129 καὶ
2627 4077 2754 4148 μετά
2796 4077 2891 4131 τὴν
2940 4070 3331 4141 ἐνανθρὼπησιν
3360 4085 3373 4097 ·
3424 4069 3519 4123 τῆς
3574 4067 3675 4113 τῶν
3724 4060 3937 4130 φύσεων

2324 4165 2577 4240 διαφορᾶς
2607 4146 2856 4235 οὐδαμῶς
2884 4159 3209 4232 ἀνῃρημένης
3239 4154 3372 4228 μετά
3396 4155 3490 4209 τὴν
3518 4150 3719 4219 ἕνωσιν,
3754 4146 3936 4205 σωζο-

2322 4238 2570 4331 μένηςήδε
2597 4252 2787 4327 μᾶλλον
2817 4254 2907 4302 καὶ
2939 4247 3337 4320 συντρεχούσης
3366 4240 3438 4302 εἰς
3462 4238 3510 4292 ἓν
3535 4241 3812 4309 πρόσωπον
3834 4241 3939 4290 καὶ

2322 4353 2446 4421 μίαν
2477 4347 2772 4398 ὑπόστασιν
2793 4361 2807 4374 ·
2839 4341 2951 4392 ὅθεν
2981 4342 3072 4389 καὶ
3102 4344 3203 4387 τῶν
3243 4335 3483 4404 Ιιατέρων
3515 4329 3733 4386 ἕκαστος
3760 4323 3940 4378 πολλὰ

2320 4413 2414 4490 τοῦ
2442 4433 2703 4508 βασιλέως
2732 4427 3133 4504 ὑπερευξάμενοι
3157 4426 3483 4496 Μαρκιανοῡ,
3516 4417 3589 4477 εἰς
3615 4418 3705 4475 τὰς
3734 4413 3940 4478 οἰκείας

2322 4526 2582 4598 ἐπαρχίας
2613 4521 2923 4593 ἀπέτρεχον.

2396 4591 2572 4686 β’ξνΤὸ
2618 4607 2679 4663 δί
2817 4615 2914 4666 τῆς
2953 4596 3341 4672 Ἀλεξανδρείας
3375 4596 3618 4649 ναυτικόν
3649 4591 3674 4647 ὃ
3703 4597 3940 4666 κατῆρεν

2323 4704 2393 4764 εἰς
2462 4694 3007 4754 Κωνσταντιτούπολιν
3056 4692 3167 4764 οἶμα
3231 4690 3499 4758 Διοσκόρῷ
3555 4690 3627 4753 τῷ
3682 4688 3778 4743 τῆς
3830 4685 3940 4734 πό-

2321 4794 2446 4854 λεως
2501 4793 2701 4850 ταύτης
2764 4787 3036 4855 ἐπισκόπῳ
3094 4785 3186 4833 καὶ
3235 4784 3342 4839 τοῖς
3392 4777 3493 4827 ὑπὸ
3552 4776 3641 4830 τὴν
3708 4770 3941 4843 ἐπικρά-

2323 4900 2464 4934 τειαν
2523 4878 2686 4932 αὐτοῦ
2741 4875 3167 4948 χωρεπισκόποις
3221 4866 3520 4920 στασιάσειν
3572 4858 3788 4919 πολλοὺς
3855 4858 3947 4932 ἐρ-

2323 4970 2545 5043 γάζεται
2592 4971 2776 5041 φόνους
2818 4972 2921 5016 τῶν
2973 4968 3037 5034 τῇ
3084 4959 3387 5029 καθαιρέσει
3441 4955 3532 5005 καὶ
3585 4949 3759 5023 ἑξορίᾳ
3805 4965 3947 5000 συν-

2326 5060 2637 5112 αινεσάντων
2680 5061 2775 5108 τοῦ
2832 5055 3004 5128 ἱερέως
3053 5055 3195 5121 σφῶν
3233 5051 3326 5097 τοῦ
3379 5043 3687 5114 Διοσκόρου,
3720 5036 3776 5089 ἐκ
3828 5043 3948 5088 τῶν

2326 5151 2490 5224 ἔργων
2556 5145 2716 5198 αὐτοῦ
2757 5144 3099 5213 πιστούμενοι
3157 5132 3579 5209 δραστικωτέραν
3646 5121 3777 5179 εἶναι
3837 5143 3951 5177 πυ-

2326 5213 2414 5313 ρός
2455 5231 2806 5289 ἀπαιδευσίαν
2869 5236 2963 5290 τὴν
3018 5229 3291 5282 ναυτικήν.
3352 5218 3510 5274 Ἀλλά
3578 5219 3669 5269 καὶ
3723 5219 3824 5266 τῶν
3880 5213 3950 5266 ἐκ

2328 5306 2681 5384 Παλαιστίνης
2756 5324 2926 5394 ἱερέων
2993 5310 3425 5388 ἑνδιατρίϐόντων
3489 5308 3566 5361 ἔτι
3639 5309 3703 5375 τῇ
3783 5306 3947 5353 Κων-

2331 5412 2753 5469 σταντινουπόλει
2785 5452 2800 5478 ,
2857 5410 2988 5469 τινες
3040 5413 3141 5457 τῶν
3197 5405 3445 5474 μοναχών
3474 5439 3488 5465 ,
3538 5394 3749 5467 ἔχοντες
3814 5407 3949 5443 τινα

2328 5501 2615 5559 Θεοδόσιον
2678 5476 2904 5573 ἔξαρχον
2970 5494 3160 5561 αὐτῶν,
3201 5488 3425 5567 ἤρξαντο
3463 5486 3522 5538 τὸ
3576 5490 3674 5545 τῆς
3712 5476 3947 5539 Ἐκκληη
