4136 6458
276 248 349 341 9.9

1665 236 2013 347 ‘t‘pESAUitl
2051 247 2187 327 Lis.
2233 237 2299 306 Χ.

3602 246 3673 327 79

274 384 401 440 σίας
460 384 618 449 σῶμα
660 370 910 449 διαστᾷν,
984 379 1081 428 καὶ
1132 375 1319 429 ἄλυτον
1387 375 1551 437 αὐτῆς
1587 381 1795 445 χιτῶνα
1824 368 1905 445 δι-

2021 386 2230 443 scopos
2260 371 2366 445 qui
2416 373 2655 444 synodo
2704 372 3028 430 adfuerant
3064 374 3570 432 anathematizare
3617 380 3676 433 et

270 464 611 540 αρῥηγνύειν,
657 462 748 514 καὶ
806 465 938 522 ’τούς
1018 462 1073 514 ἐν
1156 471 1217 539 τῇ
1305 458 1513 532 συνόδῳ
1587 461 1906 520 ἐπισκόπους

274 552 702 625 ἆναθεματίζειν,
758 556 850 605 καὶ
909 550 1123 625 ἑτέρους
1173 559 1490 624 χειροτονεῖν
1547 548 1655 601 ἀντ’
1710 549 1899 600 αὐτῶν·

279 643 593 716 φημίζοντες
651 643 722 702 ὡς
786 641 817 699 ἡ
900 637 1130 702 σύνοδος
1191 639 1421 715 ἐκύρωσε
1484 643 1575 691 καὶ
1614 638 1904 690 ἀνεκαίνισε

279 735 342 785 τό
386 734 676 799 Nee—rapiet)
734 725 938 801 δόγμα,
990 731 1254 804 προφάσει
1313 737 1410 790 τῆς
1484 725 1672 788 δυῐκῆς
1739 734 1905 800 φωνῆς

281 825 387 874 τῶν
423 824 621 893 φύσεων
687 826 847 871 τοῦτο
921 823 1313 893 τερατευόμενοι
1339 839 1353 851 ·
1428 819 1540 870 ὅθεν
1624 815 1905 869 κατελαϐον

278 916 462 963 πᾶσαν
517 913 608 965 ria
676 906 1038 965 Παλαιστίνην
1087 911 1175 959 καὶ
1228 910 1519 978 Αἴγυπτον,
1581 910 1674 959 καὶ
1741 908 1808 957 τὰ
1854 903 1902 957 ἓν

278 1006 349 1071 τῇ
405 996 581 1071 ἐρήμῳ
627 1000 984 1071 μοναστὴριαο
1039 999 1131 1048 καὶ
1171 998 1239 1048 τὰ
1287 995 1509 1048 πλεῖστα
1561 997 1757 1048 τούτων
1805 1013 1904 1046 παο

271 1091 531 1163 ρὲπεισαν
558 1090 633 1158 μὴ
677 1082 941 1156 δέχεσθαι
980 1087 1049 1137 τὰ
1088 1087 1387 1159 κυρωθέντα
1422 1085 1566 1160 παρὰ
1597 1089 1689 1144 τὴς
1726 1084 1905 1154 τετάρ-

272 1196 342 1234 τη
355 1196 381 1237 ς
408 1171 663 1229 συνόδου.

342 1341 380 1391 γ
406 1360 424 1374 ,
480 1316 745 1389 Δαὶαμπε
798 1312 859 1368 δε
914 1322 1027 1378 τοῖς
1073 1315 1241 1370 ἐκεῖσε
1303 1319 1418 1369 τότε
1472 1318 1681 1388 μέρεσιν
1744 1315 1771 1366 ό
1819 1313 1905 1367 ἐπ·-

271 1411 481 1481 ὢνυμος
546 1405 628 1458 ἐπ’
687 1404 843 1478 ἀρετῇ
896 1412 1080 1479 Πατὴρ
1136 1407 1284 1477 ἡμῶν
1348 1405 1637 1476 Εὐθύμιος,
1692 1404 1743 1465 ὃς
1814 1408 1903 1456 καὶ

275 1506 377 1559 τῆς
433 1492 763 1556 κακοδοξίας
823 1503 927 1546 τῶν
999 1495 1255 1547 πλείστῶν
1330 1493 1533 1552 ἀπέστη
1609 1496 1740 1566 μετὰ
1812 1497 1904 1545 καὶ

276 1595 385 1638 τῶν
436 1589 530 1636 σὺν
578 1584 722 1654 αὐτῷ
787 1591 1056 1655 μοναχῶνσ
1113 1579 1388 1656 δεξάμενος
1435 1584 1535 1658 γὰρ
1589 1587 1677 1635 τὸν
1736 1581 1785 1634 ἐν
1836 1588 1899 1655 τῇ

276 1669 494 1745 συνόδῳ
580 1672 943 1744 ἒκφωνηθέντα
1016 1673 1156 1745 ὅρον,
1230 1678 1473 1744 συνεῖχεν
1553 1672 1739 1732 αὐτούς
1812 1676 1904 1723 καὶ

278 1767 540 1822 παντοίως
600 1760 868 1835 ἐπεχείρει
920 1763 1117 1814 πείθειν
1192 1763 1257 1822 ὡς
1328 1764 1536 1835 ἔννομον
1589 1763 1619 1820 ἡ
1687 1757 1905 1821 σύνοδος

284 1857 377 1904 καὶ
407 1850 566 1926 ὀρθὴν
607 1852 901 1907 ἱποιήσατο
956 1854 1052 1907 τὴν
1110 1858 1210 1903 τῶν
1267 1846 1365 1903 δύο
1422 1853 1624 1922 φύσεων
1677 1848 1902 1922 ἓκφώνη-

284 1960 390 2009 σιν,
439 1945 531 1993 καὶ
588 1939 808 1999 πολλοὺς
867 1937 1118 2012 ἀπηλειφε
1180 1944 1271 1991 καὶ
1335 1939 1720 2014 παρεσκεύαζεν
1767 1940 1904 1991 ούτω

277 2037 503 2103 φρονεῖν.
553 2028 643 2089 Ὠς
700 2024 761 2080 δὲ
838 2031 897 2080 τό
975 2032 1138 2080 κακόν
1194 2027 1344 2081 πλέον
1410 2028 1698 2102 ἐπενέμετο,
1758 2033 1905 2103 χειρὶ

270 2127 371 2180 τῆς
448 2116 787 2191 βασιλίσσης
860 2112 1119 2177 Εύδοκίας
1215 2116 1449 2188 μάλιστα
1529 2121 1905 2191 κρατυνόμενον

276 2207 449 2261 ἐκεῖσε
504 2188 643 2278 περὶ.
686 2209 810 2267 τούς
868 2203 1054 2277 ἁγίους
1092 2210 1286 2268 τόπους
1340 2201 1743 2278 διατριϐούσης,
1788 2225 1908 2257 συν-

276 2297 575 2369 ταξάμενος
627 2300 721 2347 καὶ
776 2294 1131 2367 παραγγείλας
1204 2301 1315 2355 τοῖς
1391 2294 1578 2347 ἑαυτοῦ
1654 2303 1907 2369 μοναχοῖς

280 2390 352 2458 μή
391 2388 727 2442 κοινωνῆσαι
778 2390 844 2456 τῇ
901 2380 1199 2456 κακοδοξίᾳ
1270 2379 1580 2452 Θεοδοσίου,
1633 2381 1909 2457 ἀπεδήμη-

290 2494 374 2529 σεν
404 2472 454 2526 ἰν
500 2482 566 2546 τῇ
615 2472 817 2548 ἐρήμῳ.
876 2473 1003 2527 Μετ’
1059 2475 1118 2526 ού
1161 2472 1290 2526 πολύ
1322 2469 1382 2526 δέ
1419 2477 1773 2548 γνωρίσαντος
1819 2474 1913 2527 αύ-

294 2571 387 2616 τοῦ
440 2571 501 2636 τῇ
561 2558 804 2635 Εύδοκίᾳ
864 2566 958 2620 τὴν
1005 2565 1388 2638 φανερωθεῖσαν
1459 2564 1601 2637 αὐτῷ
1659 2562 1714 2617 ἐκ
1775 2571 1911 2617 Θεοῦ

290 2655 618 2726 μετάστασιν
686 2652 857 2715 αὐτῆς
927 2651 984 2705 ἐκ
1066 2660 1158 2705 τοῦ
1234 2661 1506 2730 σώματος,
1585 2655 1778 2717 ἐκείνης
1858 2674 1913 2709 τε

288 2742 581 2815 ἁνιωμένης
634 2737 735 2793 διὰ
794 2742 865 2793 τὰ
927 2740 1204 2813 συμϐάντα
1262 2743 1310 2796 ἐν
1365 2745 1535 2819 Ῥώμη
1606 2742 1753 2798 δεινὰ
1810 2754 1911 2797 τῶν

282 2832 453 2893 αὐτῆς
495 2837 766 2901 συγγενῶν
806 2828 977 2882 ἐκεῖσε
1023 2831 1576 2906 αἰχμαλωτισθέντων,
1619 2839 1708 2887 καὶ
1744 2842 1913 2886 ταῦτα

284 2919 535 2990 λέγοντός
584 2918 745 2971 αὐτοῦ
803 2914 901 2970 διὰ
962 2924 1058 2979 τὴν
1120 2924 1366 2997 αἱρέσεως
1435 2930 1701 2976 κοινωνίαν
1763 2922 1912 2976 ἐπεν-

298 3008 527 3078 εχθῆναι
597 3006 725 3079 αὐτῇ
779 3008 916 3060 κατὰ
968 3010 1107 3061 θείαν
1169 3017 1542 3086 συγχώρησιν,
1600 3014 1811 3070 κάκείνη
1860 3031 1914 3065 τε

297 3103 394 3156 τῆς
438 3096 690 3156 τοιαύτης
725 3094 925 3156 ἀπέστη
982 3100 1246 3170 αἱρέσεως,
1296 3104 1387 3153 καὶ
1442 3108 1553 3164 τοῖς
1601 3104 1915 3178 κυρωθεῖσιν

290 3185 393 3237 ὑπὸ
434 3193 533 3247 τῆς
592 3181 822 3237 συνόδου
876 3185 1188 3259 ἐστοίχησε,
1227 3195 1318 3242 καὶ
1370 3192 1439 3242 τὰ
1496 3198 1589 3243 τοῦ
1628 3187 1914 3244 Θεοδοσίου

286 3273 640 3347 ἆνεθεμάτισε
679 3270 946 3349 δόγματα,
980 3281 1105 3348 μίαν
1136 3280 1291 3351 φύσιν
1320 3286 1413 3331 τοῦ
1458 3283 1633 3351 Λόγου
1680 3284 1770 3332 καὶ
1819 3288 1914 3342 τῆς

290 3368 494 3436 σαρκὸς
550 3359 990 3436 δογματίζοντος,
1058 3372 1149 3419 καὶ
1206 3371 1301 3426 τὴν
1358 3367 1408 3420 ἓν
1453 3365 1757 3427 Χαλκηδόνι
1797 3371 1918 3422 σύν-

291 3448 418 3505 οδον
476 3452 969 3525 ἐξοστρακίζοντόςο
1014 3460 1106 3508 καὶ
1154 3455 1336 3510 πολλοὶ
1377 3465 1477 3509 τῶν
1535 3455 1917 3532 ἀποσχριστῶν

285 3542 427 3616 αὖτῇ
460 3541 838 3612 ὶκοινώνησαν,
888 3547 978 3597 καὶ
1024 3548 1090 3597 τὰ
1139 3553 1231 3607 τῆς
1260 3542 1573 3620 ὀρθοδοξίας
1603 3548 1917 3607 ἠσπάσαντο

282 3628 564 3705 δόγματα.

366 3773 435 3827 6'.
474 3777 739 3849 Ταράχου
784 3773 846 3830 δὲ
913 3776 1065 3830 πάλιν
1121 3777 1182 3831 ού
1230 3786 1325 3833 τοῦ
1376 3783 1637 3854 τυχόντος
1673 3784 1769 3839 την
1804 3781 1919 3834 Ἐκ-

291 3861 522 3919 κλησίαν
556 3869 903 3936 κατέχοντος,
957 3869 1102 3922 Λέων
1151 3868 1192 3939 ᾧ
1256 3872 1317 3923 τό
1377 3868 1641 3943 ἐπώνυμον
1716 3868 1920 3924 Μακέλ-

287 3950 416 4020 λης,
451 3954 579 4022 μετὰ
621 3959 931 4029 Μαρκιανόν
982 3954 1230 4029 βασιλεύς
1295 3956 1708 4034 ἀνακηρυχθεὶς,
1775 3956 1920 4011 ἐϐού-

286 4038 413 4092 λετο
574 4046 666 4096 καὶ
711 4044 871 4105 αύτός
915 4042 1136 4099 σύνοδον
1201 4055 1567 4123 πγκροτῆσαι
1629 4050 1750 4120 περὶ
1802 4049 1921 4099 τούο

272 4148 411 4182 των-
452 4134 610 4202 γνούς
662 4128 724 4186 δε
762 4134 835 4196 ὡς
886 4134 947 4186 ού
999 4138 1102 4209 πρό
1156 4134 1347 4189 πολλοῦ
1400 4137 1432 4196 ἠ
1494 4135 1545 4188 ἓν
1612 4132 1919 4195 Χαλκηδόνι

268 4221 676 4292 συνήθροιστο,
717 4226 812 4275 καὶ
869 4227 944 4297 μὴ
1007 4223 1161 4277 θῦεων
1222 4222 1370 4286 αὖθις
1430 4227 1549 4286 τοὺς
1596 4225 1919 4288 ἐπισκόπους

262 4315 405 4371 ταῖς
455 4317 695 4380 συχναῖς
748 4308 1079 4385 ἀποδημίαις
1148 4318 1240 4367 καὶ
1305 4313 1688 4389 μεταϐιϐάσεσι
1757 4333 1918 4366 κατα-

2013 458 2162 515 alios
2211 476 2323 533 pro
2370 460 2484 516 illis
2539 462 2865 530 ordinare;
2929 463 3313 534 divulgantes
3364 467 3673 536 synodum

2012 548 2406 605 conﬁrmasse
2428 554 2484 606 et
2514 566 2835 607 renovasse
2867 553 3115 608 Nestorii
3153 552 3514 624 doctrinam,
3564 553 3673 610 du-

2012 637 2181 709 plicis
2234 642 2585 695 naturarum
2641 640 2806 694 vocis
2855 645 3146 712 praetextu
3202 641 3319 696 hoc
3365 640 3667 712 ﬁngente;

2014 726 2173 781 unde
2204 727 2529 784 astrinxere
2563 726 2750 784 totam
2777 727 3154 785 Palaestinam
3183 735 3240 786 et
3283 732 3582 804 Egyptum
3614 736 3673 788 et

2011 830 2148 888 qum
2178 814 2239 870 in
2268 805 2507 873 deserto
2523 824 2690 874 erant
2710 818 3107 886 monasteria;
3133 824 3191 874 et
3210 819 3510 891 plerisque
3538 835 3669 892 per-

2013 909 2332 960 suaserunt
2359 920 2434 960 ne
2468 907 2798 980 reciperent
2830 923 2902 964 ea
2941 924 3078 980 quae
3109 924 3145 964 a
3180 913 3395 980 quarta
3428 909 3669 980 synodo

2013 992 2244 1050 sancita
2274 999 2466 1051 erant.

2085 1320 2138 1373 3.
2177 1316 2367 1373 Illuxit
2412 1321 2617 1374 autem
2667 1317 2794 1373 suis
2847 1317 3120 1390 partibus
3176 1318 3266 1374 vir
3311 1319 3417 1391 qui
3459 1334 3529 1377 ex
3562 1333 3675 1375 sua

2011 1407 2228 1462 virtute
2267 1407 2730 1476 cognominatus
2777 1412 2868 1463 est
2920 1408 3296 1478 Euthymius,
3345 1409 3519 1464 Pater
3556 1424 3674 1464 no-

2013 1500 2147 1566 ster,
2179 1495 2369 1567 quiet
2411 1511 2484 1550 ex
2530 1495 2645 1550 hac
2683 1495 2845 1551 mala
2890 1495 3163 1551 doctrina
3210 1512 3349 1551 cum
3394 1498 3519 1552 suis
3546 1511 3678 1551 mo-

2012 1584 2222 1639 nachis
2265 1583 2605 1639 declinavit.
2654 1586 2978 1657 Postquam
3028 1584 3189 1639 enim
3222 1586 3453 1657 accepit
3478 1584 3679 1640 decla-

2011 1679 2208 1729 ratam
2266 1688 2305 1729 a
2360 1672 2598 1743 synodo
2644 1671 3081 1738 definitionem,
3131 1689 3236 1728 eos
3287 1671 3679 1744 congregavit

2013 1768 2071 1817 et
2100 1761 2267 1817 omni
2297 1761 2483 1817 modo
2512 1760 2627 1816 illis
2667 1761 3031 1833 persuadere
3066 1762 3311 1818 tentavit
3363 1762 3676 1835 synodum

2009 1850 2344 1922 legitimam
2392 1855 2450 1907 et
2491 1856 2719 1907 rectam
2756 1851 2914 1907 hanc
2960 1850 3374 1907 deﬁnitionem
3408 1868 3678 1925 pronun-

2010 1941 2210 2009 tiasse,
2265 1943 2323 1997 et
2378 1939 2602 1996 multos
2661 1940 3042 2012 praemunivit
3092 1941 3447 2012 induxitque
3476 1946 3542 1998 ut
3590 1944 3678 2000 sic

2013 2027 2345 2086 crederent.
2387 2028 2534 2083 Cum
2574 2033 2779 2083 autem
2814 2026 2959 2083 illud
3002 2027 3230 2084 malum
3259 2029 3675 2095 invalesceret,

2014 2118 2093 2174 ab
2114 2117 2491 2189 imperatrice
2514 2116 2783 2173 Eudoxia
2802 2117 3138 2190 praesertim
3154 2118 3510 2176 roboratum
3537 2125 3680 2177 tunc

2013 2206 2301 2279 temporis
2331 2205 2447 2261 illic
2475 2220 2665 2278 prope
2693 2205 2828 2262 loca
2871 2210 3087 2262 sancta
3135 2206 3413 2277 degente,
3448 2224 3680 2281 praece-

2016 2297 2102 2369 pit
2130 2296 2255 2352 suis
2281 2295 2597 2352 monachis
2628 2310 2854 2368 eosque
2901 2292 3176 2351 hortatus
3229 2301 3318 2352 est
3374 2312 3449 2353 ne
3502 2298 3681 2355 malae

2016 2385 2334 2443 Theodosii
2359 2384 2648 2440 doctrinae
2670 2385 3209 2453 communicare-nt,
3227 2386 3596 2460 recessitque
3619 2387 3681 2444 in

2018 2475 2347 2531 desertum.
2389 2473 2572 2530 Paulo
2601 2478 2738 2547 post
2765 2480 2967 2531 autem
3005 2489 3145 2530 cum
3186 2475 3467 2532 Eudoxiaa
3498 2493 3570 2533 ex
3592 2477 3681 2534 di-

2018 2565 2162 2621 vina
2207 2563 2568 2620 revelatione
2620 2562 2810 2636 ipsius
2854 2563 3276 2634 migrationem
3305 2581 3378 2621 eo
3405 2582 3679 2639 corpore,

2019 2653 2186 2709 brevi
2209 2652 2472 2710 futuram
2504 2652 2889 2722 declarasset,
2920 2653 3141 2727 illaque
3160 2654 3392 2711 tristitia
3414 2654 3682 2712 afﬁcere-

2021 2746 2118 2798 tur
2134 2746 2383 2815 propter
2429 2742 2911 2815 propinquorum
2960 2741 3120 2798 mala
3149 2743 3254 2815 qui
3292 2745 3494 2800 Romae
3522 2743 3681 2801 bello

2022 2831 2178 2902 capti
2209 2836 2399 2899 erant,
2426 2829 2770 2901 diceretque
2799 2844 2872 2886 ea
2899 2835 3146 2902 propter
3173 2830 3304 2901 ejus
3334 2846 3472 2887 cum
3497 2831 3688 2889 haere-

2020 2921 2152 2977 ticis
2195 2919 2708 2986 communionem,
2752 2919 2872 2974 Deo
2919 2918 3316 2991 permittente.
3364 2920 3682 2991 accidisse,

2020 3009 2242 3082 illaque
2281 3025 2354 3064 ex
2389 3009 2502 3063 hac
2558 3007 2773 3064 hmresi
2827 3007 3076 3076 abstitit,
3133 3011 3191 3064 et
3220 3007 3300 3064 ad
3324 3008 3617 3079 dogmata
3645 3025 3685 3067 a

1954 3073 1994 3128 C
2023 3073 2260 3172 synodo
2291 3096 2649 3153 conﬁrmata
2693 3097 2887 3161 rediit,
2928 3102 2986 3153 et
3033 3073 3352 3154 Theodosii
3393 3073 3685 3168 dogmata

2022 3185 2568 3253 anathematizavit,
2622 3186 2728 3258 qui
2764 3186 3007 3243 unicam
3049 3186 3222 3243 Verbi
3265 3190 3322 3243 et
3350 3187 3549 3243 carnis
3575 3202 3684 3245 na-

2022 3283 2219 3335 turam
2245 3276 2504 3333 docebat
2545 3280 2603 3332 et
2630 3274 3183 3333 Chalcedonensem
3217 3276 3522 3348 synodum
3542 3292 3686 3349 pro-

2024 3367 2362 3436 scribebat;
2401 3372 2458 3423 et
2486 3365 2655 3422 multi
2703 3382 2776 3422 ex
2813 3365 3213 3422 schismaticis
3254 3365 3371 3438 ipsi
3417 3365 3687 3423 adhmse-

2025 3463 2184 3523 runt,
2210 3462 2268 3513 et
2297 3450 2772 3513 orthodoxorum
2799 3453 3088 3525 dogmata
3120 3453 3383 3527 amplexi
3414 3460 3575 3512 sunt.

2097 3779 2153 3834 4.
2191 3775 2455 3832 Turbata
2479 3778 2683 3831 autem
2711 3773 2888 3831 valde
2904 3772 3167 3831 Ecclesia
3185 3789 3427 3831 rursum
3454 3775 3570 3833 Leo
3592 3775 3689 3833 cui

2027 3878 2368 3935 cognomen
2413 3861 2707 3928 Macelles,
2754 3865 2892 3932 post
2941 3861 3313 3938 Marcianum
3355 3861 3688 3933 imperator

2027 3953 2271 4021 electus,
2324 3950 2572 4007 volebat
2619 3948 2868 4023 quidem
2910 3948 3040 4021 ipse
3092 3948 3400 4021 synodum
3454 3949 3531 4005 de
3595 3951 3690 4006 his

2027 4054 2382 4098 convocare.
2407 4040 2555 4096 Cum
2578 4042 2779 4094 autem
2806 4035 3115 4093 didicisset
3139 4036 3689 4096 Chalsedonensem

2026 4146 2151 4188 non
2179 4129 2372 4187 multo
2401 4133 2539 4185 ante
2579 4126 2851 4183 habitam
2901 4142 3053 4189 esse,
3098 4125 3403 4199 nolletque
3443 4143 3690 4185 rursum

2027 4221 2347 4294 episcopos
2402 4216 2703 4274 continuis
2753 4215 3067 4272 itineribus
3096 4219 3155 4273 et
3191 4215 3688 4274 translationibus

2027 4325 2265 4376 vexare,
2293 4306 2670 4378 singularum
2702 4304 3153 4378 provinciarum
3200 4304 3498 4377 episcopis
3526 4307 3692 4364 misit

258 4399 633 4471 τρύχεσθαι,
687 4405 793 4461 τοῖς
847 4400 968 4454 καθ’
1021 4402 1246 4462 ἑκάστην
1299 4401 1565 4476 ἑπαὰχίαν
1612 4402 1911 4465 ἐπισκόποις

2026 4395 2341 4464 mandata,
2383 4393 2607 4467 quibus
2636 4392 2980 4466 postulabat
3009 4395 3076 4448 ut
3103 4406 3280 4448 suam
3327 4391 3403 4448 de
3450 4392 3693 4451 Chalce-

257 4485 560 4547 κελεύσεις
647 4484 921 4542 ἀπέστειλε
946 4532 962 4556 ,
1055 4486 1299 4554 δηλώσας
1371 4487 1450 4546 δι’
1514 4492 1703 4565 αὐτῶν,
1770 4498 1918 4545 ποῖον

261 4576 486 4647 ἔχουσι
546 4579 797 4649 φρόνημα
847 4583 970 4653 περὶ
1014 4587 1112 4643 τῆς
1161 4580 1220 4633 ἐκ
1278 4578 1587 4643 Χαλκηδόνι
1645 4582 1919 4642 συστάσης

267 4660 557 4731 συνόδου,
596 4672 950 4737 παραστῆσαί
1003 4669 1054 4721 οἱ
1086 4665 1185 4723 διὰ
1234 4672 1456 4743 τάχουςο
1501 4669 1564 4723 οὗ
1625 4673 1915 4742 γεγονότος,

260 4752 494 4814 πλείους
533 4752 567 4813 ἦ
608 4753 790 4827 χίλιοι
828 4755 1107 4810 ἐπίσκοποι
1160 4759 1468 4833 ὑπέγραψαν
1511 4763 1604 4812 καὶ
1654 4762 1749 4818 τὴν
1780 4760 1919 4811 σύν-

263 4837 412 4894 οδον
463 4840 851 4918 ἕπεκύρωσαν.
905 4852 1011 4899 Τοῦ
1064 4843 1125 4901 δ⁴ε
1177 4851 1399 4912 Λέοντος
1450 4852 1540 4901 τόν
1608 4846 1726 4921 βίον
1799 4866 1918 4921 μετ,

269 4930 607 5005 ἠλλαχότος,
651 4938 894 4997 Ζήνωνός
931 4955 988 4989 τε
1037 4941 1129 4990 καὶ
1176 4936 1528 4992 ’Δναστασίου
1584 4937 1696 5011 μετ’
1743 4936 1916 5010 ὀλίγον

274 5016 753 5092 βασιλευσάντων,
811 5024 1115 5101 παῤῥήσίαν
1180 5035 1274 5080 τοῦ
1337 5028 1503 5100 λέγειν
1561 5029 1714 5090 αὖθις
1781 5029 1917 5081 κατὰ

268 5116 378 5172 τῆς
427 5108 662 5166 συνόδου
711 5115 763 5166 oi
805 5111 881 5167 δι’
936 5113 1174 5187 ἐναντίας
1217 5114 1519 5189 ἐλάμϐανον,
1576 5121 1668 5170 καὶ
1716 5118 1774 5168 τό
1814 5123 1913 5169 τῶν

267 5195 605 5254 Ἰακωϐιτῶν
696 5222 787 5257 και
881 5201 1255 5259 Θεοδοσιανῶν
1344 5203 1581 5281 ἐκώμασε
1663 5204 1864 5267 πλῆθος
1894 5245 1911 5274 ,

260 5292 400 5361 μίαν
445 5293 607 5364 φύσιν
654 5301 749 5347 τοῦ
808 5296 994 5368 Λόγου
1049 5296 1143 5347 καὶ
1190 5301 1284 5356 τῆς
1340 5298 1536 5372 σαρκὸς
1598 5292 1910 5370 πρεσϐευόν-

264 5388 393 5448 rein,
433 5386 529 5436 καὶ
581 5387 677 5445 τήν
714 5381 950 5441 σύνοδον
1000 5381 1514 5455 ἆναθεματιζόντων.
1563 5384 1631 5437 Οἱ
1669 5379 1720 5437 δ’
1760 5383 1911 5437 αὐτοὶ

275 5466 543 5547 ἒπειρῶνό
596 5483 688 5534 καὶ
744 5483 841 5534 τὸν
885 5482 1062 5550 τόμον
1127 5470 1410 5547 ἀνατρέψαι
1466 5482 1559 5528 τοῦ
1626 5473 1675 5526 ἐν
1738 5471 1911 5545 ἁγίοις

284 5562 486 5631 Λέοντος
540 5574 692 5630 πάντα
752 5571 998 5647 Ῥώμηςο
1067 5561 1185 5617 ἀλλ’
1242 5562 1485 5638 Εύλόγιος
1540 5566 1566 5618 ὅ
1632 5562 1682 5618 ἓν
1738 5562 1912 5636 ἁγίοις

2026 4484 2284 4544 donensi
2337 4491 2577 4557 synodo
2624 4481 2983 4539 sententiam
3033 4480 3150 4537 sibi
3184 4495 3372 4555 quam
3404 4481 3691 4539 citissime

2026 4578 2303 4632 notatum
2333 4571 2615 4629 facerent.
2647 4570 2875 4636 Quibus
2914 4569 3171 4643 acceptis
3203 4569 3528 4639 mandatis,
3559 4571 3690 4645 plu-

2024 4682 2122 4723 res
2150 4679 2338 4738 quam
2368 4660 2528 4718 mille
2556 4659 2825 4734 episcopi
2871 4659 3328 4733 rescripserunt,
3360 4661 3691 4734 synodum-

2024 4770 2144 4830 que
2184 4752 2638 4809 conﬁrmarunt.
2682 4751 3007 4821 Postquam
3050 4752 3252 4805 autem
3288 4753 3563 4806 mortuus
3603 4754 3697 4808 est

2026 4845 2162 4907 Leo,
2211 4845 2490 4914 Zenoque
2541 4843 2597 4895 et
2645 4837 3002 4894 Anastasius
3047 4836 3232 4909 paulo
3261 4841 3400 4911 post
3424 4854 3685 4910 regnum

2024 4932 2228 5005 adepti
2255 4934 2414 4997 sunt,
2442 4942 2655 4984 rursus
2674 4930 2885 4984 contra
2914 4926 3223 4998 synodum
3253 4926 3581 4984 adversarii
3603 4926 3690 4985 lo-

2022 5020 2128 5096 qui
2157 5020 2289 5077 ausi
2318 5019 2540 5074 suntet
2563 5014 2973 5072 Jacobitarum
3009 5013 3690 5089 Theodosianorumque

2022 5108 2416 5168 commissata
2444 5108 2535 5162 est
2562 5102 2903 5169 multitudo,
2934 5117 3246 5175 unamque
3272 5102 3446 5160 Verbi
3469 5108 3528 5160 et
3555 5120 3713 5169 car-,

2020 5200 2114 5258 nis
2136 5184 2420 5255 naturam
2436 5193 2855 5267 prmdicabant
2872 5191 3302 5266 synodumque
3332 5193 3689 5254 anathema-

2019 5288 2302 5349 tizabant.
2355 5282 2544 5341 Iidem
2589 5298 2774 5359 porro
2832 5280 3212 5339 conabantur
3261 5284 3457 5341 sancti
3507 5300 3688 5360 papas

2020 5377 2275 5437 Romani
2326 5374 2538 5433 Leonis
2596 5376 2831 5429 tomum
2883 5372 3162 5427 evertere.
3214 5371 3331 5430 Sed
3391 5375 3685 5447 Eulogius

2018 5474 2253 5526 tomum
2273 5465 2436 5521 hunc
2465 5460 2804 5535 explicavit,
2843 5458 3105 5518 ostendit
3134 5477 3276 5518 eum
3321 5467 3484 5521 recta
3520 5464 3681 5522 ince-

2017 5558 2160 5617 dere
2205 5555 2476 5628 nihilque
2521 5550 2841 5625 obliquum
2903 5552 2965 5609 et
3025 5549 3108 5608 ab
3164 5551 3503 5617 orthodoxa
3554 5563 3678 5623 ﬁde
