  <div class='ocr_page' id='page_1' title='image "/cluster/home/n/w/nwhite01/storage/ocr_20150623/140/coo.31924054870450/045.png"; bbox 0 0 4136 6398; ppageno 0'>
   <div class='ocr_carea' id='block_1_1' title="bbox 583 265 2235 348">
    <p class='ocr_par' dir='ltr' id='par_1_1' title="bbox 583 265 2235 346">
     <span class='ocr_line' id='line_1_1' title="bbox 583 265 2235 346; baseline -0.007 0"><span class='ocrx_word' id='word_1_1' title='bbox 583 284 651 346; x_wconf 72' lang='lat'><strong>71</strong></span> <span class='ocrx_word' id='word_1_2' title='bbox 1934 265 2203 337; x_wconf 63' lang='lat' dir='ltr'><strong>Nicena</strong></span> <span class='ocrx_word' id='word_1_3' title='bbox 2233 298 2235 315; x_wconf 67' lang='grc' dir='ltr'><strong>ε</strong></span> 
     </span>
    </p>
   </div>
   <div class='ocr_carea' id='block_1_2' title="bbox 2345 265 3957 348">
    <p class='ocr_par' dir='ltr' id='par_1_2' title="bbox 2345 266 3957 348">
     <span class='ocr_line' id='line_1_2' title="bbox 2345 266 3957 348; baseline 0.007 -12"><span class='ocrx_word' id='word_1_4' title='bbox 2345 266 2609 336; x_wconf 70' lang='lat' dir='ltr'><strong>)NIATIE</strong></span> <span class='ocrx_word' id='word_1_5' title='bbox 3890 282 3957 348; x_wconf 78' lang='lat'><strong>72</strong></span> 
     </span>
    </p>
   </div>
   <div class='ocr_carea' id='block_1_3' title="bbox 584 401 2235 479">
    <p class='ocr_par' dir='ltr' id='par_1_3' title="bbox 584 402 2235 471">
     <span class='ocr_line' id='line_1_3' title="bbox 584 402 2235 471; baseline -0.006 -1"><span class='ocrx_word' id='word_1_6' title='bbox 584 411 848 471; x_wconf 87' lang='lat' dir='ltr'><strong>alienum</strong></span> <span class='ocrx_word' id='word_1_7' title='bbox 876 410 977 468; x_wconf 91' lang='lat' dir='ltr'><strong>illo</strong></span> <span class='ocrx_word' id='word_1_8' title='bbox 1006 406 1212 466; x_wconf 84' lang='lat' dir='ltr'><strong>inferri</strong></span> <span class='ocrx_word' id='word_1_9' title='bbox 1241 403 1528 464; x_wconf 90' lang='lat' dir='ltr'><strong>omnibus</strong></span> <span class='ocrx_word' id='word_1_10' title='bbox 1566 404 1826 463; x_wconf 88' lang='lat' dir='ltr'><strong>dilucide</strong></span> <span class='ocrx_word' id='word_1_11' title='bbox 1857 402 2235 463; x_wconf 81' lang='lat' dir='ltr'><strong>monstravit.</strong></span> 
     </span>
    </p>
   </div>
   <div class='ocr_carea' id='block_1_4' title="bbox 2345 401 3953 479">
    <p class='ocr_par' dir='ltr' id='par_1_4' title="bbox 2352 401 3953 479">
     <span class='ocr_line' id='line_1_4' title="bbox 2352 401 3953 479; baseline 0.006 -24"><span class='ocrx_word' id='word_1_12' title='bbox 2352 405 2438 455; x_wconf 88' lang='grc' dir='ltr'><strong>τόν</strong></span> <span class='ocrx_word' id='word_1_13' title='bbox 2467 420 2522 455; x_wconf 91' lang='grc' dir='ltr'><strong>τε</strong></span> <span class='ocrx_word' id='word_1_14' title='bbox 2550 406 2703 461; x_wconf 77' lang='grc' dir='ltr'>τόμον</span> <span class='ocrx_word' id='word_1_15' title='bbox 2742 401 3039 475; x_wconf 72' lang='grc' dir='ltr'><strong>ἐξηγήσατο</strong></span> <span class='ocrx_word' id='word_1_16' title='bbox 3067 402 3184 476; x_wconf 62' lang='grc'>(1)),</span> <span class='ocrx_word' id='word_1_17' title='bbox 3234 406 3325 457; x_wconf 79' lang='grc' dir='ltr'>καὶ</span> <span class='ocrx_word' id='word_1_18' title='bbox 3375 402 3545 469; x_wconf 77' lang='grc' dir='ltr'>καλῶς</span> <span class='ocrx_word' id='word_1_19' title='bbox 3590 406 3733 479; x_wconf 78' lang='grc' dir='ltr'>ἔχειν</span> <span class='ocrx_word' id='word_1_20' title='bbox 3784 416 3953 464; x_wconf 74' lang='grc' dir='ltr'>τοῦτον</span> 
     </span>
    </p>
   </div>
   <div class='ocr_carea' id='block_1_5' title="bbox 584 494 2245 567">
    <p class='ocr_par' dir='ltr' id='par_1_5' title="bbox 584 494 2245 567">
     <span class='ocr_line' id='line_1_5' title="bbox 584 494 2245 567; baseline -0.006 -9"><span class='ocrx_word' id='word_1_21' title='bbox 584 506 861 558; x_wconf 77' lang='lat' dir='ltr'><strong>Attamen</strong></span> <span class='ocrx_word' id='word_1_22' title='bbox 889 504 943 558; x_wconf 89' lang='lat' dir='ltr'><strong>et</strong></span> <span class='ocrx_word' id='word_1_23' title='bbox 968 500 1055 557; x_wconf 93' lang='lat' dir='ltr'><strong>sic</strong></span> <span class='ocrx_word' id='word_1_24' title='bbox 1083 497 1306 556; x_wconf 81' lang='lat' dir='ltr'><strong>diutius</strong></span> <span class='ocrx_word' id='word_1_25' title='bbox 1329 496 1392 553; x_wconf 90' lang='lat' dir='ltr'><strong>in</strong></span> <span class='ocrx_word' id='word_1_26' title='bbox 1429 495 1800 553; x_wconf 86' lang='lat' dir='ltr'><strong>oblivionem</strong></span> <span class='ocrx_word' id='word_1_27' title='bbox 1829 494 2038 552; x_wconf 88' lang='lat' dir='ltr'><strong>incidit</strong></span> <span class='ocrx_word' id='word_1_28' title='bbox 2066 508 2245 567; x_wconf 84' lang='lat' dir='ltr'><strong>syno-</strong></span> 
     </span>
    </p>
   </div>
   <div class='ocr_carea' id='block_1_6' title="bbox 585 583 2247 663">
    <p class='ocr_par' dir='ltr' id='par_1_6' title="bbox 585 583 2247 663">
     <span class='ocr_line' id='line_1_6' title="bbox 585 583 2247 663; baseline -0.005 -15"><span class='ocrx_word' id='word_1_29' title='bbox 585 591 720 663; x_wconf 88' lang='lat' dir='ltr'><strong>dus,</strong></span> <span class='ocrx_word' id='word_1_30' title='bbox 768 595 823 647; x_wconf 89' lang='lat' dir='ltr'><strong>et</strong></span> <span class='ocrx_word' id='word_1_31' title='bbox 862 588 1285 663; x_wconf 84' lang='lat' dir='ltr'><strong>unusquisque</strong></span> <span class='ocrx_word' id='word_1_32' title='bbox 1330 584 1499 660; x_wconf 91' lang='lat' dir='ltr'><strong>quod</strong></span> <span class='ocrx_word' id='word_1_33' title='bbox 1551 584 1666 642; x_wconf 87' lang='lat' dir='ltr'><strong>sibi</strong></span> <span class='ocrx_word' id='word_1_34' title='bbox 1708 583 2052 657; x_wconf 91' lang='lat' dir='ltr'><strong>jucundum</strong></span> <span class='ocrx_word' id='word_1_35' title='bbox 2089 585 2247 639; x_wconf 82' lang='lat' dir='ltr'><strong>esset</strong></span> 
     </span>
    </p>
   </div>
   <div class='ocr_carea' id='block_1_7' title="bbox 580 670 2245 754">
    <p class='ocr_par' dir='ltr' id='par_1_7' title="bbox 580 670 2245 754">
     <span class='ocr_line' id='line_1_7' title="bbox 580 670 2245 754; baseline -0.007 -16"><span class='ocrx_word' id='word_1_36' title='bbox 580 679 948 754; x_wconf 87' lang='lat' dir='ltr'><strong>principium</strong></span> <span class='ocrx_word' id='word_1_37' title='bbox 999 676 1271 750; x_wconf 85' lang='lat' dir='ltr'><strong>arripuit,</strong></span> <span class='ocrx_word' id='word_1_38' title='bbox 1329 678 1388 732; x_wconf 90' lang='lat' dir='ltr'><strong>et</strong></span> <span class='ocrx_word' id='word_1_39' title='bbox 1428 674 1722 748; x_wconf 88' lang='lat' dir='ltr'><strong>quoniam</strong></span> <span class='ocrx_word' id='word_1_40' title='bbox 1777 673 2001 744; x_wconf 87' lang='lat' dir='ltr'><strong>singuli</strong></span> <span class='ocrx_word' id='word_1_41' title='bbox 2026 671 2105 729; x_wconf 91' lang='lat' dir='ltr'><strong>ad</strong></span> <span class='ocrx_word' id='word_1_42' title='bbox 2129 670 2245 728; x_wconf 89' lang='lat' dir='ltr'><strong>sibi</strong></span> 
     </span>
    </p>
   </div>
   <div class='ocr_carea' id='block_1_8' title="bbox 583 761 2243 843">
    <p class='ocr_par' dir='ltr' id='par_1_8' title="bbox 583 761 2243 843">
     <span class='ocr_line' id='line_1_8' title="bbox 583 761 2243 843; baseline -0.007 -16"><span class='ocrx_word' id='word_1_43' title='bbox 583 773 892 843; x_wconf 88' lang='lat' dir='ltr'><strong>acceptam</strong></span> <span class='ocrx_word' id='word_1_44' title='bbox 912 767 1098 825; x_wconf 88' lang='lat' dir='ltr'><strong>ﬁdem</strong></span> <span class='ocrx_word' id='word_1_45' title='bbox 1114 763 1564 835; x_wconf 83' lang='lat' dir='ltr'><strong>confugiebant,</strong></span> <span class='ocrx_word' id='word_1_46' title='bbox 1582 778 1806 834; x_wconf 88' lang='lat' dir='ltr'><strong>magna</strong></span> <span class='ocrx_word' id='word_1_47' title='bbox 1826 761 2243 823; x_wconf 80' lang='lat' dir='ltr'><strong>haereticorum</strong></span> 
     </span>
    </p>
   </div>
   <div class='ocr_carea' id='block_1_9' title="bbox 580 849 2243 918">
    <p class='ocr_par' dir='ltr' id='par_1_9' title="bbox 580 849 2243 918">
     <span class='ocr_line' id='line_1_9' title="bbox 580 849 2243 918; baseline -0.007 -1"><span class='ocrx_word' id='word_1_48' title='bbox 580 864 639 918; x_wconf 92' lang='lat' dir='ltr'><strong>et</strong></span> <span class='ocrx_word' id='word_1_49' title='bbox 664 858 1191 916; x_wconf 87' lang='lat' dir='ltr'><strong>schismaticorum</strong></span> <span class='ocrx_word' id='word_1_50' title='bbox 1223 853 1544 912; x_wconf 88' lang='lat' dir='ltr'><strong>multitudo</strong></span> <span class='ocrx_word' id='word_1_51' title='bbox 1574 852 1848 911; x_wconf 88' lang='lat' dir='ltr'><strong>recrevit.</strong></span> <span class='ocrx_word' id='word_1_52' title='bbox 1886 849 2243 908; x_wconf 84' lang='lat' dir='ltr'><strong>Anastasius</strong></span> 
     </span>
    </p>
   </div>
   <div class='ocr_carea' id='block_1_10' title="bbox 578 939 2243 1022">
    <p class='ocr_par' dir='ltr' id='par_1_10' title="bbox 578 939 2243 1022">
     <span class='ocr_line' id='line_1_10' title="bbox 578 939 2243 1022; baseline -0.006 -16"><span class='ocrx_word' id='word_1_53' title='bbox 578 948 780 1022; x_wconf 89' lang='lat' dir='ltr'><strong>igitur,</strong></span> <span class='ocrx_word' id='word_1_54' title='bbox 804 963 1044 1018; x_wconf 62' lang='lat' dir='ltr'><strong>magna:</strong></span> <span class='ocrx_word' id='word_1_55' title='bbox 1092 943 1419 1002; x_wconf 76' lang='lat' dir='ltr'><strong>Antiochiae</strong></span> <span class='ocrx_word' id='word_1_56' title='bbox 1459 943 1706 1000; x_wconf 88' lang='lat' dir='ltr'><strong>antistes</strong></span> <span class='ocrx_word' id='word_1_57' title='bbox 1734 957 1845 1016; x_wconf 89' lang='lat' dir='ltr'><strong>pro</strong></span> <span class='ocrx_word' id='word_1_58' title='bbox 1876 939 2116 1015; x_wconf 90' lang='lat' dir='ltr'><strong>synodo</strong></span> <span class='ocrx_word' id='word_1_59' title='bbox 2153 939 2243 996; x_wconf 89' lang='lat' dir='ltr'><strong>in-</strong></span> 
     </span>
    </p>
   </div>
   <div class='ocr_carea' id='block_1_11' title="bbox 581 1029 2238 1110">
    <p class='ocr_par' dir='ltr' id='par_1_11' title="bbox 581 1029 2238 1110">
     <span class='ocr_line' id='line_1_11' title="bbox 581 1029 2238 1110; baseline -0.006 -15"><span class='ocrx_word' id='word_1_60' title='bbox 581 1038 742 1110; x_wconf 85' lang='lat' dir='ltr'><strong>stitit,</strong></span> <span class='ocrx_word' id='word_1_61' title='bbox 793 1042 852 1094; x_wconf 91' lang='lat' dir='ltr'><strong>et</strong></span> <span class='ocrx_word' id='word_1_62' title='bbox 895 1034 1271 1107; x_wconf 89' lang='lat' dir='ltr'><strong>dogmaticos</strong></span> <span class='ocrx_word' id='word_1_63' title='bbox 1314 1048 1581 1090; x_wconf 89' lang='lat' dir='ltr'><strong>canones</strong></span> <span class='ocrx_word' id='word_1_64' title='bbox 1644 1032 1866 1104; x_wconf 90' lang='lat' dir='ltr'><strong>scripto</strong></span> <span class='ocrx_word' id='word_1_65' title='bbox 1921 1029 2238 1104; x_wconf 90' lang='lat' dir='ltr'><strong>deposuit;</strong></span> 
     </span>
    </p>
   </div>
   <div class='ocr_carea' id='block_1_12' title="bbox 578 1119 2240 1201">
    <p class='ocr_par' dir='ltr' id='par_1_12' title="bbox 578 1119 2240 1201">
     <span class='ocr_line' id='line_1_12' title="bbox 578 1119 2240 1201; baseline -0.007 -16"><span class='ocrx_word' id='word_1_66' title='bbox 578 1127 899 1201; x_wconf 85' lang='lat' dir='ltr'><strong>ipsamque</strong></span> <span class='ocrx_word' id='word_1_67' title='bbox 941 1124 1247 1199; x_wconf 84' lang='lat' dir='ltr'><strong>synodum</strong></span> <span class='ocrx_word' id='word_1_68' title='bbox 1280 1124 1436 1180; x_wconf 89' lang='lat' dir='ltr'><strong>bene</strong></span> <span class='ocrx_word' id='word_1_69' title='bbox 1482 1121 1690 1179; x_wconf 84' lang='lat' dir='ltr'><strong>omnia</strong></span> <span class='ocrx_word' id='word_1_70' title='bbox 1720 1119 2070 1177; x_wconf 87' lang='lat' dir='ltr'><strong>deﬁnivisse</strong></span> <span class='ocrx_word' id='word_1_71' title='bbox 2098 1134 2240 1175; x_wconf 90' lang='lat' dir='ltr'><strong>con-</strong></span> 
     </span>
    </p>
   </div>
   <div class='ocr_carea' id='block_1_13' title="bbox 579 1206 2240 1290">
    <p class='ocr_par' dir='ltr' id='par_1_13' title="bbox 579 1206 2240 1290">
     <span class='ocr_line' id='line_1_13' title="bbox 579 1206 2240 1290; baseline -0.008 -13"><span class='ocrx_word' id='word_1_72' title='bbox 579 1217 788 1285; x_wconf 87' lang='lat' dir='ltr'><strong>tendit,</strong></span> <span class='ocrx_word' id='word_1_73' title='bbox 841 1220 900 1274; x_wconf 89' lang='lat' dir='ltr'><strong>et</strong></span> <span class='ocrx_word' id='word_1_74' title='bbox 943 1215 1125 1290; x_wconf 91' lang='lat' dir='ltr'><strong>plena</strong></span> <span class='ocrx_word' id='word_1_75' title='bbox 1178 1229 1309 1271; x_wconf 90' lang='lat' dir='ltr'><strong>esse</strong></span> <span class='ocrx_word' id='word_1_76' title='bbox 1355 1212 1574 1286; x_wconf 83' lang='lat' dir='ltr'><strong>pietate</strong></span> <span class='ocrx_word' id='word_1_77' title='bbox 1621 1211 1753 1284; x_wconf 87' lang='lat' dir='ltr'><strong>ejus</strong></span> <span class='ocrx_word' id='word_1_78' title='bbox 1807 1208 2101 1281; x_wconf 81' lang='lat' dir='ltr'><strong>dogmata</strong></span> <span class='ocrx_word' id='word_1_79' title='bbox 2140 1206 2240 1264; x_wconf 81' lang='lat' dir='ltr'><strong>de-</strong></span> 
     </span>
    </p>
   </div>
   <div class='ocr_carea' id='block_1_14' title="bbox 578 1310 897 1365">
    <p class='ocr_par' dir='ltr' id='par_1_14' title="bbox 578 1310 897 1365">
     <span class='ocr_line' id='line_1_14' title="bbox 578 1310 897 1365; baseline -0.003 0"><span class='ocrx_word' id='word_1_80' title='bbox 578 1310 897 1365; x_wconf 87' lang='lat' dir='ltr'><strong>monstrat.</strong></span> 
     </span>
    </p>
   </div>
   <div class='ocr_carea' id='block_1_15' title="bbox 579 1383 2282 1474">
    <p class='ocr_par' dir='ltr' id='par_1_15' title="bbox 579 1383 2282 1474">
     <span class='ocr_line' id='line_1_15' title="bbox 579 1383 2282 1474; baseline -0.005 -23"><span class='ocrx_word' id='word_1_81' title='bbox 579 1396 751 1474; x_wconf 80' lang='grc' dir='ltr'>πλήρη</span> <span class='ocrx_word' id='word_1_82' title='bbox 812 1393 1097 1455; x_wconf 77' lang='grc' dir='ltr'>θεοσεϐείας</span> <span class='ocrx_word' id='word_1_83' title='bbox 1149 1389 1280 1446; x_wconf 83' lang='grc' dir='ltr'>εἶναι</span> <span class='ocrx_word' id='word_1_84' title='bbox 1328 1394 1393 1445; x_wconf 87' lang='grc' dir='ltr'><strong>τά</strong></span> <span class='ocrx_word' id='word_1_85' title='bbox 1441 1393 1631 1453; x_wconf 79' lang='grc' dir='ltr'><strong>ταύτης</strong></span> <span class='ocrx_word' id='word_1_86' title='bbox 1685 1392 1969 1449; x_wconf 77' lang='grc' dir='ltr'><strong>συνίστησι</strong></span> <span class='ocrx_word' id='word_1_87' title='bbox 2017 1383 2282 1461; x_wconf 85' lang='grc' dir='ltr'>δόγματα.</span> 
     </span>
    </p>
   </div>
   <div class='ocr_carea' id='block_1_16' title="bbox 649 1529 2312 1603">
    <p class='ocr_par' dir='ltr' id='par_1_16' title="bbox 649 1529 2312 1603">
     <span class='ocr_line' id='line_1_16' title="bbox 649 1529 2312 1603; baseline -0.005 -8"><span class='ocrx_word' id='word_1_88' title='bbox 649 1543 699 1595; x_wconf 75' lang='lat'><strong>5.</strong></span> <span class='ocrx_word' id='word_1_89' title='bbox 742 1540 1022 1595; x_wconf 82' lang='lat' dir='ltr'><strong>Fautores</strong></span> <span class='ocrx_word' id='word_1_90' title='bbox 1043 1539 1243 1594; x_wconf 90' lang='lat' dir='ltr'><strong>autem</strong></span> <span class='ocrx_word' id='word_1_91' title='bbox 1274 1534 1417 1603; x_wconf 91' lang='lat' dir='ltr'><strong>Caii,</strong></span> <span class='ocrx_word' id='word_1_92' title='bbox 1444 1537 1502 1590; x_wconf 88' lang='lat' dir='ltr'><strong>et</strong></span> <span class='ocrx_word' id='word_1_93' title='bbox 1528 1531 1814 1597; x_wconf 89' lang='lat' dir='ltr'><strong>Dioscori,</strong></span> <span class='ocrx_word' id='word_1_94' title='bbox 1845 1535 1903 1589; x_wconf 90' lang='lat' dir='ltr'><strong>et</strong></span> <span class='ocrx_word' id='word_1_95' title='bbox 1928 1529 2135 1588; x_wconf 85' lang='lat' dir='ltr'><strong>Jacobi</strong></span> <span class='ocrx_word' id='word_1_96' title='bbox 2165 1546 2237 1587; x_wconf 89' lang='lat' dir='ltr'><strong>ac</strong></span> <span class='ocrx_word' id='word_1_97' title='bbox 2272 1532 2312 1587; x_wconf 85' lang='grc' dir='ltr'><strong>Β</strong></span> 
     </span>
    </p>
   </div>
   <div class='ocr_carea' id='block_1_17' title="bbox 575 1619 2239 1702">
    <p class='ocr_par' dir='ltr' id='par_1_17' title="bbox 575 1619 2239 1702">
     <span class='ocr_line' id='line_1_17' title="bbox 575 1619 2239 1702; baseline -0.006 -17"><span class='ocrx_word' id='word_1_98' title='bbox 575 1631 792 1702; x_wconf 79' lang='lat' dir='ltr'><strong>postea</strong></span> <span class='ocrx_word' id='word_1_99' title='bbox 823 1625 1040 1696; x_wconf 88' lang='lat' dir='ltr'><strong>Severi,</strong></span> <span class='ocrx_word' id='word_1_100' title='bbox 1082 1629 1139 1683; x_wconf 89' lang='lat' dir='ltr'><strong>et</strong></span> <span class='ocrx_word' id='word_1_101' title='bbox 1183 1623 1431 1682; x_wconf 83' lang='lat' dir='ltr'><strong>Joannis</strong></span> <span class='ocrx_word' id='word_1_102' title='bbox 1464 1622 1775 1695; x_wconf 89' lang='lat' dir='ltr'><strong>Philoponi</strong></span> <span class='ocrx_word' id='word_1_103' title='bbox 1801 1621 1907 1695; x_wconf 90' lang='lat' dir='ltr'><strong>qui</strong></span> <span class='ocrx_word' id='word_1_104' title='bbox 1936 1626 1993 1677; x_wconf 90' lang='lat' dir='ltr'><strong>et</strong></span> <span class='ocrx_word' id='word_1_105' title='bbox 2016 1619 2239 1693; x_wconf 89' lang='lat' dir='ltr'><strong>scripta</strong></span> 
     </span>
    </p>
   </div>
   <div class='ocr_carea' id='block_1_18' title="bbox 575 1710 2238 1780">
    <p class='ocr_par' dir='ltr' id='par_1_18' title="bbox 575 1710 2238 1780">
     <span class='ocr_line' id='line_1_18' title="bbox 575 1710 2238 1780; baseline -0.007 -5"><span class='ocrx_word' id='word_1_106' title='bbox 575 1716 767 1775; x_wconf 89' lang='lat' dir='ltr'><strong>multa</strong></span> <span class='ocrx_word' id='word_1_107' title='bbox 813 1715 889 1773; x_wconf 91' lang='lat' dir='ltr'><strong>de</strong></span> <span class='ocrx_word' id='word_1_108' title='bbox 935 1715 1053 1772; x_wconf 89' lang='lat' dir='ltr'><strong>hac</strong></span> <span class='ocrx_word' id='word_1_109' title='bbox 1097 1713 1315 1772; x_wconf 68' lang='lat' dir='ltr'><strong>haeresi</strong></span> <span class='ocrx_word' id='word_1_110' title='bbox 1365 1712 1554 1769; x_wconf 87' lang='lat' dir='ltr'><strong>edidit</strong></span> <span class='ocrx_word' id='word_1_111' title='bbox 1603 1710 2005 1769; x_wconf 87' lang='lat' dir='ltr'><strong>intolerabilia</strong></span> <span class='ocrx_word' id='word_1_112' title='bbox 2056 1724 2238 1780; x_wconf 65' lang='lat' dir='ltr'><strong>aegre-</strong></span> 
     </span>
    </p>
   </div>
   <div class='ocr_carea' id='block_1_19' title="bbox 575 1800 2238 1880">
    <p class='ocr_par' dir='ltr' id='par_1_19' title="bbox 575 1800 2238 1880">
     <span class='ocr_line' id='line_1_19' title="bbox 575 1800 2238 1880; baseline -0.006 -16"><span class='ocrx_word' id='word_1_113' title='bbox 575 1823 695 1880; x_wconf 91' lang='lat' dir='ltr'><strong>que</strong></span> <span class='ocrx_word' id='word_1_114' title='bbox 736 1804 1105 1876; x_wconf 78' lang='lat' dir='ltr'><strong>reﬁ‘ellenda,</strong></span> <span class='ocrx_word' id='word_1_115' title='bbox 1157 1803 1402 1862; x_wconf 88' lang='lat' dir='ltr'><strong>unicam</strong></span> <span class='ocrx_word' id='word_1_116' title='bbox 1442 1802 1693 1876; x_wconf 89' lang='lat' dir='ltr'><strong>quidem</strong></span> <span class='ocrx_word' id='word_1_117' title='bbox 1738 1806 2040 1866; x_wconf 88' lang='lat' dir='ltr'><strong>naturam,</strong></span> <span class='ocrx_word' id='word_1_118' title='bbox 2082 1800 2238 1855; x_wconf 88' lang='lat' dir='ltr'><strong>duas</strong></span> 
     </span>
    </p>
   </div>
   <div class='ocr_carea' id='block_1_20' title="bbox 573 1888 2237 1969">
    <p class='ocr_par' dir='ltr' id='par_1_20' title="bbox 573 1888 2237 1969">
     <span class='ocr_line' id='line_1_20' title="bbox 573 1888 2237 1969; baseline -0.005 -17"><span class='ocrx_word' id='word_1_119' title='bbox 573 1911 717 1954; x_wconf 84' lang='lat' dir='ltr'><strong>vero</strong></span> <span class='ocrx_word' id='word_1_120' title='bbox 737 1895 1097 1969; x_wconf 75' lang='lat' dir='ltr'><strong>hypostases</strong></span> <span class='ocrx_word' id='word_1_121' title='bbox 1125 1892 1482 1966; x_wconf 88' lang='lat' dir='ltr'><strong>impiissime</strong></span> <span class='ocrx_word' id='word_1_122' title='bbox 1511 1892 1862 1948; x_wconf 85' lang='lat' dir='ltr'><strong>docuerunt.</strong></span> <span class='ocrx_word' id='word_1_123' title='bbox 1893 1892 1958 1947; x_wconf 92' lang='lat' dir='ltr'><strong>In</strong></span> <span class='ocrx_word' id='word_1_124' title='bbox 1989 1888 2237 1963; x_wconf 85' lang='lat' dir='ltr'><strong>quibus-</strong></span> 
     </span>
    </p>
   </div>
   <div class='ocr_carea' id='block_1_21' title="bbox 574 1979 2236 2053">
    <p class='ocr_par' dir='ltr' id='par_1_21' title="bbox 574 1979 2236 2053">
     <span class='ocr_line' id='line_1_21' title="bbox 574 1979 2236 2053; baseline -0.004 -11"><span class='ocrx_word' id='word_1_125' title='bbox 574 1984 720 2042; x_wconf 88' lang='lat' dir='ltr'><strong>dam</strong></span> <span class='ocrx_word' id='word_1_126' title='bbox 750 1990 956 2042; x_wconf 88' lang='lat' dir='ltr'><strong>tamen</strong></span> <span class='ocrx_word' id='word_1_127' title='bbox 1008 1998 1259 2040; x_wconf 88' lang='lat' dir='ltr'><strong>suorum</strong></span> <span class='ocrx_word' id='word_1_128' title='bbox 1295 1982 1588 2039; x_wconf 90' lang='lat' dir='ltr'><strong>librorum</strong></span> <span class='ocrx_word' id='word_1_129' title='bbox 1631 1980 1778 2037; x_wconf 88' lang='lat' dir='ltr'><strong>locis</strong></span> <span class='ocrx_word' id='word_1_130' title='bbox 1824 1985 1882 2036; x_wconf 91' lang='lat' dir='ltr'><strong>et</strong></span> <span class='ocrx_word' id='word_1_131' title='bbox 1921 1979 2035 2053; x_wconf 89' lang='lat' dir='ltr'><strong>ipsi</strong></span> <span class='ocrx_word' id='word_1_132' title='bbox 2079 1979 2236 2036; x_wconf 88' lang='lat' dir='ltr'><strong>duas</strong></span> 
     </span>
    </p>
   </div>
   <div class='ocr_carea' id='block_1_22' title="bbox 572 2067 2238 2139">
    <p class='ocr_par' dir='ltr' id='par_1_22' title="bbox 572 2067 2238 2139">
     <span class='ocr_line' id='line_1_22' title="bbox 572 2067 2238 2139; baseline -0.004 -7"><span class='ocrx_word' id='word_1_133' title='bbox 572 2079 822 2132; x_wconf 89' lang='lat' dir='ltr'><strong>naturas</strong></span> <span class='ocrx_word' id='word_1_134' title='bbox 868 2072 1254 2139; x_wconf 87' lang='lat' dir='ltr'><strong>conﬁtentur,</strong></span> <span class='ocrx_word' id='word_1_135' title='bbox 1303 2070 1410 2128; x_wconf 92' lang='lat' dir='ltr'><strong>sed</strong></span> <span class='ocrx_word' id='word_1_136' title='bbox 1452 2069 1805 2128; x_wconf 90' lang='lat' dir='ltr'><strong>addendum</strong></span> <span class='ocrx_word' id='word_1_137' title='bbox 1857 2073 1967 2137; x_wconf 90' lang='lat' dir='ltr'><strong>est,</strong></span> <span class='ocrx_word' id='word_1_138' title='bbox 2020 2084 2096 2126; x_wconf 93' lang='lat' dir='ltr'><strong>ne</strong></span> <span class='ocrx_word' id='word_1_139' title='bbox 2136 2067 2238 2125; x_wconf 88' lang='lat' dir='ltr'><strong>tali</strong></span> 
     </span>
    </p>
   </div>
   <div class='ocr_carea' id='block_1_23' title="bbox 573 2160 2237 2238">
    <p class='ocr_par' dir='ltr' id='par_1_23' title="bbox 573 2160 2237 2238">
     <span class='ocr_line' id='line_1_23' title="bbox 573 2160 2237 2238; baseline -0.004 -17"><span class='ocrx_word' id='word_1_140' title='bbox 573 2166 870 2221; x_wconf 88' lang='lat' dir='ltr'><strong>sermonis</strong></span> <span class='ocrx_word' id='word_1_141' title='bbox 897 2161 1276 2238; x_wconf 83' lang='lat' dir='ltr'><strong>Oppositione</strong></span> <span class='ocrx_word' id='word_1_142' title='bbox 1302 2160 1679 2234; x_wconf 89' lang='lat' dir='ltr'><strong>decipiamur</strong></span> <span class='ocrx_word' id='word_1_143' title='bbox 1716 2164 1774 2216; x_wconf 92' lang='lat' dir='ltr'><strong>et</strong></span> <span class='ocrx_word' id='word_1_144' title='bbox 1811 2175 2101 2232; x_wconf 87' lang='lat' dir='ltr'><strong>erremus,</strong></span> <span class='ocrx_word' id='word_1_145' title='bbox 2133 2174 2237 2216; x_wconf 89' lang='lat' dir='ltr'><strong>eos</strong></span> 
     </span>
    </p>
   </div>
   <div class='ocr_carea' id='block_1_24' title="bbox 571 2248 2237 2327">
    <p class='ocr_par' dir='ltr' id='par_1_24' title="bbox 571 2248 2237 2327">
     <span class='ocr_line' id='line_1_24' title="bbox 571 2248 2237 2327; baseline -0.004 -16"><span class='ocrx_word' id='word_1_146' title='bbox 571 2252 793 2327; x_wconf 89' lang='lat' dir='ltr'><strong>partim</strong></span> <span class='ocrx_word' id='word_1_147' title='bbox 822 2252 1040 2310; x_wconf 87' lang='lat' dir='ltr'><strong>eadem</strong></span> <span class='ocrx_word' id='word_1_148' title='bbox 1069 2268 1140 2309; x_wconf 93' lang='lat' dir='ltr'><strong>ac</strong></span> <span class='ocrx_word' id='word_1_149' title='bbox 1173 2267 1286 2308; x_wconf 91' lang='lat' dir='ltr'><strong>nos</strong></span> <span class='ocrx_word' id='word_1_150' title='bbox 1323 2249 1581 2323; x_wconf 85' lang='lat' dir='ltr'><strong>opinari,</strong></span> <span class='ocrx_word' id='word_1_151' title='bbox 1611 2249 1779 2324; x_wconf 91' lang='lat' dir='ltr'><strong>quod</strong></span> <span class='ocrx_word' id='word_1_152' title='bbox 1809 2248 2084 2322; x_wconf 85' lang='lat' dir='ltr'><strong>plerique</strong></span> <span class='ocrx_word' id='word_1_153' title='bbox 2113 2263 2237 2304; x_wconf 92' lang='lat' dir='ltr'><strong>non</strong></span> 
     </span>
    </p>
   </div>
   <div class='ocr_carea' id='block_1_25' title="bbox 572 2337 2238 2407">
    <p class='ocr_par' dir='ltr' id='par_1_25' title="bbox 572 2337 2238 2407">
     <span class='ocr_line' id='line_1_25' title="bbox 572 2337 2238 2407; baseline -0.004 -8"><span class='ocrx_word' id='word_1_154' title='bbox 572 2346 850 2400; x_wconf 89' lang='lat' dir='ltr'><strong>accurate</strong></span> <span class='ocrx_word' id='word_1_155' title='bbox 881 2340 1453 2407; x_wconf 88' lang='lat' dir='ltr'><strong>animadverterunt,</strong></span> <span class='ocrx_word' id='word_1_156' title='bbox 1487 2344 1542 2397; x_wconf 90' lang='lat' dir='ltr'><strong>et</strong></span> <span class='ocrx_word' id='word_1_157' title='bbox 1587 2337 1729 2395; x_wconf 90' lang='lat' dir='ltr'><strong>inde</strong></span> <span class='ocrx_word' id='word_1_158' title='bbox 1774 2338 1835 2394; x_wconf 90' lang='lat' dir='ltr'><strong>in</strong></span> <span class='ocrx_word' id='word_1_159' title='bbox 1884 2353 2095 2395; x_wconf 90' lang='lat' dir='ltr'><strong>eorum</strong></span> <span class='ocrx_word' id='word_1_160' title='bbox 2127 2337 2238 2393; x_wconf 88' lang='lat' dir='ltr'><strong>im-</strong></span> 
     </span>
    </p>
   </div>
   <div class='ocr_carea' id='block_1_26' title="bbox 570 2426 2235 2504">
    <p class='ocr_par' dir='ltr' id='par_1_26' title="bbox 570 2426 2235 2504">
     <span class='ocr_line' id='line_1_26' title="bbox 570 2426 2235 2504; baseline -0.003 -18"><span class='ocrx_word' id='word_1_161' title='bbox 570 2432 855 2504; x_wconf 88' lang='lat' dir='ltr'><strong>pietatem</strong></span> <span class='ocrx_word' id='word_1_162' title='bbox 900 2429 1132 2487; x_wconf 89' lang='lat' dir='ltr'><strong>inducti</strong></span> <span class='ocrx_word' id='word_1_163' title='bbox 1178 2433 1336 2486; x_wconf 89' lang='lat' dir='ltr'><strong>sunt.</strong></span> <span class='ocrx_word' id='word_1_164' title='bbox 1384 2427 1684 2495; x_wconf 87' lang='lat' dir='ltr'><strong>Quidnam</strong></span> <span class='ocrx_word' id='word_1_165' title='bbox 1730 2428 1915 2498; x_wconf 83' lang='lat' dir='ltr'><strong>igitur</strong></span> <span class='ocrx_word' id='word_1_166' title='bbox 1971 2426 2235 2483; x_wconf 86' lang='lat' dir='ltr'><strong>docent?</strong></span> 
     </span>
    </p>
   </div>
   <div class='ocr_carea' id='block_1_27' title="bbox 573 2516 2236 2588">
    <p class='ocr_par' dir='ltr' id='par_1_27' title="bbox 573 2516 2236 2588">
     <span class='ocr_line' id='line_1_27' title="bbox 573 2516 2236 2588; baseline -0.003 -12"><span class='ocrx_word' id='word_1_167' title='bbox 573 2520 829 2586; x_wconf 89' lang='lat' dir='ltr'><strong>Quando</strong></span> <span class='ocrx_word' id='word_1_168' title='bbox 866 2520 931 2576; x_wconf 91' lang='lat' dir='ltr'><strong>in</strong></span> <span class='ocrx_word' id='word_1_169' title='bbox 976 2518 1208 2576; x_wconf 87' lang='lat' dir='ltr'><strong>Christo</strong></span> <span class='ocrx_word' id='word_1_170' title='bbox 1237 2518 1661 2576; x_wconf 88' lang='lat' dir='ltr'><strong>convenientes</strong></span> <span class='ocrx_word' id='word_1_171' title='bbox 1684 2523 1952 2588; x_wconf 88' lang='lat' dir='ltr'><strong>naturas,</strong></span> <span class='ocrx_word' id='word_1_172' title='bbox 1985 2516 2236 2574; x_wconf 87' lang='lat' dir='ltr'><strong>alteram</strong></span> 
     </span>
    </p>
   </div>
   <div class='ocr_carea' id='block_1_28' title="bbox 571 2605 2235 2681">
    <p class='ocr_par' dir='ltr' id='par_1_28' title="bbox 571 2605 2235 2681">
     <span class='ocr_line' id='line_1_28' title="bbox 571 2605 2235 2681; baseline -0.002 -15"><span class='ocrx_word' id='word_1_173' title='bbox 571 2609 651 2666; x_wconf 87' lang='lat' dir='ltr'><strong>ab</strong></span> <span class='ocrx_word' id='word_1_174' title='bbox 676 2608 860 2666; x_wconf 89' lang='lat' dir='ltr'><strong>altera</strong></span> <span class='ocrx_word' id='word_1_175' title='bbox 877 2613 1178 2681; x_wconf 86' lang='lat' dir='ltr'><strong>separant,</strong></span> <span class='ocrx_word' id='word_1_176' title='bbox 1212 2607 1367 2665; x_wconf 90' lang='lat' dir='ltr'><strong>duas</strong></span> <span class='ocrx_word' id='word_1_177' title='bbox 1397 2623 1530 2664; x_wconf 90' lang='lat' dir='ltr'><strong>esse</strong></span> <span class='ocrx_word' id='word_1_178' title='bbox 1574 2622 1678 2663; x_wconf 93' lang='lat' dir='ltr'><strong>eas</strong></span> <span class='ocrx_word' id='word_1_179' title='bbox 1708 2605 2056 2662; x_wconf 90' lang='lat' dir='ltr'><strong>necessario</strong></span> <span class='ocrx_word' id='word_1_180' title='bbox 2095 2620 2235 2663; x_wconf 86' lang='lat' dir='ltr'><strong>con-</strong></span> 
     </span>
    </p>
   </div>
   <div class='ocr_carea' id='block_1_29' title="bbox 568 2694 2236 2771">
    <p class='ocr_par' dir='ltr' id='par_1_29' title="bbox 568 2694 2236 2771">
     <span class='ocr_line' id='line_1_29' title="bbox 568 2694 2236 2771; baseline -0.003 -15"><span class='ocrx_word' id='word_1_181' title='bbox 568 2698 848 2766; x_wconf 89' lang='lat' dir='ltr'><strong>ﬁtentur;</strong></span> <span class='ocrx_word' id='word_1_182' title='bbox 876 2697 1124 2771; x_wconf 87' lang='lat' dir='ltr'><strong>quando</strong></span> <span class='ocrx_word' id='word_1_183' title='bbox 1150 2701 1354 2754; x_wconf 88' lang='lat' dir='ltr'><strong>autem</strong></span> <span class='ocrx_word' id='word_1_184' title='bbox 1379 2700 1701 2771; x_wconf 89' lang='lat' dir='ltr'><strong>utramque</strong></span> <span class='ocrx_word' id='word_1_185' title='bbox 1722 2695 1784 2752; x_wconf 91' lang='lat' dir='ltr'><strong>in</strong></span> <span class='ocrx_word' id='word_1_186' title='bbox 1808 2695 2016 2752; x_wconf 89' lang='lat' dir='ltr'><strong>Christi</strong></span> <span class='ocrx_word' id='word_1_187' title='bbox 2042 2694 2236 2752; x_wconf 89' lang='lat' dir='ltr'><strong>incar-</strong></span> 
     </span>
    </p>
   </div>
   <div class='ocr_carea' id='block_1_30' title="bbox 567 2784 2234 2859">
    <p class='ocr_par' dir='ltr' id='par_1_30' title="bbox 567 2784 2234 2859">
     <span class='ocr_line' id='line_1_30' title="bbox 567 2784 2234 2859; baseline -0.002 -14"><span class='ocrx_word' id='word_1_188' title='bbox 567 2787 812 2845; x_wconf 88' lang='lat' dir='ltr'><strong>natione</strong></span> <span class='ocrx_word' id='word_1_189' title='bbox 840 2785 1075 2859; x_wconf 91' lang='lat' dir='ltr'><strong>uniunt,</strong></span> <span class='ocrx_word' id='word_1_190' title='bbox 1106 2791 1247 2843; x_wconf 90' lang='lat' dir='ltr'><strong>tunc</strong></span> <span class='ocrx_word' id='word_1_191' title='bbox 1272 2801 1397 2845; x_wconf 90' lang='lat' dir='ltr'><strong>non</strong></span> <span class='ocrx_word' id='word_1_192' title='bbox 1423 2784 1579 2843; x_wconf 88' lang='lat' dir='ltr'><strong>duas</strong></span> <span class='ocrx_word' id='word_1_193' title='bbox 1622 2784 1971 2842; x_wconf 86' lang='lat' dir='ltr'><strong>inconfusas</strong></span> <span class='ocrx_word' id='word_1_194' title='bbox 2019 2800 2234 2842; x_wconf 88' lang='lat' dir='ltr'><strong>conve-</strong></span> 
     </span>
    </p>
   </div>
   <div class='ocr_carea' id='block_1_31' title="bbox 2354 488 3954 573">
    <p class='ocr_par' dir='ltr' id='par_1_31' title="bbox 2354 488 3954 573">
     <span class='ocr_line' id='line_1_31' title="bbox 2354 488 3954 573; baseline 0.005 -29"><span class='ocrx_word' id='word_1_195' title='bbox 2354 488 2611 561; x_wconf 74' lang='grc' dir='ltr'><strong>ἀπέδειξε,</strong></span> <span class='ocrx_word' id='word_1_196' title='bbox 2656 496 2746 546; x_wconf 80' lang='grc' dir='ltr'><strong>καὶ</strong></span> <span class='ocrx_word' id='word_1_197' title='bbox 2787 489 2954 566; x_wconf 67' lang='grc' dir='ltr'>μηδὲν</span> <span class='ocrx_word' id='word_1_198' title='bbox 3012 492 3221 546; x_wconf 80' lang='grc' dir='ltr'>σκολιόν</span> <span class='ocrx_word' id='word_1_199' title='bbox 3269 499 3359 548; x_wconf 81' lang='grc' dir='ltr'><strong>καὶ</strong></span> <span class='ocrx_word' id='word_1_200' title='bbox 3412 502 3505 558; x_wconf 79' lang='grc' dir='ltr'>τῆς</span> <span class='ocrx_word' id='word_1_201' title='bbox 3556 493 3840 573; x_wconf 81' lang='grc' dir='ltr'>όρθοδόξον</span> <span class='ocrx_word' id='word_1_202' title='bbox 3877 505 3954 553; x_wconf 86' lang='grc' dir='ltr'>πί-</span> 
     </span>
    </p>
   </div>
   <div class='ocr_carea' id='block_1_32' title="bbox 2355 579 3951 658">
    <p class='ocr_par' dir='ltr' id='par_1_32' title="bbox 2355 579 3951 658">
     <span class='ocr_line' id='line_1_32' title="bbox 2355 579 3951 658; baseline 0.006 -24"><span class='ocrx_word' id='word_1_203' title='bbox 2355 599 2513 643; x_wconf 87' lang='grc' dir='ltr'>στεως</span> <span class='ocrx_word' id='word_1_204' title='bbox 2546 579 2764 652; x_wconf 80' lang='grc' dir='ltr'><strong>ἀπέχον,</strong></span> <span class='ocrx_word' id='word_1_205' title='bbox 2812 584 2980 654; x_wconf 79' lang='grc' dir='ltr'>τούτῳ</span> <span class='ocrx_word' id='word_1_206' title='bbox 3027 580 3342 658; x_wconf 75' lang='grc' dir='ltr'>έμφέρεσθαι</span> <span class='ocrx_word' id='word_1_207' title='bbox 3382 580 3728 657; x_wconf 75' lang='grc' dir='ltr'>διετριὶνωσεν</span> <span class='ocrx_word' id='word_1_208' title='bbox 3771 588 3951 645; x_wconf 84' lang='grc' dir='ltr'>οῖπασι.</span> 
     </span>
    </p>
   </div>
   <div class='ocr_carea' id='block_1_33' title="bbox 2353 667 3953 749">
    <p class='ocr_par' dir='ltr' id='par_1_33' title="bbox 2353 667 3953 749">
     <span class='ocr_line' id='line_1_33' title="bbox 2353 667 3953 749; baseline 0.005 -27"><span class='ocrx_word' id='word_1_209' title='bbox 2353 674 2492 729; x_wconf 75' lang='grc' dir='ltr'>Πλὴν</span> <span class='ocrx_word' id='word_1_210' title='bbox 2517 674 2607 722; x_wconf 78' lang='grc' dir='ltr'><strong>καὶ</strong></span> <span class='ocrx_word' id='word_1_211' title='bbox 2637 670 2795 732; x_wconf 68' lang='grc' dir='ltr'>οὕτως</span> <span class='ocrx_word' id='word_1_212' title='bbox 2836 670 2865 730; x_wconf 75' lang='grc' dir='ltr'><strong>ἣ</strong></span> <span class='ocrx_word' id='word_1_213' title='bbox 2899 689 2954 724; x_wconf 87' lang='grc' dir='ltr'><strong>τε</strong></span> <span class='ocrx_word' id='word_1_214' title='bbox 3003 667 3221 734; x_wconf 87' lang='grc' dir='ltr'>σύνοδος</span> <span class='ocrx_word' id='word_1_215' title='bbox 3277 671 3362 725; x_wconf 75' lang='grc' dir='ltr'><strong>ἐπὶ</strong></span> <span class='ocrx_word' id='word_1_216' title='bbox 3407 673 3536 725; x_wconf 71' lang='grc' dir='ltr'>πολὺ</span> <span class='ocrx_word' id='word_1_217' title='bbox 3582 673 3953 749; x_wconf 85' lang='grc' dir='ltr'>ἀμνημόνευτος</span> 
     </span>
    </p>
   </div>
   <div class='ocr_carea' id='block_1_34' title="bbox 2352 759 3952 841">
    <p class='ocr_par' dir='ltr' id='par_1_34' title="bbox 2352 759 3952 841">
     <span class='ocr_line' id='line_1_34' title="bbox 2352 759 3952 841; baseline 0.004 -29"><span class='ocrx_word' id='word_1_218' title='bbox 2352 761 2533 831; x_wconf 78' lang='grc' dir='ltr'>ἔμεινε,</span> <span class='ocrx_word' id='word_1_219' title='bbox 2565 763 2655 812; x_wconf 82' lang='grc' dir='ltr'><strong>καὶ</strong></span> <span class='ocrx_word' id='word_1_220' title='bbox 2675 765 2773 821; x_wconf 77' lang='grc' dir='ltr'>πᾶς</span> <span class='ocrx_word' id='word_1_221' title='bbox 2803 779 2882 823; x_wconf 87' lang='grc' dir='ltr'><strong>τις</strong></span> <span class='ocrx_word' id='word_1_222' title='bbox 2907 764 3002 820; x_wconf 75' lang='grc' dir='ltr'>τὴν</span> <span class='ocrx_word' id='word_1_223' title='bbox 3033 759 3207 834; x_wconf 73' lang='grc' dir='ltr'>ἐκείνῳ</span> <span class='ocrx_word' id='word_1_224' title='bbox 3235 763 3443 834; x_wconf 72' lang='grc' dir='ltr'>θυμηρη</span> <span class='ocrx_word' id='word_1_225' title='bbox 3472 760 3732 817; x_wconf 74' lang='grc' dir='ltr'><strong>ἐπεσπᾶτο</strong></span> <span class='ocrx_word' id='word_1_226' title='bbox 3764 766 3952 841; x_wconf 71' lang='grc' dir='ltr'>ἀρχὴν,</span> 
     </span>
    </p>
   </div>
   <div class='ocr_carea' id='block_1_35' title="bbox 2350 844 3952 929">
    <p class='ocr_par' dir='ltr' id='par_1_35' title="bbox 2350 844 3952 929">
     <span class='ocr_line' id='line_1_35' title="bbox 2350 844 3952 929; baseline 0.005 -29"><span class='ocrx_word' id='word_1_227' title='bbox 2350 853 2441 901; x_wconf 81' lang='grc' dir='ltr'>καὶ</span> <span class='ocrx_word' id='word_1_228' title='bbox 2473 844 2567 901; x_wconf 84' lang='grc' dir='ltr'><strong>διὰ</strong></span> <span class='ocrx_word' id='word_1_229' title='bbox 2593 851 2652 901; x_wconf 83' lang='grc' dir='ltr'><strong>τό</strong></span> <span class='ocrx_word' id='word_1_230' title='bbox 2689 851 2757 912; x_wconf 82' lang='grc' dir='ltr'>ὡς</span> <span class='ocrx_word' id='word_1_231' title='bbox 2787 848 2945 902; x_wconf 83' lang='grc' dir='ltr'>εἰπεῖν</span> <span class='ocrx_word' id='word_1_232' title='bbox 2975 850 3193 903; x_wconf 78' lang='grc' dir='ltr'>ἕκαστον</span> <span class='ocrx_word' id='word_1_233' title='bbox 3223 854 3355 924; x_wconf 83' lang='grc' dir='ltr'>πρὸς</span> <span class='ocrx_word' id='word_1_234' title='bbox 3383 855 3475 910; x_wconf 78' lang='grc' dir='ltr'>τὴν</span> <span class='ocrx_word' id='word_1_235' title='bbox 3502 847 3766 907; x_wconf 80' lang='grc' dir='ltr'>δοκοῦσαν</span> <span class='ocrx_word' id='word_1_236' title='bbox 3797 854 3952 929; x_wconf 80' lang='grc' dir='ltr'>ἑαυτῷ</span> 
     </span>
    </p>
   </div>
   <div class='ocr_carea' id='block_1_36' title="bbox 2350 935 3949 1018">
    <p class='ocr_par' dir='ltr' id='par_1_36' title="bbox 2350 935 3949 1018">
     <span class='ocr_line' id='line_1_36' title="bbox 2350 935 3949 1018; baseline 0.004 -27"><span class='ocrx_word' id='word_1_237' title='bbox 2350 942 2530 991; x_wconf 86' lang='grc' dir='ltr'>πίστιν</span> <span class='ocrx_word' id='word_1_238' title='bbox 2570 935 2903 1013; x_wconf 78' lang='grc' dir='ltr'><strong>ἀποτρέχειν,</strong></span> <span class='ocrx_word' id='word_1_239' title='bbox 2933 938 3135 1003; x_wconf 70' lang='grc' dir='ltr'>πλῆθος</span> <span class='ocrx_word' id='word_1_240' title='bbox 3174 942 3255 994; x_wconf 86' lang='grc' dir='ltr'>ὃτι</span> <span class='ocrx_word' id='word_1_241' title='bbox 3294 939 3425 994; x_wconf 69' lang='grc' dir='ltr'>πολὺ</span> <span class='ocrx_word' id='word_1_242' title='bbox 3467 941 3738 1015; x_wconf 81' lang='grc' dir='ltr'>αἱρετικῶν</span> <span class='ocrx_word' id='word_1_243' title='bbox 3770 942 3949 1018; x_wconf 67' lang='grc' dir='ltr'>ἀνεφύη</span> 
     </span>
    </p>
   </div>
   <div class='ocr_carea' id='block_1_37' title="bbox 2350 1025 3955 1107">
    <p class='ocr_par' dir='ltr' id='par_1_37' title="bbox 2350 1025 3955 1107">
     <span class='ocr_line' id='line_1_37' title="bbox 2350 1025 3955 1107; baseline 0.006 -28"><span class='ocrx_word' id='word_1_244' title='bbox 2350 1031 2441 1080; x_wconf 81' lang='grc' dir='ltr'><strong>χαὶ</strong></span> <span class='ocrx_word' id='word_1_245' title='bbox 2469 1025 2837 1100; x_wconf 85' lang='grc' dir='ltr'>ἀποσχιστῶν.</span> <span class='ocrx_word' id='word_1_246' title='bbox 2882 1028 3229 1092; x_wconf 78' lang='grc' dir='ltr'>Ἀναστάσιος</span> <span class='ocrx_word' id='word_1_247' title='bbox 3257 1033 3347 1104; x_wconf 68' lang='grc' dir='ltr'>μὲν</span> <span class='ocrx_word' id='word_1_248' title='bbox 3387 1030 3475 1083; x_wconf 68' lang='grc' dir='ltr'>οὖν</span> <span class='ocrx_word' id='word_1_249' title='bbox 3524 1032 3550 1084; x_wconf 97' lang='lat'><strong>6</strong></span> <span class='ocrx_word' id='word_1_250' title='bbox 3590 1039 3686 1093; x_wconf 83' lang='grc' dir='ltr'>τῆς</span> <span class='ocrx_word' id='word_1_251' title='bbox 3731 1033 3955 1107; x_wconf 69' lang='grc' dir='ltr'>μεγάλης</span> 
     </span>
    </p>
   </div>
   <div class='ocr_carea' id='block_1_38' title="bbox 2351 1113 3954 1195">
    <p class='ocr_par' dir='ltr' id='par_1_38' title="bbox 2351 1113 3954 1195">
     <span class='ocr_line' id='line_1_38' title="bbox 2351 1113 3954 1195; baseline 0.003 -24"><span class='ocrx_word' id='word_1_252' title='bbox 2351 1116 2677 1189; x_wconf 77' lang='grc' dir='ltr'><strong>Ἀντιοχείας</strong></span> <span class='ocrx_word' id='word_1_253' title='bbox 2706 1113 2965 1193; x_wconf 87' lang='grc' dir='ltr'>πρόεδρος</span> <span class='ocrx_word' id='word_1_254' title='bbox 2993 1118 3121 1195; x_wconf 70' lang='grc' dir='ltr'>ύπὶρ</span> <span class='ocrx_word' id='word_1_255' title='bbox 3153 1126 3246 1181; x_wconf 79' lang='grc' dir='ltr'>τῆς</span> <span class='ocrx_word' id='word_1_256' title='bbox 3282 1115 3508 1173; x_wconf 76' lang='grc' dir='ltr'>συνόδου</span> <span class='ocrx_word' id='word_1_257' title='bbox 3554 1118 3841 1195; x_wconf 78' lang='grc' dir='ltr'>ἐνίσταται,</span> <span class='ocrx_word' id='word_1_258' title='bbox 3871 1127 3954 1177; x_wconf 80' lang='grc' dir='ltr'><strong>καὶ</strong></span> 
     </span>
    </p>
   </div>
   <div class='ocr_carea' id='block_1_39' title="bbox 2352 1202 3957 1282">
    <p class='ocr_par' dir='ltr' id='par_1_39' title="bbox 2352 1202 3957 1282">
     <span class='ocr_line' id='line_1_39' title="bbox 2352 1202 3957 1282; baseline 0.004 -23"><span class='ocrx_word' id='word_1_259' title='bbox 2352 1202 2705 1280; x_wconf 79' lang='grc' dir='ltr'><strong>δογματικοὺς</strong></span> <span class='ocrx_word' id='word_1_260' title='bbox 2761 1212 2973 1270; x_wconf 80' lang='grc' dir='ltr'><strong>κανόνας</strong></span> <span class='ocrx_word' id='word_1_261' title='bbox 3035 1207 3307 1282; x_wconf 66' lang='grc' dir='ltr'>ἐγγράφως</span> <span class='ocrx_word' id='word_1_262' title='bbox 3370 1208 3644 1264; x_wconf 82' lang='grc' dir='ltr'>έκτίθεται’</span> <span class='ocrx_word' id='word_1_263' title='bbox 3707 1211 3869 1273; x_wconf 74' lang='grc' dir='ltr'>αὐτήν</span> <span class='ocrx_word' id='word_1_264' title='bbox 3906 1231 3957 1266; x_wconf 86' lang='grc' dir='ltr'><strong>τε</strong></span> 
     </span>
    </p>
   </div>
   <div class='ocr_carea' id='block_1_40' title="bbox 2349 1293 3956 1379">
    <p class='ocr_par' dir='ltr' id='par_1_40' title="bbox 2349 1293 3956 1379">
     <span class='ocr_line' id='line_1_40' title="bbox 2349 1293 3956 1379; baseline 0.005 -30"><span class='ocrx_word' id='word_1_265' title='bbox 2349 1300 2444 1356; x_wconf 82' lang='grc' dir='ltr'>τὴν</span> <span class='ocrx_word' id='word_1_266' title='bbox 2494 1293 2715 1352; x_wconf 79' lang='grc' dir='ltr'>σύνοδον</span> <span class='ocrx_word' id='word_1_267' title='bbox 2759 1298 2924 1360; x_wconf 77' lang='grc' dir='ltr'>καλῶς</span> <span class='ocrx_word' id='word_1_268' title='bbox 2980 1296 3063 1352; x_wconf 75' lang='grc' dir='ltr'><strong>ἐπὶ</strong></span> <span class='ocrx_word' id='word_1_269' title='bbox 3112 1307 3274 1353; x_wconf 79' lang='grc' dir='ltr'>πᾶσιν</span> <span class='ocrx_word' id='word_1_270' title='bbox 3305 1301 3484 1376; x_wconf 83' lang='grc' dir='ltr'>ὁρίσαι</span> <span class='ocrx_word' id='word_1_271' title='bbox 3521 1307 3839 1379; x_wconf 70' lang='grc' dir='ltr'>παρίστησι,</span> <span class='ocrx_word' id='word_1_272' title='bbox 3876 1320 3956 1369; x_wconf 69' lang='grc' dir='ltr'><strong>καί</strong></span> 
     </span>
    </p>
   </div>
   <div class='ocr_carea' id='block_1_41' title="bbox 2420 1528 3957 1611">
    <p class='ocr_par' dir='ltr' id='par_1_41' title="bbox 2420 1528 3957 1611">
     <span class='ocr_line' id='line_1_41' title="bbox 2420 1528 3957 1611; baseline 0.006 -27"><span class='ocrx_word' id='word_1_273' title='bbox 2420 1528 2473 1590; x_wconf 86' lang='grc' dir='ltr'><strong>ε’.</strong></span> <span class='ocrx_word' id='word_1_274' title='bbox 2515 1533 2581 1584; x_wconf 84' lang='grc' dir='ltr'><strong>Οἱ</strong></span> <span class='ocrx_word' id='word_1_275' title='bbox 2640 1528 2699 1585; x_wconf 68' lang='grc' dir='ltr'>δὲ</span> <span class='ocrx_word' id='word_1_276' title='bbox 2756 1537 2875 1607; x_wconf 81' lang='grc' dir='ltr'>περὶ</span> <span class='ocrx_word' id='word_1_277' title='bbox 2930 1535 3104 1603; x_wconf 72' lang='grc' dir='ltr'>Γαῖον,</span> <span class='ocrx_word' id='word_1_278' title='bbox 3159 1538 3251 1587; x_wconf 80' lang='grc' dir='ltr'><strong>καὶ</strong></span> <span class='ocrx_word' id='word_1_279' title='bbox 3307 1539 3609 1611; x_wconf 80' lang='grc' dir='ltr'>Διόσκορον,</span> <span class='ocrx_word' id='word_1_280' title='bbox 3650 1541 3740 1591; x_wconf 77' lang='grc' dir='ltr'><strong>καὶ</strong></span> <span class='ocrx_word' id='word_1_281' title='bbox 3781 1537 3957 1593; x_wconf 72' lang='grc' dir='ltr'><strong>Ἰάκω-</strong></span> 
     </span>
    </p>
   </div>
   <div class='ocr_carea' id='block_1_42' title="bbox 2346 1617 3957 1698">
    <p class='ocr_par' dir='ltr' id='par_1_42' title="bbox 2346 1617 3957 1698">
     <span class='ocr_line' id='line_1_42' title="bbox 2346 1617 3957 1698; baseline 0.006 -26"><span class='ocrx_word' id='word_1_282' title='bbox 2346 1617 2453 1686; x_wconf 77' lang='grc' dir='ltr'>ϐον,</span> <span class='ocrx_word' id='word_1_283' title='bbox 2509 1625 2599 1673; x_wconf 75' lang='grc' dir='ltr'>καὶ</span> <span class='ocrx_word' id='word_1_284' title='bbox 2663 1622 2879 1698; x_wconf 83' lang='grc' dir='ltr'>ὕστερον</span> <span class='ocrx_word' id='word_1_285' title='bbox 2951 1627 3038 1676; x_wconf 86' lang='grc' dir='ltr'><strong>τόν</strong></span> <span class='ocrx_word' id='word_1_286' title='bbox 3092 1622 3333 1697; x_wconf 75' lang='grc' dir='ltr'>Σεϐῆρον,</span> <span class='ocrx_word' id='word_1_287' title='bbox 3383 1630 3474 1679; x_wconf 78' lang='grc' dir='ltr'><strong>καὶ</strong></span> <span class='ocrx_word' id='word_1_288' title='bbox 3534 1629 3619 1679; x_wconf 86' lang='grc' dir='ltr'>τὸν</span> <span class='ocrx_word' id='word_1_289' title='bbox 3686 1627 3957 1682; x_wconf 76' lang='grc' dir='ltr'>Φιλόπονον</span> 
     </span>
    </p>
   </div>
   <div class='ocr_carea' id='block_1_43' title="bbox 2347 1708 3957 1788">
    <p class='ocr_par' dir='ltr' id='par_1_43' title="bbox 2347 1708 3957 1788">
     <span class='ocr_line' id='line_1_43' title="bbox 2347 1708 3957 1788; baseline 0.006 -26"><span class='ocrx_word' id='word_1_290' title='bbox 2347 1708 2605 1781; x_wconf 74' lang='grc' dir='ltr'>Ἰωάννην,</span> <span class='ocrx_word' id='word_1_291' title='bbox 2649 1714 2735 1764; x_wconf 82' lang='grc' dir='ltr'><strong>τόν</strong></span> <span class='ocrx_word' id='word_1_292' title='bbox 2795 1716 2885 1764; x_wconf 84' lang='grc' dir='ltr'><strong>καὶ</strong></span> <span class='ocrx_word' id='word_1_293' title='bbox 2956 1715 3348 1787; x_wconf 71' lang='grc' dir='ltr'>συγγράμματα</span> <span class='ocrx_word' id='word_1_294' title='bbox 3412 1712 3756 1788; x_wconf 78' lang='grc' dir='ltr'>ἐξενηνοχότα</span> <span class='ocrx_word' id='word_1_295' title='bbox 3823 1717 3957 1771; x_wconf 76' lang='grc' dir='ltr'>πλεῖ·</span> 
     </span>
    </p>
   </div>
   <div class='ocr_carea' id='block_1_44' title="bbox 2348 1800 3956 1878">
    <p class='ocr_par' dir='ltr' id='par_1_44' title="bbox 2348 1800 3956 1878">
     <span class='ocr_line' id='line_1_44' title="bbox 2348 1800 3956 1878; baseline 0.004 -26"><span class='ocrx_word' id='word_1_296' title='bbox 2348 1818 2449 1852; x_wconf 90' lang='grc' dir='ltr'><strong>στα</strong></span> <span class='ocrx_word' id='word_1_297' title='bbox 2494 1804 2613 1874; x_wconf 84' lang='grc' dir='ltr'>περὶ</span> <span class='ocrx_word' id='word_1_298' title='bbox 2667 1808 2759 1862; x_wconf 81' lang='grc' dir='ltr'>τῆς</span> <span class='ocrx_word' id='word_1_299' title='bbox 2831 1804 3081 1864; x_wconf 78' lang='grc' dir='ltr'>τοιαύτης</span> <span class='ocrx_word' id='word_1_300' title='bbox 3134 1805 3377 1878; x_wconf 75' lang='grc' dir='ltr'>αἱρέσεως</span> <span class='ocrx_word' id='word_1_301' title='bbox 3437 1800 3825 1878; x_wconf 72' lang='grc' dir='ltr'>δυσφορὼτατα</span> <span class='ocrx_word' id='word_1_302' title='bbox 3869 1812 3956 1859; x_wconf 83' lang='grc' dir='ltr'><strong>καὶ</strong></span> 
     </span>
    </p>
   </div>
   <div class='ocr_carea' id='block_1_45' title="bbox 2348 1886 3956 1965">
    <p class='ocr_par' dir='ltr' id='par_1_45' title="bbox 2348 1886 3956 1965">
     <span class='ocr_line' id='line_1_45' title="bbox 2348 1886 3956 1965; baseline 0.004 -22"><span class='ocrx_word' id='word_1_303' title='bbox 2348 1886 2789 1962; x_wconf 70' lang='grc' dir='ltr'>δυσέλεγκταῌ),</span> <span class='ocrx_word' id='word_1_304' title='bbox 2828 1895 2952 1964; x_wconf 83' lang='grc' dir='ltr'>μίαν</span> <span class='ocrx_word' id='word_1_305' title='bbox 2996 1895 3087 1965; x_wconf 69' lang='grc' dir='ltr'>μὲν</span> <span class='ocrx_word' id='word_1_306' title='bbox 3146 1895 3323 1965; x_wconf 75' lang='grc' dir='ltr'>φύσιν,</span> <span class='ocrx_word' id='word_1_307' title='bbox 3380 1889 3477 1945; x_wconf 84' lang='grc' dir='ltr'><strong>δύο</strong></span> <span class='ocrx_word' id='word_1_308' title='bbox 3532 1890 3591 1947; x_wconf 72' lang='grc' dir='ltr'>δὲ</span> <span class='ocrx_word' id='word_1_309' title='bbox 3643 1896 3956 1957; x_wconf 73' lang='grc' dir='ltr'>ὑποστάσεις</span> 
     </span>
    </p>
   </div>
   <div class='ocr_carea' id='block_1_46' title="bbox 2347 1976 3955 2056">
    <p class='ocr_par' dir='ltr' id='par_1_46' title="bbox 2347 1976 3955 2056">
     <span class='ocr_line' id='line_1_46' title="bbox 2347 1976 3955 2056; baseline 0.004 -25"><span class='ocrx_word' id='word_1_310' title='bbox 2347 1978 2673 2033; x_wconf 76' lang='grc' dir='ltr'>ἀσεϐέστατα</span> <span class='ocrx_word' id='word_1_311' title='bbox 2722 1976 3099 2054; x_wconf 67' lang='grc' dir='ltr'>ἐδογμάτισανο</span> <span class='ocrx_word' id='word_1_312' title='bbox 3150 1981 3282 2041; x_wconf 74' lang='grc' dir='ltr'>πλὴν</span> <span class='ocrx_word' id='word_1_313' title='bbox 3340 1981 3555 2056; x_wconf 77' lang='grc' dir='ltr'>ἐνιαχοῦ</span> <span class='ocrx_word' id='word_1_314' title='bbox 3609 1992 3707 2037; x_wconf 85' lang='grc' dir='ltr'>τῶν</span> <span class='ocrx_word' id='word_1_315' title='bbox 3756 1986 3955 2039; x_wconf 79' lang='grc' dir='ltr'>οἰκείων</span> 
     </span>
    </p>
   </div>
   <div class='ocr_carea' id='block_1_47' title="bbox 2349 2065 3957 2146">
    <p class='ocr_par' dir='ltr' id='par_1_47' title="bbox 2349 2065 3957 2146">
     <span class='ocr_line' id='line_1_47' title="bbox 2349 2065 3957 2146; baseline 0.004 -25"><span class='ocrx_word' id='word_1_316' title='bbox 2349 2067 2587 2143; x_wconf 69' lang='grc' dir='ltr'>βιϐλίων,</span> <span class='ocrx_word' id='word_1_317' title='bbox 2647 2065 2744 2122; x_wconf 86' lang='grc' dir='ltr'><strong>δύο</strong></span> <span class='ocrx_word' id='word_1_318' title='bbox 2780 2090 2867 2123; x_wconf 83' lang='grc' dir='ltr'>και</span> <span class='ocrx_word' id='word_1_319' title='bbox 2915 2072 3065 2123; x_wconf 70' lang='grc' dir='ltr'>αὐτοὶ</span> <span class='ocrx_word' id='word_1_320' title='bbox 3107 2074 3288 2145; x_wconf 78' lang='grc' dir='ltr'>φύσεις</span> <span class='ocrx_word' id='word_1_321' title='bbox 3332 2070 3760 2146; x_wconf 81' lang='grc' dir='ltr'>ἀνομολογοῡσιν.</span> <span class='ocrx_word' id='word_1_322' title='bbox 3806 2074 3957 2128; x_wconf 78' lang='grc' dir='ltr'>Ἀλλά</span> 
     </span>
    </p>
   </div>
   <div class='ocr_carea' id='block_1_48' title="bbox 2345 2158 3958 2232">
    <p class='ocr_par' dir='ltr' id='par_1_48' title="bbox 2345 2158 3958 2232">
     <span class='ocr_line' id='line_1_48' title="bbox 2345 2158 3958 2232; baseline 0.004 -21"><span class='ocrx_word' id='word_1_323' title='bbox 2345 2163 2655 2231; x_wconf 76' lang='grc' dir='ltr'>προσεκτέον</span> <span class='ocrx_word' id='word_1_324' title='bbox 2722 2160 2856 2212; x_wconf 84' lang='grc' dir='ltr'>ὥστε</span> <span class='ocrx_word' id='word_1_325' title='bbox 2912 2164 2984 2232; x_wconf 76' lang='grc' dir='ltr'>μὴ</span> <span class='ocrx_word' id='word_1_326' title='bbox 3055 2158 3319 2219; x_wconf 74' lang='grc' dir='ltr'>κλαπῆναι</span> <span class='ocrx_word' id='word_1_327' title='bbox 3387 2159 3489 2215; x_wconf 82' lang='grc' dir='ltr'>ἀπὸ</span> <span class='ocrx_word' id='word_1_328' title='bbox 3554 2169 3646 2224; x_wconf 70' lang='grc' dir='ltr'>τῆς</span> <span class='ocrx_word' id='word_1_329' title='bbox 3708 2166 3958 2226; x_wconf 76' lang='grc' dir='ltr'>τοιαύτης</span> 
     </span>
    </p>
   </div>
   <div class='ocr_carea' id='block_1_49' title="bbox 2346 2245 3957 2327">
    <p class='ocr_par' dir='ltr' id='par_1_49' title="bbox 2346 2245 3957 2327">
     <span class='ocr_line' id='line_1_49' title="bbox 2346 2245 3957 2327; baseline 0.004 -28"><span class='ocrx_word' id='word_1_330' title='bbox 2346 2245 2747 2321; x_wconf 73' lang='grc' dir='ltr'>ἑναντιολογίας,</span> <span class='ocrx_word' id='word_1_331' title='bbox 2800 2245 2939 2321; x_wconf 74' lang='grc' dir='ltr'>μηδὲ</span> <span class='ocrx_word' id='word_1_332' title='bbox 2997 2246 3357 2320; x_wconf 73' lang='grc' dir='ltr'>ἀπατηθῆναι,</span> <span class='ocrx_word' id='word_1_333' title='bbox 3426 2251 3507 2303; x_wconf 84' lang='grc' dir='ltr'>ὅτι</span> <span class='ocrx_word' id='word_1_334' title='bbox 3573 2249 3623 2303; x_wconf 84' lang='grc' dir='ltr'>ἐν</span> <span class='ocrx_word' id='word_1_335' title='bbox 3674 2255 3818 2327; x_wconf 86' lang='grc' dir='ltr'>μέρει</span> <span class='ocrx_word' id='word_1_336' title='bbox 3871 2257 3957 2305; x_wconf 76' lang='grc' dir='ltr'><strong>καὶ</strong></span> 
     </span>
    </p>
   </div>
   <div class='ocr_carea' id='block_1_50' title="bbox 2346 2334 3959 2415">
    <p class='ocr_par' dir='ltr' id='par_1_50' title="bbox 2346 2334 3959 2415">
     <span class='ocr_line' id='line_1_50' title="bbox 2346 2334 3959 2415; baseline 0.003 -25"><span class='ocrx_word' id='word_1_337' title='bbox 2346 2336 2496 2390; x_wconf 87' lang='grc' dir='ltr'>αύτοὶ</span> <span class='ocrx_word' id='word_1_338' title='bbox 2531 2339 2599 2390; x_wconf 85' lang='grc' dir='ltr'><strong>τά</strong></span> <span class='ocrx_word' id='word_1_339' title='bbox 2660 2340 2780 2410; x_wconf 71' lang='grc' dir='ltr'>ἡμῖν</span> <span class='ocrx_word' id='word_1_340' title='bbox 2830 2334 3086 2392; x_wconf 77' lang='grc' dir='ltr'>δοκοῦντα</span> <span class='ocrx_word' id='word_1_341' title='bbox 3135 2335 3485 2411; x_wconf 64' lang='grc' dir='ltr'>δοξάζουσιν,</span> <span class='ocrx_word' id='word_1_342' title='bbox 3538 2341 3662 2415; x_wconf 85' lang='grc' dir='ltr'>ὅπερ</span> <span class='ocrx_word' id='word_1_343' title='bbox 3702 2341 3959 2395; x_wconf 79' lang='grc' dir='ltr'>οἰπολλοὶ</span> 
     </span>
    </p>
   </div>
   <div class='ocr_carea' id='block_1_51' title="bbox 2345 2424 3961 2502">
    <p class='ocr_par' dir='ltr' id='par_1_51' title="bbox 2345 2424 3961 2502">
     <span class='ocr_line' id='line_1_51' title="bbox 2345 2424 3961 2502; baseline 0.003 -25"><span class='ocrx_word' id='word_1_344' title='bbox 2345 2430 2417 2499; x_wconf 80' lang='grc' dir='ltr'>μὴ</span> <span class='ocrx_word' id='word_1_345' title='bbox 2482 2424 2812 2499; x_wconf 75' lang='grc' dir='ltr'>ἀκριϐοῦντες</span> <span class='ocrx_word' id='word_1_346' title='bbox 2877 2426 3128 2498; x_wconf 72' lang='grc' dir='ltr'>ᾠήθησαν</span> <span class='ocrx_word' id='word_1_347' title='bbox 3197 2446 3251 2480; x_wconf 82' lang='grc' dir='ltr'><strong>τε</strong></span> <span class='ocrx_word' id='word_1_348' title='bbox 3315 2432 3407 2481; x_wconf 81' lang='grc' dir='ltr'><strong>καὶ</strong></span> <span class='ocrx_word' id='word_1_349' title='bbox 3463 2433 3653 2502; x_wconf 84' lang='grc' dir='ltr'>τρόπον</span> <span class='ocrx_word' id='word_1_350' title='bbox 3710 2433 3833 2484; x_wconf 77' lang='grc' dir='ltr'>τινὰ</span> <span class='ocrx_word' id='word_1_351' title='bbox 3891 2430 3961 2493; x_wconf 84' lang='grc' dir='ltr'>εἰς</span> 
     </span>
    </p>
   </div>
   <div class='ocr_carea' id='block_1_52' title="bbox 2344 2514 3960 2589">
    <p class='ocr_par' dir='ltr' id='par_1_52' title="bbox 2344 2514 3960 2589">
     <span class='ocr_line' id='line_1_52' title="bbox 2344 2514 3960 2589; baseline 0.002 -21"><span class='ocrx_word' id='word_1_352' title='bbox 2344 2520 2439 2574; x_wconf 73' lang='grc' dir='ltr'>τὴν</span> <span class='ocrx_word' id='word_1_353' title='bbox 2516 2514 2754 2569; x_wconf 80' lang='grc' dir='ltr'>ἀσέϐειαν</span> <span class='ocrx_word' id='word_1_354' title='bbox 2835 2515 3004 2568; x_wconf 69' lang='grc' dir='ltr'>αὐτῶν</span> <span class='ocrx_word' id='word_1_355' title='bbox 3067 2514 3468 2589; x_wconf 84' lang='grc' dir='ltr'>ἀπηνέχθησαν.</span> <span class='ocrx_word' id='word_1_356' title='bbox 3536 2521 3600 2571; x_wconf 90' lang='grc' dir='ltr'>Τί</span> <span class='ocrx_word' id='word_1_357' title='bbox 3668 2518 3786 2572; x_wconf 88' lang='grc' dir='ltr'>ποτ’</span> <span class='ocrx_word' id='word_1_358' title='bbox 3875 2515 3960 2573; x_wconf 73' lang='grc' dir='ltr'>οὖν</span> 
     </span>
    </p>
   </div>
   <div class='ocr_carea' id='block_1_53' title="bbox 2346 2601 3961 2680">
    <p class='ocr_par' dir='ltr' id='par_1_53' title="bbox 2346 2601 3961 2680">
     <span class='ocr_line' id='line_1_53' title="bbox 2346 2601 3961 2680; baseline 0.002 -22"><span class='ocrx_word' id='word_1_359' title='bbox 2346 2604 2458 2658; x_wconf 81' lang='grc' dir='ltr'>ἐστι</span> <span class='ocrx_word' id='word_1_360' title='bbox 2510 2608 2567 2658; x_wconf 86' lang='grc' dir='ltr'><strong>τό</strong></span> <span class='ocrx_word' id='word_1_361' title='bbox 2613 2604 2738 2679; x_wconf 84' lang='grc' dir='ltr'>παρ’</span> <span class='ocrx_word' id='word_1_362' title='bbox 2794 2604 2961 2658; x_wconf 67' lang='grc' dir='ltr'>αὐτῶν</span> <span class='ocrx_word' id='word_1_363' title='bbox 3023 2601 3371 2679; x_wconf 73' lang='grc' dir='ltr'>δοξαζόμενον</span> <span class='ocrx_word' id='word_1_364' title='bbox 3415 2622 3428 2673; x_wconf 92' lang='grc'><strong>;</strong></span> <span class='ocrx_word' id='word_1_365' title='bbox 3495 2605 3657 2660; x_wconf 88' lang='grc' dir='ltr'>Ὀταν</span> <span class='ocrx_word' id='word_1_366' title='bbox 3712 2611 3803 2680; x_wconf 74' lang='grc' dir='ltr'><strong>μεν</strong></span> <span class='ocrx_word' id='word_1_367' title='bbox 3873 2610 3961 2669; x_wconf 77' lang='grc' dir='ltr'>τὰς</span> 
     </span>
    </p>
   </div>
   <div class='ocr_carea' id='block_1_54' title="bbox 2347 2694 3959 2768">
    <p class='ocr_par' dir='ltr' id='par_1_54' title="bbox 2347 2694 3959 2768">
     <span class='ocr_line' id='line_1_54' title="bbox 2347 2694 3959 2768; baseline 0.001 -20"><span class='ocrx_word' id='word_1_368' title='bbox 2347 2694 2694 2758; x_wconf 73' lang='grc' dir='ltr'>συνελθούσας</span> <span class='ocrx_word' id='word_1_369' title='bbox 2753 2703 2827 2766; x_wconf 80' lang='grc' dir='ltr'>τῷ</span> <span class='ocrx_word' id='word_1_370' title='bbox 2895 2701 3009 2765; x_wconf 81' lang='grc' dir='ltr'><strong>Θεῷ</strong></span> <span class='ocrx_word' id='word_1_371' title='bbox 3072 2697 3254 2768; x_wconf 70' lang='grc' dir='ltr'>φύσεις</span> <span class='ocrx_word' id='word_1_372' title='bbox 3318 2694 3436 2749; x_wconf 79' lang='grc' dir='ltr'>καθ’</span> <span class='ocrx_word' id='word_1_373' title='bbox 3503 2695 3686 2757; x_wconf 84' lang='grc' dir='ltr'>έαυτάς</span> <span class='ocrx_word' id='word_1_374' title='bbox 3729 2696 3959 2757; x_wconf 67' lang='grc' dir='ltr'>ἑκάστην</span> 
     </span>
    </p>
   </div>
   <div class='ocr_carea' id='block_1_55' title="bbox 2345 2780 3958 2859">
    <p class='ocr_par' dir='ltr' id='par_1_55' title="bbox 2345 2780 3958 2859">
     <span class='ocr_line' id='line_1_55' title="bbox 2345 2780 3958 2859; baseline 0.002 -22"><span class='ocrx_word' id='word_1_375' title='bbox 2345 2781 2703 2852; x_wconf 80' lang='grc' dir='ltr'>διαστήσωσι,</span> <span class='ocrx_word' id='word_1_376' title='bbox 2757 2780 2855 2836; x_wconf 89' lang='grc' dir='ltr'><strong>δύο</strong></span> <span class='ocrx_word' id='word_1_377' title='bbox 2915 2786 3107 2846; x_wconf 82' lang='grc' dir='ltr'>ταύτας</span> <span class='ocrx_word' id='word_1_378' title='bbox 3187 2783 3594 2859; x_wconf 75' lang='grc' dir='ltr'>ἀνομολογούσιν</span> <span class='ocrx_word' id='word_1_379' title='bbox 3651 2783 3958 2859; x_wconf 79' lang='grc' dir='ltr'>ἀναγκαζό-</span> 
     </span>
    </p>
   </div>
   <div class='ocr_carea' id='block_1_56' title="bbox 568 2869 2235 2953">
    <p class='ocr_par' dir='ltr' id='par_1_56' title="bbox 568 2873 2222 2950">
     <span class='ocr_line' id='line_1_56' title="bbox 568 2873 2222 2950; baseline 0.001 -17"><span class='ocrx_word' id='word_1_380' title='bbox 568 2876 804 2934; x_wconf 88' lang='lat' dir='ltr'><strong>nientes</strong></span> <span class='ocrx_word' id='word_1_381' title='bbox 831 2880 1090 2950; x_wconf 88' lang='lat' dir='ltr'><strong>ponunt,</strong></span> <span class='ocrx_word' id='word_1_382' title='bbox 1125 2875 1234 2933; x_wconf 88' lang='lat' dir='ltr'><strong>sed</strong></span> <span class='ocrx_word' id='word_1_383' title='bbox 1264 2892 1455 2933; x_wconf 91' lang='lat' dir='ltr'><strong>unam</strong></span> <span class='ocrx_word' id='word_1_384' title='bbox 1483 2879 1762 2931; x_wconf 88' lang='lat' dir='ltr'><strong>naturam</strong></span> <span class='ocrx_word' id='word_1_385' title='bbox 1796 2873 2222 2948; x_wconf 84' lang='lat' dir='ltr'><strong>compositam.</strong></span> 
     </span>
    </p>
   </div>
   <div class='ocr_carea' id='block_1_57' title="bbox 2345 2869 3958 2953">
    <p class='ocr_par' dir='ltr' id='par_1_57' title="bbox 2345 2869 3958 2948">
     <span class='ocr_line' id='line_1_57' title="bbox 2345 2869 3958 2948; baseline 0.002 -22"><span class='ocrx_word' id='word_1_386' title='bbox 2345 2893 2503 2948; x_wconf 83' lang='grc' dir='ltr'>μενοι·</span> <span class='ocrx_word' id='word_1_387' title='bbox 2563 2875 2685 2927; x_wconf 84' lang='grc' dir='ltr'>ὅταν</span> <span class='ocrx_word' id='word_1_388' title='bbox 2753 2869 2813 2926; x_wconf 79' lang='grc' dir='ltr'><strong>δε</strong></span> <span class='ocrx_word' id='word_1_389' title='bbox 2880 2872 3172 2948; x_wconf 68' lang='grc' dir='ltr'>ἀμφοτέρας</span> <span class='ocrx_word' id='word_1_390' title='bbox 3237 2877 3500 2928; x_wconf 76' lang='grc' dir='ltr'>ἑνὼσωσιν</span> <span class='ocrx_word' id='word_1_391' title='bbox 3561 2874 3634 2938; x_wconf 82' lang='grc' dir='ltr'>εἰς</span> <span class='ocrx_word' id='word_1_392' title='bbox 3698 2880 3792 2934; x_wconf 76' lang='grc' dir='ltr'>τὴν</span> <span class='ocrx_word' id='word_1_393' title='bbox 3868 2883 3958 2931; x_wconf 81' lang='grc' dir='ltr'>τοῦ</span> 
     </span>
    </p>
   </div>
   <div class='ocr_carea' id='block_1_58' title="bbox 568 2964 2230 3038">
    <p class='ocr_par' dir='ltr' id='par_1_58' title="bbox 568 2964 2230 3038">
     <span class='ocr_line' id='line_1_58' title="bbox 568 2964 2230 3038; baseline -0.002 -15"><span class='ocrx_word' id='word_1_394' title='bbox 568 2966 750 3024; x_wconf 86' lang='lat' dir='ltr'><strong>Nobis</strong></span> <span class='ocrx_word' id='word_1_395' title='bbox 770 2981 957 3022; x_wconf 91' lang='lat' dir='ltr'><strong>unam</strong></span> <span class='ocrx_word' id='word_1_396' title='bbox 985 2964 1371 3038; x_wconf 83' lang='lat' dir='ltr'><strong>hypostasim</strong></span> <span class='ocrx_word' id='word_1_397' title='bbox 1419 2964 1822 3037; x_wconf 82' lang='lat' dir='ltr'><strong>compositam</strong></span> <span class='ocrx_word' id='word_1_398' title='bbox 1863 2964 2230 3021; x_wconf 85' lang='lat' dir='ltr'><strong>nominanti-</strong></span> 
     </span>
    </p>
   </div>
   <div class='ocr_carea' id='block_1_59' title="bbox 565 3053 2234 3128">
    <p class='ocr_par' dir='ltr' id='par_1_59' title="bbox 565 3053 2234 3128">
     <span class='ocr_line' id='line_1_59' title="bbox 565 3053 2234 3128; baseline 0 -16"><span class='ocrx_word' id='word_1_399' title='bbox 565 3053 705 3127; x_wconf 89' lang='lat' dir='ltr'><strong>bus,</strong></span> <span class='ocrx_word' id='word_1_400' title='bbox 735 3054 818 3111; x_wconf 90' lang='lat' dir='ltr'><strong>illi</strong></span> <span class='ocrx_word' id='word_1_401' title='bbox 845 3070 1033 3112; x_wconf 90' lang='lat' dir='ltr'><strong>unam</strong></span> <span class='ocrx_word' id='word_1_402' title='bbox 1054 3053 1460 3128; x_wconf 87' lang='lat' dir='ltr'><strong>compositam</strong></span> <span class='ocrx_word' id='word_1_403' title='bbox 1497 3058 1778 3112; x_wconf 89' lang='lat' dir='ltr'><strong>naturam</strong></span> <span class='ocrx_word' id='word_1_404' title='bbox 1806 3058 2144 3127; x_wconf 89' lang='lat' dir='ltr'><strong>opponunt,</strong></span> <span class='ocrx_word' id='word_1_405' title='bbox 2176 3057 2234 3112; x_wconf 85' lang='lat' dir='ltr'><strong>et</strong></span> 
     </span>
    </p>
   </div>
   <div class='ocr_carea' id='block_1_60' title="bbox 570 3142 2232 3216">
    <p class='ocr_par' dir='ltr' id='par_1_60' title="bbox 570 3142 2232 3216">
     <span class='ocr_line' id='line_1_60' title="bbox 570 3142 2232 3216; baseline 0 -17"><span class='ocrx_word' id='word_1_406' title='bbox 570 3142 657 3201; x_wconf 90' lang='lat' dir='ltr'><strong>sic</strong></span> <span class='ocrx_word' id='word_1_407' title='bbox 685 3142 942 3201; x_wconf 90' lang='lat' dir='ltr'><strong>verbum</strong></span> <span class='ocrx_word' id='word_1_408' title='bbox 961 3142 1224 3201; x_wconf 90' lang='lat' dir='ltr'><strong>ludibrio</strong></span> <span class='ocrx_word' id='word_1_409' title='bbox 1248 3143 1495 3201; x_wconf 80' lang='lat' dir='ltr'><strong>habent.</strong></span> <span class='ocrx_word' id='word_1_410' title='bbox 1531 3142 1683 3209; x_wconf 88' lang='lat' dir='ltr'><strong>Quia</strong></span> <span class='ocrx_word' id='word_1_411' title='bbox 1705 3142 2232 3216; x_wconf 89' lang='lat' dir='ltr'><strong>quemadmodum</strong></span> 
     </span>
    </p>
   </div>
   <div class='ocr_carea' id='block_1_61' title="bbox 565 3231 2229 3307">
    <p class='ocr_par' dir='ltr' id='par_1_61' title="bbox 565 3231 2229 3307">
     <span class='ocr_line' id='line_1_61' title="bbox 565 3231 2229 3307; baseline -0.001 -17"><span class='ocrx_word' id='word_1_412' title='bbox 565 3233 754 3290; x_wconf 89' lang='lat' dir='ltr'><strong>homo</strong></span> <span class='ocrx_word' id='word_1_413' title='bbox 793 3231 1063 3291; x_wconf 90' lang='lat' dir='ltr'><strong>animam</strong></span> <span class='ocrx_word' id='word_1_414' title='bbox 1094 3237 1152 3291; x_wconf 92' lang='lat' dir='ltr'><strong>et</strong></span> <span class='ocrx_word' id='word_1_415' title='bbox 1179 3249 1400 3307; x_wconf 91' lang='lat' dir='ltr'><strong>corpus</strong></span> <span class='ocrx_word' id='word_1_416' title='bbox 1440 3231 1644 3300; x_wconf 88' lang='lat' dir='ltr'><strong>habet,</strong></span> <span class='ocrx_word' id='word_1_417' title='bbox 1677 3237 1735 3288; x_wconf 91' lang='lat' dir='ltr'><strong>et</strong></span> <span class='ocrx_word' id='word_1_418' title='bbox 1766 3231 1954 3288; x_wconf 86' lang='lat' dir='ltr'><strong>altera</strong></span> <span class='ocrx_word' id='word_1_419' title='bbox 1982 3231 2229 3305; x_wconf 89' lang='lat' dir='ltr'><strong>quidem</strong></span> 
     </span>
    </p>
   </div>
   <div class='ocr_carea' id='block_1_62' title="bbox 566 3320 2232 3396">
    <p class='ocr_par' dir='ltr' id='par_1_62' title="bbox 566 3320 2232 3396">
     <span class='ocr_line' id='line_1_62' title="bbox 566 3320 2232 3396; baseline -0.001 -15"><span class='ocrx_word' id='word_1_420' title='bbox 566 3323 808 3389; x_wconf 65' lang='lat' dir='ltr'><strong>animm,</strong></span> <span class='ocrx_word' id='word_1_421' title='bbox 824 3321 1011 3379; x_wconf 90' lang='lat' dir='ltr'><strong>altera</strong></span> <span class='ocrx_word' id='word_1_422' title='bbox 1029 3323 1240 3383; x_wconf 90' lang='lat' dir='ltr'><strong>autem</strong></span> <span class='ocrx_word' id='word_1_423' title='bbox 1265 3321 1534 3396; x_wconf 88' lang='lat' dir='ltr'><strong>corporis</strong></span> <span class='ocrx_word' id='word_1_424' title='bbox 1555 3325 1792 3391; x_wconf 86' lang='lat' dir='ltr'><strong>natura,</strong></span> <span class='ocrx_word' id='word_1_425' title='bbox 1808 3320 1999 3394; x_wconf 88' lang='lat' dir='ltr'><strong>siquis</strong></span> <span class='ocrx_word' id='word_1_426' title='bbox 2018 3337 2232 3379; x_wconf 84' lang='lat' dir='ltr'><strong>unam-</strong></span> 
     </span>
    </p>
   </div>
   <div class='ocr_carea' id='block_1_63' title="bbox 565 3411 2229 3485">
    <p class='ocr_par' dir='ltr' id='par_1_63' title="bbox 565 3411 2229 3485">
     <span class='ocr_line' id='line_1_63' title="bbox 565 3411 2229 3485; baseline 0 -17"><span class='ocrx_word' id='word_1_427' title='bbox 565 3426 874 3485; x_wconf 87' lang='lat' dir='ltr'><strong>quamque</strong></span> <span class='ocrx_word' id='word_1_428' title='bbox 893 3426 1001 3484; x_wconf 86' lang='lat' dir='ltr'><strong>per</strong></span> <span class='ocrx_word' id='word_1_429' title='bbox 1029 3427 1093 3468; x_wconf 89' lang='lat' dir='ltr'><strong>se</strong></span> <span class='ocrx_word' id='word_1_430' title='bbox 1116 3411 1440 3482; x_wconf 87' lang='lat' dir='ltr'><strong>intueatur,</strong></span> <span class='ocrx_word' id='word_1_431' title='bbox 1469 3416 1797 3485; x_wconf 89' lang='lat' dir='ltr'><strong>postquam</strong></span> <span class='ocrx_word' id='word_1_432' title='bbox 1823 3414 2026 3467; x_wconf 89' lang='lat' dir='ltr'><strong>autem</strong></span> <span class='ocrx_word' id='word_1_433' title='bbox 2050 3411 2229 3468; x_wconf 59' lang='lat' dir='ltr'><strong>unita</strong></span> 
     </span>
    </p>
   </div>
   <div class='ocr_carea' id='block_1_64' title="bbox 567 3498 2231 3572">
    <p class='ocr_par' dir='ltr' id='par_1_64' title="bbox 567 3498 2231 3572">
     <span class='ocr_line' id='line_1_64' title="bbox 567 3498 2231 3572; baseline 0 -15"><span class='ocrx_word' id='word_1_434' title='bbox 567 3504 730 3571; x_wconf 87' lang='lat' dir='ltr'><strong>sunt,</strong></span> <span class='ocrx_word' id='word_1_435' title='bbox 755 3498 1068 3557; x_wconf 90' lang='lat' dir='ltr'><strong>hominem</strong></span> <span class='ocrx_word' id='word_1_436' title='bbox 1104 3500 1369 3558; x_wconf 82' lang='lat' dir='ltr'><strong>efﬁciunt</strong></span> <span class='ocrx_word' id='word_1_437' title='bbox 1393 3500 1639 3556; x_wconf 90' lang='lat' dir='ltr'><strong>unicam</strong></span> <span class='ocrx_word' id='word_1_438' title='bbox 1671 3504 1954 3555; x_wconf 82' lang='lat' dir='ltr'><strong>naturam</strong></span> <span class='ocrx_word' id='word_1_439' title='bbox 1986 3515 2231 3572; x_wconf 81' lang='lat' dir='ltr'><strong>compo-</strong></span> 
     </span>
    </p>
   </div>
   <div class='ocr_carea' id='block_1_65' title="bbox 566 3587 2230 3661">
    <p class='ocr_par' dir='ltr' id='par_1_65' title="bbox 566 3587 2230 3661">
     <span class='ocr_line' id='line_1_65' title="bbox 566 3587 2230 3661; baseline -0.001 -15"><span class='ocrx_word' id='word_1_440' title='bbox 566 3591 743 3647; x_wconf 88' lang='lat' dir='ltr'><strong>sitam</strong></span> <span class='ocrx_word' id='word_1_441' title='bbox 773 3589 1142 3659; x_wconf 88' lang='lat' dir='ltr'><strong>habentem‘;</strong></span> <span class='ocrx_word' id='word_1_442' title='bbox 1184 3590 1269 3646; x_wconf 90' lang='lat' dir='ltr'><strong>sic</strong></span> <span class='ocrx_word' id='word_1_443' title='bbox 1294 3589 1800 3647; x_wconf 66' lang='lat' dir='ltr'><strong>etiam-Christum</strong></span> <span class='ocrx_word' id='word_1_444' title='bbox 1830 3593 2045 3661; x_wconf 89' lang='lat' dir='ltr'><strong>putant</strong></span> <span class='ocrx_word' id='word_1_445' title='bbox 2073 3587 2230 3646; x_wconf 88' lang='lat' dir='ltr'><strong>dua-</strong></span> 
     </span>
    </p>
   </div>
   <div class='ocr_carea' id='block_1_66' title="bbox 563 3678 2229 3753">
    <p class='ocr_par' dir='ltr' id='par_1_66' title="bbox 563 3678 2229 3753">
     <span class='ocr_line' id='line_1_66' title="bbox 563 3678 2229 3753; baseline -0.001 -17"><span class='ocrx_word' id='word_1_446' title='bbox 563 3679 683 3737; x_wconf 90' lang='lat' dir='ltr'><strong>bus</strong></span> <span class='ocrx_word' id='word_1_447' title='bbox 721 3680 950 3736; x_wconf 90' lang='lat' dir='ltr'><strong>naturis</strong></span> <span class='ocrx_word' id='word_1_448' title='bbox 993 3684 1306 3747; x_wconf 85' lang='lat' dir='ltr'><strong>constare;</strong></span> <span class='ocrx_word' id='word_1_449' title='bbox 1352 3683 1490 3753; x_wconf 90' lang='lat' dir='ltr'><strong>post</strong></span> <span class='ocrx_word' id='word_1_450' title='bbox 1529 3678 1820 3736; x_wconf 89' lang='lat' dir='ltr'><strong>unionem</strong></span> <span class='ocrx_word' id='word_1_451' title='bbox 1857 3694 2000 3737; x_wconf 91' lang='lat' dir='ltr'><strong>vero</strong></span> <span class='ocrx_word' id='word_1_452' title='bbox 2041 3694 2229 3737; x_wconf 90' lang='lat' dir='ltr'><strong>unam</strong></span> 
     </span>
    </p>
   </div>
   <div class='ocr_carea' id='block_1_67' title="bbox 564 3767 1471 3842">
    <p class='ocr_par' dir='ltr' id='par_1_67' title="bbox 564 3767 1471 3842">
     <span class='ocr_line' id='line_1_67' title="bbox 564 3767 1471 3842; baseline 0 -18"><span class='ocrx_word' id='word_1_453' title='bbox 564 3783 697 3825; x_wconf 90' lang='lat' dir='ltr'><strong>esse</strong></span> <span class='ocrx_word' id='word_1_454' title='bbox 732 3772 1014 3825; x_wconf 90' lang='lat' dir='ltr'><strong>naturam</strong></span> <span class='ocrx_word' id='word_1_455' title='bbox 1044 3767 1471 3842; x_wconf 89' lang='lat' dir='ltr'><strong>compositam.</strong></span> 
     </span>
    </p>
   </div>
   <div class='ocr_carea' id='block_1_68' title="bbox 2341 2960 3957 3038">
    <p class='ocr_par' dir='ltr' id='par_1_68' title="bbox 2341 2960 3957 3038">
     <span class='ocr_line' id='line_1_68' title="bbox 2341 2960 3957 3038; baseline 0.001 -21"><span class='ocrx_word' id='word_1_456' title='bbox 2341 2967 2515 3036; x_wconf 89' lang='grc' dir='ltr'>Λόγου</span> <span class='ocrx_word' id='word_1_457' title='bbox 2548 2964 2834 3038; x_wconf 78' lang='grc' dir='ltr'>σαρκωσιν,</span> <span class='ocrx_word' id='word_1_458' title='bbox 2876 2967 2991 3015; x_wconf 86' lang='grc' dir='ltr'>τότε</span> <span class='ocrx_word' id='word_1_459' title='bbox 3029 2962 3087 3015; x_wconf 80' lang='grc' dir='ltr'><strong>ού</strong></span> <span class='ocrx_word' id='word_1_460' title='bbox 3137 2960 3236 3016; x_wconf 87' lang='grc' dir='ltr'><strong>δύο</strong></span> <span class='ocrx_word' id='word_1_461' title='bbox 3280 2960 3620 3037; x_wconf 79' lang='grc' dir='ltr'>ἀσυγχύτους</span> <span class='ocrx_word' id='word_1_462' title='bbox 3664 2966 3759 3029; x_wconf 88' lang='grc' dir='ltr'><strong>τάς</strong></span> <span class='ocrx_word' id='word_1_463' title='bbox 3824 2984 3957 3019; x_wconf 85' lang='grc' dir='ltr'>συν-</span> 
     </span>
    </p>
   </div>
   <div class='ocr_carea' id='block_1_69' title="bbox 2343 3050 3957 3129">
    <p class='ocr_par' dir='ltr' id='par_1_69' title="bbox 2343 3050 3957 3129">
     <span class='ocr_line' id='line_1_69' title="bbox 2343 3050 3957 3129; baseline 0.001 -24"><span class='ocrx_word' id='word_1_464' title='bbox 2343 3051 2593 3115; x_wconf 79' lang='grc' dir='ltr'>ελθούσας</span> <span class='ocrx_word' id='word_1_465' title='bbox 2631 3053 2883 3120; x_wconf 78' lang='grc' dir='ltr'>τιθέασιν,</span> <span class='ocrx_word' id='word_1_466' title='bbox 2918 3050 3047 3105; x_wconf 74' lang='grc' dir='ltr'><strong>ἀλλά</strong></span> <span class='ocrx_word' id='word_1_467' title='bbox 3091 3056 3215 3125; x_wconf 87' lang='grc' dir='ltr'>μίαν</span> <span class='ocrx_word' id='word_1_468' title='bbox 3273 3055 3429 3126; x_wconf 76' lang='grc' dir='ltr'>φύσιν</span> <span class='ocrx_word' id='word_1_469' title='bbox 3489 3054 3748 3108; x_wconf 84' lang='grc' dir='ltr'>σύνθετον·</span> <span class='ocrx_word' id='word_1_470' title='bbox 3801 3057 3957 3129; x_wconf 68' lang='grc' dir='ltr'>ἡμῶν</span> 
     </span>
    </p>
   </div>
   <div class='ocr_carea' id='block_1_70' title="bbox 2339 3141 3959 3217">
    <p class='ocr_par' dir='ltr' id='par_1_70' title="bbox 2339 3141 3959 3217">
     <span class='ocr_line' id='line_1_70' title="bbox 2339 3141 3959 3217; baseline 0.001 -23"><span class='ocrx_word' id='word_1_471' title='bbox 2339 3144 2441 3217; x_wconf 85' lang='grc' dir='ltr'><strong>γάρ</strong></span> <span class='ocrx_word' id='word_1_472' title='bbox 2502 3146 2627 3215; x_wconf 85' lang='grc' dir='ltr'>μίαν</span> <span class='ocrx_word' id='word_1_473' title='bbox 2669 3142 2964 3196; x_wconf 75' lang='grc' dir='ltr'>ὑπόστασιν</span> <span class='ocrx_word' id='word_1_474' title='bbox 3031 3144 3273 3195; x_wconf 82' lang='grc' dir='ltr'>σύνθετον</span> <span class='ocrx_word' id='word_1_475' title='bbox 3330 3141 3709 3215; x_wconf 77' lang='grc' dir='ltr'>ὀνομαζόντων,</span> <span class='ocrx_word' id='word_1_476' title='bbox 3766 3143 3959 3198; x_wconf 77' lang='grc' dir='ltr'>ἐκεῖνοι</span> 
     </span>
    </p>
   </div>
   <div class='ocr_carea' id='block_1_71' title="bbox 2340 3229 3958 3308">
    <p class='ocr_par' dir='ltr' id='par_1_71' title="bbox 2340 3229 3958 3308">
     <span class='ocr_line' id='line_1_71' title="bbox 2340 3229 3958 3308; baseline 0.001 -24"><span class='ocrx_word' id='word_1_477' title='bbox 2340 3236 2464 3305; x_wconf 86' lang='grc' dir='ltr'>μίαν</span> <span class='ocrx_word' id='word_1_478' title='bbox 2496 3232 2739 3284; x_wconf 82' lang='grc' dir='ltr'>σύνθετον</span> <span class='ocrx_word' id='word_1_479' title='bbox 2778 3233 2932 3305; x_wconf 73' lang='grc' dir='ltr'>φύσιν</span> <span class='ocrx_word' id='word_1_480' title='bbox 2977 3229 3321 3301; x_wconf 82' lang='grc' dir='ltr'>ἀντιτιθέασι,</span> <span class='ocrx_word' id='word_1_481' title='bbox 3386 3236 3476 3286; x_wconf 82' lang='grc' dir='ltr'><strong>καὶ</strong></span> <span class='ocrx_word' id='word_1_482' title='bbox 3532 3229 3958 3308; x_wconf 84' lang='grc' dir='ltr'>παραδειγματί-</span> 
     </span>
    </p>
   </div>
   <div class='ocr_carea' id='block_1_72' title="bbox 2342 3318 3959 3398">
    <p class='ocr_par' dir='ltr' id='par_1_72' title="bbox 2342 3318 3959 3398">
     <span class='ocr_line' id='line_1_72' title="bbox 2342 3318 3959 3398; baseline 0.002 -25"><span class='ocrx_word' id='word_1_483' title='bbox 2342 3321 2525 3383; x_wconf 83' lang='grc' dir='ltr'>ζουσιν</span> <span class='ocrx_word' id='word_1_484' title='bbox 2591 3321 2726 3374; x_wconf 70' lang='grc' dir='ltr'>οὕτω</span> <span class='ocrx_word' id='word_1_485' title='bbox 2792 3323 2879 3373; x_wconf 84' lang='grc' dir='ltr'>τὸν</span> <span class='ocrx_word' id='word_1_486' title='bbox 2944 3318 3112 3393; x_wconf 74' lang='grc' dir='ltr'>λόγον·</span> <span class='ocrx_word' id='word_1_487' title='bbox 3181 3322 3280 3389; x_wconf 86' lang='grc' dir='ltr'>ὅτι,</span> <span class='ocrx_word' id='word_1_488' title='bbox 3357 3322 3533 3396; x_wconf 82' lang='grc' dir='ltr'>ὥσπερ</span> <span class='ocrx_word' id='word_1_489' title='bbox 3595 3323 3622 3375; x_wconf 91' lang='lat'><strong>6</strong></span> <span class='ocrx_word' id='word_1_490' title='bbox 3679 3323 3959 3398; x_wconf 75' lang='grc' dir='ltr'>ἄνθρωπος</span> 
     </span>
    </p>
   </div>
   <div class='ocr_carea' id='block_1_73' title="bbox 2338 3409 3955 3486">
    <p class='ocr_par' dir='ltr' id='par_1_73' title="bbox 2338 3409 3955 3486">
     <span class='ocr_line' id='line_1_73' title="bbox 2338 3409 3955 3486; baseline 0.024 -35"><span class='ocrx_word' id='word_1_491' title='bbox 2338 3409 2526 3483; x_wconf 66' lang='grc' dir='ltr'>ψυχὴν</span> <span class='ocrx_word' id='word_1_492' title='bbox 2584 3412 2697 3482; x_wconf 78' lang='grc' dir='ltr'>ἔχει</span> <span class='ocrx_word' id='word_1_493' title='bbox 2751 3414 2841 3463; x_wconf 82' lang='grc' dir='ltr'><strong>καὶ</strong></span> <span class='ocrx_word' id='word_1_494' title='bbox 2899 3418 3073 3484; x_wconf 85' lang='grc' dir='ltr'>σῶμα,</span> <span class='ocrx_word' id='word_1_495' title='bbox 3122 3414 3213 3464; x_wconf 83' lang='grc' dir='ltr'>καὶ</span> <span class='ocrx_word' id='word_1_496' title='bbox 3259 3409 3385 3469; x_wconf 72' lang='grc' dir='ltr'>ἄλλη</span> <span class='ocrx_word' id='word_1_497' title='bbox 3426 3413 3518 3484; x_wconf 65' lang='grc' dir='ltr'>μὶν</span> <span class='ocrx_word' id='word_1_498' title='bbox 3550 3411 3708 3484; x_wconf 67' lang='grc' dir='ltr'>φύσις</span> <span class='ocrx_word' id='word_1_499' title='bbox 3743 3412 3955 3486; x_wconf 66' lang='grc' dir='ltr'><strong>ψυχῆς,</strong></span> 
     </span>
    </p>
   </div>
   <div class='ocr_carea' id='block_1_74' title="bbox 2340 3496 3961 3573">
    <p class='ocr_par' dir='ltr' id='par_1_74' title="bbox 2340 3496 3961 3573">
     <span class='ocr_line' id='line_1_74' title="bbox 2340 3496 3961 3573; baseline 0.001 -22"><span class='ocrx_word' id='word_1_500' title='bbox 2340 3499 2467 3559; x_wconf 67' lang='grc' dir='ltr'>ἄλλη</span> <span class='ocrx_word' id='word_1_501' title='bbox 2524 3496 2584 3552; x_wconf 71' lang='grc' dir='ltr'>δὲ</span> <span class='ocrx_word' id='word_1_502' title='bbox 2652 3504 2932 3573; x_wconf 80' lang='grc' dir='ltr'>σώματος,</span> <span class='ocrx_word' id='word_1_503' title='bbox 3009 3502 3054 3553; x_wconf 81' lang='grc' dir='ltr'>εἴ</span> <span class='ocrx_word' id='word_1_504' title='bbox 3124 3518 3207 3561; x_wconf 87' lang='grc' dir='ltr'><strong>τις</strong></span> <span class='ocrx_word' id='word_1_505' title='bbox 3266 3500 3385 3553; x_wconf 81' lang='grc' dir='ltr'>καθ’</span> <span class='ocrx_word' id='word_1_506' title='bbox 3464 3499 3655 3560; x_wconf 74' lang='grc' dir='ltr'>ἑαυτὴν</span> <span class='ocrx_word' id='word_1_507' title='bbox 3726 3500 3961 3562; x_wconf 72' lang='grc' dir='ltr'>ἑκάστην</span> 
     </span>
    </p>
   </div>
   <div class='ocr_carea' id='block_1_75' title="bbox 2343 3585 3963 3665">
    <p class='ocr_par' dir='ltr' id='par_1_75' title="bbox 2343 3585 3963 3665">
     <span class='ocr_line' id='line_1_75' title="bbox 2343 3585 3963 3665; baseline 0 -22"><span class='ocrx_word' id='word_1_508' title='bbox 2343 3591 2576 3665; x_wconf 80' lang='grc' dir='ltr'>θεωροίη·</span> <span class='ocrx_word' id='word_1_509' title='bbox 2629 3585 2841 3642; x_wconf 76' lang='grc' dir='ltr'>ἐπειδὰν</span> <span class='ocrx_word' id='word_1_510' title='bbox 2899 3585 2959 3642; x_wconf 73' lang='grc' dir='ltr'><strong>δε</strong></span> <span class='ocrx_word' id='word_1_511' title='bbox 3013 3588 3351 3657; x_wconf 71' lang='grc' dir='ltr'>συνέλθωσιν,</span> <span class='ocrx_word' id='word_1_512' title='bbox 3400 3589 3671 3663; x_wconf 84' lang='grc' dir='ltr'>ἄνθρωπον</span> <span class='ocrx_word' id='word_1_513' title='bbox 3736 3598 3963 3644; x_wconf 76' lang='grc' dir='ltr'>ποιοῦσι</span> 
     </span>
    </p>
   </div>
   <div class='ocr_carea' id='block_1_76' title="bbox 2341 3674 3962 3754">
    <p class='ocr_par' dir='ltr' id='par_1_76' title="bbox 2341 3674 3962 3754">
     <span class='ocr_line' id='line_1_76' title="bbox 2341 3674 3962 3754; baseline 0.001 -24"><span class='ocrx_word' id='word_1_514' title='bbox 2341 3682 2496 3752; x_wconf 67' lang='grc' dir='ltr'>φύσιν</span> <span class='ocrx_word' id='word_1_515' title='bbox 2528 3678 2721 3752; x_wconf 74' lang='grc' dir='ltr'>ἔχοντα</span> <span class='ocrx_word' id='word_1_516' title='bbox 2748 3683 2871 3753; x_wconf 88' lang='grc' dir='ltr'>μίαν</span> <span class='ocrx_word' id='word_1_517' title='bbox 2925 3680 3185 3732; x_wconf 58' lang='grc' dir='ltr'>σύνθετον</span> <span class='ocrx_word' id='word_1_518' title='bbox 3219 3674 3343 3732; x_wconf 73' lang='grc' dir='ltr'>ούδέ</span> <span class='ocrx_word' id='word_1_519' title='bbox 3370 3680 3471 3754; x_wconf 88' lang='grc' dir='ltr'><strong>γάρ</strong></span> <span class='ocrx_word' id='word_1_520' title='bbox 3526 3675 3611 3733; x_wconf 86' lang='grc' dir='ltr'>δεῖ</span> <span class='ocrx_word' id='word_1_521' title='bbox 3652 3678 3820 3752; x_wconf 78' lang='grc' dir='ltr'>λέγειν</span> <span class='ocrx_word' id='word_1_522' title='bbox 3871 3683 3962 3734; x_wconf 85' lang='grc' dir='ltr'>τὸν</span> 
     </span>
    </p>
   </div>
   <div class='ocr_carea' id='block_1_77' title="bbox 2339 3764 3962 3844">
    <p class='ocr_par' dir='ltr' id='par_1_77' title="bbox 2339 3764 3962 3844">
     <span class='ocr_line' id='line_1_77' title="bbox 2339 3764 3962 3844; baseline 0.001 -23"><span class='ocrx_word' id='word_1_523' title='bbox 2339 3770 2633 3844; x_wconf 80' lang='grc' dir='ltr'>ἄνθρωπον,</span> <span class='ocrx_word' id='word_1_524' title='bbox 2666 3773 2819 3840; x_wconf 74' lang='grc' dir='ltr'>φασὶ,</span> <span class='ocrx_word' id='word_1_525' title='bbox 2853 3764 2949 3821; x_wconf 91' lang='grc' dir='ltr'><strong>δύο</strong></span> <span class='ocrx_word' id='word_1_526' title='bbox 2990 3770 3195 3841; x_wconf 71' lang='grc' dir='ltr'>φύσεις,</span> <span class='ocrx_word' id='word_1_527' title='bbox 3224 3766 3353 3821; x_wconf 76' lang='grc' dir='ltr'><strong>ἀλλά</strong></span> <span class='ocrx_word' id='word_1_528' title='bbox 3379 3772 3500 3842; x_wconf 89' lang='grc' dir='ltr'>μίαν</span> <span class='ocrx_word' id='word_1_529' title='bbox 3531 3769 3795 3823; x_wconf 65' lang='grc' dir='ltr'>σύνθετον</span> <span class='ocrx_word' id='word_1_530' title='bbox 3823 3769 3962 3824; x_wconf 76' lang='grc' dir='ltr'>οὕτω</span> 
     </span>
    </p>
   </div>
   <div class='ocr_carea' id='block_1_78' title="bbox 566 3854 3613 3935">
    <p class='ocr_par' dir='ltr' id='par_1_78' title="bbox 566 3854 3613 3935">
     <span class='ocr_line' id='line_1_78' title="bbox 566 3854 3613 3935; baseline 0 -23"><span class='ocrx_word' id='word_1_531' title='bbox 566 3854 635 3918; x_wconf 79' lang='grc' dir='ltr'>δὴ</span> <span class='ocrx_word' id='word_1_532' title='bbox 669 3862 759 3912; x_wconf 82' lang='grc' dir='ltr'>καὶ</span> <span class='ocrx_word' id='word_1_533' title='bbox 786 3860 874 3911; x_wconf 86' lang='grc' dir='ltr'><strong>τόν</strong></span> <span class='ocrx_word' id='word_1_534' title='bbox 904 3861 1137 3935; x_wconf 82' lang='grc' dir='ltr'>Χριστὸν</span> <span class='ocrx_word' id='word_1_535' title='bbox 1175 3861 1372 3912; x_wconf 83' lang='grc' dir='ltr'>οἴονται</span> <span class='ocrx_word' id='word_1_536' title='bbox 1401 3857 1459 3911; x_wconf 76' lang='grc' dir='ltr'><em>ἐκ</em></span> <span class='ocrx_word' id='word_1_537' title='bbox 1489 3854 1587 3913; x_wconf 88' lang='grc' dir='ltr'><strong>δύο</strong></span> <span class='ocrx_word' id='word_1_538' title='bbox 1625 3862 1716 3934; x_wconf 68' lang='grc' dir='ltr'>μὲν</span> <span class='ocrx_word' id='word_1_539' title='bbox 1749 3863 2120 3917; x_wconf 75' lang='grc' dir='ltr'>συνεστηκέναι</span> <span class='ocrx_word' id='word_1_540' title='bbox 2150 3861 2373 3932; x_wconf 71' lang='grc' dir='ltr'>φύσεων,</span> <span class='ocrx_word' id='word_1_541' title='bbox 2405 3860 2538 3931; x_wconf 85' lang='grc' dir='ltr'><strong>μετά</strong></span> <span class='ocrx_word' id='word_1_542' title='bbox 2559 3854 2618 3911; x_wconf 75' lang='grc' dir='ltr'>δὲ</span> <span class='ocrx_word' id='word_1_543' title='bbox 2646 3858 2828 3911; x_wconf 79' lang='grc' dir='ltr'>ἕνωσιν</span> <span class='ocrx_word' id='word_1_544' title='bbox 2857 3862 2981 3931; x_wconf 85' lang='grc' dir='ltr'>μίαν</span> <span class='ocrx_word' id='word_1_545' title='bbox 3010 3855 3139 3911; x_wconf 83' lang='grc' dir='ltr'>εἶναι</span> <span class='ocrx_word' id='word_1_546' title='bbox 3165 3859 3319 3930; x_wconf 78' lang='grc' dir='ltr'>φύσιν</span> <span class='ocrx_word' id='word_1_547' title='bbox 3349 3859 3613 3915; x_wconf 82' lang='grc' dir='ltr'>σύνθετον.</span> 
     </span>
    </p>
   </div>
   <div class='ocr_carea' id='block_1_79' title="bbox 636 4000 2228 4075">
    <p class='ocr_par' dir='ltr' id='par_1_79' title="bbox 636 4000 2228 4075">
     <span class='ocr_line' id='line_1_79' title="bbox 636 4000 2228 4075; baseline 0.001 -17"><span class='ocrx_word' id='word_1_548' title='bbox 636 4004 688 4058; x_wconf 88' lang='grc' dir='ltr'><strong>ϐ.</strong></span> <span class='ocrx_word' id='word_1_549' title='bbox 731 4000 957 4060; x_wconf 85' lang='lat' dir='ltr'><strong>idcirco</strong></span> <span class='ocrx_word' id='word_1_550' title='bbox 987 4006 1045 4059; x_wconf 91' lang='lat' dir='ltr'><strong>et</strong></span> <span class='ocrx_word' id='word_1_551' title='bbox 1074 4018 1335 4074; x_wconf 86' lang='lat' dir='ltr'><strong>magnus</strong></span> <span class='ocrx_word' id='word_1_552' title='bbox 1363 4002 1427 4059; x_wconf 91' lang='lat' dir='ltr'><strong>in</strong></span> <span class='ocrx_word' id='word_1_553' title='bbox 1448 4001 1753 4073; x_wconf 89' lang='lat' dir='ltr'><strong>theologia</strong></span> <span class='ocrx_word' id='word_1_554' title='bbox 1801 4000 2121 4075; x_wconf 86' lang='lat' dir='ltr'><strong>Gregorius</strong></span> <span class='ocrx_word' id='word_1_555' title='bbox 2152 4016 2228 4059; x_wconf 73' lang='lat' dir='ltr'><strong>ex</strong></span> 
     </span>
    </p>
   </div>
   <div class='ocr_carea' id='block_1_80' title="bbox 564 4091 2228 4166">
    <p class='ocr_par' dir='ltr' id='par_1_80' title="bbox 564 4091 2228 4166">
     <span class='ocr_line' id='line_1_80' title="bbox 564 4091 2228 4166; baseline -0.001 -19"><span class='ocrx_word' id='word_1_556' title='bbox 564 4092 800 4164; x_wconf 80' lang='lat' dir='ltr'><strong>quibus,</strong></span> <span class='ocrx_word' id='word_1_557' title='bbox 833 4097 891 4149; x_wconf 89' lang='lat' dir='ltr'><strong>et</strong></span> <span class='ocrx_word' id='word_1_558' title='bbox 921 4093 985 4150; x_wconf 79' lang='lat' dir='ltr'><strong>in</strong></span> <span class='ocrx_word' id='word_1_559' title='bbox 1006 4093 1221 4165; x_wconf 80' lang='lat' dir='ltr'><strong>quibus</strong></span> <span class='ocrx_word' id='word_1_560' title='bbox 1243 4092 1388 4150; x_wconf 90' lang='lat' dir='ltr'><strong>dicit</strong></span> <span class='ocrx_word' id='word_1_561' title='bbox 1413 4097 1468 4149; x_wconf 91' lang='lat' dir='ltr'><strong>et</strong></span> <span class='ocrx_word' id='word_1_562' title='bbox 1487 4108 1640 4166; x_wconf 60' lang='lat' dir='ltr'><strong>quae,</strong></span> <span class='ocrx_word' id='word_1_563' title='bbox 1659 4092 1734 4149; x_wconf 90' lang='lat' dir='ltr'><strong>de</strong></span> <span class='ocrx_word' id='word_1_564' title='bbox 1749 4092 1969 4149; x_wconf 90' lang='lat' dir='ltr'><strong>divinis</strong></span> <span class='ocrx_word' id='word_1_565' title='bbox 1997 4091 2228 4150; x_wconf 88' lang='lat' dir='ltr'><strong>naturis</strong></span> 
     </span>
    </p>
   </div>
   <div class='ocr_carea' id='block_1_81' title="bbox 2409 3999 3964 4080">
    <p class='ocr_par' dir='ltr' id='par_1_81' title="bbox 2409 3999 3964 4080">
     <span class='ocr_line' id='line_1_81' title="bbox 2409 3999 3964 4080; baseline 0.001 -24"><span class='ocrx_word' id='word_1_566' title='bbox 2409 4000 2482 4067; x_wconf 77' lang='grc' dir='ltr'><strong>ς’.</strong></span> <span class='ocrx_word' id='word_1_567' title='bbox 2516 4003 2609 4055; x_wconf 85' lang='grc' dir='ltr'>Διά</span> <span class='ocrx_word' id='word_1_568' title='bbox 2648 4008 2816 4053; x_wconf 76' lang='grc' dir='ltr'>ταῦτα</span> <span class='ocrx_word' id='word_1_569' title='bbox 2860 4004 2952 4054; x_wconf 81' lang='grc' dir='ltr'><strong>καὶ</strong></span> <span class='ocrx_word' id='word_1_570' title='bbox 2999 4001 3024 4054; x_wconf 89' lang='lat'><strong>6</strong></span> <span class='ocrx_word' id='word_1_571' title='bbox 3079 4004 3238 4075; x_wconf 84' lang='grc' dir='ltr'>μέγας</span> <span class='ocrx_word' id='word_1_572' title='bbox 3275 3999 3323 4054; x_wconf 78' lang='grc' dir='ltr'>ἐν</span> <span class='ocrx_word' id='word_1_573' title='bbox 3374 4000 3612 4075; x_wconf 85' lang='grc' dir='ltr'>θεολογίᾳ</span> <span class='ocrx_word' id='word_1_574' title='bbox 3663 4007 3964 4080; x_wconf 86' lang='grc' dir='ltr'>Γρηγόριος</span> 
     </span>
    </p>
   </div>
   <div class='ocr_carea' id='block_1_82' title="bbox 2337 4088 3965 4167">
    <p class='ocr_par' dir='ltr' id='par_1_82' title="bbox 2337 4088 3965 4167">
     <span class='ocr_line' id='line_1_82' title="bbox 2337 4088 3965 4167; baseline 0.001 -24"><span class='ocrx_word' id='word_1_575' title='bbox 2337 4089 2390 4154; x_wconf 77' lang='grc' dir='ltr'><strong>ἐξ</strong></span> <span class='ocrx_word' id='word_1_576' title='bbox 2420 4088 2508 4159; x_wconf 85' lang='grc' dir='ltr'>ὧν,</span> <span class='ocrx_word' id='word_1_577' title='bbox 2539 4096 2630 4144; x_wconf 82' lang='grc' dir='ltr'><strong>καὶ</strong></span> <span class='ocrx_word' id='word_1_578' title='bbox 2659 4088 2708 4143; x_wconf 79' lang='grc' dir='ltr'>ἐν</span> <span class='ocrx_word' id='word_1_579' title='bbox 2753 4091 2850 4157; x_wconf 84' lang='grc' dir='ltr'>οἷς,</span> <span class='ocrx_word' id='word_1_580' title='bbox 2902 4095 3051 4163; x_wconf 75' lang='grc' dir='ltr'>φησὶ,</span> <span class='ocrx_word' id='word_1_581' title='bbox 3110 4095 3201 4143; x_wconf 84' lang='grc' dir='ltr'><strong>καὶ</strong></span> <span class='ocrx_word' id='word_1_582' title='bbox 3257 4091 3409 4165; x_wconf 78' lang='grc' dir='ltr'>ἅπερ,</span> <span class='ocrx_word' id='word_1_583' title='bbox 3470 4096 3591 4167; x_wconf 86' lang='grc' dir='ltr'>περὶ</span> <span class='ocrx_word' id='word_1_584' title='bbox 3643 4100 3743 4145; x_wconf 88' lang='grc' dir='ltr'>τῶν</span> <span class='ocrx_word' id='word_1_585' title='bbox 3807 4094 3965 4147; x_wconf 82' lang='grc' dir='ltr'>θείων</span> 
     </span>
    </p>
   </div>
   <div class='ocr_carea' id='block_1_83' title="bbox 566 4174 2235 4275">
    <p class='ocr_par' dir='ltr' id='par_1_83' title="bbox 566 4179 2230 4275">
     <span class='ocr_line' id='line_1_83' title="bbox 566 4179 2230 4275; baseline -0.001 -38"><span class='ocrx_word' id='word_1_586' title='bbox 566 4196 912 4275; x_wconf 80' lang='lat' dir='ltr'><strong>sermonem</strong></span> <span class='ocrx_word' id='word_1_587' title='bbox 932 4181 1183 4240; x_wconf 90' lang='lat' dir='ltr'><strong>habens.</strong></span> <span class='ocrx_word' id='word_1_588' title='bbox 1209 4182 1363 4240; x_wconf 93' lang='lat' dir='ltr'><strong>Illud</strong></span> <span class='ocrx_word' id='word_1_589' title='bbox 1383 4182 1566 4253; x_wconf 90' lang='lat' dir='ltr'><strong>enim,</strong></span> <span class='ocrx_word' id='word_1_590' title='bbox 1593 4182 1898 4255; x_wconf 73' lang='lat' dir='ltr'><strong>exquibus</strong></span> <span class='ocrx_word' id='word_1_591' title='bbox 1918 4179 2230 4254; x_wconf 83' lang='lat' dir='ltr'><strong>posuit,&#39;ut</strong></span> 
     </span>
    </p>
   </div>
   <div class='ocr_carea' id='block_1_84' title="bbox 2345 4174 3969 4275">
    <p class='ocr_par' dir='ltr' id='par_1_84' title="bbox 2345 4174 3969 4254">
     <span class='ocr_line' id='line_1_84' title="bbox 2345 4174 3969 4254; baseline 0.001 -22"><span class='ocrx_word' id='word_1_592' title='bbox 2345 4174 2678 4251; x_wconf 77' lang='grc' dir='ltr'>δογματίζων</span> <span class='ocrx_word' id='word_1_593' title='bbox 2735 4181 2956 4252; x_wconf 67' lang='grc' dir='ltr'>φύσεων·</span> <span class='ocrx_word' id='word_1_594' title='bbox 3020 4182 3077 4231; x_wconf 89' lang='grc' dir='ltr'><strong>τό</strong></span> <span class='ocrx_word' id='word_1_595' title='bbox 3136 4181 3226 4248; x_wconf 62' lang='grc' dir='ltr'>μὲν</span> <span class='ocrx_word' id='word_1_596' title='bbox 3278 4181 3380 4254; x_wconf 83' lang='grc' dir='ltr'><strong>γὰρ</strong></span> <span class='ocrx_word' id='word_1_597' title='bbox 3413 4176 3467 4242; x_wconf 84' lang='grc' dir='ltr'><strong>ἐξ</strong></span> <span class='ocrx_word' id='word_1_598' title='bbox 3503 4179 3571 4231; x_wconf 78' lang='grc' dir='ltr'><strong>ὧν</strong></span> <span class='ocrx_word' id='word_1_599' title='bbox 3609 4181 3830 4252; x_wconf 80' lang='grc' dir='ltr'>τέθεικε,</span> <span class='ocrx_word' id='word_1_600' title='bbox 3879 4182 3969 4233; x_wconf 85' lang='grc' dir='ltr'>ἵνα</span> 
     </span>
    </p>
   </div>
   <div class='ocr_carea' id='block_1_85' title="bbox 565 4269 2229 4343">
    <p class='ocr_par' dir='ltr' id='par_1_85' title="bbox 565 4269 2229 4343">
     <span class='ocr_line' id='line_1_85' title="bbox 565 4269 2229 4343; baseline -0.002 -15"><span class='ocrx_word' id='word_1_601' title='bbox 565 4284 641 4328; x_wconf 83' lang='lat' dir='ltr'><strong>ex</strong></span> <span class='ocrx_word' id='word_1_602' title='bbox 668 4269 972 4329; x_wconf 87' lang='lat' dir='ltr'><strong>divinitate</strong></span> <span class='ocrx_word' id='word_1_603' title='bbox 991 4273 1281 4330; x_wconf 89' lang='lat' dir='ltr'><strong>unitatem</strong></span> <span class='ocrx_word' id='word_1_604' title='bbox 1302 4271 1578 4341; x_wconf 87' lang='lat' dir='ltr'><strong>doceret;</strong></span> <span class='ocrx_word' id='word_1_605' title='bbox 1612 4270 1760 4328; x_wconf 91' lang='lat' dir='ltr'><strong>illud</strong></span> <span class='ocrx_word' id='word_1_606' title='bbox 1789 4274 1991 4328; x_wconf 88' lang='lat' dir='ltr'><strong>autem</strong></span> <span class='ocrx_word' id='word_1_607' title='bbox 2015 4272 2078 4328; x_wconf 84' lang='lat' dir='ltr'><strong>in</strong></span> <span class='ocrx_word' id='word_1_608' title='bbox 2103 4271 2229 4343; x_wconf 79' lang='lat' dir='ltr'><strong>qui-</strong></span> 
     </span>
    </p>
   </div>
   <div class='ocr_carea' id='block_1_86' title="bbox 568 4359 2231 4434">
    <p class='ocr_par' dir='ltr' id='par_1_86' title="bbox 568 4359 2231 4434">
     <span class='ocr_line' id='line_1_86' title="bbox 568 4359 2231 4434; baseline 0.001 -18"><span class='ocrx_word' id='word_1_609' title='bbox 568 4359 695 4429; x_wconf 86' lang='lat' dir='ltr'><strong>bus,</strong></span> <span class='ocrx_word' id='word_1_610' title='bbox 728 4365 796 4417; x_wconf 90' lang='lat' dir='ltr'><strong>ut</strong></span> <span class='ocrx_word' id='word_1_611' title='bbox 825 4366 1074 4418; x_wconf 90' lang='lat' dir='ltr'><strong>naturas</strong></span> <span class='ocrx_word' id='word_1_612' title='bbox 1116 4365 1399 4430; x_wconf 89' lang='lat' dir='ltr'><strong>servaret,</strong></span> <span class='ocrx_word' id='word_1_613' title='bbox 1432 4361 1615 4419; x_wconf 88' lang='lat' dir='ltr'><strong>etiam</strong></span> <span class='ocrx_word' id='word_1_614' title='bbox 1645 4364 1786 4434; x_wconf 86' lang='lat' dir='ltr'><strong>post</strong></span> <span class='ocrx_word' id='word_1_615' title='bbox 1810 4359 2099 4418; x_wconf 87' lang='lat' dir='ltr'><strong>unionem</strong></span> <span class='ocrx_word' id='word_1_616' title='bbox 2127 4381 2142 4428; x_wconf 87' lang='lat'><strong>;</strong></span> <span class='ocrx_word' id='word_1_617' title='bbox 2174 4363 2231 4417; x_wconf 87' lang='lat' dir='ltr'><strong>et</strong></span> 
     </span>
    </p>
   </div>
   <div class='ocr_carea' id='block_1_87' title="bbox 566 4448 2226 4524">
    <p class='ocr_par' dir='ltr' id='par_1_87' title="bbox 566 4448 2226 4524">
     <span class='ocr_line' id='line_1_87' title="bbox 566 4448 2226 4524; baseline 0 -18"><span class='ocrx_word' id='word_1_618' title='bbox 566 4462 644 4506; x_wconf 88' lang='lat' dir='ltr'><strong>ne</strong></span> <span class='ocrx_word' id='word_1_619' title='bbox 672 4464 776 4507; x_wconf 80' lang='lat' dir='ltr'><strong>eas</strong></span> <span class='ocrx_word' id='word_1_620' title='bbox 794 4465 904 4521; x_wconf 90' lang='lat' dir='ltr'><strong>per</strong></span> <span class='ocrx_word' id='word_1_621' title='bbox 942 4466 1078 4508; x_wconf 91' lang='lat' dir='ltr'><strong>eam</strong></span> <span class='ocrx_word' id='word_1_622' title='bbox 1108 4450 1422 4524; x_wconf 88' lang='lat' dir='ltr'><strong>utriusque</strong></span> <span class='ocrx_word' id='word_1_623' title='bbox 1448 4449 1738 4506; x_wconf 89' lang='lat' dir='ltr'><strong>unionem</strong></span> <span class='ocrx_word' id='word_1_624' title='bbox 1783 4448 2180 4507; x_wconf 86' lang='lat' dir='ltr'><strong>confunderet</strong></span> <span class='ocrx_word' id='word_1_625' title='bbox 2212 4466 2226 4519; x_wconf 93' lang='lat'><strong>;</strong></span> 
     </span>
    </p>
   </div>
   <div class='ocr_carea' id='block_1_88' title="bbox 565 4536 2230 4613">
    <p class='ocr_par' dir='ltr' id='par_1_88' title="bbox 565 4536 2230 4613">
     <span class='ocr_line' id='line_1_88' title="bbox 565 4536 2230 4613; baseline 0.002 -19"><span class='ocrx_word' id='word_1_626' title='bbox 565 4536 713 4594; x_wconf 91' lang='lat' dir='ltr'><strong>illud</strong></span> <span class='ocrx_word' id='word_1_627' title='bbox 733 4542 958 4608; x_wconf 87' lang='lat' dir='ltr'><strong>autem,</strong></span> <span class='ocrx_word' id='word_1_628' title='bbox 987 4555 1138 4612; x_wconf 60' lang='lat' dir='ltr'><strong>quae,</strong></span> <span class='ocrx_word' id='word_1_629' title='bbox 1167 4555 1245 4597; x_wconf 89' lang='lat' dir='ltr'><strong>ne</strong></span> <span class='ocrx_word' id='word_1_630' title='bbox 1269 4539 1407 4613; x_wconf 89' lang='lat' dir='ltr'><strong>quis</strong></span> <span class='ocrx_word' id='word_1_631' title='bbox 1440 4541 1608 4613; x_wconf 87' lang='lat' dir='ltr'><strong>putet</strong></span> <span class='ocrx_word' id='word_1_632' title='bbox 1637 4538 1822 4595; x_wconf 88' lang='lat' dir='ltr'><strong>alium</strong></span> <span class='ocrx_word' id='word_1_633' title='bbox 1845 4537 2073 4597; x_wconf 90' lang='lat' dir='ltr'><strong>factum</strong></span> <span class='ocrx_word' id='word_1_634' title='bbox 2100 4555 2230 4597; x_wconf 87' lang='lat' dir='ltr'><strong>esse</strong></span> 
     </span>
    </p>
   </div>
   <div class='ocr_carea' id='block_1_89' title="bbox 569 4626 2231 4700">
    <p class='ocr_par' dir='ltr' id='par_1_89' title="bbox 569 4626 2231 4700">
     <span class='ocr_line' id='line_1_89' title="bbox 569 4626 2231 4700; baseline 0.003 -18"><span class='ocrx_word' id='word_1_635' title='bbox 569 4626 869 4685; x_wconf 89' lang='lat' dir='ltr'><strong>Christum</strong></span> <span class='ocrx_word' id='word_1_636' title='bbox 886 4632 1388 4700; x_wconf 88' lang='lat' dir='ltr'><strong>postnaturarum</strong></span> <span class='ocrx_word' id='word_1_637' title='bbox 1402 4628 1710 4685; x_wconf 86' lang='lat' dir='ltr'><strong>unionem.</strong></span> <span class='ocrx_word' id='word_1_638' title='bbox 1721 4630 1804 4685; x_wconf 81' lang='lat' dir='ltr'><strong>Ex</strong></span> <span class='ocrx_word' id='word_1_639' title='bbox 1820 4627 2231 4687; x_wconf 82' lang='lat' dir='ltr'><strong>examinanda</strong></span> 
     </span>
    </p>
   </div>
   <div class='ocr_carea' id='block_1_90' title="bbox 567 4715 2233 4791">
    <p class='ocr_par' dir='ltr' id='par_1_90' title="bbox 567 4715 2233 4791">
     <span class='ocr_line' id='line_1_90' title="bbox 567 4715 2233 4791; baseline 0.003 -20"><span class='ocrx_word' id='word_1_640' title='bbox 567 4719 657 4772; x_wconf 89' lang='lat' dir='ltr'><strong>est</strong></span> <span class='ocrx_word' id='word_1_641' title='bbox 684 4715 967 4773; x_wconf 70' lang='lat' dir='ltr'><strong>doctrinae</strong></span> <span class='ocrx_word' id='word_1_642' title='bbox 1022 4722 1308 4774; x_wconf 89' lang='lat' dir='ltr'><strong>accurata</strong></span> <span class='ocrx_word' id='word_1_643' title='bbox 1343 4717 1656 4790; x_wconf 84' lang='lat' dir='ltr'><strong>expositio.</strong></span> <span class='ocrx_word' id='word_1_644' title='bbox 1707 4720 1787 4774; x_wconf 86' lang='lat' dir='ltr'><strong>Ex</strong></span> <span class='ocrx_word' id='word_1_645' title='bbox 1829 4723 2091 4791; x_wconf 90' lang='lat' dir='ltr'><strong>quatuor</strong></span> <span class='ocrx_word' id='word_1_646' title='bbox 2119 4719 2233 4776; x_wconf 87' lang='lat' dir='ltr'><strong>ele-</strong></span> 
     </span>
    </p>
   </div>
   <div class='ocr_carea' id='block_1_91' title="bbox 568 4804 2229 4880">
    <p class='ocr_par' dir='ltr' id='par_1_91' title="bbox 568 4804 2229 4880">
     <span class='ocr_line' id='line_1_91' title="bbox 568 4804 2229 4880; baseline 0.002 -20"><span class='ocrx_word' id='word_1_647' title='bbox 568 4804 787 4861; x_wconf 88' lang='lat' dir='ltr'><strong>mentis</strong></span> <span class='ocrx_word' id='word_1_648' title='bbox 806 4821 943 4862; x_wconf 91' lang='lat' dir='ltr'><strong>esse</strong></span> <span class='ocrx_word' id='word_1_649' title='bbox 971 4811 1247 4863; x_wconf 89' lang='lat' dir='ltr'><strong>nostrum</strong></span> <span class='ocrx_word' id='word_1_650' title='bbox 1272 4822 1493 4880; x_wconf 89' lang='lat' dir='ltr'><strong>corpus</strong></span> <span class='ocrx_word' id='word_1_651' title='bbox 1530 4807 1592 4864; x_wconf 90' lang='lat' dir='ltr'><strong>in</strong></span> <span class='ocrx_word' id='word_1_652' title='bbox 1636 4806 1932 4879; x_wconf 80' lang='lat' dir='ltr'><strong>confesso,</strong></span> <span class='ocrx_word' id='word_1_653' title='bbox 1954 4813 2043 4865; x_wconf 90' lang='lat' dir='ltr'><strong>est</strong></span> <span class='ocrx_word' id='word_1_654' title='bbox 2069 4808 2229 4880; x_wconf 88' lang='lat' dir='ltr'><strong>igne,</strong></span> 
     </span>
    </p>
   </div>
   <div class='ocr_carea' id='block_1_92' title="bbox 569 4895 2233 4969">
    <p class='ocr_par' dir='ltr' id='par_1_92' title="bbox 569 4895 2233 4969">
     <span class='ocr_line' id='line_1_92' title="bbox 569 4895 2233 4969; baseline 0.002 -16"><span class='ocrx_word' id='word_1_655' title='bbox 569 4909 728 4967; x_wconf 85' lang='lat' dir='ltr'><strong>aere,</strong></span> <span class='ocrx_word' id='word_1_656' title='bbox 756 4910 940 4969; x_wconf 89' lang='lat' dir='ltr'><strong>aqua,</strong></span> <span class='ocrx_word' id='word_1_657' title='bbox 973 4899 1149 4968; x_wconf 89' lang='lat' dir='ltr'><strong>terra,</strong></span> <span class='ocrx_word' id='word_1_658' title='bbox 1182 4900 1239 4954; x_wconf 89' lang='lat' dir='ltr'><strong>et</strong></span> <span class='ocrx_word' id='word_1_659' title='bbox 1280 4895 1343 4954; x_wconf 89' lang='lat' dir='ltr'><strong>in</strong></span> <span class='ocrx_word' id='word_1_660' title='bbox 1368 4896 1465 4954; x_wconf 82' lang='lat' dir='ltr'><strong>his</strong></span> <span class='ocrx_word' id='word_1_661' title='bbox 1503 4896 1812 4956; x_wconf 89' lang='lat' dir='ltr'><strong>elementis</strong></span> <span class='ocrx_word' id='word_1_662' title='bbox 1860 4897 2233 4956; x_wconf 87' lang='lat' dir='ltr'><strong>constitutio-</strong></span> 
     </span>
    </p>
   </div>
   <div class='ocr_carea' id='block_1_93' title="bbox 676 5163 2235 5297">
    <p class='ocr_par' dir='ltr' id='par_1_93' title="bbox 676 5163 2235 5297">
     <span class='ocr_line' id='line_1_93' title="bbox 676 5163 2235 5297; baseline 0.003 -75"><span class='ocrx_word' id='word_1_663' title='bbox 676 5167 723 5237; x_wconf 85' lang='grc' dir='ltr'>ί)</span> <span class='ocrx_word' id='word_1_664' title='bbox 759 5165 988 5238; x_wconf 88' lang='lat' dir='ltr'><strong>Eulogii</strong></span> <span class='ocrx_word' id='word_1_665' title='bbox 1029 5163 1373 5251; x_wconf 82' lang='lat' dir='ltr'><strong>fragmenta</strong></span> <span class='ocrx_word' id='word_1_666' title='bbox 1414 5166 1606 5251; x_wconf 78' lang='lat' dir='ltr'><strong>multa</strong></span> <span class='ocrx_word' id='word_1_667' title='bbox 1650 5166 1871 5297; x_wconf 55' lang='lat' dir='ltr'><strong>legesis</strong></span> <span class='ocrx_word' id='word_1_668' title='bbox 1910 5164 2079 5243; x_wconf 87' lang='lat' dir='ltr'><strong>apud</strong></span> <span class='ocrx_word' id='word_1_669' title='bbox 2120 5184 2235 5227; x_wconf 85' lang='lat' dir='ltr'><strong>nos</strong></span> 
     </span>
     <span class='ocr_line' id='line_1_94' title="bbox 677 5233 2230 5297; baseline 0.003 -5"><span class='ocrx_word' id='word_1_670' title='bbox 677 5236 716 5293; x_wconf 82' lang='grc' dir='ltr'><strong>Ι.</strong></span> <span class='ocrx_word' id='word_1_671' title='bbox 741 5238 871 5295; x_wconf 82' lang='lat' dir='ltr'><strong>Vat.</strong></span> <span class='ocrx_word' id='word_1_672' title='bbox 902 5243 942 5295; x_wconf 87' lang='lat' dir='ltr'><strong>t.</strong></span> <span class='ocrx_word' id='word_1_673' title='bbox 976 5233 1098 5297; x_wconf 79' lang='grc' dir='ltr'>νη.</span> <span class='ocrx_word' id='word_1_674' title='bbox 1145 5244 1410 5297; x_wconf 77' lang='lat' dir='ltr'><strong>itemque</strong></span> <span class='ocrx_word' id='word_1_675' title='bbox 1438 5238 1642 5297; x_wconf 78' lang='lat' dir='ltr'><strong>aliqua</strong></span> <span class='ocrx_word' id='word_1_676' title='bbox 1673 5244 1714 5297; x_wconf 95' lang='lat' dir='ltr'><strong>C</strong></span> <span class='ocrx_word' id='word_1_677' title='bbox 1740 5257 1918 5297; x_wconf 77' lang='lat' dir='ltr'><strong>assic.</strong></span> <span class='ocrx_word' id='word_1_678' title='bbox 1946 5246 2063 5297; x_wconf 87' lang='lat' dir='ltr'><strong>AA.</strong></span> <span class='ocrx_word' id='word_1_679' title='bbox 2096 5245 2138 5297; x_wconf 90' lang='lat' dir='ltr'><strong>t.</strong></span> <span class='ocrx_word' id='word_1_680' title='bbox 2170 5240 2230 5297; x_wconf 85' lang='lat' dir='ltr'><strong>X.</strong></span> 
     </span>
    </p>
   </div>
   <div class='ocr_carea' id='block_1_94' title="bbox 570 5233 2230 5322">
    <p class='ocr_par' dir='ltr' id='par_1_94' title="bbox 570 5233 2230 5322">
     <span class='ocr_line' id='line_1_95' title="bbox 570 5233 2230 5322; baseline 0.003 -28"><span class='ocrx_word' id='word_1_681' title='bbox 570 5233 716 5322; x_wconf 61' lang='lat' dir='ltr'><strong>Coll.</strong></span> <span class='ocrx_word' id='word_1_682' title='bbox 741 5233 942 5321; x_wconf 42' lang='grc' dir='ltr'>γεμί</span> <span class='ocrx_word' id='word_1_683' title='bbox 976 5233 1098 5322; x_wconf 74' lang='lat' dir='ltr'><strong>Ytl,</strong></span> <span class='ocrx_word' id='word_1_684' title='bbox 1129 5233 1410 5322; x_wconf 68' lang='lat' dir='ltr'><strong>itemque</strong></span> <span class='ocrx_word' id='word_1_685' title='bbox 1438 5233 1923 5322; x_wconf 33' lang='lat' dir='ltr'><strong>aliqua‘CIassic,</strong></span> <span class='ocrx_word' id='word_1_686' title='bbox 1946 5233 2063 5322; x_wconf 66' lang='lat' dir='ltr'><strong>AA.</strong></span> <span class='ocrx_word' id='word_1_687' title='bbox 2096 5245 2138 5297; x_wconf 90' lang='lat' dir='ltr'><strong>t.</strong></span> <span class='ocrx_word' id='word_1_688' title='bbox 2170 5240 2230 5299; x_wconf 86' lang='lat' dir='ltr'><strong>X.</strong></span> 
     </span>
    </p>
   </div>
   <div class='ocr_carea' id='block_1_95' title="bbox 569 5306 2233 5381">
    <p class='ocr_par' dir='ltr' id='par_1_95' title="bbox 569 5306 2233 5381">
     <span class='ocr_line' id='line_1_96' title="bbox 569 5306 2233 5381; baseline 0.003 -17"><span class='ocrx_word' id='word_1_689' title='bbox 569 5306 800 5381; x_wconf 59' lang='lat' dir='ltr'><strong>Eulogii</strong></span> <span class='ocrx_word' id='word_1_690' title='bbox 847 5308 1122 5381; x_wconf 87' lang='lat' dir='ltr'><strong>ejusdem</strong></span> <span class='ocrx_word' id='word_1_691' title='bbox 1174 5306 1486 5369; x_wconf 68' lang='lat' dir='ltr'><strong>homiliam</strong></span> <span class='ocrx_word' id='word_1_692' title='bbox 1521 5306 1584 5368; x_wconf 77' lang='lat' dir='ltr'><strong>iii</strong></span> <span class='ocrx_word' id='word_1_693' title='bbox 1628 5312 1851 5370; x_wconf 87' lang='lat' dir='ltr'><strong>Ramos</strong></span> <span class='ocrx_word' id='word_1_694' title='bbox 1882 5312 2233 5369; x_wconf 86' lang='lat' dir='ltr'><strong>Palmarum</strong></span> 
     </span>
    </p>
   </div>
   <div class='ocr_carea' id='block_1_96' title="bbox 570 5377 2157 5456">
    <p class='ocr_par' dir='ltr' id='par_1_96' title="bbox 570 5377 2157 5456">
     <span class='ocr_line' id='line_1_97' title="bbox 570 5377 2157 5456; baseline 0.004 -23"><span class='ocrx_word' id='word_1_695' title='bbox 570 5377 796 5456; x_wconf 68' lang='lat' dir='ltr'><strong>Habuit</strong></span> <span class='ocrx_word' id='word_1_696' title='bbox 822 5377 1178 5456; x_wconf 18' lang='lat' dir='ltr'><strong>lesteinius,</strong></span> <span class='ocrx_word' id='word_1_697' title='bbox 1209 5386 1357 5456; x_wconf 78' lang='lat' dir='ltr'><strong>teste</strong></span> <span class='ocrx_word' id='word_1_698' title='bbox 1382 5383 1519 5456; x_wconf 79' lang='lat' dir='ltr'><strong>ipso</strong></span> <span class='ocrx_word' id='word_1_699' title='bbox 1544 5383 1606 5440; x_wconf 88' lang='lat' dir='ltr'><strong>in</strong></span> <span class='ocrx_word' id='word_1_700' title='bbox 1632 5383 1917 5456; x_wconf 77' lang='lat' dir='ltr'><strong>epistolis,</strong></span> <span class='ocrx_word' id='word_1_701' title='bbox 1943 5400 2003 5456; x_wconf 88' lang='lat' dir='ltr'><strong>p.</strong></span> <span class='ocrx_word' id='word_1_702' title='bbox 2032 5388 2157 5440; x_wconf 83' lang='lat'><strong>209.</strong></span> 
     </span>
    </p>
   </div>
   <div class='ocr_carea' id='block_1_97' title="bbox 573 5450 2224 5533">
    <p class='ocr_par' dir='ltr' id='par_1_97' title="bbox 573 5450 2224 5533">
     <span class='ocr_line' id='line_1_98' title="bbox 573 5450 2224 5533; baseline 0.005 -28"><span class='ocrx_word' id='word_1_703' title='bbox 573 5520 585 5533; x_wconf 39' lang='grc' dir='ltr'><strong>ο</strong></span> <span class='ocrx_word' id='word_1_704' title='bbox 642 5450 718 5522; x_wconf 86' lang='grc'><strong>(2)</strong></span> <span class='ocrx_word' id='word_1_705' title='bbox 760 5454 841 5533; x_wconf 65' lang='lat' dir='ltr'><strong>De</strong></span> <span class='ocrx_word' id='word_1_706' title='bbox 870 5450 1173 5533; x_wconf 73' lang='lat' dir='ltr'><strong>his_Jo_an.</strong></span> <span class='ocrx_word' id='word_1_707' title='bbox 1208 5450 1523 5533; x_wconf 66' lang='lat' dir='ltr'><strong>Philoponi</strong></span> <span class='ocrx_word' id='word_1_708' title='bbox 1552 5450 1860 5533; x_wconf 71' lang='lat' dir='ltr'><strong>operibus,</strong></span> <span class='ocrx_word' id='word_1_709' title='bbox 1891 5450 2029 5533; x_wconf 63' lang='lat' dir='ltr'><strong>qua;</strong></span> <span class='ocrx_word' id='word_1_710' title='bbox 2071 5470 2224 5514; x_wconf 86' lang='lat' dir='ltr'><strong>mss.</strong></span> 
     </span>
    </p>
   </div>
   <div class='ocr_carea' id='block_1_98' title="bbox 568 5523 2233 5596">
    <p class='ocr_par' dir='ltr' id='par_1_98' title="bbox 568 5523 2233 5596">
     <span class='ocr_line' id='line_1_99' title="bbox 568 5523 2233 5596; baseline 0.002 -18"><span class='ocrx_word' id='word_1_711' title='bbox 568 5523 633 5596; x_wconf 77' lang='lat' dir='ltr'><strong>in</strong></span> <span class='ocrx_word' id='word_1_712' title='bbox 652 5523 951 5596; x_wconf 82' lang='lat' dir='ltr'><strong>manibus</strong></span> <span class='ocrx_word' id='word_1_713' title='bbox 976 5524 1299 5596; x_wconf 85' lang='lat' dir='ltr'><strong>habemus,</strong></span> <span class='ocrx_word' id='word_1_714' title='bbox 1351 5523 1493 5583; x_wconf 82' lang='lat' dir='ltr'><strong>alibi</strong></span> <span class='ocrx_word' id='word_1_715' title='bbox 1537 5523 1651 5584; x_wconf 75' lang='lat' dir='ltr'><strong>nos</strong></span> <span class='ocrx_word' id='word_1_716' title='bbox 1701 5523 1958 5593; x_wconf 77' lang='lat' dir='ltr'><strong>locuturi</strong></span> <span class='ocrx_word' id='word_1_717' title='bbox 1995 5542 2233 5596; x_wconf 81' lang='lat' dir='ltr'><strong>sumus.</strong></span> 
     </span>
    </p>
   </div>
   <div class='ocr_carea' id='block_1_99' title="bbox 567 5590 2235 5672">
    <p class='ocr_par' dir='ltr' id='par_1_99' title="bbox 567 5590 2235 5672">
     <span class='ocr_line' id='line_1_100' title="bbox 567 5590 2235 5672; baseline 0.001 -19"><span class='ocrx_word' id='word_1_718' title='bbox 567 5595 752 5654; x_wconf 88' lang='lat' dir='ltr'><strong>Porro</strong></span> <span class='ocrx_word' id='word_1_719' title='bbox 779 5610 919 5669; x_wconf 57' lang='lat' dir='ltr'><strong>qua;</strong></span> <span class='ocrx_word' id='word_1_720' title='bbox 937 5592 1001 5656; x_wconf 88' lang='lat' dir='ltr'><strong>in</strong></span> <span class='ocrx_word' id='word_1_721' title='bbox 1025 5590 1419 5672; x_wconf 84' lang='lat' dir='ltr'><strong>sequentibus</strong></span> <span class='ocrx_word' id='word_1_722' title='bbox 1447 5597 1735 5672; x_wconf 89' lang='lat' dir='ltr'><strong>(itemque</strong></span> <span class='ocrx_word' id='word_1_723' title='bbox 1756 5590 1977 5672; x_wconf 85' lang='lat' dir='ltr'><strong>partim</strong></span> <span class='ocrx_word' id='word_1_724' title='bbox 2001 5590 2062 5655; x_wconf 90' lang='lat' dir='ltr'><strong>in</strong></span> <span class='ocrx_word' id='word_1_725' title='bbox 2082 5613 2235 5672; x_wconf 72' lang='lat' dir='ltr'><strong>prae-</strong></span> 
     </span>
    </p>
   </div>
   <div class='ocr_carea' id='block_1_100' title="bbox 2337 4263 3965 4342">
    <p class='ocr_par' dir='ltr' id='par_1_100' title="bbox 2337 4263 3965 4342">
     <span class='ocr_line' id='line_1_101' title="bbox 2337 4263 3965 4342; baseline 0.002 -22"><span class='ocrx_word' id='word_1_726' title='bbox 2337 4273 2432 4328; x_wconf 77' lang='grc' dir='ltr'>τὴν</span> <span class='ocrx_word' id='word_1_727' title='bbox 2481 4267 2536 4321; x_wconf 82' lang='grc' dir='ltr'><em>ἐκ</em></span> <span class='ocrx_word' id='word_1_728' title='bbox 2604 4271 2843 4332; x_wconf 83' lang='grc' dir='ltr'>θεότητος</span> <span class='ocrx_word' id='word_1_729' title='bbox 2895 4263 3197 4342; x_wconf 75' lang='grc' dir='ltr'>δογματίσῃ</span> <span class='ocrx_word' id='word_1_730' title='bbox 3253 4270 3452 4321; x_wconf 79' lang='grc' dir='ltr'>ἕνωσιν·</span> <span class='ocrx_word' id='word_1_731' title='bbox 3505 4271 3564 4321; x_wconf 86' lang='grc' dir='ltr'>τὸ</span> <span class='ocrx_word' id='word_1_732' title='bbox 3623 4264 3683 4323; x_wconf 68' lang='grc' dir='ltr'>δὲ</span> <span class='ocrx_word' id='word_1_733' title='bbox 3748 4267 3800 4322; x_wconf 75' lang='grc' dir='ltr'>ἒν</span> <span class='ocrx_word' id='word_1_734' title='bbox 3859 4271 3965 4337; x_wconf 85' lang='grc' dir='ltr'>οἷς,</span> 
     </span>
    </p>
   </div>
   <div class='ocr_carea' id='block_1_101' title="bbox 2342 4358 3971 4432">
    <p class='ocr_par' dir='ltr' id='par_1_101' title="bbox 2342 4358 3971 4432">
     <span class='ocr_line' id='line_1_102' title="bbox 2342 4358 3971 4432; baseline 0 -23"><span class='ocrx_word' id='word_1_735' title='bbox 2342 4359 2424 4411; x_wconf 83' lang='grc' dir='ltr'><strong>ἱνα</strong></span> <span class='ocrx_word' id='word_1_736' title='bbox 2470 4362 2679 4432; x_wconf 69' lang='grc' dir='ltr'>τηρήσῃ</span> <span class='ocrx_word' id='word_1_737' title='bbox 2748 4360 2838 4418; x_wconf 87' lang='grc' dir='ltr'><strong>τάς</strong></span> <span class='ocrx_word' id='word_1_738' title='bbox 2888 4359 3064 4430; x_wconf 73' lang='grc' dir='ltr'>φύσεις</span> <span class='ocrx_word' id='word_1_739' title='bbox 3126 4361 3216 4410; x_wconf 80' lang='grc' dir='ltr'><strong>καὶ</strong></span> <span class='ocrx_word' id='word_1_740' title='bbox 3267 4360 3398 4431; x_wconf 80' lang='grc' dir='ltr'><strong>μετά</strong></span> <span class='ocrx_word' id='word_1_741' title='bbox 3459 4361 3553 4417; x_wconf 68' lang='grc' dir='ltr'>τὸν</span> <span class='ocrx_word' id='word_1_742' title='bbox 3605 4358 3809 4411; x_wconf 82' lang='grc' dir='ltr'>ἕνωσιν·</span> <span class='ocrx_word' id='word_1_743' title='bbox 3872 4361 3971 4411; x_wconf 81' lang='grc' dir='ltr'><strong>καὶ</strong></span> 
     </span>
    </p>
   </div>
   <div class='ocr_carea' id='block_1_102' title="bbox 2338 4442 3973 4522">
    <p class='ocr_par' dir='ltr' id='par_1_102' title="bbox 2338 4442 3973 4522">
     <span class='ocr_line' id='line_1_103' title="bbox 2338 4442 3973 4522; baseline 0 -21"><span class='ocrx_word' id='word_1_744' title='bbox 2338 4452 2411 4521; x_wconf 87' lang='grc' dir='ltr'>μὴ</span> <span class='ocrx_word' id='word_1_745' title='bbox 2443 4452 2647 4522; x_wconf 81' lang='grc' dir='ltr'>συγχέῃ</span> <span class='ocrx_word' id='word_1_746' title='bbox 2700 4450 2896 4509; x_wconf 88' lang='grc' dir='ltr'>ταύτας</span> <span class='ocrx_word' id='word_1_747' title='bbox 2953 4443 3048 4499; x_wconf 89' lang='grc' dir='ltr'><strong>διά</strong></span> <span class='ocrx_word' id='word_1_748' title='bbox 3097 4448 3156 4499; x_wconf 83' lang='grc' dir='ltr'><strong>τό</strong></span> <span class='ocrx_word' id='word_1_749' title='bbox 3209 4445 3458 4506; x_wconf 78' lang='grc' dir='ltr'>ἐνωθῆναι</span> <span class='ocrx_word' id='word_1_750' title='bbox 3489 4445 3750 4509; x_wconf 73' lang='grc' dir='ltr'>ἀλλήλαις·</span> <span class='ocrx_word' id='word_1_751' title='bbox 3792 4450 3861 4500; x_wconf 84' lang='grc' dir='ltr'>τὸ</span> <span class='ocrx_word' id='word_1_752' title='bbox 3907 4442 3973 4501; x_wconf 75' lang='grc' dir='ltr'><strong>δε</strong></span> 
     </span>
    </p>
   </div>
   <div class='ocr_carea' id='block_1_103' title="bbox 2339 4535 3973 4612">
    <p class='ocr_par' dir='ltr' id='par_1_103' title="bbox 2339 4535 3973 4612">
     <span class='ocr_line' id='line_1_104' title="bbox 2339 4535 3973 4612; baseline 0 -23"><span class='ocrx_word' id='word_1_753' title='bbox 2339 4537 2491 4612; x_wconf 79' lang='grc' dir='ltr'>ἅπερ,</span> <span class='ocrx_word' id='word_1_754' title='bbox 2546 4537 2629 4590; x_wconf 82' lang='grc' dir='ltr'>ἶνα</span> <span class='ocrx_word' id='word_1_755' title='bbox 2656 4540 2728 4609; x_wconf 71' lang='grc' dir='ltr'>μὴ</span> <span class='ocrx_word' id='word_1_756' title='bbox 2762 4536 2915 4609; x_wconf 77' lang='grc' dir='ltr'>οἰηθῇ</span> <span class='ocrx_word' id='word_1_757' title='bbox 2962 4555 3042 4598; x_wconf 92' lang='grc' dir='ltr'><strong>τις</strong></span> <span class='ocrx_word' id='word_1_758' title='bbox 3090 4538 3171 4589; x_wconf 85' lang='grc' dir='ltr'>ὅτι</span> <span class='ocrx_word' id='word_1_759' title='bbox 3214 4535 3363 4597; x_wconf 74' lang='grc' dir='ltr'>οὒ.)ος</span> <span class='ocrx_word' id='word_1_760' title='bbox 3402 4538 3605 4608; x_wconf 84' lang='grc' dir='ltr'>γέγονεν</span> <span class='ocrx_word' id='word_1_761' title='bbox 3651 4536 3678 4588; x_wconf 86' lang='lat'><strong>6</strong></span> <span class='ocrx_word' id='word_1_762' title='bbox 3718 4540 3973 4612; x_wconf 79' lang='grc' dir='ltr'>Χριστὸς</span> 
     </span>
    </p>
   </div>
   <div class='ocr_carea' id='block_1_104' title="bbox 2339 4626 3973 4701">
    <p class='ocr_par' dir='ltr' id='par_1_104' title="bbox 2339 4626 3973 4701">
     <span class='ocr_line' id='line_1_105' title="bbox 2339 4626 3973 4701; baseline -0.001 -21"><span class='ocrx_word' id='word_1_763' title='bbox 2339 4630 2471 4701; x_wconf 86' lang='grc' dir='ltr'><strong>μετά</strong></span> <span class='ocrx_word' id='word_1_764' title='bbox 2530 4630 2625 4685; x_wconf 77' lang='grc' dir='ltr'>τὴν</span> <span class='ocrx_word' id='word_1_765' title='bbox 2672 4635 2773 4679; x_wconf 86' lang='grc' dir='ltr'>τῶν</span> <span class='ocrx_word' id='word_1_766' title='bbox 2840 4629 3040 4699; x_wconf 72' lang='grc' dir='ltr'>φύσεων</span> <span class='ocrx_word' id='word_1_767' title='bbox 3083 4626 3285 4679; x_wconf 83' lang='grc' dir='ltr'>ἕνωσιν.</span> <span class='ocrx_word' id='word_1_768' title='bbox 3348 4630 3448 4680; x_wconf 79' lang='grc' dir='ltr'><strong>Καὶ</strong></span> <span class='ocrx_word' id='word_1_769' title='bbox 3512 4630 3801 4684; x_wconf 81' lang='grc' dir='ltr'>σκοπητέον</span> <span class='ocrx_word' id='word_1_770' title='bbox 3866 4631 3973 4685; x_wconf 74' lang='grc' dir='ltr'>τὴν</span> 
     </span>
    </p>
   </div>
   <div class='ocr_carea' id='block_1_105' title="bbox 2339 4712 3973 4792">
    <p class='ocr_par' dir='ltr' id='par_1_105' title="bbox 2339 4712 3973 4792">
     <span class='ocr_line' id='line_1_106' title="bbox 2339 4712 3973 4792; baseline -0.001 -22"><span class='ocrx_word' id='word_1_771' title='bbox 2339 4715 2601 4792; x_wconf 79' lang='grc' dir='ltr'>ἀκρίϐειαν</span> <span class='ocrx_word' id='word_1_772' title='bbox 2652 4722 2746 4769; x_wconf 79' lang='grc' dir='ltr'>τοῦ</span> <span class='ocrx_word' id='word_1_773' title='bbox 2799 4712 3082 4789; x_wconf 74' lang='grc' dir='ltr'>δόγματοςο</span> <span class='ocrx_word' id='word_1_774' title='bbox 3132 4719 3187 4769; x_wconf 73' lang='grc' dir='ltr'><strong>ἐκ</strong></span> <span class='ocrx_word' id='word_1_775' title='bbox 3240 4718 3509 4792; x_wconf 76' lang='grc' dir='ltr'>τεσσάρων</span> <span class='ocrx_word' id='word_1_776' title='bbox 3565 4716 3879 4789; x_wconf 70' lang='grc' dir='ltr'>στοιχείων]</span> <span class='ocrx_word' id='word_1_777' title='bbox 3908 4720 3973 4769; x_wconf 88' lang='grc' dir='ltr'>τὸ</span> 
     </span>
    </p>
   </div>
   <div class='ocr_carea' id='block_1_106' title="bbox 2341 4800 3975 4882">
    <p class='ocr_par' dir='ltr' id='par_1_106' title="bbox 2341 4800 3975 4882">
     <span class='ocr_line' id='line_1_107' title="bbox 2341 4800 3975 4882; baseline 0 -23"><span class='ocrx_word' id='word_1_778' title='bbox 2341 4807 2588 4880; x_wconf 74' lang='grc' dir='ltr'>ἡμέτερον</span> <span class='ocrx_word' id='word_1_779' title='bbox 2656 4813 2809 4874; x_wconf 84' lang='grc' dir='ltr'>σῶμα</span> <span class='ocrx_word' id='word_1_780' title='bbox 2865 4804 3282 4878; x_wconf 67' lang='grc' dir='ltr'>ἀνωμοὶόγηται,</span> <span class='ocrx_word' id='word_1_781' title='bbox 3341 4808 3523 4882; x_wconf 80' lang='grc' dir='ltr'>πυρός,</span> <span class='ocrx_word' id='word_1_782' title='bbox 3581 4800 3750 4881; x_wconf 81' lang='grc' dir='ltr'>ἀέρὸς,</span> <span class='ocrx_word' id='word_1_783' title='bbox 3813 4802 3975 4859; x_wconf 82' lang='grc' dir='ltr'>ὕδα-</span> 
     </span>
    </p>
   </div>
   <div class='ocr_carea' id='block_1_107' title="bbox 2340 4892 3977 4969">
    <p class='ocr_par' dir='ltr' id='par_1_107' title="bbox 2340 4892 3977 4969">
     <span class='ocr_line' id='line_1_108' title="bbox 2340 4892 3977 4969; baseline 0 -19"><span class='ocrx_word' id='word_1_784' title='bbox 2340 4915 2449 4966; x_wconf 88' lang='grc' dir='ltr'>τος,</span> <span class='ocrx_word' id='word_1_785' title='bbox 2502 4904 2624 4968; x_wconf 83' lang='grc' dir='ltr'>γῆς,</span> <span class='ocrx_word' id='word_1_786' title='bbox 2673 4900 2765 4948; x_wconf 83' lang='grc' dir='ltr'>καὶ</span> <span class='ocrx_word' id='word_1_787' title='bbox 2813 4892 2862 4948; x_wconf 74' lang='grc' dir='ltr'>ἒν</span> <span class='ocrx_word' id='word_1_788' title='bbox 2900 4897 3108 4957; x_wconf 86' lang='grc' dir='ltr'>τούτοις</span> <span class='ocrx_word' id='word_1_789' title='bbox 3146 4902 3254 4957; x_wconf 86' lang='grc' dir='ltr'>τοῖς</span> <span class='ocrx_word' id='word_1_790' title='bbox 3293 4899 3579 4969; x_wconf 83' lang='grc' dir='ltr'>στοιχείοις</span> <span class='ocrx_word' id='word_1_791' title='bbox 3626 4898 3719 4953; x_wconf 75' lang='grc' dir='ltr'>τὴν</span> <span class='ocrx_word' id='word_1_792' title='bbox 3752 4897 3977 4950; x_wconf 76' lang='grc' dir='ltr'>σύστα-</span> 
     </span>
    </p>
   </div>
   <div class='ocr_carea' id='block_1_108' title="bbox 2343 5161 3980 5244">
    <p class='ocr_par' dir='ltr' id='par_1_108' title="bbox 2343 5161 3980 5244">
     <span class='ocr_line' id='line_1_109' title="bbox 2343 5161 3980 5244; baseline -0.004 -21"><span class='ocrx_word' id='word_1_793' title='bbox 2343 5161 2969 5244; x_wconf 69' lang='lat' dir='ltr'><strong>cedentibus)_l_‘i_icetas</strong></span> <span class='ocrx_word' id='word_1_794' title='bbox 2996 5166 3202 5221; x_wconf 88' lang='lat' dir='ltr'><strong>noster</strong></span> <span class='ocrx_word' id='word_1_795' title='bbox 3221 5162 3298 5244; x_wconf 77' lang='lat' dir='ltr'><strong>de</strong></span> <span class='ocrx_word' id='word_1_796' title='bbox 3319 5165 3405 5244; x_wconf 72' lang='lat' dir='ltr'><strong>tot</strong></span> <span class='ocrx_word' id='word_1_797' title='bbox 3425 5162 3602 5221; x_wconf 88' lang='lat' dir='ltr'><strong>sectis</strong></span> <span class='ocrx_word' id='word_1_798' title='bbox 3618 5161 3980 5244; x_wconf 42' lang='lat' dir='ltr'><strong>Mon‘ophj‘.</strong></span> 
     </span>
    </p>
   </div>
   <div class='ocr_carea' id='block_1_109' title="bbox 2343 5230 3983 5309">
    <p class='ocr_par' dir='ltr' id='par_1_109' title="bbox 2343 5230 3983 5309">
     <span class='ocr_line' id='line_1_110' title="bbox 2343 5230 3983 5309; baseline -0.002 -16"><span class='ocrx_word' id='word_1_799' title='bbox 2343 5236 2593 5309; x_wconf 87' lang='lat' dir='ltr'><strong>sitarum</strong></span> <span class='ocrx_word' id='word_1_800' title='bbox 2625 5230 2848 5309; x_wconf 78' lang='lat' dir='ltr'><strong>scribit,</strong></span> <span class='ocrx_word' id='word_1_801' title='bbox 2879 5252 2954 5293; x_wconf 86' lang='lat' dir='ltr'><strong>ea</strong></span> <span class='ocrx_word' id='word_1_802' title='bbox 2973 5251 3141 5309; x_wconf 58' lang='lat' dir='ltr'><strong>stupe</strong></span> <span class='ocrx_word' id='word_1_803' title='bbox 3164 5235 3245 5292; x_wconf 91' lang='lat' dir='ltr'><strong>ad</strong></span> <span class='ocrx_word' id='word_1_804' title='bbox 3270 5234 3523 5291; x_wconf 87' lang='lat' dir='ltr'><strong>verbum</strong></span> <span class='ocrx_word' id='word_1_805' title='bbox 3552 5230 3849 5309; x_wconf 78' lang='lat' dir='ltr'><strong>exscribit</strong></span> <span class='ocrx_word' id='word_1_806' title='bbox 3875 5230 3983 5309; x_wconf 55' lang='grc' dir='ltr'>δί-</span> 
     </span>
    </p>
   </div>
   <div class='ocr_carea' id='block_1_110' title="bbox 2343 5304 3986 5382">
    <p class='ocr_par' dir='ltr' id='par_1_110' title="bbox 2343 5304 3986 5382">
     <span class='ocr_line' id='line_1_111' title="bbox 2343 5304 3986 5382; baseline -0.001 -17"><span class='ocrx_word' id='word_1_807' title='bbox 2343 5308 2643 5382; x_wconf 89' lang='lat' dir='ltr'><strong>cephorus</strong></span> <span class='ocrx_word' id='word_1_808' title='bbox 2668 5307 2945 5382; x_wconf 83' lang='lat' dir='ltr'><strong>Callistus</strong></span> <span class='ocrx_word' id='word_1_809' title='bbox 2972 5304 3087 5367; x_wconf 60' lang='lat' dir='ltr'><strong>lib:</strong></span> <span class='ocrx_word' id='word_1_810' title='bbox 3108 5309 3368 5382; x_wconf 56' lang='lat' dir='ltr'><strong>xvtu,ﬁ_5</strong></span> <span class='ocrx_word' id='word_1_811' title='bbox 3399 5310 3457 5363; x_wconf 88' lang='lat' dir='ltr'><strong>et</strong></span> <span class='ocrx_word' id='word_1_812' title='bbox 3473 5320 3658 5382; x_wconf 89' lang='lat' dir='ltr'><strong>_seqq.</strong></span> <span class='ocrx_word' id='word_1_813' title='bbox 3686 5304 3798 5379; x_wconf 89' lang='lat' dir='ltr'><strong>qui</strong></span> <span class='ocrx_word' id='word_1_814' title='bbox 3824 5305 3986 5382; x_wconf 66' lang='lat' dir='ltr'><strong>plus</strong></span> 
     </span>
    </p>
   </div>
   <div class='ocr_carea' id='block_1_111' title="bbox 2342 5376 3988 5453">
    <p class='ocr_par' dir='ltr' id='par_1_111' title="bbox 2342 5376 3988 5453">
     <span class='ocr_line' id='line_1_112' title="bbox 2342 5376 3988 5453; baseline 0 -17"><span class='ocrx_word' id='word_1_815' title='bbox 2342 5376 2586 5453; x_wconf 81' lang='lat' dir='ltr'><strong>centum</strong></span> <span class='ocrx_word' id='word_1_816' title='bbox 2607 5384 2745 5453; x_wconf 87' lang='lat' dir='ltr'><strong>post</strong></span> <span class='ocrx_word' id='word_1_817' title='bbox 2773 5379 3039 5453; x_wconf 83' lang='lat' dir='ltr'><strong>Nicetam</strong></span> <span class='ocrx_word' id='word_1_818' title='bbox 3071 5376 3593 5453; x_wconf 58' lang='lat' dir='ltr'><strong>annis&#39;historiani</strong></span> <span class='ocrx_word' id='word_1_819' title='bbox 3613 5376 3794 5433; x_wconf 74' lang='lat' dir='ltr'><strong>suam</strong></span> <span class='ocrx_word' id='word_1_820' title='bbox 3824 5376 3988 5453; x_wconf 75' lang='lat' dir='ltr'><strong>alie-</strong></span> 
     </span>
    </p>
   </div>
   <div class='ocr_carea' id='block_1_112' title="bbox 2340 5449 3986 5534">
    <p class='ocr_par' dir='ltr' id='par_1_112' title="bbox 2340 5449 3986 5534">
     <span class='ocr_line' id='line_1_113' title="bbox 2340 5449 3986 5534; baseline 0 -26"><span class='ocrx_word' id='word_1_821' title='bbox 2340 5451 2436 5508; x_wconf 91' lang='lat' dir='ltr'><strong>nis</strong></span> <span class='ocrx_word' id='word_1_822' title='bbox 2467 5449 2697 5534; x_wconf 69' lang='lat' dir='ltr'><strong>exuviis</strong></span> <span class='ocrx_word' id='word_1_823' title='bbox 2717 5451 2885 5534; x_wconf 80' lang='lat' dir='ltr'><strong>auxit</strong></span> <span class='ocrx_word' id='word_1_824' title='bbox 2912 5455 3092 5524; x_wconf 85' lang='lat' dir='ltr'><strong>atque</strong></span> <span class='ocrx_word' id='word_1_825' title='bbox 3114 5449 3442 5511; x_wconf 85' lang='lat' dir='ltr'><strong>exornavit.</strong></span> <span class='ocrx_word' id='word_1_826' title='bbox 3464 5452 3670 5523; x_wconf 87' lang='lat' dir='ltr'><strong>Itaque</strong></span> <span class='ocrx_word' id='word_1_827' title='bbox 3689 5462 3810 5507; x_wconf 86' lang='lat' dir='ltr'><strong>nos</strong></span> <span class='ocrx_word' id='word_1_828' title='bbox 3834 5449 3986 5523; x_wconf 85' lang='lat' dir='ltr'><strong>ple-</strong></span> 
     </span>
    </p>
   </div>
   <div class='ocr_carea' id='block_1_113' title="bbox 2340 5538 2906 5597">
    <p class='ocr_par' dir='ltr' id='par_1_113' title="bbox 2340 5538 2906 5597">
     <span class='ocr_line' id='line_1_114' title="bbox 2340 5538 2906 5597; baseline -0.002 -15"><span class='ocrx_word' id='word_1_829' title='bbox 2340 5538 2534 5597; x_wconf 86' lang='lat' dir='ltr'><strong>raque</strong></span> <span class='ocrx_word' id='word_1_830' title='bbox 2563 5538 2906 5583; x_wconf 70' lang='lat' dir='ltr'><strong>ommmus.</strong></span> 
     </span>
    </p>
   </div>
  </div>
