4136 6404
151 244 208 297 73
1606 243 1857 302 THESAI

2000 247 2132 304 LIB.
2173 253 2241 302 Χ.
3530 254 3602 310 ’74

164 385 235 420 σιν
262 370 377 441 ἕχει
404 367 663 429 σώζεται
693 375 841 441 γοῦν
873 368 930 422 ἐν
962 378 1043 441 τῷ
1070 374 1279 442 σώματι
1307 373 1396 421 καὶ
1424 372 1507 437 τὸ,
1539 368 1593 433 ἐξ
1622 370 1711 438 ὧν,
1744 372 1836 423 καὶ

1968 386 2089 427 iam
2118 370 2322 430 habet.
2351 373 2632 430 Servatur
2660 387 2804 444 ergo
2846 373 2909 429 in
2954 388 3204 447 corpore
3242 377 3302 432 et
3347 374 3498 433 illud
3526 392 3603 434 ea:

167 463 243 523 τὸ,
267 457 312 511 ἓν
343 460 449 523 οἷς,
474 458 541 510 ού
578 463 690 531 μὴν
722 462 816 526 τὸ,
845 460 991 534 οἷπερ
1018 480 1033 492 ·
1062 460 1196 532 μετὰ
1220 463 1310 517 τὴν
1331 458 1512 511 ἕνωσιν
1543 467 1642 511 τῶν
1689 478 1835 512 στοι-

183 555 325 622 χείων
350 552 412 601 τὸ
441 549 727 623 ἡμέτερον
766 556 940 621 σῶμα
969 552 1094 600 οὔτε
1121 548 1365 620 καθαρῶς
1411 545 1525 599 ἐστι
1556 556 1683 623 πῦρ,
1722 552 1839 601 οὔτε

194 640 465 714 εἰλικρινῶς
495 636 633 713 ἀὴρ,
664 641 799 690 οὔτε
834 636 1119 701 ἂνόθευτος
1148 644 1241 709 γῆ,
1291 636 1396 689 ἀλλ’
1430 635 1595 713 ἕτερόν
1616 657 1666 689 τι
1695 640 1843 712 παρὰ

200 732 260 783 τὰ
280 734 533 804 τέσσαρα.
570 733 685 781 Καὶ
720 724 899 788 δῆλον
933 726 1039 781 ἀπὸ
1091 736 1184 787 τῆς
1230 726 1531 788 αἰσθήσεως
1567 749 1595 789 '_
1621 728 1841 781 ἕκαστον

201 823 300 893 γὰρ
323 827 420 871 τῶν
447 826 621 892 μερῶν
644 825 753 870 τοῦ
781 820 1051 892 ἡμετέρου
1086 822 1328 889 σώματος
1366 816 1491 869 ἄλλο
1520 836 1573 869 τι
1604 819 1748 892 παρὰ
1776 818 1843 870 τὰ

207 911 445 981 στοιχεῖά
473 907 620 961 ἐστιν
652 929 667 941 ο
706 906 797 961 ἐπὶ
831 904 892 961 δὲ
919 915 1019 968 τῆς
1052 909 1189 967 θείας
1219 906 1447 968 ἐνὼσεως
1489 906 1583 959 οὐκ
1630 905 1754 959 ἀλλο
1791 927 1844 959 τι

202 1001 337 1071 μετὰ
370 1002 464 1055 τὴν
497 992 832 1070 συνδρομὴν
880 1003 985 1048 τῶν
1032 991 1133 1047 δύο
1183 997 1381 1067 φύσεων
1429 999 1634 1066 γέγονεν
1667 1015 1682 1029 ·
1736 995 1843 1047 ἀλλ’

202 1087 335 1141 αὐτὸ
384 1090 539 1140 τοῦτό
596 1084 718 1139 ἐστι
780 1086 810 1137 ὁ
867 1087 1126 1161 Χριστὸς,
1179 1088 1270 1137 καὶ
1316 1087 1449 1146 Θεὸς
1500 1087 1591 1137 καὶ
1632 1084 1845 1159 ’ἄνθρω-

202 1197 326 1240 πος.

278 1317 348 1381 ζ.
385 1319 447 1372 Ἠ
481 1315 545 1372 δ⁴ε
592 1320 828 1376 τοιαύτη
891 1317 1098 1393 αἵρεσις
1125 1319 1298 1388 γέγονε
1346 1318 1489 1391 παρὰ
1545 1318 1641 1380 τὰς
1691 1315 1849 1380 ἄλλας

205 1410 387 1482 ὥσπερ
419 1407 812 1482 ἀκριϐεστέρα,
868 1402 963 1459 διὰ
1009 1408 1069 1457 τὸ
1118 1413 1269 1477 σχεῖν
1315 1408 1607 1478 προστάτας
1652 1403 1852 1479 ἄνδρας

214 1502 411 1571 σοφούς
444 1519 457 1531 ·
491 1499 518 1550 6
548 1499 660 1572 γάρ
689 1516 777 1549 τοι
816 1497 1064 1555 Ἰωάννης
1095 1495 1120 1546 6
1154 1494 1431 1556 Φιλόπονος
1478 1495 1853 1569 ὀνομαζόμενος

210 1590 358 1640 κατὰ
500 1591 599 1645 τήν
637 1582 793 1638 ἰδέαν
836 1592 929 1637 τοῦ
955 1584 1115 1656 λόγου
1148 1583 1205 1635 ού
1237 1592 1335 1636 τῶν
1366 1586 1501 1637 πάνυ
1551 1583 1855 1657 ἐπαινουμέ-

210 1698 323 1728 νων
349 1675 480 1743 ἐστὶ,
516 1675 809 1747 φιλόσοφος
839 1671 900 1727 δὲ
930 1671 1295 1746 ἀκριϐέστερος
1322 1678 1414 1725 καὶ
1443 1678 1564 1746 περὶ
1604 1677 1699 1736 τὰς
1724 1672 1856 1726 ἀπο-

221 1762 419 1829 δείξεις
451 1767 906 1838 θαυμασιώτατος
940 1785 953 1797 ·
983 1763 1039 1824 ὃς
1070 1760 1139 1821 δὴ
1173 1765 1272 1815 ὑπὸ
1312 1768 1524 1836 Σεργίου
1571 1771 1663 1816 τοῦ
1714 1782 1855 1821 τηνι-

218 1863 399 1909 καῦτα
416 1858 767 1928 πατριάρχου
788 1852 1381 1914 Κωνσταντινουπόλεως
1397 1853 1746 1928 παρακληθεὶς
1762 1856 1857 1912 τὴν

219 1950 472 2003 τοιαυτήν
500 1945 552 1997 ἐν
573 1945 874 2017 γράμμασι
932 1944 1315 2001 συστήσασθαι
1346 1943 1568 2017 αἳρεσιν,
1598 1942 1856 2015 συνεγρά-

211 2034 364 2107 {mero
390 2035 550 2106 λογον
602 2030 934 2101 δεινότατον,
979 2030 1277 2105 ἐπιγράψας
1330 2031 1470 2103 αύτῷ
1503 2036 1784 2090 Διαιτητὴν
1826 2031 1853 2089 ἦ

214 2130 355 2201 Περὶ
381 2125 642 2187 ἐνώσεως,
664 2130 761 2176 καὶ
790 2122 839 2175 ἐν
865 2120 998 2176 δέκα
1025 2122 1324 2195 κεφαλαίοις
1363 2126 1458 2180 τὴν
1486 2128 1663 2175 πᾶσαν
1692 2125 1859 2195 τομὴν

214 2224 318 2275 τῆς
342 2217 609 2289 αἱρέσεως
628 2212 941 2286 ἐξυφήνατο,
974 2218 1152 2264 πᾶσαν
1190 2217 1414 2274 κινήσας
1442 2214 1573 2287 πρὸς
1593 2219 1747 2264 τοῦτο
1770 2232 1859 2284 φι-

1948 462 2182 533 quibus,
2214 466 2271 518 et
2298 462 2444 520 illud
2473 463 2537 520 in
2565 465 2801 535 quibus,
2830 478 2956 521 non
2994 469 3202 522 tamen
3239 465 3389 524 illud
3447 484 3601 540 qua.

1949 555 2089 607 Post
2116 552 2550 610 elementorum
2580 554 2869 610 unionem
2901 558 3180 612 nostrum
3212 572 3433 630 corpus
3476 574 3605 615 non

1949 657 2097 714 pure
2127 647 2215 700 est
2243 644 2418 716 ignis,
2488 660 2688 717 neque
2740 661 2878 701 vere
2933 661 3053 712 aer,
3116 662 3316 720 neque
3356 664 3503 705 vera
3546 652 3607 705 et

1947 730 2217 802 legitima
2238 737 2411 806 terra,
2441 733 2551 789 sed
2581 733 2812 807 aliquid
2860 734 3026 791 aliud
3082 735 3241 792 ultra
3284 736 3602 809 elementa,

1950 821 2118 893 quod
2146 822 2535 879 manifestum
2590 828 2683 880 est
2738 840 2812 880 ex
2866 824 3165 881 sensibus.
3215 828 3606 900 Unaquaeque

1951 910 2111 967 enim
2139 912 2332 968 nostri
2362 912 2632 985 corporis
2658 929 2798 987 pars
2819 913 2986 970 aliud
3010 919 3099 972 est
3122 930 3311 987 quam
3343 916 3605 973 elemen-

1950 1005 2014 1058 ta
2047 1020 2061 1069 ;
2087 1002 2149 1058 in
2179 1002 2386 1060 divina
2414 1003 2636 1061 unione
2662 1004 2807 1060 nihil
2838 1004 3004 1063 aliud
3034 1006 3316 1063 efiectum
3358 1011 3448 1065 est
3474 1011 3611 1081 post

1952 1089 2215 1146 duarum
2235 1096 2590 1148 naturarum
2620 1108 3021 1167 concursum;
3049 1094 3152 1152 sed
3173 1095 3290 1152 hoc
3304 1094 3614 1170 ipsumlest

1955 1178 2221 1235 Christus
2251 1182 2309 1236 et
2340 1181 2497 1235 Deus
2528 1184 2587 1237 et
2612 1181 2823 1239 homo.

2028 1326 2080 1378 7.
2138 1321 2295 1379 Talis
2340 1326 2543 1379 autem
2594 1324 2843 1381 haeresis
2898 1325 3055 1383 facta
3100 1329 3189 1383 est
3241 1326 3373 1384 aliis
3433 1327 3616 1402 quasi

1958 1412 2292 1468 accuratior
2355 1428 2424 1469 eo
2489 1414 2656 1487 quod
2720 1414 2999 1471 homines
3062 1415 3364 1488 sapientes
3430 1417 3616 1474 duces

1957 1499 2189 1556 habuit.
2256 1501 2521 1556 Joannes
2572 1502 2735 1557 enim
2811 1502 3183 1575 Philoponus
3251 1506 3617 1574 cognomine

1959 1604 2085 1644 non
2104 1588 2349 1661 quidem
2382 1590 2461 1646 ob
2493 1590 2586 1645 sui
2618 1591 2916 1647 sermonis
2967 1592 3232 1663 speciem
3280 1593 3434 1649 inter
3461 1594 3617 1650 insi-

1964 1678 2284 1749 gnissimos
2339 1684 2716 1747 numeratus,
2779 1681 2886 1737 sed
2933 1681 3318 1738 doctissimus
3345 1682 3617 1755 philoso-

1965 1769 2125 1842 phus
2158 1774 2215 1825 et
2265 1769 2326 1824 in
2358 1769 2983 1826 demonstrationibus
3028 1771 3401 1828 admirabilis
3459 1778 3619 1831 certe

1967 1861 2093 1926 est;
2126 1858 2229 1929 qui
2260 1858 2508 1930 quidem
2537 1875 2573 1916 a
2603 1859 2805 1930 Sergio
2830 1863 2976 1916 tunc
3005 1861 3291 1933 temporis
3325 1862 3619 1919 Constan-

1967 1945 2249 2018 tinopolis
2277 1948 2625 2020 patriarcha
2652 1947 2936 2005 invitatus
2962 1953 3026 2005 ut
3074 1949 3290 2022 scripto
3341 1948 3622 2007 haeresim

1968 2040 2375 2107 componeret,
2456 2036 2681 2094 librum
2763 2037 3147 2095 solertissime
3233 2039 3613 2114 conscripsit,

1968 2142 2152 2199 quem
2178 2127 2483 2183 Diaztetem
2516 2144 2622 2183 seu
2648 2128 2721 2184 de
2742 2130 2962 2185 unione
2991 2128 3315 2202 inscripsit,
3348 2135 3406 2186 et
3431 2130 3494 2186 in
3524 2130 3625 2186 de-

1970 2232 2100 2271 cem
2126 2216 2426 2288 capitibus
2456 2233 2668 2274 omnes
2695 2218 2945 2274 haeresis
2974 2219 3267 2276 sectiones
3296 2222 3621 2285 contexuit,

216 2304 501 2377 λοσοφίαν,
533 2309 629 2356 καὶ
680 2309 862 2356 πᾶσαν
915 2298 1187 2365 ἀπόδειξιν
1234 2301 1742 2375 ἐξακριϐωσάμενος.
1784 2300 1859 2353 Oi}

231 2398 412 2467 μέντοι
442 2398 536 2445 καὶ
568 2396 700 2454 τούς
729 2391 981 2464 ἐλέγχους
1004 2388 1038 2444 δ
1044 2387 1127 2444 ιεδ
1127 2410 1198 2465 ρα
1219 2392 1365 2465 παρὰ
1411 2398 1509 2442 τῶν
1544 2394 1676 2463 μετὰ
1694 2397 1863 2443 ταῦτα

228 2483 418 2555 λογίων
448 2487 542 2536 καὶ
580 2490 952 2554 πνευματικῶν
984 2489 1055 2553 τῷ
1086 2484 1193 2533 ὄντι
1239 2477 1440 2554 ἀνδρῶν
1474 2501 1487 2513 ·

1969 2320 2213 2361 omnem
2244 2304 2324 2361 ad
2352 2305 2468 2361 hoc
2497 2306 2731 2377 agitans
2762 2306 3237 2380 philosophiam,
3259 2324 3627 2382 omnemque

1969 2394 2268 2450 adhibens
2291 2395 2893 2452 demonstrationem.
2926 2399 3056 2453 Non
3089 2401 3291 2455 tamen
3339 2398 3625 2470 objectio-

1970 2498 2078 2538 nes
2110 2482 2318 2539 vitavit
2345 2484 2663 2541 hominum
2702 2485 3019 2542 doctorum
3062 2492 3120 2543 et
3168 2503 3307 2543 vere
3347 2488 3629 2561 spiritua-

1968 2571 2139 2628 lium.
2171 2572 2339 2629 Multi
2370 2573 2533 2629 enim
2572 2574 2672 2630 alii
2715 2575 2847 2646 ejus
2905 2575 3295 2646 dogmatibus
3349 2578 3629 2634 adversa-

1969 2661 2211 2732 bantur,
2246 2662 2578 2733 prmsertim
2638 2679 2778 2720 vero
2834 2665 3115 2721 Leontius
3168 2666 3508 2723 monachus
3566 2666 3630 2723 in

1544 2479 1726 2533 πολλοὶ
1770 2483 1861 2553 μεν

229 2575 337 2648 γὰρ
363 2573 509 2626 ἄλλοι
536 2581 651 2633 τοῖς
722 2568 1168 2645 δογματισθεῖσιν
1224 2568 1396 2642 ἐκείνῳ
1449 2568 1729 2637 ἂντέθεντο,
1762 2572 1862 2643 μά-

228 2663 391 2716 λιστα
415 2660 476 2715 δε
512 2666 769 2724 Λεόντιος
799 2682 881 2723 τις
902 2663 1136 2734 μοναχός
1163 2658 1210 2711 ἒν
1235 2662 1520 2734 τριάκοντα
1562 2658 1863 2731 κεφαλαίοις

226 2750 532 2826 ἀνατρέψας
565 2756 666 2810 τὴν
711 2753 940 2825 αἰρεσιν,
991 2750 1082 2802 καὶ
1109 2753 1203 2807 τὴν
1256 2748 1373 2800 καθ’
1403 2750 1544 2821 ἡμᾶς
1600 2748 1861 2801 εὐσέϐειαν

223 2843 626 2916 κρατυνάμενος
653 2863 666 2873 ·
700 2845 795 2893 καὶ
824 2841 850 2891 6
882 2841 1321 2912 θαυμασιώτατος
1351 2834 1412 2889 δὲ
1434 2842 1682 2912 Γεώργιος
1708 2838 1734 2889 6
1766 2844 1862 2889 Πι-

236 2925 408 2989 σίδης
427 2929 718 2991 ἡλικιώτης
746 2929 817 2980 ὢν
842 2936 919 3000 τῷ
945 2926 1229 2997 Φιλοπόνῳ,
1266 2929 1357 2977 καὶ
1387 2925 1561 3000 ὥσπερ
1616 2925 1784 2978 εἰώθει
1814 2922 1862 2976 ἐν

239 3021 463 3092 μέτροις
496 3016 756 3090 ἱαμϐικοῐς
809 3020 940 3091 πρὸς
966 3021 1062 3076 τὴν
1103 3015 1302 3090 αἰρεσιν
1355 3011 1586 3081 ἀντιϐὰς,
1636 3012 1745 3067 εἶτα
1790 3009 1859 3072 δὴ

238 3111 337 3159 καὶ
368 3102 597 3160 παιδιάν
630 3104 841 3182 σπουδῇ
875 3108 1144 3183 κεραννύς,
1178 3106 1313 3157 οὕτω
1341 3109 1449 3165 πώς
1479 3122 1609 3177 φησι

379 3388 600 3462 rstica
628 3388 817 3441 θᾶττον
845 3390 939 3445 τὴν
968 3389 1094 3460 μίαν
1119 3406 1174 3440 τε
1201 3392 1291 3441 καὶ
1318 3392 1463 3463 μίαν.

381 3480 445 3532 Εἰ
471 3480 575 3552 γὰρ
614 3482 743 3550 μίαν
772 3495 829 3528 τε
854 3479 947 3527 καὶ
975 3481 1100 3549 μίαν
1130 3475 1290 3548 λέγεις
1316 3482 1463 3551 μίαν.

382 3569 553 3631 Γέλως
580 3571 642 3620 τό
668 3566 858 3640 λεχθὲν
887 3570 1091 3638 γίνεται
1119 3571 1210 3620 καὶ
1233 3563 1490 3630 παιδίοις.

309 3785 383 3842 η’.
422 3785 569 3841 Αὕτη
602 3780 664 3836 δὲ
682 3783 715 3840 ἡ
753 3799 1027 3853 συγχυσις
1044 3782 1181 3840 καὶὴ
1212 3782 1403 3845 στάσις
1427 3790 1524 3844 τῆς
1545 3782 1862 3845 Ἐκκλησίας

246 3869 367 3925 οὐδ’
391 3873 515 3935 ὅλως
540 3872 796 3943 ύπὲληγε,
827 3874 921 3923 καὶ
961 3872 1011 3923 οἱ
1035 3870 1154 3924 λαοὶ
1182 3874 1308 3948 πρὸς
1336 3876 1433 3930 τὴν
1484 3868 1738 3944 κιγκλίδα
1766 3879 1859 3924 τοῦ

249 3963 637 4036 θυσιαστῃρίου
670 3963 945 4033 ἱστάμενοι
972 3964 1145 4013 παίειν
1178 3960 1422 4020 ἠπείλουν
1443 3965 1559 4023 τούς
1592 3963 1739 4036 ἱερεῖς
1767 3966 1860 4015 καὶ

245 4050 451 4125 ἀτίμως
469 4051 755 4115 ἑξωθήσειν
794 4057 890 4102 τοῦ
918 4047 1180 4122 βήματος,
1228 4050 1271 4103 εἰ
1318 4055 1495 4123 μνείαν
1544 4056 1860 4110 ποιήσαιντο

230 4151 334 4205 τῆς
370 4141 423 4193 ἐν
481 4136 792 4214 χαλκηδὼι
839 4135 1088 4207 συνόδου,
1146 4143 1236 4193 καὶ
1285 4144 1629 4216 καταγραφὴν
1667 4139 1715 4192 ἐν
1752 4147 1860 4201 τοῖς

226 4227 543 4303 διπτύχοις
572 4235 665 4283 καὶ
690 4228 983 4300 ἐκεράννησιν
1012 4238 1113 4282 τῶν
1155 4231 1433 4303 ἓκθεμένων
1478 4229 1640 4289 αὐτὴν
1688 4234 1859 4284 Πατέ-

222 4341 339 4396 ρων
373 4341 389 4355 ·
430 4325 525 4372 καὶ
552 4326 725 4373 ταῦτα
766 4316 1082 4395 ἐπεκράτουν
1125 4322 1290 4394 μέχρι
1340 4325 1437 4382 τῆς
1486 4318 1858 4373 Ἰουστινιανοῦ

222 4409 605 4486 ἀναρρήσεως.
661 4408 838 4461 Αὐτοῦ
884 4404 945 4461 δὲ
974 4410 1042 4461 τὰ
1088 4415 1184 4471 τῆς
1213 4407 1485 4482 βασιλείας
1530 4406 1861 4481 ἀνειληφότος

223 4508 521 4576 σκῆπτρα,
552 4500 605 4551 οἱ
646 4507 745 4560 τῆς
785 4499 1034 4572 αἱρέσεως
1076 4501 1270 4560 ταύτης
1314 4501 1612 4572 προστάται
1641 4500 1743 4553 ὅσα
1770 4504 1861 4552 καὶ

221 4588 513 4658 κνώδαλα,
545 4588 622 4650 εἰς
669 4591 954 4662 χηραμούς
1003 4593 1095 4642 καὶ
1149 4585 1468 4650 καταδύσεις
1522 4592 1616 4652 τὰς
1668 4589 1861 4642 ἑαυτῶν

230 4681 411 4732 ἔθεντο
441 4675 729 4754 διατριϐάς
764 4698 778 4711 ο
813 4674 1036 4740 σύνοδος
1075 4679 1177 4754 γὰρ
1222 4677 1271 4730 ἐν
1321 4678 1861 4732 Κωνσταντινουπόλει

233 4775 625 4842 συγκροτεῖται
652 4765 765 4841 ρξε’
794 4766 955 4839 ἁγίων
987 4771 1248 4844 Πατέρων,
1280 4767 1330 4820 ἐν
1374 4767 1451 4831 οἷς
1489 4765 1552 4827 ἧν
1599 4770 1862 4841 Εὗτύχιος

233 4855 871 4931 Κώνσταντινουπὸλεως,
906 4857 1148 4930 Βιγύλιος
1184 4857 1353 4931 Ῥώμη
1366 4880 1405 4926 ς,
1444 4856 1862 4931 Ἀπολλινάριος,

238 4928 668 5023 Ἀλεξανδρείας,
708 4950 801 5000 καὶ
843 4928 1027 5021 ἕτεροι,
1074 4951 1165 5000 καὶ
1212 4928 1465 5021 κυροῦται
1495 4949 1525 5006 ἡ
1578 4947 1626 5000 ἄν
1652 4928 1864 5006 Χαλκηξ

242 5032 366 5089 δὸνι
397 5034 640 5107 σύνοδος,
666 5044 767 5090 τῶν
789 5036 961 5089 αὐτῶν
1013 5033 1294 5110 δογμάτων
1328 5042 1419 5091 καὶ
1449 5040 1496 5090 ἓν
1530 5037 1661 5111 αὐτῇ
1695 5040 1863 5111 ἐκφω-

234 5129 525 5197 νηθέντων,
550 5131 768 5181 καὶτοῦ
808 5125 1078 5200 συμϐόλου
1121 5135 1218 5190 τῆς
1254 5132 1478 5188 πίστεως
1512 5129 1702 5200 ὁμοίως
1732 5129 1865 5182 ύπα·

225 5221 603 5294 γορευθὲντος.
634 5217 754 5272 "En
781 5236 846 5291 γε
864 5220 974 5290 μὴν
1003 5218 1126 5269 καθ’
1154 5216 1396 5293 ἑκατέραν
1419 5219 1575 5290 φύσιν
1600 5216 1865 5275 θελητικόν

224 5327 288 5362 τε
316 5314 415 5362 καὶ
446 5307 778 5385 ἐνεργητικὸν
826 5309 917 5361 τὸν
968 5307 1157 5382 Κύριον
1201 5307 1348 5378 ἡμῶν
1396 5305 1603 5365 Ἰησοῦν
1632 5308 1865 5380 Χριστὸν

225 5404 333 5460 τῆς
367 5400 518 5473 ἡμῶν
552 5398 698 5455 ἓνεκα
738 5399 1024 5470 σωτηρίας
1062 5396 1324 5469 ὑπάρχειν
1356 5396 1645 5470 ὁρίσαντες,
1688 5394 1867 5448 ἀναθε-

235 5488 521 5560 ματίζουσι
542 5496 607 5548 τὰ
633 5491 713 5568 ιβ’
737 5483 1092 5560 Θεοδωρίτου
1112 5484 1385 5557 κεφάλαια,
1404 5490 1494 5539 καὶ
1512 5490 1608 5545 τὴν
1627 5491 1720 5538 τοῦ
1748 5482 1870 5540 Ἰϐα

231 5575 515 5659 ἐπιστολὴν,
560 5590 660 5649 τὴν
688 5583 833 5661 πρὸς
875 5576 1062 5650 Μάριν
1103 5582 1494 5649 συγγραφεῖσαν
1517 5578 1606 5630 τὸν
1637 5578 1866 5652 Πέρσην,

415 5702 682 5763 Parnm.
729 5694 849 5753 Gn.
894 5685 1061 5744 CXL-

1970 2751 2213 2821 triginta
2262 2752 2560 2824 capitibus
2590 2753 2871 2810 haeresim
2922 2754 3268 2827 confutavit,
3331 2761 3630 2815 nostram-

1971 2857 2089 2913 que
2119 2841 2279 2912 piam
2310 2841 2648 2898 doctrinam
2700 2842 3006 2916 defendit;
3039 2849 3094 2901 et
3151 2849 3320 2900 tanta
3371 2845 3632 2903 admira-

1972 2930 2131 2986 tione
2159 2929 2382 3000 dignus
2414 2930 2701 3000 Georgius
2737 2931 2984 2998 Pisides,
3017 2932 3123 3007 qui
3153 2934 3369 2989 eadem
3401 2949 3473 2990 ac
3502 2935 3631 2991 Phi-

1970 3019 2234 3092 loponus
2266 3023 2443 3076 astate
2474 3024 2620 3092 erat,
2654 3022 2721 3077 ut
2776 3020 3024 3089 solebat,
3082 3022 3289 3078 metris
3345 3022 3630 3081 iambicis

1894 3090 1935 3146 ο
1971 3090 2254 3166 haeresim
2285 3125 2567 3181 agressus
2604 3090 2727 3179 est,
2783 3126 2854 3169 ac
2899 3110 3117 3169 deinde
3157 3111 3366 3185 jocum
3411 3113 3634 3173 rationi

1972 3200 2347 3270 immiscens,
2382 3200 2468 3257 sic
2490 3199 2757 3274 loquitur
2789 3219 2803 3258 :

2110 3381 2342 3439 Saltem
2372 3396 2674 3453 unamque
2698 3386 2754 3438 et
2784 3397 2969 3439 unam
2999 3382 3163 3440 doce.

2112 3470 2174 3527 Si
2203 3471 2355 3526 enim
2390 3486 2693 3542 unamque
2716 3475 2771 3527 et
2798 3485 2978 3527 unam
3010 3470 3159 3527 dicis
3188 3486 3397 3538 unam,

2111 3561 2225 3616 Har
2255 3575 2422 3617 voces
2453 3561 2642 3617 risum
2670 3561 2767 3617 vel
2783 3560 2993 3631 pueris
3019 3561 3359 3634 movebunt,
3393 3564 3503 3620 etc.

1969 3674 2036 3726 ut
2068 3668 2235 3738 apud
2268 3668 2676 3738 Nicephorum
2703 3669 2808 3726 lib.
2835 3669 3072 3739 XVIII,
3104 3673 3194 3728 48.

2041 3779 2093 3832 8.
2123 3778 2257 3831 Haec
2287 3778 2489 3831 autem
2519 3775 2794 3832 confusio
2833 3780 2891 3832 et
2938 3776 3322 3835 conturbatio
3351 3776 3626 3837 Ecclesiae

1967 3881 2093 3923 non
2158 3865 2408 3921 omnino
2474 3864 2747 3935 cessavit,
2842 3864 3177 3937 populique
3248 3866 3326 3923 ad
3416 3866 3625 3926 valvas

1969 3953 2295 4013 sanctuarii
2350 3956 2575 4009 stantes
2621 3953 2774 4008 ictus
2834 3953 3249 4010 sacerdotibus
3294 3956 3628 4015 commina-

1966 4045 2189 4103 bantur
2218 4048 2275 4101 et
2304 4060 2336 4100 e
2360 4042 2659 4099 cathedris
2690 4043 3198 4113 deturbationem,
3232 4043 3283 4100 si
3303 4044 3627 4105 Chalcedo-

1968 4150 2218 4193 nensem
2246 4132 2551 4206 synodum
2582 4138 3153 4202 commemorarent,
3208 4138 3265 4191 et
3306 4134 3359 4191 si
3407 4134 3626 4193 inscri-

1967 4227 2179 4283 berent
2234 4225 2296 4281 in
2347 4222 2651 4295 diptychis
2708 4228 2766 4281 et
2820 4223 3210 4282 nominarent
3263 4228 3466 4283 Patres
3520 4226 3628 4300 qui

1967 4315 2152 4388 hujus
2184 4314 2404 4387 synodi
2450 4313 2638 4370 ﬁdem
2669 4318 3095 4386 exposuerant.
3148 4318 3214 4371 Et
3270 4316 3397 4373 haec
3447 4315 3627 4374 inva-

1967 4406 2226 4472 luerunt,
2260 4418 2452 4476 usque
2482 4405 2562 4459 ad
2594 4402 2910 4460 Justiniani
2939 4403 3270 4461 decretum.
3303 4405 3409 4461 Ubi
3466 4405 3628 4463 enim

1967 4495 2062 4552 ille
2091 4493 2261 4565 regni
2287 4496 2593 4565 sceptrum
2615 4492 2903 4565 suscepit,
2930 4493 3116 4565 hujus
3141 4494 3387 4551 haeresis
3416 4494 3623 4565 duces,

1968 4590 2263 4657 tanquam
2311 4581 2471 4652 ferae,
2502 4581 2564 4637 in
2615 4583 2891 4639 cavernis
2941 4587 2998 4639 et
3029 4581 3295 4640 latibulis
3325 4600 3503 4642 suam
3528 4600 3628 4641 se-

1970 4676 2112 4731 dem
2142 4676 2491 4730 statuerant.
2525 4672 2809 4743 Synodus
2838 4671 3001 4728 enim
3039 4674 3629 4748 Constantinopolim

1972 4767 2339 4822 convocatur
2403 4765 2648 4817 centum
2693 4761 2964 4834 quinque
3022 4766 3080 4819 et
3145 4764 3462 4834 sexaginta
3524 4766 3630 4821 Pa-

1972 4859 2154 4919 trum,
2183 4853 2246 4909 in
2267 4850 2489 4924 quibus
2518 4855 2646 4907 erat
2668 4851 2994 4924 Eutychius
3053 4851 3627 4926 Constantinopolis,

1972 4942 2255 5014 Virgilius
2284 4943 2508 5009 Roma,
2537 4939 2918 5013 Apollinariis
2967 4938 3348 4998 Alexandriae
3398 4945 3455 4999 et
3505 4940 3627 5008 alii,

1976 5038 2033 5092 et
2087 5031 2480 5089 conﬁrmatur
2532 5030 3036 5087 Chalcedonensis
3094 5030 3373 5103 synodus
3412 5030 3630 5088 iisdem

1973 5120 2363 5193 dogmatibus
2388 5136 2632 5177 rursum
2664 5119 3073 5192 proclamatis,
3106 5119 3319 5176 etﬁdei
3349 5119 3632 5193 symbolo

1975 5212 2243 5270 similiter
2266 5210 2559 5284 exposito.
2589 5210 2802 5266 Adhuc
2828 5213 3031 5265 tamen
3059 5224 3171 5282 pro
3219 5214 3477 5284 utraque
3523 5226 3631 5270 na-

1973 5309 2109 5363 tura
2136 5303 2505 5361 voluntatem
2534 5304 2591 5358 et
2619 5300 3034 5374 operationem
3059 5299 3285 5360 habere
3307 5302 3634 5360 Dominum

1972 5398 2250 5451 nostrum
2301 5394 2503 5449 Jesum
2550 5391 2874 5461 Christum,
2934 5389 3141 5448 salutis
3188 5396 3409 5450 nostra
3447 5407 3637 5450 causa
3720 5464 3725 5467 μ

1975 5483 2356 5553 deﬁnierunt,
2440 5479 3222 5555 anathematizaveruntque
3307 5481 3635 5541 duodecim

1975 5571 2329 5633 Theodoreti
2384 5569 2602 5644 capita,
2642 5572 2700 5629 et
2756 5568 2871 5628 lbae
2929 5568 3254 5645 epistolam
3302 5570 3384 5630 ad
3428 5569 3636 5631 Marim

3174 5682 3204 5735 3
