4136 6382
543 261 613 313 75
1887 243 2154 300 NICETAS
2197 243 2211 294 ‹

2317 236 2566 296 )ΝῐΑΤιΕ
3848 236 3922 293 76

544 383 791 441 Persam
833 380 1259 453 conscriptam,
1301 380 1360 432 et
1420 369 1694 442 Origenis
1745 383 1954 440 opera,
2001 366 2203 422 adhuc

2317 369 2404 416 καὶ
2432 365 2499 416 τὰ
2527 363 2826 437 Ὠριγένους
2857 364 3272 436 συγγράμματα,
3306 362 3381 413 ἔτι
3413 357 3472 414 δὲ
3511 357 3784 436 Θεόδωρον
3815 368 3926 415 Mo-

544 490 687 531 vero
711 471 1089 529 Theodorum
1114 463 1512 540 Mopsuestiae,
1539 464 1599 517 et
1621 458 1707 515 sic
1736 456 1817 515 ad
1845 456 2091 531 propria
2116 471 2206 512 re-

548 563 806 620 dierunt.

620 676 672 727 9.
706 668 889 726 Paulo
918 670 1056 741 post
1078 668 1283 722 autem
1328 656 1670 732 Acephalus
1724 656 1976 712 Severus
2008 650 2206 707 Eccle-

550 759 704 817 siam
730 739 977 815 turbare
1018 752 1285 818 tentavit,
1309 765 1497 807 unam
1527 762 1656 804 esse
1693 748 1974 801 naturam
2034 739 2210 797 Verbi

549 852 608 905 et
628 847 825 905 carnis
854 847 1101 903 docens.
1136 846 1337 914 Neque
1365 838 1507 895 satis
1536 835 1618 892 illi
1647 834 1775 901 fuit,
1808 832 1915 888 sed
1936 836 1993 888 et
2021 829 2209 886 libros

548 936 815 1010 protulit,
848 939 905 991 et
928 934 1180 1005 scriptas
1211 926 1731 1001 interpretationes
1763 920 2128 993 composuit,
2154 921 2213 973 et

549 1041 873 1101 perperam
942 1022 1280 1094 Scripturas
1345 1015 1641 1089 exposuit.
1716 1011 1849 1067 Fuit
1904 1013 2108 1066 autem
2175 1021 2209 1063 a

551 1098 765 1174 Menna
787 1111 1163 1169 sanctissimo
1194 1100 1706 1174 Constantinopoli
1753 1098 2043 1172 episcopo
2070 1110 2213 1153 con-

553 1205 896 1269 demnatus,
928 1200 1180 1272 ejusque
1210 1210 1398 1268 opera
1427 1189 1717 1248 oblivioni
1746 1187 1986 1251 tradita,
2042 1182 2210 1240 auxi-

551 1292 839 1351 liantibus
867 1293 1137 1361 Agapeto
1193 1288 1416 1352 Romae,
1465 1285 1633 1337 Petro
1684 1276 2103 1348 Hierosolyma:
2158 1277 2215 1329 et

551 1382 841 1456 Ephraim
864 1377 1211 1447 Antiochiae,
1244 1378 1302 1430 et
1346 1371 1527 1428 simul
1577 1367 1838 1426 Soterico
1890 1363 2211 1438 Cappado-

553 1452 684 1533 ciae.
712 1475 795 1527 Ac
822 1484 1030 1526 rursus
1052 1463 1329 1538 jucunda
1380 1466 1437 1518 et
1490 1457 1810 1533 splendida
1857 1461 1913 1512 et
1958 1452 2214 1527 paciﬁca

550 1560 801 1621 victoria
836 1554 1271 1616 ecclesiasticas
1299 1568 1395 1609 res
1424 1549 1735 1607 recreavit.

716 1908 1783 1937 _____________..___———-

2313 454 2604 527 ψουεστίας
2631 475 2643 486 ·
2673 457 2761 506 καὶ
2791 453 2957 516 οὕτως
2985 450 3070 506 ἐπὶ
3098 454 3165 505 τὰ
3194 451 3360 504 οἰκεῖα
3388 450 3703 524 μετέϐαινον.

2388 650 2448 706 θ’.
2479 651 2603 704 Μετ’
2633 649 2691 703 οὐ
2717 648 2848 702 πολὺ
2898 645 2958 702 δὲ
2987 648 3140 702 πάλιν
3186 648 3211 701 ό
3258 646 3510 721 ἀκέφαλος
3562 648 3782 723 Σεϐἧρος
3827 652 3929 707 τὴν

2316 739 2634 798 Ἐκκλησίαν
2664 744 2828 809 κυκᾷν
2858 737 3148 807 ἐπεϐάλετο,
3174 742 3298 811 μίαν
3331 741 3484 809 φύσιν
3511 745 3603 789 τοῦ
3628 741 3802 809 Λόγου
3833 742 3932 789 καὶ

2315 836 2410 891 τῆς
2443 831 2638 902 σαρκός
2665 824 3003 899 δογματίζων
3027 849 3039 860 ·
3071 832 3160 879 καὶ
3189 822 3320 899 μηδ’
3353 825 3403 878 ἐν
3430 829 3597 897 τούτῳ
3625 828 3927 898 ἵστοίμενος,

2316 918 2446 970 ἀλλὰ
2474 923 2564 969 καὶ
2614 916 2830 990 βίϐλους
2861 920 3148 991 προφέρων,
3204 920 3295 968 καὶ
3353 914 3626 990 ἑρμηνείας
3661 918 3930 989 γραφικάς

2321 1007 2599 1074 συντιθεὶς,
2631 1010 2720 1058 καὶ
2777 1005 3224 1080 παρεξηγούμενος
3270 1008 3363 1066 τὰς
3403 1006 3626 1079 Γραφοίς.
3664 1004 3803 1063 Πλὴν
3834 1009 3934 1056 καὶ

2319 1097 2470 1157 οὗτος
2503 1098 2604 1148 ὑπό
2634 1101 2789 1153 Μηνᾶ
2816 1102 2907 1147 τοῦ
2940 1094 3236 1166 ἁγιωτάτου
3280 1094 3616 1167 πατριάρχου
3647 1100 3931 1146 Κωνσταν-

2318 1184 2654 1245 τινουπόλεως
2684 1189 3071 1259 κατακρίνεται,
3101 1188 3192 1236 καὶ
3220 1186 3286 1235 τὰ
3312 1185 3497 1236 τούτου
3528 1179 3769 1255 δόγματα
3795 1181 3929 1254 ἀφα-

2318 1283 2491 1348 νισμῷ
2582 1270 2993 1349 παραδίδονται,
3081 1277 3539 1345 συνεπαμυνόντων
3622 1271 3935 1343 Ἀγαπητοῦ

2318 1363 2538 1436 Ῥώμης,
2602 1369 2798 1438 Πέτρου
2854 1361 3244 1438 Ἰεροσολύμων,
3304 1366 3391 1413 καὶ
3447 1361 3672 1435 Ἐφραὶμ
3722 1360 3936 1413 Ἀντιο-

2320 1458 2496 1526 χείας,
2538 1458 2625 1505 καὶ
2674 1456 2807 1525 πρὸς
2859 1455 3060 1513 τούτοις
3113 1456 3422 1525 Σωτηρίχου
3484 1446 3869 1511 Καππαδοκίας
3919 1472 3934 1484 ·

2321 1548 2411 1595 καὶ
2437 1542 2572 1595 οὕτω
2600 1541 2753 1594 πάλιν
2784 1541 2938 1601 λευκὴ
2974 1561 3054 1603 τις
3081 1546 3197 1599 νίκη
3230 1545 3321 1592 καὶ
3353 1536 3555 1615 φαιδρὰ
3583 1544 3673 1592 καὶ
3699 1539 3941 1613 εἰρηναίοι

2321 1633 2648 1693 κατάστασις
2677 1638 2785 1694 τοῖς
2812 1630 3270 1691 ἐκκλησιαστικοῖς
3300 1625 3636 1702 ἐπεμειδίασε
3680 1632 3937 1704 πράγμα-

3081 1277 3539 1345 συνεπαμυνόντων

2241 1721 2286 1777 Β
2326 1739 2429 1777 σιν.

1638 2125 1707 2215 Ν
1718 2122 2062 2212 ICET/E
2226 2118 2844 2210 CHONIAT/E.

1315 2365 1418 2434 EX
1464 2360 1703 2432 LIBRO
1752 2360 1862 2428 ΧΙΙ
1911 2354 2301 2426 THESAURI
2351 2355 2877 2424 ORTHODOXAE
2925 2355 3133 2423 FIDEI

559 2771 650 2828 De
674 2769 1251 2841 Aphtartocetarum
1285 2758 1514 2817 haeresi.
1542 2756 1622 2812 Et
1649 2754 1777 2812 haec
1801 2752 1958 2808 actio
1985 2749 2214 2821 quintae

1057 2852 1284 2924 synodo
1308 2846 1718 2917 conjungitur.

635 2978 684 3029 1.
712 2965 1080 3037 Theodatus,
1115 2959 1444 3017 Gothorum
1502 2953 1649 3020 dux,
1697 2966 1836 3006 cum
1887 2943 2215 3037 aﬂproprio

2323 2750 2447 2820 Περὶ
2476 2755 2571 2807 τῆς
2592 2750 2838 2820 αιρέσεως
2866 2754 2965 2799 τῶν
2990 2742 3512 2821 Ἀφθαρτοδοκητῶν.
3545 2750 3646 2800 Καὶ
3675 2748 3705 2805 ἡ
3738 2749 3938 2823 πρᾶξις

2607 2837 2738 2895 αὕτη
2771 2845 2834 2909 τῇ
2867 2841 3077 2910 πέμπτη
3114 2845 3378 2896 συνῆπται
3411 2833 3635 2908 συνόδῳ.

2395 2942 2463 2999 α’.
2494 2940 2761 3004 Θευδάτος
2789 2945 2815 2996 ό
2845 2953 2943 2995 τῶν
2971 2946 3173 2998 Γότθων
3205 2943 3462 3017 ἀρχηγὸς,
3488 2946 3586 2996 ὑπὸ
3622 2943 3933 3018 Βελισαρίου

558 3060 812 3136 imperio
842 3030 1133 3112 decedere
1155 3048 1350 3105 victus
1371 3060 1408 3100 a
1439 3040 1718 3098 Belisario
1755 3035 2211 3112 periclitaretur,

2322 3041 2414 3093 τῆς
2442 3032 2628 3094 οἰκείας
2655 3032 2830 3107 ἀρχῆς
2859 3033 3045 3086 τέλειον
3070 3037 3300 3086 ἐκπεσεῖν
3357 3030 3691 3100 κινδυτεύων,
3728 3034 3936 3088 στέλλει

559 3125 1094 3222 adimperatorem
1117 3135 1529 3195 Iustinianum
1557 3131 1824 3200 legatum
1850 3125 2028 3181 mittit
2065 3127 2217 3191 Aga-

558 3212 774 3320 petuni
795 3240 1139 3294 Romanum
1161 3226 1537 3300 episcopum.
1572 3218 1707 3285 Qui,
1747 3220 2074 3289 postquam
2104 3212 2215 3284 By-

558 3304 821 3393 gentium
854 3321 1128 3402 pervenit
1159 3315 1687 3383 Justinianumque
1734 3307 1902 3374 adiit,
1947 3304 2214 3377 primum

666 3426 786 3479 Deo
811 3391 871 3474 et
891 3415 968 3471 de
996 3415 1159 3468 recta
1178 3408 1241 3462 in
1269 3419 1410 3460 eum
1434 3400 1554 3455 ﬁde
1585 3396 1843 3462 disserit,
1866 3399 1923 3451 et
1950 3391 2217 3448 Anthimi

558 3515 622 3573 in
650 3525 823 3569 novae
849 3509 1052 3562 Romae
1085 3497 1291 3554 sedem
1330 3490 1684 3548 electionem
1734 3484 1795 3541 in
1828 3500 2077 3541 causam
2107 3482 2216 3539 ad-

558 3600 749 3667 ducit,
806 3611 877 3652 eo
934 3588 1103 3664 quod
1138 3600 1264 3642 non
1290 3578 1577 3638 canonice
1621 3576 2011 3648 Trapezunte,
2078 3589 2216 3646 quae

558 3662 804 3749 urbium
827 3684 891 3740 in
921 3662 1340 3737 Pt-lemoniaco
1366 3673 1552 3726 Ponto
1582 3667 1828 3723 sitarum
1865 3662 2215 3735 metropolis

560 3784 672 3847 est,
705 3763 1285 3840 Constantinopolim
1314 3758 1640 3817 translatus
1668 3758 1846 3820 esset,
1880 3756 1937 3809 et
1980 3768 2217 3824 perver-

560 3886 643 3928 ste
678 3862 876 3926 Severi
913 3857 1201 3916 doctrinae
1253 3851 1552 3926 particeps
1603 3847 1837 3903 fuisset.
1884 3846 2216 3915 Imperator

559 3964 761 4019 autem
796 3953 901 4029 qui
948 3943 1346 4021 imperatricis
1394 3938 1719 3997 Theodorae
1772 3934 1969 3992 studio
2013 3932 2215 3989 Anthi-

557 4064 731 4110 mum
760 4027 1357 4108 Constantinopolica
1386 4029 1531 4087 sede
1570 4027 1823 4098 dignum
1874 4027 2210 4092 censuerat,

554 4137 804 4214 proprio
825 4131 982 4189 actui
1006 4126 1261 4185 inhaesit.
1295 4124 1444 4179 Cum
1474 4122 1678 4175 autem
1714 4117 1963 4170 instaret
2009 4112 2211 4169 adhuc
2258 4148 2263 4155 -

556 4200 801 4286 divinus
830 4221 1155 4291 Agapetus,
1190 4210 1411 4284 saepius
1442 4208 1496 4263 ei
1515 4205 1781 4263 minatus
1810 4200 2122 4274 respondit
2146 4217 2208 4257 se

553 4333 738 4394 posse
763 4312 930 4389 quod
953 4307 1151 4375 vellet,
1173 4304 1372 4360 dicere
1401 4303 1461 4355 et
1495 4298 1711 4354 facere.
1753 4293 2034 4349 Irridente
2063 4308 2208 4348 vero

2322 3123 2394 3193 τῷ
2424 3121 2635 3195 βασιλεῖ
2663 3123 3014 3193 Ἰουστινιανῷ
3044 3121 3364 3195 πρεσϐευτὴν
3394 3124 3690 3194 Ἀγαπητόν
3716 3127 3802 3175 τόν
3831 3133 3932 3188 τῆς

2320 3218 2522 3285 Ῥώμης
2547 3212 2819 3287 ἀρχιερέα.
2856 3212 2916 3265 ¹Ο
2949 3209 3027 3279 δὲ,
3060 3211 3364 3264 καταλαϐὼν
3418 3215 3476 3264 τό
3509 3212 3808 3281 Βυζάντιον,
3834 3220 3933 3268 καὶ

2322 3312 2394 3374 τῷ
2425 3303 2776 3373 Ἰουστινιανῲ
2804 3301 3030 3373 ἐντυχὼν
3063 3309 3264 3375 πρῶτον
3297 3307 3415 3372 περὶ
3453 3309 3587 3355 Θεοῦ
3618 3307 3706 3354 καὶ
3734 3311 3827 3363 τῆς
3860 3305 3934 3365 εὶς

2324 3392 2478 3444 αὐτὸν
2508 3391 2661 3465 ὀρθῆς
2690 3388 2984 3463 διαλέγεται
3012 3395 3259 3455 πίστεως,
3294 3396 3383 3442 καὶ
3412 3395 3505 3449 τὴν
3539 3391 3609 3453 εἰς
3637 3394 3724 3443 τόν
3748 3393 3931 3465 θρόνον

2324 3489 2419 3542 τῆς
2455 3486 2569 3543 νέας
2598 3480 2798 3553 Ῥώμης
2829 3479 3104 3552 ἀναγωγὴν
3125 3487 3217 3532 τοῦ
3241 3479 3486 3552 Ἀνθίμου
3509 3478 3593 3533 ὑπ’
3615 3480 3786 3533 αἰτίαν
3815 3479 3935 3534 ἐπε-

2324 3575 2528 3640 ποίητο,
2564 3572 2645 3623 ὅτι
2673 3589 2726 3622 τε
2750 3575 2821 3642 μὴ
2850 3578 3128 3630 κανονικῶς
3150 3568 3204 3621 ἐκ
3226 3571 3635 3644 Τραπεζοῦντος,
3666 3569 3695 3628 ἢ
3723 3578 3821 3623 τῶν
3856 3572 3934 3634 εἰς

2323 3663 2410 3711 τὸν
2455 3659 2837 3732 πολεμωνιακὸν
2892 3663 3076 3712 πόντον
3130 3663 3370 3731 κειμένων
3428 3658 3619 3711 πόλεων
3669 3661 3937 3730 τυγχάνει

2323 3748 2664 3823 μητρόπολις,
2698 3750 2767 3811 εἰς
2787 3753 2874 3807 την
2904 3752 3294 3801 Κωνσταντίνου
3343 3753 3696 3820 μετενήνεκτο,
3723 3754 3812 3801 καὶ
3843 3751 3933 3803 ὅτι

2322 3844 2412 3891 καὶ
2441 3847 2536 3899 τῆς
2581 3837 2807 3911 Σεϐηρου
2856 3835 3170 3900 κακοδοξίας
3217 3841 3561 3910 μετέσχηκεν.
3589 3836 3647 3889 Ὀ
3679 3834 3737 3890 δὲ
3768 3835 3939 3911 βασι-

2319 3928 2455 3994 λεὺς,
2493 3924 2700 4000 σπουδῇ
2747 3935 2843 3989 τῆς
2887 3923 3165 4000 βασιλίδος
3205 3922 3479 3999 Θεοδώρας
3533 3929 3621 3979 τόν
3673 3924 3936 3999 ’Λνθιμον

2319 4026 2414 4080 τῆς
2444 4016 2492 4070 ἐν
2540 4015 3082 4070 Κωνσταντινουπόλει
3128 4012 3391 4089 καθέδρας
3420 4015 3678 4085 ἠξιωκὼς,
3722 4023 3814 4076 τῆς
3840 4018 3935 4070 οἰ-

2318 4113 2456 4168 κείας
2484 4105 2747 4178 ἀντείχετο
2776 4105 3026 4180 πράξεως.
3061 4105 3425 4178 Ἐνισταμένου
3466 4101 3515 4158 δ’
3542 4107 3618 4157 ἔτι
3654 4112 3746 4158 τοῦ
3783 4106 3932 4159 θείου

2312 4197 2634 4270 .Α7απητοῦ,
2666 4196 2909 4257 πολλάκις
2932 4195 3071 4266 αὐτῷ
3099 4194 3351 4254 ἠπείλησε
3395 4197 3574 4269 κύριος
3600 4190 3729 4247 εἶναι
3757 4194 3933 4267 λέγειν

2316 4294 2406 4342 καὶ
2462 4290 2704 4364 πράττειν
2753 4288 2780 4339 ὅ
2828 4284 3087 4359 βούλοιτο’
3117 4287 3180 4346 ὡς
3239 4281 3289 4338 δ’
3334 4282 3545 4356 ἔπεγέλα
3587 4291 3660 4356 τῷ
3711 4283 3934 4357 βασι.λεί

552 4371 887 4467 minantem
902 4400 1334 4473 imperatorem
1356 4403 1541 4462 seque
1561 4385 1657 4443 vel
1676 4386 1932 4441 mortem
1955 4382 2209 4439 libenter

2318 4379 2611 4433 ἀπειλοῦντι
2636 4382 2726 4430 καὶ
2767 4372 2939 4437 ἡδέως
2968 4374 3029 4427 ἂν
3079 4371 3333 4437 δέξασθαὶ
3380 4378 3471 4427 καὶ
3522 4378 3727 4447 σφαγὴν
3780 4371 3933 4429 ἀντε-

553 4499 895 4556 subiturum
940 4471 1266 4549 dictitante,
1298 4482 1669 4549 beatumque
1699 4475 1825 4531 fore
1856 4472 1909 4528 si
1945 4471 2044 4528 tali
2086 4472 2208 4529 ﬁne

552 4590 773 4661 dignus
816 4582 1162 4646 haberetur,
1184 4574 1299 4631 hac
1339 4571 1524 4641 hujus
1560 4565 1673 4622 viri
1708 4564 1916 4620 divina
1934 4562 2208 4620 libertate

550 4652 1218 4749 obstupuitimperator,
1233 4665 1619 4730 mentemque
1638 4658 1882 4711 mutans
1899 4652 1974 4709 de
1995 4652 2209 4710 doctri-

548 4783 633 4826 na
663 4742 922 4823 examen
949 4742 1158 4816 haberi
1198 4751 1399 4825 jussit,
1428 4746 1902 4817 Anthimumque
1947 4759 2021 4799 ex
2064 4742 2206 4800 sede

547 4854 833 4925 destituit,
858 4866 1000 4907 cum
1025 4860 1216 4902 unum
1243 4841 1428 4899 modo
1448 4853 1679 4896 annum
1699 4851 1772 4892 ea
1793 4834 2008 4890 fruitus
2029 4836 2204 4902 esset,

547 4948 802 5020 ejusque
818 4921 893 4997 in
917 4939 1118 4995 locum
1163 4928 1465 4989 substituit
1523 4930 1776 4993 Menam,
1839 4921 2205 4979 Alexandria

546 5011 796 5110 quidem
819 5030 885 5087 in
912 5027 1177 5098 Egypto
1215 5019 1561 5090 oriundum,
1608 5020 1843 5089 patrem
1900 5028 1976 5070 ex
2020 5011 2203 5082 hujus

544 5101 714 5183 urbis
744 5115 1165 5180 illustrissimis
1192 5112 1541 5180 habentem,
1564 5120 1805 5164 necnon
1844 5101 2202 5176 eloquentiae

530 5214 828 5290 peritum,
852 5208 1189 5279 divinaeque
1212 5200 1566 5277 praesertim.

615 5329 671 5380 2.
691 5324 1023 5393 Postquam
1051 5315 1231 5388 igitur
1255 5312 1340 5369 sic
1362 5310 1783 5384 episcopatum
1821 5301 2082 5360 obtinuit
2108 5300 2199 5356 di-

540 5415 721 5473 vinus
745 5392 966 5479 Menas,
986 5410 1089 5464 aut
1117 5404 1317 5477 potius
1342 5405 1672 5474 postquam
1695 5395 1865 5450 illum
1887 5392 2201 5464 episcopa-

540 5508 638 5563 tus
663 5501 904 5561 sortitus
932 5503 1039 5566 est,
1070 5491 1496 5571 particularem
1558 5484 1863 5560 synodum
1907 5484 2202 5571 convocat

539 5608 667 5655 una.
703 5607 844 5654 cum
888 5603 1055 5666 papa
1071 5569 1391 5658 ﬁAgapeto,
1437 5581 1496 5637 et
1532 5572 1905 5636 anathemati
1956 5569 2199 5643 subjicit

2314 4477 2470 4541 πῆγε,
2515 4472 2605 4521 καὶ
2652 4468 2912 4541 μακάριος
2966 4462 3097 4516 εἶναι
3143 4462 3329 4535 ἔλεγεν,
3376 4463 3419 4515 εἰ
3471 4465 3710 4516 τοιούτου
3749 4461 3935 4528 τέλους

2317 4558 2581 4623 ἀξιωθείη,
2614 4553 2818 4629 ᾐδέσθη
2848 4555 2874 4606 ὁ
2923 4552 3254 4627 αὐτοκράτωρ
3302 4556 3397 4611 τὴν
3439 4559 3530 4604 τοῦ
3562 4548 3755 4626 ἀνδρὸς
3783 4557 3935 4608 κατὰ

2316 4654 2446 4704 Θεὸν
2493 4646 2818 4722 παρρησίαν,
2870 4647 2960 4696 καὶ
3016 4641 3341 4716 μεταϐαλὼν,
3396 4642 3498 4694 ὑπὸ
3570 4644 3793 4704 ζήτησιν
3863 4647 3931 4697 τὸ

2316 4739 2493 4813 δόγμα
2512 4739 2824 4801 καθίστησι,
2856 4738 2948 4786 καὶ
2987 4737 3071 4787 τόν
3103 4731 3354 4804 ’Ἃνθιμον
3410 4737 3500 4783 τοῦ
3547 4732 3727 4805 θρόνου
3776 4732 3932 4803 μεθί-

2317 4848 2506 4888 στησιν
2559 4825 2609 4879 ἓν
2658 4827 2766 4885 ἔτος
2817 4823 2978 4875 αὐτοῦ
3031 4820 3422 4887 ἀπολαύσαντα,
3482 4817 3829 4890 ἀντεισηγαγε
3861 4818 3931 4874 δὲ

2312 4925 2516 4988 Μηνᾶν,
2548 4916 2820 4988 αὐχοῦντα
2847 4916 2937 4986 μὲν
2962 4909 3201 4986 πατρίδα
3224 4915 3318 4969 τὴν
3349 4908 3457 4962 κατ’
3492 4912 3753 4981 Αἴγυπτον
3776 4907 3927 4963 Ἀλε-

2315 5005 2611 5081 ξάνδρειαν,
2638 5003 2862 5078 ἐκφύντα
2900 4999 2949 5056 δ’
2974 5002 3078 5063 ἑνὸς
3105 5008 3203 5054 τῶν
3234 4999 3283 5052 ἐν
3303 5002 3468 5072 ταύτῃ
3516 4997 3793 5071 ἐπιφανῶν,
3826 5004 3929 5053 καὶ

2311 5097 2472 5169 λόγων
2501 5096 2596 5149 οὐκ
2627 5093 2950 5168 ἆνομιλὴτως
2976 5094 3191 5165 ἔχοντα,
3216 5089 3450 5165 μάλιστα
3480 5107 3541 5161 -γε
3584 5096 3682 5141 τῶν
3730 5089 3924 5143 θειοτέ-

2310 5209 2409 5264 ρων
2420 5229 2432 5244 ο

2384 5295 2456 5370 β’.
2492 5302 2600 5358 Τῆς
2629 5293 3031 5368 ἀρχιερωσύνης
3061 5293 3233 5343 τοίνυν
3263 5293 3448 5350 Μηνᾶς
3484 5289 3509 5341 ὁ
3557 5289 3690 5349 θεῖος
3710 5289 3922 5357 τυχὼν,

2309 5388 2339 5448 ἦ
2369 5387 2557 5461 μᾶλλον
2598 5385 2764 5447 αὐτῆς
2813 5383 3195 5455 εὐτυχησάσης
3253 5386 3457 5445 τοῦτον,
3511 5380 3728 5451 μερικὴν
3788 5395 3926 5448 συγ-

2307 5484 2484 5553 κροτεῖ
2536 5471 2757 5530 σύνοδον
2816 5476 2910 5525 σὺν
2968 5478 3041 5542 τῷ
3097 5471 3253 5541 ποίπᾳ
3322 5476 3394 5540 τῷ
3451 5468 3754 5540 ’Δγαπητᾷη
3824 5470 3925 5521 καὶ

2308 5566 2593 5641 ἁναθέματι
2658 5559 3043 5619 καθυποϐάλλει
3098 5558 3319 5637 Σεϐῆρον
3386 5560 3477 5613 καὶ
3519 5556 3765 5629 Εὐτυχῆ,
3822 5558 3926 5610 καί
