4136 6408
563 280 632 334 79
1906 273 2175 330 meum
2215 272 2591 331 CHONIATE
3856 281 3924 348 eo

636 406 690 457 5.
718 402 898 458 Erant
921 402 1124 457 autem
1144 399 1663 472 Aphtartodocetae
1684 398 1790 472 qui
1811 414 1847 455 a
1862 398 2221 456 JulianoHa—
2248 400 2299 454 Α

561 491 927 550 licarnasseo
973 495 1031 547 et
1087 489 1313 547 Gaiano
1369 488 1775 546 Alexandrino
1823 489 2118 546 Julianitaa
2166 493 2224 545 et

564 581 848 639 Gaianitae
879 580 1263 647 dicebantur;
1289 580 1394 652 qui
1418 579 1663 652 quidem
1692 580 1753 635 in
1781 579 1910 635 aliis
1927 579 2222 647 dogmati-

559 671 679 728 bus
701 687 841 727 cum
873 672 1091 728 Severo
1130 670 1497 727 conveniunt
1534 670 1798 727 dicentes
1843 669 2219 741 impossibile

561 777 691 818 esse
712 765 994 817 naturam
1022 775 1130 832 per
1162 775 1225 816 se
1254 758 1580 816 subsistere
1609 760 1756 831 quin
1786 758 1845 814 in
1870 758 2218 814 indivisibili

559 850 832 925 quodam
881 848 1154 920 subjecto
1203 848 1634 905 consideretur.
1688 847 2005 914 Quomodo
2053 849 2217 904 enim

560 944 720 997 esset
744 938 966 1012 lapidis
989 943 1045 994 et
1064 938 1207 1009 ligni
1237 954 1361 994 una
1388 937 1754 1011 hypostasis,
1777 936 1840 993 id
1856 941 1946 993 est
1969 937 2216 993 unicum

556 1028 919 1087 indivisibile
941 1026 1282 1099 subjectum
1307 1028 1336 1083 ‘2
1368 1030 1455 1096 Et,
1477 1027 1525 1083 si
1555 1042 1779 1083 nomen
1805 1026 2068 1082 Christus
2090 1042 2216 1083 non

558 1118 881 1177 essentiam
935 1116 1183 1187 indicat,
1234 1115 1341 1173 sed
1399 1115 1622 1189 aliquid
1679 1132 1889 1173 eorum
1947 1132 2083 1189 quae
2140 1130 2213 1171 ex

556 1207 817 1266 duarum
844 1212 1198 1264 naturarum
1223 1207 1447 1262 unione
1472 1205 1630 1261 facta
1660 1210 1799 1261 sunt
1825 1223 1838 1273 ;
1872 1205 1987 1261 hoc
2008 1208 2212 1260 autem

553 1296 705 1354 nihil
733 1296 897 1353 aliud
925 1301 1018 1353 est
1057 1311 1246 1368 quam
1279 1294 1541 1352 duarum
1581 1298 1934 1351 naturarum
1966 1293 2119 1349 inter
2148 1309 2211 1349 se

552 1386 816 1456 habitus,
857 1385 907 1441 si
954 1389 1157 1442 autem
1197 1389 1255 1441 et
1296 1384 1433 1440 duae
1472 1389 1704 1441 naturae
1750 1388 1891 1457 post
1923 1382 2210 1439 unionem

551 1478 990 1544 remanserunt,
1042 1474 1377 1531 secundum
1434 1474 1613 1544 igitur
1677 1474 1871 1531 solum
1931 1472 2208 1529 habitum

548 1565 709 1623 facta
729 1568 818 1621 est
844 1564 1105 1620 duarum
1134 1567 1489 1621 naturarum
1510 1564 1665 1621 inter
1686 1580 1748 1620 se
1774 1563 1938 1634 unio,
1962 1567 2029 1619 ut
2058 1561 2207 1617 dum

547 1655 746 1726 agitur
784 1654 859 1711 de
907 1654 1090 1711 choro
1129 1659 1187 1710 et
1228 1654 1414 1710 domo
1459 1658 1516 1711 et
1553 1654 1701 1711 urbe
1732 1659 1789 1710 et
1817 1652 2119 1727 lapidibus
2150 1655 2207 1708 et

2406 398 2460 458 ε’.
2516 399 2686 452 Ἦσαν
2747 395 2806 452 δὲ
2862 397 3352 472 Ἀφθαρτοδοκῆται
3395 405 3445 455 οἱ
3501 402 3602 456 ἀπὸ
3652 404 3925 458 Ἰουλιανοῦ

2330 497 2423 541 τοῦ
2482 488 2886 565 Ἃλικαρνασέως
2958 494 3048 541 καὶ
3107 496 3329 544 Γαῑανοῦ
3395 500 3488 544 τοῦ
3558 490 3926 570 Ἀλεξανδρέως

2329 577 2591 651 λεγόμενοι
2645 579 2977 632 Ἰουλιανῖται
3022 584 3112 632 καὶ
3166 586 3456 648 Γαῖανῖται,
3515 586 3696 644 οἵτινες
3745 586 3793 635 ἐν
3840 587 3922 656 μὲν

2328 677 2438 730 τοῖς
2495 668 2666 729 ἄλλοις
2725 664 2964 740 δόγμασι
3009 678 3080 740 τῷ
3123 668 3330 745 Σεϐἠρῳ
3376 677 3726 746 συμφέρονται
3762 672 3926 744 λέγον-

2326 777 2409 821 τες
2452 754 2704 811 ἀδύνατον
2753 755 2882 810 εἶναι
2939 761 3093 830 φύσιν
3137 760 3431 818 ὑποστῆναι
3473 763 3591 814 καθ’
3650 754 3920 833 αὐτὴνμὴ

2327 845 2376 898 ἐν
2431 846 2604 920 ἀτόμω
2651 852 2754 900 τινὶ
2810 850 3159 921 θεωρουμένην
3189 870 3201 882 ·
3262 859 3367 910 πῶς
3414 853 3516 926 γὰρ
3566 850 3626 903 ἂν
3663 854 3738 909 εἴη
3778 850 3922 904 λίθου

2325 941 2415 989 καὶ
2480 936 2633 1000 ξύλου
2700 942 2799 1010 μία
2863 938 3179 1008 ὑπόστασις,
3246 943 3514 993 τουτέστιν
3574 941 3767 1012 ἄτομον
3828 942 3919 1008 iv;

2327 1030 2427 1078 Καὶ
2485 1027 2528 1079 εἰ
2592 1030 2651 1079 1'6
2716 1030 2946 1101 Χριστὸς
3002 1031 3165 1101 ὄνομα
3218 1029 3311 1081 ούκ
3377 1030 3561 1093 ούσίας
3611 1026 3919 1100 δηλωτικὸν,

2324 1113 2451 1168 ἀλλὰ
2500 1125 2599 1169 τῶν
2665 1121 2781 1190 περὶ
2844 1117 3027 1169 οὐσίαν
3083 1121 3223 1178 τινὸς
3277 1126 3377 1170 τῶν
3439 1117 3494 1171 ἐκ
3550 1127 3648 1181 τῆς
3702 1119 3921 1181 ένὼσεως

2319 1214 2420 1258 τῶν
2476 1202 2574 1258 δύο
2628 1208 2828 1278 φύσεων
2884 1211 3160 1278 γενομένων
3216 1203 3507 1265 δηλωτικόν
3551 1208 3701 1262 ἐστι·
3769 1216 3919 1261 τοῦτο

2321 1292 2381 1348 δὲ
2437 1292 2588 1348 οὐδὲν
2644 1294 2767 1347 ἄλλο
2821 1294 2958 1349 ἐστὶν
3012 1296 3041 1354 ἡ
3100 1298 3130 1354 η
3164 1304 3263 1349 τῶν
3295 1301 3494 1369 φύσεων
3533 1302 3662 1372 πρὸς
3700 1296 3919 1360 ἁλλόλας

2322 1389 2548 1456 σχέσις·
2611 1384 2653 1437 εἰ
2698 1381 2756 1437 δὲ
2805 1381 2902 1437 δύο
2951 1383 2999 1436 ἐν
3049 1393 3262 1460 Χριστῷ
3304 1390 3483 1459 φύσεις
3526 1393 3616 1440 καὶ
3659 1390 3789 1460 μετὰ
3826 1392 3919 1446 τὴν

2317 1476 2498 1528 ἕνωσιν
2550 1480 2895 1547 μεμενήκασι,
2943 1476 3076 1528 κατὰ
3123 1480 3283 1548 μόνην
3347 1478 3451 1550 ἄρα
3516 1482 3705 1548 σχέσιν
3760 1475 3918 1547 ψιλὴν

2317 1566 2347 1623 ἡ
2394 1573 2493 1616 τῶν
2542 1567 2741 1637 φύσεων
2787 1568 2914 1637 πρὸς
2971 1562 3194 1627 ἀλλήλας
3236 1570 3437 1638 γέγονεν
3480 1569 3677 1632 ἓνωσις,
3728 1570 3796 1628 ὡς
3836 1565 3918 1619 ἐπὶ

2315 1661 2486 1729 χοροῦ
2536 1658 2626 1706 καὶ
2676 1654 2845 1717 οἰκίας
2883 1658 2973 1706 καὶ
3028 1653 3223 1718 πόλεως
3278 1660 3368 1709 καὶ
3419 1656 3568 1709 λίθων
3614 1660 3706 1710 καὶ
3754 1655 3914 1718 ξύλων

542 1742 726 1817 lignis
761 1742 987 1817 quibus
1021 1745 1256 1801 constat
1290 1741 1634 1811 zediﬁcium,
1678 1747 1858 1815 prout
1901 1746 1957 1798 et
1994 1743 2203 1798 Nesto-

2317 1744 2364 1797 ἐν
2431 1748 2506 1807 οἷς
2581 1748 2638 1798 τό
2707 1741 3161 1818 οἰκοδομούμενον,
3229 1749 3398 1809 καθὼς
3467 1752 3557 1800 καὶ
3630 1750 3917 1821 Νεστόριος

544 1831 670 1889 rius
694 1830 974 1889 docebat.

618 1971 671 2025 6.
716 1968 783 2024 Et
808 1980 1052 2023 rursum
1083 1981 1097 2020 :
1133 1965 1190 2022 Si
1220 1980 1355 2038 quae
1385 1964 1556 2022 unita
1590 1968 1746 2036 sunt,
1788 1964 1943 2021 ﬁunt
1988 1980 2200 2033 unum,

542 2072 682 2131 quae
710 2071 835 2113 non
866 2055 1025 2112 facta
1053 2058 1193 2110 sunt
1222 2070 1435 2121 unum,
1467 2070 1591 2111 non
1633 2054 1804 2110 unita
1851 2061 2008 2123 sunt,
2036 2053 2204 2126 quod

540 2145 932 2203 manifestum
958 2147 1067 2200 est.
1123 2143 1179 2201 Si
1201 2144 1383 2214 igitur
1410 2143 1548 2199 duae
1577 2148 1635 2199 et
1674 2159 1796 2199 una
1825 2149 1962 2199 sunt
1993 2143 2198 2200 Christi

538 2240 795 2305 naturae,
817 2234 970 2308 dyas
992 2235 1219 2303 autem,
1242 2248 1383 2289 cum
1414 2231 1638 2305 duplex
1658 2233 1752 2300 sit,
1784 2232 2094 2289 divisionis
2125 2233 2202 2290 sit

539 2324 892 2394 indicativa,
921 2339 1061 2397 quae
1089 2322 1285 2380 divisa
1314 2326 1472 2392 sunt,
1504 2338 1627 2378 non
1651 2326 1790 2379 sunt
1820 2321 1989 2378 unita
2021 2338 2034 2377 :
2076 2337 2201 2378 non

536 2413 719 2485 igitur
765 2413 947 2471 unita
997 2415 1137 2469 sunt
1186 2412 1398 2469 Christi
1454 2416 1708 2469 naturae.
1761 2411 1818 2469 Si
1865 2416 2086 2474 autem,
2128 2426 2200 2468 eo

538 2503 708 2577 quod
742 2517 870 2561 non
921 2507 1061 2557 sunt
1099 2501 1391 2572 confusae,
1436 2500 1690 2572 dignum
1738 2504 1826 2557 est
1872 2501 2027 2557 duas
2067 2517 2201 2558 esse

539 2592 751 2649 Christi
796 2594 1068 2663 naturas,
1095 2590 1203 2647 sed
1243 2594 1490 2665 propter
1528 2591 1817 2647 unionem
1848 2606 2038 2647 unam
2064 2606 2200 2646 esse

535 2686 818 2740 naturam
854 2681 1052 2737 dicere
1079 2684 1388 2751 cogentur.
1440 2682 1508 2736 Et
1536 2696 1777 2736 rursum
1813 2699 1825 2736 :
1858 2680 1915 2738 Si
1946 2681 2102 2753 dyas
2127 2696 2201 2737 ex

536 2771 822 2830 monada:
841 2770 1053 2844 primas
1069 2769 1379 2827 divisionis
1397 2768 1725 2827 indicative
1743 2774 1849 2838 est,
1865 2769 2080 2827 divisio
2099 2786 2201 2827 au-

537 2865 661 2920 tem
689 2861 903 2919 unitati
932 2860 1280 2933 opponitur,
1312 2859 1478 2916 nulla
1514 2860 1694 2931 igitur
1723 2860 1898 2933 dyas,
1922 2860 1983 2916 in
2005 2876 2200 2933 quan-

536 2956 669 3009 tum
717 2954 807 3009 est
858 2949 1040 3024 dyas,
1090 2949 1263 3006 unita
1319 2965 1452 3005 esse
1503 2947 1740 3005 dicitur.
1788 2954 1980 3023 Atque
2021 2950 2203 3019 igitur

537 3041 756 3099 Christi
774 3042 1029 3111 natura,
1048 3038 1386 3096 secundum
1412 3055 1592 3094 suum
1618 3054 1750 3095 esse
1769 3040 1815 3094 si
1845 3038 1982 3095 duae
2003 3043 2204 3096 essent

2314 1832 2658 1908 ἐδογμάτιζεν
2672 1878 2686 1892 .

2386 1968 2453 2034 ς’.
2502 1972 2604 2022 Καὶ
2640 1967 2832 2021 πάλιν·
2879 1967 2940 2021 Εἰ
2985 1968 3051 2021 τὰ
3095 1969 3331 2041 ἡνωμένα
3384 1968 3432 2021 ἓν
3472 1973 3691 2042 γίνεται,
3734 1970 3799 2021 τὰ
3841 1971 3911 2041 μὴ

2311 2064 2559 2132 γενόμενα
2612 2057 2661 2110 ἓν
2714 2056 2819 2129 οὐχ
2871 2059 3096 2117 ἧνωνται
3151 2057 3206 2121 ἐξ
3259 2056 3522 2130 ἀνάγκης·
3580 2058 3624 2111 εἰ
3671 2058 3758 2111 οὖν
3816 2055 3914 2110 δύο

2310 2152 2399 2201 καὶ
2442 2152 2540 2221 μία
2585 2148 2947 2219 τυγχάνουσιν
3005 2149 3059 2198 αἱ
3104 2154 3192 2199 τοῦ
3236 2155 3467 2222 χριστοῦ
3520 2150 3723 2220 φύσεις,
3771 2152 3803 2206 ὴ
3856 2144 3914 2199 δὲ

2313 2234 2467 2303 δυὰς,
2517 2234 2684 2309 διχάς
2715 2257 2788 2297 τις
2827 2234 2980 2304 οὖσα,
3025 2233 3328 2311 διαιρέσεως
3366 2236 3479 2290 ἐστι
3519 2233 3809 2308 δηλωτικὴ,
3851 2238 3916 2288 τὰ

2312 2324 2608 2402 διῃρημένα
2662 2327 2766 2398 ούχ
2834 2328 3076 2393 ἣνωνται,
3132 2327 3227 2378 ούκ
3295 2328 3400 2402 ἄρα
3461 2328 3719 2399 ἡνωμέναι
3785 2326 3915 2380 εἰσὶν

2311 2420 2482 2470 αἰτοῦ
2512 2424 2744 2489 Χριστοῦ
2766 2418 2946 2489 φύσεις
2971 2436 2983 2450 ·
3032 2416 3076 2468 εἰ
3112 2412 3171 2469 δὲ
3212 2413 3305 2469 διὰ
3342 2419 3400 2468 τό
3438 2414 3769 2489 ἀσύγχυτον,
3819 2413 3917 2470 δύο

2309 2502 2439 2559 εἶναι
2493 2508 2586 2567 τὰς
2633 2513 2725 2558 τοῦ
2782 2513 3019 2578 Χριστοῦ
3070 2509 3245 2578 φύσεις
3297 2506 3440 2570 ἄξιόν
3485 2504 3646 2569 ἐστιν,
3695 2505 3825 2558 ἀλλά
3861 2525 3919 2579 γε

2312 2593 2406 2649 διὰ
2441 2600 2536 2654 τὴν
2594 2597 2775 2648 ἕνωσιν
2830 2598 2954 2668 μίαν
3008 2594 3169 2647 αὐτοῦ
3214 2599 3306 2654 τὴν
3355 2598 3509 2668 φύσιν
3553 2594 3717 2667 λέγειν
3759 2594 3917 2668 ἀναγ-

2308 2687 2687 2743 κασθήσονται.
2741 2687 2843 2736 Καὶ
2897 2679 3043 2743 αὖθις
3072 2705 3084 2717 ·
3138 2688 3294 2756 Είπερ
3344 2686 3373 2742 ἡ
3425 2680 3558 2745 δυὰς
3588 2692 3683 2746 τῆς
3723 2682 3779 2736 ἐκ
3821 2703 3920 2757 μο-

2307 2772 2463 2835 νάδος
2514 2778 2723 2848 πρώτης
2785 2768 3093 2848 διαιρέσεως
3144 2772 3254 2825 ἐστι
3294 2771 3582 2845 δηλωτικὴ,
3631 2775 3661 2831 ἡ
3716 2770 3919 2847 διαίρε-

2311 2885 2391 2925 σις
2431 2862 2790 2935 ἀντικειμένως
2838 2861 2951 2933 ἔχει
2990 2866 3115 2935 πρὸς
3171 2867 3265 2921 την
3306 2863 3506 2934 ἕνωσιν,
3560 2859 3782 2936 ούδεμία
3818 2864 3924 2937 ἄρα

2313 2950 2461 3021 δυὰς,
2510 2954 2639 3005 καθό
2697 2950 2810 3004 ἐστι
2859 2948 3007 3018 δυὰς,
3052 2954 3188 3003 κατὰ
3239 2959 3392 3004 τοῦτο
3440 2950 3629 3024 λέγοιτ’
3678 2950 3738 3004 ἂν
3777 2954 3923 3011 ἡνῶ-

2313 3045 2476 3096 σθαι·
2528 3046 2619 3094 καὶ
2671 3044 2725 3093 αἱ
2767 3048 3006 3116 Χριστοῦ
3058 3046 3226 3094 τοίνυν
3278 3044 3474 3115 φύσεις,
3525 3041 3637 3094 κατ’
3693 3041 3826 3094 αὖτό
3865 3044 3922 3094 1'6

538 3146 653 3188 nec
697 3145 824 3187 una
870 3133 1133 3197 tantum,
1162 3128 1502 3185 secundum
1530 3127 1594 3185 id
1628 3127 1833 3185 divisae
1865 3134 2067 3186 essent
2092 3144 2205 3185 nec

2317 3131 2442 3186 εἶναι
2487 3129 2585 3185 δύο
2617 3132 2988 3203 τυγχάνουσαι
3025 3135 3117 3183 καὶ
3156 3131 3284 3204 ούχὶ
3322 3135 3440 3204 μία,
3471 3131 3586 3184 κατ’
3609 3130 3735 3184 αύτὸ
3765 3140 3925 3185 τοῦτο

540 3221 767 3290 unitas;
798 3235 937 3292 quas
961 3217 1210 3276 Nestorii
1237 3217 1515 3276 doctrina
1542 3222 1655 3275 est.

617 3423 673 3475 7.
723 3417 790 3473 Et
834 3416 1088 3473 Severus
1127 3413 1291 3482 talia,
1333 3417 1399 3471 ut
1426 3431 1500 3471 ex
1536 3413 1740 3471 multis
1780 3428 1979 3487 pauca
2008 3428 2209 3470 excer-

542 3521 711 3581 pam,
744 3503 1111 3578 syllogistice
1140 3503 1541 3577 proponebat,
1567 3518 1755 3558 unam
1781 3500 2001 3558 scilicet
2018 3502 2210 3576 hypo-

548 3595 763 3652 stasim
791 3597 849 3651 et
872 3609 1061 3650 unam
1090 3593 1154 3649 in
1184 3592 1416 3650 Christo
1440 3594 1725 3649 naturam
1756 3596 1892 3665 post
1920 3591 2210 3650 unionem

546 3683 774 3742 factam
804 3698 958 3740 esse.
990 3682 1286 3740 Julianitae
1314 3697 1459 3738 vero
1486 3685 1542 3739 et
1576 3682 1855 3739 Caianitaa
1886 3682 2211 3740 distinctio-

547 3788 686 3831 nem
712 3776 1069 3830 naturarum
1095 3772 1156 3828 in
1190 3771 1420 3828 Christo
1437 3771 1876 3844 postunionem
1901 3771 2208 3844 docentes,

547 3862 1001 3936 incorruptibile
1042 3861 1256 3920 Christi
1298 3877 1519 3934 corpus
1549 3876 1620 3917 ex
1650 3860 1783 3934 ipsa
1815 3860 2213 3934 plasmatione

549 3967 684 4010 esse
703 3952 1023 4022 dicebant;
1054 3955 1110 4009 et
1133 3951 1449 4025 passiones
1471 3949 1718 4023 quidem
1751 3951 2049 4008 Christum
2077 3952 2214 4009 sub-

548 4044 658 4116 ire,
679 4043 908 4101 famem
925 4043 1081 4112 dico,
1115 4047 1172 4098 et
1195 4040 1354 4099 sitim
1379 4046 1436 4098 et
1457 4041 1871 4112 fatigationem
1902 4047 1957 4097 et
1978 4046 2210 4111 caetera,

551 4132 661 4189 sed
691 4147 763 4189 ea
788 4132 915 4206 pati
935 4147 1059 4190 non
1089 4131 1305 4188 eodem
1334 4130 1519 4188 modo
1544 4147 1734 4203 quam
1760 4146 1893 4186 nos.
1922 4133 2038 4187 Nos
2054 4132 2214 4187 enim

552 4238 627 4280 ex
655 4222 1009 4281 necessitate
1033 4219 1387 4278 naturaliter
1421 4220 1553 4277 haec
1601 4222 1868 4293 patimur
1895 4240 1910 4291 ;
1954 4221 2215 4277 Christus

555 4317 759 4371 autem
774 4310 1111 4369 voluntarie
1130 4311 1340 4368 omnia
1355 4308 1629 4381 subibat;
1657 4326 1782 4369 non
1803 4310 1964 4368 enim
1984 4313 2214 4368 natura;

550 4402 790 4476 legibus
813 4399 1093 4458 subditus
1119 4402 1268 4458 erat.

628 4602 681 4656 8.
714 4597 948 4665 Quibus
979 4594 1425 4670 respondemus
1454 4610 1654 4669 neque
1683 4612 1796 4653 nos
1823 4595 2019 4654 dicere
2049 4597 2214 4656 invo-

550 4687 845 4747 luntarias
870 4702 1004 4745 esse
1036 4685 1245 4744 Christi
1274 4685 1610 4758 passiones,
1639 4686 1745 4745 sed
1768 4687 1972 4760 ipsum
2001 4688 2214 4747 volun-

552 4778 703 4836 tarie
720 4777 958 4849 legibus
978 4780 1210 4832 natura;
1244 4780 1538 4848 tanquam
1558 4792 1671 4832 nos
1696 4776 2037 4850 subjectum
2059 4795 2212 4838 esse.

551 4868 768 4926 Beatus
804 4866 968 4922 enim
1005 4862 1371 4922 Athanasius
1408 4864 1807 4939 interpretans
1845 4867 1991 4924 illud
2035 4870 2213 4928 Nunc

550 4959 759 5017 anima
783 4971 915 5013 mea
946 4954 1192 5012 turbata
1217 4960 1323 5024 est,
1354 4954 1674 5013 dicithanc
1700 4973 1912 5015 vocem
1941 4974 2105 5016 nunc
2136 4960 2212 5016 si-

551 5046 868 5120 gniﬁcare:
887 5044 1130 5117 quando
1148 5044 1407 5102 volebat.
1439 5048 1567 5102 Non
1585 5047 1746 5103 enim
1766 5049 1934 5121 quod
1957 5065 2081 5106 non
2102 5055 2208 5118 est,

550 5139 617 5194 ut
648 5149 941 5208 praesens,
990 5131 1370 5200 nominabat,
1418 5135 1597 5209 quasi
1653 5137 1937 5211 opinione
1978 5144 2213 5196 tantum

549 5222 712 5280 dicta
729 5222 969 5293 ﬁerent;
1007 5226 1222 5282 natura
1254 5223 1415 5280 enim
1445 5240 1515 5281 ac
1546 5226 1795 5283 veritate
1825 5227 2032 5284 omnia
2051 5227 2213 5285 facta

549 5315 708 5369 sunt.
755 5310 1093 5383 Theologus
1135 5317 1339 5371 autem
1389 5315 1709 5386 Gregorius
1762 5332 2008 5374 rursum
2068 5316 2212 5376 dicit

548 5402 848 5460 Christum
869 5409 1099 5461 natura
1131 5405 1368 5462 dedisse
1398 5407 1803 5480 occasionem,
1831 5407 2081 5481 quando
2106 5424 2210 5465 vo-

543 5491 729 5560 lebat,
748 5494 994 5566 propria
1013 5495 1326 5568 operandi.
1354 5495 1762 5554 Admirandus
1785 5512 1929 5555 vero
1952 5498 2204 5571 Cyrillus

544 5580 694 5642 dixit
723 5581 928 5656 ipsum
964 5583 1135 5645 carni
1170 5586 1515 5659 permisisse
1549 5590 1616 5643 ut
1650 5585 1815 5658 leges
1844 5591 2076 5646 naturae
2117 5604 2206 5648 se-

2240 4469 2287 4525 D

2314 3220 2633 3298 διῃρημέναι
2680 3220 2739 3272 ἂν
2790 3217 2883 3273 εἶεν
2935 3226 3025 3274 καὶ
3073 3220 3179 3294 οὐχ
3242 3224 3535 3295 ἡνωμέναι·
3586 3226 3678 3274 καὶ
3725 3228 3926 3276 Νεστο-

2311 3318 2427 3388 ρίου
2459 3316 2517 3366 τό
2550 3308 2728 3384 δόγμα
2749 3312 2971 3385 εἰσάγει.

2388 3419 2451 3481 ζ’.
2504 3424 2606 3474 Καὶ
2652 3418 2870 3494 Σεϐῆρος
2923 3422 3012 3491 μὲν
3056 3427 3279 3473 τοιαῦτα
3323 3422 3388 3481 ὡς
3430 3419 3487 3472 ἐκ
3526 3420 3722 3473 πολλῶν
3771 3420 3931 3492 ὀλίγα

2316 3510 2473 3563 εἰπεῖν
2576 3510 2984 3581 συλλογιστικῶς
3062 3512 3299 3585 προῦερε,
3385 3513 3509 3582 μίαν

2316 3601 2389 3654 ἔτι
2448 3595 2507 3652 δὲ
2554 3604 2644 3651 καὶ
2703 3603 2825 3664 μίαν
2879 3600 3033 3671 φύσιν
3074 3597 3157 3651 ἐπὶ
3209 3606 3447 3673 Χριστοῦ
3510 3604 3776 3671 γεγονέναι
3838 3602 3933 3673 φά-

2320 3709 2455 3742 σκων
2496 3690 2627 3762 μετὰ
2665 3693 2758 3747 τὴν
2809 3688 3011 3743 ἕνωσιν.
3065 3691 3130 3741 Οἱ
3175 3684 3234 3741 δὲ
3274 3688 3605 3741 Ἰουλιανῖται
3642 3694 3733 3743 καὶ
3759 3696 3933 3744 Γαῖα·-

2576 3508 2984 3581 συλλογιστικώς
3062 3512 3299 3581 προῦερε,
3385 3513 3509 3581 μίαν
3603 3512 3928 3577 ὑπόστασιν,

2316 3786 2472 3844 νῖται,
2520 3775 2776 3853 διαφορὰν
2821 3780 3019 3850 φύσεων
3074 3776 3159 3830 ἐπὶ
3196 3785 3433 3853 Χριστοῦ
3473 3781 3604 3852 μετὰ
3654 3784 3748 3838 τὴν
3814 3781 3935 3832 ἔνω-

2321 3889 2402 3921 σιν
2448 3864 2870 3940 δογματίζοντες,
2930 3868 3191 3941 ἄφθαρτον
3244 3871 3301 3919 τὸ
3362 3875 3454 3920 τοῦ
3509 3873 3704 3942 Κυρίου
3773 3878 3937 3943 σῶμα

2319 3957 2372 4020 ἐξ
2415 3957 2576 4017 αὐτῆς
2635 3953 2969 4017 διαπλάσεως
3015 3955 3182 4028 ἔλεγον
3228 3961 3526 4029 γεγονέναι·
3577 3963 3668 4010 καὶ
3717 3960 3785 4012 τὰ
3841 3963 3934 4033 μὲν

2319 4049 2460 4104 πάθη
2521 4049 2608 4098 τὸν
2655 4049 2878 4118 Κριστὸν
2937 4046 3232 4118 ὑπομεῖναι,
3286 4048 3462 4099 πεῖνάν
3516 4067 3650 4120 φημι
3704 4052 3795 4101 καὶ
3851 4045 3938 4102 δί-

2319 4136 2424 4208 ψαν
2472 4138 2562 4187 καὶ
2602 4139 2761 4187 κόπον
2800 4138 2891 4187 καὶ
2933 4137 2999 4187 τὰ
3045 4134 3185 4203 ἑξῆς,
3213 4135 3271 4187 ού
3311 4138 3398 4188 τὸν
3438 4136 3592 4188 αὐτόν
3637 4133 3697 4189 δὲ
3735 4142 3934 4210 τρόπον

2320 4226 2445 4299 ἡμῖν
2487 4232 2653 4277 ταῦτα
2692 4226 3036 4277 πεπονθέναι·
3091 4226 3244 4297 ἡμεῖς
3289 4227 3392 4302 γὰρ
3450 4225 3505 4289 ἒξ
3551 4224 3775 4300 ἀνάγκης
3829 4248 3936 4301 φυ-

2323 4322 2483 4376 σικῶς
2544 4321 2711 4367 ταῦτα
2773 4315 3073 4388 πάσχομεν,
3141 4316 3166 4367 ό
3236 4312 3296 4368 δε
3360 4318 3593 4391 Χριστὸς
3679 4316 3938 4377 ἑκουσίως

2318 4405 2492 4457 πάντα
2546 4405 2848 4478 ὑπέμεινεν·
2897 4404 2955 4457 ού
3006 4407 3110 4479 γὰρ
3158 4401 3397 4459 ἐδούλευε
3450 4412 3563 4469 τοῖς
3607 4409 3785 4480 νόμοις
3837 4415 3938 4469 τῆς

2321 4495 2540 4568 φύσεως.

2392 4601 2457 4662 η’.
2516 4604 2652 4676 Πρός
2705 4602 2797 4665 οὕς
2843 4620 3005 4676 φαμεν
3049 4603 3130 4655 ὅτι
3164 4598 3288 4656 οὐδὲ
3337 4602 3485 4657 αὐτοὶ
3519 4603 3727 4677 λέγομεν
3771 4602 3938 4659 ἀκού-

2322 4713 2413 4747 σια
2455 4700 2547 4745 τοῦ
2590 4698 2828 4767 Χριστοῦ
2881 4693 2948 4745 τὰ
2988 4693 3154 4763 πάθη,
3198 4691 3306 4745 ἀλλ’
3350 4695 3431 4747 ότι
3477 4693 3730 4757 ἑκουσίως
3774 4691 3940 4748 ἐδού-

2317 4782 2430 4836 λευε
2459 4789 2570 4845 τοῖς
2606 4786 2781 4854 νόμοις
2818 4790 2913 4844 τῆς
2956 4783 3153 4855 φύσεως
3203 4781 3385 4845 ἐπίσης
3424 4785 3549 4856 ἡμῖν
3576 4805 3589 4817 ·
3631 4785 3657 4836 ό
3695 4787 3786 4857 μὲν
3827 4788 3937 4859 γὰρ

2318 4874 2576 4946 μακάριος
2619 4870 2952 4941 ’Λθανάσιος,
3012 4869 3302 4944 ἑρμηνεύων
3358 4876 3440 4941 τὸ,
3498 4880 3606 4928 Νῦν
3672 4874 3699 4931 ἣ
3768 4872 3936 4947 ψυχή

2318 4981 2419 5035 μου
2471 4961 2807 5034 τετάρακται,
2855 4964 3013 5032 φησὶν
3070 4962 3151 5014 ὅτι
3198 4964 3257 5015 1'6
3310 4957 3418 5034 νῦν,
3464 4966 3617 5016 τοῦτό
3664 4960 3807 5015 ἐστιν
3851 4965 3942 5017 ὅτε

2318 5050 2532 5111 ἤθελεν·
2594 5052 2653 5103 οὐ
2696 5053 2797 5126 γὰρ
2847 5053 2906 5103 1'6
2950 5054 3020 5124 μὴ
3070 5050 3124 5104 ὃν
3192 5055 3257 5114 ὡς
3306 5055 3472 5126 παρὸν
3541 5052 3803 5126 ὠνόμαζεν
3866 5057 3941 5117 ὡς

2320 5137 2541 5200 δοκήσει
2595 5142 2873 5213 γινομένων
2918 5140 3200 5214 λεγομένων
3229 5162 3242 5176 ο
3295 5144 3449 5215 φύσει
3499 5145 3602 5219 γὰρ
3648 5147 3739 5196 καὶ
3795 5142 3941 5204 ἀλη-

2319 5232 2432 5303 θείᾳ
2487 5233 2551 5284 τὰ
2596 5233 2769 5284 πάντα
2813 5228 3028 5302 ἐγένετο.
3086 5234 3144 5284 Ὀ
3202 5227 3263 5285 δὲ
3321 5232 3576 5304 Θεολόγος
3638 5236 3944 5308 Γρηγόριος

2314 5320 2491 5393 πάλιν,
2539 5322 2619 5374 ὅτι
2671 5317 2855 5375 ἐδίδου
2899 5331 2963 5395 τῇ
3016 5324 3169 5395 φύσει
3216 5325 3417 5396 καιρόν,
3460 5324 3543 5377 ὅτε
3581 5321 3819 5376 ἐϐούλετο
3864 5323 3945 5375 ἐν·

2315 5419 2476 5486 εργεῐν
2529 5414 2596 5464 τὰ
2653 5408 2795 5465 ἴδια.
2858 5411 3113 5487 Κύριλλος
3181 5409 3241 5465 δὲ
3301 5414 3328 5465 ό
3371 5414 3666 5486 θαυμάσιος
3721 5415 3941 5487 εἴρηκεν

2312 5504 2505 5575 έφίέναι
2560 5504 2714 5555 αὑτὸν
2768 5509 2830 5576 τῇ
2893 5506 3052 5575 σαρκὶ
3096 5498 3191 5556 διὰ
3240 5509 3341 5554 τῶν
3387 5510 3483 5566 τῆς
3539 5506 3741 5576 φύσεως
3797 5501 3944 5556 ἰέναι

2308 5596 2516 5669 νόμων·
2557 5596 2648 5646 καὶ
2701 5589 2853 5656 αὖθις
2904 5592 3116 5672 ἑτέρωθι
3177 5592 3340 5668 ἔλεγεν
3412 5596 3482 5657 ὡς
3530 5592 3793 5668 ἐπιτρέπει
3854 5601 3936 5667 τῷ
