4136 6414
479 325 546 380 83
1833 318 2108 376 NICETE
2147 319 2520 377 CHONIATE
3784 322 3856 379 84

480 459 674 504 annos
695 445 1057 502 continuatae
1087 449 1246 517 sunt,
1270 442 1683 500 Jacobitarum
1718 443 2049 504 catholicus
2083 443 2144 499 in

2254 447 2401 506 νίκας
2439 444 2666 514 ἀνύοντι,
2734 443 2808 518 ἐφ’
2872 445 2954 510 αἷς
3019 449 3108 498 καὶ
3177 448 3367 520 χρόνος
3405 443 3652 508 ἐπταετὴς
3711 446 3862 521 ἐκμε-

485 550 699 592 eorum
720 535 1030 606 regionem
1053 534 1328 608 pergenti
1349 533 1402 589 ei
1418 533 1694 589 occurrit.
1723 535 1912 600 Quem
1932 533 2146 590 videns

479 623 810 697 imperator
829 623 1217 696 reprehendit
1231 621 1399 695 quod
1421 620 1886 678 Chalcedonensi
1909 622 2146 695 synodo

480 728 606 771 non
641 713 976 770 adhaereret
1002 729 1016 780 ;
1047 713 1446 785 hortatusque
1473 727 1614 768 eum
1645 716 1734 768 est
1765 716 1830 767 ut
1879 727 1916 767 a
1946 714 2145 768 Mono-

481 802 862 876 physitarum
879 802 1164 876 opinione
1196 801 1520 872 recederet,
1534 801 2056 874 proclamaretque
2073 800 2148 856 de

484 891 732 956 Christo,
765 890 1293 964 quemadmodum
1319 889 1640 946 orthodoxi
1667 891 1954 957 sentiunt,
1987 889 2147 946 duas

482 984 734 1038 naturas
764 979 1080 1037 inconfuse
1112 980 1264 1037 inter
1295 995 1358 1036 se
1391 979 1616 1048 unitas,
1645 979 1705 1035 id
1737 993 1842 1050 est,
1877 978 2150 1036 divinita-

483 1073 608 1127 tem
650 1073 708 1126 et
751 1069 1212 1135 humanitatem,
1247 1068 1296 1124 si
1325 1068 1498 1124 vellet
1541 1067 1618 1124 ab
1650 1069 1786 1141 ipso
1823 1067 2148 1124 Antiochiae

485 1158 858 1230 partriarcha
883 1158 1210 1228 designari.
1244 1157 1586 1216 Catholicus
1611 1162 1812 1214 autem
1845 1157 2002 1213 sedis
2027 1173 2150 1214 ma-

487 1247 799 1319 gnitudine
815 1253 1028 1320 captus
1052 1263 1112 1304 se
1129 1263 1202 1304 ex
1220 1247 1431 1302 haeresi
1455 1263 1830 1303 recessurum
1848 1246 2146 1319 pollicitus

488 1340 578 1394 est
606 1335 880 1409 duasque
910 1336 972 1392 in
1018 1335 1247 1392 Christo
1295 1341 1542 1393 naturas
1574 1336 1941 1392 crediturum
1987 1335 2146 1392 afﬁr-

487 1424 694 1492 mavit,
723 1425 800 1481 de
831 1425 1242 1482 voluntatibus
1269 1431 1472 1482 autem
1519 1425 1759 1482 dicebat
1807 1441 1870 1480 se
1915 1424 2148 1482 nescire

487 1528 638 1569 num
659 1529 760 1568 eas
781 1529 1024 1586 quoque
1055 1511 1212 1568 duas
1244 1513 1482 1585 opinari
1529 1517 1850 1586 oporteret,
1879 1518 1936 1569 et
1973 1529 2045 1569 ea
2074 1513 2149 1570 de

485 1617 550 1660 re
572 1617 608 1659 a
649 1599 852 1672 Sergio
885 1601 1432 1676 Constantinopolis
1461 1603 1806 1675 patriarcha
1835 1601 2150 1658 consilium

486 1691 671 1765 petiit.
717 1691 956 1799 Sciebat
1001 1691 1160 1748 enim
1209 1707 1349 1799 eum
1400 1691 1619 1792 docere
1657 1692 1718 1748 in
1761 1693 1992 1799 Christo
2021 1693 2150 1794 uni-
2184 1745 2229 1799 Β

487 1797 623 1839 cam
651 1797 780 1838 esse
814 1780 1190 1838 voluntatem
1221 1785 1279 1838 et
1315 1782 1748 1854 operationem.
1790 1781 2002 1838 Scribit
2031 1784 2146 1838 im-

485 1873 728 1944 perator
750 1870 830 1928 ad
855 1869 1128 1940 Sergium
1168 1870 1243 1926 de
1273 1871 1388 1928 hac
1417 1871 1771 1944 quaestione.
1804 1871 1906 1928 Hic
1945 1876 2147 1928 autem

485 1961 592 2034 qui
607 1960 811 2034 palam
830 1960 1350 2018 Monothelitarum
1369 1961 1706 2018 doctrinam
1727 1961 2143 2036 proﬁtebatur,

483 2049 835 2124 imperatori
861 2049 1192 2123 respondet
1211 2049 1477 2124 dicitque
1499 2056 1774 2123 oportere
1801 2068 1988 2108 unam
2011 2067 2148 2128 Ope-

483 2140 783 2198 rationem
804 2143 862 2196 et
891 2155 1078 2196 unam
1109 2139 1480 2197 voluntatem
1503 2141 1738 2199 docere.
1767 2145 1976 2200 Postea
2004 2160 2146 2200 vero

484 2229 810 2298 Heraclius,
842 2245 981 2286 cum
1005 2229 1068 2284 in
1092 2227 1306 2285 urbem
1326 2229 1607 2300 venisset,
1635 2233 1976 2304 Cyrumque
1999 2234 2146 2291 Pha-

485 2319 631 2375 sidis
663 2318 766 2392 qui
827 2335 965 2374 eum
997 2317 1248 2387 adierat,
1294 2317 1370 2374 de
1416 2319 1532 2375 hac
1579 2320 1855 2377 doctrina
1893 2323 2144 2378 interro-

484 2413 687 2482 gasset
715 2409 1158 2482 reperissetque
1189 2425 1325 2464 eum
1360 2425 1497 2465 cum
1524 2410 1726 2480 Sergio
1758 2413 2144 2484 concordem,

483 2500 683 2556 lutosa
735 2499 918 2572 hujus
962 2498 1266 2572 opinionis
1314 2500 1706 2572 persuasione
1754 2501 1832 2557 ab
1864 2501 1962 2557 hic
1993 2519 2144 2558 mer-

480 2589 756 2656 cenariis,
803 2588 1052 2645 minime
1099 2592 1299 2644 autem
1341 2589 1688 2661 pastoribus
1743 2591 2054 2661 imbuitur,
2087 2597 2145 2650 et

479 2676 998 2735 Monothelitarum
1027 2677 1239 2734 haeresi
1269 2677 1555 2734 adhaeret.

533 2822 558 2841 δ

547 2950 598 3001 2.
660 2945 790 3011 Quo
847 2944 1076 3014 audito,
1126 2943 1502 3017 Sophronius
1564 2947 2020 3022 Hierosolymae,
2075 2950 2138 3006 in

2254 537 2528 606 μέτρηται,
2597 535 2622 584 ό
2706 541 2806 585 τῶν
2868 531 3180 586 ἰακωϐιτῶν
3247 537 3495 607 πρόσεισι
3581 535 3862 599 καθολικός

2253 627 2373 696 περί
2414 642 2514 675 που
2567 626 2660 681 τὴν
2723 621 2925 676 ἐκείνων
2979 628 3160 697 χώραν
3218 621 3529 695 ἀφικομένῳ·
3573 623 3626 676 ὃν
3667 620 3794 678 ἰδὼν
3833 626 3860 678 6

2257 709 2503 784 βασιλεὺς
2559 712 2836 785 ᾐτιάσατο,
2896 715 2968 785 μὴ
3034 716 3128 770 τὴν
3190 710 3238 764 ἐν
3285 708 3593 771 Χαλκηδόνι
3647 717 3864 789 προσιέ-

2257 820 2403 866 μενον
2453 798 2711 854 σύνοδον·
2767 807 2858 854 καὶ
2905 807 3125 874 παρῄνει
3178 811 3273 863 τῆς
3319 810 3419 854 τῶν
3483 809 3861 876 Μονοφυσιτῶν

2259 889 2540 963 ἀφιστάναι
2588 888 2764 958 δόξης,
2828 895 2918 943 καὶ
2974 893 3248 966 κηρύττειν
3296 889 3380 944 ἐπὶ
3446 899 3686 966 Χριστοῦ
3743 891 3862 946 ἐπί-

2261 997 2354 1040 σης
2396 988 2468 1050 τῇ)
2518 975 2810 1053 ὀρθοδόξων
2866 985 3172 1053 συστήματι
3237 976 3334 1032 δύο
3383 982 3558 1054 φύσεις
3610 979 3863 1054 ἀσυγχύ-

2257 1089 2358 1130 τως
2419 1071 2679 1142 ἡνωμένας
2736 1067 2998 1130 ἀλλήλαις,
3067 1071 3308 1122 τουτέστι
3355 1072 3575 1128 ϐιότητα
3623 1075 3714 1123 καὶ
3769 1069 3864 1122 ἀν-

2260 1160 2588 1234 θρωπότητα,
2647 1160 2752 1229 εἴγε
2819 1155 3061 1230 βούλοιτο
3130 1160 3470 1232 πατριάρχης
3537 1158 3867 1231 Ἀντιοχείας

2258 1247 2534 1301 ὑπἀὐτοῦ
2592 1245 2973 1322 προϐληθῆνσι.
3030 1247 3088 1299 Ὀ
3149 1243 3209 1299 δὲ
3254 1246 3530 1308 καθολικὸς
3590 1255 3664 1318 τῷ
3703 1267 3866 1320 μεγα-

2256 1337 2374 1410 λείῳ
2405 1344 2494 1390 τοῦ
2529 1339 2708 1410 θρόνου
2757 1332 3050 1397 ἐνηδυνθεὶς
3098 1340 3192 1395 την
3226 1335 3414 1409 ψυχήν
3453 1335 3505 1399 ἐξ
3553 1337 3717 1399 αὐτῆς
3767 1341 3866 1396 τὴν

2257 1425 2546 1500 μεταϐολήν
2602 1433 2697 1488 τῆς
2745 1429 2985 1499 αἱρέσεως
3041 1423 3399 1498 ἐπηγγείλατο,
3459 1430 3548 1479 καὶ
3629 1423 3726 1479 δύο
3777 1426 3868 1480 ἐπὶ

2257 1523 2493 1589 Χριστοῦ
2569 1511 2808 1578 δοξάζειν
2879 1517 3060 1588 φύσεις
3113 1517 3397 1568 κατέθετο’
3465 1519 3586 1589 περὶ
3650 1511 3710 1569 δε
3757 1523 3866 1568 τῶν

2262 1605 2457 1678 θελημά
2487 1624 2584 1656 των
2618 1603 2815 1676 ἀγνοεῖν
2863 1603 3044 1676 ﬂes/sv,
3079 1604 3122 1657 εἷ
3179 1609 3352 1680 χρεὼν
3392 1608 3482 1656 καὶ
3537 1612 3704 1656 ταῦτα
3761 1601 3866 1658 δο-

2260 1693 2430 1758 ξάζειν
2481 1691 2658 1759 διττὰ,
2689 1699 2780 1746 καὶ
2828 1698 2922 1752 τὴν
2981 1693 3033 1746 ἐκ
3100 1699 3312 1768 Σεργίου
3370 1701 3462 1746 τοῦ
3520 1695 3864 1768 πατριάρχου

2261 1783 2848 1845 Κωνσταντινουπόλεως
2920 1779 3162 1856 διδαχὴν
3241 1782 3500 1856 ἐξῃτεῖτο·
3569 1779 3690 1856 ᾔδει
3754 1786 3862 1860 γὰρ

2255 1881 2436 1926 τοῦτον
2495 1869 2784 1936 δοξάζοντα
2835 1876 2921 1925 τὸν
2974 1875 3206 1946 Χριστὸν
3267 1871 3605 1945 μονοθέλητόν
3651 1891 3705 1924 τε
3764 1877 3863 1926 καὶ

2256 1967 2641 2036 μονενέργητον.
2687 1965 2876 2038 Γράφει
2932 1967 3103 2014 τοίνυν
3151 1963 3177 2013 ό
3232 1959 3480 2034 βασιλεὺς
3522 1969 3595 2032 τῷ
3662 1965 3861 2036 Σεργίῳ

2254 2056 2373 2125 περὶ
2426 2048 2583 2104 τοῦδε
2621 2059 2712 2104 τοῦ
2755 2052 3004 2126 ῥήματος·
3051 2053 3077 2102 ό
3117 2047 3176 2104 δὲ
3233 2053 3300 2103 τὰ
3350 2059 3449 2103 τῶν
3487 2049 3860 2107 Μονοθελητών

2255 2140 2416 2194 πάλαι
2508 2139 2826 2216 πρεσϐεύων,
2897 2139 3272 2193 ἀντεπιστέλλει
3327 2147 3399 2211 τῷ
3471 2138 3702 2214 βασιλεῖ,
3767 2146 3864 2194 καὶ

2255 2237 2456 2302 χρῆναι
2511 2229 2643 2301 λέγει
2691 2234 2814 2303 μίαν
2867 2227 3118 2304 ἐνέργειαν
3187 2233 3278 2281 καὶ
3334 2233 3457 2302 μίαν
3508 2227 3715 2287 θέλησιν
3773 2228 3863 2284 ἐπὶ

2255 2326 2490 2394 Χριστοῦ
2555 2315 2914 2391 δογματίζειν.
2992 2319 3072 2380 Ἐς
3133 2319 3348 2390 ὕστερον
3412 2314 3472 2370 δὲ
3533 2317 3858 2392 Ἡράκλειος⁹

2254 2414 2347 2468 τὴν
2400 2409 2547 2462 πόλιν
2600 2407 2928 2479 καταλαϐὼν,
2979 2413 3066 2461 καὶ
3128 2415 3294 2482 Κῦρον
3366 2411 3452 2460 τόν
3515 2405 3744 2470 Φάσιδος
3787 2409 3866 2471 εἰς

2255 2498 2374 2570 ὄψιν
2415 2499 2553 2570 αύτῷ
2599 2498 2812 2551 ἐλθόντα
2857 2503 2975 2571 περὶ
3033 2501 3220 2550 τούτου
3272 2504 3364 2549 τοῦ
3415 2495 3680 2570 δόγματός
3737 2497 3865 2570 ἐρω-

2251 2594 2432 2655 τήσας,
2493 2591 2583 2639 καὶ
2629 2596 2702 2657 τῷ
2751 2591 2942 2659 Σεργίῳ
3002 2587 3160 2662 εύρὼν
3214 2588 3570 2660 ὁμογνώμονα,
3621 2592 3716 2645 τὴν
3777 2589 3866 2640 Oo-

2250 2676 2398 2750 λεράν
2451 2684 2542 2737 τῆς
2600 2673 2762 2738 δόξης
2815 2679 3012 2736 ταύτης
3093 2681 3384 2750 ἀνατροπὴν
3439 2675 3712 2736 ποτίζει-αι
3762 2681 3861 2730 καὶ

2251 2766 2407 2827 αὐτὸς
2471 2768 2616 2840 παρὰ
2680 2773 2780 2818 τῶν
2838 2767 3116 2838 μισθωτῶν
3183 2763 3383 2818 ἐκείνων
3447 2770 3537 2818 καὶ
3602 2769 3674 2838 μὴ
3739 2785 3863 2818 ποι-

2249 2859 2430 2928 μένων,
2459 2859 2549 2906 καὶ
2604 2863 2666 2928 τῇ
2709 2863 2810 2906 τῶν
2863 2853 3229 2912 Μονοθελητῶν
3282 2857 3480 2927 αἱρέσει
3531 2855 3854 2910 συντίθεται.

2321 2943 2391 3017 β’.
2423 2951 2588 2996 Τοῦτο
2642 2940 2692 2996 δ’
2748 2943 2814 3004 εἰς
2871 2941 2980 2996 ὦτα
3045 2940 3318 3016 δεξάμενος
3374 2945 3400 2995 6
3482 2942 3856 3017 Ἱεροσολύμων

474 3032 866 3104 magniﬁcam
899 3033 1275 3091 Constantini
1323 3033 1540 3090 urbem
1581 3035 1840 3108 advenit,
1875 3053 2136 3110 cumque

2254 3038 2522 3105 Σωφόνιος,
2575 3031 2643 3092 εἰς
2707 3037 2802 3090 την
2863 3037 3254 3085 Κωνσταντίνου
3312 3031 3611 3084 καλλίπολιν
3675 3052 3852 3099 παρα-

475 3123 748 3194 Sergium
780 3122 1044 3194 adiisset,
1097 3139 1235 3178 eum
1284 3123 1580 3194 corrigere
1631 3127 1894 3194 tentavit,
1930 3128 2137 3184 dicens

472 3213 535 3269 in
587 3212 750 3270 idem
809 3213 1073 3270 recidere
1132 3211 1378 3268 unicam
1430 3213 1493 3267 in
1557 3213 1788 3271 Christo
1854 3221 2136 3273 naturam

473 3303 689 3360 docere
711 3307 767 3359 et
789 3302 1034 3359 unicam
1056 3301 1422 3357 voluntatem
1441 3303 1976 3380 operationemque
2002 3323 2137 3380 pro-

473 3392 645 3466 ﬁteri,
681 3397 860 3466 atque
903 3392 988 3448 ita
1031 3389 1311 3448 renovari
1350 3391 1903 3464 Monophysitarum
1947 3397 2136 3452 haere-

473 3483 610 3554 sim,
637 3499 826 3556 quam
849 3479 1362 3538 Chalcedonensis
1405 3481 1711 3553 synodum
1749 3485 2136 3555 rejiciendam

473 3571 758 3630 decrevit.
809 3574 1216 3642 Hortatusque
1261 3573 1346 3626 est
1402 3571 1672 3642 Sergium
1723 3579 1785 3629 ut
1815 3575 2138 3632 Ecclesiam

473 3678 600 3719 non
627 3677 838 3717 rursus
867 3660 928 3715 in
953 3657 1282 3715 certamina
1303 3658 1591 3729 injiceret.
1629 3663 1773 3718 Cum
1803 3670 2003 3720 autem
2037 3668 2138 3722 So-

475 3749 770 3825 phronius
791 3749 1314 3820 Constantinopoli
1342 3750 1701 3819 recessisset,
1742 3754 2042 3810 Heraclius
2085 3760 2142 3811 et

480 3841 724 3910 Sergius
755 3838 867 3896 sibi
897 3837 1370 3895 consentientem
1401 3839 1695 3898 Joannem
1720 3842 2012 3900 habentes
2036 3844 2141 3918 qui

477 3935 622 3988 tunc
646 3929 932 4003 temporis
963 3928 1225 4003 antiqure
1253 3931 1454 3984 Romae
1481 3930 1863 4002 praesidebat,
1897 3935 2140 3990 unicam

479 4036 610 4078 esse
638 4020 812 4077 Verbi
838 4023 894 4076 et
919 4018 1120 4077 carnis
1161 4017 1533 4075 voluntatem
1583 4020 1862 4088 docuere,
1894 4022 2143 4094 litteras-

481 4127 600 4184 que
617 4109 692 4167 de
728 4109 844 4165 hac
874 4125 936 4166 re
967 4124 1336 4182 quocunque
1367 4113 1663 4165 terrarum
1716 4110 2014 4167 mittentes
2045 4115 2145 4168 Ec-

483 4197 696 4256 clesias
726 4197 1040 4253 discidere.

557 4291 612 4342 3.
654 4288 976 4360 Postquam
1005 4290 1204 4344 autem
1223 4285 1527 4343 Ileraclius
1547 4302 1578 4343 e
1613 4287 1734 4344 vita
1759 4288 2034 4358 migravit
2051 4290 2147 4345 tri-

489 4377 715 4436 cesimo
746 4377 934 4434 ferme
955 4376 1190 4450 imperii
1216 4377 1310 4434 sui
1325 4393 1510 4441 anno,
1535 4381 1591 4433 et
1613 4377 1852 4447 Sergius
1879 4385 2146 4436 mortuus

490 4468 620 4538 fuit,
644 4467 854 4525 sedem
889 4465 1054 4524 illam
1103 4483 1415 4524 successor
1461 4465 1695 4540 accepit
1725 4467 2008 4539 Pyrrhus,
2042 4473 2150 4542 qui

567 4649 646 4722 (1)
665 4648 772 4722 _Di_c
799 4647 1157 4718 Honorium,
1187 4645 1604 4722 cujus_causze
1644 4645 1984 4722 tractandae
2023 4662 2146 4722 non

497 4715 590 4778 est
616 4715 714 4791 hic
740 4719 908 4775 locus
932 4737 945 4786 ;
973 4715 1338 4791 quanquam
1363 4715 1679 4791 Sophronii
1709 4715 1768 4772 in
1792 4717 2147 4791 longissima

499 4790 794 4865 synodica
844 4787 1091 4865 epistola
1123 4787 1456 4865 silentium
1493 4787 1582 4865 de
1616 4789 2032 4865 Honorio,__ubi
2064 4795 2148 4848 tot

498 4859 813 4920 haereticos
847 4859 1030 4918 etiam
1077 4860 1346 4917 viventes
1388 4859 1672 4930 appellat,
1702 4861 1944 4916 Honorii
1972 4862 2144 4918 inno-

499 4933 758 4993 centiam
785 4933 1072 4988 denotare
1091 4931 1364 5006 videt_ur._
1394 4931 1572 5006 Certe
1594 4933 1882 4987 Joannem
1921 4949 2147 5006 papam

499 5005 834 5080 (quartum)
865 5021 1004 5060 cum
1047 5001 1401 5080 orthgdoris
1449 5001 1650 5080 potius
1695 5001 2150 5080 connumeravit

495 5073 888 5149 laudavitque
938 5079 1144 5149 noster
1193 5073 1582 5149 Sophronius,
1622 5076 1866 5149 teste_S_.
1900 5075 2146 5149 Maximi

493 5145 834 5219 biographo
854 5147 915 5202 in
941 5145 1294 5219 codiceVat.
1324 5149 1448 5212 353,
1479 5161 1536 5217 p.
1573 5149 1670 5200 139
1693 5145 1754 5212 b,
1779 5145 1874 5202 his
1905 5147 2144 5219 verbis»:

497 5163 834 5272 Dlogratpno
854 5163 915 5202 In
941 5163 1145 5202 000108
1178 5163 1294 5200 vat.
1324 5163 1448 5212 306,
1479 5163 1536 5217 p.
1573 5163 1670 5200 Ῑόυ
1693 5163 1754 5212 D,
1779 5163 1874 5202 ωε
1905 5163 2100 5202 νθΓῡιε
2131 5165 2144 5202 Ζ

497 5222 639 5274 Ἐπεὶ
741 5222 765 5272 ‘3
827 5222 886 5272 τό
975 5217 1090 5270 κατ’
1147 5216 1304 5290 ἐκεῖνο
1369 5224 1576 5290 καιροῦ-
1613 5221 1893 5290 Σωφρόνιος
1955 5221 2042 5290 τὸν
2078 5217 2146 5290 ,ἐν

493 5290 868 5366 Ἱεροσολύμοις
933 5291 1110 5363 θρόνον
1156 5287 1506 5366 ἐνεχειρίσθη,
1555 5287 1970 5366 ἀνὴρνεῦσεϐείᾳ
2019 5288 2148 5366 λάμ-

493 5360 604 5419 πων
663 5360 760 5416 καῖ
827 5360 1005 5437 ἀρετῇ,
1055 5360 1520 5437 *συναθροίζοντας
1547 5360 1694 5437 Δπερὶ.
1769 5367 1953 5437 τοῦτον
2027 5361 2147 5437 ὅσον

492 5421 870 5520 ἀρχιερατικόν
902 5421 1004 5486 καί
1042 5421 1354 5508 ὀρθόδοξον,
1393 5421 1676 5512 διαϐάλλον
1728 5433 1818 5502 μὲν
1873 5434 1966 5482 σύν
2010 5431 2150 5502 αὐτῷ

493 5500 604 5560 καῖ
637 5500 922 5575 ἀναθεματι
963 5500 1268 5575 περὶϐάλλον
1305 5507 1429 5575 τοὺς
1483 5506 1608 5573 μίαν
1657 5500 1740 5575 ἐπί
1771 5509 1878 5575 ,τοῦ
1911 5500 2146 5575 Χριστοῦ

493 5583 720 5656 φυσικὴν
787 5563 1056 5656 ἐνέργειαν,
1112 5583 1202 5630 καὶ
1250 5577 1299 5630 ἓν
1340 5563 1658 5656 δοξάζοντας
1715 5563 2144 5656 θέ).ημρι,ἐῦφη-

491 5648 620 5723 μοῦν
660 5648 720 5704 δὲ
760 5648 870 5706 καῖ
901 5648 1260 5728 ’ἀνακηρύττον
1308 5652 1430 5710 τοὺς
1471 5649 1599 5718 πρὸς
1659 5651 1772 5704 ταῖς
1826 5648 1924 5700 δύο
1955 5649 2142 5718 φύσεσι

2244 3126 2466 3193 γίνεται,
2511 3125 2601 3173 καὶ
2662 3125 2854 3196 Σεργίῳ
2915 3125 3306 3194 συγγενόμενος,
3371 3128 3616 3196 πειρᾶται
3668 3129 3850 3174 τοῦτον

2247 3210 2578 3286 ἐπανορθοῦν,
2633 3209 2791 3263 λέθων
2834 3207 3001 3283 μηδὲν
3061 3230 3112 3262 τι
3171 3207 3536 3282 διενηνοχέναι
3593 3218 3685 3264 τοῦ
3723 3215 3850 3284 μίαν

2248 3305 2402 3374 φύσιν
2435 3301 2596 3374 λέγειν
2637 3299 2721 3353 ἐπὶ
2765 3309 3000 3374 Χριστοῦ
3049 3304 3107 3353 τό
3163 3297 3500 3374 δογματίζειν
3548 3301 3596 3354 ἓν
3653 3301 3854 3374 θελημα

2247 3396 2336 3443 καὶ
2364 3395 2488 3464 μίαν
2527 3389 2802 3464 ἐνέργειαν,
2855 3395 2944 3442 καὶ
2998 3392 3063 3450 ὡς
3115 3391 3250 3442 οὕτω
3299 3389 3453 3443 πάλίν
3501 3392 3530 3448 ἡ
3586 3399 3686 3442 τῶν
3734 3397 3853 3444 Μο-

2245 3488 2534 3552 νοφυσιτών
2607 3481 2804 3554 αἵρεσις
2851 3478 3202 3551 ἐπεισάγεται,
3255 3479 3314 3538 ἂν
3359 3481 3388 3538 ἡ
3440 3477 3488 3530 ἐν
3546 3475 3857 3538 Χαλκηδόνι

2251 3565 2472 3630 σύνοδος
2511 3568 2798 3627 ἀπόϐλητον
2855 3571 3038 3642 ἔκρινε.
3083 3573 3186 3622 Καὶ
3254 3569 3534 3644 παρεκάλει
3590 3573 3676 3622 τόν
3727 3573 3858 3645 Σέρ-

2247 3679 2378 3730 γιον,
2424 3663 2494 3732 μὴ
2559 3663 2652 3711 καὶ
2692 3656 2844 3719 αὖθις
2893 3664 2984 3717 τὴν
3023 3657 3336 3717 Ἐκκλησίαν
3385 3659 3457 3719 εἰς
3505 3657 3711 3731 ἀγῶνας
3767 3657 3864 3732 ἐμ-

2250 3747 2439 3804 ϐαλεῖν.
2487 3753 2775 3821 Σωφρονίου
2837 3745 2896 3800 δὲ
2934 3755 3030 3810 τῆς
3086 3753 3477 3800 Κωνσταντίνου
3534 3746 3859 3824 ἀπάραντος,

2247 3837 2544 3911 Ἡράκλειος
2631 3843 2722 3889 καὶ
2816 3841 3019 3909 Σέργιος
3120 3837 3402 3910 σύμψηφον
3505 3839 3713 3908 ἔχοντες
3761 3843 3865 3894 καὶ

2246 3929 2485 3984 Ἰωάννην
2577 3927 2653 3997 (1)
2727 3929 2815 3978 τὸν
2879 3934 2970 3986 τῆς
3037 3924 3354 4000 παλαιτέρας
3434 3924 3632 4000 Ῥώμης
3706 3946 3864 3985 τηνι-

2249 4025 2421 4070 καῦτα
2462 4013 2736 4091 προεδρον,
2787 4015 2834 4068 ἓν
2877 4014 3074 4088 θέλημα
3120 4023 3212 4068 τοῦ
3263 4019 3438 4088 Λόγου
3469 4021 3560 4068 καὶ
3588 4025 3680 4076 τῆς
3728 4035 3866 4093 σαρ-

2816 3841 3019 3909 Σέργιος

2727 3929 2815 3978 τόν
2879 3934 2970 3986 τῆς
3037 3924 3354 4001 παλαιτέρας

2251 4112 2339 4168 κός
2387 4103 2761 4180 ἐδογμάτισαν,
2821 4111 2911 4159 καὶ
2974 4108 3263 4181 γράμματα
3312 4110 3430 4178 περὶ
3481 4108 3668 4160 τούτου
3728 4126 3867 4160 παν-

2255 4204 2426 4270 ταχοῦ
2508 4193 2936 4270 διεκπέμψαντες,
2995 4199 3091 4258 τὰς
3151 4195 3464 4258 Ἐκκλησίας
3532 4192 3862 4250 διέσπασαν.

2327 4285 2391 4358 γ’.
2422 4285 2724 4361 Ἡρακλείου
2784 4282 2842 4338 δὲ
2892 4289 2976 4337 τὸν
3027 4283 3087 4358 βι
3197 4283 3537 4348 ἀπολιπόντος
3589 4287 3726 4338 κατὰ
3767 4291 3868 4340 τὸν

2256 4380 2567 4452 τριακοστὸν
2645 4385 2847 4449 πρῶτον
2903 4379 3092 4450 χρόνον
3171 4383 3262 4436 τῆς
3322 4373 3597 4446 βασιλείας
3671 4375 3871 4444 αὐτοῦ,

2257 4472 2346 4520 καὶ
2399 4470 2610 4540 Σεργίου
2657 4469 2713 4519 τὸ
2769 4466 2864 4537 ζῇν
2916 4463 3396 4537 καταστρέψαντος,
3451 4466 3476 4517 6
3525 4467 3614 4537 μὲν
3655 4465 3868 4540 Πύρρος

2257 4652 2363 4720 καὶ,
2405 4650 2497 4709 τάς
2553 4643 2732 4706 διττὰς
2785 4645 3030 4720 ἐνεργείας
3060 4648 3191 4718 μετά
3237 4654 3341 4720 τῶν
3375 4647 3503 4698 ἴσων
3554 4644 3867 4720 θελημάτων

2258 4719 2635 4792 ὁμολογοῦντας
2686 4723 2776 4769 καὶ
2814 4713 3170 4792 περιέποντας,
3230 4717 3538 4790 Βουλόμενος
3577 4713 3642 4792 Δδ’
3675 4713 3699 4769 6
3729 4719 3870 4790 ἱερός

2259 4779 2577 4863 οὗτοξάνὴρ
2623 4779 2712 4840 καὶ
2760 4779 3008 4863 μειζόνως
3063 4779 3424 4863 διατρανῶσάι
3462 4791 3526 4841 τά
3567 4779 3862 4863 ἐκτεθέντα,

2260 4861 2415 4920 δηλοῖ
2594 4865 2752 4934 Δμέρος
2795 4865 2910 4934 περὶ
2941 4860 3109 4912 αὐτῶν
3139 4860 3228 4913 καὶ
3271 4862 3476 4933 Ἰωάννη
3527 4868 3598 4930 τῷ
3633 4860 3866 4932 Ῥώμης,

2259 4934 2392 4986 οὕτω
2436 4936 2538 5007 γὰρ
2584 4931 2812 4984 ἐκαλεῖτο
2855 4931 3061 5003 ἐκεῖνος,
3095 4937 3186 4984 καὶ
3230 4937 3420 5008 Σεργίῳ
3456 4931 3540 5000 τῷ
3589 4931 3872 5008 Κωνσταν-

2257 4999 2611 5073 τινουπόλέως,
2657 5002 2782 5055 ἀλλὰ
2831 5010 2936 5077 μὴν
2990 4999 3076 5056 καὶ
3135 4999 3298 5077 Κύρῳ
3449 4999 3866 5077 Ἀλεξανδρείας,

2259 5079 2376 5136 τοὺς
2449 5078 2540 5148 μεν
2599 5070 2840 5148 ’κακίζων
2890 5080 2996 5148 ,καὶ
3052 5070 3222 5148 πολλα
3259 5070 3544 5147 ’φαῦλίξων
3583 5070 3702 5126 τοῦ’
3731 5070 3865 5145 δόγξ

2259 5143 2458 5220 ματος,’
2496 5151 2584 5199 τον
2644 5143 2693 5198 δ’
2725 5150 2792 5208 ὡς
2860 5147 3022 5220 εἰκὸς,
3057 5143 3408 5200 ἐπαινῶνπόν
3467 5149 3706 5204 Ἰωάννην
3753 5143 3870 5220 *καὶ

2259 5216 2462 5293 μυρίοις
2493 5222 2826 5293 καταστέφων
2850 5227 2954 5280 τοῖς
3002 5218 3291 5291 ἐγκωμίοις.
3327 5220 3448 5293 Hoc
3485 5233 3597 5286 ego
3644 5216 3870 5293 perbo-

2257 5288 2575 5346 noriﬁcum
2607 5288 2833 5345 nonde
2863 5293 3090 5346 Joanne
3121 5288 3283 5361 papa
3310 5289 3525 5345 solum.
3556 5288 3662 5346 sed
3675 5288 3870 5346 etiam

2259 5361 2337 5434 de
2367 5363 2724 5434 Sophronio.
2758 5360 3442 5434 testimoniumlibenter
3469 5360 3568 5416 hic
3592 5361 3865 5434 recitavi.

2257 5430 2561 5489 Adde—sis
2615 5433 3044 5504 Theophanem
3110 5431 3206 5504 ed.
3275 5431 3456 5500 Paris,
3484 5430 3758 5504 Δ-ρζξὶζῑιᾷ,
3801 5437 3873 5490 et

2255 5505 2385 5575 lege
2413 5521 2548 5577 quae
2579 5501 3051 5577 scrilntcopiose
3087 5503 3286 5558 Binius
3319 5501 3541 5567 Concil,
3588 5502 3778 5558 Labb.
3813 5508 3861 5560 t.

2256 5579 2318 5646 V,
2345 5593 2402 5650 p.
2437 5578 2652 5633 1756-7.
