4136 6458
354 368 411 423 8'0
1812 379 2163 437 THESAURI
2200 379 2338 438 LIB.
2380 382 2490 439 XV.

3766 388 3835 444 86

366 497 438 548 τὸν
472 502 577 558 τῆς
636 497 972 570 ἱερωσύνης
1044 498 1392 577 διαδέχεται
1432 507 1628 580 θρόνον,
1689 499 1944 577 ὁμόδοξος
1994 505 2015 557 ἀ

2131 542 2143 561 ι
2173 504 2388 562 eadem
2401 521 2472 562 ac
2493 503 2732 576 Sergius
2746 502 3002 577 proﬁteb
3010 504 3489 578 atur,imperium
3503 521 3648 566 vero
3665 510 3834 568 sorti-

382 594 447 659 τῷ
483 592 713 663 Σεργίῳ,
778 593 885 648 τήν
957 587 1028 643 δὲ
1100 592 1390 666 βασιλείαν
1430 600 1816 655 Κωνσταντῖνος
1872 594 1900 645 ό
1938 601 2061 654 παῖς

1213 687 1417 737 Τούτου
1495 681 1553 737 δὲ
1627 684 1886 758 φαρμάκῳ
1962 688 2057 742 τὴν

401 768 522 830 ζωὴν
556 768 982 834 καταλύσαντος
1049 776 1193 845 μετὰ
1227 778 1420 848 χρόνον
1468 774 1555 826 ἕνα
1588 781 1678 833 τῆς
1736 776 2054 846 μοναρχίας,

399 859 470 943 εἰς
533 867 805 932 Meteri-ma
877 865 987 914 καὶ
1061 864 1158 914 τὸν
1223 862 1575 939 Ἠρακλεωνᾶν
1625 865 1714 915 τὸν
1772 860 1825 924 ἐξ
1895 861 2055 921 αὐτῆς

418 948 679 1022 Ἡρακλείῳ
755 948 1153 1023 ἆποτεχθέντα
1227 956 1259 1012 ἡ
1343 952 1591 1026 βασιλεία
1678 958 1983 1025 μεταχωρεῖ
2036 967 2048 982 ·

396 1042 704 1110 μιπθέδτες
747 1037 811 1094 6’s
851 1042 966 1094 ὑπὸ
1024 1044 1265 1114 πάντων,
1323 1040 1416 1097 διὰ
1469 1046 1556 1096 τὸν
1608 1050 1703 1095 τοῦ
1763 1048 2048 1095 Κωνσταν-

398 1133 542 1181 τίνου
601 1132 850 1201 θάνατον,
892 1140 1001 1193 τῆς
1062 1132 1364 1205 αὐταρχίας
1410 1131 1772 1186 ἐκπίπτουσιν.
1821 1129 2046 1183 Ἐκϐάλ-

390 1216 538 1271 λεται
577 1215 638 1272 δὲ
693 1225 791 1274 καὶ
842 1220 1067 1296 Πύῤῥος
1120 1230 1219 1284 τῆς
1269 1221 1604 1292 Ἐκκλησίας,
1658 1225 1749 1274 καὶ
1788 1224 1959 1293 φυγὴν
1994 1219 2046 1282 ές

1548 1315 1618 1374 ὡς
1702 1313 2045 1383 συμμέτοχος

382 677 680 754 Ἡρακλείου
756 679 865 737 κλη
874 687 1090 756 ροῦται
1105 727 1119 739 .

381 1313 523 1382 μέρη
599 1311 668 1362 τὰ
745 1310 981 1383 ἑσπέρια
1056 1316 1450 1386 κατακρίνεται,

378 1396 722 1471 Ἡρακλεωνᾷ
780 1406 881 1454 καὶ
954 1406 1200 1475 Μαρτίνη
1267 1410 1331 1461 τῆ
1345 1423 1366 1464 ς
1424 1408 1517 1454 τοῦ
1569 1400 1832 1474 βασιλέως
1888 1406 2041 1453 Κων-

381 1495 666 1542 σταντίνου
732 1487 1151 1563 ὃολοφονήσεως
1181 1509 1194 1520 ·
1237 1496 1330 1543 καὶ
1384 1490 1455 1554 εἰς
1513 1495 1603 1564 μὲν
1631 1493 1719 1543 τὸν
1767 1488 2037 1561 βασίλειον

2170 598 2269 650 tus
2294 599 2381 650 est
2393 595 2774 651 Constantius
2789 594 3036 650 Heraclii
3059 594 3291 661 ﬁlius.Q
3302 611 3379 652 uo
3400 611 3508 668 per
3524 613 3828 658 venenum

2169 688 2306 756 post
2325 700 2516 741 unum
2540 684 2775 757 imperii
2800 699 3033 741 annum
3058 683 3488 757 absumpto,ad
3512 687 3827 746 Martinam

2167 778 2225 830 et
2262 774 2708 845 Heracleonem,
2742 789 2925 848 quem
2989 789 3058 830 ex
3099 790 3171 830 ea
3202 779 3492 845 genuerat
3520 777 3825 836 Heraclius

2163 864 2486 937 imperium
2525 865 2787 921 devenit.
2820 865 2966 921 Cum
2998 868 3202 921 autem
3235 865 3520 922 omnibus
3558 866 3638 923 ob
3670 869 3819 925 Con-

2164 954 2410 1010 stantini
2439 959 2697 1010 mortem
2745 953 2886 1010 odio
2929 957 3153 1024 essent,
3192 970 3229 1010 a
3261 970 3505 1012 summa
3533 956 3822 1015 decidunt

2159 1048 2471 1116 potestate.
2514 1044 2838 1117 Expellitur
2861 1048 2918 1100 et
2955 1044 3218 1117 Pyrrhus
3252 1044 3331 1101 ab
3370 1044 3646 1115 ecclesia,
3670 1050 3727 1104 et
3753 1047 3817 1105 in

2155 1133 2557 1190 occidentales
2572 1138 2776 1206 partes
2787 1133 2849 1189 in
2861 1133 3137 1189 exsilium
3150 1134 3233 1190 ire
3245 1138 3268 1205 j
3279 1133 3512 1207 ubetur,
3522 1139 3814 1209 tanquam

2155 1220 2399 1293 perﬁdae
2424 1222 2797 1279 Constantini
2830 1222 3013 1279 caedis
3042 1239 3180 1278 cum
3205 1223 3566 1281 Heracleone
3595 1230 3653 1281 et
3672 1229 3817 1283 Mar-

2150 1310 2277 1367 tina
2328 1313 2652 1385 particeps,
2703 1316 2760 1369 et
2802 1313 2862 1368 in
2913 1313 3146 1383 regiam
3200 1313 3409 1369 sedem
3438 1313 3813 1372 Constantini

2147 1398 2307 1455 ﬁlius
2336 1400 2629 1458 Constans
2659 1402 2980 1469 invehitur,
3013 1402 3075 1457 in
3106 1402 3439 1475 episcopali
3465 1418 3611 1460 vero
3640 1404 3810 1462 insti-

2147 1489 2329 1545 tuitur
2353 1491 2577 1547 Paulus
2609 1492 2794 1562 Sergii
2830 1493 2885 1547 et
2913 1491 3124 1563 Pyrrhi
3161 1492 3477 1564 opiniones
3497 1492 3731 1552 fovens.

375 1577 571 1649 θρόνον
600 1579 625 1630 ὁ
675 1587 771 1633 τοῦ
808 1585 1221 1633 Κονισταντίνου
1260 1582 1371 1641 υίὸς
1428 1587 1673 1641 Κώνστας
1705 1578 1972 1651 ἀνάγεται,
2027 1575 2096 1637 εἰς
2142 1574 2203 1631 δὲ
2251 1583 2336 1632 τὸν
2390 1580 2763 1656 ἀρχιερατικὸν
2810 1581 3012 1642 Παῦλος
3062 1582 3432 1653 ὁμογνωμονῶν
3483 1586 3675 1656 Σεργίῳ
3714 1586 3801 1638 καὶ

363 1665 593 1740 nti-6‘69.

448 1752 526 1811 ὃν.
582 1757 702 1810 Ἐπὶ
771 1760 977 1810 τούτου
1036 1756 1304 1831 βασιλέως
1359 1760 1384 1811 6
1438 1757 1712 1832 φιλόσοφος
1762 1757 2024 1836 Μάξιμος,

364 1843 679 1921 ἆσηκρῆτις
734 1847 807 1897 ὢν
862 1852 962 1899 καὶ
1026 1850 1177 1919 παρὰ
1239 1846 1522 1919 βασιλεῦσι
1578 1851 1909 1920 τετιμημένος
1963 1847 2029 1897 τὰ

360 1939 631 2007 μέγιστα,
662 1940 846 1989 πάντα
884 1942 1105 2011 παρεὶς,
1155 1942 1215 1990 τὸ
1275 1936 1324 1990 ἐν
1377 1946 1441 2011 τῇ
1476 1938 1807 2011 Χρυσοπόλει
1857 1955 2026 1988 κατα-

353 2023 380 2075 )
389 2023 628 2096 αριϐάνει
701 2031 953 2099 μοναστὴ
959 2047 991 2102 ρ
1000 2046 1077 2079 ιον
1084 2070 1100 2094 ,

348 2115 524 2167 Θετοιι
562 2119 762 2189 τρίχα,
820 2119 895 2189 μὴ
964 2120 1131 2191 φέρων
1175 2121 1271 2175 τὴν
1329 2124 1429 2169 τῶν
1483 2116 1849 2174 Μονοθελητῶν
1888 2116 2027 2189 αἶρε-

348 2223 453 2256 σιν
522 2204 1048 2280 παρρησιαζομνην
1104 2207 1254 2277 ὁρᾲν,
1316 2203 1450 2278 μηδ’
1508 2205 1820 2279 ἀνεχόμενος
1896 2224 2024 2257 συν-

347 2289 602 2365 διάγειν,
638 2300 736 2347 καὶ
775 2303 1048 2347 κοινωνεῖν
1082 2295 1293 2368 ὁμιλίας
1326 2295 1536 2369 βασιλεί
1590 2301 1681 2348 καὶ
1710 2297 2020 2370 πατριάρχῃ

1850 2405 1913 2438 επ
1914 2404 2025 2437 ειτα

1181 2033 1272 2080 καὶ
1336 2032 1429 2086 τὴν
1501 2032 1763 2100 κοσμικὴν
1839 2025 2025 2079 ἀποτί-

345 2386 630 2457 εκθεσμον
699 2388 967 2444 τοιαύτην
1036 2385 1471 2459 ἐπικρατύνουσιν
1533 2388 1733 2461 αἵρεσιν
1768 2407 1781 2419 ο

350 2480 459 2527 καὶ
521 2475 593 2537 εἰς
637 2474 855 2548 Ῥώμην
914 2480 1012 2534 τὴν
1066 2477 1435 2550 μεγαλώνυμον
1485 2478 1714 2544 ἄπεισιν,
1756 2478 1878 2529 ἔνθα
1931 2463 2023 2527 διαὶ

346 2572 441 2614 τῶ
506 2564 693 2639 Πύρρῳ
742 2565 823 2627 εἰς
890 2562 1128 2628 διάλεξιν
1188 2566 1340 2624 ἦλθεν
1403 2565 1569 2619 ἐκεῖσε
1620 2568 2018 2640 παραγενομένῳ

348 2655 512 2724 μετὰ
568 2658 662 2712 τὴν
729 2655 1078 2729 καθαίρεσιν,
1149 2660 1241 2708 καὶ
1316 2657 1488 2708 πείθει
1562 2658 1650 2707 τὸν
1726 2654 2017 2726 ἁγιώτατον

346 2746 487 2794 τότε
566 2746 754 2797 πάπαν
832 2751 1101 2819 Μαρτὶνον
1166 2750 1389 2803 τοπικήν
1455 2743 1705 2818 ἀθροῖσαι
1771 2741 2012 2813 σύνοδον,

343 2836 456 2884 καὶ
538 2830 732 2885 δοῦναι
785 2842 863 2905 τῷ
926 2833 1220 2907 ἀναθέματι
1277 2837 1396 2895 τοὺς
1448 2834 1534 2886 ἐπὶ
1599 2840 1832 2907 Χριστοῦ
1888 2838 2012 2907 μίαν

351 2918 812 2993 δογματίζοντας
867 2923 1123 2982 θέλησιν·
1183 2923 1208 2975 ὃ
1266 2929 1355 2976 καὶ
1413 2928 1612 2996 γέγονε,
1672 2923 2012 2976 συνελθόντων

363 3009 702 3062 ἑπισκσπων
765 3012 941 3064 ἑκατὸν
1001 3017 1097 3065 σὺν
1157 3017 1303 3067 πέντε
1362 3019 1453 3066 καὶ
1519 3017 1734 3066 εἴκοσιν.
1786 3015 1877 3067 Ἐκ
1954 3010 2013 3068 δὲ

364 3107 484 3161 τῆς
573 3099 778 3172 Ῥώμης
853 3100 1134 3154 ἐπανελθὼν
1208 3102 1449 3175 Μάξιμος
1520 3105 1653 3175 μετὰ
1731 3110 1831 3154 τῶν
1915 3100 2012 3155 δύο

2208 1758 2262 1811 4.
2284 1757 2411 1822 Quo
2440 1758 3098 1831 imperante,Maximus
3117 1759 3520 1833 philosophus
3543 1761 3649 1833 qui
3669 1764 3798 1819 erat

2138 1858 2175 1899 a
2216 1847 2455 1903 secretis
2495 1853 2554 1904 et
2607 1849 2876 1905 maximo
2923 1848 3154 1905 honore
3208 1848 3287 1905 ab
3324 1849 3794 1922 imperatoribus

2135 1934 2464 2007 colebatur,
2496 1941 2725 1995 cunctis
2762 1938 2945 1995 rebus
2994 1938 3316 2007 abdicatis,
3373 1939 3793 2013 Chrysopolim

2133 2023 2194 2079 in
2225 2027 2660 2085 monasterium
2708 2028 3023 2101 quoddam
3054 2043 3117 2084 se
3143 2028 3413 2096 contulit,
3457 2029 3792 2102 capitisque

2133 2121 2562 2172 ornamentum
2588 2133 2832 2174 comam
2860 2117 3163 2190 deposuit,
3198 2133 3323 2174 non
3350 2119 3656 2175 sustinens
3675 2121 3793 2177 Mo-

2134 2205 2561 2263 nothelitarum
2590 2208 2869 2265 haeresim
2898 2211 3066 2266 tanta
3103 2208 3361 2265 audacia
3378 2207 3590 2266 fretam
3622 2208 3789 2266 vide-

2133 2309 2215 2362 re,
2240 2310 2437 2370 neque
2461 2297 2672 2354 valens
2693 2298 3041 2355 conversari
3068 2303 3127 2355 et
3145 2297 3407 2371 colloqui
3423 2314 3563 2355 cum
3590 2299 3788 2371 impe-

2132 2388 2329 2442 ratore
2355 2402 2424 2443 ac
2448 2388 2794 2461 patriarcha
2820 2389 2979 2445 hanc
2997 2404 3344 2462 perversam
3372 2389 3655 2446 haeresim
3688 2388 3790 2447 de-

2131 2472 2543 2533 fendentibus.
2602 2477 2826 2533 Deinde
2855 2478 2918 2534 in
2945 2478 3249 2550 insignem
3290 2477 3504 2535 urbem
3529 2481 3785 2536 Romam

2128 2564 2545 2635 proﬁciscitur,
2561 2572 2618 2624 et
2637 2580 2776 2623 cum
2802 2569 3028 2641 Pyrrho
3048 2568 3151 2640 qui
3172 2567 3313 2624 illuc
3333 2570 3469 2641 post
3488 2583 3663 2625 suam
3684 2568 3785 2627 de-

2126 2654 2490 2724 positionem
2522 2656 2940 2728 descenderat,
2963 2659 3023 2713 in
3051 2657 3422 2730 colloquium
3444 2658 3624 2725 venit,
3649 2673 3781 2731 per-

2127 2744 2437 2817 suasitque
2477 2745 2863 2802 sanctissimo
2903 2749 3079 2818 Papae
3136 2746 3386 2802 Martino
3422 2749 3489 2802 ut
3523 2745 3783 2804 localem

2124 2833 2429 2906 synodum
2454 2840 2809 2892 convocaret
2828 2835 3318 2907 anathematique
3336 2834 3656 2906 subjiceret
3672 2848 3782 2894 e03

2121 2923 2226 2996 qui
2252 2924 2495 2980 unicam
2524 2926 2586 2980 in
2618 2925 2849 2981 Christo
2868 2924 3242 2981 voluntatem
3275 2939 3412 2980 esse
3453 2924 3783 2984 docebant.-

2124 3014 2265 3079 Quae
2293 3018 2626 3070 convocata
2653 3018 2760 3080 est,
2792 3017 3326 3086 conveneruntque
3355 3012 3623 3086 episcopi
3642 3029 3779 3071 cen-

2124 3108 2251 3158 tum
2282 3103 2551 3176 quinque
2581 3106 2635 3160 et
2670 3104 2900 3175 viginti.
2933 3104 3262 3176 Postquam
3285 3118 3427 3160 vero
3455 3104 3647 3161 Roma
3681 3118 3777 3160 re-

367 3189 763 3242 Ἀναστασίων
817 3198 918 3241 τῶν
975 3191 1139 3244 αὐτοῦ
1192 3193 1463 3264 μαθητῶν,
1501 3193 1602 3245 ὑπὸ
1647 3201 1740 3253 τῆς
1780 3191 2009 3263 συγκλή-

2131 3191 2231 3248 diit
2280 3167 2571 3250 hlaximus
2600 3167 3012 3251 cum'duobus
3062 3167 3403 3249 Athanasiis
3442 3193 3577 3265 ejus
3601 3193 3779 3250 disci-

351 3300 462 3333 του
510 3278 812 3344 εὐθύνεται,
864 3284 955 3332 καὶ
1009 3282 1149 3333 κατὰ
1198 3286 1293 3339 τὴν
1325 3283 1539 3357 Θρᾴκην
1587 3288 1789 3356 φρουρᾷ
1838 3301 2015 3356 παρα-

357 3365 628 3432 δίδοται,
674 3365 791 3421 εἶτα
839 3374 932 3422 καὶ
971 3375 1066 3428 τὴν
1110 3378 1272 3443 χεῖρα
1325 3375 1416 3423 καὶ
1466 3375 1554 3429 τὴν
1607 3370 1838 3443 γλῶτταν
1876 3369 2012 3423 ἑκτέ-

363 3477 565 3529 μνεται
627 3462 765 3531 μετὰ
825 3465 917 3511 καὶ
984 3468 1084 3511 τῶν
1149 3460 1311 3512 αὐτοῦ
1369 3462 1617 3532 μαθητῶν
1655 3476 1672 3491 ⁸
1733 3459 1861 3512 ἀλλὰ
1924 3465 2016 3512 καὶ

369 3554 649 3623 Maps-Eva;
717 3551 745 3600 6
816 3548 1109 3620 ἁγιώτατος
1185 3547 1592 3623 ἑκσφενδονᾶται
1661 3557 1755 3603 τοῦ
1832 3552 2013 3623 θρόνου

366 3644 468 3690 καὶ
513 3639 781 3712 ὑπερορίᾳ
829 3634 1275 3705 καταδικάζεται,
1479 3643 1686 3693 καὶτὸν
1728 3638 1844 3713 βίον
1892 3642 2014 3693 άπέ-

374 3725 519 3781 λιπε.

459 3816 514 3868 ε’.
577 3823 681 3868 Τοῦ
753 3813 814 3870 δὲ
872 3823 1212 3880 Κώνσταντος
1270 3817 1675 3882 τελευτήσαντος
1741 3820 1767 3871 ό
1823 3821 2010 3871 τούτου

384 3912 519 3965 παῖς
583 3912 995 3973 Κωνσταιτίνος,
1052 3907 1104 3968 ὃς
1168 3908 1474 3967 ἐπεκέκλητο
1523 3910 1861 3980 Πωγωνάτος,
1920 3911 2012 3967 τὴν

386 3992 675 4066 βασιλείαν
740 3997 1073 4071 παρείληφε·
1144 4003 1237 4050 καὶ
1296 3998 1443 4059 οὗτος
1500 3995 1783 4074 ὀρθὸδοξος
1847 3999 1913 4049 ὣν
1963 3997 2011 4050 ἐν

386 4085 938 4139 Κωνσταντινουπολει
1030 4083 1254 4139 σύνοδον
1337 4093 1733 4162 συνεκρότησεν,
1822 4087 2011 4140 ἐνώσαι

378 4177 476 4236 τὰς
535 4174 855 4236 Ἐκκλησίας
909 4175 1246 4249 γλιχόμενος,
1303 4178 1366 4239 ἧς
1427 4180 1650 4250 ἡγοῦντο
1713 4197 2007 4253 τοποτηρη-

371 4270 462 4318 ταὶ
533 4273 633 4317 τοῦ
703 4267 861 4318 πάπα
906 4265 1111 4339 Ῥώμης
1167 4266 1478 4339 Ἀγάθωνος,
1538 4273 1793 4342 Γεὼργιος
1858 4274 2005 4320 Κων-

1773 4356 2006 4420 ’Δλεξαν-

735 4446 833 4498 οὐκ
883 4443 946 4504 ἦν
998 4449 1366 4522 πατριάρχης,
1406 4448 1523 4500 οὔτε
1564 4452 1668 4521 μὴν
1718 4446 2003 4521 Ἱεροσολύ-

369 4355 889 4423 σταντινουπόλεως,
959 4359 1228 4429 Θεοφάνης
1311 4357 1632 4430 Ἀντιοχείας
1683 4379 1695 4390 ·

365 4443 557 4519 δρείας
622 4443 684 4499 δέ

370 4556 529 4605 μω·

371 4643 462 4676 ται
500 4631 820 4699 κατείχοντο
856 4647 868 4658 ·
926 4630 1016 4678 καὶ
1072 4633 1328 4699 κυροῦται
1373 4630 1433 4678 τὸ
1492 4623 1590 4679 δύο
1644 4626 1877 4687 θελησεις
1912 4633 2003 4680 καὶ

383 4711 480 4767 δύο
550 4716 802 4790 ἐνεργείας
890 4718 978 4769 ἐπὶ
1045 4722 1141 4768 τοῦ
1222 4716 1331 4778 ἑνὸς
1388 4724 1626 4790 Χριστοῦ
1691 4722 1781 4769 καὶ
1854 4717 2000 4789 λέγε-

379 4808 504 4857 σθαι
570 4813 658 4861 καὶ
723 4807 1110 4860 πιστεύεσθαι.
1191 4805 1671 4866 Καθυπεϐλὴθησαν
1747 4803 1805 4858 δὲ
1878 4805 2000 4859 ἀνα-

384 4897 560 4967 θέματι
611 4900 659 4951 οἱ
733 4899 1048 4974 προστάται
1126 4903 1222 4957 τῆς
1300 4903 1397 4946 τῶν
1470 4895 1837 4955 Μονοθελητῶν
1914 4899 1996 4948 αἱ-

380 4990 572 5056 ρέσεως,
643 4989 687 5042 εἰ
760 4993 857 5041 καὶ
937 4990 1005 5039 τὸ
1087 4985 1189 5057 ζῇν
1264 4985 1679 5060 προκατελυσαν,
1753 4985 2000 5059 Ὀνώριος

378 5070 575 5148 Ῥώμης,
638 5087 803 5157 Κῦρος
878 5071 1320 5148 ’Δὶ-εξανὸρείας,
1404 5078 1612 5151 Σέργιος
1689 5079 1779 5127 καὶ
1862 5074 1997 5151 Πῦρ-

376 5163 469 5238 ρθς,
538 5170 730 5235 Παῦλος
805 5191 862 5225 τε
937 5171 1039 5221 καὶ
1114 5167 1318 5235 Πέτρος
1384 5163 1996 5227 Κωνσταντινουπόλεως,

366 5263 605 5342 Μακέωοὲ
680 5266 1097 5336 Ἀντιοχείας,
1197 5258 1290 5306 καὶ
1377 5256 1402 5306 ό
1484 5260 1672 5308 τούτου
1749 5262 2001 5329 φοιτητὴς

346 5360 585 5432 Στέφανος,
657 5365 753 5413 καὶ
828 5358 858 5409 ὸ
935 5349 1269 5418 νηπιόφρων
1330 5343 1730 5418 Πο)-υχρὸνιος’
1800 5347 1998 5417 ἠγωνί-

336 5429 471 5506 σαντο
495 5450 554 5509 δὲ
578 5456 723 5509 κατὰ
751 5450 988 5505 ταύτην
1057 5440 1165 5494 τὴν
1223 5429 1443 5485 σύνοδον
1480 5435 1712 5507 μάλιστα
1741 5435 1868 5508 ὑπὲρ
1907 5444 1999 5489 τοῦ

619 5546 951 5620 δόγματος,
1064 5529 1335 5596 Στέφανος
1420 5524 1724 5601 Ἡρακλείας
1797 5530 1997 5579 Πόντου

305 5644 580 5713 ἐπίσκοπος,
631 5600 782 5714 ἀνᾏρ
852 5631 1064 5699 λόγιος
1110 5619 1212 5668 καὶ
1268 5621 1462 5685 μικροῦ
1514 5620 1687 5667 πᾶσαν
1724 5619 1817 5672 τὴν
1858 5617 1996 5669 θείαν

296 5745 471 5800 Γοανήν
503 5702 595 5793 ἐπ”ὶ
630 5702 947 5789 στὸ.αατος
981 5714 1206 5788 φέρων,
1238 5707 1333 5755 καὶ
1367 5702 1609 5765 Ἰωάννης
1641 5703 1910 5761 ’Δθηνών,

326 5800 329 5803 λ
392 5798 398 5803 λ
548 5778 563 5790 ⁹
742 5787 753 5803 ⁸

323 5800 331 5819 ι
389 5798 398 5814 Ι

325 5548 527 5613 ἣπῶπ

610 4538 716 4588 ὑπὸ
793 4539 899 4607 γὰρ
976 4545 1079 4587 τῶν
1156 4535 1496 4611 Σαρρακηνῶν
1561 4538 1616 4588 αἱ
1676 4536 1843 4598 πόλεις
1908 4538 2000 4589 αὖ·
2034 4522 2079 4577 Ῑ)

2121 3282 2297 3355 pulis,
2341 3299 2378 3339 a
2426 3288 2638 3340 senatu
2665 3283 3146 3357 reprehenditur,
3186 3283 3324 3339 etin
3351 3283 3668 3340 Thraciam
3694 3300 3784 3342 re-

2121 3371 2357 3442 legatus
2386 3373 2819 3430 custodiendus
2849 3373 3122 3444 traditur,
3148 3372 3366 3429 deinde
3395 3376 3453 3429 et
3478 3389 3703 3430 manus
3725 3378 3783 3430 et

2120 3461 2329 3533 lingua
2359 3462 2554 3536 ipsius
2594 3466 2650 3520 et
2689 3464 2819 3535 ejus
2866 3461 3304 3535 discipulorum
3363 3466 3780 3535 amputantur.

2124 3551 2240 3607 Sed
2263 3555 2322 3607 et
2349 3552 2764 3609 sanctissimus
2791 3552 3073 3609 Martinus
3117 3568 3155 3608 a
3199 3566 3311 3607 sua
3361 3550 3504 3608 sede
3531 3551 3780 3624 deponi-

2122 3644 2238 3704 tur,
2271 3645 2329 3697 et
2358 3642 2437 3697 ad
2458 3642 2734 3699 exsilium
2764 3641 3111 3711 damnatur,
3134 3641 3195 3699 in
3226 3657 3349 3714 quo
3371 3644 3429 3698 et
3457 3657 3490 3697 e
3518 3641 3643 3699 vita
3670 3641 3780 3700 mi-

2122 3731 2334 3802 gravit.

2194 3824 2244 3875 5.
2303 3822 2621 3876 Constante
2672 3825 2934 3888 mortuo,
2977 3821 3106 3892 ejus
3133 3820 3294 3877 ﬁlius
3349 3822 3777 3879 Constantinus

2119 3910 2221 3983 qui
2240 3913 2580 3979 Pogonatus
2599 3909 3404 3981 cognominabatur,regiam
3421 3909 3777 3981 dignitatem

2120 4000 2368 4072 accepit.
2405 3999 2516 4065 Qui
2547 4015 2684 4054 cum
2731 3999 3107 4055 orthodoxus
3152 4001 3331 4065 esset,
3363 3998 3777 4054 Constantino-

2117 4088 2305 4162 polim
2336 4088 2641 4163 synodum
2666 4087 3172 4159 coegit,ecclesias
3191 4088 3465 4143 adunare
3496 4086 3770 4160 cupiens,

2116 4180 2213 4235 cui
2276 4184 2574 4252 praeerant
2630 4179 2882 4236 Romani
2933 4194 3111 4252 papae
3171 4178 3500 4249 Agathonis
3541 4177 3773 4251 vicarii,

2115 4269 2401 4341 Georgius
2428 4267 3398 4341 Constantinopolis,Theophanes
3423 4266 3770 4324 Antiochiae.

2113 4358 2471 4414 Alexandria
2500 4373 2643 4413 vero
2671 4373 2795 4415 non
2820 4356 3086 4413 habebat
3123 4355 3534 4429 patriarcham
3573 4371 3773 4428 neque

2110 4447 2531 4520 Hierosolyma
2564 4467 2577 4517 ;
2614 4462 2652 4503 a
2682 4445 3026 4504 Sarracenis
3065 4444 3220 4501 enim
3248 4445 3342 4502 hee
3371 4445 3554 4501 urbes
3596 4459 3773 4501 oecu-

2111 4541 2265 4609 patae
2332 4540 2543 4604 erant;
2603 4534 3064 4606 decerniturque
3126 4534 3281 4590 duas
3326 4531 3665 4590 voluntates
3706 4536 3772 4589 et

2110 4627 2264 4682 duas
2285 4627 2662 4698 operationes
2689 4625 2750 4680 in
2774 4624 3003 4680 Christo
3033 4639 3168 4679 esse
3201 4622 3527 4679 dicendum
3564 4627 3622 4679 et
3646 4637 3770 4679 cre-

2109 4716 2266 4773 dend
2278 4715 2551 4785 um.Subj
2561 4715 2672 4770 ecti
2701 4720 2905 4770 autem
2928 4716 3071 4770 sunt
3084 4712 3454 4771 anathemati
3469 4710 3768 4770 Monothe-

2106 4806 2348 4863 litarum
2378 4803 2623 4862 haeresis
2675 4803 2996 4876 principes,
3041 4802 3150 4859 etsi
3188 4802 3319 4874 jam
3342 4802 3543 4858 vivere
3580 4801 3772 4859 desie«

2106 4903 2266 4965 rant,
2292 4896 2584 4952 Honorius
2615 4897 2839 4960 Romae,
2867 4895 3052 4966 Cyrus
3094 4892 3494 4962 Alexandria,
3526 4892 3766 4963 Sergius

2109 4994 2165 5045 et
2189 4987 2471 5060 Pyrrhus,
2501 4985 2845 5057 Paulusque
2868 4991 2925 5041 et
2948 4987 3154 5040 Petrus
3193 4981 3763 5055 Constantinopolis,

2108 5077 2395 5135 Macarius
2420 5074 2769 5145 Antiochiae,
2803 5077 2861 5130 et
2890 5072 3388 5145 Stephanus,ejus
3406 5069 3763 5143 discipulus,

2109 5172 2165 5223 et
2187 5168 2435 5223 insanus
2457 5162 2911 5236 Polychronius.
2932 5166 3279 5234 Pugnavere
3300 5161 3360 5216 in
3381 5160 3497 5217 hac
3527 5160 3766 5233 synodo

2107 5273 2219 5330 pro
2242 5256 2345 5328 pio
2373 5254 2659 5325 dogmate
2683 5252 2981 5326 imprimis
3001 5252 3340 5324 Stephanus
3375 5249 3673 5308 Heracleas
3700 5251 3765 5309 in

2109 5350 2295 5403 Ponto
2314 5347 2654 5419 episcopus,
2687 5344 2778 5400 vir
2802 5343 3060 5399 disertus
3092 5346 3151 5399 et
3178 5340 3299 5398 fere
3333 5354 3579 5399 omnem
3609 5339 3767 5399 divi-

2107 5452 2254 5492 nam
2286 5435 2655 5508 Scripturam
2684 5433 2747 5489 in
2771 5431 2950 5489 labiis
2975 5431 3195 5498 ferens,
3211 5434 3269 5488 et
3293 5432 3558 5488 Joannes
3588 5430 3765 5488 Athe-

2107 5541 2326 5583 narum
2334 5568 2346 5582 .
