4136 6386
587 335 658 390 87
1932 330 2200 388 meum
2238 329 2623 389 CHONIATJE
3891 348 3959 405 δε

587 456 923 546 ἄπειίηίαηί
950 455 1210 546 piissimi
1229 455 1610 546 imperatoris
1632 471 1708 515 ea:
1731 458 1985 546 ερξειοζα
2002 457 2248 528 ειοφπιι⁴

2362 458 2737 546 Ἰουστινιανού
2765 470 2858 546 τού
2912 464 3287 522 εὐσεϐεστάτου
3320 469 3577 542 βασιλέως
3606 470 3664 523 ἐκ
3710 477 3816 546 τῆς
3840 473 3961 546 πρὸς

661 531 779 587 tica
807 528 888 585 ad
943 529 1182 585 Zoilum
1212 529 1610 587 Alexandriae
1654 531 2096 586 sanctissimum
2137 545 2248 600 pa-

661 600 992 658 triarcham

663 712 827 768 Unus
856 714 946 767 est
963 726 1107 781 ergo
1144 710 1431 782 Christus,
1471 726 1597 767 non
1627 710 1869 768 sublata
1892 714 2249 768 naturarum

590 799 928 858 differentia
952 816 1058 872 per
1080 799 1450 857 ineffabilem
1473 800 1781 871 unionem,
1820 801 2082 857 Verbum
2121 817 2247 857 cre-

591 890 752 948 ditus
789 890 1100 963 homoque
1146 890 1335 946 visus.
1392 894 1508 947 Nec
1560 895 1765 947 autem
1812 890 1958 948 unio
2004 891 2251 949 commi-

593 978 851 1036 stionem
873 978 1144 1048 exclusit,
1181 994 1292 1035 nec
1319 977 1655 1037 differentia
1683 978 2160 1037 substantiarum
2187 979 2249 1036 in

593 1084 667 1126 eo
696 1067 1048 1125 scissionem
1098 1072 1203 1125 aut
1254 1068 1609 1124 divisionem
1647 1069 1928 1125 admittit.
1970 1069 2252 1127 Miracula

592 1158 756 1215 enim
782 1158 995 1215 Christi
1019 1157 1313 1228 videntes,
1341 1157 1499 1214 illius
1529 1157 1905 1216 divinitatem
1955 1158 2250 1231 praedica-

592 1262 755 1319 mus,
781 1246 1160 1304 inﬁrmitates
1199 1263 1342 1304 vero
1374 1247 1784 1319 inspicientes,
1813 1247 2253 1305 humanitatem

593 1337 725 1409 ejus
751 1353 877 1395 non
905 1336 1255 1406 difﬁtemur;
1282 1354 1394 1394 nec
1424 1337 1715 1394 miracula
1746 1338 1873 1396 sine
1903 1354 2103 1410 carne,
2144 1354 2254 1396 nec

593 1428 826 1501 absque
838 1427 1147 1484 divinitate
1158 1426 1786 1484 inﬁrmitates.Verum
1802 1432 2000 1485 autem
2025 1444 2148 1486 non
2169 1433 2259 1485 est

593 1517 791 1574 dicere
817 1516 1021 1590 ipsum
1050 1532 1180 1573 esse
1203 1532 1454 1589 passum
1485 1521 1543 1573 et
1573 1533 1698 1574 non
1726 1533 1974 1590 passum
2000 1535 2012 1586 ;
2036 1534 2255 1592 passus

591 1611 681 1664 est
708 1605 1131 1680 quidem,quia
1149 1606 1467 1679 proprium
1494 1607 1624 1679 ejus
1646 1624 1866 1681 corpus
1896 1608 2253 1681 patiebatur,

593 1700 775 1769 atque
802 1696 866 1752 in
905 1711 1158 1769 corpore
1203 1696 1334 1767 ejus
1382 1695 1576 1753 inerat
1621 1696 1729 1769 qui
1755 1712 1882 1754 non
1930 1702 2255 1770 pateretur,

2430 531 2620 619 Ζὲωῐλον
2677 537 2765 619 τόν
2799 533 3116 619 ’ἁγιώτατον
3147 531 3507 619 ιπατρίάρχην
3564 531 3963 618 ίἈλεξανδρέίας

2432 600 2728 677 δογματικῆ
2742 627 2763 669 ς
2792 600 3065 672 ἐπίστολῆς

2434 711 2501 773 ζ’.
2577 712 2664 773 Εἷς
2738 710 2824 766 οὖν
2902 715 3041 769 ἐστιν
3118 719 3144 771 6
3220 723 3474 794 Χριστὸς,
3545 720 3640 774 ούκ
3714 720 3964 794 ἀνῃμένης

2359 808 2454 863 τῆς
2483 808 2583 854 τῶν
2642 805 2842 875 φύσεων
2883 801 3139 882 διαφορᾶς
3180 805 3276 863 διὰ
3310 814 3405 869 τὴν
3444 812 3711 885 ἄφραστον
3759 810 3963 891 ἕνωσιν,

2361 894 2517 963 Δόγος
2568 894 2839 965 νοούμενος
2896 900 2985 949 xui.
3048 898 3318 973 ἄνθρωπος
3379 901 3723 976 θεωρούμενος
3755 914 3770 930 '
3849 903 3966 952 οὔτε

2360 984 2460 1056 γὰρ
2562 983 2590 1040 ἠ
2686 983 2863 1045 ἓνωσις
2939 988 3210 1058 σύγχυσιν
3286 987 3664 1064 ἀπειργάσατο,
3740 992 3857 1042 οὔτε
3932 990 3961 1048 ἡ

2364 1068 2593 1146 διαφορὰ
2647 1081 2747 1125 τῶν
2811 1075 2860 1127 ἓν
2914 1075 3051 1146 αύτῷ
3118 1077 3308 1131 οὐσιῶν
3366 1084 3528 1153 τομὴν
3576 1083 3742 1133 εἵτουν
3818 1075 3967 1132 διαί-

2361 1180 2506 1235 ρεσιν
2559 1158 2892 1234 ἐπιδέχεται.
2966 1165 3247 1231 Βλέποντες
3296 1171 3400 1245 γάρ
3458 1177 3549 1223 τοῦ
3614 1175 3849 1246 Χριστοῦ
3904 1171 3970 1222 τὰ

2366 1252 2627 1324 θαύματα,
2689 1254 3011 1327 κηρύττομεν
3070 1256 3230 1310 αὑτοῦ
3285 1263 3379 1318 τὴν
3429 1261 3650 1317 θεότητα
3680 1276 3693 1288 ⁶
3753 1260 3970 1334 ὁρῶντες

2366 1342 2527 1394 αὐτοῦ
2566 1344 2632 1394 τά
2669 1345 2835 1414 πάθη,
2890 1344 2984 1396 οὐκ
3051 1343 3349 1421 ἀρνούμεθα
3404 1348 3565 1402 αὑτοῦ
3619 1352 3713 1409 τὴν
3776 1347 3974 1423 ἀνθρω-

2364 1436 2570 1490 πότητα
2602 1449 2614 1463 ·
2673 1429 2797 1486 οὐδὲ
2853 1437 2919 1487 1'6:
2975 1436 3218 1508 θαύματα
3274 1433 3415 1509 δίχα
3473 1441 3691 1513 σαρκὸς,
3746 1433 3871 1490 οὐδὲ
3910 1438 3974 1489 τὰ

2365 1523 2507 1580 πάθη
2548 1525 2720 1595 χωρὶς
2774 1531 2865 1584 τῆς
2924 1525 3181 1597 θεότητος.
3234 1531 3336 1580 Καὶ
3375 1529 3491 1581 ἔστι
3540 1524 3841 1602 παράδοξόν
3895 1527 3977 1579 ὅτι

2369 1610 2525 1671 αύτός
2556 1607 2615 1669 ἦν
2643 1612 2668 1662 6
2697 1613 2946 1685 πάσχων²
2972 1619 3062 1666 καὶ
3091 1618 3163 1687 μὴ
3205 1616 3461 1687 πάσχων
3493 1618 3721 1689 πάσχων
3748 1618 3859 1689 μὲν,
3894 1617 3975 1668 ὅτι

2367 1703 2425 1752 τό
2456 1697 2594 1753 ἴδιον
2614 1700 2773 1754 αὐτοῦ
2802 1705 3009 1776 ἔπασχε
3041 1712 3194 1778 σῶμα
3221 1722 3232 1736 ⁸
3289 1711 3377 1758 καὶ
3403 1705 3451 1760 ἐν
3491 1706 3633 1781 αὐτῷ
3661 1714 3734 1778 τῷ
3765 1711 3977 1779 σώματι

593 1785 821 1877 scilicet
841 1785 948 1858 qui
985 1789 1204 1842 natura
1250 1785 1409 1842 Deus
1452 1790 1596 1849 erat,
1637 1802 1784 1844 nam
1816 1786 2086 1844 Verbum
2124 1793 2252 1845 erat

2371 1785 2430 1849 ἦν
2456 1794 2528 1863 μὴ
2580 1793 2806 1862 πάσχων
2835 1793 2861 1844 ὁ
2900 1800 2962 1865 τῇ
3007 1795 3156 1866 φύσει
3213 1798 3339 1856 Θεὸς
3385 1796 3475 1862 ὢν,
3507 1798 3533 1848 6
3572 1802 3739 1868 Λόγος
3767 1794 3975 1857 ἀπαθὴς

590 1870 989 1950 impassibile.
1018 1878 1157 1933 Erat
1178 1876 1571 1949 incorporeus
1594 1876 1657 1932 in
1688 1892 1939 1950 corpore
1961 1877 2259 1950 passibili,

593 1981 936 2040 corpusque
962 1967 1093 2037 ejus
1120 1964 1186 2021 in
1241 1966 1565 2038 semetipso
1593 1965 1862 2024 habebat
1888 1966 2259 2040 impassibile

590 2055 877 2124 Verbum,
932 2053 1306 2112 inﬁrmitates
1356 2054 1547 2128 ipsius
1594 2057 1865 2127 corporis
1924 2055 2250 2126 auferens;

591 2144 1077 2218 unumquodque
1128 2145 1290 2200 enim
1326 2143 1512 2201 altero
1571 2146 1896 2202 comitante
1951 2150 2255 2217 operatur,

587 2237 764 2310 juxta
809 2233 979 2309 quod
1021 2234 1334 2307 proprium
1382 2234 1695 2303 habuerit;
1728 2234 1918 2291 Verbo
1965 2236 2133 2308 quod
2164 2241 2256 2293 est

590 2326 787 2396 Verbi,
819 2341 1071 2399 corpore
1097 2341 1243 2382 vero
1275 2326 1441 2399 quod
1468 2329 1557 2382 est
1584 2326 1853 2399 corporis
1886 2326 2250 2399 perﬁciente.

595 2417 687 2476 Sic
717 2416 881 2473 enim
929 2415 1105 2472 docet
1135 2420 1382 2472 sanctus
1413 2414 1683 2487 Cyrillus,
1716 2415 1779 2471 in
1808 2415 2107 2472 tricesimo
2165 2432 2255 2472 se-

592 2507 795 2563 cundo
826 2521 1103 2562 sermone
1137 2504 1443 2576 Thesauri,
1481 2505 1544 2560 in
1571 2504 1902 2579 Epistolam
1927 2504 2007 2561 ad
2038 2508 2252 2562 Roma-

591 2613 726 2655 nos:
744 2597 1104 2669 Neutiquam
1122 2611 1307 2653 unam
1325 2611 1459 2652 esse
1483 2598 1895 2669 operationem
1911 2596 2251 2653 naturalem

585 2687 689 2745 Dei
713 2691 772 2743 et
809 2690 1094 2744 creaturae
1141 2686 1434 2753 dicemus,
1462 2685 1546 2741 ita
1574 2690 1640 2742 ut
1667 2701 1779 2742 nec
1807 2686 1975 2759 quod
2021 2687 2251 2745 factum

584 2781 679 2835 est
697 2778 776 2835 ad
802 2776 1209 2833 substantiam
1239 2775 1512 2832 divinam
1547 2775 1900 2847 referamus,
1933 2792 2043 2833 nec
2082 2776 2250 2849 quod

582 2867 805 2924 divina:
834 2871 1068 2924 naturas
1116 2864 1418 2939 peculiare
1449 2869 1539 2922 est
1575 2865 1637 2921 in
1677 2864 1880 2922 locum
1932 2866 2249 2939 proprium

582 2956 820 3029 genitis,
851 2955 1293 3028 deprimamus.
1356 2954 1520 3010 Idem
1551 2957 1795 3010 sanctus
1843 2955 2033 3026 Pater,
2067 2955 2130 3010 in
2155 2955 2248 3011 his

582 3062 720 3119 quae
741 3045 822 3102 ad
847 3044 1405 3114 Theodosium,nos
1436 3043 1649 3099 eadem
1682 3042 1885 3100 docet:
1908 3046 2118 3100 Totum
2142 3043 2247 3101 toti

580 3135 820 3193 unitum
848 3134 1033 3191 fuisse
1073 3138 1295 3191 nostrae
1332 3131 1696 3188 humanitati
1733 3132 1993 3189 Verbum
2020 3132 2094 3189 de
2125 3136 2246 3189 Deo

582 3225 882 3283 dicimus:
915 3239 1039 3280 non
1066 3222 1231 3280 enim
1271 3221 1543 3288 forsitan,
1572 3221 1736 3293 quod
1785 3222 2002 3278 melius
2054 3227 2141 3279 est
2186 3222 2250 3279 in

581 3314 781 3383 nobis,
819 3312 882 3370 id
911 3316 1005 3373 est
1045 3312 1338 3378 animam,
1369 3309 1537 3366 nullo
1561 3309 1751 3365 verbo
1795 3310 2125 3382 judicasset
2166 3312 2251 3369 di-

583 3418 774 3472 gnum
800 3401 916 3459 soli
943 3400 1114 3458 carni
1138 3415 1328 3472 quam
1366 3396 1751 3453 inhabitabat
1773 3398 1957 3455 verba
1984 3400 2252 3458 tradens.

580 3489 714 3548 Istis
744 3491 1050 3548 ambabus
1082 3488 1237 3545 bene
1273 3487 1628 3560 mysterium
1664 3488 2017 3545 oeconomiae
2046 3490 2255 3562 imple-

580 3583 710 3649 bat;
728 3596 910 3638 carne
934 3583 998 3636 ut
1015 3579 1416 3635 instrumento
1437 3576 1715 3633 utebatur
1732 3578 1808 3633 ad
1830 3593 2017 3650 opera
2032 3581 2251 3645 carnis,

582 3668 964 3733 inﬁrmitates
997 3667 1221 3723 scilicet
1245 3682 1314 3723 ac
1336 3681 1740 3739 quaecumque
1761 3665 2048 3725 abessent
2074 3685 2108 3726 a
2132 3670 2254 3725 cul-

583 3774 688 3833 pa;
708 3758 915 3815 anima
928 3772 1072 3813 vero
1089 3756 1168 3813 ad
1183 3756 1459 3813 humana
1474 3753 1879 3828 innoxiasque
1903 3758 2220 3828 passiones
2239 3776 2252 3826 ;

585 3847 806 3904 dicitur
857 3846 1020 3904 enim
1059 3844 1358 3913 esuriisse,
1403 3860 1476 3900 ex
1530 3843 1730 3914 longis
1766 3844 2080 3901 itineribus
2125 3846 2253 3903 fati-

584 3937 859 4011 gationes
878 3935 1258 4002 sustinuisse,
1279 3935 1582 4000 timorem,
1607 3935 1916 4000 terrorem,
1931 3935 2222 3993 tristitiam
2236 3975 2250 4002 ,

586 4027 873 4098 agoniam
926 4030 1110 4099 atque
1160 4026 1225 4082 in
1264 4040 1437 4081 cruce
1475 4027 1753 4080 mortem.
1809 4027 2103 4098 Namque,
2152 4043 2254 4084 ne-

586 4117 751 4173 mine
776 4114 1325 4187 cogente,animam
1346 4129 1520 4170 suam
1538 4128 1647 4184 pro
1671 4112 1849 4169 nobis
1872 4129 1908 4169 a
1929 4114 2129 4187 seipso
2148 4133 2250 4190 po-

590 4205 733 4275 suit,
764 4211 830 4261 ut
869 4206 1142 4262 vivorum
1196 4209 1377 4274 atque
1421 4206 1793 4257 mortuorum
1844 4202 2250 4275 dominetur“,

588 4309 955 4367 carnemque
969 4309 1146 4350 suam
1158 4292 1433 4349 omnium
1447 4291 1612 4346 carni
1625 4290 1882 4346 reddens
1895 4293 2125 4365 aequale
2137 4297 2250 4353 do-

587 4401 759 4456 num,
778 4383 1049 4441 animam
1067 4398 1178 4456 pro
1200 4382 1404 4439 anima
1421 4380 1683 4453 pretium
1704 4381 1977 4437 omnium
2001 4383 2248 4442 faciens.

592 4475 651 4534 Si
671 4479 876 4531 autem
912 4473 1130 4530 iterum
1149 4471 1272 4529 vita
1290 4473 1575 4528 revocata
1599 4468 1793 4537 fuerit,
1814 4486 1885 4527 eo
1912 4473 2077 4545 quod
2098 4482 2253 4532 esset

588 4565 768 4631 Deus,
797 4564 1158 4628 resurrexit;
1192 4576 1316 4617 non
1336 4562 1498 4617 enim
1529 4564 1684 4617 certe
1723 4559 1959 4631 justum
1982 4569 2141 4620 esset
2166 4565 2252 4621 di-

589 4669 722 4710 cere
748 4651 1166 4714 carnem,olim
1185 4649 1378 4707 Verbo
1409 4651 2051 4727 unitam,corruptione
2072 4669 2253 4726 posse

589 4741 1268 4814 detineri,animamque
1296 4740 1564 4799 divinam
1585 4743 1784 4816 ipsius
1809 4744 2025 4800 inferni
2055 4749 2255 4817 porta-

587 4849 726 4890 rum
744 4831 873 4889 ﬁeri
896 4831 1200 4903 captivam
1219 4846 1232 4883 :
1250 4830 1386 4887 Non
1408 4831 1729 4891 derelictus
1749 4838 1830 4892 est
1851 4835 1913 4891 in
1930 4836 2169 4905 inferno
2184 4834 2251 4905 δ’,

585 4924 759 4996 juxta
784 4921 954 4995 quod
1001 4919 1143 4976 dicit
1197 4925 1443 4977 sanctus
1484 4923 1713 4980 Petrus.
1763 4927 1889 4980 Non
1931 4929 2133 4980 autem
2172 4922 2261 4982 di-

590 5012 855 5071 cendum
883 5016 973 5067 est
1000 5013 1284 5067 naturam
1322 5011 1453 5082 ejus
1481 5012 2050 5088 incomprehensam
2076 5013 2259 5070 indis-

590 5104 978 5174 solutamque
1007 5099 1256 5156 omnino
1294 5099 1478 5158 fuisse
1509 5109 1725 5174 morte,
1755 5103 1862 5159 sed
1882 5103 2258 5159 divinitatem

588 5190 889 5263 Unigeniti
916 5189 983 5246 in
1011 5188 1211 5246 sinum
1237 5192 1409 5247 terrm
1462 5192 1820 5249 translatam
1859 5191 2040 5248 etiam
2072 5190 2258 5247 fuisse

588 5282 902 5351 dicemus;
960 5294 1087 5337 non
1138 5279 1299 5337 enim
1347 5285 1436 5337 est
1490 5281 1782 5352 mirabile,
1826 5280 1876 5337 si
1912 5281 1978 5337 in
2020 5279 2256 5338 inferno

659 5465 682 5503 ⁵
711 5466 885 5523 Rom.
911 5479 1029 5534 xw,
1061 5464 1115 5522 9.
1195 5462 1245 5498 δ’
1267 5464 1395 5519 Act.
1435 5478 1498 5533 11,
1527 5463 1618 5520 27.

656 5628 734 5703 (1)
765 5628 915 5686 Citat
932 5628 1048 5703 hoc
1080 5624 1979 5703 scriptum_suum_Justiniauus
2015 5626 2077 5683 in
2125 5625 2250 5684 alio

585 5696 697 5763 suo
714 5696 1078 5775 opusculoa
1101 5696 1282 5756 nobis
1307 5696 1468 5753 edito
1490 5696 1632 5753 Coll.
1668 5698 1792 5755 Vat.
1823 5702 1862 5757 t.
1882 5698 1996 5767 VII,
2020 5714 2079 5772 p.
2115 5703 2241 5756 309.

2370 1876 2454 1938 ἧν.
2518 1884 2620 1934 Καὶ
2664 1881 2819 1944 αὐτὸς
2861 1884 2951 1954 μὲν
3012 1884 3039 1934 6
3087 1882 3366 1957 ἀσώματος
3424 1882 3485 1944 ἦν
3535 1883 3583 1939 ἓν
3638 1894 3710 1956 τῷ
3749 1887 3975 1957 παθητῷ

2372 1974 2577 2043 σώματι
2610 1983 2626 2000 '
2695 1973 2753 2022 τὸ
2821 1967 2880 2023 δὲ
2938 1979 3091 2045 σῶμα
3154 1969 3292 2046 εἶχεν
3332 1972 3380 2026 ἐν
3420 1973 3585 2045 ἐαυτῷ
3640 1978 3728 2027 τόν
3792 1972 3971 2034 ἀπαθῆ

2367 2063 2558 2131 Λόγον,
2621 2057 2938 2133 ἀφανίζοντα
2966 2064 3055 2123 τὰς
3117 2060 3382 2126 ἀσθενείας
3433 2062 3593 2117 αὐτοῦ
3646 2071 3739 2117 τοῦ
3790 2069 3977 2136 σώμα-

2366 2168 2455 2212 τος
2488 2168 2500 2183 ·
2560 2147 2748 2224 ἐνεργεί
2800 2152 2901 2224 γὰρ
2942 2150 3157 2226 ἑκατέρα
3211 2157 3383 2229 μορφὴ
3437 2155 3571 2227 μετὰ
3618 2160 3714 2215 τῆς
3754 2154 3977 2227 θατέρου

2366 2243 2655 2305 κοινωνίας,
2697 2240 2818 2313 ὅπερ
2868 2237 3008 2293 ἴδιον
3055 2244 3278 2314 ἔσχηκε,
3308 2250 3401 2295 τοῦ
3457 2246 3548 2316 μὲν
3577 2247 3752 2315 Λόγου
3791 2262 3979 2317 κατερ-

2364 2328 2652 2401 γαζομένου
2684 2336 2835 2381 τοῦτο
2884 2331 3006 2405 ὅπερ
3072 2329 3187 2385 ἐστὶ
3235 2339 3328 2384 τοῦ
3359 2335 3555 2404 Λόγου,
3611 2339 3702 2385 τοῦ
3748 2328 3807 2385 δὲ
3863 2338 3982 2385 σώ-

2364 2436 2526 2489 ματος
2575 2416 2889 2478 ἐκτελοῦντος
2953 2419 3081 2494 άπερ
3146 2418 3260 2473 ἐστὶ
3324 2428 3417 2474 τοῦ
3484 2427 3745 2494 σώματος.
3808 2428 3980 2475 Τοῦτο

2363 2510 2464 2581 γάρ
2517 2511 2607 2558 καὶ
2655 2508 2681 2558 6
2731 2505 2779 2558 ἐν
2819 2507 2992 2579 ἁγίοις
3048 2509 3293 2584 Κύριλλος
3345 2508 3393 2563 ἐν
3441 2518 3514 2582 τῷ
3569 2509 3652 2584 λβ’
3707 2510 3842 2582 λόγῳ
3881 2517 3981 2563 τοῦ

2366 2599 2636 2671 θησαυροῦ
2705 2593 2957 2650 διδάσκει
3014 2604 3107 2657 τὴν
3173 2602 3306 2673 πρός
3355 2599 3638 2673 Ῥωμαίους
3685 2599 3982 2675 ἑρμηνεύων

2362 2682 2674 2744 Ἐπιστολὴν
2706 2701 2719 2715 ⁸
2782 2686 2857 2740 Ou’
2890 2684 3064 2746 δήπου
3117 2693 3238 2761 μίαν
3282 2687 3412 2742 εἶναι
3450 2693 3677 2762 φυσικὴν
3714 2694 3809 2749 τὴν
3840 2688 3982 2764 ἐνέρ-

2359 2795 2503 2847 γειαν
2570 2772 2808 2849 δώσομεν
2868 2781 2996 2830 Θεοῦ
3059 2783 3150 2830 καὶ
3210 2784 3529 2852 ποιήματος,
3571 2781 3654 2832 ἵνα
3708 2784 3841 2852 μήτε
3922 2782 3980 2832 1'6

2359 2866 2572 2923 ποιηθὲν
2636 2865 2709 2927 εἰς
2769 2870 2864 2924 τὴν
2935 2868 3073 2918 θείαν
3150 2865 3491 2941 ἀναγάγωμεν
3558 2868 3765 2937 οὐσίαν,
3846 2874 3979 2942 μήτε

2358 2959 2462 3027 μὴν
2504 2962 2601 3018 τῆς
2656 2957 2794 3016 θείας
2826 2957 3028 3027 φύσεως
3064 2959 3122 3009 τὸ
3168 2955 3425 3030 ἐξαίρετον
3465 2957 3533 3018 εἰς
3588 2960 3673 3010 τὸν
3712 2964 3822 3019 τοῖς
3861 2977 3980 3031 γεν-

2355 3050 2524 3105 νητοῖς
2577 3048 2840 3118 πρέποντα
2898 3046 3277 3116 καταγάγωμεν
3329 3050 3507 3116 τόπον,
3573 3044 3632 3099 Ὀ
3698 3045 3861 3110 αὐτὸς
3920 3043 3981 3103 δὲ

2356 3132 2502 3205 άγιος
2564 3137 2746 3208 Πατὴρ
2787 3137 2879 3186 καὶ
2917 3131 2965 3185 ἐν
3031 3142 3141 3196 τοῖς
3188 3138 3315 3210 πρὸς
3354 3132 3647 3190 Θεοδόσιον
3709 3137 3778 3189 τὰ
3842 3137 3983 3189 αὐτὰ

2361 3224 2496 3295 ἡμᾶς
2563 3219 2874 3275 ἐκδιδάσκει
2934 3222 3092 3295 λέγων
3134 3240 3148 3253 ⁸
3209 3246 3238 3276 (ι
3276 3222 3431 3278 Ὀλον
3488 3225 3578 3299 ὅλῃ
3637 3221 3983 3283 πνηνῶσθαί

2359 3331 2519 3385 φαμεν
2568 3320 2628 3385 τῇ
2680 3314 2797 3364 καθ’
2855 3315 2994 3386 ἡμᾶς
3048 3311 3413 3388 ἀνθρωπότητι
3459 3318 3546 3368 τὸν
3603 3313 3659 3367 ἐκ
3697 3319 3828 3368 Θεοῦ
3873 3318 3983 3371 Λό-

2361 3421 2448 3472 γον
2481 3416 2494 3431 ’
2537 3401 2597 3453 ού
2647 3403 2749 3476 γάρ
2789 3422 2889 3454 που
2928 3406 2987 3457 τό
3039 3403 3246 3475 ἄμεινον
3304 3402 3353 3455 ἐν
3407 3406 3553 3477 ἡμῖν,
3594 3407 3839 3457 τουτέστι
3878 3404 3985 3477 ψυ-

2363 3497 2490 3564 χὴν,
2541 3489 2751 3555 οὐδενός
2790 3491 2849 3544 ἃν
2897 3492 3094 3555 ἠξίωσε
3140 3492 3293 3564 λόγου
3336 3499 3465 3567 μόνη
3533 3490 3861 3567 δωρούμενος
3916 3502 3982 3567 τῇ

2366 3586 2524 3655 σαρκὶ
2589 3590 2679 3642 τῆς
2742 3578 3030 3653 ἐπιδημίας
3090 3586 3213 3644 τούς
3268 3582 3472 3656 λόγους.
3524 3583 3843 3658 Ἐπράττετο
3927 3583 3987 3638 δὲ

2365 3667 2438 3722 δι’
2498 3669 2686 3743 ἀμφοῖν
2760 3671 2929 3732 καλῶς
2983 3680 3078 3734 τῆς
3146 3672 3444 3745 οἰκονομίας
3513 3676 3573 3725 1'6
3633 3678 3935 3745 μυστήριον
3968 3690 3986 3707 ⁸

2365 3767 2775 3835 προσεχρήσατο
2825 3762 3058 3833 καθάπερ
3113 3760 3316 3835 ὀργάνῳ
3351 3769 3413 3834 τῇ
3470 3758 3587 3834 ἰδίᾳ
3641 3766 3799 3833 σαρκὶ
3851 3767 3988 3839 πρὸς

2359 3852 2424 3901 τὰ
2454 3853 2648 3924 σαρκός
2687 3852 2815 3924 ἔργα
2857 3869 2912 3902 τε
2958 3855 3048 3902 καὶ
3078 3848 3472 3925 ἀρρωστήματα
3500 3852 3700 3922 φυσικά
3751 3856 3846 3904 xui.
3880 3855 3991 3907 ὅσα

2360 3945 2544 4013 μώμου
2584 3942 2787 4011 μακράν
2821 3961 2832 3971 ·
3063 3936 3112 3993 δ’
3154 3940 3284 4015 αὐτῇ
3337 3937 3454 4012 ἰδίᾳ
3490 3944 3623 4014 πρός
3667 3943 3731 3993 1'6:
3769 3938 3985 4017 ἀνθρώ-

2359 4030 2484 4081 πινά
2539 4048 2594 4081 τε
2639 4033 2730 4080 καὶ
2779 4026 3062 4081 ἀνυπαίτια
3118 4030 3260 4087 πάθη
3295 4045 3309 4059 ⁸
3378 4036 3626 4087 πεινῆσαι
3680 4030 3781 4103 γὰρ
3833 4028 3991 4103 λέγε-

2359 4137 2466 4185 ται,
2523 4121 2707 4177 πόνους
2753 4137 2807 4170 τε
2872 4118 3165 4190 ὑπενεγκεῖν
3202 4121 3320 4181 τοὺς
3366 4117 3422 4170 ἐκ
3486 4126 3698 4191 μακρῶν
3756 4114 3989 4173 ὁδοιπο-

2358 4214 2506 4282 ριῶν,
2546 4211 2797 4268 πτοήσεις
2833 4226 2888 4259 τε
2940 4211 3031 4259 καὶ
3091 4207 3281 4279 φόϐους
3335 4211 3426 4259 καὶ
3477 4207 3645 4265 λύπην
3705 4211 3798 4260 καὶ
3841 4207 3992 4281 ἀγω·

2358 4302 2470 4349 νίαν
2531 4303 2622 4350 καὶ
2676 4300 2763 4350 τόν
2822 4295 2900 4349 ἐπὶ
2958 4305 3030 4368 τῷ
3081 4305 3291 4372 σταυρῷ
3353 4297 3593 4355 θάνατον,
3651 4300 3996 4370 Ἐπαναγκά-

2361 4387 2540 4448 ζοντος
2575 4389 2677 4461 γὰρ
2730 4384 2944 4450 οὐδενός
2981 4388 3159 4445 ἔθηκεν
3192 4386 3276 4460 ἀφ’
3325 4386 3510 4440 ἑαυτοῦ
3548 4391 3641 4446 τὴν
3692 4383 3834 4439 ἰδίαν
3872 4388 3994 4460 ψυ-

2359 4482 2467 4551 χὴν
2526 4479 2651 4554 ὑπὲρ
2720 4479 2885 4550 ἡμῶν,
2948 4479 3032 4529 ἶνα
3088 4482 3177 4529 καὶ
3234 4485 3422 4552 νεκρῶν
3474 4481 3565 4529 καὶ
3628 4477 3833 4537 ζώντων
3888 4499 3994 4532 xu-

2360 4571 2545 4643 ριεύση
2582 4584 2595 4597 ·
2639 4570 2812 4640 σάρκα
2854 4570 2942 4639 μὲν
2995 4570 3088 4624 τὴν
3145 4562 3285 4620 ἰδίαν
3337 4574 3431 4628 τῆς
3483 4564 3720 4619 ἀπάντων
3776 4573 3997 4641 σαρκὸς

2363 4656 2638 4718 ἀποτιννύς
2690 4655 2894 4717 ἀληθῶς
2959 4653 3126 4728 δῶρον
3184 4654 3466 4718 ἀντάξιον⁶
3505 4655 3687 4727 ψυχὴν
3748 4651 3801 4708 δ’
3862 4656 4001 4713 ἀντὶ

2360 4746 2547 4818 ψυχῆς
2592 4745 2892 4819 ἀντίλυτρον
2948 4754 3046 4798 τῶν
3105 4745 3345 4798 ἁπάντων
3384 4747 3688 4817 ποιούμενος
3719 4761 3732 4775 ⁸
3798 4745 3847 4797 εὶ
3890 4754 3997 4802 καὶ

2366 4834 2548 4888 ἀνεϐίω
2604 4837 2758 4887 πάλιν
2809 4836 2916 4896 ζωὴ
2980 4837 3118 4888 κατά
3172 4837 3326 4908 φύσιν
3378 4836 3636 4909 ὑπάρχων
3683 4835 3748 4894 ὡς
3787 4839 3931 4898 Θεὸς
3980 4855 3996 4870 ·

2364 4925 2423 4977 ού
2471 4926 2573 4997 γάρ
2639 4943 2718 4977 τοι
2778 4927 2921 4996 Θέμις
2977 4924 3134 4977 εἰπεῖν
3175 4926 3342 4997 φθορᾷ
3396 4926 3486 4997 μὲν
3546 4920 3809 4977 δύνασθαι
3850 4938 3999 5002 κρα-

2365 5016 2572 5067 τεῖσθαί
2622 5033 2748 5067 ποτε
2796 5014 3067 5067 ἐνωθεῖσαν
3108 5022 3178 5086 τῷ
3226 5018 3384 5086 Λόγῳ
3417 5016 3607 5085 σάρκα,
3640 5014 3882 5085 κάτοχον
3931 5013 4003 5071 6“;

2366 5104 2547 5166 αύταῖς
2588 5100 2722 5175 ᾅδου
2761 5103 2951 5166 πύλαις
2991 5109 3085 5163 τὴν
3119 5106 3257 5157 θείαν
3304 5105 3546 5175 γενέσθαι
3593 5101 3779 5175 ψυχήν
3814 5120 3824 5129 '
3867 5106 4003 5159 Οὐκ

2366 5192 2729 5267 ἐγκατελείφθη
2798 5196 2900 5269 γάρ
2969 5194 3035 5255 εἰς
3112 5190 3269 5265 ᾅδου,
3341 5194 3479 5246 καθὰ
3541 5196 3632 5245 καὶ
3685 5192 3711 5243 ό
3790 5192 4003 5248 θεσπέ-

2367 5296 2477 5348 σιος
2520 5287 2612 5357 ἔφη
2664 5288 2875 5360 Πέτρος.
2929 5284 3006 5336 Οὐ
3058 5286 3159 5358 γὰρ
3198 5282 3340 5338 ἔστιν
3393 5282 3550 5335 εἰπεῖν
3589 5282 3655 5342 ὡς
3702 5284 3797 5340 τὴν
3840 5282 4000 5343 ἄλη-

2361 5624 2510 5681 (litat
2532 5639 2738 5681 rursus
2760 5623 3019 5697 Agatho
3040 5623 3291 5697 papaiin
3316 5620 3571 5697 epistola
3598 5620 3676 5680 ad
3705 5621 3997 5694 impera—

2357 5703 2588 5754 ratores
2622 5693 2845 5753 Concil.
2880 5693 3070 5754 Labb‘.
3098 5693 3144 5752 t'.
3176 5695 3270 5761 VI,
3302 5693 3372 5767 p2
3401 5698 3504 5751 663
3526 5693 3591 5751 b.
