4136 6414
426 353 489 407 91
1780 349 2047 405 ΝΙΟΕΤιΕ

2172 348 2462 407 [ΟΝΙΑΤᾹΞ
3739 364 3805 418 92

427 474 694 532 minatur
722 472 806 530 ita
826 476 892 529 ut
918 476 1146 530 naturae
1183 472 1432 546 quidem
1488 473 1563 530 sit
1608 488 1793 546 posse
1841 489 2060 546 sempei

2210 477 2268 527 τὸ
2288 477 2567 547 πεφυκέναι
2596 473 2785 546 λαλεῖν,
2817 477 2992 551 ὡσπερ
3033 482 3125 532 καὶ
3174 483 3233 533 τό
3275 486 3555 555 πεφυκέναι
3602 484 3756 538 θέλειν
3789 504 3801 518 ·

425 564 613 637 loqui,
647 570 710 620 ut
735 567 792 618 et
821 578 1002 635 posse
1031 562 1198 619 velle.
1234 563 1292 618 Si
1338 566 1539 619 autem
1586 580 1766 636 posse
1816 563 1968 621 velle
2027 580 2057 620 e

2201 566 2248 618 εἰ
2276 562 2334 619 δὲ
2362 568 2420 618 1'6
2449 569 2730 637 πεφυκέναι
2763 566 2921 619 θέλειν
2958 574 3048 622 καὶ
3100 573 3159 622 τό
3208 579 3316 634 πῶς
3362 572 3521 626 θέλειν
3571 574 3664 627 οὐκ
3695 578 3805 627 ἔστι

427 653 983 726 quomodocumque
1013 651 1163 709 velle
1187 668 1311 709 uou
1334 657 1476 709 sunt
1512 652 1694 724 idem,
1737 652 1843 710 sei
1886 657 2056 726 poste

2193 658 2403 726 ταυτὸν,
2456 658 2514 707 1'6
2556 651 2630 708 de
2680 663 2772 717 τῆς
2836 664 2928 709 τοῦ
2987 658 3213 721 θέλοντος
3279 661 3512 736 ὑπάρχει
3578 662 3788 736 βουλῆς,

426 742 551 797 rius
582 757 656 798 ex
706 740 958 798 volentis
1000 740 1431 798 deliberatione
1480 742 1769 815 procedit,
1815 740 2058 797 habeba

2196 743 2333 816 εἶχεν
2378 745 2482 819 ἄρα
2532 747 2591 796 τὸ
2640 750 2919 817 πεφυκέναι
2970 747 3126 801 θέλειν
3177 749 3203 801 ὀ
3258 753 3543 825 σαρκωθεὶς
3598 756 3787 825 Λόγος,

425 831 606 903 igitur
626 846 805 904 posse
833 830 984 888 velle
1009 831 1393 887 iucarnatum
1424 830 1705 898 Verbum,
1761 835 1828 888 ut
1871 830 2057 887 homo

2194 836 2263 895 ὡς
2290 834 2579 907 ἄνθρωπος,
2631 841 2703 904 τῷ
2740 834 2903 886 αὐτοῦ
2948 837 3101 909 θεῑκῷ
3152 837 3452 912 βουλήματι
3500 843 3791 914 κινούμενον

429 937 543 978 sua
572 922 780 978 divina
807 920 1119 977 voluntate
1151 926 1385 977 motum
1414 926 1471 976 et
1501 921 1909 977 etl'ormatum.
1941 921 2062 992 Eju:

2192 929 2283 977 καί
2335 926 2653 996 τυπούμενον
2695 945 2708 958 ·
2764 927 2823 977 τὸ
2870 928 2969 999 γὰρ
3009 926 3201 981 ἐκείνου
3259 928 3415 982 θελειν
3464 927 3615 983 οὐδὲν
3662 933 3790 984 ὑπε-

428 1011 591 1067 euim
620 1010 922 1080 voluntas,
956 1011 1103 1067 nihil
1138 1014 1253 1067 Deo
1285 1011 1589 1083 opposita,
1621 1012 1872 1067 omnino
1911 1009 2061 1066 deiti-

2192 1018 2390 1066 ναντίον
2439 1022 2573 1084 Θεῷ,
2625 1015 2805 1067 θεωθὶν
2859 1014 2974 1068 ὅλον
3007 1037 3021 1050 ι
3074 1017 3118 1070 εἰ
3167 1014 3226 1071 δὲ
3282 1022 3518 1081 τεθέωτο,
3578 1028 3641 1092 τῇ
3698 1027 3789 1072 τοῦ

427 1104 562 1157 cata
588 1106 733 1157 erat.
772 1100 827 1157 Si
855 1104 1056 1156 autem
1083 1099 1498 1170 deiﬁcabatur,
1527 1104 1690 1173 patet
1732 1116 1868 1157 eam
1916 1099 2056 1156 deiﬁ

2195 1106 2427 1165 θεοῦντος
2485 1100 2726 1161 δηλονότι
2758 1107 2997 1177 πμφυῖᾳ
3042 1109 3279 1159 τεθέωτο.
3317 1111 3386 1160 Τό
3419 1104 3479 1162 δὲ
3524 1110 3667 1161 θεοῦν
3698 1113 3787 1161 καὶ

429 1190 619 1247 cautis
648 1190 1005 1246 cohaerentia
1031 1189 1372 1246 deiﬁcatam
1407 1206 1558 1245 esse.
1611 1190 1898 1246 Deiﬁcum
1936 1205 2062 1246 veri

2195 1195 2460 1265 θεούμενον
2493 1189 2590 1244 δύο
2634 1194 2860 1261 πάντως,
2912 1193 3022 1246 ἀλλ’
3055 1195 3159 1267 οὐχ
3186 1195 3234 1249 ἓν
3260 1202 3350 1249 καὶ
3381 1200 3533 1269 φύσει
3576 1201 3785 1262 ταυτὸν,

431 1283 487 1335 et
514 1278 859 1335 deitieatum
890 1279 1013 1335 duo
1043 1285 1197 1336 certe
1251 1283 1422 1347 sunt;
1458 1279 1564 1335 sed
1622 1295 1745 1335 non
1802 1294 1992 1334 unum
2023 1293 2064 1334 e‘

2193 1285 2331 1357 εἰπερ
2363 1290 2460 1334 τῶν
2491 1300 2616 1357 προς
2645 1301 2697 1333 τι
2747 1284 2805 1334 τό
2864 1284 3007 1335 θεοῦν
3052 1289 3142 1337 καὶ
3189 1288 3247 1337 1'6
3304 1288 3594 1358 θεούμενον,
3624 1288 3691 1338 τὰ
3731 1282 3788 1338 δὲ

429 1369 589 1426 idem
616 1375 862 1439 natura;
900 1369 947 1424 si
974 1369 1219 1442 quidem
1248 1385 1479 1438 eorum,
1511 1386 1648 1442 quae
1682 1373 1821 1425 sunt
1851 1369 1929 1425 ad
1973 1369 2062 1426 ali-

2191 1375 2321 1444 πρός
2366 1391 2418 1423 τι
2466 1373 2666 1431 πάντως
2713 1369 2951 1433 ἀλλήλοις
2984 1375 3387 1445 συνεισάγεσθαι
3433 1378 3645 1447 πέφυκε,
3699 1379 3788 1426 καὶ

431 1457 598 1531 quid,
626 1457 915 1514 deiﬁcans
945 1463 1001 1513 et
1029 1457 1380 1515 deificatum
1413 1464 1572 1528 sunt,
1622 1474 1695 1515 ea
1746 1473 1886 1515 vero
1944 1474 2064 1531 qua

2194 1463 2389 1533 θατέρῳ
2459 1462 2875 1513 συνεπινοεῖσθαι
2944 1463 3173 1536 θάτερον.
3217 1460 3374 1534 Εἶχεν
3441 1464 3536 1515 οὖκ
3593 1463 3791 1535 θελημα

432 1550 570 1603 sunt
598 1546 676 1602 ad
706 1546 934 1618 aliquid
961 1551 1221 1618 possunt
1239 1546 1392 1603 inter
1418 1562 1480 1603 se
1509 1547 1680 1614 uuiri,
1706 1548 2065 1619 alterumque

2193 1552 2414 1622 φυσικὸν
2475 1550 2546 1611 ὣς
2598 1550 2871 1623 ἄνθρωπος
2934 1551 2959 1602 ό
3025 1555 3203 1623 Σωτὴρ
3270 1558 3343 1620 τῷ
3409 1551 3569 1603 αὐτοῦ
3638 1553 3789 1621 θεῑκῷ

429 1651 537 1708 per
563 1635 816 1692 alterum
838 1636 1094 1708 concipi.
1118 1637 1388 1693 Habebat
1411 1637 1590 1709 igitur
1608 1637 1946 1694 naturalem
1974 1650 2062 1691 vo-

2195 1637 2445 1711 θελήματι
2475 1641 2890 1710 συντυπούμενον
2929 1645 3019 1692 καὶ
3050 1640 3314 1712 ἑνούμενον
3361 1645 3451 1692 καὶ
3498 1639 3593 1691 οὐκ
3654 1637 3791 1691 ἐναν-

428 1725 742 1798 luntatem,
772 1732 835 1782 ut
864 1727 1071 1796 homo,
1104 1726 1377 1785 Salvator
1406 1743 1516 1784 sua
1546 1727 1750 1783 divina
1778 1727 2061 1783 voluntati

2190 1730 2454 1800 τιούμενον
2491 1749 2502 1760 '
2539 1730 2595 1780 1'6
2624 1732 2726 1802 γὰρ
2759 1729 2877 1780 κατ’
2931 1731 3103 1800 ἔφεσιν
3134 1728 3409 1800 όρεκτικῆς
3457 1728 3789 1803 ἐστερημένον

429 1816 809 1873 etformatam
862 1820 918 1872 et
973 1816 1327 1873 uuiﬁcatam
1393 1822 1451 1874 et
1511 1833 1634 1873 non
1694 1816 2056 1873 contrariam

2193 1822 2440 1877 κινήσεως
2492 1822 2582 1869 καὶ
2619 1823 2797 1878 πάσης
2844 1820 3068 1879 ζωτικῆς
3102 1813 3370 1889 δυνάμεως
3417 1818 3635 1891 ἄμοιρον
3670 1838 3683 1851 ο
3733 1820 3790 1869 τό

431 1904 600 1972 Quod
621 1904 780 1961 enim
808 1905 1135 1978 appetitivo
1162 1905 1224 1961 in
1250 1906 1515 1979 potentia
1535 1910 1704 1963 motu
1724 1910 1904 1975 caret,
1923 1921 2064 1961 care

2196 1904 2254 1959 δὲ
2289 1910 2503 1969 ζωτικὴν
2535 1906 2629 1958 οὐκ
2668 1908 2790 1978 ἕχον
2832 1906 2885 1957 ἐκ
2917 1924 3114 1977 φυσεως
3145 1902 3368 1978 δύναμιν
3412 1909 3614 1967 πάντως
3667 1902 3790 1959 οὐδὲ

430 1994 609 2052 simul
636 1994 804 2050 omni
834 1995 997 2051 Vitali
1028 1999 1356 2067 potestate;
1387 1997 1555 2069 quod
1581 2002 1784 2053 autem
1810 2012 1881 2051 ex
1912 2000 2085 2051 natu—
2192 1996 2394 2068 ψυχήν.

430 2101 501 2142 ra
527 2100 651 2143 non
678 2085 863 2143 habet
893 2085 1131 2142 vitalem
1173 2090 1548 2158 potestatem,
1590 2087 1843 2144 omnino
1884 2100 2081 2158 neque

430 2174 699 2233 animam
725 2175 925 2233 habet.

430 2282 529 2339 Ad
558 2298 651 2340 eos
681 2286 783 2355 qui
811 2283 1019 2340 dicunt
1040 2298 1100 2339 se
1122 2285 1347 2341 nescire
1371 2285 1626 2340 alteram
1645 2289 1700 2340 et
1731 2284 1985 2340 alteram
2017 2283 2063 2338 in

2194 2285 2330 2358 Πρός
2362 2284 2479 2342 τοὺς
2524 2281 2770 2352 λέγοντας
2812 2284 2883 2353 μὴ
2938 2278 3061 2332 ἄλλο
3108 2284 3199 2332 καὶ
3246 2279 3370 2332 ἄλλο
3424 2281 3507 2333 ἐπὶ
3554 2288 3793 2354 Χριστοῦ

506 2372 749 2432 Christo
774 2374 1170 2441 voluntatem,
1189 2373 1292 2429 sed
1312 2387 1495 2429 unam
1521 2377 1575 2429 et
1600 2373 1757 2428 hanc
1787 2372 2077 2437 divinam,

2264 2367 2457 2424 εἰδέναι
2485 2370 2703 2442 θελημα,
2736 2368 2842 2421 ἀλλ’
2873 2368 2921 2422 ἓν
2945 2373 3035 2421 καὶ
3066 2376 3220 2422 τοῦτο
3252 2371 3440 2436 Θεῐκόν,
3479 2365 3574 2421 διὰ
3597 2374 3657 2422 1'6
3698 2373 3791 2428 τὴν

502 2476 567 2517 eo
587 2461 748 2532 quod
774 2462 1054 2530 deiﬁcata
1080 2463 1269 2531 fuerit
1293 2476 1453 2519 caro.

1111 2463 1269 2518 'uerit
1293 2476 1453 2519 caro
2265 2464 2438 2535 σάρκα
2472 2462 2744 2518 θεωθῆναι.

501 2571 556 2623 2.
584 2567 702 2623 Nisi
724 2567 914 2625 altera
941 2572 997 2626 et
1018 2569 1206 2626 altera
1233 2569 1310 2625 sit
1332 2569 1669 2625 secundum
1691 2571 1970 2624 naturam
1997 2562 2082 2622 di-

2265 2566 2337 2641 β’.
2368 2568 2427 2621 Εἰ
2457 2566 2578 2619 ἄλλο
2614 2571 2703 2619 καὶ
2734 2564 2856 2618 ἄλλο
2889 2567 3025 2618 κατὰ
3053 2567 3208 2638 φύσιν
3258 2565 3353 2617 οὐκ
3390 2567 3504 2618 ἔστι
3551 2568 3609 2618 τό
3657 2567 3789 2619 θεῖον

428 2658 573 2714 vina
624 2662 680 2715 et
707 2657 981 2715 humana
1010 2659 1310 2725 voluntas,
1362 2658 1750 2713 manifestum
1803 2661 1895 2712 est
1944 2672 2061 2712 ean

2191 2663 2282 2710 καὶ
2306 2661 2366 2710 1'6
2421 2655 2738 2731 ἀνθρώπινον
2795 2655 3015 2727 θέλημα,
3070 2651 3227 2713 δῆλον
3281 2657 3350 2715 ὡς
3400 2654 3448 2707 ἓν
3504 2657 3657 2727 φύσει
3703 2659 3794 2707 καὶ

430 2762 562 2802 esse
590 2761 777 2802 unam
806 2752 863 2802 et
888 2747 1168 2803 eamdem
1206 2752 1444 2804 natura.
1489 2746 1545 2803 Si
1597 2747 1682 2803 ita
1709 2750 1818 2812 est,
1867 2750 2063 2802 natura

2193 2751 2381 2800 ταυτόν
2416 2768 2428 2780 ο
2463 2752 2551 2799 καὶ
2598 2746 2642 2798 εἰ
2670 2753 2843 2811 τοῦτο,
2893 2750 2983 2797 καὶ
3022 2747 3052 2804 ἡ
3116 2748 3267 2817 φύσις
3321 2744 3372 2808 ἐξ
3425 2743 3651 2817 ἀνάγκης
3698 2748 3796 2817 μία

430 2835 566 2907 ipsa
594 2835 937 2893 necessaria
958 2851 1081 2893 una
1110 2841 1168 2893 et
1198 2836 1415 2893 eadem
1440 2836 1567 2893 erit.
1596 2836 1707 2892 Ubi
1743 2835 1904 2891 enim
1960 2850 2063 2890 nor

2194 2841 2279 2889 καὶ
2330 2835 2726 2911 ἀπαράλλακτος
2775 2838 2926 2888 ἔσται
2959 2856 2971 2867 ·
3030 2834 3091 2887 οὗ
3139 2836 3241 2909 γὰρ
3302 2834 3538 2907 ἑτερότης
3594 2837 3789 2907 φυσικὴ

431 2929 520 2980 est
533 2923 848 2981 diversitas
864 2926 1154 2982 naturalis
1180 2925 1575 2996 voluntatum,
1590 2941 1786 2997 neque
1808 2923 2062 2980 substan

2200 2926 2498 2999 θελημοὶτων
2547 2926 2638 2978 οὐκ
2696 2929 2858 2993 ἔστιν,
2917 2921 3042 2977 οὐδὲ
3100 2925 3283 2986 οὐσίας
3336 2928 3428 2985 καὶ
3489 2926 3689 2996 φύσεως
3739 2926 3797 2975 τὸ

431 3013 525 3069 tiae
557 3018 613 3070 et
640 3018 874 3071 natura;
897 3014 1017 3071 illic
1045 3014 1236 3073 aderit
1261 3014 1615 3071 varietas.Si
1641 3019 1843 3070 autem
1872 3017 2064 3069 natura

2195 3018 2441 3088 παράπαν
2504 3013 2668 3067 ἐκεῖσε
2714 3013 3046 3087 παραλλαγή.
3103 3014 3162 3065 Εἰ
3216 3011 3276 3067 δὲ
3335 3012 3457 3065 ἄλλο
3514 3015 3668 3085 φύσει
3709 3016 3801 3065 καὶ

432 3102 617 3160 altera
643 3108 703 3161 et
732 3102 922 3160 altera
966 3104 1302 3161 voluntates
1349 3105 1488 3176 sint,
1549 3105 1800 3162 omnino
1843 3104 1993 3160 inter
2024 3118 2065 3157 ει

2197 3105 2342 3167 ἄλλο,
2402 3101 2632 3177 διάφορα
2684 3104 2889 3164 πάντως
2942 3124 2954 3137 ·
3013 3107 3104 3154 καὶ
3157 3102 3201 3154 εἰ
3248 3098 3498 3175 διάφορα,
3549 3110 3659 3163 πῶς
3709 3104 3797 3154 τόν

431 3192 741 3250 differunt.
781 3196 960 3249 Porro
985 3194 1035 3249 si
1064 3193 1370 3264 differunt,
1393 3194 1706 3266 quomodo
1733 3209 1942 3250 earum
1972 3208 2064 3248 nul

2198 3194 2246 3246 ἐν
2303 3202 2451 3265 ποσῷ
2503 3196 2697 3246 τούτων
2760 3192 2981 3267 ἀριθμὸν
3044 3192 3148 3263 οὐχ
3198 3191 3524 3265 ὁμολογῆσαι
3576 3196 3798 3265 χρεών;

432 3294 667 3335 merum
699 3281 968 3338 conﬁteri
998 3298 1122 3339 non
1153 3298 1399 3339 necesse
1435 3288 1524 3339 est
1554 3288 1611 3339 et
1655 3287 1804 3356 quot
1851 3282 1968 3337 sint
2000 3281 2063 3336 iu

2198 3291 2312 3344 Πῶς
2339 3286 2440 3357 γὰρ
2484 3279 2706 3335 δυνατόν
2757 3280 2887 3334 εἶναι
2935 3284 3002 3334 τὰ
3057 3281 3343 3354 θελήματα,
3391 3286 3480 3333 καὶ
3530 3284 3602 3353 μὴ
3654 3278 3800 3354 ἀριθ-

434 3367 668 3440 quirere
689 3369 716 3425 ‘2
743 3370 1061 3436 Quomodo
1088 3372 1251 3427 enim
1281 3371 1570 3444 possibile
1599 3377 1690 3427 est
1718 3385 1850 3426 esse
1879 3369 2065 3425 volun

2197 3375 2448 3447 μεῖσθαι;
2495 3376 2564 3424 T6
2625 3374 2725 3445 γὰρ
2782 3373 3037 3429 θεωθῆναι
3082 3378 3142 3443 τῆ
3195 3374 3322 3446 πρὸς
3358 3374 3445 3423 τὸν
3498 3373 3626 3423 Θεὸν
3671 3369 3798 3421 ἑνώ-

432 3462 583 3515 tates
604 3474 828 3534 easque
859 3477 979 3517 non
1007 3462 1316 3518 numerari
1340 3463 1368 3519 ?
1389 3463 1564 3528 Quod
1597 3462 1756 3517 enim
1810 3460 2065 3516 deiﬁcatz

2200 3482 2300 3533 σει,
2355 3464 2495 3514 καθὰ
2531 3465 2622 3513 καὶ
2676 3466 2771 3519 τὴν
2818 3463 2973 3532 φύσιν
3032 3460 3194 3518 αὐτὴν
3252 3468 3349 3521 τῆς
3376 3459 3596 3531 λογικῶς
3621 3477 3677 3511 τε
3706 3457 3799 3509 καί

434 3552 522 3604 est
571 3565 683 3607 sua
711 3566 851 3605 cum
882 3553 1002 3607 Deo
1032 3551 1257 3607 unione
1314 3567 1477 3619 caro,
1527 3566 1648 3607 non
1685 3549 1822 3606 ideo
1870 3551 1931 3605 in
1978 3565 2067 3605 sui

2195 3560 2383 3625 νοερώς
2431 3551 2779 3623 ἐψυχωμένης
2835 3553 3044 3623 σαρκὸς,
3105 3557 3201 3611 τῆς
3248 3549 3364 3602 κατ’
3422 3548 3605 3602 οὐσίαν
3658 3547 3799 3600 ὀντό-

433 3638 733 3694 essentiali
765 3639 1032 3707 entitate,
1059 3644 1361 3712 quatenus
1401 3645 1619 3696 natura
1647 3638 2002 3694 rationalem
2033 3654 2063 3693 e

2194 3660 2346 3702 τητος
2399 3640 2493 3693 οὐκ
2541 3639 2832 3703 ἐξίστησιν,
2882 3641 3054 3713 ὥσπερ
3113 3635 3237 3691 οὐδὲ
3295 3646 3388 3699 τῆς
3448 3638 3644 3700 οἰκείας
3711 3640 3796 3688 τόν

433 3730 639 3781 mente
701 3728 1017 3798 praeditam
1070 3728 1336 3785 animam
1398 3728 1597 3794 habet,
1661 3727 2065 3799 corrumpitur

2200 3727 2420 3805 σίδηρον
2469 3731 2673 3802 φύσεως
2724 3730 2754 3787 ἡ
2814 3729 2952 3801 ἄκρα
3015 3733 3105 3780 καὶ
3160 3724 3338 3781 διόλου
3390 3731 3519 3802 πρὸς
3584 3730 3644 3778 1'6
3692 3733 3795 3800 πῦρ

435 3815 700 3880 Quemad
711 3817 961 3874 modum
977 3834 1174 3890 neque
1194 3817 1417 3873 ferrum
1433 3817 1832 3889 corrumpitiu
1845 3815 2068 3889 proprii

2199 3820 2490 3894 ἀνάκρασίς
2546 3837 2598 3871 τε
2667 3822 2759 3869 καὶ
2825 3819 3005 3879 ἓνωσις
3065 3838 3078 3850 ·
3150 3815 3279 3869 ἀλλὰ
3339 3817 3546 3887 πάσχει
3589 3818 3679 3888 μεν
3733 3816 3800 3867 τὰ

434 3910 653 3960 natura
682 3921 926 3963 summa
954 3910 1010 3962 et
1041 3906 1305 3977 perfecta
1340 3923 1477 3962 cum
1508 3907 1647 3977 igne
1673 3905 2012 3961 commistio
2035 3921 2065 3960 e

2196 3913 2376 3984 πυρὸς,
2428 3904 2608 3966 ἐπειδὴ
2667 3914 2771 3979 πῦρ
2821 3914 2882 3979 τῇ
2945 3906 3121 3959 ἐνὼσει
3167 3909 3439 3978 γεγένηται
3467 3926 3479 3939 '
3525 3903 3701 3978 βρίθει
3739 3899 3800 3956 δὲ

439 3993 618 4062 uuio;
654 3993 762 4050 sed
790 3995 1184 4068 proprietates
1209 3995 1364 4066 ignis
1394 3995 1713 4063 contrahit,
1751 3994 1797 4050 si
1841 3995 2072 4066 quidem

2197 3997 2350 4052 πάλιν
2402 3999 2539 4049 κατὰ
2600 3999 2755 4068 φύσιν
2812 4000 2902 4047 καὶ
2952 4000 3143 4068 τέμνει,
3196 3996 3276 4047 ότι
3329 3999 3400 4067 μὴ
3452 4003 3547 4055 τῆς
3606 3992 3800 4055 οἰκείας

434 4082 590 4153 ignis
615 4099 722 4155 per
755 4086 1041 4141 unionem
1074 4085 1301 4141 factum
1324 4090 1449 4151 est;
1487 4084 1667 4140 simul
1684 4089 1885 4141 autem
1908 4100 2067 4155 grave

2201 4090 2400 4157 φύσεως
2476 4084 2646 4143 λώϐην
2703 4086 2971 4149 πέπονθεν,
3027 4085 3056 4144 ἦ
3116 4092 3212 4144 τῆς
3275 4091 3499 4156 φυσικῆς
3552 4081 3803 4157 ἐνεργείας

436 4176 525 4227 est
555 4179 772 4229 natura
803 4178 861 4229 et
891 4179 1074 4243 secat,
1108 4174 1253 4246 quia
1279 4190 1402 4229 non
1434 4176 1691 4247 propriae
1721 4179 1953 4230 naturae
2001 4174 2067 4245 ja

2201 4176 2378 4239 ἐξέστη
2424 4179 2483 4228 τὸ
2550 4174 2785 4241 σύνολον,
2870 4179 3044 4226 καίτοι
3119 4176 3251 4246 μετὰ
3322 4177 3484 4247 πυρὸς
3543 4173 3799 4246 ὑπάρχων

437 4264 669 4315 cturam
695 4275 948 4332 passum
975 4266 1081 4328 est,
1096 4276 1293 4334 neque
1322 4262 1658 4319 naturalem
1688 4262 1808 4318 vim
1839 4262 2070 4318 omnim

2199 4269 2336 4317 κατὰ
2386 4270 2480 4323 τὴν
2538 4265 2701 4322 αὐτὴν
2748 4269 2838 4316 καὶ
2891 4269 3014 4335 μίαν
3045 4264 3359 4335 ὑπόστασιν,
3385 4267 3475 4315 καὶ
3532 4258 3799 4315 ἀδιαστά-

436 4349 655 4415 amisit,
686 4350 795 4406 etsi
821 4366 961 4407 cum
983 4351 1121 4420 igne
1151 4352 1398 4408 exsistat
1437 4353 1774 4409 secundum
1804 4368 1992 4408 uuam
2035 4368 2066 4408 e

2199 4375 2297 4416 τως
2346 4351 2484 4428 δρῶν
2533 4356 2600 4406 τὰ
2646 4373 2701 4406 τε
2749 4356 2880 4406 κατὰ
2933 4357 3086 4425 φύσιν
3165 4350 3327 4423 ἰδίαν,
3388 4352 3520 4424 λέγω
3594 4349 3662 4409 δὴ
3706 4355 3798 4410 τὴν

437 4438 717 4494 eamdem
744 4440 1329 4513 hypostasim,atque
1361 4442 1539 4497 simul
1562 4447 1841 4514 operetur
1861 4458 1932 4497 ea
1957 4457 2070 4514 qua

2199 4450 2385 4518 τομὴν,
2452 4449 2542 4496 καὶ
2589 4449 2653 4495 τὰ
2699 4443 2818 4495 καθ’
2848 4444 3029 4495 ἕνωσιν
3059 4438 3206 4502 αὖθις
3256 4443 3376 4516 ὃπερ
3427 4445 3570 4494 ἐστὶν
3601 4443 3630 4499 ἡ
3663 4448 3798 4492 καῦ-

438 4528 773 4585 secundum
794 4531 1105 4602 propriam
1126 4538 1409 4587 naturam
1450 4538 1612 4595 sunt,
1639 4534 1966 4588 sectionem
2011 4531 2069 4586 di

2159 4551 2287 4596 lat;
2329 4552 2340 4564 '
2399 4533 2559 4585 αὐτοῦ
2608 4552 2708 4607 γαρ
2762 4531 2894 4599 ἐστι,
2949 4533 3181 4604 καθάπερ
3240 4536 3332 4583 xui
3386 4539 3477 4583 τοῦ
3537 4549 3701 4602 πυρος
3764 4530 3792 4586 ἡ

436 4633 531 4687 co,
553 4633 883 4692 rursusque
912 4635 984 4677 ea
1009 4636 1143 4692 quae
1169 4636 1241 4676 ex
1264 4622 1483 4676 unione
1502 4621 1854 4693 procedunt,
1870 4637 2069 4693 nemp:

2197 4629 2353 4695 τομὴ,
2400 4620 2492 4676 διὰ
2549 4626 2644 4680 τὴν
2702 4622 2866 4695 ἄκραν
2920 4621 2993 4682 εἰς
3040 4619 3238 4678 ἄλληλα
3297 4625 3660 4695 περιχώρησιν
3706 4622 3798 4670 καὶ

433 4705 849 4775 adustionem;
885 4709 1075 4781 ipsius
1106 4714 1311 4765 autem
1338 4714 1445 4777 est,
1477 4709 2003 4782 quemadmodum
2033 4725 2065 4764 e

885 4709 1075 4781 ipsius
1106 4714 1311 4765 autem
1338 4714 1445 4777 est,
1477 4709 2003 4782 quemadmodum
2033 4713 2090 4765 et
2198 4711 2495 4769 ἀντίδοσιν.

434 4794 609 4866 ignis,
637 4798 882 4853 secandi
914 4798 1067 4854 actio
1090 4803 1336 4870 propter
1358 4786 1662 4855 summam
1690 4804 2087 4871 mutuamque

437 4884 1065 4944 circumincessionem
1097 4892 1154 4943 et
1177 4887 1695 4943 communionem.

884 5012 964 5067 Et
989 5027 1205 5068 rursus
1246 5013 1410 5067 circa
1443 5012 1624 5068 idem.

2620 5020 2721 5069 Καὶ
2751 5011 2901 5077 αὖθις
2928 5020 3046 5089 περὶ
3081 5022 3173 5069 τοῦ
3203 5014 3384 5069 αὑτοῦ.

509 5126 561 5178 3.
597 5122 654 5179 Si
683 5122 892 5179 omnia
918 5136 1058 5193 quae
1088 5124 1317 5177 naturae
1350 5125 1493 5177 sunt
1518 5120 1839 5178 nobiscum
1878 5122 2091 5180 habuit

2270 5124 2338 5196 γ’.
2407 5123 2467 5177 Εἰ
2530 5126 2736 5176 πάντων
2798 5132 2897 5175 τῶν
2960 5132 3051 5184 τῆς
3117 5125 3315 5195 φύσεως
3375 5120 3565 5184 ἐπίσης
3634 5140 3803 5175 κεκοι-

439 5209 700 5266 Christus
721 5209 1091 5279 communia,
1108 5210 1297 5265 Patris
1320 5209 1738 5267 benevolentia
1763 5217 1819 5267 et
1844 5212 2072 5284 Spiritu:

2200 5221 2421 5272 νὼνηκεν
2475 5215 2600 5286 ἡμῖν
2658 5214 2683 5264 6
2742 5217 2968 5288 Χριστός
3026 5210 3244 5285 εὐδοκία
3296 5214 3496 5287 Πατρός
3540 5215 3633 5263 καὶ
3684 5230 3806 5263 συν-

438 5298 631 5355 sancti
687 5299 1112 5372 cooperatione
1166 5305 1412 5372 propter
1470 5304 1742 5357 nostram
1811 5302 2062 5358 salutem

2203 5307 2375 5379 εργείᾳ
2428 5305 2726 5375 Πνεύματος
2776 5303 2926 5375 ἁγίου
2985 5299 3078 5355 διὰ
3148 5306 3241 5361 τῆν
3324 5305 3587 5375 σωτηρίαν
3636 5302 3803 5373 ἡμῶν,

438 5387 750 5460 quomodo
781 5390 959 5443 etiam
1009 5388 1347 5445 naturalem
1397 5405 1519 5445 non
1562 5390 1962 5463 participabat
1990 5407 2067 5447 vo

2203 5396 2342 5454 ὅπως
2397 5393 2525 5464 οὐχὶ
2596 5399 2684 5445 καὶ
2758 5401 2851 5455 τῆς
2929 5400 3157 5464 φυσικῆς
3216 5398 3428 5463 μετεῖχε
3501 5388 3803 5457 θελήσεωςς

437 5477 733 5534 luntatem
752 5479 780 5534 ἲ)
809 5479 1129 5535 Peccatum
1161 5480 1319 5535 enim
1348 5480 1541 5535 solum
1566 5496 1690 5536 nou
1716 5481 2069 5553 participavi

2201 5482 2486 5557 Ἃμαρτίας
2527 5484 2629 5558 γὰρ
2680 5486 2840 5554 μόνης
2913 5480 3041 5552 οὐχὶ
3112 5484 3367 5553 μετέσχεν
3413 5480 3438 5530 6
3513 5479 3805 5553 σαρκωθεὶς

438 5566 696 5624 Verbum
729 5568 1130 5637 incarnatum,
1165 5571 1312 5643 quia
1364 5585 1560 5643 neque
1612 5571 1674 5626 id
1723 5574 1950 5627 naturae
1982 5577 2069 5629 est

2205 5577 2393 5643 Λόγος³
2451 5573 2527 5623 ὃτι
2581 5568 2720 5644 μηδὲ
2758 5578 2852 5632 τῆς
2893 5572 3094 5644 φύσεως
3146 5569 3277 5627 αὕτη
3312 5567 3471 5635 ἐστὶν,
3503 5566 3632 5619 ἀλλὰ
3672 5587 3807 5643 παρ-

438 5656 545 5713 sed
569 5656 825 5714 deﬂexio
873 5662 930 5715 et
972 5657 1181 5732 lapsus
1231 5658 1451 5716 mentis
1511 5658 1667 5717 ultra
1717 5664 1949 5717 natura:
2000 5678 2068 5719 ra

2205 5666 2423 5737 εκτροπῆ
2491 5665 2581 5735 καὶ
2646 5662 2914 5733 ὀλίσθημα
2976 5664 3187 5733 γνώμης
3253 5661 3592 5731 κεκινημένης
3658 5662 3804 5734 παρὰ
