4136 6418
272 343 338 397 93
1620 334 1972 393 THESAURI
2009 332 2141 392 LIB.
2179 333 2339 391 XVII.
3592 331 3661 386 94

264 467 356 516 τὸν
380 464 533 538 λόγον
562 473 653 527 τῆς
706 466 931 539 φύσεωςυ
989 461 1351 518 διαστέλλεται
1399 464 1500 535 γὰρ
1546 462 1607 514 τὸ
1657 480 1865 534 φυσικοὶ

1994 460 2219 517 tionem
2233 460 2570 529 commota;
2592 458 3045 530 distinguuntur
3072 457 3233 514 enim
3245 455 3542 513 naturalis
3554 471 3659 511 vo-

270 552 472 627 θέλημα
532 561 623 607 καὶ
691 558 750 607 τὸ
815 558 1099 628 γνωμικὸν
1138 555 1196 606 τὸ
1237 555 1327 626 μὲν
1385 554 1486 625 γὰρ
1532 553 1752 623 φυσικὸν
1785 545 1877 602 δύ-

270 662 425 715 ναμις
476 645 710 717 ὑπάρχει
773 652 870 696 τοῦ
917 647 1052 696 κατά
1104 645 1260 716 φύσιν
1312 645 1451 701 ὄντος
1499 639 1763 715 ὀρεκτική’
1818 642 1876 692 τὸ

274 729 337 785 δὲ
370 737 631 806 γνωμικὸν
678 733 983 808 αὐθαίρετος
1012 735 1147 808 ὁρμὴ
1179 736 1270 785 καὶ
1330 731 1558 792 ζήτησις
1612 734 1731 803 περὶ
1784 735 1875 781 τοῦ

272 819 640 895 ἀγνοουμένου,
666 826 755 875 καὶ
799 825 981 885 κθίσις
1003 826 1094 874 καὶ
1141 817 1375 881 διάθεσις
1416 823 1535 893 περὶ
1590 821 1647 870 τὸ
1678 819 1872 892 κριθέν-

270 916 361 964 καὶ
403 911 463 963 οὐ
502 914 702 983 φύσεως
763 913 1268 985 γαρακτηριστικόν,
1340 908 1468 961 ἄλλα
1512 915 1605 960 τοῦ
1665 911 1874 980 προσώ-

269 1020 376 1053 που
434 1006 622 1075 κυρίως
676 1002 737 1054 οὗ
789 1000 904 1054 ἐστι
955 1006 1046 1054 καὶ
1108 1009 1206 1061 τῆς
1279 999 1633 1066 ὑποστάσεως,
1698 995 1874 1070 ὥσπερ

269 1094 365 1142 καὶ
410 1093 469 1143 τὸ
506 1098 614 1152 πῶς
660 1090 819 1144 θέλειν
849 1096 939 1144 καὶ
986 1093 1043 1142 τὸ
1073 1097 1184 1151 πῶς
1222 1090 1347 1163 ὁρᾷν
1393 1090 1452 1140 οὐ
1509 1095 1605 1148 τῆς
1651 1087 1872 1158 φύσεως,

270 1177 405 1231 ἀλλά
463 1186 554 1240 τῆς
610 1182 862 1253 ἡμετέρας
904 1185 1130 1252 γνὼμηςο
1181 1178 1300 1231 καθ’
1358 1178 1411 1230 ὄν
1476 1175 1627 1248 λόγον
1687 1179 1778 1227 καὶ
1847 1175 1872 1226 ὁ

260 1266 708 1343 ἄνθρωπολάτρης
772 1272 1057 1343 Νεστόρίος
1129 1275 1343 1341 γνωμῶν
1401 1265 1583 1318 ἓνωσιν
1676 1262 1874 1324 ἀσεϐῶς

255 1353 641 1429 ἐδογμάτισεν,
694 1357 1011 1433 ἵν’ἐκατέραν
1066 1354 1388 1431 δι’ἐκατερας
1467 1359 1682 1427 κυρώση
1742 1353 1871 1404 ὑπό-

256 1465 476 1513 στασιν,
531 1453 623 1500 καὶ
659 1449 687 1500 ὁ
724 1447 879 1518 ψιλος
910 1446 1180 1520 ἅνθρωπος
1239 1445 1380 1516 αὐτῷ
1422 1446 1627 1518 τηρηθῆ
1686 1449 1867 1515 γνωμῃ

257 1542 368 1588 τινὶ
429 1541 516 1589 καὶ
560 1537 854 1613 αὐθαιρέτῳ
907 1541 1114 1596 κινήσει
1169 1540 1304 1610 πρὸς
1352 1539 1441 1588 τὸν
1494 1537 1622 1588 Θεὸν
1677 1536 1867 1603 Λόγον,

250 1631 351 1678 καὶ
384 1628 558 1689 αὑτὸς,
601 1632 756 1700 φησὶ,
795 1633 890 1687 τὴν
918 1627 1097 1681 ἕνωσιν
1117 1627 1503 1698 ¹ποιησάμενος.
1552 1623 1642 1685 Ὠς
1670 1622 1730 1674 ἂν
1762 1626 1870 1675 τοί..

250 1737 349 1767 νυν
406 1719 466 1769 τὸ
521 1716 711 1778 ἐντελὲς
760 1715 1028 1791 ἀκριϐωθῇ
1094 1723 1189 1777 τῆς
1241 1718 1444 1788 φύσεως
1476 1712 1560 1767 ἐπὶ
1615 1718 1708 1775 τοῦ
1746 1731 1873 1786 σαρ-

254 1807 515 1868 κωθέντος
564 1810 714 1875 Θεοῦ,
773 1811 865 1858 καὶ
920 1809 979 1858 τὸ
1027 1804 1372 1879 ἀντικείμπον
1451 1800 1728 1877 διαρῥιφῇ’

260 1896 357 1967 μὲν
424 1898 646 1968 φυσικὸν
707 1897 907 1968 θέλημα
964 1897 1164 1971 ὡρίσθη
1241 1893 1325 1946 ἐπὶ
1375 1900 1632 1966 Χριστοῦ,
1705 1893 1763 1944 τὸ
1811 1887 1871 1943 δὲ

256 1988 524 2057 γνωμικὸν
582 1985 641 2037 οὐ
699 1989 888 2060 κυρίως
928 1983 1127 2060 ἐρρέθη,
1183 1986 1252 2047 ὡς
1293 1987 1426 2056 μήτε
1476 1990 1539 2055 τῇ
1612 1978 1869 2054 διαιρέσει

254 2079 420 2149 χώρα
450 2070 584 2147 δοθῇ
609 2082 683 2145 τῷ
714 2075 1023 2135 στασιάζειν
1063 2072 1109 2125 ἐν
1156 2075 1343 2145 τούτῳ,
1397 2076 1526 2145 μήτε
1565 2079 1627 2144 τῇ
1672 2090 1866 2144 φαντα-

253 2168 353 2236 σίᾳ
373 2161 736 2239 παρείσδυσις
772 2170 844 2235 τῷ
866 2168 938 2237 μὴ
967 2165 1225 2238 ὑπάρχειν
1256 2161 1435 2216 ἐκεῖνο.

541 2325 749 2401 Ἕτερον
806 2325 1089 2400 πρόϐλημα
1127 2334 1227 2377 τῶν
1279 2325 1577 2400 Ἀρμενίων.

324 2485 393 2544 δ’.
419 2488 479 2542 Εἰ
504 2486 596 2540 ἐπὸ
628 2494 721 2539 τοῦ
762 2486 861 2549 ἐνὶς
908 2493 1144 2561 Χριστοῦ
1176 2484 1274 2539 δύο
1340 2485 1603 2559 θελήματα
1635 2491 1724 2539 καὶ
1765 2482 1863 2539 δύο

251 2580 505 2654 ἐνεργείας
564 2576 760 2651 δῶμεν,
816 2580 1024 2640 πάντως
1091 2576 1332 2639 ἀλλήλοις
1380 2576 1584 2630 ἐναντία
1660 2580 1864 2631 ἔσονται

251 2678 357 2723 ταῦ
380 2672 519 2723 θείου
552 2665 960 2741 διαμαχομένου
992 2675 1064 2738 τῷ
1121 2666 1449 2742 ἀνθρωπίνῳ,
1492 2671 1581 2719 καὶ
1628 2668 1653 2719 ὁ
1708 2669 1865 2729 αὐτὸς

254 2764 349 2812 καὶ
408 2760 483 2820 εἷς
534 2762 789 2834 Χριστός,
825 2761 855 2816 ἣ
904 2754 1306 2819 διαστασιάζων
1350 2756 1515 2826 ἑαυτῷ
1578 2757 1859 2830 εὑρεθήσεο

253 2868 368 2915 ται,
434 2852 465 2906 ἦ
511 2851 567 2900 αἱ
592 2850 769 2920 φύσεις
809 2843 1241 2920 διαιρεθήσονται
1291 2850 1382 2899 καὶ
1442 2843 1861 2913 ἰδιοῦπόστατοι,

258 2942 353 2991 καὶ
371 2941 432 2990 τὸ
456 2945 545 2990 τοῦ
562 2941 849 3012 Νεστορίου
874 2932 1054 3009 δόγμα
1080 2934 1527 3011 παῤῥησιάσεται,

560 3132 839 3196 ’Δντίθεσις
860 3134 993 3208 πρὸς
1022 3139 1171 3186 τοῦτο
1200 3140 1300 3185 τῶν
1332 3131 1573 3187 εὐσεϐῶν.

330 3332 385 3370 ε.
430 3311 496 3366 Εἰ
532 3316 623 3385 μὲν
661 3314 728 3365 τὰ
796 3309 894 3366 δύο
950 3312 1234 3385 θελήματα,
1275 3317 1334 3365 τὸ
1370 3332 1424 3367 τε
1475 3315 1607 3366 θεῖον
1672 3318 1761 3366 καὶ
1806 3317 1864 3366 τό

255 3400 602 3475 ἀνθρώπινον,
666 3402 781 3455 κατ’
857 3402 1043 3455 οὐσίαν
1111 3404 1236 3456 dare
1285 3399 1534 3477 διάφορα,
1587 3403 1860 3456 εὐσεϐεῖτε’

256 3491 304 3544 εἰ
354 3488 412 3544 δὲ
468 3490 818 3565 ἀντικείμενα,
870 3488 1077 3563 ψευδὴς
1131 3493 1157 3544 ὁ
1207 3491 1377 3564 λόγος’
1432 3492 1555 3545 οὓλο
1606 3495 1708 3567 γὰρ
1751 3495 1863 3546 θεὸ-

249 3600 408 3643 τητος
488 3586 573 3634 καὶ
622 3580 746 3635 ἆλ)ο
815 3580 1213 3655 ἆνθρωπότητος
1262 3581 1479 3654 θέλημα·
1543 3580 1866 3657 ἀντικείμενα

253 3667 315 3724 δὲ
401 3667 666 3745 οὐδαμῶς,
750 3674 821 3734 ὡς
883 3678 976 3724 τοῦ
1043 3669 1366 3747 ἀνθρωπίνου
1444 3670 1728 3745 θελήματος
1791 3681 1864 3745 τῷ

260 3762 415 3831 θεῐκῷ
474 3760 744 3835 ἑπομένου,
812 3781 904 3814 και
954 3764 1393 3834 συντυπουμένου’
1461 3760 1579 3814 οὗτε
1656 3765 1754 3838 γὰρ
1823 3765 1864 3815 εἳ

262 3869 318 3902 τι
384 3846 651 3925 διαφορον,
708 3852 914 3913 πάντως
960 3858 1111 3904 τοῦτο
1164 3853 1250 3903 καὶ
1300 3849 1666 3924 ἀντικείμενον·
1741 3848 1863 3905 δια-

265 3939 406 4011 φορὰ
440 3942 535 4014 γὰρ
565 3937 859 4002 οὐσιώδης
916 3943 1177 4003 σύστασίς
1215 3939 1327 3993 ἐστι
1392 3949 1491 3993 τῶν
1541 3939 1590 3993 ἐν
1637 3949 1699 4013 τῇ
1762 3943 1861 4014 φύ-

266 4047 350 4081 σει
379 4032 711 4104 πραγμάτων,
760 4030 821 4083 οὑ
861 4034 965 4102 μὴν
1010 4028 1310 4091 ἐναντίωσις
1354 4034 1483 4105 πρὸς
1525 4035 1618 4089 τὴν
1666 4033 1862 4082 τούτων

261 4115 529 4174 dmino-va.
591 4120 985 4195 Ἀπαραίτητσν
1044 4116 1103 4172 δὲ
1147 4123 1234 4172 τὸν
1301 4122 1635 4194 σαρκωθέντα
1691 4125 1861 4193 Λόγον

250 4217 490 4280 φυσικῶς
556 4208 697 4281 ἒχειν
754 4213 845 4262 καὶ
892 4212 952 4262 τὸ
1005 4207 1322 4284 ἀνθρώπινον
1378 4210 1576 4283 θέλημα
1611 4215 1741 4287 πρὸς
1778 4216 1863 4264 πί-

252 4318 453 4351 στωσιν
498 4307 596 4360 τῆς
643 4305 822 4372 νοερᾶς
876 4298 1036 4352 αὐτοῦ
1101 4302 1193 4353 καὶ
1253 4298 1472 4372 λογικῶς
1514 4299 1862 4373 ἐφυχωμένης

252 4393 453 4464 σαρκός
485 4410 497 4421 ·
556 4393 696 4462 εἰπερ
777 4388 962 4449 τέλειος
1031 4388 1297 4464 ἄνθρωπος
1378 4394 1555 4462 γέγονε
1638 4387 1860 4463 μηδενὸς

1983 550 2188 608 luntas
2219 554 2277 606 et
2304 549 2586 606 mentalis
2614 568 2627 618 ;
2660 549 2950 606 naturalis
2983 548 3231 621 quidem
3277 551 3366 603 est
3416 546 3507 602 vis
3539 562 3648 619 ap-

1985 640 2237 712 petitum
2266 654 2518 694 movens
2540 638 2723 709 hujus
2773 637 2939 710 quod
2989 637 3322 693 secundum
3361 639 3647 692 naturam

1984 733 2105 795 est;
2148 727 2425 785 mentalis
2456 743 2599 783 vero
2619 727 2770 784 liber
2791 728 3053 800 impetus
3078 732 3134 782 et
3156 724 3463 798 inquisitio
3485 724 3644 780 circa

1982 816 2211 889 aliquid
2240 816 2450 886 ignoti,
2482 821 2538 872 et
2564 816 2721 873 circa
2773 816 2837 871 id
2881 816 3047 888 quod
3077 816 3384 871 decretum
3427 817 3516 869 est
3545 813 3640 885 ju-

1981 905 2207 963 dicium
2238 911 2293 962 et
2314 906 2655 978 dispositio;
2690 921 2887 978 neque
2917 910 3149 962 natura
3189 908 3278 960 est
3305 904 3637 972 character,

1982 995 2087 1050 sed
2100 996 2341 1067 proprie
2353 1010 2627 1068 persona
2638 995 2900 1051 cuiinest
2915 994 3402 1066 ethypostaseos,
3425 1007 3635 1065 quem—

1981 1082 2317 1139 admodum
2341 1083 2544 1156 aliquo
2585 1083 2771 1139 modo
2800 1082 2948 1138 velle
2990 1087 3045 1138 et
3088 1082 3293 1155 aliquo
3319 1080 3503 1137 modo
3552 1079 3634 1135 vi-

1981 1172 2123 1228 dere
2149 1188 2269 1228 non
2317 1173 2393 1228 ad
2433 1177 2716 1229 naturam
2747 1172 3020 1245 pertinet,
3090 1171 3197 1226 sed
3249 1170 3328 1226 ad
3370 1173 3639 1226 mentem

1978 1266 2284 1329 nostram;
2319 1262 2479 1317 unde
2512 1267 2567 1317 et
2616 1261 3073 1335 anthropolatra
3114 1261 3421 1318 Nestorius
3474 1275 3638 1314 men-

1979 1351 2129 1406 tium
2151 1351 2442 1408 unionem
2472 1351 2655 1423 impie
2686 1351 2912 1423 docuit,
2952 1356 3018 1406 ut
3042 1350 3295 1406 alteram
3341 1363 3451 1421 per
3499 1347 3640 1404 alte-

1979 1455 2113 1495 ram
2144 1440 2531 1496 conﬁrmaret
2555 1440 2961 1512 hypostasim,
2986 1442 3044 1495 et
3066 1442 3406 1493 servaretur
3436 1452 3640 1492 merus

1978 1528 2166 1585 homo
2206 1529 2411 1601 aliqua
2450 1534 2649 1585 mente
2699 1533 2755 1584 et
2801 1528 2991 1585 libero
3026 1527 3106 1584 ad
3148 1531 3338 1583 Deum
3375 1523 3640 1580 Verbum

1979 1623 2170 1685 motu,
2201 1623 2257 1674 et
2285 1619 2434 1690 ipse,
2463 1618 2678 1691 inquit,
2705 1618 2890 1674 homo
2937 1618 3097 1674 hanc
3137 1618 3428 1673 unionem
3452 1613 3637 1686 perﬁ-

1981 1705 2458 1777 ciens.Utigitur
2484 1712 2712 1762 natura
2735 1722 2979 1762 summa
3033 1707 3095 1761 in
3138 1706 3453 1760 incarnato
3512 1704 3634 1758 Deo

1810 1805 1868 1854 τό
1903 1814 1948 1867 Β
1980 1795 2405 1864 assignaretur,
2436 1795 2907 1867 oppositumque
2929 1794 3292 1866 rejiceretur,
3343 1789 3635 1847 naturalis

1977 1883 2225 1955 quidem
2256 1883 2538 1940 voluntas
2555 1883 2803 1939 deﬁnita
2834 1888 2920 1939 est
2950 1883 3025 1937 de
3057 1882 3309 1947 Christo,
3358 1878 3634 1935 mentalis

1976 1988 2115 2028 vero
2144 1989 2268 2029 non
2298 1973 2541 2044 proprie
2563 1973 2722 2029 dicta
2747 1978 2853 2043 est,
2887 1977 2948 2029 ut
2975 1987 3174 2043 neque
3211 1967 3497 2026 divisioni
3550 1967 3633 2023 lo-

1975 2077 2082 2117 cus
2132 2063 2397 2133 daretur,
2438 2063 2835 2119 dissensionis
2884 2063 2945 2118 in
2995 2063 3112 2117 hoc
3165 2059 3397 2130 gratia:
3435 2072 3632 2131 neque

1975 2150 2312 2222 phantasia
2341 2152 2644 2219 introitus,
2678 2156 2972 2224 tanquam
3003 2165 3128 2206 non
3159 2147 3380 2206 sitilla.

2270 2330 2488 2386 Altera
2514 2329 2936 2386 Armeniorum
2962 2327 3316 2398 propositio.

2045 2493 2098 2545 4.
2135 2490 2191 2547 Si
2222 2490 2283 2546 in
2308 2490 2540 2547 Christo
2556 2490 2712 2547 duas
2746 2505 2875 2547 esse
2901 2490 3243 2547 voluntates
3263 2485 3632 2559 etoperatio-

1974 2593 2084 2634 nes
2117 2579 2548 2649 concedamus,
2566 2580 2817 2635 omnino
2840 2578 2994 2635 inter
3016 2593 3080 2632 se
3102 2575 3414 2633 contrariae
3435 2577 3628 2641 erunt,

1975 2667 2179 2723 divina
2208 2668 2512 2724 voluntate
2533 2668 2827 2724 adversus
2858 2668 3194 2724 humanam
3221 2667 3631 2737 repugnante;

1975 2772 2045 2813 ac
2072 2756 2237 2811 idem
2266 2762 2323 2814 et
2343 2761 2515 2824 iunus
2545 2756 2916 2828 Christusjvel
2945 2773 2981 2813 a
3008 2757 3210 2829 seipso
3248 2752 3630 2819 dissentiens,

1972 2845 2333 2917 invenietur,
2365 2845 2459 2902 vel
2496 2852 2730 2902 natura
2750 2845 3094 2902 dividentur
3135 2849 3192 2900 et
3212 2841 3465 2912 singula
3493 2855 3634 2913 pro-

1972 2935 2171 3008 priam
2198 2935 2514 2992 habebunt
2530 2936 2950 3008 hypostas1m;
2982 2939 3041 2990 et
3057 2931 3312 2990 Nestorii
3356 2928 3633 2987 doctrina

1976 3022 2294 3081 manifeste
2332 3023 2777 3096 pradicabitur.

2220 3170 2321 3226 Ad
2357 3169 2479 3226 haec
2525 3171 2831 3240 responsio
2876 3168 3375 3225 orthodoxorum.

2043 3335 2095 3386 5.
2120 3329 2174 3386 Si
2200 3330 2446 3403 quidem
2475 3330 2632 3387 duas
2652 3329 3016 3395 voluntates,
3043 3327 3313 3384 divinam
3344 3329 3401 3382 et
3414 3324 3628 3381 huma-

1970 3434 2139 3489 nam,
2170 3419 2506 3476 secundum
2536 3419 2861 3476 essentiam
2892 3417 3131 3475 diﬁ‘erre
3161 3416 3376 3483 dicitis,
3400 3415 3497 3486 pie
3542 3413 3629 3469 di-

1971 3508 2139 3577 citis;
2187 3509 2232 3565 si
2283 3514 2485 3565 autem
2531 3508 2843 3580 oppositas
2897 3523 3051 3577 esse,
3097 3505 3423 3563 mendaces
3462 3503 3625 3558 estis.

1972 3596 2168 3653 Altera
2205 3597 2366 3653 enim
2406 3601 2492 3653 est
2543 3597 2872 3653 divinitatis
2921 3600 2980 3652 et
3020 3594 3207 3651 altera
3240 3590 3630 3648 humanitatis

1971 3686 2271 3755 voluntas;
2285 3686 2438 3741 inter
2451 3700 2512 3741 se
2535 3691 2737 3742 tamen
2754 3686 3003 3742 minime
3024 3678 3339 3757 opposita,
3362 3697 3501 3738 cum
3522 3680 3630 3737 hu-

1971 3791 2160 3831 mana
2187 3774 2470 3831 voluntas
2492 3775 2760 3831 divinam
2782 3776 3151 3831 voluntatem
3174 3776 3460 3846 sequatur
3475 3773 3531 3827 et
3549 3768 3630 3826 ab

1970 3863 2068 3920 illa
2097 3862 2605 3920 eﬂ'ormetur.Non
2617 3863 2779 3919 enim
2810 3863 3024 3935 siquid
3054 3861 3272 3927 differt,
3286 3860 3422 3916 ideo
3439 3873 3628 3931 oppo-

1969 3952 2164 4022 nitur;
2203 3950 2539 4009 ditferentia
2562 3952 2724 4008 enim
2762 3956 2855 4008 est
2879 3950 3152 4008 essentia
3183 3968 3195 4006 :
3225 3965 3437 4005 eorum
3486 3962 3624 4019 qua

1970 4043 2032 4097 in
2070 4045 2291 4098 natura
2319 4046 2460 4099 sunt
2514 4040 2751 4098 collatio
2807 4047 2898 4097 est
2961 4055 3173 4097 eorum
3230 4034 3625 4109 sejunctionis

1966 4131 2122 4197 loco,
2156 4146 2280 4186 non
2321 4146 2470 4188 sane
2499 4128 3187 4203 oppositio.lnevitabile
3213 4131 3415 4184 autem
3434 4126 3627 4181 incar-

1967 4227 2180 4277 natum
2205 4220 2467 4277 Verbum
2496 4220 2844 4277 naturaliter
2873 4221 3210 4276 humanam
3251 4216 3624 4273 voluntatem

1968 4310 2214 4380 habere,
2232 4312 2296 4366 ut
2316 4310 2365 4381 ej
2378 4326 2445 4365 us
2466 4309 2816 4379 intelligenti
2832 4308 3175 4365 etrationali
3196 4306 3393 4364 carnis
3406 4305 3624 4362 anima

1968 4401 2120 4457 ﬁdes
2136 4400 2229 4464 sit,
2250 4400 2299 4455 si
2325 4399 2576 4472 quidem
2598 4398 2899 4471 perfectus
2920 4399 3101 4454 homo
3114 4397 3306 4455 factus
3327 4401 3435 4463 est,
3475 4393 3626 4451 nihil

247 4487 351 4530 τῶν
398 4480 661 4551 ἡμετέρων
716 4479 1028 4551 λειπόμενος,
1087 4478 1250 4538 στολὴν
1288 4484 1453 4553 μόνης
1514 4487 1605 4541 τῆς
1683 4480 1858 4556 ἁμαρ-

1975 4491 2131 4562 quod
2160 4494 2432 4545 nostrum
2452 4489 2523 4544 sit
2545 4504 2667 4545 non
2697 4488 2809 4544 sibi
2832 4488 3186 4560 suscipiens,
3212 4491 3462 4558 excepto
3485 4500 3623 4557 pec-

248 4573 389 4630 τίας·
480 4569 654 4620 πάντα
729 4571 831 4642 γὰρ
883 4567 1021 4641 ἔχων
1092 4569 1195 4621 ὅσα
1251 4570 1403 4642 ἡμεῖς
1458 4568 1860 4645 ἀπαραλείπτως

248 4661 314 4710 τὰ
365 4660 505 4711 κατὰ
559 4661 713 4730 φύσιν
782 4661 1076 4712 συστατικὰ
1144 4668 1239 4721 τῆς
1324 4661 1577 4734 ἡμετέρας
1651 4660 1857 4730 οὐσίας,

250 4747 403 4807 ἤθελε
456 4752 550 4800 καὶ
587 4746 791 4821 ἐνήργει
846 4747 895 4801 ἐν
948 4748 1163 4823 ἑκατέρᾳ
1206 4757 1378 4823 μορφῇ
1437 4753 1566 4822 μετὰ
1636 4758 1733 4814 τῆς
1773 4753 1862 4803 θα-

248 4841 403 4911 τέρου
451 4843 744 4899 κοινωνίαςο
813 4839 880 4889 ὧν
923 4841 1012 4911 μὲν
1060 4841 1161 4911 γὰρ
1225 4840 1254 4897 ἠ
1324 4839 1478 4905 αὐτὴ,
1533 4841 1724 4893 τούτων
1771 4845 1861 4893 καὶ

246 4929 279 4985 ἡ
318 4927 532 4988 θέλησις
570 4932 660 4980 καὶ
710 4929 742 4986 ἡ
806 4926 1040 5000 ¹ἐνέργεια
1086 4930 1115 4986 ἡ
1159 4928 1321 4987 αὐτὴ’
1371 4928 1438 4979 ὧν
1492 4925 1552 4981 δὲ
1616 4925 1862 5001 διάφορος

245 5020 276 5076 ἠ
313 5018 502 5085 οὐσία,
558 5020 754 5069 τούτων
802 5014 1051 5090 διάφορος
1080 5022 1170 5070 καὶ
1199 5019 1229 5076 ἡ
1286 5018 1491 5079 θέλησις
1515 5022 1605 5070 καὶ
1661 5021 1691 5077 ἡ
1724 5017 1859 5093 ἐνέρ-

244 5128 385 5181 γεια.
438 5111 542 5161 Καὶ
570 5110 627 5158 τὸ
686 5105 958 5179 ἀνάπαλιν,
992 5107 1061 5158 ὧν
1118 5109 1148 5166 ἠ
1182 5106 1393 5169 θέλησις
1433 5112 1522 5159 καὶ
1572 5109 1601 5165 ἡ
1637 5106 1865 5183 ἐνέργεια

246 5202 273 5258 ἡ
304 5198 466 5265 αὐτὴ,
496 5200 689 5275 τοὺνων
719 5201 809 5249 καὶ
846 5199 877 5254 ἡ
935 5197 1094 5249 οὐσία
1131 5199 1160 5256 ἡ
1200 5196 1354 5254 αὐτή.
1416 5196 1483 5249 ὧν
1524 5193 1584 5250 δὲ
1615 5193 1863 5272 διάφορος

241 5291 271 5347 ἡ
317 5288 537 5349 θέλησις
557 5290 647 5338 καὶ
674 5286 922 5359 ἐνέργεια,
947 5289 1142 5340 τούτων
1173 5291 1263 5339 καὶ
1302 5288 1331 5346 ἡ
1357 5287 1516 5340 οὐσία
1559 5283 1812 5360 διάφορος
1844 5309 1857 5322 ·

241 5376 328 5432 διὸ
361 5377 450 5432 ἐπὶ
517 5379 612 5449 μιν
653 5378 861 5449 Πατρός
922 5381 1013 5429 καὶ
1051 5379 1178 5431 Tim}
1237 5380 1329 5429 καὶ
1371 5375 1529 5448 ἁγίου
1562 5380 1862 5449 Πνεύματος

238 5468 293 5523 ἐκ
350 5476 450 5531 τῆς
501 5470 829 5527 ταυτότητος
879 5474 977 5529 τῆς
1050 5465 1304 5542 ἐνεργείας
1356 5471 1444 5519 καὶ
1501 5474 1593 5519 τοῦ
1635 5466 1859 5539 θελήμα-

234 5582 320 5624 τος
385 5564 480 5615 καὶ
556 5566 659 5620 τὴν
724 5566 1026 5619 ταυτότητα
1105 5567 1196 5619 τῆς
1248 5561 1448 5630 φὺσεως
1510 5563 1856 5629 γινώσκομεν*

235 5652 319 5706 ἐπὶ
355 5650 417 5707 δὲ
449 5661 553 5715 τῆς
615 5653 755 5712 θείας
806 5651 1120 5724 οἰκονομίας,
1198 5647 1252 5701 ἐκ
1304 5658 1394 5710 τῆς
1461 5644 1720 5723 διαφορᾶς
1756 5656 1856 5701 τῶν

232 5743 495 5819 ἐνεργειῶν
558 5746 657 5796 καὶ
704 5749 807 5796 τῶν
858 5741 1155 5816 θελημάτων
1206 5744 1297 5793 καὶ
1348 5744 1443 5799 τὴν
1495 5747 1591 5801 τῆς
1657 5742 1858 5812 φύσεως

1967 4583 2119 4634 cato.
2165 4579 2381 4636 Omnia
2409 4579 2572 4634 enim
2595 4594 2736 4651 qua
2767 4583 2824 4634 et
2852 4594 2964 4633 nos
3003 4577 3256 4647 habens,
3305 4574 3453 4631 nihil
3499 4587 3625 4629 non

1968 4667 2303 4740 suscipiens
2322 4683 2533 4723 eorum
2559 4683 2696 4740 qua
2718 4666 3055 4722 secundum
3084 4671 3367 4721 naturam
3400 4665 3625 4719 nostra

1968 4756 2244 4812 essentia
2274 4756 2600 4812 constituta
2629 4760 2789 4823 sunt,
2820 4755 2883 4811 in
2924 4759 3178 4827 utraque
3224 4753 3417 4811 forma
3468 4751 3624 4808 vole-

1967 4845 2076 4902 bat
2130 4845 2619 4919 operaltaturque
2681 4862 2816 4901 cum
2876 4844 3119 4900 alterius
3172 4841 3621 4900 communione.

1971 4936 2239 5000 Quorum
2263 4937 2465 4990 autem
2494 4933 2779 4991 differens
2808 4939 2898 4990 est
2924 4933 3202 5001 essentia,
3235 4948 3447 4989 eorum
3477 4947 3628 5003 quo-

1969 5040 2090 5099 que
2115 5023 2394 5079 differens
2425 5028 2593 5080 estet
2620 5023 2902 5079 voluntas
2942 5027 3000 5078 et
3024 5023 3319 5095 operatio;
3365 5036 3622 5093 quorum

1969 5130 2110 5171 vero
2128 5112 2409 5169 differens
2424 5117 2513 5170 est
2538 5112 2820 5169 voluntas
2834 5116 2891 5169 et
2929 5112 3219 5184 operatio,
3248 5126 3457 5167 eorum
3479 5124 3627 5181 quo-

1969 5219 2088 5276 que
2135 5201 2418 5259 differens
2466 5206 2555 5258 est
2611 5201 2890 5259 essentia.
2955 5201 3095 5257 Ideo
3148 5204 3204 5256 et
3252 5199 3313 5255 in
3343 5202 3510 5255 Patre
3569 5200 3628 5255 et

1969 5291 2117 5348 Filio
2158 5298 2215 5348 et
2239 5291 2459 5363 Spiritu
2490 5298 2699 5347 sancto
2731 5307 2803 5347 ex
2832 5290 3153 5347 voluntatis
3176 5294 3232 5345 et
3253 5287 3626 5361 operationis

1966 5382 2297 5446 identitate,
2325 5385 2381 5436 et
2408 5385 2639 5436 natura
2669 5380 3047 5436 identitatem
3105 5380 3518 5449 agnoscimus.
3555 5378 3624 5434 In

1967 5469 2174 5526 divina
2203 5473 2409 5525 autem
2450 5468 2879 5525 incarnationis
2917 5467 3259 5525 oeconomia
3288 5484 3363 5523 ex
3408 5482 3624 5540 opera-

1968 5561 2200 5617 tionum
2228 5563 2285 5615 et
2312 5557 2693 5614 voluntatum
2732 5554 3088 5624 differentia,
3131 5562 3189 5613 et
3230 5561 3459 5613 natura
3515 5555 3624 5612 dif-

1964 5648 2279 5705 ferentiam
2304 5646 2682 5703 conﬁtemur.
2714 5648 2871 5703 Duas
2898 5662 3080 5719 porro
3135 5645 3477 5703 voluntates
3514 5660 3623 5699 na-
3658 5712 3663 5715 Α

1967 5742 2240 5796 turarum
2264 5751 2394 5794 esse
2415 5736 2697 5806 dicimus,
2730 5752 2855 5793 non
2884 5734 3267 5809 personales;
3313 5749 3510 5807 neque
3531 5748 3620 5788 se-
