4136 6382
550 299 617 355 95
1855 308 1899 363 Ν
1905 304 2132 364 ICET/E
2171 302 2606 364 CHRONIATIE
3845 314 3917 370 96

546 423 929 496 perationem
957 426 1304 486 inducimus
1324 433 1701 501 naturarum,
1744 432 1850 487 sed
1897 431 2194 499 eamdem,

2314 426 2570 501 διαφορὰν
2622 431 3090 506 πνομολογόῦμεν·
3173 436 3241 487 τὰ
3288 439 3463 509 μέντοι
3520 434 3617 491 δύο
3651 435 3921 511 θελήματα

550 514 608 567 et
635 511 696 568 in
717 513 830 570 hac
861 517 1084 575 unione
1141 523 1499 576 naturarum
1549 520 1927 577 ostendimus
1969 534 2205 577 conser-

548 602 875 675 vationem,

625 785 677 838 6.
709 782 833 840 Hoc
857 786 1038 845 etiam
1073 787 1282 848 dicunt
1320 791 1491 864 quod
1532 790 1659 847 solo
1706 790 2006 863 passionis
2058 792 2204 845 tem-

548 885 717 942 POI‘B,
757 875 1006 946 quando
1031 878 1197 951 quod
1228 880 1413 936 nostri
1441 885 1528 937 est
1548 879 1808 954 perfecte
1859 879 1921 935 in
1968 893 2030 935 se
2058 877 2205 934 refe-

550 958 721 1017 rebat
746 963 1016 1022 Christus
1039 971 1094 1024 et
1123 970 1279 1026 mori
1319 969 1639 1026 recusabat
1685 974 1749 1025 ut
1791 969 1998 1039 homo,
2048 968 2202 1024 duas

549 1048 887 1109 voluntates
934 1056 1158 1114 habere
1197 1059 1361 1114 visus
1406 1064 1511 1116 est.
1562 1058 1736 1126 Quod
1789 1063 1880 1115 est
1925 1058 2201 1114 inconse-

550 1152 744 1209 quens
774 1158 787 1196 :
821 1143 868 1198 si
898 1145 1058 1202 enim
1086 1151 1225 1204 tunc
1248 1148 1538 1218 habebat,
1566 1154 1621 1205 ct
1640 1148 1719 1204 ab
1749 1147 1915 1204 initio
1937 1147 2203 1203 habebat

549 1242 622 1282 ex
638 1244 760 1302 quo
789 1231 979 1291 factus
1000 1241 1089 1293 est
1115 1237 1322 1305 homo,
1352 1254 1547 1312 neque
1574 1239 1637 1294 id
1667 1254 1738 1294 ex
1792 1243 2060 1310 tempore
2099 1237 2203 1294 ha-

545 1316 694 1374 buit.
718 1322 773 1377 Si
799 1328 999 1380 autem
1017 1326 1096 1384 ab
1126 1326 1295 1384 initio
1327 1343 1451 1385 non
1486 1328 1774 1401 habebat,
1809 1343 2007 1401 neque
2058 1332 2201 1382 tem-

548 1422 689 1478 POI‘e
710 1413 1014 1482 passionis
1041 1416 1271 1484 habuit,
1304 1418 1410 1474 sed
1431 1419 1746 1475 horrorem
1765 1422 1995 1475 tantum
2019 1417 2203 1472 simu-

546 1494 709 1566 lavit,
741 1505 797 1555 et
817 1504 1037 1572 pariter
1084 1507 1252 1577 juxta
1298 1506 1431 1563 illos
1479 1513 1693 1564 ce-tera
1735 1523 1844 1581 per
1881 1523 2019 1580 quin
2074 1505 2199 1562 sal-

550 1586 667 1642 vati
683 1592 1229 1667 sumus,lacrymas
1246 1612 1483 1670 nempe,
1505 1597 1828 1662 orationes,
1855 1611 2196 1659 maerorem,

548 1677 853 1748 agoniam,
874 1697 1135 1753 crucem,
1155 1691 1409 1742 mortem
1440 1692 1497 1743 et
1522 1686 1913 1759 sepulturam.
1952 1686 2199 1755 Figura-

2313 521 2513 592 φυσικοί
2603 541 2783 593 φαμεν,
2880 523 2986 596 οὐχ
3053 526 3402 580 ὑποστατικοί·
3501 524 3624 581 οὐδὲ
3651 525 3916 601 διαίρεσιν

2312 608 2588 681 εἰσάγομεν
2654 618 2753 662 τῶν
2812 613 3031 685 φύσεων,
3092 614 3221 667 ἀλλὰ
3290 620 3384 674 τὴν
3462 616 3641 689 αὐτὴν,
3696 616 3792 669 κοίν
3847 623 3914 689 τῇ

2314 696 2488 751 ἐνῶσει
2521 695 2779 773 δηλοῦμεν
2811 707 3039 773 φυσικὴν
3069 709 3413 779 συντήρησιν.

2384 807 2451 850 ς.
2502 786 2617 840 Ἔτι
2668 794 2820 842 τοῦτό
2874 795 3051 863 φασίν,
3108 795 3177 855 ὡς
3207 792 3254 845 ἐν
3312 801 3385 865 τῷ
3414 801 3581 870 καιρῷ
3633 799 3772 867 μόνῳ
3821 798 3915 846 τοῦ

2310 877 2527 943 πάθους,
2586 879 2744 935 ἡνίκα
2796 883 2855 932 τὸ
2897 882 3142 957 ἡμέτερον
3192 882 3379 937 ἐτύπου
3434 892 3815 959 πραγματικῶς
3862 882 3915 935 ἐν

2311 964 2476 1036 ἐαυτῷ
2535 967 2560 1018 ὁ
2617 972 2847 1041 Χριστός
2902 976 2992 1024 καὶ
3044 982 3327 1046 παρῃτεῖτο
3378 977 3465 1026 τόν
3555 976 3767 1027 θάνατον
3840 975 3916 1035 ὡς

2310 1052 2597 1128 ἄνθρωπος,
2661 1054 2758 1110 δύο
2804 1058 3065 1132 θελήματα
3115 1065 3252 1134 ἔχων
3293 1059 3575 1119 ἐδείκνυτο.
3644 1070 3807 1116 Τοῦτο
3852 1058 3918 1114 δὲ

2308 1144 2517 1197 ἄτοπονο
2574 1145 2617 1197 εἰ
2660 1149 2750 1218 μὲν
2793 1151 2893 1223 γὰρ
2949 1146 3063 1221 εἶχε
3118 1156 3254 1219 τότε,
3301 1158 3390 1206 καὶ
3443 1151 3532 1205 ἀπ’
3566 1150 3737 1227 ἀρχῆς
3770 1148 3918 1223 εἶχεν

2308 1234 2361 1297 ἐξ
2391 1231 2449 1287 οὗ
2478 1239 2679 1307 γέγονεν
2710 1238 3000 1312 ἄνθρωπος,
3035 1239 3260 1314 ἀλλὀὐχ
3312 1242 3526 1316 ὔστερον
3574 1239 3915 1315 ἐσχεδίασεν.

2308 1324 2352 1376 εἰ
2399 1320 2459 1377 δε
2511 1323 2598 1376 ἀπ’
2648 1324 2825 1400 ἀρχῆς
2881 1329 2976 1381 ούκ
3032 1337 3195 1402 εἶχεν,
3247 1329 3371 1384 οὐδὲ
3418 1335 3553 1384 κατά
3601 1351 3687 1384 τον
3724 1333 3915 1404 καιρὸν

2307 1412 2420 1485 εἶχε
2475 1422 2566 1467 τοῦ
2611 1417 2832 1484 πάθους,
2882 1416 3009 1471 ἀλλὰ
3062 1425 3216 1492 μόνον
3271 1420 3525 1493 ἐφαντασε
3574 1426 3668 1479 τὴν
3721 1423 3923 1493 παραί-

2306 1522 2481 1561 τησινο
2528 1505 2644 1557 κατ’
2703 1506 2890 1568 αὐτούς
2948 1504 3008 1561 δὲ
3055 1515 3144 1562 καὶ
3200 1512 3268 1562 τὰ
3300 1509 3459 1563 λοιπὰ
3516 1507 3589 1563 δι’
3644 1510 3710 1560 ὧν
3744 1514 3917 1560 σεσώ-

2309 1594 2495 1664 σμεθα,
2555 1595 2660 1647 οἷον
2719 1599 2777 1647 1'0
2811 1593 3064 1670 δάκρυον,
3118 1603 3211 1658 τὴν
3261 1599 3448 1671 εὐχὴν,
3480 1603 3573 1658 τὴν
3597 1598 3786 1668 λύπην,
3817 1601 3918 1656 τὴν

2309 1680 2553 1753 ἀγωνίαν,
2614 1688 2700 1737 τόν
2735 1690 2984 1759 σταυρὸν,
3022 1691 3105 1740 τὸν
3149 1690 3387 1756 θάνατον,
3441 1693 3532 1741 καὶ
3578 1693 3671 1747 τὴν
3718 1692 3914 1760 ταφήν·

545 1763 652 1820 bat
680 1768 839 1823 enim
879 1769 940 1825 in
976 1773 1177 1847 seipso
1206 1775 1467 1847 perfecte
1510 1775 1680 1848 quod
1723 1774 1912 1832 nostri
1965 1780 2051 1830 est
2094 1789 2194 1846 per

2308 1771 2495 1824 ἐτύπου
2570 1776 2672 1849 γὰρ
2748 1774 2799 1827 ἐν
2866 1776 3032 1847 ἑαυτῴ
3084 1786 3460 1852 πραγματικῶς
3533 1781 3592 1829 τό
3664 1779 3915 1852 ἡμέτερον

545 1856 881 1914 naturalem
902 1862 1240 1918 secundum
1259 1879 1370 1919 nos
1388 1864 1693 1936 agoniam,
1711 1867 1775 1919 ut
1796 1868 1852 1918 et
1871 1861 2060 1919 abilla
2088 1877 2201 1918 nos

544 1941 843 2016 liberaret,
867 1953 923 2005 et
947 1953 1204 2023 propriae
1231 1953 1426 2009 carnis
1449 1959 1677 2009 naturas
1729 1952 1915 2008 ﬁdem
1956 1951 2196 2017 faceret,

544 2038 600 2087 et
620 2038 1021 2094 oeconomiam
1043 2042 1122 2096 ab
1152 2043 1317 2097 omni
1344 2042 1957 2115 phantasialalienam
2008 2040 2201 2096 efﬁce-

544 2124 661 2190 ret;
684 2126 1206 2194 quemadmodum
1236 2147 1361 2187 suae
1400 2132 1680 2187 humanae
1706 2131 2025 2187 voluntatis
2060 2146 2199 2186 cum

543 2214 791 2283 propria
836 2217 930 2272 sui
961 2218 1152 2291 ipsius
1185 2221 1498 2295 Patrisque
1548 2222 1855 2278 voluntate
1899 2220 2200 2277 cohaeren-

544 2300 695 2358 tiam
722 2308 778 2360 et
806 2305 1115 2376 unionem,
1141 2309 1203 2365 id
1246 2315 1515 2367 statuens
1543 2315 1600 2367 et
1623 2311 1865 2368 dicens:
1911 2314 2037 2366 Non
2063 2325 2198 2365 mea

543 2389 844 2466 voluntas,
878 2396 984 2452 sed
1011 2401 1115 2455 tua
1136 2398 1242 2455 ﬁat
1268 2402 1309 2454 θ.
1343 2421 1372 2450 ››

891 2561 1037 2619 Αἰία
1063 2562 1485 2621 Armeniorum
1508 2564 1851 2634 propositio.

612 2686 665 2737 7.
709 2683 767 2740 Si
804 2684 1188 2745 indivisibilis
1256 2693 1348 2746 est
1396 2690 1683 2755 Christus,
1746 2687 2194 2744 indivisibilium

539 2785 684 2827 vero
714 2789 836 2830 una
865 2782 954 2833 est
970 2780 1243 2851 operatio
1293 2784 1350 2837 et
1377 2779 1685 2848 voluntas,
1717 2779 2030 2853 quomodo
2073 2794 2196 2833 non

536 2861 691 3008 side
734 2864 965 2924 Christo
1013 2884 1202 2927 unam
1251 2870 1666 2943 operationem
1709 2869 1772 2925 in
1824 2868 2198 2927 voluntatem

585 2950 852 3008 'cemus?

585 2950 808 3011 icemus
823 2956 852 3013 ?

1178 3069 1522 3140 Responsio.

609 3187 762 3246 Nihil
791 3193 1183 3255 naturalium.
1231 3195 1294 3251 in
1335 3198 1636 3268 quantum
1693 3197 1789 3249 est
1827 3189 2197 3248 indivisibile

539 3282 716 3346 certe,
738 3281 843 3337 sed
864 3297 975 3354 pro
995 3284 1174 3359 hujus
1192 3282 1570 3340 indivisibilis
1594 3287 1811 3339 natura
1846 3287 1903 3338 et
1935 3280 2198 3337 essentia

539 3366 943 3426 differentiam
986 3372 1190 3437 habet.
1242 3373 1478 3430 Naturis
1522 3373 1684 3429 enim
1734 3387 1858 3427 non
1912 3371 2198 3427 exsisten-

539 3457 722 3523 tibus,
774 3464 1080 3519 evanescit
1125 3479 1369 3536 quoque
1425 3462 1675 3518 omnino
1750 3461 1918 3533 quod
1965 3459 2196 3516 naturis

539 3552 799 3615 constat,
835 3553 1236 3622 compositam
1275 3552 1654 3625 hypostasim
1700 3551 1857 3607 dico.
1903 3550 1958 3605 Si
1990 3554 2196 3605 autem

539 3638 941 3710 compositam
992 3641 1207 3697 Christi
1271 3642 1655 3715 bypostasim
1706 3640 2065 3697 conﬁtemur
2115 3638 2194 3694 ad

537 3743 725 3801 quam
756 3728 1060 3797 attollitur,
1102 3737 1157 3788 et
1184 3734 1621 3789 contrariorum
1675 3738 1731 3788 et
1775 3730 2193 3804 oppositorum

538 3832 734 3889 capax
753 3818 892 3874 erit:
917 3822 1188 3877 mortalis
1219 3823 1379 3878 enim
1415 3828 1471 3878 et
1508 3821 1888 3888 immortalis,
1937 3818 2192 3875 visrbilis

537 3909 593 3961 et
639 3905 975 3978 invisibilis,
1026 3910 1197 3968 ﬁnita
1243 3916 1301 3968 et
1348 3911 1599 3979 inﬁnita,
1651 3911 1819 3967 initio
1866 3925 2079 3965 carens
2134 3913 2191 3963 et

534 3994 772 4051 initium
797 3997 1049 4055 habens.
1085 4000 1309 4073 Duplex
1331 4016 1571 4074 quoque
1613 4016 1841 4069 eorum,
1898 4003 1963 4054 ut
1995 3997 2184 4064 decet,

534 4083 646 4139 erit
672 4086 972 4156 operatio;
1006 4092 1063 4144 et
1088 4089 1256 4145 aliter
1284 4095 1417 4146 utra
1444 4096 1664 4146 natura
1696 4089 1933 4160 absque
1973 4101 2184 4158 opera-

533 4171 694 4229 tione
720 4180 895 4243 esset,
949 4177 1046 4232 vel
1088 4183 1250 4236 extra
1295 4179 1636 4235 naturalem
1687 4194 1862 4234 suam
1893 4177 2185 4249 operatio-

533 4277 674 4318 nem
697 4264 725 4319 ?
756 4265 1075 4330 Quomodo
1115 4274 1317 4325 autem
1338 4268 1628 4342 possibile
1650 4273 1739 4324 est
1781 4272 1847 4324 ut
1894 4265 2186 4323 naturalis

534 4353 869 4410 secundum
907 4371 1152 4413 carnem
1175 4358 1408 4415 virtutis
1437 4374 1650 4431 eXpers
1699 4356 1958 4413 Verbum
1996 4356 2188 4411 incar-

533 4443 746 4496 natum
763 4441 1074 4501 hominem
1090 4446 1417 4519 perfectum
1435 4463 1504 4502 ac
1522 4444 2187 4519 simpliciterhominem

537 4531 806 4605 seipsum
836 4536 1160 4592 nominet?
1180 4541 1311 4594 Non
1332 4537 1493 4593 enim
1524 4542 1612 4593 est
1659 4536 1889 4609 absque
1929 4534 2184 4591 naturali

533 4622 883 4694 operatione
908 4624 1119 4683 homo.
1146 4626 1233 4682 Ad
1250 4627 1387 4693 hoc,
1416 4641 1614 4699 neque
1640 4624 2019 4681 indivisibilis
2049 4641 2189 4697 pro-

534 4710 662 4782 prie
690 4711 906 4769 dicitur
933 4714 996 4769 in
1026 4715 1255 4771 Christo
1284 4716 1627 4787 composita
1647 4730 1928 4788 persona.
1953 4714 2190 4771 Nullam

535 4800 698 4857 enim
721 4801 1077 4860 relationem
1102 4805 1285 4861 habet
1304 4806 1382 4862 ad
1409 4821 1544 4861 eam
1577 4804 1939 4861 divisionem
1951 4820 2089 4877 quae
2116 4820 2191 4859 ex

532 4892 939 4949 remotissima
962 4908 1179 4964 genere
1201 4910 1309 4967 per
1335 4910 1557 4965 genera
1603 4895 1758 4951 inter
1807 4911 1869 4949 se
1917 4894 2191 4965 subjecta

535 4979 615 5036 ad
666 4982 1250 5055 propinquissimam
1295 4986 1558 5058 speciem
1609 4985 1877 5056 pervenit
1904 4984 1965 5039 in
1994 4998 2189 5055 eaque

533 5071 848 5144 proprium
879 5088 1268 5145 progressum
1294 5074 1728 5131 circumscribit

605 5161 658 5216 8.
685 5160 828 5217 Ideo
852 5162 1027 5232 juxta
1055 5164 1571 5236 sapientissimum
1622 5162 1910 5236 Cyrillum
1963 5177 2189 5218 nomen

538 5247 816 5306 Christus
854 5267 977 5308 non
1007 5254 1130 5308 vim
1169 5254 1531 5311 deﬁnitionis
1576 5254 1776 5310 habet.
1853 5256 1980 5309 Non
2024 5252 2188 5307 enim

538 5342 628 5394 est
655 5340 884 5412 species
913 5342 987 5397 de
1027 5342 1229 5401 multis
1255 5358 1509 5400 numero
1547 5342 1798 5398 diversis
1840 5340 2187 5413 praedicata,

536 5441 736 5501 neque
771 5430 1037 5504 aliquam
1087 5433 1341 5505 alicujus
1373 5432 1698 5489 essentiam
1748 5429 2041 5486 ostendit:
2067 5446 2191 5485 non

537 5521 701 5578 enim
727 5521 955 5598 aliquid
983 5523 1351 5581 indivisibile
1368 5528 1457 5581 est
1479 5522 1558 5580 ad
1587 5520 1851 5594 speciem
1875 5523 1980 5576 aut
2001 5534 2192 5590 genus

612 5692 634 5726 ⁵
665 5694 801 5750 Luc.
843 5698 1082 5763 “11,42.

2309 1856 2405 1912 διὰ
2476 1869 2571 1923 τῆς
2660 1870 2886 1934 φυσικῆς
2971 1867 3098 1937 πρὸς
3159 1867 3298 1936 ἡμᾶς
3363 1864 3609 1936 ἀγωνίας,
3673 1867 3757 1918 ἶνα
3819 1868 3916 1917 καὶ

2307 1952 2498 2010 ταύτης
2549 1953 2687 2023 ἡμᾶς
2736 1950 3075 2027 ἐλευθερώσῃ,
3139 1958 3229 2005 καὶ
3277 1963 3373 2016 τῆς
3446 1954 3641 2016 οἰκείας
3718 1958 3919 2030 σαρκός

2306 2045 2401 2097 τήν
2447 2042 2602 2112 φύσιν
2642 2046 3000 2109 πιστώσηται,
3031 2046 3121 2093 καὶ
3177 2047 3270 2102 τὴν
3323 2044 3619 2117 οἰκονομίαν
3676 2046 3917 2118 καθαράν

2307 2131 2487 2190 πάσης
2553 2136 2842 2202 φαντασίας
2909 2130 3221 2206 ἐργάσηται·
3317 2136 3490 2208 ὥσπερ
3576 2138 3670 2192 τὴν
3748 2133 3916 2207 ἆκραν

2307 2225 2400 2269 τοῦ
2446 2218 2562 2270 κατ’
2608 2219 2765 2271 αὑτὸν
2812 2217 3140 2295 ἀνθρωπικοῦ
3182 2224 3313 2296 πρὸς
3378 2226 3437 2275 τό
3504 2223 3692 2275 οἰκεῖον
3750 2223 3914 2275 αὐτοῦ

2308 2312 2398 2359 καὶ
2482 2310 2736 2381 πατρικὸν
2830 2308 3027 2382 θέλημα
3112 2313 3377 2383 συμφυΐαν
3438 2317 3530 2365 καὶ
3567 2314 3768 2382 ἕνωσιν,
3836 2319 3911 2382 τῷ

2308 2395 2589 2471 ἐπικρίνειν
2628 2405 2780 2449 τούτο
2836 2403 2927 2450 καὶ
3004 2402 3238 2472 φάσκειν
3314 2406 3400 2460 Μὴ
3461 2405 3520 2454 τὸ
3596 2400 3738 2475 ἐμόν,

2305 2488 2363 2537 1'0
2398 2489 2487 2539 σὸν
2508 2489 2731 2559 γενέσθω
2764 2488 2979 2561 θέλημα.

2617 2575 2822 2651 Ἐτερον
2864 2577 3143 2652 πρόϐλημα
3170 2587 3271 2632 τῶν
3303 2581 3605 2654 Ἀρμενίων.

2378 2662 2441 2725 ζ’.
2494 2664 2554 2717 Εἰ
2623 2667 2814 2739 ἄτομος
2866 2668 2891 2718 ὁ
2950 2671 3197 2743 Χριστός,
3274 2678 3371 2722 τῶν
3428 2666 3485 2722 δὲ
3562 2668 3765 2743 ἀτόμων
3814 2674 3916 2743 μία

2305 2752 2530 2829 ἐνέργεια
2587 2762 2673 2807 και
2728 2756 2955 2827 θέλησις,
3009 2766 3118 2820 πῶς
3171 2758 3299 2830 οὐχὶ
3357 2764 3446 2813 καὶ
3516 2759 3601 2813 ἐπὶ
3672 2767 3913 2835 Χριστοῦ

2305 2849 2429 2917 μίαν
2461 2843 2714 2918 ἐνέργειαν
2736 2852 2826 2899 καὶ
2857 2847 3065 2906 θέλησιν
3097 2848 3316 2921 εἴπωμεν
3342 2864 3355 2918 ;

2946 3063 3262 3128 Ἀντίθεσις.

2379 3184 2547 3240 Οὐδὲν
2604 3196 2703 3239 τῶν
2736 3196 2968 3261 φυσικῶν
3018 3189 3088 3251 εἰς
3138 3193 3198 3242 τό
3253 3189 3444 3263 ἄτομον
3485 3194 3913 3264 προηγουμένως,

2308 3274 2415 3328 ἀλλ’
2482 3276 2547 3337 εἰς
2591 3282 2685 3335 τὴν
2740 3281 2926 3330 τούτου
2970 3282 3125 3351 φύσιν
3199 3285 3289 3331 καὶ
3370 3279 3552 3332 ούσίαν
3631 3279 3744 3351 ἕχει
3814 3285 3917 3339 τὴν

2308 3362 2585 3440 διαφοράν·
2629 3370 2826 3439 φύσεων
2873 3370 2975 3441 γὰρ
3035 3369 3129 3420 οὐκ
3174 3369 3362 3436 ούσῶν,
3408 3373 3586 3422 καὶτὸ
3638 3369 3691 3432 ἐξ
3740 3369 3920 3423 αὐτῶν

2306 3452 2612 3526 ἀφανίζεται
2691 3459 2910 3523 παντως,
2962 3459 2992 3515 ἡ
3043 3460 3301 3525 σύνθετος,
3387 3457 3537 3529 λέγω,
3589 3460 3916 3521 ὑπόστασις.

2304 3544 2365 3596 Εἰ
2392 3541 2450 3596 δὲ
2483 3546 2725 3605 σύνθετος
2768 3547 2797 3604 ἡ
2827 3545 3119 3607 ὑπόστασις
3153 3547 3486 3619 ὡμολόγηται
3532 3555 3625 3599 τοῦ
3672 3553 3918 3621 Χριστοῦ

2304 3636 2430 3704 πρὸς
2497 3632 2556 3690 ἣν
2615 3632 2941 3708 ἀναφέρεται,
3001 3641 3093 3687 καὶ
3126 3632 3341 3695 δεκτικὴ
3393 3644 3493 3688 τῶν
3525 3634 3763 3689 ἐναντίων
3817 3642 3917 3690 καὶ

2305 3720 2684 3795 ἀντικειμένων·
2714 3725 2872 3782 θνητὴ
2931 3726 3032 3798 γὰρ
3085 3730 3175 3777 καὶ
3224 3724 3501 3795 ἀθάνατος,
3578 3727 3738 3799 όρατη
3815 3732 3915 3780 καὶ

2300 3810 2541 3883 ἀόρατος,
2609 3818 2936 3885 περιγραπτὴ
3017 3820 3108 3867 καὶ
3174 3812 3581 3890 ἁπερίγραπτος,
3670 3813 3912 3886 ἄναρχος

2299 3906 2389 3952 καὶ
2436 3900 2521 3953 ὑπ’
2575 3900 2765 3977 ἀρχὴν·
2820 3899 2980 3961 διπλῆ
3051 3906 3246 3956 τούτων
3312 3907 3447 3957 κατά
3512 3907 3571 3956 τὸ
3633 3903 3765 3965 εἰκός
3809 3910 3909 3958 καὶ

2297 3991 2327 4048 ἡ
2384 3992 2607 4062 ἐνέργεια
2660 3993 2827 4043 ἔσται·
2902 3997 2992 4045 καὶ
3048 3993 3212 4054 ἄλλως
3261 3990 3321 4046 δὲ
3362 3998 3441 4055 τίς
3493 3996 3649 4066 φύσις
3698 3991 3905 4069 ἁνενέρ-

2294 4098 2478 4150 γητος.
2551 4081 2580 4139 ἦ
2647 4089 2876 4153 φυσικῆς
2936 4080 3189 4157 ἐνεργείας
3268 4081 3449 4151 ἐκτόςς
3505 4090 3617 4144 Πῶς
3685 4080 3745 4136 δε
3807 4089 3903 4139 καὶ

2296 4165 2517 4231 δυνατὸς
2572 4168 2891 4243 ἀμοιροῦντα
2941 4180 3167 4243 φυσικῆς
3217 4168 3487 4245 δυνάμεως
3545 4175 3683 4225 κατὰ
3727 4174 3905 4247 σάρκα

2293 4260 2379 4309 τόν
2410 4256 2876 4334 ἐνανθρωπήσαντα
2914 4265 3080 4332 Λόγον
3128 4263 3397 4337 ἄνθρωπον
3461 4262 3646 4315 τέλειον
3689 4263 3719 4322 ἦ
3771 4262 3904 4325 ὅλως

2293 4347 2563 4421 ἄνθρωπον
2641 4355 3022 4425 χρηματίρεινς
3100 4348 3243 4405 Οὐδὲ
3315 4355 3417 4427 γὰρ
3468 4349 3607 4424 δίχα
3671 4361 3903 4425 φυσικῆς

2296 4436 2549 4513 ἐνεργείας
2581 4439 2922 4515 όᾶνθρωπος·
2974 4445 3108 4515 πρὸς
3136 4438 3195 4495 δὲ
3248 4446 3471 4512 τούτοις,
3529 4439 3653 4496 οὐδὲ
3705 4442 3901 4516 ἄτομον

2297 4532 2488 4603 κυρίως
2538 4528 2737 4600 λέγεται
2800 4533 2860 4583 τὸ
2916 4550 3054 4583 κατα
3119 4536 3352 4607 Χριστὸν
3434 4534 3673 4585 σύνθετον
3733 4538 3905 4607 πρόσ-

2300 4634 2456 4670 ωπον·
2515 4618 2573 4669 ού
2630 4621 2730 4692 γὰρ
2784 4623 2975 4690 σχέσιν
3024 4622 3139 4693 ἔχει
3158 4625 3290 4697 πρὸς
3329 4626 3423 4680 τὴν
3456 4621 3514 4674 ἐκ
3560 4629 3652 4673 τοῦ
3690 4641 3905 4694 γενικω-

2299 4708 2459 4760 τάτου
2503 4711 2682 4778 γένους
2723 4706 2818 4761 διὰ
2864 4718 2963 4761 τῶν
3020 4710 3107 4762 ὑπ’
3149 4709 3344 4769 ἆλληλα
3402 4712 3716 4783 καθιεμένων
3747 4719 3902 4783 γενῶν

2298 4800 2431 4869 πρὸς
2457 4800 2515 4849 τὸ
2541 4793 2881 4851 εἰδικώτατον
2918 4795 3054 4861 εἶδος
3086 4796 3346 4874 διαίρεσιν
3377 4805 3467 4854 καὶ
3528 4799 3577 4853 ἐν
3625 4800 3765 4872 αύτῴ
3802 4806 3901 4859 τὴν

2300 4888 2495 4940 οἰκείαν
2516 4884 2744 4961 πρόοδον
2769 4891 3217 4965 περιγράφουσαν.

2371 5157 2437 5217 η’.
2508 5161 2603 5211 Διὰ
2659 5166 2834 5229 τοῦτο,
2897 5162 3033 5212 κατά
3098 5162 3185 5212 τὸν
3254 5163 3551 5233 σοφώτατον
3628 5159 3901 5234 Κύριλλον,

2299 5251 2358 5299 1'0
2399 5251 2628 5321 Χριστός
2675 5252 2835 5323 ὄνομα
2869 5249 2986 5302 οὔτε
3039 5253 3160 5323 ὅρου
3217 5246 3438 5322 δύναμιν
3488 5249 3622 5322 ἔχει’
3691 5250 3749 5302 ού
3798 5253 3904 5328 γὰρ

2302 5335 2444 5400 εἶδός
2491 5338 2604 5391 ἐστι
2647 5340 2843 5393 πολλῶν
2907 5339 3113 5413 ἀριθμῷ
3182 5336 3530 5413 διαφερόντων
3564 5344 3905 5414 κατηγορού-

2302 5450 2470 5504 μενον,
2516 5430 2630 5483 ούτε
2710 5437 2812 5503 μὴν
2861 5437 2952 5489 τήν
3012 5450 3151 5492 τινος
3238 5431 3422 5484 οὐσίαν
3468 5428 3638 5489 δηλοῖ·
3689 5431 3747 5482 ού
3801 5433 3907 5507 γὰρ

2303 5520 2494 5593 ἄτομον
2533 5524 2663 5593 πρὸς
2698 5517 2839 5581 εἶδος
2894 5520 2923 5579 ἡ
2982 5524 3122 5591 γένος
3161 5518 3408 5593 ἀγόμενον
3467 5521 3497 5579 ἡ
3539 5518 3653 5572 κατ’
3719 5519 3911 5572 ούσίαν
