4136 6396
238 307 303 360 97
1564 292 1910 350 THESAURI
1952 291 2078 346 LIB.
2118 292 2273 346 XVII.
3545 302 3616 356 98

236 429 335 480 ὑπὸ
393 427 589 479 τούτων
656 424 1097 498 περιγραφόμενον
1128 464 1143 491 ,
1203 419 1311 472 ἀλλ’
1367 420 1658 477 ὑπόστασις
1722 419 1843 471 σύν-

1988 414 2271 470 eductum
2300 418 2404 471 aut
2440 416 2777 473 secundum
2836 421 3157 478 essentiam
3206 421 3320 479 sub
3357 423 3470 479 illis
3503 422 3611 480 cir-

242 519 382 579 θετος
411 519 504 574 τὴν
544 517 773 587 φυσικὴν
844 520 945 564 τῶν
1012 512 1183 586 ἄκρων
1256 507 1515 582 διαίρεσιν
1572 506 1620 559 ἐν
1688 506 1841 578 ἑαυτῇ

242 607 502 679 κατάκρας
560 606 910 667 ταυτίζουσα,
971 606 1060 653 καὶ
1100 601 1171 663 εἰς
1238 601 1285 652 ἓν
1353 600 1560 671 ἄγουσα
1624 604 1685 669 τῇ
1747 604 1846 646 τῶν

246 696 442 748 οἰκείων
509 693 688 746 ἑνώσει
777 700 946 767 μερῶν
998 708 1009 721 ·
1068 690 1179 743 ἐπεὶ
1244 685 1367 741 οὐδὲ
1458 686 1695 761 ἑτέρωθεν
1762 687 1847 736 τόν

246 783 400 837 αὐτόν
456 785 605 855 φύσει
634 783 756 834 Θεὸν
815 784 939 832 ὄντα
967 784 1057 832 καὶ
1085 780 1352 852 ἄνθρωπον
1409 772 1846 847 διαγινώσκομεν,

245 876 276 930 ἧ
313 870 370 923 ἐκ
406 880 505 923 τῶν
581 871 758 930 θείκώς
815 868 928 941 ἅμα
980 873 1071 921 καὶ
1125 869 1460 939 ἀνθρωπικῶς
1521 879 1853 935 χαρακτηρι-

248 961 444 1022 ζόντων
509 959 662 1012 αὑτὸν
729 958 965 1031 ἐμφύτων
1042 954 1341 1030 ἰδιωμάτων
1414 961 1510 1015 τῆς
1582 971 1637 1005 τε
1712 953 1852 1010 θείας

249 1049 510 1110 θελήσεως
559 1054 650 1102 καὶ
716 1047 973 1121 ἐνεργείας
1004 1089 1018 1117 ,
1085 1050 1177 1098 καὶ
1238 1053 1334 1107 τῆς
1387 1043 1714 1118 ἀνθρωπικῆς
1759 1045 1850 1092 τοῦ

246 1139 413 1191 αὐτοῦ
474 1137 721 1198 θελήσεως
754 1154 768 1167 ⁸
809 1134 893 1199 αἶς
945 1140 1035 1188 καὶ
1084 1132 1161 1193 δι’
1198 1136 1265 1186 ὧν
1297 1136 1323 1186 ὅ
1368 1130 1428 1193 ἦν
1458 1138 1547 1185 καὶ
1577 1133 1602 1184 ὃ
1627 1135 1849 1203 γέγονεν,

242 1227 604 1303 ἐπεσφρὴιζε
658 1243 671 1257 ·
744 1228 1155 1299 θαυματουργών
1229 1226 1320 1297 μὲν
1384 1225 1510 1298 ὑπὲρ
1578 1224 1719 1293 ἡμᾶς
1792 1221 1855 1277 ὡς

237 1321 380 1380 Θεὸς
412 1361 427 1387 ,
487 1319 716 1389 πάσχων
772 1312 832 1369 δὲ
895 1311 969 1368 δι’
1017 1316 1154 1387 ἡμᾶς
1196 1314 1223 1366 ὀ
1274 1315 1432 1373 αὐτὸς
1497 1313 1748 1371 ἑκουσίως
1787 1309 1856 1369 ὡς

238 1409 522 1482 ἄνθρωπος
589 1420 604 1436 ⁹
674 1409 766 1458 καὶ
828 1411 918 1457 νῦν
992 1407 1082 1477 μεν
1148 1406 1493 1476 φθεγγόμενος
1565 1403 1697 1476 πρὸς
1768 1399 1855 1450 τὸν

240 1497 501 1550 Φίλιππον
544 1511 561 1528 ⁸
621 1495 697 1548 Οῦ
763 1497 1027 1556 πιστεύεις
1092 1492 1173 1546 ὃτι
1239 1491 1335 1565 ἐγὼ
1393 1490 1441 1544 ἐν
1515 1498 1588 1562 τῷ
1664 1492 1854 1561 Πατρὶ,

234 1591 338 1638 καὶ
413 1587 439 1638 ὁ
514 1589 700 1659 Πατὴρ
774 1583 823 1636 ἐν
899 1583 1058 1656 ἐμοί;
1118 1587 1256 1651 καὶ,
1321 1581 1381 1634 '0
1456 1580 1696 1656 ἑωρακὼς
1771 1577 1857 1650 ἐμὲ

232 1675 446 1751 ἑώρακε
511 1677 601 1727 τὸν
669 1678 917 1748 Ιιατέρα’
978 1676 1105 1744 καὶ,
1167 1671 1298 1743 Ἐγὼ
1355 1675 1444 1723 καὶ
1488 1671 1513 1722 6
1572 1672 1753 1743 Πατὴρ
1807 1667 1856 1719 ἓν

1956 503 2411 575 cumscriptum,
2431 503 2535 559 sed
2560 504 2901 577 hypostasis
2925 511 3260 582 composita
3276 511 3614 568 naturalem

1958 599 2363 648 extremorum
2444 592 2802 651 divisionem
2867 598 2927 651 in
2992 614 3053 654 se
3105 601 3506 656 commiscens
3559 603 3617 655 et

1957 681 2361 743 identiﬁcans,
2394 685 2449 737 et
2486 682 2544 736 in
2590 699 2779 739 unum
2840 701 3026 755 agens
3058 690 3440 761 propriarum
3478 704 3613 761 par-

1958 770 2104 826 tium
2156 770 2542 839 adunatione,
2574 773 2865 844 quoniam
2909 791 3020 831 nec
3058 775 3300 833 aliunde
3329 778 3612 834 eumdem

1959 864 2176 916 natura
2206 861 2390 915 Deum
2416 865 2471 916 et
2502 861 2811 919 hominem
2828 865 3218 935 agnoscimus
3243 883 3428 939 quam
3449 883 3520 923 ex
3538 866 3611 922 iis

1962 964 2098 1021 quas
2123 949 2320 1004 divine
2347 954 2401 1005 et
2437 949 2703 1007 humane
2755 952 2936 1009 simul
2966 971 3105 1010 eum
3149 955 3409 1027 signant,
3439 957 3614 1014 inna-

1963 1034 2035 1089 tis
2070 1033 2536 1106 proprietatibus
2592 1036 2809 1093 divinae
2856 1038 3179 1096 voluntatis
3224 1041 3613 1113 operationis-

1961 1138 2080 1195 quc
2132 1127 2190 1179 et
2234 1123 2519 1179 humanae
2565 1125 2695 1196 ejus
2742 1126 3084 1185 voluntatis.
3118 1130 3347 1196 Quibus
3412 1134 3468 1188 et
3509 1146 3617 1203 per

1962 1228 2118 1284 quas
2149 1213 2314 1284 quod
2340 1216 2466 1269 erat
2485 1218 2541 1268 et
2566 1215 2732 1288 quod
2762 1215 2958 1273 factus
2986 1222 3077 1275 est
3116 1218 3410 1292 signavit;
3445 1219 3619 1277 mira-

1965 1300 2099 1357 cula
2135 1302 2384 1374 quidem
2415 1318 2602 1375 supra
2620 1320 2732 1360 nos
2762 1321 3024 1378 operans
3064 1313 3130 1365 ut
3167 1313 3342 1377 Deus,
3382 1309 3619 1382 patiens

1965 1398 2167 1448 autem
2209 1397 2455 1464 propter
2491 1409 2604 1449 nos
2637 1394 2966 1452 voluntarie
3005 1402 3069 1454 ut
3106 1399 3311 1456 homo.
3348 1402 3413 1455 Et
3456 1416 3620 1456 nunc

1965 1479 2211 1553 quidem
2241 1481 2511 1554 Philippo
2545 1481 2788 1539 dicens:
2814 1506 2842 1535 «
2866 1488 2995 1541 Non
3030 1487 3223 1543 credis
3253 1489 3398 1561 quia
3423 1505 3536 1560 ego
3556 1489 3620 1545 in

1965 1572 2135 1625 Patre
2175 1574 2231 1626 et
2252 1571 2420 1626 Pater
2443 1572 2503 1626 in
2534 1588 2630 1627 me
2651 1574 2670 1607 7
2691 1573 2718 1628 ‘I
2746 1594 2773 1622 η
2807 1576 2872 1629 Et
2902 1591 2915 1629 :
2943 1598 2970 1626 ‹‹
2997 1576 3105 1641 Qui
3131 1576 3288 1634 videt
3318 1594 3436 1650 me,
3462 1578 3622 1634 videt

1966 1660 2202 1715 Patrem
2230 1659 2250 1694 ⁸
2277 1678 2290 1727 ;
2320 1664 2393 1731 et,
2424 1682 2451 1710 ‹‹
2486 1663 2608 1733 Ego
2669 1666 2725 1717 et
2785 1665 2952 1720 Pater
3016 1681 3208 1722 unum
3264 1683 3476 1723 sumus
3501 1669 3520 1703 9
3548 1685 3559 1723 ε
3588 1686 3619 1721 ›

235 1750 401 1839 ἐσμεν
434 1806 449 1820 .
499 1771 611 1819 Νῦν
651 1760 711 1816 δέ
746 1767 801 1816 τί
859 1763 1065 1824 ζητεῖτέ
1101 1781 1164 1835 με
1219 1759 1540 1826 ἀποκτεῖναι,
1588 1760 1857 1833 ἄνθρωπον

1988 1764 2129 1805 ιιιΠο
2185 1764 2361 1805 vero:
2397 1771 2425 1799 «
2465 1750 2618 1816 Quid
2659 1752 2925 1823 quaeritis
2976 1770 3073 1810 me
3138 1755 3492 1827 interficere,
3518 1755 3624 1813 ho-

238 1860 304 1918 ὅς
333 1860 425 1915 τὴν
456 1853 705 1913 ἀλήθειαν
733 1853 993 1910 λελάληκα
1016 1853 1137 1925 ὑμῖν
1163 1869 1178 1921 ;
1202 1872 1205 1875 δ

644 1961 830 2034 Ἑτέρα
869 1958 1125 2020 ἀντίθεσις
1164 1959 1464 2032 Ἀρμενίων.

324 2070 387 2127 θ’.
430 2076 542 2124 Πᾶν
607 2068 960 2144 ἑτεροκίνητον
1018 2066 1388 2140 ἀνενέργητον·
1430 2067 1460 2124 ἡ
1521 2071 1613 2117 τοῦ
1662 2069 1858 2138 Κυρίου

235 2165 428 2215 τοίνυν
456 2157 592 2233 σάρξ
628 2159 729 2212 ὑπὸ
758 2166 852 2211 τοῦ
892 2157 1156 2217 ἐνωθέντος
1200 2154 1331 2228 αὐτῇ
1380 2159 1554 2227 Λόγου
1584 2159 1857 2228 κινουμένη

240 2251 592 2324 ἄνενέργητος
622 2245 705 2307 ἧν.

546 2357 836 2418 Ἀντίθεσις
866 2360 957 2409 καὶ
982 2352 1239 2426 ἀπολογία
1257 2357 1384 2429 πρὸς
1400 2361 1575 2412 τοῦτο,

327 2469 430 2520 Καὶ
486 2465 672 2518 λοιπόν
727 2462 786 2515 ού
843 2459 1045 2535 διέφερε
1098 2470 1197 2515 τῶν
1256 2461 1418 2514 ἄλλων
1473 2460 1634 2533 ἁγίων
1686 2462 1716 2519 ἡ
1770 2466 1863 2513 τοῦ

250 2560 450 2631 Κυρίου
510 2553 682 2627 σάρξ·
722 2555 942 2624 νεύματι
977 2557 1110 2604 Θεοῦ
1167 2551 1426 2603 ἐκινοῦντο
1490 2570 1580 2603 και
1636 2557 1865 2610 Μωῦσῆς

252 2650 347 2698 καὶ
396 2640 566 2697 Δαϐὶὸ
600 2687 615 2712 ,
656 2646 747 2695 καὶ
795 2641 910 2693 ὅσοι
960 2640 1107 2693 ἄλλοι
1142 2649 1239 2700 τῆς
1298 2642 1439 2701 θείας
1481 2640 1732 2715 ἐνεργείας
1756 2660 1867 2711 χω-

249 2738 467 2809 ρητικοί
517 2751 531 2762 ·
581 2738 734 2784 τοῦτο
788 2727 848 2784 δὲ
900 2730 1093 2783 ἄτοπον
1127 2728 1307 2787 ,Ἀλλ’
1351 2728 1461 2782 ἐπεὶ
1514 2731 1539 2781 6
1586 2737 1687 2781 τῶν
1739 2728 1867 2781 ὅλων

254 2828 393 2885 Θεὸς
459 2821 721 2895 ἀτρέπτως
782 2823 987 2892 γέγονεν
1053 2820 1365 2892 ἄνθρωπος,
1442 2823 1534 2871 xui.
1589 2819 1655 2879 ὡς
1738 2820 1866 2879 Θεὸς

257 2911 590 2972 καταλληλως
617 2919 680 2984 τῇ
746 2909 910 2962 αὐτοῦ
965 2910 1173 2967 θεότητι
1227 2908 1374 2967 ἤθελέ
1420 2927 1474 2960 τε
1525 2913 1617 2960 καὶ
1647 2906 1867 2981 ἐνήργει,

266 3006 365 3055 καὶ
389 3004 462 3062 ὣς
488 3001 746 3074 ἅνθρωπος
803 2996 1137 3060 καταλλήλως
1166 3005 1229 3071 τῇ
1281 2997 1441 3049 αὐτοῦ
1486 2995 1866 3072 ἀνθρωπότητι,

1966 1838 2193 1895 minem
2231 1839 2336 1912 qui
2373 1840 2685 1896 veritatem
2719 1841 2955 1899 locutus
2985 1860 3120 1900 sum
3150 1844 3322 1902 vobis
3353 1847 3398 1881 ¹⁰
3418 1847 3446 1904 ?
3477 1868 3506 1897 »

2344 1947 2489 2005 Alia
2518 1948 2936 2007 Armeniorum
2968 1951 3238 2022 objectio.

2042 2059 2094 2111 9.
2138 2054 2311 2121 Quod
2362 2055 2442 2112 ab
2491 2056 2608 2113 alio
2655 2063 2950 2130 movetur,
2984 2060 3217 2134 absque
3279 2062 3628 2135 operatione

1971 2149 2096 2200 est:
2128 2144 2363 2201 Domini
2411 2145 2591 2215 igitur
2628 2163 2769 2203 caro
2814 2164 2950 2221 quas
2988 2165 3026 2205 a
3063 2149 3251 2207 Verbo
3301 2151 3414 2208 sibi
3460 2152 3629 2211 unito

1971 2239 2267 2301 movetur,
2302 2234 2535 2307 absque
2560 2237 2912 2308 operatione
2950 2243 3057 2295 est.

2114 2343 2437 2413 Responsio
2465 2348 2521 2400 et
2550 2344 2733 2415 hujus
2762 2345 3109 2417 objectiom's
3134 2350 3488 2421 confutatio.

2047 2454 2337 2508 Caeterum
2367 2467 2492 2508 non
2529 2452 2608 2509 ab
2630 2452 2887 2511 aliorum
2927 2459 3276 2512 sanctorum
3314 2473 3494 2514 carne
3523 2457 3632 2515 dif-

1974 2541 2205 2597 ferebat
2253 2541 2465 2597 Christi
2522 2557 2683 2598 caro.
2727 2543 2945 2615 Spiritu
3004 2544 3104 2600 Dei
3156 2546 3557 2603 movebantur
3580 2550 3639 2604 et

1976 2635 2205 2703 Moyses
2236 2635 2293 2686 et
2324 2630 2513 2687 David
2565 2636 2621 2688 et
2674 2632 3023 2706 quicunque
3054 2633 3153 2690 alii
3182 2635 3400 2691 divinae
3426 2651 3637 2708 opera-
3722 2648 3725 2651 ‘

1976 2719 2155 2776 tionis
2200 2736 2455 2791 capaces
2502 2720 2687 2776 fuere.
2719 2720 2893 2786 Quod
2931 2723 3012 2779 ad
3058 2739 3163 2780 eos
3214 2729 3458 2797 spectat,
3489 2725 3638 2781 ridi-

1978 2810 2113 2866 cula
2141 2809 2571 2881 essetobjectio
2605 2827 2617 2865 :
2651 2811 2757 2865 sed
2796 2816 3122 2885 postquam
3169 2815 3446 2871 omnium
3477 2817 3635 2871 Deus

1979 2900 2209 2972 absque
2229 2900 2562 2956 mutatione
2600 2900 2792 2956 factus
2823 2906 2910 2957 est
2935 2903 3142 2971 homo,
3177 2908 3234 2960 et
3257 2909 3321 2960 ut
3349 2907 3500 2960 Deus
3525 2920 3636 2977 pro

1982 3006 2092 3046 sua
2116 2988 2335 3045 deitate
2360 2989 2603 3045 volebat
2641 2994 2697 3045 et
2726 2990 3179 3063 operabatur,et
3206 2996 3270 3049 ut
3297 2993 3485 3049 homo
3527 3009 3640 3066 pro

268 3098 368 3144 τοῦ
427 3087 739 3163 ἀνθρωπείου
796 3086 1087 3160 θελήματος
1138 3087 1224 3139 οἷα
1270 3090 1360 3138 καὶ
1428 3088 1700 3148 θεωθέντος
1731 3130 1745 3155 ,
1799 3094 1869 3157 τῷ

1988 3096 2095 3136 sua
2121 3079 2796 3148 humanitate,humana
2817 3081 3120 3138 voluntate
3147 3083 3323 3156 quasi
3339 3083 3639 3151 deiﬁcata,

267 3182 426 3251 θεῐκῷ
493 3176 791 3252 βουλήματι
855 3180 1159 3247 κινουμένου
1225 3179 1317 3228 καὶ
1382 3180 1705 3250 τυπουμένου
1740 3214 1752 3228 .
1785 3180 1876 3229 καὶ

259 3276 601 3346 μαρτυροῦσι
650 3276 801 3322 τοῦτο
857 3270 922 3320 τὰ
966 3266 1278 3340 εύαγγελικὰ
1347 3267 1562 3341 ῥήματα
1624 3266 1660 3319 ἅ
1719 3286 1875 3339 φασιν

262 3361 503 3413 οὑτωσί·
538 3364 673 3432 «Τῇ
745 3356 990 3430 ἐπαύριον
1066 3356 1315 3416 ἠθελησεν
1371 3357 1397 3408 6
1438 3355 1642 3418 Ἰησοῦς
1715 3355 1877 3410 εἰσελ-

267 3452 372 3503 θεῖν
439 3449 508 3510 εἰς
566 3453 660 3506 τὴν
731 3446 1011 3501 Γαλιλαίαν
1036 3466 1050 3480 ·
1079 3467 1109 3497 >›
1138 3450 1229 3498 καὶ
1283 3444 1439 3499 πάλιν
1475 3464 1487 3477 ’
1525 3468 1554 3497 (ι
1586 3445 1730 3500 Θέλω
1795 3444 1881 3500 ἳνα

264 3540 395 3591 ὃπου
428 3538 537 3611 εἰμὶ
569 3536 669 3609 ἐγὼ
697 3579 712 3607 ,
743 3542 835 3590 xui
893 3536 1043 3589 αὐτοὶ
1086 3555 1187 3588 ωσι
1217 3549 1233 3567 °
1267 3556 1297 3586 »
1328 3539 1418 3588 καὶ
1449 3531 1512 3588 αὖ
1538 3553 1550 3565 ·
1585 3557 1614 3586 ι(
1653 3535 1728 3589 Ού
1775 3538 1877 3612 γὰρ

258 3629 441 3688 ἤθελεν
506 3627 554 3680 ἐν
616 3635 680 3700 τῇ
774 3622 1015 3699 Ἰουδαίᾳ
1085 3632 1385 3701 περιπατεῖν
1426 3670 1441 3695 ,
1503 3624 1583 3678 ότι
1661 3625 1880 3687 ἐζήτουν

264 3719 423 3771 αὐτόν
451 3719 501 3771 οἱ
533 3713 787 3772 Ἰουδαῖοι
830 3716 1132 3769 ἀποκτεῖναι
1169 3757 1181 3772 .
1224 3734 1255 3769 ›
1300 3720 1389 3768 καὶ
1429 3715 1639 3791 ἑτέρωθι
1668 3733 1680 3746 ·
1714 3737 1741 3767 ‹‹
1772 3714 1881 3769 K6:-

270 3810 435 3861 κεῖθεν
515 3806 801 3870 ἐξελθόντες
880 3804 1182 3879 ἐπορεύοντο
1251 3801 1344 3858 διὰ
1407 3812 1499 3867 τῆς
1565 3805 1838 3866 Γαλιλαίας
1866 3826 1879 3839 ο

276 3901 368 3950 καὶ
414 3896 505 3949 οὐκ
557 3896 734 3956 ἤθελεν
776 3897 862 3948 ἵνα
911 3915 994 3957 τις
1030 3902 1135 3967 γνῷ
1169 3910 1182 3922 ·
1210 3916 1237 3945 ››
1269 3898 1360 3947 καὶ
1413 3893 1646 3967 ἀλλαχου
1672 3912 1685 3926 ο
1719 3915 1748 3945 (ι
1784 3899 1885 3948 Καὶ

278 3986 572 4060 προσῆλθον
606 3986 749 4058 αύτῷ
811 3987 861 4038 οἱ
912 3985 1148 4058 μαθηταὶ
1186 3983 1348 4036 αύτοῦ
1398 3983 1628 4055 λέγοντες
1695 3983 1835 4055 αύτῷ
1868 4000 1882 4014 ·

276 4084 388 4130 Ποῦ
454 4075 609 4137 θέλεις
667 4074 968 4135 ἀπελθόντες
1032 4073 1390 4147 ἑτοιμάσωμέν
1459 4092 1544 4125 σοι
1602 4080 1780 4146 φαγεῖν
1828 4076 1886 4126 τὸ

270 4169 514 4239 Πάσχα;
558 4187 587 4217 »
613 4172 792 4218 Ταῦτα
836 4167 939 4237 γὰρ
979 4164 1151 4215 πάντα
1201 4165 1331 4215 καθό
1377 4164 1622 4236 ὀΚύριος
1687 4163 1889 4238 ἄνθρω-

267 4278 370 4319 πος
407 4254 683 4329 ἐφθέγγετο
713 4299 729 4325 ,
759 4259 850 4307 καὶ
907 4253 965 4306 οὐ
1019 4255 1149 4305 καθὸ
1183 4256 1314 4315 Θεός
1339 4292 1352 4305 .
1398 4256 1499 4305 Καὶ
1551 4251 1713 4313 ἄλλως
1752 4247 1811 4305 δὲ
1830 4255 1889 4305 τὸ

267 4350 345 4422 μὴ
402 4348 530 4418 ἔχον
594 4343 849 4420 ἐνέργειαν
891 4347 981 4396 καὶ
1034 4347 1240 4401 κίνησιν
1298 4345 1525 4414 φυσικὴν
1574 4344 1750 4416 νεκρὸν
1801 4346 1892 4395 καὶ

1982 3175 2042 3228 et
2083 3185 2191 3243 per
2237 3168 2510 3225 divinam
2563 3169 2937 3226 voluntatem
2993 3176 3161 3228 mota
3189 3175 3245 3228 et
3295 3171 3636 3231 eﬂ‘ormata.

1982 3265 2175 3334 Atque
2212 3258 2275 3315 id
2314 3261 2606 3315 testantur
2663 3259 3013 3332 evangelica
3060 3260 3244 3318 verba
3286 3277 3422 3335 quas
3469 3263 3554 3319 sic
3584 3278 3649 3320 se

1982 3351 2252 3419 habent;
2295 3370 2323 3399 ‹‹
2365 3348 2635 3406 Crastina
2690 3349 2788 3405 die
2854 3348 3043 3406 voluit
3094 3352 3267 3407 Jesus
3304 3351 3524 3409 intrare
3584 3353 3650 3409 in

1988 3440 2294 3499 Galilaeam
2325 3440 2368 3475 “
2402 3456 2415 3507 ;
2458 3460 2487 3488 »
2520 3442 2577 3494 et
2612 3454 2823 3496 rursus
2858 3457 2872 3496 :
2909 3462 2937 3491 «
2970 3439 3111 3497 Volo
3140 3445 3205 3497 ut
3231 3440 3317 3498 ibi
3346 3458 3481 3498 sum
3512 3457 3646 3514 ego,

1988 3536 2046 3589 et
2072 3530 2157 3587 illi
2208 3529 2326 3586 sint
2355 3530 2437 3596 ¹²;
2466 3531 2524 3585 et
2568 3543 2825 3584 rursus:
2863 3549 2892 3579 «
2932 3532 3064 3586 Non
3110 3529 3271 3586 enim
3316 3530 3559 3588 volebat
3585 3532 3650 3588 in

1989 3620 2202 3677 Judaea
2268 3616 2605 3687 ambulare,
2661 3618 2766 3690 qui
2835 3619 3194 3691 quaerebant
3254 3635 3395 3677 eum
3456 3621 3649 3680 Judaei

1988 3708 2322 3768 interﬁcere
2350 3708 2416 3762 ιδ.
2459 3728 2488 3758 ››
2517 3710 2584 3763 Ει
2635 3707 2824 3764 alibi:
2857 3729 2879 3759 ‹
2937 3711 3005 3765 Et
3045 3709 3187 3766 inde
3245 3711 3473 3781 egressi
3507 3727 3650 3785 per-

1992 3797 2391 3858 ambulabant
2444 3796 2785 3867 Galilaeam;
2819 3802 2878 3854 et
2926 3798 3171 3855 nolebat
3208 3805 3272 3856 ut
3314 3800 3451 3873 quis
3507 3816 3649 3858 eum

1994 3891 2350 3962 agnosceret
2373 3888 2454 3955 u;
2488 3906 2517 3936 »
2549 3889 2604 3942 et
2635 3886 2776 3943 alibi
2808 3905 2821 3943 :
2854 3909 2883 3937 «
2916 3889 2982 3943 Et
3009 3895 3387 3946 accesserunt
3409 3889 3490 3946 ad
3509 3906 3651 3948 eum

1994 3977 2273 4050 discipuli
2333 3977 2465 4048 ejus
2523 3975 2788 4032 dicentes
2816 4017 2829 4030 .
2878 3975 2986 4032 Ubi
3052 3976 3141 4032 vis
3212 3992 3498 4050 paremus
3543 3980 3653 4036 tibi

1995 4068 2365 4125 manducare
2385 4065 2615 4123 Pascha
2639 4066 2682 4102 ¹⁵
2701 4066 2728 4121 ‘I
2742 4087 2771 4117 »
2789 4068 2922 4121 Haec
2952 4065 3112 4122 enim
3130 4067 3428 4135 omnia,ut
3444 4068 3651 4141 homo,

1997 4161 2288 4218 Dominus
2351 4157 2734 4231 loquebatur,
2793 4173 2917 4214 non
2973 4161 3177 4213 autem
3231 4161 3296 4214 ut
3353 4157 3529 4214 Deus.
3590 4160 3658 4215 Et

1999 4250 2241 4308 aliunde
2278 4248 2446 4320 quod
2493 4263 2618 4304 non
2672 4246 2856 4304 habet
2893 4246 3309 4321 operationem
3338 4251 3397 4304 et
3424 4252 3659 4305 motum

1999 4337 2339 4398 naturalem
2367 4380 2387 4409 ,
2438 4340 2747 4394 mortuum
2813 4340 2903 4394 est
2974 4340 3033 4393 et
3103 4336 3391 4394 inanime.
3424 4337 3663 4395 Domini

270 4436 498 4510 ἄψυχον
525 4451 539 4466 ’
571 4436 602 4493 ἡ
641 4430 702 4487 δὲ
749 4440 841 4487 τοῦ
872 4437 1068 4507 Κυρίου
1125 4431 1260 4507 σὰρξ
1298 4433 1469 4494 ἔννους
1506 4436 1594 4485 καὶ
1623 4431 1869 4506 ἔμψυχος

2004 4432 2206 4488 autem
2237 4443 2376 4486 caro
2406 4430 2606 4483 mente
2630 4430 2687 4483 et
2715 4426 2921 4483 anima
2943 4425 3199 4500 praedita
3227 4431 3375 4485 erat.

659 4551 864 4626 Ἕτερον
891 4549 1090 4626 πρόϐλη
1096 4571 1172 4624 μα
1206 4549 1507 4625 Ἀρμενίων.

354 4670 406 4727 ι’.
449 4670 652 4744 Ὣ.σπερ
680 4668 765 4722 ἐπὶ
823 4675 1056 4744 Χριστοῦ
1100 4671 1194 4727 τὴν
1246 4674 1347 4720 τῶν
1394 4663 1492 4721 δύο
1546 4668 1746 4740 φύσεων
1775 4686 1897 4720 συν-

279 4758 495 4836 δρομὴν
537 4761 779 4813 σύνθετόν
847 4778 973 4832 φατε
1018 4759 1315 4811 ὑπόστασιν
1348 4799 1362 4828 ,
1396 4756 1531 4811 ούτω
1595 4760 1765 4834 χρεὼν
1807 4761 1898 4811 καὶ

277 4857 412 4927 μίαν
446 4852 694 4904 σύνθετον
715 4848 880 4922 λέγειν
910 4849 1181 4923 ἐνέργειαν.

940 4979 1253 5039 Ἀντίθεσις.

359 5142 427 5198 Εἰ
473 5144 563 5196 τὸν
606 5142 836 5213 Χριστόν
885 5137 934 5192 ἐν
975 5135 1072 5192 δύο
1136 5140 1328 5211 φύσεσι
1389 5137 1731 5211 θεωρούμενον
1777 5140 1903 5210 μίαν

285 5232 468 5307 δῶμεν
524 5232 764 5285 σύνθενον
815 5231 957 5302 ἔχειν
996 5228 1252 5305 ἐνέργειαν
1283 5269 1298 5296 ,
1339 5229 1369 5286 ἡ
1427 5228 1645 5285 τοιαύτη
1700 5226 1905 5289 πάντως

286 5324 522 5399 ἐνέργεια
576 5323 607 5381 ἣ
667 5329 770 5374 τῶν
828 5319 991 5373 αὐτοῦ
1048 5326 1214 5394 μερῶν
1281 5316 1498 5389 ἐσεῖται,
1538 5317 1569 5379 ᾖ
1613 5315 1774 5370 αὐτοῦ
1836 5319 1907 5379 ὡς

362 5558 383 5594 ⁷
423 5558 598 5615 Joan.
659 5568 780 5623 τιν,
810 5554 904 5612 10.
964 5552 1001 5623 γε
1040 5550 1194 5608 Ibid.
1237 5554 1290 5608 9.

290 5631 342 5667 1³
379 5629 555 5690 Joan.
585 5642 690 5697 vn,
716 5622 773 5684 1.
846 5625 899 5663 ιι
934 5622 1085 5684 Ibid.

1369 5552 1391 5588 9
1429 5552 1600 5608 Joan.
1651 5565 1706 5614 x,
1749 5550 1838 5608 30.

1164 5624 1212 5661 ιδ
1251 5623 1451 5684 Matth.
1480 5629 1642 5697 xm,
1672 5622 1765 5684 17.

1917 5547 1966 5587 ίθ
2000 5547 2180 5611 Joan.
2238 5544 2341 5617 v1i,
2369 5547 2461 5604 20.

2340 4544 2489 4602 Alia
2512 4544 2939 4601 Armeniorum
2971 4544 3322 4615 propositio.

2078 4665 2164 4720 10.
2208 4660 2741 4729 Quemadmodum
2764 4660 2839 4717 de
2863 4660 3093 4718 Christo
3124 4660 3385 4718 duarum
3413 4664 3664 4719 natura-

2003 4770 2143 4813 rum
2159 4768 2522 4811 concursum
2538 4750 2943 4824 compositam
2956 4750 3341 4824 hypostasim
3357 4751 3668 4821 dicitis,sic

2008 4842 2332 4902 dicendum
2346 4846 2438 4900 est
2451 4857 2640 4900 unam
2656 4840 3055 4914 compositam
3076 4841 3493 4915 operationem
3513 4856 3667 4899 esse.

2668 4969 3007 5040 Responsio.

2085 5099 2143 5156 Si
2162 5096 2457 5155 Christum
2474 5094 2538 5153 in
2558 5093 2799 5152 duabus
2818 5093 3050 5152 naturis
3067 5092 3517 5151 consideratum
3531 5109 3673 5154 con-

2011 5186 2270 5245 cedamu
2279 5203 2306 5241 s
2317 5184 2563 5242 unicam
2573 5184 2799 5242 habere
2815 5182 3391 5257 operationem,talis
3404 5186 3675 5257 operatio

2012 5276 2110 5335 vel
2138 5277 2270 5350 ejus
2284 5275 2544 5349 partium
2577 5274 2706 5345 erit,
2732 5273 2829 5331 vel
2861 5273 3058 5347 ipsius
3075 5278 3164 5330 est
3182 5273 3520 5348 compositi.
3548 5274 3680 5333 Etsi

2014 5368 2263 5443 quidem
2306 5367 2437 5440 ejus
2483 5365 2750 5439 partium
2813 5365 2908 5436 sit,
2963 5363 3262 5423 dividetur
3311 5364 3393 5424 ad
3442 5369 3678 5425 utrum-

2541 5545 2584 5580 “
2622 5544 2794 5602 Joan.
2845 5558 2889 5614 ι,
2918 5546 3012 5603 43.
3091 5544 3137 5581 ¹²
3175 5543 3352 5605 Joan.
3396 5559 3535 5613 xvn,
3573 5544 3671 5603 24.

4018 5876 4109 5921 ’ῗὶἳῇ
