4136 6378
580 284 659 337 99
1299 295 1310 304 -
1944 281 2215 338 NICETJE
2259 283 2631 341 CHONIATAB
3858 301 3954 356 mo

578 422 698 479 que
726 406 915 461 scissa
936 408 993 461 et
1021 402 1306 471 solvetur,
1338 406 1395 459 et
1417 402 1597 460 simul
1640 417 1712 459 ea
1740 417 1875 475 quae
1917 418 2021 475 per
2044 405 2211 477 ipsan

2321 408 2474 463 6166
2506 425 2518 439 '
2552 414 2641 462 xui
2710 409 2755 462 εἰ
2819 412 2909 483 μὲν
2970 419 3070 463 τῶν
3136 413 3299 466 αὑτοῦ
3356 424 3544 490 μερῶν,
3586 421 3954 491 μερισθήσεται

572 497 865 553 uniuntur
909 494 1120 552 solvet.
1170 494 1227 551 Si
1283 509 1424 550 vero
1473 494 1814 565 compositi,
1848 495 1981 567 ipsa
2024 497 2132 552 erit
2174 513 2205 552 u

2350 501 2477 570 πρός
2566 496 2832 574 ἀμφότερα
2905 506 3185 574 τεμνομένη
3277 509 3367 556 καὶ
3444 505 3727 565 λυθήσεται
3781 552 3794 576 ,
3866 515 3953 563 καὶ

571 586 1011 642 contrariorum
1042 600 1237 656 capax
1269 584 1538 640 mortalis
1564 589 1621 640 et
1649 583 2204 647 immortalis,creat

2352 584 2694 641 συνδιαλὺσει
2732 591 2800 640 τὰ
2823 590 2940 641 κατ’
2988 591 3151 650 αὑτὴν
3192 593 3426 666 ἡνωμένα
3457 613 3468 623 ·
3495 596 3537 647 εὶ
3571 593 3630 648 δε
3695 606 3784 649 τοῦ
3815 598 3947 661 ὃλου,

569 681 626 732 et
653 676 939 741 increata,
961 673 1134 729 ﬁnita
1185 679 1242 728 et
1294 672 1550 730 inﬁnita.
1582 673 1638 728 Si
1667 673 1802 745 quis
1841 674 1956 729 hoc
1988 690 2202 730 conces

2348 673 2498 728 ἔσται
2552 678 2583 736 ἠ
2640 678 2771 737 αὑτὴ
2841 682 2910 741 ὡς
2973 676 3187 739 δεκτικὴ
3240 691 3339 734 τῶν
3392 682 3629 737 ἐναντίων
3680 687 3836 746 θνητή
3865 693 3952 740 καὶ

572 765 730 835 serit,
760 764 869 819 erit
897 762 1164 818 Christus
1195 762 1502 833 propriam
1532 760 1765 817 habens
1795 763 2205 835 operationem

2347 762 2634 834 ἀθάνατος,
2700 771 2890 826 κτιστή
2953 773 3044 822 καὶ
3103 770 3389 839 ἄκτιστος,
3465 781 3792 850 περιγραπτὸ
3865 782 3951 829 καὶ

573 856 961 909 exsistentem
989 856 1047 907 et
1076 866 1198 907 non
1217 850 1965 919 exsistentem,secundum
1995 868 2206 925 posses

2344 852 2735 929 ἀπερίγραπτος
2782 872 2797 888 ⁸
2868 863 2956 911 καὶ
3014 859 3058 912 εἰ
3121 868 3274 914 τοῦτο
3341 859 3505 915 δώσει
3533 883 3656 932 τις,
3715 868 3862 918 ἔσται
3925 868 3948 919 6

571 944 804 998 sionem
835 946 892 997 et
932 939 1269 997 secundum
1299 940 1723 1012 privationem.
1754 940 1919 996 Idem
1951 946 2154 998 autem
2175 958 2204 998 e

2344 950 2573 1017 Χριστός
2610 950 2702 1005 τὴν
2760 947 2953 1000 οἰκείαν
3006 951 3143 1021 ἔχων
3200 948 3454 1024 ἐνέργειαν
3486 996 3501 1022 ,
3530 952 3693 1005 οὖσαν
3731 959 3821 1006 καί
3877 960 3946 1027 μὴ

568 1032 644 1087 de
672 1031 982 1087 voluntate
1002 1029 1326 1085 dicendum
1353 1034 1459 1084 est.
1487 1029 1699 1084 Dicunt
1719 1030 2201 1103 Armenii,quem

2342 1029 2503 1085 οὖσαν
2524 1077 2543 1100 ,
2584 1037 2721 1088 κατὰ
2758 1035 2861 1098 ἕξιν
2908 1042 2999 1090 καὶ
3041 1043 3285 1114 στέρησιν
3318 1083 3331 1095 .
3372 1044 3442 1093 Τό
3468 1042 3597 1094 αὑτό
3629 1039 3688 1094 δὲ
3716 1048 3806 1095 xui
3834 1048 3950 1117 περὶ

571 1119 906 1177 admodum
956 1118 1168 1189 organi
1219 1122 1275 1173 et
1321 1117 1468 1173 illud
1524 1118 1825 1174 moventis
1873 1119 2089 1176 eadem
2143 1136 2204 1176 es

2343 1121 2630 1195 θελήματος
2684 1127 2827 1177 ἔστιν
2883 1126 3039 1179 εἰπεῖν
3070 1170 3083 1182 .
3126 1133 3383 1200 Λέγουσιν
3424 1132 3472 1182 οἱ
3521 1130 3783 1204 ’Δρμένιοι
3847 1134 3948 1199 ὅτι,

566 1209 858 1281 Operatio,
890 1208 975 1263 sic
1024 1214 1077 1264 et
1127 1206 1455 1263 divinitatis
1506 1212 1563 1261 et
1601 1207 1995 1264 humanitatis
2041 1225 2199 1266 unan

2339 1212 2513 1287 ὧσπερ
2551 1212 2770 1288 ὀργάνου
2810 1234 2900 1268 και
2950 1224 3044 1268 ¹ιοῦ
3100 1226 3360 1281 κινοῦντος
3392 1218 3519 1271 αὑτό
3572 1224 3672 1293 μία
3699 1220 3945 1296 ἐνέργεια,

563 1315 693 1355 esse
721 1297 1155 1371 operationem.
1191 1295 1246 1353 Si
1276 1296 1452 1366 igitur
1494 1295 1791 1352 inducunt
1817 1313 2117 1367 organum
2139 1314 2196 1355 ve

2339 1298 2475 1351 οὑτω
2534 1305 2625 1353 xui
2683 1304 2926 1366 θεότητος
2971 1309 3061 1356 καὶ
3101 1304 3498 1379 ἁνθρωπότητος
3542 1313 3643 1381 μία
3696 1308 3945 1380 ἐνέργεια,

564 1388 919 1457 coexistens,
953 1393 1017 1442 ut
1038 1390 1176 1441 sunt
1200 1401 1420 1458 corpus
1451 1391 1507 1442 et
1527 1385 1753 1454 anima,
1781 1387 2033 1444 omnino
2057 1388 2197 1459 juxt

2339 1388 2400 1442 Εἰ
2429 1393 2599 1443 τοίνυν
2639 1391 2915 1465 εἰσάγουσι
2944 1398 3002 1446 τὸ
3043 1395 3260 1469 ὃργανον
3307 1402 3398 1449 καὶ
3439 1401 3743 1473 σύγχρονον
3771 1402 3944 1472 ὥσπερ

560 1477 694 1534 illos
724 1475 1052 1533 dicendum
1085 1476 1192 1531 erit
1223 1480 1563 1531 creaturam
1596 1491 1726 1531 esse
1761 1475 2035 1532 divinam
2057 1483 2193 1533 natu

2340 1486 2493 1551 σῶμα
2521 1485 2611 1533 καὶ
2636 1480 2790 1553 ψυχὴ
2819 1526 2834 1552 ,
2866 1486 3072 1545 πάντως
3117 1487 3266 1537 ἔσται
3302 1489 3422 1538 κατ’
3462 1486 3651 1547 αὐτοὺς
3680 1491 3711 1545 ἣ
3744 1492 3948 1560 κτίσμα

560 1584 693 1624 ram
717 1565 809 1622 vel
835 1581 1057 1637 corpus
1088 1564 1447 1621 increatum.
1469 1565 1526 1620 Si
1559 1579 1701 1620 vero
1731 1564 1877 1621 artis
1904 1565 2193 1637 cujusdam

2335 1572 2428 1626 τὴν
2478 1570 2616 1621 θείαν
2655 1572 2809 1642 φύσιν
2854 1572 3015 1645 λέγειν
3062 1577 3092 1632 ἦ
3140 1578 3198 1626 τό
3251 1584 3404 1647 σῶμα
3454 1576 3705 1628 ἄκτιστον
3747 1593 3761 1606 ·
3798 1576 3841 1628 εἰ
3888 1573 3946 1630 δὲ

560 1671 859 1726 organum
888 1653 1117 1722 dicunt,
1149 1652 1294 1709 illud
1327 1653 1535 1709 anima
1574 1652 1823 1721 carebit,
1848 1669 1959 1709 nec
1987 1669 2193 1727 sempe

2336 1661 2576 1728 τεχνικόν
2606 1664 2665 1711 τὸ
2696 1664 2911 1735 ὄργανον
2957 1663 3197 1735 λέγουσιν
3232 1706 3246 1729 ,
3296 1664 3510 1736 ἄψυχον
3548 1673 3701 1717 τοῦτο
3731 1670 3824 1717 καὶ
3853 1665 3944 1718 οὑκ

558 1744 918 1814 movebitur,
952 1742 1061 1797 sed
1108 1741 1359 1814 quando
1389 1740 1663 1813 operanti
1689 1741 2008 1799 videbitur.
2051 1744 2191 1800 Caete

2335 1745 2410 1799 usi
2468 1751 2763 1822 κινούμενον
2791 1793 2807 1819 ,
2856 1751 2966 1804 ἀλλ’
3007 1752 3089 1804 ὃτε
3139 1761 3210 1823 τῷ
3250 1752 3577 1827 ἐργαζομένῳ
3632 1751 3776 1817 δόξει
3813 1769 3828 1784 ⁶
3858 1760 3944 1808 καὶ

557 1850 696 1890 rum
755 1830 1124 1905 Apollinario
1185 1836 1243 1886 et
1290 1830 1429 1887 Ario
1495 1830 1898 1903 consentiunt,
1958 1847 2190 1904 quorum

2331 1834 2511 1889 λοιπὸν
2581 1847 2966 1913 συμφρονοῦσιν
3039 1841 3415 1918 Ἀπολλιναρίῳ
3471 1862 3527 1895 τε
3591 1848 3684 1896 xui
3741 1844 3939 1917 ’Δρείῳ,

557 1923 723 1996 prior
768 1922 1001 1994 absque
1042 1918 1266 1990 anima,
1296 1919 1702 1991 Apollinarius
1750 1925 1953 1976 autem
1991 1921 2188 1995 absqu

2332 1926 2399 1977 ὧν
2431 1928 2456 1978 6
2487 1930 2577 2000 μὲν
2634 1928 2849 2001 ἄψυχον
2875 1974 2892 2000 ,
2922 1930 3320 2004 ’Λπολλινάριος
3346 1929 3405 1985 δε
3436 1933 3593 1985 οἶνουν
3636 1937 3731 1993 τὴν
3774 1935 3943 2007 σάρκα

556 2017 758 2070 mente
780 2026 912 2068 esse
938 2024 1184 2067 carnem
1220 2009 1434 2065 Christi
1462 2008 1721 2065 dicebat.

1236 2009 1434 2065 3hristi
1462 2008 1721 2065 dicebat.
2328 2024 2419 2069 τοῦ
2434 2025 2669 2091 Χριστοῦ
2686 2018 2869 2090 ἔλεγεν.

627 2131 716 2186 li.
753 2129 811 2186 Si
841 2128 1046 2184 dicant
1071 2125 1335 2182 Armenii
1383 2125 1682 2181 Christum
1704 2129 1758 2182 et
1779 2129 1921 2199 post
1946 2126 2221 2184 incarna-

2402 2132 2489 2192 ια’.
2531 2138 2687 2211 Εἴπερ
2746 2141 3007 2208 φήσουσιν
3066 2138 3115 2188 οί
3176 2135 3436 2210 Ἀρμένιοι
3500 2139 3575 2199 ὡς
3635 2139 3661 2190 6
3717 2140 3942 2212 Χριστὸς

553 2221 781 2279 tionem
841 2232 1034 2273 unum
1101 2231 1233 2271 esse
1290 2213 1504 2271 Filium
1552 2220 1610 2270 et
1639 2221 1865 2271 sanctas
1921 2217 2185 2273 Trinitati

2327 2228 2417 2276 xui
2485 2227 2614 2297 μετὰ
2669 2229 2760 2283 τὴν
2829 2228 3097 2300 σάρκωσὶν
3138 2226 3209 2287 εἷς
3249 2223 3309 2283 ἧν
3376 2228 3498 2287 Υἱός
3566 2232 3663 2280 καὶ
3730 2224 3798 2288 εἷς
3856 2236 3943 2288 τῆς

552 2326 745 2367 unum
780 2325 794 2377 ;
836 2312 1111 2363 sanctam
1142 2308 1344 2361 autem
1375 2304 1714 2360 Trinitatem
1744 2305 1986 2361 unicam
2014 2306 2185 2363 volun

2325 2313 2481 2385 ἁγίας
2532 2311 2782 2389 Τριάδος,
2826 2317 2855 2374 ἡ
2905 2312 2964 2368 δὲ
3009 2315 3138 2386 ἁγία
3194 2316 3354 2389 Τριὰς
3407 2319 3531 2387 μίαν
3599 2316 3809 2375 θεἌησιν
3854 2322 3939 2369 καὶ

551 2404 738 2456 tatem
769 2401 827 2454 et
851 2396 1096 2454 unicam
1139 2394 1554 2467 operationem
1585 2394 1831 2466 habere,
1864 2400 2045 2468 atque
2074 2396 2181 2452 ind

2323 2408 2447 2475 μίαν
2484 2403 2738 2479 ἐνέργειαν
2786 2407 2899 2476 ἔχει
2929 2443 2942 2469 ,
2996 2408 3087 2455 καὶ
3142 2405 3276 2455 κατὰ
3313 2411 3467 2456 τοῦτο
3518 2410 3613 2458 καὶ
3644 2408 3670 2457 ὁ
3713 2410 3938 2481 Χριστός

554 2488 851 2545 Christum
879 2487 1123 2542 unicam
1143 2483 1430 2540 habuisse
1456 2484 1870 2556 operationem
1893 2490 1950 2542 et
1970 2486 2187 2543 unican

2320 2497 2444 2565 μίαν
2507 2490 2649 2565 εἶχεν
2717 2492 2969 2566 ἐνέργειαν
3035 2496 3126 2544 καὶ
3187 2497 3311 2564 μίαν
3354 2492 3586 2558 θεῦεησιν,
3615 2496 3801 2571 ῥητέον
3858 2495 3938 2555 οὑ,

550 2577 945 2644 voluntatem,
996 2576 1082 2631 sic
1134 2573 1632 2647 respondendum
1680 2575 1790 2631 erit
1823 2592 1836 2630 :
1869 2576 2043 2633 Pater
2086 2592 2183 2633 non

2317 2602 2417 2644 τως
2448 2598 2460 2612 ’
2495 2585 2562 2644 ὡς
2603 2584 2628 2634 6
2688 2587 2870 2655 Πατὴρ
2917 2581 2976 2633 οὐ
3022 2583 3152 2633 καθό
3191 2587 3372 2657 Πατὴρ
3416 2582 3568 2652 θελει,
3633 2584 3767 2638 ἀλλὰ
3810 2587 3935 2638 καθὸ

552 2673 619 2724 ιιι
656 2670 825 2724 Pater
873 2664 1133 2735 vult,sed
1174 2670 1239 2719 ut
1290 2666 1482 2733 Deus;
1517 2670 1574 2720 et
1600 2665 1893 2736 quoniam
1936 2669 2091 2722 Deus
2120 2682 2184 2722 es

2318 2676 2449 2733 Θεός
2482 2689 2495 2701 ’
2530 2676 2621 2723 καὶ
2652 2670 2761 2723 ἐπεὶ
2811 2675 2940 2732 Θεὸς
2972 2672 2997 2722 6
3038 2675 3159 2732 Υίός
3186 2716 3201 2741 ,
3255 2675 3385 2734 Θεὸς
3429 2678 3606 2726 καὶτὸ
3640 2682 3853 2748 Πνεῦμα
3883 2678 3936 2726 τό

547 2758 743 2830 Filius,
778 2762 835 2813 et
866 2759 1020 2812 Deus
1059 2760 1147 2810 est
1177 2754 1427 2826 Spiritus
1474 2756 1744 2825 Sanctus,
1780 2756 2117 2811 secundum
2142 2757 2180 2812 1(

2313 2760 2460 2832 ἅγιον
2490 2801 2504 2825 ,
2545 2760 2684 2811 κατὰ
2712 2765 2866 2810 τοῦτο
2892 2761 2922 2817 ἡ
2958 2762 3048 2832 μὲν
3102 2765 3526 2832 τρισυπόστατος
3583 2768 3784 2824 Θεὸτης
3813 2768 3934 2836 μίαν

542 2847 745 2904 divina
783 2845 1035 2902 Trinitas
1084 2858 1272 2900 unam
1319 2843 1687 2899 voluntatem
1715 2844 1900 2901 habet
1928 2850 1985 2901 et
2016 2861 2175 2902 unan

2313 2848 2523 2905 θέλησιν
2575 2850 2689 2920 ἔχει
2733 2853 2824 2900 καὶ
2876 2852 3000 2920 μίαν
3067 2850 3320 2923 ἐνέργειαν
3356 2868 3368 2881 ·
3422 2851 3447 2901 6
3500 2846 3562 2903 δὲ
3621 2855 3741 2913 Υἱός
3776 2894 3789 2921 ,
3834 2851 3937 2904 ἑπι-

536 2936 973 3010 operationem,
1009 2933 1188 2989 Filius
1246 2948 1385 2988 vero
1416 2975 1431 2999 ,
1478 2931 1797 2990 nobiscum
1842 2933 2169 2991 hominibu:

2306 2946 2558 2989 κοινωνῶν
2607 2943 2698 2991 xui
2766 2945 2877 3000 τοῖς
2947 2938 3239 3011 ἀνθρώποις
3296 2941 3421 3011 ἡμῖν
3466 2947 3529 3011 τῇ
3587 2949 3685 3002 τῆς
3743 2944 3936 3016 σαρκός

528 3025 986 3084 communicans
1017 3021 1216 3078 carnis
1250 3023 1691 3094 assumptione,
1712 3023 2015 3096 duplicem
2045 3038 2161 3095 quo

2304 3025 2611 3099 πμοσλὴψει
2642 3070 2657 3097 ,
2712 3024 2904 3086 διπλῆν
2956 3032 3047 3079 καὶ
3102 3032 3197 3086 τὴν
3261 3026 3469 3085 θέλησιν
3535 3031 3655 3102 εἶχε
3713 3036 3807 3082 xui
3844 3035 3934 3087 τὴν

526 3133 644 3191 que
695 3115 1071 3172 voluntatem
1115 3117 1171 3169 et
1221 3113 1636 3185 operationem
1683 3113 1941 3183 habuit;
2001 3129 2159 3169 unan

2306 3115 2561 3190 ἐνέργειαν
2615 3154 2627 3167 .
2686 3121 2779 3175 τὴν
2846 3119 2936 3189 μὲν
3017 3119 3084 3178 ὡς
3179 3117 3459 3189 ὁμοοὺσιος
3528 3123 3601 3169 ὤν
3678 3128 3752 3190 τῷ
3822 3124 3932 3188 Θεῷ

524 3205 776 3278 quidem
808 3209 872 3259 ut
902 3206 1021 3259 Deo
1051 3207 1109 3259 et
1158 3201 1312 3258 Patri
1355 3202 1909 3272 consubstantialis,
1944 3201 2157 3258 altera:

2305 3211 2397 3258 xui
2438 3210 2604 3281 Πατρὶ
2630 3249 2644 3275 ,
2673 3211 2766 3264 τὴν
2818 3202 2878 3258 δὲ
2918 3208 2984 3265 ὡς
3026 3206 3309 3278 ὀμοούσιος
3333 3210 3399 3257 ὤν
3452 3208 3586 3278 ἡμῖν
3619 3250 3632 3263 .
3675 3209 3819 3267 Πλὴν
3875 3206 3931 3260 οὑ

520 3300 724 3353 autem
775 3299 839 3350 ut
889 3293 1066 3349 nobis
1122 3291 1690 3349 consubstantialis.
1741 3297 2020 3349 Attamen
2066 3307 2153 3348 no.

2308 3291 2633 3369 διῃρημένας
2696 3297 2858 3367 φαμὲν
2920 3296 3015 3356 τὰς
3072 3292 3365 3368 ἐνεργείας,
3426 3292 3557 3349 οὑδὲ
3622 3300 3718 3359 τὰς
3757 3300 3932 3370 φύσεις

524 3388 832 3457 separatas
881 3382 1144 3440 dicimus
1203 3381 1586 3454 operationes
1612 3422 1626 3449 ,
1676 3396 1875 3454 neque
1939 3386 2156 3438 natura

2305 3382 2669 3458 ἐνεργουμένας
2745 3387 3177 3457 κεχωρισμένως,
3246 3382 3354 3435 ἀλλ’
3444 3386 3727 3458 ἡνωμένως
3821 3386 3934 3439 ἑκά-

524 3473 851 3547 separatim
924 3472 1201 3545 operari;
1269 3471 1377 3527 sed
1443 3476 1764 3541 utramque
1848 3487 1973 3528 una
2052 3488 2157 3528 cur

2308 3491 2435 3530 στην
2486 3474 2619 3545 μετὰ
2673 3480 2769 3534 τῆς
2827 3475 3044 3548 θατέρου
3092 3479 3358 3535 κοινωνίας
3416 3472 3737 3548 ἐνεργοῦσαν
3790 3475 3930 3529 τοῦθ’

525 3564 769 3622 alterius
827 3561 1259 3620 communione
1299 3559 1541 3632 operari
1568 3560 1629 3614 id
1659 3560 1825 3631 quod
1876 3561 2158 3633 proprius

2304 3562 2427 3637 ὅπερ
2479 3557 2615 3614 ἴδιον
2682 3564 2910 3634 ἔσχηκεν
2954 3579 2966 3591 ’
3026 3562 3144 3615 οὑτε
3207 3565 3305 3637 γὰρ
3363 3564 3430 3615 τὰ
3481 3562 3798 3639 ἀνθρώπινα
3850 3563 3932 3617 ἀνι

524 3653 758 3711 habuit.
791 3656 994 3724 Neque
1050 3652 1214 3706 enim
1268 3649 1539 3705 humana
1592 3648 1861 3705 humane
1908 3656 2157 3723 operatu

2306 3652 2575 3724 θρωπίνως
2626 3651 2908 3725 ἐνήργηκρδ
2955 3697 2972 3722 ,
3023 3651 3082 3704 οὑ
3128 3655 3230 3727 γὰρ
3283 3651 3437 3723 ψιλός
3493 3648 3563 3710 ἧν
3623 3656 3919 3729 ἄνθρωπος·

530 3748 622 3801 est
648 3762 661 3813 ;
701 3757 825 3799 non
853 3743 1013 3798 enim
1048 3739 1305 3814 simplex
1334 3738 1519 3794 homo
1545 3743 1674 3794 erat
1702 3756 1715 3808 ;
1758 3754 1956 3813 neque
1985 3741 2163 3797 divin:

2303 3742 2421 3791 οὔτε
2457 3743 2524 3792 τὰ
2591 3742 2705 3792 θεῖα
2763 3743 2900 3793 κατά
2955 3745 3083 3794 Θεὸν
3148 3746 3302 3813 μόνον
3332 3784 3346 3810 ,
3379 3739 3436 3793 οὑ
3491 3744 3601 3815 γὰρ
3673 3740 3736 3802 ἦν
3777 3748 3928 3816 μόνον

530 3832 868 3891 secundum
906 3835 1095 3889 Deum
1143 3833 1415 3898 tantum;
1448 3843 1573 3884 non
1603 3829 1766 3885 enim
1804 3830 2163 3888 solummodc

2303 3834 2432 3891 Θεὸς
2465 3846 2477 3858 ·
2518 3827 2623 3882 ἀλλ’
2658 3831 2714 3881 αἱ
2754 3826 2850 3882 δύο
2882 3833 3062 3901 φύσεις
3094 3827 3165 3890 εἷς
3218 3828 3330 3882 ἐστι
3396 3836 3654 3906 Χριστὸς,
3688 3838 3781 3886 καὶ
3812 3834 3837 3884 6
3863 3834 3928 3893 εἶς

527 3928 655 3981 erat
682 3924 859 3979 Deus.
891 3921 1009 3979 Sed
1037 3920 1175 3976 duae
1198 3923 1430 3974 naturae
1460 3922 1599 3975 sunt
1627 3934 1786 3974 unus
1818 3920 2110 3990 Christus,
2134 3937 2160 3977 e

2298 3923 2532 3993 Χριστός
2578 3916 2676 3971 δύο
2723 3922 2904 3992 φύσεις
2961 3918 3093 3972 ἐστί.
3150 3923 3252 3972 Καὶ
3316 3918 3482 3981 ἄλλως
3512 3934 3531 3949 ⁸
3571 3925 3635 3975 Ei
3674 3928 3798 3996 μίαν
3849 3924 3928 3976 θέ-

524 4030 685 4071 unus
743 4012 1009 4070 Christus
1075 4013 1163 4065 est
1217 4007 1357 4064 duas
1417 4014 1672 4064 naturae.
1716 4011 1781 4064 Et
1846 4009 2015 4065 aliter
2060 4026 2073 4065 :
2129 4013 2157 4067 S

2296 4005 2450 4066 λησιν
2526 4011 2745 4080 εἴπωμεν
2796 4008 2879 4061 ἐπὶ
2930 4016 3023 4060 τοῦ
3085 4015 3322 4081 Χριστοῦ
3366 4012 3430 4070 ὥς
3479 4008 3572 4063 ἐπὶ
3631 4020 3731 4073 τῆς
3769 4012 3926 4084 ἁγίας

522 4117 713 4160 unam
776 4100 1151 4156 voluntatem
1202 4096 1530 4153 dixerimus
1584 4098 1660 4153 de
1710 4098 1938 4156 Christo
1995 4104 2061 4155 ut
2107 4099 2155 4155 dt

2292 4093 2557 4171 Τριάδος,
2590 4096 2737 4150 ἔσται
2788 4100 2996 4160 πάντως
3042 4103 3141 4170 μία
3184 4102 3275 4149 xui
3322 4099 3349 4155 ὃ
3385 4097 3517 4157 αὑτὴ
3567 4100 3780 4163 θέλησις
3828 4107 3918 4153 τοῦ

521 4194 733 4247 sancta
796 4188 1074 4244 Trinitate
1104 4229 1119 4256 ,
1185 4186 1293 4241 erit
1356 4185 1606 4242 omnino
1671 4200 1795 4242 una
1849 4192 1907 4242 et
1964 4187 2154 4243 eadem

2293 4191 2494 4262 Πατρός
2559 4194 2652 4241 καὶ
2719 4196 2812 4241 τοῦ
2888 4191 3065 4259 Λόγου
3124 4192 3215 4239 καὶ
3273 4196 3363 4249 τῆς
3409 4195 3633 4263 σαρκός.
3676 4195 3817 4265 Πρός
3847 4192 3919 4252 οἷς

516 4278 800 4336 voluntas
858 4276 1042 4333 Patris
1090 4279 1149 4330 et
1201 4273 1374 4330 Verbi
1401 4280 1457 4331 et
1486 4275 1706 4332 carnis.
1727 4274 1819 4331 Ad
1872 4275 2003 4333 haec
2040 4293 2149 4350 qua

2289 4278 2566 4353 εἰρήκαμεν
2633 4281 2710 4331 ἔτι
2769 4283 2859 4330 xui
2914 4284 3069 4330 τοῦτο
3134 4281 3262 4338 ἴσως
3324 4281 3711 4344 προσθήσουσι
3790 4279 3916 4335 δια-

515 4368 821 4437 diximus,
860 4365 924 4421 id
983 4364 1133 4421 forte
1207 4363 1493 4435 adjicient
1556 4365 1663 4437 qui
1720 4365 2034 4422 ratiocinio
2090 4372 2148 4423 ut

2287 4369 2619 4430 σκευάζοντες
2691 4367 3107 4439 συλλογιστικῶς
3140 4384 3152 4398 ·
3188 4368 3299 4421 Οὐκ
3338 4371 3453 4420 ἔστι
3503 4373 3666 4442 φύσις
3724 4371 3918 4425 ἁνυπό..

514 4458 718 4517 volent
766 4476 781 4513 :
837 4459 965 4513 Non
1012 4458 1102 4510 est
1146 4459 1363 4511 natura
1408 4453 1641 4527 absque
1696 4453 2012 4527 hypostasi
2068 4473 2147 4514 seu

2286 4478 2476 4520 στατος
2526 4462 2642 4516 ἦτοι
2700 4455 3016 4531 ἆπρόσωπος
3048 4472 3063 4487 ’
3099 4456 3143 4509 εἰ
3190 4453 3278 4509 οὖν
3329 4453 3467 4526 δύο,
3501 4467 3639 4531 φασὶ
3665 4506 3681 4532 ,
3737 4465 3916 4535 φύσεις

513 4561 775 4622 persona
817 4564 831 4615 ;
903 4544 954 4601 si
985 4543 1164 4615 igitur
1192 4585 1206 4613 ,
1254 4543 1540 4615 inquiunt
1593 4543 1749 4600 duas
1812 4549 2059 4601 naturas
2110 4547 2146 4603 i1

2284 4548 2368 4602 ἐπί
2420 4554 2658 4623 Χριστοῦ
2709 4550 2928 4620 εἴπωμεν
2957 4590 2973 4615 ,
3017 4543 3115 4599 δύο
3174 4551 3265 4599 καί
3311 4548 3643 4613 ὑποστάσεις
3707 4571 3915 4605 συνεισ-

517 4637 744 4694 Christo
781 4633 1128 4701 dixerimus,
1160 4633 1316 4690 duas
1344 4647 1591 4705 quoque
1612 4633 1980 4706 'hypostases
2000 4636 2149 4692 indu

2283 4641 2565 4711 ενέγκωμεν
2589 4654 2604 4668 ⁸
2637 4641 2729 4689 καί
2757 4636 2893 4689 οὑτω
2938 4644 3348 4709 συμφρονοῦντες
3375 4636 3607 4709 ἐσόμεθα
3634 4645 3912 4716 Νεστορίῳ

515 4742 764 4794 cemus;
816 4729 997 4798 atque
1046 4724 1130 4781 ita
1181 4738 1322 4779 cum
1373 4721 1645 4779 Nestorio
1696 4724 2023 4782 sentiemus
2067 4742 2148 4799 qu

1899 4740 2023 4782 :nus
2067 4726 2174 4799 qui
2284 4725 2382 4782 δύο
2411 4728 2732 4787 ὑποστάσεις
2770 4725 2854 4779 ἐπί
2874 4733 3111 4801 Χριστοῦ
3134 4722 3532 4799 δογματίζοντι.

515 4815 669 4874 duas
698 4816 1061 4889 hypostases
1090 4813 1152 4869 in
1176 4812 1410 4869 Christo
1441 4826 1571 4868 esse
1600 4811 1822 4870 docuit.

922 4930 1024 4988 Ad
1049 4930 1114 4988 id
1142 4928 1623 4999 respondendum
1655 4934 1759 4987 est.

2758 4932 2957 4991 Ῥητέον
2990 4929 3051 4986 δε
3077 4935 3205 5010 πρός
3232 4939 3406 4987 τοῦτο.

585 5059 670 5110 12.
712 5053 818 5110 Pia
838 5049 1119 5118 Ecclesia,
1136 5048 1661 5121 quemadmodum
1702 5048 1941 5108 Sabellii
1977 5067 2171 5125 synae-

2355 5048 2436 5107 ιϐ’.
2476 5049 2560 5111 Ὠς
2606 5050 2635 5108 ἡ
2679 5048 2894 5112 εὐσεϐὴς
2934 5048 3241 5118 Ἐκκλησία,
3268 5051 3441 5124 ὧσπερ
3482 5050 3574 5107 τὴν
3622 5049 3904 5104 Σαϐελλίου

506 5144 690 5202 resim
726 5141 1056 5215 repudians
1097 5144 1215 5195 tres
1243 5154 1539 5212 personas
1565 5143 1623 5197 et
1650 5156 1838 5198 unam
1884 5145 2139 5198 naturan

2281 5144 2580 5215 συναίρεσιν
2656 5138 3060 5213 ἀποπεμπομένη
3115 5181 3129 5207 ,
3206 5145 3340 5211 τρεῖς
3403 5140 3739 5203 ὑποστάσεις
3813 5144 3907 5194 καί

505 5232 907 5290 sanctissima:
962 5228 1259 5287 Trinitatis
1310 5229 1646 5299 conﬁtetur,
1678 5234 1737 5286 et
1780 5229 1903 5286 Arii
1956 5230 2019 5286 in
2050 5235 2135 5287 tre

2276 5233 2400 5303 μίαν
2454 5233 2610 5303 φύσιν
2666 5228 2749 5283 ἐπί
2804 5238 2894 5290 τῆς
2949 5229 3107 5301 ἁγίας
3160 5224 3392 5303 Τριάδος
3448 5226 3750 5301 ὁμολογεῖ,
3813 5234 3905 5283 καί

505 5321 830 5380 dissimiles
853 5321 1213 5393 hypostases
1224 5318 1582 5375 divisionem
1602 5319 2138 5392 respuens,unican

2275 5323 2370 5378 τὴν
2429 5319 2628 5393 ’Λρείου
2698 5319 2768 5382 εἰς
2821 5319 3126 5393 ἑτερογενεῖς
3176 5324 3312 5394 τρεῖς
3373 5318 3706 5381 ὑποστάσεις
3771 5317 3903 5372 ἀπο-

501 5416 787 5470 naturam
827 5409 1047 5466 divinaa
1089 5408 1386 5465 Trinitatis
1433 5408 1629 5479 docet,
1653 5409 1737 5465 sic
1758 5413 1815 5465 et
1836 5408 2134 5481 Mon0phy

2278 5408 2678 5472 σκυϐαλίζουσα
2722 5406 3014 5483 διαίρεσιν,
3064 5412 3188 5480 μίαν
3234 5409 3389 5479 φύσιν
3452 5410 3902 5481 τρισυποστάτου

503 5500 650 5558 sitas
672 5499 993 5572 impugnat
1021 5497 1360 5555 dictitantes
1408 5512 1597 5555 unam
1625 5513 1759 5553 esse
1786 5500 2072 5554 naturam
2100 5497 2136 5553 i1

2274 5503 2533 5562 Θεότητος
2581 5496 2834 5569 δοξάζει,
2874 5496 3010 5550 οὑτω
3053 5502 3145 5550 καί
3180 5504 3292 5558 τοῖς
3330 5502 3733 5569 Μονοφυσίταις
3773 5497 3900 5551 ἁπο-

505 5590 734 5651 Christo
762 5594 820 5648 et
847 5604 1035 5648 unam
1073 5604 1203 5647 esse
1255 5587 1660 5662 hypostasim.
1693 5586 1866 5653 Quod
1912 5591 2138 5661 praeten

2272 5590 2527 5663 μάχεταί,
2597 5590 2865 5662 φάσκουσι
2903 5591 3027 5662 μίαν
3067 5590 3222 5661 φύσιν
3260 5586 3344 5641 ἐπί
3396 5594 3642 5661 Χριστοῦ
3703 5585 3804 5643 διὰ
3839 5590 3899 5643 τὸ
