4136 6390
54 6356 135 6387 ιρι

264 252 359 307 101

1586 243 1935 300 THESAURI
1973 243 2083 299 LIB
2097 286 2109 299 .
2158 244 2315 300 XVII.

3540 259 3641 312 102

254 380 349 428 καὶ
425 379 522 434 τὴν
597 377 894 429 ὑπόστασιν
959 371 1091 428 εἶναι
1147 373 1292 444 μίαν.
1372 373 1474 422 Καὶ
1546 369 1875 422 κατασκευά-

2001 368 2140 424 iunt
2167 368 2428 425 dicendo
2458 384 2581 427 non
2612 386 2743 428 esse
2793 376 3079 430 naturam
3134 375 3265 431 sine
3318 377 3641 451 hypostasi

257 464 418 525 ζουσι
459 472 616 517 τοῦτο
648 463 703 517 ἐκ
733 472 826 517 τοῦ
866 465 1031 537 λέγειν
1086 466 1156 536 μή
1203 459 1335 513 εἶναι
1374 462 1530 532 φύσιν
1569 458 1872 511 ἀνυπόστα-

258 573 349 607 τον
389 559 508 613 ἤτοι
546 554 862 630 ἀπρόσωπον
888 576 901 589 ·
951 549 1077 606 οὐδὲ
1104 554 1202 626 γὰρ
1234 553 1264 609 ἡ
1316 547 1365 600 ἐν
1411 556 1626 623 Χριστῷ
1675 547 1871 622 ἀνθρω-

263 647 385 702 πίνη
439 646 592 717 φύσις
652 642 1008 703 ἀνυπόστατος
1062 642 1148 694 οἵα
1197 649 1271 711 τῷ
1331 643 1484 711 Λόγῳ
1523 638 1872 691 ἐνυποστᾶσα.

274 736 632 808 Προσεπάγειν
689 730 750 786 δὲ
785 738 879 786 καὶ
927 740 1098 785 ταῦτα
1124 736 1297 806 χρεὼν
1335 732 1462 805 πρὸς
1505 732 1573 780 τὰ
1598 729 1720 803 παρ’
1762 734 1879 801 Λρ-

273 828 455 896 μενίων
511 821 927 895 συλλογιστικῶς
983 825 1379 895 προτεινόμενα.
1425 817 1626 891 Ὠσπερ
1684 820 1741 870 αἱ
1780 814 1877 869 δύο

268 917 538 984 γεννήσεις
605 920 869 986 Χριστοῦ,
936 914 1206 964 τουτέστιν
1281 912 1311 968 ἡ
1372 912 1474 982 πρὸ
1552 908 1747 960 αἰώνων
1821 905 1879 958 ἐκ

266 1005 476 1075 Πατρός
522 1005 661 1055 κατὰ
708 1007 801 1061 τὴν
857 1004 1097 1069 θεότητα,
1130 1005 1223 1053 καὶ
1270 1001 1298 1058 δ
1361 998 1438 1052 ἐπ’
1480 997 1723 1071 ἐσχάτων
1779 1003 1880 1050 τῶν

262 1095 477 1166 χρόνων
507 1091 564 1144 ἐκ
613 1093 879 1166 Παρθένου
930 1094 1068 1143 κατά
1123 1095 1218 1148 τὴν
1257 1088 1661 1163 ἁνθρωπὸτητα,
1710 1085 1759 1139 ἐν
1811 1084 1876 1149 τῇ

262 1187 372 1254 μιᾷ
398 1188 492 1232 τοῦ
532 1188 671 1234 Θεοῦ
718 1185 899 1253 Λόγου
939 1181 1231 1233 ὑποστάσει
1267 1182 1557 1250 γενόμεναι,
1598 1177 1693 1229 οὐκ
1740 1175 1878 1229 ἐποί-

260 1288 406 1327 ησαν
467 1272 784 1343 προσθήκην
847 1271 1187 1329 ὑποστάσεως
1215 1283 1228 1297 ⁶
1299 1267 1459 1328 οὑτως
1510 1263 1624 1319 οὐδ’
1672 1264 1728 1318 ἐκ
1776 1274 1877 1318 τῶν

254 1354 359 1411 δύο
431 1358 553 1411 καθ’
622 1360 921 1412 ὑπόστασιν
985 1360 1256 1430 ἠνωμένων
1332 1359 1531 1429 φύσεων
1595 1357 1872 1431 προσθήκη

254 1454 556 1524 προσώπου
613 1448 832 1520 ἐγένετο.
909 1451 1048 1522 Πρὸς
1120 1454 1247 1520 γοῦν
1312 1450 1435 1508 τούς
1497 1447 1741 1518 λέγοντας
1800 1449 1871 1518 μὴ

253 1534 398 1590 εἶναι
470 1540 630 1610 φύσιν
707 1536 1088 1607 ἀνυπόστατον,
1161 1538 1345 1612 ῥητεον
1411 1538 1479 1598 ὡς
1545 1533 1670 1588 οὑδὲ
1726 1541 1875 1597 τόκος

250 1626 410 1680 ἐστὶν
434 1626 775 1703 ἀπρόσωπος.
819 1629 1011 1681 ’ἰστέον
1040 1624 1100 1680 δὲ
1144 1629 1212 1689 ὡς
1256 1629 1306 1679 οἱ
1343 1630 1467 1699 μίαν
1497 1625 1592 1678 ’ἐπὶ
1641 1631 1875 1700 Χριστοῦ

1988 473 2097 512 seu
2162 473 2440 529 persona.
2516 462 2644 514 Non
2712 461 2870 516 enim
2943 478 3079 533 quae
3140 464 3199 519 in
3261 466 3489 524 Christo
3555 474 3644 527 est

1983 546 2256 602 humana
2286 552 2527 615 natura,
2570 549 2698 604 sine
2728 549 3043 622 hypostasi
3093 559 3200 620 est,
3261 571 3399 612 cum
3452 560 3641 616 Verbo

1986 642 2388 707 supponatur.
2444 639 2578 693 Haec
2634 644 2691 695 et
2741 640 2969 711 opponi
2998 648 3231 713 oportet
3275 645 3353 700 ad
3384 662 3454 703 ea
3500 664 3638 720 quae

1987 722 2355 795 syllogistice
2374 724 2583 781 dicunt
2606 728 2869 784 Armenii
2902 745 2914 781 :
2942 731 3471 794 Quemadmodum
3501 736 3640 793 duae

1989 813 2201 870 Christi
2276 815 2718 885 generationes,
2774 816 2836 872 id
2893 824 3000 885 est,
3070 826 3293 878 aeterna
3345 840 3419 880 ex
3476 829 3640 883 Patre

1990 903 2296 971 generatio
2326 905 2662 961 secundum
2693 905 3086 980 divinitatem,
3105 914 3159 965 et
3177 911 3238 966 in
3270 911 3388 968 ﬁne
3415 918 3642 987 tempo-

1989 1005 2126 1046 rum
2157 1007 2230 1047 ex
2248 992 2480 1062 Virgine
2507 995 2812 1065 generatio
2844 998 3179 1054 secundum
3198 999 3642 1061 humanitatem

1990 1080 2053 1135 in
2080 1096 2201 1137 una
2231 1080 2335 1136 Dei
2356 1081 2526 1137 Verbi
2549 1082 2865 1155 hypostasi
2901 1086 3123 1143 habita:
3152 1104 3270 1144 non
3301 1090 3643 1163 bypostasis

1990 1169 2362 1226 additionem
2417 1171 2704 1241 effecere;
2760 1173 2845 1230 ita
2885 1191 3083 1248 neque
3126 1194 3199 1234 ex
3246 1180 3487 1238 duabus
3536 1200 3645 1256 per

1986 1258 2366 1331 hypostasim
2417 1261 2598 1317 unitis
2643 1264 2874 1320 naturis
2931 1281 3204 1336 personae
3235 1268 3395 1328 facta
3420 1278 3511 1329 est
3540 1273 3644 1330 ad-

1987 1348 2160 1404 ditio.
2209 1349 2297 1403 Ad
2327 1365 2433 1405 eos
2491 1350 2673 1420 igitur
2723 1354 2828 1424 qui
2876 1354 3080 1412 dicunt
3139 1372 3264 1414 non
3292 1375 3424 1417 esse
3466 1368 3644 1420 natu-

1986 1453 2118 1492 ram
2185 1437 2418 1510 absque
2482 1439 2820 1512 hypostasi,
2879 1442 3204 1501 dicendum
3265 1453 3378 1518 est,
3445 1466 3645 1524 neque

1990 1526 2201 1582 Christi
2232 1528 2680 1596 generationem
2711 1530 2942 1603 absque
2968 1548 3229 1605 persona
3266 1553 3419 1594 esse.
3448 1541 3647 1597 Scien-

1989 1615 2137 1672 dum
2166 1634 2305 1673 vero
2332 1634 2434 1674 eos
2460 1619 2562 1691 qui
2593 1619 2838 1676 unicam
2868 1637 2998 1678 esse
3020 1623 3081 1678 in
3112 1623 3343 1683 Christo
3362 1633 3644 1687 naturam

248 1720 419 1789 φύσιν
470 1713 782 1780 δοξάζοντες
819 1718 850 1776 ἣ
892 1721 986 1774 τὴν
1046 1718 1271 1774 θεὸτητα
1294 1723 1556 1790 τραπῆναι
1593 1722 1667 1776 εἰς
1708 1717 1880 1788 σάρκα

2001 1705 2333 1777 apinantur,
2394 1713 2497 1764 aut
2562 1709 2801 1781 opinari
2855 1710 3226 1770 divinitatem
3281 1717 3343 1771 in
3399 1734 3645 1776 carnem

256 1803 615 1873 δοξάζουσιν,
664 1807 694 1866 ἣ
749 1810 847 1865 τὴν
890 1807 1062 1879 σάρκα
1109 1806 1387 1878 όμοούσιον
1443 1811 1507 1878 τῇ
1566 1806 1772 1863 θεότητι
1799 1823 1880 1876 γε·

259 1897 477 1963 νέσθαι,
528 1896 661 1972 άπερ
710 1903 812 1948 τῶν
857 1893 1146 1968 ἀμηχάνων
1211 1898 1303 1947 καὶ
1361 1889 1632 1947 ἀδυνάτων
1690 1893 1830 1946 ἐστίν
1863 1909 1876 1924 ·

256 1983 314 2038 εἰ
340 1981 401 2037 δὲ
420 1981 710 2060 μηδέτερον
748 1987 968 2054 τούτων,
1000 1983 1148 2057 ἑτέρα
1177 1986 1380 2045 πάντως
1417 1987 1507 2037 καὶ
1542 1983 1689 2058 ἑτέρα
1726 1987 1883 2056 φύσις

253 2073 320 2127 ἓν
350 2082 594 2148 Χριστῷ.

341 2216 431 2289 ιγ’.
464 2216 587 2271 Ἔτι
644 2216 687 2269 εἰ
742 2219 879 2269 κατὰ
922 2215 1142 2290 ἀριθμὸν
1187 2224 1287 2269 τῶν
1327 2218 1526 2290 φύσεων
1581 2212 1881 2269 διδάσκου-

257 2327 352 2360 σιν
402 2302 538 2359 εἶναι
584 2310 676 2357 καὶ
720 2307 786 2358 τὰ
813 2310 1074 2380 πρόσωπα
1111 2310 1201 2358 καὶ
1237 2308 1297 2358 τὸ
1337 2305 1575 2379 ἔμπαλιν,
1606 2310 1697 2358 καὶ
1743 2300 1881 2380 τρεῖς

258 2397 374 2469 ἄρα
412 2398 598 2467 φύσεις
636 2392 722 2447 ἐπὶ
772 2402 865 2455 τῆς
904 2394 1061 2466 ἁγίας
1090 2391 1319 2467 Τριάδος
1351 2395 1685 2466 εἰσενέγκωσι
1733 2414 1880 2468 τρισ-

261 2486 574 2538 υποστάτου
626 2487 790 2544 οὔσης
833 2505 846 2517 ·
915 2485 945 2544 ἣ
1010 2487 1068 2536 τὸ
1108 2482 1360 2537 ἀνάπαλιν
1413 2488 1540 2557 μίαν
1587 2486 1881 2537 ὑπόστασιν

269 2578 461 2629 εἴπωσι
494 2571 592 2627 διὰ
638 2576 699 2626 τὸ
741 2569 981 2626 ἑναδικόν
1024 2582 1114 2635 τῆς
1145 2576 1367 2646 φύσεως.
1411 2580 1495 2626 Δεί
1531 2570 1590 2626 δὲ
1615 2578 1706 2626 καὶ
1729 2581 1882 2626 τοῦτο

269 2659 470 2716 εἰδέναι
526 2665 598 2724 ὡς
647 2665 698 2714 οὶ
743 2660 1044 2716 Ἰακωϐῖται
1091 2667 1180 2715 καὶ
1228 2665 1278 2714 οἱ
1340 2663 1602 2735 Ἀρμένιοι
1654 2666 1754 2735 πρὸ
1793 2665 1882 2735 μὲν

267 2761 371 2815 τῆς
431 2752 662 2813 ἑνώσεως
717 2747 815 2804 δύο
855 2754 1039 2824 φύσεις
1091 2750 1174 2804 ἐπὶ
1231 2758 1465 2825 Χριστοῦ
1510 2753 1828 2824 ὁμολογοῦσι
1867 2769 1880 2780 ·

270 2843 410 2917 μετὰ
458 2838 517 2895 δὲ
568 2846 663 2901 τήν
727 2841 909 2893 ἕνωσιν
950 2844 1069 2912 μίαν
1119 2843 1360 2893 σύνθετον
1425 2844 1740 2913 συγχέοντες
1786 2839 1885 2914 ἆμ-

280 2935 501 3004 φοτέροις
554 2935 646 2988 τήν
684 2949 737 2983 τε
796 2932 936 2982 θείαν
989 2934 1080 2982 καὶ
1117 2935 1212 2988 τὴν
1264 2928 1612 3003 ἀνθρωπίνην,
1664 2934 1755 2983 καὶ
1795 2927 1889 2983 διὰ

285 3026 449 3071 τοῦτο
494 3024 583 3069 καὶ
616 3023 732 3091 μίαν
770 3021 928 3091 φύσιν
955 3018 1303 3091 ὀνομάζουσιν
1336 3040 1349 3052 ο
1392 3020 1503 3072 ὅθεν
1559 3024 1647 3071 καὶ
1686 3014 1888 3071 δικαιο-

1989 1810 2125 1850 esse
2155 1802 2644 1865 conversam,aut
2660 1814 2905 1855 carnem
2930 1800 3225 1859 divinitati
3251 1808 3649 1865 consubstan-

1989 1882 2193 1940 tialem
2224 1883 2445 1941 factam
2475 1901 2625 1953 esse,
2653 1903 2789 1960 qua:
2820 1887 3092 1946 absurda
3140 1896 3196 1948 et
3241 1892 3645 1967 impossibilia

1991 1977 2166 2040 sunt;
2210 1973 2259 2030 si
2284 1990 2465 2045 porro
2491 1980 2776 2032 neutrum
2805 1992 2880 2033 ex
2906 1978 3022 2048 his,
3067 1979 3255 2038 altera
3305 1985 3556 2043 omnino
3588 1991 3646 2044 et

1990 2060 2176 2119 altera
2199 2061 2263 2118 in
2288 2064 2520 2121 Christo
2553 2069 2791 2122 natura.

2066 2211 2154 2264 13.
2193 2208 2488 2265 Praeterea
2516 2208 2565 2265 si
2619 2226 2692 2265 ex
2720 2214 3078 2268 naturarum
3129 2228 3385 2273 numero
3424 2216 3650 2276 docent

1991 2313 2122 2354 esse
2157 2302 2215 2354 et
2242 2314 2537 2370 personas
2569 2315 2641 2356 ac
2678 2300 2809 2357 vice
2837 2317 3037 2371 versa,
3083 2306 3141 2359 et
3167 2308 3284 2361 tres
3314 2306 3491 2378 igitur
3539 2325 3650 2366 na-

1991 2390 2159 2443 turas
2192 2392 2417 2444 sanctae
2448 2388 2744 2445 Trinitatis
2777 2389 3088 2455 inducant,
3148 2409 3287 2450 cum
3336 2395 3412 2452 sit
3461 2398 3649 2456 tribus

1990 2477 2268 2549 personis
2314 2481 2639 2548 constans;
2673 2478 2767 2534 vel
2796 2495 3039 2536 rursum
3063 2483 3309 2539 unicam
3363 2484 3652 2559 hyposta-

1993 2567 2110 2621 sim
2142 2565 2363 2636 dicant,
2398 2582 2538 2623 cum
2571 2566 2753 2624 unica
2780 2568 2854 2624 sit
2882 2567 3064 2640 hujus
3091 2575 3326 2629 natura.
3358 2574 3424 2630 ld
3449 2580 3653 2632 autem

1993 2655 2306 2712 sciendum
2347 2660 2436 2711 est
2459 2655 2760 2713 Jacobitas
2806 2674 3051 2730 quoque
3082 2664 3138 2716 et
3174 2664 3486 2719 Armenios
3516 2669 3654 2722 ante

1994 2742 2280 2800 unionem
2303 2745 2553 2817 quidem
2577 2745 2729 2801 duas
2759 2750 3008 2804 naturas
3029 2747 3091 2803 in
3114 2749 3343 2807 Christo
3359 2753 3650 2823 conﬁteri;

1995 2839 2132 2907 post
2157 2834 2446 2890 unionem
2472 2850 2615 2890 vero
2637 2850 2824 2890 unam
2850 2837 3495 2908 compositam,ambas
3516 2858 3655 2899 con-

1996 2922 2336 2989 fundentes,
2367 2922 2640 2979 divinam
2687 2928 2742 2980 et
2778 2924 3134 2993 humanam,
3189 2932 3246 2983 et
3272 2928 3409 2986 ideo
3463 2946 3653 2990 unam

1998 3015 2279 3069 naturam
2311 3011 2643 3084 appellare.
2682 3013 2848 3068 Unde
2872 3014 2962 3068 sui
2988 3014 3349 3073 defendendi
3376 3034 3561 3077 causa
3580 3020 3654 3077 iis

285 3108 593 3181 λογιούμενοι
642 3112 762 3183 πρὸς
815 3112 939 3170 τοὺς
987 3106 1233 3180 λέγοντας
1287 3108 1511 3171 εὐσεϐῶς
1555 3105 1651 3161 δύο
1718 3111 1888 3181 φύσεις

2001 3102 2106 3176 qui
2153 3101 2249 3175 pie
2305 3100 2515 3157 dicunt
2553 3102 2708 3157 duas
2750 3118 2884 3158 esse
2922 3104 2983 3158 in
3031 3105 3260 3162 Christo
3286 3113 3534 3166 naturas
3565 3125 3655 3167 re-

278 3196 371 3251 ἐπὶ
440 3204 697 3270 Χριστοῦ,
734 3197 948 3271 λέγουσι
1004 3202 1074 3271 μὴ
1137 3195 1267 3250 εἶναι
1324 3201 1479 3271 φύσιν
1539 3197 1893 3252 ἀνυπόστατον

278 3292 399 3346 ἤτοι
448 3285 766 3362 ἀπρόσωπον
811 3309 823 3320 ·
894 3292 983 3340 καὶ
1034 3290 1101 3350 ὡς
1145 3292 1194 3340 οἱ
1233 3291 1515 3360 φάσκοντες
1570 3284 1664 3340 δύο
1715 3291 1896 3361 φύσεις

278 3375 366 3429 ἐπὶ
406 3384 648 3452 Χριστοῦ
692 3381 784 3429 καὶ
827 3373 925 3429 δύο
972 3378 1291 3440 ὑποστάσεις
1323 3378 1601 3449 εἰσάγουσι
1638 3381 1773 3431 κατὰ
1806 3382 1893 3430 τὸν

279 3471 586 3540 Νεστόριον,
617 3471 708 3519 καὶ
746 3466 921 3519 οὐκέτι
976 3471 1095 3540 τρία
1133 3471 1390 3542 πρόσωπα
1442 3470 1558 3526 ἤτοι
1594 3474 1730 3541 τρεῖς
1761 3469 1895 3520 ὑπο-

280 3558 498 3617 στάσεις
562 3557 899 3631 εὖρίσκονται
959 3554 1188 3629 λέγοντες
1242 3554 1327 3608 ἐπὶ
1373 3564 1469 3619 τῆς
1535 3555 1688 3628 ἁγίας
1741 3558 1897 3632 Τριά-

276 3641 394 3715 δος,
437 3644 570 3698 ἀλλὰ
608 3649 698 3698 καὶ
730 3649 1013 3720 τέσσαρας.
1048 3650 1149 3699 Καὶ
1177 3648 1314 3699 κατά
1349 3653 1504 3697 τοῦτο
1544 3650 1632 3704 τὴν
1671 3644 1720 3698 ἐν
1759 3646 1891 3699 Χαλ-

279 3731 472 3791 κηδόνι
504 3731 728 3787 σύνοδον
779 3733 1278 3807 ἀναθεματίζουσιν,
1312 3738 1379 3798 ὡς
1430 3732 1587 3795 δῆθεν
1637 3731 1734 3788 δύο
1772 3737 1896 3788 ὑπο-

289 3826 501 3886 στάσεις
548 3823 633 3877 ἐπὶ
695 3832 936 3897 Χριστοῦ
993 3830 1310 3901 κυρώσασαν
1342 3840 1357 3855 ⁸
1418 3825 1554 3878 οὑτω
1601 3828 1702 3900 γὰρ
1760 3827 1896 3877 κατὰ

286 3917 382 3971 τὴν
422 3913 583 3965 αὐτῶν
624 3910 785 3977 δόξαν
811 3916 906 3975 τὰς
945 3916 1123 3986 φύσεις
1165 3918 1313 3987 φασί.
1342 3922 1426 3986 Τῷ
1455 3910 1514 3967 δὲ
1543 3913 1673 3986 ἁγίῳ
1710 3913 1895 3988 Κυρίλ⁸

288 4002 362 4075 λῳ
392 4012 616 4076 συνεργῷ
657 4011 752 4066 τῆς
792 4003 961 4057 αὐτῶν
990 4006 1231 4079 αἱρέσεως
1276 4011 1514 4080 χρῶνται
1552 4001 1601 4055 ἐν
1651 4003 1727 4064 οἷς
1768 4023 1897 4075 φησι

279 4098 414 4167 μίαν
468 4095 624 4165 φύσιν
663 4100 756 4146 τοῦ
802 4098 980 4165 Λόγου
1042 4097 1460 4169 σεσαρκωμένην,
1507 4098 1602 4151 τὴν
1652 4095 1898 4151 τοιαύτην

258 4178 441 4259 ’ῥῆσιν
480 4182 589 4254 οὑχ
644 4185 713 4245 ὡς
761 4181 947 4243 ἐκεῖνος
986 4185 1172 4255 ἔφησεν
1211 4181 1629 4255 ἐκλαμϐάνοντες,
1682 4181 1788 4235 ἀλλ’
1829 4182 1901 4245 εἰς

275 4273 344 4330 ἣν
378 4271 535 4324 αὐτοί
564 4290 692 4342 pater:
736 4274 892 4343 φύσιν
939 4269 1024 4323 ἐπὶ
1054 4278 1290 4345 Χριστοῦ
1333 4274 1732 4344 συγκεχυμένην
1770 4272 1902 4345 μετὰ

279 4365 377 4420 τὴν
419 4361 629 4430 ἕνωσιν,
658 4361 687 4420 ἣ
730 4359 922 4434 μᾶλλον
952 4359 1367 4434 μεταϐληθεῖσαν
1408 4361 1477 4423 εἰς
1520 4361 1753 4420 θεότητα.

528 4611 689 4664 Πάλιν
750 4611 798 4664 οἱ
866 4612 1016 4666 αύτοί
1073 4611 1297 4675 εὐσεϐῶς
1361 4619 1592 4675 νοοῦντες
1648 4618 1742 4673 τὴν
1808 4620 1902 4668 τοῦ

276 4700 663 4774 εὐαγγελιστοῦ
742 4702 980 4754 Ἰωάννου
1058 4707 1265 4775 φωνὴν,
1345 4704 1458 4763 ἣτις
1533 4707 1664 4775 φησὶ
1709 4721 1722 4734 ’
1803 4708 1904 4757 Καὶ

275 4794 305 4845 ὁ
388 4795 566 4862 Λόγος
626 4789 761 4864 σὰρξ
815 4795 1037 4864 ἐγένετο,
1092 4793 1414 4867 παράγοντες
1468 4788 1528 4845 δὲ
1592 4797 1683 4846 καὶ
1744 4793 1903 4868 ῥῆσιν

271 4888 375 4934 τοῦ
426 4881 585 4953 ἁγίου
644 4879 962 4934 Ἀθανασίου
1021 4881 1152 4935 οὑτω
1210 4881 1466 4953 λέγουσαν
1497 4898 1509 4911 ·
1553 4902 1584 4933 ‹‹
1622 4888 1681 4935 '0
1731 4886 1902 4955 Λόγος

278 4969 424 5045 σὰρξ
464 4968 684 5042 ἐγένετο,
756 4971 838 5023 ἵνα
894 4976 984 5024 καὶ
1048 4972 1080 5029 ἡ
1153 4971 1288 5045 σὰρξ
1341 4974 1554 5044 γένηται
1612 4975 1829 5045 Λόγος⁶
1871 4992 1901 5024 η

280 5061 421 5114 ἀλλὰ
492 5064 586 5112 καὶ
642 5064 931 5136 Γρηγόριον
1003 5064 1091 5113 τόν
1159 5064 1414 5133 Θεο).όγον
1455 5062 1740 5133 φάσκοντα.
1802 5066 1904 5115 Καὶ

279 5148 466 5225 9αρῥῶ
503 5148 667 5221 λέγειν
726 5150 962 5223 ὁμόθεον,
1002 5154 1093 5202 καὶ
1130 5153 1344 5223 γεγονὸς
1396 5152 1517 5226 ὅπερ
1557 5154 1616 5203 τό
1651 5155 1851 5227 χρίσαν
1883 5165 1899 5181 ·

276 5242 359 5293 ἔτι
424 5235 487 5293 δὲ
547 5244 638 5292 καὶ
700 5242 788 5292 τόν
839 5244 1129 5293 Νυσσαέων
1187 5243 1472 5315 Γρηγόριον
1529 5242 1725 5293 οὑτωσὶ
1763 5237 1904 5304 διεξ-

288 5333 451 5384 ιόντα
483 5349 498 5362 ο
580 5329 820 5383 Καθάπει
896 5334 1105 5402 σταγὼν
1164 5329 1313 5393 ὄξους
1376 5328 1637 5403 βληθεῖσα
1709 5328 1757 5382 ἐν
1829 5337 1905 5402 τῷ

278 5417 498 5491 πελάγει
570 5426 670 5480 τῆς
748 5417 1026 5481 θαλάσσης
1110 5418 1205 5472 οὑκ
1297 5422 1375 5472 ἔτι
1445 5418 1588 5473 ἐστὶν
1671 5418 1721 5471 ἓν
1795 5425 1906 5482 τοῖς

283 5506 446 5571 ἰδίοις
538 5515 632 5562 τοῦ
725 5505 879 5571 ὄξους
967 5505 1282 5581 ἐδιὼμασιν,
1360 5506 1488 5563 ἀλλὰ
1586 5510 1903 5583 μετεποιήθη

281 5601 366 5652 κοὶ
437 5598 738 5674 συνεκράθη
801 5594 865 5659 ἐς
918 5598 977 5649 τὸ
1040 5604 1134 5651 τοῦ
1190 5597 1448 5673 πελάγους
1519 5607 1629 5652 τῶν
1695 5594 1905 5653 ὑδάτων

356 4608 453 4665 ιϐ’.

742 4702 980 4754 Ἰωάννου
1058 4707 1227 4775 φωνὴν
1252 4745 1265 4770 ,

2003 3191 2305 3264 spondent
2334 3205 2459 3246 non
2484 3206 2613 3246 esse
2642 3194 2923 3247 naturam
2947 3192 3177 3266 absque
3200 3194 3521 3267 hypostasi
3548 3214 3657 3256 seu

2002 3296 2293 3353 persona.
2331 3281 2399 3335 Et
2427 3296 2530 3337 eos
2560 3280 2665 3352 qui
2708 3281 2862 3336 duas
2892 3296 3021 3337 esse
3049 3282 3111 3337 in
3142 3283 3368 3342 Christo
3406 3291 3657 3345 naturas

2004 3370 2330 3442 opinantur
2369 3374 2425 3425 et
2466 3369 2619 3425 duas
2661 3369 3048 3442 hypostases,
3076 3375 3142 3429 ut
3170 3375 3525 3447 Nestorium,
3570 3378 3659 3434 in-

2004 3460 2244 3530 ducere,
2263 3463 2319 3516 et
2340 3474 2464 3516 non
2488 3463 2607 3516 tres
2630 3476 2921 3533 personas
2940 3477 3044 3518 seu
3065 3467 3182 3519 tres
3210 3463 3573 3537 hypostases
3595 3469 3659 3524 in

2007 3555 2220 3606 sancta
2248 3549 2527 3605 Trinitate
2555 3548 2823 3606 dicentes
2853 3551 3120 3623 reperiri,
3148 3552 3256 3608 sed
3289 3557 3346 3611 et
3374 3560 3656 3626 quatuor.

2006 3638 2222 3694 Etinde
2244 3637 2793 3694 Chalcedonensem
2814 3639 3117 3712 synodum
3132 3642 3658 3712 anathematizant,

2005 3733 2210 3800 utpote
2265 3744 2403 3800 qum
2434 3727 2590 3783 duas
2642 3729 2704 3784 in
2753 3729 2983 3786 Christo
3010 3730 3372 3804 hypostases
3400 3749 3529 3790 esse
3558 3732 3660 3791 de-

2005 3817 2254 3874 creverit
2284 3835 2296 3872 :
2328 3817 2409 3873 ita
2439 3817 2596 3875 enim
2620 3818 2953 3874 secundum
2988 3836 3165 3876 suam
3196 3822 3534 3880 doctrinam
3558 3838 3665 3896 ap-

2004 3907 2231 3981 pellant
2282 3910 2552 3962 naturas.
2610 3907 2827 3963 Sancto
2884 3913 3087 3964 autem
3140 3908 3357 3981 Cyrillo
3416 3916 3482 3967 ut
3535 3928 3661 3967 suae

1985 3986 2300 4053 'hrereseos
2326 3995 2617 4066 complice
2658 3999 2928 4065 utuntur,
2957 4012 3028 4053 eo
3070 3998 3239 4070 quod
3286 3998 3501 4056 dixerit
3527 4001 3661 4057 uni-

2008 4102 2142 4143 cam
2175 4100 2304 4142 esse
2328 4089 2610 4141 naturam
2640 4084 2813 4141 Verbi
2836 4085 3236 4155 incarnatam,
3269 4088 3428 4144 hanc
3449 4105 3661 4146 vocem

2009 4191 2130 4233 non
2177 4175 2239 4230 in
2278 4175 2494 4230 eodem
2542 4190 2723 4230 sensu
2771 4189 2957 4247 quam
3006 4175 3103 4232 ille
3133 4183 3518 4250 usurpantes,
3557 4179 3665 4236 sed

2008 4266 2168 4323 hanc
2197 4269 2479 4323 naturam
2528 4280 2658 4321 esse
2706 4266 3083 4322 contendunt
3119 4282 3255 4324 eam
3284 4284 3475 4341 quam
3525 4272 3667 4341 post

2011 4355 2278 4412 unionen
2321 4353 2638 4411 confusam
2687 4370 2822 4411 esse
2877 4355 3105 4429 dicunt,
3136 4355 3261 4414 imo
3301 4356 3361 4413 in
3393 4357 3667 4416 divinita-

1924 4432 1975 4488 ’Π
2014 4450 2132 4503 tem
2161 4459 2538 4501 conversam.

2088 4609 2170 4665 14.
2248 4610 2474 4665 Rursus
2548 4605 2732 4662 iidem
2800 4606 2986 4679 impie
3057 4606 3215 4664 hanc
3281 4610 3663 4679 evangelista

2009 4697 2255 4756 Joannis
2312 4712 2525 4752 vocem
2587 4694 2947 4753 adhibentes
2991 4713 3003 4750 :
3062 4697 3143 4753 Et
3211 4699 3465 4756 Verbum
3522 4715 3663 4757 σανο

2009 4792 2237 4861 factum
2279 4792 2410 4852 est;
2464 4786 2933 4858 invocantesque
2984 4784 3098 4843 has
3154 4787 3316 4845 beati
3352 4789 3667 4846 Athanasii

2010 4895 2189 4936 voces
2215 4896 2228 4934 :
2259 4897 2289 4928 «
2320 4874 2582 4933 Verbum
2611 4890 2752 4932 caro
2776 4874 3004 4932 factum
3048 4880 3156 4945 est,
3206 4881 3273 4933 ut
3300 4881 3356 4934 et
3385 4893 3527 4936 caro
3559 4879 3666 4937 ﬁat

2011 4968 2311 5033 Verbum;
2346 4986 2376 5017 »
2404 4964 2512 5021 sed
2542 4969 2599 5021 et
2647 4964 2997 5036 Gregorium
3044 4965 3415 5037 Theologum
3457 4966 3667 5024 dicen-

2011 5064 2131 5117 tem
2156 5076 2169 5114 :
2204 5079 2234 5108 ‹‹
2258 5055 2468 5113 Audeo
2497 5054 2694 5112 dicere
2724 5056 2845 5112 Deo
2867 5054 3123 5112 similem
3154 5059 3211 5112 et
3236 5055 3464 5111 factum
3497 5055 3667 5127 quod

2013 5155 2102 5207 est
2151 5147 2408 5205 Verbum
2465 5146 2803 5217 inungens;
2861 5168 2889 5197 »
2930 5150 2988 5203 et
3033 5145 3112 5204 ad
3140 5146 3271 5203 haec
3314 5145 3665 5217 Gregorium

2012 5242 2328 5313 Nysswum
2360 5236 2443 5293 sic
2472 5235 2883 5309 eloquentem:
2910 5256 2939 5286 α
2967 5235 3497 5302 Quemadmodum
3515 5237 3667 5295 aceti

2014 5333 2182 5401 gutta
2231 5327 2295 5385 in
2348 5325 2533 5383 maris
2591 5324 2808 5397 pelago
2856 5324 3149 5400 immersa
3192 5340 3318 5381 non
3353 5325 3485 5398 jam
3516 5327 3669 5385 aceti

2012 5417 2406 5492 proprietates
2455 5414 2688 5484 retinet,
2745 5413 2853 5470 sed
2893 5414 3187 5471 conversa
3237 5417 3294 5472 et
3348 5414 3670 5474 commista

2014 5512 2105 5564 est
2156 5507 2219 5563 in
2265 5504 2451 5562 maris
2497 5517 2796 5576 aquarum
2834 5502 3268 5576 proprietates;
3322 5505 3405 5561 ita
3439 5520 3583 5561 sane
3612 5507 3670 5560 et

2016 5595 2466 5655 sanctissimum
2504 5591 2654 5652 illud
2692 5606 2913 5665 corpus
2951 5591 3343 5653 commistum
3370 5592 3670 5652 divinitati
