4136 6388
496 247 594 300 103

492 458 924 516 ratiocinantur
958 469 969 505 :
1007 474 1033 503 ς
1069 450 1214 504 Cum
1249 459 1390 498 caro
1431 440 1690 495 Verbum
1737 438 1960 494 factum
1997 437 2069 492 sit
2099 442 2155 494 et

495 549 616 602 Deo
666 536 1218 601 consubstantialis,
1254 536 1311 589 et
1339 529 1532 586 Verbo
1565 527 1883 583 commista
1910 527 1983 582 sit
2007 531 2062 582 et
2091 527 2152 582 in

492 637 639 694 illud
668 647 984 696 conversa,
1019 623 1332 700 quomodo
1364 624 1617 692 possunt
1643 617 1758 672 dici
1801 617 1938 671 duae
1983 620 2153 672 natu-

493 745 594 792 rae,
624 741 749 782 non
780 727 982 781 autem
1012 717 1212 785 unica,
1235 729 1370 786 quae
1397 715 1484 766 est
1508 707 1828 764 divinitatis
1848 706 1876 760 ‘2
1910 727 1937 756 »

571 998 656 1052 15.
699 996 772 1049 At
797 1006 934 1064 quae
965 991 1054 1044 est
1092 981 1619 1057 respondendum:
1656 978 1864 1032 Creata
1893 977 1949 1030 et
1984 972 2156 1064 finita

498 1092 718 1144 natura
737 1063 981 1139 rursum
1007 1084 1065 1135 et
1089 1081 1229 1151 post
1249 1073 1537 1129 unionem
1561 1070 1620 1124 in
1643 1067 1764 1122 suis
1781 1063 2156 1120 naturalibus

499 1173 965 1252 proprietatibus
985 1165 1338 1242 permansit,
1360 1177 1481 1218 non
1509 1158 1758 1216 omnino
1785 1170 2076 1212 conversa
2097 1153 2158 1208 in

499 1245 836 1325 increatum
864 1266 920 1317 et
948 1258 1248 1315 inﬁnitum
1281 1259 1337 1310 et
1367 1252 1425 1307 in
1458 1248 1610 1304 Patri
1632 1249 2018 1302 coaeternum.
2051 1245 2162 1298 Per

499 1362 778 1414 naturam
855 1354 1056 1406 autem
1123 1345 1378 1401 invicem
1448 1337 1855 1395 accessionem
1917 1348 2162 1390 carnem

499 1449 844 1505 deificatam
887 1454 1039 1503 esse,
1093 1439 1281 1491 Deum
1322 1430 1631 1487 hominem
1664 1425 1888 1481 factum
1919 1440 2048 1479 esse
2079 1423 2166 1505 di:

499 1542 709 1597 cimus.
735 1532 851 1589 Nisi
885 1528 1047 1585 enim
1077 1525 1137 1580 id
1170 1520 1606 1583 concedamus,
1635 1517 1806 1586 juxta
1831 1514 1961 1570 illos
1988 1498 2166 1570 Verbi

498 1629 729 1684 naturae
759 1616 888 1682 erit,
930 1628 1053 1669 non
1093 1613 1294 1666 autem
1348 1607 1638 1661 humanae
1673 1601 1734 1656 in
1787 1599 2017 1656 Christo
2062 1602 2170 1656 na'

1808 221 2087 278 NICETJE
2125 219 2519 278 ΟΗΟΝΙΑΤΑΞ.

491 383 614 425 non
643 367 769 437 jam
802 361 996 418 carnis
1050 354 1446 431 proprietates
1500 349 1730 405 retinet.
1774 368 1802 398 »
1834 349 2026 420 Atque
2067 346 2154 402 sic
2185 347 2235 402 Α
2267 343 2466 418 ἰδίωμα
2505 362 2518 376 ο

3759 221 3863 276 104

2584 345 2718 397 οὕτω
2785 341 2853 404 δὴ
2917 349 3007 398 καὶ
3066 347 3125 397 τὸ
3185 345 3440 416 πανάγιον
3493 343 3651 397 ἐκεῖνο
3710 352 3870 416 σῶμα

2266 436 2648 508 συνανακραθεν
2727 442 2789 507 τῇ
2884 436 3108 503 θεότητι,
3171 434 3345 486 οὐκέτι
3418 432 3558 486 ἐστὶν
3632 432 3681 486 ἐν
3757 440 3870 495 τοῖς

2262 533 2356 585 τῆς
2421 528 2617 597 σαρκός
2673 519 2949 594 ἱδιώμασι.
3021 527 3122 575 Καὶ
3184 521 3581 593 συλλογίζονται
3646 523 3806 582 οὕτως
3849 543 3864 555 ο

2262 615 2332 675 ὡς
2360 613 2503 665 Ἐπεὶ
2559 618 2587 670 ἡ
2648 611 2780 686 σάρξ
2827 617 3003 685 γέγονε
3042 617 3208 683 Λόγος
3248 616 3337 665 καὶ
3391 613 3625 682 όιιόθεος,
3662 631 3870 664 συνανε-

2261 705 2429 778 κράθη
2476 709 2548 773 τῷ
2599 707 2754 774 Λόγῳ
2809 706 2900 754 καὶ
2938 703 3276 774 μετεποιὴθη,
3341 710 3452 762 πῶς
3506 699 3727 754 δυνατὸν
3769 698 3870 754 δύο

2262 793 2426 864 λέγειν
2467 795 2647 865 φύσεις
2708 796 2798 844 xui
2856 791 2984 863 οὐχὶ
3031 796 3156 864 μίαν
3208 795 3298 844 xui
3348 793 3544 849 ταύτην
3612 799 3709 854 τῆς
3763 793 3871 844 θεό-

2262 899 2452 949 τητος;

2337 990 2410 1026 ιε.
2455 974 2587 1044 Πρός
2615 971 2743 1045 οἷπερ
2793 969 3174 1046 ἀποκρίνασθαι
3207 965 3291 1022 δεῖ
3343 971 3410 1032 ὡς
3463 971 3493 1028 ἡ
3553 973 3742 1028 κτιστὴ
3783 971 3873 1021 καὶ

2265 1065 2594 1136 περιγραπτὴ
2639 1063 2796 1132 φύσις
2849 1059 3002 1112 πάλιν
3055 1064 3144 1112 καὶ
3199 1061 3330 1132 μετὰ
3383 1063 3476 1117 τὴν
3543 1061 3724 1111 ἕνωσιν
3785 1056 3872 1110 ἐπὶ

2267 1159 2366 1203 τῶν
2423 1147 2570 1203 ἰδίων
2627 1154 2879 1223 μεμένηκε
2936 1158 3167 1222 φυσικῶν
3218 1145 3539 1221 ἰδιωμάτων,
3595 1145 3710 1201 οὐδ’
3750 1147 3878 1208 ὅλως

2272 1239 2657 1314 μεταϐληθεῖσα
2687 1239 2759 1301 εἰς
2808 1243 2867 1291 τὸ
2898 1240 3166 1306 οἴκτιστον,
3198 1243 3288 1290 καὶ
3333 1237 3742 1310 ἀσχημάτιστον
3784 1241 3878 1288 καὶ

2277 1327 2549 1382 συναίδιον
2587 1337 2659 1400 τῷ
2717 1333 2883 1404 Πατρί
2915 1347 2926 1358 ·

2276 1419 2474 1478 ἄλληλα
2528 1424 2915 1492 περιχώρησιν,
2969 1422 3062 1476 τὴν
3133 1417 3306 1492 σάρκα
3346 1418 3602 1476 θεωθῆναι
3633 1433 3645 1446 ⁸
3688 1418 3776 1467 τόν
3818 1410 3880 1467 δὲ

2279 1512 2407 1564 Θεὸν
2462 1509 2861 1582 ἐνανθρωπῆσαί
2901 1526 3061 1580 φαμεν
3095 1528 3108 1540 ·
3152 1507 3198 1559 εἰ
3233 1509 3336 1580 γὰρ
3394 1511 3465 1579 μὴ
3515 1512 3666 1558 τοῦτο
3736 1501 3884 1561 δοίη-

2279 1618 2388 1672 μεν,
2446 1601 2595 1651 ἔσται
2650 1596 2709 1649 ἂν
2746 1606 2836 1657 τῆς
2882 1604 2973 1648 τοῦ
3039 1599 3214 1668 Λόγου
3267 1597 3470 1668 φύσεως
3517 1594 3632 1647 κατ’
3673 1593 3879 1659 αὐτοὺς,

2995 1325 3088 1381 διὰ
3135 1325 3194 1381 δὲ
3259 1332 3354 1387 τὴν
3406 1336 3506 1380 τῶν
3560 1329 3759 1399 φύσεων
3804 1326 3878 1387 εἰς

499 1721 669 1780 turae,
725 1705 1187 1766 incrementum,
1219 1695 1481 1762 laetatio,
1514 1696 1726 1760 tactus,
1762 1688 1980 1756 fames,
2013 1688 2164 1753 sitis,

2280 1692 2369 1740 xui
2407 1687 2536 1759 οῦχὶ
2576 1695 2670 1748 τῆς
2700 1684 2748 1737 ἐν
2799 1693 3014 1759 Χριστῷ
3051 1683 3374 1759 ἀνθρωπίνης
3414 1685 3636 1755 φύσεως,
3693 1683 3723 1740 ἡ
3790 1684 3884 1732 αῦ-

499 1775 792 1870 fatigatio,
849 1789 1089 1862 agonia,
1133 1791 1401 1857 sputum,
1464 1777 1792 1847 cruciﬁxio,
1829 1775 2164 1848 sepultura,

501 1865 687 1950 mors.
712 1885 776 1942 Id
807 1883 890 1939 ita
921 1876 1197 1934 Patribus
1221 1871 1430 1938 videri,
1465 1883 1727 1942 quorum
1756 1865 2004 1922 oracula
2032 1881 2168 1938 pro-

501 1981 720 2044 ferunt,
747 1975 1040 2030 testantur
1070 1969 1287 2021 caetera
1319 1975 1526 2016 eorum
1555 1957 1799 2029 scripta,
1824 1961 2074 2011 naturas
2105 1955 2166 2011 in

504 2069 732 2126 Christo
764 2077 887 2118 non
923 2053 1213 2114 confundi
1244 2048 1523 2106 docentia
1565 2061 1762 2117 neque
1811 2060 2164 2100 conversam

503 2175 631 2217 esse
663 2167 907 2213 carnem
937 2149 996 2204 in
1028 2143 1408 2200 divinitatem
1435 2156 1448 2205 ;
1506 2137 1611 2192 sed
1652 2140 1709 2191 et
1743 2135 1931 2190 verba
1960 2133 2169 2189 Christi

503 2245 813 2321 discipulis
870 2243 944 2296 de
1004 2241 1222 2294 Lazaro
1273 2229 1527 2321 dicentis
1585 2245 1598 2282 :
1643 2229 2064 2321 Mortuusest,
2115 2229 2171 2281 et

505 2314 743 2414 gaudeo
773 2335 1019 2406 propter
1050 2341 1174 2390 vos,
1195 2319 1491 2395 quoniam
1521 2333 1644 2373 non
1668 2331 1833 2372 eram
1861 2314 2170 2370 ibi.Utrius

503 2404 844 2503 reputanda
866 2425 956 2476 est
974 2420 1102 2474 hinc
1129 2429 1281 2469 vox:
1309 2433 1336 2462 «
1364 2413 1491 2466 Non
1519 2422 1686 2463 eram
1710 2405 1792 2461 ibi
1811 2405 1924 2460 '6?»
1953 2404 2172 2460 Divini'

506 2492 701 2581 tatis?
733 2519 798 2571 Et
838 2505 1148 2584 quomodo
1197 2502 1333 2558 loco
1387 2495 1872 2566 circumscriptus
1929 2497 2020 2550 est
2067 2492 2172 2584 qui

507 2611 735 2682 ubique
776 2583 946 2660 adest
987 2601 1043 2653 et
1073 2608 1254 2665 super
1284 2588 1492 2645 omnia
1531 2585 1666 2643 est?
1700 2584 1758 2640 Si
1789 2599 1926 2639 vero
1950 2583 2169 2650 carnis,

505 2674 656 2776 quo-
678 2694 862 2754 modo
889 2705 1012 2746 non
1046 2689 1187 2740 sunt
1234 2681 1370 2776 duae
1502 2675 1736 2733 Christo
1790 2677 2019 2773 naturae
2043 2674 2082 2770 ‘1.
2105 2675 2173 2727 Et

504 2761 791 2861 lacrymaa
854 2778 1056 2837 Lazari
1114 2771 1310 2843 gratia
1373 2767 1606 2833 effusas,
1669 2763 1864 2819 carnis
1921 2761 2170 2818 omnino

507 2850 696 2946 erant,
728 2887 924 2945 neque
955 2862 1284 2924 divinitatis
1313 2878 1325 2928 ;
1383 2853 1911 2930 quemadmodum
1939 2850 2171 2909 homini

507 2945 789 3028 convenit
812 2959 996 3019 illud:
1029 2978 1055 3006 «
1090 2951 1198 3010 Ubi
1231 2946 1514 3024 posuistis
1541 2961 1680 3001 eum
1701 2945 1728 3000 ?
1763 2965 1785 2994 ι

580 3241 670 3295 16.
712 3229 885 3301 Quod
918 3225 964 3283 si
991 3223 1052 3280 id
1084 3215 1444 3286 addiderint,
1477 3229 1609 3279 nos,
1655 3212 1704 3266 si
1735 3209 1892 3265 duas
1923 3211 2175 3301 naturas

507 3293 821 3390 distinctas
863 3311 1144 3376 habuerit
1171 3305 1461 3373 Christus,
1492 3302 1830 3390 humanam
1863 3312 2087 3390 nempe
2123 3293 2180 3354 et

506 3387 802 3483 divinam,
859 3407 1200 3464 creaturam
1265 3393 1542 3460 adorare,
1605 3388 1854 3483 quippe
1886 3387 1992 3483 qui
2042 3390 2182 3442 ante

505 3475 1081 3568 creatam'naturam
1111 3483 1502 3560 procidamus
1529 3496 1542 3546 ;
1571 3477 1667 3534 vel
1698 3477 1749 3532 si
1775 3475 2157 3545 minius,esse

501 3565 666 3658 idem
695 3597 755 3650 et
801 3601 961 3643 unus
993 3579 1258 3636 Christus
1292 3572 1578 3629 adoratus
1627 3571 1831 3623 etnon
1873 3565 2178 3624 adoratus.

660 3668 1181 3752 respondendum.
1245 3661 1458 3752 Filium
1517 3657 1618 3713 Dei
1676 3671 1816 3712 cum
1882 3655 2056 3752 Patre
2121 3659 2180 3711 et

507 3744 715 3834 sancto
739 3744 961 3842 spiritu
991 3758 1343 3819 adoramus,
1374 3750 1502 3805 sine
1535 3761 1784 3820 corpore
1815 3749 1953 3842 ante
1985 3744 2180 3842 incar.

505 3832 814 3925 nationem
845 3851 1243 3911 existentem;
1293 3855 1456 3897 nunc
1503 3842 1706 3894 autem
1747 3833 2034 3891 eumdem
2088 3832 2176 3888 in-

507 3923 825 4013 carnatum
895 3946 952 3999 et
1007 3939 1154 3996 citra
1211 3931 1496 3990 deitatem
1553 3927 1782 3982 factum
1840 3923 2179 3979 hominem.

507 4009 770 4103 Iit—sicut
816 4035 1050 4105 lignum
1085 4031 1262 4082 tenue
1311 4018 1494 4077 tactui
1544 4031 1671 4072 non
1722 4017 1810 4070 est
1859 4009 2184 4068 inaccessi-

506 4101 646 4196 bile,
700 4101 924 4190 tamen,
982 4120 1123 4190 igne
1178 4111 1406 4177 addito,
1458 4101 1873 4196 inaccessibile
1924 4101 2009 4170 ﬁt,
2058 4115 2184 4196 non

507 4191 756 4297 quidem
786 4229 893 4288 per
923 4225 1007 4278 se,
1041 4205 1149 4261 sed
1197 4201 1342 4274 quia
1374 4196 1531 4269 ignis
1565 4194 1836 4297 accessit:
1867 4195 1996 4290 Non
2023 4191 2185 4297 enim

509 4280 658 4384 ligni
712 4280 931 4364 natura
976 4289 1408 4356 inaccessibilis
1439 4291 1547 4354 est,
1580 4283 1688 4340 sed
1717 4281 1922 4350 carbo,
1954 4280 1992 4337 i.
2035 4297 2088 4337 e.
2117 4281 2186 4337 li-

2279 1778 2451 1847 ξησις,
2499 1778 2528 1834 ἡ
2589 1777 2982 1848 σπαργάνωσις,
3043 1775 3073 1832 ἡ
3143 1773 3470 1845 ψηλάφησις,
3530 1774 3560 1830 ἡ
3630 1777 3796 1837 πεῖνα,
3847 1771 3877 1827 ἠ

2279 1863 2436 1937 δίψα,
2469 1867 2494 1917 6
2532 1868 2712 1935 κόπος,
2753 1865 2783 1922 ἡ
2830 1862 3047 1934 ἀγωνία,
3087 1866 3146 1915 τό
3184 1865 3425 1934 πτύσμα,
3464 1863 3494 1920 ἡ
3526 1860 3612 1913 ἐπὶ
3650 1865 3882 1934 σταυροῦ

2276 1956 2453 2023 πῆξις,
2511 1957 2539 2013 ἡ
2601 1958 2760 2026 ταφὴ,
2824 1958 2912 2005 καὶ
2969 1954 2994 2004 ό
3050 1954 3282 2014 θάνατος.
3323 1950 3445 2004 Ὀτι
3511 1946 3571 2002 δὲ
3630 1955 3721 2002 καὶ
3773 1955 3884 2011 τοῖς

2279 2047 2548 2118 Πατράσιν
2601 2044 2736 2095 οὕτω
2795 2039 2957 2108 δοκεῖ,
3010 2045 3077 2094 ὡν
3132 2044 3227 2104 τὰς
3280 2045 3508 2116 χρήσεις
3559 2041 3883 2112 παράγουσι,

2279 2141 2606 2210 μαρτυροῦσι
2679 2135 2745 2184 τὰ
2808 2132 2966 2184 λοιπὰ
3030 2137 3248 2184 τουτωνὶ
3317 2131 3728 2205 συγγράμματα,
3809 2132 3882 2200 μὴ

2284 2225 2652 2296 συγκεχῦσθαι
2695 2225 2788 2283 τὰς
2818 2220 2866 2274 ἐν
2915 2229 3130 2297 Χριστῷ
3164 2225 3341 2294 φῦσεις
3373 2217 3718 2284 διδάσκοντα,
3753 2223 3887 2289 μήτε

2283 2319 2385 2387 μὴν
2407 2313 2823 2386 μεταποιηθῆναι
2849 2315 2941 2369 τὴν
2965 2315 3137 2385 σάρκα
3160 2311 3228 2372 εἰς
3257 2307 3660 2366 θεότητα.Ἀλλὰ
3689 2312 3778 2359 καὶ
3793 2314 3888 2359 τοῦ

2287 2410 2518 2478 Χριστοῦ
2546 2422 2676 2477 προς
2713 2405 2828 2461 τοὺς
2866 2403 3107 2474 μαθητὰς
3143 2405 3261 2474 περὶ
3307 2407 3395 2452 τοῦ
3429 2398 3677 2471 Λαζάρου
3715 2396 3888 2469 λέγον-

2283 2513 2371 2548 τος
2410 2494 2490 2546 ὄτι
2529 2514 2557 2542 ‹‹
2587 2493 2856 2554 Ἀπέθανε,
2889 2495 2980 2542 καὶ
3017 2495 3195 2562 χαίρω
3228 2486 3302 2541 δι’
3341 2491 3472 2561 ὑμᾶς
3511 2490 3590 2540 ὅτι
3622 2487 3716 2539 οὐκ
3747 2491 3889 2559 ἥμην

2284 2581 2404 2635 ἐκεῖ.
2458 2604 2484 2631 ‹‹
2525 2586 2673 2643 Τίνος
2723 2583 2929 2639 νοητὲον
2967 2582 3026 2630 τό
3064 2579 3210 2653 ῥῆμα
3261 2581 3318 2630 τό
3362 2599 3390 2628 ‹‹
3432 2577 3524 2629 οῦκ
3547 2580 3688 2650 ἤμην
3742 2574 3888 2643 ἐκεῖ;

2281 2679 2388 2734 Τῆς
2417 2675 2660 2734 θεότητος
2684 2687 2697 2737 ;
2742 2674 2842 2722 Καὶ
2874 2677 2984 2729 πῶς
3008 2673 3148 2740 τόπῳ
3173 2670 3523 2741 περιγραπτός
3564 2669 3588 2717 6
3610 2673 3891 2737 πανταχοῦ

2280 2767 2458 2838 παρὼν
2505 2765 2596 2813 καὶ
2625 2761 2751 2832 ὑπὲρ
2783 2762 2841 2811 τό
2870 2765 2971 2810 πᾶν
3015 2762 3115 2824 ὤν;
3173 2757 3234 2809 Εἰ
3277 2753 3335 2809 δὲ
3371 2765 3465 2818 τῆς
3516 2759 3729 2830 σαρκός,
3779 2763 3894 2816 πῶς

2282 2852 2411 2923 οὐχὶ
2470 2847 2566 2903 δὺο
2607 2853 2787 2922 φῦσεις
2836 2847 2918 2900 ἐπὶ
2948 2853 3227 2922 Χριστοῦ;
3287 2845 3388 2898 Καὶ
3421 2849 3479 2898 τό
3512 2844 3597 2897 ἐπὶ
3636 2845 3893 2917 Λαζάρου

2284 2939 2344 2993 δὲ
2385 2938 2615 3012 δάκρυον
2640 2948 2734 3000 τῆς
2769 2941 2964 3010 σαρκός
3000 2939 3204 2999 πάντως
3244 2931 3325 3006 ἦν,
3369 2940 3456 2988 καὶ
3496 2934 3624 3006 οῦχί
3661 2943 3751 2995 τῆς
3784 2936 3896 2986 θεό-

2282 3047 2436 3088 τητος
2467 3041 2483 3058 '
2526 3029 2698 3102 ὥσπερ
2743 3025 3172 3101 ἁνθρωποπρεπὲς
3225 3028 3315 3076 καὶ
3354 3026 3411 3076 τὸ
3453 3021 3644 3098 ἐρωτᾷν
3704 3044 3732 3073 (ς
3781 3029 3895 3074 Ποῦ

2285 3119 2548 3170 τεθείκατε
2587 3115 2742 3168 αὐτόν
2769 3133 2782 3184 ;

2361 3206 2456 3272 ις’.
2497 3207 2613 3259 Ἐὰν
2654 3201 2714 3259 δὲ
2765 3209 2855 3257 καὶ
2914 3211 3066 3256 τοῦτο
3125 3205 3527 3277 προσθήσουσιν
3585 3204 3667 3269 ὡς,
3698 3201 3751 3266 *εἰ
3793 3197 3896 3254 δὺο

2291 3299 2466 3370 φὺσεις
2505 3292 2643 3367 εἶχεν
2683 3296 2709 3345 6
2738 3295 2974 3368 Χριστὸς
3017 3290 3381 3363 ἁσυγχὺτους,
3429 3289 3753 3364 ἀνθρωπίνην
3800 3295 3898 3344 καὶ

2293 3389 2488 3456 θεῑκὴν,
2529 3386 2633 3460 ἄρα
2659 3391 2721 3456 τῇ
2773 3386 2947 3434 κτίσει
2983 3380 3312 3454 λατρεῦομεν,
3353 3382 3422 3443 ὡς
3472 3389 3661 3452 κτιστῇ
3722 3399 3901 3455 προσ-

2289 3482 2564 3535 κανοῦντες
2615 3477 2766 3546 φὺσει
2799 3493 2812 3506 ·
2873 3471 2902 3530 ἦ
2964 3470 3006 3522 εἰ
3062 3475 3132 3541 μὴ
3175 3478 3348 3537 τοῦτο,
3391 3473 3468 3528 εἴη
3528 3468 3588 3521 ἂν
3643 3471 3668 3521 6
3735 3469 3902 3533 αὐτὸς

2289 3571 2379 3618 καὶ
2411 3566 2482 3626 εἷς
2532 3565 2767 3634 Χριστὸς
2817 3564 3179 3636 προσκυνητός
3224 3579 3276 3612 τε
3304 3563 3390 3612 καὶ
3446 3557 3842 3632 ἁπροσκὺνητος
3879 3581 3896 3594 ο

2290 3657 2486 3709 οὑτωσὶ
2513 3653 2710 3706 λεκτέον
2741 3673 2752 3685 ·

2287 3749 2378 3798 καὶ
2423 3752 2496 3815 τῷ
2543 3743 2677 3814 ἁγίῳ
2730 3743 2994 3813 Πνεῦματι
3031 3746 3444 3812 προσκυνοῦμεν,
3487 3737 3764 3810 ἀσώματον
3803 3741 3902 3810 μὲν

2813 3654 2911 3703 Τόν
2954 3653 3073 3703 Υἰόν
3120 3657 3211 3702 τοῦ
3273 3657 3406 3703 Θεοῦ
3467 3653 3560 3701 σὺν
3603 3658 3675 3720 τῷ
3724 3654 3900 3724 Πατρὶ

2287 3837 2387 3911 πρὸ
2431 3841 2525 3895 τῆς
2569 3830 3024 3904 ἐνανθρωπήσεως,
3072 3836 3160 3879 νῦν
3209 3824 3268 3881 δὲ
3297 3831 3383 3880 τόν
3422 3826 3579 3879 αὐτόν
3613 3847 3901 3902 σεσαρκω-

2289 3929 2435 3999 μένον
2468 3927 2557 3974 καὶ
2608 3925 2873 3993 ’γενόμενον
2901 3921 3169 3994 ἄνθρωπον
3218 3920 3349 3992 μετὰ
3386 3926 3477 3970 τοῦ
3528 3916 3659 3969 εἶναι
3713 3921 3843 3971 Θεὸν
3880 3939 3900 3956 ο

2288 4019 2378 4067 καὶ
2409 4015 2582 4086 ὥσπερ
2634 4011 2778 4074 ξὺλον
2807 4009 2960 4081 ψιλὸν
2999 4009 3093 4062 οὐκ
3133 4011 3272 4061 ἕστίν
3314 4007 3598 4081 ἀπρόσιτον
3647 4015 3708 4081 τῇ
3760 4007 3897 4080 ἁφῇ,

2290 4109 2418 4178 πυρὶ
2484 4099 2542 4155 δὲ
2606 4099 3024 4176 προσομιλῆσαν,
3086 4097 3370 4174 ἀπρόσίτον
3430 4102 3627 4170 γίνεται
3698 4095 3756 4149 οῦ
3817 4095 3898 4150 δι’

2292 4193 2465 4260 ἑαυτὸ,
2517 4190 2644 4244 ἀλλὰ
2675 4187 2769 4242 διὰ
2813 4192 2872 4241 τὸ
2911 4191 3233 4261 συνημμένον
3284 4187 3424 4258 αὐτῷ
3464 4194 3565 4260 πῦρ
3601 4204 3614 4217 ·
3657 4190 3746 4239 xui
3785 4193 3900 4259 οῦχ

2291 4287 2322 4344 ἡ
2383 4291 2476 4337 τοῦ
2517 4281 2668 4345 ξῦλου
2726 4284 2880 4353 φὺσις
2911 4281 3144 4354 ὑπάρχει
3203 4276 3506 4353 ἀπρόσιτος,
3561 4276 3667 4329 ἀλλ’
3717 4277 3742 4329 ὁ
3799 4278 3899 4329 οἴν-

511 4366 701 4475 Eam
742 4395 1066 4457 adustum;
1101 4386 1185 4441 sic
1229 4396 1370 4439 caro
1395 4391 1642 4452 quoque
1676 4389 1788 4474 pro
1817 4376 2035 4428 natura
2075 4387 2170 4475 s‘ua

2294 4373 2441 4449 θραξ,
2475 4375 2593 4430 ἤτοι
2620 4373 2676 4423 τὸ
2709 4372 3065 4444 φεπυρωμένρν
3115 4367 3261 4430 ξω,ον
3293 4381 3309 4397 .
3365 4367 3529 4427 οὕτως
3566 4369 3657 4418 καὶ
3696 4367 3725 4424 ἡ
3759 4366 3902 4441 σὰρξ

2403 4465 2412 4475 “
2498 4464 2507 4475 ‘
2640 4464 2649 4475 ι
2758 4458 2769 4469 υ
2881 4465 2903 4475 ~
3039 4461 3048 4474 ι
3248 4456 3259 4473 ’
3346 4458 3368 4472 ἢ
3756 4459 3834 4475 777’
3881 4473 3892 4475 _

509 4460 634 4550 non
656 4491 744 4546 est
773 4479 1113 4544 adoranda,
1142 4475 1206 4531 in
1233 4470 1425 4526 Verbo
1453 4472 1661 4523 tamen
1691 4463 2006 4518 incarnato
2038 4460 2183 4518 ado-

509 4585 716 4644 ratur;
765 4590 877 4632 nec
922 4568 1180 4626 dicimus
1219 4577 1331 4619 nos
1362 4571 1608 4615 carnem
1638 4551 1868 4609 nudam
1901 4550 2177 4622 adorare,

513 4671 622 4730 sed
676 4641 922 4725 carnem
954 4659 1076 4725 Dei,
1106 4657 1144 4712 i.
1175 4671 1229 4712 e.
1262 4653 1452 4707 Deum
1482 4647 1886 4704 incarnatum.
1923 4641 2037 4699 Sed
2060 4641 2178 4698 hoc

511 4759 761 4834 quidem
799 4755 862 4810 in
908 4751 1197 4825 promptu
1225 4747 1283 4799 et
1311 4756 1418 4814 per
1447 4733 1896 4834 compendium.
1925 4731 2026 4787 Vir
2066 4747 2174 4834 au-

512 4823 634 4910 tem
671 4848 792 4906 otio
819 4823 1022 4902 fruens
1047 4836 1238 4895 multa
1264 4851 1295 4891 e
1337 4827 1656 4903 Scripturis
1683 4823 1868 4882 sacris
1890 4823 2175 4895 exempla

510 4937 932 4998 Armeniorum
973 4931 1234 4987 haereses
1267 4925 1371 4978 aut
1415 4914 1785 4976 destruentia
1834 4916 1937 4971 aut
1967 4927 2170 4985 repro-

511 5030 722 5090 bantia
739 5028 803 5085 in
831 5021 1104 5082 medium
1126 5014 1389 5090 proferre
1425 5007 1706 5087 potuerit.

589 5353 636 5393 ¹⁶
656 5355 826 5411 Joan.
854 5364 935 5422 x1,
973 5349 1057 5404 t5.

2290 4465 2426 4515 κατὰ
2458 4464 2546 4535 μὲν
2595 4464 2688 4519 τὴν
2748 4458 2936 4519 ἑαυτῆς
2993 4461 3146 4530 φῦσιν
3205 4456 3298 4509 οὐκ
3345 4458 3460 4508 ἔστι
3498 4459 3837 4530 προσκυνητὴ
3880 4473 3894 4486 ·

2287 4557 2658 4626 προσκυνεῖται
2711 4546 2771 4602 6“:
2823 4547 2870 4599 ἐν
2921 4556 2992 4619 τῷ
3047 4549 3421 4621 σεσαρκωμένῳ
3452 4550 3608 4618 Λόγῳ
3639 4563 3652 4576 ο
3708 4549 3798 4596 καὶ
3834 4546 3897 4598 οῦ

2287 4645 2448 4716 φαμὲν
2505 4643 2584 4693 ὃτι
2643 4640 2816 4714 σάρκα
2865 4643 3254 4712 προσκυνοῦμεν
3315 4634 3494 4706 ψιλὴν,
3539 4633 3667 4686 ἀλλὰ
3719 4637 3901 4708 σάρκα

2287 4738 2444 4801 Θεοῦ,
2484 4733 2601 4789 ἤτοι
2671 4731 3060 4801 σεσαρκωμένον
3118 4730 3266 4781 Θεὸν.
3307 4732 3488 4778 Ταῦτα
3546 4726 3610 4786 ὡς
3676 4722 3730 4776 ἐκ
3767 4743 3900 4796 προ-

2283 4827 2470 4897 χείρου
2518 4822 2609 4871 καὶ
2670 4817 2721 4869 ἓν
2761 4815 2988 4889 ἐπιτόμῳ
3021 4833 3035 4847 ⁶
3079 4814 3316 4888 εὐκαιρία
3373 4811 3434 4866 δέ
3486 4833 3559 4874 τις
3597 4818 3897 4886 χρώμενος⁹

2282 4917 2373 4963 καὶ
2429 4911 2578 4984 ἕτερα
2630 4907 2690 4960 ἆν
2745 4907 2902 4960 πλείω
2955 4905 3010 4958 ἐκ
3057 4913 3156 4958 τῶν
3209 4907 3354 4980 ἱερῶν
3417 4903 3632 4956 Βιϐλίων
3671 4901 3899 4956 ἐπισυν-

2284 5003 2480 5075 αγάγῃ,
2549 5001 2643 5061 τὰς
2695 5006 2794 5051 τῶν
2848 4997 3126 5072 Ἀρμενίων
3175 4998 3401 5070 αἱρέσεις
3444 4998 3895 5071 καταστρέφοντα,

2281 5093 2372 5145 καὶ
2409 5092 2501 5154 τὰς
2527 5087 2810 5150 ἆντιθέσεες
2839 5087 3006 5142 αὐτῶν
3040 5083 3401 5160 διελέγχοντα.
