4136 6384
553 274 650 326 107
1890 259 2159 315 ΝΙΟΕΤΑΞ

2286 257 2572 321 [ΟΝΙΑΤΑεΣ
2848 318 2865 335 ,
3812 277 3919 332 {03

546 411 701 451 sum.
734 398 802 448 At
825 392 984 447 enim
1014 388 1294 446 homines
1310 392 1782 457 transgressores
1804 388 2083 441 dixerunt
2106 398 2179 436 m4

2315 384 2485 449 Ἵλεώς
2513 409 2623 459 μοι,
2661 395 2817 464 Κύριε
2845 411 2857 423 ·
2887 395 2954 444 σὺ
2979 388 3133 452 οἶδας
3152 393 3232 443 ὅτι
3257 394 3352 445 οὐκ
3384 391 3545 459 εἷπον,
3566 394 3691 450 οὖδὶ
3716 399 3918 473 ὑπερη-

547 484 629 539 ita
652 483 941 544 locutum,
976 484 1032 534 et
1057 494 1153 534 me
1183 477 1529 534 calumniati
1562 482 1719 537 sunt,
1766 476 1947 547 hique
2001 474 2061 527 in
2114 487 2175 527 er

2312 485 2451 544 φαντὶ)
2478 477 2606 530 εἶναι
2638 476 2823 541 δουλος
2854 500 2947 531 σου
2976 501 2987 513 ·
3021 479 3129 532 ἀλλ’
3156 483 3206 533 οἱ
3234 483 3499 555 ἅνθρωποι
3531 488 3580 537 οἱ
3608 487 3919 559 παραϐάται

544 587 678 628 rore
707 574 1043 627 versantur.
1100 565 1570 639 Responditque,
1626 565 1839 637 inquit,
1889 562 1969 617 illi
1998 564 2150 616 Deus

2311 563 2543 635 ἔγραψαν
2575 570 2650 619 ὅτι
2680 566 2819 621 εἷπον
2844 573 2929 620 τὸν
2962 569 3108 640 λόγον
3138 578 3340 637 τοῦτον,
3359 576 3449 624 καὶ
3479 571 3765 644 ἐψεύσαντο
3793 577 3916 629 κατ’

549 662 680 716 Scio
712 664 766 717 te
786 660 950 714 hunc
971 672 1315 713 sermonem
1349 672 1469 710 non
1519 671 1650 710 esse
1697 654 1984 707 locutum.
2042 650 2182 706 Alia

2312 660 2453 721 εμού,
2486 660 2577 707 καί
2604 657 2709 708 εἰσι
2735 658 3133 729 πεπλανημένοι.
3152 663 3252 711 Καὶ
3270 658 3546 733 ἀπεκρίθη,
3563 668 3743 735 φησιν,
3768 666 3917 737 αὐτῳ

546 764 666 821 que
694 747 887 804 multa
916 751 1326 803 monstrorum
1358 743 1594 805 similia,
1631 744 1876 813 risuque
1922 740 2109 810 digna
2138 739 2179 794 ir

2310 742 2335 791 6
2363 748 2491 805 Θεὸς
2522 764 2532 777 ·
2569 742 2709 798 Οἶδα
2735 748 2814 797 ὅτι
2848 746 2913 798 σύ
2944 747 3038 798 οὐκ
3068 748 3145 817 (4)
3175 748 3344 820 ἔλεγες
3390 753 3477 801 τὸν
3518 750 3665 822 λόγον
3707 762 3915 809 τοῦτον.

546 854 618 894 eo
647 837 802 894 libro
831 835 1121 902 scribens,
1148 834 1279 889 haec
1310 850 1346 889 a
1372 835 1491 889 Deo
1534 832 1613 887 ad
1667 847 1729 886 se
1776 829 2043 887 demissa
2072 827 2179 899 glo‘

2314 834 2413 883 Καὶ
2446 831 2575 886 ἄλλα
2598 834 2764 887 πολλὰ
2793 836 3142 909 τυρατολογῶν
3172 836 3221 889 ἐν
3252 846 3314 909 τῇ
3362 843 3579 913 τοιαύτῃ
3633 852 3914 918 συγ-γραφῇ

546 927 754 984 riatur.

2308 920 2531 988 γελωτος
2560 923 2700 995 ἄξια,
2736 933 2905 975 ταυτα
2932 928 3074 997 παρὰ
3118 933 3211 977 τοῦ
3251 934 3386 979 Θεοῦ
3417 927 3493 980 ἐπ’
3526 930 3681 981 αὐτὸν
3711 951 3919 985 κατενε-

2309 1010 2511 1078 χθῆναι
2533 1014 2863 1083 φρυάττεται.

621 1131 669 1181 3.
705 1124 888 1181 Nobis
919 1139 1059 1179 vero
1088 1119 1464 1183 rogantibus,
1484 1118 1802 1183 Quodnam
1825 1122 1913 1171 est
1936 1122 2197 1171 testimo—

2379 1118 2445 1186 γ’.
2476 1118 2646 1189 ὐμῶν
2680 1116 2737 1172 δὲ
2780 1120 3046 1191 λεγόντων,
3103 1128 3201 1174 Καὶ
3247 1128 3321 1183 τίς
3369 1122 3509 1175 ἐστιν
3558 1127 3583 1176 6
3636 1138 3919 1202 μαρτυρῶν

550 1216 714 1269 nium
747 1213 901 1269 datae
930 1212 1045 1283 ipsi
1078 1226 1113 1265 a
1148 1213 1264 1264 Deo
1298 1209 1603 1279 scripturae
1626 1210 1653 1262 ‘?
1682 1207 1770 1262 vel
1791 1206 1926 1278 quis
1950 1205 2183 1276 prophe

2311 1210 2390 1259 ὅτι
2443 1209 2584 1279 αὐτῴ
2632 1214 2838 1282 γραφὴν
2897 1207 3123 1262 δέδωκεν
3177 1214 3203 1261 6
3235 1217 3401 1277 Θεός;
3453 1214 3482 1272 ἡ
3516 1220 3593 1275 τίς
3645 1225 3744 1267 τὼν
3787 1238 3918 1290 προ-

549 1308 610 1357 ta
636 1302 799 1357 hunc
820 1305 1224 1354 surrecturum
1256 1297 1614 1368 prophetam
1666 1294 1938 1366 ιιι-πηλίκη
1964 1294 1989 1347 ‘?
2040 1294 2182 1347 insui

2312 1306 2481 1367 φητὼν
2509 1306 2747 1371 προεῖπεν
2777 1301 2853 1352 ὄτι
2901 1307 3135 1361 τοιοῦτος
3177 1300 3448 1353 ἀνίσταται
3476 1311 3747 1379 προφήτης
3775 1323 3790 1373 ;
3822 1313 3920 1359 xui

548 1406 775 1463 perque
806 1387 1162 1443 dicentibus.
1194 1388 1453 1455 Moysem
1490 1384 1549 1438 in
1612 1383 1750 1439 Sina
1794 1388 2016 1448 monte,
2067 1383 2181 1437 uni-

2311 1389 2513 1447 τούτοις
2570 1384 2721 1447 αὖθις
2778 1386 3115 1461 ἐπιφερόντων
3167 1392 3247 1442 ὅτι
3299 1393 3325 1441 6
3379 1400 3611 1455 Μωυσῆς
3660 1398 3796 1447 κατὰ
3853 1399 3918 1448 τὸ

548 1497 718 1534 verso
749 1481 1051 1550 spectante
1076 1475 1324 1546 populo,
1376 1476 1435 1529 in
1492 1473 1673 1537 nube,
1730 1474 1889 1539 igne,
1944 1473 2181 1526 tenebri:

2313 1481 2433 1526 Σινᾶ
2489 1480 2603 1546 ορος
2653 1476 2728 1528 ἐπ’
2781 1478 2897 1546 ἅψει
2943 1484 3135 1538 παντὸς
3189 1487 3279 1531 τοῦ
3331 1479 3457 1532 λαου
3508 1481 3558 1533 ἐν
3618 1484 3791 1556 νεφέλῃ
3824 1490 3920 1537 καὶ

548 1567 930 1641 procellaque
960 1570 1288 1635 apparente
1322 1566 1459 1625 Deo,
1487 1563 1681 1621 lenem
1705 1562 1997 1629 recepisse
2024 1580 2035 1626 ;
2071 1576 2178 1631 pro

2312 1570 2438 1638 πυρὶ
2482 1571 2570 1617 xui
2608 1571 2780 1637 γνόφῳ
2822 1572 2911 1618 καὶ
2957 1567 3137 1638 θυέλλῃ
3182 1574 3419 1639 φανέντος
3465 1579 3557 1622 τοῦ
3607 1580 3748 1624 Θεοῦ
3792 1570 3916 1626 ἑδέ-

546 1658 879 1730 phetasque
905 1669 1119 1709 omnes
1150 1668 1187 1707 a
1216 1654 1413 1722 Moyse
1443 1657 1501 1706 et
1541 1651 1827 1721 deinceps
1860 1649 1935 1703 de
1989 1650 2179 1704 Christ

2315 1652 2434 1714 ξατο
2493 1658 2578 1705 τον
2627 1660 2800 1725 νόμον,
2850 1660 2940 1707 xui
3001 1656 3080 1707 ὅτι
3137 1658 3324 1717 πάντες
3379 1660 3426 1709 οἱ
3484 1669 3751 1731 προφῆται
3808 1660 3918 1714 ἀπὸ

547 1746 809 1803 adventu
838 1741 1367 1806 vaticinatos,fore
1394 1740 1615 1795 scilicet
1656 1743 1718 1794 ut
1776 1741 1929 1793 Deus
1979 1740 2180 1809 Deiqut

2314 1746 2570 1801 Μωυσέως
2617 1749 2705 1795 καὶ
2744 1744 2966 1806 καθεξῆς
3010 1743 3284 1818 ἀρξάμενοι
3338 1753 3455 1818 μερὶ
3503 1756 3597 1809 τῆς
3637 1757 3730 1801 τοῦ
3784 1756 3917 1822 Χρι-

547 1834 725 1891 Filius
756 1835 1102 1889 incarnatus
1131 1830 1454 1887 adveniret.
1493 1829 1955 1893 cruciﬁgeretur,
2006 1844 2180 1882 more

2315 1840 2441 1880 στου
2496 1837 2790 1905 παρουσίας
2842 1838 3235 1907 προηγόρευσαν
3284 1836 3349 1894 ὡς
3379 1839 3510 1896 Θεὸς
3538 1838 3606 1887 ὢν
3640 1842 3731 1889 καὶ
3775 1845 3914 1889 Θεοῦ

546 1928 710 1983 retur
745 1927 925 1993 atque
950 1923 1306 1988 resurgeret,
1328 1933 1588 1988 eumque
1637 1917 1904 1987 judicent
1959 1933 2092 1971 esse
2123 1917 2178 1972 vi

2312 1922 2429 1979 Υιὸς
2482 1923 2831 1994 σαρκούμενος
2891 1922 3022 1989 ἣξει,
3080 1927 3171 1973 καὶ
3219 1927 3654 1998 σταυρωθὴσεται
3685 1932 3773 1978 καὶ
3822 1928 3914 1979 θα-

546 2029 763 2068 vorum
795 2027 865 2066 ac
906 2014 1281 2066 mortuorum
1309 2026 1321 2070 ;
1354 2023 1498 2062 mox
1524 2006 1723 2061 adhuc
1782 2005 1955 2060 nobis
2004 2005 2179 2060 dicere

2310 2012 2669 2066 νατωθὴσεται
2717 2016 2805 2063 καὶ
2857 2009 3235 2069 ἀναστήσεται.
3266 2018 3356 2064 καὶ
3405 2016 3487 2065 ὃτι
3532 2020 3714 2086 κριτὴς
3763 2012 3912 2078 οὗτος

550 2099 974 2174 pergentibus:
1009 2100 1123 2155 Cur
1151 2112 1275 2152 non
1294 2098 1379 2152 ita
1398 2097 1692 2167 propheta
1714 2101 1908 2149 vester
1934 2096 2177 2151 advenit

2312 2099 2513 2156 ζώντων
2563 2105 2652 2151 καὶ
2709 2108 2896 2172 νεκρῶν
2963 2100 3104 2152 ἐστιν
3149 2123 3161 2134 ·
3218 2100 3328 2154 εἶτα
3390 2106 3773 2178 προστιθέντων
3833 2108 3913 2158 ὅτι

547 2199 614 2248 ut
636 2191 830 2247 caeteri
884 2190 957 2243 de
1011 2205 1079 2242 eo
1114 2186 1305 2241 testati
1351 2194 1527 2241 antra
1578 2185 1827 2239 {vissent
1856 2186 1883 2239 ?
1928 2184 2029 2239 sed
2090 2201 2180 2239 nec

2311 2194 2426 2248 Πῶς
2465 2189 2567 2258 οὐχ
2613 2192 2777 2249 οὕτως
2816 2186 2964 2246 ἦλθεν
2996 2191 3021 2240 6
3060 2197 3326 2264 προφήτης
3372 2194 3538 2264 ὑμῶν,
3583 2193 3747 2245 ἄλλων
3775 2214 3911 2267 μαρ-

547 2280 833 2339 omnibus
895 2278 1066 2333 vobis
1137 2275 1540 2341 cernentibus,
1602 2281 1665 2329 ut
1716 2275 1919 2344 Moysi,
1971 2276 2180 2346 pepult

2308 2282 2598 2349 τυροὺντων
2624 2284 2741 2348 περὶ
2772 2278 2966 2343 αὐτού;
3002 2278 3107 2330 ἀλλ’
3141 2277 3263 2332 οὐδὲ
3310 2284 3515 2332 πάντων
3561 2284 3703 2354 ὑμῶν
3751 2284 3910 2356 ὁρών-

546 2376 763 2426 cuncto
796 2372 1126 2441 spectante,
1158 2369 1214 2421 et
1242 2364 1511 2420 fumante
1561 2372 1763 2419 monte
1816 2363 2009 2429 legem
2041 2364 2179 2417 Deus

2307 2386 2405 2417 των
2455 2368 2481 2418 ὀ
2539 2372 2689 2435 Θεὸς,
2746 2371 2814 2429 ὡς
2865 2376 2936 2438 τῷ
2987 2376 3199 2421 Μωυσεῖ
3250 2369 3529 2442 βλέποντος
3568 2376 3760 2433 παντὸς
3816 2380 3909 2425 τοῦ

542 2459 726 2523 dedit,
759 2455 1090 2515 Mobamedi
1111 2470 1354 2526 quoque
1378 2459 1638 2509 vestram
1663 2453 1821 2507 hanc
1843 2454 2175 2522 scripturam

2306 2455 2431 2507 λαοῦ
2485 2462 2574 2509 καὶ
2623 2458 3001 2529 καπνιζομένου
3054 2466 3146 2511 τοῦ
3185 2461 3335 2532 ὅρους
3386 2457 3587 2513 δέδωκε
3612 2465 3698 2513 τὸν
3722 2467 3904 2534 νόμον,

541 2548 968 2613 conti-editam,
1021 2550 1077 2601 ut
1119 2561 1227 2599 vos
1273 2559 1519 2615 quoque
1553 2542 1949 2597 fundamento
1993 2542 2174 2613 aliqut

2305 2547 2525 2615 κάκείνῳ
2572 2551 2665 2603 τὴν
2729 2552 2929 2620 γραφὴν
2999 2550 3059 2605 ἦν
3133 2567 3258 2618 φατε
3314 2553 3602 2622 παρέσχεν,
3663 2551 3746 2603 ἱνα
3818 2558 3909 2605 καὶ

541 2638 875 2696 niteremini
896 2638 923 2691 ἱ)
953 2635 1157 2700 Nobis,
1181 2633 1451 2704 inquam,
1484 2632 1564 2687 ita
1587 2631 1924 2687 dicentibus
1944 2639 2169 2699 Agaren

2305 2637 2446 2706 ὑμεῖς
2510 2639 2569 2687 τὸ
2637 2634 2849 2706 βέϐαιον
2888 2639 3047 2707 ἔχητε
3090 2655 3102 2701 ;
3160 2635 3528 2709 ἀποκρίνονται
3579 2640 3660 2691 ὅτι
3707 2640 3734 2691 6
3774 2645 3907 2703 Θεὸς

538 2726 928 2798 respondent,
959 2738 1363 2795 quaecumque
1410 2720 1550 2783 vult,
1605 2722 1789 2775 Deum
1832 2721 2045 2775 facere.
2094 2724 2168 2776 Re

2303 2727 2404 2777 ὅσα
2444 2725 2573 2776 θέλει
2629 2732 2783 2777 ποιεῖ.
2828 2730 3094 2795 Λεγόντων
3143 2722 3202 2777 δε
3252 2728 3398 2798 ἡμῶν
3453 2729 3534 2779 ὅτι
3590 2734 3755 2781 Τοῦτο
3813 2735 3903 2782 καὶ

540 2815 903 2889 plicantihus
970 2813 1191 2868 nobis:
1238 2811 1524 2882 Equidem
1579 2810 1639 2864 id
1700 2810 1888 2879 probe
1947 2811 2169 2865 scimus

2304 2818 2453 2887 ἡμεῖς
2507 2811 2741 2885 οἴδαμεν,
2801 2813 3168 2887 ἀποκρίνονται
3224 2817 3306 2868 ὅτι
3356 2815 3405 2868 ἐν
3473 2818 3580 2889 ὅσῳ
3634 2817 3899 2891 ἐκοιμᾶτο,

538 2908 868 2978 quaerimus
896 2908 1097 2959 tamen
1127 2902 1440 2971 quomodo
1473 2900 1765 2971 scriptura
1805 2900 1877 2955 ad
1935 2900 2164 2971 prophe

2301 2902 2492 2961 κατέϐη
2544 2906 2573 2962 ἡ
2631 2908 2806 2976 γραφὴ
2860 2903 3027 2955 ἐπάνω
3084 2904 3246 2957 αὐτοῦ
3280 2925 3293 2939 ο
3349 2910 3441 2958 καὶ
3482 2910 3552 2958 Τὸ
3604 2903 3901 2979 γελοιῶδες,

537 3003 664 3054 tam
687 3000 958 3050 vestrum
983 2991 1254 3046 venerit?
1303 2989 1688 3061 respondent,
1740 3006 1811 3044 eo
1861 2990 2170 3044 dormicnh

2300 2991 2510 3063 λέγομεν
2553 2996 2705 3066 ἡμεῖς
2760 2997 2891 3067 πρὸς
2943 2994 3149 3058 αὐτοὺς,
3212 2996 3313 3055 ὅτι,
3364 2991 3547 3053 ἐπειδὴ
3587 3001 3906 3068 κοιμώμενος

535 3088 898 3157 scripturam
928 3082 1186 3152 desuper
1211 3081 1263 3135 ei
1291 3081 1591 3136 traditam.
1626 3079 1801 3150 Atqui
1827 3079 1941 3134 hoc
1970 3078 2168 3133 ridicu

2302 3078 2514 3143 ἐδέξατο
2552 3085 2648 3140 τὴν
2691 3086 2918 3155 γραφὴν,
2960 3087 3049 3134 καὶ
3088 3082 3184 3134 οὐκ
3235 3085 3425 3155 ᾔσθετο
3481 3092 3571 3145 τῆς
3626 3083 3902 3156 ἆνεργείοις,

534 3175 663 3231 lum
684 3177 792 3243 est,
823 3169 1263 3243 respondemus
1297 3186 1310 3236 ;
1348 3173 1406 3225 et
1428 3169 1573 3240 quia
1602 3168 1908 3222 dormiens
1936 3166 2160 3237 scriptu

2300 3169 2372 3231 εἰς
2424 3170 2579 3222 αὑτὸν
2631 3168 2903 3241 ἐπληρώθη
2961 3175 3019 3221 τό
3085 3180 3175 3231 τῆς
3248 3168 3536 3243 δημώδους
3593 3179 3900 3246 παροιμίας.

534 3279 668 3321 ram
690 3262 927 3334 recepit,
943 3275 1139 3332 neque
1157 3260 1286 3325 eius
1310 3258 1392 3313 rei
1419 3273 1667 3312 sensum
1690 3255 1919 3319 habuit,
1936 3254 2162 3326 popula

2300 3259 2461 3311 Πάλιν
2520 3261 2550 3315 ἡ
2559 3267 2667 3331 μῶν
2739 3258 3060 3333 ἐρωτώντων,
3128 3266 3245 3321 Πῶς
3318 3261 3479 3313 αὐτοῦ
3550 3260 3902 3335 ἐντειλαμένου

534 3369 597 3411 re
608 3353 669 3410 in
686 3368 757 3408 eo
771 3349 1159 3424 proverbium
1174 3347 1540 3419 completum
1560 3345 1689 3401 fuit.
1704 3346 1972 3415 Cumque
1985 3344 2167 3400 denut

2298 3348 2418 3419 ὑμῖν
2449 3348 2499 3400 ἐν
2538 3356 2600 3419 τῇ
2634 3354 2807 3419 ’γραφῇ
2838 3350 2978 3419 ὑμῶν
3028 3345 3194 3420 μηδὲν
3221 3356 3385 3401 ποιεῖν
3426 3351 3455 3408 ἣ
3490 3346 3748 3423 δέχεσθαι
3778 3352 3900 3405 ἄνευ

533 3443 613 3501 ab
634 3442 706 3499 iis
730 3440 1123 3506 sciscitamur,
1156 3437 1272 3494 Cur
1292 3434 1641 3492 Mohamede
1663 3433 1829 3488 vobis
1861 3433 2042 3488 mand
2053 3439 2166 3489 anu

2296 3440 2592 3512 μαρτύρων,
2644 3437 2740 3490 οὐκ
2781 3440 2958 3489 εἴπατε
3010 3437 3150 3508 αὐτῷ
3189 3440 3272 3490 ὅτι
3320 3446 3530 3511 Πρῶτος
3579 3440 3732 3500 αὐτὸς
3771 3439 3898 3494 ἁπό-

533 3531 721 3589 inhac
740 3534 941 3586 vestra
958 3528 1271 3600 scriptura,
1298 3523 1523 3596 nequid
1541 3522 1773 3578 faciatis
1791 3527 1895 3578 aut
1914 3522 2166 3579 admitta

2299 3524 2466 3589 δειξον
2507 3523 2601 3579 διὰ
2638 3529 2916 3600 μαρτύρων
2955 3529 3020 3586 ὡς
3056 3532 3325 3599 προφήτης
3375 3524 3438 3596 εἶ,
3489 3534 3579 3580 καὶ
3619 3528 3721 3581 ἀπὸ
3761 3536 3897 3582 Θεοῦ

530 3622 607 3678 tis
627 3620 861 3691 absque
881 3617 1156 3684 testibus,
1171 3631 1299 3679 cur,
1317 3614 1591 3684 inquam,
1608 3627 1729 3667 non
1752 3612 1803 3666 ei
1826 3611 2092 3666 dixistis:
2120 3620 2161 3666 Α

2297 3616 2521 3677 ἐξῆλθες,
2562 3623 2651 3667 καὶ
2689 3621 2815 3667 ποία
2870 3621 3041 3689 γραφὴ
3102 3624 3359 3691 μαρτυρεῖ
3410 3623 3529 3692 περὶ
3588 3626 3730 3685 σοῦ;
3775 3637 3897 3671 σιω-

534 3716 598 3766 tu
618 3709 785 3782 prior
812 3707 1066 3763 testibus
1090 3702 1367 3776 approba
1390 3706 1445 3756 te
1466 3716 1602 3756 esse
1638 3700 2014 3772 prophetam,
2066 3708 2124 3757 et
2152 3718 2167 3757 ε

2299 3714 2463 3757 πώσιν
2506 3702 2828 3776 αἰδούμενοι.
2874 3710 3010 3776 Πρὸς
3049 3706 3136 3767 οὓς
3176 3706 3399 3777 εὐλόγως
3437 3710 3619 3777 φαμεν,
3678 3705 3894 3765 Ἐπειδὴ

535 3802 653 3854 Deo
680 3797 884 3853 venire
908 3797 935 3851 ?
960 3800 1018 3851 et
1046 3807 1329 3867 qumnam
1362 3790 1653 3861 scriptura
1678 3791 1752 3844 de
1785 3794 1836 3845 te
1896 3792 2168 3845 testetur‘.

2297 3802 2520 3864 γυναῖκα
2575 3802 2745 3865 γῆμαι
2799 3794 2893 3844 οὐκ
2962 3794 3159 3856 ἔξεστιν
3230 3796 3348 3846 οῐνευ
3415 3798 3709 3869 μαρτύρων,
3773 3794 3901 3848 οὐδὲ

531 3893 674 3943 tunc
702 3885 933 3959 pudore
965 3881 1177 3938 suﬂusi
1202 3880 1398 3935 silent.
1419 3883 1533 3934 Nos
1558 3882 1758 3935 autem
1780 3880 1914 3949 jure
1947 3878 2157 3933 merito

2300 3882 2593 3955 ἀγοράζειν,
2637 3881 2759 3935 οὐδὲ
2812 3885 3062 3957 χρᾶσθαι,
3104 3886 3221 3935 οὔτε
3261 3880 3320 3935 δῖε
3359 3886 3502 3955 ὑμεῖς
3554 3884 3703 3936 αὐτοὶ
3740 3905 3902 3938 κατα-

530 3994 649 4052 que
675 3978 790 4033 illis
816 3976 1077 4031 dicimus
1107 3990 1121 4029 :
1160 3970 1457 4038 Quoniam
1498 3986 1743 4026 uxorem
1772 3971 1992 4025 ducere
2022 3969 2163 4025 ham

2300 3969 2527 4044 δέχεσθε
2576 3976 2685 4024 ὄνον
2744 3974 2772 4030 ἡ
2830 3981 3008 4044 κτῇμα
3066 3971 3359 4046 ἀμάρτυρον
3415 3977 3557 4041 ὄντα,
3626 3972 3754 4025 ἀλλὰ
3810 3981 3904 4028 καὶ

530 4069 666 4125 licet
685 4068 919 4139 absque
946 4064 1225 4127 testibus,
1276 4076 1473 4131 neque
1502 4060 1774 4123 mercari,
1806 4075 2002 4130 neque
2031 4075 2161 4113 eme

2298 4070 2545 4131 γυναῖκας
2603 4067 2692 4113 καὶ
2732 4067 2976 4132 κτήματα
3028 4067 3116 4113 καὶ
3157 4064 3298 4121 ὄνους
3355 4066 3444 4113 καί
3501 4066 3569 4113 τὰ
3622 4064 3773 4113 λοιπὰ
3806 4059 3905 4117 διὰ

528 4174 615 4228 re,
636 4161 696 4211 et
724 4171 798 4210 ne
826 4154 1066 4210 asinum
1087 4151 1335 4223 quidem
1353 4154 1455 4204 aut
1472 4150 1767 4220 praedium
1791 4150 1918 4203 sine
1940 4148 2155 4203 testibu

2299 4154 2575 4222 μαρτύρων
2616 4153 2829 4221 κτᾶσθε,
2874 4158 3042 4209 κακῶς
3086 4148 3189 4221 οἶρα
3226 4156 3386 4222 μόνην
3445 4155 3536 4208 τὴν
3595 4155 3770 4202 πίστιν
3811 4157 3906 4205 καὶ

531 4244 883 4319 adquiritis;
920 4244 1025 4297 sed
1053 4256 1291 4305 uxores,
1320 4245 1376 4294 et
1400 4238 1647 4310 praedia,
1681 4242 1736 4294 et
1765 4236 1986 4302 asinos,
2015 4245 2071 4292 et
2100 4252 2161 4291 re

2300 4245 2393 4296 τὴν
2433 4245 2637 4313 γραφὴν
2688 4239 2986 4313 ἀμάρτυρον
3040 4241 3189 4309 ἔχετε
3222 4260 3234 4271 '
3291 4240 3316 4290 6
3365 4243 3465 4311 γὰρ
3525 4243 3718 4297 ταύτην
3778 4242 3905 4312 ὑμῖν

528 4338 715 4411 liqua,
746 4331 1147 4407 praesentibus
1173 4328 1426 4385 testibus
1458 4326 1721 4397 mancipi
1746 4326 1999 4394 habetis,
2034 4326 2161 4382 mali

2301 4326 2570 4402 παραδοὺς
2623 4326 2913 4399 οὐδαμόθεν
2953 4330 3067 4399 ἔχει
3106 4331 3164 4379 τὸ
3201 4327 3413 4400 βέϐαιον
3446 4350 3457 4360 ·
3502 4324 3627 4380 οὗδέ
3655 4348 3732 4390 ⁴ἰς
3764 4348 3906 4402 προ-

529 4424 798 4499 profecto
823 4421 1018 4477 solam
1045 4418 1227 4474 ﬁdem
1252 4422 1433 4488 atque
1454 4416 1818 4487 scripturam
1844 4415 2162 4470 intestatae

2262 4421 2498 4490 ιμάρτυς
2530 4419 2690 4470 αὐτοῦ
2747 4422 3077 4491 γνωρίζεται,
3124 4416 3250 4469 ἀλλά
3301 4423 3616 4489 κοιμώμενος
3674 4415 3895 4478 ἐδέξατο

528 4514 776 4574 tenetis:
813 4527 958 4570 nam
1012 4508 1118 4581 qui
1146 4507 1305 4563 hanc
1336 4505 1511 4561 vobis
1571 4504 1833 4573 tradidit,
1879 4520 2185 4577 nusquam
2297 4511 2512 4565 ταύτην,

526 4604 713 4660 habet
740 4599 1136 4657 ﬁrmitatem:
1191 4610 1390 4667 neque
1436 4593 1590 4649 ullus
1644 4593 1808 4649 testis
1859 4594 2184 4665 praecessit,

530 4692 639 4749 sed
660 4690 885 4747 librum
909 4686 1218 4744 dormiens
1251 4684 1634 4740 Mobamedes
1665 4684 1905 4757 recepit.

597 4784 655 4837 4.
686 4778 1006 4851 Appellant
1034 4790 1174 4832 vero
1204 4789 1316 4830 nos
1348 4773 1738 4839 associantes,
1772 4772 1914 4845 quia
1945 4776 2084 4839 Deo,
2119 4778 2186 4829 ut

2368 4771 2432 4825 δ’.
2472 4772 2703 4826 Καλοῦσι
2734 4768 2793 4823 δε
2832 4771 2958 4843 ἐμᾶς
2989 4772 3343 4844 ἐταιριαστὰς,
3379 4775 3479 4841 ὁτι,
3526 4778 3705 4845 φασιν,
3757 4773 3910 4827 ἑταῖ-

530 4871 719 4940 aiunt,
754 4867 989 4925 socium
1029 4863 1444 4935 adjungimus,
1494 4862 1642 4917 dum
1692 4863 1990 4919 Christum
2036 4863 2163 4919 dici

2294 4882 2381 4935 ρον
2431 4870 2502 4931 τῷ
2559 4869 2670 4931 Θεῷ
2726 4864 3127 4935 παρεισάγομεν,
3192 4861 3423 4933 λέγοντες
3470 4858 3599 4914 εἶναι
3654 4866 3738 4913 τὸν
3772 4870 3912 4937 Χρι-

527 4976 667 5018 mus
685 4958 790 5014 Dei
820 4956 1030 5013 Filium
1054 4970 1125 5011 ac
1148 4956 1357 5009 Deum.
1382 4952 1610 5016 Quibus
1632 4952 2095 5023 respondemus,
2121 4956 2160 5008 1(

2298 4955 2418 5002 στὸν
2466 4954 2581 5003 Υιὸν
2632 4957 2721 5003 τοῦ
2773 4958 2905 5003 Θεοῦ
2960 4956 3049 5003 xui
3082 4955 3229 5005 Θεὸν.
3264 4955 3401 5024 Πρὸς
3452 4951 3536 5012 οὓς
3582 4970 3763 5024 φαμεν,
3818 4955 3910 5005 ὅτι

528 5048 751 5107 scilicet
777 5062 817 5103 ο,
841 5044 1147 5117 Scriptura
1172 5057 1346 5098 sacra
1394 5041 1818 5114 prophetisque
1845 5041 2131 5097 traditum

2294 5045 2458 5091 Τοῦτο
2498 5042 2527 5096 ἡ
2596 5044 2733 5113 ραφὴ
2795 5044 2885 5090 καὶ
2944 5041 2993 5089 οἱ
3054 5046 3320 5113 προφῆται
3390 5036 3841 5112 παραδεδώκασιν
3890 5062 3905 5076 ·

531 5151 764 5210 vosque
811 5133 950 5207 ipsi,
1004 5137 1071 5189 ut
1133 5134 1291 5188 certe
1355 5129 1689 5193 afﬁrmatis.
1751 5130 2164 5203 prophetarun

2295 5130 2444 5201 ὑμεῖς
2483 5123 2563 5196 δὲ,
2601 5130 2671 5190 ὡς
2710 5125 3149 5201 διισχυρίζεσθε,
3183 5131 3305 5188 τοὺς
3341 5134 3609 5202 προφήτας
3649 5126 3903 5199 δέχεσθε.

530 5225 949 5283 auctoritatem
1012 5220 1347 5279 admittitis.
1388 5219 1447 5277 Si
1489 5235 1632 5291 ergo
1681 5235 1864 5292 prave
1920 5218 2163 5275 dicimu:

2293 5217 2357 5271 Εἰ
2392 5213 2481 5269 οὖν
2519 5225 2693 5279 κακῶς
2729 5216 2939 5289 λέγομεν
2980 5220 3065 5269 τὸν
3105 5220 3337 5289 Χριστὸν
3376 5220 3496 5269 Υίόν
3534 5223 3690 5286 Θεοῦ,
3722 5219 3907 5282 κακῶς

530 5314 832 5370 Christum
862 5312 964 5369 Dei
994 5311 1225 5375 Filium,
1257 5324 1445 5383 prave
1473 5309 1682 5381 utique
1709 5308 1795 5365 illi
1848 5308 2159 5364 docuerun

2293 5308 2399 5380 ἄρα
2428 5305 2613 5360 ἐκεῖνοι
2660 5302 2914 5369 ἐδίδαξαν
2970 5310 3061 5359 xui
3099 5302 3413 5378 παρέδωκαν
3440 5308 3587 5378 ἡμῖν.
3622 5311 3724 5360 Καὶ
3761 5311 3907 5371 τινες

600 5512 682 5583 (4)
710 5516 798 5569 Ita
817 5513 1119 5571 Choniataa
1139 5510 1331 5583 codex
1350 5507 1553 5566 denuo
1578 5524 1617 5565 a
1640 5523 1735 5563 me
1758 5507 2086 5576 inspectus.
2111 5508 2185 5563 At
2210 5508 2275 5566 in
2290 5504 2490 5577 Spicil.
2521 5507 2578 5561 et
2595 5508 2754 5560 retro
2783 5517 2845 5575 p.
2872 5505 2998 5570 349,
3022 5516 3080 5558 n.
3105 5504 3158 5568 4,
3179 5502 3470 5559 mendose
3492 5501 3686 5560 fuerat
3706 5504 3899 5560 omis-

534 5581 919 5655 sa‘p'articula
943 5584 1225 5656 negativa
1246 5581 1339 5633 οὐκ
1352 5623 1366 5636 .
