4136 6382
530 339 625 396 Hi

1877 307 2144 370 NlCET/E
2180 303 2551 367 ΟΒΟΝΙΑΤΑΞ

3796 305 3903 368 li!

526 456 885 519 Sedentibus
951 465 1095 522 ergo
1158 445 1292 513 illis,
1358 441 1442 501 ait
1493 437 1918 500 Mohamedes:
1981 432 2176 501 Zeide,

2299 434 2379 486 ἱνα
2427 433 2696 505 ἀπολύσῃς
2739 435 2832 491 τὴν
2875 430 3102 503 γυναῖκά
3141 447 3263 488 σου.
3301 428 3360 483 ’0
3399 426 3460 485 δι
3496 430 3720 486 ἀπίλυσε
3744 445 3761 465 '
3806 438 3902 488 καὶ

525 552 683 606 Deus
723 540 1038 603 mandavit
1076 536 1244 606 mihi,
1277 537 1344 591 ut
1389 546 1640 589 uxorem
1673 532 1842 586 tuam
1889 522 2178 581 dimittas.

522 643 597 696 At
636 637 731 695 ille
764 633 1039 709 protinus
1087 625 1332 685 dimisit.
1382 625 1523 679 Post
1570 634 1803 694 paucos
1842 629 1984 673 vero
2029 613 2182 679 dies,

522 744 731 785 rursus
761 725 843 782 ait
875 717 1260 780 Mohamedes
1293 733 1307 771 :
1355 712 1508 768 Deus
1560 705 1877 766 mandavit
1918 701 2085 774 mihi,
2119 705 2186 758 ut

522 831 798 884 uxorem,
839 826 1029 885 quam
1066 812 1131 864 tu
1183 801 1481 871 dimisisti,
1515 798 1663 855 mihi
1707 793 2029 867 accipiam.
2068 793 2186 846 Re-

525 877 894 980 spondit'ill‘e
925 918 938 956 :
986 899 1239 967 Legatus
1277 908 1363 958 es,
1411 886 1703 980 quicquid
1732 884 1837 941 tibi
1869 877 2188 938 mandavit

523 969 702 1063 ﬁcus,
759 990 1008 1049 conﬁce.
1064 988 1226 1043 Tunc
1272 981 1375 1038 illa
1429 979 1613 1036 ducta
1663 969 2066 1038 Mobamedes,
2126 972 2187 1025 et

523 1057 882 1147 mmcbatus,
895 1079 1053 1135 hanc
1069 1078 1282 1149 postea
1299 1071 1496 1141 legem
1515 1066 1666 1124 tulit:
1695 1076 1916 1135 nempe
1944 1066 2007 1115 ut
2022 1057 2185 1132 quis-

524 1175 663 1249 quis
714 1169 986 1233 voluerit,
1041 1146 1290 1221 uxorem
1339 1175 1516 1217 suam
1573 1156 1852 1212 dimittat.
1909 1147 2083 1217 Quod
2135 1146 2185 1203 si

521 1235 625 1322 illa
677 1266 815 1336 post
869 1255 1211 1330 repudium,
1272 1249 1351 1308 ad
1396 1249 1595 1305 virum
1644 1240 1853 1300 reverti
1906 1235 2180 1307 voluerit,

523 1325 710 1410 ducat
744 1350 895 1407 alius
937 1325 1251 1419 quispiam
1280 1357 1293 1395 :
1335 1353 1534 1411 neque
1565 1334 1729 1391 enim
1759 1349 1796 1388 a
1827 1329 2026 1404 priore
2054 1325 2184 1382 viro

522 1441 706 1514 recipi
735 1452 872 1495 eam
909 1435 1065 1498 licet,
1086 1412 1211 1487 ἰιίεὶ
1251 1428 1420 1502 prius
1463 1424 1628 1481 alteri
1668 1418 1959 1494 nupserit.
2011 1412 2185 1481 Quod

524 1531 574 1586 si
621 1503 802 1585 frater
848 1522 1151 1598 quispiam
1209 1516 1505 1590 repudiet,
1572 1512 1757 1568 ducat
1815 1523 1951 1565 eam
2002 1503 2187 1560 frater

519 1619 678 1675 illius
722 1616 771 1672 si
818 1592 1090 1670 voluerit.
1134 1612 1198 1666 In
1242 1605 1458 1663 eodem
1504 1606 1707 1659 autem
1750 1592 2012 1670 capitulo
2055 1592 2187 1648 haec

2292 523 2408 595 μεθ’
2465 525 2659 598 ἡμέρας
2704 522 2850 583 τινάς
2904 539 3064 594 φησιν
3093 538 3106 554 ο
3169 524 3230 571 Ὀ
3288 523 3408 582 Θεὸς
3465 519 3742 577 ἐνετείλατό
3804 541 3900 597 μοι.

2293 616 2387 670 τὴν
2443 618 2669 684 γυναῖκα
2726 611 2787 669 ἢν
2837 612 2905 664 σύ
2961 607 3220 670 ἀπέλυσας
3274 607 3467 665 λαϐεῖν.
3529 611 3587 663 Ὀ
3645 607 3705 666 δε
3757 615 3849 685 ἔφη
3879 633 3897 647 ·

2293 700 2611 763 ’Λπόστολος
2651 696 2731 753 εἶ·
2775 704 2997 758 ποίησον
3045 700 3145 752 ὅσα
3182 699 3209 751 ὁ
3255 702 3384 761 Θεὸς
3426 697 3726 757 ἐνετείλατο.
3768 698 3902 756 Εἶτα

2290 788 2459 843 λαϐὼν
2512 795 2603 843 καὶ
2656 790 2951 862 μοιχεύσας
2990 787 3174 855 αὐτὴν,
3226 795 3462 841 τοιοῦτον
3513 790 3666 848 ἔθηκε
3697 794 3851 862 νόμον
3878 812 3893 825 ·

2290 878 2350 931 Ὀ
2399 878 2709 952 βουλόμενος
2772 876 3038 930 ἀπολυέτω
3097 882 3191 935 τὴν
3255 885 3482 949 γυναῖκα
3541 879 3702 932 αὐτοῦ
3727 846 3766 911 ⁸.
3808 879 3898 933 ίαν

2294 964 2354 1021 δε
2386 969 2518 1040 μετὰ
2554 970 2614 1020 τὸ
2664 965 3008 1033 ἀπολυθῆναι,
3053 968 3185 1039 πρὸς
3230 966 3386 1019 αὐτὸν
3427 965 3751 1043 ἀναστρεψη,
3798 989 3899 1041 γα-

2291 1059 2451 1129 μείτω
2490 1056 2652 1114 αὐτὴν
2696 1057 2856 1131 ἕτερός
2905 1073 3022 1117 τιςο
3069 1058 3128 1108 οὐ
3166 1057 3267 1129 γὰρ
3307 1055 3475 1118 ἔξεστι
3509 1056 3683 1111 λαϐεῖν
3711 1058 3898 1127 αὐτὴν,

2292 1145 2336 1197 εἰ
2374 1149 2445 1217 μὴ
2495 1146 2708 1218 γαμηθῇ
2751 1144 2836 1217 ὑφ’
2868 1144 3064 1217 ἑτέρου.
3118 1143 3234 1197 Ἐὰν
3278 1139 3338 1196 δὶ
3376 1150 3466 1198 καὶ
3501 1142 3718 1218 ἀδελγός
3764 1145 3900 1200 ἀπο-

2290 1233 2447 1307 λύσῃ,
2479 1238 2713 1306 γαμείτω
2740 1234 2902 1292 αὐτὴν
2941 1233 2968 1286 ὁ
3006 1231 3224 1305 ἁδελφὸς
3266 1233 3429 1286 αύτού
3470 1234 3498 1287 ὁ
3546 1233 3858 1309 βουλόμενος
3881 1257 3898 1271 ·

2293 1322 2375 1376 Ἐν
2428 1322 2557 1395 αύτῇ
2616 1319 2676 1375 δε
2730 1330 2791 1395 τῇ
2842 1329 3017 1396 γραφῇ
3067 1329 3288 1375 τοιαῦτα
3324 1324 3665 1398 παραγγέλλει
3697 1338 3712 1356 ⁸
3766 1324 3901 1399 ’Ἐρ-

2290 1430 2456 1483 γασαι
2502 1416 2596 1470 τὴν
2642 1418 2742 1482 γῆν
2793 1410 2855 1470 ἣν
2903 1412 3054 1469 ἔθηκε
3111 1429 3195 1464 σοι
3233 1413 3260 1465 ὁ
3301 1415 3453 1482 Θεὸς,
3481 1418 3572 1466 καὶ
3611 1413 3904 1488 φιλοκαλη-

2295 1519 2386 1553 σον
2426 1501 2611 1570 αὐτὴν,
2660 1506 2751 1554 καὶ
2797 1497 2920 1554 τοδε
2966 1506 3211 1569 ποίησον,
3248 1507 3338 1555 καὶ
3380 1499 3643 1558 τοιῶσδε·
3691 1506 3775 1559 ἵνα
3820 1510 3898 1579 μή

2291 1592 2462 1642 πάντα
2485 1589 2639 1662 λέγω,
2671 1593 2739 1651 ὡς
2760 1589 2967 1657 ἐκεῖνος,
2991 1591 3226 1666 αἰσχροὶ.

521 1720 767 1783 quoque
794 1701 1007 1760 suadet
1036 1718 1048 1756 :
1078 1709 1332 1771 operare
1360 1699 1584 1783 terram
1614 1704 1802 1783 quam
1833 1685 1941 1743 tibi
1970 1685 2125 1738 Deus
2152 1676 2337 1749 dedit,
2364 1684 2423 1735 et
2463 1678 2741 1737 deliciare
2777 1679 2838 1736 in
2869 1695 2965 1747 ea,
2996 1685 3054 1738 et
3100 1680 3217 1738 hoc
3263 1695 3336 1738 ac
3377 1680 3480 1739 tali
3517 1681 3704 1741 modo
3759 1698 3902 1758 age,

522 1777 862 1855 dolo—enim
894 1794 1110 1846 caetera
1148 1784 1366 1857 turpia,
1398 1780 1600 1848 utille,
1622 1777 1813 1851 loqui.

593 1890 647 1940 7.
676 1886 901 1939 Rursus
930 1876 1093 1935 aliud
1121 1856 1452 1946 capitulum
1482 1866 1824 1925 inscribitur
1842 1862 1919 1920 de
1949 1856 2180 1917 camelo
2212 1857 2252 1913 B

524 1974 656 2040 Dei;
680 1972 741 2028 in
759 1985 882 2044 quo
894 1966 1060 2038 dixit,
1083 1963 1374 2020 exstitisse
1386 1976 1420 2017 a
1434 1962 1553 2015 Deo
1570 1954 1868 2013 camelum
1890 1949 2181 2008 feminam

523 2038 662 2137 quas
716 2038 1020 2128 integrum
1066 2052 1252 2111 ebibit
1303 2050 1552 2119 ﬂumen,
1612 2043 1964 2115 transiitque
2027 2038 2183 2095 inter

524 2130 680 2209 duos
704 2152 1053 2217 montes,ne
1073 2137 1705 2214 comprehenderetur.
1732 2130 1991 2205 Populos
2013 2141 2178 2196 vero,

526 2239 741 2312 inquit,
769 2238 831 2292 in
873 2214 1007 2291 loco
1050 2235 1194 2295 erat,
1227 2228 1334 2302 qui
1378 2226 1576 2301 priore
1609 2223 1708 2279 die
1751 2234 1977 2293 aquam
2008 2214 2180 2283 bibit,

525 2304 768 2402 postera
788 2328 991 2382 autem
1007 2318 1301 2378 camelus:
1324 2332 1461 2389 quae
1484 2329 1647 2386 aqua
1660 2314 1866 2384 potata
1887 2304 2182 2380 populum

530 2400 692 2486 aluit,
737 2415 831 2471 lac
874 2426 983 2485 pro
1021 2424 1183 2483 aqua
1226 2405 1522 2479 praebens.
1566 2400 1683 2459 Sed
1727 2400 1888 2454 enim
1937 2408 2183 2473 consur-

531 2509 739 2577 gentes
761 2502 870 2559 viri
900 2500 982 2557 illi
1006 2496 1289 2570 improbi,
1322 2491 1626 2550 camelum
1646 2487 2013 2546 occiderunt.
2048 2485 2186 2538 Erat

532 2576 735 2652 autem
783 2592 966 2662 hujus
1012 2585 1232 2660 pullus,
1264 2597 1454 2657 parva
1492 2578 1780 2644 camelus,
1811 2591 1948 2649 qum
1994 2576 2186 2629 matre

533 2658 916 2754 interempta,
949 2658 1033 2735 ad
1056 2678 1244 2733 Deum
1283 2686 1491 2728 vocem
1520 2667 1747 2735 extulit,
1775 2664 1881 2738 qui
1911 2663 2076 2718 illam
2109 2658 2189 2717 ad

537 2786 602 2830 se
634 2750 875 2843 recepit.
921 2771 1038 2824 Nos
1086 2765 1289 2836 itaque
1335 2758 1623 2829 Agarenis
1661 2754 1956 2812 dicimus:
2002 2750 2192 2807 Unde-

536 2878 682 2919 nam
710 2838 977 2917 camelus
1002 2855 1105 2912 illa
1134 2855 1162 2910 7
1212 2851 1460 2908 Dicunt:
1495 2856 1541 2902 A
1575 2849 1721 2902 Deo.
1766 2842 2070 2913 Pergimus
2100 2838 2191 2895 di-

539 2967 673 3008 cere
713 2969 727 3006 :
770 2952 922 3006 Num
977 2942 1220 3001 alterius
1259 2936 1473 2996 cameli
1535 2935 1815 2991 societate
1871 2948 1987 2988 usa
2040 2934 2129 2987 est
2167 2929 2195 2985 ?

540 3043 791 3110 Negant.
825 3032 1143 3103 Quomodo
1180 3029 1379 3100 igitur,
1411 3024 1739 3098 inquimus,
1791 3020 2024 3095 peperit
2052 3019 2080 3074 ?
2118 3018 2199 3074 vi-

542 3109 760 3187 demus
811 3124 973 3181 enim
1015 3120 1174 3178 hanc
1216 3115 1516 3174 camelum
1544 3116 1808 3169 vestram
1847 3109 1975 3165 sine
2010 3111 2199 3180 patre,

2299 1945 2311 1962 ν
2366 1856 2427 1962 ζὲ
2458 1856 2816 1962 numam?
2866 1861 3041 1933 γραφὴ
3095 1859 3126 1917 ἡ
3176 1865 3274 1921 τῆς
3315 1859 3554 1933 καμήλου
3594 1869 3690 1915 τοῦ
3737 1869 3903 1927 Θεοῦ,

2292 1945 2341 1999 iv
2458 1946 2594 2019 λέγει
2642 1948 2723 2000 ὅτι
2771 1942 2834 2006 ἦν
2873 1945 3102 2020 κάμηλος
3143 1946 3214 2000 ’ἐκ
3255 1955 3408 2016 Θεοῦ,
3441 1955 3530 2004 καὶ
3578 1954 3743 2006 ἔπινεν
3782 1951 3906 2004 ὅλον

2290 2039 2378 2089 τὸν
2409 2039 2664 2109 ποταμὸν,
2692 2040 2782 2089 καὶ
2833 2032 3092 2110 διήρχετο
3131 2037 3326 2109 μεταξύ
3373 2035 3472 2092 δύο
3509 2040 3666 2116 ὁρίων
3695 2041 3773 2112 (6)
3804 2036 3910 2093 διὰ

2290 2129 2349 2178 τὸ
2393 2129 2465 2198 μὴ
2515 2126 2835 2201 χωρεῖσθαι.
2882 2128 3020 2187 Λαός
3064 2125 3142 2193 δε,
3185 2132 3364 2199 φησιν,
3416 2124 3479 2186 ἦν
3521 2126 3572 2181 ἐν
3612 2135 3686 2201 τῷ
3733 2133 3910 2201 τόπῳ,

2291 2220 2381 2267 καὶ
2423 2219 2517 2273 τὴν
2551 2219 2674 2287 μίαν
2722 2215 2918 2287 ἠμραν
2967 2213 3122 2277 αὐτὸς
3160 2217 3299 2269 ἔπινε
3335 2219 3394 2269 τὸ
3425 2214 3570 2291 ὕδωρ
3597 2239 3611 2252 ο
3652 2185 3683 2277 ἒ,
3718 2215 3778 2272 δε
3805 2185 3911 2273 διὲξζ

2292 2303 2455 2378 μηλος
2484 2312 2547 2376 τῇ
2593 2303 2705 2367 ἑξῆς
2729 2324 2742 2338 ·
2783 2308 3011 2356 πίνουσα
3049 2300 3109 2357 δε
3146 2308 3205 2357 τὸ
3240 2301 3407 2379 ὕδωρ,
3449 2308 3649 2382 ἔτρεφεν
3682 2308 3906 2379 αύτούς,

2291 2395 2429 2465 γάλα
2478 2396 2812 2468 παρεχομένη
2868 2391 2982 2445 ἀντὶ
3033 2400 3126 2445 τού
3173 2390 3388 2455 ύδατος.
3437 2395 3755 2455 Ἀνέστησαν
3805 2393 3905 2449 οὖν

2295 2501 2345 2535 οι
2390 2477 2573 2556 ἄνδρες
2620 2480 2802 2534 ἐκεῖνοι
2858 2485 3078 2554 πονηροὶ
3119 2485 3274 2544 ὄντες,
3322 2487 3412 2536 καὶ
3458 2481 3756 2537 ἀπέκτειναν
3798 2489 3904 2544 τὴν

2295 2570 2547 2644 κάμηλον.
2589 2573 2697 2632 Τῆς
2764 2566 2823 2622 δε
2873 2573 3100 2642 γέννημα
3163 2572 3375 2644 ὑπῆρχε
3425 2574 3590 2645 μικρὰ
3644 2573 3906 2645 κάμηλος,

2300 2664 2436 2728 ἣτις,
2498 2665 2650 2732 φησὶ,
2705 2667 2795 2720 τῆς
2851 2663 3046 2731 μητρὸς
3103 2659 3459 2733 ἀναιρεθείσης
3525 2661 3708 2721 ἐϐόησε
3772 2667 3911 2737 πρὸς

2300 2755 2387 2803 τὸν
2433 2753 2599 2803 Θεόνε
2645 2753 2734 2801 καὶ
2790 2746 2962 2801 ﬂagra
3012 2747 3176 2807 αύτὴν
3212 2752 3342 2823 πρὸς
3397 2748 3597 2806 ἑαυτὸν.
3637 2755 3774 2826 Πρὸς
3820 2752 3918 2815 οὓς

2305 2858 2465 2913 φαμεν
2499 2859 2511 2872 ·
2570 2838 2730 2891 Πόθεν
2777 2838 2808 2896 ἡ
2859 2837 3088 2910 κάμηλος
3123 2836 3333 2905 ἐκείνης
3381 2843 3483 2892 Καὶ
3534 2839 3774 2912 λέγουσιν
3827 2844 3917 2896 ὅτι

2307 2928 2361 2980 ἐκ
2404 2935 2495 2980 τοῦ
2543 2934 2700 2984 Θεοῦ,
2761 2930 2862 2980 Καὶ
2919 2945 3117 2999 φαμεν·
3178 2926 3531 2988 Συνεϐιϐάσθη
3597 2930 3724 2999 αὐτῇ
3779 2931 3917 2993 ἄλλη

2308 3015 2572 3088 xciet)“;
2621 3018 2719 3070 Καὶ
2750 3014 3014 3087 λέγουσιν,
3050 3016 3149 3070 Οὔ.
3201 3017 3361 3068 Πόθεν
3408 3016 3516 3084 οὖν,
3563 2989 3747 3091 φαμὲξι,
3777 3019 3925 3092 ἐγέν.

2308 3124 2508 3173 νησεν;
2566 3107 2762 3179 ὁρῶμεν
2795 3108 2897 3178 γὰρ
2946 3106 3143 3162 ταύτην
3189 3109 3284 3163 τὴν
3325 3105 3558 3179 κάμηλον
3602 3110 3743 3181 ὑμῶν
3783 3108 3927 3163 ἀποε-

551 3220 680 3276 sine
697 3218 908 3284 matre,
921 3212 1048 3267 sine
1069 3205 1442 3280 genealogia.
1465 3202 1580 3259 Sed
1598 3205 1926 3274 postquam
1947 3195 2191 3269 peperit,

2311 3212 2458 3270 τορα,
2510 3192 2772 3268 ἀμητορα,
2820 3191 3242 3264 ἀγενεαλόγητον.
3286 3199 3590 3255 Γεννησασα
3627 3193 3708 3263 δὲ,
3753 3202 3927 3252 κακὸν

551 3306 710 3366 male
747 3318 932 3378 passa
971 3302 1076 3368 est,
1106 3310 1307 3368 neque
1346 3296 1599 3367 apparet
1633 3289 1770 3363 quis
1807 3287 1860 3343 ei
1888 3286 2013 3342 vim
2050 3284 2203 3341 intu-

548 3397 699 3455 lerit.
743 3374 814 3450 Ᾰι
849 3405 1040 3465 parva
1067 3385 1301 3445 camela
1331 3382 1570 3439 sublata
1598 3379 1727 3436 fuit.
1770 3379 1972 3432 Vester
1998 3374 2203 3447 itaque

546 3463 972 3563 propheta,cui
986 3480 1233 3548 Deus,ut
1245 3474 1459 3540 dicitis,
1473 3469 1825 3533 estlocutus,
1840 3481 1947 3522 cur
1959 3463 2205 3520 nescivit

549 3553 804 3636 ubinam
840 3586 1031 3645 parva
1066 3565 1309 3625 camela
1344 3565 1627 3636 pascatur
1650 3559 1679 3616 ?
1720 3560 1779 3613 et
1812 3555 2065 3629 quinam
2107 3553 2202 3610 lac

549 3668 683 3740 ejus
701 3661 1039 3733 mulgentes
1059 3656 1402 3714 nutriantur
1420 3651 1449 3708 ?
1468 3653 1527 3707 et
1550 3663 1629 3705 an
1648 3647 1781 3719 ipsa
1804 3645 2007 3715 etiam,
2028 3658 2202 3716 asque

551 3774 625 3816 ac
662 3732 874 3826 mater,
903 3748 1066 3807 malo
1108 3746 1314 3819 aliquo
1351 3756 1502 3798 casu
1547 3738 1875 3809 intercepta
1913 3732 2202 3807 perierit?

547 3846 646 3905 vel
680 3824 881 3919 potius
912 3840 976 3897 in
1003 3834 1357 3912 paradisum
1396 3828 1574 3887 vobis
1611 3840 1987 3901 praecurrens
2015 3824 2202 3880 intro-

547 3916 718 3995 ierit}
740 3943 948 4005 exquo
964 3926 1133 3984 lactis
1157 3922 1386 3980 ﬂumen
1403 3916 1583 3976 vobis
1605 3917 1993 3973 manaturum
2012 3926 2202 3984 nuga-

545 4023 714 4084 mini.
742 3999 876 4079 Tria
890 4017 1118 4091 quippe
1137 4011 1394 4068 ﬂumina
1408 4008 1473 4066 in
1501 4004 1766 4079 capitulo
1784 4006 2001 4074 vestro,
2035 3999 2202 4075 quod

546 4110 893 4172 inscribitur
920 4106 995 4163 de
1026 4100 1332 4178 paradiso,
1359 4097 1546 4154 ﬂuere
1581 4093 1776 4151 dicitis
1823 4108 2004 4164 aqua,
2036 4091 2199 4146 vino.

547 4207 605 4262 et
630 4203 804 4260 lacte.
838 4197 897 4256 Si
924 4210 1067 4266 ergo
1093 4196 1261 4249 extra
1292 4185 1653 4262 paradisum
1682 4186 1771 4239 est
1806 4180 2204 4255 praecursoria

544 4295 745 4351 vestra
772 4284 1063 4355 camelus,
1094 4297 1166 4338 ea
1191 4277 1440 4353 quidem
1468 4274 1630 4332 fame
1657 4287 1728 4329 ac
1759 4271 1852 4328 siti
1884 4269 2073 4343 periit,
2110 4269 2202 4323 vel

544 4382 644 4442 alii
705 4379 862 4437 lacte
917 4374 1047 4446 ejus
1107 4370 1406 4427 fruuntur.
1476 4366 1840 4434 Frustraque
1904 4357 2202 4432 propheta

541 4475 738 4529 vester
766 4465 1055 4539 gloriatur
1077 4475 1217 4517 cum
1245 4460 1367 4514 Deo
1388 4450 1670 4526 colloqui,
1697 4446 2195 4522 quandoquidem

2312 3286 2486 3351 ἔπαθε,
2528 3288 2618 3336 καὶ
2647 3279 2824 3336 οὐδεὸ
2866 3280 3189 3354 βιασάμενος
3235 3288 3489 3355 φαίνεται.
3537 3285 3595 3340 Ἠ
3649 3284 3710 3340 δε
3747 3292 3927 3361 μικρὰ

2310 3371 2539 3445 κάμηλος
2610 3369 2893 3444 ἀνελήφθη.
2974 3370 3034 3423 Ὀ
3108 3371 3196 3425 οὖν
3242 3340 3539 3445 ,προφήτης
3612 3340 3776 3449 ύμῶύ,

2309 3464 2483 3525 καθὼς
2519 3461 2707 3533 λέγετε,
2748 3434 2991 3519 ἐλάλησεν
3025 3461 3052 3513 ὁ
3105 3463 3257 3531 Θεὸς,
3288 3434 3400 3539 ια
3444 3468 3495 3516 τί
3526 3434 3659 3539 περί
3828 3434 3925 3541 pte:

2307 3558 2437 3627 κρᾶς
2474 3549 2710 3625 καμήλου
2750 3549 2844 3603 ούκ
2885 3550 3042 3623 ἔμαθε
3085 3556 3187 3604 πού
3227 3548 3502 3623 βόσκεται,
3531 3559 3622 3607 καὶ
3662 3559 3791 3617 τίνες
3837 3563 3917 3609 τῶ

2307 3640 2531 3713 γαλακτι
2584 3642 2856 3713 τρέφονται
2910 3637 3075 3698 αὐτὴν
3131 3636 3482 3712 ἁμελγοντες;
3538 3642 3568 3702 ἣ
3620 3648 3708 3697 καὶ
3775 3612 3911 3706 ἆοτῆ

2308 3735 2507 3805 μήποτε
2551 3736 2656 3790 τοῖς
2708 3735 2890 3791 κακοῖς
2944 3729 3015 3791 ὡς
3070 3729 3101 3787 ἡ
3156 3729 3333 3805 μήτηρ
3371 3740 3743 3806 περιτυχοῦσα
3789 3733 3921 3806 ἀνη-

2308 3823 2430 3895 ρέθη
2466 3836 2479 3888 ;
2520 3820 2550 3879 ἣ
2592 3817 2641 3872 ἐν
2679 3826 2751 3890 τῷ
2779 3814 3089 3893 παραδείσῳ
3118 3796 3602 3893 πρόδρομοςύμοίν
3627 3796 3916 3893 timeri;

2310 3911 2397 3985 ἀφ’
2453 3912 2514 3972 ἧς
2563 3910 2590 3962 ὁ
2640 3910 2872 3981 ποταμὸς
2909 3907 3031 3980 ύμῖν
3075 3908 3225 3959 ἔσται
3269 3914 3364 3961 τοῦ
3411 3909 3682 3981 ﬁlum-ro;
3723 3912 3777 3965 ὃν
3815 3913 3918 3973 λη-

2309 4008 2483 4075 ρεῖτε·
2543 4006 2682 4076 τρεῖς
2735 3999 2838 4071 γὰρ
2886 3999 3114 4069 ποταμοὶ
3177 3994 3228 4048 ἐν
3279 4004 3342 4070 τῇ
3396 4006 3571 4072 γραφῇ
3622 4001 3785 4073 ὑμῶν,
3847 4012 3914 4076 τῇ

2310 4094 2426 4165 περὶ
2472 4096 2563 4142 τοῦ
2613 4083 2965 4160 παραδείσου,
3009 4087 3135 4157 φατε
3178 4085 3310 4159 ῥέειν
3357 4082 3573 4155 ύδατος,
3614 4062 3776 4161 οίνου,
3822 4062 3921 4147 nali

2308 4178 2588 4252 γάλακτος.
2633 4176 2694 4230 Εἰ
2740 4177 2830 4247 μεν
2878 4169 2966 4226 οὖν
3019 4171 3163 4236 ἐκτὸς
3210 4172 3323 4228 ἐστι
3369 4182 3462 4229 τοῦ
3503 4175 3835 4254 παραδείσου
3881 4183 3914 4241 ἦ

2309 4264 2609 4342 πρόδρομος
2639 4266 2781 4338 ὑμῶν
2819 4262 3070 4336 κάμηλος,
3113 4262 3367 4338 ἐξηράνθη
3422 4270 3572 4341 πείνη
3612 4272 3704 4320 καὶ
3749 4265 3916 4342 δίψῃ,

2308 4359 2340 4418 ἦ
2369 4357 2515 4410 ἄλλοι
2551 4363 2643 4409 τοῦ
2679 4353 2934 4426 γάλακτος
2972 4351 3132 4406 αύτού
3186 4331 3557 4412 ἀπολαύουσι..
3581 4360 3682 4411 Καὶ
3737 4331 3916 4431 μάτην

2307 4449 2333 4500 ὁ
2378 4450 2646 4522 προφήτης
2697 4444 2841 4516 ὑμῶν
2888 4444 3204 4516 φρυάττεται
3242 4445 3308 4504 ὡς
3353 4443 3614 4516 ὁμιλήσας
3652 4453 3804 4518 Θεῷ·
3849 4449 3915 4502 οὗ

542 4529 1142 4630 οᾶωθιὶνωγδῐθιιὶυω
1170 4562 1296 4604 non
1325 4544 1435 4601 fuit
1472 4542 1527 4599 ei
1557 4539 1907 4598 revelatum.
1941 4536 2115 4604 Quod
2142 4537 2191 4594 si

2304 4541 2405 4613 γὰρ
2460 4539 2519 4590 τὸ
2558 4538 2851 4609 μυστήριον
2903 4530 3041 4603 αὐτῷ
3105 4529 3442 4604 ἀπεκαλύφθη
3505 4542 3597 4596 τῆς
3645 4536 3910 4610 καμήλου,

540 4650 690 4708 forte
719 4647 782 4704 in
811 4627 1097 4718 paradiso
1121 4640 1229 4708 est,
1251 4648 1466 4691 rursus
1498 4644 1723 4703 aquam
1766 4627 1937 4695 bibit,
1959 4641 2194 4699 vosque

539 4754 715 4814 aqua;
737 4717 1010 4810 paenuria
1037 4724 1303 4785 arescitis
1330 4723 1391 4779 in
1422 4720 1624 4778 medio
1640 4717 1990 4776 deliciarum
2018 4732 2194 4790 para-

538 4807 759 4899 (1ίῇοἶ
793 4835 1021 4896 aquam
1052 4833 1126 4874 ex
1155 4830 1277 4873 non
1306 4814 1654 4870 transeunte
1684 4807 1899 4882 cupitis
1939 4812 2187 4881 potare;

535 4895 690 4976 bibit
716 4895 878 4971 enim
906 4913 1096 4966 totam
1127 4902 1418 4962 camelus.
1456 4901 1610 4972 Ergo
1649 4913 1884 4955 merum
1912 4895 2189 4954 bibentes

533 5021 726 5063 venas
753 4994 1228 5060 inﬂammabitis,
1251 4988 1521 5049 ebrietati
1548 4992 1605 5046 et
1649 5002 1888 5044 sommo
1920 4985 2188 5056 indulge-

535 5095 673 5153 bitis
697 5109 711 5149 :
743 5087 1067 5163 gravedine
1088 5087 1290 5139 autem
1309 5079 1679 5148 laborantes,
1700 5089 2035 5149 rursusque
2055 5079 2193 5149 post

534 5196 820 5240 somnum
833 5173 1216 5249 crapulantes
1233 5171 1397 5240 vino,
1408 5167 1680 5243 paradisi
1692 5165 2072 5239 voluptatum
2086 5165 2191 5222 ob-

531 5265 911 5328 liviscemini.
947 5267 1062 5322 Cur
1090 5262 1294 5335 itaque
1336 5258 1634 5333 propheta
1673 5261 1868 5313 vester
1895 5269 2020 5312 non
2051 5257 2189 5312 ante

533 5357 831 5432 cogitavit,
862 5369 938 5412 ne
967 5351 1116 5427 quid
1143 5347 1494 5423 hujusmodi
1520 5347 1584 5405 in
1612 5345 1966 5405 deliciarum
2010 5358 2188 5419 para-

2303 4626 2367 4683 Εἰ
2407 4623 2467 4680 δὲ
2497 4624 2546 4679 ἐν
2593 4631 2664 4696 τῷ
2708 4617 3019 4699 παραδείσῳ
3058 4619 3194 4684 ἐστὶ,
3244 4620 3399 4674 πάλιν
3437 4628 3575 4677 πίνει
3620 4629 3678 4679 τὸ
3717 4622 3866 4702 ὕδωρ
3895 4648 3912 4664 ο

2301 4720 2392 4769 καὶ
2433 4717 2582 4789 ὑμεῖς
2629 4707 2857 4788 ἀνυδρίᾳ
2908 4709 3213 4785 ξηραίνεσθε
3250 4707 3299 4762 ἓν
3350 4714 3495 4784 μέσῳ
3559 4720 3655 4778 τῆς
3704 4724 3912 4789 τρυφῆς

2300 4812 2393 4859 τοῦ
2438 4799 2790 4881 παραδείσου,
2847 4802 2938 4852 καὶ
2977 4794 3122 4871 ὕδωρ
3171 4797 3227 4850 ἐκ
3268 4806 3361 4851 τοῦ
3414 4804 3485 4871 μὴ
3526 4799 3913 4876 παροδεύοντος

2300 4892 2649 4967 ἐπιθυμήσετε
2699 4895 2926 4943 ποτοῦν·
2984 4885 3167 4940 ἁπέπιε
3207 4889 3309 4961 γὰρ
3365 4886 3478 4941 ὅλον
3536 4891 3567 4949 ἡ
3636 4891 3909 4965 κάμηλος.

2298 4973 2547 5059 ἄκρατον
2571 4976 2658 5034 οὖν
2710 4983 2961 5048 πίνοντες,
3005 4974 3209 5049 μέλλετε
3246 4975 3551 5031 ἕκκαίεσθαι
3597 4985 3684 5034 καὶ
3724 4983 3913 5054 μέθαις

2298 5071 2760 5149 παραπέμπεσθαι,
2827 5070 2918 5119 καὶ
2978 5061 3252 5119 καθεύδειν
3281 5084 3294 5100 ο
3364 5066 3779 5144 καρηϐαροῦντες
3843 5067 3913 5128 δὲ

2296 5166 2387 5215 καὶ
2424 5160 2539 5234 μεθ’
2577 5160 2734 5211 ὕπνον
2780 5153 3249 5232 κεκραιπαληκότες
3297 5152 3350 5219 ἐξ
3397 5158 3557 5225 οἴνου,
3589 5166 3694 5211 τῶν
3732 5156 3912 5219 ἡδέων

2296 5259 2389 5305 τοῦ
2436 5244 2766 5324 παραδείσου
2810 5243 3227 5299 ἐπιλανθάνεσθε.
3282 5249 3395 5306 Πῶς
3436 5241 3526 5299 οὖν
3566 5246 3593 5299 ὁ
3630 5252 3910 5324 προφήτης

2296 5343 2439 5416 ὑμῶν
2491 5339 2586 5395 οὐκ
2633 5336 2870 5406 ἐννοήθῃ
2911 5340 3096 5404 ταῦτα,
3141 5337 3346 5409 μήποτέ
3390 5352 3444 5389 τι
3492 5335 3671 5412 συμϐῇ
3722 5336 3776 5392 ἓν
3828 5348 3908 5415 τῷ

605 5591 682 5661 (6)
721 5587 865 5661 male
894 5587 1095 5661 itaque
1124 5581 1692 5661 Barth._Edessenus
1741 5580 1804 5638 in
1843 5577 2137 5661 opusculo
2175 5580 2388 5640 contra
2429 5567 2843 5635 Mohamedem
2869 5564 3013 5627 alibi
3041 5583 3080 5627 a
3115 5564 3294 5627 nobis
3333 5566 3515 5629 citato
3544 5568 3628 5631 ait
3648 5585 3711 5646 p.
3744 5572 3901 5633 4M:

528 5651 702 5719 Μέσον
732 5659 829 5717 δύο
862 5651 1026 5737 ὡρῶν,
1057 5660 1251 5732 spatio
1281 5657 1518 5717 circiter
1549 5651 1809 5712 duarum
1839 5651 2152 5711 horarum.
