4136 6414
488 318 592 375 illi
1839 317 2107 375 NICETE
2149 317 2518 375 CHONIATE
3753 329 3865 383 “6

484 435 602 505 iur.
652 447 793 504 Orta
837 446 928 502 est
973 447 1176 501 autem
1220 443 1352 500 haec
1405 442 1845 501 Ismaelitarum
1896 441 2144 499 haeresis

2277 443 2465 508 ἱσεϐεἶς
2511 451 2602 499 καὶ
2645 444 2954 520 βλάσφημοι
2996 444 3479 520 ατεαλλοτριοῦνται.
3534 446 3751 523 Ἀνεγύη
3795 446 3867 503 δε

488 535 738 594 Heraclii
767 532 1121 608 imperantis
1148 537 1344 602 aetate,
1376 532 1454 589 ad
1484 546 1667 606 quem
1706 532 1786 589 ab
1815 532 1961 589 orbe
2000 547 2145 588 con-

2277 536 2290 593 5
2336 538 2553 594 τοιαύτη
2597 544 2699 588 τῶν
2739 533 3084 608 Ἰσμαηλιτῶν
3122 537 3327 610 αἵρεσις
3370 535 3458 589 ἐπὶ
3506 546 3606 589 τῶν
3651 542 3864 613 χρόνων

489 625 614 684 dito
644 625 788 684 anni
812 624 1121 681 ﬂuxerunt
1144 625 1207 679 VI
1239 625 1287 681 Μ
1319 624 1512 681 CXLV.

2277 625 2558 699 Ηρακλείου
2610 632 2703 678 τοῦ
2771 623 3050 698 βασιλέως,
3122 628 3193 688 ὡς
3254 621 3384 679 εἶναι
3446 631 3637 703 μέχρις
3696 628 3867 682 αὐτοῦ

2257 712 2360 767 ἀπὸ
2389 718 2605 776 κτίσεως
2633 718 2837 786 κόσμου
2865 716 2952 772 ἔτη
2982 712 3126 789 ςρμί
3151 714 3252 784 (τ).

566 809 653 863 l0.
696 806 768 863 Ut
811 807 1015 860 autem
1061 803 1363 877 praedictis
1394 801 1776 873 adjiciamus,
1803 800 1972 874 quod
1999 798 2150 858 nihil

2330 802 2380 857 ι’.
2438 802 2549 857 Ἵνα
2605 799 2666 856 δι
2728 805 3039 877 προσθῶμεν
3092 812 3201 866 τοῖς
3266 804 3557 878 εἰρημένοις
3603 809 3664 859 τὸ
3724 808 3869 859 κατὰ

489 896 617 952 veri
642 892 1026 951 Mohamedes
1045 891 1224 962 dicat,
1257 908 1368 964 age
1395 891 1520 947 haec
1546 892 1864 948 recitemus
1890 907 1960 947 ex
1991 892 2041 963 ej
2053 907 2149 946 us-

2277 890 2425 951 ιηδὶν
2478 897 2567 946 τὸν
2634 890 2872 967 Μωάμεδ
2937 892 3125 956 ἀληθὲς
3187 894 3365 966 λεγειν,
3432 895 3699 969 εἰρήσεται
3769 900 3868 950 καὶ

493 983 634 1040 dem
685 981 840 1038 libro
883 985 1182 1052 excerpta.
1237 979 1448 1037 Christi
1498 981 1871 1036 mentionem
1918 979 2148 1035 faciens

2277 990 2426 1035 ταῦτα
2480 982 2535 1036 ἐκ
2590 991 2689 1044 τῆς
2742 982 2904 1036 αὐτοῦ
2963 981 3148 1055 βιϐλου
3202 983 3642 1055 παραϐληθέντες.
3709 986 3867 1039 Ἐπι-

495 1076 676 1145 atque
720 1069 1041 1141 Evangelii,
1075 1070 1155 1126 ait
1181 1068 1365 1125 veluti
1401 1086 1477 1125 ex
1517 1084 1778 1142 persona
1809 1069 1949 1125 Dei:
1999 1068 2151 1125 Misi-

2277 1076 2512 1135 ινησθεὶς
2561 1080 2654 1127 τοῦ
2699 1079 2935 1149 Χριστοῦ
2981 1080 3071 1127 καὶ
3113 1082 3207 1127 τοῦ
3243 1075 3582 1147 Εύαγγελίου,
3615 1080 3773 1147 φησιν
3794 1077 3872 1137 ὡς

495 1175 637 1216 mus
662 1164 1032 1231 postremum
1053 1158 1483 1230 prophetarum
1507 1158 1781 1214 omnium
1807 1159 2009 1214 Jesum
2041 1159 2154 1214 Ma-

2277 1164 2317 1215 ἐκ
2375 1169 2659 1236 προσώπου
2721 1170 2856 1216 Θεοῦ
2891 1184 2903 1196 ο
2959 1162 3358 1235 Ἀπεστείλαμεν
3418 1162 3700 1217 ἀκόλουθον
3762 1171 3872 1216 τῶν

496 1248 599 1305 τίω
626 1246 838 1315 ﬁlium,
871 1251 936 1303 ut
964 1262 1098 1319 quae
1129 1251 1265 1302 ante
1294 1261 1430 1302 eum
1467 1246 1725 1315 fuerant,
1752 1251 1882 1304 rata
1912 1246 2151 1314 faceret,

2277 1260 2536 1327 τροφητῶν
2574 1254 2778 1304 πάντων
2835 1251 3062 1311 Ἰησοῦν,
3121 1255 3209 1304 τὸν
3252 1254 3365 1304 υἱὸν
3407 1257 3634 1325 Μαρίας,
3684 1253 3752 1314 εἰς
3807 1256 3874 1306 τὸ

500 1343 681 1409 atque
708 1336 788 1393 ad
817 1351 955 1392 eum
994 1335 1354 1392 demisimus
1385 1328 1796 1407 Evangelium,
1827 1336 1889 1392 in
1913 1351 2037 1408 quo
2067 1339 2157 1391 est

2277 1339 2657 1413 ἷιγαθοποιῆσαι
2726 1343 2793 1394 τὰ
2864 1344 2966 1416 πρὸ
3032 1341 3211 1403 αὐτοῦ.
3286 1347 3663 1415 καταγαγόντες
3741 1345 3877 1417 πρὸς

500 1425 747 1482 directio
804 1440 875 1481 ac
911 1424 1162 1495 justitia,
1214 1424 1549 1481 secundum
1603 1425 1881 1481 virtutem
1936 1439 2154 1497 praece-

2277 1433 2421 1484 αὑτὸν
2446 1436 2506 1484 τὸ
2548 1430 2879 1502 Εύαγγέλιον,
2912 1430 2960 1482 ἓν
3071 1429 3212 1483 ἐστιν
3256 1428 3538 1502 ὁδηγησις,
3584 1436 3736 1504 φησί,
3774 1435 3877 1484 καὶ

501 1515 695 1571 dentis
739 1514 791 1570 ei
828 1513 997 1585 legis.
1041 1515 1220 1587 Atqui
1256 1516 1308 1569 si
1338 1515 1467 1571 haec
1496 1515 1702 1571 omnia
1730 1517 1870 1570 Jesu
1901 1515 2157 1588 ejusque

2277 1518 2581 1578 δικαιοσύνη
2613 1522 2745 1573 κατὰ
2781 1525 2874 1578 τὴν
2921 1517 3145 1593 δύναμιν
3194 1527 3287 1573 τοῦ
3332 1524 3434 1595 πρὸ
3478 1520 3640 1574 αὑτοῦ
3680 1525 3872 1593 νόμου.

500 1603 822 1673 Evangelio
854 1619 1141 1659 concessa
1168 1602 1429 1674 fuerunt,
1449 1604 1596 1676 quid
1618 1604 1724 1660 tibi
1744 1604 2041 1677 reliquum
2072 1603 2156 1659 fe-

2277 1610 2331 1662 Εἰ
2377 1616 2504 1681 γοῦν
2541 1616 2710 1662 ταῦτα
2749 1612 2920 1662 πάντα
2965 1617 3039 1679 τῷ
3094 1610 3273 1667 Ἰησοῦ
3318 1613 3405 1662 καὶ
3451 1616 3524 1680 τῷ
3573 1609 3877 1681 Εὖαγγελίῳ

502 1692 653 1757 cisti,
697 1708 736 1748 o
782 1692 1151 1764 Mohamede,
1201 1693 1368 1765 quod
1409 1692 1760 1750 hominibus
1803 1694 2105 1749 conferres
2132 1695 2162 1748 ?

2277 1699 2431 1751 αὐτοῦ
2474 1695 2713 1767 δέδοται,
2747 1703 2832 1751 σοὶ
2879 1703 2931 1750 τί
2972 1697 3227 1758 λέλοιπας,
3269 1696 3309 1750 ὦ
3345 1695 3602 1770 Μωάμεδ,
3635 1715 3877 1750 συνεισε-

503 1781 655 1839 Nihil
706 1781 868 1838 aliud
918 1797 1167 1855 prorsus
1211 1797 1399 1854 quam
1444 1799 1729 1849 errorem,
1772 1787 1831 1840 et
1876 1799 2156 1839 verorum

2277 1794 2464 1858 νεγκεῖν
2528 1794 2635 1848 τοῖς
2700 1785 3046 1861 ἀνθρώποις;
3110 1783 3278 1839 Ούδεν
3338 1787 3509 1859 ἕτερον
3579 1788 3781 1847 πάντως
3843 1787 3878 1845 ᾖ

504 1868 863 1940 dogmatum
889 1870 1357 1944 perversionem.
1388 1873 1616 1928 Rursus
1640 1877 1934 1945 tanquam
1964 1888 2039 1929 ex
2060 1872 2162 1929 Dei

2277 1876 2486 1945 πλάνην,
2517 1880 2608 1928 καὶ
2646 1884 2745 1928 τῶν
2791 1874 2994 1934 ἀληθῶν
3033 1872 3309 1948 δογμάτων
3355 1872 3666 1948 διαφθοράν.
3709 1874 3884 1928 Πάλιν

504 1974 771 2036 persona
801 1959 883 2015 ait
909 1978 921 2015 :
956 1960 1104 2017 Cum
1129 1960 1435 2030 regionem
1471 1960 1739 2033 aliquam
1768 1962 2164 2034 pessumdare

2277 1965 2405 2035 λέγει
2458 1966 2529 2026 ὡς
2578 1962 2633 2016 ix
2685 1969 2969 2038 προσώπου
3019 1971 3112 2015 τοῦ
3170 1970 3304 2017 Θεοῦ
3329 1984 3341 1997 '
3404 1962 3564 2016 Ὀταν
3626 1962 3883 2034 ἠθέλομεν

506 2049 829 2111 voluimus,
864 2047 1077 2104 incolis
1119 2049 1252 2120 ejus
1296 2050 1744 2115 mandavimus,
1777 2057 1843 2108 ut
1882 2052 1967 2108 ibi
1995 2052 2166 2108 luxu-

2277 2051 2525 2107 ἀπολέσαι
2574 2057 2793 2128 χωρίον,
2848 2051 3141 2125 ἐκελεύομεν
3180 2060 3293 2114 τοῖς
3348 2050 3568 2105 ἱστῶσιν
3614 2050 3664 2104 ἂν
3707 2052 3880 2122 αὐτῷ,

507 2138 665 2197 riose
699 2143 948 2210 agerent
978 2154 992 2193 :
1043 2142 1225 2211 atque
1252 2138 1334 2195 ita
1358 2138 1519 2210 justa
1547 2140 1740 2196 evasit
1769 2141 2061 2198 sententia
2089 2141 2166 2197 de

2277 2147 2363 2195 καὶ
2393 2142 2654 2201 ἠσώτευον
2695 2140 2742 2194 ἓν
2783 2141 2923 2212 αύτῷ
2953 2162 2967 2175 ο
3015 2146 3107 2193 καὶ
3151 2137 3453 2194 ἐδικαιοῦτο
3498 2138 3668 2193 ἕπάνω
3707 2140 3886 2193 αὐτῶν

507 2226 749 2286 illorum
804 2226 1162 2300 perditione,
1218 2232 1278 2284 et
1338 2227 1415 2284 de
1474 2227 1639 2285 illato
1703 2229 1817 2286 illis
1881 2230 2164 2287 decreto:

2277 2233 2301 2284 ὁ
2348 2231 2499 2303 λόγος
2541 2233 2567 2284 ὁ
2613 2238 2709 2292 τῆς
2757 2229 3013 2293 ἀπωλείας
3051 2230 3242 2297 αὐτῶν,
3288 2234 3381 2282 καὶ
3421 2237 3517 2291 τῆς
3555 2229 3671 2283 κατ’
3709 2229 3887 2281 αὐτῶν

510 2316 876 2388 damnisque
888 2331 990 2372 eos
1003 2315 1906 2391 damniﬁcavimusmultosque
1918 2335 2165 2393 pessum

2277 2319 2624 2393 ἀποφάσεως·
2676 2325 2765 2372 καὶ
2813 2316 3152 2392 ίδαμάσαμεν
3203 2318 3391 2380 αύτούς
3445 2314 3738 2390 δαμάσεσι,
3786 2323 3890 2370 καὶ

511 2405 815 2463 dedimus.
858 2404 1037 2477 Atqui
1082 2420 1202 2461 non
1247 2405 1502 2474 luxurie,
1532 2407 1805 2479 inquam,
1837 2424 2034 2482 neque
2063 2410 2167 2465 ho-

2277 2407 2496 2470 πολλοὺς
2561 2407 2917 2481 ἀπωλέσαμεν.
2985 2407 3096 2460 Οὐκ
3162 2406 3414 2469 ἀσωτίαις
3487 2411 3578 2459 καὶ
3653 2405 3892 2479 ὀλέθροις

515 2496 745 2550 minum
778 2493 956 2551 exitio
976 2494 1201 2565 gaudet
1229 2497 1405 2565 Deus,
1436 2494 1540 2550 sed
1569 2496 1618 2551 is
1645 2497 1843 2569 potius
1867 2497 1973 2571 qui
1997 2497 2168 2554 luxu-

2277 2497 2558 2569 ἀνθρώπων
2610 2503 2792 2571 χαίρει
2852 2501 2999 2562 Θεὸς,
3069 2495 3177 2549 ἀλλ’
3241 2497 3268 2549 0'
3320 2494 3535 2549 κελεύων
3599 2493 3892 2550 ἀσωτεύεεν

512 2582 659 2640 riari
683 2583 933 2639 mandat
958 2582 1260 2642 diabolus.

2279 2584 2494 2640 διάϐολο
2504 2607 2542 2649 ς.

591 2672 679 2729 tl.
725 2671 923 2729 Solem
971 2687 1044 2728 ac
1084 2671 1293 2729 lunam
1337 2674 1605 2746 equitare
1651 2674 1814 2743 dicit,
1881 2675 2168 2743 ignorans

2352 2676 2437 2733 ια’.
2496 2680 2596 2731 Τὸν
2640 2676 2782 2735 ἣλιον
2829 2679 2921 2728 καὶ
2963 2679 3058 2732 τὴν
3118 2673 3337 2733 σελήνην
3383 2673 3459 2746 ἐφ’
3507 2675 3699 2736 ἵππους
3750 2669 3894 2728 εἶναι

517 2761 700 2818 miser
720 2760 845 2817 haec
877 2767 1081 2833 utpote
1118 2763 1452 2820 iuanimata
1481 2763 1638 2821 haud
1674 2780 1854 2836 posse
1880 2766 2166 2839 equitare.

2279 2784 2436 2840 φησιν
2469 2782 2484 2795 ’
2551 2764 2647 2819 ούκ
2692 2761 2846 2827 εἰδὼς
2897 2765 2923 2817 ὀ
2965 2763 3145 2824 ἄθλιος
3181 2766 3247 2824 ὡς
3291 2762 3486 2835 ἄψυχα
3525 2770 3693 2815 ταῦτα
3733 2766 3891 2828 ὄντα,

518 2849 834 2917 Quomodo
853 2849 993 2905 item
1021 2850 1181 2924 equi,
1206 2851 1533 2908 caruncula
1559 2853 1926 2926 corruptibili
1954 2854 2169 2922 induti,

517 2955 731 2997 currus
777 2940 937 3011 ignei
979 2942 1171 2997 vicem
1227 2947 1514 3014 praestare
1562 2944 1899 3016 poterunt?
1944 2944 2171 3001 Etenim

516 3028 599 3085 illi
629 3029 808 3086 Helias
837 3031 996 3101 ignei
1027 3031 1186 3104 equi,
1218 3032 1382 3088 haud
1412 3032 1560 3089 tales
1596 3038 1813 3090 natura
1842 3040 2032 3099 erant,
2064 3032 2171 3090 sed

517 3133 816 3189 equorum
845 3118 1270 3175 tantummodo
1309 3121 1570 3194 speciem
1591 3137 1718 3193 pra;
1767 3138 1830 3177 se
1868 3122 2165 3178 ferebant.

2280 3125 2456 3193 φύσιν,
2509 3118 2639 3173 ἀλλὰ
2691 3129 2886 3192 σχῆμα
2946 3126 3101 3193 μόνον
3163 3121 3332 3171 ἵππων
3397 3122 3728 3192 περιέκειντο.

519 3207 603 3263 Ex
628 3206 905 3263 hirudine
935 3208 1202 3278 genitum
1250 3208 1393 3264 dicit
1427 3209 1760 3267 hominem.
1799 3210 2175 3267 Animalibus

518 3295 806 3352 omnibus
842 3298 1006 3352 vesci
1047 3296 1342 3358 hortatur.
1369 3302 1769 3370 praeterquam
1803 3314 1928 3355 sue.
1964 3304 2172 3357 Come-

518 3384 659 3450 dite,
719 3384 934 3458 inquit,
984 3401 1055 3441 ex
1111 3384 1183 3441 iis
1231 3401 1371 3457 quae
1417 3385 1480 3441 in
1527 3391 1684 3443 terra
1721 3393 1904 3444 sunt:
1955 3390 2174 3445 etenim

518 3474 752 3531 munda
781 3479 921 3530 sunt
954 3488 1025 3530 ac
1061 3474 1244 3543 bona,
1276 3489 1386 3530 nec
1429 3477 1661 3531 Satanas
1686 3477 1937 3545 vestigia
1961 3494 2173 3550 sequa-

519 3564 714 3635 mini;
777 3566 1062 3621 Satanam
1131 3563 1354 3621 scilicet
1418 3564 1731 3637 appellans
1800 3569 2006 3625 Deum.
2069 3568 2175 3641 qui

516 3654 754 3712 munda
774 3653 1160 3710 etimmunda
1181 3653 1539 3724 designavit.
1568 3658 1697 3711 Jam
1722 3656 1768 3711 si
1794 3658 2042 3714 Satanas
2064 3665 2169 3731 est,

519 3760 557 3800 o
591 3743 794 3802 delire.
825 3743 930 3815 qui
968 3748 1230 3800 veterem
1277 3743 1469 3813 legem
1518 3745 1665 3813 tulit,
1698 3762 1805 3802 cur
1844 3764 1983 3804 eum
2031 3750 2172 3806 alibi

518 3835 707 3889 Deum
751 3833 1032 3888 nominas
1060 3833 1088 3891 7
1124 3836 1201 3889 De
1240 3833 1472 3906 jejunio
1512 3833 1708 3901 legem
1750 3836 2017 3893 scribens
2041 3839 2123 3894 ait
2154 3857 2167 3895 :

2283 2858 2514 2909 ἱππεύειν
2565 2854 2623 2908 ού
2684 2851 2923 2908 δύναται.
2990 2859 3108 2915 Πῶς
3173 2849 3234 2905 δε
3292 2858 3384 2906 καὶ
3432 2854 3600 2922 ἶπποι,
3664 2856 3891 2925 σαρκίον

2280 2947 2507 3018 φθαρτὸν
2553 2948 2919 3019 περικείμενοι,
2972 2946 3159 3015 ὄχημα
3213 2946 3375 3015 πυρὸς
3439 2939 3570 2994 εἶναι
3633 2942 3890 2999 ὑποστή-

2283 3050 2508 3099 σονται;
2567 3032 2635 3085 Οἱ
2685 3028 2745 3085 δι
2799 3033 2935 3085 κατὰ
2988 3035 3075 3084 τὸν
3130 3030 3306 3083 Ἠλίαν
3356 3033 3580 3104 εμπυροι
3630 3030 3782 3082 ἵπποι
3820 3030 3891 3082 οὐ

3792 3117 3891 3171 Ἐκ

2280 3219 2376 3272 τῆς
2415 3206 2640 3283 βδέλλας
2686 3215 2819 3283 φησί
2871 3212 3113 3281 γενέσθαι
3160 3214 3250 3261 τὸν
3305 3210 3576 3281 ἄνθρωπον
3626 3210 3742 3279 (ΒΓ
3793 3212 3895 3261 καὶ

2278 3302 2449 3353 πάντα
2492 3302 2560 3352 τὰ
2624 3299 2736 3360 ζῶα
2796 3296 3114 3374 βιϐρὼσκίιν
3172 3302 3536 3373 προτρέπεται,
3596 3296 3729 3355 πλὴν
3789 3304 3893 3349 τοῦ

2280 3393 2471 3462 χοίρου
2505 3405 2518 3419 ·
2569 3391 2762 3459 Φάγςτε
2801 3390 2925 3461 γὰρ,
2967 3392 3147 3459 φησὶν,
3197 3384 3253 3439 ἐκ
3291 3394 3391 3439 τῶν
3422 3390 3578 3438 ὄντων
3605 3385 3656 3439 ἄν
3691 3393 3755 3458 τῇ
3786 3392 3888 3457 γῇ,

2279 3480 2487 3552 καθαρά
2530 3480 2630 3553 γαρ
2688 3481 2779 3529 καί
2838 3476 2991 3534 καλὰ,
3049 3480 3141 3528 καί
3196 3479 3268 3548 μὴ
3336 3474 3718 3538 ἐξακολουθειτε
3777 3482 3890 3537 τοῖς

2278 3568 2459 3638 ἴχνεσι
2513 3572 2606 3618 τοῦ
2663 3571 2863 3618 Σατανᾶ
2885 3579 2898 3595 ⁸
2969 3570 3198 3616 Σατανᾶν
3253 3568 3340 3615 τὸν
3400 3566 3529 3617 Θεὸν
3586 3561 3879 3632 ἀποκαλῶν,

2278 3658 2364 3708 τὸν
2401 3658 2468 3708 τὰ
2496 3658 2587 3729 μὲν
2625 3657 2849 3728 καθαρὰ,
2883 3656 2949 3706 τὰ
2988 3651 3048 3707 δέ
3087 3652 3359 3727 ἀκάθαρτα
3395 3656 3880 3727 προσηγορευκότα.

2282 3749 2384 3797 Καί
2426 3745 2470 3798 εἰ
2518 3751 2767 3810 Σατανᾶς,
2811 3741 2851 3796 ὦ
2892 3743 3035 3815 λῆρε,
3070 3744 3096 3794 ὁ
3139 3745 3228 3795 τὸν
3277 3743 3503 3795 παλαιὰν
3543 3747 3698 3810 νόμον
3742 3744 3886 3813 θέμε-

2277 3852 2382 3895 νος,
2422 3843 2529 3896 πῶς
2571 3833 2620 3886 ἓν
2662 3832 2837 3894 illa;
2879 3836 3007 3885 Θεὸν
3054 3832 3211 3884 αὐτὸν
3251 3830 3564 3903 ὀνομάζεις
3624 3833 3751 3902 Περί
3794 3848 3887 3888 νη-

3276 3920 3515 3984 ’Ἑξεστιν
3551 3922 3673 3993 ὑμῖν
3717 3921 3750 3977 ἡ
3789 3916 3888 3984 νὺξ

2276 4023 2369 4076 τῆς
2418 4019 2664 4076 νηστείας
2716 4012 2784 4073 εἰς
2834 4012 2972 4085 μίξιν
3037 4020 3138 4064 τῶν
3183 4019 3444 4084 γυναικῶν
3486 4011 3631 4082 ὑμῶν
3656 4030 3669 4044 ·
3724 4010 3889 4062 αὗται

2275 4108 2375 4176 γὰρ
2424 4104 2567 4177 ὑμῶν
2625 4103 2729 4156 εἰσι
2785 4104 3172 4173 σκεπάσματαυ
3224 4103 3354 4171 ἔγνω
3403 4102 3504 4173 γὰρ
3548 4100 3576 4151 ὁ
3623 4102 3753 4161 Θεὸς
3798 4101 3892 4152 ὅτι

2275 4192 2726 4267 παραϐου).εύεσθε
2776 4198 2892 4253 ταῖς
2939 4190 3150 4261 ψυχαῖς
3195 4190 3338 4261 ὑμῶν
3392 4188 3442 4242 ἕν
3501 4194 3738 4258 νηστείᾳ,
3791 4196 3892 4247 καί

519 3922 748 3980 Sufﬁcit
772 3921 945 3978 vobis
964 3939 1084 3979 nox
1104 3922 1185 3994 jej
1196 3924 1317 3979 unii
1343 3923 1421 3979 ad
1444 3940 1699 3981 uxorum
1720 3931 2053 3983 vestrarum
2076 3943 2171 3984 co-

514 4011 725 4086 pulam
759 4030 772 4068 :
814 4012 908 4068 hae
945 4012 1170 4086 quippe
1202 4018 1342 4069 sunt
1368 4013 1541 4068 vobis
1570 4015 2035 4085 operimentum.
2063 4020 2171 4072 No-

514 4106 682 4157 verat
700 4101 860 4157 enim
880 4102 1175 4167 Deus,vos
1203 4102 1365 4157 anim
1375 4117 1440 4157 as
1456 4107 1687 4158 vestras
1705 4102 2090 4159 fraudaturos
2110 4107 2170 4161 in

508 4188 761 4260 jejunio.
793 4189 1021 4262 fuitque
1045 4189 1220 4245 vobis
1251 4190 1613 4259 indulgens:
1651 4191 2023 4248 misceamini
2053 4193 2169 4250 illis

513 4277 593 4334 ad
623 4277 920 4341 solatium,
954 4283 1013 4333 et
1037 4277 1332 4334 comedite
1360 4294 1610 4350 vespere
1640 4294 1710 4334 ac
1741 4279 1945 4350 bibite,
1975 4281 2167 4340 donec

2277 4283 2422 4343 ἵλεως
2460 4284 2581 4348 ὑμῖν
2618 4287 2819 4353 γίνεται
2852 4302 2864 4313 ·
2910 4282 3145 4352 μίχθητε
3188 4279 3374 4341 αὐταῖς
3412 4278 3480 4339 εἰς
3524 4277 3888 4352 παράκλησιν,

511 4366 678 4439 quod
708 4366 767 4421 in
798 4371 973 4422 nocte
999 4367 1235 4436 nigrum
1265 4372 1377 4431 est,
1422 4366 1678 4423 interdiu
1719 4368 1925 4425 album
1970 4387 2166 4443 appa-

2277 4377 2363 4423 καί
2428 4377 2611 4444 φάγετε
2672 4370 2896 4442 ἑσπέρας
2936 4366 3027 4420 καί
3069 4372 3231 4437 πίετε,
3293 4369 3385 4429 ἕως
3436 4370 3495 4421 τὸ
3548 4375 3646 4431 τῆς
3694 4371 3891 4430 νυκτός

508 4460 657 4513 reat.
703 4454 1022 4521 Quodnam
1081 4470 1270 4525 genus
1310 4456 1519 4526 jejunii
1568 4461 1674 4527 est,
1716 4473 1753 4513 o
1794 4457 2028 4531 impure
2093 4477 2165 4519 ac

2277 4460 2428 4533 μέλαν
2480 4468 2610 4532 φανῇ
2660 4459 2840 4511 λευκὸν
2899 4454 2994 4510 διὰ
3033 4465 3126 4518 τῆς
3174 4458 3392 4531 ἡμέρας.
3451 4461 3588 4510 Ποία
3640 4460 3884 4520 νηστεία,

508 4544 823 4613 ﬂagitiose,
854 4544 946 4600 vel
974 4560 1258 4617 quaenam
1292 4545 1392 4600 Dei
1431 4544 1546 4613 lex,
1578 4548 1701 4602 tota
1732 4554 1904 4604 nocte
1933 4551 2163 4622 epulari

2277 4546 2498 4624 βδελυρὲ
2544 4554 2635 4602 καί
2684 4547 2963 4620 ἀκάθαρτε,
3025 4548 3056 4607 ἣ
3110 4555 3259 4609 ποῖος
3306 4552 3461 4619 νόμος
3512 4554 3647 4600 Θεοῦ
3695 4550 3754 4598 τὸ
3804 4542 3887 4598 δι’

508 4638 566 4690 et
599 4632 902 4690 libidinari
931 4634 960 4688 Ῥ
1005 4636 1153 4690 Tum
1195 4634 1271 4689 de
1309 4636 1709 4708 temperantia
1751 4653 1887 4693 cum
1927 4639 2040 4695 illis
2079 4640 2163 4697 lo-

2277 4639 2393 4702 ὅλης
2438 4641 2625 4700 νυκτὸς
2668 4635 2858 4691 ἐσθίειν
2905 4641 2996 4689 καί
3055 4635 3414 4708 ἀσελγαίνεινς
3483 4640 3610 4708 Περί
3667 4652 3886 4709 σωφρο-

506 4737 721 4794 quens,
748 4722 831 4778 ait
858 4739 872 4778 :
907 4723 1127 4779 Uxores
1157 4727 1368 4779 vestrae
1400 4739 1544 4791 ager
1572 4730 1761 4781 vester
1785 4732 1950 4783 sunt:
1976 4729 2165 4799 ingre-

2277 4731 2429 4789 σύνης
2510 4727 2687 4787 αὐτοῖς
2761 4723 3138 4797 διαλεγόμενος,
3229 4730 3388 4797 φησίν
3414 4740 3428 4756 ⁸
3514 4727 3579 4778 Αἱ
3639 4733 3885 4796 γυναῖκες

506 4810 718 4867 dimini
758 4810 817 4866 in
859 4824 1075 4880 agrum
1117 4817 1378 4867 vestrum
1425 4828 1562 4868 cum
1594 4814 1918 4883 volueritis,
1954 4824 2009 4873 et
2040 4818 2158 4874 ani-

2277 4818 2411 4888 ῦμῶν
2466 4819 2642 4876 νεατὸς
2693 4817 2835 4888 ὑμῶν
2864 4837 2877 4848 ·
2939 4814 3191 4868 εἰσίλθετε
3225 4813 3292 4874 εἰς
3341 4816 3458 4873 τοὺς
3493 4816 3700 4875 νεατούς
3733 4814 3882 4884 ὑμῶν

503 4900 723 4957 mabus
765 4901 978 4955 vestris
1026 4900 1258 4968 favete;
1307 4901 1366 4956 id
1411 4907 1496 4957 est
1532 4918 1775 4959 omnem
1816 4907 2159 4962 animarum

2277 4907 2392 4958 ὅταν
2438 4904 2707 4977 βούλεσθε,
2764 4909 2854 4957 καί
2920 4905 3185 4957 συνέλθετε
3247 4909 3363 4965 ταῖς
3421 4902 3628 4974 ψυχαῖς
3691 4904 3877 4973 ὑμῶν’

502 4994 838 5045 vestrarum
892 4987 1280 5060 cupiditatem
1334 4990 1607 5063 explete:
1678 4997 1859 5065 atque
1906 4996 2159 5051 utamini

2277 4998 2528 5053 τουτέστι,
2575 5000 2748 5047 πᾶσαν
2791 4993 3069 5065 ἐπιθυμίαν
3117 5002 3216 5045 τῶν
3254 4991 3447 5063 ψυχῶν
3488 4992 3632 5065 ὑμῶν
3668 4991 3881 5065 πληρώ-

500 5076 791 5134 uxoribus
829 5076 1040 5133 vestris
1084 5078 1384 5150 utrinque,
1426 5080 1603 5149 Quid,
1648 5096 1778 5152 oro,
1826 5082 1923 5139 his
1962 5083 2158 5139 verbis

2277 5102 2394 5137 σατε
2421 5099 2434 5113 ⁸
2480 5089 2570 5137 καί
2604 5086 2890 5159 χρήσασθε
2936 5091 3053 5146 ταῖς
3102 5082 3341 5154 γυναιξίν
3384 5083 3529 5154 ὑμῶν
3578 5080 3879 5155 ἀμφοτέρωο

498 5163 883 5224 libidinosius
907 5171 964 5222 et
993 5166 1418 5223 exsecrabilius
1441 5167 1470 5224 ?

2277 5174 2368 5228 θεν.
2423 5178 2487 5227 Τί
2542 5183 2642 5226 τῶν
2695 5175 2946 5249 ῥημάτων
3000 5174 3199 5226 τούτων
3253 5168 3622 5244 ἀσελγέστερὸν
3676 5187 3733 5224 τε
3781 5175 3876 5224 καί

2280 3930 2456 3988 στείας
2506 3926 2794 3996 νομοθετῶν
2836 3923 2973 3975 οὕτω
3020 3927 3179 3995 φησίν
3212 3938 3226 3953 ο

2308 5281 2581 5315 ιαοωτεοον
2604 5280 2618 5315 Ξ

575 5345 656 5398 l2.
697 5342 970 5400 Asseclas
994 5360 1133 5401 suos
1162 5345 1241 5402 ad
1278 5345 1503 5403 bellum
1546 5354 1755 5405 contra
1782 5364 1896 5403 nos
1926 5362 2152 5404 acuens

2277 5282 2581 5337 uapmrspev
2604 5282 2619 5330 ;

2335 5349 2428 5424 ιβ’.
2486 5352 2572 5413 Εἰς
2630 5356 2719 5405 τὸν
2759 5351 2879 5405 καθ’
2930 5352 3078 5424 ἡμῶν
3132 5349 3353 5422 πολεμον
3410 5348 3680 5422 ἐπεγείρων
3744 5349 3870 5410 τοὺς

496 5553 508 5563 ι
563 5486 642 5566 ςξζ)
690 5488 1003 5566 tta_c_odex
1049 5489 1373 5566 Choniatre.
1418 5494 1646 5566 Reapse
1687 5496 1888 5566 tamen
1929 5491 2150 5566 begirae

491 5557 725 5633 initium
776 5557 884 5614 fuit
921 5576 1101 5633 anno
1126 5561 1338 5633 mundi
1378 5557 1776 5633 6129,'Christi
1817 5566 1940 5630 62!,
1973 5562 2149 5619 Hera-

494 5624 588 5681 clii
616 5626 963 5702 imperantis
986 5632 1327 5689 undecimo.

2331 5497 2408 5558 (8)
2443 5494 2650 5550 Recole
2683 5494 2757 5549 de
2786 5493 2881 5549 his
2913 5502 2969 5548 et
2999 5492 3127 5549 aliis
3158 5490 3509 5564 hujusmodi
3538 5505 3675 5564 quae
3697 5488 3867 5564 dicta

2258 5574 2394 5641 sunt
2444 5565 2536 5641 vel
2585 5565 2909 5641 emendata
2959 5564 3020 5620 in
3067 5562 3286 5621 nostris
3340 5563 3418 5621 ad
3469 5562 3863 5641 ByZantinum

2257 5636 2774 5695 adnotationibus.
3512 5636 3521 5641 '
3770 5677 3774 5680 ς
