4136 6390
529 302 636 356 119

1852 288 2133 359 NICET‘IE
2180 290 2560 353 CHONIATE

3791 307 3908 367 120

525 422 831 482 ethnieum
884 433 1030 476 vero
1079 417 1469 493 polytheismi
1529 433 1795 478 errorem
1854 416 2189 487 sublatum,

2303 438 2395 481 της
2444 418 2695 475 πολυθιῖα
2741 420 3048 494 ἠφάνισται,
3109 428 3346 496 μαντεία,
3415 431 3506 482 καὶ
3580 437 3904 505 φαρμακεία,

526 511 962 569 divinationem
992 509 1161 578 item,
1196 514 1252 566 et
1274 510 1568 581 magiam,
1595 513 1652 566 et
1686 508 2021 565 diabolicas
2042 522 2192 580 prte-

529 603 737 672 stigias
763 598 973 673 procul
998 598 1341 655 submotas.
1372 600 1714 672 Baptismus
1732 614 1875 654 vero
1900 612 2023 669 quo
2052 595 2195 652 ado-

529 693 801 767 ptionem
829 689 1286 761 consequimur,
1338 690 1395 745 et
1449 689 1805 760 redemptio,
1849 692 2028 760 atque
2059 685 2197 741 cha-

529 782 849 839 rismatum
875 778 1139 834 diribitio
1170 779 1400 835 cunctis
1427 778 1807 835 credentibus
1837 779 2191 850 patuerunt;

535 886 572 927 a
593 868 736 925 solis
762 873 897 926 ortu
918 884 1113 940 usque
1161 868 1241 924 ad
1279 884 1566 924 occasum
1598 866 1994 937 Evangelium
2016 863 2195 921 diffu-

534 975 706 1027 sum;
766 957 1005 1014 medius
1043 957 1322 1013 maceriae
1362 957 1563 1030 paries
1610 956 1873 1029 antiquae
1906 971 2047 1011 eum
2076 956 2196 1011 Deo

533 1048 860 1106 inimicitiae
898 1047 1262 1116 destructus,
1310 1046 1692 1104 reconciliato
1730 1045 1906 1101 nobis
1942 1044 2063 1101 Deo
2091 1058 2199 1116 per

536 1140 669 1219 ejus
692 1137 820 1193 Filii
850 1137 1342 1193 intercessionem
1368 1154 1383 1205 ;
1427 1152 1685 1207 regnum
1714 1134 2007 1191 caelorum
2035 1136 2200 1207 pate-

536 1226 1045 1300 factum,aliaque
1076 1225 1266 1283 multa
1294 1225 1437 1283 data
1461 1225 1813 1282 hominibus
1842 1223 2007 1281 dona
2035 1226 2194 1294 sunt,

538 1333 675 1390 quae
707 1315 1012 1387 sigillatim
1043 1331 1524 1372 commemorare
1554 1315 1908 1372 omittimus.

615 1412 699 1463 15.
742 1407 888 1462 Item
919 1406 1131 1461 aiunt:
1165 1404 1267 1461 Vel
1317 1404 1528 1461 volens
1576 1404 1842 1461 Christus
1879 1402 2198 1460 cruciﬁxus

540 1497 667 1565 fuit,
719 1496 815 1551 vel
862 1494 1114 1552 nolens:
1151 1496 1204 1551 si
1251 1495 1481 1562 volens,
1531 1495 1801 1552 insontes
1840 1498 1979 1551 sunt
2013 1495 2199 1550 cruci-

538 1586 757 1643 ﬁxores
790 1603 803 1640 :
841 1585 889 1640 si
919 1601 1061 1641 vero
1093 1585 1327 1653 nolens,
1378 1586 1437 1640 id
1483 1585 1535 1640 ei
1586 1584 1996 1640 inﬁrmitatem
2016 1588 2199 1656 atque

535 1676 960 1750 impotentiam
989 1675 1267 1748 imputat.
1292 1680 1472 1732 Porro
1498 1691 1612 1731 nos
1652 1674 2122 1747 respondemus,
2144 1677 2201 1729 et

2301 513 2391 561 καὶ
2446 506 2805 584 δαιμονιώδης
2865 517 3159 586 μαγγανεία
3192 510 3427 569 ἐκποδὼν
3482 522 3692 591 ᾤχετο·
3734 524 3893 576 υἱοθε-

2305 602 2420 659 σίας
2463 596 2523 653 δὲ
2573 599 2878 674 βάπτισμα,
2924 606 3014 655 καὶ
3070 601 3450 679 ἀπολύτρωσις,
3508 613 3599 661 καί
3652 606 3910 684 διανομαί

2302 692 2655 763 χαρισμάτων
2715 696 2850 744 πᾶσι
2906 699 3015 753 τοῖς
3077 696 3428 747 πιστεύσασιν
3490 694 3904 759 ἑξηπλώθησαν’

2304 775 2405 831 ἀπό
2459 777 2713 832 ἀνατολῶν
2773 780 2922 839 ἡλίου
2952 785 3118 855 μέχρι
3158 778 3376 856 δυσμῶν
3404 781 3623 846 διεδόθη
3654 791 3713 841 τὸ
3738 789 3912 862 Εὐαγο

2303 866 2497 940 γίλιον·
2549 872 2608 922 τὸ
2656 876 2750 923 τοῦ
2808 878 3050 945 φραγμοῦ
3106 878 3203 935 τῆς
3253 873 3478 937 παλαιᾶς
3518 877 3713 952 ἔχθρας
3768 886 3911 934 Θεοῦ

2303 962 2395 1009 καί
2434 956 2715 1033 ἀνθρώπων
2772 964 3089 1033 μεσότοιχον
3157 957 3475 1031 διαλέλυται,
3552 966 3913 1040 καταλλαγέν-

2304 1065 2393 1109 τος
2422 1049 2547 1119 ἡμῖν
2574 1056 2666 1101 τοῦ
2698 1056 2831 1103 Θεοῦ
2860 1057 2923 1122 τῇ
2966 1046 3108 1103 ἰδίου
3147 1052 3271 1105 Tim)
3303 1058 3568 1126 μεσιτείᾳ·
3603 1061 3694 1109 καί
3731 1058 3761 1116 ἠ
3803 1065 3913 1111 τῶν

2305 1134 2535 1209 οὐρανῶν
2582 1135 2831 1209 βασιλεία
2891 1136 3164 1209 ἀνέῳκται,
3239 1144 3331 1193 καί
3405 1140 3535 1195 ἄλλα
3583 1142 3761 1217 ἀγαθά
3802 1154 3916 1208 τοῖς

2307 1221 2598 1299 ἀνθρώποις
2649 1229 2993 1300 κεχάρισται,
3042 1228 3109 1280 ὧν
3165 1231 3301 1282 κατὰ
3362 1234 3517 1303 μέρος
3574 1238 3915 1306 μνημονεύειν

2304 1320 2634 1389 παρηκαμεν.

2380 1404 2454 1460 ιε’.
2486 1404 2603 1457 Ἔτι
2648 1410 2804 1479 φασίν
2862 1408 2927 1468 ὡς
2982 1406 3134 1460 θέλων
3172 1408 3199 1460 ὀ
3238 1412 3472 1482 Χριστὸς
3502 1409 3835 1488 ἐσταυρώθη,
3878 1417 3911 1474 ἦ

2306 1499 2377 1567 μὴ
2422 1494 2605 1547 θελων·
2655 1501 2747 1549 καί
2805 1495 2849 1549 εἰ
2894 1499 2985 1568 μὲν
3022 1495 3198 1565 θελων,
3234 1496 3504 1552 ἀνεύθυνοι
3555 1503 3605 1554 οἱ
3664 1509 3916 1577 σταυρώ-

2310 1586 2518 1645 σαντες’
2582 1583 2626 1636 εὶ
2680 1580 2739 1637 δὲ
2789 1588 2862 1657 μὴ
2917 1584 3090 1653 θελων,
3141 1583 3407 1639 ἀσθένειαν
3456 1587 3595 1659 αύτῷ
3634 1597 3789 1644 τοῦτο
3819 1596 3918 1645 καί

2309 1669 2604 1746 ἀδυναμίαν
2675 1676 2969 1746 περιάπτει.
3054 1674 3468 1750 Ἀποκρινόμεθα
3524 1674 3611 1731 οὖν
3680 1679 3759 1733 ὅτι
3820 1685 3919 1734 καί

535 1766 840 1824 volentem
889 1763 1191 1820 Christum
1240 1764 1597 1821 crucifixum
1641 1764 1847 1832 fuisse,
1902 1768 1961 1820 et
1996 1768 2194 1820 tamen

2312 1762 2465 1816 θελων
2522 1762 2847 1836 ἐσταύρωται
2886 1765 2912 1816 ό
2946 1766 3201 1838 Χριστὸς,
3232 1770 3322 1817 καί
3342 1774 3437 1829 τῆς
3485 1766 3727 1839 ἐσχάτης
3750 1788 3918 1824 κατα-

538 1854 1205 1915 extremadamnatione
1218 1854 1435 1925 dignos
1455 1871 1592 1911 esse
1607 1855 2010 1912 cruciﬁxores.
2027 1852 2201 1919 Quod

540 1951 760 2019 sponte
786 1946 859 2002 sit
887 1961 1133 2018 passus,
1162 1944 1426 2001 ostendit
1463 1945 1591 2017 ipse
1629 1944 1778 2001 dum
1804 1947 1940 2001 ante
1968 1942 2200 2016 passio-

538 2052 679 2093 nem
736 2036 859 2093 ait:
890 2035 1252 2092 Polesiatem
1309 2034 1494 2091 habeo
1551 2035 1889 2105 deponendi
1933 2036 2199 2091 animam

534 2144 749 2191 meum,
792 2133 847 2183 et
872 2131 1223 2197 potestatem
1263 2126 1449 2183 habeo
1478 2128 1697 2182 iterum
1727 2126 2003 2182 sumendi
2028 2136 2201 2196 eam;

535 2222 591 2275 et
620 2232 791 2274 nemo
821 2232 951 2273 eam
979 2231 1015 2272 α
1045 2231 1137 2272 me
1168 2216 1352 2285 tollit,
1378 2216 1481 2272 sed
1500 2230 1604 2286 ego
1630 2215 1861 2286 depono
1887 2230 2015 2272 eam
2038 2230 2076 2271 a
2107 2229 2201 2272 me

533 2308 721 2376 ἐρεθί.
766 2305 883 2362 Sed
925 2308 982 2361 et
1038 2319 1455 2376 saepenumero
1503 2320 1642 2360 eum
1684 2304 1745 2359 in
1793 2320 1932 2361 eum
1977 2319 2197 2359 manus

534 2396 777 2467 injicere
803 2395 992 2452 Judaei
1020 2394 1259 2461 vellent,
1292 2409 1415 2450 non
1448 2398 1647 2451 tamen
1682 2393 2031 2465 injecerunt,
2048 2394 2195 2466 quia

530 2484 899 2557 praeﬁnitum
929 2483 1233 2557 passionis
1264 2487 1505 2556 tempus
1526 2482 1800 2540 nondum
1824 2483 2049 2538 aderat.
2066 2482 2193 2540 Pati

532 2578 735 2631 autem
782 2574 971 2629 voluit
998 2577 1064 2628 ut
1101 2577 1354 2629 mortem
1387 2573 1739 2642 destrueret,
1787 2572 2073 2645 viamque
2112 2570 2192 2627 ad

528 2663 1031 2720 resurrectionem
1077 2678 1150 2717 ex
1204 2661 1456 2717 mortuis
1495 2660 1775 2717 muniret.
1820 2661 1933 2717 Cur
1988 2666 2190 2718 autem

525 2753 611 2809 rei
642 2758 781 2810 sunt
826 2752 1261 2809 crueilixores?
1311 2751 1464 2818 Quia
1500 2767 1638 2807 cum
1692 2750 1889 2822 legem
1936 2767 2007 2807 ac
2055 2767 2192 2824 pro-

524 2842 739 2915 phetas
786 2842 1073 2912 legerent,
1111 2841 1216 2914 qui
1266 2846 1506 2913 tempus
1559 2840 1855 2896 adventus
1880 2840 2008 2911 ejus
2037 2856 2189 2896 nun-

526 2930 780 3001 tiabant,
819 2947 944 2988 non
992 2930 1191 2987 solum
1248 2946 1375 2986 non
1425 2935 1801 3002 agnoverunt
1828 2930 2030 3001 ipsum
2058 2946 2188 2986 esse

523 3020 630 3093 qui
655 3020 735 3077 ob
775 3036 1166 3077 communem
1197 3018 1455 3075 salutem
1489 3023 1753 3086 venerat,
1785 3019 1891 3075 sed
1934 3023 1992 3075 et
2031 3018 2187 3075 mul-

2308 1857 2533 1928 κρίσεως
2570 1854 2620 1905 οἱ
2660 1857 2958 1928 σταυρωταὶ
3003 1853 3162 1917 ἄξιοι.
3232 1853 3356 1907 ’Ὁτι
3403 1851 3463 1909 δὲ
3511 1856 3760 1922 ἑκουσίως
3789 1860 3923 1912 ἔπα-

2312 1944 2414 2012 θεν,
2465 1941 2621 2003 αύτός
2672 1937 2836 2004 ἔδειξε
2887 1944 2987 2017 πρό
3039 1949 3131 1995 τοῦ
3198 1945 3382 1997 παθεῖν
3439 1944 3686 2021 εἰρηκώςθ
3735 1946 3926 2009 Ἐζου-

2312 2036 2429 2083 σίαν
2485 2032 2594 2103 ἔχω
2665 2032 2827 2083 θεῖναι
2890 2035 2986 2089 τὴν
3051 2030 3240 2105 ψυχήν
3312 2052 3436 2106 μου,
3521 2039 3611 2087 καὶ
3671 2034 3922 2100 ἕξουσίαν

2309 2122 2418 2191 ἔχω
2483 2118 2635 2172 πάλιν
2678 2118 2850 2172 λαϐεῖν
2906 2119 3098 2179 αύτήν·
3167 2125 3258 2174 καί
3324 2119 3500 2187 ούδείς
3551 2127 3686 2199 αῖρει
3750 2125 3925 2186 αὐτὴν

2309 2206 2397 2262 ἀπ’
2456 2207 2602 2282 ἐμοῦ,
2671 2207 2780 2261 ἀλλ’
3032 2211 3221 2282 τίθημι
3286 2210 3448 2270 αὐτὴν
3514 2210 3604 2265 ἀπ’
3661 2212 3920 2286 ἐμαυτοῦ.

2310 2297 2464 2351 Ἀλλά
2506 2304 2595 2350 καί
2652 2297 2900 2359 πολλάκις
2954 2296 3290 2371 βουληθέντες
3343 2299 3484 2371 αὐτῷ
3512 2310 3700 2377 χεῖρας
3732 2302 3921 2358 ἐπιϐαι-

2304 2386 2406 2440 λεῖν
2468 2383 2742 2455 Ἰουδαῖοι,
2798 2387 2891 2439 οὐκ
2949 2386 3209 2459 ἐπέϐαλον,
3247 2384 3341 2441 διὰ
3381 2392 3440 2441 τὸ
3488 2396 3646 2462 μήπω
3674 2394 3760 2444 τὸν
3784 2412 3923 2467 προ-

2302 2482 2585 2549 ωρισμένον
2637 2484 2729 2530 τοῦ
2789 2479 2986 2537 πάθους
3037 2476 3333 2536 ἐληλυθέναι
3408 2485 3608 2554 καιρόν.
3658 2481 3919 2541 Ἢθελησε

2303 2562 2363 2620 δὲ
2389 2569 2572 2619 παθεῖν
2608 2568 2690 2618 ἵνα
2731 2570 3043 2640 καταργήσῃ
3077 2570 3163 2619 τὸν
3205 2568 3442 2636 θάνατον,
3473 2573 3565 2621 καί
3601 2566 3907 2645 ὀδοποιήσῃ

2298 2661 2393 2715 τὴν
2433 2655 2487 2709 ἐκ
2537 2664 2728 2731 νεκρῶν
2781 2654 3091 2711 ἀνάστασιν.
3121 2663 3239 2719 Πῶς
3298 2654 3357 2711 δὲ
3403 2666 3819 2734 κατηγοροῦνται
3852 2665 3911 2713 ai

2301 2751 2631 2822 σταυρωταί;
2691 2744 2833 2815 Ὀτι,
2866 2749 3018 2818 νόμον
3071 2750 3162 2798 καί
3203 2751 3468 2819 προφήτας
3524 2746 3914 2821 ἀναγινώσκονο

2297 2854 2401 2903 τες,
2456 2838 2543 2887 τόν
2585 2837 2766 2907 καιρὸν
2813 2842 2907 2897 τῆς
2960 2834 3120 2887 αὐτοῦ
3166 2840 3464 2910 παρουσίας
3513 2839 3908 2912 προκαταγγέλ-

2297 2923 2495 2992 λοντας,
2550 2923 2609 2977 ού
2667 2928 2821 2997 μόνον
2859 2924 2954 2976 ούκ
3006 2926 3236 2996 ἔγνωσαν
3294 2924 3450 2978 αὐτὸν
3498 2924 3626 2979 εἶναι
3677 2930 3766 2980 τὸν
3833 2928 3915 2992 εἰς

2297 3019 2475 3071 κοινὴν
2529 3018 2792 3089 σωτηρίαν
2850 3012 3150 3089 ἐρχόμενον,
3206 3012 3336 3067 ἀλλὰ
3389 3019 3480 3068 καί
3534 3015 3725 3080 πολλὰς
3766 3017 3912 3093 εὐερ-

524 3113 725 3165 torum
742 3109 1178 3165 beneficiorum
1201 3111 1508 3164 auctorem
1529 3106 1587 3163 in
1612 3123 1854 3165 crucem
1876 3107 2186 3165 sublatum

2303 3106 2480 3174 γεσίας
2501 3098 2886 3174 ἐπιδειξάμενον
2909 3100 3100 3155 ἀνεῖλον
3130 3108 3542 3176 σταυρώσαντες.

526 3197 959 3254 exstinxerunt.

603 3311 688 3362 t6.
731 3310 876 3362 Item
908 3306 1077 3363 aiunt
1103 3324 1115 3361 :
1146 3307 1215 3365 Si
1236 3306 1587 3363 maledictus
1610 3309 1697 3362 est
1715 3307 1904 3362 omnis
1925 3307 2032 3378 qui
2046 3321 2186 3375 pen-

528 3396 625 3453 det
658 3397 722 3451 in
752 3397 917 3466 ligno
944 3397 988 3463 ²,
1043 3393 1316 3450 sublatus
1340 3399 1543 3450 autem
1573 3394 1635 3450 in
1661 3410 1899 3450 crucem
1927 3394 2189 3451 Christus

531 3500 779 3558 quoque
808 3483 938 3552 fuit,
963 3483 1060 3539 bie
1089 3482 1314 3555 pariter
1341 3482 1698 3540 maledictus
1729 3488 1839 3539 est.
1874 3484 2189 3549 Quomodo

530 3579 734 3631 autem
784 3590 819 3629 a
858 3572 1180 3629 maledicto
1233 3572 1573 3629 benedictio
1618 3571 1909 3630 dabitur?
1948 3574 2061 3630 Sed
2088 3589 2191 3631 au-

528 3662 704 3718 diunt
730 3678 766 3717 a
796 3661 973 3717 nobis
1004 3678 1018 3717 :
1053 3661 1219 3734 quod
1254 3664 1407 3718 Deus
1435 3678 1627 3735 quum
1650 3667 1827 3731 esset,
1878 3662 2070 3719 factus
2101 3666 2193 3719 est

529 3755 777 3824 propter
795 3766 910 3805 nos
933 3751 1141 3820 homo,
1164 3755 1219 3807 et
1243 3750 1623 3807 inﬁrmitates
1650 3757 1887 3807 nostras
1912 3751 2190 3825 portavit,

531 3844 588 3894 et
616 3839 939 3909 languores
967 3838 1225 3911 pertulit,
1281 3844 1338 3895 et
1393 3844 1646 3895 mortem
1689 3842 1965 3909 gustavit,
1996 3844 2061 3896 ut
2080 3856 2192 3896 nos

531 3930 709 3985 morti
767 3945 838 3985 ac
896 3928 1219 3985 maledicto
1246 3928 1641 3985 subtraheret.
1675 3933 1823 3985 Nam
1877 3930 2189 3998 sententia,

534 4019 659 4084 Quo
691 4020 786 4075 die
816 4019 1213 4085 etmederitis,
1244 4026 1434 4075 morte
1453 4020 1792 4075 moriemini
1811 4020 1872 4089 ³,·
1900 4023 1976 4087 et,
2001 4020 2192 4076 Male-

533 4109 698 4164 dicta
720 4114 884 4164 terra
921 4112 983 4162 in
1010 4107 1286 4176 operibus
1311 4108 1428 4162 tuis
1456 4108 1498 4171 ⁵,
1531 4106 1660 4163 haec
1714 4108 1966 4163 humani
2004 4107 2193 4164 nostri

536 4197 773 4265 generis
793 4194 1027 4266 punitio
1059 4200 1165 4250 est.
1203 4196 1294 4252 Sic
1335 4195 1516 4250 etiam
1561 4195 1901 4251 maledictio
1933 4197 2194 4252 Christus

535 4285 729 4341 dictus
759 4284 887 4347 fuit,
916 4289 973 4338 et
1001 4289 1200 4339 tamen
1240 4300 1277 4339 a
1325 4283 1475 4355 legis
1519 4283 1935 4340 maledictione
1961 4300 2072 4340 nos
2100 4300 2193 4341 re-

536 4373 743 4429 demit.
778 4374 843 4427 Et
873 4372 1028 4427 sicut
1076 4371 1139 4428 in
1191 4371 1427 4428 Adamo
1465 4388 1680 4428 omnes
1710 4374 1930 4429 mortui
1960 4390 2191 4441 sumus,

2374 3296 2461 3362 ις’.
2518 3297 2678 3350 Πάλιν
2730 3297 3000 3369 λέγουσιν·
3063 3297 3124 3351 Εἰ
3176 3296 3560 3375 ίπικατάρατος
3595 3304 3693 3361 πᾶς
3730 3300 3757 3352 ό
3786 3319 3909 3376 κρε-

2299 3390 2525 3461 μάμενος
2566 3386 2653 3439 ἐπί
2712 3386 2892 3457 ξύλου,
2953 3385 3220 3460 ἀνηρτὴθη
3270 3385 3329 3440 δὲ
3354 3389 3494 3440 καίό
3524 3391 3759 3462 Χριστὸς
3815 3392 3910 3444 ἐπί

2303 3477 2472 3548 ξύλου,
2535 3477 2911 3550 ἐπικατάρατος
2966 3478 3070 3552 ἄρα
3123 3482 3215 3529 καί
3265 3477 3408 3538 οὗτός
3464 3476 3595 3535 ἐστι.
3640 3482 3741 3531 Καί
3791 3485 3908 3541 πῶς

2301 3567 2401 3620 ἀπὸ
2455 3574 2547 3619 τοῦ
2604 3564 2986 3639 ἐπικαταράτου
3032 3565 3241 3638 εὐλογία
3271 3563 3592 3632 dae-ticum;
3618 3568 3901 3622 Ἀκούουσι

2303 3653 2361 3710 δὲ
2419 3655 2471 3719 ἐξ
2511 3658 2678 3729 ἡμῶν,
2712 3658 2791 3709 ὃτι
2836 3655 3036 3726 Ὠσπερ
3090 3658 3117 3708 ὁ
3175 3660 3304 3719 θεὸς
3334 3657 3400 3707 ὢν
3450 3661 3627 3729 γέγον’
3658 3654 3732 3710 δι’
3760 3659 3902 3730 ἡμᾶς

2300 3748 2594 3821 ἄνθρωπος,
2666 3750 2756 3798 καί
2816 3748 2909 3809 τὰς
2967 3744 3232 3807 ἀσθενείας
3292 3748 3437 3819 ἡμῶν
3491 3744 3604 3822 ἦρε,
3657 3751 3749 3799 καί
3805 3749 3907 3811 τὰς

2300 3842 2483 3898 νόσους
2536 3835 2816 3905 ἐϐάστασε,
2874 3841 2965 3887 καί
3025 3837 3245 3888 θανάτου
3294 3834 3565 3908 ἐγεύσατο,
3639 3835 3701 3889 ἶν’
3767 3838 3908 3909 ἡμᾶς

2300 3932 2391 3980 καί
2438 3934 2531 3980 τού
2582 3928 2805 3979 θανάτου
2858 3930 2948 3977 καί
2999 3932 3093 3987 τῆς
3151 3926 3385 3999 κατάρας
3438 3923 3787 4000 ἐλευθερώσῃο
3844 3930 3911 3981 τὸ

2301 4019 2424 4091 γὰρ,
2484 4022 2553 4068 Ἥ
2612 4012 2662 4068 δ’

2305 4108 2414 4172 σθε,
2466 4110 2557 4157 καί
2612 4107 2691 4175 τὸ,

2743 4014 2802 4068 ἂν
2866 4010 3044 4088 ἡμέρα
3087 4017 3302 4087 φάγητε,
3366 4016 3570 4087 θανάτῳ
3635 4014 3914 4069 ἀποθανεῖ-

2771 4105 3176 4174 Ἐπικατο’ρατος
3240 4105 3270 4161 ἠ
3332 4111 3401 4175 γῆ
3462 4103 3510 4156 ἐν
3565 4111 3674 4167 τοῖς
3736 4107 3913 4176 ἵργοις

2307 4213 2422 4261 σου,
2474 4202 2574 4246 τῶν
2629 4192 2910 4269 ἀνθρώπων
2974 4195 3117 4265 ἡμῶν
3171 4192 3465 4266 ἐπιτίμιον·
3517 4194 3651 4246 ούτω
3684 4199 3774 4246 καί
3813 4214 3912 4248 κα-

2303 4286 2439 4359 τάρα
2493 4287 2708 4351 ἤκουσε,
2748 4287 2838 4335 καί
2879 4290 2971 4345 τῆς
3024 4281 3079 4335 ἐκ
3129 4291 3219 4336 τοῦ
3264 4289 3424 4356 νόμου
3478 4287 3708 4359 κατάρας
3769 4286 3914 4357 ἡμᾶς

2304 4372 2622 4446 ἐξηγόρασε·
2670 4377 2761 4425 καί
2812 4374 2984 4447 ὥσπερ
3035 4371 3083 4424 ἐν
3127 4381 3199 4443 τῷ
3254 4369 3430 4445 Ἀδὰμ
3475 4376 3657 4435 πάντες
3714 4372 3912 4427 ἀπεθά-

536 4463 621 4518 sic
652 4464 715 4518 in
747 4461 978 4518 Christo
1009 4477 1221 4517 omnes
1244 4462 1541 4517 vivemus.
1590 4462 1745 4518 Licet
1785 4464 1966 4518 etiam
1997 4479 2193 4519 exem-

2303 4482 2470 4536 νομεν,
2517 4463 2678 4525 οὕτως
2728 4461 2776 4514 ἐν
2841 4470 2912 4533 τῷ
2942 4470 3158 4533 Χριστῷ
3183 4463 3365 4522 πάντες
3396 4463 3647 4535 ζήσομεν.
3691 4461 3914 4526 Ἔξεστι

536 4552 638 4625 plo
668 4552 782 4608 hoc
812 4551 1249 4607 demonstrare.
1282 4555 1347 4607 In
1377 4550 1614 4607 deserto
1636 4555 1938 4624 serpentes
1959 4553 2191 4609 morde-

535 4642 687 4699 bant
716 4641 995 4698 Hebrteos
1030 4658 1042 4696 :
1078 4641 1373 4714 serpentis
1414 4645 1635 4712 autem,
1686 4642 1789 4714 qui
1840 4640 1980 4697 olim
2013 4643 2193 4699 male-

537 4732 733 4787 dictus
763 4728 976 4797 fuerat,
1022 4730 1185 4786 facta
1232 4745 1402 4787 aenea
1453 4730 1717 4802 imagine
1747 4734 1998 4803 Moyses,
2028 4732 2191 4803 ligno

536 4836 675 4877 eam
705 4820 1038 4891 suspendit,
1070 4819 1338 4893 dixitque
1368 4836 1381 4874 :
1418 4819 1532 4886 Qui
1578 4836 1616 4876 a
1657 4826 1929 4890 serpente
1962 4838 2192 4878 morsus

534 4912 744 4982 fuerit,
814 4910 896 4965 ad
954 4910 1115 4965 hunc
1152 4915 1482 4979 serpentem
1541 4912 1842 4979 respiciat,
1896 4918 1949 4967 et
1994 4914 2193 4970 salvus

533 5002 635 5070 ﬁet
659 5001 700 5055 ⁵.
736 5001 870 5056 Erat
900 5005 1102 5055 autem
1131 4998 1181 5054 is
1209 5013 1456 5071 serpens
1485 4999 1699 5056 Christi
1727 4999 1941 5072 ﬁgura.

614 5184 699 5235 17.
742 5183 994 5250 Insuper
1030 5177 1111 5234 illi
1144 5178 1311 5235 aiunt
1346 5195 1358 5233 :
1393 5180 1529 5249 Vos,
1556 5178 1890 5248 Christiani,
1940 5181 2021 5239 ita
2067 5197 2196 5238 cru-

539 5284 670 5325 cem
696 5268 1025 5325 honoratis.
1061 5269 1583 5340 quemadmodum
1605 5271 1834 5327 Christo
1864 5272 1974 5345 ipsi
2005 5272 2195 5329 hono-

537 5373 666 5413 rem
699 5354 963 5412 defertis.
995 5357 1191 5428 Atqui,
1224 5373 1337 5413 nos
1378 5358 1708 5429 inquimus,
1737 5359 2041 5416 calumnia
2064 5362 2195 5417 haec

540 5444 860 5503 manifesta
890 5451 996 5502 est.
1032 5449 1180 5503 Nam
1214 5448 1477 5505 Christus
1508 5465 1543 5506 a
1568 5449 1744 5505 nobis
1772 5450 2103 5508 honoratur
2131 5456 2197 5508 ut

2304 4550 2364 4606 δι
2414 4557 2505 4605 καί
2565 4552 2666 4605 ἀπὸ
2721 4549 3153 4627 παραδείγματος
3201 4560 3549 4626 παραστῆσαι
3597 4558 3748 4605 τοῦτο
3781 4569 3795 4581 '
3856 4555 3910 4604 ἑν

2302 4650 2363 4715 τῇ
2435 4641 2609 4715 ἐρήμῳ
2661 4643 2711 4694 οἱ
2756 4645 2889 4713 ὄφεις
2963 4644 3081 4701 τοὺς
3138 4638 3410 4712 Ἐϐραίους
3455 4637 3698 4694 ἔδακνον·
3732 4640 3913 4695 εἰκόνα

2303 4728 2363 4786 δὲ
2418 4731 2625 4804 χαλκῆν
2670 4735 2848 4803 ὄφεως,
2899 4730 2951 4790 ὃς
3002 4727 3377 4801 ἐπικατάρατος
3431 4734 3647 4798 ἤκουσε,
3680 4734 3913 4793 ποιήσας

2301 4829 2528 4887 Μωύσῆ,
2598 4820 2961 4895 ἀνεσταύρωσέ
2985 4837 3039 4871 τε
3072 4823 3297 4886 τουτονί,
3334 4823 3424 4871 καί
3480 4818 3615 4873 εἶπεν
3646 4836 3659 4850 ·
3710 4819 3768 4872 Ὀ
3805 4815 3912 4872 δα-

2302 4918 2543 4985 κνόμενος
2581 4912 2680 4963 ύπό
2749 4914 2908 4983 ὄφεως
2948 4912 3257 4983 προσεχέτω
3299 4911 3468 4980 τούτῳ
3506 4916 3578 4979 τῷ
3646 4913 3776 4982 ὄφει,
3814 4915 3913 4963 καί

2308 5005 2626 5062 σωθήσεται.
2658 5000 2756 5054 Ἦν
2789 4996 2847 5054 δὲ
2877 5000 2902 5052 ό
2921 5003 3034 5072 ὄφις
3064 4999 3214 5060 οὗτος
3242 4997 3515 5061 ἀντίτυπος
3535 5006 3627 5053 τοῦ
3650 5006 3907 5075 Κριστοῦ.

2380 5181 2464 5244 ιζ’·
2513 5184 2648 5257 Πρός
2687 5182 2895 5241 τούτοις
2916 5177 3157 5251 λέγουσιν
3206 5180 3271 5239 ὡς
3314 5178 3487 5252 ’Υμεῖς
3515 5180 3562 5232 οἱ
3599 5185 3917 5255 Χριστιανοὶ

2304 5272 2441 5326 οὕτω
2497 5277 2682 5345 τιμᾶτε
2728 5272 2816 5323 τὸν
2868 5271 3115 5343 σταυρόν,
3159 5269 3330 5329 καθὼς
3384 5270 3490 5341 ἄρα
3542 5274 3633 5321 καί
3673 5272 3761 5321 τόν
3785 5276 3929 5343 Χριο

2308 5366 2426 5415 στὸν
2470 5368 2674 5433 τιμᾶτε.
2738 5366 2900 5412 Τοῦτο
2955 5354 3015 5410 δέ
3061 5356 3174 5410 ἔστι
3230 5364 3551 5431 συκοφαντία
3597 5355 3859 5432 πρόδηλος
3894 5376 3910 5391 ⁸

2306 5453 2331 5503 ό
2372 5453 2460 5524 μὲν
2489 5452 2590 5523 γὰρ
2619 5452 2850 5524 Χριστὸς
2880 5454 3098 5520 τιμᾶται
3142 5448 3265 5523 παρ’
3305 5449 3451 5521 ἡμῶν
3490 5450 3557 5510 ὡς
3598 5450 3748 5520 Θεὸς,
3789 5450 3816 5502 ό
3848 5445 3911 5502 δί

618 5626 638 5662 ί
675 5625 845 5684 toan.
878 5641 937 5697 ι,
966 5626 1177 5701 18,19.
1216 5628 1238 5667 ²
1277 5627 1446 5688 Deut.
1474 5642 1596 5701 xxx,
1618 5631 1717 5700 23;
1748 5626 1935 5689 Galat.
1958 5643 2043 5700 ιιι,
2075 5629 2165 5691 13.

2303 5630 2411 5688 ten.
2435 5642 2503 5699 ιι,
2535 5627 2623 5688 17.
2665 5627 2687 5668 ⁸
2726 5627 2874 5689 Gen.
2901 5640 2986 5701 ιιι,
3018 5629 3102 5689 l7.
3147 5625 3170 5665 ⁸
3208 5627 3386 5692 Num.
3415 5640 3535 5703 ut,
3567 5625 3619 5685 8.
