4136 6390
281 314 393 373 121
1651 303 2003 365 THESAURI
2042 301 2170 363 LIB.
2212 307 2316 364 XX.
3569 317 3671 372 122

284 438 527 511 σταυρὸς
557 438 627 499 ὡς
660 438 798 500 θείας
848 438 1073 510 χάριτος
1128 437 1413 511 μετασχὼν
1444 432 1538 491 διὰ
1566 436 1654 490 τόν
1690 433 1738 487 ἐν
1764 432 1902 504 αὐτῷ

2017 433 2192 501 Deus,
2228 447 2372 491 crux
2401 437 2604 491 autem
2624 447 2735 491 ceu
2754 432 2974 490 divinm
3004 436 3209 506 gratiae
3237 436 3540 512 particeps
3560 443 3670 509 est,

290 527 671 604 σταυρωθῆναι
728 522 1166 599 καταδεξάμενον,
1200 524 1287 598 ἀφ’
1351 526 1412 580 οὗ
1472 521 1539 584 δὴ
1608 526 1695 577 καὶ
1760 520 1902 595 ἑνήρ-

2016 525 2262 593 propter
2291 538 2431 578 eum
2463 523 2566 594 qui
2589 522 2651 578 in
2673 538 2746 579 ea
2774 523 2994 594 conligi
3019 524 3329 593 sustinuit;
3354 542 3462 600 per
3482 543 3671 601 quam

292 634 452 689 γηκε,
497 620 588 668 καὶ
642 615 976 673 καθεκάστην
1024 614 1216 688 ἆνεργεί
1260 614 1426 668 πολλὰ
1478 615 1754 686 θαύματα·
1812 606 1902 663 διὰ

2015 610 2196 667 etiam
2256 611 2535 684 prodigia
2591 611 2779 668 multa
2821 610 3013 668 effecit
3056 617 3113 669 et
3158 615 3425 686 quotidie
3455 616 3661 673 efﬁcit.

293 714 458 758 τοῦτο
494 709 585 758 καὶ
640 708 882 777 τιμητέος
937 704 1064 776 ἡμῖν
1120 705 1147 757 6
1207 707 1448 780 σταυρὸς,
1481 703 1586 775 οὐχ
1630 704 1694 763 ὡς
1734 699 1902 768 ξύλον,

2015 699 2342 771 Propterea
2369 698 2546 756 nobis
2574 698 2936 756 venerabilis
2969 705 3057 757 est
3102 717 3264 771 crux,
3309 718 3432 761 non
3461 710 3670 777 quate-

295 792 418 847 ἀλλ’
454 795 536 848 ὅτι
590 800 665 864 τῷ
716 794 875 847 πάθει
920 801 1016 846 τοῦ
1072 800 1309 869 Χριστοῦ
1363 797 1742 866 κεχαρίτωται.
1767 790 1902 843 Ἐπεὶ

2013 802 2130 843 nus
2160 787 2394 859 lignum
2422 795 2529 853 est,
2560 788 2669 845 sed
2718 788 2863 862 quia
2886 789 3098 846 Christi
3119 791 3392 864 passioni
3420 793 3670 849 inservi-

295 888 397 936 καὶ
441 886 509 936 σὺ
551 881 598 935 ἐν
658 890 734 954 τῷ
783 886 956 936 Min:
1019 886 1445 958 παραγινόμενος,
1483 881 1696 936 κάκεῖσε
1749 879 1902 933 τελῶν

2013 878 2117 934 vit.
2148 880 2420 951 Namque
2444 883 2502 936 et
2546 883 2608 936 tu
2638 882 2897 936 Meccam
2948 880 3273 953 profectus,
3324 881 3530 955 ibique
3571 899 3668 940 sa-

294 975 366 1025 τά
398 968 653 1025 δοκοῦντά
679 990 765 1025 σοι
816 972 989 1047 ὅρκια,
1019 972 1147 1044 οὐχὶ
1175 979 1285 1034 τοῖς
1311 971 1475 1034 λίθοις
1505 974 1595 1024 καὶ
1637 976 1748 1031 τοῖς
1796 973 1902 1022 τοί-

2014 966 2130 1023 cris
2159 968 2373 1024 ritibus
2402 983 2514 1041 pro
2540 973 2642 1026 tuo
2682 968 2851 1026 libito
2900 969 3231 1035 celebratis,
3277 985 3668 1045 nequaquam

298 1070 430 1133 χόες
482 1059 750 1134 ἀπονέμεις
814 1063 873 1113 τό
929 1060 1104 1124 σέϐας,
1136 1059 1265 1113 ἀλλὰ
1314 1068 1387 1133 τῷ
1432 1063 1704 1134 τιμωμένῳ
1753 1058 1802 1111 ἐν
1833 1064 1902 1129 τῷ

2016 1055 2179 1112 saxis
2234 1058 2546 1129 murisque
2589 1056 2816 1113 cultum
2857 1057 3181 1130 impendis,
3212 1056 3319 1116 sed
3369 1059 3424 1116 ei
3473 1059 3578 1131 qui
3606 1059 3669 1116 in

296 1152 469 1203 ἐκεῖσε
508 1152 656 1221 οἴκῳ.
720 1150 1002 1222 ’Λκούομεν
1040 1146 1101 1203 δὲ
1137 1153 1227 1203 καὶ
1282 1153 1350 1212 ὡς
1382 1147 1646 1222 ἁψάμενός
1681 1167 1762 1209 τις
1817 1154 1902 1207 τῆς

2014 1142 2114 1202 illo
2153 1143 2367 1201 colitur
2422 1144 2697 1202 aediﬁcio.
2757 1146 3053 1202 Audimus
3107 1151 3311 1204 autem
3356 1147 3670 1205 hominem

291 1245 516 1310 νομικῆς
570 1237 798 1291 κιϐωτοῦ
872 1244 1225 1313 τετιμώρηται
1257 1253 1271 1268 ⁸
1338 1236 1399 1298 ἦν
1462 1234 1521 1291 δε
1581 1236 1793 1298 κάκείνη
1853 1235 1902 1289 ἐκ

2016 1249 2263 1308 quoque
2301 1233 2493 1303 illum,
2529 1234 2634 1307 qui
2681 1234 2935 1304 legalem
2981 1250 3186 1292 arcam
3230 1236 3442 1306 attigit,
3492 1238 3671 1311 puni-

288 1326 462 1391 ξύλων
519 1332 980 1401 κατεσκευασμένη
1020 1349 1032 1362 ·
1084 1327 1218 1388 πλὴν
1264 1324 1358 1382 διὰ
1425 1332 1518 1386 τὴν
1582 1329 1744 1403 χάριν
1808 1333 1902 1379 τῶν

2018 1327 2186 1391 tum;
2229 1338 2369 1379 cum
2416 1327 2620 1380 tamen
2651 1324 2727 1393 eti
2752 1323 2852 1380 illa
2892 1323 3073 1394 lignis
3119 1329 3276 1381 esset
3314 1330 3673 1399 compacta;

296 1415 654 1489 ἀποκειμένων
708 1416 758 1469 ἐν
809 1417 941 1490 αὐτῇ
993 1417 1124 1471 πολὺ
1180 1420 1240 1471 τὸ
1294 1416 1577 1492 σεϐάσμιον
1621 1418 1762 1489 εἶχεν
1806 1415 1902 1469 ἀπὸ

2018 1410 2127 1468 sed
2171 1417 2415 1485 propter
2457 1428 2659 1469 rerum
2699 1414 2760 1470 in
2806 1429 2879 1469 ea
2927 1417 3341 1471 contentarum
3394 1416 3671 1489 gratiam,

302 1512 465 1560 Θεοῦ.
2018 1502 2278 1559 multum
2306 1502 2360 1559 ei
2385 1502 2689 1573 religionis
2718 1506 2875 1560 Deus
2905 1504 3256 1560 contulerat.

376 1594 469 1653 ιη’.
530 1595 668 1670 Πρὸς
732 1595 810 1657 οἷς
877 1598 1103 1669 εῖπομεν,
1170 1595 1542 1669 ἕπεγκαλοῦσιν
1573 1596 1605 1662 ζ
1625 1596 1752 1669 ἡμῖν
1811 1602 1902 1648 τῶν

2095 1596 2179 1650 t8.
2208 1597 2424 1650 Praeter
2451 1593 2742 1650 hactenus
2771 1594 2952 1659 dicta,
2981 1594 3285 1666 imputant
3314 1592 3679 1665 nobisjman-

293 1683 514 1739 ἐντολῶν
568 1692 665 1738 τοῦ
711 1692 951 1759 Χριστοῦ
1006 1684 1328 1762 παράϐασιν,
1377 1688 1536 1739 κακόν
1581 1684 1692 1738 ἀντὶ
1747 1692 1902 1737 κακοῦ

2022 1682 2304 1739 datorum
2328 1682 2538 1740 Christi
2562 1683 3125 1753 transgressionem,
3153 1683 3296 1756 quia
3316 1681 3544 1739 malum
3564 1699 3676 1756 pro

296 1770 654 1844 ἀποδιδοῦσι,
687 1778 780 1828 καὶ
829 1782 1119 1850 μεριμνῶσι
1172 1779 1292 1849 περὶ
1332 1783 1523 1848 τροφῆς
1565 1778 1656 1827 καὶ
1685 1771 1902 1847 ἐνδύμα-

2025 1771 2186 1829 malo
2205 1771 2542 1835 reddimus,
2575 1777 2632 1829 et
2655 1772 2731 1828 de
2760 1788 2898 1829 esca
2925 1788 2995 1830 ac
3042 1772 3395 1829 vestimento
3446 1771 3679 1829 solliciti

295 1882 383 1925 τος
413 1881 428 1895 ⁸
486 1865 652 1936 φαμὲν
700 1860 788 1916 οὖν
849 1867 915 1927 ὡς
968 1863 1045 1917 Οὐ
1100 1863 1489 1939 παραϐαίνομεν
1527 1867 1612 1917 τόν
1656 1870 1749 1916 τοῦ
1780 1871 1902 1937 Χρι·

2020 1865 2352 1918 sumus.At
2397 1862 2558 1917 enim
2605 1861 3067 1935 respondemus,
3114 1876 3506 1934 nequaquam
3564 1877 3677 1918 nos

299 1958 432 2005 στοῦ
472 1956 652 2025 νόμον,
682 1956 807 2016 τοὺς
853 1952 1075 2028 ἕχθροὺς
1102 1955 1251 2026 ἡμῶν
1297 1958 1389 2007 καὶ
1425 1960 1594 2006 ταῦτα
1636 1955 1757 2015 τοὺς
1796 1951 1902 2006 ἀπί-

2023 1949 2234 2007 Christi
2259 1949 2453 2020 legem
2499 1950 2859 2021 transgredi,
2908 1950 3055 2006 dum
3110 1949 3313 2006 hostes
3356 1953 3595 2006 nostros
3623 1955 3679 2008 et

291 2060 459 2103 στους
520 2041 858 2115 ἀμυνόμενοι,
914 2040 1045 2095 ἀλλὰ
1109 2041 1304 2115 μᾶλλον
1368 2041 1663 2118 πληροῦμεν
1702 2044 1761 2093 τό
1827 2037 1902 2094 δί-

2023 2039 2327 2112 ρτωοὶρυο
2359 2039 2629 2096 infideles
2665 2038 3024 2096 ulciscimur.
3055 2041 3247 2095 Monet
3275 2038 3435 2095 enim
3466 2037 3582 2106 lex,
3615 2043 3677 2095 ut

292 2149 477 2183 καιον·
508 2138 752 2203 παραινεῖ
779 2133 882 2204 γὰρ
926 2132 953 2184 6
998 2134 1152 2204 νόμος
1210 2139 1316 2192 τοῖς
1364 2131 1487 2204 ἡμῖν
1539 2130 1718 2192 αὐτοῖς
1767 2149 1902 2183 πται-

2022 2127 2096 2184 iis
2141 2128 2247 2200 qui
2289 2128 2465 2185 nobis
2496 2128 2798 2201 supplices
2852 2126 3006 2184 ﬁunt
3047 2142 3405 2201 parcamus;
3458 2127 3677 2199 injuste

290 2238 423 2273 ουσι
492 2227 813 2294 συγχωρεῖν,
854 2227 960 2281 τοῖς
1052 2215 1103 2273 δ’
1160 2216 1563 2293 ἁδικουμμένοις
1620 2217 1902 2292 ἐπαμύνειν

2024 2222 2227 2275 autem
2274 2217 2582 2291 oppressis
2633 2233 2812 2290 opem
2847 2218 3128 2274 feramus.
3172 2219 3290 2274 Hoc
3319 2216 3500 2273 etiam
3524 2218 3678 2274 Deus

291 2313 470 2363 Τοῦτο
504 2304 566 2361 δὲ
615 2313 707 2361 καὶ
754 2309 781 2360 6
826 2312 956 2371 Θεὸς
1000 2308 1234 2375 ἐποίησε,
1286 2313 1676 2371 καταποντίσας
1729 2311 1902 2383 Φαραὰ

2024 2307 2165 2377 egit,
2193 2322 2331 2363 cum
2375 2306 2749 2363 Pharaonem
2804 2306 3190 2363 Hebrseorum
3239 2306 3474 2363 hoStem
3526 2307 3680 2362 mari

292 2402 386 2449 τόν
439 2404 550 2458 τοῖς
600 2396 856 2471 Ἑϐραίοις
915 2398 1156 2471 πολέμιον
1190 2415 1202 2428 ·
1266 2400 1490 2473 καὶγὰρ
1549 2399 1575 2450 6
1606 2393 1790 2467 Δαϐὶδ,
1824 2399 1902 2449 Νί-

2025 2396 2373 2454 submersit.
2423 2399 2571 2453 Tum
2620 2397 2799 2453 etiam
2861 2396 3089 2452 David:
3131 2394 3432 2461 Lavabor,
3463 2395 3677 2469 inquit,

295 2485 493 2558 ψομαι,
564 2491 746 2559 φησὶν,
839 2487 887 2540 ἐν
977 2488 1165 2560 αἵματι
1238 2487 1546 2561 ἁμαρτωλοῦ
1589 2507 1603 2521 ο
1679 2484 1902 2557 ἀλλαχοί

2022 2491 2087 2544 in
2117 2488 2416 2556 sanguine
2441 2487 2774 2556 peccatoris
2806 2488 2847 2542 σ.
2870 2489 2936 2542 Et
2975 2490 3176 2542 tamen
3207 2483 3349 2541 alibi
3378 2484 3681 2558 psallens:

302 2573 539 2644 φαλλῶν.
608 2575 672 2628 Εἰ
733 2573 1081 2630 ἁνταπέὸωκα
1150 2584 1256 2639 τοῖς
1334 2571 1756 2629 ἀνταποδιδοῦσι
1823 2593 1902 2647 μοι

2020 2578 2087 2635 Si
2105 2577 2380 2644 retribui,
2413 2576 2626 2649 inquit,
2660 2575 3128 2633 retribuenlibus
3149 2575 3508 2641 mihimata,
3532 2574 3688 2632 deci-

302 2666 462 2734 κακὰ,
526 2663 850 2738 ἁποπέσοιμι
935 2664 1036 2719 ἀπὸ
1119 2675 1219 2718 τῶν
1302 2665 1505 2742 ἐχθρῶν
1579 2684 1681 2737 μου
1747 2668 1902 2727 κενός.

2020 2667 2159 2723 dam
2190 2667 2397 2737 utique
2427 2665 2504 2722 ab
2533 2666 2794 2721 inimicis
2818 2667 2959 2721 meis
2985 2666 3185 2720 inanis
3207 2664 3249 2718 ⁷.
3285 2662 3404 2718 Illic
3435 2662 3541 2719 zeli
3581 2663 3683 2719 de-

295 2752 500 2807 Ἐκείνο
549 2760 640 2807 τοῦ
697 2754 857 2815 ζήλου
924 2752 1143 2819 ἔνδειξις
1214 2754 1245 2814 ἦ
1308 2755 1613 2829 ἐμπύρευμα
1661 2750 1722 2812 ἦν
1776 2754 1902 2805 κατᾶ

2018 2755 2375 2813 monstratio
2398 2761 2454 2812 et
2503 2755 2684 2811 ardor
2711 2761 2837 2811 erat
2883 2754 3175 2811 adversus
3208 2768 3310 2809 eos
3349 2752 3453 2827 qui
3484 2753 3678 2809 noxiis

288 2850 402 2894 τῶν
433 2846 729 2915 χαιρόντων
783 2851 901 2907 ταῖς
954 2842 1314 2897 κοινοϐλαϐἐσι
1362 2842 1605 2919 πραξεσι·
1648 2850 1801 2896 τοῦτο
1852 2837 1902 2895 δέ

2016 2845 2103 2901 rei
2132 2842 2388 2917 publicae
2442 2842 2675 2899 actibus
2725 2842 3137 2899 delectantur:
3172 2841 3269 2896 hic
3294 2844 3496 2896 autem
3529 2856 3673 2910 erga

292 2937 403 2981 τῶν
462 2930 633 3002 ἐκείνῳ
678 2937 1108 3006 προσπταιόντων
1167 2936 1538 3007 συγχωρησίς·
1595 2935 1685 2984 καὶ
1746 2930 1902 2992 ἄλλως

2018 2933 2133 2989 sibi
2160 2932 2462 3005 supplices
2491 2931 2886 3001 indulgentia.
2915 2929 3093 2987 Aliter
3134 2944 3378 3002 quoque
3410 2927 3524 2984 hoc
3569 2944 3670 2984 ex-

302 3014 369 3070 δὲ
438 3018 616 3071 εἰπεῖν·
669 3019 726 3072 ’0
780 3024 873 3094 μὲν
921 3024 1203 3097 κατάρχων
1261 3021 1487 3082 πολέμου
1535 3025 1625 3073 καὶ
1689 3016 1905 3082 ἀδικίας

2012 3022 2262 3097 planarc
2310 3020 2468 3078 licet.
2520 3020 2809 3078 Nimirum
2868 3018 2971 3092 qui
3026 3017 3166 3074 belli
3197 3021 3252 3072 et
3308 3016 3665 3089 injuriarum

295 3110 393 3158 καὶ
461 3110 615 3179 νόμον
672 3109 997 3183 παραϐαίνει,
1038 3116 1129 3165 καὶ
1195 3114 1288 3169 τὴν
1344 3113 1497 3183 φύσιν
1564 3109 1751 3163 ἀθετεῖ·
1786 3110 1812 3161 6
1843 3105 1902 3162 δε

2016 3111 2245 3168 initium
2279 3108 2438 3182 facit,
2471 3108 2567 3165 hic
2596 3108 2789 3178 legem
2823 3106 3279 3179 transgreditur,
3305 3108 3662 3163 etnaturam

283 3195 431 3247 κατὰ
460 3202 553 3247 τοῦ
603 3202 838 3252 τοιούτου
888 3198 1224 3273 ὀπλιζόμενος
1282 3203 1373 3252 καὶ
1416 3203 1511 3257 τὴν
1561 3200 1715 3271 φύσιν
1759 3195 1899 3260 ἐλεεῖ,

280 3287 381 3337 καὶ
436 3287 577 3339 κατὰ
632 3291 690 3340 τό
756 3283 981 3342 δυνατόν
1048 3288 1376 3361 ἐξομοιοῦται
1442 3296 1578 3360 Θεῷ,
1646 3286 1905 3350 Ἐξέλεσθε

283 3376 506 3446 πτωχόν
577 3380 669 3429 καὶ
723 3381 941 3447 πένητα,
1009 3377 1229 3450 λέγοντι,
1294 3377 1348 3431 ἐκ
1413 3381 1598 3452 χειρὸς
1663 3376 1905 3453 ἁμαρτω-

285 3462 381 3514 λοῦ
432 3464 673 3537 ῥύσασθε
730 3467 907 3523 αὐτόν.
964 3470 1035 3521 T6
1088 3464 1168 3537 δε,
1224 3471 1309 3526 Μὴ
1373 3471 1732 3539 μεριμνήσητε
1789 3487 1905 3543 τρο-

283 3559 390 3624 φῆς
451 3556 545 3604 καί
603 3551 915 3628 ἐνδύματος,
978 3564 1086 3618 τοῖς
1151 3555 1464 3617 ἀποστόλοις
1535 3551 1900 3629 διατέτακται,

279 3642 348 3700 ὡς
412 3639 474 3692 ἄν
529 3646 664 3714 μήτε
721 3644 773 3697 ἐν
834 3645 1038 3719 μεγάλῳ
1067 3650 1200 3719 μήτε
1258 3644 1307 3698 ἐν
1364 3653 1537 3718 μικρῷ
1609 3651 1904 3716 καταγινώ-

288 3747 555 3782 σκωνται·
619 3732 737 3786 Ἐὰν
793 3738 895 3809 γὰρ
968 3740 1026 3788 τό
1096 3735 1226 3798 ἅλας
1276 3736 1548 3808 μωρανθῇ,
1620 3740 1799 3807 φησίν,
1857 3733 1906 3788 ἐν

287 3823 392 3871 τίνι
453 3819 841 3892 ἁλισθήσεται;
911 3824 1050 3883 Πλὴν
1127 3821 1249 3878 οὐδὲ
1300 3829 1394 3883 τὴν
1454 3828 1640 3896 χρείαν
1701 3823 1905 3896 ἀπανθ’

294 3909 453 3981 ρεύει,
490 3908 618 3963 ἀλλὰ
672 3914 741 3966 τὰ
801 3915 1016 3988 περιττά
1045 3928 1060 3944 °
1116 3913 1294 3967 πολλοί
1325 3911 1384 3967 δὲ
1439 3922 1536 3965 τῶν
1591 3914 1753 3965 πάλαι
1778 3922 1908 3987 Χρι-

290 4006 535 4070 στιανῶν,
557 4006 653 4055 καί
679 4010 783 4056 τῶν
843 4008 1070 4078 σήμερον
1127 4001 1186 4057 δε
1239 4003 1333 4057 οὐκ
1382 4003 1567 4074 ὀλίγοι,
1621 4009 1897 4075 γεγόνασιν

284 4093 377 4144 καί
424 4092 531 4147 εἰσί
575 4101 681 4145 τῶν
738 4092 954 4166 ὑψηλῶν
1001 4096 1195 4147 τούτων
1244 4099 1334 4147 καί
1398 4093 1633 4167 μεγάλων
1684 4093 1892 4147 ἐντολῶν

271 4184 518 4259 φύλακες.

337 4365 361 4400 ⁶
398 4362 568 4422 Psal.
602 4379 745 4431 Lm,
784 4366 868 4420 t0.
950 4363 971 4396 τ
1014 4360 1168 4419 Psal.
1210 4378 1312 4431 vn,
1340 4366 1392 4418 5.

1473 4362 1495 4398 ⁸
1535 4361 1687 4419 Psal.
1718 4378 1904 4432 Lini,
1932 4363 1983 4419 4.

2013 3200 2214 3259 abolet
2245 3216 2258 3255 :
2291 3199 2395 3272 qui
2422 3202 2624 3254 autem
2682 3197 2975 3254 adversus
3026 3197 3187 3252 hunc
3240 3210 3412 3252 arma
3459 3194 3663 3262 sumit,

2012 3295 2245 3347 naturae
2276 3287 2389 3345 fert
2430 3302 2631 3359 opem,
2666 3292 2723 3344 et
2751 3303 2860 3359 pro
2899 3285 3130 3343 viribus
3170 3287 3289 3342 Deo
3318 3288 3668 3356 exaequetur

2013 3378 2233 3436 dicenti
2266 3396 2279 3433 :
2324 3378 2545 3448 Eripite
2571 3392 2897 3448 pauperem
2955 3382 3009 3435 et
3048 3390 3333 3445 egenum;
3387 3372 3453 3430 de
3479 3389 3668 3429 manu

2012 3469 2343 3541 peccatoris
2364 3468 2556 3523 eruite
2593 3468 2769 3523 illum
2802 3467 2844 3522 ⁸.
2882 3468 3008 3524 Jam
3056 3464 3247 3520 illud:
3293 3464 3386 3520 Ne
3425 3463 3500 3519 de
3540 3478 3667 3519 esca

2014 3566 2118 3616 aut
2144 3558 2218 3614 de
2237 3558 2582 3613 vestimento
2609 3556 2858 3612 solliciti
2877 3556 3006 3610 sitis
3027 3556 3071 3620 θ,
3098 3551 3387 3628 apOstolis
3412 3550 3668 3607 manda-

2015 3652 2140 3703 tum
2175 3646 2301 3716 fuit,
2331 3650 2397 3701 ut
2444 3660 2640 3717 neque
2671 3644 2728 3699 in
2764 3643 3048 3715 gravibus
3074 3657 3270 3715 neque
3296 3641 3355 3698 in
3404 3638 3669 3697 minimis

2014 3735 2585 3792 condemnarentur.
2619 3735 2774 3790 Nam
2805 3733 2858 3789 si
2911 3732 3024 3799 sal,
3057 3732 3271 3804 inquit,
3305 3732 3667 3801 infatuetur,

2016 3828 2078 3882 in
2103 3840 2218 3896 quo
2246 3823 2500 3879 satietur
2520 3824 2604 3878 -°?
2634 3824 2923 3879 Caeterum
2951 3820 3117 3877 haud
3145 3836 3320 3875 usum
3347 3823 3530 3884 vetat,
3563 3818 3668 3873 sed

2016 3912 2508 3986 superﬂuitatem.
2564 3911 2723 3968 Multi
2776 3915 2975 3966 autem
3049 3907 3361 3965 Christiani
3414 3910 3666 3973 veteres,

2011 4019 2208 4076 neque
2238 4002 2415 4074 pauci
2443 4000 2620 4055 etiam
2654 3999 2855 4069 hodie,
2883 3997 3180 4053 celsorum
3212 3993 3566 4066 hujusmodi
3594 4009 3666 4050 ac

2007 4108 2371 4164 magnorum
2402 4094 2836 4164 praeceptorum
2871 4087 3261 4144 observantes
3279 4086 3538 4141 fuerunt.

2062 4363 2084 4398 '
2126 4364 2263 4418 Luc.
2299 4363 2512 4429 xrr,22.
2591 4358 2638 4394 ¹⁰
2681 4357 2955 4425 Matth.v,
2990 4359 3071 4413 l3.
