4136 6410
469 333 568 390 123

1802 322 2087 381 ΝῙΟΕΤᾹΕ
2124 314 2494 380 ΟἩΟΝΙΑΤᾸΕ

3734 332 3837 384 124

1642 676 1950 795 ΤΟΥ
2023 675 2639 793 ΝΙΚΗΤΑ

748 920 938 971 ΤΑΞῙΣ
980 920 1329 970 ΙΊΝΟΜΕΝΒ
1372 920 1481 968 ΕΠΙ
1520 919 1671 967 ΤΟΙΣ
1710 918 1848 966 ΑΠΟ
1888 914 2297 967 ΣΑΡΑΚΗΝΩΝ
2339 918 2803 966 ΕΠΙΣΤΡΕΦΟΥΣΙ
2847 921 3013 968 ΠΡΟΣ
3053 922 3186 969 ΤΗΝ
3229 923 3549 972 ΚΑΘΑΡΑΝ

1343 990 1456 1039 ΚΑΙ
1498 991 1734 1039 ΔΛΗΘΗ
1777 990 1998 1039 ΠῙΣἸΊΝ
2041 991 2233 1038 ΗΜΩΝ
2268 990 2400 1037 ΤΩΝ
2444 990 2851 1039 ΧΡΙΣἹῚΑΝΩΝ
2880 987 2978 1057 (1).

1897 1292 2408 1421 NlCET/E

548 1510 776 1574 0RDO
850 1510 997 1585 QUI
1069 1509 1648 1572 OBSERVATUR
1719 1508 2005 1572 SUPER
2074 1507 2190 1570 IIS
2263 1508 2410 1583 QUI
2477 1512 2525 1568 A
2598 1509 3083 1572 SARACENIS
3159 1513 3272 1573 AD
3345 1512 3755 1574 NOSTRAM

787 1589 1515 1653 CHRISTIANORUM
1561 1589 1873 1652 PURAM
1917 1588 2403 1663 VERAMQUE
2454 1589 2717 1651 FIDEM
2767 1589 2867 1651 SE
2913 1592 3511 1655 CONVERTUNT.

1155 1776 1260 1846 (Ex
1294 1775 1597 1847 Sylburgii
1625 1775 2023 1843 Saracenicis,
2055 1774 2245 1830 ιιι-12.
2287 1773 2544 1831 Colonias
2575 1775 2918 1848 Agrippina
2958 1779 3143 1848 1595.)

2113 1937 2196 1953 —

538 2094 804 2153 Primum
833 2096 884 2154 is
912 2096 1019 2171 qui
1062 2095 1142 2153 ad
1185 2102 1410 2154 rectam
1467 2095 1651 2154 ﬁdem
1695 2095 1947 2166 accedit,
1969 2095 2125 2167 jeju-

2309 2100 2720 2171 Προηγουμένως
2770 2100 2861 2169 μὲν
2910 2097 2936 2147 6
2966 2102 3199 2171 προσιὼν
3225 2105 3287 2169 τῇ
3321 2097 3448 2171 ὀρθῇ
3508 2104 3687 2151 πίστει
3742 2120 3841 2156 νη-

469 2188 576 2243 nat
599 2183 680 2241 ad
710 2184 868 2241 duas
903 2184 1296 2259 septimanas,
1328 2184 1699 2259 doceturque
1742 2184 1919 2241 nobis
1948 2200 1985 2241 a
2024 2186 2136 2240 Do-

467 2273 642 2330 mino
674 2278 884 2331 nostro
935 2276 1075 2330 Jesu
1125 2273 1358 2332 Christo
1406 2274 1467 2330 in
1512 2274 1733 2331 divinis
1792 2274 2136 2346 sanctisque

470 2362 801 2433 evangeliis
832 2362 1113 2421 traditam
1160 2364 1590 2437 precationem,
1621 2369 1679 2421 et
1710 2379 1950 2420 sacrum
1994 2355 2136 2419 ﬁdei

464 2450 1067 2524 symbolum.Deinde
1093 2452 1380 2509 sacerdos
1406 2452 1841 2510 sacerdotalem
1870 2452 1985 2509 sibi
2016 2457 2133 2509 sto-

467 2541 593 2599 lam
643 2541 1132 2614 circumponens,
1163 2542 1223 2599 in
1261 2542 1706 2616 baptisterium,
1737 2541 2137 2617 praesentibus

474 2629 660 2688 etiam
689 2630 822 2688 aliis
860 2630 1164 2698 ﬁdelibus,
1190 2636 1489 2705 quotquot
1545 2631 1765 2688 adesse
1818 2631 2136 2698 voluerint,

472 2720 725 2777 arcessit
765 2718 980 2777 illum:
1048 2725 1105 2777 et
1159 2726 1297 2778 ante
1348 2726 1624 2778 sanctam
1664 2721 1961 2794 piscinam
1994 2737 2132 2777 eum

471 2813 696 2866 retecto
718 2810 911 2883 capite
945 2813 1237 2877 statuens,
1263 2810 1343 2866 ad
1372 2811 1575 2884 ipsum
1610 2810 1722 2867 ait:
1771 2813 1855 2867 Tu
1890 2809 1987 2868 ille
2029 2809 2133 2882 qui

472 2913 509 2955 a
536 2897 854 2955 Saracenis
873 2898 1054 2955 hodie
1076 2898 1155 2955 ad
1179 2897 1651 2956 Christianorum
1673 2900 1855 2956 ﬁdem
1877 2898 2134 2963 accedis,

473 3003 598 3045 non
630 2987 689 3045 vi
719 2988 924 3062 aliqua
950 2987 1039 3045 vel
1092 2989 1470 3060 necessitate,
1504 3004 1702 3062 neque
1746 2988 1887 3044 dolo
1925 2994 2030 3045 aut
2054 2988 2132 3044 si-

476 3076 830 3144 mulatione,
853 3077 959 3133 sed
984 3081 1107 3134 toto
1138 3078 1369 3146 animo,
1398 3077 1577 3133 corde
1599 3093 1756 3150 puro
1785 3093 1858 3133 ac
1900 3076 2133 3140 sedulo.

473 3164 769 3222 Christum
821 3165 1161 3239 Christique
1209 3164 1395 3222 ﬁdem
1441 3170 1729 3222 amante:
1784 3166 1984 3242 [dic,]
2031 3169 2136 3223 Re-

468 3253 686 3309 nuntio
738 3254 843 3311 toti
903 3255 1343 3311 Saracenorum
1398 3254 1693 3324 religioni,
1742 3255 2135 3312 anathemati-

470 3358 662 3414 zoque
685 3342 1081 3411 Moamedem,
1102 3343 1203 3415 qui
1230 3349 1288 3399 et
1311 3343 1653 3401 Muchumet
1674 3344 1922 3413 dicitur;
1949 3362 2133 3420 quem

471 3430 753 3487 Saraceni
776 3435 841 3487 ut
862 3430 964 3486 Dei
984 3430 1327 3503 apostolum
1346 3438 1403 3487 et
1425 3433 1784 3506 prophetam
1809 3433 2129 3490 honorant.

469 3519 697 3593 Illoque
727 3521 1111 3586 assentiente,
1153 3520 1490 3595 eademque
1524 3522 1712 3579 verba
1749 3522 2004 3591 dicente,
2038 3522 2131 3581 vel

472 3625 581 3684 per
611 3625 694 3681 se,
723 3609 817 3666 vel
875 3625 982 3682 per
1030 3609 1439 3681 interpretem,
1473 3611 1521 3667 si
1566 3613 1695 3684 ipse
1738 3613 1935 3669 Graece
1965 3612 2131 3685 loqui

469 3698 718 3765 nesciat,
748 3697 844 3755 vel
866 3714 973 3771 per
1002 3703 1409 3771 susceptorem
1448 3717 1651 3770 suum,
1684 3702 1734 3757 si
1791 3706 1879 3759 est
1929 3717 2081 3773 puer
2113 3719 2127 3758 :

468 3803 711 3845 rursum
740 3787 1019 3845 sacerdos
1072 3787 1247 3845 infert
1290 3789 1641 3862 sequentia:
1691 3790 2032 3863 iterumque
2062 3790 2130 3847 ﬁt

468 3876 786 3949 responsio
813 3876 887 3933 ad
923 3877 1184 3933 eundem
1232 3878 1511 3935 modum.
1566 3882 1833 3952 Totoque
1884 3880 2128 3937 anathe-

468 3965 754 4023 matismo
775 3965 1097 4040 completo,
1126 3966 1423 4023 diaconus
1456 3967 1558 4034 ait,
1600 3968 1645 4023 A
1681 3969 1926 4024 Domino
1952 3975 2127 4038 peta-

467 4070 643 4111 mus:
684 4062 740 4111 et
769 4053 1055 4128 pOpulus.
1090 4050 1357 4122 Domine,
1408 4057 1709 4123 miserere,
1755 4062 1813 4112 et
1867 4073 2003 4128 quae
2036 4073 2128 4113 se-

468 4147 716 4215 quntur,
742 4146 807 4199 Et
835 4148 974 4211 post
999 4143 1213 4211 Amen,
1240 4160 1379 4199 eum
1433 4143 1676 4212 signans
1731 4143 1974 4201 dimittit
2004 4163 2018 4212 ;
2072 4151 2131 4201 et

469 4230 568 4287 die
597 4230 951 4303 insequente
976 4236 1410 4287 annumeratur
1429 4232 1900 4288 catechumenis.

543 4586 617 4659 (1)
644 4584 991 4659 Catech‘esis
1008 4584 1125 4642 ista
1156 4587 1591 4659 Saracenorum
1615 4587 1694 4643 ad
1723 4586 2127 4659 Christianam

467 4655 654 4713 ﬁdem
686 4656 1124 4726 accedentium,
1158 4672 1189 4711 e
1246 4673 1367 4712 ms.
1413 4655 1693 4714 Palatinas
1746 4656 2127 4714 bibliothecae

467 4727 625 4785 libro
656 4728 800 4802 satis
848 4733 1048 4802 vetere
1105 4728 1431 4802 desumpta
1470 4735 1599 4802 est:
1650 4730 1710 4785 in
1742 4746 1865 4802 quo
1921 4730 2126 4786 multae

471 4804 615 4871 sunt
631 4798 1407 4871 ejusmodiconstitutioues
1435 4800 1556 4855 sive
1579 4798 2008 4869 ordinationes,
2032 4818 2128 4856 su-

469 4886 576 4943 per
606 4869 679 4927 iis
700 4870 804 4997 (ἦξὶ
831 4869 909 4926 ab
935 4869 1147 4926 haeresi
1164 4869 1385 4941 aliqua,
1409 4871 1768 4940 gentilismo,
1791 4873 2125 4939 Judaismo,

470 4949 527 4997 et
556 4942 728 4997 simili
781 4958 871 4997 us.
905 4941 984 4996 ad
1023 4941 1416 4997 Christianam
1449 4942 1793 4997 religionem
1844 4960 1972 4997 sese
2020 4959 2125 4997 au-

470 4941 527 4998 et
556 4941 871 5006 similibus,
905 4941 984 4996 ad
1023 4941 1416 4997 Christianam
1449 4942 1793 5009 religionem
1844 4960 1972 4998 sese
2020 4959 2125 5012 ag-

469 5019 754 5086 gregant:
806 5029 1001 5086 quam
1044 5020 1101 5068 et
1140 5014 1352 5086 Nicetes
1402 5013 1705 5086 Chonialae
1752 5015 2126 5086 temporibus

469 5083 598 5157 sub
636 5083 921 5157 Manuelis
973 5083 1259 5141 Comneni
1309 5084 1566 5157 imperio
1619 5086 1681 5141 in
1739 5083 2122 5154 usu—fuisse,

465 5155 626 5212 infra
653 5156 987 5212 docebitur.

542 5226 619 5299 (2)
659 5229 799 5282 Post
824 5231 1006 5299 πίστιν
1054 5225 1545 5299 subaudiendum
1588 5226 1724 5299 λέγε,
1778 5227 1873 5283 vel
1929 5228 2124 5284 simile

467 5296 648 5367 quid;
673 5298 962 5370 sacerdos
984 5297 1144 5352 enim
1166 5296 1261 5352 hic
1281 5296 1851 5370 baptizando'verba
1870 5299 2121 5356 solemni

466 5367 851 5439 moreprmit.

538 5440 618 5508 (3)
640 5436 703 5492 In
738 5436 1273 5511 Constitutionibus
1306 5438 1417 5511 illis
1439 5456 1574 5511 quae
1605 5442 1658 5497 S.
1702 5440 2124 5511 Apostolorum

469 5524 602 5563 esse
633 5507 1042 5579 perhibentur.
1067 5525 1124 5578 p.
1160 5512 1272 5569 l33,
1305 5507 1513 5566 similis
1540 5507 1798 5566 formula
1821 5518 1931 5566 est.
1964 5511 2125 5572 Εὔξει-

472 5580 583 5650 σθε,
651 5581 699 5630 οἱ
750 5582 1161 5650 κατηχούμενοιο
1229 5585 1319 5650 καὶ
1394 5585 1576 5643 πάντες
1639 5584 1687 5633 οὶ
1749 5587 1932 5634 πιστοί
1992 5586 2126 5633 κατὰ

469 5646 705 5702 διάνοιαν
743 5646 1079 5723 ὑπὶραῦτὼν
1117 5647 1623 5725 προσευχέσθωσαν,
1654 5653 1901 5724 λέγοντες,
1945 5659 2121 5728 Rupis,

2247 2188 2416 2239 στεύει
2469 2184 2552 2237 ἐπὶ
2628 2182 2926 2259 ἑϐδομάδας
2965 2182 3083 2256 δύο,
3139 2191 3229 2239 καὶ
3269 2182 3587 2240 διδάσκεται
3649 2193 3744 2247 τὴν
3794 2188 3843 2240 ἐν

2242 2282 2353 2336 τοῖς
2412 2276 2570 2336 θείοις
2644 2279 2734 2326 καὶ
2801 2274 2971 2347 ἁγίοις
3044 2275 3377 2347 Εὗαγγελίοις
3448 2273 3845 2351 παραδοθεῖσαν

2243 2366 2368 2437 ἡμῖν
2414 2366 2515 2416 ὑπὸ
2564 2373 2656 2417 τοῦ
2691 2368 2885 2437 Κυρίου
2942 2367 3087 2436 ἡμῶν
3120 2366 3296 2423 Ἰησοῦ
3330 2374 3564 2441 Χριστοῦ
3621 2386 3849 2441 προσευ-

2243 2458 2370 2527 χὴν,
2406 2458 2495 2505 καὶ
2547 2457 2606 2506 τό
2665 2455 2797 2528 ἱερὸν
2844 2460 2940 2513 τῆς
2982 2458 3208 2514 πίστεως
3259 2454 3534 2526 σύμϐολον·
3571 2452 3682 2509 εἶτα
3705 2475 3849 2530 περι-

2242 2544 2505 2614 τιθέμενος
2570 2547 2665 2600 τὴν
2735 2544 2996 2614 ἱερατικὴν
3066 2542 3253 2600 στολὴν
3319 2546 3344 2595 6
3415 2546 3590 2615 ἱερεὺς,
3661 2546 3708 2596 ἐν
3775 2553 3852 2616 τῷ

2247 2630 2642 2704 βαπτιστηρίῳ,
2690 2636 3067 2704 συμπαρόντων
3121 2636 3209 2684 καὶ
3267 2632 3447 2707 ἐτέρων
3500 2642 3700 2685 πιστῶν
3731 2635 3852 2685 ὅσοι

2246 2719 2545 2793 βούλονται,
2598 2720 2965 2793 μετακαλεῖται
3008 2728 3222 2773 τοῦτονο
3257 2726 3346 2773 καὶ
3393 2723 3549 2773 ἱστῶν
3599 2726 3696 2795 πρὸ
3751 2730 3851 2784 τῆς

2244 2808 2395 2880 ἁγίας
2454 2810 2818 2884 κολυμϐήθρας
2879 2809 3291 2882 ἁπερικαλυπτον
3364 2813 3556 2881 ἔχοντα
3619 2815 3710 2869 τὴν
3769 2831 3854 2864 κε-

2244 2899 2428 2971 φαλὴν,
2461 2904 2592 2972 φησι
2633 2904 2762 2975 πρὸς
2812 2899 2987 2951 αὐτόν’
3020 2898 3077 2952 Ὀ
3127 2896 3273 2952 δεῖνα
3320 2901 3344 2951 6
3403 2898 3503 2952 ἀπὸ
3535 2907 3850 2973 Σαρακηνῶν

2246 2994 2471 3064 σήμερον
2528 2994 2949 3065 προσερχόμενος
3007 2997 3069 3061 τῇ
3129 2993 3306 3041 πίστει
3346 2998 3445 3041 τῶν
3512 2996 3851 3062 Χριστιανῶν

2242 3077 2337 3129 οὐκ
2366 3079 2421 3128 ἔκ
2451 3097 2584 3138 τινος
2616 3076 2739 3150 βίας
2769 3082 2798 3136 ἧ
2852 3078 3049 3148 ἀνάγκη
3063 3100 3102 3144 ς,
3141 3074 3265 3131 οὐδὲ
3297 3076 3397 3129 ἀπὸ
3448 3074 3603 3131 δόλου
3658 3079 3685 3136 ἦ
3720 3080 3851 3129 υπο-

2241 3171 2482 3241 κρίσεως,
2513 3165 2620 3219 ἀλλ’
2675 3165 2727 3229 ἐξ
2775 3166 2896 3228 ὅλης
2941 3166 3123 3238 ψυχῆς
3181 3172 3269 3220 καὶ
3334 3163 3557 3240 καρδίας
3611 3168 3854 3240 καθαρᾶς

2241 3260 2331 3308 καὶ
2384 3252 2598 3322 ἀδόλου,
2631 3257 2718 3308 τὸν
2761 3258 2992 3329 Χριστόν
3052 3253 3344 3326 ἀγαπώσης
3395 3260 3486 3307 καὶ
3533 3260 3628 3313 τὴν
3685 3254 3853 3307 αὑτοῦ

2241 3350 2423 3397 πίστιν
2445 3347 2541 3413 (2).
2602 3343 3003 3415 Ἀποτςίσσομαι
3054 3346 3201 3417 πείσῃ
3250 3352 3313 3416 τῇ·
3373 3354 3473 3396 τῶν
3534 3351 3851 3418 Σαρακηνῶν

2173 3447 2214 3500 Β
2246 3434 2519 3506 θρησκεία,
2560 3438 2649 3485 καὶ
2706 3431 3073 3505 ἀναθεματίζω
3126 3430 3361 3506 Μωοὶμεδ
3416 3437 3501 3485 τὸν
3564 3438 3652 3485 καὶ
3700 3439 3850 3487 Μου-

2239 3526 2464 3594 χούμετ,
2530 3520 2582 3573 ὃν
2663 3521 2712 3573 οἱ
2776 3528 3066 3595 Σαρακηνοὶ
3134 3530 3357 3593 τιμῶσιν
3414 3526 3480 3583 ὡς
3552 3522 3848 3575 ἀπόστολον

2242 3616 2368 3665 Θεοῦ
2449 3616 2537 3663 καὶ
2609 3616 2902 3683 προφήτην.
2980 3611 3229 3664 Κὰκείνου
3299 3614 3682 3684 συντιθεμένου,
3752 3615 3841 3663 καὶ

2240 3700 2477 3772 λέγοντος
2527 3703 2592 3753 τὰ
2649 3700 2783 3753 αὐτὰ
2824 3702 3039 3776 ῥήματα
3068 3702 3096 3759 ἡ
3161 3696 3233 3753 δι’
3275 3701 3460 3753 ἑαυτοῦ
3503 3702 3531 3760 ἡ
3569 3697 3642 3753 δι’
3690 3701 3851 3773 ἑρμη-

2240 3796 2382 3853 νέως,
2416 3788 2499 3844 ἐαν
2527 3789 2683 3853 αὐτὸς
2739 3795 2810 3862 μὴ
2868 3790 3147 3866 Γραικίζῃ,
3181 3790 3210 3847 ἣ
3270 3786 3365 3843 διὰ
3419 3797 3511 3842 τοῦ
3571 3786 3848 3861 ἀναδόχου

2241 3881 2421 3951 αὐτοῦ,
2470 3880 2513 3933 εἰ
2551 3876 2767 3932 παιδίον
2833 3878 2967 3947 ἐστὶ,
3030 3878 3184 3931 πάλιν
3230 3880 3256 3931 6
3312 3881 3474 3955 ἱερεὺς
3524 3878 3752 3954 ἐπιφέρει
3782 3884 3851 3933 τὰ

2241 3968 2638 4022 ἆκόλουθα·καὶ
2669 3964 2821 4031 αὖθις
2879 3972 3069 4040 γίνεται
3140 3970 3168 4026 ἡ
3231 3966 3512 4041 ἀπόκρισις
3568 3970 3701 4020 κατὰ
3755 3973 3849 4021 τόν

2239 4058 2395 4111 αὑτὸν
2447 4063 2657 4130 τρόπον.
2714 4062 2815 4110 Καὶ
2873 4064 2964 4109 τοῦ
3024 4054 3449 4129 ἀναθεματισμοῦ
3492 4060 3682 4117 παντὸς
3715 4056 3851 4116 πλη.

2237 4150 2510 4218 ρουμνου,
2568 4150 2728 4217 φησὶν
2780 4147 2806 4196 6
2852 4142 3114 4206 διάκονος,
3157 4152 3259 4197 Τοῦ
3302 4149 3496 4218 Κυρίου
3557 4141 3851 4218 δεηθῶμεν⁹

2237 4239 2328 4285 καί
2385 4235 2411 4285 6
2443 4233 2587 4297 λαὸς,
2641 4237 2820 4307 Κύριε,
2853 4232 3094 4291 ἐλέησον·
3154 4238 3244 4285 καί
3300 4236 3364 4285 τὰ
3420 4233 3556 4297 ἑξῆς.
3604 4237 3749 4287 Μετὰ
3789 4231 3855 4288 δὲ

2236 4325 2296 4374 τὸ
2365 4320 2532 4393 Ἀμὴν
2592 4321 2896 4394 σφραγίζων
2964 4322 3120 4375 αὐτόν
3181 4320 3412 4374 ἀπολύειι
3472 4326 3563 4374 καί
3618 4330 3680 4395 τῇ
3722 4321 3852 4385 ἑξῆς

2238 4411 2410 4483 ἡμέρᾳ
2442 4411 2841 4483 συναριθμεῖται
2869 4418 2977 4473 τοῖς
2997 4414 3414 4484 κατηχουμένοις

2236 4584 2468 4643 ἐλέησον.
2499 4586 2563 4642 1d
2592 4590 2702 4647 est.
2745 4586 2925 4642 Orate
2953 4586 3387 4651 calechumem’,
3418 4600 3739 4657 omnesque
3773 4588 3850 4655 Ιί-

2234 4658 2392 4714 deles
2415 4660 2614 4714 animo
2644 4673 2717 4713 ac
2742 4663 2937 4713 mente
2965 4672 3071 4712 sua
3101 4672 3212 4725 pro
3242 4659 3322 4713 eis
3369 4663 3714 4725 precentur,
3748 4659 3840 4710 di-

2235 4737 2453 4799 centes,
2485 4731 2750 4795 Domine,
2778 4731 3074 4799 miserere.
3112 4730 3174 4783 Et
3212 4744 3477 4797 rursum,
3512 4732 3634 4795 134,
3658 4727 3717 4788 b.
3744 4730 3847 4779 Εὖ-

2168 4799 2207 4855 C
2236 4800 2413 4869 Eata-95,
2438 4798 2494 4852 οἱ
2536 4800 2877 4872 φωτίςόριενοι
2902 4818 2914 4853 :
2950 4798 3154 4859 ἐκτενῶς
3192 4801 3241 4850 οἱ
3270 4804 3452 4851 πιστοί
3482 4802 3843 4872 πάντεςῃὺπὶρ

2235 4872 2403 4924 αὐτῶν
2458 4870 2899 4945 παρακαλέσωμεν
2933 4886 2946 4899 ·
3016 4871 3156 4932 ὅπως
3204 4872 3230 4921 6
3289 4873 3478 4944 Κύριος
3531 4870 3841 4943 καταξιώσῃ

2235 4942 2437 5003 αὐτοὺς,
2495 4941 2817 5015 μυηθένταζ
2872 4941 2939 5002 εἰς
2989 4960 3074 4992 τον
3136 4942 3227 4994 τοῦ
3307 4941 3540 5014 Χριστοῦ
3596 4941 3841 5015 θάνατον,

2235 5011 2622 5085 συναναστῖῆναι
2650 5012 2811 5083 αὐτῷ,
2836 5017 2926 5064 καί
2974 5016 3229 5085 μετόχους
3259 5011 3500 5082 γενέσθαι
3537 5021 3631 5074 τῆς
3682 5011 3841 5085 βασι-

2231 5084 2373 5145 λείας
2428 5084 2627 5137 αὑτοῦ·
2678 5089 2768 5135 καί
2823 5088 3094 5143 κοινωνοὺς
3144 5094 3244 5136 τῶν
3304 5089 3609 5159 μυστηρίων
3652 5084 3835 5151 αὐτοῦ,

2234 5156 2398 5228 ἐνώσῃ
2430 5161 2521 5228 καί
2565 5154 2948 5228 συγκαταλέξῃέ
2974 5154 3161 5217 αὐτοὺς
3204 5154 3335 5227 μετᾶ
3383 5154 3495 5207 τῶν
3528 5155 3838 5228 σωζομένων

2234 5227 2282 5280 ἐν
2318 5226 2384 5298 τῇ
2436 5227 2561 5298 ἁγίᾳ
2606 5226 2766 5278 αὐτοῦ
2816 5226 3118 5298 Ἐκκλησία.
3176 5226 3348 5278 Σνώσον
3401 5232 3492 5278 καί
3534 5226 3839 5284 ἀναστησον

2234 5286 2425 5380 αὐτοὺς
2530 5286 2590 5369 τῇ
2626 5305 2690 5378 σῇ
2724 5300 2934 5380 χαριτι.
2971 5298 3030 5378 Id
3063 5286 3171 5358 est,
3215 5298 3415 5380 Orate;
3444 5299 3839 5380 {ltuminandi

2232 5370 2322 5437 (h.
2364 5386 2418 5424 e.
2476 5369 2877 5440 baptizandi):
2930 5370 3103 5424 enixe
3131 5385 3328 5425 omnes
3373 5369 3577 5436 ﬁdeles
3606 5385 3717 5438 pro
3751 5372 3838 5425 eis

2231 5442 2621 5504 Obsecremus,
2654 5447 2718 5494 ut
2750 5441 3038 5494 Dominus
3064 5456 3157 5495 eos
3190 5443 3251 5494 in
3307 5441 3536 5495 Chriin
3584 5447 3830 5496 mortem

2233 5514 2528 5573 initiatos,
2561 5528 2692 5565 cum
2737 5512 2935 5566 eodem
2955 5527 3276 5581 resm'gere,
3313 5514 3602 5580 regnique
3645 5514 3832 5577 ipsius

2231 5585 2556 5652 participes
2571 5583 3016 5650 ﬁeridz’gnetur;
3040 5589 3093 5637 et
3108 5586 3171 5637 in
3189 5584 3657 5638 communionem
3677 5599 3833 5652 mys-

2233 5655 2514 5709 teriorum
2545 5654 2729 5724 ipsius
2758 5660 3041 5721 receptos,
3069 5655 3238 5711 uniat
3265 5662 3445 5725 atque
3473 5661 3830 5711 annumeret
