4136 6384
530 259 629 314 127

1863 251 2133 315 ΝΙΟΕΐιΕ
2169 248 2553 310 (ΣΗΟΝΙΑΤᾸΞ

3791 256 3897 318 iis

526 379 669 439 dolo
702 381 808 438 aut
867 378 1267 451 simulatione,
1292 379 1399 436 sed
1417 381 1542 437 toto
1564 379 1791 447 animo,
1821 378 2002 436 corde
2030 392 2182 450 puro

2298 375 2327 434 ἣ
2363 373 2613 448 ἀνάγκης,
2676 373 2801 432 οὐδε
2848 376 2949 431 ἀπὸ
2998 373 3154 431 δόλου
3210 378 3241 438 ἣ
3297 378 3648 452 ὕποκμέσεως,
3687 379 3795 433 ἀλλ’
3840 380 3896 446 έξ

528 486 600 529 ac
630 469 862 536 sedulo,
891 467 1193 526 Christum
1216 467 1549 542 Christique
1575 468 1758 526 ﬁdem
1779 472 2057 525 amante:
2089 481 2186 522 re-

528 561 742 617 nuntio
775 559 877 616 toti
903 560 1339 617 Saracenorum
1378 558 1674 629 religioni,
1717 557 2182 616 anathematizo-

528 665 647 721 que
672 647 1068 715 Moamedem,
1099 647 1201 721 qui
1231 650 1289 704 et
1334 648 1675 704 Muchumet
1700 646 1915 703 dicitur
1944 663 1957 713 ;
1997 661 2184 718 quem

531 737 812 795 Saraceni
840 741 904 793 ut
935 735 1034 793 Dei
1086 735 1433 809 apostolum
1479 739 1538 792 et
1586 735 1944 809 prOphetam
1995 742 2185 790 nono-

526 830 683 885 rant.
715 826 1167 885 Anathematizo
1196 824 1371 892 Alim,
1405 824 1727 883 Moamedis
1751 839 2081 896 generum:
2128 825 2186 879 et

529 914 847 973 Chasanen
880 915 1335 989 Chusenenque,
1364 913 1521 971 ﬁlios
1561 915 1725 986 ejus;
1768 914 1908 970 item
1964 912 2184 986 Apupi-

528 1004 656 1074 ker,
678 1004 784 1077 qui
809 1007 867 1061 et
891 1003 1149 1061 Cubiker
1168 1002 1383 1061 dicitur
1406 1020 1419 1059 :
1449 1008 1505 1061 et
1530 1005 1731 1071 Umar,
1759 1007 1817 1059 et
1839 1002 2104 1069 Talcbar,
2128 1003 2186 1059 et

532 1098 892 1168 Apnpacrcn
921 1095 1238 1152 Padncen:
1271 1096 1411 1151 item
1470 1094 1689 1163 Mievie,
1747 1098 1804 1151 et
1853 1096 2099 1167 Zupeer,
2129 1095 2187 1149 et

530 1184 803 1253 Adellan,
836 1190 893 1241 et
918 1185 1034 1242 Zeit
1062 1190 1118 1242 et
1145 1186 1261 1253 lzit,
1290 1189 1348 1242 et
1375 1187 1592 1241 Saitem
1619 1190 1676 1241 et
1703 1184 1979 1252 Uthtnan,
2013 1188 2071 1239 et
2097 1197 2186 1239 reo

530 1275 731 1348 liquos
760 1290 973 1331 omnes
994 1278 1365 1347 summystas
1395 1274 1821 1348 adjutoresque
1850 1290 1921 1330 ac
1952 1287 2188 1329 succes-

534 1379 701 1420 sores
732 1362 1077 1421 Moamedis.
1105 1364 1555 1420 Anathematizo
1583 1365 1808 1419 Zadoze
1839 1367 1896 1419 et
1949 1362 2101 1425 Aise,
2130 1364 2189 1418 et

533 1454 846 1527 Zetheinep
877 1459 934 1511 et
964 1453 1347 1521 Omkelthim,
1377 1454 1605 1527 primas
1636 1453 1982 1528 creterisque
2012 1452 2189 1510 scele-

531 1544 740 1599 stiores
768 1542 1093 1600 Moamedis
1126 1559 1365 1610 uxores,
1393 1547 1451 1601 et
1480 1544 1779 1600 Phatman
1808 1541 1995 1599 tiliam
2027 1542 2184 1614 ejus.

530 1630 984 1690 Anathematizo
1007 1648 1145 1689 cum
1171 1632 1278 1705 qui
1295 1635 1492 1690 Curan
1517 1632 1755 1700 dicitur;
1779 1648 2083 1688 summam
2104 1630 2188 1688 vi-

2297 463 2421 527 ὃλης
2468 464 2679 538 ψυχῆς,
2735 472 2825 519 καὶ
2875 464 3098 543 καρδίας
3144 468 3379 541 καθαρᾶς
3433 473 3523 522 καὶ
3548 465 3763 538 ἀδόλου,
3802 474 3894 525 τόν

2296 557 2529 628 Χριστόν
2561 554 2853 628 ἀγαπώσης
2882 565 2971 610 καὶ
3001 560 3096 616 τὴν
3126 556 3284 611 αὐτοῦ
3316 561 3494 610 πίστιν
3520 578 3532 592 ·
3587 557 3894 614 ιΞιιι-οτιιίσιη⁸

2294 661 2392 714 μαι
2442 645 2587 717 πάσῃ
2639 653 2701 718 τῇ
2753 653 2853 698 τῶν
2902 653 3209 718 Σαρακηνῶν
3265 647 3519 719 θρησκείᾳ
3560 667 3573 681 ·
3633 652 3723 701 καὶ
3760 645 3895 703 ἀνα-

2296 732 2559 804 θεματίζω
2589 730 2825 808 Μωάμεδ
2853 737 2942 787 τόν
2979 738 3070 787 καὶ
3117 737 3441 808 Μουχούμετ
3474 757 3488 770 ο
3529 735 3583 789 ὃν
3632 739 3681 790 οἱ
3729 744 3897 812 Σαραο

2295 826 2443 879 κηνοὶ
2508 831 2731 896 τιμῶσιν
2788 825 2857 888 ὡς
2915 822 3203 878 ἀπόστολον
3252 832 3385 878 θεοῦ
3441 830 3531 879 καὶ
3587 832 3887 900 προφήτην.

2296 909 2687 984 ’Λναθεματίζω
2738 912 2916 986 ’Δλεὶμ
2965 916 3052 967 τόν
3104 912 3187 968 ἐπὶ
3249 915 3472 987 θυγατρὶ
3513 914 3748 989 γαμϐρόν
3797 923 3898 970 τοῦ

2295 996 2532 1073 Manium“
2590 1020 2602 1035 ·
2656 1006 2745 1055 καὶ
2801 1003 3053 1060 Χασυίνην
3095 1007 3185 1055 καὶ
3243 1006 3530 1069 Χουσένην,
3580 1007 3705 1066 τοὺς
3750 1007 3900 1067 υἱοὺς

2296 1088 2457 1142 αὐτοῦ
2494 1110 2506 1124 -
2562 1095 2651 1143 καὶ
2707 1091 3020 1165 Ἀπουκίπερ
3052 1092 3131 1163 (4)
3171 1094 3260 1144 τόν
3311 1096 3403 1145 καὶ
3455 1091 3707 1169 Κουϐίκερ
3740 1114 3754 1128 ο
3799 1097 3898 1148 καὶ

2297 1181 2503 1253 Οὗμαρ,
2553 1184 2643 1233 καὶ
2679 1179 2924 1254 Τάλχαρ,
2978 1186 3068 1233 καὶ
3129 1179 3504 1255 ’Δπουπάκρην
3545 1184 3633 1235 τόν
3687 1179 3901 1236 Παδοὺο

2295 1286 2391 1325 κην
2422 1268 2499 1340 (5)
2534 1290 2546 1303 ο
2580 1272 2671 1322 καί
2713 1272 2929 1341 Martiis,
2958 1275 3047 1323 καὶ
3094 1274 3319 1343 Ζουπέερ
3377 1275 3469 1323 καί
3501 1267 3772 1343 Ἀδελλᾶν,
3803 1276 3901 1326 καί

2294 1359 2413 1410 Ζεῖτ
2452 1362 2541 1411 καί
2599 1358 2744 1425 Ἰζίτ,
2795 1362 2887 1412 καί
2942 1362 3129 1417 Σαίτην
3180 1364 3271 1411 καί
3340 1358 3578 1432 Οὐθμᾶν,
3632 1364 3723 1413 καί
3772 1364 3901 1425 τοὺς

2295 1444 2506 1509 λοιποὺς
2557 1449 2753 1510 πάντας
2815 1451 3128 1522 συμμύστας
3165 1451 3255 1500 καί
3309 1450 3585 1523 συνεργούς
3631 1452 3721 1501 καί
3766 1445 3900 1504 δια·-

2299 1532 2501 1609 δόχους
2521 1544 2612 1591 τοῦ
2643 1534 2898 1614 Μωάμεδ.
2930 1538 3323 1612 Ἀναθεματίζω
3369 1534 3574 1604 Ζαδόζε
3624 1544 3714 1592 καί
3747 1539 3900 1594 ’Δῖσε

2296 1631 2389 1679 καί
2414 1629 2652 1682 Ζεθεῖνεπ
2707 1631 2797 1682 καί
2847 1626 3178 1701 Ὀμελθείμ,
3228 1630 3317 1689 τάς
3364 1633 3570 1702 πρώτας
3620 1633 3711 1682 καί
3762 1648 3899 1702 μια-

529 1718 745 1776 delicet
772 1734 879 1775 seu
910 1720 1271 1791 scripturam
1303 1719 1631 1777 Moamedis
1655 1736 1670 1776 :
1698 1735 1888 1793 quam
1915 1717 2089 1789 ﬁngit
2117 1718 2182 1774 si-

2296 1719 2527 1792 ρωτέρας
2575 1724 2675 1770 τῶν
2721 1725 2980 1789 γυναικῶν
3037 1724 3129 1770 τοῦ
3181 1713 3418 1790 Μωάμεδ
3465 1737 3480 1753 ο
3538 1721 3630 1771 καί
3681 1719 3900 1792 Φάτμαν

529 1806 590 1863 bi
616 1823 724 1881 per
751 1808 1187 1879 archangelum
1220 1807 1555 1866 Gabrielem
1589 1807 1873 1884 [coalitus]
1924 1806 2189 1865 delatam

531 1913 663 1955 esse
690 1914 703 1953 :
732 1913 1102 1971 omnemque
1140 1897 1477 1956 doctrinam
1521 1915 1593 1955 ac
1640 1897 1845 1970 legum
1899 1896 2187 1966 instituta,

532 1987 908 2045 narrationes
936 1989 1663 2062 apocrypbas,mysteria,
1676 1992 1735 2046 et
1751 1987 2098 2045 traditiones
2117 2001 2190 2044 ac

530 2073 948 2149 blaspbemias
964 2075 1115 2148 ejus.
1146 2078 1598 2135 Anathematizo
1638 2076 1995 2151 paradisum
2034 2077 2187 2131 Moa-

532 2164 747 2233 medis,
776 2164 838 2221 in
863 2179 988 2237 quo
1018 2165 1161 2223 dicit
1187 2172 1450 2240 quatuor
1473 2181 1603 2223 esse
1630 2165 1867 2234 ﬂuvios,
1901 2181 1974 2222 ex
2026 2179 2189 2238 aqua

530 2252 761 2310 turbari
784 2254 1006 2323 nescia,
1027 2254 1180 2312 lacte
1210 2254 1471 2313 nativam
1501 2254 1882 2312 dulcedinem
1914 2269 2037 2311 non
2058 2269 2188 2310 mu-

530 2346 711 2414 tante,
739 2342 877 2399 vino
901 2344 1097 2416 suavi,
1119 2350 1176 2401 et
1195 2344 1369 2402 melle
1393 2344 1715 2402 defiecato:
1742 2348 1799 2401 et
1818 2348 2068 2400 venturo
2086 2342 2189 2400 illo

530 2429 835 2504 die,quem
857 2433 1201 2505 quingentis
1220 2450 1520 2491 annorum
1533 2432 1799 2491 millibus
1819 2432 2190 2490 circnmscri~

531 2518 979 2587 bit,Saracenos
1001 2538 1139 2579 cum
1160 2521 1514 2580 mulieribus
1528 2523 1653 2579 suis
1667 2522 1726 2578 in
1740 2537 1811 2578 eo
1822 2520 2009 2578 vitam
2023 2524 2188 2577 actu-

530 2623 651 2678 ros,
676 2610 964 2683 carnique
990 2615 1044 2668 et
1074 2611 1388 2670 affectibus
1421 2611 1545 2668 suis
1573 2610 1912 2667 indulturos
1942 2628 1954 2667 :
1985 2613 2043 2666 et
2072 2607 2186 2665 sub

532 2698 751 2755 umbra
776 2701 1186 2772 quarumdam
1213 2701 1501 2758 arborum
1528 2717 1666 2774 quae
1682 2705 1975 2757 vocantur
2004 2700 2186 2757 Sedre

531 2792 590 2843 et
617 2787 847 2861 'l‘alech,
881 2797 1258 2848 comesturos
1285 2806 1499 2848 carnes
1528 2790 1731 2846 avium
1772 2805 1926 2863 quas
1969 2805 2186 2845 concu-

531 2876 786 2949 piscunt,
844 2880 1163 2952 omnisque
1213 2880 1449 2950 generis
1492 2878 1722 2936 fructus
1762 2877 2182 2944 autumnales;

529 2980 601 3023 ac
643 2965 940 3026 bibituros
989 2984 1021 3024 e
1066 2969 1227 3025 fonte
1280 2969 1573 3041 caplinra,
1622 2973 1677 3024 et
1707 2984 1739 3024 e
1790 2967 1950 3024 fonte
2006 2966 2186 3037 zingi-

2297 1809 2392 1865 τὴν
2459 1806 2717 1881 θυγατέρα
2777 1805 2957 1862 αὐτοῦ.
3025 1807 3418 1880 Ἀναθεματίζω
3480 1808 3569 1860 τόν
3627 1806 3900 1881 λεγόμενον

2300 1899 2526 1968 Κουρᾶν,
2575 1899 2669 1953 τὴν
2718 1893 2838 1955 ὅλην
2896 1894 3014 1955 ἦτοι
3064 1898 3271 1971 γραφήν
3324 1901 3418 1948 τοῦ
3472 1892 3710 1970 Munisz
3759 1916 3775 1931 ο
3832 1896 3902 1956 ἦν

2296 1981 2579 2037 πλάττεται
2625 1979 2721 2037 διὰ
2763 1990 2857 2036 τοῦ
2904 1981 3242 2057 ἀρχαγγέλου
3304 1982 3535 2057 Γαϐριὴλ
3580 1985 3903 2057 κατενεχθῆ-

2296 2092 2382 2125 ναι
2410 2073 2554 2144 αὐτῷ
2579 2092 2593 2107 ο
2621 2076 2711 2125 καί
2756 2078 2933 2125 πᾶσαν
2961 2076 3057 2131 τὴν
3106 2068 3463 2126 διδασκαλίαν
3491 2075 3583 2126 καί
3609 2074 3704 2136 τάς
3746 2090 3903 2145 νομο-

2299 2163 2494 2233 θεσίας,
2534 2165 2627 2214 καί
2674 2163 2769 2225 τὰς
2817 2160 3147 2235 ἀποκρύφους
3197 2158 3495 2234 διηγήσεις,
3548 2165 3639 2214 καί
3693 2162 3760 2215 τὰ
3800 2182 3903 2235 μυ-

2300 2255 2490 2325 στήρια
2563 2254 2654 2303 καί
2707 2253 2801 2313 τὰς
2859 2247 3203 2325 παραδόσεις,
3264 2255 3354 2304 καί
3409 2252 3499 2313 τὰς
3561 2249 3901 2324 βλασφημίας

2296 2339 2481 2395 αὑτοῦ.
2531 2339 2921 2413 Ἀναθεματίζω
2968 2343 3057 2394 τόν
3111 2336 3435 2414 παράδεισον
3479 2346 3572 2393 τοῦ
3613 2335 3848 2412 Μωάμεδ
3880 2356 3895 2370 ⁶

2297 2427 2346 2483 έν
2444 2428 2579 2502 λέγει
2624 2433 2890 2505 τέσσαρας
2934 2426 3067 2482 εἶναι
3120 2432 3403 2502 ποταμοὺς,
3438 2426 3492 2492 ἐξ
3546 2424 3743 2490 ὕδατος
3772 2426 3897 2482 ἀθο-

2295 2516 2483 2586 λώτου,
2514 2523 2604 2571 καί
2631 2518 2892 2590 γάλακτος
2933 2522 3006 2591 μή
3068 2517 3417 2580 ἀλλάσσοντος
3447 2520 3535 2571 τόν
3581 2522 3765 2571 νόστον
3802 2516 3898 2570 αὗ-

2295 2614 2409 2675 τοῦ,
2442 2612 2531 2661 καί
2561 2610 2700 2661 οἴνου
2727 2604 2903 2677 ἡδέος,
2935 2612 3026 2660 καί
3063 2606 3269 2681 μέλιτος
3306 2606 3520 2660 ὑλιστοῦ
3549 2627 3562 2641 ·
3615 2610 3704 2659 καί
3753 2608 3901 2660 κατά

2294 2704 2389 2757 τὴν
2418 2698 2704 2772 μέλλουσαν
2757 2701 2976 2773 ἡμέραν,
3021 2698 3083 2758 ἣν
3138 2702 3423 2771 περιορίζει
3470 2697 3538 2760 εἰς
3578 2701 3900 2756 πεντήκοντα

2294 2784 2562 2863 μυριάδας
2632 2786 2777 2857 έτῶν,
2832 2785 3032 2860 διάγειν
3087 2785 3135 2840 έν
3208 2786 3350 2858 αὐτῷ
3402 2790 3519 2848 τοὺς
3570 2790 3898 2862 Σαρακηνοὺς

2294 2879 2426 2950 μετά
2477 2885 2576 2929 τῶν
2639 2874 2786 2930 ἰδίων
2843 2885 3123 2950 γυναικῶν,
3178 2884 3441 2950 σαρκικῶς
3500 2880 3590 2929 καί
3654 2872 3900 2948 ἐμπαθῶς

2299 2969 2493 3029 ζῶντας
2534 2983 2547 2996 ·
2584 2971 2693 3027 ,καί
2749 2967 2850 3019 ὑπὸ
2906 2968 3059 3019 σκιςὲν
3106 2985 3256 3019 τινων
3309 2961 3562 3041 δένδρων,
3593 2963 3630 3017 ἃ
3665 2963 3903 3018 καλεῖται

529 3053 654 3125 ber,
688 3055 781 3111 cui
837 3072 1061 3113 nomen
1113 3056 1443 3113 Salsabila:
1495 3056 1828 3129 vinumque
1875 3060 2182 3129 potaturos

2299 3051 2462 3129 Σέδρη
2521 3060 2613 3108 καί
2661 3054 2857 3127 Τάλεχ,
2916 3058 3042 3130 κρέα
3097 3059 3389 3130 τρώγοντας
3434 3052 3618 3127 ὀρνέων
3668 3053 3736 3104 ὧν
3775 3050 3898 3106 ἕπε-

526 3143 700 3214 cujus
758 3160 965 3202 crama
1040 3160 1149 3201 seu
1204 3144 1455 3202 mistura
1518 3145 1739 3202 hausta
1800 3145 1873 3201 sit
1926 3159 1958 3201 e
2022 3143 2185 3201 fonte

525 3230 1200 3307 Tltesnimzeorumque
1248 3237 1509 3290 staturas
1562 3234 1781 3291 caelum
1825 3233 2185 3307 proceritate

527 3335 638 3374 sua
663 3325 950 3389 tacturas,
978 3322 1246 3378 virorum
1268 3322 1489 3394 pariter
1518 3327 1576 3379 et
1603 3321 1926 3380 mulierum
1951 3340 1964 3379 :
1998 3338 2183 3380 mem-

525 3406 639 3463 bra
668 3407 997 3484 [genitalia]
1031 3411 1491 3483 quadragenum
1541 3411 1882 3468 cubitorum
1925 3412 2092 3469 fore:
2128 3416 2186 3470 et

528 3497 761 3570 absque
793 3499 1074 3556 satietatis
1108 3499 1287 3558 taedio
1307 3500 1567 3558 coituros
1587 3501 1649 3558 in
1680 3504 2006 3574 conspectu
2034 3500 2136 3558 Dei
2162 3519 2178 3560 :

528 3590 847 3659 propterea
871 3588 1107 3662 (inquit)
1153 3589 1299 3663 quia
1350 3592 1504 3647 Deus
1554 3591 1790 3665 pudore
1839 3606 1964 3648 non
2002 3590 2182 3649 afﬁci-

530 3680 624 3732 tur
652 3676 755 3747 (a).
785 3678 1240 3738 Anatbematizo
1268 3697 1372 3738 eos
1406 3682 1513 3756 qui
1541 3698 1578 3739 a
1618 3681 1928 3740 Moamede
1980 3681 2182 3739 nomi-

526 3799 639 3857 hos
669 3801 815 3857 ritus
835 3802 1135 3861 imitatum
1162 3820 1320 3873 esse,
1343 3805 1545 3862 scribit
1581 3805 1978 3863 Tertullianus
2024 3806 2181 3862 libro

528 3872 609 3955 De
632 3874 1165 3955 proscriptionibus
1196 3877 1638 3955 haereticorum,
1682 3878 1784 3955 ubi
1815 3878 1890 3933 de
1916 3877 2179 3955 diabolo

524 3944 678 4020 inter
707 3944 825 4002 alia
845 3944 1005 4015 dicit,
1034 3949 1275 4020 Tinguit
1299 3955 1351 4006 et
1374 3951 1498 4019 ipse
1519 3944 1806 4020 quosdam
1832 3951 2038 4020 utique
2058 3965 2180 4005 cre-

526 4016 727 4073 dentes
759 4024 813 4074 et
840 4019 1045 4087 ﬁdeles
1076 4016 1211 4076 suos
1236 4037 1250 4087 ;
1274 4028 1327 4077 et
1346 4016 1431 4077 sic
1456 4016 1658 4077 adhuc
1679 4022 1881 4075 initiat
1902 4016 2182 4077 Mithrae:

526 4090 726 4161 signat
754 4090 884 4145 illic
907 4091 967 4146 in
989 4092 1198 4160 fronte
1222 4092 1439 4147 milites
1461 4106 1615 4147 suos.
1633 4091 1909 4148 Cetebrat
1932 4097 1986 4146 et
2006 4093 2183 4161 panis

527 4160 909 4232 oblationem,
938 4169 991 4216 et
1024 4163 1337 4232 imaginem
1366 4164 1825 4217 resurrectionis
1856 4162 2108 4218 inducit.

596 4233 674 4306 (ιί)
707 4231 815 4306 Qui
850 4229 1165 4306 Ἀπουπίκερ
1192 4236 1247 4287 et
1276 4232 1527 4306 Κουϐἰκερ
1556 4233 1653 4306 hic
1682 4232 1918 4306 dicitur,
1950 4232 2181 4306 isr(0pi_-‘

527 4303 659 4374 nor)
686 4304 794 4374 est,
827 4302 928 4372 qui
958 4302 1145 4374 supra
1177 4307 1265 4370 58,
1300 4308 1329 4359 ὅ
1363 4304 1459 4374 (bl.
1490 4302 1546 4360 et
1587 4304 1646 4374 in
1704 4304 1955 4359 Joannis
2006 4302 2182 4359 Siculi

530 4371 823 4450 glironico
987 4371 1298 4447 Βουϐάρχας
1321 4395 1333 4408 ·
1358 4371 1514 4450 intra
1537 4372 1936 4450 Ἀϐουϐαχαρος
1968 4378 2141 4450 in,_3
2166 4390 2179 4429 :

530 4442 810 4517 (itemque
836 4447 980 4517 92,9
1006 4461 1019 4499 :
1052 4430 1311 4515 96,’5’ξ20
1337 4463 1351 4500 :
1388 4430 1582 4517 100,3,
1605 4451 1706 4502 2οε
1736 4430 1971 4502 necnon
1998 4447 2057 4501 in
2073 4430 2182 4504 ζόα
2218 4430 2262 4486 Ῑ)

528 4511 699 4594 dreni
711 4511 1061 4594 ’Annalibus
1091 4511 1447 4594 passim,_ut_i
1469 4511 1527 4573 et
1554 4511 1615 4594 in
1639 4517 2023 4594 Constantini
2041 4518 2183 4594 Theg

497 4645 503 4651 ,
528 4584 795 4656 matibus
821 4601 858 4641 a
889 4584 1309 4645 Bonaventura
1329 4584 1624 4645 ‘Vulcanio
1648 4588 1839 4653 editis,
1886 4592 1975 4656 29,
2002 4592 2094 4649 22)
2128 4592 2185 4644 et

530 4654 777 4732 Βουςέκερ
807 4660 893 4721 97,
931 4662 983 4725 ὅ,
1014 4663 1118 4715 24ε
1161 4664 1279 4716 101.
1306 4663 1359 4726 4,
1393 4664 1453 4715 2|
1483 4678 1496 4717 :
1533 4661 1764 4732 primus
1785 4654 2006 4731 nempe
2032 4662 2184 4732 Moa-

529 4727 716 4804 gnetlii
745 4727 1094 4804 successor:
1130 4736 1192 4786 ut
1218 4736 1403 4804 Οὖμαρ
1434 4727 1553 4803 qui
1583 4727 2121 4804 sequitur,_tertius
2148 4747 2183 4787 a

528 4799 862 4873 Moametbo
892 4802 1171 4873 princeps
1202 4799 1477 4858 statuitur
1506 4806 1626 4870 102,
1664 4799 1748 4857 1
1782 4800 1947 4857 Unde
1976 4806 2032 4857 et
2063 4806 2179 4868 101,

528 4873 616 4946 22.
650 4885 759 4943 pro
786 4872 811 4923 ό
834 4870 1075 4946 ι”Α-μαρος
1103 4870 1429 4946 legendum
1458 4874 1737 4946 videatur
1784 4877 2053 4946 OJpapos
2076 4888 2184 4929 seu

529 4940 793 5017 υρμἆρος.
829 4940 948 5017 Sed
974 4940 1033 4999 in
1075 4940 1455 5017 sequentium
1479 4945 1628 5000 serie
1671 4940 1949 5001 dissentit
1997 4945 2182 5000 'l‘heo-

525 5012 759 5089 ph‘anes
795 5012 1262 5089 :_guippe_apud
1289 5031 1470 5088 quem
1506 5016 1704 5089 Umari
1734 5032 2074 5089 successor,
2095 5020 2183 5071 est

529 5086 780 5158 φυθμάν·
811 5084 1359 5158 υμῐὴώξιηῌΜαυῖᾶς
1379 5108 1395 5158 ν·
1425 5087 1647 5149 Maviae,
1673 5084 1827 5158 Ἰζίδ,
1848 5087 2006 5143 titius
2024 5086 2177 5156 ejus:

529 5154 691 5225 lzidi,
747 5154 1018 5231 Ἀϐδελᾶς,
1078 5156 1236 5231 ﬁlius
1286 5157 1511 5231 znber:
1567 5154 1833 5231 Abdelae,
1894 5154 2177 5231 stupeﬁat;-

526 5231 666 5303 p_ost
691 5243 874 5300 quem
909 5227 1209 5301 Ἀϐιμέλεχ,
1237 5235 1296 5286 et
1324 5229 1609 5303 deinceps
1637 5231 1759 5295 alii,
1798 5230 1881 5286 ita
1936 5227 2002 5286 ut
2058 5228 2160 5286 Tal

527 5295 672 5352 char
696 5295 752 5354 et
772 5295 1119 5371 Apupacrcs
1144 5295 1218 5356 e'x
1248 5295 1745 5373 symmyst'arum,
1771 5316 1891 5357 non
1935 5317 2007 5357 ex
2051 5318 2182 5373 suc-

528 5382 837 5425 cessorum
867 5385 1123 5427 numero
1153 5371 1290 5428 esse
1311 5371 1500 5428 videri
1530 5378 1775 5445 queant,
1803 5373 1972 5445 quod
2024 5377 2081 5429 et
2108 5372 2183 5429 de

3402 3144 3638 3205 πένοντάς
3684 3160 3738 3194 τε
3791 3139 3899 3195 ἀπό

2294 3236 2533 3309 καφουρά
2587 3241 2785 3304 πηγῆς,
2836 3236 2925 3285 καί
2970 3233 3073 3284 ἀπὸ
3133 3230 3369 3306 ζιγγίϐερ
3427 3238 3626 3302 πηγῆς,
3694 3229 3900 3304 ὠνομα-

2300 3145 2527 3217 θυμοῡσι
2552 3145 2650 3214 (6),
2679 3148 2770 3197 καί
2808 3142 3012 3216 ὀπώραν
3052 3147 3300 3196 παντοίαν
3332 3159 3346 3174 ·

2297 3327 2490 3395 σμένης
2530 3320 2827 3377 Σαλσάϐιλα
2857 3337 2870 3350 ·
2925 3325 3016 3373 καί
3068 3316 3201 3373 οἶνον
3242 3323 3681 3394 προσφερομένους
3723 3319 3784 3372 οὗ
3833 3323 3899 3373 τὸ

2293 3416 2535 3488 κέρασμα
2584 3410 2641 3463 έκ
2690 3418 2865 3482 πηγῆς
2920 3415 3144 3482 Θεσνείμ
3172 3426 3185 3440 °
3218 3410 3287 3461 ὧν
3330 3411 3386 3461 αἱ
3432 3408 3632 3468 ὁλικὶαι
3682 3407 3899 3484 οὐρανο-

2292 3506 2496 3574 μήκεις.
2531 3499 2750 3576 ἀρρένων
2787 3518 2843 3553 τε
2895 3504 2986 3551 καί
3018 3498 3231 3557 θηλειῶν
3254 3517 3268 3531 ο
3318 3502 3411 3550 καί
3444 3501 3508 3551 τὰ
3563 3501 3723 3571 μόρια
3774 3515 3897 3549 τεσ-

2295 3592 2589 3663 σαράκοντα
2648 3593 2846 3660 πήχεις
2900 3592 3024 3658 (7)·
3089 3587 3539 3648 συνουσιαζόντων
3596 3583 3893 3658 ἀκορέστως

2292 3677 2506 3732 ἐνώπιον
2536 3684 2628 3732 τοῦ
2661 3686 2793 3732 Θεοῦ
2828 3695 2840 3708 ⁸
2898 3672 3039 3730 διότι
3084 3679 3210 3738 Θεὸς
3258 3676 3459 3750 (φησίν)
3504 3675 3599 3729 οὐκ
3632 3672 3891 3747 αἰσχύνε-

2290 3805 2442 3861 Zeite
2473 3821 2543 3861 ac
2572 3804 2725 3862 Saite
2756 3801 3205 3868 sentireliceat;
3252 3817 3390 3857 cum
3449 3816 3657 3857 eorum
3713 3814 3898 3856 men-

2291 3878 2373 3933 tio
2395 3877 2450 3932 in
2486 3875 2857 3949 principatus
2888 3873 3338 3949 successoribus
3376 3888 3499 3949 non
3531 3871 3897 3949 inveniatur.

2364 3941 2564 4020 (5)1‘éu
2597 3941 2886 4020 "adoriar.va
2909 3946 3200 4002 incertum
3227 3950 3315 4001 est
3342 3943 3493 4001 sitne
3539 3941 3778 4015 gentile,
3810 3957 3899 4001 an

2291 4018 2632 4100 cogngmcn
2661 4018 3018 4100 quodpiam.
3122 4086 3138 4100 ‘
3519 4087 3581 4100 Μ
3656 4084 3668 4096 ε

2363 4086 2774 4163 (umespicére
2805 4086 3035 4163 videtur
3065 4086 3473 4163 ad__azoa_ram_
3516 4087 3607 4163 62,
3652 4086 3742 4163 in
3767 4098 3899 4158 qua

2294 4157 2400 4221 est.
2433 4163 2515 4217 Ile
2532 4157 2836 4231 fructibus
2857 4158 3220 4231 omnimodis
3242 4158 3403 4214 vobis
3431 4157 3611 4223 datis,
3643 4157 3895 4231 optimo-

2292 4247 2406 4305 que
2437 4229 2599 4288 victu
2630 4231 2914 4287 comedite
2933 4236 3111 4305 atque
3141 4230 3353 4305 bibite:
3386 4233 3443 4285 et
3482 4244 3646 4305 mox,
3691 4229 3898 4305 Super

2295 4299 2540 4359 vestium
2563 4308 2893 4358 stramenta
2922 4299 3349 4371 formosissima
3363 4315 3475 4370 pro
3506 4299 3677 4354 modo
3697 4304 3894 4355 vestro

2294 4374 2648 4430 dist-ambite
2675 4374 2921 4429 ducturi
2951 4375 3214 4443 virgines
3265 4371 3722 4437 decentissimas,
3754 4384 3890 4443 cuin

2293 4446 2482 4502 oculis
2511 4446 2810 4502 immensis
2831 4452 3009 4516 atque
3035 4441 3425 4516 nudibundis,
3452 4456 3746 4513 nusquam
3769 4441 3895 4497 nisi

2295 4523 2530 4572 tantum
2558 4517 2638 4573 ad
2665 4515 2921 4573 maritos
2956 4532 3091 4571 suos
3134 4515 3464 4585 ﬂectendis,
3514 4518 3572 4570 et
3602 4527 3888 4585 rursum,

2292 4589 2426 4645 Illis
2450 4589 2683 4657 fructus
2712 4595 2764 4645 et
2798 4603 3009 4644 carnes
3035 4583 3148 4656 pro
3171 4587 3270 4642 sui
3307 4586 3432 4642 voti
3475 4584 3647 4640 modo
3684 4583 3890 4638 multi-

2286 4656 2609 4733 plicatur-1'.
2652 4663 2728 4715 Dc
2768 4659 3159 4733 sequentibus
3210 4656 3497 4724 fontibus,
3536 4670 3754 4733 azoara
3792 4656 3888 4733 30,

2291 4726 2392 4787 Ex
2414 4746 2550 4787 vase
2574 4726 2903 4801 camp/1027a
2951 4730 3207 4795 condito,
3262 4734 3317 4785 et
3347 4744 3423 4801 ea:
3459 4726 3893 4801 aperto_fo_nte

2294 4796 2727 4883 homines_1)ei_
2762 4803 3079 4883 potabant.
3123 4803 3193 4883 Et
3230 4799 3420 4883 paulo
3439 4796 3618 4882 post,
3656 4796 3890 4880 Ibidem

2293 4890 2427 4931 cum
2458 4876 2614 4930 vasis
2647 4875 2848 4930 vitreis
2878 4879 2933 4931 et
2979 4872 3279 4942 argenteis
3314 4872 3558 4942 aptian
3606 4872 3891 4942 composi-

2294 4946 2492 5011 tionis,
2519 4947 2645 5001 iltis
2682 4951 2881 5016 potus.
2935 4946 3096 5000 velut
3146 4941 3404 5016 sinziber
3446 4941 3768 5013 sapori/er,
3815 4953 3896 4997 ea:

2288 5020 2458 5087 fonte
2485 5014 2745 5074 Zetzebil
2774 5014 3318 5073 administrabitur.

2361 5090 2438 5159 ('7)
2459 5088 2850 5161 Congruentis
2871 5088 3462 5161 τεσσαρακονταπὸχεα,
3478 5082 3570 5161 vel
3590 5085 3904 5161 contracte

2292 5153 2865 5231 τεσσαρακοῖταπὴχη,
2900 5163 2985 5231 Aut
3033 5153 3156 5214 non
3204 5156 3283 5231 ad
3335 5153 3633 5231 homines,
3679 5153 3786 5231 sed
3813 5153 3905 5210 ad

2292 5215 2572 5307 membra
2593 5215 2808 5287 eorum
2821 5215 3111 5307 referatur
3134 5245 3147 5296 ;
3183 5227 3272 5307 sic
3286 5226 3454 5307 enim
3474 5230 3532 5282 et
3550 5215 3904 5307 pr'agcederr-

2294 5303 2444 5374 tium
2476 5308 2533 5359 et
2561 5302 2943 5374 sequentium
2970 5294 3168 5374 aptior
3194 5299 3303 5374 erit
3357 5294 3737 5374 cohmrentia.
3789 5294 3908 5352 lbi-

2293 5372 2435 5429 dem
2464 5389 2606 5429 mox
2635 5367 2696 5428 i'n
2727 5388 2840 5428 ms.
2873 5377 2962 5427 est
2984 5367 3462 5437 συνουσιαζόντων,
3480 5367 3627 5424 nihil
3648 5367 3726 5424 ad
3745 5382 3900 5425 rem.

600 5457 707 5534 (ᾳ)Δ
722 5458 939 5534 bonum
971 5458 1155 5532 hunc,
1185 5460 1291 5533 qui
1318 5459 1535 5531 legitur
1561 5460 1625 5517 in
1674 5478 1829 5518 suras
1870 5465 1934 5526 ll,
1985 5478 2135 5518 vers.
2182 5464 2274 5534 25,
2312 5460 2471 5518 male
2512 5458 2801 5518 intellexit
2847 5459 3103 5518 Nicetes.
3134 5457 3278 5515 Vide
3308 5462 3457 5515 tom.
3488 5457 3596 5526 CV,
3625 5453 3735 5515 col.
3770 5459 3902 5524 711,

527 5529 651 5584 not.
681 5528 769 5585 26.
799 5528 950 5587 Emr.

598 5594 678 5670 (ὁ)
710 5595 777 5657 id
801 5602 893 5659 est
915 5597 1083 5678 apud
1107 5598 1501 5676 Euthymium
1531 5598 1764 5664 Contra
1791 5602 2126 5676 Ασανεηοε.
2148 5600 2294 5664 Vide
2323 5604 2469 5664 tom.
2494 5599 2689 5662 CXXX.
