4136 6388
74 24 101 35 γε
671 19 674 22 ’
979 29 1006 40 ._
1037 23 1140 42 ,Ἦμεν
1165 11 1170 14 -
1214 13 1257 45 ⁷
1278 24 1301 41 χλ
1342 20 1345 21 ⁷

195 45 210 72 Ι.
257 67 278 72 Π.
643 61 646 66 Ι
705 61 734 72 HI
761 47 888 80 g’z"
921 53 946 62 -Ι
979 49 1005 63 __
1031 35 1052 48 ι.
1075 36 1267 73 ,ri.vﬁp"‘
1300 40 1305 67 l‘

156 76 159 77 ν
217 71 270 86 “-
315 89 320 104 ε
467 75 520 108 .,;.
944 72 947 73 '
976 64 1039 93 κέ
1270 74 1273 75 ν

367 107 374 112 ι
475 101 480 106 ¹
670 110 673 113 λ
878 106 883 109 ν
932 104 937 105 ⁷
1016 104 1021 111 ο
1130 106 1133 107 ν
1182 100 1183 103 ¹

184 128 195 137 .
304 123 369 143 μ
412 134 419 137 ,
571 129 586 138 -.
603 100 757 141 ἐκέκ.
786 108 897 145 γε.Ἰῖ
912 110 949 135 P;
1056 118 1077 133 -ι
1251 114 1263 143 ς

260 178 269 201 ἶ
302 172 347 203 Egi
382 172 427 195 Α*
470 174 533 201 πῗ
558 174 597 197 ;““..
622 194 651 197 η-
818 174 845 193 :-
924 172 925 177 ‘
988 176 995 183 ·
1086 178 1089 179 ν
1214 192 1219 197 ,

266 206 281 227 ;_
308 206 313 209 -
350 204 471 229 ’rrHA‘
508 208 549 225 τε,
638 208 675 223 ~,'
696 218 707 227 κ
774 210 787 219 κ
962 206 967 209 “
1042 218 1043 221 η
1234 228 1239 229 7

162 278 335 404 336‘
412 318 523 409 [ἰ
866 294 873 297 ’
968 406 975 407 ί
1066 374 1067 377 ~
1574 325 1855 400 russati

1961 325 2088 397 me.
2131 340 2240 398 xx.

3496 334 3603 403 130

221 487 338 526 τειε.
405 456 795 541 uastante.»
840 454 991 532 τοὺς
1055 466 1468 543 ὀνομαζομένους
1544 468 1688 542 παρὰ
1742 472 1836 519 τοῦ

1959 469 2168 523 aantur
2195 463 2415 538 angeli,
2446 461 2631 521 Aroth
2659 463 2717 519 et
2744 459 2991 530 Maroth,
3020 460 3260 535 Tzapha
3289 465 3347 522 et
3364 467 3599 526 Marua:

228 554 470 633 Μωοὶμεδ
530 556 806 631 ἀγγέλους,
835 561 950 611 ’τόν
1010 575 1065 613 τε
1100 556 1271 636 Ἀρὼθ
1327 563 1418 611 καὶ
1473 560 1561 610 τὸν
1616 557 1840 633 Μαρὼθ,

231 653 326 707 xui
380 651 466 703 τὸν
500 649 689 722 Τζάφα
737 651 948 702 καὶτὸν
989 651 1211 724 Μαροῦα
1236 664 1251 679 ⁸
1293 647 1383 712 οῦς
1430 647 1486 702 ἐκ
1523 655 1623 702 τῶν
1678 645 1839 701 σεϐα-

236 743 404 812 σμίων
445 734 573 790 εἶναι
625 743 719 790 τοῦ
779 744 915 791 Θεοῦ
963 741 1293 814 τερατεύεται
1326 758 1338 773 -
1374 741 1507 813 πρὸς
1537 739 1740 800 ⁴τούτοις
1782 732 1841 790 δε

233 832 327 882 xui.
400 830 520 890 τοὺς
591 826 976 899 μυθευομνους
1040 825 1129 880 ὑπ’
1196 826 1360 881 αὑτοῦ
1411 831 1678 900 προφήτας
1750 830 1841 878 xui

234 914 579 980 ἀποστόλους,
613 918 778 968 εἶτουν
807 918 897 967 τόν
935 910 1087 970 Χοὺδ
1115 921 1206 969 καὶ
1256 915 1454 978 Τζάλιτ
1484 916 1513 975 ἣ
1547 915 1715 987 Σάλεχ
1739 917 1837 987 (8),

232 1009 328 1057 xui
373 1006 461 1057 τὸν
511 1005 704 1057 Συνάίπ
754 1008 847 1058 xui
893 1008 989 1073 frév
1023 1001 1238 1080 'Ed‘pﬁq,
1278 1009 1368 1058 xui
1406 1008 1493 1058 τὸν
1534 1003 1842 1077 Δουαλκιφὶλ

231 1098 325 1146 xui
391 1096 476 1146 τὸν
528 1095 767 1166 Λοκμοξν.
808 1093 1203 1166 ’Λναθεματίζω
1258 1098 1434 1156 πάσας
1490 1097 1582 1159 τὰς
1637 1113 1841 1170 μαρτυ-

228 1185 348 1256 ρίας
383 1190 477 1235 τοῦ
532 1178 787 1255 Μωάμεὸ,
822 1184 953 1245 ὅσας
981 1182 1036 1235 ἐκ
1074 1190 1167 1246 τῆς
1221 1182 1442 1246 παλαιᾶς
1492 1180 1649 1243 δῆθεν
1702 1189 1840 1257 Γρα-

225 1277 327 1342 φῆς
380 1271 485 1342 (9),
531 1267 865 1344 διαστρέφων
903 1271 1064 1331 αὐτὴν
1115 1277 1206 1325 καὶ
1249 1275 1490 1341 νοθεῦων,
1549 1277 1639 1325 καὶ
1675 1276 1843 1349 μυρία

220 1354 688 1431 καταμενδόμενος
744 1368 837 1412 τοῦ
875 1367 989 1414 Νῶε
1044 1366 1135 1415 καὶ
1190 1360 1448 1436 Ἀϐρααμ,
1509 1367 1600 1415 καὶ
1658 1363 1841 1416 Ἰσαὰκ

227 1454 320 1501 καὶ
377 1448 588 1518 Ἰακὼϐ,
641 1453 734 1503 καὶ
783 1449 976 1523 Ἰωσὴφ
1024 1456 1114 1504 xui
1158 1450 1296 1516 Ἰὼϐ,
1348 1457 1437 1506 καὶ
1490 1456 1720 1515 Μωσέως
1755 1456 1844 1505 καὶ

232 1541 437 1611 ᾼαρὼν,
491 1542 583 1590 xui
646 1534 817 1591 Δαϐὶδ
873 1544 964 1591 καὶ
1005 1539 1343 1613 Σολομῶντος,
1410 1546 1501 1595 καὶ
1550 1541 1700 1596 Ἠλία
1754 1547 1843 1595 xui

232 1626 401 1693 Ἰωνᾶ,
431 1631 525 1679 καὶ
570 1630 849 1700 Ζαχαρίου
906 1635 996 1681 τοῦ
1052 1633 1251 1706 πατρὸς
1282 1629 1540 1687 Ἰωάννου.
1566 1630 1683 1685 "Et:
1723 1630 1843 1685 ἀνα-

229 1715 498 1788 θεματίζω
528 1716 633 1769 ὅσα
661 1715 966 1790 φυσιολογεῖ
995 1714 1279 1794 βαρϐάρως
1331 1724 1421 1772 καὶ
1472 1719 1684 1793 ἀμαθῶς
1722 1724 1842 1795 περὶ

1944 568 2100 627 quos
2131 553 2193 610 in
2221 551 2668 611 venerabilibus
2703 552 2817 606 Deo
2840 564 2969 607 esse
2994 551 3342 623 prodigiose
3367 554 3601 614 fabula-

1945 645 2059 697 tur.
2084 641 2309 699 Adhwc
2329 640 2515 699 etiam
2540 656 2645 698 eos
2674 639 2779 712 qui
2808 637 3084 694 fabulose
3113 639 3193 696 ab
3230 640 3334 699 illo
3380 644 3596 716 praedi-

1945 738 2164 789 cantur
2221 730 2532 806 prophetas
2590 733 2772 805 atque
2829 726 3105 801 apostoli,
3163 744 3384 804 nempe
3432 734 3602 791 Chud

1946 823 2004 876 et
2062 819 2256 877 Tzalet
2305 820 2429 876 sive
2479 817 2711 884 Salech,
2764 816 2909 873 item
2965 815 3190 890 Synaip
3242 824 3298 875 et
3358 821 3597 887 Hedres,

1946 907 2289 981 Dualkiphil
2318 913 2377 966 et
2406 911 2690 965 Locman.
2721 905 3173 962 Anathematizo
3210 908 3418 966 omnia
3451 912 3602 967 Moa-

1944 999 2139 1056 medis
2169 997 2536 1067 testimonia,
2579 1001 2877 1071 quotquot
2923 1010 2954 1051 e
2999 995 3213 1051 veteris
3242 999 3602 1057 Testamenti

1946 1089 2252 1162 Scriptura
2280 1088 2446 1158 citat,
2470 1091 2820 1161 pervertens
2845 1101 2982 1142 eam
3013 1092 3195 1159 atque
3228 1087 3598 1161 adulterans,

1946 1183 2005 1236 et
2053 1179 2375 1236 innumera
2427 1192 2723 1251 spargens
2761 1174 3083 1233 mendacia
3131 1176 3206 1232 de
3252 1179 3391 1249 Noe,
3423 1179 3605 1237 Abra-

1947 1267 2156 1341 hamo,
2192 1268 2419 1338 lsaaco,
2461 1266 2707 1336 Jacobo,
2737 1264 3017 1338 Josepho,
3045 1263 3214 1337 Jobo,
3259 1268 3438 1338 Mose,
3496 1273 3604 1326 Aa-

1945 1373 2111 1430 rone,
2168 1357 2411 1425 Davide,
2453 1354 2795 1426 Solomone,
2847 1354 2988 1425 Elia,
3021 1354 3196 1427 Jona,
3232 1362 3288 1411 et
3318 1356 3606 1415 Zacharia

1945 1445 2191 1503 Joannis
2232 1450 2424 1519 patre.
2472 1444 2926 1501 Anathematizo
2979 1444 3160 1499 etiam
3208 1445 3418 1501 omnia
3468 1463 3605 1520 quas

1946 1534 2215 1592 barbara
2263 1533 2598 1606 inscitaque
2632 1532 3013 1606 physiologia
3043 1539 3101 1589 et
3128 1531 3202 1587 de
3242 1534 3471 1590 caeteris
3502 1536 3605 1591 Dei

1948 1623 2244 1681 creaturis
2259 1626 2315 1679 et
2344 1622 2422 1679 de
2460 1621 2584 1679 sole
2614 1638 2686 1679 ac
2714 1621 2861 1678 luna
2891 1620 3216 1692 fabulatur,
3248 1620 3606 1679 caballarios

1948 1727 2053 1770 eos
2081 1728 2212 1769 esse
2239 1711 2468 1770 dicens.
2511 1711 2962 1769 Anathematizo
2990 1711 3409 1784 apocrypham
3438 1711 3606 1769 illam

230 1821 288 1856 τε
342 1812 443 1856 τῶν
494 1802 662 1856 ἄλλων
725 1813 821 1858 τοῦ
883 1813 1018 1860 Θεοῦ
1062 1810 1389 1881 ποιημάτων,
1429 1814 1521 1862 καὶ
1572 1814 1692 1885 περὶ
1751 1816 1845 1862 τοῦ

1959 1801 2113 1875 apud
2141 1803 2472 1858 Saracenos
2500 1800 2839 1856 doctrinam
2865 1804 2923 1857 et
2949 1799 3416 1872 promissionem
3442 1803 3604 1857 Moa-

234 1890 385 1951 ἡλίου
440 1898 533 1945 xui
583 1902 674 1954 τῆς
732 1893 971 1964 σελήνης,
1021 1894 1180 1967 λέγων
1220 1895 1409 1960 αὐτοὺς
1464 1897 1845 1974 καϐαλλαρίους

232 1978 385 2037 εἶναι.
427 1980 824 2056 ’Δναθεματίζω
878 1987 972 2043 τήν
1014 1987 1159 2058 παρὰ
1196 1993 1306 2048 τοῖς
1344 1993 1663 2063 Σαρακηνοίς
1711 1986 1846 2041 ἁπό-

226 2088 430 2145 κρυγον
484 2066 855 2125 ’διδασκαλίαν
913 2077 1002 2126 καὶ
1057 2075 1354 2146 ὑπόσχεσιν
1413 2085 1506 2129 τοῦ
1561 2073 1796 2150 Μωάμεδ
1828 2091 1844 2108 '

225 2161 351 2223 ἣτις
388 2163 525 2232 φησί
589 2156 904 2232 κλειδοῦχον
960 2160 1113 2215 αὐτόν
1162 2166 1482 2235 γενήσεσθαι
1533 2173 1627 2219 τοῦ
1673 2184 1846 2239 παρα-

230 2243 443 2318 δείσου,
493 2252 588 2301 xui
640 2248 864 2313 εἰσάξειν
911 2252 1001 2323 μεν
1044 2248 1092 2302 ἐν
1143 2253 1310 2325 τούτῳ
1350 2251 1711 2328 ἐϐδομήκοντα
1760 2275 1851 2329 χι-

227 2334 418 2398 λιάὸας
491 2345 803 2413 Σαρακηνών
879 2335 1116 2408 δικαίων,
1189 2346 1313 2405 τοὺς
1388 2339 1448 2396 δὲ
1508 2343 1850 2421 ἁμαρτωλοὺς

229 2428 591 2500 κριθήσεσθαι
629 2429 775 2502 παρὰ
822 2435 912 2481 τοῦ
945 2436 1078 2482 Θεοῦ
1112 2449 1123 2463 ·
1166 2435 1257 2484 xxi
1298 2436 1581 2485 πιττακίων
1620 2433 1693 2495 εἰς
1735 2437 1852 2496 τοὺς

235 2515 543 2590 τραχήλους
611 2515 782 2568 αὐτῶν
849 2519 1262 2592 περιτιθεμένων,
1330 2521 1493 2585 οὕτως
1572 2522 1854 2579 εἰσελεύσε-

250 2606 375 2656 σθαι
424 2610 516 2658 xui
566 2608 785 2668 τούτους
823 2606 897 2669 εἰς
940 2610 1027 2660 τὸν
1056 2605 1402 2681 παράδεισον,
1444 2610 1857 2687 ὀνομαζομένους

247 2690 627 2768 ἁπελευθὲρομς
687 2692 945 2769 Μωάμεδ.
999 2696 1393 2770 Ἀναθεματίζω
1453 2703 1566 2775 (l0)
1623 2703 1713 2765 τὰς
1768 2722 1858 2756 νο-

235 2785 500 2857 μοθεσίας
543 2792 635 2837 τοῦ
678 2783 937 2859 Μωάμεδ,
990 2789 1080 2850 τὰς
1134 2793 1254 2864 περὶ
1299 2791 1480 2864 γάμων
1536 2796 1627 2844 xui
1664 2791 1857 2855 λύσεως

236 2875 453 2945 γάμων,
527 2878 619 2926 καὶ
686 2876 1022 2950 καθαρισμοῦ
1105 2884 1493 2953 μοιχευομένων
1570 2890 1852 2954 γυναικῶν,

650 2973 922 3039 ,γυναικῶν
960 2971 1051 3019 καὶ
1114 2965 1449 3021 παλλακίδων
1477 2986 1490 3000 ’
1558 2976 1648 3024 καὶ
1685 2974 1858 3026 πάντα

250 3050 324 3102 τὰ
374 3053 497 3124 περὶ
523 3042 758 3105 τοιοῦτων
816 3051 1093 3127 ἀκάθαρτα
1139 3051 1468 3130 διδάγματα.
1510 3059 1853 3134 Ἀναθεματί-

250 3136 329 3198 ζω
369 3141 461 3196 τὴν
517 3146 603 3192 τοῦ
653 3139 891 3216 Μωάμεδ
923 3140 1265 3218 βλασφημίαν
1311 3151 1406 3207 τὴν
1458 3146 1709 3220 λέγουσαν
1774 3151 1851 3203 ὅτι
1893 3180 1936 3237 C

240 3227 268 3280 ὁ
312 3230 469 3294 Θεὸς,
526 3229 581 3282 ὃν
634 3229 784 3296 θέλει,
842 3230 1014 3303 πλανᾷ
1045 3253 1057 3266 ·
1113 3238 1204 3286 καὶ
1249 3234 1304 3287 ὃν
1344 3234 1493 3302 θέλει,
1540 3234 1730 3310 ὁδηγεῖ
1785 3238 1857 3302 εἰς

243 3315 447 3388 ἀγαθόν
477 3337 490 3351 ·
545 3322 636 3371 xui
691 3320 772 3372 ὅτι
811 3321 837 3372 ὁ
888 3324 1019 3383 Θεὸς
1073 3322 1268 3392 ἤθελεν,
1329 3324 1425 3377 οὐκ
1468 3325 1530 3378 ἂν
1577 3325 1855 3400 ἐπολέμουν

253 3402 495 3469 ἀλλήλοις
540 3408 591 3460 οἱ
643 3409 910 3481 ἄνθρωποι
937 3431 950 3444 -
1008 3408 1118 3463 ἀλλ’
1156 3411 1314 3475 αὐτὸς
1358 3421 1493 3467 ποιεὶ
1542 3416 1665 3490 ὅπερ
1721 3414 1857 3490 βοῦ-

251 3493 397 3547 λεται
428 3510 441 3523 '
483 3500 573 3549 xui
630 3501 818 3560 παντὸς
850 3497 1051 3571 ἀγαθοῦ
1089 3505 1180 3555 καὶ
1224 3511 1454 3578 πονηροῦ
1485 3507 1652 3566 αἴτιος
1703 3505 1857 3570 αὑτός

247 3582 367 3638 ἔστι
401 3605 415 3618 ο
464 3590 557 3638 καὶ
585 3589 729 3659 τύχη
761 3592 852 3641 καὶ
882 3590 1162 3663 εἱμαρμένη
1212 3590 1416 3645 πάντων
1468 3601 1667 3668 κρατεῖ.
1705 3595 1858 3649 Ἀνα-

249 3676 521 3747 θεματίζω
565 3680 662 3735 τὴν
708 3684 803 3730 τοῦ
845 3675 1081 3751 Μωάμεδ
1139 3678 1413 3757 φλυαρίαν,
1453 3678 1552 3742 τὴν
1607 3683 1860 3756 λέγουσαν

252 3764 336 3816 ὅτι
364 3764 391 3815 ό
448 3765 639 3840 Κύριος
677 3770 769 3818 καὶ
813 3769 944 3828 Θεὸς
992 3767 1199 3832 Ἰησοῦς
1245 3770 1272 3822 ό
1325 3774 1555 3846 Χριστός
1603 3769 1704 3825 ἀπο
1742 3779 1860 3828 Mu-

256 3856 377 3925 ρίας
431 3861 523 3916 τῆς
588 3851 821 3928 ἀδελφῆς
880 3864 972 3911 τοῦ
1035 3862 1261 3921 Μωσέως
1315 3864 1405 3912 καὶ
1469 3861 1665 3934 Ἀαρὼν
1722 3861 1860 3936 ἐγεν-

256 3942 393 4000 νέθη
430 3943 544 3995 ἄνευ
591 3950 795 4018 σπορᾶς
838 3943 895 3997 ix
936 3953 1029 3998 τοῦ
1065 3951 1240 4021 Λόγου
1296 3957 1388 4002 τοῦ
1437 3957 1571 4003 Θεοῦ
1627 3957 1717 4004 xui.
1768 3960 1861 4006 τοῦ

256 4032 546 4103 Πνεῦματος
574 4048 590 4063 ο
646 4037 737 4085 καὶ
801 4036 878 4087 ἔτι
927 4040 1111 4099 νήπιος
1170 4037 1258 4107 ὧν,
1308 4039 1515 4091 πετεινὰ
1580 4037 1636 4092 ἔκ
1691 4040 1861 4100 πηλοῦ

246 4116 633 4196 ἔπλαστούργει
661 4136 674 4150 ·
737 4127 826 4176 xui.
875 4122 1136 4197 ἐμφυσῶν,
1171 4125 1332 4180 ἐποίει
1397 4127 1533 4181 αὐτὰ
1575 4132 1686 4192 ζῶα
1717 4131 1740 4164 ·’
1771 4136 1860 4185 καὶ

237 4209 469 4281 τυφλοὺς
507 4209 639 4276 ἰᾶτο,
698 4216 789 4265 καὶ
838 4218 1049 4288 νεκροὺς
1095 4218 1272 4291 ἤγειρε
1306 4237 1319 4250 ο
1379 4221 1470 4269 καὶ
1528 4219 1609 4270 ὅτι
1659 4216 1715 4271 ἐκ
1752 4236 1861 4273 πα·-

238 4297 548 4373 ρακλήσεως
603 4308 702 4352 τῶν
751 4298 1050 4355 ἀποστόλων
1118 4305 1213 4377 ᾑτή
1226 4325 1352 4359 σατο
1406 4308 1494 4359 τόν
1561 4311 1710 4376 Θεὸν,
1770 4315 1861 4363 καὶ

238 4392 561 4459 κατήνεγκεν
599 4386 658 4441 ἑκ
704 4397 796 4443 τοῦ
854 4390 1074 4468 οὐρανοῦ
1120 4395 1403 4470 τράπεζαν,
1449 4400 1539 4450 καὶ
1596 4395 1860 4472 ἐξέθρεψεν

242 4476 444 4538 αὐτούς
478 4497 493 4510 ο
555 4484 646 4531 καὶ
692 4481 773 4532 ὃτι
811 4485 930 4534 οὔτε
967 4479 1298 4559 ἐσταυρώθη,
1352 4488 1470 4539 οὔτε
1525 4488 1663 4541 κατὰ
1734 4484 1859 4547 ἁλή-

244 4567 391 4620 θειαν
425 4563 678 4621 ἀπέθανεν
717 4571 786 4632 ὡς
831 4572 1103 4646 ἅνθρωπος
1134 4589 1148 4603 '
1204 4572 1335 4627 ἀλλά
1383 4576 1520 4628 κατὰ
1573 4582 1860 4649 φαντασίαν

243 4660 414 4728 μόνην
472 4664 644 4709 ταῦτα
688 4662 832 4733 παρὰ
880 4668 981 4713 τῶν
1027 4660 1277 4736 Ἐϐραίων
1338 4664 1538 4723 ὑπέστη
1572 4682 1589 4699 ο
1656 4670 1742 4718 καὶ
1781 4668 1862 4719 ὅτι

243 4742 530 4819 ἔρωτηθεὶς
583 4746 729 4821 παρὰ
769 4756 860 4801 τοῦ
919 4757 1075 4822 Θεοῦ,
1118 4751 1160 4804 εἰ
1209 4752 1472 4826 ὠνόμασεν
1512 4752 1693 4807 ἑαυτὸν
1734 4758 1862 4810 Θεὸν

242 4831 296 4886 ἓν
336 4842 412 4905 τῷ
469 4839 676 4909 κόσμῳ,
734 4836 1022 4911 ἠρνήσατο,
1089 4839 1245 4913 λέγων
1293 4844 1376 4894 ὅτι
1440 4847 1507 4896 Σὺ
1560 4845 1730 4897 πάντα
1783 4865 1866 4917 γι-

238 4928 468 4986 νώσκεις
505 4930 599 4978 xui.
647 4922 799 4990 οἶδας
838 4928 935 4981 οῦκ
986 4932 1064 4983 ὃτι
1111 4929 1206 4983 οῦκ
1231 4930 1483 5005 ὡνόμασα
1529 4933 1708 4987 ἑαυτὸν
1735 4937 1864 4987 Θεὸν

239 5012 442 5087 ἦ.Υἰόν
485 5032 582 5067 σου
614 5030 628 5047 ⁸
674 5012 859 5080 δοῦλος
909 5021 1011 5093 γάρ
1063 5023 1158 5073 σού
1199 5020 1326 5095 εἰμι,
1394 5028 1486 5075 καὶ
1547 5021 1654 5096 οὐχ
1711 5024 1867 5100 ὑπερ-

239 5104 574 5177 ηφανεύομαι
655 5113 806 5160 τοῦτο
908 5108 1206 5181 καλείσθαι.
1283 5111 1676 5185 Ἀναθεματίξω
1769 5117 1864 5172 τὴν

236 5186 492 5265 διδαχὴν
549 5201 641 5247 τοῦ
702 5194 960 5270 Μωάμεδ,
1012 5203 1106 5258 τὴν
1153 5200 1408 5272 λέγουσαν
1464 5204 1537 5275 μὴ
1594 5199 1722 5255 εἶναι
1778 5205 1865 5256 τὸν

235 5284 477 5356 Χριστόν
535 5285 657 5337 Υίόν
702 5292 798 5338 τοῦ
850 5290 997 5360 Θεοῦ,
1051 5286 1160 5341 ἀλλ’
1200 5287 1488 5345 ἀπόστολον
1527 5296 1616 5344 xui
1653 5296 1864 5366 προφή-

230 5388 331 5431 την
360 5386 377 5403 ⁸
419 5374 611 5426 καθότι
641 5376 855 5448 (φησὶν)
897 5377 922 5430 ό
981 5380 1111 5442 Θεὸς
1158 5383 1398 5433 κοινωνὸν
1454 5380 1549 5434 οῦκ
1588 5382 1701 5453 ἔχει
1729 5397 1743 5411 ·
1773 5385 1864 5434 xui

539 5524 859 5612 prophetis
888 5524 1016 5597 istis
1049 5544 1108 5598 et
1136 5540 1420 5614 apostolis
1460 5542 1597 5600 vide
1643 5541 1861 5615 Euthy-

301 5679 385 5754 (9)
413 5682 558 5739 Post
578 5684 788 5758 Γραφῆς
809 5681 1188 5743 desideratur
1216 5689 1545 5761 προφέρεται,
1562 5688 1667 5745 aut
1695 5685 1862 5745 aliud

1950 1890 2191 1950 medis:
2247 1906 2386 1964 qua).
2436 1889 2579 1946 dicit
2625 1905 2765 1946 eum
2820 1889 3093 1946 futurum
3147 1904 3277 1944 esse
3337 1890 3608 1961 paradisi

1952 1980 2345 2052 clavigerum,
2395 1983 2452 2035 et
2493 1978 2554 2034 in
2607 1994 2747 2035 eum
2794 1977 3280 2034 introducturum
3320 1993 3448 2034 esse
3479 1994 3610 2051 sep-

1952 2071 2224 2141 tuaginta
2251 2068 2440 2125 millia
2470 2070 2907 2127 Saracenorum
2933 2067 3234 2139 justorum
3267 2083 3280 2122 :
3314 2072 3375 2124 at
3396 2083 3608 2140 pecca-

1954 2166 2114 2218 tores
2138 2174 2176 2217 θ.
2212 2158 2333 2214 Deo
2352 2156 2692 2230 judicatum
2723 2156 2832 2227 iri;
2879 2156 3288 2230 appensisque
3340 2154 3420 2212 ad
3457 2156 3612 2213 colla

1955 2265 2169 2307 eorum
2210 2246 2489 2321 pittaciis,
2521 2245 2606 2303 ita
2637 2251 2695 2302 et
2722 2246 2892 2319 ipsos
2940 2245 3002 2301 in
3044 2244 3398 2319 paradisum
3426 2245 3610 2303 intra-

1956 2344 2126 2397 turos
2155 2352 2307 2401 esse,
2340 2353 2411 2393 ac
2437 2334 2764 2392 Moamedis
2792 2334 3036 2391 libertos
3087 2334 3467 2390 nominatum
3516 2334 3608 2391 iri.

1956 2423 3113 2495 AnathematizolegesaMoamedelatas
3127 2423 3201 2478 de
3214 2423 3612 2479 matrimoniis

1959 2520 2016 2573 et
2036 2513 2560 2573 matrimoniorum
2587 2512 2901 2580 solutione,
2925 2511 3000 2568 de
3020 2511 3453 2568 mmchantium
3486 2528 3615 2568 mu-

1956 2604 2173 2663 lierum
2196 2601 2634 2676 puriﬁcatione,
2670 2599 2745 2657 de
2798 2616 3056 2657 uxorum
3087 2607 3143 2659 et
3177 2599 3458 2673 pellicum
3490 2617 3609 2656 nu-

1960 2708 2151 2763 mero,
2183 2706 2551 2763 omnemque
2604 2689 2681 2746 de
2729 2689 2948 2746 talibus
2977 2689 3282 2762 impuram
3331 2693 3461 2761 ejus
3508 2689 3613 2745 do-

1961 2783 2237 2840 ctrinam.
2298 2778 2749 2837 Anathematizo
2796 2779 3120 2835 Moamedis
3165 2777 3616 2850 blasphemiam

1961 2887 2099 2946 quas
2123 2869 2267 2926 dicit
2286 2872 2497 2937 Deum,
2519 2883 2703 2940 quem
2729 2866 2873 2935 vult,
2904 2866 2965 2922 in
2992 2858 3255 2923 errorem
3285 2865 3617 2939 impellere,

1962 2967 2017 3018 et
2037 2974 2220 3034 quem
2248 2957 2391 3026 vult,
2407 2957 2469 3013 in
2484 2956 2713 3013 bonam
2738 2957 2894 3013 viam
2922 2955 3252 3024 deducere;
3280 2961 3357 3026 et,
3386 2957 3434 3011 si
3460 2958 3616 3012 Deus

1960 3050 2154 3118 vellet,
2184 3062 2310 3104 non
2359 3047 2512 3104 inter
2565 3062 2630 3102 se
2657 3044 2987 3103 bellaturos
3017 3061 3148 3101 esse
3177 3045 3476 3117 homines,
3512 3047 3619 3102 sed

1960 3138 2165 3213 ipsum
2195 3137 2392 3194 facere
2413 3135 2582 3210 quod
2605 3135 2753 3208 vult,
2795 3135 3116 3208 omnisque
3136 3134 3280 3191 boni
3307 3135 3527 3207 pariter
3566 3142 3622 3193 et

1961 3228 2107 3285 mali
2132 3231 2445 3284 auctorem
2492 3226 2694 3298 ipsum
2724 3240 2879 3295 esse,
2911 3228 3040 3280 tum
3070 3222 3377 3281 fortunam
3417 3228 3475 3281 et
3529 3225 3622 3282 fa-

1963 3322 2093 3375 tum
2117 3314 2385 3374 obtinere
2412 3314 2474 3370 in
2505 3313 3269 3371 omnibus.Anathematizo
3298 3313 3625 3371 Moamedis

1963 3406 2304 3464 futilitatem
2334 3421 2472 3478 quae
2502 3403 2644 3460 dicit
2664 3402 2988 3459 Dominum
3005 3405 3318 3476 Deumque
3346 3409 3623 3460 nostrum

1966 3497 2172 3553 Jesum
2202 3495 2521 3565 Christum,
2557 3498 2617 3549 et
2643 3493 2825 3551 Maria
2852 3492 3025 3550 Mosis
3057 3498 3114 3549 et
3139 3493 3391 3548 Aaronis
3421 3508 3625 3550 sorore

1968 3586 2202 3659 absque
2232 3583 2460 3641 semine
2485 3587 2697 3640 natum
2727 3598 2877 3652 esse,
2895 3580 3305 3656 [conceptum]
3334 3581 3409 3637 de
3438 3583 3626 3640 Verbo

1968 3691 2041 3732 ac
2067 3674 2286 3747 Spiritu
2309 3672 2441 3729 Dei:
2467 3678 2524 3728 et
2555 3687 2692 3726 cum
2716 3671 2917 3728 adhuc
2937 3670 3132 3727 infans
3154 3676 3329 3740 esset,
3353 3670 3627 3729 volucres

1969 3778 2003 3820 e
2025 3763 2152 3819 luto
2189 3761 2453 3828 ﬁnxisse,
2476 3758 2809 3833 inﬂatuque
2840 3775 2950 3816 suo
2980 3760 3319 3816 animantes
3363 3775 3467 3816 eas
3489 3760 3626 3818 red-

1969 3853 2216 3919 didisse,
2247 3849 2353 3905 sed
2399 3853 2457 3905 et
2485 3864 2678 3905 caecos
2707 3864 2982 3918 sanasse,
3012 3853 3285 3905 mortuos
3311 3849 3624 3916 excitasse,

1970 3940 2505 4015 apostolorumque
2534 3942 2752 4008 rogatu
2803 3954 2839 3994 a
2867 3941 2985 3994 Deo
3015 3937 3276 4010 petiisse,
3309 3942 3366 3993 et
3413 3953 3628 3997 mensa

1971 4048 2003 4089 e
2031 4029 2196 4088 caelis
2227 4028 2488 4085 deducta
2517 4042 2620 4083 eos
2651 4026 2890 4091 aluisse,
2911 4041 3114 4099 neque
3139 4025 3492 4082 cruciﬁxum
3522 4032 3628 4084 aut

1967 4136 2179 4177 revera
2209 4123 2517 4174 mortuum
2547 4130 2677 4173 esse
2705 4121 2768 4173 ut
2802 4114 3246 4182 hominem,sed
3269 4115 3625 4188 imaginarie

1969 4206 2517 4268 solummodoshtec
2545 4210 2625 4263 ab
2671 4205 2932 4262 Hebraeis
2961 4220 3212 4279 passum
3241 4220 3375 4261 esse
3406 4217 3419 4258 :
3453 4210 3508 4262 et
3536 4205 3622 4262 in-

1968 4304 2336 4370 terrogatum
2355 4312 2391 4353 a
2413 4298 2533 4352 Deo
2555 4311 2634 4351 an
2654 4310 2717 4351 se
2734 4297 2923 4351 Deum
2943 4295 3000 4351 in
3026 4293 3259 4351 mundo
3275 4294 3624 4361 nominarit,

1965 4405 2243 4462 negasse,
2275 4404 2345 4443 ac
2374 4385 2597 4442 dixisse
2629 4400 2642 4440 :
2679 4385 2767 4440 Tu
2796 4385 2996 4441 omnia
3023 4384 3199 4455 nosti,
3227 4390 3281 4440 et
3318 4387 3430 4440 scis
3474 4384 3630 4457 quod

1968 4496 2088 4536 non
2113 4475 2474 4535 nominarim
2509 4489 2601 4531 me
2620 4474 2809 4530 Deum
2840 4479 2948 4531 aut
2994 4472 3221 4530 Filium
3249 4478 3441 4529 tuum.
3481 4473 3627 4530 Sum

1969 4569 2127 4626 enim
2153 4580 2358 4623 servus
2381 4569 2653 4625 tuusmec
2669 4562 2757 4618 ita
2780 4562 3071 4632 superbus
3087 4577 3215 4618 sum
3241 4565 3407 4618 utsic
3422 4563 3632 4619 vocari

1971 4650 2763 4715 detrectem.Anathematizo
2783 4651 3112 4707 Moamedis
3133 4651 3469 4708 doctrinam
3491 4668 3628 4725 quae

1971 4746 2116 4803 dicit
2136 4744 2433 4802 Christum
2454 4757 2579 4798 non
2603 4756 2736 4796 esse
2767 4739 2982 4796 Filium
3008 4739 3129 4807 Dei,
3149 4740 3256 4796 sed
3285 4738 3628 4813 apostolum

1972 4842 2031 4895 et
2067 4834 2429 4910 prophetam
2463 4847 2477 4888 :
2534 4829 2821 4904 quoniam
2856 4828 3090 4904 (inquit)
3142 4832 3301 4886 Deus
3358 4844 3629 4886 commu-

1971 4927 2171 4986 nionis
2221 4924 2454 4982 socium
2499 4937 2624 4979 non
2675 4920 2906 4978 habet:
2953 4925 3011 4977 et
3056 4935 3268 4976 omnes
3316 4919 3422 4994 qui
3471 4919 3607 4976 Chri

1971 5024 2130 5075 stum
2163 5015 2217 5073 ei
2241 5010 2689 5073 communionis
2717 5010 2950 5068 socium
2979 5009 3208 5079 dicunt,
3236 5009 3299 5066 in
3350 5009 3631 5079 gehenna

1974 5107 2129 5179 ignis
2151 5104 2496 5180 punientur.
2519 5100 2968 5159 Anathematizo
3001 5097 3329 5158 ﬂoamedis
3358 5097 3629 5156 fabulam

1975 5178 2034 5256 in
2060 5178 2185 5271 qua
2207 5194 2351 5252 dicit
2380 5196 2498 5250 Deo
2525 5192 2781 5249 domum
2809 5189 3170 5264 precationis
3185 5188 3263 5247 ab
3283 5178 3630 5248 Abrahamo

1974 5291 2031 5345 et
2088 5284 2340 5343 lsmaele
2387 5287 2674 5339 structam
2731 5296 2868 5337 esse
2904 5280 2970 5337 in
3025 5280 3254 5337 Bacche
3293 5280 3418 5337 sive
3464 5280 3633 5339 Makc

1974 5381 2079 5435 aut
2109 5373 2356 5433 Makech
2388 5393 2402 5430 :
2431 5386 2620 5445 quam
2644 5369 2923 5428 nominat
2963 5368 3378 5428 adoratorium
3428 5369 3634 5429 obser-

1973 5533 2629 5612 hiijusmodi_verbun1_.
2649 5606 2689 5612 __
2741 5602 2776 5612 Α
2915 5602 2926 5612 ⁸

2048 5602 2159 5684 (10)
2186 5607 2425 5666 Plenius
2455 5605 2620 5679 apud
2649 5602 3062 5677 Euthymium.
