4136 6398
524 288 624 351 435
1868 266 2033 344 ms

2184 263 2555 340 CﬁONlA’l‘E

3793 276 3897 341 {36

522 415 673 476 mini
693 415 723 472 J
730 429 838 472 esu
856 411 1067 473 Christi
1085 424 1307 484 corpus
1333 424 1406 468 ac
1436 410 1796 481 sanguinem
1823 423 1976 479 esse,
1995 412 2177 467 trans-

2302 400 2523 478 δυνάμει
2587 411 2770 481 νοερῶε
2821 423 2875 459 τε
2921 407 3011 459 καὶ
3045 402 3301 481 ἀοράτως,
3341 403 3470 479 ὑπὲρ
3512 408 3684 459 πᾶσαν
3743 425 3903 479 pum-

524 508 736 564 mutaa
790 501 1110 577 [videlicet]
1144 501 1353 559 divina
1407 498 1565 558 illius
1623 499 1894 573 potentia
1944 515 1958 554 :
2007 496 2192 571 idque

526 599 728 651 mente
778 598 837 650 et
880 608 1004 649 non
1049 590 1238 649 oculis
1272 588 1663 663 perceptibili,
1691 602 2058 661 omnemque
2088 601 2192 642 na-

524 682 783 740 turalem
815 681 1241 754 cogitationem
1263 685 1585 753 superante
1615 677 1822 747 modo,
1849 691 2028 751 quem
2060 675 2191 749 ipse

528 771 693 830 solus
735 771 903 828 novit
934 787 947 827 :
980 774 1160 844 atque
1190 769 1272 825 ita
1300 772 1358 825 et
1408 783 1522 838 ego
1549 783 1647 825 me
1673 767 1773 825 illa
1801 782 1941 823 cum
1964 764 2190 822 caeteris

529 863 917 933 sumpturum
948 858 1264 925 assentior,
1286 861 1350 914 ut
1368 872 1502 931 quae
1524 872 1664 913 vere
1693 871 1835 914 caro
1857 860 1915 913 et
1940 853 2189 927 sanguis

526 950 577 1021 ej
589 965 659 1006 us
674 949 878 1010 sint.et
893 948 969 1005 ad
983 947 1203 1005 animae
1221 946 1609 1020 corporisque
1628 943 2184 1009 sanctiﬁcationem,

527 1038 712 1095 vitam
770 1042 1078 1103 aeternam,
1138 1037 1425 1110 regnique
1478 1034 1733 1092 caelestis
1778 1033 2187 1091 haereditatem

529 1126 990 1201 adipiscendam
1009 1131 1347 1194 sumantur,
1366 1124 1445 1182 ab
1465 1125 1578 1182 illis
1608 1125 1712 1198 qui
1736 1139 1811 1182 ea
1836 1123 1898 1182 in
1925 1121 2188 1195 perfecta

525 1216 647 1275 tida
699 1216 1081 1291 participant.
1123 1217 1532 1287 Sanctumque
1597 1212 1809 1270 Christi
1857 1210 2184 1286 baptisma,

526 1322 680 1379 puro
713 1303 1045 1378 seduloque
1093 1303 1299 1361 animo
1348 1308 1405 1361 et
1452 1302 1653 1371 corde,
1687 1318 1757 1359 ac
1785 1300 1906 1359 ﬁde
1931 1301 2181 1371 sincera,

527 1394 797 1468 accipere
819 1393 1133 1461 desidero;
1189 1395 1350 1448 certo
1398 1407 1469 1448 ac
1513 1406 1650 1448 vere
1688 1405 2048 1464 persuasum
2078 1389 2186 1446 ha-

524 1483 698 1553 bens,
747 1482 893 1539 illud
946 1485 1148 1539 mente
1200 1481 1646 1555 perceptibilem
1704 1479 2185 1555 puriﬁcationem

523 1587 679 1640 esse,
701 1571 1012 1644 animique
1034 1570 1257 1644 pariter
1275 1575 1332 1626 et
1352 1572 1619 1643 corporis
1644 1568 2183 1639 regenerationem.

526 1661 638 1719 Sed
663 1665 720 1717 et
742 1660 1150 1717 venerabilem
1208 1674 1449 1716 crucem
1497 1658 1771 1730 ejusdem
1820 1657 1944 1714 veri
1977 1656 2186 1714 Christi

2299 498 2394 552 κήν
2436 496 2648 567 ἔννοιαν,
2717 498 2786 558 ὡς
2842 492 2956 550 οἶδε
3010 499 3164 570 μόνος
3220 494 3407 557 αύτός·
3447 499 3538 548 καὶ
3564 497 3710 559 ρῦτω
3746 495 3899 569 κάγὼ

2298 583 2694 656 μεταλήψεσθαι
2748 588 2940 638 τούτων
2996 586 3321 659 συντίθεμαι,
3377 586 3448 647 ὡς
3482 587 3615 638 κατὰ
3657 584 3900 645 ἀλήθειαν

2296 673 2455 725 ὄντων
2532 677 2727 747 σαρκός
2778 693 2831 728 τε
2885 678 2976 728 καὶ
3030 675 3250 748 αἳματος
3303 673 3489 741 αὐτοῦ,
3529 677 3619 728 καὶ
3640 674 3710 737 εἰς
3744 675 3902 747 ἁγια-

2299 764 2430 835 σμόν
2494 762 2684 836 ψυχῆς
2736 782 2791 817 τε
2819 769 2910 817 καὶ
2956 770 3214 838 σώματος,
3253 768 3345 817 καὶ
3382 763 3521 825 ζωὴν
3550 764 3779 835 αἰώνιον,
3802 769 3902 819 καὶ

2297 847 2572 924 βασιλείας
2648 852 2877 929 οὐρανῶν
2952 852 3296 929 κληρονομίαν
3348 852 3900 928 μεταλαμϐανομίνων,

2295 948 2405 1003 τοῖς
2444 940 2612 993 αύτῶν
2651 940 2701 995 ἐν
2739 947 2917 995 πίστει
2963 942 3132 1016 τελείᾳ
3168 947 3474 1017 μετέχουσι.
3519 947 3621 997 Καὶ
3657 945 3716 996 τὸ
3744 944 3902 1016 ἅγιον

2294 1037 2386 1083 τοῦ
2439 1037 2677 1103 Χριστοῦ
2744 1030 3027 1107 βάπτισμα
3097 1035 3229 1106 μετά
3290 1035 3525 1107 καθαρᾶς
3564 1037 3655 1086 καί
3700 1030 3903 1088 ἀδόλου

2292 1117 2478 1191 ψυχῆς
2532 1125 2622 1173 καὶ
2677 1117 2926 1195 καρδίας,
2984 1125 3074 1175 καὶ
3134 1126 3363 1185 πίστεως
3428 1121 3747 1198 εἰλικρινοῦς,
3780 1122 3903 1178 ἐπι-

2297 1211 2439 1272 ζητῶ
2480 1205 2756 1280 δέξασθαι,
2822 1210 3299 1285 πληροφορούμινος
3368 1208 3571 1275 ἀληθῶς
3636 1215 3904 1289 κάθαρσιν

2294 1296 2421 1350 αὐτὸ
2486 1302 2677 1358 νοητὴν
2732 1295 2881 1368 εἶναι,
2941 1304 3033 1352 καὶ
3073 1298 3411 1373 ἀναγίννησιν
3464 1300 3648 1375 ψυχῆς
3700 1320 3755 1355 τε
3802 1308 3906 1357 καὶ

2296 1392 2551 1460 σώματος.
2604 1391 2707 1442 Καὶ
2744 1391 2833 1441 τὸν
2890 1388 3176 1463 σεϐάσμιον
3227 1386 3287 1444 δε
3339 1393 3565 1467 σταυρόν
3608 1398 3700 1444 τοῦ
3731 1392 3904 1446 αὐτοῦ

2294 1474 2539 1535 ἀληθινοῦ
2568 1485 2804 1550 Χριστοῦ
2847 1483 2936 1532 καὶ
2979 1486 3114 1533 Θεοῦ
3167 1480 3336 1551 ἡμῶν,
3387 1482 3451 1541 ὡς
3495 1478 3667 1533 ούκέτι
3698 1481 3903 1556 φθορᾶς

2290 1570 2380 1618 καὶ
2433 1563 2558 1639 ἀρᾶς
2609 1569 2847 1642 ὄργανον,
2888 1566 2996 1620 ἀλλ’
3027 1565 3316 1644 ἐλευθερίας
3353 1573 3442 1621 καὶ
3472 1570 3610 1631 ζωῆς
3656 1569 3902 1641 αἰωνίου,

2291 1659 2382 1706 καί
2423 1662 2635 1728 σημεῖον
2688 1665 2783 1719 τῆς
2830 1659 2966 1709 κατά
3016 1665 3110 1710 τοῦ
3150 1654 3398 1711 διαϐόλου
3442 1662 3533 1711 καί
3571 1660 3793 1712 θανάτου
3817 1662 3903 1712 νί-

526 1751 749 1823 Deique
799 1749 1008 1819 nostri,
1035 1754 1100 1805 ut
1130 1764 1268 1822 quas
1310 1764 1433 1805 non
1473 1747 1736 1821 amplius
1782 1745 2177 1820 corruptionis

2291 1762 2404 1805 κης.
2460 1744 2579 1797 Ἐτι
2641 1741 2699 1798 δε
2759 1750 2848 1798 καί
2899 1748 2994 1808 τὰς
3052 1745 3373 1819 σεϐασμίους
3420 1746 3619 1810 εἰκόνας
3681 1756 3771 1809 τῆς
3837 1765 3903 1801 τε

525 1844 585 1897 et
607 1838 1052 1906 exsecrationis,
1101 1836 1211 1893 sed
1239 1835 1531 1893 libertatis
1563 1841 1621 1892 et
1648 1837 1786 1892 vitae
1825 1840 2060 1892 aeterna:
2099 1836 2186 1891 in-

526 1933 950 1995 strumentum,
996 1926 1379 1999 victoriaeque
1425 1925 1716 1982 adversus
1762 1923 2073 1982 diabolum
2113 1940 2184 1981 ac

528 2020 783 2075 mortem
841 2017 1083 2086 signum
1138 2014 1212 2071 sit
1263 2031 1276 2071 :
1333 2018 1623 2087 praetcrea
1684 2017 1740 2070 et
1809 2013 2183 2071 venerabiles

523 2106 839 2179 imagines,
896 2110 953 2163 et
1012 2101 1381 2180 [salutiferae]
1441 2103 1599 2159 illius
1656 2103 1756 2160 Dei
1802 2103 1975 2160 Verbi
2017 2103 2182 2175 apud

520 2194 801 2253 homines
829 2195 887 2251 in
920 2209 1099 2250 carne
1130 2192 1546 2265 apparitionis,
1596 2196 1654 2248 et
1691 2195 1820 2263 ejus
1863 2208 2001 2266 qum
2030 2192 2181 2248 inef-

521 2282 781 2341 fabiliter
827 2282 992 2340 istud
1046 2282 1278 2355 peperit
1333 2286 1514 2338 castae
1539 2281 1792 2352 Virginis
1821 2281 2043 2354 Deique
2064 2283 2180 2338 Ma-

520 2375 646 2445 tris,
683 2372 1152 2444 divinorumquc
1195 2370 1573 2441 angelorum,
1602 2377 1658 2426 et
1677 2375 2025 2427 sanctorum
2055 2385 2183 2427 om-

517 2462 712 2528 nium,
770 2465 833 2517 ut
882 2459 1321 2533 primitivorum
1375 2458 1678 2531 symbola,
1728 2465 1784 2516 et
1827 2464 2095 2531 accepto,
2126 2463 2183 2516 et

517 2553 754 2610 honoro
781 2550 962 2625 atq'uc
1001 2551 1333 2607 exosculor.
1397 2550 1510 2606 Sed
1561 2556 1617 2607 et
1642 2551 1809 2623 ipsos
1839 2565 2042 2606 sacros
2073 2564 2180 2606 an-

519 2643 705 2714 gelos,
743 2646 1108 2714 sanctosque
1138 2655 1371 2710 omnes,
1408 2640 1512 2714 qui
1548 2640 1702 2695 bene
1731 2640 1849 2695 Deo
1878 2639 2180 2712 placuere,

518 2737 583 2790 ut
613 2747 818 2789 servos
869 2731 1049 2798 illius,
1089 2729 1372 2803 ﬁdosque
1415 2729 1742 2791 ministros,
1785 2734 2028 2801 propter
2070 2728 2180 2786 ho—

516 2837 727 2879 norem
758 2819 837 2877 illi
876 2820 1176 2887 habitum,
1220 2819 1455 2875 honoro
1482 2823 1540 2875 et
1561 2832 1816 2874 veneror
1848 2835 1861 2874 :
1895 2822 2074 2890 atque
2099 2818 2183 2874 ita

519 2916 641 2968 toto
673 2911 878 2967 animo
904 2915 962 2967 et
991 2910 1190 2976 corde,
1243 2924 1503 2981 veroque
1529 2908 1717 2964 animi
1742 2907 2073 2981 proposito,
2103 2906 2182 2963 ad

519 3000 989 3058 Christianorum
1037 2997 1222 3054 ﬁdem
1273 2997 1520 3054 accedo.
1567 2997 1623 3054 Si
1665 3012 1810 3053 vero
1839 3013 1979 3053 cum
2001 2995 2184 3051 simu-

2291 1834 2428 1886 κατά
2474 1836 2647 1910 σάρκα
2711 1838 2843 1909 πρὸς
2908 1834 3208 1910 ἀνθρώπους
3265 1834 3558 1909 ἐπιφανείας
3615 1843 3708 1890 τοῦ
3761 1840 3901 1891 Θεοῦ

2293 1927 2490 1995 Λόγου,
2566 1927 2659 1976 καί
2731 1932 2826 1987 τῆς
2871 1922 3150 1997 ἀφράστως
3204 1924 3357 1978 αὐτόν
3422 1928 3675 1988 τεκούσης
3728 1925 3903 1998 ἁγνῆς

2292 2013 2554 2088 Παρθένου
2604 2017 2694 2064 καί
2759 2019 3105 2088 Θεομήτορος,
3170 2019 3257 2066 καί
3321 2022 3419 2066 τῶν
3461 2011 3700 2068 θεοειδῶν
3737 2013 3903 2088 ἀγγέ-

2289 2101 2408 2167 λων,
2457 2108 2550 2155 καί
2590 2111 2689 2155 τῶν
2746 2102 2910 2175 ἁγίων
2951 2103 3209 2172 ἁπάντων,
3250 2107 3314 2166 ὡς
3347 2103 3583 2177 σύμϐολα
3614 2113 3714 2157 τῶν
3752 2123 3902 2179 πρω-

2290 2194 2546 2260 τοτύπων,
2591 2197 2682 2244 καί
2752 2189 2985 2265 δέχομαι
3048 2197 3139 2245 καί
3204 2202 3340 2266 τιμώ
3401 2198 3491 2247 καί
3546 2191 3892 2267 ἀσπάζομαι.

2292 2285 2394 2335 Καί
2424 2281 2610 2342 αύτούς
2638 2278 2697 2335 δέ
2718 2286 2835 2343 τοὺς
2888 2284 3055 2356 ἱερούς
3118 2280 3383 2355 ἀγγέλους,
3420 2286 3511 2336 καί
3547 2287 3666 2346 τοὺς
3703 2281 3903 2357 ἀγίους

2289 2370 2546 2441 ἅπαντας,
2590 2374 2712 2433 τοὺς
2763 2379 2835 2443 τῷ
2875 2378 2989 2441 Θεῷ
3034 2370 3504 2446 εὐαρεστησαντας,
3549 2374 3619 2436 ὡς
3675 2365 3902 2435 δούλους
3934 2377 3951 2386 “

2291 2458 2482 2513 ἐκείνου
2526 2465 2617 2513 καί
2676 2463 2895 2521 πιστούς
2960 2462 3290 2534 θεράποντας,
3330 2469 3464 2534 τιμῶ
3520 2465 3610 2514 καί
3670 2459 3900 2536 σέϐομαι

2292 2546 2386 2602 διὰ
2445 2553 2539 2608 τὴν
2587 2553 2714 2625 πρὸς
2752 2547 2939 2602 ἐκεῖνον
2969 2555 3157 2622 τιμὴν·
3200 2555 3287 2603 καί
3335 2552 3497 2615 οὕτως
3537 2550 3590 2615 ἐξ
3627 2551 3744 2613 ὅλης
3789 2552 3902 2624 ψυ-

2292 2646 2395 2711 χῆς
2451 2643 2541 2691 καί
2585 2635 2827 2714 καρδίας,
2868 2643 2958 2691 καί
3008 2641 3358 2715 προαιρέσεως
3384 2640 3630 2709 ἀληθοῦς,
3656 2645 3897 2715 προσέρ-

2289 2747 2460 2801 χομαι
2503 2736 2565 2786 τῆ
2612 2733 2788 2781 πίστει
2829 2736 2927 2780 τῶν
2991 2736 3341 2804 Χριστιανῶν.
3382 2729 3444 2783 Εἰ
3498 2726 3557 2783 δε
3612 2730 3724 2803 μεθ’
3764 2731 3896 2784 ὑπο-

2290 2822 2512 2892 κρίσεως
2558 2822 2649 2870 καί
2685 2813 2840 2870 δόλου
2900 2819 3067 2870 ταῦτά
3125 2838 3282 2892 φημι,
3322 2823 3411 2871 καί
3452 2819 3547 2872 ούκ
3578 2816 3632 2871 ἐκ
3662 2823 3893 2883 πίστεως

2290 2905 2562 2979 ὀλο-,ιύχου
2608 2911 2697 2959 καί
2752 2902 2981 2981 καρδίας
3040 2911 3126 2960 τὸν
3168 2912 3398 2983 Χριστὸν
3456 2905 3761 2981 ἀγαπώσης,
3810 2912 3888 2968 εἴη

2290 3014 2381 3069 μοι
2421 2994 2651 3069 ἀνάθεμα
2689 3000 2778 3047 καί
2806 2997 3097 3070 κατάθεμα,
3129 3002 3219 3050 καί
3257 2998 3286 3056 ἡ
3327 2997 3483 3071 ψυχή
3523 3017 3624 3071 μου
3662 3001 3893 3071 ταχθείη

512 3091 739 3163 latione
791 3104 862 3144 ac
898 3086 1041 3143 dolo
1083 3088 1213 3143 haec
1234 3086 1391 3147 dico.
1433 3091 1488 3142 et
1519 3101 1639 3141 non
1672 3101 1745 3141 ex
1777 3084 1970 3142 solida
1998 3084 2177 3141 totius

2291 3086 2423 3158 μετά
2459 3092 2550 3138 τοῦ
2590 3090 2791 3138 Σατανᾶ
2826 3090 2916 3138 καί
2952 3095 3053 3139 τῶν
3102 3082 3384 3160 δαιμόνων.

517 3177 706 3235 animi
736 3176 877 3244 fide,
911 3175 1335 3247 Christumque
1358 3175 1589 3231 amanti
1620 3173 1822 3244 corde,
1882 3173 1956 3231 sit
1998 3173 2146 3230 mihi
2196 3172 2524 3232 anathema
2557 3178 2613 3231 et
2646 3174 3005 3249 catathema,
3041 3175 3370 3250 animaque
3399 3192 3538 3235 mea
3566 3176 3897 3236 collocetur

519 3282 658 3322 cum
688 3266 908 3323 Satana
935 3269 992 3320 et
1011 3263 1413 3320 daemonibus.

527 3408 3889 3434 HW

1271 3569 1397 3712 Ν
1407 3566 2026 3719 ΙΟΕΤᾸΕ
2175 3630 2177 3661 ι

2292 3568 3236 3716 HONIAT/E

1832 3826 1959 3896 EX
2000 3826 2273 3896 LIBRO
2317 3826 2556 3895 XXIII

1001 4012 1751 4139 THESAUBI
1891 4009 2841 4137 ORTHODOXXE
2984 4015 3392 4140 FIDEI

1083 4229 1209 4301 (Ap.
1236 4228 1311 4284 Le
1324 4227 1497 4296 Quien
1521 4228 1712 4284 Oriens
1731 4225 2086 4284 Christianus
2116 4230 2158 4297 l,
2174 4228 2303 4300 649,
2328 4227 2384 4282 in
2409 4227 2685 4285 Eustratio
2707 4227 2903 4285 Nicaea:
2918 4228 3308 4302 metropolita.)

579 4533 900 4606 Aliquanto
921 4535 1190 4604 tempore
1217 4528 1789 4604 elapso,discipulus
1813 4529 1970 4586 illius
1992 4532 2165 4588 Joan-

2347 4533 2547 4603 Χρόνου
2600 4531 2733 4590 τινός
2807 4524 3196 4604 διαγενομένου,
3259 4534 3444 4586 τούτου
3478 4531 3735 4603 (Ἰωάννου
3779 4538 3882 4586 τοῦ

508 4623 603 4678 nis
635 4621 759 4678 Itali
790 4620 1073 4678 monachi
1095 4636 1267 4677 novae
1298 4617 1541 4674 alterius
1584 4618 1871 4675 doctrinae
1905 4619 2164 4675 auctoris

510 4710 857 4777 Eustratius,
883 4710 989 4783 qui
1014 4709 1222 4766 Nicaeae
1263 4707 1548 4781 Bithyniae
1595 4707 1941 4781 metropolis
1971 4709 2163 4781 ponti-

508 4800 606 4856 fex
647 4804 792 4866 erat,
839 4815 979 4856 cum
1025 4814 1186 4872 saepe
1215 4813 1423 4855 coram
1453 4797 1829 4871 imperatoris
1875 4797 2165 4855 tribunali

508 4905 649 4946 cum
682 4888 900 4945 Latinis
947 4887 1316 4960 disputasset
1368 4885 1442 4943 de
1480 4887 1708 4960 azymis
1755 4890 1811 4943 ct
1840 4885 1916 4943 de
1943 4887 2162 4960 Spiritu

507 4982 740 5047 sancto,
761 4977 1055 5034 mandare
1083 4976 1318 5050 scriptis
1344 4975 1552 5033 volens
1581 4991 1719 5049 quas
1751 4976 1968 5033 Latinis
1996 4980 2159 5033 attu-

504 5065 672 5140 lerat,
706 5081 965 5139 quaeque
995 5065 1073 5123 ab
1101 5064 1185 5121 eis
1210 5066 1361 5121 inter
1398 5064 1835 5137 disputandum
1864 5064 2157 5137 audierat,

506 5170 629 5213 non
652 5160 952 5225 accurate,
976 5169 1089 5211 nec
1113 5152 1493 5212 laudabiliter
1530 5170 1673 5211 suos
1722 5169 1938 5210 sensus
1967 5168 2161 5209 enun-

504 5244 692 5301 tiavit.
736 5242 890 5309 Quin
919 5242 1099 5300 etiam
1147 5259 1287 5300 cum
1344 5242 1741 5316 Philippopoli
1768 5243 1830 5299 in
1854 5241 2163 5300 audientia

502 5332 881 5405 imperatoris
898 5348 1035 5389 cum
1057 5331 1338 5390 Armenio
1350 5331 1621 5405 quodam
1642 5330 1718 5388 de
1739 5330 1983 5387 duabus
2005 5330 2162 5387 Chri-

505 5422 580 5477 sti
627 5421 854 5478 naturis
892 5421 1351 5495 colloqueretur,
1400 5420 1699 5478 nonnulla
1745 5420 1821 5476 de
1868 5423 1989 5476 Deo
2036 5435 2160 5477 non

507 5508 783 5566 consulta
821 5525 1071 5582 prorsus
1095 5509 1319 5581 injecit,
1364 5512 1422 5565 et
1447 5508 1617 5565 nullo
1655 5507 1888 5579 pudore
1926 5507 2158 5579 effutiit,

499 5599 632 5671 jam
679 5598 824 5657 olim
852 5615 1137 5673 nuncque
1166 5602 1547 5672 assumptam
1579 5612 1618 5656 a
1658 5596 1849 5656 Verbo
1876 5599 2160 5660 naturam

2277 4618 2498 4691 Ἰτάλου)
2555 4620 2802 4690 μαθητὴς
2839 4619 3183 4696 Εὐστράτιος,
3237 4621 3293 4686 ὃς
3342 4629 3438 4683 τῆς
3491 4629 3590 4675 τῶν
3645 4623 3878 4675 Βιθυνῶν

2272 4706 2467 4771 πόλεως
2535 4712 2757 4770 Νικαίας
2826 4707 3207 4785 ἀρχιερατικῶς
3258 4708 3570 4788 προήδρευε,
3626 4709 3880 4773 πολλάκις

2272 4794 2357 4849 ἐπί
2396 4795 2678 4869 βασιλικοῦ
2736 4796 2977 4871 βήματος
3045 4801 3177 4872 μετά
3250 4805 3484 4855 Λατίνων
3545 4800 3619 4863 εἰς
3683 4799 3876 4873 λόγους

2271 4882 2428 4938 ἐλθὼν
2480 4890 2599 4959 περί
2658 4904 2712 4940 τε
2769 4886 2980 4961 ἀζύμων
3032 4894 3124 4942 καί
3176 4897 3268 4944 τοῦ
3345 4892 3484 4945 θείου
3550 4892 3874 4964 Πνεύματος,

2270 4979 2361 5026 καί
2389 4974 2606 5037 θελήσας
2631 4985 2801 5052 γραφῇ
2830 4975 3162 5052 παραδοῦναι
3228 4980 3331 5033 ὅσα
3367 4983 3541 5054 εἰρηκε
3584 4983 3714 5053 πρὸς
3750 4983 3876 5043 τοῦς

2272 5068 2551 5135 Λατίνους,
2603 5070 2695 5119 καί
2744 5068 2830 5120 οἶα
2892 5067 3018 5142 παρ’
3046 5067 3249 5121 ἐκείνων
3305 5067 3356 5120 ἐν
3406 5077 3479 5141 τῷ
3533 5065 3877 5141 διαλέγεσθαι

2270 5151 2511 5219 ἀκηκόει,
2571 5154 2666 5208 οὐκ
2731 5154 2996 5229 ἀσφαλῶς,
3062 5153 3188 5211 οὐδὲ
3234 5156 3507 5220 ἒπαινετῶς
3574 5162 3692 5221 τοὺς
3753 5164 3879 5229 περί

2270 5250 2364 5295 τοῦ
2442 5246 2740 5317 Πνεύματος
2805 5244 2992 5318 λόγους
3048 5245 3302 5320 ἐξήνεγκε,
3363 5247 3556 5301 Ἐνίοτε
3623 5245 3682 5301 δὲ
3736 5253 3880 5303 κατά

2270 5332 2675 5388 Φιλιππούπολιν
2733 5334 2810 5389 ἐπ’
2870 5335 3118 5409 ἀκροάσει
3173 5344 3265 5391 τοῦ
3318 5336 3580 5412 βασιλέως
3624 5336 3700 5392 ἐπ’
3755 5337 3881 5414 Ἀρ-

2236 5427 2445 5495 -μενίου
2495 5428 2634 5486 τινὸς
2685 5429 2804 5500 περί
2867 5434 2968 5477 τῶν
3029 5422 3127 5478 δύο
3187 5435 3279 5480 τοῦ
3357 5432 3597 5503 Χριστοῦ
3669 5430 3877 5501 φύσεων

2266 5515 2567 5585 ποιούμενος
2624 5518 2718 5573 τὴν
2782 5510 3031 5585 διάλεξιν,
3096 5512 3349 5571 ούδέποτε
3398 5520 3734 5580 καθηκόντως
3805 5528 3874 5592 τῇ

2271 5602 2524 5680 θεηγορίᾳ
2577 5601 2836 5672 ἐπέϐαλεν,
2920 5602 3027 5659 ἀλλ’
3077 5603 3311 5672 ἀναιδῶς
3394 5606 3696 5684 ἐφθέγξατο,
3776 5614 3874 5663 καί
