4136 6402
176 308 249 362 tu
1472 294 1819 351 THESAURI
1857 294 1988 352 LIB.
2028 296 2209 353 XXIV.
3414 304 3516 359 142

169 447 272 487 nm
321 434 414 481 τοῦ
465 430 784 496 Μονογενοῦς
832 426 891 474 τὸ
946 421 1133 474 οἰκεῖον
1182 421 1331 493 αἷμα.
1382 425 1546 471 Τοῦτο
1597 419 1755 493 ῥηθὲν,

1894 418 2072 475 leitati
2114 420 2413 476 obtulerit.
2469 422 2696 478 Dictum
2747 422 2881 488 hoc,
2916 439 3054 479 cum
3094 424 3244 480 alios
3292 425 3517 482 multos

170 516 373 577 πολλοὺς
425 533 478 566 τε
537 512 745 579 ἄλλους,
806 517 895 563 καὶ
945 508 1011 569 δὴ
1068 514 1159 561 καὶ
1203 505 1401 581 ἄνδρας
1452 506 1605 580 ἀρετῇ
1666 511 1755 558 καὶ

1894 523 1992 563 um
2021 509 2198 564 etiam
2236 509 2464 582 aliquot
2483 511 2691 567 virtute
2723 516 2780 568 et
2804 512 3077 569 doctrina
3117 512 3406 586 pollentes
3438 515 3514 568 vi-

1865 612 1964 650 ros
1997 598 2280 663 turbavit,
2304 600 2446 671 quia
2472 615 2595 656 non
2624 599 2821 655 solum
2844 601 3135 671 religiosis
3157 603 3517 659 nostratium

1867 685 2220 741 rudimentis
2252 687 2515 743 alienum
2546 694 2692 752 erat,
2725 706 2934 746 verum
2956 691 3133 747 etiam
3156 692 3301 764 quia
3317 696 3519 748 Nesto-

1867 774 2102 830 rianam
2135 776 2496 833 divisionem
2528 778 2873 835 invehebat.
2916 778 2974 835 Si
3005 781 3165 837 enim
3194 796 3268 836 ex
3299 782 3391 837 his
3415 797 3519 837 na-

1868 864 2018 917 turis
2047 863 2235 920 altera
2256 865 2445 931 offert,
2478 865 2663 922 altera
2704 884 2847 923 vero
2878 868 3114 940 excipit,
3150 884 3391 941 prorsus
3420 886 3520 925 ne-

1869 967 2035 1007 cesse
2052 959 2138 1008 est
2166 959 2221 1008 et
2240 952 2406 1009 illam
2423 971 2458 1026 q
2471 971 2558 1010 uae
2573 955 2764 1023 offert,
2781 956 3108 1012 sacerdotis
3129 963 3187 1013 et
3206 956 3523 1014 sacriﬁculi

1870 1041 2081 1111 instar,
2109 1043 2399 1115 appellari
2426 1060 2463 1100 a
2491 1045 2666 1100 nobis
2698 1061 3028 1117 personam
3061 1063 3075 1102 :
3110 1063 3445 1120 rursusque
3460 1048 3524 1103 il-

1870 1129 1991 1185 lam
2048 1137 2348 1203 naturam,
2402 1150 2539 1207 quia
2586 1133 2672 1190 uti
2728 1138 2884 1191 Deus
2941 1136 3246 1194 victimam
3286 1137 3526 1210 excipit,

1875 1236 2194 1290 personam
2225 1221 2444 1294 pariter
2472 1223 2793 1280 nominari.
2829 1227 2947 1281 Hoc
2978 1231 3182 1281 autem
3211 1231 3301 1283 est
3328 1226 3530 1283 morti-

1874 1307 2069 1365 ferum
2096 1309 2348 1366 Nestorii
2379 1311 2627 1369 crimen.

1950 1399 2128 1454 PHIL.
2180 1400 2370 1465 Quam
2420 1400 2752 1473 periculose
2802 1402 2919 1459 hoc
2976 1403 3284 1461 existimas
3329 1404 3407 1461 ab
3456 1420 3529 1462 eo

1877 1487 2105 1543 dictum
2136 1488 2165 1543 ‘I

1953 1577 2104 1633 SOT.
2170 1580 2374 1634 Utrum
2425 1577 2726 1635 inscitiam
2771 1580 3069 1653 appellem
3110 1598 3189 1638 an
3242 1598 3527 1650 errorem,

1878 1665 2101 1721 nescio.
2125 1666 2181 1721 Si
2203 1667 2363 1721 enim
2381 1666 2654 1734 dixisset,
2677 1667 2844 1740 quod
2867 1672 3017 1725 Deus
3042 1669 3320 1743 Verbum,
3340 1670 3531 1726 factus

155 1776 242 1818 νος
294 1758 571 1831 ἄνθρωπος
628 1755 787 1817 αὐτὸς
824 1757 891 1816 ὡς
934 1756 1092 1815 θύτης
1149 1757 1287 1805 κατὰ
1331 1757 1425 1810 τὴν
1470 1749 1770 1826 πρόσληψιν

1894 1770 2085 1825 mmo,
2108 1755 2235 1827 ipse
2265 1755 2510 1828 quidem
2534 1761 2825 1829 tanquam
2850 1758 3154 1828 sacerdos,
3176 1759 3406 1815 ratione
3425 1760 3533 1815 hu-

158 1850 570 1920 προσενήνοχεν,
620 1845 774 1905 αὐτὸς
820 1847 885 1905 ὡς
933 1846 1072 1916 θῦμα
1107 1845 1245 1895 κατὰ
1282 1847 1374 1899 τὴν
1406 1844 1578 1916 σάρκα
1606 1858 1771 1915 προσ-

1894 1844 2185 1901 manitatis
2217 1851 2568 1918 assumptus,
2602 1846 2962 1902 sacrificium
2996 1847 3315 1917 obtulerit;
3348 1848 3537 1904 idem-

160 1939 395 2000 ἡνεκται,
452 1932 618 1994 αὐτὸς
662 1934 732 1994 ὡς
791 1935 923 1994 Θεὸς
982 1935 1289 2006 προσήκατο
1353 1934 1410 1982 τό
1472 1931 1642 1994 τυθὲν,
1680 1932 1772 1980 καὶ

1894 1949 1998 2005 que
2023 1933 2150 2005 ipse
2169 1940 2456 2007 tanquam
2481 1934 2722 1991 victima
2744 1935 3081 1992 secundum
3105 1952 3345 1993 carnem
3369 1936 3537 1993 obla-

1882 2031 1975 2078 tus
1995 2023 2196 2089 fuerit;
2230 2032 2410 2096 atque
2438 2022 2597 2078 idem
2618 2023 2881 2096 denique
2903 2029 3199 2097 tanquam
3227 2025 3383 2081 Deus
3409 2042 3538 2082 rem

1882 2111 2141 2167 oblatam
2176 2113 2491 2183 exceperit,
2521 2118 2758 2168 servata
2786 2112 3012 2185 ubique
3043 2129 3302 2186 persona
3349 2116 3538 2170 actio-

1884 2201 2064 2256 nibus
2116 2206 2470 2256 naturarum
2514 2202 2950 2263 accommoda;
2995 2203 3111 2258 hoc
3151 2204 3329 2260 etiam
3361 2208 3539 2276 pacto

1883 2307 2037 2363 pene
2068 2290 2340 2356 dixerim,
2370 2290 2619 2346 minime
2651 2295 2844 2346 tutum
2884 2308 3013 2347 esse
3055 2308 3398 2349 sermonem
3428 2293 3541 2349 hu-

1879 2380 2175 2450 jusmodi:
2198 2395 2408 2435 verum
2427 2379 2736 2435 enimvero
2752 2378 3323 2438 distinctasnaturas
3345 2380 3543 2438 dicere

1885 2483 2385 2539 unamquamque
2417 2483 2524 2541 per
2546 2483 2609 2521 se
2641 2467 2897 2540 operari,
2930 2468 3196 2540 seposita
3224 2468 3384 2525 velut
3412 2485 3543 2542 per-

1888 2572 2058 2625 sena,
2088 2556 2151 2612 id
2189 2556 2434 2613 demum
2482 2556 2888 2630 periculosum
2934 2563 3045 2623 est,
3097 2562 3152 2614 et
3196 2558 3544 2629 difﬁcultate

1887 2661 2130 2701 summa
2156 2644 2465 2700 laborans.
2498 2644 2733 2702 Utinam
2764 2661 2908 2701 vero
2948 2660 3139 2719 neque
3170 2647 3220 2701 is
3249 2647 3353 2719 qui
3383 2646 3544 2702 dice-

1885 2736 2010 2803 bat,
2041 2750 2238 2806 neque
2264 2735 2395 2806 ejus
2425 2733 2727 2790 auditores
2757 2735 3118 2790 sententiam
3150 2735 3308 2791 hanc
3339 2735 3543 2792 animo

1887 2824 2226 2880 imbibant!
2278 2825 2682 2890 Quamobrem
2714 2827 2920 2895 utpote
2959 2824 3314 2889 absurdam,
3347 2840 3544 2896 neque

1887 2912 2120 2986 prolixa
2155 2912 2510 2968 refutatione
2540 2916 2836 2982 egentem,
2867 2911 3124 2968 multum
3165 2928 3300 2968 eam
3344 2911 3543 2967 valere

1883 3002 2229 3073 jubeamus.
2262 3004 2479 3056 Verum
2520 3001 2571 3055 si
2602 3000 2951 3071 afﬁrmetur,
2991 3001 3159 3056 haud
3184 3001 3432 3074 quidem
3464 2999 3544 3056 ab

179 3093 426 3158 ενεγκεῑν,
478 3090 710 3139 σκεπτέον
751 3086 795 3138 εἰ
856 3090 948 3139 καὶ
1004 3093 1066 3157 τῇ
1137 3085 1299 3137 αὐτοῦ
1351 3087 1552 3143 θεότητι
1607 3105 1777 3160 προσ-

1894 3095 2202 3162 assumpta
2232 3089 2585 3155 natura,sed
2611 3089 2689 3144 ab
2711 3089 2842 3162 ipso
2862 3088 3208 3145 theandrico
3233 3092 3544 3146 Servatore

173 3183 392 3235 ἡνίκται
419 3178 480 3226 τὸ
504 3176 670 3228 τυθέν.
1888 3179 2115 3236 Christo
2146 3178 2466 3234 salutarem
2506 3178 2769 3234 hostiam
2815 3176 3000 3234 fuisse
3037 3178 3328 3247 oblatam,
3359 3177 3546 3251 dispi—

1888 3267 2172 3325 ciendum
2220 3271 2511 3339 superest,
2562 3272 2764 3323 utrum
2806 3266 2857 3322 is
2899 3284 3025 3323 suae
3063 3283 3310 3341 quoque
3354 3267 3547 3341 ipsius

1888 3357 2181 3414 divinitati
2213 3357 2574 3413 sacrificium
2598 3356 2821 3413 fecerit.

1960 3450 2137 3503 PHlL.
2182 3449 2267 3503 Tu
2301 3463 2441 3503 vero
2483 3447 2758 3520 apprime
2797 3446 2894 3503 dic
2936 3446 3106 3516 mihi,
3139 3446 3287 3521 quid
3333 3446 3449 3519 ille,
3491 3450 3549 3504 et

1889 3537 2187 3611 quamdiu
2217 3537 2450 3606 dixerit,
2481 3537 2618 3609 quis
2651 3536 2704 3591 ei
2734 3536 2807 3591 sit
2850 3535 3226 3607 abversatus,
3259 3552 3547 3610 quaenam

1891 3625 2227 3696 argumenti
2254 3624 2435 3696 hujus
2464 3624 2896 3680 demonstratio
2922 3624 3116 3681 fuerit.

1965 3716 2112 3771 SOT.
2144 3714 2333 3771 Multis
2360 3713 2452 3769 ille
2487 3712 2689 3769 verbis
2719 3728 3065 3768 sermonem
3092 3730 3270 3770 suum
3296 3730 3546 3772 exorna-

1891 3805 1994 3869 vit,
2026 3820 2157 3878 qua:
2185 3818 2298 3873 ego
2327 3807 2623 3875 quantum
2656 3802 2903 3857 memini
2923 3802 3199 3858 referam.
3221 3804 3544 3874 Quoniam,

1891 3892 2111 3962 aiebat,
2130 3895 2281 3948 Deus
2298 3890 2552 3945 Verbum
2568 3890 2928 3946 sacrificium
2940 3890 3194 3964 quodvis
3213 3891 3549 3947 sanctiﬁcat

1891 3986 2083 4055 atque.
2099 3982 2346 4054 perﬁcit,
2371 3981 2584 4054 quidni
2608 3979 2862 4052 propriae
2880 3995 3124 4052 quoque
3147 3980 3345 4036 carnis
3366 3980 3549 4036 sacri-

1891 4071 2096 4127 ﬁcium
2116 4070 2525 4126 sanctiﬁcasse
2547 4069 2883 4124 credendus
2904 4067 3024 4124 sit?
3046 4069 3218 4125 Haud
3240 4086 3421 4143 porro
3442 4071 3548 4127 ali-

1893 4166 1981 4216 ter
2009 4160 2425 4228 sanctiticavit,
2457 4175 2643 4233 quam
2681 4158 2942 4231 propriae
2982 4157 3186 4215 deitati
3215 4158 3545 4217 offerendo.

173 606 292 676 λόγῳ
332 602 635 677 διαπρεπεῖς
680 599 1047 675 τεθορύϐηκεν,
1094 601 1159 659 ὡς
1207 601 1276 670 μὴ
1329 601 1480 670 μόνον
1533 595 1593 648 ἂν
1641 604 1756 657 ταῖς

176 689 453 767 ἡμεδαπαῑς
500 691 696 765 ἆρχαίς
754 688 1125 755 ἀνακόλουθον,
1183 686 1312 738 ἀλλὰ
1361 691 1451 737 καὶ
1492 689 1585 743 τὴν
1624 686 1759 737 κατὰ

177 784 441 856 Νεστόριον
500 779 713 850 εἰσάγον
772 774 1033 853 διαίρεσιν
1065 793 1076 804 ·
1121 774 1164 827 εἰ
1208 777 1311 847 γὰρ
1369 770 1435 831 δὴ
1497 782 1595 824 τῶν
1657 776 1757 845 φύ-

179 873 296 924 σεων
327 868 434 921 ἐστι
462 871 518 919 τό
546 871 642 925 τὴν
690 869 783 938 μὲν
826 867 1131 939 προσάγειν,
1180 867 1272 920 τὴν
1322 859 1381 914 δὲ
1421 862 1755 934 προσίεσθαι,

174 965 316 1013 πᾶσα
371 956 563 1028 ἀνάγκη
625 959 717 1007 καὶ
782 958 877 1012 τὴν
942 954 1318 1026 προσάγουσαν
1380 952 1449 1011 ὡς
1510 948 1760 1024 ἀρχιερέα

172 1053 253 1102 καὶ
317 1049 474 1104 θύτην
523 1045 685 1116 λέγειν
752 1044 1068 1107 ὑπόστασιν,
1125 1045 1216 1093 καὶ
1278 1044 1367 1097 τὴν
1418 1042 1761 1113 προσιεμένην

171 1141 232 1201 ὡς
292 1140 421 1190 Θεὸν
474 1139 541 1187 τὰ
600 1139 721 1209 περὶ
782 1138 877 1191 τὴν
945 1135 1132 1186 θυσίαν
1193 1133 1384 1204 ὁμοίως
1445 1131 1760 1184 ὑπόστασιν.

168 1234 325 1280 Τοῦτο
384 1221 454 1284 δὴ
500 1226 559 1276 τὸ
610 1230 703 1275 τοῦ
756 1224 1043 1297 Νεστορίου
1114 1215 1409 1283 θανατῶδες
1453 1217 1762 1293 ἁμάρτημα.

230 1406 370 1456 «ΜΛ.
413 1398 507 1462 Ὠς
545 1395 714 1452 δεινόν
761 1418 815 1450 τι
849 1397 1015 1468 λέγεις
1062 1392 1193 1449 εἶναι
1238 1399 1297 1447 τὸ
1350 1401 1442 1446 τοῦ
1493 1394 1764 1461 εἰπόντοςς

238 1585 377 1634 ΣΩΤ.
439 1578 554 1631 Οὐκ
612 1574 738 1630 οἶδα
790 1576 948 1630 εἰπεῖν
1005 1576 1094 1628 εἶτ’
1146 1574 1387 1646 ἀγνόημα
1442 1576 1541 1626 εἶτε
1592 1574 1769 1646 παρά-

155 1688 352 1741 πτωμα
378 1687 394 1700 ο
443 1667 489 1720 εἰ
534 1669 637 1741 γὰρ
687 1666 855 1728 οὕτως
894 1660 1026 1718 εἶπεν
1067 1668 1137 1726 ὡς
1161 1666 1186 1716 ὁ
1218 1668 1344 1724 Θεὸς
1372 1668 1541 1734 Λόγος
1564 1666 1768 1733 γενόμε-

158 2029 442 2094 πανταχοῦ
504 2026 601 2079 τὴν
661 2023 959 2073 ὑπόστασιν
1013 2022 1149 2073 κατὰ
1202 2021 1295 2081 τὰς
1366 2018 1617 2092 ἐνεργείας
1672 2025 1771 2068 τῶν

156 2115 365 2185 φύσεων
411 2108 835 2181 παρελαμϐάνου,
897 2105 958 2167 ἧν
1023 2111 1113 2181 μὲν
1175 2113 1266 2159 καὶ
1328 2107 1488 2167 οὕτως
1543 2108 1568 2157 ό
1598 2106 1768 2176 λόγος,

156 2200 339 2271 ὀλίγον
398 2197 504 2251 δέω
546 2198 734 2269 λέγειν,
795 2197 890 2250 οὐκ
947 2195 1216 2269 ἀσφαλήςο
1270 2199 1328 2248 τό
1370 2192 1556 2255 δὲτὰς
1594 2200 1774 2267 φύσεις

161 2286 459 2342 διιστῶντα
531 2287 697 2359 λέγειν
775 2286 894 2339 καθ’
976 2287 1163 2346 ἑαυτὰς
1228 2283 1444 2357 ἐνεργεῖν
1545 2280 1769 2356 μηδαμῆ

160 2377 592 2453 παρειλημμένης
642 2385 739 2437 τῆς
793 2376 1149 2440 ὑποστάσεως,
1203 2373 1406 2446 βαϐαὶῐ
1456 2369 1776 2433 κινδυνῶδες

162 2471 259 2518 καὶ
298 2465 534 2526 ἐπιεικῶς
592 2464 713 2517 ἔστι
764 2464 1019 2535 χαλεπόν,
1054 2463 1190 2515 Ἀλλ’
1243 2463 1490 2535 εὐξαίμην
1538 2460 1597 2513 ἂν
1646 2466 1776 2534 μήτε

167 2555 322 2607 αὐτόν
499 2550 633 2627 δόξῃ
691 2572 1001 2605 συνεσταναι
1047 2555 1234 2625 ταύτῃ,
1279 2556 1412 2624 μήτε
1458 2556 1575 2611 τοὺς
1610 2569 1776 2623 περιι-

172 2647 458 2716 σταμένους
506 2642 663 2695 αὐτὸν
693 2663 705 2675 ·
767 2643 880 2695 ὅθεν
933 2643 1003 2702 ὡς
1056 2640 1271 2693 αὐτόθεν
1319 2641 1508 2692 ἄτοπον
1554 2644 1644 2692 καὶ
1700 2643 1772 2712 μή

166 2735 330 2805 λόγων
370 2732 572 2785 πολλῶν
624 2728 938 2805 δεδεημένον
990 2731 1061 2793 εἰς
1098 2730 1313 2803 ἔλεγχον
1374 2727 1466 2783 διὰ
1521 2735 1614 2788 τὴν
1661 2729 1776 2782 ἆτο-

159 2828 290 2875 πίαν
358 2822 544 2885 αὐτοῦ,
610 2825 821 2895 χαίρειν
897 2820 1087 2875 ἐάσθω.
1158 2824 1503 2893 Υποκειμένου
1570 2818 1631 2872 δὲ
1684 2828 1776 2871 τοῦ

168 2918 242 2983 μὴ
290 2915 389 2968 τὴν
431 2910 856 2983 προσληφθεῖσαν
911 2912 1087 2980 φύσιν,
1135 2907 1244 2960 ἀλλ’
1303 2909 1457 2960 αὐτὸν
1499 2913 1585 2961 τόν
1632 2910 1776 2960 θεάν-

176 3001 388 3071 θρωπον
420 3005 631 3070 Σωτῆρα
668 3000 899 3072 Χριστόν
936 3001 1030 3055 την
1076 3000 1330 3070 σωτήριον
1377 2998 1563 3049 θυσίαν
1606 3016 1776 3069 προσ-

245 3467 383 3515 MA.
446 3459 603 3514 Ἀλλά
644 3464 895 3535 πρότερον
949 3458 1101 3520 αὐτὸς
1158 3459 1265 3512 εἰπε
1323 3464 1375 3513 τί
1430 3456 1522 3519 ἧδ’
1579 3461 1719 3519 ὅσον.
1751 3461 1778 3512 ὁ

167 3548 543 3623 ἐγκαλούμενος
585 3553 670 3610 τίς
717 3548 879 3621 αὐτῷ,
919 3553 1010 3600 καὶ
1064 3549 1219 3601 πόθεν
1266 3549 1296 3606 ἡ
1338 3556 1431 3601 τοῦ
1470 3549 1626 3621 λόγου
1654 3550 1780 3600 τού-

163 3659 258 3691 του
288 3642 596 3695 κατασκευή
630 3655 643 3704 ;

238 3734 387 3783 ΣΩΤ.
434 3726 608 3779 Πολλὰ
655 3724 790 3777 ἅττα
836 3730 1102 3799 συνείρων,
1131 3729 1219 3778 τὸν
1269 3724 1454 3778 ἑαυτοῦ
1495 3730 1782 3783 συνίστησι

174 3816 348 3889 λόγον.
400 3818 518 3888 Εγὼ
573 3812 633 3868 δὲ
682 3816 856 3867 ὁπόσα
907 3835 1007 3888 μου
1066 3820 1159 3874 τὴν
1215 3819 1424 3888 μνήμην
1481 3814 1778 3891 ἐπέρχεται,

175 3913 352 3956 ταῦτα
402 3903 514 3979 ἐρῶ.
574 3904 737 3966 Ἐπεὶ,
782 3908 966 3976 φησὶν,
1006 3905 1033 3956 ό
1071 3908 1197 3966 Θεὸς
1246 3908 1414 3975 Λόγος
1454 3906 1640 3957 θυσίαν
1679 3909 1780 3955 πᾶ-

179 4013 282 4046 σαν
332 3992 532 4065 ἁγιάζει
575 3998 669 4045 καὶ
716 3992 922 4054 τελειοῐ,
990 4002 1099 4055 πῶς
1138 3994 1266 4065 οὐχὶ
1312 3998 1402 4046 καὶ
1435 3998 1529 4052 τὴν
1576 4001 1668 4054 τῆς
1705 3993 1782 4045 οἰ-

174 4087 324 4144 κείας
373 4086 561 4158 σαρκός
611 4084 800 4134 θυσίαν
850 4083 1037 4154 ἡγίακέ
1086 4101 1140 4134 τε
1188 4081 1342 4144 αὐτὸς
1395 4087 1486 4134 καὶ
1533 4082 1785 4135 τετελείω-

170 4187 299 4238 xta;
357 4170 469 4222 Οὐκ
519 4169 578 4222 ἂν
635 4166 695 4223 δὲ
742 4169 908 4231 illa);
953 4170 1190 4242 ἡγίασεν,
1238 4171 1281 4223 εἰ
1328 4175 1400 4244 μὴ
1479 4178 1541 4242 τῇ
1598 4170 1783 4223 ἑαυτοῦ

167 4262 382 4318 θεότητι
412 4264 811 4333 προσενήνεκτο.
3004 4306 3007 4309 η

239 4354 387 4404 (ΗΛ.
423 4352 563 4421 Πρός
605 4342 692 4400 οὖν
741 4355 896 4400 τοῦτο
939 4355 1049 4411 πῶς
1097 4368 1222 4402 ποτε
1264 4351 1403 4422 ἡμᾶς
1449 4345 1777 4402 διατίθεσθαι

1967 4337 2143 4395 PHlL.
2174 4335 2326 4403 Quid
2357 4350 2500 4405 ergo
2520 4335 2637 4391 hac
2668 4348 2852 4406 super
2879 4349 2942 4390 re
2965 4334 3348 4415 sentiendum
3372 4335 3551 4399 nobis

163 4441 324 4512 χρή;
378 4441 605 4510 Πότερον
650 4436 916 4512 εἰρημένον
959 4433 1012 4489 εὖ
1059 4433 1424 4510 ἀποδέχεσθαι
1457 4442 1658 4491 τουτονὶ
1697 4442 1777 4490 τὸν

1898 4433 1985 4485 est
2012 4428 2039 4482 ?
2074 4429 2276 4483 Utrum
2303 4425 2475 4480 dictis
2507 4422 2995 4492 auscultandum,
3025 4438 3214 4480 necne
3237 4425 3266 4481 ἓν

164 4527 322 4598 λόγον
356 4542 374 4593 ;

242 4620 402 4667 ΣΩΤ.
466 4610 598 4679 Οὒκ,
631 4610 671 4665 ὦ
703 4612 867 4685 ἀγαθέ
891 4628 907 4644 ⁸
943 4610 1110 4676 δόξειε
1138 4617 1241 4690 γὰρ
1273 4614 1422 4676 οὗτος
1450 4616 1475 4666 ό
1506 4613 1653 4686 λόγος
1692 4615 1786 4667 οὐκ

174 4700 374 4763 ἀληθής
405 4718 419 4731 ⁸
490 4706 581 4753 καὶ
636 4705 767 4777 πρὸς
818 4709 996 4754 τοῦτον
1063 4705 1211 4775 ἡμεῖς
1276 4703 1436 4755 ἐκεῖνό
1502 4707 1662 4777 φαμέν
1728 4703 1788 4755 ἂν

172 4794 257 4863 ὥς,
303 4786 493 4848 ἐπειδὴ
552 4791 577 4841 ό
612 4795 783 4862 Λόγος
830 4799 892 4863 τῇ
948 4796 1105 4865 σαρκὶ
1161 4791 1278 4845 καθ’
1322 4794 1617 4845 ὑπόστασιν
1676 4792 1789 4845 ἐνω-

170 4881 276 4942 θεές
316 4882 513 4953 ἠγίακέ
549 4899 605 4932 τε
651 4886 741 4933 καὶ
787 4880 1103 4933 τετελείωκεν
1150 4881 1315 4940 αὐτὴν
1364 4881 1536 4947 εὐθὺς,
1577 4886 1629 4934 τί
1666 4901 1791 4934 ποτε

167 4966 281 5023 ἔδει
331 4976 397 5042 τῇ
446 4972 576 5044 πρὸς
616 4974 711 5027 τὴν
751 4969 912 5022 αὐτοῦ
958 4971 1178 5027 θεός-ητα
1213 4977 1536 5043 προσαγωγῇ
1596 4974 1792 5028 ταύτην

166 5058 336 5116 αὐτὴν
383 5056 755 5128 ἁγιάζεσθαις
810 5063 874 5110 Τί
924 5052 983 5109 δὲ
1022 5056 1245 5110 τελειοῦν
1284 5064 1379 5116 τὴν
1418 5057 1651 5131 ἀνωτέρω
1691 5079 1791 5130 φυ-

168 5144 473 5218 λαχθεῖσαν
509 5148 690 5209 πάσης
737 5145 1001 5221 ἁμαρτίας
1036 5157 1410 5221 προαιρπικῆς
1459 5166 1515 5200 τε
1564 5153 1654 5200 καὶ
1701 5154 1793 5209 τῆς

169 5235 229 5288 ἐκ
273 5240 577 5310 σπέρματος
630 5243 900 5309 φυσικῆς;
955 5240 1135 5297 Μόνης
1182 5233 1269 5289 οὖν
1314 5233 1480 5289 ἐδεῖτο
1522 5246 1619 5299 τῆς
1663 5241 1794 5313 πρὸς

160 5329 256 5379 τὸν
304 5329 520 5407 Πατέρα
578 5322 673 5379 διὰ
728 5326 916 5386 θυσίας
974 5333 1350 5401 προσαγωγῆς.
1419 5325 1481 5385 ἣν
1528 5325 1793 5400 ἁγιασμόν

163 5415 444 5490 ὠνόμασεν
494 5416 521 5469 ὁ
567 5420 750 5489 Σωτήρ
783 5429 799 5445 ⁶
864 5418 994 5490 πρός
1050 5417 1151 5487 γὰρ
1197 5423 1269 5487 τῷ
1315 5416 1472 5468 πάθει
1525 5420 1795 5488 γενόμενος

159 5504 339 5579 ἴλιγεν
381 5522 396 5537 ⁶
464 5505 611 5579 ’Ἐγὼ
679 5503 894 5577 ἁγιάζω
954 5498 1178 5577 ἐμαυτὸν
1252 5506 1379 5580 ὑπὲρ
1446 5504 1614 5557 αὐτῶν
1657 5527 1670 5539 ·
1730 5508 1795 5567 ὡς

164 5592 302 5651 εἶναί
348 5594 514 5658 δῆλον
572 5593 759 5649 διττὸν
808 5592 940 5646 εἶναι
985 5596 1073 5646 τὸν
1112 5595 1375 5667 άγιασμόν
1397 5609 1412 5625 '
1464 5597 1552 5647 τὸν
1598 5597 1690 5668 μὲν
1734 5594 1796 5648 οὗ

1967 4603 2119 4661 SOT.
2150 4603 2385 4661 Minime
2407 4601 2748 4673 gentium,o
2776 4600 2935 4657 bone
2960 4618 2973 4669 ;
2995 4616 3193 4673 neque
3223 4601 3383 4658 enim
3409 4618 3555 4660 vera

1898 4696 2027 4751 haec
2056 4693 2292 4749 videtur
2321 4690 2532 4747 oratio.
2570 4690 2793 4745 Etenim
2825 4707 2937 4745 nos
2966 4690 3048 4744 ita
3084 4690 3283 4763 potius
3308 4691 3553 4747 disseri-

1899 4802 2036 4841 mus
2066 4802 2078 4840 :
2129 4780 2629 4856 quandoquidem
2676 4780 2939 4835 Verbum
2975 4781 3141 4836 carni
3178 4781 3553 4854 hypostatiee

1900 4873 2153 4943 unitum,
2180 4871 2376 4943 ipsam
2408 4868 2801 4924 sanctiﬁcavit
2832 4869 3220 4942 perfecitque,
3261 4886 3368 4924 cur
3396 4886 3554 4943 opus

1900 4965 2026 5017 erat
2055 4968 2120 5015 ut
2147 4974 2254 5033 per
2283 4956 2652 5013 oblationem
2692 4972 2815 5011 suae
2850 4954 3039 5029 ipsius
3088 4956 3290 5012 deitati
3333 4956 3555 5013 facieno

1900 5051 2068 5119 dam,
2088 5048 2254 5104 illam
2286 5046 2686 5102 sanctiﬁcaret
2714 5045 2742 5099 ?
2770 5045 2884 5100 Cur
2909 5045 3189 5100 eamdem
3220 5045 3552 5118 perﬁceret,

1899 5155 2036 5213 quae
2070 5152 2328 5211 superne
2353 5134 2521 5191 omni
2550 5133 2837 5190 immunis
2861 5133 3047 5189 ﬁebat
3084 5132 3181 5189 vel
3216 5132 3555 5192 voluntario

1900 5233 2172 5302 peccato,
2202 5225 2297 5281 vel
2316 5241 2389 5283 ex
2421 5224 2651 5295 origine
2674 5223 2935 5280 naturali
2959 5228 3266 5280 contracto
3286 5222 3314 5278 ?
3354 5226 3472 5281 Hoc
3503 5227 3556 5282 ei

1900 5320 2080 5390 igitur
2094 5313 2518 5375 tantummodo
2539 5314 2762 5381 deerat,
2790 5316 2857 5368 ut
2881 5312 3037 5369 Patri
3065 5329 3174 5368 ceu
3194 5313 3557 5371 sacriﬁcium

1901 5408 2243 5478 offerretur;
2279 5419 2467 5477 quam
2487 5418 2612 5458 rem
2644 5402 2918 5457 Servator
2942 5400 3427 5458 sanctiﬁcationis
3450 5419 3558 5461 no-

1904 5500 2067 5556 mine
2105 5494 2420 5569 expressit,
2463 5507 2603 5547 cum
2641 5488 2913 5561 passioni
2949 5489 3263 5561 proximus
3309 5491 3556 5549 aiebat:

1903 5590 2034 5659 Ego
2063 5585 2373 5653 sancti/ica
2406 5595 2500 5637 me
2535 5581 2732 5657 ipsum
2763 5580 3017 5648 propter
3053 5593 3167 5635 eos.
3219 5578 3383 5635 Patet
3414 5592 3558 5649 ergo
