4136 6386
545 328 644 387 143
1876 318 2156 378 ΝΙΟΕΤλΕ
2190 319 2209 375 (

2319 313 2573 377 »ΝῙΑΤΕ
3812 320 3917 383 ιιι

539 453 846 526 duplicem
893 464 1021 506 esse
1080 444 1638 514 sanctiﬁcationem,
1700 445 1951 504 alteram
2005 459 2194 519 quam

2319 451 2373 516 τῇ
2417 448 2575 519 σαρκὶ
2621 439 2907 517 μετέδωκεν
2954 442 3113 510 αὐτὸς
3155 443 3375 518 ένωθεὶς,
3413 448 3500 502 τόν
3557 444 3619 502 δι
3672 444 3917 524 δεύτερον

537 545 668 616 ipse
698 539 863 597 carni
894 538 1141 596 contulit
1160 554 1300 594 cum
1327 537 1379 595 ei
1418 536 1796 610 hypostatice
1841 534 2048 592 unitus
2086 537 2193 600 est,

2319 532 2364 585 ὃν
2431 533 2714 609 εἰργάσατο
2768 530 2861 587 διὰ
2928 535 3137 605 θυσίαν,
3196 536 3267 600 εἰς
3318 540 3404 591 τὸν
3462 543 3670 613 Πατέρα
3715 543 3917 600 ταύτην

538 633 786 689 alteram
838 645 979 686 vero
1026 643 1215 701 quam
1254 643 1362 699 per
1394 625 1760 683 sacriﬁcium
1791 627 2078 698 operatus
2108 625 2198 679 est

2319 621 2604 696 Ξινενεγκών.

536 721 701 795 quod
726 719 877 776 Patri
908 717 1141 774 obtulit.

610 812 785 867 PHlL.
839 807 1015 881 Atqui
1066 808 1113 862 si
1166 821 1433 875 carnem,
1485 804 1641 861 dicet
1687 803 1928 877 aliquis,
1974 802 2196 859 unione

536 918 650 957 sua
670 902 798 972 jam
841 896 1340 965 sanctiﬁcaverat,
1376 912 1482 952 cur
1511 894 1696 952 altera
1718 892 2195 950 sanctificatione

536 990 625 1045 vel
657 987 1019 1059 perfectione
1049 1001 1202 1057 opus
1234 984 1339 1041 fuit
1362 984 1390 1041 7

609 1080 759 1134 SOT.
814 1074 1071 1145 Longius
1113 1089 1149 1129 a
1193 1072 1506 1145 proposito
1553 1086 1710 1138 meo,
1742 1070 1968 1143 optime
2005 1067 2193 1139 Philo,

535 1167 813 1223 aberrare
852 1180 949 1219 me
996 1162 1253 1218 dicendo
1299 1162 1512 1232 cogis;
1566 1165 1831 1217 attamen
1874 1158 1959 1214 tui
2008 1172 2195 1213 causa

533 1257 696 1312 hunc
725 1254 994 1310 laborem
1028 1251 1373 1324 suscipiam.
1407 1250 1482 1306 lis
1512 1250 1614 1323 qui
1639 1250 1897 1305 invicem
1928 1247 2194 1303 reconci-

532 1345 754 1400 liantur
784 1360 917 1398 mos
950 1346 1037 1397 est
1064 1340 1256 1396 mutui
1278 1339 1507 1412 aliquid
1535 1338 1822 1408 muneris,
1850 1336 2025 1410 quasi
2053 1351 2192 1392 con-

534 1433 841 1504 glutinata:
859 1429 1130 1487 amicitiae
1152 1427 1418 1499 arrham,
1434 1427 1742 1501 impertiri.
1770 1426 2062 1493 Quoniam
2086 1424 2193 1481 ita-

534 1538 650 1594 que
677 1526 733 1577 ct
760 1536 893 1589 nos,
925 1523 1061 1591 post
1091 1518 1191 1574 Dei
1226 1517 1544 1586 offensam,
1576 1514 1946 1572 reconciliari
1993 1513 2192 1570 eidem

533 1608 935 1682 oportebat,is
956 1607 1201 1679 quidem
1227 1620 1459 1661 morem
1482 1620 1605 1660 sua;
1634 1602 1920 1661 bonitatis
1943 1602 2191 1658 minime

2319 1626 2453 1670 ιενος
2528 1605 2813 1681 ἀφεστάναι
2889 1605 3181 1673 διαπαντὸς
3244 1613 3592 1685 ἁγαθότητος,
3658 1618 3917 1689 πρότερον

532 1699 835 1764 omittens,
865 1697 1098 1769 primus
1128 1696 1255 1769 ipse
1282 1694 1435 1749 Deus
1464 1693 1743 1756 Verbum,
1770 1692 1873 1765 qui
1912 1691 1990 1749 ab
2021 1691 2192 1747 initio

2319 1696 2459 1759 ιῦτός
2499 1697 2524 1749 ὁ
2570 1701 2661 1750 καὶ
2705 1702 2799 1757 τὴν
2839 1698 3014 1775 ἀρχὴν
3062 1702 3372 1766 ὑποστήσας
3416 1708 3587 1776 Λόγος
3636 1707 3732 1764 τὴν
3776 1705 3918 1777 ἡμεο

532 1784 1271 1856 subsistebat,substantia
1282 1788 1486 1840 nostra
1498 1786 2194 1855 suscepta,peccatorum

2319 1784 2482 1846 ῗαπῆν
2536 1786 2755 1861 εἰληφὼς
2806 1789 2991 1842 οὐσίαν
3058 1787 3343 1845 ἀντέδωκεν
3408 1794 3535 1865 ἡμῖν
3598 1792 3915 1869 ἁμαρτημά-

533 1878 953 1934 remissionem
989 1873 1166 1930 nobis
1211 1873 1459 1944 largitus
1496 1876 1603 1940 est,
1637 1878 1817 1945 atque
1846 1887 1918 1927 ex
1944 1871 2196 1942 antiqua

536 1966 749 2023 fraude
774 1964 1012 2037 eripuit,
1043 1962 1245 2019 multis
1276 1962 1563 2036 mirisque
1605 1961 1836 2018 collatis
1865 1960 2195 2017 beneﬁciis.

541 2057 654 2115 Sed
676 2056 820 2130 quia
837 2055 1017 2111 etiam
1033 2054 1267 2110 Patrem
1280 2095 1292 2117 ,
1305 2053 1408 2125 qui
1426 2051 1752 2125 adoptione
1769 2067 1883 2108 nos
1905 2049 2197 2122 dignaba-

540 2153 656 2215 tur,
673 2144 898 2217 aliquid
922 2160 957 2201 a
986 2143 1162 2199 nobis
1184 2142 1456 2215 accipere
1485 2158 1727 2214 aequum
1743 2144 1887 2213 erat,
1903 2139 2081 2198 nobis
2097 2155 2200 2196 au-

542 2241 660 2292 tem
680 2233 826 2290 nihil
848 2248 1067 2306 purum
1090 2231 1317 2299 aderat,
1342 2236 1447 2287 aut
1468 2231 1569 2287 Dei
1591 2230 1905 2302 majestate
1921 2230 2195 2301 dignum,

545 2328 794 2397 peccato
810 2321 1017 2378 omnia
1029 2319 1764 2391 commaculante,idcirco
1780 2319 1983 2392 ipsum
2000 2318 2203 2374 thean-

545 2414 775 2470 dricum
809 2411 1526 2484 Verbum,paupertatem
1547 2413 1821 2465 nostram
1839 2424 1949 2464 ceu
1978 2406 2205 2463 media-

547 2508 639 2559 tor
677 2500 982 2574 supplens,
1012 2498 1408 2556 humanitatis
1461 2497 1661 2555 forma
1706 2496 1980 2566 indutus,
2021 2511 2200 2552 suum

548 2591 762 2648 obtulit
782 2590 1162 2660 sanguinem,
1175 2588 1481 2644 victimam
1496 2586 1972 2658 immaculatam,
1989 2586 2209 2642 saluta-

549 2697 676 2737 rem
697 2680 983 2750 hostiam,
1003 2679 1078 2734 ad
1096 2693 1208 2733 nos
1232 2693 1372 2733 cum
1395 2677 1562 2732 Patre
1582 2674 1993 2731 conciliandos
2010 2674 2212 2731 effica-

552 2769 875 2826 cissimam.
900 2769 1095 2835 Quam
1115 2782 1243 2822 rem
1270 2780 1430 2838 saepe
1460 2763 1729 2821 declarat
1755 2763 1928 2820 divus
1956 2763 2206 2820 Paulus:

551 2859 876 2928 Jusliﬁcati
903 2859 1080 2925 enim,
1115 2855 1198 2913 ait
1224 2855 1629 2927 in,sanguine
1664 2854 1830 2923 Filii,
1867 2869 1975 2924 per
2016 2855 2210 2925 ipsum

553 2950 710 3006 salvi
739 2948 959 3005 erimus
984 2949 1025 3004 '.
1057 2947 1123 3001 Et
1152 2960 1399 3001 rursus:
1444 2944 1559 3012 Qui
1580 2943 1808 2999 inimici
1834 2957 2091 3014 eramus,
2117 2956 2209 2998 re-

2324 2954 2502 3023 φησὶν,
2566 2947 2615 3001 ἓν
2672 2958 2744 3021 τῷ
2810 2950 2997 3023 αἵματι
3056 2957 3150 3003 τοῦ
3214 2952 3339 3005 Υἰοῦ
3402 2952 3755 3026 σωθησόμεθα
3851 2949 3930 3006 δι’

555 3038 867 3095 conciliati
884 3051 1087 3092 sumus
1103 3048 1214 3104 per
1230 3035 1587 3105 sanguinem
1611 3033 1760 3088 Filii
1782 3035 1909 3103 ejus
1925 3034 1969 3087 ².
1994 3030 2209 3098 Quidni

2323 3039 2519 3093 αὐτοῦ·
2593 3042 2684 3091 καὶ
2753 3034 2902 3100 αὖθις
2934 3056 2947 3069 ·
3026 3040 3246 3114 Ἐχθροὶ
3320 3044 3460 3104 ὄντες
3532 3040 3932 3115 κατηλλάγημεν

559 3143 702 3199 ergo
738 3125 917 3183 valde
956 3125 1030 3181 sit
1070 3123 1406 3181 absurdum
1448 3121 1666 3193 dicere,
1694 3121 2059 3178 sacriﬁcium
2098 3121 2209 3178 hoc

2323 3138 2395 3201 τῷ
2435 3136 2550 3201 Θεῷ
2599 3124 2693 3181 διὰ
2729 3136 2822 3181 τοῦ
2858 3129 3082 3203 αἳματος
3122 3136 3215 3182 τοῦ
3264 3132 3389 3184 Υίοῦ
3434 3130 3621 3189 αὐτοῦ.
3683 3138 3796 3193 Πῶς
3838 3128 3936 3185 οὖν

2378 807 2515 857 (ΗΛ.
2576 801 2716 856 Ἀλλ’
2779 806 2919 879 εἴπερ
2978 802 3031 868 ἒξ
3083 804 3247 869 αὐτῆς
3311 808 3501 880 ἠγίακε
3555 810 3751 868 ταύτην
3795 807 3920 862 ένὼ-

2308 910 2455 963 σεως,
2513 896 2640 965 φαίη
2690 910 2770 956 τις
2809 892 2889 959 ἂν,
2929 897 2982 946 τί
3017 891 3101 948 δεῖ
3137 914 3263 949 ποτε
3307 901 3397 950 καὶ
3441 895 3616 972 ἑτέρου
3663 894 3917 972 δευτέρου

2305 982 2573 1053 ἁγιασμοῦ
2598 999 2611 1049 ;
2642 986 2796 1046 ποίας
2819 979 2878 1035 δι
2905 982 3209 1046 τελειώσεως
3240 1001 3255 1053 ;

2376 1077 2518 1125 ΣΩΤ.
2552 1074 2861 1147 Μακρότερά
2899 1091 2963 1146 με
2999 1078 3090 1126 καὶ
3141 1082 3232 1127 τοῦ
3268 1073 3447 1147 λόγου,
3491 1076 3677 1149 ἄριστε
3723 1075 3917 1150 Φίλων,

2306 1157 2614 1231 ἀναγκάζεις
2668 1159 2831 1233 λέγειν
2860 1178 2873 1191 ⁸
2920 1161 3053 1221 πλὴν
3087 1183 3177 1216 και
3225 1172 3379 1217 τοῦτο
3419 1169 3517 1225 σὴν
3559 1169 3764 1236 εἴρηται
3805 1168 3919 1240 χοὶ-

2302 1266 2406 1320 ριν.
2460 1246 2613 1308 Ἐθος
2664 1256 2770 1310 τοῖς
2825 1250 3317 1325 καταλλαττομένοις
3364 1252 3478 1306 ἐστί
3525 1253 3804 1328 λαμϐάνειν
3856 1275 3919 1309 τι

2302 1336 2425 1409 παρ’
2498 1335 2726 1396 ἀλλήλων
2784 1347 2879 1402 τῆς
2944 1337 3451 1416 έμπεδωθησομένης
3530 1343 3699 1417 φιλίας
3758 1342 3920 1418 έχέγ-

2301 1446 2461 1498 γυονυ
2519 1424 2723 1501 ἐπείπερ
2777 1423 2864 1480 οὖν
2912 1434 3001 1482 καὶ
3054 1432 3192 1503 ἡμᾶς
3255 1428 3330 1485 δι’
3379 1434 3575 1507 ἔχθρας
3629 1438 3920 1507 γεγονότας

2304 1523 2418 1586 Θεῷ
2458 1513 2623 1590 έχρῆν
2670 1516 3139 1590 καταλλάττεσθαι,
3184 1527 3278 1584 τῆς
3324 1522 3463 1585 θείας
3518 1522 3614 1576 οὐκ
3663 1522 3917 1597 ἀνασχό-

2303 1897 2401 1942 των
2467 1877 2671 1950 ἄφεσιν,
2726 1881 2819 1937 τὴν
2887 1876 2942 1930 ἐκ
3007 1886 3103 1941 τῆς
3166 1879 3365 1943 πλάνης
3431 1879 3755 1956 ἀπαλλαγήν,
3822 1884 3920 1944 τὰς

2305 1964 2494 2027 πολλὰς
2574 1965 2765 2028 ἐκείνας
2830 1966 3127 2044 ἐνηργηκὼς
3192 1968 3490 2043 εὐεργεσίας
3555 1976 3645 2025 καὶ
3712 1973 3919 2045 θαυμα-

2311 2056 2482 2117 στάςο
2546 2052 2655 2108 έπεὶ
2707 2052 2768 2109 δε
2824 2062 2914 2111 καὶ
2964 2061 3051 2111 τὸν
3107 2063 3315 2134 Πατέρα
3365 2057 3532 2133 ἐχρῆν
3577 2058 3804 2115 λαϐόντα
3861 2080 3922 2115 τε

2307 2142 2431 2217 παρ’
2486 2145 2631 2217 ἡμῶν
2687 2149 2781 2205 τὴν
2843 2147 3108 2199 υἱοθεσίαν
3164 2145 3639 2224 ἀντιχαρίσασθαι,
3706 2158 3920 2227 προσῆν

2312 2227 2371 2285 δε
2414 2233 2539 2305 ἡμῖν
2572 2229 2722 2288 οῦδεν
2775 2238 3027 2310 καθαρὸν,
3066 2232 3192 2289 οὐδὲ
3233 2244 3325 2300 τῆς
3368 2237 3527 2291 αὐτοῦ
3566 2238 3921 2312 μεγαλειότηο

2310 2341 2397 2385 τος
2452 2322 2618 2391 ἄξιον,
2675 2330 2767 2386 τῆς
2813 2322 3071 2400 ἁμαρτίας
3129 2327 3299 2379 πάντα
3343 2325 3706 2392 ἇπιθολούσης,
3756 2328 3922 2394 αὐτὸς

2312 2417 2339 2469 ὁ
2407 2413 2729 2488 θεοίνθρωπος
2807 2418 3000 2485 Λόγος,
3068 2416 3126 2467 τὸ
3189 2422 3284 2478 τῆς
3349 2412 3629 2488 ἡμεδαπῆς
3695 2415 3921 2494 ἀπορίας

2314 2502 2621 2577 ἀναπληρῶν
2689 2501 2778 2555 ἅτε
2833 2507 3073 2576 μεσίτης,
3135 2502 3184 2556 έν
3238 2510 3503 2578 προσώπῳ
3555 2514 3651 2569 τῆς
3706 2505 3919 2583 ἂνθρω-

2314 2598 2541 2655 πὸτητος
2616 2594 2674 2645 τὸ
2750 2590 2910 2645 αὐτοῦ
2984 2598 3367 2667 προσενήνοχεν
3433 2595 3588 2669 aﬂuat,
3653 2596 3929 2672 ἄχραντον

2320 2686 2479 2756 θῦμα,
2524 2686 2779 2755 σωτήριον
2834 2680 3175 2756 καλλιίρημα,
3231 2691 3322 2745 τῆς
3376 2687 3505 2759 πρὸς
3560 2688 3649 2738 τὸν
3714 2689 3932 2761 Πατέρα

2317 2770 2647 2843 καταλλαγῆς
2701 2770 2827 2843 ἡμῖν
2894 2770 3197 2824 αἰτιώτατον
3231 2788 3245 2802 ⁶
3306 2771 3332 2825 ὃ
3388 2772 3659 2846 πολλαχοῦ
3697 2778 3788 2828 καὶ
3847 2775 3927 2829 θε-

2323 2865 2541 2922 σπέσιος
2614 2857 2953 2932 ἀποφαίνεται
3029 2860 3232 2924 Παῦλος
3272 2876 3288 2893 ⁸
3360 2864 3729 2927 Δικαιωθέντες
3796 2866 3921 2940 γὰρ,

562 3218 682 3273 Deo
712 3214 904 3271 Verbo
928 3214 1114 3269 fuisse
1139 3211 1411 3270 oblatum
1433 3209 1462 3265 ?
1502 3210 1656 3277 Quid
1685 3210 1847 3267 enim
1874 3210 2073 3283 ipsum
2114 3225 2216 3267 ne«

562 3320 731 3361 cesse
760 3309 888 3361 erat
927 3301 1303 3360 reconciliari
1340 3299 1541 3368 nobis,
1567 3300 1672 3373 qui
1696 3298 1825 3371 jam
1855 3298 1995 3356 inde
2025 3300 2104 3356 ab
2142 3315 2215 3357 eo

563 3399 854 3466 tempore,
881 3408 1004 3467 quo
1026 3407 1089 3448 se
1118 3390 1284 3448 carni
1308 3387 1828 3461 conjunxit,nobis
1854 3393 1982 3446 erat
2010 3405 2215 3446 recon-

563 3484 798 3541 ciliatus
822 3482 852 3538 ?
891 3486 1006 3539 Cur
1034 3496 1247 3537 rursus
1280 3495 1403 3536 non
1436 3480 1512 3535 sit
1536 3479 1842 3547 insanum,
1873 3495 1983 3553 per
2009 3479 2216 3551 hujus-

564 3572 731 3630 modi
746 3569 1104 3628 sacriﬁcium
1122 3567 1573 3641 sibimetipsum
1585 3583 1713 3624 esse
1725 3568 2172 3626 reconciliatum
2187 3567 2216 3623 ?

565 3666 676 3717 Aut
691 3667 971 3717 naturam
987 3658 1233 3731 quidem
1247 3658 1376 3730 ejus
1395 3673 1468 3714 ex
1479 3656 1655 3713 nobis
1666 3664 1970 3731 sumptam
1983 3673 2216 3730 ,paccm

562 3750 787 3807 habere
803 3749 1152 3817 nobiscum;
1186 3746 1459 3819 ejusdem
1475 3762 1618 3804 vero
1633 3746 1914 3805 deitatem
1940 3747 2218 3803 humani-

563 3842 669 3898 tati
702 3840 951 3903 unitam,
979 3842 1255 3912 oportere
1284 3837 1459 3894 nobis
1488 3853 1597 3911 per
1624 3837 1986 3894 sacriﬁcium
2011 3851 2219 3893 recon-

565 3930 745 3987 ciliari
774 3932 803 3988 ?
834 3929 1014 3996 Quasi
1052 3944 1190 3984 cum
1220 3927 1404 3984 Paulo
1433 3926 1709 3983 dicamus
1742 3943 1755 3982 :
1808 3930 1960 3983 Num
1990 3926 2217 3983 divisus

563 4025 654 4078 est
700 4019 969 4077 Christus
1001 4018 1031 4075 ?
1075 4018 1159 4075 ita
1193 4021 1260 4073 ut
1294 4032 1439 4089 pars
1478 4017 1627 4088 ejus,
1659 4015 1875 4087 amica,
1908 4030 2051 4088 pars
2080 4030 2219 4073 vero

563 4111 699 4182 alia,
728 4108 1077 4166 adversaria
1108 4108 1185 4163 sit
1210 4109 1237 4163 ?

635 4200 815 4256 PHlL.
837 4201 906 4253 At
927 4197 1110 4259 enim,
1135 4196 1183 4251 si
1215 4195 1381 4268 quod
1412 4195 1564 4252 Patri
1596 4194 1863 4264 offertur,
1896 4209 2003 4267 per
2030 4196 2219 4251 Deum

564 4289 827 4345 Verbum
855 4285 1101 4343 offertur
1126 4303 1139 4341 :
1172 4286 1355 4343 Nemo
1381 4286 1559 4351 enim,
1586 4284 1674 4341 uti
1696 4284 1988 4357 scriptum
2017 4284 2223 4353 θεῖ,οά

564 4378 808 4436 Patrem
837 4377 997 4434 venit
1017 4376 1137 4433 nisi
1160 4391 1271 4445 per
1298 4375 1427 4431 me3
1453 4390 1466 4441 ;
1497 4372 1811 4447 quomodo
1838 4373 1967 4430 ﬁeri
1987 4377 2223 4446 poterat

2324 3217 2418 3270 οὐκ
2483 3215 2713 3278 ὄπιεικῶς
2786 3215 2929 3270 ἔστιν
2992 3218 3185 3271 ἄτοπον
3254 3222 3450 3279 ταύτην
3510 3222 3938 3294 προσενεχθῆναι

2321 3311 2417 3366 τὴν
2471 3308 2659 3359 θυσίαν
2703 3304 2866 3378 λέγειν
2919 3314 2991 3379 τῷ
3040 3315 3155 3379 Θεῷ
3199 3311 3393 3381 Λὸγῳ;
3454 3313 3606 3373 Τίνος
3670 3312 3774 3383 γὰρ
3799 3312 3937 3384 ἡμῖν

2322 3398 2455 3471 πρὸς
2503 3402 2655 3448 τοῦτο
2704 3391 2811 3449 ἔδει
2853 3394 3200 3469 καταλλαγῆς,
3243 3396 3295 3459 ὃς
3343 3396 3397 3462 ἐξ
3434 3397 3601 3462 αὐτῆς
3655 3400 3782 3473 ἡμῖν
3835 3419 3938 3454 κα-

2323 3483 2600 3544 τήλλαττεν
2657 3490 2753 3547 τῆς
2796 3483 3068 3553 ἐνώσεως;
3134 3491 3246 3547 Πῶς
3314 3481 3374 3540 δὲ
3424 3486 3518 3540 οὐκ
3577 3487 3792 3547 ἀνόητον
3854 3487 3936 3542 λέο

2323 3586 2433 3646 γειν
2482 3569 2576 3626 διὰ
2628 3581 2720 3634 τῆς
2760 3574 2944 3635 θυσίας
2990 3577 3182 3636 ταύτης
3230 3574 3386 3629 αὐτὸν
3431 3575 3597 3648 ἑαυτῷ
3635 3576 3933 3631 καταλλάτ-

2325 3664 2551 3733 τεσθαι;
2610 3663 2641 3723 ἢ
2704 3667 2794 3722 τῆν
2843 3666 2934 3737 μὶν
2982 3662 3036 3727 ἐξ
3090 3666 3236 3737 ἡμῶν
3284 3664 3709 3740 προσληφθεῖσαν
3768 3668 3931 3740 φύσιν

2327 3754 2468 3825 ἔχειν
2523 3755 2653 3829 πρὸς
2719 3753 2855 3826 ἡμᾶς
2918 3752 3137 3820 οἰκείως,
3196 3758 3291 3813 τὴν
3353 3750 3408 3808 δ’
3462 3754 3735 3809 ένωθεῖσαν
3792 3753 3933 3831 αὐτῇ

2330 3844 2549 3899 θεὸτητα
2598 3837 2811 3895 δεῖσθαι
2857 3849 2953 3903 τῆς
2996 3846 3127 3916 πρὸς
3173 3843 3315 3916 ἡμᾶς
3354 3839 3641 3907 διαθυσίας
3678 3843 3941 3900 καταλλαα

2325 3939 2470 4005 γῆς;
2515 3937 2577 3985 Ἦ
2636 3933 2769 3985 κατά
2814 3930 3017 3985 Παῦλον
3075 3931 3269 3985 εἰπεῖν·
3337 3936 3665 4009 Μεμέρισται
3702 3933 3728 3986 ὁ
3795 3941 3947 4009 Χρι-

2330 4024 2495 4088 στός;
2551 4022 2617 4081 ὡς
2664 4017 2793 4073 εἶναι
2838 4022 2896 4073 τὸ
2945 4027 3035 4092 μεν
3102 4019 3244 4092 φίλον
3291 4019 3453 4093 αὐτῷ,
3506 4024 3564 4075 τὸ
3623 4017 3683 4076 δε
3737 4019 3946 4078 ἀντίθε-

2327 4128 2413 4162 τον
2421 4152 2432 4165 ο

2402 4202 2539 4255 MA.
2585 4196 2720 4250 Ἀλλ’
2769 4200 2931 4273 εἴπερ,
2992 4202 3145 4271 φησὶ,
3186 4201 3245 4252 τὸ
3302 4207 3374 4272 τῷ
3395 4203 3562 4275 Πατρὶ
3603 4207 3944 4275 προσαγόμε-

2328 4305 2412 4338 νον
2462 4283 2557 4339 διὰ
2601 4294 2694 4340 τοῦ
2756 4292 2885 4341 Θεοῦ
2947 4292 3109 4360 Λόγου
3162 4291 3524 4364 προσάγεται·
3553 4284 3745 4353 Οὐδεὶς
3806 4293 3941 4365 γὰρ,

2331 4380 2480 4448 φησὶ,
2542 4379 2675 4450 πρὸς
2723 4380 2811 4430 τὸν
2877 4378 3087 4453 Πατέρα
3142 4379 3355 4454 ἔρχεται
3412 4377 3456 4432 εἰ
3500 4381 3573 4452 μή
3642 4374 3719 4432 δι’
3780 4379 3940 4453 ἐμοῦ,

564 4473 631 4523 ut
672 4467 790 4523 hoc
845 4464 1207 4521 sacriﬁcium
1257 4462 1587 4534 offerretur,
1638 4461 1752 4519 nisi
1802 4466 1981 4520 antea
2029 4461 2209 4536 ipsius

2328 4474 2439 4529 πῶς
2495 4463 2609 4526 ἐνῆν
2670 4468 3091 4543 προσενηνέχθαι
3153 4471 3249 4526 τήν
3317 4469 3508 4521 θυσίαν
3572 4471 3790 4537 ταύτην,
3855 4474 3937 4542 μὴ

566 4555 861 4626 Unigeniti
889 4554 1094 4612 deitati
1117 4553 1330 4610 fuisset
1359 4552 1630 4609 oblatum
1660 4554 1687 4609 Ἰ

638 4734 785 4793 SOT.
828 4736 959 4790 Non
994 4731 1167 4790 Verbi
1196 4730 1407 4803 deitas,
1442 4745 1479 4787 o
1506 4729 1705 4798 sodes,
1731 4744 1998 4804 namque
2024 4730 2102 4788 ad
2130 4731 2217 4804 ip-

568 4840 704 4881 sum
730 4821 1066 4879 orationem
1086 4836 1290 4878 meam
1311 4823 1616 4888 converto,
1653 4819 1762 4876 sed
1799 4820 2219 4879 theandricum

562 4915 890 4987 ipsummet
909 4911 1195 4981 Verbum,
1221 4926 1331 4967 ceu
1351 4909 1411 4966 in
1433 4914 1749 4982 assumpta
1772 4914 1990 4969 natura
2017 4912 2220 4985 ponti-

564 5005 682 5075 fex,
704 5007 762 5060 et
789 5007 933 5058 tunc
970 4999 1287 5074 proprium
1323 4998 1683 5069 sanguinem
1723 4999 1954 5073 obtulit,
1979 5006 2036 5058 et
2061 5017 2222 5058 nunc

2327 4560 2573 4632 πρότερον
2635 4563 2699 4630 τῇ
2767 4562 2859 4609 τοῦ
2923 4562 3239 4629 Μονογενοῦς
3302 4559 3747 4631 προσενεχθεῖσαν
3814 4559 3944 4613 θεό-

2326 4666 2446 4705 τητι
2478 4662 2493 4714 ;

2400 4742 2542 4793 ΣΩΤ.
2600 4734 2724 4810 Οὐχ
2784 4736 2815 4794 ἠ
2871 4741 2963 4788 τοῦ
3013 4739 3187 4809 Λόγου
3249 4736 3453 4804 θεότης,
3501 4734 3542 4790 ὦ
3579 4736 3748 4808 οὗτος,
3802 4740 3947 4812 πρὸς

2326 4828 2429 4901 γὰρ
2475 4824 2662 4878 ἐκεῖνον
2701 4828 2900 4898 στρέφω
2947 4827 3034 4877 τὸν
3070 4823 3244 4897 λόγον,
3293 4827 3343 4879 ἓν
3380 4833 3495 4890 ταῖς
3531 4830 3664 4901 πρὸς
3699 4830 3787 4880 τὸν
3829 4834 3949 4883 Ila-

2330 4920 2456 4990 τέρα
2500 4921 2873 4989 προσαγωγαῆ
2931 4910 3285 4988 έμεσίτευσεν,
3339 4913 3467 4968 ἀλλ’
3529 4916 3689 4979 αὐτὸς
3736 4917 3764 4969 ὀ
3815 4918 3948 4970 sciv-

2334 5007 2536 5081 θρωπος
2601 5007 2774 5077 Λόγος
2837 5009 3182 5079 χρηματίσας
3245 5006 3382 5058 κατὰ
3444 5009 3540 5065 τὴν
3608 5004 3953 5082 πληροφορη-

565 5093 831 5148 salvatos
873 5089 1029 5147 Patri
1065 5086 1260 5153 offert,
1299 5093 1366 5144 ut
1408 5087 1602 5158 gratia
1641 5103 1754 5144 sua
1792 5088 2029 5148 deiﬁcet
2060 5108 2073 5147 :
2124 5090 2224 5148 hic

564 5181 790 5253 quippe
820 5184 909 5236 est
937 5177 1258 5236 oblationis
1285 5178 1440 5235 ﬁnis.
1484 5177 1779 5250 lntelliges
1817 5185 2018 5237 autem
2057 5181 2225 5255 quod

565 5268 824 5349 dicimus
853 5266 944 5323 vel
965 5283 1039 5323 ex
1067 5267 1167 5325 illo
1196 5268 1364 5340 quod
1386 5268 1447 5325 in
1476 5266 1673 5338 ﬁgura
1696 5267 1881 5327 ﬁebat
1908 5270 2223 5343 sacriﬁcio,

565 5359 711 5413 Nam
740 5360 1005 5429 quatuor
1028 5356 1090 5412 in
1109 5356 1345 5427 ﬁgurali
1373 5356 1474 5414 illo
1497 5357 1943 5431 spectabantur,
1976 5359 2225 5427 oblatio.

566 5445 958 5514 consecratio,
1002 5444 1271 5516 elevatio,
1322 5447 1607 5520 expiatio.
1650 5445 2026 5507 Oﬁ‘erebatur
2063 5451 2225 5509 enim

2336 5096 2511 5147 θεῖσαν
2572 5095 2728 5166 φύσιν
2785 5091 3077 5169 ἀρχιερεὺς,
3135 5097 3225 5147 καὶ
3277 5098 3391 5148 τότε
3431 5097 3492 5147 τὸ
3554 5095 3743 5149 οἰκεῖον
3806 5096 3959 5169 αἷμα

2332 5187 2707 5259 προσαγαγὼν,
2767 5186 2859 5235 καὶ
2914 5190 3003 5235 νῦν
3058 5186 3180 5246 τοὺς
3244 5183 3575 5256 σωζομένους
3635 5180 3710 5237 δι’
3776 5183 3956 5240 αὐτοῦ

2334 5275 2614 5347 προσάγων
2656 5280 2730 5345 τῷ
2782 5275 2973 5347 Πατρὶ,
3025 5273 3108 5326 ἵνα
3161 5273 3328 5347 θεὼση
3372 5280 3435 5346 τῇ
3485 5274 3678 5349 χάριτι
3707 5293 3720 5308 ·
3787 5282 3954 5330 τοῦτο

2334 5366 2436 5437 γὰρ
2468 5367 2564 5425 της
2600 5370 2954 5436 προσαγωγῆς
2990 5365 3051 5416 τὸ
3094 5362 3253 5425 τέλος.
3304 5364 3510 5426 Μάθοις
3552 5360 3604 5416 δ’
3644 5362 3705 5416 ἂν
3751 5368 3844 5417 καὶ
3887 5362 3955 5419 ἐκ

2337 5462 2432 5516 τῆς
2472 5456 2610 5507 κατὰ
2664 5455 2825 5507 τύπον
2889 5453 3077 5516 θυσίας
3133 5452 3174 5509 ὃ.
3207 5452 3456 5527 λέγομεν·
3526 5455 3761 5528 τέσσαρά
3824 5472 3955 5511 τινα

640 5621 657 5656 ί
703 5620 871 5681 Rom.
896 5639 953 5695 ν,
983 5627 1036 5683 9.
1114 5625 1136 5661 ί
1175 5623 1328 5684 ibid.
1368 5629 1456 5685 to.
1531 5625 1555 5661 ³
1590 5628 1765 5686 Joan.
1796 5615 1911 5697 xiv,
1952 5629 2008 5686 6.
