4136 6402
270 330 380 387 145

1596 342 1945 403 THESAUBI
1981 346 2110 405 LIB.
2162 348 2343 408 XXIV.

3542 358 3645 416 146

260 458 394 527 περὶ
442 457 536 515 τήν
592 454 645 509 ἂν
704 457 854 531 τύπῳ
907 459 1095 514 θυσίαν
1167 457 1452 536 ίθεωρείτο,
1523 472 1869 539 ττροσοιγωγιτ)¹

1987 484 2185 541 agnus
2211 475 2685 548 consecrandus,
2714 481 3102 536 consecratus
3132 482 3337 538 autem
3359 481 3489 552 ejus
3506 499 3642 541 san-

269 544 606 617 καθιίρωσις,
684 544 957 619 ἁναγῶγὴ,
1044 546 1355 621 ἀφοσίωσις
1411 557 1714 626 προσήγετο
1785 558 1874 629 μὲν

274 636 380 707 γάρ
451 634 478 686 ὀ
528 633 688 706 ἀμνὸς
769 637 1306 713 καθιερωθπσὸμενος·
1381 642 1758 716 καθιερωμένον
1818 642 1879 699 δέ

280 723 334 776 οἱ
372 724 431 775 τὸ
460 723 592 796 αἷμα
620 723 689 787 εἰς
716 727 783 779 τά
835 734 939 780 τῶν
991 724 1150 800 ἁγίων
1199 726 1419 801 ἀνήγετο
1477 729 1658 803 Ἅγιαο
1717 731 1878 806 ἀνηγ-

276 812 429 881 μένον
485 807 544 865 δε
592 817 681 866 καὶ
745 817 1116 890 προσενεχθὲν,
1183 814 1481 891 ἀφωσίωτο.
1530 820 1731 896 Ὠσπερ
1790 820 1879 876 οὖν

277 897 377 953 οὐκ
421 901 535 953 εστι
590 900 751 974 λέγειν
797 906 1166 979 προσάγεσθαι
1211 909 1299 959 τόν
1328 906 1726 984 ἶάγωσιωμένον
1766 909 1874 971 ἢδη

273 991 372 1040 καὶ
424 990 696 1063 ἡνωμένον,
753 992 922 1056 οὕτως
975 990 1101 1049 οὗδέ
1145 998 1204 1048 τὸ
1285 1004 1379 1050 τοῦ
1431 1005 1668 1073 Σωτῆρος
1717 1002 1872 1074 αἷμα,

268 1085 376 1139 τῆς
430 1077 589 1132 αὐτοῦ
618 1081 863 1145 θεότητος
926 1083 1230 1157 ἀχώριστον
1268 1088 1342 1153 ὅν,
1404 1089 1572 1142 ἔνεστι
1617 1086 1780 1162 λέγειν
1811 1098 1873 1165 τῇ

248 1165 394 1220 ἀπ’
419 1168 586 1244 ἄκρας
613 1170 848 1246 ἠνωμένῃ
878 1174 1031 1245 φύσει
1052 1175 1439 1249 προσάγεσθαι.

336 1258 479 1309 (ΜΛ.
539 1254 676 1310 Ἀλλ’
727 1257 769 1313 εἰ
826 1267 899 1334 πῇ
949 1261 1176 1332 θεὸτητί,
1239 1268 1391 1336 φησὶ,
1449 1271 1544 1317 τοῦ
1592 1269 1870 1340 Πατρός,ἠ

250 1343 429 1397 θυσία
474 1350 797 1421 προσήγετο,
843 1350 875 1409 ἡ
941 1350 1072 1410 αὐτὴ
1134 1347 1194 1406 δε
1253 1352 1433 1417 θεότης
1471 1352 1566 1407 κᾶν
1609 1363 1683 1426 τῷ
1714 1363 1875 1411 Μονο-

247 1440 416 1504 γενεῖ,
458 1438 515 1487 τί
558 1434 746 1490 κωλύει
777 1442 870 1491 καὶ
926 1445 989 1513 τῇ
1048 1447 1141 1493 τοῦ
1195 1448 1517 1515 Μονογενοῦς
1550 1444 1753 1505 θεὸτητι
1784 1446 1873 1502 λέ-

247 1540 370 1596 γειν
395 1525 596 1583 ταύτην
621 1529 739 1579 τότε
776 1529 1175 1602 προσάγεσθαι;

326 1618 480 1666 ΣΩΤ.
540 1612 602 1668 Ἠ
660 1614 793 1674 αὑτὴ
851 1619 963 1689 μεν,
1042 1614 1082 1669 ὦ
1135 1620 1248 1686 τὰν,
1328 1621 1502 1682 θεὸτης
1582 1621 1875 1696 ἁμερίστως

248 1698 634 1776 ἓνθεωρεῖσθαι
701 1712 816 1767 ταῖς
890 1714 1124 1781 τριτταῖς
1203 1709 1561 1773 ὑποστάσεσιν
1607 1712 1873 1785 ὡμολόγη-

1042 1614 1082 1669 ὧ
1135 1620 1248 1686 τὰν,

249 1807 372 1843 ιιάι⁹
432 1789 570 1850 πλὴν
623 1793 651 1845 ὃ
700 1793 950 1857 πολλάκις
997 1798 1224 1870 εἴρηται,
1254 1802 1345 1851 καὶ
1379 1806 1466 1851 νῦν
1499 1799 1594 1853 οὐκ
1625 1801 1873 1875 ὁκνοῡμεν
1916 1828 1955 1882 Β

249 1877 449 1951 λέγειν,
506 1881 577 1944 ὡς
635 1881 766 1955 οὐχὶ
821 1886 1065 1959 τῇφύσεί
1115 1893 1208 1939 τοῦ
1267 1893 1493 1962 ιιατρὸς,
1554 1897 1618 1963 τῇ
1679 1887 1743 1944 δὲ
1783 1898 1875 1945 τοῦ

255 1971 478 2043 Πατρός
529 1969 825 2025 ὑποστάσει
874 1979 1189 2048 προσήγετο·
1242 1977 1311 2040 ὡς
1363 1981 1449 2030 καὶ
1526 1980 1615 2031 τὸν
1677 1983 1876 2056 προσάο

247 2075 427 2130 γοντα
506 2061 798 2134 προσάγειν
877 2063 1257 2132 ὑποστατικῶς,
1303 2070 1395 2119 καὶ
1460 2069 1548 2120 τὸν
1591 2065 1876 2142 δεχόμενον

244 2147 642 2212 ὕποστατικῶς
686 2145 1074 2223 ὑποδέχεσθαι.
1115 2157 1203 2207 Διό
1258 2173 1350 2227 μοι
1403 2152 1592 2219 διττῶς
1641 2155 1873 2233 ἐξαμαρ-

246 2238 433 2289 τάνειν
473 2233 674 2309 δοκεῖς,
722 2237 1053 2314 ἀπομερίζων
1107 2245 1199 2315 μὶν
1261 2246 1320 2297 τὸ
1388 2244 1459 2308 εἰς
1519 2250 1576 2299 σέ
1625 2266 1686 2318 γε
1749 2248 1875 2306 ἧκον

247 2330 355 2385 τὴν
424 2324 713 2402 ἀμέριστον
752 2331 928 2402 φύσιν,
996 2336 1243 2407 παρέχων
1297 2330 1357 2387 δὲ
1410 2338 1501 2388 καὶ
1538 2342 1652 2398 ταῖς
1685 2340 1875 2409 φύσεσι

249 2417 325 2468 τὰ
358 2423 461 2468 τῶν
492 2417 838 2471 ὑποστάσεων
896 2414 1180 2493 ἰδιώματα.
1235 2425 1369 2498 Πρὸς
1432 2420 1492 2478 δὲ
1542 2427 1770 2490 τούτοις,
1832 2426 1877 2480 εἰ

256 2511 335 2575 τῷ
387 2500 520 2558 εἶναι
569 2510 749 2566 κοινὴν
802 2512 909 2562 Υίῶ
966 2515 1057 2563 καὶ
1113 2519 1185 2583 τῷ
1242 2517 1410 2588 Πατρὶ
1437 2517 1530 2573 τὴν
1576 2516 1750 2588 φύσιν,
1784 2511 1877 2569 διὰ

256 2600 429 2646 ταῦτα
498 2593 777 2668 συμϐαίνει
849 2602 1026 2656 κοινὴν
1082 2596 1213 2653 εἶναι
1262 2606 1352 2654 καὶ
1390 2607 1485 2661 τὴν
1543 2611 1640 2666 τῆς
1691 2605 1877 2666 θυσίας

257 2678 565 2755 ὑποδοχὴν,
608 2682 810 2758 ἀνάγκη
870 2682 1000 2740 εἷναι
1038 2686 1203 2760 λέγειν
1259 2695 1436 2749 κοινὴν
1500 2696 1591 2745 καὶ
1614 2695 1710 2751 τὴν
1745 2694 1873 2767 σάρ-

252 2789 425 2823 κωσιν
470 2770 683 2845 ἀμφοῑνο
734 2773 780 2828 εἰ
834 2776 937 2850 γὰρ
995 2778 1024 2836 ἡ
1077 2784 1168 2829 νοῦ
1223 2783 1394 2851 Λόγου
1446 2780 1624 2842 θεότης
1675 2784 1874 2856 σεσάρ-

247 2879 449 2930 κωται,
488 2861 520 2920 ἡ
572 2861 702 2922 αὑτὴ
753 2859 817 2918 δέ
878 2862 994 2919 ἔστι
1051 2868 1226 2929 θεότης
1263 2872 1354 2920 καὶ
1409 2870 1459 2922 ἓν
1514 2875 1798 2945 Πατρικαὶ
1829 2869 1877 2923 ἐν

260 2952 559 3022 Πνεὺματι,
604 2950 798 3024 ἀνάγκη
849 2957 1065 3008 καὶτὸν
1110 2960 1318 3032 Πατέρα
1377 2964 1466 3011 καὶ
1537 2962 1597 3012 τὸ
1662 2966 1876 3033 Πνεῦμα

266 3039 649 3110 σεσαρκῶσθαι
692 3040 876 3114 λέγειν.
913 3042 1069 3117 Ὀρᾷς
1113 3043 1197 3099 οἷά
1247 3065 1332 3099 σοι
1398 3055 1490 3100 τοῦ
1537 3047 1694 3120 λόγου
1744 3049 1870 3123 παρ’

266 3127 422 3198 ἡμῶν
454 3128 777 3194 ὑποτιθέντος
806 3133 1089 3205 συνάγεται
1114 3151 1127 3200 ;

335 3220 476 3272 ΦΙΛ.
551 3216 705 3271 Ἀ).λὰ
757 3221 1024 3284 Βασίλειος
1069 3222 1096 3275 ὁ
1147 3224 1280 3286 θεῖος
1333 3231 1439 3286 τοῖς
1499 3226 1623 3300 παρ’
1700 3228 1866 3299 ἡμῶν,

252 3311 416 3378 φησί,
470 3305 758 3380 λεγομένοις
808 3320 1222 3387 προσμαρτυρεῖ³
1281 3316 1418 3367 κατὰ
1453 3316 1554 3390 γὰρ
1603 3320 1696 3375 τὴν
1730 3318 1868 3371 θείαν

255 3401 640 3468 μυσταγωγίαν
726 3398 983 3472 ὑποφωνεῑ
1045 3409 1118 3473 τῷ
1198 3410 1398 3477 Σωτῆρι
1470 3411 1686 3480 Χριστῷ
1760 3427 1867 3478 μυ-

259 3490 595 3559 στικώτερον,
650 3491 718 3540 Σὺ
760 3484 826 3557 εἰ,
879 3488 1060 3561 λέγων,
1111 3492 1137 3544 ὁ
1192 3496 1496 3567 προσφέρων
1551 3499 1640 3547 καὶ
1694 3515 1863 3569 προσ·

251 3576 533 3647 φερόμενος
555 3577 646 3628 καὶ
676 3574 1126 3652 προσδεχόμενος.

323 3671 473 3720 ΣΩΤ.
516 3665 579 3718 Εἰ
747 3671 833 3721 τὸν
890 3675 1106 3746 Σωτῆρα
1159 3671 1343 3743 λέγεις,
1396 3672 1437 3724 ὦ
1485 3673 1656 3743 οὗτος,
1703 3694 1865 3750 προσ-

255 3756 425 3825 φέρειν
480 3757 573 3826 μεν
627 3763 702 3827 τῷ
752 3762 923 3833 Πατρὶ
976 3763 1093 3822 τοὺς
1150 3755 1226 3814 δι’
1297 3760 1458 3814 αὐτοῦ
1519 3763 1863 3836 σωζομένους,

256 3845 650 3917 προσφέρεσθαι
679 3842 740 3898 δὲ
770 3849 857 3899 τὸν
891 3847 1048 3901 αὐτὸν
1105 3845 1200 3903 διὰ
1250 3857 1340 3913 τῆς
1398 3848 1724 3924 ἁναιμάκτου
1777 3854 1863 3906 θυ-

262 3935 390 3992 σίας
423 3940 509 3994 ri;
562 3934 636 3996 εἰς
692 3933 986 4008 ἀνάμνησιν
1017 3937 1178 3991 αὑτοῦ
1207 3943 1507 4012 γενομένης,
1565 3938 1862 4014 προσδέχε-

260 4020 392 4072 σθαι
429 4016 487 4074 δὲ
529 4022 683 4076 αὐτὸν
736 4027 803 4077 τὰ
847 4025 973 4101 παρ’
1022 4029 1168 4100 ἡμῶν
1219 4029 1288 4090 ὡς
1342 4032 1471 4082 Θεὸν
1512 4027 1860 4083 συνευδοκοῦ-

249 4127 347 4182 μεν
398 4118 469 4181 τῷ
515 4109 652 4185 λογῳ
706 4118 799 4166 καὶ
858 4117 1220 4189 συντιθέμεθα·
1264 4112 1312 4170 εἴ
1361 4113 1421 4170 δε
1460 4120 1555 4181 τὰς
1574 4117 1860 4192 ἀντικειμέ-

241 4217 336 4263 νας
400 4203 599 4263 ταύτας
680 4201 838 4266 λέξεις
908 4206 1342 4279 συναπομερίζεις
1429 4214 1547 4270 ταῖς
1642 4211 1857 4281 φύσεσι,

237 4299 613 4363 παρασιωπῶν
671 4296 766 4351 τὴν
820 4294 1138 4364 ὑπόστασιν,
1187 4301 1278 4349 καὶ
1341 4296 1501 4370 λέγεις
1548 4303 1856 4373 προσφέρειν

235 4382 333 4453 μὲν
360 4382 462 4438 τὴν
499 4380 927 4454 προσληφθεῖσαν
975 4386 1132 4457 φύσιν
1187 4387 1252 4438 τὰ
1296 4394 1385 4449 τῆς
1440 4390 1654 4462 σαρκὸς,
1696 4408 1857 4462 προσ-

233 4469 498 4543 φέρεῒθαι
554 4465 612 4522 δὲ
658 4474 749 4530 τὴν
801 4477 901 4536 τῆς
951 4477 1144 4546 σαρκὸς
1176 4475 1386 4543 θυσίαν,
1453 4473 1857 4551 προσδέχεσθαι

1429 4214 1547 4270 ταῖς

1986 558 2121 629 guis
2145 559 2225 616 ad
2256 562 2477 620 Sancta
2521 570 2872 623 sanctorum
2920 567 3291 634 elevabatur,
3337 568 3640 629 elevatum

1986 645 2247 718 denique
2282 650 2657 722 expiabatur.
2691 652 2853 711 Sicut
2881 669 3026 724 ergo
3056 654 3174 712 dici
3200 658 3429 729 nequit,
3470 661 3640 732 quod

1987 735 2274 793 offeratur
2296 737 2357 794 id
2378 741 2544 813 quod
2570 741 2700 812 jam
2730 743 3038 817 expiatum
3062 744 3237 801 fuerit
3264 751 3321 802 et
3350 749 3468 805 Deo
3513 750 3638 805 uni-

1988 829 2134 896 tum,
2169 826 2253 882 ita
2302 843 2379 884 ne
2423 827 2754 888 Ser‘vatoris
2794 831 3046 905 quidem
3105 835 3377 905 sanguis,
3432 840 3636 909 utpote

1988 912 2066 969 ab
2095 915 2226 985 ejus
2245 915 2465 974 deitate
2491 918 2804 989 indivisus,
2836 921 2957 977 dici
2985 925 3188 994 potest
3210 923 3375 998 quod
3407 929 3637 984 natura:

1984 1000 2227 1077 ipsimet
2254 1005 2582 1065 arctissime
2602 1008 2784 1066 unitze
2808 1008 3114 1068 offeratur.

2058 1253 2234 1310 PHlL.
2260 1257 2331 1311 At
2357 1254 2407 1311 si
2443 1255 2635 1313 Patris
2693 1256 2899 1314 deitati
2949 1258 3316 1317 sacrificium
3369 1260 3634 1334 oﬁ‘ertur,

1984 1342 2199 1399 eadem
2225 1348 2426 1401 autem
2461 1345 2754 1417 Unigeniti
2797 1362 3042 1420 quoque
3089 1352 3179 1405 est
3228 1349 3443 1420 deitas,
3491 1352 3640 1425 quid

1982 1447 2190 1504 quaeso
2211 1433 2429 1500 obstat,
2472 1435 2802 1507 quominus
2832 1436 2995 1493 idem
3053 1438 3347 1509 Unigeuiti
3391 1456 3641 1514 quoque

1984 1520 2185 1578 deitati
2212 1521 2411 1579 offerri
2436 1524 2692 1580 dicatur.

2057 1611 2208 1668 SOT.
2238 1611 2392 1668 Sane
2421 1612 2719 1676 eamdem,
2748 1629 2784 1669 ο
2808 1612 2988 1681 bone,
3014 1613 3296 1672 deitatem
3316 1617 3639 1675 indivisam

1984 1697 2044 1754 in
2077 1698 2267 1755 tribus
2300 1699 2572 1772 personis
2601 1701 2884 1757 fatemur.
2933 1706 3235 1772 Attamen,
3267 1705 3435 1777 quod
3474 1723 3635 1779 saepe

1984 1787 2267 1859 diximus,
2295 1795 2354 1844 et
2381 1804 2545 1845 nunc
2574 1805 2819 1864 quoque
2839 1795 3104 1863 repetere
3132 1807 3245 1848 nos
3269 1793 3435 1849 haud
3454 1794 3638 1866 piget,

1984 1893 2107 1935 non
2135 1881 2386 1947 naturus,
2414 1879 2520 1935 sed
2548 1895 2823 1953 personas
2854 1881 3043 1937 Patris
3076 1880 3233 1939 facta
3250 1887 3339 1939 est
3371 1882 3598 1940 oblatio
3621 1928 3638 1953 ,

1985 1966 2069 2024 ita
2094 1971 2157 2023 ut
2185 1970 2243 2023 et
2289 1966 2548 2023 offerens
2586 1969 2985 2041 personaliter
3027 1968 3333 2040 obtulerit;
3388 1973 3639 2044 pariter-

1986 2073 2104 2132 que
2118 2057 2412 2132 recipiens
2424 2058 2665 2116 nonnisi
2676 2059 3070 2132 personaliter
3084 2062 3397 2134 acceperit.
3421 2064 3641 2130 Quam-

1985 2144 2198 2203 obrem
2253 2145 2400 2202 mihi
2457 2146 2773 2220 dupliciter
2817 2163 3069 2221 peccare
3120 2148 3362 2218 videris,
3406 2150 3556 2207 dum
3586 2157 3643 2208 et

1984 2232 2299 2289 indivisam
2329 2237 2634 2304 naturam,
2662 2239 2964 2308 quantum
2992 2236 3054 2292 in
3078 2240 3132 2292 te
3171 2241 3280 2311 est,
3304 2237 3557 2308 dividis;
3584 2245 3641 2296 et

1985 2321 2133 2378 dum
2160 2321 2390 2378 naturis
2421 2338 2494 2380 ea
2516 2338 2655 2397 quae
2687 2327 2830 2380 sunt
2859 2340 3260 2398 personarum
3280 2327 3529 2399 propria
3549 2333 3638 2385 at-

1985 2410 2216 2468 tribuis.
2243 2412 2558 2482 Praaterea,
2592 2413 2641 2469 si
2666 2412 2809 2485 quia
2832 2415 3178 2470 communis
3224 2421 3313 2472 est
3353 2416 3493 2473 Filio
3538 2420 3637 2475 Pa-

1986 2500 2180 2575 trique
2207 2507 2448 2571 natura,
2478 2502 2703 2559 idcirco
2725 2518 3115 2560 communem
3141 2521 3388 2578 quoque
3404 2507 3636 2563 contin-

1985 2591 2246 2663 gitessse
2257 2593 2684 2665 receptionem,
2701 2594 3044 2650 necessario
3062 2595 3351 2667 sequitur,
3367 2601 3431 2651 ut
3447 2597 3639 2654 incar-

1984 2679 2150 2736 natio
2179 2695 2424 2753 quoque
2462 2680 2765 2738 ambobus
2796 2681 2971 2739 fuerit
2998 2681 3362 2738 communis.
3395 2685 3544 2738 Nam
3593 2684 3643 2737 si

1986 2768 2162 2824 Verbi
2188 2768 2379 2826 deitas
2406 2774 2493 2825 est
2519 2770 2852 2842 incarnata,
2882 2771 3096 2826 eadem
3128 2775 3330 2827 autem
3362 2770 3553 2827 deitas
3580 2771 3642 2826 in

1987 2858 2160 2914 Patre
2193 2859 2534 2932 Spirituque
2577 2863 2684 2930 est,
2730 2874 2978 2932 prorsus
3024 2865 3260 2932 oportet
3299 2864 3364 2914 ut
3410 2862 3641 2916 Patrem

1987 2962 2234 3020 quoque
2291 2951 2348 3004 et
2397 2948 2681 3020 Spiritum
2736 2948 3082 3004 incarnatos
3141 2964 3273 3003 esse
3334 2947 3632 3004 dicamus.

1989 3036 2170 3091 Viden
2211 3035 2291 3092 ad
2348 3052 2536 3109 quam
2580 3041 2635 3092 te
2674 3034 3114 3093 absurditatem
3164 3050 3363 3092 sermo
3394 3051 3429 3092 a
3458 3035 3636 3092 nobis

1983 3124 2290 3197 expositus
2318 3124 2650 3198 perducat?

2053 3216 2235 3271 PlllL.
2260 3213 2499 3270 Interim
2546 3218 2748 3271 tamen
2779 3214 2958 3270 divus
3012 3213 3266 3270 Basilius
3326 3215 3634 3270 sententiae

1979 3319 2131 3360 mere
2159 3303 2548 3374 suffragatur.
2576 3303 2802 3361 Etenim
2844 3303 2906 3358 in
2964 3309 3352 3360 sacrosancta
3395 3303 3637 3374 liturgia

1980 3392 2213 3450 Christo
2248 3392 2545 3450 Servatori
2584 3392 2952 3466 pientissime
3009 3392 3380 3461 succlamat;
3440 3395 3524 3449 Tu
3571 3409 3634 3448 es

1976 3481 2083 3555 qui
2112 3480 2312 3550 offers,
2336 3485 2394 3538 et
2421 3480 2528 3554 qui
2559 3480 2845 3549 offereris,
2877 3484 2934 3537 et
2988 3481 3094 3553 qui
3136 3481 3381 3553 recipis.

2045 3664 2194 3718 SOT.
2243 3659 2551 3734 Siquidem
2604 3662 2981 3718 Servatorem
3025 3659 3174 3716 dicis
3219 3660 3432 3716 offerre
3470 3659 3630 3717 Patri

1972 3751 2252 3808 homines
2289 3750 2394 3823 qui
2423 3764 2531 3823 per
2548 3765 2689 3806 eum
2712 3749 2862 3805 salvi
2887 3749 3057 3816 fiunt,
3105 3749 3435 3823 ipsummet
3485 3766 3628 3806 vero

1972 3839 2175 3899 offerri
2202 3855 2311 3912 per
2334 3838 2718 3894 incruentum
2750 3837 3135 3907 sacriﬁcium,
3158 3838 3327 3910 quod
3378 3839 3440 3894 in
3490 3839 3625 3910 ejus

1971 3927 2608 3987 commemorationem
2621 3926 2706 3995 ﬁt,
2721 3926 2981 3999 denique
2999 3926 3201 3999 ipsum
3214 3930 3419 3999 utpote
3436 3929 3624 3983 Deum

1969 4018 2234 4091 recipere
2258 4032 2396 4090 quae
2426 4015 2758 4072 offeruntur
2779 4000 2815 4072 a
2844 4014 3044 4084 nobis,
3103 4016 3474 4071 assentimur
3503 4031 3626 4072 ser-

1970 4108 2134 4165 moni
2165 4113 2287 4178 tuo,
2317 4110 2377 4162 et
2400 4104 2660 4178 pedibus
2686 4104 2749 4160 in
2770 4104 3128 4160 sententiam
3148 4103 3326 4160 imus.
3351 4104 3451 4160 Sin
3478 4121 3621 4162 vero

1965 4198 2077 4255 has
2107 4197 2442 4254 locutiones
2467 4195 2543 4252 de
2573 4193 2804 4252 naturis
2851 4194 3166 4267 praedicas,
3207 4194 3441 4250 omissa
3489 4211 3619 4268 per-

1968 4303 2139 4354 sona,
2163 4286 2372 4359 aisque
2412 4288 2797 4358 assumptam
2818 4283 3065 4357 quidem
3088 4286 3372 4340 naturam
3402 4284 3618 4342 offerre

1964 4394 2103 4452 quae
2125 4377 2323 4434 carnis
2352 4379 2513 4442 sunt,
2544 4372 2744 4430 offerri
2784 4376 2986 4430 autem
3009 4374 3206 4430 carnis
3228 4373 3614 4445 sacriﬁcium,

1964 4467 2044 4523 ob
2074 4467 2211 4540 ipsa
2232 4481 2374 4521 vero
2402 4463 2711 4519 divinitate
2740 4463 2899 4519 hanc
2925 4461 3127 4535 recipi,
3161 4456 3399 4521 incaute
3448 4463 3616 4535 igno-

237 4552 303 4610 3’:
328 4561 433 4616 τὴν
463 4558 706 4626 emam,
763 4564 828 4613 σύ
857 4565 950 4635 μεν
992 4565 1052 4615 τὸ
1109 4562 1164 4627 ἐξ
1210 4564 1388 4638 ἄμμου
1438 4570 1676 4637 σχοινίον
1727 4565 1853 4619 πλέ-

1986 4572 2062 4614 as
2083 4562 2136 4614 te
2157 4553 2491 4613 funiculum
2511 4568 2582 4610 ex
2603 4567 2789 4609 arena
2816 4555 3150 4627 contexere.

238 4665 345 4698 κων
372 4649 600 4700 σεαυτὸν
626 4646 911 4712 λανθάνεις.

312 4740 454 4793 MA.
535 4734 709 4809 Ἡμεῖς
751 4735 812 4792 δε
855 4742 989 4813 μετά
1051 4749 1144 4804 τῆς
1210 4751 1376 4805 αυτῆς
1430 4741 1853 4817 ἀντιστησόμεθα

236 4830 479 4899 γνώμης,
546 4829 639 4879 καὶ
716 4828 877 4900 ὁμόσε
947 4834 1288 4905 χωρήσομεν,
1372 4830 1467 4884 οὐκ
1516 4829 1728 4905 ἐφιέντες
1779 4841 1852 4904 τῷ

235 4913 377 4986 λόγῳ
408 4915 482 4977 ὡς
515 4922 1064 4992 παρακεχαραγμένῳ,
1120 4923 1212 4973 καὶ
1266 4927 1361 4983 τῆς
1412 4928 1505 4974 τοῦ
1562 4926 1849 4996 Νεστορίου

236 5001 642 5078 φρενοϐλαϐείας
667 5002 1046 5080 ἐξηρτοημένῳ.

308 5099 463 5148 ΣΩΤ.
550 5097 723 5166 Χωρὶς
790 5091 851 5148 δε
908 5097 1107 5148 τούτων
1176 5101 1258 5160 τίς
1312 5106 1414 5151 τῶν
1507 5097 1849 5153 εὐσεϐούντων

236 5189 494 5257 προσοῖτο
556 5182 618 5234 ἄν
687 5185 748 5236 τὸ
801 5187 1072 5258 προσέρειν
1104 5186 1189 5239 ἐπὶ
1253 5194 1349 5250 τῆς
1396 5189 1534 5241 κατὰ
1578 5191 1636 5241 τὸ
1685 5190 1852 5251 πάθος

231 5276 516 5345 γενομένης
601 5272 792 5333 θυσίας
881 5270 1328 5348 προσδίχεσθαι;
1384 5283 1477 5329 τοῦ
1557 5275 1850 5331 ἀποστόλου

223 5364 551 5435 κεκραγότος
641 5359 873 5414 Παὺλου’
945 5360 1121 5426 Ἀπαξ
1197 5368 1428 5441 Χριστὸς
1501 5366 1629 5441 ὑπέρ
1700 5368 1730 5426 ἠ
1738 5376 1847 5441 μῶν

231 5449 478 5505 ἀπέθανε*
528 5454 622 5504 καὶ
694 5449 871 5503 πάλιν*
937 5459 1103 5505 Τοῦτο
1157 5456 1260 5529 γὰρ
1337 5452 1578 5514 ἐποίησεν
1648 5454 1851 5529 ἐφάπαξ

298 5640 321 5688 ⁸
359 5642 546 5711 Helm
587 5656 694 5717 Vm
735 5644 828 5706 εει
872 5642 894 5685 ⁸
934 5646 1109 5706 Hebri
1139 5661 1204 5721 κο
1245 5648 1335 5710 1οι

2033 4738 2215 4794 PHIL.
2248 4735 2366 4793 Nos
2398 4733 2681 4791 tamenin
2720 4732 2937 4791 eadem
2990 4734 3287 4790 sententia
3338 4735 3612 4792 manebi-

1959 4843 2117 4896 mus,
2149 4830 2206 4883 et
2236 4824 2339 4881 tibi
2364 4821 2840 4895 adversabimur,
2864 4837 3064 4893 neque
3084 4822 3348 4878 sermoni
3367 4827 3471 4879 tuo
3504 4840 3610 4881 seu

1959 4914 2295 4974 adulterino
2326 4911 2629 4984 cedemus,
2654 4911 2800 4986 quia
2826 4911 2903 4968 de
2932 4911 3181 4968 Nestorii
3204 4912 3423 4969 insana
3474 4928 3610 4969 sen-

1957 5005 2143 5065 tentia
2167 5007 2397 5061 manat.

2034 5096 2181 5152 SOT.
2204 5093 2380 5166 Atqui
2413 5091 2507 5148 vel
2526 5090 2616 5147 bis
2638 5089 2899 5158 omissis,
2947 5087 3086 5161 quis
3136 5103 3286 5145 sano
3324 5088 3610 5160 dogmate

1958 5185 2207 5242 inbutus
2237 5181 2601 5239 oblationem
2629 5179 2926 5249 intelligat
2954 5177 3030 5233 de
3077 5177 3373 5233 sacrificio
3418 5178 3518 5234 illo
3548 5180 3610 5236 in

1959 5275 2245 5348 passione
2258 5270 2532 5344 peracto?
2545 5286 2685 5326 cum
2699 5268 2917 5324 Paulus
2935 5266 3245 5340 apostolus
3257 5267 3494 5324 clamet:
3516 5269 3611 5325 Se-

1959 5363 2360 5420 melChrislus
2381 5365 2659 5417 mortuus
2674 5369 2754 5416 est
2769 5373 2883 5428 pro
2894 5357 3118 5413 nobis‘.
3137 5358 3420 5414 Etrursus
3438 5374 3450 5413 :
3481 5360 3610 5416 Hoc

1959 5454 2111 5513 enim
2156 5453 2301 5524 fecit
2361 5450 2540 5507 semel
2569 5464 2630 5505 se
2675 5449 2873 5518 ipsum
2919 5447 3220 5517 o/ferendo
3245 5448 3289 5502 ⁵.
3345 5449 3611 5520 Denique
