  <div class='ocr_page' id='page_1' title='image "/cluster/home/n/w/nwhite01/storage/ocr_20150623/140/coo.31924054870450/083.png"; bbox 0 0 4136 6388; ppageno 0'>
   <div class='ocr_carea' id='block_1_1' title="bbox 572 348 679 411">
    <p class='ocr_par' dir='ltr' id='par_1_1' title="bbox 572 348 679 411">
     <span class='ocr_line' id='line_1_1' title="bbox 572 348 679 411; baseline 0.028 -3"><span class='ocrx_word' id='word_1_1' title='bbox 572 348 679 411; x_wconf 70' lang='grc'><strong>147</strong></span> 
     </span>
    </p>
   </div>
   <div class='ocr_carea' id='block_1_2' title="bbox 574 560 2225 641">
    <p class='ocr_par' dir='ltr' id='par_1_2' title="bbox 574 560 2225 641">
     <span class='ocr_line' id='line_1_2' title="bbox 574 560 2225 641; baseline 0 -18"><span class='ocrx_word' id='word_1_2' title='bbox 574 560 828 631; x_wconf 70' lang='lat' dir='ltr'><strong>certant,</strong></span> <span class='ocrx_word' id='word_1_3' title='bbox 852 570 914 623; x_wconf 83' lang='lat' dir='ltr'><strong>in</strong></span> <span class='ocrx_word' id='word_1_4' title='bbox 941 574 1293 639; x_wconf 79' lang='lat' dir='ltr'><strong>perpetuum</strong></span> <span class='ocrx_word' id='word_1_5' title='bbox 1317 569 1360 624; x_wconf 75' lang='grc' dir='ltr'><strong>θ.</strong></span> <span class='ocrx_word' id='word_1_6' title='bbox 1380 569 1525 624; x_wconf 83' lang='lat' dir='ltr'><strong>Cum</strong></span> <span class='ocrx_word' id='word_1_7' title='bbox 1545 584 1687 638; x_wconf 83' lang='lat' dir='ltr'><strong>ergo</strong></span> <span class='ocrx_word' id='word_1_8' title='bbox 1713 569 2033 641; x_wconf 78' lang='lat' dir='ltr'><strong>Apostolus</strong></span> <span class='ocrx_word' id='word_1_9' title='bbox 2045 569 2225 637; x_wconf 83' lang='lat' dir='ltr'><strong>dicat,</strong></span> 
     </span>
    </p>
   </div>
   <div class='ocr_carea' id='block_1_3' title="bbox 575 656 2227 728">
    <p class='ocr_par' dir='ltr' id='par_1_3' title="bbox 575 656 2227 728">
     <span class='ocr_line' id='line_1_3' title="bbox 575 656 2227 728; baseline 0.002 -18"><span class='ocrx_word' id='word_1_10' title='bbox 575 656 760 712; x_wconf 87' lang='lat' dir='ltr'><strong>semel</strong></span> <span class='ocrx_word' id='word_1_11' title='bbox 786 660 843 712; x_wconf 91' lang='lat' dir='ltr'><strong>et</strong></span> <span class='ocrx_word' id='word_1_12' title='bbox 876 657 1119 711; x_wconf 88' lang='lat' dir='ltr'><strong>unicam</strong></span> <span class='ocrx_word' id='word_1_13' title='bbox 1170 656 1352 711; x_wconf 87' lang='lat' dir='ltr'><strong>fuisse</strong></span> <span class='ocrx_word' id='word_1_14' title='bbox 1397 658 1528 728; x_wconf 86' lang='lat' dir='ltr'><strong>ejus</strong></span> <span class='ocrx_word' id='word_1_15' title='bbox 1568 656 1959 725; x_wconf 79' lang='lat' dir='ltr'><strong>oblationem,</strong></span> <span class='ocrx_word' id='word_1_16' title='bbox 1997 662 2059 713; x_wconf 91' lang='lat' dir='ltr'><strong>tu</strong></span> <span class='ocrx_word' id='word_1_17' title='bbox 2088 675 2227 714; x_wconf 90' lang='lat' dir='ltr'><strong>eum</strong></span> 
     </span>
    </p>
   </div>
   <div class='ocr_carea' id='block_1_4' title="bbox 576 743 1637 818">
    <p class='ocr_par' dir='ltr' id='par_1_4' title="bbox 576 743 1637 818">
     <span class='ocr_line' id='line_1_4' title="bbox 576 743 1637 818; baseline 0.002 -19"><span class='ocrx_word' id='word_1_18' title='bbox 576 749 768 801; x_wconf 82' lang='lat' dir='ltr'><strong>semet</strong></span> <span class='ocrx_word' id='word_1_19' title='bbox 793 743 1005 801; x_wconf 83' lang='lat' dir='ltr'><strong>offerre</strong></span> <span class='ocrx_word' id='word_1_20' title='bbox 1027 743 1297 818; x_wconf 84' lang='lat' dir='ltr'><strong>quotidie</strong></span> <span class='ocrx_word' id='word_1_21' title='bbox 1321 744 1591 802; x_wconf 83' lang='lat' dir='ltr'><strong>afﬁrmas</strong></span> <span class='ocrx_word' id='word_1_22' title='bbox 1609 746 1637 801; x_wconf 87' lang='lat'><strong>‘?</strong></span> 
     </span>
    </p>
   </div>
   <div class='ocr_carea' id='block_1_5' title="bbox 648 925 2234 999">
    <p class='ocr_par' dir='ltr' id='par_1_5' title="bbox 648 925 2234 999">
     <span class='ocr_line' id='line_1_5' title="bbox 648 925 2234 999; baseline 0.002 -19"><span class='ocrx_word' id='word_1_23' title='bbox 648 926 833 983; x_wconf 82' lang='lat' dir='ltr'><strong>PHIL.</strong></span> <span class='ocrx_word' id='word_1_24' title='bbox 887 927 958 984; x_wconf 89' lang='lat' dir='ltr'><strong>Se</strong></span> <span class='ocrx_word' id='word_1_25' title='bbox 1012 927 1215 999; x_wconf 89' lang='lat' dir='ltr'><strong>ipsum</strong></span> <span class='ocrx_word' id='word_1_26' title='bbox 1257 926 1502 999; x_wconf 89' lang='lat' dir='ltr'><strong>quidem</strong></span> <span class='ocrx_word' id='word_1_27' title='bbox 1560 926 1743 982; x_wconf 88' lang='lat' dir='ltr'><strong>semel</strong></span> <span class='ocrx_word' id='word_1_28' title='bbox 1794 925 2027 992; x_wconf 81' lang='lat' dir='ltr'><strong>obtulit,</strong></span> <span class='ocrx_word' id='word_1_29' title='bbox 2060 926 2234 983; x_wconf 73' lang='lat' dir='ltr'><strong>offert</strong></span> 
     </span>
    </p>
   </div>
   <div class='ocr_carea' id='block_1_6' title="bbox 579 1015 2232 1089">
    <p class='ocr_par' dir='ltr' id='par_1_6' title="bbox 579 1015 2232 1089">
     <span class='ocr_line' id='line_1_6' title="bbox 579 1015 2232 1089; baseline -0.001 -17"><span class='ocrx_word' id='word_1_30' title='bbox 579 1019 782 1072; x_wconf 86' lang='lat' dir='ltr'><strong>tamen</strong></span> <span class='ocrx_word' id='word_1_31' title='bbox 817 1020 873 1072; x_wconf 92' lang='lat' dir='ltr'><strong>et</strong></span> <span class='ocrx_word' id='word_1_32' title='bbox 928 1032 1115 1078; x_wconf 86' lang='lat' dir='ltr'><strong>nunc,</strong></span> <span class='ocrx_word' id='word_1_33' title='bbox 1162 1016 1228 1071; x_wconf 87' lang='lat' dir='ltr'><strong>ut</strong></span> <span class='ocrx_word' id='word_1_34' title='bbox 1274 1015 1558 1082; x_wconf 84' lang='lat' dir='ltr'><strong>diximus,</strong></span> <span class='ocrx_word' id='word_1_35' title='bbox 1610 1032 1713 1071; x_wconf 91' lang='lat' dir='ltr'><strong>eos</strong></span> <span class='ocrx_word' id='word_1_36' title='bbox 1743 1015 1847 1088; x_wconf 90' lang='lat' dir='ltr'><strong>qui</strong></span> <span class='ocrx_word' id='word_1_37' title='bbox 1894 1032 2001 1088; x_wconf 90' lang='lat' dir='ltr'><strong>per</strong></span> <span class='ocrx_word' id='word_1_38' title='bbox 2029 1015 2232 1089; x_wconf 90' lang='lat' dir='ltr'><strong>ipsum</strong></span> 
     </span>
    </p>
   </div>
   <div class='ocr_carea' id='block_1_7' title="bbox 581 1103 2232 1177">
    <p class='ocr_par' dir='ltr' id='par_1_7' title="bbox 581 1103 2232 1177">
     <span class='ocr_line' id='line_1_7' title="bbox 581 1103 2232 1177; baseline 0.001 -18"><span class='ocrx_word' id='word_1_39' title='bbox 581 1103 732 1160; x_wconf 84' lang='lat' dir='ltr'><strong>salvi</strong></span> <span class='ocrx_word' id='word_1_40' title='bbox 750 1106 925 1160; x_wconf 86' lang='lat' dir='ltr'><strong>ﬁunt.</strong></span> <span class='ocrx_word' id='word_1_41' title='bbox 955 1104 1211 1161; x_wconf 74' lang='lat' dir='ltr'><strong>Oﬁ‘ertur</strong></span> <span class='ocrx_word' id='word_1_42' title='bbox 1230 1105 1491 1177; x_wconf 90' lang='lat' dir='ltr'><strong>denique</strong></span> <span class='ocrx_word' id='word_1_43' title='bbox 1518 1105 1896 1175; x_wconf 89' lang='lat' dir='ltr'><strong>perhostiam</strong></span> <span class='ocrx_word' id='word_1_44' title='bbox 1919 1106 2069 1161; x_wconf 90' lang='lat' dir='ltr'><strong>mire</strong></span> <span class='ocrx_word' id='word_1_45' title='bbox 2094 1120 2232 1160; x_wconf 91' lang='lat' dir='ltr'><strong>con-</strong></span> 
     </span>
    </p>
   </div>
   <div class='ocr_carea' id='block_1_8' title="bbox 581 1194 2233 1267">
    <p class='ocr_par' dir='ltr' id='par_1_8' title="bbox 581 1194 2233 1267">
     <span class='ocr_line' id='line_1_8' title="bbox 581 1194 2233 1267; baseline 0.004 -23"><span class='ocrx_word' id='word_1_46' title='bbox 581 1209 822 1251; x_wconf 85' lang='lat' dir='ltr'><strong>versam</strong></span> <span class='ocrx_word' id='word_1_47' title='bbox 873 1194 934 1250; x_wconf 90' lang='lat' dir='ltr'><strong>in</strong></span> <span class='ocrx_word' id='word_1_48' title='bbox 966 1194 1097 1264; x_wconf 89' lang='lat' dir='ltr'><strong>ejus</strong></span> <span class='ocrx_word' id='word_1_49' title='bbox 1147 1194 1449 1250; x_wconf 86' lang='lat' dir='ltr'><strong>viviﬁcum</strong></span> <span class='ocrx_word' id='word_1_50' title='bbox 1499 1200 1555 1249; x_wconf 89' lang='lat' dir='ltr'><strong>et</strong></span> <span class='ocrx_word' id='word_1_51' title='bbox 1586 1194 1845 1251; x_wconf 83' lang='lat' dir='ltr'><strong>salutare</strong></span> <span class='ocrx_word' id='word_1_52' title='bbox 1898 1211 2118 1267; x_wconf 88' lang='lat' dir='ltr'><strong>corpus</strong></span> <span class='ocrx_word' id='word_1_53' title='bbox 2163 1210 2233 1250; x_wconf 89' lang='lat' dir='ltr'><strong>ac</strong></span> 
     </span>
    </p>
   </div>
   <div class='ocr_carea' id='block_1_9' title="bbox 583 1281 2233 1354">
    <p class='ocr_par' dir='ltr' id='par_1_9' title="bbox 583 1281 2233 1354">
     <span class='ocr_line' id='line_1_9' title="bbox 583 1281 2233 1354; baseline 0.001 -17"><span class='ocrx_word' id='word_1_54' title='bbox 583 1281 964 1351; x_wconf 85' lang='lat' dir='ltr'><strong>sanguinem.</strong></span> <span class='ocrx_word' id='word_1_55' title='bbox 991 1285 1196 1338; x_wconf 83' lang='lat' dir='ltr'>Nonne</span> <span class='ocrx_word' id='word_1_56' title='bbox 1214 1282 1373 1338; x_wconf 92' lang='lat' dir='ltr'><strong>enim</strong></span> <span class='ocrx_word' id='word_1_57' title='bbox 1390 1285 1732 1338; x_wconf 83' lang='lat' dir='ltr'><strong>sacerdotes</strong></span> <span class='ocrx_word' id='word_1_58' title='bbox 1746 1283 1921 1339; x_wconf 87' lang='lat' dir='ltr'><strong>audis</strong></span> <span class='ocrx_word' id='word_1_59' title='bbox 1946 1284 2007 1339; x_wconf 89' lang='lat' dir='ltr'><strong>in</strong></span> <span class='ocrx_word' id='word_1_60' title='bbox 2030 1284 2118 1339; x_wconf 89' lang='lat' dir='ltr'><strong>sin</strong></span> <span class='ocrx_word' id='word_1_61' title='bbox 2127 1299 2233 1354; x_wconf 86' lang='lat' dir='ltr'><strong>gu-</strong></span> 
     </span>
    </p>
   </div>
   <div class='ocr_carea' id='block_1_10' title="bbox 582 1370 1941 1442">
    <p class='ocr_par' dir='ltr' id='par_1_10' title="bbox 582 1370 1941 1442">
     <span class='ocr_line' id='line_1_10' title="bbox 582 1370 1941 1442; baseline -0.001 -14"><span class='ocrx_word' id='word_1_62' title='bbox 582 1370 655 1428; x_wconf 88' lang='lat' dir='ltr'><strong>lis</strong></span> <span class='ocrx_word' id='word_1_63' title='bbox 683 1370 886 1428; x_wconf 88' lang='lat' dir='ltr'><strong>missis</strong></span> <span class='ocrx_word' id='word_1_64' title='bbox 912 1371 1210 1427; x_wconf 81' lang='lat' dir='ltr'><strong>dicentes:</strong></span> <span class='ocrx_word' id='word_1_65' title='bbox 1246 1394 1273 1422; x_wconf 85' lang='lat'>«</span> <span class='ocrx_word' id='word_1_66' title='bbox 1303 1372 1652 1428; x_wconf 90' lang='lat' dir='ltr'><strong>lmmolatur</strong></span> <span class='ocrx_word' id='word_1_67' title='bbox 1682 1376 1891 1442; x_wconf 84' lang='lat' dir='ltr'><strong>Agnus</strong></span> <span class='ocrx_word' id='word_1_68' title='bbox 1913 1372 1941 1426; x_wconf 85' lang='lat'><strong>?</strong></span> 
     </span>
    </p>
   </div>
   <div class='ocr_carea' id='block_1_11' title="bbox 658 1549 2236 1624">
    <p class='ocr_par' dir='ltr' id='par_1_11' title="bbox 658 1549 2236 1624">
     <span class='ocr_line' id='line_1_11' title="bbox 658 1549 2236 1624; baseline -0.001 -17"><span class='ocrx_word' id='word_1_69' title='bbox 658 1551 804 1607; x_wconf 90' lang='lat' dir='ltr'><strong>SOT.</strong></span> <span class='ocrx_word' id='word_1_70' title='bbox 864 1549 1147 1606; x_wconf 65' lang='lat' dir='ltr'><strong>Praeclare</strong></span> <span class='ocrx_word' id='word_1_71' title='bbox 1191 1550 1437 1623; x_wconf 87' lang='lat' dir='ltr'><strong>quidem</strong></span> <span class='ocrx_word' id='word_1_72' title='bbox 1496 1550 1613 1607; x_wconf 92' lang='lat' dir='ltr'><strong>hoc</strong></span> <span class='ocrx_word' id='word_1_73' title='bbox 1659 1552 1738 1607; x_wconf 90' lang='lat' dir='ltr'><strong>ab</strong></span> <span class='ocrx_word' id='word_1_74' title='bbox 1796 1551 1942 1624; x_wconf 90' lang='lat' dir='ltr'><strong>ipsis</strong></span> <span class='ocrx_word' id='word_1_75' title='bbox 2000 1551 2236 1615; x_wconf 90' lang='lat' dir='ltr'><strong>dicitur,</strong></span> 
     </span>
    </p>
   </div>
   <div class='ocr_carea' id='block_1_12' title="bbox 583 1637 2240 1713">
    <p class='ocr_par' dir='ltr' id='par_1_12' title="bbox 583 1637 2240 1713">
     <span class='ocr_line' id='line_1_12' title="bbox 583 1637 2240 1713; baseline 0.001 -19"><span class='ocrx_word' id='word_1_76' title='bbox 583 1637 732 1695; x_wconf 92' lang='lat' dir='ltr'><strong>dum</strong></span> <span class='ocrx_word' id='word_1_77' title='bbox 752 1642 1012 1695; x_wconf 81' lang='lat' dir='ltr'><strong>veterem</strong></span> <span class='ocrx_word' id='word_1_78' title='bbox 1035 1638 1198 1697; x_wconf 89' lang='lat' dir='ltr'><strong>illam</strong></span> <span class='ocrx_word' id='word_1_79' title='bbox 1212 1640 1864 1713; x_wconf 87' lang='lat' dir='ltr'><strong>passionemtanquam</strong></span> <span class='ocrx_word' id='word_1_80' title='bbox 1884 1646 2240 1713; x_wconf 81' lang='lat' dir='ltr'><strong>praesentem</strong></span> 
     </span>
    </p>
   </div>
   <div class='ocr_carea' id='block_1_13' title="bbox 585 1727 2243 1802">
    <p class='ocr_par' dir='ltr' id='par_1_13' title="bbox 585 1727 2243 1802">
     <span class='ocr_line' id='line_1_13' title="bbox 585 1727 2243 1802; baseline 0.001 -19"><span class='ocrx_word' id='word_1_81' title='bbox 585 1727 949 1800; x_wconf 86' lang='lat' dir='ltr'><strong>exprimunt.</strong></span> <span class='ocrx_word' id='word_1_82' title='bbox 975 1728 1149 1794; x_wconf 87' lang='lat' dir='ltr'><strong>Quasi</strong></span> <span class='ocrx_word' id='word_1_83' title='bbox 1181 1728 1343 1784; x_wconf 89' lang='lat' dir='ltr'><strong>enim</strong></span> <span class='ocrx_word' id='word_1_84' title='bbox 1371 1729 1693 1802; x_wconf 72' lang='lat' dir='ltr'><strong>praesentia</strong></span> <span class='ocrx_word' id='word_1_85' title='bbox 1726 1745 1795 1785; x_wconf 89' lang='lat' dir='ltr'><strong>ac</strong></span> <span class='ocrx_word' id='word_1_86' title='bbox 1830 1746 1989 1785; x_wconf 89' lang='lat' dir='ltr'><strong>nova</strong></span> <span class='ocrx_word' id='word_1_87' title='bbox 2011 1730 2243 1801; x_wconf 77' lang='lat' dir='ltr'><strong>peragit</strong></span> 
     </span>
    </p>
   </div>
   <div class='ocr_carea' id='block_1_14' title="bbox 1895 348 2590 412">
    <p class='ocr_par' dir='ltr' id='par_1_14' title="bbox 1895 348 2590 412">
     <span class='ocr_line' id='line_1_14' title="bbox 1895 348 2590 412; baseline -0.003 -1"><span class='ocrx_word' id='word_1_88' title='bbox 1895 356 2162 412; x_wconf 58' lang='lat' dir='ltr'><strong>NICETJE</strong></span> <span class='ocrx_word' id='word_1_89' title='bbox 2207 348 2590 412; x_wconf 63' lang='lat' dir='ltr'><strong>CHONIATJE</strong></span> 
     </span>
    </p>
   </div>
   <div class='ocr_carea' id='block_1_15' title="bbox 574 476 2245 556">
    <p class='ocr_par' dir='ltr' id='par_1_15' title="bbox 574 476 2229 551">
     <span class='ocr_line' id='line_1_15' title="bbox 574 476 2229 551; baseline -0.001 -17"><span class='ocrx_word' id='word_1_90' title='bbox 574 476 744 535; x_wconf 83' lang='lat' dir='ltr'><strong>alibi:</strong></span> <span class='ocrx_word' id='word_1_91' title='bbox 781 477 967 535; x_wconf 75' lang='lat' dir='ltr'><strong>Unica</strong></span> <span class='ocrx_word' id='word_1_92' title='bbox 997 478 1150 534; x_wconf 77' lang='lat' dir='ltr'><strong>enim</strong></span> <span class='ocrx_word' id='word_1_93' title='bbox 1198 479 1498 535; x_wconf 76' lang='lat' dir='ltr'><strong>oblatione</strong></span> <span class='ocrx_word' id='word_1_94' title='bbox 1526 482 1952 535; x_wconf 77' lang='lat' dir='ltr'><strong>consummavit</strong></span> <span class='ocrx_word' id='word_1_95' title='bbox 1978 495 2089 543; x_wconf 78' lang='lat' dir='ltr'><strong>eos,</strong></span> <span class='ocrx_word' id='word_1_96' title='bbox 2124 480 2229 551; x_wconf 79' lang='lat' dir='ltr'><strong>qui</strong></span> 
     </span>
    </p>
   </div>
   <div class='ocr_carea' id='block_1_16' title="bbox 2356 476 3373 556">
    <p class='ocr_par' dir='ltr' id='par_1_16' title="bbox 2356 477 3373 556">
     <span class='ocr_line' id='line_1_16' title="bbox 2356 477 3373 556; baseline 0.008 -27"><span class='ocrx_word' id='word_1_97' title='bbox 2356 479 2515 532; x_wconf 78' lang='grc' dir='ltr'>ἑαυτὸν</span> <span class='ocrx_word' id='word_1_98' title='bbox 2598 477 2889 553; x_wconf 71' lang='grc' dir='ltr'>ἀνενέγκαςο</span> <span class='ocrx_word' id='word_1_99' title='bbox 2955 486 3047 534; x_wconf 85' lang='grc' dir='ltr'><strong>καὶ</strong></span> <span class='ocrx_word' id='word_1_100' title='bbox 3117 479 3373 556; x_wconf 79' lang='grc' dir='ltr'><strong>ἀλλαχοῦ·</strong></span> 
     </span>
    </p>
   </div>
   <div class='ocr_carea' id='block_1_17' title="bbox 3838 362 3949 416">
    <p class='ocr_par' dir='ltr' id='par_1_17' title="bbox 3838 362 3949 416">
     <span class='ocr_line' id='line_1_17' title="bbox 3838 362 3949 416; baseline -0.009 0"><span class='ocrx_word' id='word_1_101' title='bbox 3838 362 3949 416; x_wconf 72' lang='grc'><strong>148</strong></span> 
     </span>
    </p>
   </div>
   <div class='ocr_carea' id='block_1_18' title="bbox 3444 487 3945 559">
    <p class='ocr_par' dir='ltr' id='par_1_18' title="bbox 3444 487 3945 559">
     <span class='ocr_line' id='line_1_18' title="bbox 3444 487 3945 559; baseline -0.006 -19"><span class='ocrx_word' id='word_1_102' title='bbox 3444 488 3556 540; x_wconf 86' lang='grc' dir='ltr'><strong>Μιᾶ</strong></span> <span class='ocrx_word' id='word_1_103' title='bbox 3609 487 3709 559; x_wconf 78' lang='grc' dir='ltr'><strong>γὰρ</strong></span> <span class='ocrx_word' id='word_1_104' title='bbox 3766 503 3945 559; x_wconf 85' lang='grc' dir='ltr'>προσ-</span> 
     </span>
    </p>
   </div>
   <div class='ocr_carea' id='block_1_19' title="bbox 2581 568 2867 623">
    <p class='ocr_par' dir='ltr' id='par_1_19' title="bbox 2581 568 2867 623">
     <span class='ocr_line' id='line_1_19' title="bbox 2581 568 2867 623; baseline 0.007 -2"><span class='ocrx_word' id='word_1_105' title='bbox 2581 568 2867 623; x_wconf 78' lang='grc' dir='ltr'>τετελείωκε</span> 
     </span>
    </p>
   </div>
   <div class='ocr_carea' id='block_1_20' title="bbox 2340 572 3948 646">
    <p class='ocr_par' dir='ltr' id='par_1_20' title="bbox 2340 572 3948 646">
     <span class='ocr_line' id='line_1_20' title="bbox 2340 572 3948 646; baseline 0.004 -26"><span class='ocrx_word' id='word_1_106' title='bbox 2340 574 2473 642; x_wconf 71' lang='grc' dir='ltr'>φορᾷ</span> <span class='ocrx_word' id='word_1_107' title='bbox 2581 572 2867 623; x_wconf 78' lang='grc' dir='ltr'>τετελείωκε</span> <span class='ocrx_word' id='word_1_108' title='bbox 2969 575 3090 632; x_wconf 74' lang='grc' dir='ltr'>τοὺς</span> <span class='ocrx_word' id='word_1_109' title='bbox 3197 572 3609 646; x_wconf 65' lang='grc' dir='ltr'><strong>ἀγωνιζομένους</strong></span> <span class='ocrx_word' id='word_1_110' title='bbox 3711 574 3781 637; x_wconf 87' lang='grc' dir='ltr'>εἰς</span> <span class='ocrx_word' id='word_1_111' title='bbox 3883 577 3948 626; x_wconf 84' lang='grc' dir='ltr'>τὸ</span> 
     </span>
    </p>
   </div>
   <div class='ocr_carea' id='block_1_21' title="bbox 2342 654 3951 735">
    <p class='ocr_par' dir='ltr' id='par_1_21' title="bbox 2342 654 3951 735">
     <span class='ocr_line' id='line_1_21' title="bbox 2342 654 3951 735; baseline 0.004 -26"><span class='ocrx_word' id='word_1_112' title='bbox 2342 654 2597 719; x_wconf 82' lang='grc' dir='ltr'>διηνεκές.</span> <span class='ocrx_word' id='word_1_113' title='bbox 2682 658 2833 710; x_wconf 73' lang='grc' dir='ltr'>Οὕτω</span> <span class='ocrx_word' id='word_1_114' title='bbox 2898 667 2989 711; x_wconf 73' lang='grc' dir='ltr'>τοῦ</span> <span class='ocrx_word' id='word_1_115' title='bbox 3062 659 3385 715; x_wconf 65' lang='grc' dir='ltr'>Ἀποστόλου</span> <span class='ocrx_word' id='word_1_116' title='bbox 3469 662 3724 735; x_wconf 82' lang='grc' dir='ltr'>λέγοντος,</span> <span class='ocrx_word' id='word_1_117' title='bbox 3802 663 3951 724; x_wconf 77' lang='grc' dir='ltr'>ἅπαξ</span> 
     </span>
    </p>
   </div>
   <div class='ocr_carea' id='block_1_22' title="bbox 2341 743 3952 826">
    <p class='ocr_par' dir='ltr' id='par_1_22' title="bbox 2341 743 3952 826">
     <span class='ocr_line' id='line_1_22' title="bbox 2341 743 3952 826; baseline 0.004 -28"><span class='ocrx_word' id='word_1_118' title='bbox 2341 752 2430 799; x_wconf 85' lang='grc' dir='ltr'><strong>καὶ</strong></span> <span class='ocrx_word' id='word_1_119' title='bbox 2486 752 2608 818; x_wconf 85' lang='grc' dir='ltr'>μίαν</span> <span class='ocrx_word' id='word_1_120' title='bbox 2657 743 2786 799; x_wconf 83' lang='grc' dir='ltr'>εἶναι</span> <span class='ocrx_word' id='word_1_121' title='bbox 2835 752 2928 805; x_wconf 76' lang='grc' dir='ltr'>τὴν</span> <span class='ocrx_word' id='word_1_122' title='bbox 2978 748 3165 801; x_wconf 77' lang='grc' dir='ltr'>ἑαυτοῦ</span> <span class='ocrx_word' id='word_1_123' title='bbox 3217 752 3542 826; x_wconf 71' lang='grc' dir='ltr'>προσφορὰν,</span> <span class='ocrx_word' id='word_1_124' title='bbox 3602 754 3667 804; x_wconf 71' lang='grc' dir='ltr'>σὺ</span> <span class='ocrx_word' id='word_1_125' title='bbox 3715 756 3952 825; x_wconf 69' lang='grc' dir='ltr'>προσφέο</span> 
     </span>
    </p>
   </div>
   <div class='ocr_carea' id='block_1_23' title="bbox 2341 834 3257 910">
    <p class='ocr_par' dir='ltr' id='par_1_23' title="bbox 2341 834 3257 910">
     <span class='ocr_line' id='line_1_23' title="bbox 2341 834 3257 910; baseline 0.003 -23"><span class='ocrx_word' id='word_1_126' title='bbox 2341 855 2445 908; x_wconf 86' lang='grc' dir='ltr'>ρειν</span> <span class='ocrx_word' id='word_1_127' title='bbox 2476 836 2654 888; x_wconf 81' lang='grc' dir='ltr'>ἑαυτὸν</span> <span class='ocrx_word' id='word_1_128' title='bbox 2676 834 2791 887; x_wconf 73' lang='grc' dir='ltr'>καθ’</span> <span class='ocrx_word' id='word_1_129' title='bbox 2810 835 3035 894; x_wconf 81' lang='grc' dir='ltr'>ἑκάστην</span> <span class='ocrx_word' id='word_1_130' title='bbox 3055 836 3220 910; x_wconf 80' lang='grc' dir='ltr'>λέγεις</span> <span class='ocrx_word' id='word_1_131' title='bbox 3243 856 3257 907; x_wconf 89' lang='grc'><strong>;</strong></span> 
     </span>
    </p>
   </div>
   <div class='ocr_carea' id='block_1_24' title="bbox 2341 1008 3289 1087">
    <p class='ocr_par' dir='ltr' id='par_1_24' title="bbox 2341 1008 3289 1087">
     <span class='ocr_line' id='line_1_24' title="bbox 2341 1008 3289 1087; baseline 0.005 -23"><span class='ocrx_word' id='word_1_132' title='bbox 2341 1017 2619 1087; x_wconf 69' lang='grc' dir='ltr'>προσφέρει</span> <span class='ocrx_word' id='word_1_133' title='bbox 2678 1008 2738 1066; x_wconf 79' lang='grc' dir='ltr'><strong>δὲ</strong></span> <span class='ocrx_word' id='word_1_134' title='bbox 2786 1019 2875 1067; x_wconf 85' lang='grc' dir='ltr'>καὶ</span> <span class='ocrx_word' id='word_1_135' title='bbox 2917 1023 3004 1067; x_wconf 80' lang='grc' dir='ltr'>νῦν</span> <span class='ocrx_word' id='word_1_136' title='bbox 3052 1019 3173 1080; x_wconf 86' lang='grc' dir='ltr'>τοὺς</span> <span class='ocrx_word' id='word_1_137' title='bbox 3217 1013 3289 1069; x_wconf 80' lang='grc' dir='ltr'><strong>δι’</strong></span> 
     </span>
    </p>
   </div>
   <div class='ocr_carea' id='block_1_25' title="bbox 2640 923 3948 1001">
    <p class='ocr_par' dir='ltr' id='par_1_25' title="bbox 2640 923 3948 1001">
     <span class='ocr_line' id='line_1_25' title="bbox 2640 923 3948 1001; baseline 0.001 -23"><span class='ocrx_word' id='word_1_138' title='bbox 2640 923 2794 978; x_wconf 80' lang='grc' dir='ltr'>Ἀλλὰ</span> <span class='ocrx_word' id='word_1_139' title='bbox 2866 931 3190 1001; x_wconf 76' lang='grc' dir='ltr'><strong>προσήνεγκε</strong></span> <span class='ocrx_word' id='word_1_140' title='bbox 3268 931 3358 1000; x_wconf 75' lang='grc' dir='ltr'><strong>μὲν</strong></span> <span class='ocrx_word' id='word_1_141' title='bbox 3456 927 3638 981; x_wconf 78' lang='grc' dir='ltr'>ἑαυτὸν</span> <span class='ocrx_word' id='word_1_142' title='bbox 3716 927 3948 1000; x_wconf 73' lang='grc' dir='ltr'>ἐφάπαξ,</span> 
     </span>
    </p>
   </div>
   <div class='ocr_carea' id='block_1_26' title="bbox 3372 1016 3957 1090">
    <p class='ocr_par' dir='ltr' id='par_1_26' title="bbox 3372 1016 3957 1090">
     <span class='ocr_line' id='line_1_26' title="bbox 3372 1016 3957 1090; baseline 0 -21"><span class='ocrx_word' id='word_1_143' title='bbox 3372 1017 3533 1070; x_wconf 68' lang='grc' dir='ltr'>αὐτοῦ</span> <span class='ocrx_word' id='word_1_144' title='bbox 3594 1016 3930 1090; x_wconf 77' lang='grc' dir='ltr'><strong>σωζομένους</strong></span> <span class='ocrx_word' id='word_1_145' title='bbox 3942 1060 3957 1075; x_wconf 85' lang='grc'><strong>.</strong></span> 
     </span>
    </p>
   </div>
   <div class='ocr_carea' id='block_1_27' title="bbox 2342 1101 3955 1178">
    <p class='ocr_par' dir='ltr' id='par_1_27' title="bbox 2342 1101 3955 1178">
     <span class='ocr_line' id='line_1_27' title="bbox 2342 1101 3955 1178; baseline 0.004 -26"><span class='ocrx_word' id='word_1_146' title='bbox 2342 1107 2409 1164; x_wconf 81' lang='grc' dir='ltr'>ὡς</span> <span class='ocrx_word' id='word_1_147' title='bbox 2464 1103 2670 1174; x_wconf 66' lang='grc' dir='ltr'>ἔφημεν.</span> <span class='ocrx_word' id='word_1_148' title='bbox 2730 1108 3081 1178; x_wconf 77' lang='grc' dir='ltr'>Προσφέρεται</span> <span class='ocrx_word' id='word_1_149' title='bbox 3146 1101 3205 1157; x_wconf 72' lang='grc' dir='ltr'><strong>δὲ</strong></span> <span class='ocrx_word' id='word_1_150' title='bbox 3258 1102 3349 1158; x_wconf 72' lang='grc' dir='ltr'><strong>διὰ</strong></span> <span class='ocrx_word' id='word_1_151' title='bbox 3410 1115 3502 1167; x_wconf 78' lang='grc' dir='ltr'>τῆς</span> <span class='ocrx_word' id='word_1_152' title='bbox 3550 1106 3617 1167; x_wconf 83' lang='grc' dir='ltr'>εἰς</span> <span class='ocrx_word' id='word_1_153' title='bbox 3678 1109 3736 1158; x_wconf 86' lang='grc' dir='ltr'>τὸ</span> <span class='ocrx_word' id='word_1_154' title='bbox 3785 1105 3955 1158; x_wconf 76' lang='grc' dir='ltr'>αὐτοῦ</span> 
     </span>
    </p>
   </div>
   <div class='ocr_carea' id='block_1_28' title="bbox 2345 1192 3959 1268">
    <p class='ocr_par' dir='ltr' id='par_1_28' title="bbox 2345 1192 3959 1268">
     <span class='ocr_line' id='line_1_28' title="bbox 2345 1192 3959 1268; baseline 0.003 -26"><span class='ocrx_word' id='word_1_155' title='bbox 2345 1194 2600 1251; x_wconf 73' lang='grc' dir='ltr'>ζωοποιόν</span> <span class='ocrx_word' id='word_1_156' title='bbox 2636 1194 2743 1244; x_wconf 77' lang='grc' dir='ltr'>’καὶ</span> <span class='ocrx_word' id='word_1_157' title='bbox 2798 1198 3054 1268; x_wconf 71' lang='grc' dir='ltr'>σωτήριον</span> <span class='ocrx_word' id='word_1_158' title='bbox 3106 1202 3259 1267; x_wconf 80' lang='grc' dir='ltr'>σῶμα</span> <span class='ocrx_word' id='word_1_159' title='bbox 3322 1201 3412 1247; x_wconf 85' lang='grc' dir='ltr'>καὶ</span> <span class='ocrx_word' id='word_1_160' title='bbox 3464 1196 3596 1268; x_wconf 84' lang='grc' dir='ltr'>αἷμα</span> <span class='ocrx_word' id='word_1_161' title='bbox 3635 1192 3959 1267; x_wconf 74' lang='grc' dir='ltr'>μεταϐαλλο-</span> 
     </span>
    </p>
   </div>
   <div class='ocr_carea' id='block_1_29' title="bbox 2345 1282 3955 1357">
    <p class='ocr_par' dir='ltr' id='par_1_29' title="bbox 2345 1282 3955 1357">
     <span class='ocr_line' id='line_1_29' title="bbox 2345 1282 3955 1357; baseline 0.001 -25"><span class='ocrx_word' id='word_1_162' title='bbox 2345 1284 2500 1353; x_wconf 77' lang='grc' dir='ltr'>μένης</span> <span class='ocrx_word' id='word_1_163' title='bbox 2553 1282 2821 1355; x_wconf 69' lang='grc' dir='ltr'>ὑπερφυῶς</span> <span class='ocrx_word' id='word_1_164' title='bbox 2875 1283 3075 1343; x_wconf 82' lang='grc' dir='ltr'>θυσίας·</span> <span class='ocrx_word' id='word_1_165' title='bbox 3136 1283 3289 1335; x_wconf 77' lang='grc' dir='ltr'>Ἀλλὰ</span> <span class='ocrx_word' id='word_1_166' title='bbox 3349 1292 3449 1335; x_wconf 83' lang='grc' dir='ltr'>τῶν</span> <span class='ocrx_word' id='word_1_167' title='bbox 3523 1285 3955 1357; x_wconf 76' lang='grc' dir='ltr'><strong>ἱερουργούντων,</strong></span> 
     </span>
    </p>
   </div>
   <div class='ocr_carea' id='block_1_30' title="bbox 2346 1360 3956 1446">
    <p class='ocr_par' dir='ltr' id='par_1_30' title="bbox 2346 1369 3956 1446">
     <span class='ocr_line' id='line_1_30' title="bbox 2346 1369 3956 1446; baseline 0.001 -25"><span class='ocrx_word' id='word_1_168' title='bbox 2346 1375 2521 1442; x_wconf 72' lang='grc' dir='ltr'>φησίν,</span> <span class='ocrx_word' id='word_1_169' title='bbox 2568 1369 2661 1421; x_wconf 66' lang='grc' dir='ltr'>οὐκ</span> <span class='ocrx_word' id='word_1_170' title='bbox 2709 1369 2899 1431; x_wconf 84' lang='grc' dir='ltr'>ἐπαίεις</span> <span class='ocrx_word' id='word_1_171' title='bbox 2965 1371 3080 1424; x_wconf 84' lang='grc' dir='ltr'>καθ’</span> <span class='ocrx_word' id='word_1_172' title='bbox 3136 1372 3360 1429; x_wconf 79' lang='grc' dir='ltr'>ἑκάστην</span> <span class='ocrx_word' id='word_1_173' title='bbox 3418 1373 3711 1446; x_wconf 74' lang='grc' dir='ltr'><strong>ἱερουργίαν</strong></span> <span class='ocrx_word' id='word_1_174' title='bbox 3763 1370 3956 1444; x_wconf 85' lang='grc' dir='ltr'>λεγόν-</span> 
     </span>
    </p>
   </div>
   <div class='ocr_carea' id='block_1_31' title="bbox 2348 1457 3086 1531">
    <p class='ocr_par' dir='ltr' id='par_1_31' title="bbox 2348 1457 3086 1531">
     <span class='ocr_line' id='line_1_31' title="bbox 2348 1457 3086 1531; baseline 0.005 -22"><span class='ocrx_word' id='word_1_175' title='bbox 2348 1477 2466 1509; x_wconf 82' lang='grc' dir='ltr'>των·</span> <span class='ocrx_word' id='word_1_176' title='bbox 2499 1480 2526 1507; x_wconf 72' lang='grc' dir='ltr'>ι(</span> <span class='ocrx_word' id='word_1_177' title='bbox 2552 1461 2744 1511; x_wconf 79' lang='grc' dir='ltr'>Θύεται</span> <span class='ocrx_word' id='word_1_178' title='bbox 2770 1460 2795 1510; x_wconf 85' lang='grc' dir='ltr'>ὁ</span> <span class='ocrx_word' id='word_1_179' title='bbox 2829 1457 2986 1531; x_wconf 81' lang='grc' dir='ltr'>ἀμνὸς</span> <span class='ocrx_word' id='word_1_180' title='bbox 3010 1477 3022 1527; x_wconf 88' lang='grc'><strong>;</strong></span> <span class='ocrx_word' id='word_1_181' title='bbox 3059 1480 3086 1513; x_wconf 84' lang='grc'><strong>))</strong></span> 
     </span>
    </p>
   </div>
   <div class='ocr_carea' id='block_1_32' title="bbox 2422 1546 3962 1622">
    <p class='ocr_par' dir='ltr' id='par_1_32' title="bbox 2422 1546 3962 1622">
     <span class='ocr_line' id='line_1_32' title="bbox 2422 1546 3962 1622; baseline 0.003 -24"><span class='ocrx_word' id='word_1_182' title='bbox 2422 1553 2566 1604; x_wconf 84' lang='grc' dir='ltr'>ΣΩΤ,</span> <span class='ocrx_word' id='word_1_183' title='bbox 2616 1552 2833 1619; x_wconf 83' lang='grc' dir='ltr'>Λέγεται</span> <span class='ocrx_word' id='word_1_184' title='bbox 2871 1552 2961 1620; x_wconf 72' lang='grc' dir='ltr'><strong>μὲν</strong></span> <span class='ocrx_word' id='word_1_185' title='bbox 3010 1551 3134 1622; x_wconf 77' lang='grc' dir='ltr'>παρ’</span> <span class='ocrx_word' id='word_1_186' title='bbox 3191 1548 3370 1611; x_wconf 63' lang='grc' dir='ltr'>αὐτοῖς</span> <span class='ocrx_word' id='word_1_187' title='bbox 3401 1569 3460 1621; x_wconf 88' lang='grc' dir='ltr'><strong>γε</strong></span> <span class='ocrx_word' id='word_1_188' title='bbox 3507 1557 3663 1602; x_wconf 80' lang='grc' dir='ltr'>τοῦτο</span> <span class='ocrx_word' id='word_1_189' title='bbox 3691 1550 3783 1602; x_wconf 80' lang='grc' dir='ltr'><strong>καὶ</strong></span> <span class='ocrx_word' id='word_1_190' title='bbox 3837 1546 3962 1602; x_wconf 81' lang='grc' dir='ltr'>λίαν</span> 
     </span>
    </p>
   </div>
   <div class='ocr_carea' id='block_1_33' title="bbox 2351 1634 3960 1712">
    <p class='ocr_par' dir='ltr' id='par_1_33' title="bbox 2351 1634 3960 1712">
     <span class='ocr_line' id='line_1_33' title="bbox 2351 1634 3960 1712; baseline 0.002 -25"><span class='ocrx_word' id='word_1_191' title='bbox 2351 1634 2533 1702; x_wconf 84' lang='grc' dir='ltr'>καλῶς,</span> <span class='ocrx_word' id='word_1_192' title='bbox 2594 1640 2651 1688; x_wconf 83' lang='grc' dir='ltr'>τὸ</span> <span class='ocrx_word' id='word_1_193' title='bbox 2703 1640 2820 1688; x_wconf 84' lang='grc' dir='ltr'>τότε</span> <span class='ocrx_word' id='word_1_194' title='bbox 2868 1642 3134 1708; x_wconf 82' lang='grc' dir='ltr'>γενόμενον</span> <span class='ocrx_word' id='word_1_195' title='bbox 3191 1644 3448 1712; x_wconf 73' lang='grc' dir='ltr'>σωτήριον</span> <span class='ocrx_word' id='word_1_196' title='bbox 3508 1634 3680 1701; x_wconf 79' lang='grc' dir='ltr'>πθδος</span> <span class='ocrx_word' id='word_1_197' title='bbox 3707 1636 3960 1691; x_wconf 73' lang='grc' dir='ltr'><strong>τελοῦσιν</strong></span> 
     </span>
    </p>
   </div>
   <div class='ocr_carea' id='block_1_34' title="bbox 2353 1723 3961 1800">
    <p class='ocr_par' dir='ltr' id='par_1_34' title="bbox 2353 1723 3961 1800">
     <span class='ocr_line' id='line_1_34' title="bbox 2353 1723 3961 1800; baseline 0.002 -24"><span class='ocrx_word' id='word_1_198' title='bbox 2353 1727 2422 1786; x_wconf 85' lang='grc' dir='ltr'><strong>ὡς</strong></span> <span class='ocrx_word' id='word_1_199' title='bbox 2482 1723 2715 1786; x_wconf 68' lang='grc' dir='ltr'>ἐνεστώς.</span> <span class='ocrx_word' id='word_1_200' title='bbox 2766 1733 2848 1785; x_wconf 81' lang='grc' dir='ltr'>Ὠς</span> <span class='ocrx_word' id='word_1_201' title='bbox 2906 1723 3159 1779; x_wconf 75' lang='grc' dir='ltr'><strong>ἐνεστῶτα</strong></span> <span class='ocrx_word' id='word_1_202' title='bbox 3210 1729 3311 1800; x_wconf 83' lang='grc' dir='ltr'>γὰρ</span> <span class='ocrx_word' id='word_1_203' title='bbox 3385 1730 3452 1779; x_wconf 84' lang='grc' dir='ltr'><strong>τὰ</strong></span> <span class='ocrx_word' id='word_1_204' title='bbox 3529 1727 3691 1780; x_wconf 90' lang='grc' dir='ltr'>πάλαι</span> <span class='ocrx_word' id='word_1_205' title='bbox 3742 1746 3961 1798; x_wconf 82' lang='grc' dir='ltr'>γεγενη-</span> 
     </span>
    </p>
   </div>
   <div class='ocr_carea' id='block_1_35' title="bbox 584 1812 2245 1891">
    <p class='ocr_par' dir='ltr' id='par_1_35' title="bbox 584 1815 2238 1891">
     <span class='ocr_line' id='line_1_35' title="bbox 584 1815 2238 1891; baseline 0.001 -21"><span class='ocrx_word' id='word_1_206' title='bbox 584 1815 1109 1886; x_wconf 88' lang='lat' dir='ltr'><strong>imaginando,vel</strong></span> <span class='ocrx_word' id='word_1_207' title='bbox 1126 1820 1325 1888; x_wconf 87' lang='lat' dir='ltr'><strong>potius</strong></span> <span class='ocrx_word' id='word_1_208' title='bbox 1344 1818 1836 1889; x_wconf 64' lang='lat' dir='ltr'><strong>repraesentanth</strong></span> <span class='ocrx_word' id='word_1_209' title='bbox 1856 1834 1926 1874; x_wconf 91' lang='lat' dir='ltr'><strong>ea</strong></span> <span class='ocrx_word' id='word_1_210' title='bbox 1942 1835 2078 1891; x_wconf 74' lang='lat' dir='ltr'><strong>quae</strong></span> <span class='ocrx_word' id='word_1_211' title='bbox 2097 1816 2238 1872; x_wconf 87' lang='lat' dir='ltr'><strong>olim</strong></span> 
     </span>
    </p>
   </div>
   <div class='ocr_carea' id='block_1_36' title="bbox 2356 1812 3963 1891">
    <p class='ocr_par' dir='ltr' id='par_1_36' title="bbox 2356 1812 3963 1888">
     <span class='ocr_line' id='line_1_36' title="bbox 2356 1812 3963 1888; baseline 0.003 -24"><span class='ocrx_word' id='word_1_212' title='bbox 2356 1818 2479 1886; x_wconf 83' lang='grc' dir='ltr'>μένα</span> <span class='ocrx_word' id='word_1_213' title='bbox 2546 1817 2766 1876; x_wconf 85' lang='grc' dir='ltr'>καινίζει</span> <span class='ocrx_word' id='word_1_214' title='bbox 2828 1824 3201 1887; x_wconf 43' lang='grc' dir='ltr'>φανταστικὴ,</span> <span class='ocrx_word' id='word_1_215' title='bbox 3267 1819 3295 1874; x_wconf 83' lang='grc' dir='ltr'>ἦ</span> <span class='ocrx_word' id='word_1_216' title='bbox 3375 1812 3563 1888; x_wconf 77' lang='grc' dir='ltr'>μᾶλλον</span> <span class='ocrx_word' id='word_1_217' title='bbox 3612 1816 3768 1869; x_wconf 79' lang='grc' dir='ltr'>εἰπεῖν</span> <span class='ocrx_word' id='word_1_218' title='bbox 3822 1816 3963 1869; x_wconf 81' lang='grc' dir='ltr'>εἰκο-</span> 
     </span>
    </p>
   </div>
   <div class='ocr_carea' id='block_1_37' title="bbox 588 1904 2242 1978">
    <p class='ocr_par' dir='ltr' id='par_1_37' title="bbox 588 1904 2242 1978">
     <span class='ocr_line' id='line_1_37' title="bbox 588 1904 2242 1978; baseline 0 -19"><span class='ocrx_word' id='word_1_219' title='bbox 588 1909 829 1978; x_wconf 89' lang='lat' dir='ltr'><strong>patrata</strong></span> <span class='ocrx_word' id='word_1_220' title='bbox 859 1904 1042 1971; x_wconf 88' lang='lat' dir='ltr'><strong>fuere,</strong></span> <span class='ocrx_word' id='word_1_221' title='bbox 1074 1904 1328 1960; x_wconf 87' lang='lat' dir='ltr'><strong>ritusille</strong></span> <span class='ocrx_word' id='word_1_222' title='bbox 1350 1906 1896 1973; x_wconf 87' lang='lat' dir='ltr'><strong>commemorandi,</strong></span> <span class='ocrx_word' id='word_1_223' title='bbox 1921 1922 2104 1978; x_wconf 87' lang='lat' dir='ltr'><strong>quem</strong></span> <span class='ocrx_word' id='word_1_224' title='bbox 2131 1922 2242 1961; x_wconf 85' lang='lat' dir='ltr'><strong>nos</strong></span> 
     </span>
    </p>
   </div>
   <div class='ocr_carea' id='block_1_38' title="bbox 589 1993 2242 2067">
    <p class='ocr_par' dir='ltr' id='par_1_38' title="bbox 589 1993 2242 2067">
     <span class='ocr_line' id='line_1_38' title="bbox 589 1993 2242 2067; baseline 0.001 -18"><span class='ocrx_word' id='word_1_225' title='bbox 589 1993 907 2050; x_wconf 86' lang='lat' dir='ltr'><strong>observare</strong></span> <span class='ocrx_word' id='word_1_226' title='bbox 941 1995 1217 2051; x_wconf 83' lang='lat' dir='ltr'><strong>Servator</strong></span> <span class='ocrx_word' id='word_1_227' title='bbox 1237 1995 1434 2065; x_wconf 90' lang='lat' dir='ltr'><strong>jussit.</strong></span> <span class='ocrx_word' id='word_1_228' title='bbox 1477 1994 1639 2051; x_wconf 89' lang='lat' dir='ltr'><strong>More</strong></span> <span class='ocrx_word' id='word_1_229' title='bbox 1671 1995 1892 2051; x_wconf 87' lang='lat' dir='ltr'><strong>scilicet</strong></span> <span class='ocrx_word' id='word_1_230' title='bbox 1919 1995 2242 2067; x_wconf 80' lang='lat' dir='ltr'><strong>panegyri-</strong></span> 
     </span>
    </p>
   </div>
   <div class='ocr_carea' id='block_1_39' title="bbox 590 2083 2244 2157">
    <p class='ocr_par' dir='ltr' id='par_1_39' title="bbox 590 2083 2244 2157">
     <span class='ocr_line' id='line_1_39' title="bbox 590 2083 2244 2157; baseline 0.001 -19"><span class='ocrx_word' id='word_1_231' title='bbox 590 2099 799 2138; x_wconf 90' lang='lat' dir='ltr'><strong>carum</strong></span> <span class='ocrx_word' id='word_1_232' title='bbox 821 2084 1187 2152; x_wconf 87' lang='lat' dir='ltr'><strong>orationum,</strong></span> <span class='ocrx_word' id='word_1_233' title='bbox 1218 2083 1439 2156; x_wconf 90' lang='lat' dir='ltr'><strong>quibus</strong></span> <span class='ocrx_word' id='word_1_234' title='bbox 1466 2084 1765 2156; x_wconf 70' lang='lat' dir='ltr'><strong>praeterita</strong></span> <span class='ocrx_word' id='word_1_235' title='bbox 1784 2090 2075 2157; x_wconf 89' lang='lat' dir='ltr'><strong>tanquam</strong></span> <span class='ocrx_word' id='word_1_236' title='bbox 2096 2101 2244 2156; x_wconf 62' lang='lat' dir='ltr'><strong>prae-</strong></span> 
     </span>
    </p>
   </div>
   <div class='ocr_carea' id='block_1_40' title="bbox 592 2172 2246 2247">
    <p class='ocr_par' dir='ltr' id='par_1_40' title="bbox 592 2172 2246 2247">
     <span class='ocr_line' id='line_1_40' title="bbox 592 2172 2246 2247; baseline 0.001 -20"><span class='ocrx_word' id='word_1_237' title='bbox 592 2172 786 2229; x_wconf 88' lang='lat' dir='ltr'><strong>sentia</strong></span> <span class='ocrx_word' id='word_1_238' title='bbox 812 2172 1131 2238; x_wconf 82' lang='lat' dir='ltr'><strong>habentur,</strong></span> <span class='ocrx_word' id='word_1_239' title='bbox 1159 2188 1523 2247; x_wconf 87' lang='lat' dir='ltr'><strong>quocunque</strong></span> <span class='ocrx_word' id='word_1_240' title='bbox 1546 2173 1795 2229; x_wconf 88' lang='lat' dir='ltr'><strong>demum</strong></span> <span class='ocrx_word' id='word_1_241' title='bbox 1826 2174 1919 2229; x_wconf 91' lang='lat' dir='ltr'><strong>die</strong></span> <span class='ocrx_word' id='word_1_242' title='bbox 1970 2173 2246 2229; x_wconf 89' lang='lat' dir='ltr'><strong>solemni-</strong></span> 
     </span>
    </p>
   </div>
   <div class='ocr_carea' id='block_1_41' title="bbox 592 2261 2242 2332">
    <p class='ocr_par' dir='ltr' id='par_1_41' title="bbox 592 2261 2242 2332">
     <span class='ocr_line' id='line_1_41' title="bbox 592 2261 2242 2332; baseline 0.001 -15"><span class='ocrx_word' id='word_1_243' title='bbox 592 2267 683 2318; x_wconf 88' lang='lat' dir='ltr'><strong>tas</strong></span> <span class='ocrx_word' id='word_1_244' title='bbox 716 2261 836 2318; x_wconf 82' lang='lat' dir='ltr'><strong>ﬁat.</strong></span> <span class='ocrx_word' id='word_1_245' title='bbox 871 2263 1015 2319; x_wconf 88' lang='lat' dir='ltr'><strong>Hinc</strong></span> <span class='ocrx_word' id='word_1_246' title='bbox 1052 2261 1186 2317; x_wconf 89' lang='lat' dir='ltr'><strong>illas</strong></span> <span class='ocrx_word' id='word_1_247' title='bbox 1237 2262 1591 2332; x_wconf 87' lang='lat' dir='ltr'><strong>locutiones,</strong></span> <span class='ocrx_word' id='word_1_248' title='bbox 1636 2264 1901 2319; x_wconf 84' lang='lat' dir='ltr'><strong>Christus</strong></span> <span class='ocrx_word' id='word_1_249' title='bbox 1956 2264 2242 2330; x_wconf 89' lang='lat' dir='ltr'><strong>nascitur,</strong></span> 
     </span>
    </p>
   </div>
   <div class='ocr_carea' id='block_1_42' title="bbox 591 2348 2246 2423">
    <p class='ocr_par' dir='ltr' id='par_1_42' title="bbox 591 2348 2246 2423">
     <span class='ocr_line' id='line_1_42' title="bbox 591 2348 2246 2423; baseline 0.001 -18"><span class='ocrx_word' id='word_1_250' title='bbox 591 2348 688 2405; x_wconf 73' lang='lat' dir='ltr'><strong>vel</strong></span> <span class='ocrx_word' id='word_1_251' title='bbox 712 2349 1065 2422; x_wconf 87' lang='lat' dir='ltr'><strong>baptizatur,</strong></span> <span class='ocrx_word' id='word_1_252' title='bbox 1098 2351 1355 2406; x_wconf 88' lang='lat' dir='ltr'><strong>oratorie</strong></span> <span class='ocrx_word' id='word_1_253' title='bbox 1407 2367 1802 2423; x_wconf 86' lang='lat' dir='ltr'><strong>usurpamus.</strong></span> <span class='ocrx_word' id='word_1_254' title='bbox 1858 2352 1950 2407; x_wconf 88' lang='lat' dir='ltr'><strong>Sic</strong></span> <span class='ocrx_word' id='word_1_255' title='bbox 1978 2351 2053 2407; x_wconf 92' lang='lat' dir='ltr'><strong>de</strong></span> <span class='ocrx_word' id='word_1_256' title='bbox 2105 2368 2246 2423; x_wconf 83' lang='lat' dir='ltr'><strong>pas-</strong></span> 
     </span>
    </p>
   </div>
   <div class='ocr_carea' id='block_1_43' title="bbox 595 2437 2245 2512">
    <p class='ocr_par' dir='ltr' id='par_1_43' title="bbox 595 2437 2245 2512">
     <span class='ocr_line' id='line_1_43' title="bbox 595 2437 2245 2512; baseline 0.002 -20"><span class='ocrx_word' id='word_1_257' title='bbox 595 2437 761 2494; x_wconf 88' lang='lat' dir='ltr'><strong>sione</strong></span> <span class='ocrx_word' id='word_1_258' title='bbox 782 2456 1026 2512; x_wconf 89' lang='lat' dir='ltr'><strong>quoque</strong></span> <span class='ocrx_word' id='word_1_259' title='bbox 1048 2439 1357 2495; x_wconf 88' lang='lat' dir='ltr'><strong>Dominica</strong></span> <span class='ocrx_word' id='word_1_260' title='bbox 1388 2439 1552 2511; x_wconf 89' lang='lat' dir='ltr'><strong>loqui</strong></span> <span class='ocrx_word' id='word_1_261' title='bbox 1585 2440 1868 2496; x_wconf 87' lang='lat' dir='ltr'><strong>solemus.</strong></span> <span class='ocrx_word' id='word_1_262' title='bbox 1895 2442 2048 2509; x_wconf 68' lang='lat' dir='ltr'><strong>Haec,</strong></span> <span class='ocrx_word' id='word_1_263' title='bbox 2087 2457 2123 2496; x_wconf 94' lang='lat' dir='ltr'><strong>o</strong></span> <span class='ocrx_word' id='word_1_264' title='bbox 2154 2458 2245 2495; x_wconf 88' lang='lat' dir='ltr'><strong>re-</strong></span> 
     </span>
    </p>
   </div>
   <div class='ocr_carea' id='block_1_44' title="bbox 594 2527 2243 2595">
    <p class='ocr_par' dir='ltr' id='par_1_44' title="bbox 594 2527 2243 2595">
     <span class='ocr_line' id='line_1_44' title="bbox 594 2527 2243 2595; baseline 0.002 -14"><span class='ocrx_word' id='word_1_265' title='bbox 594 2527 856 2584; x_wconf 86' lang='lat' dir='ltr'><strong>verende</strong></span> <span class='ocrx_word' id='word_1_266' title='bbox 880 2528 1024 2584; x_wconf 90' lang='lat' dir='ltr'><strong>mihi</strong></span> <span class='ocrx_word' id='word_1_267' title='bbox 1075 2545 1145 2584; x_wconf 88' lang='lat' dir='ltr'><strong>ac</strong></span> <span class='ocrx_word' id='word_1_268' title='bbox 1172 2527 1542 2595; x_wconf 81' lang='lat' dir='ltr'><strong>dulcissime,</strong></span> <span class='ocrx_word' id='word_1_269' title='bbox 1587 2529 1715 2584; x_wconf 86' lang='lat' dir='ltr'><strong>viro</strong></span> <span class='ocrx_word' id='word_1_270' title='bbox 1746 2528 1824 2583; x_wconf 90' lang='lat' dir='ltr'><strong>illi</strong></span> <span class='ocrx_word' id='word_1_271' title='bbox 1880 2529 2052 2585; x_wconf 87' lang='lat' dir='ltr'><strong>refer.</strong></span> <span class='ocrx_word' id='word_1_272' title='bbox 2085 2532 2151 2584; x_wconf 88' lang='lat' dir='ltr'><strong>Et</strong></span> <span class='ocrx_word' id='word_1_273' title='bbox 2197 2530 2243 2584; x_wconf 90' lang='lat' dir='ltr'><strong>si</strong></span> 
     </span>
    </p>
   </div>
   <div class='ocr_carea' id='block_1_45' title="bbox 594 2614 2245 2690">
    <p class='ocr_par' dir='ltr' id='par_1_45' title="bbox 594 2614 2245 2690">
     <span class='ocr_line' id='line_1_45' title="bbox 594 2614 2245 2690; baseline 0.003 -20"><span class='ocrx_word' id='word_1_274' title='bbox 594 2614 698 2672; x_wconf 88' lang='lat' dir='ltr'><strong>tibi</strong></span> <span class='ocrx_word' id='word_1_275' title='bbox 726 2615 889 2673; x_wconf 90' lang='lat' dir='ltr'><strong>salus</strong></span> <span class='ocrx_word' id='word_1_276' title='bbox 916 2617 1044 2688; x_wconf 89' lang='lat' dir='ltr'><strong>ejus</strong></span> <span class='ocrx_word' id='word_1_277' title='bbox 1075 2615 1243 2673; x_wconf 90' lang='lat' dir='ltr'><strong>cordi</strong></span> <span class='ocrx_word' id='word_1_278' title='bbox 1274 2622 1379 2684; x_wconf 90' lang='lat' dir='ltr'><strong>est,</strong></span> <span class='ocrx_word' id='word_1_279' title='bbox 1401 2624 1465 2674; x_wconf 93' lang='lat' dir='ltr'><strong>ut</strong></span> <span class='ocrx_word' id='word_1_280' title='bbox 1489 2634 1525 2675; x_wconf 90' lang='lat' dir='ltr'><strong>a</strong></span> <span class='ocrx_word' id='word_1_281' title='bbox 1548 2634 1657 2675; x_wconf 91' lang='lat' dir='ltr'><strong>suo</strong></span> <span class='ocrx_word' id='word_1_282' title='bbox 1679 2617 1963 2690; x_wconf 81' lang='lat' dir='ltr'><strong>dogmate</strong></span> <span class='ocrx_word' id='word_1_283' title='bbox 1981 2619 2245 2687; x_wconf 86' lang='lat' dir='ltr'><strong>recedat,</strong></span> 
     </span>
    </p>
   </div>
   <div class='ocr_carea' id='block_1_46' title="bbox 594 2708 809 2763">
    <p class='ocr_par' dir='ltr' id='par_1_46' title="bbox 594 2708 809 2763">
     <span class='ocr_line' id='line_1_46' title="bbox 594 2708 809 2763; baseline 0.019 -4"><span class='ocrx_word' id='word_1_284' title='bbox 594 2708 809 2763; x_wconf 88' lang='lat' dir='ltr'><strong>suade.</strong></span> 
     </span>
    </p>
   </div>
   <div class='ocr_carea' id='block_1_47' title="bbox 665 2796 2246 2863">
    <p class='ocr_par' dir='ltr' id='par_1_47' title="bbox 665 2796 2246 2863">
     <span class='ocr_line' id='line_1_47' title="bbox 665 2796 2246 2863; baseline 0.003 -13"><span class='ocrx_word' id='word_1_285' title='bbox 665 2796 843 2851; x_wconf 87' lang='lat' dir='ltr'><strong>PHlL.</strong></span> <span class='ocrx_word' id='word_1_286' title='bbox 879 2796 1091 2853; x_wconf 90' lang='lat' dir='ltr'><strong>Omitte</strong></span> <span class='ocrx_word' id='word_1_287' title='bbox 1112 2796 1287 2855; x_wconf 82' lang='lat' dir='ltr'><strong>hanc.</strong></span> <span class='ocrx_word' id='word_1_288' title='bbox 1318 2796 1383 2854; x_wconf 61' lang='grc' dir='ltr'><strong>ὀ</strong></span> <span class='ocrx_word' id='word_1_289' title='bbox 1404 2797 1562 2853; x_wconf 92' lang='lat' dir='ltr'><strong>bone</strong></span> <span class='ocrx_word' id='word_1_290' title='bbox 1607 2813 1850 2863; x_wconf 90' lang='lat' dir='ltr'><strong>curam;</strong></span> <span class='ocrx_word' id='word_1_291' title='bbox 1906 2800 2125 2853; x_wconf 85' lang='lat' dir='ltr'><strong>etenim</strong></span> <span class='ocrx_word' id='word_1_292' title='bbox 2171 2813 2246 2854; x_wconf 91' lang='lat' dir='ltr'><strong>ne</strong></span> 
     </span>
    </p>
   </div>
   <div class='ocr_carea' id='block_1_48' title="bbox 591 2881 2246 2958">
    <p class='ocr_par' dir='ltr' id='par_1_48' title="bbox 591 2881 2246 2958">
     <span class='ocr_line' id='line_1_48' title="bbox 591 2881 2246 2958; baseline 0.003 -21"><span class='ocrx_word' id='word_1_293' title='bbox 591 2881 759 2939; x_wconf 91' lang='lat' dir='ltr'><strong>illum</strong></span> <span class='ocrx_word' id='word_1_294' title='bbox 782 2884 1030 2957; x_wconf 89' lang='lat' dir='ltr'><strong>quidem</strong></span> <span class='ocrx_word' id='word_1_295' title='bbox 1072 2885 1299 2942; x_wconf 90' lang='lat' dir='ltr'><strong>diutius</strong></span> <span class='ocrx_word' id='word_1_296' title='bbox 1338 2886 1801 2943; x_wconf 88' lang='lat' dir='ltr'><strong>adversaturum</strong></span> <span class='ocrx_word' id='word_1_297' title='bbox 1850 2885 2087 2958; x_wconf 89' lang='lat' dir='ltr'><strong>opinor,</strong></span> <span class='ocrx_word' id='word_1_298' title='bbox 2137 2886 2246 2942; x_wconf 91' lang='lat' dir='ltr'><strong>sed</strong></span> 
     </span>
    </p>
   </div>
   <div class='ocr_carea' id='block_1_49' title="bbox 590 2971 2241 3046">
    <p class='ocr_par' dir='ltr' id='par_1_49' title="bbox 590 2971 2241 3046">
     <span class='ocr_line' id='line_1_49' title="bbox 590 2971 2241 3046; baseline 0.002 -19"><span class='ocrx_word' id='word_1_299' title='bbox 590 2971 901 3045; x_wconf 88' lang='lat' dir='ltr'><strong>palinodia</strong></span> <span class='ocrx_word' id='word_1_300' title='bbox 930 2975 1132 3046; x_wconf 89' lang='lat' dir='ltr'><strong>potius</strong></span> <span class='ocrx_word' id='word_1_301' title='bbox 1160 2979 1401 3032; x_wconf 88' lang='lat' dir='ltr'><strong>cantata</strong></span> <span class='ocrx_word' id='word_1_302' title='bbox 1444 2975 1803 3031; x_wconf 86' lang='lat' dir='ltr'><strong>sententiam</strong></span> <span class='ocrx_word' id='word_1_303' title='bbox 1846 2979 2241 3042; x_wconf 88' lang='lat' dir='ltr'><strong>mutaturum,</strong></span> 
     </span>
    </p>
   </div>
   <div class='ocr_carea' id='block_1_50' title="bbox 594 3061 2246 3134">
    <p class='ocr_par' dir='ltr' id='par_1_50' title="bbox 594 3061 2246 3134">
     <span class='ocr_line' id='line_1_50' title="bbox 594 3061 2246 3134; baseline 0.001 -17"><span class='ocrx_word' id='word_1_304' title='bbox 594 3062 971 3134; x_wconf 83' lang='lat' dir='ltr'><strong>Quapropter</strong></span> <span class='ocrx_word' id='word_1_305' title='bbox 994 3061 1076 3118; x_wconf 87' lang='lat' dir='ltr'><strong>illi</strong></span> <span class='ocrx_word' id='word_1_306' title='bbox 1113 3063 1554 3134; x_wconf 86' lang='lat' dir='ltr'><strong>ignoscendum</strong></span> <span class='ocrx_word' id='word_1_307' title='bbox 1582 3080 1619 3120; x_wconf 91' lang='lat' dir='ltr'><strong>a</strong></span> <span class='ocrx_word' id='word_1_308' title='bbox 1646 3063 1822 3120; x_wconf 90' lang='lat' dir='ltr'><strong>nobis</strong></span> <span class='ocrx_word' id='word_1_309' title='bbox 1867 3063 2161 3133; x_wconf 78' lang='lat' dir='ltr'><strong>existimo,</strong></span> <span class='ocrx_word' id='word_1_310' title='bbox 2189 3069 2246 3119; x_wconf 91' lang='lat' dir='ltr'><strong>et</strong></span> 
     </span>
    </p>
   </div>
   <div class='ocr_carea' id='block_1_51' title="bbox 599 3134 2327 3220">
    <p class='ocr_par' dir='ltr' id='par_1_51' title="bbox 599 3134 2327 3220">
     <span class='ocr_line' id='line_1_51' title="bbox 599 3134 2327 3220; baseline 0.004 -14"><span class='ocrx_word' id='word_1_311' title='bbox 599 3151 660 3206; x_wconf 85' lang='lat' dir='ltr'><strong>in</strong></span> <span class='ocrx_word' id='word_1_312' title='bbox 692 3150 948 3220; x_wconf 82' lang='lat' dir='ltr'><strong>gratiam</strong></span> <span class='ocrx_word' id='word_1_313' title='bbox 969 3152 1373 3208; x_wconf 87' lang='lat' dir='ltr'><strong>redeundum.</strong></span> <span class='ocrx_word' id='word_1_314' title='bbox 2287 3134 2327 3189; x_wconf 61' lang='grc' dir='ltr'>ί)</span> 
     </span>
    </p>
   </div>
   <div class='ocr_carea' id='block_1_52' title="bbox 668 3239 2249 3313">
    <p class='ocr_par' dir='ltr' id='par_1_52' title="bbox 668 3239 2249 3313">
     <span class='ocr_line' id='line_1_52' title="bbox 668 3239 2249 3313; baseline 0.001 -18"><span class='ocrx_word' id='word_1_315' title='bbox 668 3240 816 3295; x_wconf 90' lang='lat' dir='ltr'><strong>SOT.</strong></span> <span class='ocrx_word' id='word_1_316' title='bbox 849 3241 971 3310; x_wconf 88' lang='lat' dir='ltr'><strong>Ego</strong></span> <span class='ocrx_word' id='word_1_317' title='bbox 1001 3256 1245 3313; x_wconf 88' lang='lat' dir='ltr'><strong>quoque</strong></span> <span class='ocrx_word' id='word_1_318' title='bbox 1296 3240 1422 3311; x_wconf 88' lang='lat' dir='ltr'><strong>tibi,</strong></span> <span class='ocrx_word' id='word_1_319' title='bbox 1469 3239 1822 3307; x_wconf 69' lang='lat' dir='ltr'><strong>clarissrme,</strong></span> <span class='ocrx_word' id='word_1_320' title='bbox 1853 3241 2157 3313; x_wconf 87' lang='lat' dir='ltr'><strong>indulgeo,</strong></span> <span class='ocrx_word' id='word_1_321' title='bbox 2193 3248 2249 3297; x_wconf 89' lang='lat' dir='ltr'><strong>et</strong></span> 
     </span>
    </p>
   </div>
   <div class='ocr_carea' id='block_1_53' title="bbox 593 3325 2249 3402">
    <p class='ocr_par' dir='ltr' id='par_1_53' title="bbox 593 3325 2249 3402">
     <span class='ocr_line' id='line_1_53' title="bbox 593 3325 2249 3402; baseline 0.002 -19"><span class='ocrx_word' id='word_1_322' title='bbox 593 3325 966 3398; x_wconf 88' lang='lat' dir='ltr'><strong>resipiscenti</strong></span> <span class='ocrx_word' id='word_1_323' title='bbox 1024 3327 1335 3384; x_wconf 80' lang='lat' dir='ltr'><strong>dexteram</strong></span> <span class='ocrx_word' id='word_1_324' title='bbox 1392 3329 1662 3399; x_wconf 84' lang='lat' dir='ltr'><strong>porrigo:</strong></span> <span class='ocrx_word' id='word_1_325' title='bbox 1719 3330 2050 3399; x_wconf 72' lang='lat' dir='ltr'><strong>praesertim</strong></span> <span class='ocrx_word' id='word_1_326' title='bbox 2104 3331 2249 3402; x_wconf 89' lang='lat' dir='ltr'><strong>quia</strong></span> 
     </span>
    </p>
   </div>
   <div class='ocr_carea' id='block_1_54' title="bbox 594 3416 2247 3488">
    <p class='ocr_par' dir='ltr' id='par_1_54' title="bbox 594 3416 2247 3488">
     <span class='ocr_line' id='line_1_54' title="bbox 594 3416 2247 3488; baseline 0.003 -17"><span class='ocrx_word' id='word_1_327' title='bbox 594 3416 724 3471; x_wconf 77' lang='lat' dir='ltr'><strong>haec</strong></span> <span class='ocrx_word' id='word_1_328' title='bbox 754 3430 1144 3487; x_wconf 88' lang='lat' dir='ltr'><strong>nequaquam</strong></span> <span class='ocrx_word' id='word_1_329' title='bbox 1172 3432 1241 3472; x_wconf 86' lang='lat' dir='ltr'><strong>ex</strong></span> <span class='ocrx_word' id='word_1_330' title='bbox 1264 3416 1681 3488; x_wconf 64' lang='lat' dir='ltr'><strong>praemeditato</strong></span> <span class='ocrx_word' id='word_1_331' title='bbox 1714 3417 1832 3472; x_wconf 90' lang='lat' dir='ltr'><strong>dici</strong></span> <span class='ocrx_word' id='word_1_332' title='bbox 1884 3418 2098 3486; x_wconf 91' lang='lat' dir='ltr'><strong>solent,</strong></span> <span class='ocrx_word' id='word_1_333' title='bbox 2141 3419 2247 3476; x_wconf 88' lang='lat' dir='ltr'><strong>sed</strong></span> 
     </span>
    </p>
   </div>
   <div class='ocr_carea' id='block_1_55' title="bbox 595 3503 1880 3578">
    <p class='ocr_par' dir='ltr' id='par_1_55' title="bbox 595 3503 1880 3578">
     <span class='ocr_line' id='line_1_55' title="bbox 595 3503 1880 3578; baseline 0.002 -19"><span class='ocrx_word' id='word_1_334' title='bbox 595 3503 773 3577; x_wconf 85' lang='lat' dir='ltr'><strong>quasi</strong></span> <span class='ocrx_word' id='word_1_335' title='bbox 789 3519 861 3559; x_wconf 83' lang='lat' dir='ltr'><strong>ex</strong></span> <span class='ocrx_word' id='word_1_336' title='bbox 881 3504 1142 3576; x_wconf 89' lang='lat' dir='ltr'><strong>abrupto</strong></span> <span class='ocrx_word' id='word_1_337' title='bbox 1171 3503 1557 3578; x_wconf 85' lang='lat' dir='ltr'><strong>loquentibus</strong></span> <span class='ocrx_word' id='word_1_338' title='bbox 1578 3506 1880 3562; x_wconf 82' lang='lat' dir='ltr'><strong>excidunt.</strong></span> 
     </span>
    </p>
   </div>
   <div class='ocr_carea' id='block_1_56' title="bbox 1359 3632 1704 3689">
    <p class='ocr_par' dir='ltr' id='par_1_56' title="bbox 1359 3632 1704 3689">
     <span class='ocr_line' id='line_1_56' title="bbox 1359 3632 1704 3689; baseline -0.009 -2"><span class='ocrx_word' id='word_1_339' title='bbox 1359 3632 1704 3689; x_wconf 83' lang='lat' dir='ltr'><strong>SYNODUS.</strong></span> 
     </span>
    </p>
   </div>
   <div class='ocr_carea' id='block_1_57' title="bbox 670 3754 2251 3832">
    <p class='ocr_par' dir='ltr' id='par_1_57' title="bbox 670 3754 2251 3832">
     <span class='ocr_line' id='line_1_57' title="bbox 670 3754 2251 3832; baseline 0.003 -21"><span class='ocrx_word' id='word_1_340' title='bbox 670 3754 1150 3811; x_wconf 87' lang='lat' dir='ltr'><strong>Commentarius</strong></span> <span class='ocrx_word' id='word_1_341' title='bbox 1173 3772 1354 3829; x_wconf 88' lang='lat' dir='ltr'><strong>super</strong></span> <span class='ocrx_word' id='word_1_342' title='bbox 1395 3759 1729 3830; x_wconf 73' lang='lat' dir='ltr'><strong>quaestione</strong></span> <span class='ocrx_word' id='word_1_343' title='bbox 1761 3774 1897 3832; x_wconf 72' lang='lat' dir='ltr'><strong>quae</strong></span> <span class='ocrx_word' id='word_1_344' title='bbox 1936 3762 2251 3832; x_wconf 85' lang='lat' dir='ltr'><strong>proposita</strong></span> 
     </span>
    </p>
   </div>
   <div class='ocr_carea' id='block_1_58' title="bbox 597 3840 2249 3918">
    <p class='ocr_par' dir='ltr' id='par_1_58' title="bbox 597 3840 2249 3918">
     <span class='ocr_line' id='line_1_58' title="bbox 597 3840 2249 3918; baseline 0.004 -20"><span class='ocrx_word' id='word_1_345' title='bbox 597 3842 706 3899; x_wconf 88' lang='lat' dir='ltr'><strong>fuit</strong></span> <span class='ocrx_word' id='word_1_346' title='bbox 760 3843 822 3899; x_wconf 90' lang='lat' dir='ltr'><strong>in</strong></span> <span class='ocrx_word' id='word_1_347' title='bbox 854 3840 995 3900; x_wconf 86' lang='lat' dir='ltr'><strong>aula</strong></span> <span class='ocrx_word' id='word_1_348' title='bbox 1025 3845 1429 3916; x_wconf 87' lang='lat' dir='ltr'><strong>patriarchali,</strong></span> <span class='ocrx_word' id='word_1_349' title='bbox 1472 3849 1851 3918; x_wconf 82' lang='lat' dir='ltr'><strong>congregatis</strong></span> <span class='ocrx_word' id='word_1_350' title='bbox 1904 3848 1984 3904; x_wconf 87' lang='lat' dir='ltr'><strong>ibi</strong></span> <span class='ocrx_word' id='word_1_351' title='bbox 2044 3849 2249 3904; x_wconf 84' lang='lat' dir='ltr'><strong>multis</strong></span> 
     </span>
    </p>
   </div>
   <div class='ocr_carea' id='block_1_59' title="bbox 597 3931 2250 4009">
    <p class='ocr_par' dir='ltr' id='par_1_59' title="bbox 597 3931 2250 4009">
     <span class='ocr_line' id='line_1_59' title="bbox 597 3931 2250 4009; baseline 0.003 -21"><span class='ocrx_word' id='word_1_352' title='bbox 597 3931 918 4005; x_wconf 86' lang='lat' dir='ltr'><strong>episcopis,</strong></span> <span class='ocrx_word' id='word_1_353' title='bbox 942 3938 1092 3990; x_wconf 84' lang='lat' dir='ltr'><strong>etex</strong></span> <span class='ocrx_word' id='word_1_354' title='bbox 1115 3940 1324 3992; x_wconf 91' lang='lat' dir='ltr'><strong>senatu</strong></span> <span class='ocrx_word' id='word_1_355' title='bbox 1359 3952 1484 3991; x_wconf 91' lang='lat' dir='ltr'><strong>non</strong></span> <span class='ocrx_word' id='word_1_356' title='bbox 1515 3938 1745 4009; x_wconf 87' lang='lat' dir='ltr'><strong>paucis,</strong></span> <span class='ocrx_word' id='word_1_357' title='bbox 1793 3938 1898 4007; x_wconf 85' lang='lat' dir='ltr'><strong>qui</strong></span> <span class='ocrx_word' id='word_1_358' title='bbox 1944 3954 2156 3993; x_wconf 86' lang='lat' dir='ltr'><strong>omnes</strong></span> <span class='ocrx_word' id='word_1_359' title='bbox 2190 3937 2250 3993; x_wconf 91' lang='lat' dir='ltr'><strong>in</strong></span> 
     </span>
    </p>
   </div>
   <div class='ocr_carea' id='block_1_60' title="bbox 593 4019 2246 4093">
    <p class='ocr_par' dir='ltr' id='par_1_60' title="bbox 593 4019 2246 4093">
     <span class='ocr_line' id='line_1_60' title="bbox 593 4019 2246 4093; baseline 0.002 -16"><span class='ocrx_word' id='word_1_360' title='bbox 593 4019 711 4077; x_wconf 88' lang='lat' dir='ltr'><strong>hac</strong></span> <span class='ocrx_word' id='word_1_361' title='bbox 762 4021 1101 4079; x_wconf 83' lang='lat' dir='ltr'><strong>orthodoxa</strong></span> <span class='ocrx_word' id='word_1_362' title='bbox 1155 4024 1447 4080; x_wconf 87' lang='lat' dir='ltr'><strong>sententia</strong></span> <span class='ocrx_word' id='word_1_363' title='bbox 1485 4041 1603 4079; x_wconf 89' lang='lat' dir='ltr'><strong>uno</strong></span> <span class='ocrx_word' id='word_1_364' title='bbox 1644 4041 1746 4081; x_wconf 90' lang='lat' dir='ltr'><strong>ore</strong></span> <span class='ocrx_word' id='word_1_365' title='bbox 1788 4034 2246 4093; x_wconf 83' lang='lat' dir='ltr'><strong>consenserunt,</strong></span> 
     </span>
    </p>
   </div>
   <div class='ocr_carea' id='block_1_61' title="bbox 595 4108 2251 4184">
    <p class='ocr_par' dir='ltr' id='par_1_61' title="bbox 595 4108 2251 4184">
     <span class='ocr_line' id='line_1_61' title="bbox 595 4108 2251 4184; baseline 0.002 -20"><span class='ocrx_word' id='word_1_366' title='bbox 595 4108 765 4182; x_wconf 88' lang='lat' dir='ltr'><strong>quod</strong></span> <span class='ocrx_word' id='word_1_367' title='bbox 794 4125 917 4165; x_wconf 91' lang='lat' dir='ltr'><strong>non</strong></span> <span class='ocrx_word' id='word_1_368' title='bbox 945 4110 1101 4166; x_wconf 86' lang='lat' dir='ltr'><strong>Patri</strong></span> <span class='ocrx_word' id='word_1_369' title='bbox 1135 4111 1353 4176; x_wconf 88' lang='lat' dir='ltr'><strong>solum,</strong></span> <span class='ocrx_word' id='word_1_370' title='bbox 1394 4129 1597 4167; x_wconf 72' lang='lat' dir='ltr'><strong>verum</strong></span> <span class='ocrx_word' id='word_1_371' title='bbox 1628 4113 1805 4168; x_wconf 88' lang='lat' dir='ltr'><strong>etiam</strong></span> <span class='ocrx_word' id='word_1_372' title='bbox 1850 4113 1991 4168; x_wconf 83' lang='lat' dir='ltr'><strong>Filio</strong></span> <span class='ocrx_word' id='word_1_373' title='bbox 2025 4130 2090 4168; x_wconf 87' lang='lat' dir='ltr'><strong>ac</strong></span> <span class='ocrx_word' id='word_1_374' title='bbox 2125 4114 2251 4184; x_wconf 78' lang='lat' dir='ltr'><strong>Spi-</strong></span> 
     </span>
    </p>
   </div>
   <div class='ocr_carea' id='block_1_62' title="bbox 594 4197 2249 4274">
    <p class='ocr_par' dir='ltr' id='par_1_62' title="bbox 594 4197 2249 4274">
     <span class='ocr_line' id='line_1_62' title="bbox 594 4197 2249 4274; baseline 0.002 -22"><span class='ocrx_word' id='word_1_375' title='bbox 594 4197 730 4252; x_wconf 86' lang='lat' dir='ltr'><strong>ritui</strong></span> <span class='ocrx_word' id='word_1_376' title='bbox 763 4204 991 4264; x_wconf 92' lang='lat' dir='ltr'><strong>sancto,</strong></span> <span class='ocrx_word' id='word_1_377' title='bbox 1024 4199 1129 4254; x_wconf 86' lang='lat' dir='ltr'><strong>uni</strong></span> <span class='ocrx_word' id='word_1_378' title='bbox 1162 4200 1382 4256; x_wconf 80' lang='lat' dir='ltr'><strong>scilicet</strong></span> <span class='ocrx_word' id='word_1_379' title='bbox 1412 4201 1640 4266; x_wconf 89' lang='lat' dir='ltr'><strong>Deitati,</strong></span> <span class='ocrx_word' id='word_1_380' title='bbox 1694 4201 1988 4274; x_wconf 84' lang='lat' dir='ltr'><strong>pretiosus</strong></span> <span class='ocrx_word' id='word_1_381' title='bbox 2043 4202 2249 4271; x_wconf 82' lang='lat' dir='ltr'><strong>Unige-</strong></span> 
     </span>
    </p>
   </div>
   <div class='ocr_carea' id='block_1_63' title="bbox 597 4285 1463 4356">
    <p class='ocr_par' dir='ltr' id='par_1_63' title="bbox 597 4285 1463 4356">
     <span class='ocr_line' id='line_1_63' title="bbox 597 4285 1463 4356; baseline 0.005 -16"><span class='ocrx_word' id='word_1_382' title='bbox 597 4285 708 4341; x_wconf 81' lang='lat' dir='ltr'><strong>niti</strong></span> <span class='ocrx_word' id='word_1_383' title='bbox 733 4287 981 4356; x_wconf 89' lang='lat' dir='ltr'><strong>sanguis</strong></span> <span class='ocrx_word' id='word_1_384' title='bbox 1004 4286 1177 4344; x_wconf 88' lang='lat' dir='ltr'><strong>fuerit</strong></span> <span class='ocrx_word' id='word_1_385' title='bbox 1201 4288 1463 4346; x_wconf 88' lang='lat' dir='ltr'><strong>oblatus.</strong></span> 
     </span>
    </p>
   </div>
   <div class='ocr_carea' id='block_1_64' title="bbox 669 4371 2245 4450">
    <p class='ocr_par' dir='ltr' id='par_1_64' title="bbox 669 4376 2245 4447">
     <span class='ocr_line' id='line_1_64' title="bbox 669 4376 2245 4447; baseline 0.002 -14"><span class='ocrx_word' id='word_1_386' title='bbox 669 4376 885 4433; x_wconf 86' lang='lat' dir='ltr'><strong>Mensis</strong></span> <span class='ocrx_word' id='word_1_387' title='bbox 911 4379 1178 4434; x_wconf 83' lang='lat' dir='ltr'><strong>Januarii</strong></span> <span class='ocrx_word' id='word_1_388' title='bbox 1234 4380 1331 4436; x_wconf 92' lang='lat' dir='ltr'><strong>die</strong></span> <span class='ocrx_word' id='word_1_389' title='bbox 1368 4379 1658 4436; x_wconf 78' lang='lat' dir='ltr'><strong>vicesima</strong></span> <span class='ocrx_word' id='word_1_390' title='bbox 1705 4385 1892 4447; x_wconf 80' lang='lat' dir='ltr'><strong>sexta,</strong></span> <span class='ocrx_word' id='word_1_391' title='bbox 1926 4379 2245 4436; x_wconf 86' lang='lat' dir='ltr'><strong>indictione</strong></span> 
     </span>
    </p>
   </div>
   <div class='ocr_carea' id='block_1_65' title="bbox 2356 4371 3978 4450">
    <p class='ocr_par' dir='ltr' id='par_1_65' title="bbox 2434 4371 3978 4450">
     <span class='ocr_line' id='line_1_65' title="bbox 2434 4371 3978 4450; baseline -0.008 -19"><span class='ocrx_word' id='word_1_392' title='bbox 2434 4382 2574 4435; x_wconf 85' lang='grc' dir='ltr'>Μηνί</span> <span class='ocrx_word' id='word_1_393' title='bbox 2620 4376 2938 4447; x_wconf 81' lang='grc' dir='ltr'>Ἰανουαρίῳ,</span> <span class='ocrx_word' id='word_1_394' title='bbox 3007 4374 3090 4439; x_wconf 63' lang='lat' dir='ltr'><strong>xg&#39;</strong></span> <span class='ocrx_word' id='word_1_395' title='bbox 3135 4378 3324 4448; x_wconf 77' lang='grc' dir='ltr'>ἡμέρᾳ,</span> <span class='ocrx_word' id='word_1_396' title='bbox 3361 4371 3651 4426; x_wconf 68' lang='grc' dir='ltr'>ἰνδικτιῶνι</span> <span class='ocrx_word' id='word_1_397' title='bbox 3705 4372 3771 4443; x_wconf 85' lang='grc' dir='ltr'><strong>δ’,</strong></span> <span class='ocrx_word' id='word_1_398' title='bbox 3830 4392 3978 4450; x_wconf 81' lang='grc' dir='ltr'>προ..</span> 
     </span>
    </p>
   </div>
   <div class='ocr_carea' id='block_1_66' title="bbox 597 4460 2245 4540">
    <p class='ocr_par' dir='ltr' id='par_1_66' title="bbox 597 4468 2245 4540">
     <span class='ocr_line' id='line_1_66' title="bbox 597 4468 2245 4540; baseline 0.003 -19"><span class='ocrx_word' id='word_1_399' title='bbox 597 4471 837 4538; x_wconf 89' lang='lat' dir='ltr'><strong>quarta,</strong></span> <span class='ocrx_word' id='word_1_400' title='bbox 869 4468 1229 4540; x_wconf 72' lang='lat' dir='ltr'><strong>prtesidente</strong></span> <span class='ocrx_word' id='word_1_401' title='bbox 1253 4469 1635 4525; x_wconf 86' lang='lat' dir='ltr'><strong>sanctissimo</strong></span> <span class='ocrx_word' id='word_1_402' title='bbox 1684 4469 1933 4524; x_wconf 82' lang='lat' dir='ltr'><strong>domino</strong></span> <span class='ocrx_word' id='word_1_403' title='bbox 1960 4476 2168 4525; x_wconf 80' lang='lat' dir='ltr'><strong>nostro</strong></span> <span class='ocrx_word' id='word_1_404' title='bbox 2199 4476 2245 4526; x_wconf 83' lang='lat' dir='ltr'><strong>et</strong></span> 
     </span>
    </p>
   </div>
   <div class='ocr_carea' id='block_1_67' title="bbox 2356 4460 3978 4540">
    <p class='ocr_par' dir='ltr' id='par_1_67' title="bbox 2362 4460 3978 4539">
     <span class='ocr_line' id='line_1_67' title="bbox 2362 4460 3978 4539; baseline 0 -20"><span class='ocrx_word' id='word_1_405' title='bbox 2362 4469 2656 4539; x_wconf 77' lang='grc' dir='ltr'>καθημένου</span> <span class='ocrx_word' id='word_1_406' title='bbox 2695 4475 2789 4519; x_wconf 83' lang='grc' dir='ltr'>τοῦ</span> <span class='ocrx_word' id='word_1_407' title='bbox 2845 4466 3136 4537; x_wconf 85' lang='grc' dir='ltr'>ἁγιωτάτου</span> <span class='ocrx_word' id='word_1_408' title='bbox 3180 4467 3327 4537; x_wconf 78' lang='grc' dir='ltr'>ἡμῶν</span> <span class='ocrx_word' id='word_1_409' title='bbox 3356 4460 3619 4517; x_wconf 80' lang='grc' dir='ltr'>δεσπότου</span> <span class='ocrx_word' id='word_1_410' title='bbox 3653 4469 3744 4517; x_wconf 87' lang='grc' dir='ltr'><strong>καὶ</strong></span> <span class='ocrx_word' id='word_1_411' title='bbox 3790 4462 3978 4519; x_wconf 81' lang='grc' dir='ltr'>οἰκου-</span> 
     </span>
    </p>
   </div>
   <div class='ocr_carea' id='block_1_68' title="bbox 599 4556 2253 4628">
    <p class='ocr_par' dir='ltr' id='par_1_68' title="bbox 599 4556 2253 4628">
     <span class='ocr_line' id='line_1_68' title="bbox 599 4556 2253 4628; baseline 0.003 -19"><span class='ocrx_word' id='word_1_412' title='bbox 599 4556 974 4613; x_wconf 70' lang='lat' dir='ltr'><strong>meumenico</strong></span> <span class='ocrx_word' id='word_1_413' title='bbox 994 4557 1338 4628; x_wconf 87' lang='lat' dir='ltr'><strong>patriarcha</strong></span> <span class='ocrx_word' id='word_1_414' title='bbox 1385 4557 1988 4628; x_wconf 86' lang='lat' dir='ltr'><strong>Constantinopoleos</strong></span> <span class='ocrx_word' id='word_1_415' title='bbox 2036 4557 2095 4613; x_wconf 90' lang='lat' dir='ltr'><strong>in</strong></span> <span class='ocrx_word' id='word_1_416' title='bbox 2124 4560 2253 4614; x_wconf 75' lang='lat' dir='ltr'><strong>aede</strong></span> 
     </span>
    </p>
   </div>
   <div class='ocr_carea' id='block_1_69' title="bbox 599 4642 2253 4715">
    <p class='ocr_par' dir='ltr' id='par_1_69' title="bbox 599 4642 2253 4715">
     <span class='ocr_line' id='line_1_69' title="bbox 599 4642 2253 4715; baseline 0.003 -17"><span class='ocrx_word' id='word_1_417' title='bbox 599 4642 740 4698; x_wconf 89' lang='lat' dir='ltr'><strong>divo</strong></span> <span class='ocrx_word' id='word_1_418' title='bbox 765 4643 1002 4699; x_wconf 68' lang='lat' dir='ltr'><strong>Thomas</strong></span> <span class='ocrx_word' id='word_1_419' title='bbox 1023 4660 1215 4715; x_wconf 80' lang='lat' dir='ltr'><strong>sacra,</strong></span> <span class='ocrx_word' id='word_1_420' title='bbox 1242 4645 1600 4711; x_wconf 81' lang='lat' dir='ltr'><strong>suﬂ‘ragium</strong></span> <span class='ocrx_word' id='word_1_421' title='bbox 1622 4662 1738 4700; x_wconf 84' lang='lat' dir='ltr'><strong>una</strong></span> <span class='ocrx_word' id='word_1_422' title='bbox 1770 4645 1995 4700; x_wconf 84' lang='lat' dir='ltr'><strong>ferente</strong></span> <span class='ocrx_word' id='word_1_423' title='bbox 2013 4646 2253 4703; x_wconf 86' lang='lat' dir='ltr'><strong>Nicolao</strong></span> 
     </span>
    </p>
   </div>
   <div class='ocr_carea' id='block_1_70' title="bbox 597 4729 2252 4807">
    <p class='ocr_par' dir='ltr' id='par_1_70' title="bbox 597 4729 2252 4807">
     <span class='ocr_line' id='line_1_70' title="bbox 597 4729 2252 4807; baseline 0.004 -23"><span class='ocrx_word' id='word_1_424' title='bbox 597 4729 1001 4787; x_wconf 87' lang='lat' dir='ltr'><strong>sacratissimo</strong></span> <span class='ocrx_word' id='word_1_425' title='bbox 1016 4730 1569 4804; x_wconf 86' lang='lat' dir='ltr'><strong>Hierosolymorum</strong></span> <span class='ocrx_word' id='word_1_426' title='bbox 1596 4734 1961 4805; x_wconf 83' lang='lat' dir='ltr'><strong>patriarcha,</strong></span> <span class='ocrx_word' id='word_1_427' title='bbox 1992 4751 2252 4807; x_wconf 67' lang='lat' dir='ltr'><strong>praesen-</strong></span> 
     </span>
    </p>
   </div>
   <div class='ocr_carea' id='block_1_71' title="bbox 596 4818 2256 4893">
    <p class='ocr_par' dir='ltr' id='par_1_71' title="bbox 596 4818 2256 4893">
     <span class='ocr_line' id='line_1_71' title="bbox 596 4818 2256 4893; baseline 0.003 -18"><span class='ocrx_word' id='word_1_428' title='bbox 596 4818 757 4875; x_wconf 84' lang='lat' dir='ltr'><strong>tibus</strong></span> <span class='ocrx_word' id='word_1_429' title='bbox 783 4818 1147 4892; x_wconf 90' lang='lat' dir='ltr'><strong>pansebasto</strong></span> <span class='ocrx_word' id='word_1_430' title='bbox 1179 4820 1422 4877; x_wconf 88' lang='lat' dir='ltr'><strong>sebasto</strong></span> <span class='ocrx_word' id='word_1_431' title='bbox 1453 4824 1508 4877; x_wconf 89' lang='lat' dir='ltr'><strong>et</strong></span> <span class='ocrx_word' id='word_1_432' title='bbox 1531 4838 1754 4891; x_wconf 84' lang='lat' dir='ltr'><strong>magno</strong></span> <span class='ocrx_word' id='word_1_433' title='bbox 1777 4823 2109 4893; x_wconf 83' lang='lat' dir='ltr'><strong>drungario</strong></span> <span class='ocrx_word' id='word_1_434' title='bbox 2154 4824 2256 4880; x_wconf 86' lang='lat' dir='ltr'><strong>do-</strong></span> 
     </span>
    </p>
   </div>
   <div class='ocr_carea' id='block_1_72' title="bbox 598 4910 2259 4986">
    <p class='ocr_par' dir='ltr' id='par_1_72' title="bbox 598 4910 2259 4986">
     <span class='ocr_line' id='line_1_72' title="bbox 598 4910 2259 4986; baseline 0.002 -19"><span class='ocrx_word' id='word_1_435' title='bbox 598 4910 765 4968; x_wconf 90' lang='lat' dir='ltr'><strong>mino</strong></span> <span class='ocrx_word' id='word_1_436' title='bbox 797 4912 1119 4984; x_wconf 87' lang='lat' dir='ltr'><strong>Stephano,</strong></span> <span class='ocrx_word' id='word_1_437' title='bbox 1144 4912 1577 4983; x_wconf 84' lang='lat' dir='ltr'><strong>gloriosissimo</strong></span> <span class='ocrx_word' id='word_1_438' title='bbox 1599 4918 1655 4969; x_wconf 90' lang='lat' dir='ltr'><strong>et</strong></span> <span class='ocrx_word' id='word_1_439' title='bbox 1676 4930 1901 4986; x_wconf 83' lang='lat' dir='ltr'><strong>magno</strong></span> <span class='ocrx_word' id='word_1_440' title='bbox 1952 4915 2259 4986; x_wconf 85' lang='lat' dir='ltr'><strong>logotheta</strong></span> 
     </span>
    </p>
   </div>
   <div class='ocr_carea' id='block_1_73' title="bbox 597 5000 2256 5071">
    <p class='ocr_par' dir='ltr' id='par_1_73' title="bbox 597 5000 2256 5071">
     <span class='ocr_line' id='line_1_73' title="bbox 597 5000 2256 5071; baseline 0.003 -17"><span class='ocrx_word' id='word_1_441' title='bbox 597 5000 856 5057; x_wconf 90' lang='lat' dir='ltr'><strong>domino</strong></span> <span class='ocrx_word' id='word_1_442' title='bbox 885 5003 1133 5071; x_wconf 79' lang='lat' dir='ltr'><strong>Joanne,</strong></span> <span class='ocrx_word' id='word_1_443' title='bbox 1166 5001 1570 5058; x_wconf 89' lang='lat' dir='ltr'><strong>illustrissimo</strong></span> <span class='ocrx_word' id='word_1_444' title='bbox 1615 5019 1651 5057; x_wconf 90' lang='lat' dir='ltr'><strong>a</strong></span> <span class='ocrx_word' id='word_1_445' title='bbox 1711 5006 1950 5059; x_wconf 87' lang='lat' dir='ltr'><strong>secretis</strong></span> <span class='ocrx_word' id='word_1_446' title='bbox 2007 5005 2256 5059; x_wconf 88' lang='lat' dir='ltr'><strong>domino</strong></span> 
     </span>
    </p>
   </div>
   <div class='ocr_carea' id='block_1_74' title="bbox 601 5087 2255 5165">
    <p class='ocr_par' dir='ltr' id='par_1_74' title="bbox 601 5087 2255 5165">
     <span class='ocr_line' id='line_1_74' title="bbox 601 5087 2255 5165; baseline 0.002 -21"><span class='ocrx_word' id='word_1_447' title='bbox 601 5087 845 5145; x_wconf 84' lang='lat' dir='ltr'><strong>Nicolao</strong></span> <span class='ocrx_word' id='word_1_448' title='bbox 871 5092 1122 5150; x_wconf 88' lang='lat' dir='ltr'><strong>Zonara,</strong></span> <span class='ocrx_word' id='word_1_449' title='bbox 1148 5088 1547 5146; x_wconf 83' lang='lat' dir='ltr'><strong>illustrissimo</strong></span> <span class='ocrx_word' id='word_1_450' title='bbox 1586 5093 2035 5165; x_wconf 78' lang='lat' dir='ltr'><strong>nomophylace</strong></span> <span class='ocrx_word' id='word_1_451' title='bbox 2068 5098 2123 5148; x_wconf 89' lang='lat' dir='ltr'><strong>et</strong></span> <span class='ocrx_word' id='word_1_452' title='bbox 2153 5094 2255 5148; x_wconf 88' lang='lat' dir='ltr'><strong>do-</strong></span> 
     </span>
    </p>
   </div>
   <div class='ocr_carea' id='block_1_75' title="bbox 597 5178 2255 5250">
    <p class='ocr_par' dir='ltr' id='par_1_75' title="bbox 597 5178 2255 5250">
     <span class='ocr_line' id='line_1_75' title="bbox 597 5178 2255 5250; baseline 0.004 -19"><span class='ocrx_word' id='word_1_453' title='bbox 597 5179 856 5232; x_wconf 86' lang='lat' dir='ltr'><strong>mesticis</strong></span> <span class='ocrx_word' id='word_1_454' title='bbox 882 5178 1214 5250; x_wconf 68' lang='lat' dir='ltr'><strong>praeposito</strong></span> <span class='ocrx_word' id='word_1_455' title='bbox 1237 5178 1486 5235; x_wconf 89' lang='lat' dir='ltr'><strong>domino</strong></span> <span class='ocrx_word' id='word_1_456' title='bbox 1523 5180 1835 5237; x_wconf 89' lang='lat' dir='ltr'><strong>Theodoro</strong></span> <span class='ocrx_word' id='word_1_457' title='bbox 1872 5183 2212 5238; x_wconf 85' lang='lat' dir='ltr'><strong>Pantechne</strong></span> <span class='ocrx_word' id='word_1_458' title='bbox 2240 5198 2255 5248; x_wconf 88' lang='lat'><strong>;</strong></span> 
     </span>
    </p>
   </div>
   <div class='ocr_carea' id='block_1_76' title="bbox 596 5264 2255 5343">
    <p class='ocr_par' dir='ltr' id='par_1_76' title="bbox 596 5264 2255 5343">
     <span class='ocr_line' id='line_1_76' title="bbox 596 5264 2255 5343; baseline 0.004 -24"><span class='ocrx_word' id='word_1_459' title='bbox 596 5264 1050 5320; x_wconf 87' lang='lat' dir='ltr'><strong>considentibus</strong></span> <span class='ocrx_word' id='word_1_460' title='bbox 1063 5266 1247 5322; x_wconf 89' lang='lat' dir='ltr'><strong>etiam</strong></span> <span class='ocrx_word' id='word_1_461' title='bbox 1262 5267 1682 5324; x_wconf 85' lang='lat' dir='ltr'><strong>sacratissimis</strong></span> <span class='ocrx_word' id='word_1_462' title='bbox 1699 5271 1997 5343; x_wconf 89' lang='lat' dir='ltr'><strong>episcopis</strong></span> <span class='ocrx_word' id='word_1_463' title='bbox 2015 5270 2255 5341; x_wconf 81' lang='lat' dir='ltr'><strong>Ephesi,</strong></span> 
     </span>
    </p>
   </div>
   <div class='ocr_carea' id='block_1_77' title="bbox 598 5352 2256 5431">
    <p class='ocr_par' dir='ltr' id='par_1_77' title="bbox 598 5352 2256 5431">
     <span class='ocr_line' id='line_1_77' title="bbox 598 5352 2256 5431; baseline 0.005 -24"><span class='ocrx_word' id='word_1_464' title='bbox 598 5352 913 5421; x_wconf 72' lang='lat' dir='ltr'><strong>Heracleae,</strong></span> <span class='ocrx_word' id='word_1_465' title='bbox 965 5358 1237 5426; x_wconf 65' lang='lat' dir='ltr'><strong>Ancyrae,</strong></span> <span class='ocrx_word' id='word_1_466' title='bbox 1299 5356 1509 5430; x_wconf 81' lang='lat' dir='ltr'><strong>Cyzici,</strong></span> <span class='ocrx_word' id='word_1_467' title='bbox 1556 5359 1860 5428; x_wconf 88' lang='lat' dir='ltr'><strong>Sardium,</strong></span> <span class='ocrx_word' id='word_1_468' title='bbox 1895 5359 2256 5431; x_wconf 88' lang='lat' dir='ltr'><strong>Claudiopo-</strong></span> 
     </span>
    </p>
   </div>
   <div class='ocr_carea' id='block_1_78' title="bbox 592 5440 2252 5519">
    <p class='ocr_par' dir='ltr' id='par_1_78' title="bbox 592 5440 2252 5519">
     <span class='ocr_line' id='line_1_78' title="bbox 592 5440 2252 5519; baseline 0.005 -24"><span class='ocrx_word' id='word_1_469' title='bbox 592 5440 739 5510; x_wconf 87' lang='lat' dir='ltr'><strong>leos,</strong></span> <span class='ocrx_word' id='word_1_470' title='bbox 794 5442 1119 5499; x_wconf 68' lang='lat' dir='ltr'><strong>Antiochiae</strong></span> <span class='ocrx_word' id='word_1_471' title='bbox 1176 5446 1232 5500; x_wconf 89' lang='lat' dir='ltr'><strong>in</strong></span> <span class='ocrx_word' id='word_1_472' title='bbox 1287 5447 1525 5513; x_wconf 84' lang='lat' dir='ltr'><strong>Pisidia,</strong></span> <span class='ocrx_word' id='word_1_473' title='bbox 1580 5449 1972 5519; x_wconf 78' lang='lat' dir='ltr'><strong>Athenarum,</strong></span> <span class='ocrx_word' id='word_1_474' title='bbox 2018 5450 2252 5517; x_wconf 83' lang='lat' dir='ltr'><strong>Mocesi,</strong></span> 
     </span>
    </p>
   </div>
   <div class='ocr_carea' id='block_1_79' title="bbox 592 5532 2253 5610">
    <p class='ocr_par' dir='ltr' id='par_1_79' title="bbox 592 5532 2253 5610">
     <span class='ocr_line' id='line_1_79' title="bbox 592 5532 2253 5610; baseline 0.005 -25"><span class='ocrx_word' id='word_1_475' title='bbox 592 5532 993 5603; x_wconf 86' lang='lat' dir='ltr'><strong>&#39;l&#39;rapezuntis,</strong></span> <span class='ocrx_word' id='word_1_476' title='bbox 1030 5535 1297 5608; x_wconf 79' lang='lat' dir='ltr'><strong>Larissae,</strong></span> <span class='ocrx_word' id='word_1_477' title='bbox 1344 5537 1562 5607; x_wconf 84' lang='lat' dir='ltr'><strong>Rhodi,</strong></span> <span class='ocrx_word' id='word_1_478' title='bbox 1604 5538 1937 5610; x_wconf 78' lang='lat' dir='ltr'><strong>Dyrrachii,</strong></span> <span class='ocrx_word' id='word_1_479' title='bbox 1997 5537 2253 5593; x_wconf 87' lang='lat' dir='ltr'><strong>Euchai-</strong></span> 
     </span>
    </p>
   </div>
   <div class='ocr_carea' id='block_1_80' title="bbox 2351 1898 3962 1976">
    <p class='ocr_par' dir='ltr' id='par_1_80' title="bbox 2351 1898 3962 1976">
     <span class='ocr_line' id='line_1_80' title="bbox 2351 1898 3962 1976; baseline 0.002 -24"><span class='ocrx_word' id='word_1_480' title='bbox 2351 1909 2523 1969; x_wconf 84' lang='grc' dir='ltr'>νικῶς,</span> <span class='ocrx_word' id='word_1_481' title='bbox 2585 1904 2615 1960; x_wconf 80' lang='grc' dir='ltr'><strong>ἡ</strong></span> <span class='ocrx_word' id='word_1_482' title='bbox 2690 1901 3002 1976; x_wconf 81' lang='grc' dir='ltr'>ἀνάμνησις.</span> <span class='ocrx_word' id='word_1_483' title='bbox 3078 1905 3139 1962; x_wconf 75' lang='grc' dir='ltr'>ἣν</span> <span class='ocrx_word' id='word_1_484' title='bbox 3192 1912 3354 1956; x_wconf 83' lang='grc' dir='ltr'>ποιεῖν</span> <span class='ocrx_word' id='word_1_485' title='bbox 3421 1907 3560 1976; x_wconf 73' lang='grc' dir='ltr'>ἡμᾶς</span> <span class='ocrx_word' id='word_1_486' title='bbox 3631 1898 3868 1967; x_wconf 77' lang='grc' dir='ltr'>ἐπέταξεν</span> <span class='ocrx_word' id='word_1_487' title='bbox 3934 1907 3962 1956; x_wconf 87' lang='grc' dir='ltr'><strong>ό</strong></span> 
     </span>
    </p>
   </div>
   <div class='ocr_carea' id='block_1_81' title="bbox 2354 1993 3965 2067">
    <p class='ocr_par' dir='ltr' id='par_1_81' title="bbox 2354 1993 3965 2067">
     <span class='ocr_line' id='line_1_81' title="bbox 2354 1993 3965 2067; baseline 0.002 -25"><span class='ocrx_word' id='word_1_488' title='bbox 2354 1995 2551 2065; x_wconf 77' lang='grc' dir='ltr'>Σωτήρ·</span> <span class='ocrx_word' id='word_1_489' title='bbox 2597 1996 2684 2042; x_wconf 82' lang='grc' dir='ltr'>καὶ</span> <span class='ocrx_word' id='word_1_490' title='bbox 2740 1993 2972 2066; x_wconf 77' lang='grc' dir='ltr'>καθάπερ</span> <span class='ocrx_word' id='word_1_491' title='bbox 3021 1993 3046 2044; x_wconf 89' lang='grc' dir='ltr'><strong>ό</strong></span> <span class='ocrx_word' id='word_1_492' title='bbox 3102 1997 3459 2067; x_wconf 77' lang='grc' dir='ltr'>πανηγυρικὸς</span> <span class='ocrx_word' id='word_1_493' title='bbox 3514 1994 3625 2064; x_wconf 78' lang='grc' dir='ltr'>ἔχει</span> <span class='ocrx_word' id='word_1_494' title='bbox 3681 1996 3832 2065; x_wconf 81' lang='grc' dir='ltr'>νόμος</span> <span class='ocrx_word' id='word_1_495' title='bbox 3893 1996 3965 2046; x_wconf 81' lang='grc' dir='ltr'>τὰ</span> 
     </span>
    </p>
   </div>
   <div class='ocr_carea' id='block_1_82' title="bbox 2353 2079 3964 2153">
    <p class='ocr_par' dir='ltr' id='par_1_82' title="bbox 2353 2079 3964 2153">
     <span class='ocr_line' id='line_1_82' title="bbox 2353 2079 3964 2153; baseline 0.002 -22"><span class='ocrx_word' id='word_1_496' title='bbox 2353 2086 2715 2153; x_wconf 74' lang='grc' dir='ltr'>παρῳχημένα</span> <span class='ocrx_word' id='word_1_497' title='bbox 2764 2079 2928 2152; x_wconf 87' lang='grc' dir='ltr'>λέγειν</span> <span class='ocrx_word' id='word_1_498' title='bbox 2959 2083 3027 2144; x_wconf 83' lang='grc' dir='ltr'>ὡς</span> <span class='ocrx_word' id='word_1_499' title='bbox 3086 2082 3359 2148; x_wconf 76' lang='grc' dir='ltr'>ἐνεστῶτα,</span> <span class='ocrx_word' id='word_1_500' title='bbox 3418 2083 3536 2134; x_wconf 76' lang='grc' dir='ltr'>καθ’</span> <span class='ocrx_word' id='word_1_501' title='bbox 3594 2084 3656 2140; x_wconf 80' lang='grc' dir='ltr'>ἣν</span> <span class='ocrx_word' id='word_1_502' title='bbox 3711 2081 3771 2133; x_wconf 79' lang='grc' dir='ltr'><strong>ἂν</strong></span> <span class='ocrx_word' id='word_1_503' title='bbox 3828 2102 3964 2135; x_wconf 83' lang='grc' dir='ltr'>ποτε</span> 
     </span>
    </p>
   </div>
   <div class='ocr_carea' id='block_1_83' title="bbox 2354 2167 3964 2243">
    <p class='ocr_par' dir='ltr' id='par_1_83' title="bbox 2354 2167 3964 2243">
     <span class='ocr_line' id='line_1_83' title="bbox 2354 2167 3964 2243; baseline 0.002 -22"><span class='ocrx_word' id='word_1_504' title='bbox 2354 2167 2564 2226; x_wconf 79' lang='grc' dir='ltr'>τελῆται</span> <span class='ocrx_word' id='word_1_505' title='bbox 2609 2171 2825 2241; x_wconf 71' lang='grc' dir='ltr'>ἡμέραν.</span> <span class='ocrx_word' id='word_1_506' title='bbox 2883 2173 2969 2222; x_wconf 79' lang='grc' dir='ltr'><strong>Διὸ</strong></span> <span class='ocrx_word' id='word_1_507' title='bbox 3015 2176 3124 2237; x_wconf 84' lang='grc' dir='ltr'>καὶ,</span> <span class='ocrx_word' id='word_1_508' title='bbox 3184 2172 3210 2223; x_wconf 86' lang='grc' dir='ltr'>ὁ</span> <span class='ocrx_word' id='word_1_509' title='bbox 3270 2174 3499 2243; x_wconf 72' lang='grc' dir='ltr'>Χριστὸς</span> <span class='ocrx_word' id='word_1_510' title='bbox 3557 2177 3815 2243; x_wconf 70' lang='grc' dir='ltr'>γεννᾶται,</span> <span class='ocrx_word' id='word_1_511' title='bbox 3860 2177 3964 2224; x_wconf 81' lang='grc' dir='ltr'>καὶ</span> 
     </span>
    </p>
   </div>
   <div class='ocr_carea' id='block_1_84' title="bbox 2358 2256 3966 2334">
    <p class='ocr_par' dir='ltr' id='par_1_84' title="bbox 2358 2256 3966 2334">
     <span class='ocr_line' id='line_1_84' title="bbox 2358 2256 3966 2334; baseline 0.002 -25"><span class='ocrx_word' id='word_1_512' title='bbox 2358 2256 2694 2330; x_wconf 77' lang='grc' dir='ltr'>βαπτίζεται,</span> <span class='ocrx_word' id='word_1_513' title='bbox 2744 2268 3111 2334; x_wconf 71' lang='grc' dir='ltr'>πανηγυρικῶς</span> <span class='ocrx_word' id='word_1_514' title='bbox 3189 2258 3420 2331; x_wconf 78' lang='grc' dir='ltr'>λέγομεν.</span> <span class='ocrx_word' id='word_1_515' title='bbox 3499 2264 3663 2312; x_wconf 61' lang='lat' dir='ltr'><strong>Totam</strong></span> <span class='ocrx_word' id='word_1_516' title='bbox 3723 2256 3790 2318; x_wconf 78' lang='grc' dir='ltr'>δη</span> <span class='ocrx_word' id='word_1_517' title='bbox 3864 2266 3966 2313; x_wconf 82' lang='grc' dir='ltr'><strong>καὶ</strong></span> 
     </span>
    </p>
   </div>
   <div class='ocr_carea' id='block_1_85' title="bbox 2356 2344 3963 2420">
    <p class='ocr_par' dir='ltr' id='par_1_85' title="bbox 2356 2344 3963 2420">
     <span class='ocr_line' id='line_1_85' title="bbox 2356 2344 3963 2420; baseline 0.001 -22"><span class='ocrx_word' id='word_1_518' title='bbox 2356 2346 2439 2398; x_wconf 80' lang='grc' dir='ltr'><strong>ἐπὶ</strong></span> <span class='ocrx_word' id='word_1_519' title='bbox 2465 2354 2555 2399; x_wconf 73' lang='grc' dir='ltr'>τοῦ</span> <span class='ocrx_word' id='word_1_520' title='bbox 2586 2351 2849 2420; x_wconf 76' lang='grc' dir='ltr'>σωτηρίου</span> <span class='ocrx_word' id='word_1_521' title='bbox 2899 2349 3099 2409; x_wconf 84' lang='grc' dir='ltr'>πάθους</span> <span class='ocrx_word' id='word_1_522' title='bbox 3150 2347 3307 2400; x_wconf 83' lang='grc' dir='ltr'>τελεῖν</span> <span class='ocrx_word' id='word_1_523' title='bbox 3364 2347 3539 2408; x_wconf 84' lang='grc' dir='ltr'>εἰωθός</span> <span class='ocrx_word' id='word_1_524' title='bbox 3568 2344 3701 2402; x_wconf 83' lang='grc' dir='ltr'>ἐστι.</span> <span class='ocrx_word' id='word_1_525' title='bbox 3753 2354 3963 2415; x_wconf 82' lang='grc' dir='ltr'>Ταῦτα,</span> 
     </span>
    </p>
   </div>
   <div class='ocr_carea' id='block_1_86' title="bbox 2357 2432 3967 2510">
    <p class='ocr_par' dir='ltr' id='par_1_86' title="bbox 2357 2432 3967 2510">
     <span class='ocr_line' id='line_1_86' title="bbox 2357 2432 3967 2510; baseline 0.001 -23"><span class='ocrx_word' id='word_1_526' title='bbox 2357 2437 2396 2487; x_wconf 86' lang='grc' dir='ltr'><strong>ὧ</strong></span> <span class='ocrx_word' id='word_1_527' title='bbox 2452 2444 2643 2507; x_wconf 76' lang='grc' dir='ltr'>χρῆμα</span> <span class='ocrx_word' id='word_1_528' title='bbox 2698 2436 2829 2509; x_wconf 83' lang='grc' dir='ltr'>ἱερὸν</span> <span class='ocrx_word' id='word_1_529' title='bbox 2884 2442 2973 2489; x_wconf 87' lang='grc' dir='ltr'><strong>καὶ</strong></span> <span class='ocrx_word' id='word_1_530' title='bbox 3022 2436 3163 2509; x_wconf 68' lang='grc' dir='ltr'>φίλον</span> <span class='ocrx_word' id='word_1_531' title='bbox 3246 2434 3382 2508; x_wconf 81' lang='grc' dir='ltr'>ἐμοι,</span> <span class='ocrx_word' id='word_1_532' title='bbox 3440 2445 3512 2506; x_wconf 82' lang='grc' dir='ltr'>τῷ</span> <span class='ocrx_word' id='word_1_533' title='bbox 3570 2432 3725 2510; x_wconf 79' lang='grc' dir='ltr'><strong>ἀνδρὶ</strong></span> <span class='ocrx_word' id='word_1_534' title='bbox 3781 2436 3967 2510; x_wconf 82' lang='grc' dir='ltr'>ἐκείνῳ</span> 
     </span>
    </p>
   </div>
   <div class='ocr_carea' id='block_1_87' title="bbox 2359 2520 3968 2597">
    <p class='ocr_par' dir='ltr' id='par_1_87' title="bbox 2359 2520 3968 2597">
     <span class='ocr_line' id='line_1_87' title="bbox 2359 2520 3968 2597; baseline 0.002 -21"><span class='ocrx_word' id='word_1_535' title='bbox 2359 2520 2652 2595; x_wconf 75' lang='grc' dir='ltr'>διάγγελλε,</span> <span class='ocrx_word' id='word_1_536' title='bbox 2680 2530 2769 2576; x_wconf 80' lang='grc' dir='ltr'>καὶ</span> <span class='ocrx_word' id='word_1_537' title='bbox 2800 2528 2843 2576; x_wconf 89' lang='grc' dir='ltr'><strong>εί</strong></span> <span class='ocrx_word' id='word_1_538' title='bbox 2882 2530 2934 2576; x_wconf 87' lang='grc' dir='ltr'><strong>τί</strong></span> <span class='ocrx_word' id='word_1_539' title='bbox 2966 2544 3050 2577; x_wconf 91' lang='grc' dir='ltr'><strong>σοι</strong></span> <span class='ocrx_word' id='word_1_540' title='bbox 3102 2524 3242 2597; x_wconf 84' lang='grc' dir='ltr'>μέλει</span> <span class='ocrx_word' id='word_1_541' title='bbox 3298 2526 3507 2593; x_wconf 82' lang='grc' dir='ltr'>τούτου,</span> <span class='ocrx_word' id='word_1_542' title='bbox 3560 2524 3760 2596; x_wconf 70' lang='grc' dir='ltr'>ὑφεῖναι</span> <span class='ocrx_word' id='word_1_543' title='bbox 3813 2529 3968 2579; x_wconf 83' lang='grc' dir='ltr'>πεῖθε</span> 
     </span>
    </p>
   </div>
   <div class='ocr_carea' id='block_1_88' title="bbox 2356 2611 2768 2687">
    <p class='ocr_par' dir='ltr' id='par_1_88' title="bbox 2356 2611 2768 2687">
     <span class='ocr_line' id='line_1_88' title="bbox 2356 2611 2768 2687; baseline 0.005 -20"><span class='ocrx_word' id='word_1_544' title='bbox 2356 2622 2448 2667; x_wconf 77' lang='grc' dir='ltr'>τοῦ</span> <span class='ocrx_word' id='word_1_545' title='bbox 2482 2611 2768 2687; x_wconf 80' lang='grc' dir='ltr'>δόγματος.</span> 
     </span>
    </p>
   </div>
   <div class='ocr_carea' id='block_1_89' title="bbox 2429 2790 3959 2867">
    <p class='ocr_par' dir='ltr' id='par_1_89' title="bbox 2429 2790 3959 2867">
     <span class='ocr_line' id='line_1_89' title="bbox 2429 2790 3959 2867; baseline -0.003 -19"><span class='ocrx_word' id='word_1_546' title='bbox 2429 2800 2566 2850; x_wconf 62' lang='lat' dir='ltr'><strong>(NA.</strong></span> <span class='ocrx_word' id='word_1_547' title='bbox 2627 2793 2937 2867; x_wconf 78' lang='grc' dir='ltr'>Ἀμέλησον,</span> <span class='ocrx_word' id='word_1_548' title='bbox 2986 2790 3024 2845; x_wconf 82' lang='grc' dir='ltr'><em>ὦ</em></span> <span class='ocrx_word' id='word_1_549' title='bbox 3083 2800 3298 2865; x_wconf 84' lang='grc' dir='ltr'>γενναῖε·</span> <span class='ocrx_word' id='word_1_550' title='bbox 3386 2798 3604 2864; x_wconf 85' lang='grc' dir='ltr'>κακείνῳ</span> <span class='ocrx_word' id='word_1_551' title='bbox 3689 2795 3791 2867; x_wconf 79' lang='grc' dir='ltr'>γὰρ</span> <span class='ocrx_word' id='word_1_552' title='bbox 3868 2793 3959 2846; x_wconf 74' lang='grc' dir='ltr'>οὐκ</span> 
     </span>
    </p>
   </div>
   <div class='ocr_carea' id='block_1_90' title="bbox 2357 2880 3960 2956">
    <p class='ocr_par' dir='ltr' id='par_1_90' title="bbox 2357 2880 3960 2956">
     <span class='ocr_line' id='line_1_90' title="bbox 2357 2880 3960 2956; baseline -0.001 -20"><span class='ocrx_word' id='word_1_553' title='bbox 2357 2880 2503 2956; x_wconf 83' lang='grc' dir='ltr'>οἶμαι</span> <span class='ocrx_word' id='word_1_554' title='bbox 2559 2887 2724 2956; x_wconf 83' lang='grc' dir='ltr'>μένειν</span> <span class='ocrx_word' id='word_1_555' title='bbox 2764 2884 2830 2945; x_wconf 85' lang='grc' dir='ltr'>εἰς</span> <span class='ocrx_word' id='word_1_556' title='bbox 2874 2886 2946 2936; x_wconf 80' lang='grc' dir='ltr'>ἔτι</span> <span class='ocrx_word' id='word_1_557' title='bbox 3001 2885 3065 2935; x_wconf 81' lang='grc' dir='ltr'>τὰ</span> <span class='ocrx_word' id='word_1_558' title='bbox 3100 2891 3188 2943; x_wconf 76' lang='grc' dir='ltr'>τῆς</span> <span class='ocrx_word' id='word_1_559' title='bbox 3240 2884 3543 2943; x_wconf 83' lang='grc' dir='ltr'>ἐνστάσεως,</span> <span class='ocrx_word' id='word_1_560' title='bbox 3596 2880 3726 2935; x_wconf 75' lang='grc' dir='ltr'>ἀλλὰ</span> <span class='ocrx_word' id='word_1_561' title='bbox 3771 2881 3960 2935; x_wconf 86' lang='grc' dir='ltr'>παλιν-</span> 
     </span>
    </p>
   </div>
   <div class='ocr_carea' id='block_1_91' title="bbox 2356 2969 3966 3048">
    <p class='ocr_par' dir='ltr' id='par_1_91' title="bbox 2356 2969 3966 3048">
     <span class='ocr_line' id='line_1_91' title="bbox 2356 2969 3966 3048; baseline -0.001 -23"><span class='ocrx_word' id='word_1_562' title='bbox 2356 2969 2519 3044; x_wconf 61' lang='grc' dir='ltr'>ῳδίαν</span> <span class='ocrx_word' id='word_1_563' title='bbox 2546 2975 2689 3044; x_wconf 73' lang='grc' dir='ltr'>ᾇσειν</span> <span class='ocrx_word' id='word_1_564' title='bbox 2739 2978 2828 3025; x_wconf 86' lang='grc' dir='ltr'><strong>καὶ</strong></span> <span class='ocrx_word' id='word_1_565' title='bbox 2872 2973 3330 3048; x_wconf 85' lang='grc' dir='ltr'>μεθαρμόσασθαι·</span> <span class='ocrx_word' id='word_1_566' title='bbox 3389 2975 3476 3025; x_wconf 90' lang='grc' dir='ltr'><strong>Διὸ</strong></span> <span class='ocrx_word' id='word_1_567' title='bbox 3531 2977 3619 3024; x_wconf 85' lang='grc' dir='ltr'>καὶ</span> <span class='ocrx_word' id='word_1_568' title='bbox 3665 2978 3966 3045; x_wconf 83' lang='grc' dir='ltr'>συγγνῶναί</span> 
     </span>
    </p>
   </div>
   <div class='ocr_carea' id='block_1_92' title="bbox 2355 3058 3279 3134">
    <p class='ocr_par' dir='ltr' id='par_1_92' title="bbox 2355 3058 3279 3134">
     <span class='ocr_line' id='line_1_92' title="bbox 2355 3058 3279 3134; baseline 0 -20"><span class='ocrx_word' id='word_1_569' title='bbox 2355 3063 2404 3113; x_wconf 83' lang='grc' dir='ltr'>οἱ</span> <span class='ocrx_word' id='word_1_570' title='bbox 2431 3058 2538 3114; x_wconf 74' lang='grc' dir='ltr'>δεῖν</span> <span class='ocrx_word' id='word_1_571' title='bbox 2569 3063 2800 3134; x_wconf 75' lang='grc' dir='ltr'>ἠγοῦμαι</span> <span class='ocrx_word' id='word_1_572' title='bbox 2821 3066 2909 3113; x_wconf 86' lang='grc' dir='ltr'><strong>καὶ</strong></span> <span class='ocrx_word' id='word_1_573' title='bbox 2936 3061 3279 3114; x_wconf 85' lang='grc' dir='ltr'>σπείσασθαι.</span> 
     </span>
    </p>
   </div>
   <div class='ocr_carea' id='block_1_93' title="bbox 2430 3237 3962 3311">
    <p class='ocr_par' dir='ltr' id='par_1_93' title="bbox 2430 3237 3962 3311">
     <span class='ocr_line' id='line_1_93' title="bbox 2430 3237 3962 3311; baseline 0 -19"><span class='ocrx_word' id='word_1_574' title='bbox 2430 3246 2572 3294; x_wconf 82' lang='grc' dir='ltr'><strong>ΣΩΤ.</strong></span> <span class='ocrx_word' id='word_1_575' title='bbox 2633 3245 2971 3311; x_wconf 84' lang='grc' dir='ltr'>Συγγνώμων,</span> <span class='ocrx_word' id='word_1_576' title='bbox 3022 3239 3061 3289; x_wconf 85' lang='grc' dir='ltr'><strong><em>ὦ</em></strong></span> <span class='ocrx_word' id='word_1_577' title='bbox 3114 3237 3349 3310; x_wconf 79' lang='grc' dir='ltr'>φιλότης,</span> <span class='ocrx_word' id='word_1_578' title='bbox 3392 3245 3482 3291; x_wconf 79' lang='grc' dir='ltr'>καὶ</span> <span class='ocrx_word' id='word_1_579' title='bbox 3513 3239 3669 3300; x_wconf 67' lang='grc' dir='ltr'>αὐτὸς</span> <span class='ocrx_word' id='word_1_580' title='bbox 3695 3237 3797 3310; x_wconf 76' lang='grc' dir='ltr'><strong>ἐγώ</strong></span> <span class='ocrx_word' id='word_1_581' title='bbox 3853 3257 3962 3302; x_wconf 85' lang='grc' dir='ltr'>σοι,</span> 
     </span>
    </p>
   </div>
   <div class='ocr_carea' id='block_1_94' title="bbox 2358 3324 3967 3401">
    <p class='ocr_par' dir='ltr' id='par_1_94' title="bbox 2358 3324 3967 3401">
     <span class='ocr_line' id='line_1_94' title="bbox 2358 3324 3967 3401; baseline -0.001 -20"><span class='ocrx_word' id='word_1_582' title='bbox 2358 3334 2447 3381; x_wconf 77' lang='grc' dir='ltr'>καὶ</span> <span class='ocrx_word' id='word_1_583' title='bbox 2517 3328 2908 3401; x_wconf 73' lang='grc' dir='ltr'>μεταμελομένῳ</span> <span class='ocrx_word' id='word_1_584' title='bbox 2962 3324 3165 3399; x_wconf 72' lang='grc' dir='ltr'>δίδωμι</span> <span class='ocrx_word' id='word_1_585' title='bbox 3243 3325 3438 3390; x_wconf 58' lang='grc' dir='ltr'>δεξιάν</span> <span class='ocrx_word' id='word_1_586' title='bbox 3510 3333 3600 3379; x_wconf 84' lang='grc' dir='ltr'>καὶ</span> <span class='ocrx_word' id='word_1_587' title='bbox 3655 3325 3848 3400; x_wconf 82' lang='grc' dir='ltr'>μᾶλλον</span> <span class='ocrx_word' id='word_1_588' title='bbox 3906 3326 3967 3379; x_wconf 80' lang='grc' dir='ltr'>ἂν</span> 
     </span>
    </p>
   </div>
   <div class='ocr_carea' id='block_1_95' title="bbox 2360 3413 3972 3492">
    <p class='ocr_par' dir='ltr' id='par_1_95' title="bbox 2360 3413 3972 3492">
     <span class='ocr_line' id='line_1_95' title="bbox 2360 3413 3972 3492; baseline -0.001 -21"><span class='ocrx_word' id='word_1_589' title='bbox 2360 3418 2672 3492; x_wconf 74' lang='grc' dir='ltr'>ἀμελετήτου</span> <span class='ocrx_word' id='word_1_590' title='bbox 2702 3438 2912 3490; x_wconf 75' lang='grc' dir='ltr'>γνωμης</span> <span class='ocrx_word' id='word_1_591' title='bbox 2948 3420 3152 3490; x_wconf 82' lang='grc' dir='ltr'>εἴρηται</span> <span class='ocrx_word' id='word_1_592' title='bbox 3202 3425 3387 3469; x_wconf 81' lang='grc' dir='ltr'>ταυτα·</span> <span class='ocrx_word' id='word_1_593' title='bbox 3434 3416 3597 3470; x_wconf 84' lang='grc' dir='ltr'>πολλὰ</span> <span class='ocrx_word' id='word_1_594' title='bbox 3633 3413 3692 3470; x_wconf 69' lang='grc' dir='ltr'><strong>δὲ</strong></span> <span class='ocrx_word' id='word_1_595' title='bbox 3744 3425 3972 3470; x_wconf 79' lang='grc' dir='ltr'>τοιαῦτα</span> 
     </span>
    </p>
   </div>
   <div class='ocr_carea' id='block_1_96' title="bbox 2363 3502 3435 3581">
    <p class='ocr_par' dir='ltr' id='par_1_96' title="bbox 2363 3502 3435 3581">
     <span class='ocr_line' id='line_1_96' title="bbox 2363 3502 3435 3581; baseline 0.001 -22"><span class='ocrx_word' id='word_1_596' title='bbox 2363 3506 2664 3581; x_wconf 78' lang='grc' dir='ltr'>συμϐαίνειν</span> <span class='ocrx_word' id='word_1_597' title='bbox 2688 3514 2790 3567; x_wconf 87' lang='grc' dir='ltr'>τοῖς</span> <span class='ocrx_word' id='word_1_598' title='bbox 2824 3502 3211 3579; x_wconf 52' lang='grc' dir='ltr'>σχετλιάζουσιν</span> <span class='ocrx_word' id='word_1_599' title='bbox 3244 3508 3435 3560; x_wconf 83' lang='grc' dir='ltr'>εἴωθεν.</span> 
     </span>
    </p>
   </div>
   <div class='ocr_carea' id='block_1_97' title="bbox 3004 3637 3317 3686">
    <p class='ocr_par' dir='ltr' id='par_1_97' title="bbox 3004 3637 3317 3686">
     <span class='ocr_line' id='line_1_97' title="bbox 3004 3637 3317 3686; baseline 0.006 -3"><span class='ocrx_word' id='word_1_600' title='bbox 3004 3637 3317 3686; x_wconf 83' lang='grc' dir='ltr'><strong>ΣΥΝΟΔΟΣ.</strong></span> 
     </span>
    </p>
   </div>
   <div class='ocr_carea' id='block_1_98' title="bbox 2440 3753 3973 3828">
    <p class='ocr_par' dir='ltr' id='par_1_98' title="bbox 2440 3753 3973 3828">
     <span class='ocr_line' id='line_1_98' title="bbox 2440 3753 3973 3828; baseline -0.001 -20"><span class='ocrx_word' id='word_1_601' title='bbox 2440 3760 2719 3827; x_wconf 79' lang='grc' dir='ltr'>Σημείωμα</span> <span class='ocrx_word' id='word_1_602' title='bbox 2794 3753 2877 3807; x_wconf 78' lang='grc' dir='ltr'><strong>ἐπὶ</strong></span> <span class='ocrx_word' id='word_1_603' title='bbox 2961 3761 3023 3825; x_wconf 74' lang='grc' dir='ltr'>τῇ</span> <span class='ocrx_word' id='word_1_604' title='bbox 3073 3753 3296 3828; x_wconf 75' lang='grc' dir='ltr'>ῥηθείσῃ</span> <span class='ocrx_word' id='word_1_605' title='bbox 3348 3754 3592 3806; x_wconf 79' lang='grc' dir='ltr'>ὑποθέσει</span> <span class='ocrx_word' id='word_1_606' title='bbox 3647 3755 3859 3825; x_wconf 73' lang='grc' dir='ltr'>γεγονὸς</span> <span class='ocrx_word' id='word_1_607' title='bbox 3922 3753 3973 3807; x_wconf 78' lang='grc' dir='ltr'>ἐν</span> 
     </span>
    </p>
   </div>
   <div class='ocr_carea' id='block_1_99' title="bbox 2360 3840 3974 3918">
    <p class='ocr_par' dir='ltr' id='par_1_99' title="bbox 2360 3840 3974 3918">
     <span class='ocr_line' id='line_1_99' title="bbox 2360 3840 3974 3918; baseline -0.001 -21"><span class='ocrx_word' id='word_1_608' title='bbox 2360 3854 2433 3917; x_wconf 82' lang='grc' dir='ltr'>τῷ</span> <span class='ocrx_word' id='word_1_609' title='bbox 2484 3848 2849 3918; x_wconf 81' lang='grc' dir='ltr'>πατριαρχείῳ</span> <span class='ocrx_word' id='word_1_610' title='bbox 2898 3842 3097 3895; x_wconf 81' lang='grc' dir='ltr'>πολλῶν</span> <span class='ocrx_word' id='word_1_611' title='bbox 3167 3841 3585 3899; x_wconf 81' lang='grc' dir='ltr'>συνεληλυθότων</span> <span class='ocrx_word' id='word_1_612' title='bbox 3656 3840 3974 3915; x_wconf 79' lang='grc' dir='ltr'>ἀρχιερέων,</span> 
     </span>
    </p>
   </div>
   <div class='ocr_carea' id='block_1_100' title="bbox 2359 3930 3978 4007">
    <p class='ocr_par' dir='ltr' id='par_1_100' title="bbox 2359 3930 3978 4007">
     <span class='ocr_line' id='line_1_100' title="bbox 2359 3930 3978 4007; baseline -0.001 -21"><span class='ocrx_word' id='word_1_613' title='bbox 2359 3940 2449 3986; x_wconf 87' lang='grc' dir='ltr'><strong>καὶ</strong></span> <span class='ocrx_word' id='word_1_614' title='bbox 2488 3932 2543 3985; x_wconf 84' lang='grc' dir='ltr'>ἐκ</span> <span class='ocrx_word' id='word_1_615' title='bbox 2588 3940 2678 3994; x_wconf 83' lang='grc' dir='ltr'>τῆς</span> <span class='ocrx_word' id='word_1_616' title='bbox 2723 3930 3021 4003; x_wconf 79' lang='grc' dir='ltr'>συγκλήτου</span> <span class='ocrx_word' id='word_1_617' title='bbox 3068 3931 3163 3983; x_wconf 77' lang='grc' dir='ltr'><strong>ουκ</strong></span> <span class='ocrx_word' id='word_1_618' title='bbox 3219 3930 3427 4004; x_wconf 83' lang='grc' dir='ltr'>ὀλίγων,</span> <span class='ocrx_word' id='word_1_619' title='bbox 3482 3935 3573 3983; x_wconf 81' lang='grc' dir='ltr'>καὶ</span> <span class='ocrx_word' id='word_1_620' title='bbox 3619 3932 3825 3984; x_wconf 86' lang='grc' dir='ltr'>πάντων</span> <span class='ocrx_word' id='word_1_621' title='bbox 3886 3931 3978 4007; x_wconf 83' lang='grc' dir='ltr'><strong>ὄρ-</strong></span> 
     </span>
    </p>
   </div>
   <div class='ocr_carea' id='block_1_101' title="bbox 2362 4019 3973 4094">
    <p class='ocr_par' dir='ltr' id='par_1_101' title="bbox 2362 4019 3973 4094">
     <span class='ocr_line' id='line_1_101' title="bbox 2362 4019 3973 4094; baseline -0.002 -18"><span class='ocrx_word' id='word_1_622' title='bbox 2362 4019 2587 4085; x_wconf 79' lang='grc' dir='ltr'>θοδοξως</span> <span class='ocrx_word' id='word_1_623' title='bbox 2650 4022 3115 4092; x_wconf 79' lang='grc' dir='ltr'>ὁμοφωνησάντων,</span> <span class='ocrx_word' id='word_1_624' title='bbox 3179 4021 3261 4072; x_wconf 85' lang='grc' dir='ltr'>ὅτι</span> <span class='ocrx_word' id='word_1_625' title='bbox 3316 4019 3376 4072; x_wconf 81' lang='grc' dir='ltr'>οὐ</span> <span class='ocrx_word' id='word_1_626' title='bbox 3423 4022 3577 4091; x_wconf 86' lang='grc' dir='ltr'>μόνον</span> <span class='ocrx_word' id='word_1_627' title='bbox 3654 4028 3726 4090; x_wconf 71' lang='grc' dir='ltr'>τῷ</span> <span class='ocrx_word' id='word_1_628' title='bbox 3771 4024 3973 4094; x_wconf 64' lang='lat' dir='ltr'><strong>IIem-pi,</strong></span> 
     </span>
    </p>
   </div>
   <div class='ocr_carea' id='block_1_102' title="bbox 2361 4106 3977 4182">
    <p class='ocr_par' dir='ltr' id='par_1_102' title="bbox 2361 4106 3977 4182">
     <span class='ocr_line' id='line_1_102' title="bbox 2361 4106 3977 4182; baseline -0.001 -20"><span class='ocrx_word' id='word_1_629' title='bbox 2361 4111 2488 4162; x_wconf 84' lang='grc' dir='ltr'><strong>ἀλλὰ</strong></span> <span class='ocrx_word' id='word_1_630' title='bbox 2514 4107 2581 4167; x_wconf 79' lang='grc' dir='ltr'><em>δὴ</em></span> <span class='ocrx_word' id='word_1_631' title='bbox 2634 4114 2723 4161; x_wconf 87' lang='grc' dir='ltr'><strong>καὶ</strong></span> <span class='ocrx_word' id='word_1_632' title='bbox 2773 4117 2845 4178; x_wconf 78' lang='grc' dir='ltr'>τῷ</span> <span class='ocrx_word' id='word_1_633' title='bbox 2884 4110 2987 4178; x_wconf 83' lang='grc' dir='ltr'><strong>Υἰῷ</strong></span> <span class='ocrx_word' id='word_1_634' title='bbox 3034 4112 3124 4160; x_wconf 84' lang='grc' dir='ltr'><strong>καὶ</strong></span> <span class='ocrx_word' id='word_1_635' title='bbox 3168 4114 3243 4179; x_wconf 82' lang='grc' dir='ltr'>τῷ</span> <span class='ocrx_word' id='word_1_636' title='bbox 3273 4106 3406 4179; x_wconf 82' lang='grc' dir='ltr'>ἁγίῳ</span> <span class='ocrx_word' id='word_1_637' title='bbox 3438 4109 3723 4179; x_wconf 80' lang='grc' dir='ltr'>Πνεύματι,</span> <span class='ocrx_word' id='word_1_638' title='bbox 3755 4115 3816 4166; x_wconf 85' lang='grc' dir='ltr'>τῆ</span> <span class='ocrx_word' id='word_1_639' title='bbox 3867 4117 3977 4182; x_wconf 81' lang='grc' dir='ltr'><strong>μ.ιᾲ</strong></span> 
     </span>
    </p>
   </div>
   <div class='ocr_carea' id='block_1_103' title="bbox 2362 4197 3934 4269">
    <p class='ocr_par' dir='ltr' id='par_1_103' title="bbox 2362 4197 3934 4269">
     <span class='ocr_line' id='line_1_103' title="bbox 2362 4197 3934 4269; baseline -0.001 -18"><span class='ocrx_word' id='word_1_640' title='bbox 2362 4203 2603 4269; x_wconf 85' lang='grc' dir='ltr'>Θεότητι,</span> <span class='ocrx_word' id='word_1_641' title='bbox 2659 4200 2716 4249; x_wconf 84' lang='grc' dir='ltr'>τὸ</span> <span class='ocrx_word' id='word_1_642' title='bbox 2774 4204 3091 4269; x_wconf 80' lang='grc' dir='ltr'>Μονογενοῦς</span> <span class='ocrx_word' id='word_1_643' title='bbox 3141 4198 3485 4269; x_wconf 83' lang='grc' dir='ltr'>προσηνέχθη</span> <span class='ocrx_word' id='word_1_644' title='bbox 3540 4201 3711 4269; x_wconf 86' lang='grc' dir='ltr'>τίμιον</span> <span class='ocrx_word' id='word_1_645' title='bbox 3763 4197 3934 4269; x_wconf 70' lang='grc' dir='ltr'>αἷμα,</span> 
     </span>
    </p>
   </div>
   <div class='ocr_carea' id='block_1_104' title="bbox 2362 4577 2571 4630">
    <p class='ocr_par' dir='ltr' id='par_1_104' title="bbox 2362 4577 2571 4630">
     <span class='ocr_line' id='line_1_104' title="bbox 2362 4577 2571 4630; baseline -0.005 -21"><span class='ocrx_word' id='word_1_646' title='bbox 2362 4577 2571 4630; x_wconf 79' lang='grc' dir='ltr'>μενικου</span> 
     </span>
    </p>
   </div>
   <div class='ocr_carea' id='block_1_105' title="bbox 2364 4628 3981 4717">
    <p class='ocr_par' dir='ltr' id='par_1_105' title="bbox 2364 4628 3981 4717">
     <span class='ocr_line' id='line_1_105' title="bbox 2364 4628 3981 4717; baseline -0.002 -19"><span class='ocrx_word' id='word_1_647' title='bbox 2364 4628 2640 4717; x_wconf 33' lang='grc' dir='ltr'>Θωμαῖτηί,</span> <span class='ocrx_word' id='word_1_648' title='bbox 2694 4639 3278 4714; x_wconf 77' lang='grc' dir='ltr'>συνδιαγνωμονοῦντος</span> <span class='ocrx_word' id='word_1_649' title='bbox 3351 4641 3494 4711; x_wconf 72' lang='grc' dir='ltr'><strong>αὖτῷ</strong></span> <span class='ocrx_word' id='word_1_650' title='bbox 3557 4641 3818 4694; x_wconf 74' lang='grc' dir='ltr'>Νικολάου</span> <span class='ocrx_word' id='word_1_651' title='bbox 3874 4653 3981 4697; x_wconf 75' lang='grc' dir='ltr'>τοι)</span> 
     </span>
    </p>
   </div>
   <div class='ocr_carea' id='block_1_106' title="bbox 2367 4728 3983 4809">
    <p class='ocr_par' dir='ltr' id='par_1_106' title="bbox 2367 4728 3983 4809">
     <span class='ocr_line' id='line_1_106' title="bbox 2367 4728 3983 4809; baseline -0.001 -24"><span class='ocrx_word' id='word_1_652' title='bbox 2367 4735 2651 4809; x_wconf 83' lang='grc' dir='ltr'>ἱερωτάτσυ</span> <span class='ocrx_word' id='word_1_653' title='bbox 2715 4733 3055 4805; x_wconf 77' lang='grc' dir='ltr'>πατριάρχου</span> <span class='ocrx_word' id='word_1_654' title='bbox 3113 4729 3505 4804; x_wconf 81' lang='grc' dir='ltr'>Ἰεροσολύμων,</span> <span class='ocrx_word' id='word_1_655' title='bbox 3569 4728 3653 4782; x_wconf 70' lang='grc' dir='ltr'><strong>ἐπὶ</strong></span> <span class='ocrx_word' id='word_1_656' title='bbox 3700 4738 3983 4805; x_wconf 79' lang='grc' dir='ltr'>παρουσίᾳ</span> 
     </span>
    </p>
   </div>
   <div class='ocr_carea' id='block_1_107' title="bbox 2666 4551 3982 4628">
    <p class='ocr_par' dir='ltr' id='par_1_107' title="bbox 2666 4551 3982 4628">
     <span class='ocr_line' id='line_1_107' title="bbox 2666 4551 3982 4628; baseline -0.001 -20"><span class='ocrx_word' id='word_1_657' title='bbox 2666 4558 3007 4627; x_wconf 85' lang='grc' dir='ltr'>πατριάρχου</span> <span class='ocrx_word' id='word_1_658' title='bbox 3103 4552 3682 4614; x_wconf 82' lang='grc' dir='ltr'>Κωνσταντινουπόλεως</span> <span class='ocrx_word' id='word_1_659' title='bbox 3769 4551 3820 4606; x_wconf 79' lang='grc' dir='ltr'>ἓν</span> <span class='ocrx_word' id='word_1_660' title='bbox 3898 4565 3982 4628; x_wconf 81' lang='grc' dir='ltr'>τῷ</span> 
     </span>
    </p>
   </div>
   <div class='ocr_carea' id='block_1_108' title="bbox 2363 4816 3979 4893">
    <p class='ocr_par' dir='ltr' id='par_1_108' title="bbox 2363 4816 3979 4893">
     <span class='ocr_line' id='line_1_108' title="bbox 2363 4816 3979 4893; baseline 0 -18"><span class='ocrx_word' id='word_1_661' title='bbox 2363 4831 2455 4876; x_wconf 78' lang='grc' dir='ltr'>τοῦ</span> <span class='ocrx_word' id='word_1_662' title='bbox 2476 4821 2841 4874; x_wconf 75' lang='grc' dir='ltr'>πανσεϐάστου</span> <span class='ocrx_word' id='word_1_663' title='bbox 2889 4820 3147 4872; x_wconf 79' lang='grc' dir='ltr'>σεϐάστοῠ</span> <span class='ocrx_word' id='word_1_664' title='bbox 3191 4825 3281 4872; x_wconf 81' lang='grc' dir='ltr'><strong>καὶ</strong></span> <span class='ocrx_word' id='word_1_665' title='bbox 3319 4819 3545 4892; x_wconf 76' lang='grc' dir='ltr'>μεγάλου</span> <span class='ocrx_word' id='word_1_666' title='bbox 3605 4816 3979 4893; x_wconf 77' lang='grc' dir='ltr'>ὃρουγγαρὶου</span> 
     </span>
    </p>
   </div>
   <div class='ocr_carea' id='block_1_109' title="bbox 3578 4909 3979 4981">
    <p class='ocr_par' dir='ltr' id='par_1_109' title="bbox 3578 4909 3979 4981">
     <span class='ocr_line' id='line_1_109' title="bbox 3578 4909 3979 4981; baseline 0.012 -21"><span class='ocrx_word' id='word_1_667' title='bbox 3578 4914 3669 4961; x_wconf 82' lang='grc' dir='ltr'><strong>καί</strong></span> <span class='ocrx_word' id='word_1_668' title='bbox 3736 4909 3979 4981; x_wconf 81' lang='grc' dir='ltr'>μεγάλου</span> 
     </span>
    </p>
   </div>
   <div class='ocr_carea' id='block_1_110' title="bbox 3011 4998 3980 5071">
    <p class='ocr_par' dir='ltr' id='par_1_110' title="bbox 3011 4998 3980 5071">
     <span class='ocr_line' id='line_1_110' title="bbox 3011 4998 3980 5071; baseline 0.002 -20"><span class='ocrx_word' id='word_1_669' title='bbox 3011 4999 3273 5065; x_wconf 78' lang='grc' dir='ltr'>Ἰωάννου,</span> <span class='ocrx_word' id='word_1_670' title='bbox 3337 4998 3431 5049; x_wconf 79' lang='grc' dir='ltr'>τοῦ</span> <span class='ocrx_word' id='word_1_671' title='bbox 3482 5003 3980 5071; x_wconf 76' lang='grc' dir='ltr'>μεγαεπὶφανεστά-</span> 
     </span>
    </p>
   </div>
   <div class='ocr_carea' id='block_1_111' title="bbox 2362 4906 3489 4987">
    <p class='ocr_par' dir='ltr' id='par_1_111' title="bbox 2362 4906 3489 4987">
     <span class='ocr_line' id='line_1_111' title="bbox 2362 4906 3489 4987; baseline -0.004 -22"><span class='ocrx_word' id='word_1_672' title='bbox 2362 4920 2526 4987; x_wconf 80' lang='grc' dir='ltr'>κυρού</span> <span class='ocrx_word' id='word_1_673' title='bbox 2584 4914 2857 4983; x_wconf 70' lang='grc' dir='ltr'>Στεφάνου.</span> <span class='ocrx_word' id='word_1_674' title='bbox 2917 4917 3009 4962; x_wconf 80' lang='grc' dir='ltr'>τοῦ</span> <span class='ocrx_word' id='word_1_675' title='bbox 3063 4906 3489 4981; x_wconf 77' lang='grc' dir='ltr'>μεγαδοξότάτου</span> 
     </span>
    </p>
   </div>
   <div class='ocr_carea' id='block_1_112' title="bbox 2362 5001 2933 5076">
    <p class='ocr_par' dir='ltr' id='par_1_112' title="bbox 2362 5001 2933 5076">
     <span class='ocr_line' id='line_1_112' title="bbox 2362 5001 2933 5076; baseline -0.007 -22"><span class='ocrx_word' id='word_1_676' title='bbox 2362 5001 2716 5076; x_wconf 72' lang='grc' dir='ltr'>λογαριαστοῦ</span> <span class='ocrx_word' id='word_1_677' title='bbox 2773 5008 2933 5074; x_wconf 77' lang='grc' dir='ltr'>κυρου</span> 
     </span>
    </p>
   </div>
   <div class='ocr_carea' id='block_1_113' title="bbox 2363 5086 3983 5163">
    <p class='ocr_par' dir='ltr' id='par_1_113' title="bbox 2363 5086 3983 5163">
     <span class='ocr_line' id='line_1_113' title="bbox 2363 5086 3983 5163; baseline -0.001 -20"><span class='ocrx_word' id='word_1_678' title='bbox 2363 5110 2453 5143; x_wconf 84' lang='grc' dir='ltr'><strong>του</strong></span> <span class='ocrx_word' id='word_1_679' title='bbox 2539 5089 2833 5163; x_wconf 80' lang='grc' dir='ltr'>ἆσηκρῆτις</span> <span class='ocrx_word' id='word_1_680' title='bbox 2884 5095 3052 5162; x_wconf 79' lang='grc' dir='ltr'>κμροῦ</span> <span class='ocrx_word' id='word_1_681' title='bbox 3135 5086 3392 5139; x_wconf 78' lang='grc' dir='ltr'>Πικολάου</span> <span class='ocrx_word' id='word_1_682' title='bbox 3454 5095 3544 5138; x_wconf 78' lang='grc' dir='ltr'>τοῦ</span> <span class='ocrx_word' id='word_1_683' title='bbox 3602 5093 3838 5161; x_wconf 79' lang='grc' dir='ltr'>Ζωναρᾶ,</span> <span class='ocrx_word' id='word_1_684' title='bbox 3879 5092 3983 5143; x_wconf 73' lang='grc' dir='ltr'>τοῦ</span> 
     </span>
    </p>
   </div>
   <div class='ocr_carea' id='block_1_114' title="bbox 2365 5174 3984 5252">
    <p class='ocr_par' dir='ltr' id='par_1_114' title="bbox 2365 5174 3984 5252">
     <span class='ocr_line' id='line_1_114' title="bbox 2365 5174 3984 5252; baseline 0.001 -22"><span class='ocrx_word' id='word_1_685' title='bbox 2365 5180 2908 5252; x_wconf 70' lang='grc' dir='ltr'>μεγαεπιφανεστάτου</span> <span class='ocrx_word' id='word_1_686' title='bbox 2965 5174 3322 5249; x_wconf 76' lang='grc' dir='ltr'>νομοφύλακος</span> <span class='ocrx_word' id='word_1_687' title='bbox 3373 5176 3462 5227; x_wconf 84' lang='grc' dir='ltr'><strong>καὶ</strong></span> <span class='ocrx_word' id='word_1_688' title='bbox 3513 5174 3596 5228; x_wconf 85' lang='grc' dir='ltr'>ἐπί</span> <span class='ocrx_word' id='word_1_689' title='bbox 3639 5183 3739 5227; x_wconf 84' lang='grc' dir='ltr'>τῶν</span> <span class='ocrx_word' id='word_1_690' title='bbox 3780 5176 3984 5232; x_wconf 79' lang='grc' dir='ltr'>οἰκεια-</span> 
     </span>
    </p>
   </div>
   <div class='ocr_carea' id='block_1_115' title="bbox 2365 5260 3981 5341">
    <p class='ocr_par' dir='ltr' id='par_1_115' title="bbox 2365 5260 3981 5341">
     <span class='ocr_line' id='line_1_115' title="bbox 2365 5260 3981 5341; baseline 0 -21"><span class='ocrx_word' id='word_1_691' title='bbox 2365 5278 2467 5320; x_wconf 83' lang='grc' dir='ltr'>κών</span> <span class='ocrx_word' id='word_1_692' title='bbox 2507 5276 2667 5341; x_wconf 85' lang='grc' dir='ltr'>κυρου</span> <span class='ocrx_word' id='word_1_693' title='bbox 2713 5262 2992 5337; x_wconf 77' lang='grc' dir='ltr'>Θεοδώρου</span> <span class='ocrx_word' id='word_1_694' title='bbox 3051 5272 3142 5317; x_wconf 71' lang='grc' dir='ltr'>τοῦ</span> <span class='ocrx_word' id='word_1_695' title='bbox 3188 5270 3542 5336; x_wconf 78' lang='grc' dir='ltr'>Ηαντεχνοῠς·</span> <span class='ocrx_word' id='word_1_696' title='bbox 3591 5260 3981 5339; x_wconf 76' lang='grc' dir='ltr'>συνεδριαζόν-</span> 
     </span>
    </p>
   </div>
   <div class='ocr_carea' id='block_1_116' title="bbox 2367 5350 3981 5430">
    <p class='ocr_par' dir='ltr' id='par_1_116' title="bbox 2367 5350 3981 5430">
     <span class='ocr_line' id='line_1_116' title="bbox 2367 5350 3981 5430; baseline -0.002 -22"><span class='ocrx_word' id='word_1_697' title='bbox 2367 5377 2467 5409; x_wconf 87' lang='grc' dir='ltr'><strong>των</strong></span> <span class='ocrx_word' id='word_1_698' title='bbox 2531 5360 2622 5408; x_wconf 84' lang='grc' dir='ltr'><strong>καί</strong></span> <span class='ocrx_word' id='word_1_699' title='bbox 2690 5357 2974 5430; x_wconf 84' lang='grc' dir='ltr'>ἱερωτάτων</span> <span class='ocrx_word' id='word_1_700' title='bbox 3058 5350 3345 5427; x_wconf 76' lang='grc' dir='ltr'>ἀρχιερέων</span> <span class='ocrx_word' id='word_1_701' title='bbox 3422 5358 3515 5405; x_wconf 85' lang='grc' dir='ltr'>τοῦ</span> <span class='ocrx_word' id='word_1_702' title='bbox 3583 5353 3820 5426; x_wconf 74' lang='grc' dir='ltr'>Ἐφέσου,</span> <span class='ocrx_word' id='word_1_703' title='bbox 3882 5356 3981 5409; x_wconf 67' lang='grc' dir='ltr'>τοῦ</span> 
     </span>
    </p>
   </div>
   <div class='ocr_carea' id='block_1_117' title="bbox 2369 5441 3981 5521">
    <p class='ocr_par' dir='ltr' id='par_1_117' title="bbox 2369 5441 3981 5521">
     <span class='ocr_line' id='line_1_117' title="bbox 2369 5441 3981 5521; baseline -0.001 -23"><span class='ocrx_word' id='word_1_704' title='bbox 2369 5445 2681 5520; x_wconf 79' lang='grc' dir='ltr'>Ἡρακλείας,</span> <span class='ocrx_word' id='word_1_705' title='bbox 2737 5451 2829 5496; x_wconf 74' lang='grc' dir='ltr'>τοῦ</span> <span class='ocrx_word' id='word_1_706' title='bbox 2884 5444 3169 5517; x_wconf 79' lang='grc' dir='ltr'>Ἀγκύρας,</span> <span class='ocrx_word' id='word_1_707' title='bbox 3238 5448 3330 5493; x_wconf 77' lang='grc' dir='ltr'>τοῦ</span> <span class='ocrx_word' id='word_1_708' title='bbox 3398 5441 3651 5511; x_wconf 77' lang='grc' dir='ltr'>Κυζίκου,</span> <span class='ocrx_word' id='word_1_709' title='bbox 3721 5452 3814 5495; x_wconf 80' lang='grc' dir='ltr'>τοῦ</span> <span class='ocrx_word' id='word_1_710' title='bbox 3839 5448 3981 5521; x_wconf 64' lang='grc' dir='ltr'>Σάρς</span> 
     </span>
    </p>
   </div>
   <div class='ocr_carea' id='block_1_118' title="bbox 2373 5529 3984 5604">
    <p class='ocr_par' dir='ltr' id='par_1_118' title="bbox 2373 5529 3984 5604">
     <span class='ocr_line' id='line_1_118' title="bbox 2373 5529 3984 5604; baseline 0 -17"><span class='ocrx_word' id='word_1_711' title='bbox 2373 5532 2521 5601; x_wconf 76' lang='grc' dir='ltr'>ὃεων,</span> <span class='ocrx_word' id='word_1_712' title='bbox 2586 5542 2678 5586; x_wconf 81' lang='grc' dir='ltr'>τοῦ</span> <span class='ocrx_word' id='word_1_713' title='bbox 2738 5529 3183 5599; x_wconf 78' lang='grc' dir='ltr'>Κλαυδιοπόλεως,</span> <span class='ocrx_word' id='word_1_714' title='bbox 3267 5538 3359 5582; x_wconf 76' lang='grc' dir='ltr'>τοῦ</span> <span class='ocrx_word' id='word_1_715' title='bbox 3423 5530 3751 5604; x_wconf 84' lang='grc' dir='ltr'>Ἀντιοχείας</span> <span class='ocrx_word' id='word_1_716' title='bbox 3819 5539 3984 5587; x_wconf 86' lang='grc' dir='ltr'>Πισι-</span> 
     </span>
    </p>
   </div>
   <div class='ocr_carea' id='block_1_119' title="bbox 663 5708 1106 5781">
    <p class='ocr_par' dir='ltr' id='par_1_119' title="bbox 663 5708 1106 5781">
     <span class='ocr_line' id='line_1_119' title="bbox 663 5708 1106 5781; baseline 0.009 -18"><span class='ocrx_word' id='word_1_717' title='bbox 663 5708 687 5742; x_wconf 78' lang='grc'>⁶</span> <span class='ocrx_word' id='word_1_718' title='bbox 716 5708 890 5768; x_wconf 85' lang='lat' dir='ltr'><strong>Hebr.</strong></span> <span class='ocrx_word' id='word_1_719' title='bbox 919 5728 979 5781; x_wconf 71' lang='grc' dir='ltr'>ι,</span> <span class='ocrx_word' id='word_1_720' title='bbox 1015 5714 1106 5769; x_wconf 83' lang='grc'><strong>14.</strong></span> 
     </span>
    </p>
   </div>
  </div>
