4136 6388
511 313 610 370 151
1852 305 2124 365 ΝΙΟΕΤΕ
2178 303 2563 362 ΟΗΟΝΙΑΤΛΕ
3777 302 3886 360 152

507 441 689 512 atque
705 437 882 494 unius
911 436 1306 509 ejusdemque
1333 434 1564 490 naturas
1590 429 1890 505 simulque
1928 431 2140 488 immor

2277 427 2471 504 Τριὰδι
2527 433 2816 503 προσώπων
2888 429 3183 503 ἐνιζομένην
3263 431 3353 481 καὶ
3441 429 3563 502 μίαν
3625 429 3884 506 γνωριζο-

506 527 687 584 talem
719 543 850 583 esse
871 527 1320 598 cognoscimus,
1343 524 1474 580 haec
1496 522 1924 596 mysteriorum
1944 521 2139 579 oblatir

2277 524 2432 592 μένην
2488 522 2708 578 θεότητα
2759 528 2969 593 συμφυῆ
3042 540 3096 574 τε
3157 523 3247 572 καί
3298 515 3571 572 συναίδιον
3629 522 3722 578 τήν
3777 528 3882 572 τῶν

505 619 562 672 et
591 615 734 673 olim
759 615 918 673 facta
948 616 1124 672 fuerit
1155 620 1212 670 et
1233 629 1396 670 nunc
1423 612 1549 682 ﬁat,
1573 617 1753 686 atque
1803 627 1839 667 a
1867 611 2133 668 Trinitati

2274 614 2580 685 μυστηρίων
2671 614 3018 683 προσαγωγὴν
3103 611 3420 682 γεγενῆσθαί
3499 627 3551 662 τε
3616 627 3704 662 και
3751 614 3885 682 γίνε-

501 708 798 777 potestate
829 706 998 762 omni
1029 710 1297 777 tempore
1319 703 1681 776 perﬁciatur.
1715 704 1834 758 Hoc
1849 699 1948 757 ille
1965 699 2134 756 aieba

2277 701 2422 768 σθαι,
2483 699 2835 773 τελειουμένην
2911 695 3004 752 διὰ
3083 706 3175 761 τῆς
3265 697 3580 751 τιλειοποιοῦ
3651 696 3884 775 Τριάδος

504 811 568 852 se
623 795 1032 852 indubitanter
1083 793 1323 863 sentire,
1385 793 1503 849 hoc
1551 789 1800 847 ﬁrmiter
1847 806 1884 846 a
1947 788 2137 844 divini:

2272 788 2536 844 ἑκάστοτε.
2597 795 2763 842 Τοῦτο
2833 785 3207 849 ἀνενδοιάστως
3278 793 3495 862 φρονεῖν,
3558 794 3708 841 τοῦτο
3783 785 3883 860 βε-

503 885 889 958 comprobari
913 884 1250 958 Scripturis,
1283 899 1392 956 pro
1434 881 1552 940 hoc
1579 881 1830 939 demum
1877 879 2136 951 dogmati

2273 877 2431 942 ϐαίως
2485 883 2576 932 καὶ
2631 880 2732 931 ἀπὸ
2781 886 2881 930 τῶν
2952 879 3097 931 θείων
3184 877 3685 951 πεπληροφορῆσθαι
3745 882 3885 952 Γρα-

502 977 791 1047 paratum
813 990 874 1031 se
896 973 1072 1032 mori.

2271 976 2396 1042 φῶν,
2446 970 2614 1042 τούτῳ
2670 988 2761 1021 και
2811 969 3258 1029 συναποθνήσκειν
3307 966 3524 1040 ἑτοίμως
3599 967 3739 1039 ἔχειν
3800 974 3883 1039 τῷ

2271 1054 2524 1130 δόγματι.

570 1153 656 1212 lta
677 1152 926 1227 quidem
947 1151 1272 1211 conﬁdenti
1293 1151 1500 1208 animo
1518 1153 1750 1207 Russus
1771 1148 2154 1222 loquebatur.

2343 1147 2400 1200 '0
2475 1151 2565 1221 μέν
2623 1145 2843 1210 Ῥωσίας
2933 1153 3102 1200 ταῦτα
3168 1145 3680 1222 πεπαρῥησιασμένῳ
3755 1167 3858 1221 φρο

501 1243 649 1300 Cum
679 1247 883 1301 autem
911 1259 1006 1300 res
1033 1244 1328 1316 posceret,
1358 1245 1424 1297 ut
1447 1241 1871 1314 episcoporum
1911 1253 2134 1312 quoqur

2266 1239 2462 1310 νήματι
2505 1235 2743 1299 ἐξελάλει.
2801 1242 2888 1299 Ὡς
2933 1232 2992 1289 δε
3048 1237 3240 1308 ἀπῄτει
3285 1239 3342 1288 τό
3393 1241 3631 1309 πρᾶγμα,
3679 1239 3771 1288 καί
3817 1239 3885 1289 τὸ

497 1348 820 1391 consessus
849 1349 1028 1389 suum
1070 1331 1417 1402 singillatim
1446 1329 1623 1386 ferret
1652 1328 2030 1399 suffragium,
2067 1343 2130 1384 sa

2267 1334 2364 1389 τῆς
2437 1335 2610 1388 κοινῆς
2681 1333 2780 1379 τῶν
2835 1324 3122 1401 ἀρχιερέων
3204 1324 3669 1379 ἀποκαλύπτεσθαι
3757 1327 3885 1379 σύν-

496 1421 875 1479 cratissimus
901 1420 1382 1494 metropolitanre
1396 1419 1663 1476 ecclesiae
1686 1419 1902 1492 Ephesi
1933 1417 2129 1475 archie

2269 1417 2420 1489 θέμα,
2488 1417 2514 1468 6
2585 1415 2861 1489 ἱερώτατος
2937 1419 3360 1492 άρχιεπίσκοπος
3443 1423 3540 1478 τῆς
3609 1434 3888 1489 μητροπο-

492 1511 800 1585 piscopus,
831 1511 990 1568 haud
1012 1509 1234 1567 diutius
1262 1509 1551 1566 divinisui
1573 1509 1988 1581 zeliimpetum
2017 1522 2125 1564 con

2266 1504 2386 1567 λεως
2450 1505 2669 1578 Ἐφέσου
2738 1514 2946 1578 πρῶτος
3011 1508 3204 1559 αὐτίκα
3253 1510 3346 1565 τήν
3405 1501 3572 1559 ὠδῖνα
3631 1509 3703 1578 μὴ
3764 1508 3885 1558 στε-

494 1601 683 1660 tinere
715 1601 1044 1672 sustinens,
1078 1616 1140 1656 se
1172 1617 1311 1656 cum
1338 1602 1526 1656 Russo
1557 1600 1788 1671 primus
1819 1597 2037 1654 sentire
2058 1613 2127 1654 ex

2265 1614 2374 1667 γειν
2413 1597 2489 1648 ἔτι
2517 1596 2618 1657 οἶός
2661 1613 2715 1648 τε
2762 1594 2828 1647 ὧν
2868 1602 2962 1648 τοῦ
3003 1597 3201 1657 ἐνόντος
3247 1598 3414 1666 τούτῳ
3464 1593 3634 1648 ἐνθέου
3689 1593 3881 1658 ζήλου,

493 1691 1059 1764 clamavit,atquein
1079 1691 1194 1746 hac
1209 1688 1586 1745 confessione
1600 1687 1958 1744 moriturum
1975 1686 2126 1743 conﬁ

2267 1687 2562 1758 όμοφρόνως
2637 1692 2710 1755 τῷ
2775 1682 2997 1747 Ῥωσίας
3071 1691 3269 1760 φρονεῖν
3362 1684 3661 1757 ἀνεκήρυξε,
3760 1703 3887 1736 συν-

493 1781 706 1838 denter
722 1780 1060 1837 admodum
1077 1778 1445 1836 afﬁrmabat.
1466 1781 1676 1835 Parem
1691 1777 2051 1834 sententiam
2069 1791 2126 1833 re

2269 1776 2541 1827 αποθανεῖν
2605 1778 2695 1827 καί
2759 1772 2914 1836 αὐτὸς
2985 1782 3047 1834 τῆ
3117 1776 3333 1834 τοιαύτη
3403 1773 3655 1846 ὁμολογία
3733 1772 3886 1846 μάλα

492 1869 696 1942 liquus
708 1869 890 1925 etiam
906 1869 1328 1941 episcoporum
1344 1872 1534 1924 coetus
1548 1867 1921 1940 protulit,qui
1937 1866 2125 1939 parite

2270 1862 2588 1939 θαρρούντως
2664 1863 3068 1938 ἰσχυριζόμενος
3108 1880 3122 1894 θ
3207 1867 3272 1917 τὰ
3337 1863 3474 1917 αὐτὰ
3553 1860 3614 1917 δι
3670 1865 3881 1926 τούτοις

497 1960 938 2017 consentientes
979 1959 1426 2031 concordesque
1473 1959 1634 2014 nacti
1678 1962 1819 2013 sunt
1859 1961 2130 2030 quotquo

2264 1952 2566 2028 πρεσϐεύειν
2655 1958 2745 2005 καί
2837 1952 2991 2013 λοιπή
3071 1961 3172 2006 τῶν
3244 1953 3528 2027 ἀρχιερέων
3614 1954 3882 2026 ὁμήγυρις

498 2048 754 2106 erantin
774 2063 849 2105 eo
877 2064 1174 2104 consessu
1205 2064 1276 2104 ex
1307 2051 1519 2104 senatu
1538 2046 1634 2103 vel
1659 2045 1903 2103 aliunde
1935 2062 2128 2103 convo

2269 2044 2634 2115 συγκατέθετο,
2715 2044 3014 2118 σύμφρονας
3078 2042 3164 2096 ἐπι
3223 2046 3429 2105 τούτοις
3495 2045 3724 2117 εὑροῦσα
3785 2061 3885 2095 και

499 2138 655 2208 cati;
681 2143 821 2195 ante
851 2153 1064 2194 omnes
1087 2153 1226 2194 vero
1263 2136 1712 2193 sanctissimum
1749 2135 2132 2208 patriarchan

2267 2133 2630 2206 ὁμογνώμονας
2687 2133 2807 2185 ὅσον
2867 2151 2922 2186 τε
2986 2139 3080 2185 τοῦ
3149 2131 3400 2205 συλλόγου
3462 2135 3619 2208 μέρος
3674 2130 3729 2184 ἐκ
3785 2139 3882 2194 τῆς

497 2227 1056 2300 Hierosolymorum
1116 2225 1468 2292 Nicolaum;
1518 2225 1743 2299 quibus
1790 2224 2130 2282 accedeban

2269 2220 2564 2293 συγκλήτου
2625 2218 2928 2296 συήνδρευε,
2977 2226 3068 2274 καὶ
3135 2222 3190 2284 ὃς
3246 2221 3454 2275 ἂλλοθεν
3533 2227 3883 2297 παρεστηκὼς

501 2321 802 2391 quotquot
829 2316 1120 2390 praedicto
1135 2315 1663 2388 dogmatideﬁnite
1673 2313 2134 2388 astipulabantm

2267 2311 2572 2384 ἕγνωρίξετο
2629 2326 2642 2342 ’
2700 2314 2802 2384 πρὸ
2871 2307 2930 2365 δὲ
3002 2313 3196 2365 τούτων
3272 2309 3510 2364 ἁπάντων
3577 2310 3732 2364 αὐτόν
3790 2313 3881 2364 τὸν

502 2411 561 2466 et
587 2407 1010 2467 adhaerebant.

2270 2398 2555 2471 ἁγιώτατον
2681 2402 3025 2476 πατριάρχην
3128 2399 3498 2474 Ἰεροσολύμων
3600 2398 3879 2453 Νικόλαον·

2269 2487 2380 2561 μεθ’
2445 2488 2512 2540 ὧν
2563 2485 2698 2547 ἦσαν
2751 2491 2799 2541 οἰ
2852 2497 2924 2560 τῷ
2974 2489 3186 2564 ῥηθέντι
3247 2485 3479 2563 δόγματι
3539 2491 3674 2542 κατὰ
3699 2489 3889 2561 [πάντα

2275 2582 2612 2650 στοιχούντές
2641 2597 2694 2631 τε
2724 2582 2814 2630 καί
2833 2577 3146 2651 ἐμμένοντες.

579 2680 823 2751 Oportet
880 2679 1084 2734 autem
1123 2680 1180 2734 et
1222 2677 1491 2750 ipsorum
1547 2675 1800 2732 nomina
1858 2674 2162 2745 sigillatim

2345 2674 2431 2720 Δεῖ
2491 2670 2593 2741 γὰρ
2687 2667 2955 2721 κάνταῦθα
3022 2672 3219 2722 τούτων
3319 2668 3702 2741 ἐπιμνησθῆναι
3766 2670 3886 2722 κατ’

500 2769 898 2843 perscribere.
941 2771 1023 2824 Ex
1069 2772 1284 2825 senatu
1329 2767 1576 2840 quidem
1607 2767 1667 2823 hi
1703 2784 1716 2823 :
1757 2766 2131 2840 pansebastu

2275 2762 2455 2830 ὄνομα.
2515 2758 2606 2810 Ἐκ
2666 2760 2758 2831 μὲν
2823 2765 2917 2820 τῆς
2990 2757 3288 2830 συγκλήτου
3369 2757 3566 2831 βουλῆς
3646 2753 3761 2810 οἰὸε
3802 2780 3816 2791 ·
3860 2760 3885 2810 ὁ

508 2859 788 2916 sebastus
825 2873 1089 2930 magnus
1120 2857 1488 2928 drungarius
1509 2856 1794 2913 dominus
1827 2855 2141 2929 Stephanu:

2275 2846 2631 2908 πανσέϐαστος
2663 2846 2915 2910 σεϐαστός
2951 2851 3044 2914 καὶ
3092 2852 3251 2920 μέγας
3316 2844 3668 2923 δρουγγάριος
3728 2855 3883 2920 κῦρος

513 2947 1358 3021 Comnenus,Gloriosissimus
1372 2947 1820 3019 protonotarius
1834 2951 1890 3002 et
1908 2961 2092 3016 magn
2101 2961 2146 3000 u:

2280 2939 2521 3008 Στέφανος
2589 2937 2615 2988 6
2694 2940 2962 3009 Κομνηνός
3033 2957 3046 2971 ο
3115 2937 3140 2988 6
3198 2933 3617 3009 μεγαδοξότατος
3684 2955 3891 3012 πρωτο-

512 3037 1410 3109 logothetadominusloannes.
1428 3035 1917 3092 lllustrissimusa
1930 3034 2145 3090 secreti.

2281 3027 2516 3102 νοτάριος
2567 3031 2658 3078 καὶ
2734 3029 2896 3099 μέγας
2959 3024 3314 3098 λογαριαστής
3383 3034 3540 3100 κῦρος
3587 3026 3833 3088 Ἰωάννης
3873 3044 3888 3057 ·

518 3127 806 3184 dominus
833 3125 1111 3183 Nicolaus
1140 3129 1424 3182 Zonaras.
1477 3124 1916 3180 lltustrissimus
1965 3139 2150 3179 nomo

2285 3119 2310 3168 6
2381 3119 2916 3186 μεγαεπιφανέστατος
3011 3113 3302 3190 ἀσηκρῆτις
3398 3123 3554 3190 κῦρος
3632 3115 3894 3177 Νικόλαος

2299 3203 2312 3218 ε
2379 3211 2413 3223 η
2572 3211 2591 3218 ι-
2649 3219 2662 3223 ,
2813 3209 2823 3221 ο
2912 3205 2922 3219 Ι
3327 3209 3337 3221 ι
3787 3205 3830 3223 ιχ

519 3215 770 3290 phylax,
811 3219 870 3272 et
906 3213 1375 3272 domesticorum
1422 3214 1782 3286 praepositus
1830 3212 2152 3269 Theodoru:

2287 3203 2312 3256 6
2379 3211 2618 3277 Ζωναρᾶς
2649 3219 2663 3234 ⁶
2733 3209 2823 3256 καί
2897 3205 2923 3256 ό
2989 3209 3533 3278 μεγαεπιφανέστατος
3606 3205 3904 3278 νομοφύλαί

522 3306 922 3364 Pantechnes.
963 3307 1045 3359 Ex
1085 3303 1430 3360 veneranda
1469 3307 1670 3358 autem
1709 3304 1827 3358 Deo
1858 3303 2155 3359 chararun

2288 3299 2378 3347 καὶ
2435 3294 2519 3347 ἐπὶ
2573 3303 2672 3346 τῶν
2726 3295 2996 3346 οἱκειακῶν
3076 3303 3234 3370 κῦρος
3283 3291 3560 3368 Θεόδωρος
3625 3296 3650 3348 6
3704 3301 3906 3349 Παντε-

521 3393 891 3464 dignitatum
922 3395 1179 3459 caterva,
1208 3391 1561 3464 reliquoque
1592 3407 1768 3447 sacro
1789 3396 2022 3458 senatu,
2050 3407 2152 3448 ma

2291 3390 2428 3458 χνής
2469 3401 2482 3415 ’
2531 3383 2586 3437 ἐκ
2626 3381 2685 3437 δὲ
2731 3393 2821 3445 τῆς
2875 3383 3191 3460 ἐντιμοτέρας
3248 3393 3348 3437 τῶν
3397 3404 3451 3437 τε
3491 3383 3905 3457 θεοφιλεστάτων

527 3500 685 3556 gnus
723 3482 1208 3548 archidiaconus,
1247 3496 1507 3551 magnus
1546 3496 1920 3547 oeconcmus,
1953 3482 2159 3538 charto

2295 3473 2566 3546 ἀρχόντων
2613 3473 2842 3534 πληθύος
2897 3494 2984 3526 και
3043 3482 3139 3536 τῆς
3215 3473 3375 3536 ἄλλης
3432 3479 3568 3546 ἱερᾶς
3621 3480 3905 3548 γερουσίας

529 3573 780 3648 phylax,
834 3571 1206 3636 sacellarius,
1260 3571 1732 3644 protonotarius,
1778 3571 2161 3628 canistrarius

2295 3565 2460 3618 οὗτοι·
2507 3564 2532 3615 6
2575 3567 2739 3636 μέγας
2792 3560 3190 3635 ἀρχιδιάκονος,
3246 3569 3337 3616 καὶ
3408 3562 3435 3616 6
3483 3567 3646 3636 μέγας
3698 3567 3901 3616 οἰκονο-

528 3661 988 3730 referendarius,
1016 3661 1096 3718 ab
1123 3660 1292 3731 actis,
1323 3660 1556 3732 primus
1579 3660 1881 3732 ostiarius,
1900 3661 2161 3733 magiste‘

2296 3675 2411 3728 μος,
2463 3654 2489 3705 6
2541 3652 2902 3724 χαρτοφύλαξ,
2970 3655 2995 3705 ό
3056 3653 3412 3726 σακελλάριος,
3477 3654 3502 3705 6
3571 3653 3901 3728 πρωτονοταὶ-

530 3751 1018 3823 Evangeliorum,
1084 3754 1420 3822 suggestor,
1494 3750 1728 3822 primus
1783 3749 2163 3807 Ecclesiarun

2295 3770 2423 3828 ριος,
2481 3751 2507 3803 ὁ
2582 3753 2944 3824 κανστρίσιος,
3016 3751 3042 3801 ό
3103 3745 3606 3826 ῥαιιρερενὸοίριος,ό
3661 3751 3908 3822 ὑπομνη-

529 3841 910 3916 praepositus,
943 3857 980 3898 a
1007 3839 1381 3913 supplicibus
1410 3838 1647 3907 libellis,
1681 3839 1982 3897 secundus
2009 3840 2162 3898 ostia

2298 3843 2654 3916 ματογράφος,
2689 3841 2713 3891 6
2752 3847 2956 3910 πρῶτος
2991 3839 3279 3912 όπτιὰριος,
3349 3841 3374 3891 ό
3431 3835 3760 3899 διδάσκαλος
3799 3847 3910 3892 τῶν

531 3932 676 4003 rius,
722 3930 1028 3989 secundus
1073 3929 1473 3986 Ecclesiarum
1527 3929 1914 4002 praepositus,
1970 3929 2162 3986 doctis

2298 3929 2646 4003 Εύαγγελίων,
2725 3929 2750 3981 ό
2824 3931 3258 4002 ὑπομιμνήσκων,
3337 3930 3362 3981 ὁ
3454 3937 3658 4003 πρῶτος
3716 3927 3911 4002 ἅρχων

533 4019 1118 4094 simipatriarchales
1135 4019 1370 4091 notarii,
1402 4021 1704 4075 secundus
1745 4019 2166 4085 diaconus,alii

2297 4029 2397 4074 τῶν
2451 4019 2796 4085 ³Εκκλησιῶν,
2861 4020 2886 4070 ό
2949 4021 3032 4071 ἐπὶ
3083 4027 3182 4071 τῶν
3250 4015 3502 4089 δεήσεων,
3561 4021 3586 4072 ό
3659 4017 3912 4093 δεύτερος

535 4126 653 4183 que
679 4126 694 4177 ;
722 4113 865 4166 item
887 4124 1010 4165 non
1038 4108 1280 4164 modica
1299 4123 1442 4180 pars
1467 4107 1572 4181 qui
1590 4110 1787 4163 astant
1808 4107 2168 4179 patriarcha]

2301 4111 2592 4184 ὀστιάριος,
2649 4111 2675 4162 ό
2743 4105 2980 4185 δεύτερος
3041 4109 3224 4184 ἄρχων
3290 4116 3392 4161 τῶν
3461 4108 3801 4176 Ἐκκλησιῶν,
3856 4112 3914 4162 οἱ

533 4199 754 4254 throno
788 4197 1278 4254 doctissimorum
1320 4200 1499 4267 atque
1540 4195 1952 4266 piissimorum
1993 4197 2166 4252 diaco

2299 4198 2606 4270 λογιώτατοι
2692 4203 3077 4272 πατριαρχικοὶ
3158 4196 3410 4272 νοτάριοι,
3495 4198 3520 4250 ὁ
3592 4194 3912 4272 δευτερεύων

536 4301 758 4344 norum
797 4285 904 4358 qui
944 4283 1360 4354 ﬁrmojudicio
1415 4283 1741 4356 propositae
1781 4283 1939 4340 circa
1976 4284 2169 4340 viviﬁc

2300 4297 2400 4341 τῶν
2449 4285 2725 4358 διακόνων,
2787 4292 2876 4340 καὶ
2929 4288 3093 4362 ἕτεροι
3124 4305 3137 4318 ·
3193 4288 3288 4340 οὐκ
3339 4286 3487 4359 ὀλίγη
3548 4306 3602 4340 τε
3653 4295 3752 4339 τῶν
3782 4293 3913 4362 περὶ

537 4373 818 4432 sacriﬁcii
893 4373 1262 4430 oblationem
1321 4372 1627 4428 sententiae
1696 4373 1848 4428 adeo
1907 4373 2167 4430 faveban

2299 4381 2358 4430 τό
2459 4376 2612 4450 βῆμα
2674 4375 3083 4451 ἐλλογιμωτέρων
3165 4374 3549 4429 εὐλαϐεστάτων
3646 4371 3912 4428 διακόνων

535 4468 604 4521 ut
649 4479 724 4520 ne
753 4463 1148 4536 quaestionem
1196 4461 1443 4535 quidem
1483 4461 1671 4518 ullam
1717 4478 1857 4517 cum
1895 4462 1966 4517 iis
2015 4462 2168 4519 habit

2303 4466 2588 4542 ἀπόμοιρα,
2659 4469 2709 4518 οῖ
2747 4484 2806 4537 γε
2869 4470 2959 4518 καὶ
3016 4461 3323 4537 ἀὸιστοίντῳ
3386 4468 3564 4538 γνώμή
3619 4472 3728 4526 τοῖς
3785 4455 3915 4539 περἱ

534 4553 653 4611 turi
680 4557 896 4624 essent,
923 4552 1028 4626 qui
1046 4551 1186 4608 huic
1214 4551 1487 4621 dogmati
1509 4567 1758 4625 prorsus
1796 4551 2167 4609 adhaererent

2303 4565 2397 4618 τῆς
2465 4562 2815 4629 προσαγωγῆς
2867 4561 2962 4615 τῆς
3025 4553 3284 4614 ζωοποιοῦ
3343 4555 3531 4614 θυσίας
3598 4549 3913 4624 διειλημμέ-

536 4663 639 4704 νοις
698 4640 1032 4716 ὃεεΐογμένοις
1094 4643 1446 4716 προσκείσθαι
1513 4643 1803 4714 ςύμπαντες
1861 4638 2192 4711 ὃιετείναντο,
2258 4649 2328 4708 ὡς
2375 4641 2514 4718 μηδὲ
2591 4645 2889 4705 συζήτησιν
2965 4639 3270 4702 οίανὸήτινα
3343 4643 3532 4696 ἔχουσι
3596 4644 3740 4716 παρά
3796 4648 3916 4706 τοῖς

539 4737 823 4809 προσέχειν
863 4732 993 4794 ὅλως
1033 4733 1315 4785 ἐθέλουσιν.

611 4827 748 4880 Post
787 4824 898 4880 hos
921 4826 1042 4880 Deo
1079 4821 1471 4880 cahrissimus
1513 4822 1744 4895 primus
1791 4821 2071 4880 defensor
2105 4823 2201 4881 Mi-

2381 4821 2599 4896 Ἐφόἶς
2650 4823 2674 4875 ό
2731 4821 3121 4895 θεοφιλέστατος
3178 4818 3534 4896 πρωτέκδικος
3599 4819 3826 4892 Μιχαήλ
3883 4823 3915 4873 ὁ

539 4915 711 4972 chael
751 4912 1304 4971 Thessalonicensis
1351 4928 1526 4968 suam
1569 4913 1790 4984 pariter
1831 4915 2172 4970 sententiau

2304 4920 2398 4967 τοῦ
2438 4912 2849 4980 Θεσσαλονίκης,
2903 4913 3039 4974 ὅπως
3096 4913 3209 4983 ἔχει
3242 4916 3333 4964 καὶ
3389 4911 3532 4972 οὗτος
3587 4929 3919 4986 φρονήματος

537 5005 806 5080 proferre
831 5007 1097 5075 rogatus,
1131 5003 1211 5060 ait
1253 5019 1317 5060 se
1360 5003 1637 5074 quamvis
1667 5009 1848 5060 antea
1877 5004 1952 5060 de
1989 5005 2106 5060 hac
2133 5019 2170 5059 rt

2305 5008 2423 5076 περὶ
2461 5005 2648 5054 τούτου
2698 4999 3102 5074 διερωτώμενος,
3161 5001 3205 5053 εἰ
3254 5006 3344 5052 καὶ
3397 4998 3691 5074 ἀπορητώς,
3724 4999 3915 5070 ἔφησε,

541 5096 900 5162 dubitasset,
934 5093 1216 5168 posthinc
1261 5099 1464 5148 tamen
1508 5093 1818 5150 sententiae
1863 5093 2170 5166 synodicae

2304 5097 2422 5166 περὶ
2451 5095 2637 5144 τούτου
2697 5088 2920 5144 διέκειτο
2975 5093 3242 5166 πρότερον,
3304 5087 3430 5142 ἀλλά
3487 5092 3543 5141 τό
3593 5087 3693 5141 ἀπὸ
3749 5085 3918 5143 τοῦδε

540 5201 678 5257 quas
717 5185 847 5256 jam
879 5184 1213 5252 dicebatur,
1259 5181 1506 5238 omnino
1538 5197 1661 5239 non
1710 5182 2170 5240 adversaturum

2307 5186 2377 5254 μή
2422 5180 2716 5234 ἀντιτείνειν
2743 5178 2872 5255 μηδ’
2897 5180 3024 5242 ὅλως
3050 5187 3178 5252 τοῖς,
3201 5176 3422 5242 δόξασιν
3445 5175 3552 5237 ἤδη
3593 5174 3913 5249 συνοὸικῶς,

539 5273 664 5330 imo
690 5289 828 5330 eam
859 5277 1204 5330 secuturum
1236 5271 1594 5344 spondebat.

2307 5270 2523 5324 ἕπεσθαι
2555 5268 2614 5324 δέ
2643 5274 2845 5332 τούτοις
2875 5275 2965 5322 καὶ
3001 5271 3154 5329 αὑτός
3191 5270 3505 5323 κατετιθετο.

614 5362 1065 5434 Dyrrachiensis
1098 5366 1321 5432 autem,
1343 5379 1483 5418 cum
1510 5361 1662 5418 etab
1703 5361 1836 5435 ipso
1867 5359 2193 5434 postulare-

2375 5359 2440 5412 Ὀ
2497 5365 2671 5432 μέντοι
2718 5359 3041 5434 Δυρραχίου,
3083 5362 3169 5411 τόν
3210 5363 3396 5412 οίκείον
3447 5361 3640 5410 σκοπόν
3678 5361 3768 5409 καὶ
3825 5359 3917 5410 οὖ-

541 5459 634 5511 tur
663 5457 729 5508 ut
758 5466 1003 5508 sensum
1034 5468 1212 5506 suum
1244 5452 1518 5524 aperiret,
1543 5452 1738 5523 primo
1767 5450 2014 5522 quidem
2035 5449 2174 5506 ham

2304 5469 2392 5512 τος
2449 5454 2606 5503 εἰπεῖν
2680 5450 3078 5520 ἀπαιτούμενος,
3139 5455 3324 5521 πρῶτα
3380 5449 3469 5518 μὲν
3544 5451 3754 5519 γνώμην
3825 5443 3917 5501 δέ-

540 5542 621 5602 ad
642 5539 892 5598 verbum
914 5539 1266 5598 sententiam
1281 5537 1526 5614 protulit
1549 5554 1562 5595 :
1593 5539 1842 5597 Domine
1864 5540 1947 5595 mi
1969 5544 2170 5598 sancte

2306 5533 2442 5592 δωκε
2478 5539 2614 5592 κατά
2672 5535 2821 5614 ῥῆμα
2883 5531 3047 5590 ταῦτει
3113 5529 3600 5610 διαλαμϐάνονσαν.
3673 5538 3919 5590 Δίσποτά

537 5641 769 5705 vosque
798 5623 1028 5688 domini
1071 5625 1191 5688 mei
1225 5631 1405 5703 atque
1443 5623 1926 5701 consacerdotes,
1959 5623 2170 5702 magni:

2302 5641 2404 5705 μον
2461 5620 2599 5702 ἅγιε,
2653 5626 2742 5681 καὶ
2787 5616 2931 5700 ὑμεῖς
2979 5616 3236 5681 δεσπόται
3289 5637 3390 5700 μον
3436 5623 3528 5680 καὶ
3582 5617 3920 5700 σσλλιιτευρο
