4136 6392
266 299 374 357 153

1596 299 1950 360 THESAURI
1988 303 2122 362 LIB.
2164 303 2342 363 XXIV.

3540 314 3642 371 156

264 428 381 497 γοὶ,
434 426 554 499 περὶ
620 422 862 498 μεγάλων
906 423 1229 498 πραγμάτων
1533 425 1592 481 ού
1648 423 1879 502 δύναμαι

1992 445 2100 503 ego
2123 431 2197 488 de
2213 432 2395 489 rebus
2413 432 2580 490 haud
2608 433 2784 492 facile
2807 434 3109 507 judicium
3138 452 3343 494 meum
3373 452 3644 510 pronun-

269 510 670 586 ἀποφαίνεσθαι.
724 516 823 567 Διά
864 520 1091 582 τοιοῦτο,
1160 516 1283 590 ὅπερ
1341 519 1433 568 καὶ
1507 515 1683 570 ἄλλοτε
1746 518 1879 572 πο).-

266 602 420 666 λάκις
469 607 598 679 πρὸς
647 608 741 663 τὴν
796 605 1044 678 ὑμετέραν
1093 600 1233 658 εἶπον
1300 604 1602 677 ἁγιωσύση,
1652 612 1742 661 καὶ
1789 616 1878 661 νύν

274 689 371 746 διὰ
412 702 501 754 τῆς
543 697 821 765 παρούσης
873 692 1006 765 λέγω
1081 702 1291 768 γραφῆς
1364 713 1485 768 μου.
1573 695 1727 759 Ἀξιώ
1784 702 1878 757 τὴν

274 784 416 856 ὑμῶν
462 783 760 855 ἄφιωσύνην
822 779 1009 836 δοῦναί
1067 802 1159 856 μοι
1216 781 1485 857 ἐγγράφως
1510 787 1575 838 τὰ
1603 788 1879 859 κινούμενα

274 872 579 946 ζητήματα,
606 876 697 926 καὶ
738 877 860 926 τίνα
886 874 917 932 ἡ
968 874 1111 946 ὑμῶν
1169 872 1439 945 ἁγιωσύνῃ
1505 880 1624 948 περὶ
1680 879 1877 931 τούτων

272 970 471 1036 φρονεῖ,
523 965 590 1025 ὡς
655 962 717 1014 ἄν
771 960 1022 1037 [ἀκριϐῶς
1068 969 1239 1016 ταῦτα
1291 958 1735 1038 διασκεψάμενος,
1786 970 1877 1018 καὶ

268 1058 386 1113 τοίς
415 1058 514 1104 τῶν
542 1049 701 1123 ἁγίων
742 1053 1082 1125 συγκρούσας
1129 1050 1320 1123 λόγοις,
1385 1052 1428 1105 εἰ
1630 1056 1879 1127 ούμφωνα

267 1143 468 1203 νοήσω,
512 1138 795 1198 ἀπαλλὴκω
851 1138 1073 1213 ἐμαυτὸν
1141 1138 1385 1216 ἀπορίας·
1453 1145 1544 1194 καὶ
1628 1144 1877 1218 σύμφρων

261 1231 586 1302 (γενόμενος,
618 1228 664 1283 εἰ
724 1229 824 1299 ἔτι)
850 1225 1113 1301 διστάζω,
1174 1227 1347 1303 ἐρωτῶ
1386 1230 1543 1284 πάλιν
1596 1236 1684 1284 καὶ
1740 1252 1877 1306 μαν-

257 1318 424 1373 θάνω.
494 1317 571 1371 Οὐ
627 1320 732 1394 γὰρ
784 1317 1115 1392 αἰσχύνομαι
1161 1326 1337 1372 τοῦτο·
1405 1318 1514 1373 ἐπεὶ
1560 1324 1650 1374 καὶ
1706 1322 1733 1373 ὁ
1781 1329 1879 1384 τῆς

259 1406 532 1479 θεολογίας
634 1406 905 1481 ἐπώνυμος
986 1408 1013 1460 ὁ
1096 1411 1257 1481 μέγας
1340 1412 1632 1484 Γρηγόρισς
1720 1409 1876 1483 λέγει,

261 1495 426 1549 Βούλο
473 1517 571 1569 μαι
640 1493 738 1549 διὰ
789 1495 912 1571 βίου
963 1504 1089 1560 παῖς
1150 1494 1279 1552 εἶναι
1335 1504 1425 1553 καὶ
1478 1501 1740 1573 μαθητής.
1776 1504 1878 1554 Καί

256 1605 346 1649 τις
372 1593 475 1639 τῶν
502 1586 598 1649 ἔξω
631 1593 826 1660 σοφῶν,
865 1584 1090 1658 Ἀγαθὸν
1138 1589 1239 1659 ὅτῳ
1267 1588 1363 1641 κοῖν
1421 1585 1471 1640 ἐν
1531 1593 1671 1662 γήρᾳ
1720 1594 1879 1662 σοφία

252 1678 353 1727 καὶ
428 1678 680 1749 φρόνησις
760 1679 1066 1750 πρόσεστιν.
1145 1675 1496 1750 Ἐγχωρεῖται
1578 1680 1680 1749 γὰρ
1748 1679 1874 1751 ἡμῖν

1987 521 2091 578 tio.
2113 522 2446 590 Idcircirco,
2469 523 2653 581 veluti
2664 524 2879 583 etalias
2896 542 3053 599 saepe
3071 542 3277 584 coram
3294 531 3497 585 vestra
3507 543 3644 585 san-

1988 613 2187 668 ctitate
2203 612 2347 678 dixi,
2368 628 2532 669 nunc
2572 613 2750 671 etiam
2776 616 3059 688 praesenti
3104 633 3242 673 meo
3265 617 3486 690 scripto
3518 618 3637 675 aio.

1987 702 2156 772 Rogo
2176 701 2451 758 videlicet
2473 703 2853 760 sanctitatem
2881 709 3166 776 vestram,
3210 710 3276 762 ut
3322 706 3470 762 mihi
3508 722 3638 780 per-

1987 789 2221 862 scripta:
2250 790 2562 848 tradantur
2576 808 2710 865 quae
2722 808 2885 850 nunc
2904 799 3223 851 moventur
3243 796 3636 864 quaestiones,
3656 862 3661 867 δ

1986 881 2045 935 et
2070 884 2283 935 vestrae
2311 879 2641 937 sanctitatis
2654 879 2729 936 de
2748 881 2841 937 his
2858 881 3190 953 judicium;
3221 887 3285 938 ut
3304 882 3397 938 his
3426 881 3639 939 sedulo

1987 966 2405 1037 consideratis,
2437 974 2495 1025 et
2533 985 2675 1026 cum
2706 975 3052 1028 sanctorum
3092 971 3367 1028 doctrina
3418 972 3643 1045 scripta

1987 1056 2216 1114 collatis
2244 1056 2545 1130 siquidem
2574 1059 2704 1115 haec
2725 1076 2996 1118 consona
3020 1075 3347 1132 agnovero,
3393 1065 3641 1118 memet-

1984 1145 2188 1218 ipsum
2211 1146 2398 1203 dubio
2428 1147 2771 1220 expediam,
2797 1149 3094 1223 vobisque
3115 1150 3245 1207 sine
3266 1149 3389 1207 ulla
3406 1149 3641 1208 haesita-

1985 1235 2146 1293 tione
2225 1237 2560 1295 assentiar:
2631 1242 2690 1295 et
2742 1244 2878 1312 post
2972 1255 3360 1308 consensum,
3420 1238 3643 1313 'siquid

1985 1325 2231 1399 insuper
2245 1325 2623 1396 dubitavero,
2646 1329 2987 1387 vositerum
3016 1329 3381 1401 interrogem
3413 1334 3472 1386 et
3510 1345 3640 1387 eru-

1985 1416 2140 1472 diar.
2174 1419 2377 1489 Neque
2420 1416 2581 1475 enim
2628 1418 2694 1474 id
2745 1418 3076 1484 erubesco;
3132 1418 3639 1492 quandoquidem

1985 1521 2246 1577 magnus
2275 1506 2456 1563 etiam
2476 1507 2574 1564 ille
2604 1509 2942 1579 Gregorius,
2975 1509 3079 1581 qui
3108 1508 3389 1578 Theologi
3412 1524 3639 1565 nomen

1987 1596 2228 1652 sortitus
2259 1598 2370 1658 est,
2395 1595 2479 1653 ait
2517 1595 2665 1653 velle
2706 1612 2814 1669 per
2858 1597 3203 1653 universam
3270 1597 3459 1654 vitam
3512 1600 3641 1654 tan-

1985 1700 2171 1757 quam
2198 1699 2455 1757 puerum
2487 1701 2549 1742 se
2595 1700 2800 1756 gerere
2841 1690 2896 1743 et
2936 1684 3318 1759 discipulum.
3370 1689 3639 1758 itemque

256 1765 412 1840 παρὰ
488 1772 592 1817 τῶν
656 1763 820 1837 ἁγίων
888 1769 977 1818 καὶ
1029 1763 1132 1818 ἀπὸ
1182 1768 1377 1819 τούτων
1440 1766 1768 1840 ὠφελεῖσθαι.
1813 1767 1871 1821 Ἡ

1992 1790 2060 1835 ex
2084 1774 2336 1833 ethnicis
2363 1775 2642 1848 quidam:
2663 1778 2836 1832 Recte
2856 1780 2963 1842 est,
2979 1775 3029 1831 si
3049 1775 3313 1847 cuipiam
3340 1774 3433 1831 vel
3455 1775 3518 1831 in
3543 1788 3640 1832 se-

263 1853 398 1926 ἁγία
440 1854 621 1926 ύμῶνὴ
674 1852 776 1925 εύχ
811 1856 1052 1931 χαρισθῇ
1086 1854 1210 1929 μοιέ
1240 1854 1299 1908 Ὀ
1345 1855 1550 1920 εύτελὴς
1600 1876 1874 1932 μητροπο-

262 1941 419 2006 λίτης
444 1941 776 2019 Δυρραχίου,

327 2309 407 2365 Ως
465 2298 529 2356 δὲ
591 2307 763 2355 ταῦτα
814 2308 1052 2375 περιεῖχε
1106 2305 1165 2356 τὸ
1218 2303 1346 2378 παρ’
1406 2302 1568 2358 αὑτοῦ
1595 2301 1875 2378 δεδομένον

256 2390 557 2468 δελτάριον,
619 2396 712 2445 καὶ
759 2391 957 2452 ἤκουσε
978 2395 1109 2465 μετὰ
1162 2395 1222 2446 τὸ
1291 2391 1693 2465 ἀναγνωσθῆναι
1750 2395 1875 2450 αύτό

266 2479 532 2557 διαφόρων
581 2481 879 2555 χρημάτων
926 2489 1194 2556 γραφικῶν
1253 2480 1302 2535 ἐν
1355 2490 1429 2554 τῷ
1480 2487 1623 2556 μέσῳ
1683 2505 1876 2558 προκο-

262 2571 554 2644 μιζομνων
587 2570 662 2632 εἰς
710 2574 1099 2645 συγκροτισμόν
1152 2575 1243 2625 καὶ
1290 2574 1628 2646 παράστασιν
1687 2571 1873 2650 ἐναργῆ

260 2667 356 2713 τοῦ
412 2658 863 2733 ἀμφιϐαλλομένου
920 2648 1103 2731 αὐτῷ,ι
1163 2668 1257 2713 τοῦ
1339 2657 1615 2736 συνεδρίου
1690 2648 1879 2717 αὐτίκα

256 2749 572 2816 ἐξαναστὰς,
624 2747 840 2809 ἐπιστὰς
896 2747 984 2802 ἐπὶ
1040 2754 1133 2802 τοῦ
1178 2753 1363 2822 μέσου,
1402 2749 1464 2804 Εἰ
1506 2753 1687 2823 καιρὸν
1718 2753 1874 2824 ἔφθην

258 2837 658 2902 ἐξαιτήσασθαι
712 2834 1069 2909 διασκέψεως,
1130 2840 1337 2911 ἔφησεν,
1392 2837 1448 2902 ἐξ
1500 2839 1568 2891 ὧν
1595 2838 1874 2913 γνωμοδο-

264 2934 442 2988 τήσας
493 2931 729 3001 γέγραφα
767 2928 857 2980 οἶα
904 2922 1308 3001 δειλαινόμενος,
1351 2929 1435 2980 ἵνα
1486 2933 1559 3002 μὴ
1610 2928 1742 3002 λέγω
1784 2935 1875 2984 καὶ

273 3013 665 3088 εὐλαϐούμενος,
721 3015 1030 3088 ίτοιμότατα
1067 3022 1185 3092 περὶ
1262 3023 1366 3069 τῶν
1420 3020 1668 3070 τοιούτων
1746 3017 1874 3072 611:6-

270 3124 456 3180 κρισιν
500 3106 749 3159 τίθεσθαι*
805 3104 937 3158 ἀλλὰ
994 3109 1096 3179 γὰρ
1140 3111 1490 3180 ζπεπεισμένος
1560 3107 1740 3162 λοιπὸν
1789 3108 1874 3182 ἀφ’

266 3195 342 3248 ὧν
393 3192 480 3247 ἐπὶ
553 3202 644 3248 τοῦ
711 3196 969 3268 παρόντος
1026 3193 1231 3254 ἀκήκοα
1292 3205 1592 3271 μαρτυριῶν
1678 3197 1876 3252 πολλῶν

262 3291 562 3361 γραφικῶν,
620 3283 850 3355 σκέψεως
909 3288 1002 3358 μέν
1056 3283 1266 3347 ἁπάσης
1325 3287 1386 3339 τὸ
1470 3284 1694 3340 ἐντεῦθεν
1753 3285 1879 3360 ἀφί-

270 3389 493 3447 σταμαι·
551 3374 903 3436 κατατίθεμαι
961 3369 1021 3428 δὲ
1097 3382 1409 3450 συμφρονεῖν
1485 3375 1572 3429 ἐπὶ
1644 3384 1707 3450 τῇ
1784 3397 1881 3430 πα-

266 3464 439 3540 ρούσῃ
469 3462 719 3515 ὑποθέσει
740 3464 881 3515 κατὰ
904 3462 1077 3515 πάντα
1118 3469 1183 3535 τῇ
1223 3461 1320 3536 ἐμῇ
1366 3459 1703 3537 ἀδελφότητιο
1767 3465 1879 3518 ὅθεν

264 3556 360 3605 καὶ
418 3548 652 3624 διατόρῳ
705 3554 934 3623 στόματι
974 3549 1315 3626 ἀνακηρύττω
1387 3570 1443 3605 τε
1496 3557 1587 3606 καὶ
1644 3552 1881 3626 ὁμολογῶ

262 3642 536 3694 πιστεύειν
589 3638 794 3701 α’ληθῶς
832 3642 905 3712 μὴ
947 3646 1021 3710 τῷ
1068 3645 1239 3712 Πατρὶ
1286 3643 1449 3712 μόνω,
1501 3638 1630 3693 ἀλλὰ
1676 3637 1744 3700 δὴ
1792 3645 1882 3694 καὶ

267 3737 345 3800 τῷ
392 3733 502 3801 Υίῷ
547 3733 639 3781 καὶ
675 3736 749 3781 τῶ
798 3732 1036 3800 παναγίᾳ
1076 3724 1293 3802 Τριάδι,
1346 3732 1406 3782 τὸ
1467 3732 1720 3795 ζωοποιόν
1752 3730 1884 3805 αἷμα

273 3819 371 3870 κάξ
400 3824 553 3891 σῶμα
580 3824 674 3871 τοῦ
693 3824 937 3892 Σωτῆρος
964 3824 1201 3891 Χριστοῦ
1248 3822 1340 3871 καὶ
1390 3823 1604 3892 πρώτως
1654 3818 1738 3872 ἐπὶ
1788 3826 1882 3873 τοῦ

281 3912 598 3960 Δεσποτικοῦ
653 3907 859 3968 πάθους
916 3907 1354 3981 προσενεχθῆναι,
1413 3910 1504 3961 καὶ
1560 3910 1732 3962 ἔκτοτε
1795 3911 1884 3971 τὰς

283 4000 538 4070 ὁσημέραι
558 3994 869 4069 τελουμένας
928 3998 979 4050 εν
1027 4002 1145 4059 ταῖς
1195 3999 1355 4070 ἱεραῖς
1410 3996 1636 4061 τελεταῖς
1688 4018 1883 4072 μυστι-

278 4088 380 4149 κάς
448 4085 725 4159 ἁγιστείας
801 4093 865 4159 τῇ
925 4088 1333 4160 τρισυποστοίτῷ
1402 4089 1607 4152 πάντως
1661 4093 1885 4149 Θεὸτητι

269 4177 422 4252 παρὰ
447 4183 551 4229 τῶν
576 4177 771 4238 ταύτας
794 4176 1193 4252 ἱερουργούντων
1216 4178 1605 4251 προσάγεσθαι⁸

341 4326 539 4374 Ταῦτα
586 4322 678 4393 μέν
720 4321 812 4373 καὶ
864 4319 893 4370 ὁ
946 4316 1270 4394 Δυρῥαχίου·
1329 4322 1397 4382 ὡς
1460 4316 1519 4374 δὲ
1568 4320 1710 4394 ζήλῳ
1767 4324 1887 4395 θείῳ

266 4414 551 4468 κεκίνηντο
642 4408 936 4482 ξύμπαντες
1013 4409 1284 4482 ίερὼτατοι
1331 4406 1598 4485 ἀρχιερεῖς
1666 4411 1778 4484 ἅμα
1819 4420 1883 4485 τῇ

1987 1872 2224 1924 nectute
2253 1867 2550 1941 sapientia
2597 1882 2668 1923 ac
2715 1865 3038 1939 prudentia
3082 1864 3381 1935 obtingat.
3441 1865 3641 1922 Sancti

1988 1955 2151 2013 enim
2170 1957 2449 2014 homines
2479 1956 2558 2013 ab
2588 1954 2837 2012 ethnicis
2865 1970 3111 2028 quaque
3140 1969 3254 2011 nos
3292 1953 3522 2010 discere
3566 1953 3643 2011 si-

1987 2049 2162 2104 nunt.
2193 2048 2425 2104 Sanctae
2443 2050 2652 2104 vestrae
2679 2060 2889 2119 preces
2916 2043 3064 2103 mihi
3118 2042 3396 2104 faveant!
3438 2043 3643 2102 Humi-

1986 2135 2059 2194 lis
2077 2135 2461 2211 metropolita
2482 2135 2814 2210 Dyrrachii.

2059 2298 2200 2356 Post
2225 2296 2498 2355 ablatum
2518 2296 2872 2371 hujusmodi
2919 2296 2998 2354 ab
3049 2311 3119 2352 eo
3163 2294 3456 2364 libellum,
3501 2310 3640 2353 cum

1986 2404 2058 2446 eo
2087 2387 2241 2446 lecto
2281 2386 2612 2446 audivisset
2632 2385 2869 2444 recitari
2897 2385 3139 2460 publice
3164 2386 3239 2442 de
3274 2385 3508 2459 scriptis
3537 2401 3642 2442 va-

1984 2477 2105 2536 rias
2130 2477 2514 2535 auctoritates
2571 2493 2708 2551 quae
2740 2475 3024 2533 favebant
3051 2474 3366 2548 lucideque
3391 2474 3451 2530 id
3504 2489 3642 2532 con-

1984 2566 2312 2624 ﬁrmabant
2338 2566 2506 2640 quod
2536 2565 2616 2623 ab
2649 2582 2719 2622 eo
2740 2564 3152 2635 dubitabatur,
3176 2564 3376 2621 statim
3406 2564 3465 2620 in
3494 2577 3639 2622 con-

1987 2670 2157 2712 sessu
2182 2670 2439 2726 surgens
2461 2659 2518 2712 et
2542 2654 2605 2712 in
2642 2653 2915 2711 medium
2945 2668 3324 2726 progressus,
3373 2653 3431 2710 Si
3462 2658 3643 2710 antea

1985 2743 2310 2819 postulavi,
2332 2744 2546 2818 inquit,
2602 2747 2840 2816 tempus
2869 2742 2949 2800 ad
2981 2741 3519 2809 considerandum,
3577 2746 3645 2798 ut

1987 2833 2209 2906 scripto
2230 2848 2366 2889 meo
2383 2831 2526 2901 dixi,
2550 2830 2737 2889 timidi
2750 2831 2811 2887 id
2832 2830 2943 2888 fuit
2966 2846 3043 2887 ne
3078 2830 3280 2888 dicam
3299 2828 3644 2903 scrupulosi

1988 2923 2195 2991 animi,
2226 2922 2342 2978 hac
2374 2937 2553 2994 super
2575 2937 2640 2977 re
2669 2919 2928 2977 nolentis
2977 2935 3052 2976 ex
3089 2918 3347 2992 abrupto
3393 2934 3642 2990 respon-

1984 3011 2148 3070 dere.
2172 3014 2598 3068 Verumtamen
2619 3009 2691 3066 iis
2716 3010 2847 3081 jam
2880 3008 3210 3079 convictus,
3238 3024 3373 3081 quae
3407 3006 3647 3064 recitari

1989 3099 2191 3158 audivi
2219 3098 2401 3170 hujus
2431 3097 2736 3169 dogmatis
2792 3096 3167 3168 testimoniis,
3199 3112 3448 3154 omnem
3479 3099 3646 3168 post-

1987 3189 2129 3247 hinc
2177 3187 2616 3247 dubitationem
2662 3186 2918 3259 abjicio;
2963 3186 3183 3260 aioque
3249 3201 3347 3242 me
3392 3199 3645 3258 prorsus

1988 3278 2367 3337 subscribere
2407 3284 2621 3336 vestrae
2670 3276 3056 3335 fraternitatis
3110 3274 3447 3342 sententiae;
3485 3273 3646 3330 ideo-

1987 3386 2105 3444 que
2125 3370 2386 3427 rotundo
2416 3385 2519 3425 ore
2559 3366 2817 3441 praedico
2856 3371 3039 3441 atque
3087 3365 3382 3423 confiteor
3418 3364 3646 3420 sincere

1985 3475 2085 3516 me
2112 3458 2371 3526 credere,
2400 3458 2567 3532 quod
2588 3473 2713 3515 non
2741 3457 2902 3514 Patri
2948 3455 3080 3523 soli,
3129 3454 3239 3511 sed
3269 3454 3451 3511 etiam
3478 3452 3640 3524 Filio,

1986 3549 2218 3622 totique
2246 3547 2642 3605 sanctissimas
2668 3546 2953 3617 Trinitati,
2984 3544 3257 3601 viviﬁcus
3300 3541 3549 3612 sanguis
3588 3545 3647 3598 et

1990 3654 2210 3712 corpus
2242 3637 2569 3695 Servatoris
2608 3636 2839 3704 Christi,
2866 3641 2923 3692 et
2942 3641 3083 3692 tunc
3114 3634 3379 3707 primum
3427 3632 3489 3688 in
3536 3631 3642 3688 Do-

1989 3726 2215 3784 minica
2254 3725 2544 3799 passione
2600 3724 2874 3782 oblatum
2950 3723 3153 3781 fuerit:
3249 3726 3308 3779 et
3360 3721 3645 3793 deinceps

1990 3817 2401 3891 quotidianas,
2415 3832 2553 3890 quae
2579 3815 2734 3872 ﬁunt
2754 3815 2815 3870 in
2832 3814 3018 3872 sacris
3032 3812 3336 3886 mysteriis
3358 3811 3646 3883 mysticas

1991 3906 2347 3975 oblationes,
2376 3905 2587 3961 Deitati
2624 3903 2686 3960 in
2715 3903 2907 3960 tribus
2955 3900 3232 3975 personis
3262 3899 3641 3966 subsistenti,

1992 3995 2071 4054 ab
2101 3995 2172 4052 iis
2187 3993 2291 4068 qui
2318 3992 2502 4052 sacris
2532 3995 2862 4066 operantur
2882 3989 3105 4048 offerri.

2067 4320 2364 4375 Hactenus
2413 4314 2882 4389 Dyrrachiensis.
2949 4316 3112 4370 Tunc
3187 4327 3327 4369 vero
3383 4309 3651 4367 universi

1997 4405 2389 4463 sacratissimi
2431 4403 2747 4473 antistites,
2797 4401 3165 4473 suffragante
3219 4416 3358 4457 mea
3403 4413 3650 4472 quoque

268 4503 428 4573 ἡμῶν
478 4499 865 4571 συμπνευσάση
938 4499 1262 4571 μετριότητι,
1321 4503 1410 4550 καὶ
1471 4506 1545 4570 τῷ
1598 4497 1880 4575 προδιαληι

1996 4496 2427 4560 mediocritate,
2448 4492 2877 4566 {praedictoque
2923 4490 3306 4547 sanctissimo
3363 4489 3645 4546 Hieroso-

269 4593 461 4665 φθέιτι
489 4588 769 4661 ἁγιωτάτῳ
808 4588 1120 4663 πατριάρχῃ
1176 4586 1565 4662 Ἱεροσολύμων,
1622 4595 1742 4654 τοὺς
1797 4599 1889 4654 τῆς

268 4675 579 4742 κακοδόξου
644 4679 839 4739 ταύτης
912 4677 1195 4752 θρησκείας
1256 4682 1587 4753 γεννήτορας,
1644 4679 1689 4733 si
1755 4699 1891 4745 τινες

270 4770 341 4823 οἶν
390 4771 486 4820 καὶ
535 4764 651 4837 εἷεν,
702 4764 746 4819 εἰ
940 4764 1199 4839 ἑμμένόιεν
1263 4772 1327 4838 τῇ
1395 4771 1614 4841 σφετέρᾳ
1676 4772 1767 4821 καὶ
1816 4771 1889 4822 ἔτι

273 4860 505 4933 αἱρέσει,
606 4852 892 4927 ἀναθεματι
1008 4854 1275 4927 καθυπέγρ
1283 4869 1429 4926 αφον’
1515 4864 1889 4928 μετανοοῦντας

274 4943 342 5001 δὲ
386 4944 487 5000 οὐκ
530 4942 693 5005 ἄλλως
717 4940 990 5016 ἐδέχοντο,
1023 4946 1054 5002 ἤ
1093 4945 1265 5007 καθὼς
1295 4942 1344 4995 οἳ
1367 4962 1423 4997 τε
1447 4945 1572 4998 θεῖοι
1617 4951 1708 4999 καί
1761 4949 1888 5021 ἱεροί

271 5040 495 5096 κανόνες
574 5034 642 5085 τὰ
696 5036 815 5108 περί
872 5034 1069 5085 τούτων
1147 5029 1556 5106 διακελεύονται,
1637 5041 1726 5089 καί
1789 5044 1888 5089 τῶν

273 5129 531 5199 Πατέρων
584 5124 641 5176 αἱ
683 5117 1030 5196 παραδόσεις
1076 5128 1245 5175 ταῦτα
1309 5122 1734 5196 παραϐληθέντα
1787 5134 1884 5178 τῶν

271 5218 547 5289 ἡμετέρων
597 5209 903 5285 σχεδαρὶων
967 5218 1069 5264 τῶν
1141 5207 1434 5265 συνοδικῶν
1509 5220 1884 5289 παρασημειώ-

272 5323 435 5371 σεων,
492 5305 586 5355 καί
629 5308 692 5374 τῇ
746 5301 1023 5373 ὑπογραφῇ
1069 5304 1160 5353 καί
1219 5297 1476 5375 σφραγῖδι
1533 5301 1888 5376 βεϐαιωθέντα

269 5395 524 5451 Ἰωάννου
617 5390 1017 5464 θοεφιλεστοίτου
1096 5390 1497 5464 χαρτοφύλακος
1578 5402 1671 5447 τοῦ
1753 5403 1888 5450 Παν-

271 5489 522 5557 τεχνοῦς,
582 5476 806 5538 ἔπεδόθη
867 5481 995 5551 μηνί
1040 5482 1131 5533 καί
1198 5475 1483 5534 ἰνικδτιῶνι
1529 5489 1644 5548 τοῖς
1703 5501 1892 5560 προγεο

269 5572 622 5650 γραψαμένοις,
671 5568 779 5624 ιτει
834 5562 1058 5642 ,ς-ΧΞΝ·
1113 5565 1145 5627 ἠ
1219 5566 1519 5647 ὑπογραφῇ·
1595 5569 1623 5627 ὁ
1691 5587 1891 5649 καρτο.

273 5653 451 5741 γύλιιί
479 5649 722 5723 Ἰωάννης
743 5653 1021 5732 nunwa
1035 5666 1077 5722 ι.

1996 4585 2304 4659 lymorum
2333 4583 2696 4657 patriarcha,
2717 4581 2920 4638 divino
2950 4580 3074 4637 zelo
3106 4579 3560 4645 commotisunt,
3584 4582 3651 4634 ut

1997 4675 2225 4733 insanae
2259 4673 2440 4745 hujus
2494 4672 2782 4729 doctrinae
2819 4674 3116 4738 auctores,
3168 4669 3217 4726 si
3266 4667 3373 4742 qui
3423 4670 3647 4736 essent,

1999 4769 2180 4839 atque
2202 4765 2262 4821 in
2294 4779 2406 4821 sua
2431 4762 2633 4820 adhuc
2661 4760 2876 4819 haeresi
2905 4761 3380 4834 perseverarent,
3404 4757 3653 4814 anathe-

1998 4855 2145 4912 mati
2174 4853 2538 4924 subjicerent
2561 4850 2763 4925 :quod
2784 4850 2833 4906 si
2854 4850 3006 4907 forte
3035 4849 3478 4922 resipiscerent,
3526 4860 3652 4902 non

1998 4944 2168 5002 aliter
2197 4960 2297 5000 eos
2317 4957 2447 4999 esse
2473 4939 2851 5014 recipiendos
2900 4954 3089 5013 quam
3147 4936 3331 4993 divini
3372 4935 3649 5007 sacrique

1998 5050 2260 5091 canones
2300 5036 2664 5104 Patrumque
2707 5029 3061 5086 traditiones
3101 5026 3336 5099 jubent.
3394 5025 3526 5079 Haec
3582 5037 3657 5078 ex

1998 5120 2457 5181 Commentariis
2502 5125 2783 5176 Actorum
2843 5117 3278 5191 synodicorum
3353 5117 3658 5185 excerpta,

1995 5210 2437 5284 subscriptione
2475 5214 2533 5266 et
2584 5207 2778 5281 sigillo
2828 5205 3077 5265 Joannis
3129 5204 3248 5261 Deo
3307 5198 3663 5260 charissimi

1996 5300 2482 5374 chartophylacis
2547 5296 2906 5355 Pantechnis
2980 5295 3243 5366 ﬁrmata,
3297 5294 3459 5352 edita
3520 5292 3668 5353 sunt

1996 5407 2206 5450 mense
2236 5396 2293 5450 et
2338 5390 2669 5447 indictione
2717 5386 3039 5461 praedictis,
3085 5402 3250 5445 anno
3298 5386 3468 5446 VIMD
3520 5388 3655 5443 XIV.

1998 5480 2233 5555 (Christi
2264 5480 2448 5553 H56.)
2503 5477 2911 5551 Subscriptio:
2969 5478 3234 5535 Joannes
3285 5477 3654 5535 Pantechnos

1999 5562 2455 5645 chartephylax.
