4136 6378
540 300 645 362 {55

940 431 1220 490 PATRUM
1256 430 1797 489 AUCTORITATES.

619 518 787 586 Quod
841 519 1093 590 singulis
1131 520 1345 577 diebus
1400 519 1753 576 immolatur
1808 524 2014 588 Agnus
2076 516 2199 582 Dei,

546 607 735 663 Patris
765 606 966 672 Filius,
996 608 1100 679 qui
1130 608 1280 666 tollit
1320 612 1573 682 peccata
1620 606 1871 677 mundi;
1932 605 2102 662 sicuti
2144 609 2201 661 et

545 694 651 763 illi,
691 697 796 769 qui
821 698 1147 769 mysticum
1185 697 1453 771 quotidie
1481 697 1847 754 sacriﬁcium
1879 698 2200 769 peragunt,

549 784 716 858 apud
742 799 806 842 se
825 784 1134 844 submissa
1159 802 1311 845 voce
1336 802 1399 844 se
1422 786 1505 844 ita
1530 801 1707 857 agere
1729 784 2058 842 afﬁrmant.

548 961 812 1019 Andreae
824 963 1123 1021 Cretensis
1144 980 1497 1023 exsermone
1516 963 1589 1021 de
1612 966 1800 1022 ramis
1821 964 2205 1020 Patmarum.

626 1139 684 1196 Si
707 1139 891 1210 igitur
926 1140 1012 1197 ita
1032 1142 1354 1211 currimus,
1407 1157 1521 1199 nos
1574 1156 1821 1215 quoque
1872 1140 2205 1213 poterimus

550 1242 662 1301 pro
686 1227 864 1285 nobis
894 1230 1143 1287 omnino
1173 1231 1300 1287 sine
1329 1246 1539 1288 cruore
1560 1229 1941 1287 immolatum
1962 1228 2203 1301 (etenim

549 1316 612 1372 in
647 1317 996 1389 symbolicis
1024 1317 1341 1391 speciebus
1366 1320 1759 1389 sacriﬁcatur)
1784 1324 1977 1375 totum
2003 1318 2203 1389 ipsum

548 1406 709 1464 intra
737 1422 850 1463 nos
886 1407 1174 1480 recipere,
1201 1413 1261 1465 et
1298 1408 1773 1466 substantialiter
1801 1407 2202 1476 introducere,

549 1494 988 1554 manducatum
1023 1497 1273 1569 quidem
1320 1513 1431 1554 ceu
1459 1513 1701 1571 panem,
1748 1502 1951 1553 mente
2000 1501 2205 1552 tamen

550 1584 636 1640 uti
661 1598 871 1642 revera
901 1600 1128 1657 agnum
1160 1586 1547 1645 intellectum.

546 1727 1009 1802 DominiLeonis
1029 1730 1337 1802 Bulgaria?
1355 1731 1462 1802 qui
1500 1731 1733 1798 primus
1764 1737 2066 1802 promotus
2082 1729 2206 1802 fuit

620 1814 659 1855 a
694 1797 862 1854 beato
884 1797 1222 1870 Calapha'te
1244 1797 1626 1871 imperatam,
1663 1816 1734 1857 ea:
1765 1797 1909 1870 'ejus
1953 1799 2205 1869 epistola

620 1870 707 1925 De
734 1871 988 1940 azymis.

621 2048 802 2105 Sicuti
822 2046 1022 2121 Israel,
1052 2050 1408 2108 transmisso
1441 2052 1766 2124 Erythraeo,
1795 2050 2021 2108 Pascha
2058 2051 2204 2107 cele-

546 2136 768 2205 bravit,
808 2137 1137 2195 immolans
1166 2155 1394 2211 agnum
1420 2145 1476 2196 et
1526 2140 1887 2202 comedens;
1921 2146 1976 2198 et
2019 2140 2206 2210 paulo

542 2230 718 2296 post:
763 2225 847 2282 sic
876 2231 934 2282 et
955 2242 1065 2283 nos
1090 2227 1165 2284 ad
1198 2232 1418 2285 terram
1444 2229 1911 2287 immortalitatis
1960 2244 2067 2303 per
2119 2229 2203 2284 di-

546 2313 759 2370 vinum
783 2313 1087 2389 baptisma
1100 2323 1442 2389 pergentes,
1467 2318 1919 2376 immolavimus
1930 2322 1987 2374 et
2005 2317 2206 2374 adhuc

551 2398 964 2473 immolamus,
1011 2421 1149 2461 cum
1199 2406 1383 2462 Patris
1422 2406 1819 2480 beneplacito,
1844 2406 2203 2463 rationalem

549 2507 778 2564 agnum
810 2494 1131 2552 Dominum
1163 2500 1436 2552 nostrum
1462 2495 1669 2553 Jesum
1700 2497 2021 2553 Christum.

557 2599 914 2675 Theodoreti
932 2617 1007 2675 ea:
1033 2602 1305 2675 vicesimo
1335 2609 1550 2675 quarto
1589 2606 1859 2675 capitulo
1909 2608 2205 2673 interpre-

626 2672 926 2744 tationum
960 2674 1022 2727 in
1052 2672 1421 2730 obscuriores
1449 2672 1675 2731 Exodi'
1703 2678 1879 2739 locos,
1921 2672 2091 2744 cujus
2121 2679 2204 2730 est

619 2742 912 2816 initium;
941 2745 1066 2799 Cur
1085 2745 1457 2816 fugientibus
1485 2747 1801 2803 mandavit
1829 2742 2070 2803 Pascha
2090 2747 2206 2815 fes-

620 2818 741 2868 tum
768 2814 1069 2872 celebrare
1088 2820 1116 2871 ?

619 2957 933 3029 Mandavit,
959 2964 1207 3031 accepto
1218 2961 1472 3034 hyssopi
1499 2960 1808 3018 fasciculo.
1833 2965 1890 3017 et
1911 2961 2204 3032 sanguine

546 3044 873 3103 immolatae
903 3048 1033 3104 ovis
1065 3048 1271 3113 tincto.
1311 3053 1514 3122 postes
1544 3065 1614 3106 ac
1642 3050 1826 3106 limen
1855 3050 2065 3119 inungi
2097 3068 2110 3115 ;
2141 3054 2204 3104 ut

547 3149 689 3190 cum
716 3136 1146 3194 exterminator
1183 3136 1261 3194 ad
1315 3138 1738 3211 percutiendos
1788 3138 2201 3211 Egyptiorum
2234 3140 2276 3195 C

548 3222 982 3295 primogenitos
1008 3226 1257 3295 veniret,
1290 3225 1418 3284 viso
1459 3227 1773 3299 sanguine,
1818 3227 2201 3283 Hebraeorum

548 3312 766 3369 domos
810 3317 1342 3387 praeterveheretur
1382 3333 1395 3372 :
1457 3332 1579 3372 non
1610 3316 1777 3389 quod
1852 3316 2206 3389 hujusmodi

553 3402 743 3472 signis
775 3403 1137 3476 incorporea
1169 3410 1387 3461 natura
1416 3405 1737 3476 indigeret;
1773 3405 1881 3461 sed
1929 3406 2071 3479 quia
2099 3422 2207 3478 per

549 3491 667 3548 hoc
687 3491 1039 3563 symbolum
1057 3493 1371 3566 opertebat
1392 3500 1448 3549 ct
1467 3494 1599 3550 illos
1621 3494 1725 3550 Dei
1740 3494 2203 3567 providentiam,

548 3585 610 3636 et
639 3595 751 3636 nos
780 3595 1028 3653 quoque
1048 3581 1150 3654 qui
1181 3581 1640 3640 immaculatum
1669 3587 1909 3653 Agnum
1933 3584 2205 3640 immola-

551 3673 932 3739 mus,typum
941 3668 1177 3738 jamdiu
1188 3668 1555 3744 descriptum
1572 3687 1919 3742 agnoscere.
1934 3673 2009 3728 Et
2019 3674 2207 3743 paulo

547 3764 683 3828 post
701 3776 713 3813 :
735 3757 832 3814 His
843 3763 1047 3815 autem
1059 3759 1344 3817 omnibus
1359 3763 1646 3835 mysteria
1660 3768 1868 3820 nostra
1880 3763 2204 3836 portende-

549 3846 794 3905 bantur.
827 3850 974 3904 Nam
1002 3853 1059 3905 et
1084 3865 1199 3905 nos
1219 3866 1464 3924 quoque
1503 3853 1791 3922 ungimus
1840 3852 1992 3923 Agni
2016 3853 2206 3909 nostri

548 3936 845 3993 immolati
866 3938 1160 4009 sanguine
1173 3955 1293 3996 non
1309 3944 1541 3997 tantum
1556 3940 1760 4012 limen,
1781 3958 1993 3998 verum
2022 3943 2203 3998 etiam

549 4029 875 4098 utrumque
896 4032 1151 4099 postem,
1183 4029 1454 4099 linguam
1479 4029 1754 4086 videlicet
1774 4046 1845 4086 ac
1869 4030 2043 4086 labra
2067 4046 2204 4101 pur-

550 4118 763 4183 gantes
797 4118 857 4168 et
907 4115 1375 4171 sanctiﬁcantes.
1419 4116 1604 4172 Porro
1642 4117 1989 4186 intelligitur
2034 4119 2094 4173 in
2133 4118 2202 4173 li-

550 4201 712 4256 mine
733 4201 979 4274 quidem
1008 4203 1315 4259 rationalis
1346 4204 1696 4271 facultas,in
1727 4205 1971 4262 duobus
1999 4212 2203 4262 autem

551 4289 833 4362 postibus
853 4289 1170 4348 iracundia
1198 4296 1255 4348 et
1277 4293 1784 4365 concupiscentia.

681 4469 896 4541 Magni
923 4470 1160 4541 Basilii,
1205 4487 1282 4529 ea:
1315 4476 1755 4531 commentariis
1780 4475 1842 4530 in
1876 4475 2099 4531 Isaiam

1198 4563 1557 4633 prophetam

626 4705 1015 4776 Quaecunque
1036 4704 1110 4760 de
1136 4705 1389 4761 victimis
1414 4712 1471 4761 et
1500 4705 1865 4763 holocaustis
1904 4707 2204 4781 dicuntur,

553 4808 624 4850 ea
661 4792 868 4849 referri
898 4793 1175 4850 videntur
1221 4794 1300 4851 ad
1348 4794 1774 4852 misericordia:
1822 4804 1878 4853 et
1908 4799 2209 4857 charitatis

552 4882 876 4944 rationem.
909 4883 1052 4953 quia
1076 4881 1170 4939 lex
1201 4899 1446 4954 quoque
1469 4883 1745 4939 universa
1773 4885 1887 4943 hoc
1909 4897 2209 4961 praecepto

549 4970 1119 5045 comprehenditur:
1154 4972 1373 5042 Diliges
1408 4975 1751 5041 proximum
1775 4981 1937 5032 tuum
1960 4979 2115 5033 sicut
2157 4986 2211 5036 te

617 5150 695 5218 (3)
724 5149 879 5205 Edit.
904 5147 1227 5204 Combeﬁs.
1265 5164 1326 5220 p.
1356 5150 1445 5220 81,

616 5220 697 5284 (4)
740 5220 949 5275 Audeo
1005 5219 1302 5283 corrigere
1353 5219 1665 5289 Καλαφάτου
1733 5222 2009 5349 ρασιλέως.
2058 5229 2207 5282 Nam

616 5287 907 5349 tlaphates
939 5289 1214 5349 regnavit
1260 5291 1772 5349 Constantinonoi
1806 5312 1969 5349 anno
2030 5300 2156 5349 10M
2194 5316 2206 5349 :

543 5287 907 5363 Qalaphates
939 5289 1214 5363 regnavit
1260 5287 1772 5363 Constantinopoli
1806 5287 1981 5352 anno
2030 5300 2156 5353 1041
2194 5316 2206 5363 ;

547 5360 663 5437 Leo
690 5365 891 5437 autem
919 5360 1139 5416 dicitur
1163 5362 1391 5437 electus
1437 5380 1598 5437 anno
1649 5360 1805 5437 1040.
1850 5368 2016 5437 apud
2049 5360 2209 5425 Cole¥

549 5435 675 5484 tum
702 5432 871 5499 Illyr.
910 5447 1068 5505 sacr.
1099 5439 1135 5487 t.
1162 5435 1298 5501 VIII,
1334 5450 1393 5505 p.
1452 5435 1575 5500 498,
1628 5436 1738 5492 col.
1783 5443 1837 5492 2.
1882 5432 1987 5494 Vix
2030 5441 2209 5496 igitur

552 5505 826 5582 tempore
879 5503 1134 5582 variant.
1183 5503 1518 5582 (latalogus
1553 5523 1730 5582 vero“
1780 5510 2206 5582 episcoporum

554 5570 1219 5651 Aelfridensiumapud
1276 5570 1631 5651 chuinium
1693 5570 2008 5639 072-022.?
2050 5586 2090 5636 t.
2138 5584 2204 5651 Il,

551 5656 611 5714 p.
656 5646 782 5713 292,
834 5644 977 5701 dicit
1031 5644 1188 5703 hunc
1240 5644 1506 5720 primum
1550 5664 1623 5705 ex
1681 5651 2005 5722 Byzantino
2045 5644 2204 5712 clero

1879 303 2155 363 manu:
2192 302 2562 361 cnommm
3820 282 3919 356 ise

2820 429 3130 478 ΠΑἸῈΡΩΝ
3156 426 3453 479 ΧΡΗΣΕΙΣ.

2381 519 2507 591 Περί
2558 519 2650 566 τοῦ
2701 516 2778 566 ότι
2849 514 3071 577 ἑκάστης
3149 518 3348 590 ἡμέρας
3425 517 3602 568 θύεται
3646 518 3672 567 6
3728 516 3921 586 ’Λμνὸς

2306 613 2400 658 τοῦ
2450 611 2585 658 Θεοῦ
2618 603 2643 655 6
2692 605 2811 664 Υἱός
2838 611 2928 656 τοῦ
2975 608 3173 679 Πατρός
3216 605 3242 656 6
3300 606 3459 677 αἴρων
3510 608 3605 663 τὴν
3657 603 3921 679 ἁμαρτίαν

2310 703 2403 748 τοῦ
2467 698 2690 767 κόσμου,
2773 695 2943 755 καθὼς
3016 700 3106 747 καί
3168 696 3218 746 οἱ
3296 698 3392 752 τὴν
3443 698 3702 766 μυστικὴν
3757 692 3926 747 ἐπιτε-

2310 785 2513 846 λοῦντες
2582 781 2699 835 καθ’
2762 782 2987 841 ἑκάστην
3047 785 3233 837 θυσίαν
3283 782 3401 836 καθ’
3442 782 3653 844 ἑαυτοὺς
3714 785 3926 855 ὑποφω-

2312 884 2491 929 νούσιν
2513 877 2654 951 αύτῷ
2684 883 2850 930 ταῦτα
2879 872 3144 929 imam.

2387 963 2632 1041 Ἀνδρέου
2695 970 2906 1039 Κρήτης
2971 960 3072 1016 ἀπὸ
3135 969 3227 1015 τοῦ
3286 962 3440 1033 λόγου
3500 970 3593 1015 τοῦ
3657 963 3725 1023 εἰς
3756 968 3851 1020 τὴν

2976 1056 3277 1126 Βαῖοφόρον.

2388 1146 2447 1198 Εἰ
2502 1152 2675 1198 τοίνυν
2724 1154 2855 1198 οὑτω
2908 1147 3187 1217 τρέχομεν,
3238 1138 3577 1213 δυνησόμεθα
3633 1147 3722 1193 καί
3771 1140 3929 1195 αὐτοὶ

2313 1239 2400 1289 τόν
2433 1233 2525 1288 διὰ
2566 1240 2757 1298 παντὸς
2811 1235 2937 1305 ὑπὲρ
2969 1233 3115 1304 ἡμῶν
3169 1230 3372 1293 ἀθύτως
3422 1233 3665 1303 θυόμενον
3716 1232 3927 1301 (θύεται

2314 1329 2416 1399 γὰρ
2452 1324 2501 1377 ἰν
2555 1323 2854 1387 ἀντιτύποις
2899 1324 3025 1398 ὑπὲρ
3099 1324 3245 1393 ἡμῶν
3304 1319 3580 1392 συμϐόλοις
3634 1321 3928 1394 ἱεροθετού-

2316 1417 2486 1489 μενος)
2541 1414 2652 1467 ὅλον
2692 1413 2848 1466 αὐτόν
2878 1412 2927 1465 ἓν
2978 1413 3103 1483 ἡμῖν
3160 1407 3521 1472 ὐποδέξασθαι
3575 1414 3667 1462 καί
3732 1410 3930 1463 ούσιω-

2318 1501 2424 1566 δὼς
2476 1504 2890 1570 εἰσοικίσασθαι,
2967 1504 3034 1563 ὡς
3114 1501 3269 1573 ἄρτον
3338 1502 3428 1571 μεν
3477 1498 3794 1572 ἐσθιόμενον,
3857 1501 3928 1560 ὡς

2316 1595 2476 1665 ἀμνόν
2504 1588 2563 1645 δὲ
2583 1594 2852 1664 νοούμενον
2880 1593 2980 1657 (3).

2316 1726 2418 1772 Τού
2496 1724 2657 1790 κυρού
2743 1720 2960 1777 Λέοντος
3037 1722 3129 1767 τοῦ
3188 1713 3510 1785 Βουλγαρίας
3574 1720 3668 1790 τοῦ
3729 1732 3931 1790 κρωτο-

2386 1783 2681 1861 προϐλῆτου
2775 1790 2919 1861 παρά
2992 1794 3083 1837 τοῦ
3172 1783 3463 1859 μακαρίτου
3550 1783 3711 1861 καλοῦ
3762 1783 3931 1861 diro:

2390 1854 2659 1911 Βασιλείου
2744 1858 2818 1929 (4)
2852 1854 2860 1858 ⁷
2895 1857 2949 1910 ἐκ
3020 1863 3111 1917 τῆς
3173 1854 3327 1928 ’Περί
3393 1865 3493 1908 τῶν
3552 1854 3766 1928 ἀζύμων
3807 1855 3927 1911 ἐπι-

2389 1930 2577 1991 στολῆς
2608 1929 2791 1984 αὐτοῦ.

2388 2056 2589 2129 ’Ὠσπερ
2640 2058 2665 2107 6
2726 2054 2939 2129 Ἰσραὴλ
2995 2052 3183 2114 διαϐὰς
3256 2058 3351 2111 τὴν
3411 2052 3663 2128 Ἐρυθρὰν
3727 2053 3932 2112 ὶτελεσε

2314 2151 2372 2200 τὸ
2426 2149 2627 2217 Πάσχα
2682 2148 2842 2205 θύσας
2896 2148 2985 2196 καί
3038 2149 3213 2215 φαγὼν
3271 2146 3358 2195 τόν
3426 2142 3608 2215 ἀμνόν*
3657 2148 3748 2195 καί
3807 2164 3931 2217 μετ-

2318 2237 2484 2308 όλίγα·
2546 2236 2680 2287 ούτω
2724 2238 2815 2286 καί
2866 2236 3016 2306 ἡμεῖς
3076 2233 3161 2285 ἐπί
3208 2238 3301 2291 τὴν
3351 2241 3451 2304 γῆν
3498 2241 3592 2293 τῆς
3668 2232 3929 2297 ἀπαθείας

2314 2326 2385 2396 τῷ
2442 2328 2558 2395 θείῳ
2607 2319 2883 2386 διαϐάντες
2936 2323 3287 2396 βαπτίσματι,
3369 2321 3626 2394 ἐθύσαμεν
3695 2326 3788 2375 καί
3850 2326 3929 2376 ἔτι

2317 2416 2501 2487 θύομεν
2556 2408 2773 2484 εύδοκίᾳ
2830 2421 2923 2465 τού
2982 2414 3182 2485 Πατρός
3239 2412 3326 2464 τὸν
3380 2414 3563 2468 νοητόν
3623 2409 3781 2485 ἀμνὸν
3837 2415 3927 2465 τὸν

2317 2508 2504 2577 Κύριον
2528 2505 2673 2575 ἡμῶν
2702 2503 2911 2559 Ἰησοῦν
2934 2505 3183 2576 Χριστόν.

2314 2606 2652 2683 Θεοδωρητου
2677 2680 2689 2685 Α
2735 2608 2786 2685 εκ
2816 2675 2835 2685 _
2862 2616 2973 2685 τοῦ-
3005 2604 3087 2659 κδ
3132 2628 3246 2679 κεφ.
3312 2615 3412 2685 τῷν
3438 2608 3536 2685 ⁸εἰς
3572 2613 3653 2685 τόΔ
3689 2607 3926 2685 ἀπόρρη-

2383 2675 2620 2743 τον’τῆς
2676 2675 2900 2743 Ἐξόδου
2952 2675 3252 2752 ἑρμηνειῶν,
3309 2679 3371 2730 οὗ
3429 2676 3680 2752 ἠῌάρχή·
3736 2675 3840 2732 Δι’όὶ
3878 2686 3929 2732 τί

2386 2750 2760 2823 διαφεύγουσιν
2881 2749 3171 2803 επιτε).ἐσαι
3247 2749 3534 2822 προσέταξε

2385 2844 2499 2895 σχα
2518 2830 2612 2882 τήν
2638 2824 2817 2897 ἑορτήν
2855 2824 2968 2892 (5);

3630 2758 3721 2803 τοῦ
3807 2754 3925 2805 Πά-

2389 2968 2801 3043 [Ιαρεκελεύσατο
2856 2970 2957 3037 γὰρ
3001 2961 3202 3036 δέσμην
3252 2967 3503 3017 ύσσὼπου
3555 2964 3745 3032 λαϐεῖν,
3836 2973 3927 3019 καί

2313 3066 2386 3127 τῷ
2464 3056 2647 3130 αἱματι
2718 3064 2809 3109 τού
2895 3056 3141 3126 θυομένου
3236 3053 3501 3126 προϐάτου
3567 3054 3925 3127 ἐμϐάψαντας,

2314 3150 2435 3208 τούς
2488 3146 2753 3218 σταθμούς
2816 3145 3096 3220 ἐπιχρίσαι
3152 3148 3241 3195 καί
3298 3148 3393 3201 τὴν
3447 3143 3614 3215 φλιάν·
3665 3145 3766 3211 ἵνα,
3799 3146 3929 3199 ὅταν

2316 3236 2516 3309 εἰσελθη
2597 3237 2622 3286 6
2680 3234 2963 3308 ὀλοθρεύων
3033 3231 3263 3295 πατάξαι
3346 3235 3410 3284 τὰ
3461 3236 3769 3306 πρωτότοκα
3822 3243 3930 3287 τῶν

2319 3326 2639 3396 Αἰγυπτίων,
2698 3320 2823 3378 ἰδὼν
2907 3325 2965 3373 τὸ
3028 3322 3179 3393 αἷμα,
3244 3320 3440 3394 ὑπερϐῇ
3528 3330 3628 3372 τῶν
3673 3320 3932 3397 Ἐϐραίων

2315 3419 2403 3474 τὰς
2456 3414 2639 3474 οἰκίας⁸
2697 3413 2790 3465 ούκ
2848 3407 3027 3468 ἐπειδὴ
3090 3411 3337 3462 τοιούτων
3386 3406 3554 3462 ἐδεῖτο
3608 3415 3840 3482 σημείων
3895 3414 3925 3471 ἠ

2316 3502 2593 3575 ἀσώματος
2646 3505 2820 3574 φύσις,
2873 3499 2980 3551 ἀλλ’
3016 3500 3096 3551 ὅτι
3148 3495 3240 3550 διὰ
3282 3506 3373 3550 τοῦ
3423 3497 3683 3569 συμϐόλου
3732 3503 3926 3554 τούτου

2315 3591 2583 3653 κάκείνους
2658 3587 2764 3643 ἔδει
2849 3591 3030 3661 μαθεῖν
3102 3592 3196 3645 τὴν
3235 3595 3326 3639 τοῦ
3382 3596 3515 3639 Θεοῦ
3580 3584 3922 3661 κηδεμονίαν,

2316 3688 2405 3734 καί
2440 3683 2580 3754 ἡμᾶς
2624 3684 2741 3740 τοὺς
2794 3683 2879 3732 τόν
2928 3680 3141 3750 ἄμωμον
3204 3676 3391 3749 Ἀμνόν
3447 3678 3665 3741 θύοντας
3727 3686 3927 3750 γνῶναι

2314 3768 2773 3847 προδιαγραφέντα
2827 3772 2913 3821 τὸν
2955 3770 3136 3819 τύπον.
3174 3771 3306 3819 ’Καί
3354 3765 3463 3839 μετ’
3522 3765 3694 3838 ὀλίγα·
3741 3773 3934 3820 Ταῦτα

2316 3859 2374 3915 δὲ
2414 3864 2582 3914 πάντα
2638 3868 2737 3912 τῶν
2785 3860 3041 3932 ἡμετέρων
3098 3854 3210 3908 ἐστί
3263 3860 3569 3930 μυστηρίων
3612 3856 3928 3930 αἰνίγματα’

2313 3957 2533 4026 χρίομεν
2586 3952 2688 4021 γὰρ
2755 3952 2844 4000 καί
2891 3949 3042 4019 ἡμεῖς
3128 3952 3200 4015 τῷ
3267 3943 3453 4017 αἱμοιτί
3518 3951 3610 3996 τοῦ
3666 3946 3930 4021 ἡμετέρου

2315 4041 2506 4111 Ἀμνοῡ
2559 4039 2805 4108 θυομένου
2862 4034 2920 4087 ού
2979 4038 3132 4107 μόνον
3185 4036 3278 4089 τήν
3329 4032 3479 4103 φλιάν
3525 4030 3653 4084 ἀλλά
3687 4038 3779 4085 καί
3801 4039 3935 4098 τούς

2315 4126 2412 4181 δύο
2466 4128 2747 4197 σταθμούς,
2798 4129 2892 4182 τὴν
2936 4121 3179 4194 γλῶσσαν
3252 4126 3341 4172 καί
3416 4123 3483 4172 ιά
3539 4121 3695 4194 χείλη
3740 4124 3935 4177 καθαίο

2313 4222 2479 4290 ροντές
2540 4235 2593 4267 τε
2647 4219 2738 4266 καὶ
2795 4213 3117 4284 ἀγιάζοντες·
3173 4214 3308 4263 κατά
3366 4205 3426 4262 δὲ
3492 4215 3550 4262 τὸ
3628 4213 3930 4283 νοούμενον,

2313 4309 2429 4359 ἄντι
2483 4308 2571 4379 μεν
2629 4302 2780 4376 φλιᾶς
2834 4307 2892 4355 τό
2922 4304 3148 4369 λογικὸν,
3190 4300 3304 4352 ἀντὶ
3345 4297 3405 4352 δὲ
3444 4296 3543 4352 δύο
3585 4302 3835 4373 σταθμῶν
3869 4306 3931 4355 τό

2315 4392 2586 4467 θυμοειδὲς
2605 4396 2695 4446 καὶ
2718 4396 2775 4445 τό
2806 4391 3201 4461 ἐπιθυμητικόν.

2240 4500 2282 4553 D
2383 4507 2485 4554 Τού
2533 4499 2755 4572 μεγάλου
2810 4496 3079 4551 Βασιλείου
3128 4494 3182 4547 ἐκ
3222 4503 3315 4557 τῆς
3365 4495 3434 4557 εἰς
3462 4498 3547 4546 τόν
3579 4499 3855 4567 προφήτην

2781 4586 2995 4639 Η’σαίαν
3025 4584 3317 4657 ἐξηγήσεως
3341 4586 3434 4655 (6).

2392 4721 2491 4769 Καὶ
2550 4718 2709 4766 ἔοικεν
2756 4715 2781 4762 6
2838 4715 2935 4768 πᾶς
2992 4713 3110 4782 περὶ
3167 4709 3359 4759 θυσιῶν
3412 4712 3501 4759 καὶ
3545 4707 3931 4775 ὁλοκαυτωμά-

2319 4826 2415 4859 των
2473 4804 2624 4873 λόγος
2688 4808 2761 4870 τῷ
2801 4803 2918 4872 περὶ
2967 4796 3130 4856 ἐλέους
3180 4802 3269 4847 καί
3352 4796 3561 4866 ἀγάπης
3620 4795 3934 4868 ἐμπεριέχει

2321 4897 2446 4947 σθαι
2487 4891 2643 4962 λόγον
2697 4889 2804 4941 ἐπεί
2870 4891 2958 4937 καί
3009 4885 3116 4945 ὅλος
3175 4887 3201 4935 6
3244 4891 3398 4956 νόμος
3428 4883 3523 4936 ἀνα
3554 4884 3936 4955 κεφαλαιούται

2318 4987 2367 5037 ἑν
2444 4991 2538 5053 τῷ,
2624 4984 2945 5051 Ἀγαπήσεις
3012 4981 3098 5027 τόν
3164 4974 3383 5031 πλησίον
3440 4995 3533 5027 σου
3584 4978 3660 5036 ως
3718 4973 3933 5031 ἑαυτόν.

2322 5160 2507 5215 fuisse
2536 5156 2812 5213 electum.
2851 5153 3032 5207 Porro
3064 5150 3246 5223 hujus
3280 5151 3533 5223 epistola
3589 5149 3663 5205 de
3694 5152 3935 5223 azymis

2321 5235 2516 5286 exstat
2550 5245 2662 5284 ms.
2690 5228 2748 5283 in
2801 5223 2980 5279 variis
3022 5221 3354 5291 codicibus.
3408 5224 3702 5278 Caeterum
3754 5221 3930 5292 apud

2322 5300 2682 5358 Bandinium
2721 5311 2964 5368 quoque
2992 5295 3129 5349 Rer.
3161 5294 3425 5349 Graecar.
3458 5300 3496 5349 t.
3536 5297 3598 5360 ll,
3632 5308 3690 5365 ρ.
3726 5292 3931 5359 44,1e-

2319 5374 2478 5442 gitur
2507 5371 2797 5425 Βασιλείου.

2388 5450 2469 5509 (Ei)
2506 5444 2651 5498 Edit.
2682 5436 2983 5497 Sirmond.
3020 5441 3059 5509 ι,
3088 5436 3129 5491 Ι.
3163 5452 3226 5506 p.
3266 5438 3354 5490 90.

2389 5507 2462 5580 (6)
2498 5515 2914 5571 E«lit.Garner.
2950 5512 2990 5560 t.
3044 5507 3085 5571 l,
3133 5524 3192 5579 p.
3245 5509 3367 5574 401,
3430 5508 3530 5564 ubi
3595 5524 3921 5580 perperam

2318 5586 2501 5659 ἐορτων
2532 5604 2687 5645 τοπος
2715 5600 2827 5655 pro
2856 5583 3029 5659 λόγος·
