4136 6392
487 338 592 395 159

487 460 653 520 illam
679 462 737 517 et
779 460 1190 533 incorruptam
1218 460 1503 516 naturam
1532 455 1806 531 proxime
1837 455 2144 524 accedere,

488 554 630 610 tunc
665 548 951 624 prmclare
980 546 1588 621 intelliget,quantum
1610 545 2146 603 sacerdotibusho-

487 654 699 696 norem
712 638 901 695 sancti
916 638 1166 711 Spiritus
1179 636 1594 708 gratialargita
1606 637 1809 692 sit.Per
1818 635 1972 692 hanc
1985 634 2145 690 enim

486 726 687 785 ethaac
716 731 774 785 et
801 728 917 785 alia
935 727 1117 783 etiam
1134 726 1229 783 his
1249 724 1417 782 haud
1441 724 1725 782 inferiora
1753 722 2114 781 efﬁciuntur.

1840 328 2113 393 NICETE
2141 330 2511 392 CHONIATE

3760 342 3863 399 160

2262 474 2376 528 σαν,
2421 456 2465 510 εἰ
2487 460 2560 529 μὴ
2607 455 2769 518 πολλή
2818 464 2908 520 τῆς
2956 463 3047 514 τοῦ
3097 463 3233 513 Θεοῦ
3278 459 3504 535 χάριτος
3529 458 3590 523 ἧν
3645 464 3675 522 ἠ
3729 461 3863 537 βοὴ-

2258 547 2405 616 θιια;
2476 547 2538 600 Εἰ
2575 549 2677 624 γάρ
2730 566 2805 609 τις
2871 546 3151 607 ἐννοήσειεν
3209 548 3332 603 ὅσον
3390 548 3532 604 ἐστὶν
3591 552 3866 628 ἄνθρωπον

2254 638 2378 689 ὄντα
2441 640 2531 689 καὶ
2588 638 2665 689 ἔτι
2726 641 2884 712 σαρκὶ
2957 642 3048 690 καὶ
3108 638 3294 711 αἵματι
3357 639 3701 713 πεπλεγμένον
3766 651 3868 713 τῆς

2253 728 2516 798 μακαρίας
2572 729 2661 778 καὶ
2715 723 2980 799 ἀκηράτου
3036 729 3235 801 φύσεως
3281 726 3478 792 ἐκείνης
3759 712 3869 786 δυ..

485 818 709 876 νηθῆναι
736 818 973 889 γενέσθαι
1000 859 1015 885 ,
1055 819 1170 869 τότε
1197 818 1392 869 εἵσεται
1413 814 1578 878 καλῶς
1605 814 1731 876 ὃσης
1758 818 1877 876 τοὺς
1913 816 2064 888 ἱερεῖς
2087 819 2246 885 τιμῆς
2276 815 2306 873 ἡ
2337 821 2429 868 τοῦ
2455 813 2607 887 ἁγίου
2631 817 2930 889 Πνιύματος
2959 815 3154 882 ἠξίωσε
3183 819 3351 891 χάρις
3375 835 3389 849 ·
3427 814 3502 872 δι’
3534 817 3732 886 ἕκιίνης
3759 822 3870 895 Ίάθ

486 910 579 959 καὶ
608 914 777 960 ταῦτα
795 907 1076 960 τιλειοῦται
1095 947 1110 974 ,
1142 910 1231 958 καὶ
1265 904 1426 981 ἓτῆρα
1455 907 1647 958 τούτων
1685 900 1836 958 οὐδὶν
1877 899 2186 960 ἀποδέοντα.

700 1039 988 1114 Ejusdem
1013 1055 1090 1099 ea:
1112 1044 1278 1099 sexto
1302 1039 1377 1099 de
1404 1037 1731 1097 sacerdotio
1759 1037 1931 1095 libro.

562 1230 712 1305 Cum
743 1249 945 1303 autem
1009 1249 1067 1302 et
1121 1247 1399 1303 sanctum
1461 1242 1747 1317 Spiritum
1803 1243 2060 1312 invocat,
2093 1246 2151 1301 et

490 1333 872 1392 tremendum
939 1333 1299 1407 mysterium
1351 1331 1599 1407 perficit,
1653 1334 1711 1389 et
1758 1346 2147 1389 communem

491 1423 778 1481 continuo
830 1423 1155 1480 Dominum
1212 1422 1547 1493 contigerit,
1591 1421 1867 1496 quidam.
1896 1436 2026 1485 oro,
2074 1420 2151 1477 de

493 1512 804 1571 sacerdote
840 1511 1369 1569 existimabimus?
1406 1516 1704 1586 quautam
1731 1510 1791 1567 in
1822 1526 1895 1567 eo
1924 1509 2150 1583 purita-

489 1604 631 1664 tem,
659 1605 955 1674 quantam
1004 1600 1287 1673 pietatem
1347 1600 1661 1671 exigemus
1685 1603 1714 1656 ?
1739 1599 1943 1670 Cogita
1989 1598 2151 1656 enim

488 1689 701 1764 quales
733 1706 865 1748 esse
911 1689 1196 1759 debeant,
1217 1705 1358 1763 qum
1405 1689 1545 1748 talia
1590 1693 1850 1746 tractant
1890 1703 2148 1754 manus;

488 1778 688 1855 qualis
752 1779 982 1850 lingua,
1030 1794 1169 1852 quas
1219 1777 1321 1836 illa
1375 1778 1563 1836 verba
1599 1777 1890 1845 eﬂ‘undit;
1937 1775 2152 1851 quidni

490 1867 821 1942 purissima
850 1872 907 1926 et
935 1867 1314 1925 sanctissima
1337 1867 1563 1935 anima,
1591 1882 1729 1941 quin
1757 1870 1995 1925 tantum
2021 1866 2152 1941 Spi-

491 1957 674 2014 ritum
738 1957 966 2030 reciptt.
998 1959 1164 2014 Tunc
1218 1961 1277 2014 et
1305 1955 1504 2030 angeli
1570 1955 1868 2014 sacerdoti
1932 1960 2152 2021 astant,

493 2050 553 2104 et
575 2046 920 2103 ealestibus
958 2045 1277 2104 virtutibus
1305 2050 1499 2104 totum
1537 2045 1947 2103 sanctuarium
1972 2049 2154 2119 atque

493 2135 693 2192 omnis
720 2133 879 2191 circa
913 2133 1099 2192 altare
1144 2132 1314 2192 locus
1343 2134 1647 2208 impletur,
1677 2133 1761 2191 ob
1787 2149 1930 2191 eum
1958 2133 2152 2192 hono-

492 2224 755 2282 randum
774 2224 879 2298 qui
917 2224 1032 2281 illic
1063 2225 1243 2296 jacet.
1275 2224 1449 2292 Quod
1485 2223 1733 2298 quidem
1777 2223 1949 2281 facile
1978 2222 2155 2281 nobis

492 2315 857 2389 persuadere
887 2319 1083 2389 potest
1105 2314 1238 2389 ipsa
1261 2314 1851 2388 mysteriorum,quaa
1878 2313 1961 2371 ibi
1983 2312 2152 2381 fiunt,

494 2404 778 2476 dignitas.
810 2407 931 2476 Ego
958 2420 1101 2462 vero
1124 2405 1305 2462 etiam
1335 2404 1667 2478 quemdam
1693 2408 2041 2461 narrantem
2055 2419 2157 2460 au-

493 2494 622 2551 dire
674 2494 945 2562 memini,
967 2511 1030 2551 se
1057 2511 1096 2553 a
1124 2510 1269 2551 sene
1295 2494 1423 2552 viro
1453 2493 1815 2557 admirabili,
1848 2499 1905 2552 et
1930 2492 2156 2551 revela-

493 2584 685 2641 tiones
722 2584 922 2643 videre
969 2584 1143 2642 solito
1173 2584 1552 2656 intellexisse,
1581 2584 1748 2658 quod
1785 2584 1837 2640 is
1868 2583 2154 2641 nimirum

493 2672 741 2731 visionis
776 2673 1125 2746 hujusmodi
1165 2673 1459 2731 beneﬁcio
1488 2673 1702 2731 fruitus
1744 2678 1924 2744 esset,
1956 2676 2022 2729 ut
2050 2688 2156 2745 per

491 2763 639 2821 illud
670 2770 910 2838 tempus
952 2763 1398 2822 multitudinem
1455 2763 1811 2834 angelorum
1835 2763 2150 2836 aspiceret,

492 2858 789 2926 quantum
820 2853 1050 2910 homini
1088 2853 1310 2920 liceret,
1340 2853 1609 2910 vestibus
1651 2852 1927 2910 indutam
1954 2851 2153 2925 splen-

491 2940 669 3011 didis,
699 2944 859 3000 circa
885 2942 1073 3000 altare
1100 2942 1407 3009 diffusam,
1439 2941 1716 2998 demissis
1749 2941 1917 2999 humi
1939 2940 2148 3009 oculis,

491 3046 603 3087 ceu
650 3031 867 3089 milites
914 3031 1115 3088 videre
1160 3036 1247 3088 est
1283 3032 1387 3104 qui
1430 3031 1556 3100 regi
1602 3030 1883 3103 praesenti
1919 3034 2141 3087 astant.

495 3117 602 3175 Cui
624 3134 872 3192 prorsus
891 3134 1005 3191 ego
1031 3119 1359 3176 narrationi
1382 3119 1694 3176 assentior.

725 3225 1009 3296 Ejusdem
1035 3241 1111 3283 ea:
1143 3226 1297 3283 libro
1332 3226 1620 3284 adversus
1653 3225 1913 3281 Judaeos.

569 3330 935 3388 Portendens
969 3333 1121 3387 Deus
1174 3330 1383 3404 legalis
1435 3330 1751 3388 sacerdotii
1808 3331 2152 3388 dissolutio-

494 3434 656 3491 nem,
681 3421 763 3476 ait
788 3434 894 3493 per
918 3419 1206 3477 Davidem
1240 3438 1253 3476 :
1289 3423 1376 3477 Τιι
1404 3437 1463 3478 es
1488 3421 1840 3477 sacerdosin
1860 3427 2154 3478 (elernum

495 3509 820 3567 secundum
838 3509 1105 3567 ordinem
1132 3510 1526 3568 Melchisedec
1549 3510 1732 3583 '3,qui
1762 3525 2154 3584 nequaquam

496 3597 720 3669 legales
748 3598 1024 3654 victimas
1049 3600 1475 3667 oti‘erebat,sed
1500 3615 1709 3673 preces
1731 3615 2077 3673 panemque
2099 3604 2156 3656 et

498 3686 727 3754 vinum,
759 3694 825 3744 ut
853 3704 1024 3747 sacra
1052 3688 1300 3747 historia
1330 3688 1526 3747 tradit.
1561 3691 1806 3747 Constat
1850 3697 2053 3746 autem
2073 3689 2154 3745 le-

499 3775 698 3847 galem
722 3793 967 3852 quoque
1004 3778 1270 3853 politiam
1295 3778 1475 3837 simul
1497 3795 1637 3837 cum
1685 3779 1940 3836 Aaronis
1966 3794 2157 3835 sacer-

500 3864 666 3923 dotio
689 3883 977 3935 cessasse,
1002 3868 1407 3926 Melchisedeci
1429 3885 1568 3926 vero
1599 3868 1999 3927 sacerdotium
2013 3884 2153 3925 cum

500 3958 891 4015 conveniente
919 3957 1034 4015 sibi
1061 3958 1266 4031 politia
1300 3959 1681 4016 successisse.

501 4067 788 4139 Ejusdem
828 4084 904 4127 ex
945 4070 1443 4141 interpretatione
1477 4070 1803 4141 Evangelii
1826 4069 2155 4127 secundum

1140 4156 1514 4214 Matthamm.

575 4267 643 4322 Et
670 4264 841 4321 sicuti
883 4263 1082 4336 prisca
1125 4262 1221 4320 lex
1249 4280 1395 4320 oves
1423 4262 1762 4336 vitulosque
1814 4262 2045 4332 habuit,
2077 4262 2159 4320 ita

499 4354 632 4412 heec
668 4369 830 4410 nova
854 4353 1235 4410 Dominicum
1261 4352 1652 4424 sanguinem:
1688 4354 1817 4409 Hoc
1840 4353 2050 4422 facile,
2068 4353 2154 4409 in-

500 4444 648 4514 quit,
678 4445 741 4499 in
780 4458 971 4500 meam
997 4444 1696 4501 commemorationem".
1747 4441 1934 4499 Viden
1965 4448 2030 4498 ut
2054 4442 2159 4499 ab-

504 4534 670 4591 ducit
694 4549 727 4589 a
756 4532 1027 4590 Judaicis
1078 4532 1290 4590 ritibus
1329 4537 1385 4589 et
1425 4532 1776 4591 abstrahit?
1803 4533 1965 4589 Sicut
2009 4532 2158 4592 illud

501 4621 836 4693 faciebatis,
901 4621 1114 4696 inquit,
1147 4621 1228 4679 ob
1261 4621 1905 4679 commemorationem
1941 4625 2155 4696 Egyp-

502 4712 796 4771 tiacorum
835 4710 1290 4780 miraculorum,
1318 4711 1403 4769 ita
1425 4716 1484 4769 et
1508 4711 1626 4768 hoc
1670 4711 1885 4785 inquit,
1928 4712 2008 4769 ob
2033 4728 2157 4770 me-

504 4802 763 4860 moriam
792 4801 933 4858 mei.
974 4800 1123 4857 Illud
1161 4801 1242 4859 ob
1288 4800 1829 4874 primogenitorum
1898 4801 2155 4859 salutem

501 4893 761 4951 effusum
790 4892 919 4962 fuit,
949 4892 1149 4949 hocin
1178 4892 1596 4948 remissionem
1620 4897 2004 4963 peccatorum
2026 4893 2155 4949 uni-

501 4982 654 5040 versi
671 4981 857 5039 orbis.
887 4980 1040 5050 Quid
1068 4997 1213 5055 ergo
1232 4981 1260 5036 ?
1281 4984 1433 5038 Num
1450 4981 1630 5037 etiam
1652 4982 1969 5054 antiquum
1986 4979 2151 5052 illud,

503 5072 604 5141 ait,
645 5070 1009 5128 sacriﬁcium
1065 5073 1208 5128 est?
1254 5073 1414 5140 Nego
1465 5070 1789 5128 enimvero.
1836 5070 2158 5143 Propterea

504 5162 665 5218 enim
685 5161 837 5219 dixit
868 5162 993 5218 Hoc
1013 5161 1220 5232 facite,
1248 5165 1314 5216 ut
1352 5159 1431 5216 ab
1468 5160 1571 5217 illo
1598 5160 2157 5218 abstraheret.Nam

505 5250 557 5306 si
602 5250 720 5305 hoc
755 5249 1176 5306 remissionem
1242 5251 1645 5322 peccatorum,
1678 5254 1745 5307 ut
1801 5263 2017 5322 reapse
2067 5247 2157 5317 tit,

504 5343 809 5413 operatur,
841 5343 1117 5412 superest
1140 5343 1205 5395 ut
1231 5338 1373 5396 illud
1396 5338 1527 5411 jam
1549 5338 1624 5396 sit
1641 5338 1872 5396 inutile.

581 5490 628 5526 ¹⁸
665 5491 820 5549 Psal.
857 5506 968 5548 οιχ.
990 5491 1044 5548 4.
1086 5491 1131 5527 ¹⁴
1161 5491 1301 5562 Luc,
1336 5505 1469 5561 χχιι,
1500 5492 1586 5548 10.

581 5640 658 5718 (9)
694 5638 844 5718 κάη,
865 5652 929 5720 p.
957 5640 1085 5705 tu.

2465 1043 2570 1091 Τοῦ
2612 1036 2776 1092 αὐτοῦ
2803 1035 2861 1093 ἐκ
2888 1046 2983 1094 τοῦ
3013 1038 3162 1094 ἓκτου
3202 1044 3321 1115 περὶ
3363 1041 3649 1115 ἱερωσύνης

2919 1127 3076 1201 λόγου

2325 1239 2486 1295 Ὀταν
2534 1237 2595 1296 δε
2631 1246 2723 1297 καὶ
2776 1246 2836 1298 τὸ
2896 1250 3107 1319 Πνιυμα
3142 1247 3201 1299 τὸ
3236 1244 3386 1320 ἅγιον
3451 1246 3608 1321 καλῇ,
3637 1252 3728 1302 καὶ
3771 1253 3874 1309 τὴν

2256 1327 2686 1407 φρικωδεστάτην
2770 1330 2975 1407 ἐπιτελῇ
3050 1336 3239 1388 θυσίαν
3263 1376 3278 1401 ,
3346 1339 3437 1389 καὶ
3519 1342 3612 1390 τοῦ
3689 1345 3874 1392 κοινοῦ

2254 1422 2461 1475 πάντων
2511 1430 2745 1496 συνεχῶς
2801 1421 3094 1496 ἕτοὶπτηται
3150 1429 3413 1479 Δισπότου
3438 1467 3451 1493 ,
3474 1433 3578 1479 ποῦ
3624 1426 3872 1501 τάξομεν,

2257 1510 2367 1565 εἰπε
2416 1528 2540 1584 μοι;
2571 1515 2749 1571 Πόσην
2780 1508 2842 1566 δε
2898 1513 3055 1566 αὐτὸν
3098 1511 3456 1588 ἀπαιτήσομεν
3509 1516 3874 1591 καθαρότητα,

2256 1604 2348 1654 καὶ
2407 1604 2579 1659 πόσην
2653 1600 2968 1669 εὐλάϐειανς
3008 1603 3287 1661 Ἐννόησον
3342 1608 3441 1680 γὰρ
3516 1605 3702 1667 ὁποίας
3772 1608 3878 1670 τὰς

2258 1697 2423 1743 ταῦτα
2470 1686 2871 1763 διακονουμένοις
2908 1698 3096 1764 χεῖρας
3156 1688 3286 1746 εἶναι
3336 1697 3447 1766 χρή
3481 1706 3499 1726 ⁹
3542 1695 3723 1747 ὁποίαν
3771 1699 3875 1755 τήν

2257 1778 2503 1853 γλῶσσαν
2569 1784 2663 1839 τὴν
2712 1778 2879 1834 ίκεῖνα
2926 1785 3263 1855 προχέουσαν
3309 1785 3377 1835 τά
3429 1783 3647 1859 ῥήματα
3678 1797 3694 1815 ⁸
3725 1788 3875 1848 τίνος

2260 1865 2321 1923 δε
2381 1868 2444 1923 οὐ
2503 1870 2870 1945 καθαρωτέραν
2931 1875 3023 1923 καὶ
3055 1870 3373 1944 ,ἁγιωτίραν
3443 1876 3541 1932 τὴν
3612 1880 3875 1928 τοσοῦτον

2256 1964 2459 2032 πνεῦμα
2528 1954 2913 2032 ὑποδεξομένην
2983 1959 3167 2033 ψυχήν
3216 2001 3230 2017 .
3289 1966 3414 2015 Τότι
3486 1967 3577 2016 καὶ
3652 1962 3873 2035 ἄγγι).οι

2258 2051 2629 2123 παρεστήκασι
2665 2055 2739 2120 τῷ
2799 2050 2942 2123 ίιρεῖ,
2972 2053 3063 2102 καὶ
3100 2048 3352 2124 οὐρανίων
3401 2047 3674 2124 δυνάμεων
3727 2051 3873 2105 ἅπαν

2261 2139 2317 2191 τό
2356 2134 2528 2211 βῆμα,
2558 2140 2649 2190 καὶ
2677 2137 2704 2190 ὁ
2733 2141 2852 2211 περὶ
2916 2140 2977 2190 τὸ
3023 2139 3404 2215 θυσιαστήριον
3453 2138 3748 2216 πληροῦται
3784 2145 3872 2195 τό-

2259 2245 2354 2287 πος
2383 2224 2449 2288 εἰς
2499 2230 2658 2301 τιμὴν
2698 2233 2790 2280 τοῦ
2828 2231 3065 2300 κειμένου
3108 2264 3121 2280 .
3158 2231 3258 2282 Καὶ
3320 2236 3474 2283 τοῦτο
3541 2232 3715 2283 ἱκανόν
3775 2233 3871 2303 μεν

2260 2317 2541 2375 πιισθῆναι
2612 2319 2703 2369 καὶ
2756 2311 2807 2379 ἐξ
2870 2314 3039 2369 αὐτῶν
3112 2324 3212 2369 τῶν
3267 2315 3666 2391 ὶπιτελουμίνων
3722 2323 3864 2373 τότε⁶

2263 2401 2363 2475 ἄγω
2437 2399 2498 2456 δι
2561 2407 2653 2456 καὶ
2716 2421 2848 2465 τινος
2912 2408 3122 2463 ἤκουσα
3196 2401 3548 2478 διηγουμένου
3603 2409 3728 2461 ποτὶ
3790 2407 3875 2460 ὃτι

2263 2491 2404 2563 αὐτῷ
2459 2510 2538 2553 τις
2589 2489 2887 2565 πρεσϐύτης
2936 2495 3237 2566 θαυμαστὸς
3274 2492 3403 2567 ἀνὴρ
3457 2500 3549 2549 καὶ
3607 2493 3876 2549 ἀποκαλύ-

2261 2582 2379 2656 ψεις
2434 2584 2558 2659 ὀρᾷν
2624 2583 2811 2645 εἰωθὼς
2856 2582 3020 2657 ἔλεγεν
3086 2584 3252 2657 ὄψεως
3308 2586 3569 2650 ἠξιῶσθαι
3614 2590 3870 2651 τοιαύτης

2259 2676 2405 2739 ποτε,
2432 2677 2523 2725 καὶ
2564 2674 2701 2726 κατὰ
2756 2676 2843 2726 τὸν
2880 2676 3064 2749 καιρόν
3117 2672 3303 2729 ἐκεῖνον
3355 2676 3498 2748 ἄφνω
3539 2675 3739 2738 πλῆθος
3768 2676 3870 2748 ἁγ-

2258 2762 2419 2835 γῦων
2478 2758 2628 2828 ἰδεῖν,
2652 2764 2722 2824 ὡς
2781 2761 2920 2834 αὐτῷ
2964 2759 3186 2816 δυνατὸν
3234 2760 3317 2831 ἦν,
3360 2764 3546 2827 στολὰς
3586 2763 3871 2825 ἀναϐεϐληο

2259 2855 2422 2925 μένων
2481 2850 2757 2926 λαμπρὰς,
2815 2856 2907 2904 καὶ
2973 2855 3032 2904 τὸ
3083 2853 3462 2928 θυσιαστήριον
3517 2853 3869 2925 κυκλούντων,

2259 2945 2350 2993 καὶ
2379 2942 2521 2993 κάτω
2558 2944 2803 2993 νευόντων
2826 2984 2841 3012 ,
2867 2943 2935 3002 ὡς
2965 2941 3027 2993 ἄν
3066 2944 3111 2994 εἶ
3135 2961 3217 3003 τις
3248 2948 3575 3017 στρατιώτας
3605 2942 3876 3017 βασιλέως

2260 3034 2512 3106 παρόντος
2537 3029 2824 3092 ἑστηκότας
2852 3026 2963 3083 ῖδοι
2994 3047 3008 3062 ·
3035 3029 3060 3082 ὁ
3087 3028 3184 3103 ἐγω
3214 3033 3481 3105 πείθομαι.

2395 3231 2499 3279 Τοῦ
2528 3223 2690 3278 αὐτοῦ
2729 3221 2783 3277 ἔκ
2812 3231 2903 3285 τῆς
2927 3226 3062 3278 κατὰ
3092 3221 3361 3280 Ἰουδαίων
3392 3225 3579 3299 βίϐλου
3601 3226 3738 3298 (10).

2337 3333 2655 3406 ῐΙρομηνύων
2703 3331 2729 3383 ὁ
2805 3334 2931 3393 Θεὸς
3002 3336 3095 3391 τὴν
3159 3332 3443 3387 κατάλυσιν
3498 3341 3589 3396 τῆς
3650 3342 3879 3408 νομικῆς

2268 3423 2583 3497 ἱερωσύνης,
2630 3423 2800 3493 εἴρηκε
2843 3417 2938 3473 διὰ
2974 3429 3066 3474 τοῦ
3110 3418 3277 3476 Δαϐίδ
3308 3439 3322 3453 ⁸
3370 3427 3436 3476 Σὺ
3494 3420 3544 3477 εἴ
3580 3426 3744 3498 ἵιρενς
3802 3424 3878 3486 εἰς

2265 3516 2353 3565 τὸν
2428 3508 2591 3562 αἰῶνα
2663 3512 2798 3561 κατά
2867 3514 2962 3568 τὴν
3027 3509 3173 3574 τάξιν
3246 3507 3599 3584 Μελχισεδὲκ,
3680 3512 3735 3574 ὃς
3809 3513 3873 3565 οὗ

2270 3603 2459 3662 θυσίας
2522 3599 2741 3671 νομικὰς
2804 3599 3026 3672 ὶίρευεν,
3060 3598 3169 3651 ἀλλ’
3200 3599 3363 3673 εὐχὰς
3427 3606 3516 3654 καὶ
3568 3602 3725 3671 οῖρτον
3775 3604 3867 3653 καὶ

2267 3688 2443 3758 οἶνον,
2475 3689 2543 3751 ὡς
2591 3688 2621 3745 ἡ
2671 3686 2879 3762 ἱστορία
2931 3684 3201 3744 διδάσκει.
3264 3686 3535 3763 Πρόδηλον
3592 3687 3651 3744 δὲ
3698 3692 3763 3752 ὡς
3804 3697 3870 3763 τῇ

2266 3782 2356 3852 μὶν
2416 3779 2668 3853 ἱερωσύνη
2718 3783 2810 3829 τοῦ
2855 3775 3054 3850 Ἀαρὼν
3104 3781 3425 3855 συνανῃρέθη
3483 3783 3575 3832 καὶ
3614 3780 3643 3839 ἡ
3678 3785 3872 3853 νομική

2267 3866 2525 3922 πολιτεία·
2541 3874 2603 3940 τῇ
2629 3862 2665 3919 δ
2668 3869 2690 3920 'z
2707 3873 2797 3919 τοῦ
2815 3864 3149 3939 Μελχισεδὲκ
3181 3870 3607 3941 συναντεισήχθη
3638 3867 3880 3923 πολιτιιοι

2265 3964 2630 4032 προσήκουσα.

2442 4073 2546 4121 Τοῦ
2594 4064 2755 4119 αὐτοῦ
2801 4063 2857 4119 ἔκ
2899 4073 2990 4127 τῆς
3039 4065 3108 4129 εἰς
3156 4068 3215 4120 τὸ
3254 4068 3389 4121 κατὰ
3427 4067 3691 4121 Ματθαῐον

2920 4154 3209 4230 ἑρμηνείας.

2340 4271 2441 4321 Καὶ
2472 4267 2642 4340 ὥσπερ
2674 4266 2706 4326 ἡ
2741 4262 2945 4318 Παλαιὰ
2994 4262 3235 4338 πρόϐατα
3280 4269 3371 4319 καὶ
3425 4268 3667 4338 μόσχους
3705 4262 3874 4337 εἶχεν,

2266 4356 2430 4419 οὕτως
2467 4354 2598 4413 αὕτη
2640 4356 2670 4413 ἡ
2719 4358 2878 4413 Καινή
2934 4356 2993 4406 τὸ
3039 4355 3172 4427 αζαα
3218 4357 3276 4407 τό
3316 4359 3631 4410 Δεσπότικὸν
3662 4370 3676 4385 ·
3703 4361 3875 4409 Τοῦτο

2265 4453 2497 4513 ποιεῖτε,
2555 4447 2738 4517 φησὶν,
2814 4441 2881 4504 εἰς
2953 4446 3049 4502 τὴν
3124 4441 3251 4517 ἕμὴν
3345 4442 3654 4518 ἀνάμνησιν.
3724 4441 3877 4508 Εἶδες

2265 4545 2375 4600 πῶς
2432 4533 2604 4607 ἐξάγει
2659 4540 2760 4587 τῶν
2826 4528 3131 4586 Ἰουδαίκῶν
3194 4532 3320 4587 ἐθῶν
3393 4539 3483 4587 καὶ
3559 4533 3874 4607 ἁφίστησις

2267 4626 2511 4699 Καθάπερ
2591 4624 2750 4675 έκεῖνο
2842 4618 3055 4674 ἕποιείτε
3076 4665 3091 4690 ,
3161 4626 3321 4694 φησιν
3350 4666 3366 4692 ,
3433 4623 3505 4686 εἰς
3577 4621 3876 4696 ἀνάμνησιν

2264 4724 2363 4769 τῶν
2393 4712 2441 4767 ἕν
2494 4711 2743 4783 Αἰγύπτῳ
2798 4710 3075 4783 θαυμάτων
3104 4753 3120 4781 ,
3163 4711 3299 4764 οὕτω
3336 4716 3427 4765 καὶ
3453 4719 3609 4765 τοῦτο
3647 4711 3719 4773 εἰς
3772 4716 3875 4771 τὴν

2265 4803 2391 4877 ὶμήν
2423 4840 2436 4854 .
2483 4802 2672 4854 Ἐκεῖνο
2695 4797 2919 4872 ἐξεχύθη
2953 4798 3026 4861 εἰς
3056 4804 3319 4874 σωτηρίαν
3367 4808 3466 4853 τῶν
3503 4805 3873 4874 πρωτοτόκων,

2262 4899 2417 4947 τοῦτο
2472 4888 2544 4952 εἰς
2599 4890 2783 4961 ἄφεσιν
2830 4887 3099 4963 ἁμαρτιῶν
3129 4896 3225 4951 τῆς
3276 4888 3584 4963 οἰκουμένης
3631 4887 3877 4961 ἀπάσης,

2261 4986 2325 5036 Τί
2398 4976 2520 5049 οὖνς
2577 4983 2692 5054 Χρὴ
2766 4974 2932 5031 ποάῐν
2998 4978 3204 5032 κάκεῖνο
3268 4982 3327 5033 τό
3400 4980 3655 5047 παὶαεόνς
3686 4986 3879 5054 φησίν.

2263 5065 2524 5142 Οὐδαμῶς
2553 5084 2567 5098 °
2603 5063 2697 5120 διὰ
2741 5068 2844 5141 γὰρ
2897 5074 3053 5121 τοῦτο
3091 5064 3200 5121 εἶπε
3229 5111 3244 5137 ,
3286 5074 3450 5123 Τοῦτο
3504 5076 3697 5123 ποιεῖτι
3720 5113 3736 5138 ,
3788 5070 3883 5124 ἵνα

2264 5158 2459 5213 ἄκείνου
2526 5155 2770 5230 ἀπαγάγῃ
2809 5177 2821 5191 ’
2852 5156 2896 5211 εἰ
2958 5159 3058 5229 γαρ
3118 5164 3271 5211 τουτο
3345 5159 3529 5231 ἄφεσιν
3604 5158 3882 5232 ἁμαρτιῶν

2266 5246 2543 5322 ἆργοὶζεται
2576 5289 2591 5315 ,
2656 5248 2831 5320 ὥσπερ
2916 5242 3006 5299 οὖν
3079 5251 3170 5300 καὶ
3245 5245 3522 5321 ἐργάζεται
3549 5290 3564 5319 ,
3608 5244 3881 5322 ¹περιττὸν

2267 5336 2429 5390 ἐκεῖνο
2456 5335 2655 5391 λοιπόν.

2339 5635 2452 5713 (t0)
2481 5631 2695 5698 ῦοοιοε
2721 5636 2874 5698 οτιιυ
2905 5631 2999 5695 vu
3028 5629 3320 5697 adversus
3338 5630 3603 5698 ludum:
