2068 3197
241 127 290 154 163

910 123 1045 153 NICETE
1058 121 1249 151 CHONIATE

1866 121 1919 153 164

238 195 301 218 non
310 189 411 216 tamen
422 194 503 216 nunc
512 186 639 214 Patrem.
652 186 711 213 Hoc
724 184 907 213 adnotamus
919 184 1064 213 adversus

1121 187 1237 219 Χριστοῦ
1265 184 1342 218 λέγει,
1373 183 1427 210 ἀλλ’
1453 184 1517 220 οὐχὶ
1546 188 1591 209 τοῦ
1619 185 1721 219 Πατρός
1748 193 1802 210 νυν.
1836 186 1918 210 Τοῦτο

237 232 303 260 illos
318 232 370 268 qui
385 230 568 259 vocabulum
588 237 729 264 magnum
746 229 822 256 Patri
838 232 954 257 tantum
972 229 1065 257 ascri-

237 277 323 310 bunt,
346 276 417 303 Filio
436 278 538 303 autem
554 277 652 311 partes
670 274 819 301 secundas
832 273 915 301 dant.
934 274 1065 301 Hostiam

237 328 327 357 porro
347 323 375 348 et
399 320 572 357 pontilicem
594 318 757 355 appellant,
787 318 860 345 illud
881 318 1006 354 quidem
1026 318 1065 345 ob

237 365 411 402 passionem
421 368 508 400 etpro
517 366 620 391 nostra
628 363 722 390 salute
733 363 916 390 oblationem
924 371 930 395 ;
938 362 1065 390 alterum

237 412 348 444 autem,
368 409 442 445 quia
461 416 522 435 non
544 407 583 435 ab
603 407 672 441 alio,
693 407 745 434 sed
772 406 895 442 propria
913 406 1066 434 voluntate

236 453 412 482 immolatus
432 452 495 484 fuit,
528 455 556 480 et
579 451 619 479 ad
638 451 840 478 voluntariam
862 453 990 478 mortem
1018 459 1066 478 ac-

237 498 336 526 cessit.

522 549 626 577 Sancti
637 549 779 577 Maximi.

275 604 326 633 Dei
342 603 470 632 Verbum
487 602 580 630 semel
593 602 624 630 in
643 610 732 629 carne
746 604 860 632 natum,
877 601 924 629 his
943 601 1066 638 quidem

239 649 292 685 qui
306 648 422 679 volunt,
432 650 539 683 sponte
552 646 591 674 ob
608 654 696 674 suam
709 654 779 681 erga
789 646 928 674 homines
941 646 1066 674 Charita-

238 695 300 721 tem
322 700 440 728 semper
464 691 639 719 renascitur.
661 691 763 726 Fitque
786 690 894 720 infans.
912 698 944 718 se
966 690 1066 726 ipsum

239 737 395 765 virtutibus
412 735 606 772 corporaliter
626 735 657 762 in
679 734 736 762 illis
760 734 918 769 efﬁngens,
935 737 1066 762 tantum-

238 790 296 818 que
318 790 349 807 se
371 781 567 808 demontrans
587 781 735 815 quantum
754 779 906 806 continere
927 779 1004 806 valet
1019 779 1066 806 ille

238 826 289 863 qui
305 826 384 861 capit
402 835 407 857 ;
421 825 501 852 haud
515 831 586 851 sane
600 823 712 850 invidia
726 823 828 859 aliqua
844 831 905 850 suae
917 824 1065 856 magnitu-

239 870 318 898 dinis
341 870 472 906 speciem
500 869 651 899 minuens.
672 867 724 895 sed
750 868 823 904 quia
846 868 957 895 trutina
978 868 1065 895 veluti

239 914 519 943 examinatillorum
535 912 586 948 qui
602 920 633 939 se
651 912 750 939 videre
766 912 892 948 cupiunt
909 912 1061 940 virtutem.

241 960 286 987 Sic
296 959 386 994 igitur
401 965 520 992 semper
535 964 694 992 apparens,
711 963 766 992 pro
779 956 985 992 recipientium
1003 964 1066 983 me—

239 1004 295 1031 rito
320 1003 368 1030 Dei
391 1002 530 1033 Verbum,
548 1008 668 1036 semper
680 1003 781 1028 manet
796 1008 849 1037 per
868 1001 1001 1036 mysterii
1017 1009 1066 1029 ex-

240 1047 406 1075 collentiam
433 1045 590 1072 invisibile.
612 1044 694 1072 Unde
720 1045 871 1080 sapienter
885 1044 973 1072 divus
994 1053 1064 1081 apo-

239 1091 333 1119 stolus
368 1089 502 1126 mysterii
531 1089 670 1116 virtutem
693 1088 878 1121 discernens,
902 1089 942 1116 ait
959 1097 965 1115 :
981 1090 1066 1117 Jesus

241 1136 379 1164 Christus
396 1135 461 1162 heri
484 1137 511 1162 et
535 1133 631 1167 hodie,
654 1133 790 1168 idemque
808 1133 840 1160 in
865 1136 1010 1161 internum
1032 1135 1064 1160 ‘5.

239 1180 340 1208 Sciens
359 1186 477 1214 semper
501 1186 616 1205 novum
643 1185 708 1205 esse
735 1177 914 1213 mysterium
936 1181 965 1205 et
983 1177 1067 1206 nulla.

239 1224 347 1252 mentis
360 1222 629 1259 comprehensione
638 1223 837 1250 veterascens.

239 1279 338 1307 Phatii
349 1276 537 1312 patriarchae
560 1283 599 1304 ea:
616 1282 752 1304 sermone
768 1275 804 1303 de
818 1275 917 1303 sancti
937 1275 1067 1310 Spiritus

553 1320 753 1355 mystagogia.

274 1376 387 1404 Idcirco
400 1374 491 1411 paulo
504 1375 572 1410 post
582 1372 683 1401 addit:
700 1373 757 1400 [lle
771 1380 817 1400 me
833 1372 1017 1408 gloriﬁcabit
1028 1373 1065 1405 ιτς

236 1421 349 1457 ubique
373 1419 483 1447 scilicet
498 1417 848 1449 consubstantialitatem,
865 1420 894 1444 et
922 1417 1066 1444 unitatem

237 1467 361 1497 naturae,
379 1464 520 1500 parisque
539 1462 663 1490 honoris
685 1461 861 1496 dignitatem
881 1461 1065 1489 incolumem

237 1509 528 1543 servans.Tanquam
538 1505 562 1533 si
570 1506 638 1541 quis
648 1505 769 1539 diceret,
781 1504 1066 1541 supersubstantiali

237 1555 267 1581 et
279 1551 501 1588 gloriosissimas
516 1549 647 1578 Trinitati
660 1557 822 1577 commune
836 1557 911 1584 esse,
928 1552 960 1577 ut
975 1557 1006 1576 se
1021 1548 1066 1576 in-

237 1597 334 1625 vicem
347 1595 492 1624 ineffabili
505 1594 640 1622 oratione
658 1593 823 1622 dilaudent.
844 1593 883 1621 Et
896 1594 1003 1628 paucis
1017 1593 1065 1621 in-

238 1642 369 1676 terjectis
383 1650 394 1667 .-
410 1641 460 1667 Est
480 1639 537 1667 illis
558 1638 730 1667 communis
756 1638 934 1672 dominatio,
957 1639 1063 1673 virtus,

237 1685 373 1723 potentia
388 1693 395 1712 :
412 1684 454 1712 sic
471 1691 577 1711 rursus
592 1685 621 1711 et
635 1683 741 1718 gloria,
756 1690 818 1710 non
833 1690 869 1711 ea
883 1682 982 1711 solum
997 1691 1064 1719 quae

236 1738 257 1758 a
270 1729 359 1758 nobis
370 1728 550 1760 attribuitur,
565 1735 671 1755 verum
685 1727 776 1755 etiam
788 1727 838 1755 illa
852 1730 959 1755 mutua
970 1735 1065 1764 quam

236 1775 313 1803 inter
327 1782 359 1802 se
373 1773 501 1801 invicem
514 1771 673 1808 accipiunt.

236 1828 343 1862 Magni
371 1826 536 1854 Athanasii
558 1833 596 1853 ea:
618 1833 754 1853 sermone
781 1825 818 1853 de
841 1825 1063 1853 lncarnatione.

272 1925 370 1953 Primo
380 1924 503 1961 quidem
519 1931 609 1951 suum
625 1923 776 1952 amortuis
790 1924 944 1952 suscitavit
954 1931 1064 1960 corpus

236 1970 390 2003 Dominus,
419 1976 583 2005 secumque
609 1968 758 1996 exaltavit.
788 1968 900 1996 Deinde
925 1968 1065 1996 membra

235 2018 357 2052 qucque
370 2014 504 2049 corporis
517 2013 565 2040 sui
580 2013 747 2046 suscitabit,
767 2014 800 2040 ut
813 2011 917 2040 omnia
930 2012 987 2040 illis
1005 2012 1063 2040 lar-

235 2060 334 2095 giatur
353 2061 456 2094 utpote
476 2058 564 2092 Deus,
580 2064 771 2092 quaecunque
796 2057 861 2092 ipse
883 2057 1014 2091 suscepit
1032 2059 1064 2084 ut

231 2104 338 2131 homo.
369 2102 435 2138 ipse
456 2101 545 2135 igitur
566 2100 623 2128 sibi
642 2100 810 2136 impertitur
828 2101 930 2132 vitam,
952 2100 1015 2135 ipse
1031 2108 1063 2128 se

235 2146 413 2180 sanctiﬁcat,
431 2145 496 2181 ipse
523 2153 555 2172 se
577 2144 697 2172 exaltat.
724 2146 798 2172 Cum
817 2152 889 2180 ergo
912 2145 960 2173 ait,
978 2145 1061 2181 quod

235 2193 320 2220 Pater
337 2191 439 2226 ipsum
460 2188 666 2221 sanctiﬁcavit,
682 2191 709 2216 et
727 2189 928 2223 resuscitavit,
945 2189 1063 2225 sibique

234 2242 347 2265 nomen
362 2240 452 2269 super
466 2240 557 2261 omne
573 2240 686 2261 nomen
700 2232 825 2268 largitus
837 2235 892 2267 est,
907 2233 1062 2269 vitamque

234 2278 368 2311 donavit,
383 2277 455 2306 satis
471 2279 597 2310 constat,
611 2277 696 2313 quod
710 2285 762 2313 per
777 2277 878 2313 ipsum
891 2278 996 2305 omnia
1009 2280 1062 2305 Pa-

233 2327 277 2353 ter
288 2324 439 2360 operatur.
456 2323 509 2350 Per
528 2322 630 2358 ipsum
653 2321 754 2359 itaque
767 2322 909 2350 eumdem
925 2323 1060 2357 suscitat,

232 2376 287 2406 per
293 2368 395 2404 ipsum
404 2366 786 2402 eumdemsanctiﬁcat,per
795 2367 896 2403 ipsum
907 2368 1061 2396 eumdem-

234 2415 296 2442 met
309 2411 430 2440 exaltat.
448 2412 480 2439 Et
494 2418 564 2438 cum
577 2410 715 2447 spiritum
729 2419 819 2439 suum
841 2412 872 2439 in
888 2412 983 2441 Patris
998 2421 1060 2441 ma-

234 2466 291 2486 nus
306 2457 349 2485 uti
361 2456 454 2484 homo
467 2456 670 2488 commendat,
682 2456 738 2483 sibi
753 2456 811 2492 ipsi
825 2457 1014 2486 commendat
1029 2461 1062 2486 ut

235 2504 307 2535 Deo,
330 2504 363 2529 ut
383 2500 522 2529 homines
535 2501 593 2528 Deo
608 2500 808 2529 commendet.
831 2503 895 2537 Ipse
914 2503 994 2530 enim
1011 2503 1061 2531 Dei

233 2554 344 2575 manus
355 2548 410 2574 est.

272 2636 297 2654 ‘°
312 2634 400 2663 Hebr.
410 2642 471 2667 xui,
489 2636 518 2662 8.
561 2634 582 2652 ¹⁷
603 2634 688 2662 Joan.
704 2642 763 2668 xvi,
780 2635 825 2663 14.

1083 859 1102 884 Β

1081 1533 1102 1561 C

1121 229 1299 264 σημειούμιθα
1331 230 1394 265 πρός
1430 230 1489 259 τοὺς
1530 230 1559 254 τό
1605 228 1718 264 μεγάλου
1755 232 1791 253 τῶ
1835 231 1920 264 Πατρὶ

1120 274 1189 308 μόνῳ
1221 273 1438 309 περιγράφοντας,
1468 277 1504 308 τῷ
1531 271 1557 299 δ’
1582 274 1633 307 Tin
1659 273 1691 298 τὰ
1714 270 1847 309 δευτερεῖα
1878 271 1920 298 δι-

1121 315 1214 347 δόντας
1231 325 1237 331 ·
1263 317 1375 352 θύματος
1397 316 1426 343 δὲ
1448 319 1491 343 καὶ
1519 316 1662 355 ἀρχιερέως
1686 319 1714 342 τό
1736 318 1781 353 μὲν
1801 318 1835 347 ὡς
1855 326 1922 352 σφα-

1119 362 1280 395 γιασθέντος,
1314 363 1358 386 καὶ
1391 362 1454 398 ὑπὲρ
1495 365 1543 392 τῆς
1577 362 1703 397 ἡμετέρας
1735 362 1908 398 προσενεχθέν

1119 414 1162 435 τος
1187 407 1319 441 σωτηρίας
1340 414 1346 420 '
1368 407 1397 431 τό
1419 403 1448 432 δὲ
1469 407 1501 435 ὡς
1525 406 1578 441 οὐχ
1598 405 1640 431 ὑπ’
1656 405 1745 437 ἄλλου,
1762 406 1804 441 ὑφ’
1828 405 1922 431 ἑαυτοῦ

1121 448 1151 476 δὲ
1171 450 1261 476 ἑαυτὸν
1283 451 1428 485 τεθυκότος,
1449 453 1494 476 καὶ
1513 450 1549 481 εἰς
1574 453 1677 486 σφαγὴν
1698 450 1815 476 ἑκούσιον
1830 460 1923 487 προτε-

1122 496 1248 525 θιιχότος.

1343 552 1394 575 Τοῦ
1407 550 1482 584 ἁγίου
1493 548 1616 584 Μαξίμου
1632 548 1697 583 (14).

1156 601 1185 627 Ὀ
1200 605 1246 628 τοῦ
1268 605 1335 628 Θεοῦ
1357 604 1453 637 Λόγος,
1468 601 1569 637 ἐφάπαξ
1588 602 1656 627 κατὰ
1676 602 1763 638 σάρκα
1781 602 1923 636 γεννηθεὶς.

1121 645 1160 672 ἀεὶ
1172 649 1303 682 γεννᾶται,
1323 646 1398 672 θέλων
1411 648 1479 672 κατὰ
1493 650 1594 682 πνεῦμα
1607 644 1654 672 διὰ
1664 645 1857 683 φιλανθρωπίαν
1867 649 1925 676 τοῖς

1123 691 1226 717 ϐέλουσι
1255 699 1262 705 ⁸

1122 739 1276 771 σωματικῶς
1305 733 1470 761 διαπλάττων
1502 739 1559 766 ταῖς
1586 735 1698 772 ἀρεταῖς,
1729 737 1773 761 καὶ
1799 739 1925 761 τοσοῦτον

1297 693 1342 717 καὶ
1370 693 1469 726 γίνεται
1501 690 1597 728 βρέφος
1632 690 1720 717 ἑαυτὸν
1754 690 1777 716 ἐν
1819 690 1926 720 ἐκείνοις

1121 782 1270 816 φαινόμενος
1301 780 1361 805 ὅσον
1389 783 1485 816 χωρεῖν
1520 779 1658 806 ἐπίσταται
1690 781 1734 805 τόν
1768 777 1925 815 δεχόμενον,

1120 823 1150 849 οὐ
1175 825 1258 860 φθόνῳ
1284 825 1431 861 σμικρὺνων
1465 827 1511 850 τοῦ
1537 824 1632 850 οἰκείου
1657 824 1780 860 μεγέθους
1803 826 1861 857 τήν,
1885 825 1927 849 ἔκ-

1842 867 1925 903 [cod.

1121 912 1190 949 ἐρᾴν]
1204 914 1351 939 ποθούντων
1364 915 1408 941 τὴν
1425 911 1536 949 δύναμιν
1546 922 1551 927 ·
1567 913 1647 942 οὕτως
1658 912 1697 938 ἀεὶ
1709 915 1859 948 φαινόμενος
1870 916 1927 942 τοῖς

1122 878 1226 903 φανσιν,
1256 867 1320 893 ἀλλὰ
1348 870 1433 905 μέτρῳ
1462 869 1613 904 σταθμίζων
1650 872 1698 893 -ὠν
1739 868 1800 904 όρᾴν

1121 960 1227 995 τρόποις
1246 962 1296 983 τῶν
1320 959 1440 994 μετόχων
1460 958 1472 983 ό
1495 960 1541 983 τόῡ
1562 962 1629 983 Θεοῦ
1646 960 1738 993 Λόγος,
1756 957 1791 983 ἀεὶ
1807 955 1927 993 διαμένει

1121 1004 1188 1027 κατὰ
1200 1004 1245 1031 τὴν
1261 1002 1400 1038 ὑπερϐολὴν
1416 1006 1461 1028 τοῦ
1477 1004 1623 1039 μυστηρίου
1639 1006 1691 1033 τοῖς
1703 1005 1783 1028 πᾶσιν
1798 1001 1924 1032 ἀθέατος·

1121 1047 1177 1072 ὃθεν
1203 1051 1288 1082 σοφῶς
1309 1050 1354 1072 τοῦ
1383 1049 1532 1084 μυστηρίου
1562 1047 1574 1072 ό
1601 1048 1665 1077 θεῖος
1700 1046 1843 1077 ἀπόστολος
1877 1049 1927 1075 τὴν

1122 1089 1233 1127 δύναμιν
1258 1089 1445 1120 διασχοπὴσας
1465 1092 1544 1127 φησίν
1565 1099 1572 1106 ·
1597 1092 1701 1122 Ἰησοῦς
1723 1092 1840 1127 Χριστός
1858 1091 1926 1126 χθὲς

1120 1137 1165 1161 καὶ
1182 1138 1293 1172 σήμερον
1316 1135 1328 1160 ό
1353 1135 1428 1166 αὐτὸς
1453 1138 1497 1161 καὶ
1518 1135 1552 1165 εἰς
1575 1137 1635 1165 τοὺς
1654 1135 1766 1165 αἰῶνας·
1791 1133 1868 1165 εἰδὼς
1884 1134 1926 1160 ἀεὶ

1120 1181 1208 1205 καινόν
1247 1182 1403 1216 μυστήριον,
1443 1182 1487 1205 καὶ
1530 1178 1662 1216 μηδέποτε
1695 1179 1834 1218 περιλήψει
1865 1181 1926 1209 νοὸς

1121 1224 1319 1260 παλαιούμενον.

1121 1279 1223 1303 Φωτίου
1248 1278 1417 1314 πατριάρχου
1442 1277 1471 1303 ἐκ
1500 1280 1546 1303 τοῦ
1569 1277 1648 1313 λογόυ
1664 1280 1710 1303 τοῦ
1727 1279 1787 1314 περὶ
1807 1281 1855 1308 τῆς
1877 1281 1924 1303 τοῦ

1300 1321 1376 1357 ἁγίου
1393 1323 1541 1358 Πνεὺματος
1550 1332 1584 1358 μυ
1589 1325 1748 1358 σταγωγὶας.

1157 1376 1205 1401 Διὰ
1232 1378 1307 1401 τοῦτο
1331 1379 1385 1411 μετ’
1413 1375 1498 1411 ὀλίγον
1524 1375 1647 1413 ἐπιφέρει,
1678 1377 1718 1402 ὃτι
1748 1376 1845 1402 Ἐκεῖνο
1879 1375 1923 1412 ἐμὲ

1122 1417 1230 1451 δοξάσει
1253 1428 1259 1434 ”
1276 1424 1415 1455 πανταχοὺ
1450 1422 1479 1446 τό
1511 1421 1648 1456 όμοούσιον
1677 1422 1722 1446 καὶ
1737 1421 1857 1456 όμοφυὲς,
1878 1423 1921 1446 καὶ

1121 1466 1149 1489 τὸ
1169 1468 1216 1494 τῆς
1242 1465 1380 1500 όμοτιμίας
1411 1464 1526 1501 ἀξίωμα,
1550 1464 1680 1500 ἀκηρατον
1706 1469 1840 1501 συντηρών
1857 1472 1863 1479 ⁵
1891 1466 1923 1494 ὡς

1120 1508 1151 1533 ἄν
1180 1518 1221 1538 τις
1250 1510 1321 1541 εἷπη,
1358 1511 1447 1535 Κοινόν
1471 1508 1526 1534 ἐστι
1559 1510 1588 1535 τό
1619 1513 1667 1539 τῆς
1694 1510 1851 1546 ὑπερουσίου
1877 1511 1923 1534 καὶ

1120 1550 1382 1589 ὑπερδεδοξασμένης
1404 1551 1518 1590 Τριάδος
1540 1555 1569 1579 τό
1591 1553 1652 1590 παρ’
1679 1553 1793 1582 ἀλλήλων
1817 1553 1923 1590 ἀρρήτῳ

1119 1597 1186 1633 λόγῳ
1210 1595 1380 1628 δοξάζεσθαι.
1406 1600 1456 1624 Καὶ
1480 1597 1534 1633 μετ’
1555 1597 1631 1633 ὀλίγα
1657 1609 1663 1614 ·
1688 1600 1738 1624 Καὶ
1753 1599 1822 1624 ἔστιν
1837 1597 1924 1623 αὐτῶν

1120 1642 1207 1679 ὥσπερ
1240 1643 1325 1667 κοινὸν
1360 1643 1375 1671 ὴ
1406 1641 1539 1678 βασιλεία,
1570 1645 1614 1668 καὶ
1637 1643 1652 1670 ἠ
1687 1641 1806 1678 δύναμις,
1830 1643 1923 1667 καὶτὸ

1119 1687 1236 1722 κράτος·
1262 1686 1329 1712 οὕτω
1354 1688 1399 1712 καὶ
1418 1687 1433 1715 ἡ
1460 1684 1536 1720 δόξα,
1560 1686 1590 1712 οὐ
1615 1689 1691 1722 μόνον
1715 1687 1730 1716 ἡ
1759 1687 1819 1723 παρ’
1848 1687 1923 1722 ἡμῶν

1119 1729 1305 1767 ἀναφερομένη,
1344 1730 1407 1756 ἀλλὰ
1438 1733 1483 1757 καὶ
1527 1731 1557 1760 ἣν
1591 1731 1667 1757 αὐτοὶ
1702 1729 1829 1767 δέχονται
1859 1731 1922 1768 παρ’

1120 1784 1216 1801 ιαυτων
1221 1796 1227 1802 ,

1118 1830 1169 1853 Τοῦ
1185 1827 1298 1863 μεγάλου
1315 1827 1472 1854 Ἀθανασίου
1483 1828 1510 1854 ἐκ
1521 1832 1566 1854 τοῦ
1578 1838 1636 1865 περι
1647 1833 1694 1859 τῆς
1705 1828 1922 1864 ἐνανθρωπὴσεως

1473 1873 1562 1908 λόγου.

1155 1928 1260 1961 Πρῶτον
1284 1923 1328 1951 οὖν
1354 1927 1384 1951 τὸ
1408 1925 1478 1952 ἴδιον
1510 1931 1586 1962 σῶμα
1612 1929 1714 1963 ἤγειρεν
1738 1926 1766 1953 ἑκ
1790 1931 1884 1964 νεκρῶν
1908 1928 1923 1952 ὁ

1120 1971 1212 2006 Κύριος
1240 1972 1285 1995 καὶ
1313 1970 1465 2005 συνύψωσεν
1494 1971 1576 2005 ἐαυτῷ
1596 1980 1602 1986 '
1631 1973 1697 2007 μετὰ
1725 1981 1810 1997 ταυτα
1840 1971 1924 2008 ὶγερεῖ

1117 2016 1162 2040 καὶ
1186 2015 1219 2040 τὰ
1246 2014 1309 2050 μέλη
1343 2024 1387 2040 του
1426 2018 1547 2051 σώματος
1574 2015 1664 2050 αὐτουγ
1698 2016 1739 2042 ἵνα
1770 2018 1924 2052 χαρίσηται

1117 2058 1203 2088 αὐτοῖς
1231 2059 1265 2084 τὰ
1286 2060 1373 2085 πάντα
1397 2060 1430 2089 ὣς
1450 2062 1524 2095 Θεὸς,
1550 2062 1601 2086 ὅσα
1624 2060 1703 2091 αὐτὸς
1726 2061 1760 2090 ὡς
1786 2061 1923 2096 ἄνθρωπος

1117 2101 1214 2130 ἔλαϐεν.
1241 2102 1323 2133 Αὐτός
1344 2102 1388 2129 οὖν
1414 2103 1496 2139 ἑαυτῷ
1517 2105 1659 2140 χαρίζεται
1682 2105 1762 2137 ζωὴν,
1783 2107 1828 2130 καὶ
1841 2104 1923 2135 αὐτὸς

1117 2147 1208 2173 ἑαυτὸν
1232 2147 1347 2183 ἁγιάζει,
1376 2150 1421 2174 καὶ
1454 2149 1530 2179 αὐτὸς
1568 2149 1658 2175 ἑαυτὸν
1684 2149 1748 2184 {nimi
1773 2157 1779 2163 '
1805 2151 1847 2174 ὅτε
1875 2149 1923 2174 οὖν

1116 2191 1182 2226 λέγει
1206 2192 1245 2217 ὅτι
1266 2192 1279 2217 ό
1307 2195 1398 2230 Πατὴρ
1423 2193 1531 2228 ἡγίασῡι
1546 2194 1635 2224 αὐτόν,
1652 2196 1696 2219 καὶ
1712 2195 1814 2229 ἤγειρεν
1830 2193 1921 2226 αὐτόν,

1116 2238 1161 2262 καὶ
1189 2236 1334 2273 ἐχαρίσατο
1359 2238 1428 2273 αὐτῷ
1453 2240 1533 2274 ὄνομα
1559 2240 1588 2264 τὸ
1607 2239 1670 2275 ὑπὲρ
1696 2241 1746 2264 πᾶν
1762 2240 1852 2274 ὀνομα,
1875 2240 1922 2264 καὶ

1116 2278 1210 2307 ἔδωκεν
1236 2281 1307 2316 αὐτῷ
1337 2282 1417 2317 ζωὴν,
1441 2280 1519 2311 δῆλον
1546 2283 1587 2308 ὅτι
1615 2281 1652 2309 δι’
1673 2283 1753 2308 αὐτου
1773 2284 1806 2308 τὰ
1834 2283 1921 2308 πάντα

1115 2326 1211 2351 ποιεῖὸ
1229 2328 1319 2363 Πατήρ
1341 2334 1348 2340 “
1365 2324 1401 2352 δι’
1422 2331 1502 2352 αυτοῦ
1528 2325 1571 2353 οὖν
1600 2327 1677 2353 αὐτόν
1695 2327 1796 2363 ἐγείρει,
1813 2329 1857 2352 καὶ
1881 2324 1920 2352 δι’

1116 2370 1196 2396 αὐτου
1216 2370 1294 2396 αὐτόν
1318 2370 1433 2405 ἁγιάζει,
1459 2373 1503 2396 καὶ
1529 2370 1565 2397 δι’
1581 2372 1660 2397 αὐτου
1686 2371 1764 2398 αὐτόν
1787 2371 1859 2406 ὑψοῐ,
1875 2374 1921 2398 καὶ

1116 2413 1152 2440 δι’
1171 2415 1251 2440 αὐτου
1280 2417 1327 2444 τὴν
1344 2415 1412 2445 ζωὴν
1432 2415 1502 2451 αὐτῷ
1530 2414 1643 2442 δίδωσιν
1660 2425 1666 2431 ·
1684 2419 1729 2442 καὶ
1745 2417 1787 2442 ὅτε
1806 2419 1920 2451 παρατί-

1117 2460 1188 2485 θεται
1212 2461 1241 2485 τὸ
1267 2469 1367 2495 πνευμα
1390 2460 1469 2486 αὐτου
1494 2462 1528 2491 ὡς
1550 2462 1683 2498 ἄνθρωπος
1706 2461 1739 2491 εἰς
1759 2465 1850 2498 χεῖρας
1872 2471 1920 2487 του

1116 2505 1226 2540 Πατρός,
1254 2504 1338 2539 ἐαυτῷ
1370 2506 1543 2541 παρατίθεται
1576 2507 1611 2536 ὼς
1645 2509 1712 2541 Θεῷ,
1744 2506 1784 2531 ἶνα
1819 2507 1920 2536 πάντας

1116 2547 1266 2584 ἀνθρώπους
1287 2549 1440 2584 παράθηται
1465 2554 1501 2575 τῶ
1522 2553 1579 2585 Θεῷ
1598 2559 1604 2565 “

1116 2595 1178 2629 χεὶρ
1193 2597 1239 2618 του
1253 2595 1326 2619 Θεοῦ.

1630 2550 1707 2580 αὐτὸς
1733 2552 1783 2587 γαρ
1812 2549 1882 2576 ἐστιν
1903 2552 1918 2579 ἡ

275 2758 332 2795 (lli)
347 2760 379 2786 ln
392 2757 530 2795 capitulis
543 2758 716 2794 theologicis
732 2759 780 2788 ed.
794 2760 954 2788 Combeﬁs.
968 2763 987 2789 t.
1004 2763 1025 2796 ἰ,
1038 2770 1071 2800 p.
1083 2763 1147 2791 5l2.
