  <div class='ocr_page' id='page_1' title='image "/cluster/home/n/w/nwhite01/storage/ocr_20150623/140/coo.31924054870450/092.png"; bbox 0 0 4136 6386; ppageno 0'>
   <div class='ocr_carea' id='block_1_1' title="bbox 239 310 345 365">
    <p class='ocr_par' dir='ltr' id='par_1_1' title="bbox 239 310 345 365">
     <span class='ocr_line' id='line_1_1' title="bbox 239 310 345 365; baseline -0.009 0"><span class='ocrx_word' id='word_1_1' title='bbox 239 310 345 365; x_wconf 76' lang='grc'><strong><em>165</em></strong></span> 
     </span>
    </p>
   </div>
   <div class='ocr_carea' id='block_1_2' title="bbox 369 428 1725 501">
    <p class='ocr_par' dir='ltr' id='par_1_2' title="bbox 369 428 1725 501">
     <span class='ocr_line' id='line_1_2' title="bbox 369 428 1725 501; baseline -0.003 -17"><span class='ocrx_word' id='word_1_2' title='bbox 369 432 476 484; x_wconf 80' lang='grc' dir='ltr'><strong><em>Τοῦ</em></strong></span> <span class='ocrx_word' id='word_1_3' title='bbox 504 428 671 485; x_wconf 69' lang='grc' dir='ltr'><strong><em>αὐτού</em></strong></span> <span class='ocrx_word' id='word_1_4' title='bbox 699 430 756 481; x_wconf 79' lang='grc' dir='ltr'>ἐκ</span> <span class='ocrx_word' id='word_1_5' title='bbox 794 435 888 481; x_wconf 78' lang='grc' dir='ltr'><em>τοῦ</em></span> <span class='ocrx_word' id='word_1_6' title='bbox 912 429 1217 500; x_wconf 79' lang='grc' dir='ltr'><em>Ψαλτηρίου</em></span> <span class='ocrx_word' id='word_1_7' title='bbox 1246 429 1518 501; x_wconf 71' lang='grc' dir='ltr'><em>ἑρμηνείας</em></span> <span class='ocrx_word' id='word_1_8' title='bbox 1548 429 1619 490; x_wconf 81' lang='grc' dir='ltr'><strong><em>εἰς</em></strong></span> <span class='ocrx_word' id='word_1_9' title='bbox 1646 433 1725 496; x_wconf 85' lang='lat'><strong>1&#39;6,</strong></span> 
     </span>
    </p>
   </div>
   <div class='ocr_carea' id='block_1_3' title="bbox 535 518 1567 590">
    <p class='ocr_par' dir='ltr' id='par_1_3' title="bbox 535 518 1567 590">
     <span class='ocr_line' id='line_1_3' title="bbox 535 518 1567 590; baseline -0.001 -23"><span class='ocrx_word' id='word_1_10' title='bbox 535 538 565 567; x_wconf 77' lang='grc' dir='ltr'><strong><em>α</em></strong></span> <span class='ocrx_word' id='word_1_11' title='bbox 598 518 830 570; x_wconf 84' lang='grc' dir='ltr'><em>Γενέσθω</em></span> <span class='ocrx_word' id='word_1_12' title='bbox 855 519 885 574; x_wconf 77' lang='grc' dir='ltr'><strong>ἡ</strong></span> <span class='ocrx_word' id='word_1_13' title='bbox 914 522 1035 590; x_wconf 82' lang='grc' dir='ltr'><em>χείρ</em></span> <span class='ocrx_word' id='word_1_14' title='bbox 1079 537 1170 571; x_wconf 81' lang='grc' dir='ltr'><strong><em>σου</em></strong></span> <span class='ocrx_word' id='word_1_15' title='bbox 1221 522 1393 571; x_wconf 85' lang='grc' dir='ltr'><em>σῶσαί</em></span> <span class='ocrx_word' id='word_1_16' title='bbox 1423 536 1504 590; x_wconf 78' lang='grc' dir='ltr'><strong><em>με.</em></strong></span> <span class='ocrx_word' id='word_1_17' title='bbox 1546 539 1567 566; x_wconf 73' lang='grc' dir='ltr'><strong><em>ι</em></strong></span> 
     </span>
    </p>
   </div>
   <div class='ocr_carea' id='block_1_4' title="bbox 324 602 1853 680">
    <p class='ocr_par' dir='ltr' id='par_1_4' title="bbox 324 602 1853 680">
     <span class='ocr_line' id='line_1_4' title="bbox 324 602 1853 680; baseline -0.003 -19"><span class='ocrx_word' id='word_1_18' title='bbox 324 615 475 666; x_wconf 77' lang='grc' dir='ltr'><strong>Ζητῶ</strong></span> <span class='ocrx_word' id='word_1_19' title='bbox 502 614 662 680; x_wconf 79' lang='grc' dir='ltr'><em>χεῖρα</em></span> <span class='ocrx_word' id='word_1_20' title='bbox 685 612 779 659; x_wconf 80' lang='grc' dir='ltr'><strong><em>τοῦ</em></strong></span> <span class='ocrx_word' id='word_1_21' title='bbox 809 612 945 658; x_wconf 77' lang='grc' dir='ltr'><em>Θεοῦ</em></span> <span class='ocrx_word' id='word_1_22' title='bbox 981 610 1100 679; x_wconf 79' lang='grc' dir='ltr'><em>περὶ</em></span> <span class='ocrx_word' id='word_1_23' title='bbox 1125 602 1188 667; x_wconf 77' lang='grc' dir='ltr'><strong><em>ἧς</em></strong></span> <span class='ocrx_word' id='word_1_24' title='bbox 1217 605 1432 677; x_wconf 72' lang='grc' dir='ltr'><em>εὔχεται</em></span> <span class='ocrx_word' id='word_1_25' title='bbox 1464 614 1633 661; x_wconf 82' lang='grc' dir='ltr'><em>ταῦτα</em></span> <span class='ocrx_word' id='word_1_26' title='bbox 1675 606 1853 677; x_wconf 69' lang='grc' dir='ltr'><em>λέγων·</em></span> 
     </span>
    </p>
   </div>
   <div class='ocr_carea' id='block_1_5' title="bbox 254 693 1858 771">
    <p class='ocr_par' dir='ltr' id='par_1_5' title="bbox 254 693 1858 771">
     <span class='ocr_line' id='line_1_5' title="bbox 254 693 1858 771; baseline -0.001 -22"><span class='ocrx_word' id='word_1_27' title='bbox 254 698 339 752; x_wconf 85' lang='grc' dir='ltr'><em>Ἐν</em></span> <span class='ocrx_word' id='word_1_28' title='bbox 394 702 537 770; x_wconf 79' lang='grc' dir='ltr'><em>χειρὶ</em></span> <span class='ocrx_word' id='word_1_29' title='bbox 586 700 817 771; x_wconf 73' lang='grc' dir='ltr'><em>κραταιᾷ</em></span> <span class='ocrx_word' id='word_1_30' title='bbox 857 693 1105 765; x_wconf 73' lang='grc' dir='ltr'><strong><em>ἐξήγαγεν</em></strong></span> <span class='ocrx_word' id='word_1_31' title='bbox 1147 696 1177 746; x_wconf 86' lang='lat'><strong><em>6</em></strong></span> <span class='ocrx_word' id='word_1_32' title='bbox 1227 698 1351 754; x_wconf 80' lang='grc' dir='ltr'><strong><em>Θεὸς</em></strong></span> <span class='ocrx_word' id='word_1_33' title='bbox 1399 698 1486 746; x_wconf 82' lang='grc' dir='ltr'><em>τὸν</em></span> <span class='ocrx_word' id='word_1_34' title='bbox 1544 695 1760 768; x_wconf 84' lang='grc' dir='ltr'><em>Ἰσραὴλ</em></span> <span class='ocrx_word' id='word_1_35' title='bbox 1806 694 1858 757; x_wconf 78' lang='grc' dir='ltr'><strong>ἐξ</strong></span> 
     </span>
    </p>
   </div>
   <div class='ocr_carea' id='block_1_6' title="bbox 253 780 1856 857">
    <p class='ocr_par' dir='ltr' id='par_1_6' title="bbox 253 780 1856 857">
     <span class='ocr_line' id='line_1_6' title="bbox 253 780 1856 857; baseline -0.002 -19"><span class='ocrx_word' id='word_1_36' title='bbox 253 786 538 857; x_wconf 72' lang='grc' dir='ltr'><em>Αἰγύπτου*</em></span> <span class='ocrx_word' id='word_1_37' title='bbox 578 789 668 844; x_wconf 86' lang='grc' dir='ltr'><strong><em>Τίς</em></strong></span> <span class='ocrx_word' id='word_1_38' title='bbox 712 780 772 836; x_wconf 63' lang='grc' dir='ltr'><strong><em>δὲ</em></strong></span> <span class='ocrx_word' id='word_1_39' title='bbox 814 783 988 849; x_wconf 77' lang='grc' dir='ltr'><em>αὗτη;</em></span> <span class='ocrx_word' id='word_1_40' title='bbox 1032 787 1262 856; x_wconf 71' lang='grc' dir='ltr'><em>Χριστὸς</em></span> <span class='ocrx_word' id='word_1_41' title='bbox 1308 784 1534 845; x_wconf 65' lang='grc' dir='ltr'><strong><em>Ἰησοῡςσ</em></strong></span> <span class='ocrx_word' id='word_1_42' title='bbox 1569 780 1717 845; x_wconf 74' lang='grc' dir='ltr'><em>οὗτος</em></span> <span class='ocrx_word' id='word_1_43' title='bbox 1755 786 1856 857; x_wconf 75' lang='grc' dir='ltr'><strong><em>γάρ</em></strong></span> 
     </span>
    </p>
   </div>
   <div class='ocr_carea' id='block_1_7' title="bbox 252 869 1856 946">
    <p class='ocr_par' dir='ltr' id='par_1_7' title="bbox 252 869 1856 946">
     <span class='ocr_line' id='line_1_7' title="bbox 252 869 1856 946; baseline -0.001 -18"><span class='ocrx_word' id='word_1_44' title='bbox 252 874 375 929; x_wconf 80' lang='grc' dir='ltr'><em>ἔστι</em></span> <span class='ocrx_word' id='word_1_45' title='bbox 412 878 502 931; x_wconf 75' lang='grc' dir='ltr'><strong><em>καὶ</em></strong></span> <span class='ocrx_word' id='word_1_46' title='bbox 537 878 654 946; x_wconf 77' lang='grc' dir='ltr'><em>χεὶρ</em></span> <span class='ocrx_word' id='word_1_47' title='bbox 679 876 769 927; x_wconf 83' lang='grc' dir='ltr'><strong><em>καὶ</em></strong></span> <span class='ocrx_word' id='word_1_48' title='bbox 809 869 962 935; x_wconf 74' lang='grc' dir='ltr'><strong><em>διξιὰ</em></strong></span> <span class='ocrx_word' id='word_1_49' title='bbox 997 880 1089 924; x_wconf 77' lang='grc' dir='ltr'><strong><em>τοῦ</em></strong></span> <span class='ocrx_word' id='word_1_50' title='bbox 1118 877 1265 927; x_wconf 72' lang='grc' dir='ltr'><em>Θεοῦ·</em></span> <span class='ocrx_word' id='word_1_51' title='bbox 1298 874 1525 927; x_wconf 82' lang='grc' dir='ltr'><em>Γενέσθω</em></span> <span class='ocrx_word' id='word_1_52' title='bbox 1563 870 1672 933; x_wconf 82' lang='grc' dir='ltr'><em>οὖν,</em></span> <span class='ocrx_word' id='word_1_53' title='bbox 1702 878 1856 945; x_wconf 79' lang='grc' dir='ltr'><em>φησὶ,</em></span> 
     </span>
    </p>
   </div>
   <div class='ocr_carea' id='block_1_8' title="bbox 250 964 1857 1040">
    <p class='ocr_par' dir='ltr' id='par_1_8' title="bbox 250 964 1857 1040">
     <span class='ocr_line' id='line_1_8' title="bbox 250 964 1857 1040; baseline -0.002 -23"><span class='ocrx_word' id='word_1_54' title='bbox 250 967 285 1022; x_wconf 78' lang='grc' dir='ltr'><strong>ἠ</strong></span> <span class='ocrx_word' id='word_1_55' title='bbox 334 970 460 1040; x_wconf 77' lang='grc' dir='ltr'><em>χείρ</em></span> <span class='ocrx_word' id='word_1_56' title='bbox 517 983 606 1016; x_wconf 89' lang='grc' dir='ltr'><strong><em>σου</em></strong></span> <span class='ocrx_word' id='word_1_57' title='bbox 659 969 753 1014; x_wconf 76' lang='grc' dir='ltr'><strong><em>τοῦ</em></strong></span> <span class='ocrx_word' id='word_1_58' title='bbox 817 966 992 1017; x_wconf 86' lang='grc' dir='ltr'><em>σῶσαί</em></span> <span class='ocrx_word' id='word_1_59' title='bbox 1037 981 1118 1034; x_wconf 81' lang='grc' dir='ltr'><strong><em>με·</em></strong></span> <span class='ocrx_word' id='word_1_60' title='bbox 1180 965 1329 1035; x_wconf 80' lang='grc' dir='ltr'><em>τάχα</em></span> <span class='ocrx_word' id='word_1_61' title='bbox 1376 967 1466 1018; x_wconf 83' lang='grc' dir='ltr'><em>καὶ</em></span> <span class='ocrx_word' id='word_1_62' title='bbox 1516 966 1575 1014; x_wconf 83' lang='grc' dir='ltr'><em>τὸ</em></span> <span class='ocrx_word' id='word_1_63' title='bbox 1632 964 1857 1033; x_wconf 76' lang='grc' dir='ltr'><strong><em>γενέσθω</em></strong></span> 
     </span>
    </p>
   </div>
   <div class='ocr_carea' id='block_1_9' title="bbox 255 1050 1856 1125">
    <p class='ocr_par' dir='ltr' id='par_1_9' title="bbox 255 1050 1856 1125">
     <span class='ocr_line' id='line_1_9' title="bbox 255 1050 1856 1125; baseline -0.002 -18"><span class='ocrx_word' id='word_1_64' title='bbox 255 1050 419 1113; x_wconf 80' lang='grc' dir='ltr'><strong><em>δηλοῖ</em></strong></span> <span class='ocrx_word' id='word_1_65' title='bbox 471 1056 698 1107; x_wconf 77' lang='grc' dir='ltr'><em>τοιοῦτόν</em></span> <span class='ocrx_word' id='word_1_66' title='bbox 749 1071 822 1122; x_wconf 85' lang='grc' dir='ltr'><strong><em>τι,</em></strong></span> <span class='ocrx_word' id='word_1_67' title='bbox 868 1053 995 1119; x_wconf 83' lang='grc' dir='ltr'><em>οἷον,</em></span> <span class='ocrx_word' id='word_1_68' title='bbox 1035 1051 1142 1121; x_wconf 83' lang='grc' dir='ltr'><strong><em>Εἰς,</em></strong></span> <span class='ocrx_word' id='word_1_69' title='bbox 1185 1057 1384 1124; x_wconf 82' lang='grc' dir='ltr'><em>γένεσιν</em></span> <span class='ocrx_word' id='word_1_70' title='bbox 1430 1050 1615 1105; x_wconf 72' lang='grc' dir='ltr'><em>ἕλθέτω</em></span> <span class='ocrx_word' id='word_1_71' title='bbox 1653 1053 1683 1109; x_wconf 84' lang='grc' dir='ltr'><strong>ἠ</strong></span> <span class='ocrx_word' id='word_1_72' title='bbox 1734 1056 1856 1125; x_wconf 86' lang='grc' dir='ltr'><em>χείρ</em></span> 
     </span>
    </p>
   </div>
   <div class='ocr_carea' id='block_1_10' title="bbox 249 1140 1316 1214">
    <p class='ocr_par' dir='ltr' id='par_1_10' title="bbox 249 1140 1316 1214">
     <span class='ocr_line' id='line_1_10' title="bbox 249 1140 1316 1214; baseline -0.001 -18"><span class='ocrx_word' id='word_1_73' title='bbox 249 1162 374 1211; x_wconf 81' lang='grc' dir='ltr'><em>σου,</em></span> <span class='ocrx_word' id='word_1_74' title='bbox 413 1147 507 1197; x_wconf 74' lang='grc' dir='ltr'><strong><em>καὶ</em></strong></span> <span class='ocrx_word' id='word_1_75' title='bbox 532 1143 761 1214; x_wconf 70' lang='grc' dir='ltr'><em>γενέσθω</em></span> <span class='ocrx_word' id='word_1_76' title='bbox 788 1140 876 1195; x_wconf 76' lang='grc' dir='ltr'><strong><em>ἐπὶ</em></strong></span> <span class='ocrx_word' id='word_1_77' title='bbox 915 1148 1007 1193; x_wconf 80' lang='grc' dir='ltr'><strong><em>τοῦ</em></strong></span> <span class='ocrx_word' id='word_1_78' title='bbox 1039 1145 1211 1194; x_wconf 84' lang='grc' dir='ltr'><em>σῶσαί</em></span> <span class='ocrx_word' id='word_1_79' title='bbox 1235 1160 1316 1212; x_wconf 74' lang='grc' dir='ltr'><strong><em>με’</em></strong></span> 
     </span>
    </p>
   </div>
   <div class='ocr_carea' id='block_1_11' title="bbox 310 1318 1785 1392">
    <p class='ocr_par' dir='ltr' id='par_1_11' title="bbox 310 1318 1785 1392">
     <span class='ocr_line' id='line_1_11' title="bbox 310 1318 1785 1392; baseline -0.004 -17"><span class='ocrx_word' id='word_1_80' title='bbox 310 1326 419 1375; x_wconf 82' lang='grc' dir='ltr'><em>Τοῦ</em></span> <span class='ocrx_word' id='word_1_81' title='bbox 449 1319 608 1389; x_wconf 64' lang='grc' dir='ltr'><em>ἁγίου</em></span> <span class='ocrx_word' id='word_1_82' title='bbox 642 1318 898 1391; x_wconf 79' lang='grc' dir='ltr'><em>Κυρίλλον</em></span> <span class='ocrx_word' id='word_1_83' title='bbox 943 1318 998 1371; x_wconf 79' lang='grc' dir='ltr'><em>ἐκ</em></span> <span class='ocrx_word' id='word_1_84' title='bbox 1033 1327 1132 1371; x_wconf 84' lang='grc' dir='ltr'><em>τῶν</em></span> <span class='ocrx_word' id='word_1_85' title='bbox 1162 1322 1295 1372; x_wconf 79' lang='grc' dir='ltr'><em>κατὰ</em></span> <span class='ocrx_word' id='word_1_86' title='bbox 1323 1322 1785 1392; x_wconf 79' lang='grc' dir='ltr'><em>Πνευματομάχων</em></span> 
     </span>
    </p>
   </div>
   <div class='ocr_carea' id='block_1_12' title="bbox 644 1406 1391 1482">
    <p class='ocr_par' dir='ltr' id='par_1_12' title="bbox 644 1406 1391 1482">
     <span class='ocr_line' id='line_1_12' title="bbox 644 1406 1391 1482; baseline -0.005 -22"><span class='ocrx_word' id='word_1_87' title='bbox 644 1406 1027 1482; x_wconf 77' lang='grc' dir='ltr'><em>ἀητιῤῥητικῶν</em></span> <span class='ocrx_word' id='word_1_88' title='bbox 1063 1408 1228 1479; x_wconf 73' lang='grc' dir='ltr'><em>λόγων</em></span> <span class='ocrx_word' id='word_1_89' title='bbox 1258 1408 1391 1477; x_wconf 81' lang='grc'><strong>(15).</strong></span> 
     </span>
    </p>
   </div>
   <div class='ocr_carea' id='block_1_13' title="bbox 319 1495 1857 1572">
    <p class='ocr_par' dir='ltr' id='par_1_13' title="bbox 319 1495 1857 1572">
     <span class='ocr_line' id='line_1_13' title="bbox 319 1495 1857 1572; baseline 0.001 -21"><span class='ocrx_word' id='word_1_90' title='bbox 319 1498 582 1552; x_wconf 74' lang='grc' dir='ltr'><em>Δακτυλον</em></span> <span class='ocrx_word' id='word_1_91' title='bbox 632 1506 769 1552; x_wconf 79' lang='grc' dir='ltr'><em>Θεοῦ</em></span> <span class='ocrx_word' id='word_1_92' title='bbox 823 1499 994 1552; x_wconf 78' lang='grc' dir='ltr'><em>καλεῖν</em></span> <span class='ocrx_word' id='word_1_93' title='bbox 1038 1495 1151 1551; x_wconf 78' lang='grc' dir='ltr'><em>οἶδε</em></span> <span class='ocrx_word' id='word_1_94' title='bbox 1200 1503 1373 1572; x_wconf 76' lang='grc' dir='ltr'><em>Γραφὴ</em></span> <span class='ocrx_word' id='word_1_95' title='bbox 1429 1502 1487 1551; x_wconf 86' lang='grc' dir='ltr'><em>τὸ</em></span> <span class='ocrx_word' id='word_1_96' title='bbox 1539 1505 1748 1569; x_wconf 81' lang='grc' dir='ltr'><em>Πνευμα</em></span> <span class='ocrx_word' id='word_1_97' title='bbox 1798 1502 1857 1553; x_wconf 89' lang='grc' dir='ltr'><em>τὸ</em></span> 
     </span>
    </p>
   </div>
   <div class='ocr_carea' id='block_1_14' title="bbox 241 1583 1858 1661">
    <p class='ocr_par' dir='ltr' id='par_1_14' title="bbox 241 1583 1858 1661">
     <span class='ocr_line' id='line_1_14' title="bbox 241 1583 1858 1661; baseline -0.001 -21"><span class='ocrx_word' id='word_1_98' title='bbox 241 1590 419 1659; x_wconf 68' lang='grc' dir='ltr'><em>ἅγιον,</em></span> <span class='ocrx_word' id='word_1_99' title='bbox 468 1590 645 1650; x_wconf 78' lang='grc' dir='ltr'><em>καθὼς</em></span> <span class='ocrx_word' id='word_1_100' title='bbox 693 1594 785 1640; x_wconf 80' lang='grc' dir='ltr'><strong><em>καὶ</em></strong></span> <span class='ocrx_word' id='word_1_101' title='bbox 839 1589 866 1640; x_wconf 97' lang='lat'><strong><em>6</em></strong></span> <span class='ocrx_word' id='word_1_102' title='bbox 917 1592 1143 1661; x_wconf 83' lang='grc' dir='ltr'><em>Χριστὸς</em></span> <span class='ocrx_word' id='word_1_103' title='bbox 1192 1589 1415 1661; x_wconf 70' lang='grc' dir='ltr'><strong><em>εἴρηκε-δ’</em></strong></span> <span class='ocrx_word' id='word_1_104' title='bbox 1470 1587 1530 1643; x_wconf 82' lang='grc' dir='ltr'><strong>Εἰ</strong></span> <span class='ocrx_word' id='word_1_105' title='bbox 1583 1583 1643 1639; x_wconf 73' lang='grc' dir='ltr'><strong><em>δὲ</em></strong></span> <span class='ocrx_word' id='word_1_106' title='bbox 1688 1585 1737 1639; x_wconf 74' lang='grc' dir='ltr'><strong><em>ἓν</em></strong></span> <span class='ocrx_word' id='word_1_107' title='bbox 1785 1595 1858 1658; x_wconf 85' lang='grc' dir='ltr'><em>τῷ</em></span> 
     </span>
    </p>
   </div>
   <div class='ocr_carea' id='block_1_15' title="bbox 242 1674 1857 1749">
    <p class='ocr_par' dir='ltr' id='par_1_15' title="bbox 242 1674 1857 1749">
     <span class='ocr_line' id='line_1_15' title="bbox 242 1674 1857 1749; baseline -0.001 -20"><span class='ocrx_word' id='word_1_108' title='bbox 242 1674 494 1747; x_wconf 72' lang='grc' dir='ltr'><strong><em>δακτύλῳ</em></strong></span> <span class='ocrx_word' id='word_1_109' title='bbox 563 1686 699 1729; x_wconf 83' lang='grc' dir='ltr'><em>Θεου</em></span> <span class='ocrx_word' id='word_1_110' title='bbox 763 1676 990 1728; x_wconf 66' lang='grc' dir='ltr'><strong><em>ἐκϐάλλω</em></strong></span> <span class='ocrx_word' id='word_1_111' title='bbox 1056 1680 1122 1728; x_wconf 81' lang='grc' dir='ltr'><em>τὰ</em></span> <span class='ocrx_word' id='word_1_112' title='bbox 1178 1674 1448 1748; x_wconf 72' lang='grc' dir='ltr'><em>δαιμόνιαο</em></span> <span class='ocrx_word' id='word_1_113' title='bbox 1518 1678 1641 1749; x_wconf 84' lang='grc' dir='ltr'><em>ὅπερ</em></span> <span class='ocrx_word' id='word_1_114' title='bbox 1709 1676 1857 1736; x_wconf 77' lang='grc' dir='ltr'>ἄλλος</span> 
     </span>
    </p>
   </div>
   <div class='ocr_carea' id='block_1_16' title="bbox 244 1762 1854 1838">
    <p class='ocr_par' dir='ltr' id='par_1_16' title="bbox 244 1762 1854 1838">
     <span class='ocr_line' id='line_1_16' title="bbox 244 1762 1854 1838; baseline -0.001 -19"><span class='ocrx_word' id='word_1_115' title='bbox 244 1767 630 1837; x_wconf 60' lang='lat' dir='ltr'><strong><em>vir/733.1071);</em></strong></span> <span class='ocrx_word' id='word_1_116' title='bbox 692 1770 742 1818; x_wconf 68' lang='grc' dir='ltr'><em>ἓν</em></span> <span class='ocrx_word' id='word_1_117' title='bbox 799 1768 1063 1838; x_wconf 75' lang='grc' dir='ltr'><em>Πνεύματι</em></span> <span class='ocrx_word' id='word_1_118' title='bbox 1119 1773 1253 1819; x_wconf 83' lang='grc' dir='ltr'><em>Θεου</em></span> <span class='ocrx_word' id='word_1_119' title='bbox 1313 1763 1448 1819; x_wconf 81' lang='grc' dir='ltr'><em>εἶπεν</em></span> <span class='ocrx_word' id='word_1_120' title='bbox 1477 1787 1490 1800; x_wconf 76' lang='lat'><strong>-</strong></span> <span class='ocrx_word' id='word_1_121' title='bbox 1551 1768 1740 1838; x_wconf 76' lang='grc' dir='ltr'><em>ὁμοίως</em></span> <span class='ocrx_word' id='word_1_122' title='bbox 1796 1762 1854 1817; x_wconf 74' lang='grc' dir='ltr'><strong><em>δὲ</em></strong></span> 
     </span>
    </p>
   </div>
   <div class='ocr_carea' id='block_1_17' title="bbox 246 1851 1854 1929">
    <p class='ocr_par' dir='ltr' id='par_1_17' title="bbox 246 1851 1854 1929">
     <span class='ocr_line' id='line_1_17' title="bbox 246 1851 1854 1929; baseline -0.002 -21"><span class='ocrx_word' id='word_1_123' title='bbox 246 1856 637 1929; x_wconf 74' lang='grc' dir='ltr'><em>προσονομάζει</em></span> <span class='ocrx_word' id='word_1_124' title='bbox 685 1851 862 1916; x_wconf 77' lang='grc' dir='ltr'><em>δεξιάν</em></span> <span class='ocrx_word' id='word_1_125' title='bbox 904 1859 994 1906; x_wconf 83' lang='grc' dir='ltr'><strong><em>καὶ</em></strong></span> <span class='ocrx_word' id='word_1_126' title='bbox 1040 1853 1308 1928; x_wconf 80' lang='grc' dir='ltr'><strong><em>βραχίονα</em></strong></span> <span class='ocrx_word' id='word_1_127' title='bbox 1349 1858 1436 1906; x_wconf 90' lang='grc' dir='ltr'><em>τὸν</em></span> <span class='ocrx_word' id='word_1_128' title='bbox 1489 1858 1630 1923; x_wconf 86' lang='grc' dir='ltr'><em>Υίὸν,</em></span> <span class='ocrx_word' id='word_1_129' title='bbox 1672 1858 1741 1914; x_wconf 81' lang='grc' dir='ltr'><strong><em>ὡς</em></strong></span> <span class='ocrx_word' id='word_1_130' title='bbox 1775 1858 1854 1922; x_wconf 81' lang='lat'><strong>1&#39;6,</strong></span> 
     </span>
    </p>
   </div>
   <div class='ocr_carea' id='block_1_18' title="bbox 250 1940 1858 2018">
    <p class='ocr_par' dir='ltr' id='par_1_18' title="bbox 250 1940 1858 2018">
     <span class='ocr_line' id='line_1_18' title="bbox 250 1940 1858 2018; baseline -0.002 -20"><span class='ocrx_word' id='word_1_131' title='bbox 250 1945 483 1998; x_wconf 85' lang='grc' dir='ltr'><em>Ἐσωσεν</em></span> <span class='ocrx_word' id='word_1_132' title='bbox 516 1945 675 1996; x_wconf 78' lang='grc' dir='ltr'><em>αὐτόν</em></span> <span class='ocrx_word' id='word_1_133' title='bbox 710 1946 736 2001; x_wconf 71' lang='grc' dir='ltr'><em>ἡ</em></span> <span class='ocrx_word' id='word_1_134' title='bbox 782 1940 932 2005; x_wconf 74' lang='grc' dir='ltr'><em>δεξιὰ</em></span> <span class='ocrx_word' id='word_1_135' title='bbox 962 1944 1142 2010; x_wconf 69' lang='grc' dir='ltr'><em>αὐτοῦ,</em></span> <span class='ocrx_word' id='word_1_136' title='bbox 1175 1948 1265 1995; x_wconf 82' lang='grc' dir='ltr'><em>καὶ</em></span> <span class='ocrx_word' id='word_1_137' title='bbox 1306 1944 1331 1994; x_wconf 90' lang='lat'><strong><em>6</em></strong></span> <span class='ocrx_word' id='word_1_138' title='bbox 1376 1942 1620 2018; x_wconf 76' lang='grc' dir='ltr'><strong><em>βραχίων</em></strong></span> <span class='ocrx_word' id='word_1_139' title='bbox 1652 1944 1677 1995; x_wconf 92' lang='lat'><strong><em>6</em></strong></span> <span class='ocrx_word' id='word_1_140' title='bbox 1707 1943 1858 2014; x_wconf 73' lang='grc' dir='ltr'><em>ἅγιος</em></span> 
     </span>
    </p>
   </div>
   <div class='ocr_carea' id='block_1_19' title="bbox 244 2030 1856 2107">
    <p class='ocr_par' dir='ltr' id='par_1_19' title="bbox 244 2030 1856 2107">
     <span class='ocr_line' id='line_1_19' title="bbox 244 2030 1856 2107; baseline -0.002 -21"><span class='ocrx_word' id='word_1_141' title='bbox 244 2034 442 2086; x_wconf 69' lang='grc' dir='ltr'><em>αὐτου·</em></span> <span class='ocrx_word' id='word_1_142' title='bbox 519 2035 726 2107; x_wconf 71' lang='grc' dir='ltr'><em>ῶσπερ,</em></span> <span class='ocrx_word' id='word_1_143' title='bbox 794 2031 882 2082; x_wconf 73' lang='grc' dir='ltr'><em>οὖν</em></span> <span class='ocrx_word' id='word_1_144' title='bbox 948 2032 972 2083; x_wconf 89' lang='lat'><strong><em>6</em></strong></span> <span class='ocrx_word' id='word_1_145' title='bbox 1044 2030 1289 2104; x_wconf 76' lang='grc' dir='ltr'><strong><em>βραχίων</em></strong></span> <span class='ocrx_word' id='word_1_146' title='bbox 1367 2033 1647 2103; x_wconf 73' lang='grc' dir='ltr'><em>ὁμοουσιός</em></span> <span class='ocrx_word' id='word_1_147' title='bbox 1717 2030 1856 2085; x_wconf 84' lang='grc' dir='ltr'><em>ἐστιν</em></span> 
     </span>
    </p>
   </div>
   <div class='ocr_carea' id='block_1_20' title="bbox 238 2117 1854 2195">
    <p class='ocr_par' dir='ltr' id='par_1_20' title="bbox 238 2117 1854 2195">
     <span class='ocr_line' id='line_1_20' title="bbox 238 2117 1854 2195; baseline -0.001 -21"><span class='ocrx_word' id='word_1_148' title='bbox 238 2124 301 2174; x_wconf 74' lang='grc' dir='ltr'><em>οὗ</em></span> <span class='ocrx_word' id='word_1_149' title='bbox 345 2122 461 2174; x_wconf 83' lang='grc' dir='ltr'><em>ἐστι</em></span> <span class='ocrx_word' id='word_1_150' title='bbox 495 2120 764 2195; x_wconf 71' lang='grc' dir='ltr'><em>βραχίων,</em></span> <span class='ocrx_word' id='word_1_151' title='bbox 798 2121 964 2181; x_wconf 72' lang='grc' dir='ltr'><em>οὕτως</em></span> <span class='ocrx_word' id='word_1_152' title='bbox 990 2122 1016 2171; x_wconf 87' lang='lat'><strong><em>6</em></strong></span> <span class='ocrx_word' id='word_1_153' title='bbox 1044 2117 1298 2180; x_wconf 62' lang='grc' dir='ltr'><em>ὃοίιτυλος</em></span> <span class='ocrx_word' id='word_1_154' title='bbox 1338 2118 1399 2172; x_wconf 77' lang='grc' dir='ltr'><em>οὖ</em></span> <span class='ocrx_word' id='word_1_155' title='bbox 1432 2119 1544 2172; x_wconf 82' lang='grc' dir='ltr'><em>ἐστι</em></span> <span class='ocrx_word' id='word_1_156' title='bbox 1577 2118 1854 2183; x_wconf 61' lang='grc' dir='ltr'><em>δάκτυλος</em></span> 
     </span>
    </p>
   </div>
   <div class='ocr_carea' id='block_1_21' title="bbox 241 2211 1858 2283">
    <p class='ocr_par' dir='ltr' id='par_1_21' title="bbox 241 2211 1858 2283">
     <span class='ocr_line' id='line_1_21' title="bbox 241 2211 1858 2283; baseline -0.001 -20"><span class='ocrx_word' id='word_1_157' title='bbox 241 2215 529 2283; x_wconf 74' lang='grc' dir='ltr'><em>ὁμοούσιον</em></span> <span class='ocrx_word' id='word_1_158' title='bbox 579 2211 680 2283; x_wconf 67' lang='grc' dir='ltr'><strong><em>ἄρα</em></strong></span> <span class='ocrx_word' id='word_1_159' title='bbox 724 2218 797 2279; x_wconf 80' lang='grc' dir='ltr'><em>τῷ</em></span> <span class='ocrx_word' id='word_1_160' title='bbox 829 2217 994 2283; x_wconf 87' lang='grc' dir='ltr'><em>Πατρι</em></span> <span class='ocrx_word' id='word_1_161' title='bbox 1046 2216 1134 2262; x_wconf 81' lang='grc' dir='ltr'><strong><em>καὶ</em></strong></span> <span class='ocrx_word' id='word_1_162' title='bbox 1182 2220 1254 2280; x_wconf 77' lang='grc' dir='ltr'><em>τῷ</em></span> <span class='ocrx_word' id='word_1_163' title='bbox 1297 2216 1397 2280; x_wconf 77' lang='grc' dir='ltr'><strong><em>Υίῷ</em></strong></span> <span class='ocrx_word' id='word_1_164' title='bbox 1436 2214 1493 2262; x_wconf 80' lang='grc' dir='ltr'><em>τὸ</em></span> <span class='ocrx_word' id='word_1_165' title='bbox 1544 2218 1752 2282; x_wconf 77' lang='grc' dir='ltr'><em>Πνευμα</em></span> <span class='ocrx_word' id='word_1_166' title='bbox 1799 2214 1858 2262; x_wconf 75' lang='grc' dir='ltr'><em>τὸ</em></span> 
     </span>
    </p>
   </div>
   <div class='ocr_carea' id='block_1_22' title="bbox 243 2302 416 2372">
    <p class='ocr_par' dir='ltr' id='par_1_22' title="bbox 243 2302 416 2372">
     <span class='ocr_line' id='line_1_22' title="bbox 243 2302 416 2372; baseline 0.012 -20"><span class='ocrx_word' id='word_1_167' title='bbox 243 2302 416 2372; x_wconf 69' lang='grc' dir='ltr'><em>ἅγιον.</em></span> 
     </span>
    </p>
   </div>
   <div class='ocr_carea' id='block_1_23' title="bbox 319 2387 1857 2464">
    <p class='ocr_par' dir='ltr' id='par_1_23' title="bbox 319 2387 1857 2464">
     <span class='ocr_line' id='line_1_23' title="bbox 319 2387 1857 2464; baseline -0.003 -21"><span class='ocrx_word' id='word_1_168' title='bbox 319 2394 447 2464; x_wconf 82' lang='grc' dir='ltr'><em>Περὶ</em></span> <span class='ocrx_word' id='word_1_169' title='bbox 476 2408 591 2459; x_wconf 82' lang='grc' dir='ltr'><em>του,</em></span> <span class='ocrx_word' id='word_1_170' title='bbox 614 2388 738 2440; x_wconf 80' lang='grc' dir='ltr'><em>Ὀτι</em></span> <span class='ocrx_word' id='word_1_171' title='bbox 769 2388 926 2449; x_wconf 71' lang='grc' dir='ltr'><em>αὐτὸς</em></span> <span class='ocrx_word' id='word_1_172' title='bbox 954 2387 1095 2440; x_wconf 79' lang='grc' dir='ltr'><em>ἐστιν</em></span> <span class='ocrx_word' id='word_1_173' title='bbox 1122 2389 1147 2439; x_wconf 91' lang='lat'><strong><em>6</em></strong></span> <span class='ocrx_word' id='word_1_174' title='bbox 1176 2393 1479 2463; x_wconf 69' lang='grc' dir='ltr'><em>προσφέρων</em></span> <span class='ocrx_word' id='word_1_175' title='bbox 1508 2393 1598 2440; x_wconf 81' lang='grc' dir='ltr'><strong><em>καὶ</em></strong></span> <span class='ocrx_word' id='word_1_176' title='bbox 1624 2396 1857 2460; x_wconf 75' lang='grc' dir='ltr'><em>προσφέ-</em></span> 
     </span>
    </p>
   </div>
   <div class='ocr_carea' id='block_1_24' title="bbox 248 2474 1855 2554">
    <p class='ocr_par' dir='ltr' id='par_1_24' title="bbox 248 2474 1855 2554">
     <span class='ocr_line' id='line_1_24' title="bbox 248 2474 1855 2554; baseline -0.002 -22"><span class='ocrx_word' id='word_1_177' title='bbox 248 2483 461 2554; x_wconf 76' lang='grc' dir='ltr'><em>ρόμενος</em></span> <span class='ocrx_word' id='word_1_178' title='bbox 495 2484 589 2529; x_wconf 84' lang='grc' dir='ltr'><strong><em>καὶ</em></strong></span> <span class='ocrx_word' id='word_1_179' title='bbox 629 2474 1074 2550; x_wconf 74' lang='grc' dir='ltr'><em>κροσὸεχὸμενος,</em></span> <span class='ocrx_word' id='word_1_180' title='bbox 1109 2477 1178 2539; x_wconf 81' lang='grc' dir='ltr'>ὡς</span> <span class='ocrx_word' id='word_1_181' title='bbox 1221 2475 1515 2552; x_wconf 79' lang='grc' dir='ltr'><em>ἀρχιερεὺς,</em></span> <span class='ocrx_word' id='word_1_182' title='bbox 1560 2482 1650 2529; x_wconf 78' lang='grc' dir='ltr'><em>καὶ</em></span> <span class='ocrx_word' id='word_1_183' title='bbox 1696 2478 1855 2548; x_wconf 76' lang='grc' dir='ltr'><em>θυμα,</em></span> 
     </span>
    </p>
   </div>
   <div class='ocr_carea' id='block_1_25' title="bbox 251 2565 1652 2639">
    <p class='ocr_par' dir='ltr' id='par_1_25' title="bbox 251 2565 1652 2639">
     <span class='ocr_line' id='line_1_25' title="bbox 251 2565 1652 2639; baseline 0 -19"><span class='ocrx_word' id='word_1_184' title='bbox 251 2573 341 2620; x_wconf 75' lang='grc' dir='ltr'><em>καὶ</em></span> <span class='ocrx_word' id='word_1_185' title='bbox 380 2570 524 2632; x_wconf 82' lang='grc' dir='ltr'><em>Θεὸς,</em></span> <span class='ocrx_word' id='word_1_186' title='bbox 568 2570 689 2624; x_wconf 82' lang='grc' dir='ltr'><em>ἤτοι</em></span> <span class='ocrx_word' id='word_1_187' title='bbox 716 2565 741 2617; x_wconf 87' lang='lat'><strong><em>6</em></strong></span> <span class='ocrx_word' id='word_1_188' title='bbox 775 2569 963 2638; x_wconf 81' lang='grc' dir='ltr'><em>Κύριος</em></span> <span class='ocrx_word' id='word_1_189' title='bbox 983 2566 1130 2638; x_wconf 78' lang='grc' dir='ltr'><strong><em>ἡμῶν</em></strong></span> <span class='ocrx_word' id='word_1_190' title='bbox 1160 2567 1375 2626; x_wconf 82' lang='grc' dir='ltr'><strong><em>Ἰησοῶς</em></strong></span> <span class='ocrx_word' id='word_1_191' title='bbox 1404 2571 1652 2639; x_wconf 84' lang='grc' dir='ltr'><em>Χριστός.</em></span> 
     </span>
    </p>
   </div>
   <div class='ocr_carea' id='block_1_26' title="bbox 246 2742 1852 2818">
    <p class='ocr_par' dir='ltr' id='par_1_26' title="bbox 246 2742 1852 2818">
     <span class='ocr_line' id='line_1_26' title="bbox 246 2742 1852 2818; baseline 0.019 -21"><span class='ocrx_word' id='word_1_192' title='bbox 246 2746 334 2799; x_wconf 87' lang='grc' dir='ltr'>Ἐκ</span> <span class='ocrx_word' id='word_1_193' title='bbox 373 2754 471 2809; x_wconf 83' lang='grc' dir='ltr'><em>τῆς</em></span> <span class='ocrx_word' id='word_1_194' title='bbox 512 2745 674 2816; x_wconf 67' lang='grc' dir='ltr'><em>εὐχῆς</em></span> <span class='ocrx_word' id='word_1_195' title='bbox 730 2763 820 2795; x_wconf 75' lang='grc' dir='ltr'><strong><em>τον</em></strong></span> <span class='ocrx_word' id='word_1_196' title='bbox 877 2744 1105 2817; x_wconf 70' lang='grc' dir='ltr'><em>μεγάλου</em></span> <span class='ocrx_word' id='word_1_197' title='bbox 1160 2743 1448 2813; x_wconf 73' lang='grc' dir='ltr'><em>Βασιλείον,</em></span> <span class='ocrx_word' id='word_1_198' title='bbox 1502 2745 1564 2804; x_wconf 70' lang='grc' dir='ltr'><strong><em>ἧς</em></strong></span> <span class='ocrx_word' id='word_1_199' title='bbox 1612 2747 1641 2801; x_wconf 66' lang='grc' dir='ltr'>ἡ</span> <span class='ocrx_word' id='word_1_200' title='bbox 1686 2742 1852 2818; x_wconf 66' lang='grc' dir='ltr'><strong><em>ἀρχὴ’</em></strong></span> 
     </span>
    </p>
   </div>
   <div class='ocr_carea' id='block_1_27' title="bbox 794 2828 1323 2895">
    <p class='ocr_par' dir='ltr' id='par_1_27' title="bbox 794 2828 1323 2895">
     <span class='ocr_line' id='line_1_27' title="bbox 794 2828 1323 2895; baseline 0.002 -15"><span class='ocrx_word' id='word_1_201' title='bbox 794 2854 823 2882; x_wconf 84' lang='grc' dir='ltr'><em>ι(</em></span> <span class='ocrx_word' id='word_1_202' title='bbox 865 2828 1057 2895; x_wconf 77' lang='grc' dir='ltr'><strong><em>Ουὸεὶς</em></strong></span> <span class='ocrx_word' id='word_1_203' title='bbox 1094 2832 1258 2895; x_wconf 78' lang='grc' dir='ltr'><em>ἄξιος.</em></span> <span class='ocrx_word' id='word_1_204' title='bbox 1292 2855 1323 2881; x_wconf 61' lang='grc' dir='ltr'><em>τι</em></span> 
     </span>
    </p>
   </div>
   <div class='ocr_carea' id='block_1_28' title="bbox 320 2921 1854 2996">
    <p class='ocr_par' dir='ltr' id='par_1_28' title="bbox 320 2921 1854 2996">
     <span class='ocr_line' id='line_1_28' title="bbox 320 2921 1854 2996; baseline -0.002 -21"><span class='ocrx_word' id='word_1_205' title='bbox 320 2924 583 2986; x_wconf 82' lang='grc' dir='ltr'><em>Ἀξίωσον</em></span> <span class='ocrx_word' id='word_1_206' title='bbox 630 2924 1047 2995; x_wconf 83' lang='grc' dir='ltr'><em>προσενεχθῆναί</em></span> <span class='ocrx_word' id='word_1_207' title='bbox 1088 2942 1173 2974; x_wconf 83' lang='grc' dir='ltr'><strong><em>σοι</em></strong></span> <span class='ocrx_word' id='word_1_208' title='bbox 1216 2923 1344 2996; x_wconf 72' lang='grc' dir='ltr'><em>ὑπὲρ</em></span> <span class='ocrx_word' id='word_1_209' title='bbox 1385 2921 1509 2994; x_wconf 77' lang='grc' dir='ltr'><em>ἐμου</em></span> <span class='ocrx_word' id='word_1_210' title='bbox 1550 2942 1640 2973; x_wconf 80' lang='grc' dir='ltr'><strong><em>του</em></strong></span> <span class='ocrx_word' id='word_1_211' title='bbox 1691 2921 1854 2995; x_wconf 78' lang='grc' dir='ltr'><em>ἁμαρ-</em></span> 
     </span>
    </p>
   </div>
   <div class='ocr_carea' id='block_1_29' title="bbox 249 3007 1856 3084">
    <p class='ocr_par' dir='ltr' id='par_1_29' title="bbox 249 3007 1856 3084">
     <span class='ocr_line' id='line_1_29' title="bbox 249 3007 1856 3084; baseline -0.002 -20"><span class='ocrx_word' id='word_1_212' title='bbox 249 3012 425 3064; x_wconf 82' lang='grc' dir='ltr'><em>τωλου</em></span> <span class='ocrx_word' id='word_1_213' title='bbox 471 3016 562 3063; x_wconf 77' lang='grc' dir='ltr'><strong><em>καί</em></strong></span> <span class='ocrx_word' id='word_1_214' title='bbox 613 3008 814 3074; x_wconf 76' lang='grc' dir='ltr'><strong><em>ἀναξίου</em></strong></span> <span class='ocrx_word' id='word_1_215' title='bbox 868 3007 1059 3063; x_wconf 79' lang='grc' dir='ltr'><em>δούλου</em></span> <span class='ocrx_word' id='word_1_216' title='bbox 1108 3031 1203 3063; x_wconf 91' lang='grc' dir='ltr'><strong><em>σου</em></strong></span> <span class='ocrx_word' id='word_1_217' title='bbox 1250 3014 1317 3064; x_wconf 81' lang='grc' dir='ltr'><em>τὰ</em></span> <span class='ocrx_word' id='word_1_218' title='bbox 1356 3007 1504 3084; x_wconf 79' lang='grc' dir='ltr'><em>δῶρα</em></span> <span class='ocrx_word' id='word_1_219' title='bbox 1540 3031 1708 3063; x_wconf 79' lang='grc' dir='ltr'><em>ταυτα</em></span> <span class='ocrx_word' id='word_1_220' title='bbox 1734 3032 1745 3042; x_wconf 86' lang='lat'><strong><em>&#39;</em></strong></span> <span class='ocrx_word' id='word_1_221' title='bbox 1790 3014 1856 3062; x_wconf 81' lang='grc' dir='ltr'><em>σὺ</em></span> 
     </span>
    </p>
   </div>
   <div class='ocr_carea' id='block_1_30' title="bbox 252 3098 1857 3177">
    <p class='ocr_par' dir='ltr' id='par_1_30' title="bbox 252 3098 1857 3177">
     <span class='ocr_line' id='line_1_30' title="bbox 252 3098 1857 3177; baseline 0 -24"><span class='ocrx_word' id='word_1_222' title='bbox 252 3104 360 3177; x_wconf 72' lang='grc' dir='ltr'><strong><em>γὰρ</em></strong></span> <span class='ocrx_word' id='word_1_223' title='bbox 388 3101 440 3153; x_wconf 85' lang='grc' dir='ltr'><em>εἷ</em></span> <span class='ocrx_word' id='word_1_224' title='bbox 472 3102 498 3152; x_wconf 90' lang='lat'><strong><em>6</em></strong></span> <span class='ocrx_word' id='word_1_225' title='bbox 528 3106 822 3176; x_wconf 62' lang='grc' dir='ltr'><em>προσφέρων</em></span> <span class='ocrx_word' id='word_1_226' title='bbox 862 3106 954 3152; x_wconf 83' lang='grc' dir='ltr'><em>καί</em></span> <span class='ocrx_word' id='word_1_227' title='bbox 978 3105 1389 3177; x_wconf 72' lang='grc' dir='ltr'><em>προσφερόμενος</em></span> <span class='ocrx_word' id='word_1_228' title='bbox 1418 3107 1508 3154; x_wconf 80' lang='grc' dir='ltr'><strong><em>καί</em></strong></span> <span class='ocrx_word' id='word_1_229' title='bbox 1547 3098 1857 3176; x_wconf 81' lang='grc' dir='ltr'><em>προσδεχό-</em></span> 
     </span>
    </p>
   </div>
   <div class='ocr_carea' id='block_1_31' title="bbox 244 3187 1357 3264">
    <p class='ocr_par' dir='ltr' id='par_1_31' title="bbox 244 3187 1357 3264">
     <span class='ocr_line' id='line_1_31' title="bbox 244 3187 1357 3264; baseline 0.001 -21"><span class='ocrx_word' id='word_1_230' title='bbox 244 3211 403 3264; x_wconf 80' lang='grc' dir='ltr'><em>μενος</em></span> <span class='ocrx_word' id='word_1_231' title='bbox 431 3194 526 3245; x_wconf 87' lang='grc' dir='ltr'><strong><em>καί</em></strong></span> <span class='ocrx_word' id='word_1_232' title='bbox 563 3187 936 3263; x_wconf 78' lang='grc' dir='ltr'><em>ὃιαδιδόμενος</em></span> <span class='ocrx_word' id='word_1_233' title='bbox 975 3191 1001 3242; x_wconf 91' lang='lat'><strong><em>6</em></strong></span> <span class='ocrx_word' id='word_1_234' title='bbox 1032 3194 1161 3252; x_wconf 84' lang='grc' dir='ltr'><strong>Θεὸς</strong></span> <span class='ocrx_word' id='word_1_235' title='bbox 1191 3192 1357 3263; x_wconf 73' lang='grc' dir='ltr'><em>ἡμῶν.</em></span> 
     </span>
    </p>
   </div>
   <div class='ocr_carea' id='block_1_32' title="bbox 240 3277 1860 3355">
    <p class='ocr_par' dir='ltr' id='par_1_32' title="bbox 240 3277 1860 3355">
     <span class='ocr_line' id='line_1_32' title="bbox 240 3277 1860 3355; baseline -0.002 -20"><span class='ocrx_word' id='word_1_236' title='bbox 240 3287 349 3335; x_wconf 86' lang='grc' dir='ltr'><em>Του</em></span> <span class='ocrx_word' id='word_1_237' title='bbox 399 3280 555 3351; x_wconf 67' lang='grc' dir='ltr'><em>ἁγίου</em></span> <span class='ocrx_word' id='word_1_238' title='bbox 617 3279 870 3353; x_wconf 82' lang='grc' dir='ltr'><em>Κυρίλλου</em></span> <span class='ocrx_word' id='word_1_239' title='bbox 918 3277 1308 3355; x_wconf 79' lang='grc' dir='ltr'><strong><em>Ἀλεξανδρείας</em></strong></span> <span class='ocrx_word' id='word_1_240' title='bbox 1346 3280 1417 3342; x_wconf 82' lang='grc' dir='ltr'><strong><em>εἰς</em></strong></span> <span class='ocrx_word' id='word_1_241' title='bbox 1465 3284 1551 3333; x_wconf 81' lang='grc' dir='ltr'><em>τὸν</em></span> <span class='ocrx_word' id='word_1_242' title='bbox 1602 3283 1860 3353; x_wconf 79' lang='grc' dir='ltr'><em>μυστικὸν</em></span> 
     </span>
    </p>
   </div>
   <div class='ocr_carea' id='block_1_33' title="bbox 944 3365 1169 3423">
    <p class='ocr_par' dir='ltr' id='par_1_33' title="bbox 944 3365 1169 3423">
     <span class='ocr_line' id='line_1_33' title="bbox 944 3365 1169 3423; baseline 0.013 -3"><span class='ocrx_word' id='word_1_243' title='bbox 944 3365 1169 3423; x_wconf 80' lang='grc' dir='ltr'><em>δεῖπνον.</em></span> 
     </span>
    </p>
   </div>
   <div class='ocr_carea' id='block_1_34' title="bbox 325 3457 1863 3532">
    <p class='ocr_par' dir='ltr' id='par_1_34' title="bbox 325 3457 1863 3532">
     <span class='ocr_line' id='line_1_34' title="bbox 325 3457 1863 3532; baseline -0.001 -20"><span class='ocrx_word' id='word_1_244' title='bbox 325 3463 559 3532; x_wconf 74' lang='grc' dir='ltr'><em>Πίνωμεν</em></span> <span class='ocrx_word' id='word_1_245' title='bbox 607 3457 771 3510; x_wconf 74' lang='grc' dir='ltr'><em>αὑτοῦ</em></span> <span class='ocrx_word' id='word_1_246' title='bbox 810 3461 871 3511; x_wconf 89' lang='lat'><strong>1&#39;6</strong></span> <span class='ocrx_word' id='word_1_247' title='bbox 908 3459 1042 3530; x_wconf 82' lang='grc' dir='ltr'><em>αἱμα</em></span> <span class='ocrx_word' id='word_1_248' title='bbox 1084 3462 1143 3511; x_wconf 88' lang='lat'><strong>1&#39;6</strong></span> <span class='ocrx_word' id='word_1_249' title='bbox 1178 3458 1329 3530; x_wconf 78' lang='grc' dir='ltr'><em>οἷσγιον</em></span> <span class='ocrx_word' id='word_1_250' title='bbox 1378 3459 1446 3520; x_wconf 80' lang='grc' dir='ltr'><strong><em>εἰς</em></strong></span> <span class='ocrx_word' id='word_1_251' title='bbox 1497 3458 1715 3532; x_wconf 77' lang='grc' dir='ltr'><strong><em>ἱλασμὸν</em></strong></span> <span class='ocrx_word' id='word_1_252' title='bbox 1761 3467 1863 3511; x_wconf 84' lang='grc' dir='ltr'><em>τῶν</em></span> 
     </span>
    </p>
   </div>
   <div class='ocr_carea' id='block_1_35' title="bbox 252 3546 1864 3619">
    <p class='ocr_par' dir='ltr' id='par_1_35' title="bbox 252 3546 1864 3619">
     <span class='ocr_line' id='line_1_35' title="bbox 252 3546 1864 3619; baseline -0.001 -20"><span class='ocrx_word' id='word_1_253' title='bbox 252 3547 514 3619; x_wconf 75' lang='grc' dir='ltr'><strong><em>ἡμετέρων</em></strong></span> <span class='ocrx_word' id='word_1_254' title='bbox 552 3546 1013 3619; x_wconf 80' lang='grc' dir='ltr'><em>παραπτωμάτων,</em></span> <span class='ocrx_word' id='word_1_255' title='bbox 1074 3549 1165 3597; x_wconf 79' lang='grc' dir='ltr'><strong><em>καί</em></strong></span> <span class='ocrx_word' id='word_1_256' title='bbox 1213 3546 1415 3617; x_wconf 76' lang='grc' dir='ltr'><strong><em>μέθεξιν</em></strong></span> <span class='ocrx_word' id='word_1_257' title='bbox 1472 3555 1562 3607; x_wconf 83' lang='grc' dir='ltr'><em>τῆς</em></span> <span class='ocrx_word' id='word_1_258' title='bbox 1619 3547 1670 3599; x_wconf 82' lang='grc' dir='ltr'><em>ἐν</em></span> <span class='ocrx_word' id='word_1_259' title='bbox 1723 3546 1864 3617; x_wconf 72' lang='grc' dir='ltr'><em>αὐτῷ</em></span> 
     </span>
    </p>
   </div>
   <div class='ocr_carea' id='block_1_36' title="bbox 245 3626 1866 3711">
    <p class='ocr_par' dir='ltr' id='par_1_36' title="bbox 245 3626 1866 3711">
     <span class='ocr_line' id='line_1_36' title="bbox 245 3626 1866 3711; baseline 0.001 -23"><span class='ocrx_word' id='word_1_260' title='bbox 245 3635 566 3697; x_wconf 77' lang='grc' dir='ltr'><em>ἀθανασίαςο</em></span> <span class='ocrx_word' id='word_1_261' title='bbox 614 3637 949 3695; x_wconf 78' lang='grc' dir='ltr'><strong><em>πιστεύοντες</em></strong></span> <span class='ocrx_word' id='word_1_262' title='bbox 987 3633 1098 3706; x_wconf 74' lang='grc' dir='ltr'><strong><em>ἅμα</em></strong></span> <span class='ocrx_word' id='word_1_263' title='bbox 1125 3633 1207 3687; x_wconf 87' lang='grc' dir='ltr'><em>ὃτι</em></span> <span class='ocrx_word' id='word_1_264' title='bbox 1236 3653 1330 3707; x_wconf 85' lang='grc' dir='ltr'><strong><em>περ</em></strong></span> <span class='ocrx_word' id='word_1_265' title='bbox 1374 3634 1532 3699; x_wconf 73' lang='grc' dir='ltr'><em>αὐτὸς</em></span> <span class='ocrx_word' id='word_1_266' title='bbox 1578 3638 1735 3711; x_wconf 82' lang='grc' dir='ltr'><em>ἱερεὺς</em></span> <span class='ocrx_word' id='word_1_267' title='bbox 1773 3626 1866 3689; x_wconf 75' lang='grc' dir='ltr'><em>καί</em></span> 
     </span>
    </p>
   </div>
   <div class='ocr_carea' id='block_1_37' title="bbox 253 3723 1865 3799">
    <p class='ocr_par' dir='ltr' id='par_1_37' title="bbox 253 3723 1865 3799">
     <span class='ocr_line' id='line_1_37' title="bbox 253 3723 1865 3799; baseline 0.001 -23"><span class='ocrx_word' id='word_1_268' title='bbox 253 3727 433 3793; x_wconf 83' lang='grc' dir='ltr'><em>θυσία,</em></span> <span class='ocrx_word' id='word_1_269' title='bbox 493 3723 653 3785; x_wconf 66' lang='grc' dir='ltr'><em>αὐτὸς</em></span> <span class='ocrx_word' id='word_1_270' title='bbox 706 3724 732 3773; x_wconf 97' lang='lat'><strong><em>6</em></strong></span> <span class='ocrx_word' id='word_1_271' title='bbox 786 3726 1091 3798; x_wconf 75' lang='grc' dir='ltr'><em>προσφέρων</em></span> <span class='ocrx_word' id='word_1_272' title='bbox 1147 3728 1237 3775; x_wconf 80' lang='grc' dir='ltr'><strong><em>καί</em></strong></span> <span class='ocrx_word' id='word_1_273' title='bbox 1301 3730 1712 3799; x_wconf 80' lang='grc' dir='ltr'><em>προσφερόμενος</em></span> <span class='ocrx_word' id='word_1_274' title='bbox 1773 3730 1865 3778; x_wconf 85' lang='grc' dir='ltr'><strong><em>καί</em></strong></span> 
     </span>
    </p>
   </div>
   <div class='ocr_carea' id='block_1_38' title="bbox 257 3806 1863 3888">
    <p class='ocr_par' dir='ltr' id='par_1_38' title="bbox 257 3806 1863 3888">
     <span class='ocr_line' id='line_1_38' title="bbox 257 3806 1863 3888; baseline 0.001 -24"><span class='ocrx_word' id='word_1_275' title='bbox 257 3809 684 3885; x_wconf 78' lang='grc' dir='ltr'><em>προσδεχόμενος</em></span> <span class='ocrx_word' id='word_1_276' title='bbox 731 3816 821 3863; x_wconf 84' lang='grc' dir='ltr'><strong><em>καί</em></strong></span> <span class='ocrx_word' id='word_1_277' title='bbox 854 3806 1248 3886; x_wconf 52' lang='grc' dir='ltr'><strong><em>ὃιαδῖδόμενος⁸</em></strong></span> <span class='ocrx_word' id='word_1_278' title='bbox 1302 3818 1374 3884; x_wconf 80' lang='grc' dir='ltr'><strong><em>μὴ</em></strong></span> <span class='ocrx_word' id='word_1_279' title='bbox 1423 3809 1749 3888; x_wconf 77' lang='grc' dir='ltr'><em>διαιρουντες</em></span> <span class='ocrx_word' id='word_1_280' title='bbox 1792 3815 1863 3877; x_wconf 81' lang='grc' dir='ltr'><strong><em>εἰς</em></strong></span> 
     </span>
    </p>
   </div>
   <div class='ocr_carea' id='block_1_39' title="bbox 261 3898 1862 3977">
    <p class='ocr_par' dir='ltr' id='par_1_39' title="bbox 261 3898 1862 3977">
     <span class='ocr_line' id='line_1_39' title="bbox 261 3898 1862 3977; baseline 0.002 -24"><span class='ocrx_word' id='word_1_281' title='bbox 261 3898 362 3954; x_wconf 77' lang='grc' dir='ltr'><strong><em>δύο</em></strong></span> <span class='ocrx_word' id='word_1_282' title='bbox 383 3920 638 3976; x_wconf 87' lang='grc' dir='ltr'><em>προσωπα</em></span> <span class='ocrx_word' id='word_1_283' title='bbox 666 3905 763 3959; x_wconf 82' lang='grc' dir='ltr'><em>τήν</em></span> <span class='ocrx_word' id='word_1_284' title='bbox 809 3902 948 3953; x_wconf 85' lang='grc' dir='ltr'><em>Θείαν</em></span> <span class='ocrx_word' id='word_1_285' title='bbox 979 3906 1068 3953; x_wconf 80' lang='grc' dir='ltr'><strong><em>καί</em></strong></span> <span class='ocrx_word' id='word_1_286' title='bbox 1106 3898 1479 3954; x_wconf 69' lang='grc' dir='ltr'><em>ἀδιάσπαστον</em></span> <span class='ocrx_word' id='word_1_287' title='bbox 1532 3907 1623 3954; x_wconf 83' lang='grc' dir='ltr'><strong><em>καί</em></strong></span> <span class='ocrx_word' id='word_1_288' title='bbox 1643 3908 1778 3977; x_wconf 72' lang='grc' dir='ltr'><em>πρὸς</em></span> <span class='ocrx_word' id='word_1_289' title='bbox 1805 3922 1862 3975; x_wconf 74' lang='grc' dir='ltr'><em>γε</em></span> 
     </span>
    </p>
   </div>
   <div class='ocr_carea' id='block_1_40' title="bbox 1573 300 2292 363">
    <p class='ocr_par' dir='ltr' id='par_1_40' title="bbox 1573 300 2292 363">
     <span class='ocr_line' id='line_1_40' title="bbox 1573 300 2292 363; baseline -0.004 -3"><span class='ocrx_word' id='word_1_290' title='bbox 1573 304 1925 363; x_wconf 77' lang='lat' dir='ltr'><strong><em>THESAUBI</em></strong></span> <span class='ocrx_word' id='word_1_291' title='bbox 1961 300 2092 359; x_wconf 86' lang='lat' dir='ltr'><strong><em>LIB.</em></strong></span> <span class='ocrx_word' id='word_1_292' title='bbox 2135 305 2292 360; x_wconf 77' lang='lat' dir='ltr'><strong><em>XXIV</em></strong></span> 
     </span>
    </p>
   </div>
   <div class='ocr_carea' id='block_1_41' title="bbox 1889 426 3620 498">
    <p class='ocr_par' dir='ltr' id='par_1_41' title="bbox 1889 426 3620 498">
     <span class='ocr_line' id='line_1_41' title="bbox 1889 426 3620 498; baseline 0.008 -18"><span class='ocrx_word' id='word_1_293' title='bbox 1889 430 1939 489; x_wconf 76' lang='grc' dir='ltr'>Α</span> <span class='ocrx_word' id='word_1_294' title='bbox 1967 426 2255 497; x_wconf 54' lang='lat' dir='ltr'><strong><em>Ejusdem</em></strong></span> <span class='ocrx_word' id='word_1_295' title='bbox 2291 442 2367 484; x_wconf 79' lang='lat' dir='ltr'><strong><em>ear</em></strong></span> <span class='ocrx_word' id='word_1_296' title='bbox 2393 429 2883 498; x_wconf 78' lang='lat' dir='ltr'><strong><em>interpretatione</em></strong></span> <span class='ocrx_word' id='word_1_297' title='bbox 2911 434 3193 490; x_wconf 73' lang='lat' dir='ltr'><strong><em>Psalterii</em></strong></span> <span class='ocrx_word' id='word_1_298' title='bbox 3210 434 3293 490; x_wconf 86' lang='lat' dir='ltr'><strong><em>ad</em></strong></span> <span class='ocrx_word' id='word_1_299' title='bbox 3316 450 3387 492; x_wconf 89' lang='lat' dir='ltr'><strong><em>ea</em></strong></span> <span class='ocrx_word' id='word_1_300' title='bbox 3412 436 3620 495; x_wconf 85' lang='lat' dir='ltr'><strong><em>verba:</em></strong></span> 
     </span>
    </p>
   </div>
   <div class='ocr_carea' id='block_1_42' title="bbox 3527 313 3625 368">
    <p class='ocr_par' dir='ltr' id='par_1_42' title="bbox 3527 313 3625 368">
     <span class='ocr_line' id='line_1_42' title="bbox 3527 313 3625 368; baseline 0 0"><span class='ocrx_word' id='word_1_301' title='bbox 3527 313 3625 368; x_wconf 80' lang='grc'><strong><em>166</em></strong></span> 
     </span>
    </p>
   </div>
   <div class='ocr_carea' id='block_1_43' title="bbox 2148 517 3446 580">
    <p class='ocr_par' dir='ltr' id='par_1_43' title="bbox 2148 517 3446 580">
     <span class='ocr_line' id='line_1_43' title="bbox 2148 517 3446 580; baseline 0.008 -10"><span class='ocrx_word' id='word_1_302' title='bbox 2148 538 2175 565; x_wconf 74' lang='grc' dir='ltr'><strong><em>α</em></strong></span> <span class='ocrx_word' id='word_1_303' title='bbox 2210 517 2356 573; x_wconf 82' lang='lat' dir='ltr'><strong><em>Fiat</em></strong></span> <span class='ocrx_word' id='word_1_304' title='bbox 2383 531 2599 574; x_wconf 86' lang='lat' dir='ltr'><strong><em>manus</em></strong></span> <span class='ocrx_word' id='word_1_305' title='bbox 2626 525 2730 573; x_wconf 85' lang='lat' dir='ltr'><strong><em>tua</em></strong></span> <span class='ocrx_word' id='word_1_306' title='bbox 2766 519 2848 577; x_wconf 82' lang='lat' dir='ltr'><strong><em>ad</em></strong></span> <span class='ocrx_word' id='word_1_307' title='bbox 2878 522 3234 579; x_wconf 71' lang='lat' dir='ltr'><strong><em>saluandam</em></strong></span> <span class='ocrx_word' id='word_1_308' title='bbox 3269 538 3383 580; x_wconf 86' lang='lat' dir='ltr'><strong><em>me.</em></strong></span> <span class='ocrx_word' id='word_1_309' title='bbox 3416 547 3446 574; x_wconf 87' lang='grc'><strong><em>››</em></strong></span> 
     </span>
    </p>
   </div>
   <div class='ocr_carea' id='block_1_44' title="bbox 2039 606 3627 683">
    <p class='ocr_par' dir='ltr' id='par_1_44' title="bbox 2039 606 3627 683">
     <span class='ocr_line' id='line_1_44' title="bbox 2039 606 3627 683; baseline 0.008 -24"><span class='ocrx_word' id='word_1_310' title='bbox 2039 606 2250 671; x_wconf 73' lang='lat' dir='ltr'><strong><em>Quaero</em></strong></span> <span class='ocrx_word' id='word_1_311' title='bbox 2280 620 2566 677; x_wconf 65' lang='lat' dir='ltr'><strong><em>quaenam</em></strong></span> <span class='ocrx_word' id='word_1_312' title='bbox 2584 606 2661 662; x_wconf 91' lang='lat' dir='ltr'><strong><em>sit</em></strong></span> <span class='ocrx_word' id='word_1_313' title='bbox 2684 609 2784 663; x_wconf 87' lang='lat' dir='ltr'><strong><em>Dei</em></strong></span> <span class='ocrx_word' id='word_1_314' title='bbox 2805 625 3026 666; x_wconf 85' lang='lat' dir='ltr'><strong><em>manus</em></strong></span> <span class='ocrx_word' id='word_1_315' title='bbox 3049 626 3161 682; x_wconf 88' lang='lat' dir='ltr'><strong><em>pro</em></strong></span> <span class='ocrx_word' id='word_1_316' title='bbox 3189 626 3315 683; x_wconf 84' lang='lat' dir='ltr'><strong><em>qua</em></strong></span> <span class='ocrx_word' id='word_1_317' title='bbox 3336 613 3423 668; x_wconf 89' lang='lat' dir='ltr'><strong><em>sic</em></strong></span> <span class='ocrx_word' id='word_1_318' title='bbox 3449 613 3627 671; x_wconf 87' lang='lat' dir='ltr'><strong><em>obse-</em></strong></span> 
     </span>
    </p>
   </div>
   <div class='ocr_carea' id='block_1_45' title="bbox 1968 693 3626 758">
    <p class='ocr_par' dir='ltr' id='par_1_45' title="bbox 1968 693 3626 758">
     <span class='ocr_line' id='line_1_45' title="bbox 1968 693 3626 758; baseline 0.007 -11"><span class='ocrx_word' id='word_1_319' title='bbox 1968 698 2093 750; x_wconf 85' lang='lat' dir='ltr'><strong><em>crat</em></strong></span> <span class='ocrx_word' id='word_1_320' title='bbox 2119 693 2362 748; x_wconf 88' lang='lat' dir='ltr'><strong><em>dicens:</em></strong></span> <span class='ocrx_word' id='word_1_321' title='bbox 2401 694 2466 748; x_wconf 91' lang='lat' dir='ltr'><strong><em>In</em></strong></span> <span class='ocrx_word' id='word_1_322' title='bbox 2504 711 2695 751; x_wconf 88' lang='lat' dir='ltr'><strong><em>manu</em></strong></span> <span class='ocrx_word' id='word_1_323' title='bbox 2736 696 2872 753; x_wconf 87' lang='lat' dir='ltr'><strong><em>forti</em></strong></span> <span class='ocrx_word' id='word_1_324' title='bbox 2912 698 3119 754; x_wconf 83' lang='lat' dir='ltr'><strong><em>eduxit</em></strong></span> <span class='ocrx_word' id='word_1_325' title='bbox 3161 700 3438 757; x_wconf 87' lang='lat' dir='ltr'><strong><em>lsraelem</em></strong></span> <span class='ocrx_word' id='word_1_326' title='bbox 3470 703 3626 758; x_wconf 88' lang='lat' dir='ltr'><strong><em>Deus</em></strong></span> 
     </span>
    </p>
   </div>
   <div class='ocr_carea' id='block_1_46' title="bbox 1966 781 3625 853">
    <p class='ocr_par' dir='ltr' id='par_1_46' title="bbox 1966 781 3625 853">
     <span class='ocr_line' id='line_1_46' title="bbox 1966 781 3625 853; baseline 0.007 -17"><span class='ocrx_word' id='word_1_327' title='bbox 1966 796 2039 836; x_wconf 90' lang='lat' dir='ltr'><strong><em>ex</em></strong></span> <span class='ocrx_word' id='word_1_328' title='bbox 2065 781 2346 853; x_wconf 68' lang='lat' dir='ltr'><strong><em>Egypto.</em></strong></span> <span class='ocrx_word' id='word_1_329' title='bbox 2376 783 2667 847; x_wconf 67' lang='lat' dir='ltr'><strong><em>Quaenam</em></strong></span> <span class='ocrx_word' id='word_1_330' title='bbox 2695 784 2824 839; x_wconf 66' lang='lat' dir='ltr'><strong><em>haec</em></strong></span> <span class='ocrx_word' id='word_1_331' title='bbox 2854 786 2987 841; x_wconf 85' lang='lat' dir='ltr'><strong><em>est?</em></strong></span> <span class='ocrx_word' id='word_1_332' title='bbox 3014 786 3276 843; x_wconf 80' lang='lat' dir='ltr'><strong><em>Christus</em></strong></span> <span class='ocrx_word' id='word_1_333' title='bbox 3295 791 3488 844; x_wconf 82' lang='lat' dir='ltr'><strong><em>Jesus.</em></strong></span> <span class='ocrx_word' id='word_1_334' title='bbox 3518 790 3625 846; x_wconf 88' lang='lat' dir='ltr'><strong><em>Hic</em></strong></span> 
     </span>
    </p>
   </div>
   <div class='ocr_carea' id='block_1_47' title="bbox 1965 870 3623 948">
    <p class='ocr_par' dir='ltr' id='par_1_47' title="bbox 1965 870 3623 948">
     <span class='ocr_line' id='line_1_47' title="bbox 1965 870 3623 948; baseline 0.006 -22"><span class='ocrx_word' id='word_1_335' title='bbox 1965 870 2130 929; x_wconf 88' lang='lat' dir='ltr'><strong><em>enim</em></strong></span> <span class='ocrx_word' id='word_1_336' title='bbox 2176 875 2267 926; x_wconf 91' lang='lat' dir='ltr'><strong><em>est</em></strong></span> <span class='ocrx_word' id='word_1_337' title='bbox 2294 886 2513 929; x_wconf 86' lang='lat' dir='ltr'><strong><em>manus</em></strong></span> <span class='ocrx_word' id='word_1_338' title='bbox 2559 877 2617 929; x_wconf 89' lang='lat' dir='ltr'><strong><em>et</em></strong></span> <span class='ocrx_word' id='word_1_339' title='bbox 2653 873 2898 931; x_wconf 83' lang='lat' dir='ltr'><strong><em>dextera</em></strong></span> <span class='ocrx_word' id='word_1_340' title='bbox 2938 875 3061 932; x_wconf 87' lang='lat' dir='ltr'><strong><em>Dei.</em></strong></span> <span class='ocrx_word' id='word_1_341' title='bbox 3090 876 3231 935; x_wconf 84' lang='lat' dir='ltr'><strong><em>Fiat</em></strong></span> <span class='ocrx_word' id='word_1_342' title='bbox 3271 878 3479 947; x_wconf 83' lang='lat' dir='ltr'><strong><em>igitur,</em></strong></span> <span class='ocrx_word' id='word_1_343' title='bbox 3519 879 3623 948; x_wconf 91' lang='lat' dir='ltr'><strong><em>ait,</em></strong></span> 
     </span>
    </p>
   </div>
   <div class='ocr_carea' id='block_1_48' title="bbox 1964 961 3625 1023">
    <p class='ocr_par' dir='ltr' id='par_1_48' title="bbox 1964 961 3625 1023">
     <span class='ocr_line' id='line_1_48' title="bbox 1964 961 3625 1023; baseline 0.006 -10"><span class='ocrx_word' id='word_1_344' title='bbox 1964 973 2181 1015; x_wconf 75' lang='lat' dir='ltr'><strong><em>manus</em></strong></span> <span class='ocrx_word' id='word_1_345' title='bbox 2201 964 2308 1015; x_wconf 86' lang='lat' dir='ltr'><strong><em>tua</em></strong></span> <span class='ocrx_word' id='word_1_346' title='bbox 2327 961 2410 1017; x_wconf 85' lang='lat' dir='ltr'><strong><em>ad</em></strong></span> <span class='ocrx_word' id='word_1_347' title='bbox 2425 962 2790 1019; x_wconf 74' lang='lat' dir='ltr'><strong><em>saluandam</em></strong></span> <span class='ocrx_word' id='word_1_348' title='bbox 2804 978 2894 1019; x_wconf 88' lang='lat' dir='ltr'><strong><em>me</em></strong></span> <span class='ocrx_word' id='word_1_349' title='bbox 2917 964 2982 1017; x_wconf 69' lang='lat'><strong><em>&#39;3.</em></strong></span> <span class='ocrx_word' id='word_1_350' title='bbox 3012 966 3279 1021; x_wconf 76' lang='lat' dir='ltr'><strong><em>Fortasse</em></strong></span> <span class='ocrx_word' id='word_1_351' title='bbox 3295 970 3351 1021; x_wconf 91' lang='lat' dir='ltr'><strong><em>et</em></strong></span> <span class='ocrx_word' id='word_1_352' title='bbox 3372 965 3625 1023; x_wconf 85' lang='lat' dir='ltr'><strong><em>verbum</em></strong></span> 
     </span>
    </p>
   </div>
   <div class='ocr_carea' id='block_1_49' title="bbox 1962 1046 3623 1125">
    <p class='ocr_par' dir='ltr' id='par_1_49' title="bbox 1962 1046 3623 1125">
     <span class='ocr_line' id='line_1_49' title="bbox 1962 1046 3623 1125; baseline 0.007 -24"><span class='ocrx_word' id='word_1_353' title='bbox 1962 1046 2072 1114; x_wconf 77' lang='lat' dir='ltr'><strong><em>ﬁat</em></strong></span> <span class='ocrx_word' id='word_1_354' title='bbox 2088 1046 2173 1107; x_wconf 89' lang='lat' dir='ltr'><strong><em>ita</em></strong></span> <span class='ocrx_word' id='word_1_355' title='bbox 2188 1047 2516 1118; x_wconf 84' lang='lat' dir='ltr'><strong><em>signiﬁcat:</em></strong></span> <span class='ocrx_word' id='word_1_356' title='bbox 2541 1050 2746 1107; x_wconf 82' lang='lat' dir='ltr'><strong><em>Veniat</em></strong></span> <span class='ocrx_word' id='word_1_357' title='bbox 2764 1066 2984 1109; x_wconf 87' lang='lat' dir='ltr'><strong><em>manus</em></strong></span> <span class='ocrx_word' id='word_1_358' title='bbox 3002 1056 3111 1110; x_wconf 88' lang='lat' dir='ltr'><strong><em>tua</em></strong></span> <span class='ocrx_word' id='word_1_359' title='bbox 3125 1051 3207 1113; x_wconf 86' lang='lat' dir='ltr'><strong><em>ad</em></strong></span> <span class='ocrx_word' id='word_1_360' title='bbox 3227 1053 3623 1125; x_wconf 70' lang='lat' dir='ltr'><strong><em>nativitatem,</em></strong></span> 
     </span>
    </p>
   </div>
   <div class='ocr_carea' id='block_1_50' title="bbox 1966 1136 2401 1194">
    <p class='ocr_par' dir='ltr' id='par_1_50' title="bbox 1966 1136 2401 1194">
     <span class='ocr_line' id='line_1_50' title="bbox 1966 1136 2401 1194; baseline 0 -2"><span class='ocrx_word' id='word_1_361' title='bbox 1966 1142 2031 1193; x_wconf 85' lang='lat' dir='ltr'><strong><em>ut</em></strong></span> <span class='ocrx_word' id='word_1_362' title='bbox 2059 1136 2249 1194; x_wconf 78' lang='lat' dir='ltr'><strong><em>salvat</em></strong></span> <span class='ocrx_word' id='word_1_363' title='bbox 2283 1153 2401 1193; x_wconf 90' lang='lat' dir='ltr'><strong><em>me.</em></strong></span> 
     </span>
    </p>
   </div>
   <div class='ocr_carea' id='block_1_51' title="bbox 1965 1314 3631 1385">
    <p class='ocr_par' dir='ltr' id='par_1_51' title="bbox 1965 1314 3631 1385">
     <span class='ocr_line' id='line_1_51' title="bbox 1965 1314 3631 1385; baseline 0.008 -16"><span class='ocrx_word' id='word_1_364' title='bbox 1965 1314 2173 1371; x_wconf 79' lang='lat' dir='ltr'><strong><em>Sancti</em></strong></span> <span class='ocrx_word' id='word_1_365' title='bbox 2203 1316 2433 1385; x_wconf 80' lang='lat' dir='ltr'><strong><em>Cyrilli</em></strong></span> <span class='ocrx_word' id='word_1_366' title='bbox 2452 1332 2530 1374; x_wconf 69' lang='lat' dir='ltr'><strong><em>ex</em></strong></span> <span class='ocrx_word' id='word_1_367' title='bbox 2566 1318 2980 1376; x_wconf 79' lang='lat' dir='ltr'><strong><em>antirrheticis</em></strong></span> <span class='ocrx_word' id='word_1_368' title='bbox 3008 1321 3388 1378; x_wconf 78' lang='lat' dir='ltr'><strong><em>sermonibus</em></strong></span> <span class='ocrx_word' id='word_1_369' title='bbox 3413 1328 3631 1382; x_wconf 83' lang='lat' dir='ltr'><strong><em>contra</em></strong></span> 
     </span>
    </p>
   </div>
   <div class='ocr_carea' id='block_1_52' title="bbox 2493 1408 3087 1476">
    <p class='ocr_par' dir='ltr' id='par_1_52' title="bbox 2493 1408 3087 1476">
     <span class='ocr_line' id='line_1_52' title="bbox 2493 1408 3087 1476; baseline 0.007 -15"><span class='ocrx_word' id='word_1_370' title='bbox 2493 1408 3087 1476; x_wconf 76' lang='lat' dir='ltr'><strong><em>pneumatomaclios.</em></strong></span> 
     </span>
    </p>
   </div>
   <div class='ocr_carea' id='block_1_53' title="bbox 2039 1492 3629 1572">
    <p class='ocr_par' dir='ltr' id='par_1_53' title="bbox 2039 1492 3629 1572">
     <span class='ocr_line' id='line_1_53' title="bbox 2039 1492 3629 1572; baseline 0.008 -24"><span class='ocrx_word' id='word_1_371' title='bbox 2039 1492 2296 1564; x_wconf 81' lang='lat' dir='ltr'><strong><em>Digitum</em></strong></span> <span class='ocrx_word' id='word_1_372' title='bbox 2342 1495 2445 1550; x_wconf 87' lang='lat' dir='ltr'><strong><em>Dei</em></strong></span> <span class='ocrx_word' id='word_1_373' title='bbox 2488 1495 2640 1551; x_wconf 86' lang='lat' dir='ltr'><strong><em>solet</em></strong></span> <span class='ocrx_word' id='word_1_374' title='bbox 2685 1497 2991 1568; x_wconf 81' lang='lat' dir='ltr'><strong><em>Scriptura</em></strong></span> <span class='ocrx_word' id='word_1_375' title='bbox 3032 1497 3295 1570; x_wconf 87' lang='lat' dir='ltr'><strong><em>apellare</em></strong></span> <span class='ocrx_word' id='word_1_376' title='bbox 3341 1499 3629 1572; x_wconf 86' lang='lat' dir='ltr'><strong><em>Spiritum</em></strong></span> 
     </span>
    </p>
   </div>
   <div class='ocr_carea' id='block_1_54' title="bbox 1967 1583 3632 1659">
    <p class='ocr_par' dir='ltr' id='par_1_54' title="bbox 1967 1583 3632 1659">
     <span class='ocr_line' id='line_1_54' title="bbox 1967 1583 3632 1659; baseline 0.008 -24"><span class='ocrx_word' id='word_1_377' title='bbox 1967 1590 2267 1650; x_wconf 84' lang='lat' dir='ltr'><strong><em>sanctum,</em></strong></span> <span class='ocrx_word' id='word_1_378' title='bbox 2303 1583 2478 1640; x_wconf 87' lang='lat' dir='ltr'><strong><em>sicuti</em></strong></span> <span class='ocrx_word' id='word_1_379' title='bbox 2499 1585 2760 1642; x_wconf 87' lang='lat' dir='ltr'><strong><em>Christus</em></strong></span> <span class='ocrx_word' id='word_1_380' title='bbox 2786 1585 2962 1643; x_wconf 84' lang='lat' dir='ltr'><strong><em>dixit:</em></strong></span> <span class='ocrx_word' id='word_1_381' title='bbox 2993 1587 3062 1643; x_wconf 88' lang='lat' dir='ltr'><strong><em>Si</em></strong></span> <span class='ocrx_word' id='word_1_382' title='bbox 3081 1603 3188 1659; x_wconf 85' lang='lat' dir='ltr'><strong><em>ego</em></strong></span> <span class='ocrx_word' id='word_1_383' title='bbox 3219 1594 3282 1647; x_wconf 84' lang='lat' dir='ltr'><strong><em>in</em></strong></span> <span class='ocrx_word' id='word_1_384' title='bbox 3313 1588 3500 1659; x_wconf 78' lang='lat' dir='ltr'><strong><em>digito</em></strong></span> <span class='ocrx_word' id='word_1_385' title='bbox 3520 1591 3632 1649; x_wconf 76' lang='lat' dir='ltr'><strong><em>Dei</em></strong></span> 
     </span>
    </p>
   </div>
   <div class='ocr_carea' id='block_1_55' title="bbox 1967 1671 3626 1748">
    <p class='ocr_par' dir='ltr' id='par_1_55' title="bbox 1967 1671 3626 1748">
     <span class='ocr_line' id='line_1_55' title="bbox 1967 1671 3626 1748; baseline 0.006 -22"><span class='ocrx_word' id='word_1_386' title='bbox 1967 1672 2136 1740; x_wconf 85' lang='lat' dir='ltr'><strong><em>ejicio</em></strong></span> <span class='ocrx_word' id='word_1_387' title='bbox 2156 1671 2452 1727; x_wconf 70' lang='lat' dir='ltr'><strong><em>daemonia</em></strong></span> <span class='ocrx_word' id='word_1_388' title='bbox 2480 1675 2545 1739; x_wconf 76' lang='lat'><strong><em>‘9,</em></strong></span> <span class='ocrx_word' id='word_1_389' title='bbox 2569 1672 2632 1728; x_wconf 88' lang='lat' dir='ltr'><strong><em>id</em></strong></span> <span class='ocrx_word' id='word_1_390' title='bbox 2652 1673 2820 1745; x_wconf 85' lang='lat' dir='ltr'><strong><em>quod</em></strong></span> <span class='ocrx_word' id='word_1_391' title='bbox 2848 1674 2998 1729; x_wconf 87' lang='lat' dir='ltr'><strong><em>alius</em></strong></span> <span class='ocrx_word' id='word_1_392' title='bbox 3020 1675 3384 1746; x_wconf 78' lang='lat' dir='ltr'><strong><em>evangelista</em></strong></span> <span class='ocrx_word' id='word_1_393' title='bbox 3404 1677 3467 1733; x_wconf 86' lang='lat' dir='ltr'><strong><em>in</em></strong></span> <span class='ocrx_word' id='word_1_394' title='bbox 3493 1679 3626 1748; x_wconf 77' lang='lat' dir='ltr'><strong><em>Spi-</em></strong></span> 
     </span>
    </p>
   </div>
   <div class='ocr_carea' id='block_1_56' title="bbox 1964 1760 3627 1838">
    <p class='ocr_par' dir='ltr' id='par_1_56' title="bbox 1964 1760 3627 1838">
     <span class='ocr_line' id='line_1_56' title="bbox 1964 1760 3627 1838; baseline 0.006 -25"><span class='ocrx_word' id='word_1_395' title='bbox 1964 1760 2085 1814; x_wconf 81' lang='lat' dir='ltr'><strong><em>ritu</em></strong></span> <span class='ocrx_word' id='word_1_396' title='bbox 2114 1761 2225 1815; x_wconf 86' lang='lat' dir='ltr'><strong><em>Dei</em></strong></span> <span class='ocrx_word' id='word_1_397' title='bbox 2244 1762 2291 1795; x_wconf 81' lang='grc'><strong><em>²⁰</em></strong></span> <span class='ocrx_word' id='word_1_398' title='bbox 2327 1760 2488 1817; x_wconf 86' lang='lat' dir='ltr'><strong><em>dicit.</em></strong></span> <span class='ocrx_word' id='word_1_399' title='bbox 2521 1762 2614 1818; x_wconf 88' lang='lat' dir='ltr'><strong><em>Sic</em></strong></span> <span class='ocrx_word' id='word_1_400' title='bbox 2643 1762 2788 1819; x_wconf 85' lang='lat' dir='ltr'><strong><em>item</em></strong></span> <span class='ocrx_word' id='word_1_401' title='bbox 2831 1763 3142 1823; x_wconf 81' lang='lat' dir='ltr'><strong><em>dexteram</em></strong></span> <span class='ocrx_word' id='word_1_402' title='bbox 3186 1763 3627 1838; x_wconf 89' lang='lat' dir='ltr'><strong><em>brachiumque</em></strong></span> 
     </span>
    </p>
   </div>
   <div class='ocr_carea' id='block_1_57' title="bbox 1969 1848 3628 1921">
    <p class='ocr_par' dir='ltr' id='par_1_57' title="bbox 1969 1848 3628 1921">
     <span class='ocr_line' id='line_1_57' title="bbox 1969 1848 3628 1921; baseline 0.006 -18"><span class='ocrx_word' id='word_1_403' title='bbox 1969 1848 2176 1903; x_wconf 86' lang='lat' dir='ltr'><strong><em>Filium</em></strong></span> <span class='ocrx_word' id='word_1_404' title='bbox 2202 1849 2485 1921; x_wconf 83' lang='lat' dir='ltr'><strong><em>appellat,</em></strong></span> <span class='ocrx_word' id='word_1_405' title='bbox 2513 1855 2576 1908; x_wconf 90' lang='lat' dir='ltr'><strong><em>ut</em></strong></span> <span class='ocrx_word' id='word_1_406' title='bbox 2596 1855 2689 1907; x_wconf 88' lang='lat' dir='ltr'><strong><em>est</em></strong></span> <span class='ocrx_word' id='word_1_407' title='bbox 2709 1850 2885 1907; x_wconf 89' lang='lat' dir='ltr'><strong><em>illud:</em></strong></span> <span class='ocrx_word' id='word_1_408' title='bbox 2917 1853 3191 1909; x_wconf 83' lang='lat' dir='ltr'><strong><em>Servavit</em></strong></span> <span class='ocrx_word' id='word_1_409' title='bbox 3215 1868 3347 1910; x_wconf 87' lang='lat' dir='ltr'><strong><em>eum</em></strong></span> <span class='ocrx_word' id='word_1_410' title='bbox 3375 1853 3628 1913; x_wconf 76' lang='lat' dir='ltr'><strong><em>dextera</em></strong></span> 
     </span>
    </p>
   </div>
   <div class='ocr_carea' id='block_1_58' title="bbox 1967 1939 3628 2015">
    <p class='ocr_par' dir='ltr' id='par_1_58' title="bbox 1967 1939 3628 2015">
     <span class='ocr_line' id='line_1_58' title="bbox 1967 1939 3628 2015; baseline 0.004 -21"><span class='ocrx_word' id='word_1_411' title='bbox 1967 1940 2118 2008; x_wconf 82' lang='lat' dir='ltr'><strong><em>ejus,</em></strong></span> <span class='ocrx_word' id='word_1_412' title='bbox 2159 1945 2212 1995; x_wconf 89' lang='lat' dir='ltr'><strong><em>et</em></strong></span> <span class='ocrx_word' id='word_1_413' title='bbox 2255 1939 2571 1996; x_wconf 79' lang='lat' dir='ltr'><strong><em>brachium</em></strong></span> <span class='ocrx_word' id='word_1_414' title='bbox 2618 1946 2892 1996; x_wconf 85' lang='lat' dir='ltr'><strong><em>sanctum</em></strong></span> <span class='ocrx_word' id='word_1_415' title='bbox 2936 1957 3111 1997; x_wconf 84' lang='lat' dir='ltr'><strong><em>suum</em></strong></span> <span class='ocrx_word' id='word_1_416' title='bbox 3145 1944 3214 1997; x_wconf 85' lang='grc'><strong><em>²¹.</em></strong></span> <span class='ocrx_word' id='word_1_417' title='bbox 3264 1942 3443 1998; x_wconf 89' lang='lat' dir='ltr'><strong><em>Sicuti</em></strong></span> <span class='ocrx_word' id='word_1_418' title='bbox 3483 1959 3628 2015; x_wconf 84' lang='lat' dir='ltr'><strong><em>ergo</em></strong></span> 
     </span>
    </p>
   </div>
   <div class='ocr_carea' id='block_1_59' title="bbox 1964 2027 3625 2103">
    <p class='ocr_par' dir='ltr' id='par_1_59' title="bbox 1964 2027 3625 2103">
     <span class='ocr_line' id='line_1_59' title="bbox 1964 2027 3625 2103; baseline 0.005 -20"><span class='ocrx_word' id='word_1_419' title='bbox 1964 2027 2283 2084; x_wconf 85' lang='lat' dir='ltr'><strong><em>brachium</em></strong></span> <span class='ocrx_word' id='word_1_420' title='bbox 2299 2029 2811 2085; x_wconf 88' lang='lat' dir='ltr'><strong><em>consubstantiale</em></strong></span> <span class='ocrx_word' id='word_1_421' title='bbox 2824 2034 2913 2086; x_wconf 91' lang='lat' dir='ltr'><strong><em>est</em></strong></span> <span class='ocrx_word' id='word_1_422' title='bbox 2929 2030 3168 2103; x_wconf 90' lang='lat' dir='ltr'><strong><em>eicujus</em></strong></span> <span class='ocrx_word' id='word_1_423' title='bbox 3184 2031 3625 2102; x_wconf 87' lang='lat' dir='ltr'><strong><em>estbrachium,</em></strong></span> 
     </span>
    </p>
   </div>
   <div class='ocr_carea' id='block_1_60' title="bbox 1969 2110 3627 2203">
    <p class='ocr_par' dir='ltr' id='par_1_60' title="bbox 1969 2110 3627 2203">
     <span class='ocr_line' id='line_1_60' title="bbox 1969 2110 3627 2203; baseline 0.005 -32"><span class='ocrx_word' id='word_1_424' title='bbox 1969 2117 2053 2172; x_wconf 91' lang='lat' dir='ltr'><strong><em>sic</em></strong></span> <span class='ocrx_word' id='word_1_425' title='bbox 2084 2117 2306 2188; x_wconf 82' lang='lat' dir='ltr'><strong><em>digitus</em></strong></span> <span class='ocrx_word' id='word_1_426' title='bbox 2332 2118 2383 2173; x_wconf 91' lang='lat' dir='ltr'><strong><em>ei</em></strong></span> <span class='ocrx_word' id='word_1_427' title='bbox 2414 2118 2588 2188; x_wconf 91' lang='lat' dir='ltr'><strong><em>cujus</em></strong></span> <span class='ocrx_word' id='word_1_428' title='bbox 2610 2124 2699 2174; x_wconf 89' lang='lat' dir='ltr'><strong><em>est</em></strong></span> <span class='ocrx_word' id='word_1_429' title='bbox 2728 2118 2970 2189; x_wconf 83' lang='lat' dir='ltr'><strong><em>digitus.</em></strong></span> <span class='ocrx_word' id='word_1_430' title='bbox 3006 2122 3159 2190; x_wconf 81' lang='lat' dir='ltr'><strong><em>Ergo</em></strong></span> <span class='ocrx_word' id='word_1_431' title='bbox 3181 2120 3338 2192; x_wconf 89' lang='lat' dir='ltr'><strong><em>patri</em></strong></span> <span class='ocrx_word' id='word_1_432' title='bbox 3365 2110 3627 2203; x_wconf 75' lang='lat' dir='ltr'><strong><em>Filioque</em></strong></span> 
     </span>
    </p>
   </div>
   <div class='ocr_carea' id='block_1_61' title="bbox 1969 2205 3179 2278">
    <p class='ocr_par' dir='ltr' id='par_1_61' title="bbox 1969 2205 3179 2278">
     <span class='ocr_line' id='line_1_61' title="bbox 1969 2205 3179 2278; baseline 0.001 -18"><span class='ocrx_word' id='word_1_433' title='bbox 1969 2205 2499 2261; x_wconf 87' lang='lat' dir='ltr'><strong><em>consubstantialis</em></strong></span> <span class='ocrx_word' id='word_1_434' title='bbox 2525 2212 2613 2262; x_wconf 88' lang='lat' dir='ltr'><strong><em>est</em></strong></span> <span class='ocrx_word' id='word_1_435' title='bbox 2632 2205 2882 2278; x_wconf 87' lang='lat' dir='ltr'><strong><em>Spiritus</em></strong></span> <span class='ocrx_word' id='word_1_436' title='bbox 2911 2212 3179 2263; x_wconf 87' lang='lat' dir='ltr'><strong><em>sanctus.</em></strong></span> 
     </span>
    </p>
   </div>
   <div class='ocr_carea' id='block_1_62' title="bbox 2041 2383 3631 2460">
    <p class='ocr_par' dir='ltr' id='par_1_62' title="bbox 2041 2383 3631 2460">
     <span class='ocr_line' id='line_1_62' title="bbox 2041 2383 3631 2460; baseline 0.003 -21"><span class='ocrx_word' id='word_1_437' title='bbox 2041 2383 2211 2449; x_wconf 91' lang='lat' dir='ltr'><strong><em>Quod</em></strong></span> <span class='ocrx_word' id='word_1_438' title='bbox 2240 2384 2400 2440; x_wconf 79' lang='lat' dir='ltr'><strong><em>idem</em></strong></span> <span class='ocrx_word' id='word_1_439' title='bbox 2425 2399 2703 2457; x_wconf 91' lang='lat' dir='ltr'><strong><em>unusque</em></strong></span> <span class='ocrx_word' id='word_1_440' title='bbox 2731 2388 2823 2441; x_wconf 87' lang='lat' dir='ltr'><strong><em>est</em></strong></span> <span class='ocrx_word' id='word_1_441' title='bbox 2836 2384 2942 2458; x_wconf 89' lang='lat' dir='ltr'><strong><em>qui</em></strong></span> <span class='ocrx_word' id='word_1_442' title='bbox 2967 2385 3143 2442; x_wconf 85' lang='lat' dir='ltr'><strong><em>offert</em></strong></span> <span class='ocrx_word' id='word_1_443' title='bbox 3169 2390 3226 2442; x_wconf 90' lang='lat' dir='ltr'><strong><em>et</em></strong></span> <span class='ocrx_word' id='word_1_444' title='bbox 3252 2386 3358 2460; x_wconf 90' lang='lat' dir='ltr'><strong><em>qui</em></strong></span> <span class='ocrx_word' id='word_1_445' title='bbox 3383 2386 3631 2445; x_wconf 78' lang='lat' dir='ltr'><strong><em>oﬂ‘ertur</em></strong></span> 
     </span>
    </p>
   </div>
   <div class='ocr_carea' id='block_1_63' title="bbox 1969 2472 3630 2550">
    <p class='ocr_par' dir='ltr' id='par_1_63' title="bbox 1969 2472 3630 2550">
     <span class='ocr_line' id='line_1_63' title="bbox 1969 2472 3630 2550; baseline 0.003 -22"><span class='ocrx_word' id='word_1_446' title='bbox 1969 2476 2026 2528; x_wconf 89' lang='lat' dir='ltr'><strong><em>et</em></strong></span> <span class='ocrx_word' id='word_1_447' title='bbox 2062 2473 2168 2544; x_wconf 88' lang='lat' dir='ltr'><strong><em>qui</em></strong></span> <span class='ocrx_word' id='word_1_448' title='bbox 2205 2472 2431 2545; x_wconf 89' lang='lat' dir='ltr'><strong><em>recipit,</em></strong></span> <span class='ocrx_word' id='word_1_449' title='bbox 2474 2474 2559 2530; x_wconf 89' lang='lat' dir='ltr'><strong><em>uti</em></strong></span> <span class='ocrx_word' id='word_1_450' title='bbox 2606 2473 2894 2546; x_wconf 84' lang='lat' dir='ltr'><strong><em>pontifex,</em></strong></span> <span class='ocrx_word' id='word_1_451' title='bbox 2933 2475 3153 2540; x_wconf 85' lang='lat' dir='ltr'><strong><em>hostia,</em></strong></span> <span class='ocrx_word' id='word_1_452' title='bbox 3187 2477 3360 2543; x_wconf 86' lang='lat' dir='ltr'><strong><em>Deus,</em></strong></span> <span class='ocrx_word' id='word_1_453' title='bbox 3408 2491 3630 2550; x_wconf 90' lang='lat' dir='ltr'><strong><em>nempe</em></strong></span> 
     </span>
    </p>
   </div>
   <div class='ocr_carea' id='block_1_64' title="bbox 1968 2560 3008 2619">
    <p class='ocr_par' dir='ltr' id='par_1_64' title="bbox 1968 2560 3008 2619">
     <span class='ocr_line' id='line_1_64' title="bbox 1968 2560 3008 2619; baseline 0.003 -3"><span class='ocrx_word' id='word_1_454' title='bbox 1968 2560 2262 2618; x_wconf 90' lang='lat' dir='ltr'><strong><em>Dominus</em></strong></span> <span class='ocrx_word' id='word_1_455' title='bbox 2287 2566 2490 2618; x_wconf 87' lang='lat' dir='ltr'><strong><em>noster</em></strong></span> <span class='ocrx_word' id='word_1_456' title='bbox 2514 2561 2690 2619; x_wconf 89' lang='lat' dir='ltr'><strong><em>Jesus</em></strong></span> <span class='ocrx_word' id='word_1_457' title='bbox 2722 2562 3008 2619; x_wconf 89' lang='lat' dir='ltr'><strong><em>Christus.</em></strong></span> 
     </span>
    </p>
   </div>
   <div class='ocr_carea' id='block_1_65' title="bbox 2073 2740 3516 2812">
    <p class='ocr_par' dir='ltr' id='par_1_65' title="bbox 2073 2740 3516 2812">
     <span class='ocr_line' id='line_1_65' title="bbox 2073 2740 3516 2812; baseline 0.002 -18"><span class='ocrx_word' id='word_1_458' title='bbox 2073 2740 2173 2796; x_wconf 71' lang='lat' dir='ltr'><strong><em>Ex</em></strong></span> <span class='ocrx_word' id='word_1_459' title='bbox 2186 2741 2536 2808; x_wconf 77' lang='lat' dir='ltr'><strong><em>precatione</em></strong></span> <span class='ocrx_word' id='word_1_460' title='bbox 2553 2742 2764 2811; x_wconf 87' lang='lat' dir='ltr'><strong><em>magni</em></strong></span> <span class='ocrx_word' id='word_1_461' title='bbox 2780 2742 3017 2807; x_wconf 79' lang='lat' dir='ltr'><strong><em>Basilii,</em></strong></span> <span class='ocrx_word' id='word_1_462' title='bbox 3042 2744 3217 2812; x_wconf 83' lang='lat' dir='ltr'><strong><em>cujus</em></strong></span> <span class='ocrx_word' id='word_1_463' title='bbox 3246 2742 3516 2799; x_wconf 82' lang='lat' dir='ltr'><strong><em>initium:</em></strong></span> 
     </span>
    </p>
   </div>
   <div class='ocr_carea' id='block_1_66' title="bbox 2287 2829 3096 2899">
    <p class='ocr_par' dir='ltr' id='par_1_66' title="bbox 2287 2829 3096 2899">
     <span class='ocr_line' id='line_1_66' title="bbox 2287 2829 3096 2899; baseline 0.007 -24"><span class='ocrx_word' id='word_1_464' title='bbox 2287 2883 2296 2889; x_wconf 46' lang='grc'><strong><em>,</em></strong></span> <span class='ocrx_word' id='word_1_465' title='bbox 2496 2850 2525 2878; x_wconf 85' lang='grc' dir='ltr'><em>ι(</em></span> <span class='ocrx_word' id='word_1_466' title='bbox 2561 2830 2747 2885; x_wconf 90' lang='lat' dir='ltr'><strong><em>Nemo</em></strong></span> <span class='ocrx_word' id='word_1_467' title='bbox 2786 2829 3026 2899; x_wconf 81' lang='lat' dir='ltr'><strong><em>dignus.</em></strong></span> <span class='ocrx_word' id='word_1_468' title='bbox 3066 2850 3096 2881; x_wconf 82' lang='lat'><strong>»</strong></span> 
     </span>
    </p>
   </div>
   <div class='ocr_carea' id='block_1_67' title="bbox 2038 2916 3633 2993">
    <p class='ocr_par' dir='ltr' id='par_1_67' title="bbox 2038 2916 3633 2993">
     <span class='ocr_line' id='line_1_67' title="bbox 2038 2916 3633 2993; baseline 0.004 -24"><span class='ocrx_word' id='word_1_469' title='bbox 2038 2916 2312 2987; x_wconf 85' lang='lat' dir='ltr'><strong><em>Dignare,</em></strong></span> <span class='ocrx_word' id='word_1_470' title='bbox 2365 2920 2429 2973; x_wconf 91' lang='lat' dir='ltr'><strong><em>ut</em></strong></span> <span class='ocrx_word' id='word_1_471' title='bbox 2457 2916 2563 2973; x_wconf 88' lang='lat' dir='ltr'><strong><em>tibi</em></strong></span> <span class='ocrx_word' id='word_1_472' title='bbox 2593 2917 2923 2974; x_wconf 78' lang='lat' dir='ltr'><strong><em>offerantur</em></strong></span> <span class='ocrx_word' id='word_1_473' title='bbox 2950 2934 3061 2991; x_wconf 87' lang='lat' dir='ltr'><strong><em>pro</em></strong></span> <span class='ocrx_word' id='word_1_474' title='bbox 3100 2934 3195 2973; x_wconf 91' lang='lat' dir='ltr'><strong><em>me</em></strong></span> <span class='ocrx_word' id='word_1_475' title='bbox 3224 2922 3539 2991; x_wconf 85' lang='lat' dir='ltr'><strong><em>peccatore</em></strong></span> <span class='ocrx_word' id='word_1_476' title='bbox 3569 2923 3633 2993; x_wconf 85' lang='lat' dir='ltr'><strong><em>et</em></strong></span> 
     </span>
    </p>
   </div>
   <div class='ocr_carea' id='block_1_68' title="bbox 1967 3006 3622 3079">
    <p class='ocr_par' dir='ltr' id='par_1_68' title="bbox 1967 3006 3622 3079">
     <span class='ocr_line' id='line_1_68' title="bbox 1967 3006 3622 3079; baseline 0.004 -20"><span class='ocrx_word' id='word_1_477' title='bbox 1967 3006 2218 3076; x_wconf 81' lang='lat' dir='ltr'><strong><em>indigno</em></strong></span> <span class='ocrx_word' id='word_1_478' title='bbox 2245 3022 2417 3064; x_wconf 80' lang='lat' dir='ltr'><strong><em>servo</em></strong></span> <span class='ocrx_word' id='word_1_479' title='bbox 2454 3012 2555 3062; x_wconf 92' lang='lat' dir='ltr'><strong><em>tuo</em></strong></span> <span class='ocrx_word' id='word_1_480' title='bbox 2586 3006 2709 3062; x_wconf 75' lang='lat' dir='ltr'><strong><em>haec</em></strong></span> <span class='ocrx_word' id='word_1_481' title='bbox 2739 3007 2923 3063; x_wconf 89' lang='lat' dir='ltr'><strong><em>dona.</em></strong></span> <span class='ocrx_word' id='word_1_482' title='bbox 2954 3011 3038 3063; x_wconf 91' lang='lat' dir='ltr'><strong><em>&#39;l‘u</em></strong></span> <span class='ocrx_word' id='word_1_483' title='bbox 3062 3009 3223 3064; x_wconf 88' lang='lat' dir='ltr'><strong><em>enim</em></strong></span> <span class='ocrx_word' id='word_1_484' title='bbox 3249 3024 3313 3064; x_wconf 91' lang='lat' dir='ltr'><strong><em>es</em></strong></span> <span class='ocrx_word' id='word_1_485' title='bbox 3342 3008 3622 3079; x_wconf 78' lang='lat' dir='ltr'><strong><em>offerens,</em></strong></span> 
     </span>
    </p>
   </div>
   <div class='ocr_carea' id='block_1_69' title="bbox 1966 3094 3617 3169">
    <p class='ocr_par' dir='ltr' id='par_1_69' title="bbox 1966 3094 3617 3169">
     <span class='ocr_line' id='line_1_69' title="bbox 1966 3094 3617 3169; baseline 0.004 -20"><span class='ocrx_word' id='word_1_486' title='bbox 1966 3100 2022 3150; x_wconf 89' lang='lat' dir='ltr'><strong><em>et</em></strong></span> <span class='ocrx_word' id='word_1_487' title='bbox 2047 3094 2306 3162; x_wconf 88' lang='lat' dir='ltr'><strong><em>oblatus,</em></strong></span> <span class='ocrx_word' id='word_1_488' title='bbox 2341 3100 2399 3154; x_wconf 91' lang='lat' dir='ltr'><strong><em>et</em></strong></span> <span class='ocrx_word' id='word_1_489' title='bbox 2426 3100 2717 3169; x_wconf 88' lang='lat' dir='ltr'><strong><em>receptor,</em></strong></span> <span class='ocrx_word' id='word_1_490' title='bbox 2749 3100 2808 3152; x_wconf 86' lang='lat' dir='ltr'><strong><em>et</em></strong></span> <span class='ocrx_word' id='word_1_491' title='bbox 2830 3095 3183 3153; x_wconf 88' lang='lat' dir='ltr'><strong><em>distributor</em></strong></span> <span class='ocrx_word' id='word_1_492' title='bbox 3212 3099 3367 3154; x_wconf 90' lang='lat' dir='ltr'><strong><em>Deus</em></strong></span> <span class='ocrx_word' id='word_1_493' title='bbox 3393 3102 3617 3156; x_wconf 90' lang='lat' dir='ltr'><strong><em>noster.</em></strong></span> 
     </span>
    </p>
   </div>
   <div class='ocr_carea' id='block_1_70' title="bbox 1967 3273 3621 3346">
    <p class='ocr_par' dir='ltr' id='par_1_70' title="bbox 1967 3273 3621 3346">
     <span class='ocr_line' id='line_1_70' title="bbox 1967 3273 3621 3346; baseline 0.002 -18"><span class='ocrx_word' id='word_1_494' title='bbox 1967 3273 2175 3330; x_wconf 84' lang='lat' dir='ltr'><strong><em>Sancti</em></strong></span> <span class='ocrx_word' id='word_1_495' title='bbox 2212 3273 2432 3345; x_wconf 80' lang='lat' dir='ltr'><strong><em>Cyrilli</em></strong></span> <span class='ocrx_word' id='word_1_496' title='bbox 2479 3274 2891 3332; x_wconf 74' lang='lat' dir='ltr'><strong><em>Alexandrini</em></strong></span> <span class='ocrx_word' id='word_1_497' title='bbox 2918 3276 2985 3331; x_wconf 79' lang='lat' dir='ltr'><strong><em>in</em></strong></span> <span class='ocrx_word' id='word_1_498' title='bbox 3013 3276 3324 3346; x_wconf 77' lang='lat' dir='ltr'><strong><em>mysticam</em></strong></span> <span class='ocrx_word' id='word_1_499' title='bbox 3365 3291 3621 3344; x_wconf 76' lang='lat' dir='ltr'><strong><em>caenam,</em></strong></span> 
     </span>
    </p>
   </div>
   <div class='ocr_carea' id='block_1_71' title="bbox 2042 3449 3623 3526">
    <p class='ocr_par' dir='ltr' id='par_1_71' title="bbox 2042 3449 3623 3526">
     <span class='ocr_line' id='line_1_71' title="bbox 2042 3449 3623 3526; baseline 0.004 -22"><span class='ocrx_word' id='word_1_500' title='bbox 2042 3449 2328 3508; x_wconf 87' lang='lat' dir='ltr'><strong><em>Bibamus</em></strong></span> <span class='ocrx_word' id='word_1_501' title='bbox 2356 3454 2634 3509; x_wconf 87' lang='lat' dir='ltr'><strong><em>sanctum</em></strong></span> <span class='ocrx_word' id='word_1_502' title='bbox 2662 3452 2794 3523; x_wconf 90' lang='lat' dir='ltr'><strong><em>ejus</em></strong></span> <span class='ocrx_word' id='word_1_503' title='bbox 2824 3451 3205 3525; x_wconf 82' lang='lat' dir='ltr'><strong><em>sanguinem,</em></strong></span> <span class='ocrx_word' id='word_1_504' title='bbox 3238 3452 3319 3510; x_wconf 94' lang='lat' dir='ltr'><strong><em>ad</em></strong></span> <span class='ocrx_word' id='word_1_505' title='bbox 3342 3457 3623 3526; x_wconf 87' lang='lat' dir='ltr'><strong><em>peccato-</em></strong></span> 
     </span>
    </p>
   </div>
   <div class='ocr_carea' id='block_1_72' title="bbox 1972 3541 3626 3610">
    <p class='ocr_par' dir='ltr' id='par_1_72' title="bbox 1972 3541 3626 3610">
     <span class='ocr_line' id='line_1_72' title="bbox 1972 3541 3626 3610; baseline 0.002 -16"><span class='ocrx_word' id='word_1_506' title='bbox 1972 3554 2108 3595; x_wconf 89' lang='lat' dir='ltr'><strong><em>rum</em></strong></span> <span class='ocrx_word' id='word_1_507' title='bbox 2165 3546 2513 3597; x_wconf 90' lang='lat' dir='ltr'><strong><em>nostrorum</em></strong></span> <span class='ocrx_word' id='word_1_508' title='bbox 2569 3541 3011 3610; x_wconf 86' lang='lat' dir='ltr'><strong><em>remissionem,</em></strong></span> <span class='ocrx_word' id='word_1_509' title='bbox 3056 3546 3115 3598; x_wconf 91' lang='lat' dir='ltr'><strong><em>et</em></strong></span> <span class='ocrx_word' id='word_1_510' title='bbox 3157 3541 3626 3598; x_wconf 82' lang='lat' dir='ltr'><strong><em>immortalitatis</em></strong></span> 
     </span>
    </p>
   </div>
   <div class='ocr_carea' id='block_1_73' title="bbox 1971 3628 3626 3704">
    <p class='ocr_par' dir='ltr' id='par_1_73' title="bbox 1971 3628 3626 3704">
     <span class='ocr_line' id='line_1_73' title="bbox 1971 3628 3626 3704; baseline 0.003 -21"><span class='ocrx_word' id='word_1_511' title='bbox 1971 3643 2112 3684; x_wconf 90' lang='lat' dir='ltr'><strong><em>cum</em></strong></span> <span class='ocrx_word' id='word_1_512' title='bbox 2140 3628 2274 3702; x_wconf 89' lang='lat' dir='ltr'><strong><em>ipso</em></strong></span> <span class='ocrx_word' id='word_1_513' title='bbox 2293 3629 2813 3701; x_wconf 86' lang='lat' dir='ltr'><strong><em>participationem</em></strong></span> <span class='ocrx_word' id='word_1_514' title='bbox 2836 3649 2851 3697; x_wconf 92' lang='lat'><strong>;</strong></span> <span class='ocrx_word' id='word_1_515' title='bbox 2874 3629 3185 3686; x_wconf 88' lang='lat' dir='ltr'><strong><em>credentes</em></strong></span> <span class='ocrx_word' id='word_1_516' title='bbox 3201 3629 3401 3697; x_wconf 89' lang='lat' dir='ltr'><strong><em>simul,</em></strong></span> <span class='ocrx_word' id='word_1_517' title='bbox 3418 3631 3626 3704; x_wconf 89' lang='lat' dir='ltr'><strong><em>ipsum</em></strong></span> 
     </span>
    </p>
   </div>
   <div class='ocr_carea' id='block_1_74' title="bbox 1971 3716 3626 3790">
    <p class='ocr_par' dir='ltr' id='par_1_74' title="bbox 1971 3716 3626 3790">
     <span class='ocr_line' id='line_1_74' title="bbox 1971 3716 3626 3790; baseline 0.002 -17"><span class='ocrx_word' id='word_1_518' title='bbox 1971 3732 2103 3773; x_wconf 91' lang='lat' dir='ltr'><strong><em>esse</em></strong></span> <span class='ocrx_word' id='word_1_519' title='bbox 2131 3717 2505 3774; x_wconf 89' lang='lat' dir='ltr'><strong><em>sacerdotem</em></strong></span> <span class='ocrx_word' id='word_1_520' title='bbox 2536 3721 2594 3773; x_wconf 86' lang='lat' dir='ltr'><strong><em>et</em></strong></span> <span class='ocrx_word' id='word_1_521' title='bbox 2627 3716 2912 3785; x_wconf 88' lang='lat' dir='ltr'><strong><em>hostiam,</em></strong></span> <span class='ocrx_word' id='word_1_522' title='bbox 2955 3718 3163 3790; x_wconf 89' lang='lat' dir='ltr'><strong><em>ipsum</em></strong></span> <span class='ocrx_word' id='word_1_523' title='bbox 3200 3719 3306 3790; x_wconf 87' lang='lat' dir='ltr'><strong><em>qui</em></strong></span> <span class='ocrx_word' id='word_1_524' title='bbox 3335 3718 3526 3790; x_wconf 77' lang='lat' dir='ltr'><strong><em>offert,</em></strong></span> <span class='ocrx_word' id='word_1_525' title='bbox 3567 3722 3626 3776; x_wconf 89' lang='lat' dir='ltr'><strong><em>et</em></strong></span> 
     </span>
    </p>
   </div>
   <div class='ocr_carea' id='block_1_75' title="bbox 1969 3805 3625 3880">
    <p class='ocr_par' dir='ltr' id='par_1_75' title="bbox 1969 3805 3625 3880">
     <span class='ocr_line' id='line_1_75' title="bbox 1969 3805 3625 3880; baseline 0.001 -18"><span class='ocrx_word' id='word_1_526' title='bbox 1969 3807 2076 3880; x_wconf 91' lang='lat' dir='ltr'><strong><em>qui</em></strong></span> <span class='ocrx_word' id='word_1_527' title='bbox 2101 3806 2366 3874; x_wconf 76' lang='lat' dir='ltr'><strong><em>offertur,</em></strong></span> <span class='ocrx_word' id='word_1_528' title='bbox 2412 3809 2471 3862; x_wconf 90' lang='lat' dir='ltr'><strong><em>et</em></strong></span> <span class='ocrx_word' id='word_1_529' title='bbox 2506 3805 2612 3878; x_wconf 90' lang='lat' dir='ltr'><strong><em>qui</em></strong></span> <span class='ocrx_word' id='word_1_530' title='bbox 2639 3807 2869 3878; x_wconf 88' lang='lat' dir='ltr'><strong><em>recipit,</em></strong></span> <span class='ocrx_word' id='word_1_531' title='bbox 2913 3810 2970 3862; x_wconf 90' lang='lat' dir='ltr'><strong><em>et</em></strong></span> <span class='ocrx_word' id='word_1_532' title='bbox 3015 3806 3121 3879; x_wconf 89' lang='lat' dir='ltr'><strong><em>qui</em></strong></span> <span class='ocrx_word' id='word_1_533' title='bbox 3149 3805 3469 3864; x_wconf 87' lang='lat' dir='ltr'><strong><em>distribuit.</em></strong></span> <span class='ocrx_word' id='word_1_534' title='bbox 3518 3810 3625 3863; x_wconf 86' lang='lat' dir='ltr'><strong><em>Ne-</em></strong></span> 
     </span>
    </p>
   </div>
   <div class='ocr_carea' id='block_1_76' title="bbox 1969 3894 3622 3969">
    <p class='ocr_par' dir='ltr' id='par_1_76' title="bbox 1969 3894 3622 3969">
     <span class='ocr_line' id='line_1_76' title="bbox 1969 3894 3622 3969; baseline 0 -17"><span class='ocrx_word' id='word_1_535' title='bbox 1969 3912 2089 3969; x_wconf 90' lang='lat' dir='ltr'><strong><em>que</em></strong></span> <span class='ocrx_word' id='word_1_536' title='bbox 2134 3895 2358 3952; x_wconf 88' lang='lat' dir='ltr'><strong><em>idcirco</em></strong></span> <span class='ocrx_word' id='word_1_537' title='bbox 2387 3895 2449 3951; x_wconf 89' lang='lat' dir='ltr'><strong><em>in</em></strong></span> <span class='ocrx_word' id='word_1_538' title='bbox 2479 3895 2637 3952; x_wconf 87' lang='lat' dir='ltr'><strong><em>duas</em></strong></span> <span class='ocrx_word' id='word_1_539' title='bbox 2675 3910 2967 3968; x_wconf 88' lang='lat' dir='ltr'><strong><em>personas</em></strong></span> <span class='ocrx_word' id='word_1_540' title='bbox 2995 3894 3323 3951; x_wconf 86' lang='lat' dir='ltr'><strong><em>dividimus</em></strong></span> <span class='ocrx_word' id='word_1_541' title='bbox 3350 3894 3622 3952; x_wconf 86' lang='lat' dir='ltr'><strong><em>divinam</em></strong></span> 
     </span>
    </p>
   </div>
   <div class='ocr_carea' id='block_1_77' title="bbox 258 3983 1857 4066">
    <p class='ocr_par' dir='ltr' id='par_1_77' title="bbox 258 3990 1857 4066">
     <span class='ocr_line' id='line_1_77' title="bbox 258 3990 1857 4066; baseline 0.001 -24"><span class='ocrx_word' id='word_1_542' title='bbox 258 3992 450 4042; x_wconf 78' lang='grc' dir='ltr'><em>τούτων</em></span> <span class='ocrx_word' id='word_1_543' title='bbox 505 3990 818 4061; x_wconf 75' lang='grc' dir='ltr'><em>ἀσύγχυτον</em></span> <span class='ocrx_word' id='word_1_544' title='bbox 870 3991 1050 4042; x_wconf 79' lang='grc' dir='ltr'><em>ἕνωσιν</em></span> <span class='ocrx_word' id='word_1_545' title='bbox 1096 4010 1188 4042; x_wconf 89' lang='grc' dir='ltr'><strong><em>του</em></strong></span> <span class='ocrx_word' id='word_1_546' title='bbox 1240 3991 1349 4052; x_wconf 83' lang='grc' dir='ltr'><em>ἐνὸς</em></span> <span class='ocrx_word' id='word_1_547' title='bbox 1376 4004 1401 4035; x_wconf 78' lang='grc' dir='ltr'><strong><em>ο</em></strong></span> <span class='ocrx_word' id='word_1_548' title='bbox 1458 3999 1548 4052; x_wconf 86' lang='grc' dir='ltr'><em>τῆς</em></span> <span class='ocrx_word' id='word_1_549' title='bbox 1604 3997 1857 4066; x_wconf 82' lang='grc' dir='ltr'><em>παντίμου</em></span> 
     </span>
    </p>
   </div>
   <div class='ocr_carea' id='block_1_78' title="bbox 1980 3983 3625 4066">
    <p class='ocr_par' dir='ltr' id='par_1_78' title="bbox 1980 3983 3625 4059">
     <span class='ocr_line' id='line_1_78' title="bbox 1980 3983 3625 4059; baseline -0.002 -17"><span class='ocrx_word' id='word_1_550' title='bbox 1980 3991 2026 4043; x_wconf 76' lang='lat' dir='ltr'><strong><em>et</em></strong></span> <span class='ocrx_word' id='word_1_551' title='bbox 2053 3983 2516 4059; x_wconf 86' lang='lat' dir='ltr'><strong><em>inseparabilem</em></strong></span> <span class='ocrx_word' id='word_1_552' title='bbox 2538 3990 2717 4057; x_wconf 90' lang='lat' dir='ltr'><strong><em>atque</em></strong></span> <span class='ocrx_word' id='word_1_553' title='bbox 2737 3983 3119 4040; x_wconf 88' lang='lat' dir='ltr'><strong><em>inconfusam</em></strong></span> <span class='ocrx_word' id='word_1_554' title='bbox 3138 3983 3427 4039; x_wconf 91' lang='lat' dir='ltr'><strong><em>unionem</em></strong></span> <span class='ocrx_word' id='word_1_555' title='bbox 3444 3983 3625 4039; x_wconf 89' lang='lat' dir='ltr'><strong><em>unius</em></strong></span> 
     </span>
    </p>
   </div>
   <div class='ocr_carea' id='block_1_79' title="bbox 257 4076 647 4155">
    <p class='ocr_par' dir='ltr' id='par_1_79' title="bbox 257 4076 647 4155">
     <span class='ocr_line' id='line_1_79' title="bbox 257 4076 647 4155; baseline 0.005 -24"><span class='ocrx_word' id='word_1_556' title='bbox 257 4076 486 4155; x_wconf 65' lang='lat' dir='ltr'><strong><em>&#39;I‘pcia’o;</em></strong></span> <span class='ocrx_word' id='word_1_557' title='bbox 511 4083 647 4151; x_wconf 73' lang='grc' dir='ltr'><em>(ιθ).</em></span> 
     </span>
    </p>
   </div>
   <div class='ocr_carea' id='block_1_80' title="bbox 317 4166 1791 4244">
    <p class='ocr_par' dir='ltr' id='par_1_80' title="bbox 317 4166 1791 4244">
     <span class='ocr_line' id='line_1_80' title="bbox 317 4166 1791 4244; baseline 0.001 -24"><span class='ocrx_word' id='word_1_558' title='bbox 317 4174 424 4220; x_wconf 83' lang='grc' dir='ltr'><em>Του</em></span> <span class='ocrx_word' id='word_1_559' title='bbox 454 4168 614 4239; x_wconf 70' lang='grc' dir='ltr'><em>ἁγίου</em></span> <span class='ocrx_word' id='word_1_560' title='bbox 650 4166 906 4241; x_wconf 82' lang='grc' dir='ltr'><em>Κυρίλλοῦ</em></span> <span class='ocrx_word' id='word_1_561' title='bbox 947 4166 1311 4244; x_wconf 80' lang='grc' dir='ltr'><em>Ἰεροσολύμων</em></span> <span class='ocrx_word' id='word_1_562' title='bbox 1341 4167 1444 4221; x_wconf 78' lang='grc' dir='ltr'><em>ἀπὸ</em></span> <span class='ocrx_word' id='word_1_563' title='bbox 1482 4189 1573 4221; x_wconf 91' lang='grc' dir='ltr'><strong><em>του</em></strong></span> <span class='ocrx_word' id='word_1_564' title='bbox 1604 4172 1678 4232; x_wconf 83' lang='grc' dir='ltr'><strong><em>εἰς</em></strong></span> <span class='ocrx_word' id='word_1_565' title='bbox 1696 4175 1791 4229; x_wconf 78' lang='grc' dir='ltr'><strong><em>τὴν</em></strong></span> 
     </span>
    </p>
   </div>
   <div class='ocr_carea' id='block_1_81' title="bbox 242 4255 1859 4333">
    <p class='ocr_par' dir='ltr' id='par_1_81' title="bbox 242 4255 1859 4333">
     <span class='ocr_line' id='line_1_81' title="bbox 242 4255 1859 4333; baseline -0.001 -24"><span class='ocrx_word' id='word_1_566' title='bbox 242 4255 583 4314; x_wconf 70' lang='grc' dir='ltr'><em>’Υπιιπαντὴν</em></span> <span class='ocrx_word' id='word_1_567' title='bbox 631 4255 811 4326; x_wconf 75' lang='grc' dir='ltr'><em>λόγου,</em></span> <span class='ocrx_word' id='word_1_568' title='bbox 858 4256 918 4309; x_wconf 83' lang='grc' dir='ltr'><em>οὗ</em></span> <span class='ocrx_word' id='word_1_569' title='bbox 957 4257 987 4313; x_wconf 82' lang='grc' dir='ltr'><strong>ἠ</strong></span> <span class='ocrx_word' id='word_1_570' title='bbox 1046 4255 1215 4331; x_wconf 80' lang='grc' dir='ltr'><em>ἀρχὴ,</em></span> <span class='ocrx_word' id='word_1_571' title='bbox 1267 4278 1296 4306; x_wconf 82' lang='grc' dir='ltr'><em>ι(</em></span> <span class='ocrx_word' id='word_1_572' title='bbox 1346 4264 1510 4331; x_wconf 82' lang='grc' dir='ltr'><em>Χαῖρε</em></span> <span class='ocrx_word' id='word_1_573' title='bbox 1560 4255 1789 4333; x_wconf 73' lang='grc' dir='ltr'><em>σφόδρα.</em></span> <span class='ocrx_word' id='word_1_574' title='bbox 1831 4280 1859 4309; x_wconf 84' lang='grc'><strong><em>››</em></strong></span> 
     </span>
    </p>
   </div>
   <div class='ocr_carea' id='block_1_82' title="bbox 318 4432 1860 4510">
    <p class='ocr_par' dir='ltr' id='par_1_82' title="bbox 318 4432 1860 4510">
     <span class='ocr_line' id='line_1_82' title="bbox 318 4432 1860 4510; baseline 0.001 -24"><span class='ocrx_word' id='word_1_575' title='bbox 318 4439 514 4510; x_wconf 70' lang='grc' dir='ltr'><em>Ῑρέφος</em></span> <span class='ocrx_word' id='word_1_576' title='bbox 590 4432 785 4507; x_wconf 74' lang='grc' dir='ltr'><em>βλέπω,</em></span> <span class='ocrx_word' id='word_1_577' title='bbox 855 4439 1072 4507; x_wconf 77' lang='grc' dir='ltr'><em>νομικὴν</em></span> <span class='ocrx_word' id='word_1_578' title='bbox 1141 4436 1327 4488; x_wconf 83' lang='grc' dir='ltr'><em>θυσίαν</em></span> <span class='ocrx_word' id='word_1_579' title='bbox 1382 4438 1715 4509; x_wconf 75' lang='grc' dir='ltr'><em>προσάγοντα</em></span> <span class='ocrx_word' id='word_1_580' title='bbox 1773 4436 1860 4490; x_wconf 80' lang='grc' dir='ltr'><strong><em>ἐπί</em></strong></span> 
     </span>
    </p>
   </div>
   <div class='ocr_carea' id='block_1_83' title="bbox 242 4522 1860 4598">
    <p class='ocr_par' dir='ltr' id='par_1_83' title="bbox 242 4522 1860 4598">
     <span class='ocr_line' id='line_1_83' title="bbox 242 4522 1860 4598; baseline 0.004 -26"><span class='ocrx_word' id='word_1_581' title='bbox 242 4532 350 4597; x_wconf 64' lang='grc' dir='ltr'><strong><em>γῆς</em></strong></span> <span class='ocrx_word' id='word_1_582' title='bbox 382 4546 395 4557; x_wconf 94' lang='grc'><strong><em>-</em></strong></span> <span class='ocrx_word' id='word_1_583' title='bbox 440 4522 552 4578; x_wconf 75' lang='grc' dir='ltr'>ἀλλ’</span> <span class='ocrx_word' id='word_1_584' title='bbox 592 4524 745 4576; x_wconf 69' lang='grc' dir='ltr'><em>αὐτόν</em></span> <span class='ocrx_word' id='word_1_585' title='bbox 789 4528 882 4586; x_wconf 84' lang='grc' dir='ltr'><strong><em>τὰς</em></strong></span> <span class='ocrx_word' id='word_1_586' title='bbox 931 4525 1135 4576; x_wconf 74' lang='grc' dir='ltr'><em>πάντων</em></span> <span class='ocrx_word' id='word_1_587' title='bbox 1184 4523 1412 4586; x_wconf 75' lang='grc' dir='ltr'><em>εὐσεϐεῖς</em></span> <span class='ocrx_word' id='word_1_588' title='bbox 1461 4526 1646 4588; x_wconf 84' lang='grc' dir='ltr'><em>θυσίας</em></span> <span class='ocrx_word' id='word_1_589' title='bbox 1692 4522 1860 4598; x_wconf 77' lang='grc' dir='ltr'><em>δεχο-</em></span> 
     </span>
    </p>
   </div>
   <div class='ocr_carea' id='block_1_84' title="bbox 242 4613 1857 4689">
    <p class='ocr_par' dir='ltr' id='par_1_84' title="bbox 242 4613 1857 4689">
     <span class='ocr_line' id='line_1_84' title="bbox 242 4613 1857 4689; baseline -0.001 -21"><span class='ocrx_word' id='word_1_590' title='bbox 242 4634 400 4688; x_wconf 79' lang='grc' dir='ltr'><em>μενον</em></span> <span class='ocrx_word' id='word_1_591' title='bbox 460 4614 513 4665; x_wconf 85' lang='grc' dir='ltr'><strong><em>ἐν</em></strong></span> <span class='ocrx_word' id='word_1_592' title='bbox 560 4613 819 4687; x_wconf 74' lang='grc' dir='ltr'><em>οὐρανοῖς,</em></span> <span class='ocrx_word' id='word_1_593' title='bbox 864 4613 1019 4665; x_wconf 69' lang='grc' dir='ltr'><em>αὐτὸν</em></span> <span class='ocrx_word' id='word_1_594' title='bbox 1072 4613 1120 4665; x_wconf 79' lang='grc' dir='ltr'><em>ἐν</em></span> <span class='ocrx_word' id='word_1_595' title='bbox 1172 4615 1334 4688; x_wconf 85' lang='grc' dir='ltr'><em>θρόνῳ</em></span> <span class='ocrx_word' id='word_1_596' title='bbox 1389 4613 1687 4689; x_wconf 82' lang='grc' dir='ltr'><em>χερουϐικῷ</em></span> <span class='ocrx_word' id='word_1_597' title='bbox 1746 4617 1857 4666; x_wconf 87' lang='grc' dir='ltr'><em>θεο-</em></span> 
     </span>
    </p>
   </div>
   <div class='ocr_carea' id='block_1_85' title="bbox 239 4702 1856 4780">
    <p class='ocr_par' dir='ltr' id='par_1_85' title="bbox 239 4702 1856 4780">
     <span class='ocr_line' id='line_1_85' title="bbox 239 4702 1856 4780; baseline -0.001 -23"><span class='ocrx_word' id='word_1_598' title='bbox 239 4710 500 4780; x_wconf 81' lang='grc' dir='ltr'><em>πρεπῶς,</em></span> <span class='ocrx_word' id='word_1_599' title='bbox 587 4702 741 4754; x_wconf 71' lang='grc' dir='ltr'><em>αὐτὸν</em></span> <span class='ocrx_word' id='word_1_600' title='bbox 825 4707 1231 4778; x_wconf 59' lang='grc' dir='ltr'><em>προσφερόμενον</em></span> <span class='ocrx_word' id='word_1_601' title='bbox 1310 4709 1399 4755; x_wconf 82' lang='grc' dir='ltr'><strong><em>καί</em></strong></span> <span class='ocrx_word' id='word_1_602' title='bbox 1481 4704 1856 4776; x_wconf 76' lang='grc' dir='ltr'><em>ἁγνιζόμενον,</em></span> 
     </span>
    </p>
   </div>
   <div class='ocr_carea' id='block_1_86' title="bbox 239 4793 1858 4868">
    <p class='ocr_par' dir='ltr' id='par_1_86' title="bbox 239 4793 1858 4868">
     <span class='ocr_line' id='line_1_86' title="bbox 239 4793 1858 4868; baseline 0 -22"><span class='ocrx_word' id='word_1_603' title='bbox 239 4794 408 4846; x_wconf 68' lang='grc' dir='ltr'><em>αὐτὸν</em></span> <span class='ocrx_word' id='word_1_604' title='bbox 475 4794 543 4844; x_wconf 76' lang='grc' dir='ltr'><strong><em>τα</em></strong></span> <span class='ocrx_word' id='word_1_605' title='bbox 598 4794 768 4845; x_wconf 80' lang='grc' dir='ltr'><em>πάντα</em></span> <span class='ocrx_word' id='word_1_606' title='bbox 828 4793 1115 4863; x_wconf 75' lang='grc' dir='ltr'><em>ἁγιάζοντα</em></span> <span class='ocrx_word' id='word_1_607' title='bbox 1170 4797 1261 4844; x_wconf 80' lang='grc' dir='ltr'><strong><em>καί</em></strong></span> <span class='ocrx_word' id='word_1_608' title='bbox 1317 4798 1648 4868; x_wconf 67' lang='grc' dir='ltr'><em>καταίρονταα</em></span> <span class='ocrx_word' id='word_1_609' title='bbox 1707 4794 1858 4857; x_wconf 67' lang='grc' dir='ltr'><em>αὐτὸς</em></span> 
     </span>
    </p>
   </div>
   <div class='ocr_carea' id='block_1_87' title="bbox 237 4880 1855 4959">
    <p class='ocr_par' dir='ltr' id='par_1_87' title="bbox 237 4880 1855 4959">
     <span class='ocr_line' id='line_1_87' title="bbox 237 4880 1855 4959; baseline -0.002 -22"><span class='ocrx_word' id='word_1_610' title='bbox 237 4888 302 4937; x_wconf 78' lang='grc' dir='ltr'><em>τό</em></span> <span class='ocrx_word' id='word_1_611' title='bbox 334 4880 533 4957; x_wconf 73' lang='grc' dir='ltr'><em>δῶρον,</em></span> <span class='ocrx_word' id='word_1_612' title='bbox 581 4881 730 4943; x_wconf 72' lang='grc' dir='ltr'><em>αὐτὸς</em></span> <span class='ocrx_word' id='word_1_613' title='bbox 761 4883 787 4933; x_wconf 93' lang='lat'><strong><em>6</em></strong></span> <span class='ocrx_word' id='word_1_614' title='bbox 816 4882 1115 4958; x_wconf 79' lang='grc' dir='ltr'><em>ἀρχιερεὺς,</em></span> <span class='ocrx_word' id='word_1_615' title='bbox 1159 4886 1314 4942; x_wconf 79' lang='grc' dir='ltr'><em>αυτὸς</em></span> <span class='ocrx_word' id='word_1_616' title='bbox 1350 4887 1405 4933; x_wconf 86' lang='lat'><strong><em>1&#39;6</em></strong></span> <span class='ocrx_word' id='word_1_617' title='bbox 1457 4886 1855 4959; x_wconf 71' lang='grc' dir='ltr'><em>θυσιαστήριον,</em></span> 
     </span>
    </p>
   </div>
   <div class='ocr_carea' id='block_1_88' title="bbox 234 4971 1859 5049">
    <p class='ocr_par' dir='ltr' id='par_1_88' title="bbox 234 4971 1859 5049">
     <span class='ocr_line' id='line_1_88' title="bbox 234 4971 1859 5049; baseline -0.001 -22"><span class='ocrx_word' id='word_1_618' title='bbox 234 4974 411 5035; x_wconf 72' lang='grc' dir='ltr'><em>αὐτὸς</em></span> <span class='ocrx_word' id='word_1_619' title='bbox 464 4975 524 5023; x_wconf 73' lang='grc' dir='ltr'><em>τό</em></span> <span class='ocrx_word' id='word_1_620' title='bbox 603 4971 923 5045; x_wconf 69' lang='grc' dir='ltr'><em>ἱλαστὰριον,</em></span> <span class='ocrx_word' id='word_1_621' title='bbox 1000 4971 1151 5032; x_wconf 70' lang='grc' dir='ltr'><em>αὐτὸς</em></span> <span class='ocrx_word' id='word_1_622' title='bbox 1217 4974 1243 5023; x_wconf 92' lang='lat'><strong><em>6</em></strong></span> <span class='ocrx_word' id='word_1_623' title='bbox 1312 4976 1639 5049; x_wconf 76' lang='grc' dir='ltr'><em>προσφέρων,</em></span> <span class='ocrx_word' id='word_1_624' title='bbox 1701 4973 1859 5036; x_wconf 70' lang='grc' dir='ltr'><em>αὐτὸς</em></span> 
     </span>
    </p>
   </div>
   <div class='ocr_carea' id='block_1_89' title="bbox 233 5060 1856 5135">
    <p class='ocr_par' dir='ltr' id='par_1_89' title="bbox 233 5060 1856 5135">
     <span class='ocr_line' id='line_1_89' title="bbox 233 5060 1856 5135; baseline 0 -20"><span class='ocrx_word' id='word_1_625' title='bbox 233 5066 265 5115; x_wconf 87' lang='lat'><strong><em>6</em></strong></span> <span class='ocrx_word' id='word_1_626' title='bbox 322 5063 461 5135; x_wconf 78' lang='grc' dir='ltr'><em>ὑπὲρ</em></span> <span class='ocrx_word' id='word_1_627' title='bbox 519 5065 722 5134; x_wconf 77' lang='grc' dir='ltr'><em>κόσμου</em></span> <span class='ocrx_word' id='word_1_628' title='bbox 769 5062 927 5113; x_wconf 87' lang='grc' dir='ltr'><em>θυσία</em></span> <span class='ocrx_word' id='word_1_629' title='bbox 972 5064 1405 5135; x_wconf 80' lang='grc' dir='ltr'><em>προσφερόμενος,</em></span> <span class='ocrx_word' id='word_1_630' title='bbox 1456 5060 1609 5122; x_wconf 72' lang='grc' dir='ltr'><em>αὐτὸς</em></span> <span class='ocrx_word' id='word_1_631' title='bbox 1654 5065 1713 5114; x_wconf 85' lang='lat'><strong>1&#39;6</strong></span> <span class='ocrx_word' id='word_1_632' title='bbox 1751 5082 1856 5135; x_wconf 89' lang='grc' dir='ltr'><strong><em>πυρ</em></strong></span> 
     </span>
    </p>
   </div>
   <div class='ocr_carea' id='block_1_90' title="bbox 315 5221 1435 5291">
    <p class='ocr_par' dir='ltr' id='par_1_90' title="bbox 315 5221 1435 5291">
     <span class='ocr_line' id='line_1_90' title="bbox 315 5221 1435 5291; baseline -0.002 -12"><span class='ocrx_word' id='word_1_633' title='bbox 315 5224 367 5260; x_wconf 77' lang='grc'><strong><em>³⁸</em></strong></span> <span class='ocrx_word' id='word_1_634' title='bbox 402 5221 561 5279; x_wconf 86' lang='lat' dir='ltr'><strong><em>Psal.</em></strong></span> <span class='ocrx_word' id='word_1_635' title='bbox 585 5237 776 5291; x_wconf 75' lang='lat' dir='ltr'><strong><em>cxrm,</em></strong></span> <span class='ocrx_word' id='word_1_636' title='bbox 810 5221 932 5277; x_wconf 85' lang='grc'><strong><em>173.</em></strong></span> <span class='ocrx_word' id='word_1_637' title='bbox 1011 5222 1056 5257; x_wconf 79' lang='grc'><strong><em>¹⁰</em></strong></span> <span class='ocrx_word' id='word_1_638' title='bbox 1092 5223 1209 5277; x_wconf 83' lang='lat' dir='ltr'><strong><em>Luc</em></strong></span> <span class='ocrx_word' id='word_1_639' title='bbox 1233 5237 1312 5286; x_wconf 75' lang='lat' dir='ltr'><strong><em>XI,</em></strong></span> <span class='ocrx_word' id='word_1_640' title='bbox 1343 5225 1435 5277; x_wconf 82' lang='grc'><strong><em>20.</em></strong></span> 
     </span>
    </p>
   </div>
   <div class='ocr_carea' id='block_1_91' title="bbox 310 5363 1090 5426">
    <p class='ocr_par' dir='ltr' id='par_1_91' title="bbox 310 5363 1090 5426">
     <span class='ocr_line' id='line_1_91' title="bbox 310 5363 1090 5426; baseline 0.006 -6"><span class='ocrx_word' id='word_1_641' title='bbox 310 5380 342 5413; x_wconf 75' lang='lat' dir='ltr'><strong><em>c</em></strong></span> <span class='ocrx_word' id='word_1_642' title='bbox 367 5366 551 5423; x_wconf 88' lang='lat' dir='ltr'><strong><em>Deest</em></strong></span> <span class='ocrx_word' id='word_1_643' title='bbox 570 5365 633 5425; x_wconf 87' lang='lat' dir='ltr'><strong><em>in</em></strong></span> <span class='ocrx_word' id='word_1_644' title='bbox 662 5364 807 5422; x_wconf 87' lang='lat' dir='ltr'><strong><em>edit.</em></strong></span> <span class='ocrx_word' id='word_1_645' title='bbox 837 5383 930 5417; x_wconf 87' lang='grc' dir='ltr'><strong><em>του</em></strong></span> <span class='ocrx_word' id='word_1_646' title='bbox 960 5363 1090 5426; x_wconf 81' lang='grc' dir='ltr'><em>ἐνὸς.</em></span> 
     </span>
    </p>
   </div>
   <div class='ocr_carea' id='block_1_92' title="bbox 1510 5223 2022 5280">
    <p class='ocr_par' dir='ltr' id='par_1_92' title="bbox 1510 5223 2022 5280">
     <span class='ocr_line' id='line_1_92' title="bbox 1510 5223 2022 5280; baseline -0.004 0"><span class='ocrx_word' id='word_1_647' title='bbox 1510 5224 1558 5258; x_wconf 82' lang='grc'><strong><em>²⁰</em></strong></span> <span class='ocrx_word' id='word_1_648' title='bbox 1579 5223 1779 5280; x_wconf 79' lang='lat' dir='ltr'><strong><em>Matth.</em></strong></span> <span class='ocrx_word' id='word_1_649' title='bbox 1807 5238 1904 5278; x_wconf 85' lang='lat' dir='ltr'><strong><em>xu.</em></strong></span> <span class='ocrx_word' id='word_1_650' title='bbox 1932 5224 2022 5278; x_wconf 84' lang='lat'><strong><em>28.</em></strong></span> 
     </span>
    </p>
   </div>
   <div class='ocr_carea' id='block_1_93' title="bbox 1969 4072 2730 4132">
    <p class='ocr_par' dir='ltr' id='par_1_93' title="bbox 1969 4072 2730 4132">
     <span class='ocr_line' id='line_1_93' title="bbox 1969 4072 2730 4132; baseline -0.003 0"><span class='ocrx_word' id='word_1_651' title='bbox 1969 4075 2043 4132; x_wconf 93' lang='lat' dir='ltr'><strong><em>de</em></strong></span> <span class='ocrx_word' id='word_1_652' title='bbox 2075 4073 2398 4131; x_wconf 88' lang='lat' dir='ltr'><strong><em>venerabili</em></strong></span> <span class='ocrx_word' id='word_1_653' title='bbox 2428 4072 2730 4130; x_wconf 89' lang='lat' dir='ltr'><strong><em>Trinitate.</em></strong></span> 
     </span>
    </p>
   </div>
   <div class='ocr_carea' id='block_1_94' title="bbox 1967 4161 3624 4235">
    <p class='ocr_par' dir='ltr' id='par_1_94' title="bbox 1967 4161 3624 4235">
     <span class='ocr_line' id='line_1_94' title="bbox 1967 4161 3624 4235; baseline -0.002 -14"><span class='ocrx_word' id='word_1_654' title='bbox 1967 4165 2177 4222; x_wconf 84' lang='lat' dir='ltr'><strong><em>Sancti</em></strong></span> <span class='ocrx_word' id='word_1_655' title='bbox 2204 4164 2421 4235; x_wconf 81' lang='lat' dir='ltr'><strong><em>Cyritli</em></strong></span> <span class='ocrx_word' id='word_1_656' title='bbox 2445 4163 2981 4233; x_wconf 83' lang='lat' dir='ltr'><strong><em>Hierosolymitani</em></strong></span> <span class='ocrx_word' id='word_1_657' title='bbox 2997 4176 3073 4219; x_wconf 75' lang='lat' dir='ltr'><strong><em>ex</em></strong></span> <span class='ocrx_word' id='word_1_658' title='bbox 3087 4176 3356 4218; x_wconf 83' lang='lat' dir='ltr'><strong><em>sermone</em></strong></span> <span class='ocrx_word' id='word_1_659' title='bbox 3379 4161 3445 4217; x_wconf 88' lang='lat' dir='ltr'><strong><em>in</em></strong></span> <span class='ocrx_word' id='word_1_660' title='bbox 3469 4161 3624 4230; x_wconf 82' lang='lat' dir='ltr'><strong><em>festo</em></strong></span> 
     </span>
    </p>
   </div>
   <div class='ocr_carea' id='block_1_95' title="bbox 2040 4249 3627 4322">
    <p class='ocr_par' dir='ltr' id='par_1_95' title="bbox 2040 4249 3627 4322">
     <span class='ocr_line' id='line_1_95' title="bbox 2040 4249 3627 4322; baseline -0.003 -11"><span class='ocrx_word' id='word_1_661' title='bbox 2040 4254 2114 4311; x_wconf 85' lang='lat' dir='ltr'><strong><em>de</em></strong></span> <span class='ocrx_word' id='word_1_662' title='bbox 2140 4267 2390 4310; x_wconf 84' lang='lat' dir='ltr'><strong><em>occursu</em></strong></span> <span class='ocrx_word' id='word_1_663' title='bbox 2421 4252 2683 4319; x_wconf 88' lang='lat' dir='ltr'><strong><em>Domini,</em></strong></span> <span class='ocrx_word' id='word_1_664' title='bbox 2724 4252 2898 4322; x_wconf 86' lang='lat' dir='ltr'><strong><em>cujus</em></strong></span> <span class='ocrx_word' id='word_1_665' title='bbox 2933 4256 3017 4307; x_wconf 84' lang='lat' dir='ltr'><strong><em>est</em></strong></span> <span class='ocrx_word' id='word_1_666' title='bbox 3044 4251 3319 4307; x_wconf 86' lang='lat' dir='ltr'><strong><em>initium:</em></strong></span> <span class='ocrx_word' id='word_1_667' title='bbox 3356 4271 3385 4300; x_wconf 87' lang='grc'><strong><em>‹‹</em></strong></span> <span class='ocrx_word' id='word_1_668' title='bbox 3417 4249 3627 4307; x_wconf 85' lang='lat' dir='ltr'><strong><em>Gaude</em></strong></span> 
     </span>
    </p>
   </div>
   <div class='ocr_carea' id='block_1_96' title="bbox 2037 4355 2470 4413">
    <p class='ocr_par' dir='ltr' id='par_1_96' title="bbox 2037 4355 2470 4413">
     <span class='ocr_line' id='line_1_96' title="bbox 2037 4355 2470 4413; baseline -0.021 -15"><span class='ocrx_word' id='word_1_669' title='bbox 2037 4355 2408 4413; x_wconf 81' lang='lat' dir='ltr'><strong><em>magnopere.</em></strong></span> <span class='ocrx_word' id='word_1_670' title='bbox 2442 4361 2470 4390; x_wconf 88' lang='grc'><strong>››</strong></span> 
     </span>
    </p>
   </div>
   <div class='ocr_carea' id='block_1_97' title="bbox 2036 4427 3625 4501">
    <p class='ocr_par' dir='ltr' id='par_1_97' title="bbox 2036 4427 3625 4501">
     <span class='ocr_line' id='line_1_97' title="bbox 2036 4427 3625 4501; baseline -0.003 -13"><span class='ocrx_word' id='word_1_671' title='bbox 2036 4432 2334 4489; x_wconf 87' lang='lat' dir='ltr'><strong><em>Infantem</em></strong></span> <span class='ocrx_word' id='word_1_672' title='bbox 2370 4429 2568 4497; x_wconf 83' lang='lat' dir='ltr'><strong><em>video,</em></strong></span> <span class='ocrx_word' id='word_1_673' title='bbox 2609 4430 2716 4501; x_wconf 90' lang='lat' dir='ltr'><strong><em>qui</em></strong></span> <span class='ocrx_word' id='word_1_674' title='bbox 2755 4427 3014 4500; x_wconf 84' lang='lat' dir='ltr'><strong><em>legalem</em></strong></span> <span class='ocrx_word' id='word_1_675' title='bbox 3058 4428 3123 4485; x_wconf 92' lang='lat' dir='ltr'><strong><em>in</em></strong></span> <span class='ocrx_word' id='word_1_676' title='bbox 3151 4427 3321 4484; x_wconf 89' lang='lat' dir='ltr'><strong><em>terris</em></strong></span> <span class='ocrx_word' id='word_1_677' title='bbox 3360 4427 3625 4485; x_wconf 89' lang='lat' dir='ltr'><strong><em>hostiam</em></strong></span> 
     </span>
    </p>
   </div>
   <div class='ocr_carea' id='block_1_98' title="bbox 1964 4513 3623 4590">
    <p class='ocr_par' dir='ltr' id='par_1_98' title="bbox 1964 4513 3623 4590">
     <span class='ocr_line' id='line_1_98' title="bbox 1964 4513 3623 4590; baseline -0.004 -14"><span class='ocrx_word' id='word_1_678' title='bbox 1964 4519 2172 4586; x_wconf 79' lang='lat' dir='ltr'><strong><em>offert;</em></strong></span> <span class='ocrx_word' id='word_1_679' title='bbox 2207 4518 2313 4574; x_wconf 91' lang='lat' dir='ltr'><strong><em>sed</em></strong></span> <span class='ocrx_word' id='word_1_680' title='bbox 2341 4517 2505 4574; x_wconf 90' lang='lat' dir='ltr'><strong><em>hunc</em></strong></span> <span class='ocrx_word' id='word_1_681' title='bbox 2528 4521 2731 4590; x_wconf 90' lang='lat' dir='ltr'><strong><em>ipsum</em></strong></span> <span class='ocrx_word' id='word_1_682' title='bbox 2759 4517 3035 4572; x_wconf 90' lang='lat' dir='ltr'><strong><em>omnium</em></strong></span> <span class='ocrx_word' id='word_1_683' title='bbox 3064 4516 3196 4589; x_wconf 86' lang='lat' dir='ltr'><strong><em>pias</em></strong></span> <span class='ocrx_word' id='word_1_684' title='bbox 3211 4513 3541 4571; x_wconf 85' lang='lat' dir='ltr'><strong><em>oblationes</em></strong></span> <span class='ocrx_word' id='word_1_685' title='bbox 3558 4515 3623 4570; x_wconf 90' lang='lat' dir='ltr'><strong><em>in</em></strong></span> 
     </span>
    </p>
   </div>
   <div class='ocr_carea' id='block_1_99' title="bbox 1965 4602 3621 4680">
    <p class='ocr_par' dir='ltr' id='par_1_99' title="bbox 1965 4602 3621 4680">
     <span class='ocr_line' id='line_1_99' title="bbox 1965 4602 3621 4680; baseline -0.004 -14"><span class='ocrx_word' id='word_1_686' title='bbox 1965 4608 2130 4666; x_wconf 69' lang='lat' dir='ltr'><strong><em>caelis</em></strong></span> <span class='ocrx_word' id='word_1_687' title='bbox 2177 4607 2584 4680; x_wconf 81' lang='lat' dir='ltr'><strong><em>recipientem,</em></strong></span> <span class='ocrx_word' id='word_1_688' title='bbox 2632 4604 2915 4661; x_wconf 91' lang='lat' dir='ltr'><strong><em>eumdem</em></strong></span> <span class='ocrx_word' id='word_1_689' title='bbox 2949 4604 3011 4661; x_wconf 92' lang='lat' dir='ltr'><strong><em>in</em></strong></span> <span class='ocrx_word' id='word_1_690' title='bbox 3041 4602 3365 4660; x_wconf 88' lang='lat' dir='ltr'><strong><em>cherubico</em></strong></span> <span class='ocrx_word' id='word_1_691' title='bbox 3401 4603 3621 4660; x_wconf 89' lang='lat' dir='ltr'><strong><em>throno</em></strong></span> 
     </span>
    </p>
   </div>
   <div class='ocr_carea' id='block_1_100' title="bbox 1965 4694 3623 4770">
    <p class='ocr_par' dir='ltr' id='par_1_100' title="bbox 1965 4694 3623 4770">
     <span class='ocr_line' id='line_1_100' title="bbox 1965 4694 3623 4770; baseline -0.004 -15"><span class='ocrx_word' id='word_1_692' title='bbox 1965 4698 2289 4770; x_wconf 82' lang='lat' dir='ltr'><strong><em>magniﬁce</em></strong></span> <span class='ocrx_word' id='word_1_693' title='bbox 2315 4695 2700 4762; x_wconf 88' lang='lat' dir='ltr'><strong><em>residentem,</em></strong></span> <span class='ocrx_word' id='word_1_694' title='bbox 2727 4694 3013 4751; x_wconf 92' lang='lat' dir='ltr'><strong><em>eumdem</em></strong></span> <span class='ocrx_word' id='word_1_695' title='bbox 3033 4694 3306 4750; x_wconf 87' lang='lat' dir='ltr'><strong><em>oblatum</em></strong></span> <span class='ocrx_word' id='word_1_696' title='bbox 3326 4697 3384 4750; x_wconf 90' lang='lat' dir='ltr'><strong><em>et</em></strong></span> <span class='ocrx_word' id='word_1_697' title='bbox 3407 4694 3623 4750; x_wconf 89' lang='lat' dir='ltr'><strong><em>sancti-</em></strong></span> 
     </span>
    </p>
   </div>
   <div class='ocr_carea' id='block_1_101' title="bbox 1963 4784 3623 4857">
    <p class='ocr_par' dir='ltr' id='par_1_101' title="bbox 1963 4784 3623 4857">
     <span class='ocr_line' id='line_1_101' title="bbox 1963 4784 3623 4857; baseline -0.004 -11"><span class='ocrx_word' id='word_1_698' title='bbox 1963 4790 2232 4857; x_wconf 89' lang='lat' dir='ltr'><strong><em>ﬁcatum,</em></strong></span> <span class='ocrx_word' id='word_1_699' title='bbox 2251 4786 2536 4843; x_wconf 89' lang='lat' dir='ltr'><strong><em>eumdem</em></strong></span> <span class='ocrx_word' id='word_1_700' title='bbox 2562 4784 2770 4842; x_wconf 88' lang='lat' dir='ltr'><strong><em>omnia</em></strong></span> <span class='ocrx_word' id='word_1_701' title='bbox 2792 4784 3268 4841; x_wconf 87' lang='lat' dir='ltr'><strong><em>sanctiﬁcantem</em></strong></span> <span class='ocrx_word' id='word_1_702' title='bbox 3285 4788 3343 4840; x_wconf 85' lang='lat' dir='ltr'><strong><em>et</em></strong></span> <span class='ocrx_word' id='word_1_703' title='bbox 3358 4798 3623 4857; x_wconf 80' lang='lat' dir='ltr'><strong><em>purgan-</em></strong></span> 
     </span>
    </p>
   </div>
   <div class='ocr_carea' id='block_1_102' title="bbox 1965 4871 3623 4950">
    <p class='ocr_par' dir='ltr' id='par_1_102' title="bbox 1965 4871 3623 4950">
     <span class='ocr_line' id='line_1_102' title="bbox 1965 4871 3623 4950; baseline -0.005 -15"><span class='ocrx_word' id='word_1_704' title='bbox 1965 4886 2105 4936; x_wconf 89' lang='lat' dir='ltr'><strong><em>tem.</em></strong></span> <span class='ocrx_word' id='word_1_705' title='bbox 2138 4881 2270 4950; x_wconf 89' lang='lat' dir='ltr'><strong><em>Ipse</em></strong></span> <span class='ocrx_word' id='word_1_706' title='bbox 2297 4875 2526 4932; x_wconf 91' lang='lat' dir='ltr'><strong><em>donum</em></strong></span> <span class='ocrx_word' id='word_1_707' title='bbox 2571 4877 2678 4946; x_wconf 88' lang='lat' dir='ltr'><strong><em>est,</em></strong></span> <span class='ocrx_word' id='word_1_708' title='bbox 2706 4874 2835 4947; x_wconf 88' lang='lat' dir='ltr'><strong><em>ipse</em></strong></span> <span class='ocrx_word' id='word_1_709' title='bbox 2864 4872 3151 4947; x_wconf 84' lang='lat' dir='ltr'><strong><em>pontifex,</em></strong></span> <span class='ocrx_word' id='word_1_710' title='bbox 3187 4871 3317 4945; x_wconf 89' lang='lat' dir='ltr'><strong><em>ipse</em></strong></span> <span class='ocrx_word' id='word_1_711' title='bbox 3336 4871 3623 4945; x_wconf 88' lang='lat' dir='ltr'><strong><em>propitia-</em></strong></span> 
     </span>
    </p>
   </div>
   <div class='ocr_carea' id='block_1_103' title="bbox 1964 4959 3620 5037">
    <p class='ocr_par' dir='ltr' id='par_1_103' title="bbox 1964 4959 3620 5037">
     <span class='ocr_line' id='line_1_103' title="bbox 1964 4959 3620 5037; baseline -0.007 -11"><span class='ocrx_word' id='word_1_712' title='bbox 1964 4968 2211 5034; x_wconf 89' lang='lat' dir='ltr'><strong><em>torium,</em></strong></span> <span class='ocrx_word' id='word_1_713' title='bbox 2259 4965 2389 5037; x_wconf 90' lang='lat' dir='ltr'><strong><em>ipse</em></strong></span> <span class='ocrx_word' id='word_1_714' title='bbox 2432 4963 2710 5030; x_wconf 80' lang='lat' dir='ltr'><strong><em>offerens,</em></strong></span> <span class='ocrx_word' id='word_1_715' title='bbox 2754 4962 2885 5035; x_wconf 89' lang='lat' dir='ltr'><strong><em>ipse</em></strong></span> <span class='ocrx_word' id='word_1_716' title='bbox 2929 4961 3177 5018; x_wconf 87' lang='lat' dir='ltr'><strong><em>victima</em></strong></span> <span class='ocrx_word' id='word_1_717' title='bbox 3225 4976 3336 5034; x_wconf 89' lang='lat' dir='ltr'><strong><em>pro</em></strong></span> <span class='ocrx_word' id='word_1_718' title='bbox 3388 4959 3620 5015; x_wconf 92' lang='lat' dir='ltr'><strong><em>mundo</em></strong></span> 
     </span>
    </p>
   </div>
   <div class='ocr_carea' id='block_1_104' title="bbox 1966 5048 3621 5129">
    <p class='ocr_par' dir='ltr' id='par_1_104' title="bbox 1966 5048 3621 5129">
     <span class='ocr_line' id='line_1_104' title="bbox 1966 5048 3621 5129; baseline -0.007 -14"><span class='ocrx_word' id='word_1_719' title='bbox 1966 5057 2189 5125; x_wconf 88' lang='lat' dir='ltr'><strong><em>oblata,</em></strong></span> <span class='ocrx_word' id='word_1_720' title='bbox 2216 5055 2344 5128; x_wconf 90' lang='lat' dir='ltr'><strong><em>ipse</em></strong></span> <span class='ocrx_word' id='word_1_721' title='bbox 2373 5052 2551 5126; x_wconf 84' lang='lat' dir='ltr'><strong><em>ignis,</em></strong></span> <span class='ocrx_word' id='word_1_722' title='bbox 2582 5052 2712 5125; x_wconf 89' lang='lat' dir='ltr'><strong><em>ipse</em></strong></span> <span class='ocrx_word' id='word_1_723' title='bbox 2751 5050 3199 5119; x_wconf 88' lang='lat' dir='ltr'><strong><em>holocaustum,</em></strong></span> <span class='ocrx_word' id='word_1_724' title='bbox 3228 5048 3357 5129; x_wconf 87' lang='lat' dir='ltr'><strong><em>ipse</em></strong></span> <span class='ocrx_word' id='word_1_725' title='bbox 3383 5048 3621 5127; x_wconf 84' lang='lat' dir='ltr'><strong><em>lignum</em></strong></span> 
     </span>
    </p>
   </div>
   <div class='ocr_carea' id='block_1_105' title="bbox 2099 5218 2732 5283">
    <p class='ocr_par' dir='ltr' id='par_1_105' title="bbox 2099 5218 2732 5283">
     <span class='ocr_line' id='line_1_105' title="bbox 2099 5218 2732 5283; baseline -0.006 -7"><span class='ocrx_word' id='word_1_726' title='bbox 2099 5221 2145 5256; x_wconf 77' lang='grc'>²¹</span> <span class='ocrx_word' id='word_1_727' title='bbox 2174 5218 2330 5275; x_wconf 89' lang='lat' dir='ltr'><strong><em>Psal.</em></strong></span> <span class='ocrx_word' id='word_1_728' title='bbox 2358 5230 2651 5283; x_wconf 78' lang='lat' dir='ltr'><strong><em>Lxxxxvn,</em></strong></span> <span class='ocrx_word' id='word_1_729' title='bbox 2682 5218 2732 5272; x_wconf 84' lang='grc'><strong>1.</strong></span> 
     </span>
    </p>
   </div>
   <div class='ocr_carea' id='block_1_106' title="bbox 320 5506 2203 5585">
    <p class='ocr_par' dir='ltr' id='par_1_106' title="bbox 320 5506 2203 5585">
     <span class='ocr_line' id='line_1_106' title="bbox 320 5506 2203 5585; baseline -0.002 -19"><span class='ocrx_word' id='word_1_730' title='bbox 320 5509 426 5585; x_wconf 77' lang='grc'><strong><em>(15</em></strong></span> <span class='ocrx_word' id='word_1_731' title='bbox 467 5510 547 5565; x_wconf 89' lang='lat' dir='ltr'><strong><em>De</em></strong></span> <span class='ocrx_word' id='word_1_732' title='bbox 569 5509 757 5581; x_wconf 85' lang='lat' dir='ltr'><strong><em>hujus</em></strong></span> <span class='ocrx_word' id='word_1_733' title='bbox 791 5507 993 5579; x_wconf 89' lang='lat' dir='ltr'><strong><em>operis</em></strong></span> <span class='ocrx_word' id='word_1_734' title='bbox 1018 5506 1191 5564; x_wconf 89' lang='lat' dir='ltr'><strong><em>titulo</em></strong></span> <span class='ocrx_word' id='word_1_735' title='bbox 1236 5506 1408 5573; x_wconf 88' lang='lat' dir='ltr'><strong><em>alibi,</em></strong></span> <span class='ocrx_word' id='word_1_736' title='bbox 1439 5511 1504 5564; x_wconf 89' lang='lat' dir='ltr'><strong><em>ut</em></strong></span> <span class='ocrx_word' id='word_1_737' title='bbox 1530 5512 1697 5580; x_wconf 91' lang='lat' dir='ltr'><strong><em>puto,</em></strong></span> <span class='ocrx_word' id='word_1_738' title='bbox 1725 5507 1940 5565; x_wconf 89' lang='lat' dir='ltr'><strong><em>dicturi</em></strong></span> <span class='ocrx_word' id='word_1_739' title='bbox 1971 5521 2203 5563; x_wconf 90' lang='lat' dir='ltr'><strong><em>sumus.</em></strong></span> 
     </span>
    </p>
   </div>
   <div class='ocr_carea' id='block_1_107' title="bbox 312 5595 1640 5679">
    <p class='ocr_par' dir='ltr' id='par_1_107' title="bbox 312 5595 1640 5679">
     <span class='ocr_line' id='line_1_107' title="bbox 312 5595 1640 5679; baseline -0.002 -24"><span class='ocrx_word' id='word_1_740' title='bbox 312 5600 462 5674; x_wconf 86' lang='grc'><strong><em>(16).</em></strong></span> <span class='ocrx_word' id='word_1_741' title='bbox 504 5599 656 5657; x_wconf 86' lang='lat' dir='ltr'><strong><em>Edit.</em></strong></span> <span class='ocrx_word' id='word_1_742' title='bbox 681 5595 954 5664; x_wconf 83' lang='lat' dir='ltr'><strong><em>Auberti,</em></strong></span> <span class='ocrx_word' id='word_1_743' title='bbox 984 5601 1025 5653; x_wconf 91' lang='lat' dir='ltr'><strong><em>t.</em></strong></span> <span class='ocrx_word' id='word_1_744' title='bbox 1050 5597 1115 5667; x_wconf 88' lang='lat' dir='ltr'><strong><em>v,</em></strong></span> <span class='ocrx_word' id='word_1_745' title='bbox 1146 5599 1296 5668; x_wconf 85' lang='lat' dir='ltr'><strong><em>part.</em></strong></span> <span class='ocrx_word' id='word_1_746' title='bbox 1324 5596 1395 5669; x_wconf 88' lang='lat' dir='ltr'><strong><em>II,</em></strong></span> <span class='ocrx_word' id='word_1_747' title='bbox 1426 5611 1489 5669; x_wconf 94' lang='lat' dir='ltr'><strong><em>p.</em></strong></span> <span class='ocrx_word' id='word_1_748' title='bbox 1516 5600 1640 5679; x_wconf 78' lang='lat' dir='ltr'><strong><em>37s.</em></strong></span> 
     </span>
    </p>
   </div>
  </div>
