4148 6394
504 313 605 370 167

1832 297 2106 360 ΝΙΟΕΤΛΕ
2143 298 2525 361 CHONIATE

3774 305 3876 361 168

505 436 635 492 vitae
666 439 723 492 et
747 431 1030 500 scientias,
1060 431 1190 504 ipse
1216 444 1439 502 agnus,
1459 427 1590 503 ipse
1615 426 1854 501 gladius
1883 427 2162 501 Spiritus,

2281 429 2548 503 ὗπάρχων,
2581 426 2740 491 αὐτός
2776 424 3146 494 ὀλοκαὺτωσις,
3178 424 3331 489 αὐτός
3368 427 3435 480 τὰ
3464 426 3592 491 ξύλα
3612 434 3707 491 τῆς
3734 427 3879 491 ζωῆς

503 527 631 600 ipse
668 528 897 599 pastor,
923 522 1055 596 ipse
1093 520 1431 592 agniculus,
1465 519 1595 593 ipse
1624 518 2007 587 sacriﬁcator,
2034 518 2165 592 ipse

503 615 619 684 lex,
650 615 780 689 ipse
808 611 1072 685 denique
1096 611 1291 684 legem
1319 609 1592 685 implens.

508 885 713 943 Sancti
741 882 968 954 Cyrilti
999 879 1418 937 Alexandrini
1451 892 1527 936 ea:
1544 877 1850 935 duodecim
1881 875 2166 948 capitulis

945 971 1233 1028 adversus
1271 968 1726 1026 Theodoretum.

580 1066 730 1121 Cum
760 1065 963 1118 autem
988 1060 1184 1116 factus
1216 1064 1304 1115 est
1331 1058 1539 1126 homo,
1573 1055 1904 1113 sacerdotis
1924 1070 2169 1129 quoque

510 1153 694 1225 gessit
725 1148 1202 1219 ofﬁcium,haud
1235 1163 1380 1204 sane
1402 1152 1466 1204 ut
1496 1148 1615 1203 Deo
1640 1151 1933 1219 tanquam
1956 1143 2167 1217 majori

508 1260 637 1300 rem
669 1256 905 1298 sacrum
946 1239 1187 1306 faceret,
1223 1237 1331 1293 sed
1363 1242 1427 1292 ut
1465 1242 1521 1293 et
1551 1236 1662 1291 sibi
1693 1241 1748 1291 et
1771 1234 1925 1291 Patri
1948 1239 2167 1290 nostrae

509 1331 652 1389 ﬁdei
682 1329 1118 1387 confessionem
1151 1326 1477 1383 exhiberet.
1502 1326 1687 1381 Pudet
1718 1329 1770 1380 te
1801 1323 2169 1391 audientem,

510 1419 679 1493 quod
718 1416 1001 1474 sacerdos
1033 1416 1208 1471 fuerit
1236 1419 1537 1488 quatenus
1554 1414 1786 1471 homo?
1814 1415 1928 1470 Cur
1953 1411 2172 1468 deinde

510 1524 635 1565 non
694 1506 949 1571 miraris,
998 1504 1167 1578 quod
1211 1520 1336 1561 non
1385 1507 1734 1560 czeterorum
1784 1505 2171 1558 sacerdotum

511 1611 680 1654 more
705 1593 1023 1661 sacriﬁcat,
1046 1592 1154 1648 sed
1176 1592 1297 1648 sibi
1319 1591 1439 1665 ipsi
1465 1592 1664 1665 potius
1694 1606 1766 1648 ac
1796 1590 1991 1647 Patri?

795 1771 1084 1843 Ejusdem
1115 1785 1190 1827 ea:
1222 1784 1492 1826 sermone
1520 1769 1602 1826 ad
1619 1769 1881 1841 reginas.

583 1882 718 1955 Ipse
748 1880 926 1950 igitur
954 1877 1063 1935 fuit
1089 1878 1369 1934 sacerdos
1406 1881 1709 1951 quatenus
1737 1877 1944 1947 homo,
1970 1891 2171 1950 quan-

511 1988 695 2046 quam
710 1970 982 2027 omnium
1006 1968 1344 2042 excipiebat
1363 1968 1653 2026 sacriﬁcia
1673 1972 1973 2041 quatenus
1995 1971 2171 2025 Deus.

514 2063 646 2136 Ipse
675 2060 878 2118 hostia
921 2057 1257 2115 secundum
1290 2074 1555 2129 carnem,
1604 2058 1888 2133 idemque
1926 2064 2174 2132 peccata

515 2155 726 2209 nostra
756 2147 1115 2207 condonans
1144 2162 1256 2220 pro
1286 2147 1521 2204 deitatis
1548 2164 1671 2204 suae
1709 2152 2022 2221 potestate.

623 2363 907 2436 Ejusdem
937 2377 1012 2421 ea:
1043 2362 1170 2419 loco
1201 2361 1306 2418 ubi
1340 2361 1413 2419 de
1445 2361 1777 2420 obedientia
1817 2358 2066 2419 Christi.

588 2486 1010 2565 Abimadverte
1037 2504 1348 2579 quomodo
1369 2504 1769 2563 sacerdotium
1792 2505 1943 2575 gerit
1961 2503 2046 2561 uti
2063 2502 2176 2560 ho-

517 2614 640 2672 mo,
693 2598 878 2671 ﬁtque
921 2595 1215 2652 mediator
1253 2596 1356 2651 Dei
1406 2600 1465 2652 et
1507 2595 1847 2651 hominum.
1901 2592 2176 2666 Cujusvis

517 2689 678 2745 enim
710 2685 1037 2743 sacerdotis
1066 2690 1157 2742 est
1197 2684 1582 2741 intercedere.
1617 2683 2050 2741 Verumtamen
2082 2698 2176 2740 sa-

516 2775 810 2833 criﬁcium
836 2774 999 2831 haud
1030 2773 1133 2830 illa
1156 2774 1405 2845 ratione,
1439 2790 1564 2847 qua
1590 2772 1785 2830 caeteri
1807 2772 2170 2844 sacerdotes,

510 2866 574 2923 id
603 2870 691 2922 est
722 2863 1010 2921 serviliter
1041 2863 1249 2933 offert;
1297 2863 1378 2920 ita
1407 2867 1473 2919 ut
1496 2862 1644 2919 nihil
1673 2878 1745 2919 ex
1776 2862 2070 2920 sacriﬁcio
2095 2861 2174 2918 ad

509 2955 713 3029 ipsum
759 2953 1093 3010 redundet:
1144 2952 1251 3008 sed
1310 2951 1423 3007 sibi
1480 2956 1784 3025 operatur,
1835 2956 1893 3008 et
1943 2966 2049 3024 per
2107 2966 2172 3007 se
2209 2935 2249 2990 C

510 3046 731 3118 ipsum,
783 3048 964 3116 atque
1002 3042 1065 3098 in
1092 3056 1243 3112 ,sese
1287 3043 1407 3097 Deo
1447 3044 1506 3096 et
1534 3041 1708 3097 Patri.
1743 3043 1809 3097 Et
1830 3042 2046 3111 paucis
2083 3042 2174 3097 in-

512 3133 773 3206 teriectis
800 3149 813 3186 :
847 3131 1028 3202 Igitur
1056 3129 1297 3186 etiamsi
1336 3128 1675 3186 sacriﬁcare
1702 3129 2040 3186 secundum
2065 3130 2172 3186 hu-

510 3237 759 3281 manam
788 3225 1070 3277 naturam
1099 3218 1339 3285 dicitur,
1376 3217 1564 3274 nihilo
1604 3223 1806 3276 tamen
1839 3220 2039 3275 minus
2067 3220 2176 3277 ho-

512 3311 689 3367 stiam
714 3308 973 3381 ipsemet
998 3305 1251 3378 suscipit
1287 3311 1588 3379 quatenus
1617 3308 1811 3375 Deus;
1838 3306 2000 3364 idem
2022 3306 2172 3365 scili-

512 3403 603 3457 cet
633 3402 788 3455 Deus
822 3396 1208 3469 simulatque
1234 3395 1441 3453 homo.

583 3490 684 3547 Ex
713 3486 1199 3557 tetraevangelio.
1229 3486 1641 3556 interpretatio
1668 3485 2102 3559 archiepiscopi

1176 3576 1505 3646 Bulgaria.

586 3669 775 3724 Lucas
843 3668 1045 3722 autem
1112 3663 1211 3732 ait,
1272 3664 1334 3721 id
1390 3657 1636 3737 quoque
1696 3665 1917 3723 dixisse
1972 3666 2169 3724 Domi-

518 3771 703 3814 num:
756 3754 884 3810 Hoc
920 3755 1110 3824 facile
1142 3755 1207 3810 in
1249 3769 1438 3811 meam
1468 3759 2071 3814 commemorationem
2100 3757 2166 3811 ”.

517 3849 657 3912 Hoc,
704 3844 916 3917 inquit,
976 3848 1065 3901 est
1109 3859 1339 3900 novum
1383 3844 1785 3916 mysterium;
1839 3845 1987 3901 illud
2031 3860 2171 3903 vero

514 3942 706 3995 vetus.
766 3938 833 3993 Et
899 3934 1043 3991 illud
1105 3933 1354 4008 quidem
1421 3933 1501 3990 ob
1566 3935 1924 3992 memoriam
1988 3935 2175 3993 ﬁebat

514 4031 890 4084 servatorum
920 4026 981 4082 in
1009 4025 1267 4097 Aigypto
1290 4022 1718 4081 Hebraicorum
1747 4025 2173 4097 primogenita-

513 4132 672 4186 rum,
695 4121 753 4173 et
783 4116 941 4172 illius
971 4129 1155 4186 quam
1185 4112 1374 4169 Judaei
1417 4112 1621 4186 adepti
1661 4118 1804 4171 sunt
1844 4113 2170 4184 libertatis;

2271 522 2360 570 καί
2388 526 2480 579 τῆς
2504 521 2759 589 γνώσεως,
2792 516 2948 579 αὐτός
2973 518 2999 569 ὁ
3031 515 3211 590 ἇμνός,
3242 516 3394 577 αὐτός
3433 518 3462 576 η
3501 519 3750 592 μάχαιρα
3782 535 3875 570 του

2272 609 2589 680 Πνεύματος,
2623 606 2780 669 αὐτός
2806 607 2832 659 ό
2870 598 3088 679 ποιμὴν,
3135 605 3293 667 αὐτός
3322 610 3379 658 τό
3419 604 3613 680 ἀρνίον,
3656 606 3811 668 αὐτός
3850 607 3878 659 ὁ

2275 697 2450 764 θύτης,
2491 695 2643 757 αὑτός
2681 697 2707 748 ό
2745 700 2917 769 νόμος,
2958 700 3046 748 καί
3073 694 3224 756 αὐτός
3262 699 3288 748 ό
3333 698 3418 748 τόν
3447 699 3601 769 νόμον
3630 695 3871 770 πληρῶν.

2268 878 2375 925 Τοῦ
2436 871 2591 945 ἁγίου
2638 870 2893 949 Κυρίλλου
2962 867 3347 948 Ἀλεξανδρείας
3384 871 3441 927 ἐκ
3488 880 3589 926 τῶν
3642 871 3713 947 ιβ’
3759 891 3878 945 κεφ,

2736 971 2837 1015 τῶν
2872 964 3011 1015 κατὰ
3049 959 3411 1038 Θεοδωρήτου.

2348 1050 2490 1105 Ἐπεὶ
2511 1048 2571 1104 δε
2596 1055 2800 1124 γέγονεν
2838 1052 3130 1127 ἅνθρωπος,
3171 1055 3535 1126 κεχρημάτικε
3571 1057 3663 1107 καὶ
3695 1055 3882 1128 ἱερεὺς,

2277 1141 2382 1215 οὐχ
2414 1143 2482 1205 ὣς
2522 1142 2722 1215 μείζονι
2752 1150 2866 1213 Θεῷ
2894 1142 3267 1215 προσκομίζων
3304 1148 3399 1203 τὴν
3424 1146 3736 1219 ιερουργίαν,
3768 1142 3885 1196 ἀλλ’

2280 1231 2447 1304 ἐαυτῷ
2476 1251 2530 1285 τε
2559 1237 2649 1285 καὶ
2679 1240 2751 1303 τῷ
2790 1238 2979 1307 Πατρὶ,
3008 1241 3104 1295 τῆς
3142 1238 3365 1294 πίστεως
3394 1235 3539 1306 ἡμῶν
3569 1238 3663 1293 τὴν
3694 1232 3889 1306 ὁμολο-

2278 1326 2397 1394 γίαν
2429 1326 2938 1396 πραγματευόμενος.
2969 1324 3252 1396 Ἒρυθριᾲς
3283 1319 3342 1375 δε
3364 1321 3562 1376 ἁκούων
3582 1324 3888 1397 ὄτικεχρη-

2279 1413 2492 1484 μάτικεν
2518 1413 2679 1486 ἱερεὺς
2701 1407 2795 1464 διὰ
2814 1414 2872 1464 τό
2894 1409 3213 1483 ἀνθρώπινον
3240 1428 3251 1477 ;
3274 1408 3401 1465 Εἶτα
3419 1420 3523 1474 πῶς
3539 1416 3599 1465 οὺ
3615 1414 3889 1481 τεθαύμα-

2279 1520 2373 1563 κας
2396 1502 2476 1552 ὅτι
2506 1504 2577 1573 μὴ
2604 1504 2739 1553 κατὰ
2763 1503 2822 1553 τό
2849 1508 2948 1552 τῶν
2982 1500 3149 1573 ἱερέων
3180 1502 3291 1562 ἔθος
3318 1499 3498 1576 ἐτέρων
3525 1508 3747 1555 ποιεῖται
3782 1508 3886 1563 τῆς

2283 1593 2575 1667 ἱερουργίας
2604 1594 2691 1644 τὸν
2712 1595 2923 1665 τρόπον,
2952 1590 3119 1662 ἐαυτῷ
3146 1587 3206 1643 δε
3233 1590 3423 1663 μᾶλλον
3452 1595 3543 1644 καὶ
3570 1598 3644 1662 τῷ
3670 1594 3841 1667 Πατρὶ
3868 1603 3887 1657 ;

2429 1777 2532 1824 Τοῦ
2572 1769 2732 1824 αὐτοῦ
2772 1768 2874 1824 ἀπὸ
2900 1778 2991 1823 τοῦ
3030 1773 3161 1845 πρὸς
3200 1770 3524 1833 Βασιλίσσας
3547 1771 3725 1844 λόγου.

2354 1879 2521 1941 Αὐτὸς
2563 1879 2652 1932 οὖν
2694 1880 2799 1953 ἄρα
2842 1882 3048 1951 γέγονεν
3092 1876 3368 1953 ἀρχιερεὺς
3410 1880 3545 1932 κατά
3580 1898 3641 1951 γε
3685 1882 3741 1932 τὸ
3791 1877 3891 1930 ἆν-

2284 1971 2556 2042 θρώπενον,
2619 1973 2793 2021 καίτοι
2856 1971 2997 2043 παρα
3062 1970 3266 2020 πάντων
3344 1969 3526 2030 θυσιας
3596 1960 3894 2042 δεχόμενος

2284 2058 2499 2118 θεῑκώς·
2561 2055 2714 2117 αὐτὸς
2759 2060 2819 2109 τὸ
2870 2058 3011 2129 θῦμα
3064 2058 3199 2109 κατὰ
3234 2060 3327 2116 τὴν
3385 2058 3557 2131 σάρκα
3587 2073 3602 2092 ο
3662 2057 3822 2118 αὐτὸς
3857 2052 3893 2109 ὁ

2280 2154 2394 2208 ταῖς
2444 2146 2729 2222 ἁμαρτίαις
2787 2144 3119 2219 ἱλασκόμενος
3167 2148 3313 2220 ἡμῶν
3361 2149 3497 2199 κατὰ
3535 2166 3596 2219 γε
3648 2149 3744 2205 τὴν
3787 2151 3893 2208 τῆς

2287 2239 2525 2300 θεότητος
2553 2236 2812 2300 ἐξουσίαν.

2318 2368 2420 2416 Τοῦ
2452 2362 2611 2415 αὐτοῦ
2637 2360 2738 2416 ἀπὸ
2776 2368 2869 2415 τοῦ
2908 2365 3025 2437 περὶ
3058 2363 3290 2425 ὑπακοῆς
3332 2369 3424 2416 τοῦ
3455 2368 3686 2438 Χριστοῦ
3714 2361 3846 2433 (17).

2352 2503 2531 2579 Ἀθρει
2594 2502 2654 2559 δὲ
2715 2507 2848 2567 ὅπως
2916 2506 3162 2581 ίερατεύει
3227 2505 3317 2579 μὶν
3375 2504 3729 2580 ἀνθρωπίνως,
3790 2504 3888 2557 καὶ

2282 2602 2498 2672 μεσίτης
2525 2597 2748 2649 τέθειται
2800 2602 2934 2649 Θεοῦ
2963 2598 3054 2648 καὶ
3109 2593 3390 2669 ἀνθρώπων
3415 2616 3426 2630 ο
3478 2596 3737 2668 μεσιτεύει
3777 2595 3886 2665 γὰρ

2282 2694 2381 2749 πᾶς
2431 2690 2629 2763 ἱερεύς’
2672 2689 2759 2739 τὸν
2805 2682 2866 2739 δέ
2908 2694 3000 2746 τῆς
3058 2687 3247 2748 θυσίας
3302 2689 3490 2760 τρόπον
3538 2684 3712 2737 οὐκέτι
3757 2684 3883 2736 καθ’

2284 2779 2371 2831 ἕνα
2416 2780 2516 2830 τὼν
2564 2776 2681 2829 καθ’
2712 2777 2847 2849 ἡμᾶς
2896 2777 3064 2850 ἱερέων
3106 2774 3452 2849 προσκομιζει
3496 2770 3886 2847 δουλοπρεπῶς,

2284 2863 2451 2940 μηδεν
2504 2865 2653 2927 αὐτὸς
2701 2867 3040 2918 ἓπικοινωνῶν
3092 2872 3189 2917 τῶν
3243 2864 3315 2927 εἰς
3369 2867 3428 2916 τὸ
3474 2862 3645 2916 λαϐεῖν
3700 2862 3885 2920 αὑτήνο

2283 2954 2392 3008 ἀλλ’
2435 2954 2600 3027 ἑαυτῷ
2638 2957 3060 3029 πραγματεύεται
3097 2958 3187 3007 καὶ
3218 2950 3291 3006 δι’
3331 2949 3492 3006 αὑτοῦ
3534 2955 3624 3005 καὶ
3652 2954 3702 3005 εν
3745 2947 3896 3023 αὐτῷ

2282 3052 2354 3118 τῷ
2395 3055 2508 3119 Θεῷ
2538 3051 2629 3099 καὶ
2657 3050 2847 3120 Πατρί.
2890 3048 2993 3099 Καὶ
3022 3045 3132 3118 μετ’
3161 3042 3334 3117 ὀλίγα,
3378 3037 3580 3095 Οὐκοῦν
3617 3039 3712 3094 κᾶν
3746 3040 3900 3116 ἱερα-

2283 3137 2442 3189 τεύειν
2491 3133 2821 3211 ἀνθρωπίνως
2861 3132 3086 3206 λέγεται,
3126 3132 3256 3186 ἆ).λά
3300 3129 3520 3206 δέχεται
3567 3135 3661 3190 τὴν
3701 3133 3901 3184 θυσίαν

2283 3226 2435 3287 αὐτὸς
2474 3227 2659 3289 θεῑκῶς
2687 3227 2713 3279 ό
2744 3225 2900 3288 αὐτὸς
2931 3228 2999 3277 ὧν
3038 3223 3170 3298 ὁμοῦ
3198 3228 3288 3277 καὶ
3315 3226 3445 3287 Θεὸς
3469 3221 3558 3278 καὶ
3582 3221 3890 3298 ἄνθρωπος,

2380 3490 2470 3548 Ἐκ
2498 3486 2589 3546 τοῦ
2620 3490 3056 3567 τετραευαγγεἻ.ου
3088 3482 3332 3567 ἑρμηνεία
3360 3489 3451 3544 τοῦ
3483 3488 3788 3565 Βυλγαρίας.

2350 3676 2560 3734 Λουκᾶς
2608 3668 2668 3725 δι
2711 3673 2841 3744 λέγει
2883 3671 2972 3723 καὶ
3004 3687 3156 3724 τουτο
3196 3668 3349 3725 εἰπεῖν
3394 3674 3508 3724 τότε
3543 3673 3630 3724 τόν
3670 3669 3888 3745 Κύριον,

2280 3761 2360 3815 ὅτι
2450 3766 2617 3815 Τοῦτο
2709 3764 2901 3815 ποιεῖτε
2992 3761 3062 3823 εἰς
3152 3764 3245 3820 τὴν
3334 3756 3460 3835 ἐμὴν
3553 3758 3844 3834 ἀνάμνησιν
3872 3778 3891 3795 ο

2278 3858 2448 3923 τοῦτο,
2534 3854 2683 3923 φησὶ,
2774 3853 2832 3902 τὸ
2914 3851 3091 3902 καινὸν
3188 3850 3485 3921 μυστησιον
3514 3869 3527 3883 ·
3613 3852 3704 3901 καί
3793 3846 3895 3921 μὲν

2280 3938 2438 3994 ἐκεῖνο
2485 3940 2545 3993 τὸ
2588 3939 2845 3993 παλαιὸν·
2893 3935 3052 3991 ἐκεῖνο
3090 3938 3180 4011 μὲν
3227 3937 3329 4013 γὰρ
3379 3938 3437 3991 τὸ
3489 3939 3767 4010 θυσιασμα
3815 3934 3900 4002 εἰς

2282 4028 2571 4103 ἀνάμνησιν
2655 4027 2850 4102 ἐγενετο
2932 4036 3028 4090 τῆς
3125 4026 3177 4080 ἐν
3271 4026 3519 4100 Αἰγύπτῳ
3621 4031 3901 4102 σωτηρίας

2281 4127 2381 4171 τῶν
2431 4116 2711 4190 Ἑϐραϊκῶν
2758 4120 3120 4193 πρωτοτόκων,
3167 4119 3258 4169 καὶ
3310 4122 3400 4177 τῆς
3448 4122 3549 4168 τῶν
3616 4112 3901 4170 Ἰουδαίων

514 4203 630 4262 hoc
674 4209 877 4261 autem
906 4201 967 4259 in
997 4200 1230 4258 domini
1267 4202 1904 4258 commemorationem
1941 4203 2026 4259 ﬁt.
2068 4205 2172 4259 Per

2281 4206 2601 4281 ἐλευθερίας·
2649 4212 2804 4260 τοῦτο
2861 4201 2920 4259 δὲ
2985 4209 3057 4268 εὶς
3114 4200 3403 4279 ἀνάμνησιν
3453 4210 3546 4258 τοῦ
3593 4209 3901 4259 Δεσπότου·

514 4294 632 4351 hoc
659 4293 821 4349 enim
851 4287 1215 4348 sacriﬁcium
1241 4290 1304 4345 in
1333 4290 1690 4347 memoriam
1720 4290 1898 4347 nobis
1928 4306 2172 4349 revoca-

518 4398 674 4454 mus,
707 4380 876 4454 quod
899 4379 949 4435 is
970 4394 1150 4435 suum
1176 4394 1396 4451 corpus
1416 4380 1592 4436 morti
1615 4379 1942 4452 tradiderit,
1967 4398 2174 4438 suum-

516 4487 635 4545 que
661 4469 1019 4541 sanguinem
1042 4467 1260 4524 fuderit
1283 4483 1297 4535 ;
1320 4472 1735 4541 perpetuoque
1763 4468 1879 4526 hoc
1907 4471 2024 4527 ritu
2048 4486 2172 4528 me-

518 4560 777 4618 moriam
805 4558 890 4616 rei
919 4573 1305 4616 renovamus.
1333 4554 1530 4613 Viden’
1553 4558 1864 4631 quomodo
1904 4577 1941 4617 a
1976 4566 2175 4618 vetere

520 4649 813 4707 sacriﬁcio
844 4646 924 4704 ad
964 4662 1194 4704 novum
1220 4646 1524 4703 transtulit
1546 4648 1574 4703 ?
1606 4650 1721 4704 Cur
1759 4648 1919 4704 enim
1948 4649 2173 4707 diutius

519 4755 675 4813 opus
689 4728 831 4795 ‘erat
866 4736 1132 4806 imagine
1160 4735 1253 4792 his
1285 4734 1389 4808 qui
1416 4740 1809 4810 prototypum
1844 4737 1973 4810 jam
2021 4743 2179 4796 tene-

519 4826 712 4886 bant?
758 4826 941 4883 Porro
987 4825 1069 4882 ait
1115 4825 1600 4898 Chrysostomus,
1632 4827 1924 4885 Christum
1973 4830 2176 4903 ipsum

517 4919 754 4977 initium
780 4915 990 4974 fecisse
1027 4914 1429 4989 participandi
1460 4915 1514 4972 ci
1540 4918 1849 4989 mysterio,
1873 4924 1937 4977 ut
1957 4920 2041 4978 ita
2068 4921 2175 4979 im-

516 5008 761 5083 pelleret
797 5003 1128 5080 quominus
1171 5020 1209 5061 a
1246 5004 1547 5062 vescendo
1577 5022 1757 5064 carne
1789 5013 1846 5065 et
1881 5011 2178 5082 sanguine

516 5103 763 5173 propter
789 5096 876 5154 rei
904 5091 1294 5152 insolentiam
1320 5108 1445 5150 non
1467 5089 1884 5155 abhorrerent.
1919 5098 1982 5156 Id
2010 5100 2178 5174 quod

515 5188 646 5260 ejus
689 5186 849 5244 dicto
888 5185 1032 5243 satis
1074 5182 1559 5255 demonstratur;
1599 5186 1748 5244 Dico
1786 5188 1944 5245 enim
1995 5190 2175 5259 vobis,

513 5292 634 5333 non
661 5276 858 5331 bibam
884 5274 1143 5331 ulterius
1169 5287 1245 5329 ea:
1262 5272 1372 5331 hoc
1390 5276 1689 5345 genimine
1711 5278 1867 5344 vitis,
1892 5294 2081 5351 usque
2099 5281 2182 5337 ad

519 5365 674 5422 diem
693 5363 869 5419 illam
896 5376 1031 5418 cum
1048 5361 1209 5417 illud
1223 5378 1442 5420 novum
1468 5364 1770 5422 vobiscum
1794 5366 1989 5424 bibam
2006 5368 2065 5423 in
2091 5383 2176 5425 re-

594 5507 642 5542 “
675 5507 817 5562 Luc.
848 5520 981 5573 xxu,
1014 5509 1100 5563 19.

2284 4291 2379 4375 διὰ
2425 4303 2519 4360 τῆς
2566 4298 2812 4357 τοιαύτης
2862 4297 2965 4370 ’γὰρ
3013 4297 3204 4357 θυσίας
3258 4293 3762 4368 ἀναμιμνησκόμεθα
3809 4294 3902 4350 ὅτε

2282 4390 2341 4439 τὸ
2396 4396 2549 4460 σῶμα
2586 4385 2746 4439 αὐτοῦ
2798 4381 3098 4460 παρέδωκεν
3138 4384 3211 4447 εἰς
3251 4385 3487 4450 θάνατον,
3537 4387 3717 4437 καὶτὸ
3756 4385 3899 4458 αἷμα

2284 4475 2444 4530 αὐτοῦ
2496 4474 2699 4548 ἐξέχεε·
2750 4478 2841 4527 καὶ
2892 4481 2952 4546 τῇ
3007 4477 3254 4546 συνεχείᾳ
3300 4478 3391 4533 την
3444 4479 3652 4547 μνήμην
3707 4469 3896 4527 ἀνανε-

2284 4566 2498 4638 ούμεθα.
2568 4560 2717 4626 Εἶδες
2788 4570 2896 4624 πῶς
2972 4563 3219 4634 μετέθηκε
3280 4566 3400 4625 τοὺς
3464 4564 3707 4635 μαθητὰς
3783 4561 3897 4616 ἀπὸ

2283 4662 2377 4717 τῆς
2424 4652 2652 4715 παλαιᾶς
2701 4653 2889 4712 θυσίας
2937 4649 3020 4703 ἐπὶ
3075 4655 3169 4709 τὴν
3216 4655 3437 4719 καινήνς
3489 4655 3627 4704 Ποία
3666 4651 3769 4726 ’γὰρ
3813 4649 3900 4704 εἰ·-

2284 4750 2427 4805 κόνος
2486 4743 2563 4797 ἔτι
2614 4746 2775 4818 χρεία
2824 4747 2934 4803 τοῖς
2982 4735 3090 4799 ἤδη
3152 4743 3209 4793 τό
3258 4745 3598 4817 πρωτότυπον
3655 4742 3896 4813 ilo-am;

2287 4838 2425 4891 Φησὶ
2456 4829 2515 4885 δὲ
2543 4836 2632 4884 καὶ
2679 4831 2705 4884 ὀ
2739 4833 3120 4904 Χρυσόστομος
3169 4831 3249 4883 ὅτι
3288 4835 3377 4883 καὶ
3417 4831 3443 4883 ὁ
3484 4833 3711 4905 Χριστὸς
3748 4838 3901 4905 πρῶ-

2286 4941 2375 4985 τος
2402 4925 2519 4975 τότε
2562 4922 2791 4994 μετέσχε
2836 4927 2932 4973 τοῦ
2973 4923 3294 4993 μυστηρίου,
3350 4920 3432 4972 ἶνα
3469 4924 3541 4992 μη
3587 4914 3906 4978 ἀηδισθῶσι

2290 5011 2480 5088 σαρκὸς
2565 5014 2657 5063 καὶ
2740 5011 2962 5083 αἵματος
3052 5006 3353 5081 μεταλαϐεῖν
3439 5006 3839 5082 ἒπιτρεπόμενος
3882 5029 3901 5046 ο

2287 5105 2377 5154 καὶ
2473 5101 2660 5154 τούτου
2746 5096 2805 5153 δὲ
2895 5103 3175 5154 τεκμήριον
3262 5103 3355 5151 τοῦ
3444 5097 3601 5151 εἰπεῖν
3699 5097 3860 5151 αὐτόν
3887 5114 3906 5132 ·

2290 5194 2441 5262 Λέγω
2497 5186 2556 5243 δὲ
2607 5191 2688 5243 ὅτι
2739 5188 2797 5242 οὐ
2846 5192 2918 5261 μὴ
2969 5192 3073 5241 πίω
3124 5186 3323 5261 ἄπαρτι
3375 5184 3434 5239 ἐκ
3490 5206 3583 5240 του
3640 5192 3911 5260 γεννήμα-

2288 5298 2371 5341 τος
2434 5287 2525 5341 τῆς
2595 5277 2824 5353 ἀμπέλου
2900 5278 2988 5338 ἕως
3061 5284 3153 5337 τῆς
3233 5278 3429 5350 ἡμέρας
3490 5275 3707 5341 ἐκείνης,
3774 5278 3909 5333 ὅταν

2290 5368 2417 5423 αὐτὸ
2478 5373 2605 5423 πίνω
2668 5367 2781 5441 μεθ’
2844 5366 2985 5440 ὐμῶν
3040 5368 3217 5419 καινὸν
3276 5364 3325 5417 ἐν
3382 5372 3444 5439 τῇ
3505 5365 3752 5440 βασιλείᾳ
3799 5385 3905 5423 του

2895 5103 3175 5175 τεκμήριον
3262 5103 3355 5151 τοῦ
3444 5097 3601 5151 εἰπεῖν

598 5630 711 5705 (t7)
739 5628 1038 5692 Particula
1065 5633 1152 5691 est
1178 5629 1310 5690 haec
1336 5629 1608 5704 ejusdem
1632 5631 1922 5691 sermonis
1953 5632 2258 5707 Cyrilliani
2295 5638 2376 5697 ad
2404 5633 2667 5710 reginas.
