4148 6400
217 329 322 381 169
1026 313 1031 315 “
1542 314 1860 373 THESAUB

1977 317 2061 372 IB.
2101 313 2275 373 XXIV.
3495 320 3595 374 1Ἱο

215 451 430 525 Πατρός
459 466 557 520 μου
584 467 597 479 ·
653 444 698 498 εἰ
748 441 807 498 δὲ
844 450 934 498 τοῦ
991 446 1239 518 ποτηρίου
1280 445 1525 516 μετέσχε,
1558 440 1830 514 μετέλασεν

1980 456 2057 496 no
2085 441 2293 497 Patris
2314 441 2429 498 mei
2445 440 2511 496 ³³.
2541 439 2714 508 Quod
2737 440 2783 497 si
2803 441 3050 498 calicem
3076 442 3357 514 gustavit,
3386 443 3594 516 utique

223 544 333 611 ἄρα
369 541 458 590 καὶ
484 542 572 589 τοῦ
600 537 788 611 άρτου.

1980 535 1999 585 t
2026 545 2267 602 panem.
3349 596 3353 599 _

1941 636 2221 708 Ejusdem
2250 637 2324 693 de
2337 637 2495 693 dicto
2525 637 2634 693 itto
2664 638 2946 706 Epistotav
2964 640 3046 696 ad
3075 640 3445 698 Colossenses
3469 656 3598 698 ma-

2010 710 2121 779 gni
2145 708 2329 764 Pauli
2353 725 2366 763 :
2404 730 2430 757 ‹‹
2457 709 2524 764 Et
2543 724 2654 778 per
2673 710 2867 779 ipsum
2889 712 3091 769 omnia
3120 714 3511 771 reconciliare
3530 714 3596 770 in

2012 794 2073 836 se
2099 781 2287 854 ipsum
2309 781 2378 834 “.
2414 802 2443 829 n

2017 890 2126 945 Per
2151 890 2365 958 ipsum,
2389 886 2429 944 il
2467 892 2556 944 est
2586 888 2713 961 ipse
2741 888 2847 960 qui
2878 888 3131 945 salutem
3171 895 3456 963 operatus
3486 896 3594 965 est,

1943 977 2102 1034 hanc
2125 975 2302 1033 nobis
2329 976 2595 1033 contulit.
2627 979 2708 1033 Ne
2731 981 2934 1034 autem
2960 977 3110 1035 forte
3140 979 3442 1036 existimes
3459 997 3601 1037 eum

1944 1065 2154 1124 famuli
2185 1064 2456 1122 ordinem
2488 1065 2850 1139 suscepisse,
2874 1065 3016 1122 dicit
3057 1066 3135 1124 de
3159 1084 3221 1123 se
3250 1067 3403 1142 ipso,
3431 1069 3601 1143 quod

1945 1156 2073 1229 ipse
2130 1154 2243 1210 sibi
2297 1154 2575 1211 homines
2609 1155 3101 1224 reconciliaverit,
3137 1173 3276 1215 cum
3330 1158 3471 1217 alibi
3508 1159 3602 1218 di-

1945 1245 2133 1303 xisset
2159 1247 2276 1301 Deo
2307 1243 2555 1300 eosdem
2583 1245 3030 1303 reconciliasse.
3054 1249 3151 1302 Est
3177 1263 3321 1317 ergo
3350 1249 3412 1305 id
3442 1265 3605 1308 com-

1948 1348 2133 1392 mune
2161 1332 2310 1389 Filio
2342 1333 2636 1406 Patrique.
2656 1334 2823 1391 Haud
2844 1350 3024 1407 porro
3045 1334 3196 1393 dixit
3225 1338 3602 1412 conciliasse,

1951 1421 2057 1479 sed
2086 1421 2524 1490 reconciliasse,
2550 1422 2667 1480 hoc
2710 1427 2801 1480 est
2830 1438 2940 1481 ceu
2989 1423 3259 1482 debitum
3288 1428 3606 1500 quoddam

1946 1511 2183 1585 jamdiu
2216 1510 2577 1569 solvendum
2607 1511 2962 1569 reddidisse.

229 652 337 699 Τοῦ
366 643 522 697 αὐτοῦ
553 642 620 704 εἰς
654 642 817 716 ῥητόν
841 648 935 703 τῆς
985 642 1117 715 πρός
1169 636 1496 700 Κολασσαείς
1524 635 1831 716 Ἐπιστολῆς

304 724 402 769 τοῦ
432 705 665 788 μεγάλοᾷ
686 705 1285 788 Ila610u,_16'qoiaxovj
1324 731 1345 760 ι
1397 714 1499 763 Καὶ
1548 705 1621 762 δι’
1673 708 1831 762 αὑτοῦ

307 781 722 847 ἀποείαταλλᾶξαι
753 786 819 837 τὰ
855 784 1026 836 πάντα
1058 781 1136 844 εἰς
1164 782 1340 836 αὐτόν.
1378 803 1400 831 ι

312 894 387 947 Δι’
417 894 594 958 αὐτοῦ,
621 895 892 945 τουτέστιν
934 889 1086 953 αὐτός
1134 890 1160 941 ό
1200 887 1480 961 ἐνεργήσας
1520 891 1615 946 τὴν
1666 906 1833 946 σωτη-

234 990 377 1061 ρίαν,
419 986 610 1042 ταύτην
636 985 762 1055 ἡμῖν
791 985 1222 1057 περιεποιήσατο.
1253 977 1364 1032 Ἵνα
1403 975 1462 1034 δὲ
1495 982 1567 1051 μὴ
1617 982 1838 1051 νομίσῃς

234 1077 322 1127 ὅτι
350 1075 605 1148 ὑπηρέτου
641 1071 784 1135 τάξιν
816 1069 982 1141 ἔλαϐε,
1025 1073 1186 1142 φησὶν
1217 1068 1289 1131 εἰς
1334 1067 1513 1137 αὐτόν,
1567 1070 1837 1120 τουτέστιν

232 1165 388 1225 αὐτὸς
453 1162 615 1233 ἐαυτῷ
681 1162 800 1224 τοὺς
855 1160 1160 1234 ἀνθρώπους
1222 1156 1525 1222 κατήλλαξε.
1582 1160 1680 1210 Καὶ
1734 1160 1836 1229 μὴν

227 1252 470 1328 ἀλλαχοῦ
510 1248 648 1306 εἶπεν
679 1252 762 1304 ὅτι
798 1257 874 1321 τῷ
913 1256 1026 1321 Θεῷ
1054 1247 1399 1312 κατήλλαξεν*
1434 1247 1538 1322 ἄρα
1575 1242 1662 1298 οὖν
1691 1265 1839 1299 κοινα

218 1346 315 1396 καὶ
352 1344 478 1395 Υίοῦ
504 1344 571 1394 τὰ
589 1348 681 1394 τοῦ
714 1341 920 1413 Πατρός
945 1359 957 1371 -
991 1337 1083 1391 οῦκ
1117 1335 1226 1392 εἷπε
1256 1334 1315 1390 δὲ
1343 1334 1678 1402 καταλλάξαι,
1714 1333 1841 1391 ἀλλὰ

227 1428 685 1501 ἀποκαταλλάξαι,
719 1432 989 1482 τουτέστιν
1030 1423 1322 1482 ἀποδοῦναι
1367 1428 1437 1489 ὡς
1481 1424 1686 1501 ὀφειλὴν
1725 1444 1842 1478 τινα

227 1523 394 1575 πάλαι
416 1538 728 1595 κεχρεωστη
734 1522 912 1593 μένην.

226 1634 335 1682 Τοῦ
385 1627 541 1700 ἀγίου
596 1625 912 1700 Ἀθανασίου
970 1622 1164 1700 ἐκᾼτῆς
1212 1622 1480 1697 ἑρμηνείας
1515 1630 1610 1685 τῆς
1661 1620 1732 1684 εἰς
1782 1623 1842 1675 τό

751 1695 1021 1771 βασίλειον
1046 1695 1342 1770 ἱεράτευμα.

1951 1620 2162 1678 Sancti
2181 1619 2505 1677 Athanasii
2525 1634 2596 1676 ex
2613 1620 3113 1698 interpretatione
3135 1622 3284 1694 quid
3300 1626 3378 1681 sit
3398 1629 3610 1698 regale

2574 1690 2996 1748 sacerdotium.

308 1801 653 1878 Μελχισεδέκ
689 1824 772 1866 τις
811 1802 1059 1877 βασιλεὺς
1106 1800 1305 1875 Σαλήμ.
1339 1805 1563 1854 Δύναται
1595 1797 1654 1855 δὲ
1691 1808 1845 1854 τοῦτο

2027 1797 2462 1855 Melchisedech
2510 1798 2761 1871 quidam
2812 1812 2917 1855 rex
2969 1798 3187 1857 Salem.
3228 1801 3608 1863 Postremum

240 1898 469 1973 εἰρήνης,
502 1897 659 1955 τύπος
684 1901 920 1969 Χριστοῦ
950 1896 1231 1966 γενόμενος,
1266 1892 1324 1944 οὐ
1354 1895 1507 1965 μόνον
1537 1894 1601 1952 ὡς
1629 1892 1845 1965 ἀπάτωρ

240 2006 297 2040 τε
316 1991 407 2038 καὶ
436 1984 683 2060 ἀμήτωρ,
711 1982 840 2037 ἀλλά
872 1989 963 2036 καὶ
1008 1986 1076 2045 ὡς
1116 1983 1142 2034 6
1171 1982 1323 2043 αὐτὸς
1352 1985 1420 2034 τὰ
1460 1979 1560 2034 τῶν
1588 1980 1847 2055 βασιλέων

232 2096 291 2129 τε
320 2081 415 2129 καὶ
448 2077 621 2150 ἱερέων
653 2082 834 2138 ποιῶν,
865 2077 955 2126 καὶ
980 2077 1073 2131 την
1104 2070 1419 2144 ἀναίμακτον
1460 2073 1646 2124 θυσίαν
1675 2079 1849 2124 τυπῶν

231 2162 335 2218 διά
364 2183 421 2216 τε
446 2164 612 2235 ἄρτου
634 2167 724 2215 καὶ
754 2165 894 2214 οἴνου
927 2162 1040 2233 (18)
1067 2183 1078 2195 ·
1107 2166 1197 2213 καὶ
1227 2160 1377 2224 οὗτος
1417 2168 1543 2232 γοῦν
1578 2163 1637 2213 τὸ
1689 2158 1851 2233 βασί-

232 2254 373 2307 λειον
399 2249 699 2314 κατέδειξεν
732 2254 1030 2326 ἱεράτευμα.
1066 2253 1210 2304 Κατά
1248 2247 1307 2303 δὲ
1335 2255 1427 2309 τὴν
1457 2258 1543 2303 νῦν
1585 2248 1850 2304 πολιτείαν

237 2346 401 2407 αὐτὸς
462 2346 701 2418 Χριστὸς
768 2344 794 2395 6
861 2340 1100 2402 ἀληθινός
1173 2343 1298 2415 ἡμῖν
1365 2337 1719 2414 Μελχισεδὲκ,
1784 2343 1854 2402 ὡς

238 2434 318 2488 ἐπ’
380 2433 633 2493 ἀληθείας
689 2429 902 2505 ἀπάτωρ
967 2449 1022 2483 τε
1084 2435 1173 2482 καὶ
1233 2429 1484 2505 ἀμήτωρ·
1538 2434 1597 2483 τὸ
1651 2433 1741 2503 μὲν
1792 2432 1851 2482 τό

246 2528 517 2599 πρότερον,
551 2523 611 2573 τὸ
667 2516 726 2573 δὲ
782 2523 839 2572 τό
898 2515 1175 2594 ὃςύτερον³
1225 2524 1316 2572 καὶ
1368 2521 1550 2595 ἄρχων
1606 2519 1851 2593 εἰρήνης’

248 2611 495 2684 βασιλεὺς
559 2612 651 2682 μὲν
709 2612 775 2671 ὡς
835 2612 990 2678 Θεὸς,
1044 2614 1133 2661 καὶ
1200 2611 1363 2683 ἱερεὺς
1431 2605 1488 2661 δὲ
1545 2611 1615 2669 ὡς
1670 2608 1855 2662 ἑαυτοῦ

247 2704 406 2763 θύτης
435 2720 492 2754 τε
523 2706 616 2753 καὶ
641 2700 1046 2773 προσαγωγευς·
1080 2699 1106 2750 6
1133 2700 1233 2772 γὰρ
1265 2698 1420 2760 αὐτὸς
1448 2703 1538 2751 καὶ
1581 2700 1743 2773 ἱερεὺς
1769 2701 1858 2752 καὶ

244 2794 452 2868 ἱερεῖον,

252 2993 459 3060 Κοσμᾶ.
478 2983 929 3060 Ἰνὸικοπλεύστου
967 2982 1142 3060 ἇκ-τοῦ
1167 2984 1240 3047 εἰς
1263 2987 1368 3060 Δτόν
1397 2983 1645 3060 ψαλτῇρα
1674 3003 1857 3057 προοι-

335 3052 466 3132 μίου
522 3056 853 3130 ἐξηγουμένου
902 3058 978 3132 ως
1032 3055 1079 3108 ἐν
1111 3052 1328 3132 παρόδῳ
1387 3052 1444 3108 τό
1489 3079 1510 3106 α
1546 3052 1860 3128 Ἠγάπησας

337 3126 713 3188 δικαιοσύνῃ’
742 3134 832 3182 καὶ
895 3127 1156 3203 ἐμίσησας
1185 3126 1195 3131 ’
1222 3126 1437 3202 ἀνομίαν
1463 3172 1479 3199 ,
1550 3151 1570 3177 ι
1618 3126 1732 3181 ήκαὶ
1795 3130 1863 3181 τὰ

331 3202 450 3266 ἑξῆς
481 3201 616 3272 (19).

324 3314 454 3385 Περὶ
504 3318 602 3370 τῆς
657 3307 1058 3383 ἀνθρωπότητος
1111 3306 1271 3361 αὑτοῦ
1326 3323 1493 3379 φησι·
1551 3307 1864 3379 Ἢγάπησας

253 3396 625 3468 δικαιοσύνην,
654 3402 745 3451 καὶ
775 3396 1038 3471 ἐμίσησας
1056 3396 1290 3471 ἀνομίανι
1309 3393 1344 3450 ὃ
1351 3399 1403 3449 ιὰ
1430 3404 1582 3450 τοῦτο
1604 3399 1789 3471 ἔχρισε
1808 3416 1865 3450 σε

254 3490 282 3541 6
322 3492 477 3557 Θεὸς,
504 3488 531 3539 6
553 3489 683 3547 Θεὸς
702 3506 796 3539 σου
819 3485 987 3539 ἔλαιον
1010 3485 1366 3557 ἀγαλλιάσεως
1391 3488 1535 3561 παρά
1562 3491 1680 3549 τοῦς
1712 3489 1864 3560 μετό-

245 3598 389 3651 χους
410 3595 531 3630 σουθ
553 3576 613 3629 οῦ
634 3578 736 3648 γὰρ
761 3577 790 3633 ἡ
821 3577 1003 3638 θεότης
1025 3572 1182 3629 διὰτὸ
1215 3573 1494 3647 ἀγαπῆσαι
1524 3571 1867 3634 δικαιοσύνην

246 3672 344 3721 καὶ
384 3674 625 3740 μισῆσαι
656 3662 872 3718 ἀδικίαν
910 3669 1154 3740 χρίεται·
1191 3668 1307 3718 οὔτε
1348 3668 1448 3738 γὰρ
1483 3664 1604 3726 ὅλως
1633 3670 1865 3739 χρίεται,

258 3761 376 3808 οὔτε
416 3759 546 3809 Θεὸν
578 3758 715 3827 ἔχει,
746 3754 874 3807 αὐτὸ
903 3757 1002 3828 γὰρ
1041 3757 1100 3807 τὸ
1149 3774 1364 3829 χρισμα
1394 3758 1523 3816 Θεὸς
1553 3753 1692 3807 ἐστιν
1718 3772 1730 3783 ·
1761 3753 1870 3807 ἀλλ’

260 3847 293 3902 ἡ
327 3843 665 3918 ἀνθρωπότης
701 3843 863 3896 αὐτοῦ
901 3847 1119 3918 χρίεται
1166 3842 1333 3896 ἔλαιον
1384 3841 1758 3915 ἀγαλλιάσεως,
1789 3844 1872 3894 ἵνα

265 3936 384 4005 tim;
416 3940 485 4004 τῷ
518 3936 785 4006 Πνεῦματι
815 3940 887 4003 τῷ
931 3932 1061 4005 ἁγίῳ
1081 3935 1227 4007 παρά
1254 3936 1371 3994 τοὺς
1392 3937 1654 4006 μετόχους
1684 3933 1870 4003 αὐτῆς,

265 4026 507 4075 τουτέστι
532 4023 681 4096 παρά
707 4023 903 4082 πάντας
941 4026 1063 4083 τοὺς
1110 4024 1404 4094 Χριστούς’
1453 4024 1483 4081 ἡ
1538 4025 1637 4097 γὰρ
1691 4024 1872 4083 θεότης

262 4117 524 4185 ⁸οιετόχους
548 4110 738 4171 ἄλλους
786 4110 881 4163 οὐκ
936 4113 1081 4183 ἔχει’
1135 4109 1203 4172 εἷς
1250 4113 1349 4185 γὰρ
1400 4109 1515 4163 ἐστι
1563 4114 1714 4181 Θεὸς,
1755 4112 1782 4164 ὃ
1819 4130 1872 4164 τε

259 4205 445 4275 Πατὴρ
507 4204 599 4251 καὶ
647 4200 673 4250 6
740 4201 863 4260 Υἱός
914 4204 1004 4252 καὶ
1057 4202 1115 4251 τό
1154 4206 1366 4273 Πνεῦμα
1420 4203 1478 4253 τό
1528 4199 1712 4272 ἅγιον·
1748 4202 1777 4261 ἠ
1813 4197 1874 4254 δὲ

256 4289 603 4363 ἀνθρωπότης
633 4296 721 4340 τοῦ
752 4295 992 4361 Χριστοῦ
1013 4290 1156 4364 παρά
1180 4290 1381 4351 πάντας
1408 4292 1531 4351 τοὺς
1552 4287 1872 4362 ἀνθρώπους,

253 4378 496 4451 μάλιστα
529 4381 651 4438 τούς
680 4380 936 4451 χριστοὺς
974 4378 1089 4449 ἔχει
1126 4382 1422 4451 μετόχους·
1466 4374 1559 4431 διὰ
1596 4385 1750 4431 τοῦτο
1774 4382 1873 4453 γὰρ

1955 1888 2070 1945 hoc
2099 1886 2457 1944 vocabulum
2481 1902 2690 1958 pacem
2739 1887 3056 1960 signiﬁcat,
3086 1894 3213 1947 erat
3258 1893 3484 1967 quippe
3512 1894 3611 1952 hic

1956 1978 2141 2034 homo
2168 1977 2381 2034 Christi
2412 1981 2613 2050 typus,
2644 1993 2768 2034 non
2791 1977 2990 2034 solum
3015 1979 3159 2052 quia
3183 1980 3312 2038 sine
3340 1988 3510 2056 patre
3542 2000 3613 2042 ac

1957 2071 2168 2138 matre,
2205 2066 2313 2122 sed
2361 2066 2510 2140 quia
2555 2070 2614 2122 et
2653 2082 2864 2137 regum
2904 2072 2962 2124 et
2991 2069 3372 2129 sacerdotum
3411 2073 3612 2132 ofﬁcio

1962 2156 2340 2229 fungebatur,
2374 2162 2431 2213 et
2483 2156 2864 2213 incruentum
2923 2158 3285 2217 sacriﬁcium
3334 2178 3492 2235 pane
3541 2183 3613 2223 ac

1959 2246 2101 2302 vino
2132 2244 2547 2318 portendebat.
2583 2248 2685 2301 Hic
2714 2261 2859 2316 ergo
2887 2247 3156 2304 exhibuit
3198 2249 3261 2306 in
3314 2267 3378 2308 se
3412 2255 3616 2327 regale

1962 2334 2367 2391 sacerdotium
2380 2335 2446 2390 ³⁵.
2472 2334 2817 2391 Secundum
2847 2341 3048 2393 autem
3076 2346 3436 2411 praesentem
3461 2344 3617 2418 poli-

1963 2427 2110 2483 tiam
2138 2426 2404 2483 Christus
2431 2425 2609 2482 nobis
2630 2442 2804 2483 verus
2829 2431 2918 2483 est
2941 2426 3390 2502 Melchisedech,
3410 2439 3620 2507 utpote

1963 2516 2226 2589 quivere
2246 2520 2333 2571 est
2363 2514 2489 2571 sine
2519 2519 2687 2586 patre
2717 2519 2775 2572 et
2803 2515 2930 2573 sine
2958 2522 3188 2585 matre;
3222 2519 3337 2576 hoc
3367 2522 3618 2594 quidem

1968 2609 2163 2674 antea,
2185 2603 2332 2659 illud
2358 2619 2496 2659 vero
2524 2609 2770 2676 postea;
2803 2608 2858 2661 et
2884 2605 3163 2679 princeps
3202 2610 3371 2680 pacis
3387 2613 3455 2668 ³⁸.
3496 2614 3620 2669 Rex

1968 2693 2212 2768 quidem
2256 2699 2319 2749 ut
2370 2695 2543 2759 Deus,
2572 2693 2853 2750 sacerdos
2887 2709 3025 2750 vero
3069 2698 3271 2768 utpote
3302 2699 3395 2754 sui
3425 2699 3620 2772 ipsius

1967 2783 2335 2841 sacriﬁcator
2363 2788 2421 2840 et
2456 2781 2712 2840 oblator.
2751 2786 2883 2855 ipse
2926 2783 3089 2840 enim
3141 2789 3200 2842 et
3234 2788 3519 2848 sacerdos
3563 2794 3625 2848 et

1967 2873 2210 2930 victima
2231 2877 2337 2929 est.

1970 2981 2196 3055 Cosmw
2223 2980 2676 3055 Indicopteustw
2703 2994 2781 3037 ea:
2808 2983 2937 3051 eius
2984 2984 3269 3055 praemio
3296 2985 3378 3040 ad
3400 2986 3626 3055 psalte-

2041 3054 2222 3119 rium,
2249 3052 2390 3107 dum
2443 3056 2691 3108 enarrat
2732 3058 3019 3123 tanquam
3046 3054 3110 3108 in
3150 3052 3415 3111 transitu
3440 3059 3626 3115 verba

2040 3124 2233 3198 iita,_<_«
2266 3124 2540 3180 Diteristi
2548 3124 2851 3193 justitiam
2877 3129 2935 3181 et
2963 3124 3148 3181 odisti
3168 3127 3566 3198 iniquitatem,
3592 3150 3623 3181 »

2042 3200 2098 3252 et
2124 3195 2380 3268 reliqua.

2043 3306 2124 3360 De
2158 3319 2267 3359 sua
2312 3302 2688 3360 humanitate
2735 3302 2913 3360 dicit:
2948 3305 3219 3362 Ditexisti
3235 3308 3543 3379 justitiam
3571 3314 3631 3367 et

1974 3394 2148 3450 odisti
2178 3394 2590 3465 iniquitatem;
2628 3399 2950 3463 propterea
2978 3395 3146 3450 unxit
3177 3400 3234 3452 te
3264 3397 3441 3469 Deus,
3469 3398 3630 3457 Deus

1976 3488 2132 3550 tuus,
2181 3482 2308 3538 oleo
2371 3482 2593 3538 laetitia:
2639 3495 2768 3551 prae
2823 3482 3198 3538 consortibus
3246 3486 3366 3540 tuis
3387 3486 3457 3542 '7.
3499 3487 3630 3542 Non

1975 3571 2135 3628 enim
2163 3570 2378 3638 deitas,
2402 3574 2645 3643 propter
2659 3569 2905 3641 justitiize
2934 3586 3206 3628 amorem
3226 3577 3285 3629 et
3302 3572 3632 3647 iniquitatis

1977 3659 2183 3717 odium
2215 3660 2459 3729 ungitur
2486 3676 2499 3714 :
2533 3674 2732 3731 neque
2758 3659 2889 3714 haec
2914 3660 3179 3730 ungitur,
3210 3677 3408 3736 neque
3441 3665 3632 3721 Deum

1979 3765 2165 3822 supra
2200 3764 2262 3805 se
2313 3748 2516 3817 habet,
2560 3748 2698 3820 ipsa
2745 3747 2905 3804 enim
2936 3749 3138 3805 unctio
3169 3753 3325 3807 Deus
3356 3756 3483 3822 est;
3525 3753 3633 3810 sed

1980 3839 2185 3912 utique
2212 3838 2561 3894 humanitas
2586 3836 2715 3907 ejus
2745 3836 2991 3907 ungitur
3029 3837 3153 3894 oleo
3187 3840 3433 3909 tztitia’,
3463 3842 3633 3899 vide-

1978 3930 2115 3986 licet
2145 3933 2351 3985 sancto
2384 3928 2621 4001 Spiritu,
2672 3928 2814 3983 Prae
2859 3929 3233 3985 consortibus
3264 3932 3415 4003 ejus,
3442 3932 3506 3988 id
3545 3937 3637 3989 est

1980 4035 2104 4092 prae
2152 4017 2436 4074 omnibus
2464 4017 2677 4073 unctis.
2712 4016 2907 4072 Deitas
2931 4018 3093 4074 enim
3121 4023 3461 4076 consortem
3508 4036 3634 4078 non

1979 4109 2201 4174 habet;
2237 4125 2390 4164 unus
2421 4113 2509 4165 est
2555 4108 2714 4164 enim
2748 4110 2923 4175 Deus,
2956 4110 3145 4177 Pater,
3189 4109 3385 4174 Filius,
3419 4115 3477 4168 et
3505 4110 3635 4185 Spi-

1980 4202 2127 4256 ritus
2158 4203 2424 4256 sanctus.
2458 4198 2671 4255 Christi
2702 4203 2905 4254 autem
2945 4198 3313 4268 humanitas,
3340 4217 3464 4274 pra:
3486 4218 3636 4259 cun-

1981 4291 2089 4345 ctis
2117 4288 2492 4354 hominibus,
2536 4288 2827 4361 prwcipue
2850 4287 3171 4345 chrismate
3195 4288 3496 4348 delibatos
3524 4292 3634 4349 ha-

1982 4379 2086 4435 bet
2106 4382 2428 4434 consortes.
2448 4379 2762 4449 Propterea
2780 4375 2946 4447 dixit,
2963 4376 3175 4433 Christi
3195 4377 3640 4439 humanitatem

254 4466 397 4522 εἷπεν
444 4468 525 4518 ὃτί
581 4469 728 4539 παρα
764 4467 960 4526 πάντας
1020 4464 1245 4539 ἐχρίσθη
1313 4467 1342 4523 ἡ
1410 4465 1740 4541 ἀνθρωπότης
1782 4476 1860 4521 τοί

1984 4484 2109 4543 prae
2140 4466 2369 4523 cunctis
2404 4471 2645 4522 unctam
2678 4465 2863 4521 fuisse
2907 4471 3117 4522 sancto
3165 4467 3385 4540 Spiritu
3421 4474 3479 4526 et
3524 4470 3640 4527 vir-

254 4562 530 4631 Χριστοῦ,
572 4556 866 4628 χρισθεῖσα
890 4558 1153 4628 Πνεῦματι
1179 4555 1312 4627 ἁγίῳ
1343 4560 1434 4608 καὶ
1473 4552 1694 4629 δυνάμει
1715 4574 1727 4587 ⁸
1751 4557 1874 4630 ὅπερ

254 4643 442 4699 οὐδενὶ
465 4652 566 4695 τῶν
595 4643 758 4695 ἄλλων
783 4651 1030 4717 Χριστῶν
1059 4644 1283 4719 ὑπῆρξεν
1305 4647 1469 4706 οὕτως
1498 4643 1710 4708 ἐξειπεῖν
1735 4649 1879 4721 παρὰ

253 4737 467 4794 πάντας
519 4736 639 4793 τοῦς
694 4736 956 4805 μετόχους
1018 4752 1152 4785 σου-
1209 4732 1322 4786 ὅλον
1362 4729 1422 4786 δὲ
1478 4734 1634 4787 αὐτόν
1671 4734 1877 4808 ψαλμὸν

248 4828 381 4900 περὶ
411 4829 507 4875 τοῦ
548 4828 783 4895 Χριστοῦ
807 4826 1015 4884 καὶτῆς
1042 4821 1352 4884 Ἐκκλησίας
1390 4825 1460 4885 ὡς
1499 4820 1583 4876 ἐπὶ
1622 4821 1878 4896 βασιλέως

324 5002 386 5038 ’³³
419 5000 624 5059 Matth.
654 5017 809 5064 xxvr,
841 5005 938 5059 29.
1023 5002 1071 5037 ²⁴
1101 5000 1325 5059 Coloss.
1362 5019 1397 5070 ι,
1432 5005 1521 5059 20.

335 5200 456 5269 (18)
512 5196 905 5254 Melchisedici
959 5196 1321 5269 sacriﬁcium
1382 5196 1764 5269 incruentum
1804 5215 1878 5255 ex

258 5268 427 5344 pane
497 5269 780 5344 vinoque,
843 5268 1220 5344 portendisse
1262 5269 1360 5325 SS.
1416 5268 1876 5344 Eucharistiam,

259 5341 415 5397 satis
442 5341 789 5396 communis
835 5345 892 5395 et
936 5346 1100 5396 recta
1150 5341 1391 5396 Patrum
1443 5342 1736 5397 sententia
1765 5347 1875 5397 est.

262 5411 448 5479 Quod
479 5427 622 5467 vero
653 5410 905 5483 quidam
936 5411 1195 5468 Armenii
1224 5411 1570 5483 heterodoxi
1602 5412 1740 5468 hinc
1771 5429 1878 5467 su-

262 5482 907 5556 muntargumentum
956 5498 1066 5556 pro
1114 5482 1232 5556 vini
1281 5482 1427 5539 meri
1457 5482 1782 5556 oblatione,
1816 5488 1881 5539 ut

262 5555 388 5626 ipsi
456 5553 702 5622 faciunt,
757 5552 1355 5625 aquae—admistione
1395 5552 1656 5626 exclusa,
1711 5571 1882 5611 mera

265 5625 402 5686 lith
428 5625 666 5683 vanitas
693 5629 801 5682 est.
835 5627 1106 5698 Namque
1144 5629 1347 5683 utrum
1400 5625 1641 5699 prOprie
1688 5641 1883 5684 mera~

488 5717 734 5774 ΡΑι-ιιοι..
776 5714 882 5773 Gn.
920 5712 1074 5771 CXL.

1601 5002 1649 5038 ³⁵
1681 5004 1701 5058 l
1733 5002 1888 5060 Petr.
1922 5018 1981 5073 ιι,
2011 5007 2063 5059 9.

1985 4563 2107 4614 tute
2133 4577 2147 4628 ;
2178 4557 2346 4630 quod
2365 4555 2509 4612 nulli
2529 4555 2785 4613 aliorum
2816 4560 3133 4612 unctorum
3161 4557 3246 4613 sic
3273 4557 3470 4616 dicere
3500 4575 3643 4617 con-

1987 4646 2136 4717 tigit.
2167 4649 2291 4702 Prae
2343 4646 2571 4701 cunctis
2617 4644 3034 4718 participibus,
3088 4646 3227 4702 tuis.
3284 4647 3642 4706 Universum

1987 4751 2128 4791 vero
2156 4734 2466 4809 psalmum
2499 4734 2574 4790 de
2597 4733 2826 4790 Christo
2857 4737 2915 4789 et
2942 4733 3219 4803 Ecclesia,
3243 4739 3538 4809 tanquam
3568 4736 3644 4794 de

1989 4840 2130 4898 rege
2155 4828 2212 4882 et
2239 4823 2427 4895 regali
2453 4838 2680 4897 sponsa
2708 4821 2855 4879 dixit
2876 4822 2957 4879 ad
2977 4823 3161 4880 tinem
3201 4840 3395 4899 usque
3432 4826 3641 4884 David.

2140 5005 2190 5041 ³⁸
2220 5006 2331 5061 lsa.
2360 5018 2440 5075 1x,
2474 5006 2526 5059 6.
2603 5002 2647 5038 ³⁷
2673 5000 2827 5059 Psal.
2857 5017 3015 5074 xuv,
3039 5005 3092 5059 8.

1988 5215 2133 5274 cum
2165 5200 2628 5274 Melchisedecus
2670 5200 2800 5274 ipse
2846 5201 3145 5271 obtulerit,
3193 5201 3486 5259 incertum
3515 5206 3644 5270 est;

1988 5270 2071 5349 ab
2122 5271 2482 5349 evangelica
2509 5270 2714 5349 autem
2755 5274 3055 5349 vocabulo
3094 5270 3342 5349 κεράσας,
3368 5275 3642 5349 miscens,

1992 5347 2189 5419 atque
2221 5343 2299 5399 ab
2358 5344 2757 5419 Ecclesiarum
2822 5343 3163 5419 traditione,
3217 5362 3394 5419 aquas
3439 5345 3644 5403 mistio

1991 5414 2307 5490 perspicue
2335 5415 2621 5490 suadetur
2649 5416 2742 5471 vel
2769 5418 2971 5490 potius
2996 5414 3356 5490 praecipitur.

2065 5484 2113 5561 (1
2124 5490 2179 5561 _9_)
2214 5487 2416 5561 Exstat
2443 5485 2506 5561 in
2531 5484 3224 5561 Cosmm'Topograp’hia
3269 5488 3643 5559 Christiana,

1993 5553 2091 5610 ed.
2120 5553 2322 5615 Montt’.
2352 5573 2411 5633 p.
2445 5556 2700 5619 226.228.

3285 5721 3317 5774 ϐ
