4148 6378
547 247 642 303 171

1885 236 2155 294 ΝΙΟΕΤΑΞ
2201 234 2570 302 ΟΗΟΝΙΑΤᾸΞ

3804 241 3917 297 172

549 371 830 430 Similiter
855 371 913 425 et
936 364 1509 440 quinquagesimum
1534 377 1764 420 nonum
1786 360 2098 436 psalmum
2126 361 2193 418 de

2309 364 2532 434 νυμφίου
2554 363 2643 412 καὶ
2659 362 2829 434 νύμφη
2842 381 2863 423 ς
2894 357 3177 432 βασιλίδος
3207 360 3417 425 ἐξειπὼν
3434 360 3675 417 ἐτέλεσεν.
3690 361 3922 436 Ὁμοίως

544 462 763 519 eodem
788 457 1073 516 recitavit.
1106 458 1300 523 Quam
1319 469 1448 511 rem
1474 456 1726 510 testatur
1753 453 1879 525 ipse
1912 451 2201 507 Dominus

542 549 760 607 Iudaeis
788 548 997 604 dicens
1029 563 1041 601 :
1077 544 1376 614 Quomodo
1425 557 1566 614 ergo
1603 541 1804 599 David
1848 542 1911 597 in
1964 541 2200 610 Spiritu

541 648 752 699 sancto
775 642 941 696 vocat
966 652 1099 693 eum
1128 635 1449 692 Dominum
1498 632 1588 688 his
1626 632 1817 689 verbis
1850 648 1862 685 :
1896 631 2057 686 Dixit
2084 632 2199 687 Do~

542 731 743 789 minus
789 728 1044 783 Domino
1089 740 1215 781 meo
1250 742 1264 779 :
1307 723 1457 780 Sede
1506 737 1545 779 a
1591 722 1816 777 dextris
1857 721 1998 777 meis
2016 721 2101 777 3"?
2142 719 2199 777 Si

543 819 726 876 Filius
756 818 889 889 ejus
919 820 1028 882 est,
1060 812 1374 887 quomodo
1422 811 1712 868 Dominus
1758 809 2031 882 ejusdem
2070 810 2198 865 est?

542 911 696 982 Ergo
730 905 953 975 verbis,
978 904 1268 960 Dominus
1306 905 1454 973 ejus,
1499 903 1688 957 Deum
1726 898 2042 955 manifeste
2089 914 2196 972 ap-

540 998 745 1073 pellat.
778 1000 928 1053 Tum
957 994 1163 1062 verba,
1196 992 1340 1050 Sede
1367 1006 1405 1048 a
1442 990 1662 1047 dextris
1687 990 1849 1053 meis,
1879 988 2198 1062 perspicue

539 1086 903 1147 humanitati
931 1083 1333 1151 conveniunt;
1364 1096 1509 1137 nam
1535 1078 1922 1148 vocabulum,
1944 1080 2100 1142 sede,
2122 1078 2198 1134 de

541 1177 819 1236 nondum
853 1172 1098 1231 sedente
1130 1172 1364 1228 dicitur.
1398 1169 1574 1243 Atqui
1605 1169 1795 1225 deitas
1825 1169 1886 1224 in
1919 1185 2029 1224 sua
2058 1167 2199 1225 bea-

538 1267 815 1335 titudine,
845 1265 1074 1321 honore
1106 1260 1418 1333 gloriaque
1447 1258 1698 1315 fundata
1728 1257 1914 1325 sedet,
1942 1258 2087 1331 quin
2120 1256 2197 1315 ab

542 1357 748 1429 aliquo
774 1354 1005 1424 majore
1032 1350 1111 1407 ad
1131 1349 1193 1405 id
1221 1352 1465 1405 vocetur
1490 1350 1592 1403 aut
1621 1346 2013 1420 compellatur
2046 1365 2057 1403 :
2092 1346 2199 1403 sed

540 1448 746 1519 utique
775 1441 986 1499 Christi
1014 1438 1363 1495 humanitas
1389 1437 1468 1493 ab
1490 1438 1658 1493 unita
1687 1437 1799 1493 sibi
1828 1437 2199 1510 inseparabi~

538 1536 673 1593 liter
696 1533 914 1589 deitate
944 1530 1231 1586 invitatur
1277 1528 1427 1583 dum
1480 1526 1669 1593 audit,
1710 1527 1859 1583 Sede
1890 1541 1927 1583 a
1973 1528 2197 1584 dextris

537 1625 701 1691 meis,
733 1621 795 1678 id
825 1623 914 1676 est
949 1617 1127 1674 veluti
1158 1618 1220 1674 in
1248 1616 1497 1673 honoris
1527 1616 1645 1673 mei
1692 1616 1962 1689 paritate.
1997 1619 2195 1688 Neque

2312 445 2371 503 δὲ
2397 453 2485 501 καὶ
2514 452 2599 502 τὸν
2636 447 2714 522 ρθ’
2738 448 2943 523 ψαλμὸν
2988 450 3060 513 εἰς
3106 450 3262 503 αὐτὸν
3307 454 3480 528 εἴρηκε
3498 472 3510 486 ’
3539 456 3630 506 καὶ
3660 459 3923 528 μαρτυρεῖ

2310 541 2465 601 αῦτός
2494 541 2518 591 ό
2552 540 2743 613 Κύριος
2770 538 2932 612 λέγων
2968 542 3100 613 πρὸς
3128 536 3451 604 Ἰουδαίους·
3483 546 3601 603 Πῶς
3626 537 3712 595 οὖν
3743 537 3922 595 Δαϐὶδ

2308 626 2357 681 ἓν
2388 630 2650 702 Πνεύματι
2693 627 2825 702 ἁγίῳ
2880 630 3071 705 Κύριον
3120 629 3275 683 αὐτὸν
3305 629 3450 684 καλεῖ
3473 629 3633 704 λέγων
3653 652 3666 665 ·
3698 637 3851 685 Εἶπεν
3887 632 3918 684 6

2309 721 2497 792 Κύριος
2525 726 2598 790 τῷ
2632 723 2806 793 Κυρίῳ
2835 738 2961 793 μου,
3004 719 3179 772 Κάθου
3210 717 3265 775 ἔκ
3310 715 3491 783 δεξιῶν
3520 737 3658 795 μους
3697 720 3760 774 Εἰ
3787 722 3917 785 Υἱὸς

2307 807 2468 860 αὐτοῦ
2508 806 2670 878 ἐστιν,
2719 817 2828 871 πῶς
2868 810 3061 882 Κύριος
3114 808 3274 863 αὐτοῦ
3326 807 3465 883 itm;
3496 812 3555 863 1'6
3585 812 3675 887 μὲν
3715 812 3918 885 Κύριος

2308 897 2467 950 αὐτοῦ
2522 900 2591 959 ὡς
2643 899 2771 951 Θεὸν
2814 907 2990 971 σαφῶς
3040 904 3337 975 προειπών⁶
3391 902 3450 952 1'6
3505 895 3564 952 δε
3623 901 3797 954 Κάθου
3853 898 3917 953 ἐκ

2308 984 2492 1050 δεξιῶν
2522 1006 2622 1062 μου
2656 995 2829 1059 σαφῶς
2870 994 2932 1060 τῇ
2976 986 3343 1062 ἀνθρωπότητι
3381 988 3600 1064 ἁρμόζει
3625 1004 3639 1019 ⁸
3686 992 3747 1041 τὸ
3802 991 3915 1065 γὰρ

2305 1079 2469 1130 κάθου
2495 1085 2565 1150 τῷ
2602 1081 2674 1149 μὴ
2707 1078 3033 1151 καθεζομένῳ
3070 1075 3228 1150 λέγει.
3257 1077 3315 1132 Ἡ
3358 1075 3416 1133 δε
3461 1080 3643 1140 θεότης
3694 1074 3920 1154 ἵδρυται

2308 1166 2379 1227 εἰς
2409 1170 2503 1225 τὴν
2552 1165 2745 1219 οἰκείαν
2780 1170 3150 1241 μακαριότητα
3186 1171 3343 1240 τιμήν
3373 1186 3428 1221 τε
3453 1171 3543 1220 καὶ
3573 1163 3752 1236 δόξαν,
3782 1168 3920 1243 παρ’

2307 1255 2478 1328 ἐτέρου
2510 1255 2748 1331 μείζονος
2782 1259 2854 1328 μὴ
2908 1256 3273 1330 ἰπιτρεπομένη
3330 1257 3361 1316 ἢ
3417 1259 3804 1331 προτρεπομένη
3842 1256 3923 1320 εἰς

2305 1352 2458 1397 τοῦτο
2484 1366 2496 1378 ·
2533 1343 2638 1397 ἀλλ’
2667 1346 2697 1403 ἠ
2733 1344 3070 1420 ἁνθρωπότης
3100 1352 3191 1397 τοῦ
3212 1345 3451 1422 Χριστοῦ
3479 1345 3580 1397 ὑπό
3600 1352 3693 1407 τῆς
3712 1347 3919 1420 ἡνωμέ-

2304 1454 2399 1495 νης
2430 1434 2559 1507 αὐτῇ
2592 1433 2906 1507 ἀχωρίστως
2960 1436 3202 1494 θεότητος
3254 1432 3583 1510 ἐπιτρέπεται
3622 1432 3917 1508 ἀκούουσα,

2307 1526 2481 1577 Κάθου
2514 1521 2569 1575 ἐκ
2601 1520 2783 1586 δεξιῶν
2811 1542 2932 1595 μου,
2958 1525 3146 1576 ὡσανεὶ
3168 1521 3215 1575 ἐν
3246 1531 3307 1598 τῇ
3343 1523 3439 1596 ἐμῇ
3465 1531 3590 1597 τιμῇ
3610 1544 3622 1556 ·
3653 1526 3771 1577 οὔτε
3806 1526 3921 1600 γὰρ

2306 1609 2456 1676 δεςιὰ
2481 1616 2598 1664 οὔτε
2627 1610 2879 1691 ἀριστερὰ
2923 1614 3037 1685 ἔχει
3076 1613 3101 1664 6
3132 1614 3257 1674 Θεὸς
3301 1610 3691 1687 ἀπερίγραπτος
3741 1614 3921 1689 ὑπάρ-

536 1714 699 1773 enim
720 1710 817 1768 vel
838 1709 1112 1766 dextram
1136 1706 1233 1763 vel
1258 1706 1563 1762 sinistram
1587 1708 1741 1763 Deus
1763 1705 1967 1772 habet,
1989 1711 2193 1778 utpote

2304 1718 2450 1776 χων’
2492 1702 2620 1756 ἀλλὰ
2668 1711 2822 1755 τοῦτο
2862 1702 2987 1755 αὐτὸ
3044 1702 3201 1774 λέγει,
3235 1704 3315 1755 ὅτι
3366 1704 3541 1756 Κάθου
3599 1701 3647 1755 ἐν
3692 1710 3756 1776 τῇ
3808 1701 3914 1776 ἐμῇ

534 1818 663 1863 non
690 1797 1207 1869 circumscriptus.
1248 1795 1397 1851 Dicit
1442 1809 1627 1865 ergo:
1665 1794 1814 1852 Sede
1859 1795 1922 1850 in
1965 1795 2194 1851 honore

535 1907 700 1963 meo,
730 1894 1028 1961 tanquam
1073 1901 1214 1942 mea
1256 1899 1541 1957 persona,
1575 1888 1779 1957 utpote
1837 1884 2039 1954 imago
2093 1885 2195 1941 Dei

536 1981 822 2039 universo
846 1975 1079 2034 mundo
1110 1977 1430 2032 ostentata.
1463 1974 1694 2047 Quippe
1716 1973 1798 2031 ita
1818 1974 2024 2031 Daniel
2044 1991 2193 2048 quo-

538 2088 660 2147 que
689 2070 774 2127 ait
805 2086 819 2125 :
850 2069 930 2124 Et
962 2067 1081 2138 ipsi
1119 2066 1331 2123 datum
1376 2070 1461 2122 est
1515 2080 1788 2136 regnum,
1830 2065 2040 2137 honor,
2090 2081 2189 2135 po-

540 2167 720 2220 testas
733 2161 804 2228 ”,
834 2163 891 2216 et
916 2156 1170 2229 reliqua.
1192 2155 1343 2221 Quin
1362 2155 1515 2211 adeo
1543 2154 1670 2229 ipse
1692 2156 1980 2211 Dominus
2004 2156 2151 2212 dixit
2175 2173 2187 2211 :

531 2253 694 2308 Data
723 2254 810 2307 est
837 2246 988 2303 mihi
1005 2246 1196 2302 omnis
1216 2249 1475 2314 potestas
1503 2245 1565 2302 in
1591 2246 1740 2304 caelo
1769 2248 1823 2300 et
1848 2246 1910 2301 in
1943 2246 2187 2301 terra”.

534 2342 667 2399 Mox
694 2353 840 2395 vero
862 2337 925 2393 in
973 2334 1249 2407 ejusdem
1278 2333 1501 2406 psalmi
1529 2348 1857 2405 progressu
1887 2334 1968 2390 ait
1999 2335 2073 2391 de
2100 2336 2192 2391 di-

532 2429 779 2487 vinitate
826 2444 841 2482 :
889 2427 983 2482 Ea:
1026 2429 1197 2481 utero
1243 2430 1385 2481 ante
1439 2424 1761 2494 luciferum
1805 2427 1989 2495 genui
2027 2427 2135 2482 te“
2174 2443 2187 2481 :

534 2523 827 2590 tanquam
873 2514 922 2570 si
976 2513 1150 2568 Pater
1205 2510 1286 2568 ad
1333 2510 1543 2567 Filium
1581 2511 1812 2569 ratione
1863 2512 2190 2571 divinitatis

533 2607 695 2665 dicat
724 2622 738 2661 :
772 2608 919 2661 Ante
946 2617 1191 2660 omnem
1236 2606 1571 2658 creaturam
1619 2617 1693 2657 ex
1732 2607 1919 2671 utero,
1946 2604 2061 2661 hoc
2088 2621 2191 2660 vo-

530 2696 752 2756 cabulo
772 2691 1454 2752 consubstantialitatem
1474 2691 1760 2749 denotare
1788 2693 2033 2764 volens;
2065 2711 2190 2752 non

530 2790 743 2862 postea
765 2797 1102 2850 assumens,
1132 2781 1241 2838 sed
1268 2781 1332 2836 in
1361 2797 1459 2837 me
1500 2780 1634 2854 ipso
1692 2786 1746 2838 te
1792 2783 2025 2841 habens
2065 2786 2191 2841 sine

529 2874 827 2952 principio
871 2873 964 2930 vel
1000 2872 1162 2928 ﬁne:
1195 2875 1490 2944 tanquam
1538 2887 1612 2926 ex
1663 2876 1834 2929 utero
1881 2888 1952 2929 ex
1983 2880 2192 2931 nostra

531 2963 876 3023 substantia
896 2967 950 3020 te
971 2962 1153 3033 genui
1173 2960 1307 3031 conj
1317 2965 1563 3018 unctum
1585 2962 1735 3018 mihi
1757 2967 1811 3019 et
1831 2964 2193 3020 coexsisten-

531 3057 674 3113 tem.
707 3049 931 3108 Deinde
956 3064 1166 3106 rursus
1192 3046 1471 3137 illicoque
1523 3048 1599 3103 de
1628 3049 2001 3107 humanitate
2042 3067 2192 3124 prae-
2221 3075 2261 3137 ρ

534 3141 742 3199 dicat:
781 3138 1026 3194 Juravit
1070 3136 1384 3207 Dominus,
1437 3141 1492 3192 et
1536 3152 1658 3193 non
1706 3139 2005 3207 paenitebit
2036 3155 2188 3209 eum,

539 3236 606 3286 tu
663 3243 722 3285 es
781 3225 1056 3283 sacerdos
1105 3225 1169 3280 in
1222 3230 1509 3282 aeternum
1544 3227 1870 3284 secundum
1922 3229 2192 3287 ordinem

535 3314 1037 3376 Melchisedech“
1065 3330 1078 3369 :
1110 3328 1236 3369 non
1275 3313 1436 3369 enim
1483 3313 1673 3372 deitas
1727 3317 2042 3390 sacriﬁcat,
2087 3320 2194 3376 sed

537 3405 742 3480 potius
769 3403 981 3461 colitur
1009 3407 1067 3460 et
1092 3401 1320 3460 hostias
1349 3403 1575 3475 recipit.
1610 3406 1872 3463 Meminit
1898 3408 2081 3480 hujus
2112 3413 2195 3467 te-

538 3494 808 3554 stimonii
831 3492 1051 3550 Paulus
1101 3507 1347 3565 quoque
1395 3494 1705 3566 apostolus
1734 3496 1795 3552 in
1828 3498 2088 3571 Epistola
2117 3501 2197 3557 ad

539 3585 823 3643 Hebraeos
853 3582 940 3639 sic
971 3601 985 3638 :
1013 3582 1213 3639 Sicuti
1236 3583 1468 3652 Aaron,
1491 3585 1574 3640 sic
1597 3591 1652 3642 et
1680 3585 1948 3645 Christus
1970 3606 2196 3663 nequa-

540 3690 723 3748 quam
747 3674 863 3730 sibi
907 3672 1231 3730 sacerdotii
1254 3672 1535 3731 honorem
1580 3677 1927 3744 vindicavit,
1955 3681 2059 3737 sed
2094 3683 2199 3753 qui

542 3765 694 3822 dixit
714 3765 803 3822 ei:
835 3763 1032 3820 Filius
1062 3778 1225 3819 meus
1255 3778 1313 3819 es
1335 3769 1422 3833 tu,
1460 3779 1563 3836 ego
1592 3765 1766 3824 hodie
1787 3773 1971 3840 genui
1996 3777 2070 3828 te.
2104 3773 2196 3828 Si-

543 3858 644 3911 cut
674 3858 730 3911 et
758 3852 901 3911 alibi
921 3851 1001 3909 ait
1034 3870 1047 3909 :
1084 3854 1171 3909 Tu
1191 3867 1250 3910 es
1280 3855 1556 3911 sacerdos
1575 3856 1639 3913 in
1684 3864 1971 3916 wternum
1993 3876 2198 3920 secun-

542 3945 687 4003 dum
708 3941 978 4001 ordinem
1009 3942 1507 4002 Melchisedech”
1540 3964 1553 4001 :
1585 3945 1862 4006 videlicet
1887 3951 2094 4010 omnia
2123 3951 2198 4009 de

540 4033 915 4093 humanitate
939 4032 1296 4103 intelligens.

595 4176 1000 4249 Syllogismus
1020 4177 1231 4246 magni
1257 4178 1585 4250 drungarii
1602 4182 1833 4240 domini
1846 4186 2161 4255 Stephani.

616 4301 773 4358 Num
801 4300 1148 4358 universam
1173 4301 1475 4373 deitatem,
1500 4323 1637 4379 quae
1667 4307 1858 4366 deitas
1887 4311 2109 4368 scilicet
2137 4312 2197 4369 in

2302 1802 2451 1866 τιμῇ,
2487 1795 2675 1846 ὡσανεὶ
2707 1792 2775 1855 εἰς
2808 1797 3086 1867 πρόσωπον
3116 1792 3259 1865 ἐμόν,
3293 1794 3357 1853 ὡς
3401 1792 3547 1846 εἰκὼν
3588 1800 3721 1846 Θεοῦ
3749 1798 3920 1847 παντὶ

2301 1893 2373 1955 τῷ
2399 1888 2582 1956 κόσμῳ
2614 1879 2922 1955 δεικνυμένη
2949 1903 2963 1916 ε
2996 1882 3131 1934 οὕτω
3151 1884 3254 1955 γὰρ
3286 1885 3376 1934 καὶ
3397 1881 3587 1941 Δανιὴλ
3606 1881 3740 1956 λέγει
3758 1903 3771 1916 ·
3806 1888 3919 1936 Καὶ

2301 1972 2444 2044 αὐτῷ
2470 1968 2628 2030 ἐδόθη
2669 1973 2700 2030 ἡ
2746 1970 2993 2043 βασιλεία
3029 1975 3119 2023 καὶ
3148 1974 3177 2030 ἡ
3211 1974 3338 2045 τιμὴ
3372 1975 3463 2023 καὶ
3488 1973 3518 2029 ἠ
3549 1970 3783 2041 ἐξουσία,
3814 1976 3919 2024 καὶ

2300 2064 2367 2114 τὰ
2394 2060 2573 2118 λοιπά.
2604 2060 2756 2113 Ἀλλὰ
2784 2065 2873 2113 καὶ
2904 2060 3056 2121 αὐτὸς
3096 2062 3121 2112 6
3149 2063 3340 2134 Κύριός
3370 2079 3527 2133 φησιν
3548 2076 3561 2091 ⁸
3593 2056 3791 2118 Ἐδόθη
3816 2080 3920 2134 μοι

2300 2157 2449 2204 πᾶσα
2478 2149 2691 2213 ἐξουσία
2728 2148 2775 2202 ἐν
2823 2150 3023 2224 οὐρανῷ
3061 2154 3152 2202 καὶ
3191 2149 3276 2202 ἐπὶ
3304 2158 3420 2221 γῆς.
3456 2154 3798 2225 Παρακατιὼν
3851 2145 3919 2203 δε

2301 2241 2433 2313 λέγει
2456 2240 2610 2293 πάλιν
2642 2240 2689 2293 ἐν
2728 2248 2800 2312 τῷ
2840 2240 2981 2312 αὐτῷ
3019 2239 3211 2312 ψαλμῷ
3249 2244 3369 2315 περὶ
3397 2246 3491 2301 τῆς
3515 2241 3785 2301 θεότητοςο
3818 2239 3921 2291 Ἐκ

2299 2334 2525 2408 γαστρός
2548 2334 2649 2405 πρό
2682 2330 2945 2403 ἑωσφόρον
2969 2328 3215 2402 ἐγίννησά
3238 2348 3295 2382 σε
3315 2346 3329 2361 ·
3364 2331 3552 2381 ὡσανεὶ
3581 2335 3673 2381 τοῦ
3705 2332 3922 2404 Πατρός

2299 2425 2429 2494 πρὸς
2458 2424 2545 2473 τόν
2577 2422 2694 2473 Υίόν
2714 2422 2851 2472 κατὰ
2877 2424 2972 2477 την
2996 2421 3216 2478 θεότητα
3233 2418 3469 2491 λέγοντος
3488 2419 3571 2471 ὅτι
3598 2421 3705 2494 Πρὸ
3730 2420 3923 2481 πάσης

2299 2516 2521 2573 κτίσεως
2568 2508 2669 2563 ἀπὸ
2708 2513 2939 2583 γαστρός
2964 2526 2977 2539 ·
3027 2512 3087 2561 τό
3137 2510 3415 2581 ὁμοούσιον
3449 2507 3603 2562 θελων
3635 2514 3872 2581 σημᾶναι
3901 2530 3918 2543 ·

2298 2600 2405 2672 οὐχ
2467 2601 2685 2674 ὕστερον
2739 2598 3048 2674 προσλαϐὼν
3082 2642 3096 2667 ,
3157 2597 3264 2650 ἀλλ’
3315 2596 3363 2650 ἓν
3412 2596 3619 2671 ἐμαυτῷ
3660 2615 3719 2650 σε
3770 2600 3919 2669 ἔχων

2299 2689 2541 2765 ἀνάρχως
2569 2694 2659 2741 καὶ
2691 2686 2987 2763 ἀπεράντως
3007 2706 3019 2718 ·
3062 2691 3130 2750 ὡς
3161 2690 3262 2740 απὸ
3301 2689 3532 2760 γαστρὸς
3567 2685 3622 2740 ἐκ
3650 2693 3748 2748 τῆς
3770 2687 3914 2759 ἠμε-

2295 2784 2443 2852 τέρας
2474 2779 2659 2840 οὐσίας
2690 2797 2746 2831 σε
2771 2777 3023 2850 ἕγέννησα
3061 2780 3281 2829 συνόντα
3335 2780 3423 2828 καὶ
3462 2778 3895 2849 συνυπάρχοντα.

2299 2866 2427 2921 Εἶτα
2473 2868 2625 2922 πάλιν
2657 2868 2837 2929 εὐθέως
2876 2873 2966 2920 καὶ
3002 2871 3122 2942 περὶ
3159 2874 3221 2925 τῆ
3235 2888 3255 2929 ς
3296 2864 3688 2939 ἀνθρωπότητος
3728 2861 3904 2924 δηλῶν

2299 2962 2495 3031 φησίν
2552 2957 2754 3032 Ὠμοσε
2805 2959 3011 3033 Κύριος,
3045 2960 3135 3009 καὶ
3190 2956 3249 3008 οὐ
3302 2954 3805 3028 μεταμεληθήσεται,
3836 2957 3908 3007 σὺ

2301 3050 2465 3123 ἱερεὺς
2494 3048 2562 3109 εἰς
2598 3052 2686 3101 τὸν
2718 3047 2881 3100 αἰῶνα
2931 3048 3065 3099 κατὰ
3115 3049 3208 3105 τὴν
3252 3045 3398 3109 τάξιν
3436 3040 3769 3117 Μελχισεδέκ
3796 3064 3810 3077 ·
3844 3042 3910 3096 οὗ

2297 3139 2396 3212 γὰρ
2438 3138 2467 3195 ἡ
2499 3138 2680 3199 θεότης
2707 3138 2974 3211 ἱερατεύει,
3004 3133 3132 3186 ἀλλὰ
3159 3132 3349 3207 μᾶλλον
3368 3132 3690 3208 λατρεύεται,
3723 3135 3911 3187 καὶτὰ

2303 3229 2462 3300 ἱερεῖα
2498 3222 2882 3299 προσδέχεται.
2916 3229 3189 3299 Μέμνηται
3242 3220 3301 3276 6“:
3338 3228 3428 3277 καὶ
3476 3230 3564 3284 τῆς
3592 3228 3836 3300 χρήσεως
3877 3223 3909 3273 6

2302 3314 2594 3378 ἀπόστολος
2662 3314 2861 3375 Παῦλος
2906 3312 2954 3366 ἐν
3019 3322 3082 3388 τῇ
3120 3316 3249 3388 πρὸς
3292 3312 3564 3387 Ἐϐραίους
3624 3311 3904 3387 Ἐπιστολῇ

2300 3405 2460 3478 λέγων
2500 3405 2660 3466 οὕτως
2685 3422 2697 3435 ·
2734 3405 2977 3479 Καθάπερ
3009 3405 3034 3455 6
3060 3401 3283 3478 Ἀαρὼν,
3310 3405 3474 3464 οὕτως
3493 3406 3583 3456 καὶ
3621 3403 3647 3455 6
3678 3404 3910 3477 Χριστὸς

2303 3495 2409 3568 οὐχ
2441 3494 2622 3547 ἑαυτὸν
2652 3491 2876 3557 ἐδόξασε
2898 3495 3139 3565 γενέσθαι
3181 3492 3475 3568 ἀρχιερεὺς,
3506 3490 3614 3546 ἀλλ’
3644 3490 3912 3554 όλαλήσας

2304 3587 2433 3658 πρὸς
2473 3584 2647 3653 αὐτὸν,
2687 3586 2809 3647 Υἱός
2846 3603 2945 3657 μου
2988 3580 3034 3636 εἶ
3079 3586 3165 3651 σὺ,
3207 3581 3303 3655 ἐγὼ
3354 3587 3578 3657 σήμερον
3624 3584 3909 3657 γεγέννηκά

2308 3692 2365 3727 σε
2391 3694 2405 3707 ·
2435 3675 2573 3726 καθὰ
2602 3678 2692 3726 καὶ
2730 3672 2777 3725 ἓν
2827 3676 2977 3750 ἓτέρῳ
3018 3672 3155 3745 λέγει
3179 3688 3192 3703 ·
3241 3676 3307 3724 Σὺ
3342 3673 3500 3751 ἱερεὺς
3528 3671 3600 3733 εἰς
3628 3674 3714 3724 τόν
3745 3670 3910 3724 αἰῶνα

2302 3765 2439 3816 κατὰ
2464 3768 2558 3823 τὴν
2599 3763 2743 3827 τάξιν
2774 3758 3109 3837 Μελχισεδέκ
3135 3783 3147 3795 '
3204 3764 3375 3814 πάντα
3419 3765 3535 3836 περὶ
3572 3769 3664 3822 τῆς
3702 3758 3912 3837 ἀνθρω-

2304 3858 2528 3917 πότητος
2554 3852 2799 3909 ἐκλαϐών.

2309 4193 2660 4267 Συλλογισμός
2683 4200 2775 4246 τοῦ
2802 4190 3027 4266 μεγάλου
3050 4186 3085 4243 δ
3087 4194 3409 4265 ρουγγαρίου
3438 4196 3599 4263 κυροῦ
3628 4191 3912 4263 Στεφάνου.

2376 4317 2504 4394 Ὀλη
2558 4327 2619 4391 τῇ
2674 4320 2880 4378 θεότητι
2917 4318 3408 4391 προσκεκρούκαμεν
3467 4318 3618 4388 ἡμεῖς
3675 4312 3768 4369 διὰ
3813 4324 3918 4381 τῆς

542 4390 738 4449 tribus
786 4393 1091 4487 spectatur
1148 4394 1451 4464 personis,
1485 4398 1651 4454 Patre
1701 4398 1844 4455 Filio
1882 4405 1939 4456 et
1977 4402 2193 4474 Spiritu

2306 4408 2652 4481 παραϐάσεως
2683 4452 2697 4478 ,
2752 4415 2815 4481 τῇ
2858 4406 2908 4460 ἐν
2946 4413 3060 4468 ταῖς
3095 4410 3264 4481 τρισὶν
3320 4407 3651 4459 ὑποστάσεσι
3690 4406 3917 4481 θεωρου-

542 4483 779 4549 sancto,
819 4479 1184 4537 offendimus
1214 4497 1326 4539 nos
1376 4486 1659 4559 praecepti
1700 4492 2195 4565 transgressione,

544 4586 623 4628 an
652 4570 854 4643 potius
885 4569 1083 4627 solum
1114 4574 1393 4630 Patrem?
1421 4575 1477 4629 Si
1508 4575 1745 4633 Patrem
1776 4583 2198 4640 tantummodo

542 4660 931 4725 offendimus,
953 4663 1160 4734 utique
1179 4662 1319 4719 huic
1350 4663 1480 4733 soli,
1507 4665 1681 4736 juxta
1702 4667 1811 4723 hos
1832 4668 2193 4743 blaterones,

540 4746 905 4807 reconciliati
935 4766 1146 4806 sumus
1171 4768 1278 4824 per
1318 4752 1441 4808 Filii
1468 4754 1599 4824 ejus
1629 4755 1924 4815 incarnati
1953 4763 2195 4834 sangui-

539 4852 704 4895 nem.
735 4839 906 4904 Quod
939 4840 988 4896 si
1035 4845 1222 4896 totam
1261 4841 1606 4898 Trinitatem
1655 4844 2043 4915 offendimus,
2084 4853 2194 4909 uti-

539 4943 659 5000 que
684 4927 793 4985 toti
835 4928 1099 4986 Trinitati
1149 4928 1389 4986 oblatus
1430 4930 1542 4989 fuit
1596 4935 1885 5004 unigeniti
1928 4940 2055 4998 Filii
2095 4942 2196 5000 Dei

542 5016 815 5089 sanguis.
854 5017 1014 5075 Sicut
1037 5018 1198 5075 enim
1225 5018 1285 5073 in
1315 5034 1438 5075 uno
1461 5020 1795 5097 eodemque
1819 5028 2066 5101 Christo,
2090 5033 2191 5104 qui

538 5106 598 5161 in
629 5104 810 5163 unica
838 5122 1104 5178 persona
1142 5107 1430 5180 subsistit,
1458 5115 1805 5180 agnoscitur
1843 5123 2193 5195 corruptibi-

534 5192 673 5253 litas
702 5200 763 5252 et
807 5195 1374 5269 incorruptibilitas,
1414 5203 1745 5262 mortalitas
1786 5212 1842 5266 et
1878 5192 2191 5277 immorta-

602 5481 652 5571 ις
678 5478 879 5571 ξίειίὼ.
902 5496 1043 5550 xxii,
1068 5485 1161 5555 43,
1194 5487 1283 5542 44.
1357 5489 1408 5526 ³9
1441 5492 1588 5549 Dan.
1621 5510 1720 5566 vu,
1764 5500 1840 5553 14.
1928 5498 1976 5534 ⁸ο
2006 5501 2193 5559 Matth.

2303 5506 2439 5571 :vui,
2474 5505 2558 5559 18.

527 5565 586 5622 v,
617 5554 729 5609 4-6.

2303 4504 2453 4572 μένῃ,
2492 4501 2716 4572 Πατρός,
2759 4500 2899 4569 Υἰοῦ,
2956 4500 3047 4551 καὶ
3106 4495 3259 4567 ἁγίου
3327 4497 3647 4566 Πνεύματος,
3686 4495 3715 4555 ἦ
3763 4499 3913 4568 μόνῳ

2303 4596 2376 4660 τῷ
2408 4592 2611 4663 Πατρί;
2653 4588 2712 4642 Εἰ
2767 4589 2859 4661 μὲν
2915 4591 3054 4662 μόνῳ
3092 4593 3165 4657 τῷ
3204 4588 3393 4660 Πατρί,
3452 4589 3543 4637 καί
3586 4584 3727 4655 αὐτῷ
3765 4588 3913 4657 μόνῳ

2303 4680 2440 4731 κατὰ
2478 4682 2595 4739 τοὺς
2648 4677 3037 4752 φληναφοῦντας
3092 4673 3490 4747 κατηλλάγημεν
3540 4670 3635 4726 διὰ
3681 4680 3772 4726 τοῦ
3825 4675 3913 4727 αῖ-

2303 4788 2464 4841 ματος
2505 4776 2595 4822 τοῦ
2652 4766 3144 4842 ὶνανθρωπησαντος
3198 4766 3323 4818 Υἱοῦ
3364 4764 3558 4817 αὐτοῦ’
3600 4763 3646 4817 εὶ
3693 4759 3753 4817 δὲ
3809 4763 3908 4838 ὅλῃ

2302 4866 2364 4932 τῇ
2406 4854 2620 4935 Τριάὸι,
2662 4857 2751 4930 ὅλῃ
2802 4864 2861 4929 τῇ
2916 4851 3111 4930 Τριάδι
3170 4855 3512 4929 προσηνέχθη
3573 4856 3758 4905 καίτὸ
3811 4861 3911 4905 τοῦ

2302 4955 2607 5022 μονογενοῦς
2638 4950 2762 5000 Υἰοῦ
2793 4953 2883 5000 τοῦ
2925 4951 3058 4999 Θεοῦ
3125 4944 3281 5017 αἷμα.
3326 4942 3526 5019 ’Ὠσπερ
3584 4945 3682 5018 γὰρ
3725 4940 3772 4995 ἐν
3830 4951 3911 5015 τῷ

2303 5035 2375 5089 ἐνί
2429 5041 2519 5089 καὶ
2558 5043 2630 5107 τῷ
2692 5034 2834 5105 αὐτῷ
2879 5040 3116 5107 Χριστῷ,
3166 5036 3281 5091 ἤτοι
3309 5039 3370 5104 τῇ
3405 5037 3504 5105 μιᾷ
3531 5033 3717 5083 τούτου
3777 5032 3912 5084 ὐπο-

2307 5128 2510 5195 στάσει,
2557 5126 2824 5201 θεωρεῖται
2862 5126 2920 5175 1'6
2987 5124 3211 5197 φθαρτὸν
3266 5126 3355 5174 καί
3401 5124 3459 5174 τό
3504 5121 3788 5195 ἄφθαρτον,
3841 5125 3907 5175 τὸ

2306 5216 2488 5276 θνητόν
2509 5219 2598 5269 καὶ
2627 5217 2685 5268 τό
2711 5211 2965 5267 ἀθάνατον
2990 5229 3002 5242 ’
3037 5211 3168 5265 οὔτ»
3194 5215 3283 5264 καὶ
3319 5214 3377 5263 τὸ
3421 5213 3689 5283 προσάγον
3717 5212 3809 5262 καὶ
3842 5214 3907 5273 1'6

2655 5503 2698 5539 εί
2741 5499 2900 5561 Psal.
2934 5516 3046 5571 cu,
3079 5502 3131 5556 3.
3238 5498 3285 5533 ³³
3323 5495 3472 5557 ibid.
3502 5499 3558 5555 4.
3652 5495 3701 5532 ³³
3740 5494 3894 5554 Heb.
