4148 6378
567 251 684 307 175

1205 377 1585 437 Damascem.

639 466 1068 525 Universorum
1100 468 1253 523 Deus
1282 472 1340 523 et
1370 470 1537 523 Pater
1564 468 1767 525 vultne
1795 472 2095 542 quatenus
2117 473 2224 527 Pa-

568 559 654 614 ter
686 559 794 624 est,
826 570 904 610 an
925 558 1227 627 quatenus
1259 556 1453 611 Deus?
1485 556 1541 612 Si
1566 561 1867 629 quatenus
1890 560 2079 625 Pater,
2107 558 2227 616 alia

567 647 678 703 erit
725 646 1007 703 voluntas
1033 646 1161 716 ejus
1199 661 1386 718 quam
1424 646 1581 711 Filii;
1614 662 1812 721 neque
1856 648 2018 704 enim
2058 651 2227 705 Pater

565 735 729 793 idem
762 740 851 791 est
874 734 979 808 qui
1011 734 1209 792 Filius.
1243 736 1343 792 Sin
1375 735 1497 790 vult
1521 742 1821 808 quatenus
1862 739 2039 805 Deus,
2068 740 2225 794 Deus

567 828 771 882 autem
801 840 974 897 aeque
1002 829 1090 881 est
1137 823 1312 881 Filius
1350 829 1408 881 et
1438 829 1686 882 sanctus
1719 825 1990 897 Spiritus,
2018 828 2223 900 utique

564 914 846 971 voluntas
865 918 1097 970 naturae
1119 918 1227 979 est,
1253 914 1314 970 id
1344 914 1775 993 estnaturalis.
1801 917 1953 985 Ergo
1984 921 2046 973 tu
2076 934 2223 990 quo-

564 1019 685 1077 que
714 1002 983 1060 similiter
1025 1002 1450 1076 syllogismum
1493 1004 1760 1060 instrue:
1797 1007 2221 1063 Universorum

564 1096 724 1151 Deus
751 1097 807 1150 et
833 1095 1019 1159 Pater,
1042 1108 1191 1149 num
1212 1098 1513 1165 quatenus
1541 1096 1711 1150 Pater
1730 1099 1838 1161 est,
1861 1095 2221 1164 sanguinem

567 1182 864 1254 Unigeniti
895 1182 1144 1254 excepit,
1172 1197 1251 1238 an
1282 1186 1581 1253 quatenus
1612 1183 1810 1239 Deus?
1838 1182 1899 1239 Si
1920 1189 2220 1256 quatenus

562 1269 751 1339 P’ater,
777 1271 899 1328 alia
927 1271 1036 1328 erit
1074 1271 1205 1342 ejus
1234 1271 1420 1326 virtus
1446 1274 1503 1327 et
1528 1271 1800 1344 operatio
1841 1288 2031 1345 quam
2060 1273 2217 1341 Filii;

559 1376 686 1418 non
716 1361 878 1417 enim
908 1360 1070 1416 idem
1091 1362 1260 1416 Pater
1285 1375 1357 1415 ac
1381 1358 1577 1417 Filius.
1613 1360 1713 1417 Sin
1741 1365 2041 1433 quatenus
2064 1365 2217 1419 Deus

557 1455 648 1509 est
671 1449 922 1523 excepit,
953 1451 1108 1506 Deus
1138 1453 1341 1506 autem
1372 1465 1545 1521 aeque
1575 1454 1664 1507 est
1712 1449 1887 1507 Filius
1930 1458 1987 1508 et
2033 1451 2215 1525 Spiri-

556 1546 651 1599 tus
698 1544 966 1604 sanctus,
999 1539 1270 1612 sequitur
1316 1544 1380 1596 ut
1420 1539 1714 1612 Unigeniti
1741 1540 2122 1613 sanguinem,
2149 1541 2213 1598 id

552 1637 665 1695 est,
693 1631 877 1688 unius
910 1631 987 1688 de
1018 1635 1231 1687 sancta
1267 1630 1568 1698 Trinitate,
1601 1630 1820 1689 eadem
1858 1637 2069 1689 sancta
2095 1633 2213 1689 Tri-

546 1721 729 1791 nitas,
759 1725 1060 1795 quatenus
1092 1720 1248 1777 Deus
1279 1723 1392 1788 est,
1423 1720 1742 1793 exceperit.

546 1847 649 1906 Ea:
679 1847 835 1904 libro
864 1846 1151 1918 synodico
1178 1846 1284 1919 qui
1304 1846 1368 1902 in
1397 1845 1627 1918 Magna
1650 1846 1925 1904 Ecclesia
1960 1846 2203 1919 legitur.

615 2027 692 2084 Iis
737 2025 844 2099 qui
873 2025 1103 2090 dicunt,
1136 2024 1303 2098 quod
1350 2024 1640 2082 Dominus
1682 2029 1740 2082 et
1782 2027 2059 2084 Servator
2098 2043 2203 2084 no-

542 2121 663 2173 ster
690 2117 865 2173 Jesus
897 2115 1184 2186 Christus,
1219 2119 1491 2188 tempore
1512 2113 1792 2171 salutaris
1820 2132 1943 2172 suae
1975 2117 2203 2189 passio-

539 2205 656 2277 nis,
675 2205 923 2279 pretiosi
944 2204 1036 2261 sui
1057 2204 1329 2278 corporis
1352 2204 1789 2277 sanguinisque
1812 2206 2197 2277 sacriﬁcium,

536 2301 835 2369 tanquam
856 2294 1126 2366 pontifex
1156 2294 1215 2349 in
1239 2294 1513 2349 humana
1539 2310 1649 2367 pro
1678 2295 1854 2351 nobis
1883 2302 2201 2368 assumpta

535 2390 776 2453 natura,
803 2384 950 2457 quia
977 2388 1035 2441 et
1062 2384 1432 2439 sacriﬁcator
1471 2388 1563 2439 est
1586 2388 1643 2439 et
1670 2384 1937 2446 victima,
1970 2389 2035 2441 ut
2073 2402 2198 2443 ma-

536 2491 694 2546 gnus
749 2473 831 2530 ait
874 2473 1193 2542 theologus
1250 2472 1903 2543 Gregorius,obtulerit
1951 2474 2197 2547 quidem

533 2565 656 2621 Deo
684 2562 863 2629 Patri,
903 2578 1028 2618 non
1073 2565 1277 2618 tamen
1325 2561 1458 2633 ipse
1510 2562 1858 2632 Unigenitus
1900 2565 2198 2637 exceperit

531 2659 834 2727 quatenus
881 2652 1060 2722 Deus,
1089 2651 1354 2723 itemque
1397 2649 1648 2723 Spiritus
1694 2658 1983 2722 sanctus;
2013 2654 2092 2709 ita
2134 2657 2197 2710 ut

528 2743 646 2801 hac
670 2742 1069 2800 afﬁrmatione
1086 2740 1411 2798 excludant
1429 2741 1631 2814 ipsum
1658 2742 1758 2798 Dei
1778 2741 2061 2808 Verbum,
2081 2759 2192 2800 nec

527 2847 656 2890 non
696 2829 1278 2889 consubstantialem
1307 2835 1367 2887 et
1403 2830 1855 2900 congloriosum
1902 2832 2190 2905 Spiritum

525 2922 925 2994 Paracletum,
946 2938 981 2980 a
1006 2920 1195 2980 divini
1220 2921 1470 2979 honoris
1489 2922 1745 2995 puritate
1776 2938 1848 2980 ac
1872 2922 2184 2997 dignitate,

526 3013 873 3072 anathema.

595 3189 673 3246 lis
699 3189 805 3264 qui
834 3194 1148 3262 peractum
1195 3188 1465 3261 quotidie
1514 3187 1875 3245 sacriﬁcium
1907 3205 1944 3245 a
1972 3189 2186 3248 Christi

525 3279 945 3338 sacerdotibus
997 3278 1207 3335 divina
1266 3278 1554 3351 mysteria
1614 3279 2009 3336 tractantibus
2060 3298 2181 3339 non

521 3366 866 3426 concedunt
894 3372 1117 3424 sancta
1152 3366 1416 3424 Trinitati
1460 3366 1678 3440 offerri,
1707 3369 2185 3429 contradicentes

523 3456 748 3515 sanctis
767 3456 1108 3529 divinisque
1126 3456 1399 3512 Patribus
1419 3456 1631 3513 Basilio
1653 3462 1710 3513 et
1730 3458 2180 3531 Chrysostomo,

521 3546 889 3622 quibuscum
917 3546 1301 3603 consentiunt
1326 3552 1382 3603 et
1408 3545 1620 3621 reliqui
1648 3546 1809 3620 pleni
1830 3551 1949 3606 Deo
1976 3550 2180 3609 Patres

521 3636 586 3694 in
614 3635 745 3693 suis
771 3634 1152 3693 sermonibus
1180 3639 1362 3709 atque
1392 3635 1626 3710 scriptis
1652 3653 1665 3693 :
1698 3637 2046 3697 anathema.

590 3926 670 3984 Iis
696 3927 804 4001 qui
853 3942 993 3983 cum
1028 3925 1287 3983 audiunt
1332 3928 1707 3985 Servatorem
1732 3926 1794 3983 in
1822 3926 2096 3985 instituto
2137 3943 2175 3985 a

517 4032 582 4073 se
616 4017 966 4074 divinorum
1008 4015 1439 4087 mysteriorum
1483 4015 1782 4072 sacriﬁcio
1828 4015 2170 4074 dicentem:

513 4107 647 4163 Hoc
686 4107 877 4176 facite
918 4107 981 4160 in
1026 4120 1218 4162 meam
1263 4106 1966 4174 commemorationem“,
2007 4105 2175 4163 haud

512 4198 672 4251 recte
687 4193 1025 4260 intelligunt
1038 4191 1409 4249 vocabulum
1424 4195 2175 4266 commemorationem,sed

512 4283 713 4339 dicere
733 4282 960 4339 audent
982 4281 1151 4354 quod
1172 4280 1513 4338 sacerdotes
1536 4281 1912 4355 phantastice
1937 4288 1994 4340 et
2021 4284 2173 4342 ima-

512 4371 743 4443 ginarie
796 4376 1093 4428 renovant
1145 4375 1461 4443 peractum
1508 4385 1546 4428 a
1599 4373 1909 4428 Servatore
1964 4378 2171 4432 nostro

1922 256 2188 314 NICETIE
2227 256 2594 315 ΟΗΟΝΙΑῚῈ

3836 282 3945 337 176

2261 382 2308 436 Α

2878 393 2981 441 Τοῦ
3023 396 3392 464 Δαμασκηνοῦ.

2406 470 2464 524 Ὀ
2636 474 2762 527 ὅλων
2806 481 2936 540 Θεὸς
2979 485 3069 533 καί
3116 488 3296 560 Πατὴρ
3336 485 3502 539 καθ’ὂ
3546 492 3751 565 Πατὴρ,
3783 490 3945 563 θέλει,

2333 561 2389 651 ῆΔ
2416 563 2536 615 καθ’
2574 562 2600 614 6
2640 568 2806 632 916;;
2852 566 2987 620 Ἀλλ’
3018 569 3064 622 εἰ
3105 575 3196 643 μὲν
3243 574 3364 628 καθ’
3401 574 3428 627 6
3470 581 3676 651 Πατὴρ,
3698 561 3833 633 ’ἄλλο
3877 561 3945 634 τὸ

2332 649 2492 703 αὐτοῦ
2536 654 2684 706 ἔσται
2726 658 2869 730 παρὰ
2909 661 2969 710 τὸ
3013 667 3106 712 τοῦ
3154 664 3280 715 Υἰοῦ
3326 663 3560 738 θᾶημα·
3594 667 3654 720 οῦ
3682 671 3785 743 γὰρ
3827 676 3943 723 Πα-

2328 744 2427 815 τὴρ
2474 740 2500 794 δ
2548 744 2703 805 Υἱός·
2756 744 2800 798 εἰ
2840 743 2900 800 δὴ
2943 749 3060 802 καθ’
3092 749 3118 802 ὁ
3151 756 3326 822 Θεὸςη
3356 758 3487 817 Θεὸς
3531 753 3592 810 δὲ
3628 740 3773 812 me
3812 762 3943 825 Υἱὸς

2328 834 2420 882 καί
2465 834 2525 883 1'6
2576 838 2787 907 Πνεῦμα
2837 839 2896 889 τό
2950 837 3126 910 ἅγιον,
3181 842 3286 914 ἄρα
3330 846 3390 896 τό
3445 844 3646 919 θέλημα
3697 850 3940 920 φύσεως,

2328 923 2490 991 ἤγουν
2541 927 2783 993 φυσικόν,
2827 930 2928 979 Καί
2985 931 3051 980 σὺ
3099 937 3226 1000 γοῦν
3267 935 3404 985 κατὰ
3454 942 3633 988 τοῦτον
3682 936 3941 1011 συλλογι-

2330 1012 2551 1104 σάμενος
2607 1009 2908 1086 ἐρώτησον·
2963 1014 3022 1069 Ὀ
3073 1025 3175 1070 τῶν
3229 1019 3355 1073 ὅλων
3409 1027 3537 1085 Θεὸς
3595 1031 3685 1079 καί
3745 1009 3936 1104 Πατὴρ

2325 1098 2443 1152 καθ’
2488 1099 2515 1151 6
2563 1106 2746 1175 Πατὴρ
2786 1102 3139 1178 προσεδέξατο
3176 1112 3236 1161 1'6
3283 1118 3376 1163 τοῦ
3420 1120 3738 1185 Μονογενοῦς
3772 1098 3935 1189 αἷμα,

2323 1190 2444 1243 καθ’
2483 1189 2509 1242 6
2547 1196 2715 1260 816g;
2745 1192 2883 1247 Ἀλλ’
2922 1194 2966 1248 εἰ
3135 1199 3254 1252 καθ’
3298 1199 3324 1252 ὃ
3373 1206 3577 1275 Πατὴρ,
3609 1202 3737 1264 ἄλλη
3766 1205 3938 1260 αὐτοῦ

2322 1282 2470 1333 ἔσται
2510 1285 2652 1356 παρά
2692 1287 2788 1342 τὴν
2830 1292 2922 1338 τοῦ
2964 1288 3089 1339 Υίοῦ
3139 1284 3364 1362 δύναμίς
3416 1311 3470 1344 τε
3520 1297 3611 1346 καί
3662 1293 3935 1369 ίνέργεια·

2322 1369 2381 1423 οῦ
2433 1372 2535 1444 γὰρ
2586 1376 2767 1446 Πατὴρ
2809 1374 2835 1426 6
2870 1379 3023 1438 Υἱός·
3070 1377 3115 1430 εὶ
3156 1374 3217 1432 δε
3262 1381 3382 1433 καθ’
3430 1380 3456 1433 ὃ
3507 1386 3649 1452 Θεὸς,
3690 1388 3821 1448 Θεὸς
3875 1383 3943 1440 δε

2320 1464 2411 1512 καί
2461 1460 2487 1512 6
2530 1462 2653 1525 Υἱὸς
2697 1468 2789 1516 καί
2845 1468 2905 1518 1'6
2954 1462 3165 1541 Πνεῦμα
3207 1472 3266 1521 τό
3313 1469 3502 1542 ἅγιον,
3564 1474 3670 1546 οῖρα
3717 1478 3778 1527 τὸ
3837 1485 3941 1530 τοῦ

2319 1556 2634 1621 Μονογενοῦς
2674 1553 2806 1625 αἷμα
2844 1562 2936 1607 τοῦ
2975 1554 3082 1617 ἐνὸς
3126 1564 3221 1620 τῆς
3260 1558 3409 1631 ἁγίας
3446 1558 3698 1637 Τριάδος,
3725 1565 3757 1623 ἡ
3792 1565 3936 1626 αὕτη

2318 1638 2447 1711 ἁγία
2474 1642 2631 1715 Τριὰς
2659 1641 2777 1695 καθ’
2807 1642 2834 1696 6
2864 1648 2982 1706 Θεὸς
3023 1643 3390 1721 προσεδεξατο.

2243 1741 2287 1798 Β

2318 1859 2402 1913 Ἐκ
2431 1867 2524 1912 τοῦ
2557 1856 2721 1914 συνοὸ
2728 1868 2841 1914 ικοῦ
2880 1870 2972 1946 ⁶τοῦ
3006 1872 3495 1946 ριναγινωσκομίνου
3521 1866 3570 1921 ἓν
3597 1877 3658 1943 τῇ
3700 1871 3928 1946 Μεγάλῃ

2883 1934 3068 1995 Ἐκκλη
3078 1934 3169 2010 σία
3205 1938 3340 2011 (23).

2380 2046 2499 2100 Τοῖς
2534 2038 2775 2112 λέγουσιν
2814 2043 2892 2094 ὅτι
2920 2047 3016 2102 τὴν
3065 2043 3114 2096 ἐν
3157 2053 3230 2117 τῷ
3276 2054 3444 2122 καιρῷ
3491 2056 3583 2100 τοῦ
3628 2068 3927 2122 κοσμοσω-

2307 2133 2491 2203 τηρίου
2530 2136 2622 2181 τοῦ
2676 2134 2871 2205 Κυρίου
2914 2137 3005 2184 καί
3044 2140 3177 2185 Θεοῦ
3225 2139 3314 2187 καί
3353 2142 3586 2210 Σωτῆρος
3624 2139 3770 2211 ἡμῶν
3802 2139 3925 2198 Ἰη-

2311 2229 2406 2274 σοῦ
2450 2229 2686 2297 Χριστοῦ
2716 2225 3118 2295 προσαχθεῖσαν
3149 2225 3275 2301 ὑπὲρ
3322 2234 3417 2289 τῆς
3456 2229 3600 2299 ἡμῶν
3651 2235 3927 2305 σωτηρίας

2307 2312 2432 2388 παρ’
2489 2312 2650 2365 αὐτοῦ
2706 2315 2892 2366 θυσίαν
2952 2322 3045 2367 τοῦ
3096 2320 3273 2388 τιμίου
3328 2317 3490 2370 αὐτοῦ
3559 2324 3802 2392 σώματός
3859 2342 3926 2375 τε

2306 2407 2397 2454 καί
2440 2403 2677 2476 αἵματος,
2727 2405 2792 2463 ὡς
2840 2401 3125 2478 ἀρχιερέως
3161 2407 3298 2459 κατὰ
3344 2410 3402 2460 1'6
3458 2405 3779 2481 ἀνθρώπινον
3835 2406 3877 2463 δ
3883 2413 3929 2463 ι’

2306 2493 2446 2565 ἡμᾶς
2486 2498 2945 2567 χρηματίσαντος,
2993 2498 3170 2571 ὅτιπερ
3212 2498 3238 2549 ὁ
3277 2497 3431 2559 αὗτός
3479 2504 3569 2552 καί
3611 2502 3768 2562 θύτης
3819 2510 3924 2558 καί

2307 2584 2449 2655 θῦμα
2493 2586 2631 2636 κατὰ
2676 2586 2763 2637 τόν
2810 2583 2969 2636 πολὺν
3016 2587 3064 2637 ἐν
3111 2585 3347 2659 θεολογίᾳ
3390 2594 3696 2664 Γρηγόριον,
3743 2612 3920 2665 προσ-ο

2304 2676 2475 2743 ἡγαγε
2518 2675 2610 2745 μὶν
2654 2672 2806 2734 αὐτὸς
2857 2681 2931 2744 τῷ
2989 2682 3104 2745 Θεῷ
3150 2681 3241 2728 καί
3297 2683 3486 2753 Πατρί,
3536 2678 3595 2732 οῦ
3649 2678 3913 2755 προσεδέ-

2301 2761 2425 2824 ξατο
2466 2758 2527 2815 δὲ
2569 2765 2635 2824 ὡς
2679 2766 2805 2825 Θεὸς
2842 2765 2974 2835 μετὰ
3015 2769 3109 2816 τόῦ
3145 2769 3351 2841 Πατρός
3394 2766 3547 2829 αὐτὸς
3589 2787 3643 2822 τε
3672 2770 3700 2821 6
3728 2776 3905 2825 Μονο-

2297 2853 2447 2925 γενῆς
2505 2856 2596 2906 καί
2656 2855 2715 2905 τὸ
2775 2858 2987 2925 Πνεῦμα
3040 2858 3100 2906 1'6
3162 2854 3311 2927 ἅγιον
3341 2871 3355 2884 '
3422 2859 3492 2920 ὡς
3548 2853 3643 2910 διὰ
3703 2862 3895 2912 τούτων

2297 2940 2636 3006 ἀποξενοῦσιν
2677 2943 2831 2995 αὐτόν
2870 2963 2925 2996 τε
2967 2947 3054 2995 τὸν
3103 2947 3231 2998 Θεὸν
3272 2949 3442 3017 Λόγον
3489 2951 3579 2999 καί
3615 2951 3672 3000 τὸ
3713 2949 3905 3021 ὀμ.οού-

2297 3050 2410 3084 σιον
2461 3038 2551 3085 καί
2608 3029 2862 3105 ὁμόδοξον
2914 3036 3102 3086 τούτου
3164 3034 3504 3110 Παράκλητον
3545 3043 3755 3110 Πνεῦμα
3806 3047 3903 3101 τῆς

2226 3096 2266 3151 C
2298 3124 2605 3198 θεοπρεποῦς
2635 3096 2914 3195 ὸμοτιμίας
2942 3141 2997 3175 τε
3024 3127 3116 3175 καί
3146 3096 3315 3190 ἀξίας,
3350 3122 3600 3198 ἀνάθεμα.

2365 3222 2487 3275 Τοῖς
2528 3217 2622 3272 τὴν
2670 3212 2786 3266 καθ’
2830 3212 3053 3271 ἑκάστην
3100 3219 3498 3288 προσαγομένην
3541 3218 3725 3270 θυσίαν
3767 3219 3901 3292 ὑπὲρ

2292 3312 2394 3357 τῶν
2441 3301 2844 3377 παραλαϐόντων
2886 3300 2987 3355 ἀπὸ
3038 3310 3271 3378 Χριστοῦ
3328 3312 3427 3358 τῶν
3475 3307 3619 3359 θείων
3680 3318 3900 3380 μυστη-

2291 3400 2417 3470 ρίων
2450 3396 2766 3469 ἱερουργίαν,
2799 3396 2871 3464 μὴ
2916 3388 3224 3466 δεχομένοις
3263 3400 3325 3467 τῇ
3359 3393 3487 3467 ἁγία
3510 3393 3703 3468 Τριάδι
3732 3417 3899 3472 προσ.

2292 3486 2555 3558 ἄγεσθαι,
2615 3486 2683 3545 ὡς
2747 3480 3226 3555 ἀντίφθεγγομένοις
3284 3481 3507 3537 ἐντεῦθεν
3567 3492 3675 3549 τοῖς
3744 3486 3899 3560 ἱεροῖς

2289 3579 2381 3627 καί
2426 3576 2583 3634 θείοις
2631 3572 2872 3646 Πατράσι
2919 3570 3166 3642 Βασιλείῳ
3210 3590 3263 3624 τε
3315 3576 3407 3625 καί
3458 3581 3529 3645 τῷ
3580 3573 3891 3650 Χρυσορῥή-

2288 3683 2426 3738 μονι,
2475 3658 2547 3723 οἷς
2587 3667 2929 3734 συμφωνοῦσι
2975 3665 3065 3713 καί
3112 3662 3161 3713 οἱ
3204 3660 3377 3715 λοιποί
3436 3663 3671 3738 θεοφόροι
3729 3668 3892 3718 Πατί-

2286 3773 2372 3828 ρες
2437 3750 2487 3805 ἓν
2537 3757 2649 3813 τοῖς
2703 3749 2916 3813 οἰκείοις
2969 3748 3141 3822 λόγοις
3197 3769 3251 3803 τε
3305 3754 3397 3803 καί
3454 3754 3893 3828 συγγράμμασιν,

2288 3841 2541 3917 ἀνάθεμα.

2356 3939 2475 3996 Τοῖς
2534 3929 2790 3984 ἀκούουσι
2841 3933 2931 4003 μεν
2992 3937 3084 3983 τοῦ
3140 3936 3377 4004 Σωτῆρος
3432 3934 3552 4005 περί
3607 3938 3704 3995 τῆς
3763 3935 3898 4007 παρ’

2285 4023 2446 4077 αὐτοῦ
2506 4016 2906 4095 παραδοθείσης
2968 4027 3068 4071 τῶν
3132 4020 3277 4072 θείων
3341 4024 3649 4095 μυστηρίων
3712 4039 3895 4097 ερουρ,

2282 4118 2438 4185 γίας,
2488 4110 2761 4183 λέγοντοςο
2810 4116 2975 4162 Τοῦτο
3026 4115 3219 4161 ποιεῖτε
3282 4108 3355 4169 εἰς
3405 4113 3500 4168 τῆν
3560 4106 3688 4182 ἄμην
3755 4108 3892 4165 ἀνά-

2282 4222 2512 4276 μνησιν,
2580 4205 2651 4273 μὴ
2722 4197 3186 4272 ἕκλαμϐανομένοις
3251 4194 3312 4251 δε
3375 4198 3544 4273 ὀρθῶς
3601 4204 3696 4259 τὴν
3754 4198 3891 4254 ἀνά..

2281 4313 2494 4367 μνησιν,
2532 4290 2661 4344 ἀλλὰ
2712 4288 2943 4361 τολμῶσι
2979 4287 3141 4360 λέγειν
3200 4290 3281 4341 ὅτι
3332 4294 3557 4350 καινίςει
3600 4309 3893 4363 φανταστι-

2281 4391 2385 4444 κῶς
2431 4385 2523 4433 καί
2570 4378 2829 4438 εἰκονικῶς
2875 4380 2967 4435 τὴν
3007 4374 3091 4429 ἐπί
3127 4385 3219 4430 τοῦ
3256 4381 3433 4451 τιμίου
3480 4387 3711 4453 σταυροῦ
3740 4384 3891 4455 παρὰ

508 4462 573 4520 in
613 4462 875 4535 pretiosa
918 4476 1093 4519 cruce
1136 4460 1498 4517 sacriﬁcium
1540 4462 1632 4518 sui
1676 4463 1945 4535 corporis
1986 4470 2168 4539 atque

2299 4478 2371 4524 τοῦ
2428 4476 2669 4543 Σωτῆρος
2723 4468 2870 4538 ἡμῶν
2930 4467 3266 4540 πραχθεῖσαν
3329 4467 3517 4520 θυσίαν
3581 4450 3675 4520 τοῦ
3738 4450 3886 4522 ἰδίου

508 4551 824 4622 sanguinis
846 4551 925 4608 ob
950 4565 1342 4608 communem
1362 4550 1647 4608 humanm
1675 4557 1909 4609 natura:
1937 4554 2169 4613 redem-

505 4640 776 4715 ptionem
807 4655 879 4697 ac
896 4639 1412 4714 propitiationem,
1436 4640 1584 4697 dum
1611 4641 2033 4715 quotidianam
2061 4646 2167 4703 ho-

507 4730 688 4787 stiam
713 4728 975 4787 offerunt
1002 4745 1073 4787 eo
1093 4729 1209 4787 ritu
1227 4745 1412 4803 quem
1446 4732 1726 4789 Servator
1749 4734 2165 4808 Dominusque

502 4824 708 4879 noster
742 4820 989 4877 tradidit
1014 4839 1028 4889 ;
1057 4819 1317 4892 ideoque
1353 4819 1655 4878 diversum
1682 4838 1815 4879 esse
1845 4824 1962 4882 hoc
1986 4825 2166 4882 sacri-

500 4910 708 4968 ﬁcium
741 4914 1021 4967 astruunt
1043 4908 1125 4965 ab
1154 4908 1253 4966 illo
1283 4909 1451 4983 quod
1484 4911 1759 4970 Servator
1785 4917 1990 4970 noster
2017 4913 2163 4971 olim

499 5001 750 5073 peregit,
777 4999 857 5057 ad
903 4999 1189 5073 idemque
1234 5000 1477 5057 nonnisi
1507 5003 1885 5074 phantastice
1914 5008 1973 5061 et
2014 5004 2164 5061 ima-

500 5092 732 5161 ginarie
758 5090 1001 5160 referri;
1033 5090 1149 5159 his,
1179 5089 1453 5164 inquam,
1485 5097 1758 5168 tanquan
1811 5094 2161 5152 evacuanti-

498 5179 617 5237 bus
653 5179 948 5239 tremendi
982 5179 1295 5254 divinique
1337 5181 1615 5240 sacriﬁcii
1644 5183 2020 5257 mysterium,
2052 5198 2163 5258 per

568 5341 618 5377 “
656 5342 795 5399 Luc.
822 5356 966 5411 χιιι,
1002 5345 1091 5399 l9.

2280 4563 2523 4633 σώματός
2580 4575 2634 4609 τε
2685 4559 2776 4608 καὶ
2827 4557 3048 4627 αἵματος
3095 4555 3168 4619 εἰς
3208 4558 3379 4608 κοινόν
3431 4564 3522 4617 τῆς
3552 4555 3888 4631 ἀνθρωπίνης

2276 4652 2475 4723 φύσεως
2502 4647 2686 4721 λύτρον
2728 4664 2782 4697 τε
2810 4649 2900 4697 καί
2929 4643 3187 4718 ἕξίλασμα
3222 4647 3252 4704 ἠ
3295 4645 3413 4698 καθ’
3448 4645 3675 4705 ἑκάστην
3712 4666 3882 4721 προσ-

2274 4742 2499 4811 αγομίνη
2566 4738 2727 4789 θυσία
2789 4738 2933 4810 παρὰ
2996 4743 3094 4787 τῶν
3159 4737 3226 4787 τὰ
3296 4737 3409 4788 θεῖα
3476 4738 3883 4810 ἱερουργούντων

2272 4832 2561 4901 μυστήρια,
2604 4828 2779 4888 καθὼς
2827 4827 2853 4877 6
2902 4829 3079 4899 Σωτὴρ
3131 4824 3277 4897 ἡμῶν
3324 4829 3415 4878 καί
3464 4830 3730 4887 Δεσπότης
3774 4834 3882 4880 τῶν

2271 4914 2398 4970 ὅλων
2441 4912 2752 4990 παρέδωκε·
2800 4919 2891 4967 καί
2941 4909 3035 4967 διὰ
3080 4921 3234 4967 τοῦτο
3281 4912 3440 4973 ἄλλην
3493 4911 3624 4967 εἶναι
3677 4917 3881 4975 ταύτην

2269 5008 2414 5080 παρὰ
2467 5010 2563 5065 τὴν
2604 5003 2657 5068 ἐξ
2705 5003 2880 5080 ἀρχῆς
2937 5012 3010 5075 τῷ
3059 5009 3262 5076 Σωτῆρι
3311 5003 3672 5077 τετελεσμένην
3726 5005 3877 5059 εἰσά-

2268 5115 2448 5169 γουσι,
2494 5100 2584 5148 καί
2642 5096 2773 5167 πρὸς
2824 5092 3017 5151 ἐκείνην
3063 5101 3421 5166 φανταστικῶς
3473 5098 3562 5146 καί
3607 5092 3878 5158 εἰκονικῶς

2271 5183 2684 5261 ἀναφερομένην·
2726 5186 2796 5246 ὡς
2832 5190 3042 5236 κινοῦσι
3089 5185 3147 5235 τὸ
3196 5191 3288 5244 τῆς
3332 5192 3550 5257 φρικτῆς
3597 5188 3687 5236 καί
3735 5184 3877 5246 θείας

567 5517 879 5600 (23).Li_br_i
909 5520 1184 5600 synodici
1212 5522 1461 5600 Magnae,
1488 5521 1563 5600 id
1595 5524 1684 5600 est
1711 5520 2396 5600 Qonstantinopolitanm
2425 5524 2702 5584 Ecclesiae
2739 5522 2936 5581 bonas
2964 5520 3312 5596 particulas,
3339 5537 3451 5580 nos
3479 5522 3868 5582 recitavimus

493 5601 571 5646 ex
595 5588 735 5648 θοὰ.
767 5591 897 5650 Vat.
925 5588 1199 5667 Spicileg.
1229 5597 1269 5651 t.
1300 5588 1412 5663 V11,
1441 5592 1504 5650 in
1527 5592 1905 5652 Praefatione.
