4148 6390
217 374 316 436 177
1545 371 1838 437 THESAUI

1967 378 2060 438 .IB.
2102 375 2285 437 xxrv.
2380 458 2383 461 Α

3498 384 3600 441 178

218 506 518 582 ἱερουργίας
579 510 898 582 μυστήριον,
967 497 1042 558 δι’
1106 502 1167 558 οὔ
1230 506 1317 557 τὸν
1391 511 1487 566 τῆς
1546 503 1836 577 μελλούσης

1967 505 2115 577 ιι]οά
2156 504 2367 561 futurae
2415 504 2550 562 vitae
2590 503 2832 565 arrham
2865 506 3224 580 accipimus;
3268 509 3603 580 praesertim

226 594 366 657 ζωῆς
420 594 697 671 ἀρραϐῶνα
740 595 1104 671 λαμϐάνομεν·
1173 598 1264 646 καὶ
1322 600 1486 646 ταῦτα
1538 601 1631 647 τοῦ
1695 597 1835 648 θείου

229 688 434 757 Πατρός
488 687 726 739 Ἰωάννου
788 693 882 739 τοῦ
929 689 1198 758 πανσόφου
1250 687 1342 736 καὶ
1400 683 1839 759 χρυσορῥήμονος

231 770 632 849 ὃιατρανοῦντος
696 783 790 837 τῆς
862 777 1048 836 θυσίας
1110 777 1169 827 τὸ
1246 771 1663 847 ἀπαράλλακτον,
1748 777 1840 825 καὶ

229 870 360 938 μίαν
406 870 495 917 καὶ
530 870 624 924 τὴν
660 865 824 924 αὐτὴν
861 861 989 918 εἶναι
1038 864 1325 937 φάσκοντος
1379 860 1427 914 ἕν
1476 862 1689 924 πολλαῖς
1738 871 1839 914 τῶν

229 961 327 1006 τοῦ
410 954 634 1027 μεγάλου
721 953 930 1008 Παύλου
1011 954 1186 1029 ῥητῶν
1287 950 1615 1024 ἐξηγήσεσιν,
1719 950 1841 1004 ἀνά-

232 1044 388 1116 θεμα.

301 1140 424 1195 Τοῖς
457 1135 715 1206 χρονικάς
765 1130 1076 1195 διαστάσεις
1121 1131 1205 1186 ἐπὶ
1252 1140 1344 1193 τῆς
1382 1129 1712 1203 καταλλαγῆς
1743 1139 1837 1193 τῆς

224 1219 553 1295 ἀνθρωπίνης
608 1224 807 1294 φύσεως
870 1224 997 1295 πρὸς
1059 1225 1154 1281 τὴν
1215 1222 1354 1273 θείαν
1419 1225 1510 1271 καὶ
1574 1224 1838 1294 μακαρίαν

216 1312 378 1382 φύσιν
446 1319 545 1371 τῆς
610 1310 925 1385 ζωαρχικῆς
998 1315 1090 1364 καί
1164 1310 1538 1384 πανακηράτου
1611 1306 1838 1384 Τριάδος

1162 1405 1256 1453 καὶ
1307 1404 1556 1475 πρότερον
1610 1402 1701 1471 μὲν
1762 1406 1834 1469 τῷ

219 1494 488 1562 μονογενεῖ
568 1492 716 1561 Δὸγῳ
788 1492 1161 1563 νομοθετοῦσιν
1220 1487 1273 1552 ἐξ
1340 1488 1469 1547 αὖτῆ
1483 1508 1505 1549 ς
1567 1487 1836 1546 κατηλλά-

216 1581 362 1651 χθαι
405 1579 550 1651 ἡμᾶς
587 1586 683 1641 τῆς
720 1577 1087 1649 προσλήψεως,
1135 1578 1350 1652 ὕστερον
1387 1574 1447 1631 δὲ
1485 1586 1557 1649 τῷ
1588 1584 1703 1647 Θεῷ
1742 1582 1833 1630 καὶ

218 1673 395 1743 "arpi
436 1671 575 1721 κατὰ
621 1670 681 1721 τὸ
735 1673 993 1742 σωτήριον
1039 1669 1205 1730 πάθος
1257 1675 1349 1722 τοῦ
1395 1671 1658 1721 Δεσπότου
1703 1674 1832 1742 Χρι-

217 1398 489 1452 ἐπινοοῦσι
526 1404 619 1451 καὶ
664 1401 1052 1474 παρεισάγουσι
1085 1420 1098 1435 ι

221 1766 376 1827 στοῦ,
428 1763 521 1812 καὶ
574 1755 850 1833 διαιροῦσι
899 1761 965 1811 τὰ
1017 1755 1314 1833 ἀδιαίρετα,
1373 1766 1473 1811 τῶν
1542 1759 1688 1810 θείων
1743 1762 1834 1810 καὶ

1946 610 2087 649 cum
2116 593 2292 650 divus
2323 597 2492 651 Pater
2521 600 2575 651 et
2600 596 3077 667 sapientissimus
3113 598 3374 653 Joannes
3420 598 3603 670 Chry-

1947 689 2253 741 sostomus
2271 684 2587 758 perspicue
2607 685 2877 742 docuerit
2890 685 3118 742 nullam
3139 702 3271 744 esse
3288 688 3600 760 utriusque

1949 772 2225 829 sacriﬁcii
2255 772 2674 841 differentiam,
2705 789 3017 847 unumque
3049 780 3105 830 et
3136 775 3296 830 idem
3340 774 3603 831 affirma-

1945 862 2097 918 verit
2136 863 2197 919 in
2239 862 2445 920 multis
2488 863 2699 936 magni
2742 864 2905 920 Pauli
2951 864 3542 938 interpretationibus
3580 883 3594 922 :

1946 953 2291 1011 anathema.

2017 1129 2092 1185 Iis
2121 1129 2223 1202 qui
2255 1133 2596 1203 temporum
2618 1129 2930 1187 distantias
2956 1130 3019 1188 in
3048 1130 3462 1188 conciliatione
3489 1130 3598 1188 hu-

1947 1235 2142 1275 manae
2173 1224 2398 1275 natura:
2430 1236 2570 1275 cum
2611 1218 2815 1275 divina
2837 1219 3138 1293 beateque
3174 1220 3429 1276 viviﬁcze
3460 1236 3599 1277 san-

1944 1308 2343 1381 ctissimmque
2373 1309 2666 1364 Trinitatis
2682 1309 3022 1380 excogitant
3052 1315 3233 1382 atque
3261 1310 3555 1366 invehunt
3580 1327 3596 1375 ;

1942 1403 1998 1454 et
2028 1398 2224 1471 primo
2263 1397 2513 1471 quidem
2561 1403 2832 1455 statuunt
2873 1415 2984 1454 nos
3026 1399 3212 1456 fuisse
3247 1399 3599 1456 conciliatos

1943 1486 2250 1558 unigenito
2295 1485 2487 1543 Verbo
2526 1487 2584 1543 vi
2620 1493 2954 1560 assumptm
2983 1490 3061 1545 ab
3089 1488 3223 1561 ipso
3252 1488 3598 1545 humanita-

1940 1575 2033 1646 tis,
2066 1580 2279 1649 postea
2308 1592 2447 1633 vero
2468 1576 2818 1634 conciliatos
2842 1592 3087 1650 quoque
3110 1580 3229 1633 Deo
3261 1577 3419 1633 Patri
3451 1583 3598 1633 tem-

1939 1682 2087 1739 pore
2108 1665 2384 1722 salutaris
2412 1665 2715 1738 passionis
2745 1667 2959 1722 Christi
2992 1667 3224 1723 Domini
3256 1685 3269 1735 ;
3304 1672 3485 1740 atque
3515 1666 3599 1724 ita

1941 1755 2219 1812 dividunt
2259 1754 2687 1824 indivisibilia;
2738 1772 2878 1812 cum
2915 1760 3125 1812 contra
3162 1755 3286 1812 divi
3316 1756 3598 1828 beatique

223 1853 497 1923 μακαρίων
550 1853 793 1925 Πατέρων
840 1844 935 1901 διὰ
975 1855 1068 1902 τοῦ
1125 1857 1223 1911 τῆς
1267 1849 1565 1921 οἰκονομίας
1621 1866 1833 1921 μυσγη-

1967 1845 2148 1901 ’atres
2190 1861 2298 1918 per
2326 1845 2674 1902 universum
2705 1844 2888 1901 simul
2914 1844 3348 1901 incarnationis
3378 1851 3600 1917 myste-

224 1943 349 2015 ρίου
400 1940 606 2005 παντὸς,
659 1936 976 2000 καταλλάξαι
1030 1939 1171 2011 ἡμᾶς
1225 1937 1392 2009 ἑαυτῷ
1434 1941 1522 1990 τὸν
1570 1943 1831 2009 Μονογενῆ

226 2024 616 2094 δὶδασκόντων,
666 2032 757 2080 καὶ
799 2024 873 2080 δι’
929 2026 1114 2081 ἑαυτοῦ
1170 2047 1225 2081 τε
1279 2032 1370 2081 καὶ
1424 2026 1562 2098 αὐτῷ
1604 2034 1675 2098 τῷ
1721 2033 1836 2096 Θεῷ

217 2123 314 2171 καὶ
384 2122 580 2192 Πατρὶ,
635 2116 929 2178 ἀκολούθως
978 2114 1037 2171 δὲ
1082 2119 1290 2181 πάντως
1340 2121 1431 2170 καὶ
1478 2124 1551 2187 τῷ
1598 2119 1837 2187 παναγίῳ

215 2213 313 2261 καὶ
384 2210 625 2279 ζωοποιῷ
676 2208 962 2280 Πνεῦματι,
1013 2208 1081 2270 ὡς
1141 2215 1331 2260 καινῶν
1386 2206 1703 2279 ζητημάτων
1750 2208 1837 2257 καὶ

220 2295 454 2371 ἕκφύλων
476 2295 788 2370 ἕφευρεταίς,
822 2294 1073 2370 ἀνάθεμα.

465 2447 555 2495 ΤΟ
594 2445 708 2494 ΕΠῙ
746 2446 837 2513 Τῼ.
875 2444 1252 2494 ΑΝΑΦΥΕΝΤΙ
1293 2442 1595 2493 ΛΟΓΜΑΤῙ

388 2570 563 2621 ΠΑΡΑ
606 2572 741 2619 ΤΟΥ
781 2572 1268 2620 ΠΑΝΤΕΥΓΕΝΟΥ
1304 2570 1683 2619 ΣΩΤΗΡΙΧΟΥ

679 2698 978 2747 ΓΕΓΟΝΟΣ
1016 2697 1389 2747 ΣΗΜΕΙΩΜΑ.

289 2858 441 2912 Μηνὶ
478 2855 656 2924 Μαΐῳ,
706 2851 779 2926 ιβ’
827 2854 1018 2927 ἡμέρᾳ,
1072 2848 1156 2906 ὶνδ
1199 2872 1253 2911 ε.
1304 2853 1709 2926 Προκαθημένου
1749 2859 1839 2905 τοῦ

220 2947 546 2998 θεοστὲπτου
618 2945 759 3015 ἡμῶν
844 2941 1103 3016 βασιλέως
1204 2942 1587 3018 αὐτοκράπορος
1678 2948 1840 3016 κυροῦ

229 3031 491 3091 Μανουήλ
552 3038 644 3083 τοῦ
705 3037 972 3105 Κομνηνοῦ
1034 3030 1082 3085 ἐν
1133 3039 1207 3103 τῷ
1267 3030 1501 3104 παλατίῳ
1559 3040 1659 3084 τῶν
1716 3031 1843 3084 Βλα⁴

230 3127 461 3194 χερνῶν,
509 3124 899 3195 παρισταμένων
1060 3119 1185 3193 ἁγίᾳ
1231 3120 1392 3172 αὐτοῦ
1441 3118 1691 3194 βασιλείᾳ
1742 3127 1841 3171 τῶν

1942 1933 2101 1991 rium
2141 1934 2255 1990 sibi
2294 1950 2405 1991 nos
2445 1934 2792 1990 conciliatos
2835 1932 2915 1990 ab
2955 1934 3268 2004 Unigenito
3315 1933 3597 2001 doceant,

1945 2028 2001 2081 et
2057 2039 2164 2096 per
2209 2023 2410 2096 ipsum
2465 2027 2586 2079 Deo
2638 2022 2813 2093 Patri,
2864 2027 3424 2097 consequenterque
3475 2039 3604 2079 om-

1944 2114 2088 2169 nino
2136 2113 2316 2169 etiam
2354 2112 2733 2169 sanctissimo
2774 2117 2831 2169 et
2868 2111 3107 2169 viviﬁco
3155 2111 3437 2185 Spiritui:
3482 2111 3600 2181 his,

1943 2201 2218 2275 inquam,
2249 2206 2542 2275 tanquam
2573 2218 2868 2259 novarum
2899 2201 3303 2274 quaestionum
3334 2205 3390 2258 et
3432 2216 3603 2274 pere-

1944 2292 2257 2363 grinarum
2283 2291 2655 2361 auctoribus,
2682 2290 3030 2349 anathema.

2479 2436 2663 2493 ACTA
2720 2436 3070 2494 SYNODICA

2159 2562 2248 2619 DE
2289 2563 2623 2620 DOGMATE
2664 2563 2870 2619 CUJUS
2907 2562 3187 2619 AUCTOR
3238 2561 3391 2618 FUIT

2265 2689 2780 2746 PANTEUGENUS
2830 2689 3282 2746 SOTERICHUS.

2018 2850 2230 2907 Mensis
2269 2851 2401 2907 Maii
2447 2850 2542 2907 die
2581 2849 2967 2918 duodecima,
3005 2848 3329 2906 indictione
3372 2848 3602 2923 quinta.

1948 2940 2307 2997 Praesidente
2355 2956 2393 2997 a
2436 2944 2556 2997 Deo
2602 2945 2892 2996 coronato
2926 2939 3293 3012 imperatore
3330 2939 3614 3013 potentis-

1951 3029 2105 3086 simo
2134 3029 2383 3086 domino
2405 3029 2672 3087 Manuele
2702 3032 3032 3099 Comneno,
3055 3029 3116 3085 in
3143 3028 3612 3086 Blachernarum

1950 3119 2196 3193 palatio,
2229 3118 2654 3175 assistentibus
2689 3123 2912 3175 sanctas
2942 3117 3241 3189 majestati
3273 3117 3404 3189 ejus
3430 3117 3609 3175 valde

226 3210 590 3286 περιποθήτων
633 3207 853 3281 ἀνεψιῶν
897 3208 1060 3262 αὐτοῦ
1109 3213 1200 3262 καὶ
1252 3211 1399 3278 υἱῶν,
1446 3216 1539 3261 τοῦ
1588 3204 1838 3282 ἀοιδίμου

1967 3208 2317 3266 imabilibus
2349 3207 2627 3280 ejusdem
2656 3208 3057 3272 consobrinis,
3086 3207 3223 3263 ﬁliis
3252 3206 3499 3264 illustris
3530 3222 3617 3263 se-

225 3298 720 3374 σεϐασ-τοκράτορος
782 3305 947 3376 κυροῦ
1003 3296 1346 3375 ’Δνὸρονίκου
1410 3306 1505 3351 τοῦ
1569 3317 1843 3374 προποσε-

227 3388 427 3443 Sancti
458 3409 472 3423 ’

303 3483 405 3532 Καὶ
457 3476 946 3552 πρωτοϐεστιαρίου
1003 3484 1165 3552 κυροῦ
1233 3476 1471 3531 Ἰωάννου
1537 3484 1629 3530 τοῦ
1699 3483 1841 3549 Κομ-

224 3574 403 3638 νηνοῦ,
451 3571 547 3620 καὶ
614 3574 706 3620 τοῦ
754 3563 1080 3641 αὑταδελφου
1138 3566 1299 3621 αὐτοῦ
1348 3573 1509 3641 κυροῦ
1565 3564 1796 3629 Ἀλεξίου
1825 3586 1839 3599 ·

291 3664 400 3711 Τοῦ
444 3657 805 3731 περιποθήτου
845 3656 1059 3730 ἀνεψιοῦ
1106 3664 1204 3719 τῆς
1248 3662 1503 3730 κραταιᾶς
1552 3660 1644 3709 καὶ
1688 3655 1844 3728 ἁγίας

231 3748 388 3801 αὐτοῦ
448 3747 750 3822 βασιλείας,
802 3754 967 3826 κυροῦ
1034 3748 1262 3813 Ἀλεξίου
1326 3754 1418 3801 τοῦ
1486 3749 1842 3820 Κοντοστεφά-

231 3856 322 3890 νου
346 3857 361 3873 ⁸

305 3932 410 3980 Τοῦ
454 3925 821 3981 πανσεϐάστον
874 3925 1131 3980 σεϐαστοῦ
1178 3931 1269 3980 καὶ
1308 3924 1551 4001 γαμϐροῦ
1588 3933 1680 3978 τοῦ
1716 3945 1842 4000 κρα-

233 4023 389 4069 ταιοῦ
435 4021 521 4071 καὶ
573 4016 729 4090 ἁγίου
777 4018 926 4090 ἡμῶν
975 4015 1232 4091 βασιλέως
1275 4023 1438 4091 κυροῦ
1479 4014 1716 4070 Ἰωάννου
1749 4022 1841 4068 τοῦ

234 4107 672 4169 Καντακουζηνοῦ
699 4126 714 4141 ο

294 4203 402 4251 Τοῦ
449 4195 819 4250 πανσεϐάστου
869 4193 1129 4249 σεϐαστοῦ
1185 4200 1276 4249 καὶ
1313 4193 1554 4270 γαμϐρου
1602 4204 1700 4258 τῆς
1744 4214 1842 4268 μα·

218 4288 543 4361 καριοτάτης
616 4290 1102 4362 πορφυρογεννήτου
1165 4290 1256 4338 καὶ
1328 4288 1681 4361 περιποθήτου
1744 4284 1840 4337 αῦ-

222 4372 494 4449 ταδέλφης
548 4395 639 4428 του
698 4393 954 4451 κραταιοῦ
1015 4378 1106 4427 καὶ
1166 4373 1321 4447 ἁγίου
1383 4375 1529 4447 ἡμῶν
1585 4372 1840 4447 βασιλέως

216 4472 391 4542 κυρᾶς
423 4461 724 4539 Οεοδώρας,
752 4484 914 4540 κυρου
947 4463 1185 4518 Ἰωάννου
1208 4463 1460 4537 Ἀγγέλου
1483 4485 1497 4498 ·

1949 3298 2380 3355 bastocratoris
2410 3297 2643 3354 domini
2670 3297 2997 3355 Andronici
3027 3296 3431 3371 protosebasti
3465 3315 3479 3367 ;

2022 3476 2480 3535 Protovestiario
2516 3476 2766 3534 domino
2809 3479 3041 3534 Joanne
3088 3477 3415 3541 Comneno,
3450 3475 3613 3547 ejus-

1951 3582 2071 3641 que
2103 3567 2284 3624 fratre
2314 3565 2565 3625 domino
2594 3567 2800 3624 Alexio
2832 3585 2847 3637 ;

2021 3657 2204 3715 Valde
2251 3658 2501 3714 amabili
2558 3656 2924 3714 consobrino
2979 3656 3235 3730 potentis
3297 3655 3614 3730 sanctique

1950 3747 2329 3821 imperatoris
2350 3746 2599 3803 domino
2628 3745 2833 3803 Alexio
2864 3745 3395 3819 Contostephano;

2022 3924 2399 3982 Pansebasto
2444 3923 2692 3981 sebasto
2730 3939 2951 3997 genero
2988 3922 3250 3997 potentis
3293 3923 3613 3996 sanctique

1948 4015 2134 4072 nostri
2161 4013 2542 4087 imperatoris
2572 4013 2822 4070 domino
2852 4014 3084 4069 Joanne
3115 4013 3527 4068 Cantacuzeno
3558 4030 3572 4080 ;

2021 4192 2392 4251 Pansebasto
2424 4191 2666 4249 sebasto
2698 4206 2919 4262 genero
2948 4190 3312 4248 beatissima;
3339 4189 3609 4263 porphy-

1948 4284 2234 4355 rogenitte
2266 4282 2566 4355 valdeque
2596 4282 2876 4339 amabilis
2915 4280 3138 4338 sororis
3183 4280 3441 4353 potentis
3468 4296 3610 4336 san-

1950 4373 2146 4447 ctique
2176 4372 2366 4428 nostri
2394 4371 2793 4444 imperatoris,
2826 4370 3090 4427 dominre
3121 4369 3470 4441 Theodorre,
3503 4369 3612 4425 do-

1951 4462 2116 4519 mino
2146 4464 2375 4519 Joanne
2404 4460 2632 4532 Angelo
2665 4478 2679 4529 ;

290 4560 400 4608 Του
469 4552 838 4607 πανσεϐάστου
899 4551 1155 4623 σεϐαστου
1210 4571 1374 4627 κυρου
1443 4553 1680 4606 Ἰωάννου
1746 4571 1837 4605 του

2023 4549 2389 4609 Pansebasto
2434 4550 2678 4607 sebasto
2726 4549 2975 4607 domino
3017 4549 3249 4607 Joanne
3304 4549 3609 4606 Contoste-

218 4643 651 4716 Κοντοστεφάνου
679 4662 694 4676 ·

291 4739 403 4786 Του
460 4730 828 4785 πανσεϐάστου
888 4729 1149 4786 σεϐασσου
1214 4750 1378 4807 κυρου
1447 4736 1839 4786 Κωνσταντίνου

210 4841 315 4876 τον
349 4820 710 4894 Παλαιολὸγου
738 4842 753 4856 ·

294 4917 405 4964 Του
472 4910 840 4966 πανσεϐάστου
914 4910 1177 4987 σεϐαστου
1235 4931 1399 4987 κυρου
1456 4910 1686 4975 Ἀλεξίου
1747 4931 1840 4965 του

213 4999 590 5073 Παλαιολὸγου
616 5017 631 5031 ⁸

293 5097 405 5144 Του
456 5089 825 5144 πανσεϐάστου
887 5089 1150 5146 σεϐαστου
1213 5097 1305 5145 καὶ
1371 5090 1609 5166 ἐπάρχου
1676 5110 1839 5165 κυρου

220 5178 572 5254 Ἀνδρονίκου
600 5200 691 5234 του
725 5188 1047 5256 Καματηρου
1076 5202 1091 5217 ο
1538 5192 1544 5203 ’

295 5277 406 5324 Του
482 5267 905 5344 μεγαδοξοτάτου
995 5271 1221 5346 μεγάλου
1311 5271 1663 5347 λογαριαστου
1747 5291 1838 5326 του

218 5359 495 5418 σεϐαστου
532 5365 622 5414 καὶ
646 5364 1067 5437 πρωτονοταρίου
1088 5381 1251 5436 κυρου
1281 5363 1519 5417 Ἰωάννου
1548 5383 1562 5397 -

296 5458 408 5505 Του
466 5447 894 5524 μεγαδοξοτάτου
960 5457 1379 5528 πρωτονοταρίου
1442 5457 1533 5505 καὶ
1599 5450 1682 5506 ἐπὶ
1746 5471 1838 5506 του

219 5539 535 5597 Κανικλείου
565 5560 728 5617 κυρου
756 5537 1053 5618 Θεωδώρου
1081 5560 1173 5594 του
1196 5547 1522 5599 Στυπειὼτου
1546 5562 1560 5577 ο

296 5638 407 5685 Ton
473 5627 901 5705 μεγαδοξοτάτου
978 5649 1242 5704 μυστικου
1309 5651 1469 5708 κυρου
1535 5635 1839 5708 Νικηφόρου

222 5741 321 5778 του
356 5720 583 5799 Βορϐνου
612 5742 627 5758 ·

1950 4642 2387 4789 Ρῂῐῗέιῖεέδειεῑο
2412 4729 2650 4787 sebasto
2680 4727 2930 4786 domino
2970 4729 3358 4787 Constantino
3390 4728 3609 4787 Palaeo.

1947 4820 2392 4969 1ogarisehasto
2423 4909 2668 4968 sebasto
2698 4908 2949 4967 domino
2987 4908 3190 4966 Alexio
3228 4908 3603 4981 Palzeologo;

2018 5090 2389 5149 Pansebasto
2434 5089 2675 5148 sebasto
2718 5094 2777 5147 et
2807 5089 3068 5164 eparcho
3093 5089 3342 5147 domino
3375 5089 3605 5146 Andro-

1946 5182 2083 5241 nico
2114 5183 2420 5239 Camatero
2448 5198 2461 5248 ;

2019 5270 2457 5329 Gloriosissimo
2501 5284 2726 5341 magno
2765 5268 3090 5342 logariasta
3118 5271 3358 5328 sebasto
3383 5273 3441 5326 et
3468 5285 3604 5343 pro-

1947 5360 2248 5421 tonotario
2268 5359 2519 5417 domino
2546 5361 2776 5417 Joanne
2810 5378 2823 5429 ;

2020 5450 2456 5511 Gloriosissimo
2493 5450 2926 5524 protonotario,
2968 5455 3025 5508 et
3066 5452 3324 5511 Caniclei
3369 5467 3605 5525 priapo-

1948 5542 2082 5610 sito,
2112 5540 2364 5598 domino
2382 5537 2695 5597 Theodoro
2727 5539 2997 5613 Stypiota
3025 5557 3039 5609 ;

2013 5628 2453 5689 Gloriosissimo
2467 5628 2725 5701 mystico
2736 5628 2986 5685 domino
2999 5630 3330 5703 Nicephoro
3346 5630 3604 5697 Borbno;
