4148 6376
535 381 634 437 179

1876 378 2145 434 ΝΙΟΕΤᾸΞ
2184 377 2555 436 (ΣΗΟΝῘΑΤΕ

3801 382 3914 437 {80

601 500 1037 561 Gloriosissimo
1059 514 1286 572 magno
1319 500 1649 573 drungario
1678 499 1927 558 domino
1956 500 2188 558 Joanne

2372 504 2475 553 Του
2536 496 2962 574 μεγαδοξοτάτου
3019 502 3247 577 μεγάλου
3316 501 3674 581 δρουγγαρίου
3743 525 3914 579 κυρου

527 589 977 650 Macrembolita
1006 609 1019 659 ;

599 684 816 753 Magno
862 680 1186 755 perillustri
1232 681 1689 754 protoasecretis
1735 679 1984 738 domino
2022 679 2191 736 Nico-

528 771 628 830 lao
658 774 890 829 Zonara
916 788 931 839 ;

600 863 820 932 Magno
876 860 1200 933 perillustri
1257 863 1711 933 protocuratore
1767 862 1825 916 et
1881 873 1917 915 a
1966 857 2191 932 suppli-

530 950 703 1009 cibus
731 950 945 1008 libellis
977 950 1228 1009 domino
1255 950 1543 1008 Michaele
1570 952 1879 1009 Camatero
1912 967 1925 1019 ;

603 1132 819 1203 Magno
860 1130 1180 1204 perillustri
1222 1132 1678 1203 protocuratore
1724 1127 2192 1202 nomophylace,

534 1223 593 1277 et
637 1220 982 1278 domesticis
1020 1219 1206 1276 rebus
1255 1219 1580 1293 praeposito
1629 1218 1941 1275 Theodoro
1992 1219 2196 1275 Pante-

532 1310 737 1383 chne;

603 1403 818 1471 Magno
854 1398 1173 1473 perillustri
1209 1402 1662 1472 protocuratore
1704 1402 1761 1456 et
1804 1396 2054 1456 custode
2093 1396 2195 1454 do-

535 1490 703 1548 mino
734 1488 857 1546 Elia
887 1489 1104 1546 Burteo
1130 1503 1142 1556 ;

604 1579 885 1636 Presente
914 1580 1149 1649 senatu,
1177 1579 1234 1634 et
1262 1575 1719 1635 considentibus
1766 1576 2198 1649 negotiumque

534 1666 716 1725 simul
744 1666 1065 1739 agentibus
1098 1685 1114 1737 ;

606 1756 1213 1831 Constantinopoleos
1247 1756 1592 1831 patriarcha
1621 1757 2013 1815 Constantino
2047 1772 2060 1824 ;

2301 588 2539 643 Ἰωάννου
2566 609 2656 643 του
2694 589 3118 665 Μακρεμϐολίτου
3141 614 3154 628 ο

2369 684 2473 732 Του
2530 678 2754 752 μεγάλου
2811 678 3223 754 ἐπιφανεστάτου
3290 692 3729 760 πρωτασηκρῆτις
3809 705 3919 738 κυ-

2300 788 2392 843 ρου
2422 769 2681 823 Νικολάου
2719 790 2809 823 του
2837 772 3053 848 Ζωναρᾶ
3080 793 3094 809 ο

2370 865 2473 913 Του
2566 859 2793 933 μεγάλου
2888 859 3298 935 ἐπιφανεστάτου
3395 865 3921 941 πρωτοκουράτωρος

2300 951 2391 1002 καὶ
2443 947 2527 1002 ἐπὶ
2584 958 2683 1003 τῶν
2742 946 2968 1010 δεήσεων
3024 972 3184 1029 κυρου
3242 953 3460 1028 Μιχαὴλ
3511 974 3600 1007 του
3662 958 3923 1028 Καματη-

2302 1059 2395 1113 ρου
2424 1057 2438 1072 ⁸

2373 1135 2477 1182 Του
2523 1127 2750 1202 μεγάλου
2808 1127 3216 1205 ἐπιφανεστάτου
3265 1133 3767 1209 πρωτοκουράτωρος
3827 1153 3921 1186 νο-

2304 1217 2602 1292 μοφύλακος
2652 1224 2743 1273 καὶ
2800 1219 2886 1273 ἐπὶ
2938 1228 3037 1273 τῶν
3101 1220 3371 1274 οἰκειακῶν
3414 1240 3576 1294 κυρου
3630 1217 3922 1296 Θεοδώρου

2304 1328 2394 1362 του
2422 1315 2754 1382 Παντεχνους
2776 1331 2790 1344 ο

2376 1405 2480 1452 Τοῦ
2582 1399 2805 1471 μεγάλου
2893 1397 3303 1475 ἐπιφανεστάτου
3406 1402 3927 1477 πρωτοκουράτωρος

2306 1492 2397 1541 καὶ
2428 1487 2649 1561 φύλακος
2674 1509 2835 1564 κυρου
2867 1488 3019 1543 Ἠλία
3047 1510 3138 1545 του
3170 1496 3421 1567 Βουρτεου
3447 1512 3461 1526 ·

2380 1585 2883 1657 Συμπαρισταμένης
2948 1588 3039 1636 καὶ
3093 1591 3191 1645 τῆς
3254 1582 3571 1656 συγκλήτου,
3641 1586 3732 1636 καὶ
3792 1602 3931 1636 συν-

2309 1665 2657 1747 εδριαζόντων
2715 1671 2843 1745 αὐτῇ
2900 1676 2990 1725 καὶ
3042 1669 3461 1727 συνδιαιτώντων
3508 1681 3573 1747 τῇ
3628 1673 3927 1727 ὑποθέσειο

2377 1764 2481 1813 Του
2515 1761 3103 1826 Κωνσταντινουπόλεως
3131 1767 3523 1817 Κωνσταντίνου
3549 1785 3562 1798 ·

604 1847 1163 1920 Hierosolymorum
1187 1847 1530 1921 patriarcha
1557 1848 1861 1906 monacho
1890 1848 2158 1915 Joanne;

2377 1856 2479 1904 Του
2508 1848 2873 1926 Ἱεροσολύμων
2903 1872 3142 1926 μοναχου
3176 1852 3411 1907 Ἰωάννου
3442 1875 3456 1888 -

608 1936 965 1996 Considente
994 1936 1314 1993 nobiscum
1342 1936 1529 1994 electo
1552 1953 1796 2013 quoque
1826 1953 2067 2010 magnas
2095 1934 2199 1993 Dei

533 2026 703 2085 urbis
732 2025 1064 2084 Antiochiae
1096 2026 1401 2085 Sotericho
1429 2028 1810 2099 Panteugeno
1842 2045 1856 2097 ;

603 2208 752 2265 Rem
779 2205 1155 2280 propositam
1186 2205 1367 2263 simul
1392 2205 1748 2278 urgentibus
1774 2221 1787 2263 :

607 2296 1071 2371 ArchiepiscOpo
1093 2296 1273 2355 totius
1293 2296 1581 2369 Bulgaria:
1602 2294 1909 2355 monacho
1933 2296 2195 2362 Joanne;

604 2477 1074 2551 Archiepiscopo
1105 2476 1285 2550 Cypri
1314 2476 1620 2534 monacho
1649 2478 1879 2534 Joanne
1915 2494 1928 2545 ;

602 2568 831 2626 Pariter
879 2567 1058 2625 simul
1105 2567 1492 2625 censentibus
1528 2567 1707 2624 nobis
1745 2565 2044 2641 episcopis
2083 2567 2199 2621 Cae-

532 2674 713 2716 sarem
746 2658 1071 2731 Stephano,
1103 2658 1298 2731 Cyzici
1320 2660 1572 2725 Joanne,
1613 2655 1973 2716 Nicomediae
2017 2654 2201 2711 Theo-

528 2747 837 2822 phylacto,
871 2748 1027 2805 Sidae
1052 2750 1305 2811 Joanne,
1327 2746 1771 2804 Thessalonicae
1795 2745 2027 2810 Basilio,
2057 2748 2201 2802 Neo-

530 2855 811 2898 casareae
826 2837 1557 2908 Constantino,Laodiceae
1571 2836 2007 2906 Calo,Corinthi
2018 2836 2201 2892 Theo-

526 2929 701 2998 doro,
733 2928 1107 2986 Athenarum
1136 2926 1642 2998 Georgio,Mocesi
1668 2925 1888 2992 Leone,
1907 2923 2199 2997 Naupacti

528 3019 770 3087 Basilio,
817 3017 1303 3091 Philippopoleos
1349 3017 1682 3085 Theodoro,
1721 3014 2199 3087 Adrianopoleos

530 3113 750 3177 Leone,
802 3111 1089 3182 Apameae
1133 3107 1406 3177 Georgio,
1463 3110 1738 3179 Corcyrae
1785 3106 2196 3173 Constantino,

2378 1934 2814 2015 Συνεδριάζοντος
2854 1941 2977 2013 ἡμῖν
3015 1944 3105 1993 καὶ
3152 1960 3243 1994 του
3293 1941 3597 2014 ὑποψηφίου
3639 1949 3773 1995 Θεου
3811 1944 3927 1995 πό·-

2306 2027 2430 2091 λεως
2482 2028 2711 2102 μεγάλης
2774 2027 3103 2103 Ἀντιοχείας
3164 2035 3473 2105 Σωτηρίχου
3534 2051 3627 2085 του
3694 2038 3901 2085 Παντευ

2305 2122 2455 2192 γένου
2483 2138 2496 2153 ·

2379 2202 2803 2262 Συνδιαιτὼντων
2860 2210 3109 2272 ὡσαύτως
3180 2215 3243 2283 τῇ
3310 2209 3555 2263 ὑποθέσει
3609 2214 3697 2263 καὶ
3729 2208 3925 2283 ἡμῶν·

2376 2305 2481 2352 Του
2549 2297 2976 2372 ἀρχιεπισκόπου
3041 2299 3215 2361 πάσης
3288 2297 3608 2375 Βουλγαρίας
3671 2318 3924 2373 μοναχου

2309 2387 2548 2443 Ἰωάννου
2574 2404 2590 2420 ”

2383 2482 2485 2532 Καὶ
2514 2496 2605 2531 του
2640 2479 2852 2554 Κύπρου
2874 2496 3113 2551 μοναχου
3144 2477 3384 2531 Ἰωάννου
3408 2492 3422 2507 °

2383 2572 2485 2621 Καὶ
2520 2562 3114 2639 συνδιαγνωμονούντων
3147 2572 3237 2620 καὶ
3275 2567 3421 2639 ἡμῶν
3460 2572 3559 2618 τῶν
3605 2564 3927 2643 ἀρχιερέων,

2308 2677 2399 2712 του
2434 2661 2755 2731 Καισαρείας
2785 2658 3060 2729 Στεφάνου,
3105 2673 3195 2709 του
3248 2659 3479 2719 Κυζίκου
3532 2656 3788 2721 Ἰωάννου,
3824 2675 3926 2709 του

2310 2744 2672 2821 Νικομηδείας
2692 2746 3079 2819 Θεοφυλάκτου,
3101 2765 3193 2799 του
3211 2742 3307 2798 Σίδ
3311 2766 3340 2804 η
3353 2766 3374 2807 ς
3394 2746 3655 2814 Ἰωάννου,
3668 2764 3761 2798 του
3784 2753 3922 2799 Θεσ-

2312 2838 2587 2898 σαλονίκης
2633 2835 2928 2904 Βασιλείου,
2976 2854 3069 2888 του
3118 2839 3531 2911 Νεοκαισαρείας
3589 2839 3920 2887 Κωνσταντί-

2308 2945 2417 2994 νου,
2473 2946 2565 2980 του
2605 2923 2920 2987 Λαοδικείας
2960 2925 3150 2993 Καλου,
3190 2943 3282 2977 του
3323 2925 3575 2995 Κορίνθου
3615 2920 3923 2999 Θεοδώρου,

2308 3035 2399 3069 του
2455 3016 2685 3074 Ἀθηνῶν
2742 3020 3021 3089 Γεωργίου,
3071 3034 3161 3068 του
3217 3018 3487 3072 Μωκησου
3546 3016 3771 3086 Λέοντος,
3826 3032 3926 3066 του

2306 3108 2628 3161 Ναυπάκτου
2668 3106 2962 3177 Βασιλείου,
2995 3125 3088 3159 του
3129 3102 3584 3166 Φιλιππουπόλεως
3615 3100 3935 3177 Θεοδώρου,

527 3199 741 3257 Ataliai
795 3196 1059 3265 Nicolao,
1118 3196 1467 3254 Paronaxiaa
1517 3198 1769 3267 Joanne,
1830 3194 2197 3251 Mesembriae

2315 3216 2401 3250 του
2459 3193 2936 3270 Ἀδριανουπὸλεως
2977 3197 3208 3259 Λέοντος,
3264 3211 3358 3245 του
3408 3192 3693 3265 Ἀπαμείας
3755 3196 3926 3265 Γεωρ-

528 3288 844 3346 Theodoro
864 3286 1335 3360 Arcadiopoleos
1364 3286 1774 3354 Constantino,
1803 3285 1958 3343 Parii
1975 3286 2192 3353 Niceta,

533 3377 821 3450 Selybriaa
862 3379 1112 3447 Joanne,
1160 3375 1467 3449 Arabizyae
1517 3376 1821 3447 Gregorio,
1856 3376 2061 3433 Lemni
2098 3377 2196 3434 Mi-

533 3468 760 3535 chaele,
795 3466 1159 3523 Heracliadis
1183 3467 1486 3523 monacho
1515 3467 1731 3523 Acacio
1765 3484 1780 3535 ;

2305 3291 2443 3359 γίου,
2500 3305 2593 3338 του
2654 3286 2915 3358 Κερκύρας
2983 3286 3397 3354 Κωνσταντίνου,
3458 3298 3550 3336 του
3615 3280 3927 3344 Ἀτταλείας

2304 3374 2588 3439 Νικολάου,
2656 3393 2748 3426 του
2822 3373 3144 3447 Παροναξίας
3201 3372 3460 3442 Ἰωάννου,
3537 3391 3629 3425 του
3699 3377 3928 3445 Μεσημ-

2308 3466 2461 3539 ϐρίας
2505 3460 2804 3535 Θεοδώρου,
2860 3482 2952 3515 του
2997 3464 3193 3526 Βιζύης
3242 3458 3542 3534 Θεοδώρου,
3592 3479 3682 3514 του
3726 3461 3927 3535 Ἀρκα-

538 3555 852 3618 διουπόλεως
903 3560 1317 3628 Κωνσταντίνου,
1377 3563 1469 3609 τοῦ
1533 3561 1734 3633 Παρίου
1791 3561 2020 3628 Νικήτα,
2077 3563 2169 3609 τοῦ
2225 3553 2516 3630 Σηλυϐρίας
2572 3552 2834 3621 Ἰωάννου,
2901 3557 2995 3606 τοῦ
3064 3550 3386 3626 Ἀραϐιζύης
3452 3553 3766 3628 Γρηγορίου,
3827 3554 3925 3603 τοῦ

543 3652 762 3721 Λήμνου
794 3648 1037 3721 Μιχαὴλ,
1058 3654 1151 3701 τοῦ
1179 3656 1272 3709 τῆς
1291 3646 1563 3723 Ἡρακλέος
1594 3654 1832 3720 μοναχοῦ
1864 3647 2112 3701 Ἀκακίου
2138 3669 2151 3682 ·

612 3738 880 3811 Itemque
907 3737 1039 3795 aliis
1070 3738 1176 3811 qui
1203 3739 1603 3797 versabantur
1638 3739 1701 3794 in
1729 3738 1881 3794 urbe
1912 3737 2033 3794 Deo
2063 3737 2205 3793 cha-

540 3827 793 3885 rissimis
822 3829 1128 3902 episcopis
1168 3845 1181 3884 :

610 3921 924 3977 Patrarum
955 3919 1227 3990 Georgio,
1265 3918 1667 3977 Trachalaa....
1719 3917 2029 3990 Hyrcaniae
2074 3915 2204 3973 Dio—

540 4010 740 4083 nysio,
758 4008 1223 4067 Dalisandorum
1238 4009 1652 4075 Constantino,
1667 4011 1965 4078 Argorum
1988 4009 2203 4079 Leone,

544 4098 938 4157 Demetriadis
965 4101 1217 4168 Joanne,
1248 4103 1402 4155 Artaa
1425 4095 1660 4155 Basilio.
1686 4096 2043 4154 Antandri...

620 4276 1017 4334 Praesentibus
1037 4277 1217 4335 etiam
1242 4277 1363 4335 Deo
1392 4275 1764 4335 charissimis
1792 4273 2209 4332 ecclesiasticis

547 4366 889 4440 praapositis
922 4381 937 4423 :

629 4456 802 4522 Quod
833 4456 915 4529 pii
952 4455 1109 4527 regis
1139 4472 1243 4514 cor
1269 4455 1330 4512 in
1360 4471 1551 4513 manu
1581 4455 1682 4513 Dei
1718 4455 1813 4522 sit,
1847 4458 1912 4512 ut
1951 4453 2033 4512 ait
2061 4454 2211 4513 Scri-

2385 3738 2487 3787 Καὶ
2546 3739 2647 3785 τῶν
2704 3733 3118 3809 παρευρεθέντων
3170 3729 3220 3784 ἕν
3277 3736 3340 3805 τῇ
3399 3729 3543 3785 πόλει
3599 3728 3932 3802 θεοφιλεστά-

2313 3844 2413 3877 των
2445 3843 2745 3877 επισκοπων
2776 3839 2789 3853 ⁸

2382 3919 2486 3968 Του
2552 3919 2771 3988 Πατρῶν
2838 3915 3121 3986 Γεωργίου,
3189 3929 3281 3964 του
3339 3908 3762 3986 Τραχάληςυη
3832 3926 3930 3962 του

2312 4008 2585 4077 ’Υρκανίας
2650 4006 2944 4075 Διονυσίου,
3014 4021 3105 4055 του
3174 3997 3509 4056 Δαλισάνδων
3594 4000 3932 4053 Κωνσταντί-

2313 4112 2422 4161 νου,
2483 4112 2576 4146 του
2630 4091 2856 4167 ’Ἄργους
2900 4095 3140 4162 Λέοντος,
3190 4109 3279 4144 του
3331 4083 3700 4164 Δημητριάδος
3752 4087 3931 4142 Ἰωάν-

2313 4202 2423 4248 νου,
2491 4203 2583 4237 του
2644 4182 2840 4257 Ἀρτης
2907 4181 3200 4252 Βασιλείου,
3269 4184 3360 4234 του
3423 4176 3920 4253 ’Δντάνδρου.....

2388 4277 2897 4349 Συμπαρισταμένων
2973 4276 3063 4326 καὶ
3150 4278 3252 4325 τῶν
3347 4270 3751 4346 θεοφιλεστάτων
3849 4268 3932 4322 ἕκ-

2317 4364 2410 4423 κλη
2422 4371 2707 4418 σιαστικῶν
2736 4361 3009 4436 ἀρχόντων
3032 4381 3047 4397 ο

2389 4452 2511 4506 Ὀτι
2557 4447 2755 4529 καρδία
2801 4449 3057 4525 βασιλέως
3105 4449 3344 4512 εὐσεϐους
3390 4447 3440 4503 ἐν
3482 4450 3629 4524 χειρὶ
3670 4453 3825 4517 Θεου,
3859 4449 3935 4511 ὡς

550 4548 766 4619 ptura;
801 4548 857 4601 et
876 4544 1041 4619 quod
1062 4561 1185 4602 non
1201 4545 1414 4619 procul
1442 4562 1476 4603 a
1505 4545 1713 4602 divina
1737 4544 2043 4603 voluntate
2070 4562 2203 4603 con-

2320 4546 2636 4619 γέγραπται,
2680 4545 2769 4594 καὶ
2822 4541 2902 4594 ὅτι
2947 4544 3021 4615 μὴ
3066 4539 3243 4616 πὸῥρω
3294 4542 3436 4602 θείας
3480 4537 3679 4612 βουλῆς
3714 4540 3773 4592 τὸ
3811 4540 3938 4591 κατ’

551 4633 685 4690 silia
718 4633 848 4705 ejus
896 4634 1203 4705 recedant,
1243 4633 1560 4692 manifeste
1586 4634 1763 4692 nobis
1793 4634 2026 4693 actibus
2068 4635 2215 4708 ipsis

552 4727 882 4780 coronatus
913 4738 950 4780 a
980 4727 1102 4781 Deo
1144 4724 1476 4798 imperator
1501 4740 1666 4782 nunc
1693 4725 1990 4795 ostendit;
2031 4740 2217 4799 quem

554 4815 754 4869 mente
806 4813 1016 4870 Christi
1064 4812 1292 4871 factum
1337 4814 1584 4871 divitem
1629 4815 1824 4873 dicere
1863 4831 2214 4887 possumus,

552 4906 620 4960 ut
659 4900 780 4959 divi
820 4903 1152 4976 magnique
1193 4902 1452 4977 apostoli
1481 4903 1666 4963 verba
1696 4920 2084 4979 usurpamus.
2121 4902 2215 4961 Et-

554 4993 717 5049 enim
746 4992 853 5066 qui
876 4992 1147 5051 animam
1178 5008 1354 5050 suam
1383 5009 1726 5070 corpusque
1747 4995 1966 5053 divinae
1997 4994 2216 5065 guber-

553 5081 787 5139 nationi
828 5080 1151 5152 commisit,
1192 5082 1322 5140 fieri
1357 5085 1565 5157 nequit
1595 5089 1661 5143 ut
1690 5085 1768 5143 ab
1793 5083 1995 5142 ofﬁcio
2024 5083 2216 5140 disce-

554 5171 680 5228 dat.
710 5171 920 5243 Itaque
940 5172 1205 5244 reliquas
1220 5188 1382 5230 nunc
1407 5174 1655 5247 quidem
1686 5189 2041 5231 enumerare
2061 5172 2218 5245 ejus-

555 5260 698 5316 dem
726 5261 998 5332 virtutes,
1027 5262 1151 5319 sive
1173 5278 1310 5337 quae
1336 5265 1594 5322 exterius
1623 5279 1830 5336 regem
1875 5264 2093 5320 sistunt
2121 5278 2216 5319 su-

556 5363 670 5421 pra
688 5348 1026 5408 humanam
1052 5353 1458 5412 conditionem
1481 5353 1893 5425 magniﬁcum,
1923 5352 2048 5409 sive
2077 5366 2215 5426 quae

554 5437 806 5494 interius
829 5443 886 5496 et
904 5442 1223 5499 recondita
1240 5443 1660 5501 demonstrant
1680 5458 1821 5498 eum
1844 5440 2066 5498 divinae
2088 5441 2218 5515 pul-

556 5526 908 5587 chritudinis
918 5531 1316 5607 archetypum
1328 5533 1566 5605 egregie
1583 5532 2025 5591 conformatum
2044 5548 2057 5601 ;
2080 5532 2214 5607 has,

555 5615 831 5691 inquam,
847 5635 1158 5680 recensere
1178 5637 1631 5696 supervacuum
1643 5620 1897 5679 fortasse
1916 5621 2014 5680 vid
2023 5628 2217 5681 eretur

558 5709 738 5782 atque
774 5710 1218 5786 importunum.

2326 4632 2477 4685 αὐτὸν
2528 4636 2826 4705 περαίνεται
2881 4626 3201 4698 διαϐούλιον,
3262 4628 3491 4701 ἀτεχνῶς
3538 4627 3717 4691 αὐτοῖς
3764 4629 3937 4703 ἔργοις

2326 4724 2352 4775 ὃ
2399 4725 2679 4793 θεοστεφὴς
2724 4722 2868 4794 ἡμῶν
2911 4720 3245 4795 αὐτοκράτωρ
3294 4723 3386 4773 καὶ
3426 4719 3545 4796 ἄρτι
3582 4714 3886 4792 παρέδειξεν
3916 4735 3931 4749 ο

2326 4812 2379 4864 ὃν
2432 4814 2523 4863 καὶ
2572 4816 2810 4884 Χριστου
2865 4829 2983 4862 νουν
3036 4808 3190 4862 εἰπών
3236 4827 3318 4873 τις
3362 4807 3773 4867 πεπλουτηκέναι
3830 4809 3935 4881 φά-

2325 4922 2410 4955 ναι
2466 4902 2602 4955 κατὰ
2647 4903 2733 4955 τὸν
2793 4900 2925 4955 θεῖον
2980 4900 3071 4953 καὶ
3121 4902 3281 4973 μέγαν
3335 4897 3622 4952 ἀπόστολον
3649 4912 3666 4929 ·
3725 4895 3814 4951 ἅτε
3870 4896 3938 4953 δὲ

2325 4997 2415 5046 καὶ
2463 4992 2651 5066 ψυχὴν
2701 4996 2792 5046 καὶ
2851 4997 3005 5064 σῶμα
3052 4997 3115 5063 τῇ
3178 4991 3287 5062 θείᾳ
3333 4986 3643 5064 κυϐερνήσει
3672 5002 3942 5062 προσανα-

2328 5084 2552 5156 θέμενον,
2620 5082 2715 5137 οὐκ
2776 5080 2837 5134 ἂν
2909 5079 3136 5155 ἁμάρτοι
3206 5097 3301 5133 του
3367 5081 3649 5153 πρέποντος
3678 5097 3693 5113 ο
3767 5074 3944 5132 τᾶλλα

2325 5176 2415 5246 μὲν
2462 5169 2551 5226 οὖν
2626 5171 2710 5227 ἐπὶ
2785 5191 2877 5225 του
2946 5173 3197 5244 παρόντος
3261 5167 3678 5242 ἆπαριθμείσθαι
3744 5168 3941 5221 τούτου

2324 5263 2759 5337 πλεονεκτήματα,
2820 5262 2923 5316 ὅσα
2992 5278 3048 5314 τε
3124 5261 3211 5313 τὸν
3274 5254 3422 5322 ima;
3483 5260 3572 5312 καὶ
3635 5256 3941 5331 φαινῦμενον

2327 5352 2552 5429 βασιλέα
2606 5351 2962 5428 μεγαλουργὸν
3018 5353 3341 5426 παρίστησιν
3406 5346 3533 5422 ὗπέρ
3610 5346 3881 5425 ἄνθρωπον
3920 5364 3938 5381 ⁸

2324 5450 2416 5500 καὶ
2464 5447 2493 5499 ὅ
2546 5463 2606 5519 γε
2659 5446 2746 5498 τὸν
2804 5440 2938 5503 ἐντὸς
2992 5438 3081 5495 καὶ
3144 5443 3495 5518 κρυπτόμενον
3568 5433 3940 5493 διαδείκνυσιν

2325 5537 2687 5611 ἐμφανέστατα
2739 5534 2866 5610 πρὸς
2911 5533 2970 5585 τὸ
3025 5550 3119 5587 του
3182 5530 3360 5586 θείουο
3417 5527 3639 5593 κάλλους
3704 5529 3939 5606 ἀρχέτυο

2326 5642 2419 5679 πον
2477 5621 2700 5699 ἀκριϐῶς
2767 5619 3218 5694 ἓξεικονιζόμενον,
3284 5619 3525 5696 περιττὸν
3595 5619 3722 5678 ἴσως
3789 5611 3937 5680 δόξει

2323 5717 2415 5768 καὶ
2441 5714 2678 5788 ἄκαιρον.
3544 5706 3549 5711 ’
