4148 6384
292 372 393 432 181

1628 368 1972 428 THESAURI
2008 364 2141 428 LIB.
2186 370 2342 427 XXIV

3563 375 3664 429 182

293 497 442 557 Πλὴν
495 493 625 549 ἀλλὰ
688 502 863 549 ταῦτα
923 494 1058 570 μόνα
1112 493 1317 570 ῥητέον,
1380 488 1455 567 ἐφ’
1516 493 1589 555 οἷς
1657 494 1763 568 ἄρα
1816 497 1902 547 τόν

2084 498 2250 552 Nunc
2279 495 2482 569 itaque
2518 494 2667 551 illud
2698 493 2896 552 solum
2926 493 3217 563 dicemus,
3266 511 3370 552 cur
3402 486 3666 569 praeseni

298 591 534 661 παρόντα
594 589 986 661 συγκεκρότηκε
1047 590 1272 661 σήμερον
1328 582 1575 655 σύλλογον
1598 605 1609 617 ·
1658 587 1728 645 ὡς
1800 584 1901 659 γὰρ

302 673 558 749 ἆπόφημά
609 694 724 727 τινα
779 678 872 728 καὶ
928 682 1021 735 τῆς
1084 675 1372 748 όρθοτόμου
1441 668 1600 736 δόξης
1661 670 1906 746 ἀλλότρια

298 769 425 840 περί
453 782 508 816 τε
558 771 652 825 τῆς
698 763 847 838 παρὰ
891 768 984 815 τοῦ
1027 767 1221 836 Κυρίου
1271 766 1361 814 καὶ
1407 768 1541 814 Θεοῦ
1596 763 1687 813 καὶ
1723 768 1903 820 Σωτῆ-

299 872 391 929 ρος
445 854 591 927 ἡμῶν
652 850 828 912 Ἰησοῦ
895 856 1133 926 Χριστοῦ
1200 850 1248 905 ἑν
1321 858 1487 926 καιρῷ
1549 858 1642 903 τοῦ
1707 851 1907 911 πάθους

300 945 576 1016 γενομένης
652 940 963 1015 ἱλαστηρίου
1030 948 1130 996 τῶν
1204 941 1463 1016 ἡμετέρων
1517 939 1904 1014 ἁμαρτημάτων

298 1038 654 1108 προσαγωγῆς
693 1038 783 1083 τοῦ
830 1026 972 1084 ἰδίου
1014 1034 1251 1103 σώματός
1288 1048 1343 1082 τε
1386 1034 1477 1082 καὶ
1516 1030 1757 1103 αἳματος,
1813 1032 1902 1081 ναὶ⁹

301 1118 372 1180 δὴ
414 1125 504 1174 καὶ
534 1127 631 1183 τῆς
660 1121 923 1197 ὁσημέραι
976 1122 1119 1193 παρὰ
1168 1128 1268 1172 τῶν
1318 1121 1430 1172 θεῖα
1457 1120 1904 1195 μεταχειριζομέ-

292 1231 394 1262 νων
455 1210 814 1283 ἑεροτελεστῶν
880 1212 1158 1283 γινομένης
1233 1207 1282 1261 ἐν
1359 1216 1474 1271 ταῖς
1543 1210 1705 1282 ἱεραῖς
1780 1210 1896 1280 ἁγι-

286 1304 490 1361 στείαις
547 1308 649 1352 τῶν
708 1298 977 1362 ζωοποιῶν
1035 1302 1360 1372 μυστηρίων,
1400 1300 1471 1360 ὡς
1520 1297 1675 1361 αὐτὸς
1724 1295 1773 1349 ἐν
1829 1304 1901 1368 τῷ

287 1396 537 1463 μυστικςῦ
586 1384 781 1461 δείπνῳ
841 1387 1159 1462 κατήρξατο,
1212 1390 1278 1450 ὡς
1332 1391 1603 1461 ἱστοροῦσι
1666 1389 1731 1441 τὰ
1794 1388 1904 1461 ἱερὰ

284 1483 381 1532 καὶ
420 1481 744 1532 θεόπνευστα
797 1477 1112 1551 Εύαγγέλια,
1155 1484 1353 1552 φρονεῖν
1406 1497 1461 1531 τε
1504 1482 1594 1531 καὶ
1648 1473 1903 1551 δογματι-

286 1562 401 1629 ζειν
446 1576 548 1620 τῶν
612 1588 760 1631 τινας
808 1570 1090 1644 ἱερωμένων
1156 1565 1369 1621 ἐπύθετο
1402 1587 1415 1601 ο
1472 1565 1600 1620 ἀλλὰ
1669 1573 1760 1620 καὶ
1830 1566 1902 1628 εἰς

286 1657 494 1735 ἑτέρους
542 1650 652 1718 ἤδη
694 1663 790 1717 τήν
831 1662 983 1711 νόσον
1022 1660 1217 1717 ταύτην
1269 1658 1601 1734 ὑφέρπουσαν
1647 1661 1902 1731 κατεμάν-

296 1751 466 1808 θανεν.
521 1748 585 1807 ἣν
643 1742 925 1824 δυσέριδές
972 1767 1105 1811 τινες
1157 1750 1249 1801 καὶ
1301 1746 1579 1820 φιλόνεικοι
1638 1748 1903 1821 ἅνθρωποι

2015 589 2133 642 tem
2168 585 2473 659 synodum
2498 585 2992 658 congregandam
3025 585 3401 656 judicaverit.
3449 588 3662 645 Statim

2014 691 2085 732 ac
2139 676 2301 733 enim
2347 675 2658 747 intellexit,
2717 676 3059 733 sacerdotes
3107 676 3411 748 quosdam
3461 676 3665 734 fovere

2015 765 2223 823 animo
2261 781 2330 822 ac
2379 765 2578 822 verbis
2631 764 3021 839 pronuntiare
3066 764 3337 823 absurda
3381 766 3666 839 quaedam

2014 856 2305 927 dogmata
2348 859 2404 912 et
2444 871 2481 912 a
2529 858 2692 912 recta
2741 853 2862 911 ﬁde
2901 852 3289 911 abhorrentia
3330 854 3489 913 circa
3516 854 3666 912 illud

2014 944 2181 1020 quod
2235 945 2525 1002 Dominus
2575 947 2732 1002 Deus
2787 960 2859 1002 ac
2905 946 3181 1001 Servator
3231 948 3434 1001 noster
3493 947 3666 1002 Jesus

2015 1036 2279 1092 Christus
2309 1052 2432 1091 suae
2465 1035 2766 1108 passionis
2811 1038 3080 1107 tempore
3127 1050 3235 1107 pro
3278 1038 3668 1107 peccatorum

2013 1129 2357 1182 nostrorum
2379 1124 2801 1198 propitiatione
2823 1124 3037 1181 obtulit
3052 1122 3418 1181 sacriﬁcium
3439 1123 3668 1197 proprii

2013 1216 2282 1289 corporis
2308 1215 2762 1288 sanguinisque,
2794 1230 2906 1271 nec
2936 1230 3060 1271 non
3114 1213 3272 1273 circa
3321 1213 3472 1270 illud
3496 1212 3667 1293 quod

2012 1302 2076 1362 ﬁt
2091 1304 2361 1378 quotidie
2386 1304 2449 1360 in
2471 1320 2646 1361 sacra
2666 1303 3039 1360 viviﬁcorum
3059 1303 3489 1377 mysteriorum
3503 1302 3667 1360 litur-

2013 1396 2112 1465 gia
2165 1411 2202 1451 a
2261 1394 2698 1459 sacerdotibus,
2740 1393 2917 1464 cujus
2960 1392 3047 1449 rei
3094 1391 3322 1450 initium
3365 1391 3500 1448 fecit
3536 1391 3665 1465 ipse

2010 1486 2179 1541 Jesus
2209 1484 2270 1540 in
2311 1499 2485 1540 sacra
2515 1499 2711 1551 coena,
2743 1486 2809 1539 ut
2833 1485 3044 1541 sancta
3072 1486 3130 1539 et
3157 1497 3194 1539 a
3220 1484 3338 1539 Deo
3367 1481 3666 1556 inspirata

2012 1572 2337 1644 Evangelia
2356 1576 2640 1641 narrant;
2668 1588 2931 1646 cumque
2961 1570 3041 1629 ad
3080 1570 3229 1628 alios
3254 1586 3502 1644 quoque
3530 1587 3664 1629 ma-

2010 1681 2156 1721 nare
2188 1663 2414 1721 sensim
2444 1663 2730 1721 morbum
2755 1664 2919 1720 hunc
2949 1662 3353 1734 cognovisset,
3380 1678 3503 1736 quo
3533 1679 3665 1720 mo-

2011 1756 2134 1812 rosi
2162 1754 2417 1829 quidam
2444 1754 2917 1828 contentiosique
2940 1753 3222 1815 homines
3252 1756 3475 1809 temere
3498 1753 3668 1811 labo-

298 1838 399 1891 ούκ
446 1840 598 1910 ἴσμεν
661 1839 800 1900 ὅπως
874 1835 1228 1913 φρενοϐλαϐῶς
1297 1840 1663 1907 νενοσὴκασιν,
1738 1838 1902 1890 ἔνθεον

2020 1844 2259 1913 rabant;
2287 1843 2492 1901 divino
2517 1844 2715 1901 statim
2728 1842 2852 1900 zelo
2878 1846 3211 1916 correptus,
3232 1857 3343 1915 pro
3361 1858 3470 1900 suo
3490 1847 3667 1899 rectae

302 1922 458 1989 ζῆλον
524 1924 793 1980 ἀναλαϐὼν
851 1927 1031 1989 ὁποῖος
1091 1925 1242 1989 οὗτος
1311 1927 1380 1979 τὰ
1441 1929 1568 2002 πρὸς
1643 1924 1905 1979 εὐσέϐειαν

297 2010 543 2078 ζηλωτὴς
610 2024 683 2087 τῷ
752 2019 863 2068 ὄντι
938 2012 1194 2090 διάπυρος
1232 2033 1245 2047 ⁸
1313 2021 1403 2068 καὶ
1465 2018 1666 2079 πάσαις
1729 2014 1907 2078 ἄλλαις

290 2105 456 2159 εἰπὼν
542 2102 806 2181 ἐρρῶσθαι
888 2107 1012 2167 τέως
1101 2108 1535 2178 κατεπειγούσαις
1628 2113 1907 2181 κοσμικαῖς

290 2195 635 2262 ὕποθὼεσιν,
688 2194 862 2247 ὁπόσα
915 2196 1104 2248 τούτου
1157 2197 1216 2248 τὸ
1270 2194 1434 2248 ἔνθεον
1482 2197 1666 2269 κράτος
1723 2193 1906 2248 ἀλλεπ-

294 2282 531 2345 αλλήλως
578 2280 1051 2358 περιστοιχίζουσι
1079 2300 1094 2316 ·
1134 2291 1290 2336 τοῦτο
1336 2282 1493 2336 ἐκεῖνο
1536 2286 1595 2337 τό
1642 2282 1691 2337 ἐν
1734 2284 1907 2357 Εὐαγ-

291 2372 490 2446 γελίοις
548 2366 604 2425 εὖ
674 2380 836 2426 ποιῶν
901 2377 993 2425 καὶ
1049 2371 1204 2434 αὐτὸς
1252 2368 1598 2427 εὐσεϐέστατα
1656 2375 1910 2450 συνεπρά-

299 2460 423 2527 ξατο
468 2482 481 2495 ·
545 2460 872 2525 ἐξαπέστειλε
934 2465 1053 2524 τοὺς
1124 2460 1373 2536 ἀγγέλους
1430 2464 1591 2516 αὐτοῦ
1646 2463 1908 2538 συγκαλέ-

304 2553 501 2606 σασθαι
526 2555 651 2615 τοὺς
708 2550 1045 2615 συλλέξοντας
1094 2551 1153 2605 ἐκ
1182 2558 1275 2606 τοῦ
1324 2556 1487 2626 μέσου
1521 2561 1690 2607 ταῦτα
1730 2551 1907 2613 δήπου

299 2645 366 2696 τὰ
396 2636 674 2695 σκάνδαλα
708 2642 953 2705 καὶτοὺς
997 2649 1279 2706 ποιοῦντας
1308 2647 1402 2701 τὴν
1452 2642 1668 2716 ἀνομίαν
1709 2659 1725 2675 °
1769 2640 1911 2698 διότι

297 2736 507 2809 γνόντες
580 2733 669 2784 τὸν
726 2732 878 2802 Θεὸν,
947 2729 1053 2803 οῦχ
1112 2733 1182 2794 ὡς
1254 2733 1382 2785 Θεὸν
1457 2728 1738 2805 ἐδόξασαν,
1802 2731 1909 2786 ἀλλ’

298 2819 709 2896 ἐματαιώθησαν
753 2821 806 2872 ἐν
862 2827 974 2881 τοῖς
1018 2816 1390 2894 διαλογισμοῖς
1440 2821 1626 2891 αὐτῶν,
1682 2821 1775 2875 εἶτ’
1823 2814 1911 2875 οὖν

308 2909 692 2983 συλλογισμοῖς
745 2930 759 2944 ο
817 2913 911 2963 καὶ
979 2906 1263 2969 ἐσκοτίσθη
1336 2912 1366 2971 ἡ
1430 2909 1680 2975 ἀσύνετος
1743 2911 1912 2965 αὐτῶν

312 2993 544 3073 καρδία,
580 3000 669 3051 καὶ
706 2999 985 3071 φάσκοντες
1011 2995 1140 3053 εἶναι
1181 3004 1333 3073 σοφοὶ
1371 2998 1767 3077 ἐμωράνθησαν.

388 3084 568 3141 Ἔνθεν
622 3106 701 3141 τοι
753 3093 845 3142 καὶ
907 3084 956 3142 ἐν
1010 3088 1144 3162 ἁγίῳ
1198 3088 1657 3165 συναθροισθέντες
1695 3092 1913 3154 ἅπαντες

2013 1932 2156 1990 ﬁdei
2180 1932 2557 1991 inﬂammato
2585 1949 2822 2002 amore;
2854 1932 3129 2006 sepositis
3158 1932 3398 1989 interim
3425 1948 3562 2005 quae
3583 1931 3670 1988 in-

2016 2023 2259 2080 stabant
2308 2022 2636 2079 mundanis
2675 2022 2871 2093 curis;
2906 2023 3000 2079 his
3041 2021 3203 2079 enim
3244 2026 3487 2079 sanctus
3534 2022 3667 2093 ejus

2014 2113 2267 2170 thronus
2291 2112 2419 2169 sine
2449 2111 2894 2170 intermissione
2922 2112 3225 2188 pulsatur;
3255 2111 3671 2183 evangelicum

2015 2202 2165 2260 illud
2206 2202 2552 2276 exemplum
2604 2207 2764 2261 recte
2813 2219 2884 2261 ac
2924 2202 3375 2274 religiosissime
3431 2205 3670 2259 secutus

2017 2299 2123 2366 est,
2156 2292 2430 2351 videlicet
2466 2298 2533 2351 ut
2562 2293 2810 2365 angelos
2836 2310 2980 2350 suos
2999 2293 3257 2351 mitteret
3282 2292 3361 2351 ad
3399 2292 3672 2349 tollenda

2017 2384 2093 2441 de
2114 2384 2316 2440 medio
2345 2384 2476 2440 hinc
2505 2382 2817 2450 scandala,
2842 2388 2901 2441 et
2940 2398 3043 2441 eos
3079 2384 3185 2457 qui
3211 2386 3533 2457 operantur
3564 2382 3672 2439 ini-

2017 2473 2347 2547 quitatem:
2380 2472 2485 2546 qui
2516 2477 2910 2545 agnoscentes
2933 2473 3185 2547 quidem
3214 2475 3424 2542 Deum,
3447 2488 3571 2529 non
3588 2476 3676 2529 ta-

2018 2579 2161 2620 men
2183 2564 2266 2620 uti
2297 2567 2485 2621 Deum
2509 2563 2950 2635 gloriﬁcabant,
2989 2563 3096 2620 sed
3115 2564 3176 2621 in
3208 2562 3674 2636 cogitationibus

2021 2654 2143 2710 suis
2161 2652 2654 2726 syllogismisque
2670 2657 3065 2717 evanuerant,
3092 2669 3357 2726 quorum
3381 2653 3677 2726 insipiens

2021 2758 2125 2800 cor
2144 2741 2537 2801 obscuratum
2566 2747 2692 2800 erat
2717 2761 2731 2813 ;
2763 2747 2822 2801 et
2847 2743 2998 2800 dum
3024 2742 3328 2817 sapientes
3353 2758 3415 2800 se
3444 2741 3675 2800 dictita-

2018 2831 2189 2903 bant,
2221 2831 2361 2889 facti
2389 2836 2530 2889 sunt
2556 2832 2738 2890 stulti.

2096 3081 2502 3150 Quamobrem
2522 3083 2585 3141 in
2607 3095 2817 3142 sancto
2849 3083 3193 3155 congregati
3225 3083 3444 3159 Spiritu
3465 3099 3679 3142 omnes

305 3180 567 3251 πνεύματι
635 3177 822 3231 ὁπόσοι
872 3184 934 3252 τῇ
990 3174 1240 3252 βασιλίδι
1284 3186 1386 3230 τῶν
1433 3178 1626 3232 πόλεων
1692 3178 1748 3232 ἐκ
1814 3188 1909 3233 τῶν

2023 3176 2324 3248 quotquot
2350 3172 2557 3246 in:hac
2578 3173 2744 3244 regia
2768 3174 2918 3231 urbe
2945 3178 3003 3232 et
3030 3176 3091 3231 in
3112 3173 3407 3247 proximis
3446 3173 3680 3245 longin-

303 3266 532 3340 ἔγγιστά
567 3287 622 3321 τε
657 3270 748 3320 καὶ
804 3266 982 3345 πόρῥω
1029 3270 1226 3330 ταύτης
1274 3264 1544 3343 ἐπαρχιῶν
1576 3263 1913 3344 ἐπιδεδημή-

302 3374 466 3428 καμεν
522 3354 691 3430 βουλῇ
742 3360 833 3410 καὶ
901 3361 1081 3430 γνώμῃ
1157 3364 1248 3410 τοῦ
1310 3350 1712 3434 θεοκυϐερνήτου
1769 3360 1915 3432 ἡμῶν

306 3445 732 3523 αὐτοκράτορος·
790 3448 1190 3520 προκαθημένου
1248 3449 1338 3520 μὲν
1398 3455 1492 3501 τοῦ
1547 3446 1720 3501 ἐνθέου
1778 3451 1911 3524 κρά-

302 3538 428 3598 τους
481 3538 666 3604 αύτοῦ,
721 3538 1120 3613 παρισταμένης
1173 3531 1232 3589 δε
1287 3543 1385 3599 τῆς
1433 3536 1754 3610 συγκλήτου,
1788 3535 1918 3590 ἀλλὰ

299 3631 393 3679 καὶ
443 3628 593 3700 ἡμῶν
632 3636 734 3680 τῶν
765 3635 1113 3702 πατριαρχῶν
1175 3634 1266 3681 τόῦ
1308 3628 1911 3701 Κωνσταντινουπόλεως,

304 3720 396 3771 καὶ
433 3725 529 3772 τοῦ
592 3716 966 3792 Ἰεροσολύμων
1021 3719 1089 3771 τὰ
1144 3726 1241 3781 τῆς
1292 3718 1582 3780 ὑποθέσεως
1617 3727 1688 3791 τῷ
1736 3721 1917 3795 κράτει

310 3810 495 3861 τούτου
556 3803 1003 3880 συνδιαιτώντων,
1076 3811 1166 3861 καὶ
1212 3815 1305 3861 τοῦ
1358 3807 1661 3882 ύποψηφίου
1687 3813 1915 3864 Θεουπό-

310 3894 433 3959 λεως
487 3894 819 3972 Ἀντιοχείας
866 3892 1321 3972 συνεδριάζοντος,
1373 3898 1433 3951 οῦ
1472 3902 1575 3971 μὴν
1614 3893 1740 3951 οὐδὲ
1770 3900 1916 3972 ἡμῶν

312 3996 411 4040 τῶν
464 3985 923 4064 ἀρχιεπισκόπων,
984 3995 1078 4041 τοῦ
1135 3986 1481 4063 Βουλγαρίας,
1530 3993 1621 4041 καὶ
1662 3995 1756 4041 τοῦ
1805 3991 1915 4042 Κύ-

311 4096 468 4153 πρου,
505 4086 601 4140 τῆς
651 4080 898 4139 τοιαύτης
948 4076 1440 4152 ἀπολιμπανομὲνων
1474 4073 1912 4147 συνδιαιτήσεως,

304 4167 448 4221 αύτὰ
512 4166 683 4222 ἐκεῖνα
740 4172 833 4221 καὶ
887 4174 976 4219 νῦν
1041 4168 1441 4243 ὁμοφρονοῦντες
1498 4162 1908 4243 ἐπικρατύνομεν

300 4256 338 4309 ἃ
403 4254 503 4310 κὸω
568 4266 642 4330 τῷ
707 4258 960 4331 γινομένῳ
1039 4250 1305 4331 συνοδικῷ
1372 4259 1706 4331 σημειὼματι
1778 4259 1917 4309 κατὰ

298 4351 399 4406 τὴν
439 4346 524 4413 κζ’
548 4355 639 4402 τοῦ
679 4347 1003 4424 Ἰανουαρίου
1031 4351 1196 4423 μηνὸς
1245 4356 1343 4411 τῆς
1384 4345 1493 4408 ἤδη
1549 4348 1916 4425 παρελθούσης

295 4438 563 4513 τετάρτης
636 4435 986 4512 ἐπινεμήσεως
1040 4444 1133 4490 τοῦ
1205 4432 1387 4513 ,ζχξδ’
1453 4434 1619 4510 ἔτους,
1687 4438 1737 4490 οἱ
1800 4440 1916 4491 τότε

298 4526 636 4590 συνελθόντες
714 4524 767 4581 ἐν
840 4534 904 4602 τῇ
1004 4527 1269 4603 ἁγιωτάτῃ
1361 4526 1572 4602 Μεγάλη
1654 4525 1909 4601 ἐκκλησίᾳ

2024 3264 2285 3337 quisque
2314 3263 2639 3337 provinciis
2668 3280 3003 3334 versamur,
3046 3264 3131 3322 sic
3164 3261 3396 3322 volente
3428 3280 3499 3321 ac
3534 3280 3678 3321 cen-

2026 3358 2190 3412 sente
2217 3371 2253 3411 a
2274 3354 2393 3411 Deo
2420 3354 2758 3425 gubernato
2798 3356 3163 3429 imperatore
3202 3360 3411 3412 nostro
3437 3374 3449 3424 ;
3473 3355 3681 3429 praesi-

2024 3446 2202 3502 dente
2225 3448 2436 3502 sancta
2457 3446 2770 3517 majestate
2801 3446 2951 3518 ejus,
2975 3448 3211 3503 astante
3243 3451 3458 3503 senatu
3482 3445 3685 3502 nobis-

2024 3551 2143 3609 que
2164 3533 2522 3608 patriarchis
2538 3534 3225 3608 Constantinopoleos,et
3239 3533 3680 3607 Hierosolymo-

2024 3641 2182 3694 rum,
2216 3625 2527 3696 negotium
2572 3624 2689 3681 hoc
2719 3641 2859 3681 cum
2890 3625 3211 3697 majestate
3261 3626 3390 3697 ejus
3421 3624 3680 3695 gerenti-

2022 3713 2174 3785 busf;
2201 3730 2313 3769 nec
2334 3728 2458 3769 non
2479 3712 2655 3769 nobis
2685 3711 2977 3784 Bulgariaa
2996 3718 3053 3770 et
3075 3713 3251 3787 Cypri
3283 3713 3682 3787 archiepisco-

2024 3804 2116 3878 pis
2156 3802 2642 3876 cooperantibus,
2675 3801 3012 3877 eademque
3046 3803 3443 3860 sentientibus
3491 3808 3549 3861 et
3580 3803 3682 3860 ﬁr-

2024 3893 2330 3952 mantibus
2367 3909 2503 3967 quae
2526 3892 2670 3948 etin
2700 3890 2860 3950 Actis
2892 3891 3198 3965 synodicis
3240 3893 3335 3949 die
3366 3897 3434 3948 26
3465 3896 3683 3951 Janua-

2022 3984 2113 4053 rii,
2132 3986 2351 4058 quarta
2367 3983 2498 4054 jam
2525 3983 2823 4055 praeterita
2848 3980 3193 4051 indictione,
3219 3986 3675 4039 annoviocmum

2025 4073 2262 4146 (Christi
2296 4076 2450 4133 “56)
2479 4075 2779 4146 quotquot
2806 4075 2948 4128 tunc
2980 4074 3394 4129 convenerunt
3422 4072 3485 4129 in
3539 4088 3674 4129 san-

2024 4163 2291 4220 ctissima
2326 4176 2557 4234 magna
2586 4160 2851 4220 Ecclesia
2886 4160 3157 4235 episcopi
3195 4161 3528 4236 reliquique
3560 4162 3672 4219 ho-

2022 4254 2217 4310 mines
2246 4251 2632 4326 (quibuscum
2664 4252 2720 4307 et
2764 4250 3039 4307 nonnulli
3068 4267 3141 4308 ex
3182 4250 3362 4308 nobis
3408 4250 3675 4323 fuerunt)

2024 4341 2105 4400 ad
2129 4341 2505 4415 propositam
2521 4355 2558 4398 a
2578 4339 2965 4397 sanctissimo
2992 4336 3289 4397 confratre
3310 4344 3516 4397 nostro
3538 4344 3680 4397 Rus-

2024 4433 2127 4489 siae
2155 4430 2620 4504 metropolitano
2643 4429 3041 4487 Constantino
3061 4429 3462 4503 quaestionem
3482 4430 3681 4488 ortho-

2024 4523 2181 4579 doxe
2201 4520 2669 4595 responderunt.

300 4619 584 4695 ἰερώτατοι
615 4616 883 4693 ἀρχιερεῖς
930 4621 1021 4671 καὶ
1067 4616 1257 4689 λοιποὶ,
1289 4617 1367 4679 οἷς
1413 4621 1505 4670 καί
1532 4637 1661 4681 τινες
1699 4617 1752 4681 ἐξ
1780 4618 1927 4692 ἡμῶν
1954 4625 2027 4691 τῷ
2056 4617 2171 4666 τότε
2201 4610 2737 4686 σἀμπαρελὴφθησαν,
2767 4609 2831 4671 ὡς
2878 4610 3004 4685 πρὸς
3051 4608 3211 4684 ἐρώτη
3224 4628 3305 4664 σιν
3337 4610 3682 4684 εἰσαχθεῖσαν

294 4710 359 4763 τὸ
394 4715 690 4767 τηνικαῦτα
715 4709 861 4782 παρὰ
910 4708 1003 4761 τοῦ
1046 4707 1328 4783 ἱερωτάτου
1361 4702 1683 4782 συναδελφου
1718 4711 1865 4782 ὴμῶν
1904 4711 1992 4763 καὶ
2050 4702 2437 4780 μητροπολίτου
2465 4700 2686 4764 Ῥωσίας
2738 4702 3153 4770 Κωνσταντίνου,
3209 4699 3428 4763 εὐσεϐῶς
3467 4699 3680 4778 ἀπεκρί-

295 4816 459 4852 ναντο
465 4840 481 4854 ο

378 4886 440 4941 Εἰ
464 4887 567 4963 γὰρ
598 4890 688 4940 καὶ
728 4880 1001 4962 πολλαχοῦ
1049 4893 1148 4951 τῆς
1197 4880 1409 4964 Γραφῆς
1462 4888 1549 4941 τόν
1599 4885 1648 4940 ἐν
1704 4891 1804 4961 μιᾷ
1844 4882 1907 4961 τῇ

2098 4884 2217 4943 Etsi
2268 4883 2429 4940 enim
2477 4884 2636 4956 saepe
2676 4882 2741 4939 in
2790 4880 3092 4955 Scriptura
3146 4882 3483 4941 afﬁrmatur
3512 4886 3567 4940 et
3612 4882 3676 4941 in

298 4978 605 5031 ὑποστάσει
669 4978 941 5052 νοούμενον
999 4981 1129 5031 Θεόν
1180 4996 1236 5032 τε
1286 4982 1378 5031 καὶ
1443 4977 1732 5052 ἄνθρωπον,
1792 4979 1913 5031 Υἰόν

299 5071 400 5122 καὶ
460 5071 626 5140 Λόγον
684 5075 777 5121 τοῦ
837 5060 1118 5121 συναῖδίου
1183 5069 1369 5121 τούτου
1423 5069 1645 5143 Πατρός,
1704 5066 1771 5120 τὰ
1816 5074 1913 5129 τῆς

299 5160 564 5232 ἡμετέρας
627 5161 892 5233 σωτηρίας
961 5157 1401 5232 οἰκονομήσαντα,
1465 5159 1536 5219 ὡς
1604 5158 1767 5231 μέγαν
1822 5158 1914 5209 καὶ

296 5255 516 5324 πρῶτον
594 5245 847 5323 ἆρχιερέα
915 5254 1276 5323 προσαγαγεῖν
1344 5246 1527 5301 ἑαυτὸν
1595 5254 1669 5318 τῷ
1744 5246 1914 5321 Πατρὶ

300 5326 501 5392 θυσίαν
576 5332 831 5399 ζωοποιὸν
918 5341 1009 5391 καὶ
1092 5341 1527 5413 κοσμοσωτήριον
1612 5332 1914 5396 διείληπται

299 5432 400 5481 καὶ
458 5425 807 5501 ὡμολέγηται,
870 5424 974 5480 ἀλλ’
1021 5427 1148 5501 οὐχ,
1212 5430 1278 5490 ὥς
1341 5431 1477 5489 τινές
1523 5445 1701 5501 φασιν,
1760 5421 1912 5480 οὐδὲν

300 5520 760 5579 ἑπικεκοινὼνηκεν
819 5517 890 5580 εἰς
936 5519 997 5571 τό
1056 5519 1252 5578 ταύτην
1325 5516 1520 5585 λαϐεῖν,
1581 5516 1688 5570 οὔτ’
1756 5514 1913 5576 αὐτὸς

298 5607 328 5662 ὅ
386 5609 518 5684 ὑπὲρ
569 5609 714 5683 ἡμῶν
782 5607 963 5661 ἑαυτὸν
1035 5613 1386 5683 προσαγαγὼν
1448 5608 1664 5683 ἄμωμον
1734 5607 1912 5680 ἱερεῖον

303 5701 331 5751 ὀ
362 5692 641 5773 μονογενὴς
693 5695 818 5761 Υἱὸς
864 5692 956 5752 τοῦ
1007 5689 1142 5753 Θεοῦ
1205 5701 1323 5753 οὔτε
1368 5686 1473 5772 μην
1522 5699 1580 5752 τὸ
1636 5697 1913 5769 ὁμοούσιον

2027 4974 2307 5034 confesso
2337 4978 2445 5044 est,
2478 4972 2684 5031 aeterni
2706 4970 2890 5045 hujus
2919 4971 3107 5029 Patris
3147 4972 3407 5029 Verbum
3440 4972 3678 5030 Filium-

2023 5083 2165 5141 que,
2183 5081 2368 5139 quem
2380 5066 2569 5122 Deum
2591 5062 2770 5120 simul
2792 5066 2848 5120 et
2867 5061 3174 5119 hominem
3191 5062 3252 5118 in
3270 5078 3395 5120 una
3415 5078 3683 5135 persona

2024 5154 2435 5226 intelligimus,
2462 5170 2584 5229 quo
2624 5156 2896 5226 tempore
2942 5155 3209 5209 nostram
3245 5152 3502 5209 salutem
3533 5169 3685 5227 ope-

2022 5244 2292 5317 rabatur,
2318 5261 2429 5302 ceu
2455 5259 2750 5314 magnum
2770 5242 3157 5316 primumque
3183 5242 3532 5315 pontiﬁcem
3571 5243 3683 5301 ob-

2022 5334 2227 5393 tulisse
2255 5336 2447 5391 semet
2463 5333 2616 5389 Patri
2633 5331 2899 5389 hostiam
2924 5331 3221 5389 viviﬁcam
3244 5335 3300 5389 et
3328 5332 3562 5390 mundo
3585 5349 3683 5391 sa-

2020 5424 2323 5493 lutarem;
2364 5432 2758 5495 nequaquam
2796 5424 3024 5490 tamen,
3082 5425 3148 5478 ut
3202 5425 3359 5479 certe
3402 5423 3679 5479 nonnulli

2023 5515 2211 5582 aiunt,
2242 5513 2457 5570 hostiae
2482 5512 2782 5585 particeps
2809 5510 2902 5567 vel
2926 5512 3054 5584 ipse
3076 5512 3421 5583 unigenitus
3452 5512 3553 5569 Dei
3585 5512 3681 5571 Fi-

2020 5604 2136 5661 lius
2164 5604 2275 5661 fuit
2297 5606 2402 5677 qui
2432 5617 2543 5675 pro
2575 5599 2753 5658 nobis
2784 5617 2846 5657 se
2877 5602 3188 5658 victimam
3212 5601 3672 5659 immaculatam

2025 5690 2290 5760 sistebat,
2312 5690 2405 5748 vel
2434 5690 2616 5750 etiam
2638 5689 3177 5749 consubstantialis
3198 5691 3395 5748 eidem
3422 5690 3684 5763 vitaeque
