4148 6410
471 314 570 378 183

477 449 686 503 auctor
710 448 953 502 sanctus
1011 444 1263 519 Spiritus
1314 464 1325 504 :

476 533 657 591 nobis
712 549 784 591 ex
814 535 947 606 ejus
978 534 1252 592 instituto
1310 536 1573 593 hostiam
1628 538 1805 605 Patri,
1837 537 2017 594 Filius
2074 543 2130 595 et

477 622 736 696 Spiritus
773 624 1091 697 recipiunt.
1124 627 1491 699 Quanquam
1520 625 1698 698 igitur
1727 626 1801 683 de
1832 626 1933 683 illa
1961 625 2129 683 obla-

474 713 635 770 tione
657 714 739 769 sic
764 729 924 787 saepe
946 714 1234 788 praedicto
1253 716 1439 772 modo
1460 716 1661 773 locuta
1683 722 1773 772 est
1800 718 2126 789 Scriptura,

472 808 539 860 ut
567 808 835 870 constat;
868 818 1177 878 nusquam
1205 809 1409 861 tamen
1431 806 1488 860 in
1513 805 1723 861 eadem
1748 805 1951 862 divina
1985 808 2133 864 Scri'

474 898 657 966 ptura
699 891 988 949 traditum
1026 893 1163 965 quis
1214 893 1494 959 inveniet,
1550 894 1717 968 quod
1755 895 2131 968 hypostatice

474 980 734 1038 Verbum
784 996 847 1036 se
899 981 1198 1050 obtulerit,
1232 981 1292 1038 id
1347 987 1436 1039 est
1482 983 1646 1056 quod
1686 987 1902 1039 natura
1929 984 2133 1040 divina

474 1070 616 1143 ipsa
644 1085 753 1143 per
792 1087 855 1125 se
888 1071 1045 1127 Patri
1079 1070 1379 1144 obtulerit,
1413 1077 1477 1127 ut
1505 1072 1599 1128 isti
1643 1079 1971 1144 nugantur,
2021 1074 2132 1130 sal-

473 1160 720 1216 viﬁcam
795 1159 959 1215 illam
1018 1161 1206 1217 nostri
1265 1162 1500 1232 generis
1541 1163 1885 1232 victimam;
1937 1179 2135 1236 neque

475 1248 644 1318 quod
671 1248 841 1305 illam
890 1248 1073 1305 Filius
1108 1249 1285 1306 simul
1320 1266 1460 1307 cum
1504 1257 1713 1308 sancto
1759 1252 1977 1325 Spiritu
2009 1268 2129 1309 non

475 1338 785 1411 receperit.

550 1519 619 1573 Ut
650 1522 854 1574 autem
901 1515 1127 1591 scripta
1154 1533 1399 1593 quoque
1433 1521 1781 1578 testimonia
1829 1520 2135 1590 sistamus,

475 1622 613 1680 quas
640 1606 944 1679 dogmatis
981 1606 1166 1679 hujus
1207 1609 1521 1667 veritatem
1555 1610 1862 1668 evidenter
1886 1612 2138 1668 demon-

480 1700 695 1762 strant,
719 1712 831 1767 age
853 1700 1033 1753 testes
1070 1698 1407 1770 procedant
1437 1699 1843 1757 irrefutahiles
1875 1700 1999 1756 divi
2037 1703 2139 1757 Pa-

476 1790 618 1855 tres,
663 1786 769 1858 qui
798 1784 1034 1842 disertis
1074 1786 1277 1843 verbis
1324 1804 1453 1845 rem
1498 1788 1659 1845 hanc
1710 1790 1789 1845 ad
1837 1789 2139 1863 liquidum
2172 1817 2210 1870 Β

477 1876 882 1933 deduxerunt.
910 1879 1103 1948 Atque
1133 1878 1194 1932 in
1224 1877 1437 1951 primis
1463 1895 1726 1949 magnus
1750 1885 1803 1937 et
1833 1880 1894 1936 in
1921 1879 2139 1936 divinis

477 1964 657 2022 valde
685 1969 958 2021 versatus
994 1965 1265 2033 Basilius,
1303 1968 1476 2039 cujus
1518 1984 1727 2025 vocem
1766 1969 1933 2026 haud
1965 1984 2142 2026 secus

475 2068 665 2128 quam
682 2053 783 2109 Dei
799 2068 1011 2111 vocem
1043 2055 1483 2125 auscultamus,
1508 2057 1566 2113 in
1586 2059 1936 2131 compositae
1969 2059 2048 2115 ab
2071 2073 2142 2115 eo

475 2142 863 2215 Mystagogiae
894 2142 1178 2215 precibus
1207 2145 1292 2201 sic
1313 2146 1627 2203 manifeste
1660 2147 1996 2217 scribit,ubi
2018 2148 2148 2203 Ser-

475 2238 750 2290 vatorem
783 2231 1095 2291 Christum
1139 2234 1495 2309 alloquitur:
1532 2237 1805 2308 Dignare,
1848 2242 1916 2294 ut
1958 2253 1996 2294 a
2045 2251 2145 2293 me

477 2328 793 2397 peccatore
823 2329 880 2380 et
931 2325 1182 2395 indigno
1212 2325 1343 2382 haec
1367 2326 1469 2382 tibi
1497 2326 1663 2384 dona
1686 2326 2035 2384 offerantur.
2061 2329 2148 2383 Tu

478 2412 643 2469 enim
675 2428 736 2469 es
762 2415 868 2486 qui
898 2414 1102 2485 oﬂers,
1137 2419 1193 2471 et
1236 2415 1342 2488 qui
1368 2416 1623 2487 ofterris,
1649 2421 1706 2473 et
1749 2417 1855 2490 qui
1906 2416 2143 2489 recipis,

477 2506 537 2557 et
563 2502 670 2576 qui
698 2503 1027 2577 distribuis,
1064 2504 1288 2562 Christe
1329 2508 1485 2562 Deus
1526 2512 1750 2562 noster.
1786 2508 1928 2572 Quas
1958 2506 2147 2564 verba

486 2590 952 2665 Chrysostomus
998 2594 1058 2650 in
1087 2593 1368 2667 precibus
1407 2611 1443 2652 a
1469 2611 1531 2651 se
1557 2596 1730 2652 editae
1758 2594 2016 2666 liturgiae
2041 2596 2145 2653 ad-

478 2685 723 2738 mtttens
754 2682 922 2740 nullo
952 2683 1139 2740 modo
1168 2683 1530 2741 immutavit.
1565 2684 1722 2751 Quin
1753 2685 1935 2741 etiam
1965 2686 2143 2743 mira-

479 2770 629 2828 culis
659 2771 1085 2830 celeberrimus
1114 2774 1287 2830 divus
1332 2774 1653 2846 Gregorius
1695 2774 1758 2831 in
1793 2774 1952 2833 edito
2004 2792 2041 2833 a
2079 2792 2141 2833 se

482 2876 763 2919 sermone
805 2879 985 2936 super
1024 2864 1373 2936 evangelico
1427 2865 1595 2921 dicto
1628 2882 1641 2920 :
1681 2867 1781 2922 Hic
1825 2874 1908 2922 est
1944 2868 2140 2924 Filius

478 2966 643 3007 meus
672 2953 925 3011 dilectus
946 2954 1017 3021 ³⁸,
1055 2953 1135 3011 ad
1168 2954 1424 3011 litteram
1449 2954 1532 3011 ita
1557 2954 1639 3011 ait
1672 2972 1685 3011 :
1718 2955 1818 3012 Hic
1848 2960 1937 3012 est
1966 2955 2142 3013 Filius

476 3054 653 3097 meus
680 3046 737 3098 et
765 3057 982 3113 agnus,
1014 3041 1179 3099 idem
1225 3042 1508 3100 sacerdos
1564 3058 1636 3099 ac
1665 3043 1925 3111 victima,
1977 3044 2139 3102 idem

1825 318 2093 381 ΝΙΟΕΊἙ
2133 319 2483 384 CHONIA'I‘E

1374 461 1573 521 neque
1610 447 1752 505 item
1785 447 2053 506 oblatam
2097 467 2129 504 a

2252 450 2546 523 ζωαρχικόν
2586 468 2639 501 τε
2693 452 2783 501 καὶ
2840 447 2971 501 θεῖον
3012 450 3221 522 Πνεῦμα
3254 463 3266 478 ·
3331 450 3449 501 οὔτε
3487 443 3546 501 δὲ
3586 452 3678 507 τὴν
3719 450 3852 524 παρ’

3737 320 3849 382 184

2241 541 2387 613 ἡμῶν
2454 539 2760 612 τελουμένην
2843 537 3097 599 ζωοποιὸν
3185 540 3368 591 θυσίαν
3442 542 3851 612 προπινομένην

2241 631 2357 683 κατ’
2408 629 2561 683 αὐτὸν
2608 637 2680 700 τῷ
2732 633 2923 701 Πατρὶ,
2993 630 3019 681 6
3085 631 3205 691 Υἱὸς
3249 634 3337 681 καὶ
3394 632 3452 681 τὸ
3511 635 3721 701 Πνεῦμα
3780 629 3850 681 οὐ

2245 716 2775 794 ωμπροσδέχονται.
2848 718 2907 771 Εἰ
2959 726 3083 789 γοῦν
3126 723 3216 771 καὶ
3268 722 3403 770 οὕτω
3459 720 3525 770 τὰ
3589 722 3701 793 περὶ
3749 728 3852 778 τῆς

2243 808 2512 884 εἰρημένης
2540 814 2750 882 πρώτης
2808 816 3161 882 προσαγωγῆς
3216 806 3515 880 πολλαχῶς,
3554 809 3623 869 ὡς
3681 803 3854 865 δεδή-

2242 898 2423 971 λωται,
2455 901 2770 970 γέγραπται,
2824 895 2931 949 ἀλλ’
2998 896 3126 970 οὐχὶ
3172 901 3263 949 καὶ
3315 899 3682 957 ὑποστατικῶς
3735 897 3847 948 αὖ·

2242 991 2353 1057 τὸν,
2431 990 2498 1049 ὡς
2536 992 2626 1039 καὶ
2695 986 2812 1038 καθ’
2872 986 3062 1045 ἑαυτὴν
3109 988 3391 1047 τῆςιθείας
3440 988 3852 1061 προσαγούσης,

2246 1079 2449 1148 φύσεως
2505 1077 2639 1128 κατὰ
2686 1079 2780 1134 τὴν
2831 1074 2999 1126 αὐτῶν
3056 1070 3322 1147 ληρωδίαν
3362 1082 3719 1149 προσαγαγεῖν
3773 1082 3855 1145 τῷ

2247 1169 2416 1240 Πατρὶ
2475 1168 2571 1223 τήν
2639 1168 2895 1238 σωτήριον
2954 1165 3149 1222 ἐκείνην
3206 1171 3297 1216 τοῦ
3366 1166 3617 1239 ἡμετέρου
3671 1166 3859 1235 γένους

2250 1257 2459 1326 θυσίαν,
2527 1255 2657 1306 ὅπου
2717 1249 2911 1312 δήποτε
2964 1262 3053 1314 τῆς
3117 1254 3454 1307 θεοπνεύστου
3500 1260 3709 1326 Γραφῆς
3750 1273 3860 1305 πα-

2246 1339 2604 1418 ραδεδομένην
2657 1340 2860 1417 ἐφεύροι
2905 1362 3007 1412 τις,
3060 1338 3176 1395 οὐδ’
3232 1343 3312 1395 ὅτι
3349 1347 3421 1415 μὴ
3478 1345 3673 1401 ταύτην
3710 1362 3863 1415 συμ-

2248 1429 2601 1507 προσεδέξατο
2622 1435 2708 1483 καὶ
2738 1432 2764 1484 6
2804 1433 2920 1491 Υἱὸς
2950 1435 3041 1483 καὶ
3078 1434 3137 1483 16
3166 1438 3376 1504 Πνεῦμα
3411 1434 3468 1483 τὸ
3491 1431 3657 1505 ἅγιον.

2318 1520 2429 1575 Ἵνα
2496 1517 2555 1573 δὲ
2602 1525 2691 1573 καὶ
2739 1524 2987 1595 χρήσεων
3047 1528 3312 1594 γραφικῶν
3366 1524 3627 1592 φανότατα
3664 1522 3722 1572 τὸ
3758 1526 3863 1572 τοῦ

2251 1606 2513 1684 δόγματος
2587 1607 2767 1671 ἀληθὲς
2828 1615 3282 1685 παραστήσαιμεν,
3341 1612 3436 1682 ἄγε
3490 1614 3581 1663 καὶ
3652 1611 3867 1684 μάρτυς

2249 1720 2335 1774 ρες
2396 1700 2520 1774 παρ’
2590 1700 2736 1772 ἡμῶν
2802 1701 3224 1775 παραγέσθωσαν
3277 1696 3682 1773 ἆπαράγραπτοι
3742 1700 3865 1751 θεο-

2251 1794 2399 1865 φόροι
2441 1792 2685 1861 Πατέρες,
2739 1789 2789 1840 οἱ
2852 1792 2943 1840 καὶ
2989 1788 3162 1862 ῥητῶς
3209 1784 3317 1846 ἤδη
3377 1790 3446 1840 τὰ
3501 1793 3618 1861 περὶ
3665 1789 3861 1840 τούτου

2252 1874 2742 1954 διατρανὼσαντες·
2803 1881 2895 1929 καὶ
2949 1885 3149 1952 πρῶτον
3189 1878 3215 1929 6
3270 1877 3432 1938 πολὺς
3481 1880 3547 1930 τὰ
3605 1878 3717 1930 θεῖα
3761 1878 3866 1928 καὶ

2255 1974 2419 2042 μέγας
2459 1966 2746 2037 Βασίλειος,
2791 1986 2849 2019 ου
2905 1971 2993 2019 καὶ
3049 1971 3143 2025 τὴν
3184 1972 3353 2040 φωνην
3384 1970 3451 2030 ὡς
3509 1973 3643 2020 Θεοῦ
3683 1970 3865 2039 φωνὴν

2251 2061 2543 2130 κατέχομεν
2609 2057 2851 2131 ἄντικρυς
2917 2054 2965 2107 ἐν
3039 2063 3153 2118 ταῖς
3211 2064 3304 2117 τῆς
3371 2056 3496 2131 παρ’
3554 2055 3713 2107 αὐτοῦ
3775 2053 3869 2106 ἐκ·

2252 2150 2487 2207 τεθείσης
2525 2151 2910 2218 Μυσταγωγίας
2969 2144 3175 2217 εὐχαῖς,
3237 2149 3372 2198 οὕτω
3408 2148 3619 2220 γράφων
3653 2151 3866 2216 σαφῶς,

2256 2236 2412 2295 ἡνίκα
2450 2237 2576 2311 πρὸς
2632 2238 2718 2287 τὸν
2766 2241 2983 2309 Σωτῆρα
3038 2237 3268 2307 Χριστὸν
3338 2233 3574 2308 ἀναφέρει
3624 2236 3710 2286 τὸν
3775 2232 3869 2284 λό-

2255 2345 2344 2398 γον
2379 2347 2390 2358 ·
2426 2325 2677 2387 Ἀξίωσον
2705 2324 2794 2377 ὑπ’
2839 2322 2963 2396 ἐμοῦ
3011 2332 3100 2376 τοῦ
3151 2322 3462 2397 ἁμαρτωλοῡ
3504 2327 3596 2375 καὶ
3646 2319 3867 2385 ἀναξίου

2258 2411 2451 2468 δούλου
2509 2433 2603 2467 σου
2642 2416 3061 2489 προσενεχθῆναι
3120 2432 3204 2465 σοι
3260 2416 3326 2465 τά
3366 2409 3514 2485 δῶρα
3562 2411 3751 2467 ταῦτα.
3786 2414 3865 2462 Σὺ

2254 2506 2356 2579 γὰρ
2410 2505 2460 2556 εἴ
2499 2506 2525 2555 6
2565 2507 2887 2578 προσφέρων,
2934 2506 3025 2553 καὶ
3063 2506 3496 2577 προσφερόμενος,
3556 2506 3646 2553 καὶ
3693 2518 3871 2573 προσ-

2257 2592 2561 2668 δεχόμενος,
2601 2598 2691 2645 καὶ
2741 2588 3132 2665 διαδιδὸμενος,
3188 2595 3386 2666 Χριστε
3425 2593 3451 2644 6
3499 2592 3630 2652 Θεὸς
3667 2591 3817 2662 ἡμῶν
3841 2606 3861 2621 ο

2254 2687 2280 2738 ὅ
2313 2682 2453 2744 δῆτα
2501 2688 2591 2737 καὶ
2643 2684 2669 2736 6
2700 2689 2936 2758 χρυσοῦς
2992 2686 3086 2740 τὴν
3125 2681 3370 2754 γλῶσσαν
3429 2680 3476 2734 ἐν
3510 2688 3623 2742 ταῖς
3672 2680 3868 2752 εὐχαῖς

2253 2783 2350 2838 τῆς
2409 2773 2533 2849 παρ’
2587 2772 2748 2825 αὑτοῦ
2812 2770 3106 2834 ἕκτεθείσης
3151 2770 3516 2845 ἱεροτελεστίας
3571 2767 3858 2843 δεξάμονος

2253 2865 2347 2918 οὐκ
2378 2863 2684 2923 ἡλλοίωσεν.
2736 2860 2890 2914 Ἀλλὰ
2946 2866 3036 2913 καὶ
3088 2861 3114 2913 6
3168 2860 3217 2913 ἐν
3264 2861 3500 2933 θαύμασι
3544 2858 3853 2934 περιϐόητος

2254 2957 2383 3016 θεῖος
2448 2957 2727 3029 Γρηγόριος
2792 2951 2840 3003 ἐν
2896 2958 2970 3022 τῷ
3028 2950 3153 3025 παρ’
3202 2949 3362 3002 αὐτοῦ
3411 2950 3663 3003 ἐκτεθέντι
3718 2948 3857 3021 λογῴ

2252 3045 2325 3107 εἰς
2376 3046 2432 3096 τὸ
2491 3040 2823 3114 εὖαγγελικόν
2861 3040 3041 3115 ῥητὸν,
3108 3042 3188 3107 τὸ,
3241 3034 3410 3102 Οὗτός
3467 3039 3607 3091 ἐστιν
3659 3039 3683 3090 ὀ
3741 3040 3862 3098 Υἱός

477 3128 741 3187 offerens
772 3136 828 3187 et
849 3131 1109 3202 oblatus,
1132 3131 1294 3188 idem
1323 3132 1648 3190 immolans
1680 3140 1737 3192 et
1765 3134 2136 3206 immolatus,

2252 3154 2351 3210 μου
2410 3134 2436 3185 6
2505 3130 2794 3203 ἀγαπητὸς,
2844 3130 2980 3181 κατὰ
3034 3116 3181 3203 ῥῆμα
3233 3128 3368 3180 οὕτω
3421 3125 3649 3196 διεξιὼν,
3689 3122 3858 3187 Οὗτός

473 3219 639 3293 idem
668 3219 869 3277 hostia
894 3220 1088 3278 factus
1117 3222 1404 3295 idemque
1433 3222 1696 3280 hostiam
1718 3224 2040 3296 recipiens.

2253 3224 2395 3278 ἐστιν
2453 3223 2478 3273 6
2544 3222 2660 3280 Υἱὸς
2708 3238 2807 3292 μου
2866 3223 2955 3271 καὶ
3001 3216 3174 3291 ἀμνὸς,
3238 3219 3264 3269 6
3318 3216 3474 3279 αὐτὸς
3544 3217 3701 3290 ἱερεὺς
3764 3235 3860 3269 και

479 3309 681 3381 ἱερεῖον,
714 3308 741 3361 6
764 3308 923 3371 αὐτὸς
952 3313 1254 3386 προσφέρων
1282 3316 1373 3363 καὶ
1402 3331 1836 3385 προσφερομενος,
1870 3313 1895 3363 6
1929 3312 2081 3375 αὐτὸς
2111 3314 2389 3390 ἱερουργῶν
2420 3315 2508 3363 καὶ
2551 3311 2994 3384 ἱερουργουμενος,
3029 3309 3054 3360 6
3096 3307 3246 3369 αὐτὸς
3283 3308 3445 3361 θυσία
3480 3310 3742 3379 γινόμενος
3768 3310 3861 3358 καὶ

493 3396 647 3457 αὐτὸς
667 3401 754 3451 τόν
776 3400 961 3451 θυσίαν
992 3395 1269 3473 δεχόμενος
1297 3402 1441 3473 (24).

553 3488 832 3544 Consona
868 3487 963 3545 his
990 3488 1268 3547 Ecclesiae
1302 3505 1547 3564 quoque
1582 3488 2135 3564 Hierosolymitanaa

477 3574 717 3649 lampas
749 3577 1001 3649 Cyrillus
1031 3579 1090 3636 in
1130 3594 1201 3635 eo
1248 3594 1434 3653 quem
1481 3580 1557 3636 de
1596 3595 1855 3636 occursu
1899 3581 2140 3638 Domini

484 3665 723 3738 scripsit
776 3682 1088 3725 sermone:
1131 3669 1315 3737 Idem,
1346 3668 1561 3741 inquit,
1608 3673 1697 3726 est
1748 3670 2139 3742 sacriﬁcator,

483 3753 769 3829 idemque
791 3757 1046 3815 victimae
1068 3764 1360 3832 receptor.
1382 3762 1632 3831 Insuper
1660 3764 1716 3817 et
1744 3761 2049 3818 maximus
2071 3778 2142 3820 ac

484 3845 660 3902 divus
704 3846 956 3920 Cyrillus
1004 3847 1382 3906 Alexandriae
1438 3847 1735 3907 luminare
1784 3850 1846 3907 in
1900 3868 2011 3909 suo
2067 3852 2143 3909 de

486 3934 745 4008 mystica
785 3954 961 3995 ccena
985 3944 1041 3995 et
1070 3937 1292 3994 lotione
1326 3954 1625 4011 sermone,
1650 3940 1867 3998 diserte
1894 3944 1981 3998 sic
2011 3941 2095 3998 ait
2125 3960 2138 3998 :

489 4027 799 4098 Bibamus,
824 4034 934 4086 etc.
959 4043 1145 4101 usque
1173 4028 1255 4085 ad
1279 4027 1355 4085 de
1385 4030 1710 4087 venerabili
1739 4031 2017 4089 Trinitate
2058 4033 2145 4106 (ut

491 4115 606 4172 col.
640 4117 790 4185 166).
813 4117 979 4175 Idem
1004 4118 1064 4173 in
1088 4132 1199 4174 suo
1226 4118 1445 4190 pariter
1476 4121 1554 4175 ad
1594 4119 1832 4190 reginas
1866 4135 2146 4177 sermone

489 4207 825 4264 sacerdotio
853 4206 1067 4265 Christi
1100 4223 1262 4279 saepe
1302 4214 1805 4276 commemorato,
1839 4209 1922 4265 sic
1944 4225 2150 4282 prose-

2327 3486 2546 3563 Συνῳδὰ
2602 3489 2807 3550 τούτοις
2845 3491 2936 3540 καὶ
2987 3487 3013 3539 ὁ
3066 3494 3161 3548 τῆς
3225 3485 3594 3561 Ἱεροσολύμων
3647 3484 3863 3545 Ἐκκλη-

2257 3586 2378 3643 σίας
2422 3579 2668 3654 λαμπτὴρ
2720 3576 2999 3651 ἐφθέγξατο
3077 3575 3325 3651 Κύριλλος
3376 3574 3425 3627 ἐν
3492 3583 3564 3646 τῷ
3637 3573 3711 3638 εἰς
3769 3578 3858 3633 τὴν

2258 3674 2395 3725 θείαν
2469 3668 2799 3725 ’Υπαπαντὴν
2881 3669 3150 3725 πονηθέντι
3222 3664 3345 3741 παρ’
3429 3667 3590 3718 αὐτοῦ
3652 3664 3790 3737 λόγῳ
3842 3680 3856 3693 ·

2256 3763 2421 3823 Αὐτὸς
2488 3760 2515 3811 6
2576 3760 2753 3826 θύτης,
2829 3756 3006 3826 εἰπὼν,
3075 3758 3166 3808 κάξ
3232 3754 3387 3817 αὐτὸς
3442 3755 3467 3806 6
3524 3758 3618 3813 τὴν
3671 3755 3865 3806 θυσίαν

2255 3848 2560 3924 δεχόμενος.
2621 3847 2735 3901 Ἔτι
2785 3843 2844 3900 δὲ
2892 3850 2982 3899 καὶ
3029 3846 3055 3897 6
3102 3847 3383 3918 πάμμεγας
3435 3849 3523 3897 καὶ
3589 3845 3869 3905 θεσπέσιος

2257 3939 2505 4014 Κύριλλος
2562 3940 2587 3990 6
2634 3945 2723 3997 τῆς
2764 3931 3141 4009 Ἀλεξανδρέων
3186 3938 3401 4009 φωστὴρ
3457 3934 3506 3986 ἑν
3545 3941 3617 4005 τῷ
3671 3932 3743 3995 εἰς
3772 3936 3868 3985 τὸν

2252 4034 2509 4106 μυστικὸν
2556 4026 2761 4082 δεῖπνον
2815 4031 2905 4079 καὶ
2955 4033 3183 4101 νιπτῆρα
3242 4026 3377 4099 λόγῳ
3424 4026 3606 4095 αὐτοῦ,
3639 4022 3869 4099 διαρρή-

2255 4118 2357 4179 δην
2395 4121 2557 4180 οὕτως
2610 4117 3021 4190 ἀποφαινόμενος
3053 4133 3067 4147 ο
3118 4120 3350 4189 Πίνωμεν
3408 4114 3570 4167 αὐτοῦ
3608 4118 3666 4167 16
3726 4115 3869 4187 αἷμα

2255 4215 2387 4281 etc.,
2437 4223 2623 4280 usque
2668 4208 2748 4264 ad
2803 4210 3063 4280 παντίμου
3120 4201 3373 4279 Τριαδος.
3417 4203 3511 4267 ἰΟς
3561 4208 3651 4256 καὶ
3695 4202 3743 4255 ἐν
3789 4211 3869 4274 τῷ

487 4295 741 4368 quitur:
793 4294 1220 4359 Animadverte
1278 4296 1614 4369 quomodo,
1672 4302 1790 4353 etc.
1840 4314 2026 4370 usque
2067 4299 2139 4355 ad

2256 4299 2324 4360 εἰς
2368 4300 2460 4360 τὰς
2493 4295 2820 4371 βασιλίσσας
2847 4296 2985 4369 λογῳ
3034 4294 3217 4360 αὐτοῦ,
3265 4294 3535 4367 πολλαχοῦ
3581 4301 3675 4355 τῆς
3724 4295 3870 4346 κατὰ

488 4385 644 4443 Deus
671 4386 851 4445 simul
882 4392 939 4446 et
963 4388 1149 4445 homo
1173 4392 1256 4456 (ut
1274 4386 1385 4443 col.
1418 4388 1558 4459 167).
1590 4390 1881 4444 Praeterea
1904 4388 2147 4461 sapiens

486 4476 892 4536 Theodoretus
918 4475 1321 4551 apostolicum
1338 4476 1541 4534 locum
1563 4492 1855 4534 enarrans
1878 4478 1982 4535 ubi
2007 4478 2147 4534 dici-

488 4570 584 4623 tur
609 4586 620 4624 :
649 4569 764 4637 Qui
782 4585 897 4624 non
929 4566 1105 4625 habet
1137 4567 1540 4624 necessitatem
1559 4567 1825 4640 quotidie
1845 4570 2016 4638 prius
2032 4584 2147 4639 pro

488 4657 613 4713 suis
643 4658 877 4714 delictis
911 4657 1167 4715 hostiam
1201 4657 1440 4728 offerre,
1468 4656 1685 4714 deinde
1710 4672 1822 4727 pro
1846 4660 2061 4728 populi
2073 4660 2144 4716 ³⁸.

487 4746 620 4803 haec
651 4745 849 4802 addit:
899 4745 1001 4802 Hic
1041 4751 1245 4803 autem
1295 4751 1603 4803 suummet
1639 4746 1857 4805 obtulit
1885 4764 2142 4822 corpus;

486 4834 652 4892 idem
679 4835 965 4892 sacerdos
996 4834 1318 4892 etvictima
1345 4852 1359 4902 ;
1394 4841 1452 4892 et
1488 4840 1790 4909 quatenus
1814 4840 1989 4906 Deus,
2007 4855 2147 4895 cum

489 4927 659 4982 Patre
689 4930 744 4980 et
775 4923 995 4997 Spiritu
1025 4924 1257 4981 donum
1282 4924 1594 4998 recipiens.
1621 4928 1923 4983 Enarrans
1945 4934 2148 4986 autem

487 5015 846 5072 Davidicum
901 5019 1168 5070 textum:
1207 5015 1293 5069 Tu
1348 5029 1406 5070 es
1443 5017 1719 5073 sacerdos
1748 5019 1813 5074 in
1858 5023 2146 5076 alernum

488 5105 816 5162 secundum
852 5103 1576 5162 ordinemMelchisedec/z
1598 5106 1664 5178 ³⁷,
1700 5106 2148 5182 sicinterpreta-

492 5197 615 5251 tur:
654 5194 965 5250 Sacriﬁcat
989 5208 1151 5249 nunc
1178 5207 1424 5267 quoque
1447 5195 1713 5252 Christus
1743 5197 1819 5254 de
1856 5199 2013 5254 Juda
2059 5216 2150 5255 se-

490 5283 763 5339 cundum
797 5297 1042 5339 carnem
1060 5287 1261 5354 natus,
1286 5283 1393 5340 etsi
1426 5284 1576 5342 nihil
1604 5285 1651 5342 is
1673 5284 1984 5355 oﬁ‘ert,sed
2004 5288 2146 5344 oﬂ'e-

564 5426 611 5460 ³⁵
633 5425 833 5481 Matth.
876 5442 955 5495 In,
995 5429 1099 5495 17;
1136 5428 1219 5494 17,
1254 5432 1309 5485 5.
1386 5429 1434 5464 ³⁸
1466 5428 1641 5487 Hebr-
1671 5446 1769 5500 VII,
1796 5434 1887 5486 27-

564 5568 676 5641 (24)
710 5569 811 5643 Hic
862 5572 919 5628 S.
981 5571 1245 5643 Gregorii
1300 5572 1735 5643 Thaumaturgi
1780 5571 1950 5630 locus
1996 5574 2150 5631 exci-

490 5638 668 5698 disse
697 5642 932 5700 videtur
978 5658 1051 5701 ex
1094 5638 1255 5703 calce
1304 5646 1605 5703 sermonis
1652 5638 1733 5703 ab
1769 5661 1841 5704 eo
1888 5646 2028 5706 dicti
2070 5646 2147 5704 de

2256 4391 2488 4463 Χριστὸν
2571 4389 2855 4462 ἱερωσύνης
2937 4388 3278 4459 μεμνημένος,
3362 4383 3495 4436 οὕτω
3572 4379 3795 4446 διέξεισι
3848 4404 3865 4417 ο

2256 4477 2439 4552 "Aepy.
2471 4474 2529 4531 δὲ
2558 4478 2697 4539 ὅπως
2724 4481 2858 4543 etc.,
2898 4489 3085 4548 usque
3127 4474 3209 4533 ad
3251 4475 3382 4548 ὁμοῦ
3432 4476 3558 4534 Θεὸς
3617 4477 3707 4526 καὶ
3768 4474 3867 4524 οἰν-

2258 4570 2481 4645 θρωπος
2536 4566 2691 4622 Ἀλλὰ
2718 4571 2805 4619 καὶ
2840 4564 2865 4617 6
2914 4568 3074 4638 σοφὸς
3104 4561 3446 4640 Θεοδὼρητος
3477 4567 3534 4616 τὸ
3572 4561 3866 4615 ἀποστολι-

2256 4663 2345 4712 κόν
2374 4659 2533 4733 ῥητὸν
2581 4653 2926 4729 διηγούμενος
2981 4657 3040 4707 τὸ
3089 4653 3258 4726 λέγον,
3303 4652 3399 4717 ⁸ος
3442 4653 3536 4706 οὐκ
3575 4655 3688 4725 ἔχει
3735 4652 3864 4704 καθ’

2256 4751 2454 4822 ἡμέραν
2522 4744 2754 4817 ἀνάγκην
2801 4749 3048 4819 πρότερον
3113 4744 3240 4817 ὑπὲρ
3316 4751 3417 4797 τῶν
3473 4739 3620 4796 ἰδίων
3693 4741 3864 4815 αμαρ-

2257 4847 2380 4891 τιῶν
2467 4837 2655 4889 θυσίαν
2733 4833 3020 4911 ἀναφέρειν,
3101 4835 3279 4886 ἔπειτα
3359 4840 3460 4886 τῶν
3540 4838 3633 4884 τοῦ
3708 4829 3862 4897 λαοῦ,

2255 4928 2422 4989 οὕτως
2488 4925 2668 4997 ἐπάγει
2732 4945 2746 4958 ·
2799 4928 2901 4978 Καὶ
2955 4924 3137 4977 ἐκεῖνοι
3187 4926 3278 4996 μὲν
3342 4922 3492 4995 ἔτερα
3545 4928 3865 4997 προσέφερον

2263 5020 2487 5090 θύματα,
2538 5014 2684 5075 οὗτος
2732 5010 2791 5067 6":
2832 5012 3014 5066 ἑαυτοῦ
3063 5017 3420 5087 προσενήνοχε
3468 5019 3652 5084 σῶμα’
3706 5009 3867 5073 αὖτός

2259 5110 2419 5183 ἱερεὺς
2476 5108 2566 5157 καὶ
2643 5106 2822 5178 ἱερεῖον
2877 5107 3185 5177 γενόμενος·
3246 5108 3337 5155 καὶ
3401 5101 3467 5163 ὡς
3534 5103 3679 5171 Θεὸς,
3731 5101 3869 5173 μετὰ

2259 5198 2465 5271 Πατρὸς
2512 5199 2603 5247 καὶ
2652 5195 2951 5267 Πνεύματος
3005 5196 3065 5245 16
3130 5188 3299 5265 δῶρον
3355 5187 3661 5264 δεχόμενος.
3715 5188 3867 5252 Ἐξη-

2259 5289 2507 5360 γούμενος
2567 5279 2628 5336 δὲ
2686 5286 2776 5335 καὶ
2842 5286 2901 5337 τὸ
2964 5284 3239 5336 Δαυίτικὸν
3313 5281 3492 5357 ῥητὸν,
3552 5283 3611 5332 16
3678 5282 3745 5331 Σὺ
3823 5276 3874 5332 εἷ

1964 5430 2009 5466 ³⁷
2052 5430 2206 5489 Psal.
2232 5446 2340 5499 cxx,
2371 5433 2423 5487 4.

2261 5572 2475 5632 Christi
2499 5568 2827 5644 baptismo,
2846 5563 2955 5644 ubi
2976 5566 3200 5641 optime
3237 5565 3373 5644 haec
3398 5563 3585 5644 verba
3610 5563 3863 5638 quidem

2255 5637 2862 5719 quadrantfminime
2887 5637 3093 5697 tamén
3118 5650 3282 5696 nunc
3305 5637 3607 5710 teguntur.
