  <div class='ocr_page' id='page_1' title='image "/cluster/home/n/w/nwhite01/storage/ocr_20150623/140/coo.31924054870450/102.png"; bbox 0 0 4148 6388; ppageno 0'>
   <div class='ocr_carea' id='block_1_1' title="bbox 242 317 345 378">
    <p class='ocr_par' dir='ltr' id='par_1_1' title="bbox 242 317 345 378">
     <span class='ocr_line' id='line_1_1' title="bbox 242 317 345 378; baseline 0.019 -3"><span class='ocrx_word' id='word_1_1' title='bbox 242 317 345 378; x_wconf 68' lang='grc'>183</span> 
     </span>
    </p>
   </div>
   <div class='ocr_carea' id='block_1_2' title="bbox 1562 318 2307 394">
    <p class='ocr_par' dir='ltr' id='par_1_2' title="bbox 1562 318 2307 394">
     <span class='ocr_line' id='line_1_2' title="bbox 1562 318 2307 394; baseline 0.013 -11"><span class='ocrx_word' id='word_1_2' title='bbox 1562 318 1906 389; x_wconf 74' lang='grc' dir='ltr'>ΊἮΕΒΑΠΒΙ</span> <span class='ocrx_word' id='word_1_3' title='bbox 1961 332 2088 389; x_wconf 85' lang='lat' dir='ltr'>LIB.</span> <span class='ocrx_word' id='word_1_4' title='bbox 2129 330 2307 394; x_wconf 76' lang='lat' dir='ltr'>XXIV.</span> 
     </span>
    </p>
   </div>
   <div class='ocr_carea' id='block_1_3' title="bbox 3515 346 3617 410">
    <p class='ocr_par' dir='ltr' id='par_1_3' title="bbox 3515 346 3617 410">
     <span class='ocr_line' id='line_1_3' title="bbox 3515 346 3617 410; baseline 0.049 -6"><span class='ocrx_word' id='word_1_5' title='bbox 3515 346 3617 410; x_wconf 78' lang='lat' dir='ltr'>l86</span> 
     </span>
    </p>
   </div>
   <div class='ocr_carea' id='block_1_4' title="bbox 235 443 1840 540">
    <p class='ocr_par' dir='ltr' id='par_1_4' title="bbox 235 443 1838 525">
     <span class='ocr_line' id='line_1_4' title="bbox 235 443 1838 525; baseline 0.006 -27"><span class='ocrx_word' id='word_1_6' title='bbox 235 447 408 521; x_wconf 79' lang='grc' dir='ltr'>ἱερεύς</span> <span class='ocrx_word' id='word_1_7' title='bbox 465 444 538 507; x_wconf 79' lang='grc' dir='ltr'>εἰς</span> <span class='ocrx_word' id='word_1_8' title='bbox 601 447 689 496; x_wconf 89' lang='grc' dir='ltr'>τόν</span> <span class='ocrx_word' id='word_1_9' title='bbox 734 443 898 497; x_wconf 80' lang='grc' dir='ltr'>αἰῶνα</span> <span class='ocrx_word' id='word_1_10' title='bbox 962 447 1098 499; x_wconf 74' lang='grc' dir='ltr'>κατὰ</span> <span class='ocrx_word' id='word_1_11' title='bbox 1148 451 1236 508; x_wconf 72' lang='grc' dir='ltr'>τὴν</span> <span class='ocrx_word' id='word_1_12' title='bbox 1289 448 1434 513; x_wconf 75' lang='grc' dir='ltr'>τάξιν</span> <span class='ocrx_word' id='word_1_13' title='bbox 1480 450 1838 525; x_wconf 71' lang='grc' dir='ltr'>Μελχισεδὲκ,</span> 
     </span>
    </p>
   </div>
   <div class='ocr_carea' id='block_1_5' title="bbox 1949 443 3613 540">
    <p class='ocr_par' dir='ltr' id='par_1_5' title="bbox 1960 456 3613 540">
     <span class='ocr_line' id='line_1_5' title="bbox 1960 456 3613 540; baseline 0.01 -27"><span class='ocrx_word' id='word_1_14' title='bbox 1960 460 2215 517; x_wconf 90' lang='lat' dir='ltr'>rentium</span> <span class='ocrx_word' id='word_1_15' title='bbox 2248 467 2429 537; x_wconf 90' lang='lat' dir='ltr'>caput</span> <span class='ocrx_word' id='word_1_16' title='bbox 2459 470 2564 523; x_wconf 92' lang='lat' dir='ltr'>est.</span> <span class='ocrx_word' id='word_1_17' title='bbox 2614 460 2841 540; x_wconf 70' lang='lat' dir='ltr'>Corpus</span> <span class='ocrx_word' id='word_1_18' title='bbox 2871 456 3029 525; x_wconf 86' lang='lat' dir='ltr'>enim</span> <span class='ocrx_word' id='word_1_19' title='bbox 3074 485 3252 528; x_wconf 88' lang='lat' dir='ltr'>suum</span> <span class='ocrx_word' id='word_1_20' title='bbox 3281 470 3613 529; x_wconf 89' lang='lat' dir='ltr'>Ecclesiam</span> 
     </span>
    </p>
   </div>
   <div class='ocr_carea' id='block_1_6' title="bbox 234 534 1848 615">
    <p class='ocr_par' dir='ltr' id='par_1_6' title="bbox 234 534 1848 615">
     <span class='ocr_line' id='line_1_6' title="bbox 234 534 1848 615; baseline 0.007 -30"><span class='ocrx_word' id='word_1_21' title='bbox 234 542 363 611; x_wconf 76' lang='grc' dir='ltr'>περὶ</span> <span class='ocrx_word' id='word_1_22' title='bbox 409 545 505 597; x_wconf 82' lang='grc' dir='ltr'>τῆς</span> <span class='ocrx_word' id='word_1_23' title='bbox 556 534 673 587; x_wconf 88' lang='grc' dir='ltr'>καθ’</span> <span class='ocrx_word' id='word_1_24' title='bbox 732 536 931 609; x_wconf 79' lang='grc' dir='ltr'>ἡμέραν</span> <span class='ocrx_word' id='word_1_25' title='bbox 1011 542 1284 611; x_wconf 70' lang='grc' dir='ltr'>γινομένης</span> <span class='ocrx_word' id='word_1_26' title='bbox 1330 540 1698 615; x_wconf 82' lang='grc' dir='ltr'>ίεροτελεστίας</span> <span class='ocrx_word' id='word_1_27' title='bbox 1765 544 1848 596; x_wconf 83' lang='grc' dir='ltr'>ού-</span> 
     </span>
    </p>
   </div>
   <div class='ocr_carea' id='block_1_7' title="bbox 238 623 1850 701">
    <p class='ocr_par' dir='ltr' id='par_1_7' title="bbox 238 623 1850 701">
     <span class='ocr_line' id='line_1_7' title="bbox 238 623 1850 701; baseline 0.004 -23"><span class='ocrx_word' id='word_1_28' title='bbox 238 646 344 688; x_wconf 84' lang='grc' dir='ltr'>τως</span> <span class='ocrx_word' id='word_1_29' title='bbox 394 627 733 701; x_wconf 73' lang='grc' dir='ltr'>ἡρμήνευσενο</span> <span class='ocrx_word' id='word_1_30' title='bbox 802 624 1073 700; x_wconf 83' lang='grc' dir='ltr'>Ἱερατεύει</span> <span class='ocrx_word' id='word_1_31' title='bbox 1122 623 1182 680; x_wconf 71' lang='grc' dir='ltr'>δὲ</span> <span class='ocrx_word' id='word_1_32' title='bbox 1229 633 1318 681; x_wconf 85' lang='grc' dir='ltr'>καὶ</span> <span class='ocrx_word' id='word_1_33' title='bbox 1366 637 1454 681; x_wconf 77' lang='grc' dir='ltr'>νῦν</span> <span class='ocrx_word' id='word_1_34' title='bbox 1502 632 1527 682; x_wconf 93' lang='lat'>6</span> <span class='ocrx_word' id='word_1_35' title='bbox 1586 631 1642 695; x_wconf 85' lang='grc' dir='ltr'>ἐξ</span> <span class='ocrx_word' id='word_1_36' title='bbox 1670 630 1850 686; x_wconf 72' lang='grc' dir='ltr'>Ἰούδα</span> 
     </span>
    </p>
   </div>
   <div class='ocr_carea' id='block_1_8' title="bbox 1958 548 3610 631">
    <p class='ocr_par' dir='ltr' id='par_1_8' title="bbox 1958 548 3610 631">
     <span class='ocr_line' id='line_1_8' title="bbox 1958 548 3610 631; baseline 0.01 -29"><span class='ocrx_word' id='word_1_37' title='bbox 1958 548 2330 621; x_wconf 85' lang='lat' dir='ltr'>appellat..Et</span> <span class='ocrx_word' id='word_1_38' title='bbox 2377 552 2673 614; x_wconf 88' lang='lat' dir='ltr'>sacriﬁcat</span> <span class='ocrx_word' id='word_1_39' title='bbox 2700 558 2944 631; x_wconf 86' lang='lat' dir='ltr'>quidem</span> <span class='ocrx_word' id='word_1_40' title='bbox 2990 566 3056 616; x_wconf 87' lang='lat' dir='ltr'>ut</span> <span class='ocrx_word' id='word_1_41' title='bbox 3108 560 3315 630; x_wconf 89' lang='lat' dir='ltr'>homo,</span> <span class='ocrx_word' id='word_1_42' title='bbox 3347 561 3610 619; x_wconf 84' lang='lat' dir='ltr'>hostiam</span> 
     </span>
    </p>
   </div>
   <div class='ocr_carea' id='block_1_9' title="bbox 1958 641 2640 715">
    <p class='ocr_par' dir='ltr' id='par_1_9' title="bbox 1958 641 2640 715">
     <span class='ocr_line' id='line_1_9' title="bbox 1958 641 2640 715; baseline 0.015 -23"><span class='ocrx_word' id='word_1_43' title='bbox 1958 652 2101 693; x_wconf 89' lang='lat' dir='ltr'>vero</span> <span class='ocrx_word' id='word_1_44' title='bbox 2134 641 2345 715; x_wconf 79' lang='lat' dir='ltr'>recipit</span> <span class='ocrx_word' id='word_1_45' title='bbox 2370 649 2432 699; x_wconf 91' lang='lat' dir='ltr'>ut</span> <span class='ocrx_word' id='word_1_46' title='bbox 2465 647 2640 701; x_wconf 89' lang='lat' dir='ltr'>Deus.</span> 
     </span>
    </p>
   </div>
   <div class='ocr_carea' id='block_1_10' title="bbox 239 712 3611 815">
    <p class='ocr_par' dir='ltr' id='par_1_10' title="bbox 239 712 3611 815">
     <span class='ocr_line' id='line_1_10' title="bbox 239 712 3611 815; baseline 0.007 -44"><span class='ocrx_word' id='word_1_47' title='bbox 239 717 381 767; x_wconf 74' lang='grc' dir='ltr'>κατὰ</span> <span class='ocrx_word' id='word_1_48' title='bbox 441 717 612 789; x_wconf 69' lang='grc' dir='ltr'>σάρκα</span> <span class='ocrx_word' id='word_1_49' title='bbox 666 712 980 787; x_wconf 70' lang='grc' dir='ltr'>βλαστήσας</span> <span class='ocrx_word' id='word_1_50' title='bbox 1038 721 1288 790; x_wconf 76' lang='grc' dir='ltr'>Χριστὸς,</span> <span class='ocrx_word' id='word_1_51' title='bbox 1359 722 1533 773; x_wconf 86' lang='grc' dir='ltr'>καίτοι</span> <span class='ocrx_word' id='word_1_52' title='bbox 1589 718 1755 793; x_wconf 69' lang='grc' dir='ltr'>μηδὲν</span> <span class='ocrx_word' id='word_1_53' title='bbox 1804 722 1962 785; x_wconf 80' lang='grc' dir='ltr'>αύτός</span> <span class='ocrx_word' id='word_1_54' title='bbox 2004 734 2333 805; x_wconf 69' lang='grc' dir='ltr'>προσφέρων,</span> <span class='ocrx_word' id='word_1_55' title='bbox 2414 733 2541 787; x_wconf 77' lang='grc' dir='ltr'>ἀλλὰ</span> <span class='ocrx_word' id='word_1_56' title='bbox 2613 745 2712 789; x_wconf 85' lang='grc' dir='ltr'>τῶν</span> <span class='ocrx_word' id='word_1_57' title='bbox 2787 744 3181 815; x_wconf 67' lang='grc' dir='ltr'>προσφερόντων</span> <span class='ocrx_word' id='word_1_58' title='bbox 3224 741 3416 814; x_wconf 78' lang='grc' dir='ltr'>κεφαλὴ</span> <span class='ocrx_word' id='word_1_59' title='bbox 3470 762 3611 815; x_wconf 67' lang='grc' dir='ltr'>χρη-</span> 
     </span>
    </p>
   </div>
   <div class='ocr_carea' id='block_1_11' title="bbox 245 805 535 879">
    <p class='ocr_par' dir='ltr' id='par_1_11' title="bbox 245 805 535 879">
     <span class='ocr_line' id='line_1_11' title="bbox 245 805 535 879; baseline 0 -22"><span class='ocrx_word' id='word_1_60' title='bbox 245 805 490 879; x_wconf 78' lang='grc' dir='ltr'>ματίζων</span> <span class='ocrx_word' id='word_1_61' title='bbox 521 826 535 839; x_wconf 75' lang='grc'><strong>⁸</strong></span> 
     </span>
    </p>
   </div>
   <div class='ocr_carea' id='block_1_12' title="bbox 240 895 901 969">
    <p class='ocr_par' dir='ltr' id='par_1_12' title="bbox 240 895 901 969">
     <span class='ocr_line' id='line_1_12' title="bbox 240 895 901 969; baseline -0.003 -21"><span class='ocrx_word' id='word_1_62' title='bbox 240 899 638 969; x_wconf 59' lang='grc' dir='ltr'>προσφερόμενα</span> <span class='ocrx_word' id='word_1_63' title='bbox 661 895 727 956; x_wconf 84' lang='grc' dir='ltr'>ὦς</span> <span class='ocrx_word' id='word_1_64' title='bbox 754 900 901 955; x_wconf 80' lang='grc' dir='ltr'>Θεός.</span> 
     </span>
    </p>
   </div>
   <div class='ocr_carea' id='block_1_13' title="bbox 315 982 1846 1062">
    <p class='ocr_par' dir='ltr' id='par_1_13' title="bbox 315 982 1846 1062">
     <span class='ocr_line' id='line_1_13' title="bbox 315 982 1846 1062; baseline 0.003 -25"><span class='ocrx_word' id='word_1_65' title='bbox 315 991 496 1037; x_wconf 69' lang='grc' dir='ltr'>Ταῦτα</span> <span class='ocrx_word' id='word_1_66' title='bbox 519 986 608 1056; x_wconf 68' lang='grc' dir='ltr'>μὲν</span> <span class='ocrx_word' id='word_1_67' title='bbox 638 983 724 1035; x_wconf 76' lang='grc' dir='ltr'>οὖν</span> <span class='ocrx_word' id='word_1_68' title='bbox 769 982 824 1035; x_wconf 81' lang='grc' dir='ltr'>ἐκ</span> <span class='ocrx_word' id='word_1_69' title='bbox 877 983 1073 1037; x_wconf 79' lang='grc' dir='ltr'>πολλῶν</span> <span class='ocrx_word' id='word_1_70' title='bbox 1139 984 1288 1058; x_wconf 80' lang='grc' dir='ltr'>ὀλίγα</span> <span class='ocrx_word' id='word_1_71' title='bbox 1342 990 1486 1062; x_wconf 72' lang='grc' dir='ltr'>παρά</span> <span class='ocrx_word' id='word_1_72' title='bbox 1541 998 1639 1042; x_wconf 82' lang='grc' dir='ltr'>τῶν</span> <span class='ocrx_word' id='word_1_73' title='bbox 1701 991 1846 1043; x_wconf 81' lang='grc' dir='ltr'>θείων</span> 
     </span>
    </p>
   </div>
   <div class='ocr_carea' id='block_1_14' title="bbox 240 1071 1848 1151">
    <p class='ocr_par' dir='ltr' id='par_1_14' title="bbox 240 1071 1848 1151">
     <span class='ocr_line' id='line_1_14' title="bbox 240 1071 1848 1151; baseline 0.005 -26"><span class='ocrx_word' id='word_1_74' title='bbox 240 1078 489 1148; x_wconf 81' lang='grc' dir='ltr'>Πατέρων</span> <span class='ocrx_word' id='word_1_75' title='bbox 557 1071 920 1146; x_wconf 72' lang='grc' dir='ltr'>ἐρανισάμενοι</span> <span class='ocrx_word' id='word_1_76' title='bbox 976 1079 1107 1149; x_wconf 81' lang='grc' dir='ltr'>πρὸς</span> <span class='ocrx_word' id='word_1_77' title='bbox 1173 1074 1360 1151; x_wconf 70' lang='grc' dir='ltr'>ἐναργῆ</span> <span class='ocrx_word' id='word_1_78' title='bbox 1436 1086 1530 1140; x_wconf 83' lang='grc' dir='ltr'>τῆς</span> <span class='ocrx_word' id='word_1_79' title='bbox 1608 1078 1848 1141; x_wconf 77' lang='grc' dir='ltr'>ἀληθείας</span> 
     </span>
    </p>
   </div>
   <div class='ocr_carea' id='block_1_15' title="bbox 232 1165 1846 1243">
    <p class='ocr_par' dir='ltr' id='par_1_15' title="bbox 232 1165 1846 1243">
     <span class='ocr_line' id='line_1_15' title="bbox 232 1165 1846 1243; baseline 0.005 -29"><span class='ocrx_word' id='word_1_80' title='bbox 232 1166 595 1237; x_wconf 67' lang='grc' dir='ltr'>παράστασιν,</span> <span class='ocrx_word' id='word_1_81' title='bbox 680 1171 743 1235; x_wconf 80' lang='grc' dir='ltr'>τῇ</span> <span class='ocrx_word' id='word_1_82' title='bbox 841 1168 1082 1240; x_wconf 84' lang='grc' dir='ltr'>παρούσῃ</span> <span class='ocrx_word' id='word_1_83' title='bbox 1150 1174 1322 1240; x_wconf 69' lang='grc' dir='ltr'>γραρῇ</span> <span class='ocrx_word' id='word_1_84' title='bbox 1410 1165 1729 1243; x_wconf 82' lang='grc' dir='ltr'>ἐνετοίξαμεν,</span> <span class='ocrx_word' id='word_1_85' title='bbox 1787 1174 1846 1222; x_wconf 87' lang='grc' dir='ltr'>τό</span> 
     </span>
    </p>
   </div>
   <div class='ocr_carea' id='block_1_16' title="bbox 222 1251 1847 1328">
    <p class='ocr_par' dir='ltr' id='par_1_16' title="bbox 222 1251 1847 1328">
     <span class='ocr_line' id='line_1_16' title="bbox 222 1251 1847 1328; baseline 0.006 -26"><span class='ocrx_word' id='word_1_86' title='bbox 222 1260 398 1325; x_wconf 79' lang='grc' dir='ltr'>μῆκος</span> <span class='ocrx_word' id='word_1_87' title='bbox 480 1259 574 1304; x_wconf 74' lang='grc' dir='ltr'>τοῦ</span> <span class='ocrx_word' id='word_1_88' title='bbox 648 1251 805 1324; x_wconf 94' lang='grc' dir='ltr'>λόγου</span> <span class='ocrx_word' id='word_1_89' title='bbox 892 1254 1236 1328; x_wconf 76' lang='grc' dir='ltr'>ἐκφεύγοντες.</span> <span class='ocrx_word' id='word_1_90' title='bbox 1306 1255 1513 1320; x_wconf 78' lang='grc' dir='ltr'>Ἔξεστι</span> <span class='ocrx_word' id='word_1_91' title='bbox 1597 1255 1657 1311; x_wconf 70' lang='grc' dir='ltr'>δὲ</span> <span class='ocrx_word' id='word_1_92' title='bbox 1738 1267 1847 1322; x_wconf 89' lang='grc' dir='ltr'>τοίς</span> 
     </span>
    </p>
   </div>
   <div class='ocr_carea' id='block_1_17' title="bbox 229 1339 1845 1422">
    <p class='ocr_par' dir='ltr' id='par_1_17' title="bbox 229 1339 1845 1422">
     <span class='ocr_line' id='line_1_17' title="bbox 229 1339 1845 1422; baseline 0.005 -29"><span class='ocrx_word' id='word_1_93' title='bbox 229 1339 580 1415; x_wconf 73' lang='grc' dir='ltr'>βουλομένοις</span> <span class='ocrx_word' id='word_1_94' title='bbox 619 1341 930 1414; x_wconf 68' lang='grc' dir='ltr'>φιλοπονεῖν,</span> <span class='ocrx_word' id='word_1_95' title='bbox 970 1348 1060 1396; x_wconf 87' lang='grc' dir='ltr'>καὶ</span> <span class='ocrx_word' id='word_1_96' title='bbox 1110 1344 1163 1407; x_wconf 83' lang='grc' dir='ltr'>ἐξ</span> <span class='ocrx_word' id='word_1_97' title='bbox 1214 1344 1375 1398; x_wconf 74' lang='grc' dir='ltr'>ἄλλων</span> <span class='ocrx_word' id='word_1_98' title='bbox 1427 1351 1626 1422; x_wconf 88' lang='grc' dir='ltr'>μυρίων</span> <span class='ocrx_word' id='word_1_99' title='bbox 1681 1350 1845 1401; x_wconf 77' lang='grc' dir='ltr'>συνά-</span> 
     </span>
    </p>
   </div>
   <div class='ocr_carea' id='block_1_18' title="bbox 228 1428 1845 1511">
    <p class='ocr_par' dir='ltr' id='par_1_18' title="bbox 228 1428 1845 1511">
     <span class='ocr_line' id='line_1_18' title="bbox 228 1428 1845 1511; baseline 0.004 -28"><span class='ocrx_word' id='word_1_100' title='bbox 228 1450 341 1502; x_wconf 82' lang='grc' dir='ltr'>γειν</span> <span class='ocrx_word' id='word_1_101' title='bbox 386 1431 677 1511; x_wconf 41' lang='grc' dir='ltr'>τοῡεθείου</span> <span class='ocrx_word' id='word_1_102' title='bbox 723 1428 987 1504; x_wconf 74' lang='grc' dir='ltr'>δόγματος</span> <span class='ocrx_word' id='word_1_103' title='bbox 1047 1438 1140 1491; x_wconf 67' lang='grc' dir='ltr'>τὴν</span> <span class='ocrx_word' id='word_1_104' title='bbox 1198 1432 1507 1507; x_wconf 76' lang='grc' dir='ltr'>ιίικρίϐείαν⁵</span> <span class='ocrx_word' id='word_1_105' title='bbox 1573 1443 1682 1490; x_wconf 82' lang='grc' dir='ltr'>Τῶν</span> <span class='ocrx_word' id='word_1_106' title='bbox 1758 1434 1845 1490; x_wconf 73' lang='grc' dir='ltr'>οὖν</span> 
     </span>
    </p>
   </div>
   <div class='ocr_carea' id='block_1_19' title="bbox 236 1522 1847 1600">
    <p class='ocr_par' dir='ltr' id='par_1_19' title="bbox 236 1522 1847 1600">
     <span class='ocr_line' id='line_1_19' title="bbox 236 1522 1847 1600; baseline 0.004 -28"><span class='ocrx_word' id='word_1_107' title='bbox 236 1522 495 1594; x_wconf 67' lang='grc' dir='ltr'>θεοφόρων</span> <span class='ocrx_word' id='word_1_108' title='bbox 556 1524 800 1595; x_wconf 83' lang='grc' dir='ltr'>Πατέρων</span> <span class='ocrx_word' id='word_1_109' title='bbox 862 1525 1019 1584; x_wconf 70' lang='grc' dir='ltr'>οὕτως</span> <span class='ocrx_word' id='word_1_110' title='bbox 1078 1524 1376 1599; x_wconf 74' lang='grc' dir='ltr'>όμοφρόνως</span> <span class='ocrx_word' id='word_1_111' title='bbox 1439 1524 1716 1600; x_wconf 77' lang='grc' dir='ltr'>εἰρηκότων</span> <span class='ocrx_word' id='word_1_112' title='bbox 1780 1527 1847 1578; x_wconf 78' lang='grc' dir='ltr'>τὰ</span> 
     </span>
    </p>
   </div>
   <div class='ocr_carea' id='block_1_20' title="bbox 222 1605 1844 1683">
    <p class='ocr_par' dir='ltr' id='par_1_20' title="bbox 222 1605 1844 1683">
     <span class='ocr_line' id='line_1_20' title="bbox 222 1605 1844 1683; baseline 0.004 -22"><span class='ocrx_word' id='word_1_113' title='bbox 222 1614 349 1683; x_wconf 81' lang='grc' dir='ltr'>περὶ</span> <span class='ocrx_word' id='word_1_114' title='bbox 407 1612 617 1676; x_wconf 86' lang='grc' dir='ltr'>τούτου,</span> <span class='ocrx_word' id='word_1_115' title='bbox 660 1605 881 1668; x_wconf 72' lang='grc' dir='ltr'>εὔδηλον</span> <span class='ocrx_word' id='word_1_116' title='bbox 945 1614 1033 1677; x_wconf 86' lang='grc' dir='ltr'>ὡς,</span> <span class='ocrx_word' id='word_1_117' title='bbox 1083 1613 1310 1671; x_wconf 74' lang='grc' dir='ltr'>ὁπηνίκα</span> <span class='ocrx_word' id='word_1_118' title='bbox 1357 1618 1448 1666; x_wconf 85' lang='grc' dir='ltr'>καὶ</span> <span class='ocrx_word' id='word_1_119' title='bbox 1502 1615 1527 1666; x_wconf 98' lang='lat'>6</span> <span class='ocrx_word' id='word_1_120' title='bbox 1584 1618 1844 1678; x_wconf 74' lang='grc' dir='ltr'>Δεσπότης</span> 
     </span>
    </p>
   </div>
   <div class='ocr_carea' id='block_1_21' title="bbox 224 1697 1844 1779">
    <p class='ocr_par' dir='ltr' id='par_1_21' title="bbox 224 1697 1844 1779">
     <span class='ocr_line' id='line_1_21' title="bbox 224 1697 1844 1779; baseline 0.002 -26"><span class='ocrx_word' id='word_1_121' title='bbox 224 1701 469 1773; x_wconf 70' lang='grc' dir='ltr'>Χριστός</span> <span class='ocrx_word' id='word_1_122' title='bbox 526 1698 709 1751; x_wconf 78' lang='grc' dir='ltr'>ἑαυτὸν</span> <span class='ocrx_word' id='word_1_123' title='bbox 767 1697 1022 1762; x_wconf 80' lang='grc' dir='ltr'>ἑκουσίως</span> <span class='ocrx_word' id='word_1_124' title='bbox 1093 1703 1310 1776; x_wconf 79' lang='grc' dir='ltr'>ἱέρευσε,</span> <span class='ocrx_word' id='word_1_125' title='bbox 1368 1707 1673 1779; x_wconf 74' lang='grc' dir='ltr'>προσήγαγε</span> <span class='ocrx_word' id='word_1_126' title='bbox 1753 1707 1844 1777; x_wconf 72' lang='grc' dir='ltr'>μὲν</span> 
     </span>
    </p>
   </div>
   <div class='ocr_carea' id='block_1_22' title="bbox 230 1787 1845 1864">
    <p class='ocr_par' dir='ltr' id='par_1_22' title="bbox 230 1787 1845 1864">
     <span class='ocr_line' id='line_1_22' title="bbox 230 1787 1845 1864; baseline 0.004 -24"><span class='ocrx_word' id='word_1_127' title='bbox 230 1788 414 1841; x_wconf 77' lang='grc' dir='ltr'>ἑαυτόν</span> <span class='ocrx_word' id='word_1_128' title='bbox 459 1789 597 1839; x_wconf 83' lang='grc' dir='ltr'>κατὰ</span> <span class='ocrx_word' id='word_1_129' title='bbox 648 1791 709 1840; x_wconf 88' lang='grc' dir='ltr'>τό</span> <span class='ocrx_word' id='word_1_130' title='bbox 780 1787 1119 1864; x_wconf 80' lang='grc' dir='ltr'>ἀνθρώπινον,</span> <span class='ocrx_word' id='word_1_131' title='bbox 1150 1793 1220 1853; x_wconf 83' lang='grc' dir='ltr'>ὡς</span> <span class='ocrx_word' id='word_1_132' title='bbox 1280 1788 1339 1844; x_wconf 68' lang='grc' dir='ltr'>δὲ</span> <span class='ocrx_word' id='word_1_133' title='bbox 1396 1796 1522 1853; x_wconf 78' lang='grc' dir='ltr'>Θεὸς</span> <span class='ocrx_word' id='word_1_134' title='bbox 1562 1798 1652 1845; x_wconf 83' lang='grc' dir='ltr'>καὶ</span> <span class='ocrx_word' id='word_1_135' title='bbox 1691 1793 1845 1854; x_wconf 80' lang='grc' dir='ltr'>αύτός</span> 
     </span>
    </p>
   </div>
   <div class='ocr_carea' id='block_1_23' title="bbox 234 1864 1922 1952">
    <p class='ocr_par' dir='ltr' id='par_1_23' title="bbox 234 1864 1922 1952">
     <span class='ocr_line' id='line_1_23' title="bbox 234 1864 1922 1952; baseline 0.004 -22"><span class='ocrx_word' id='word_1_136' title='bbox 234 1880 447 1949; x_wconf 72' lang='grc' dir='ltr'>συνάμα</span> <span class='ocrx_word' id='word_1_137' title='bbox 506 1884 580 1948; x_wconf 83' lang='grc' dir='ltr'>τῷ</span> <span class='ocrx_word' id='word_1_138' title='bbox 636 1881 806 1952; x_wconf 87' lang='grc' dir='ltr'>Πατρὶ</span> <span class='ocrx_word' id='word_1_139' title='bbox 844 1883 936 1930; x_wconf 86' lang='grc' dir='ltr'>καὶ</span> <span class='ocrx_word' id='word_1_140' title='bbox 975 1883 1236 1952; x_wconf 81' lang='grc' dir='ltr'>Πνεύματι</span> <span class='ocrx_word' id='word_1_141' title='bbox 1273 1885 1363 1941; x_wconf 72' lang='grc' dir='ltr'>τὴν</span> <span class='ocrx_word' id='word_1_142' title='bbox 1434 1883 1621 1934; x_wconf 79' lang='grc' dir='ltr'>θυσίαν</span> <span class='ocrx_word' id='word_1_143' title='bbox 1671 1880 1842 1936; x_wconf 67' lang='grc' dir='ltr'>ἀνεὸἒ-</span> <span class='ocrx_word' id='word_1_144' title='bbox 1878 1864 1922 1918; x_wconf 82' lang='grc' dir='ltr'>Β</span> 
     </span>
    </p>
   </div>
   <div class='ocr_carea' id='block_1_24' title="bbox 230 1965 1840 2046">
    <p class='ocr_par' dir='ltr' id='par_1_24' title="bbox 230 1965 1840 2046">
     <span class='ocr_line' id='line_1_24' title="bbox 230 1965 1840 2046; baseline 0.002 -26"><span class='ocrx_word' id='word_1_145' title='bbox 230 1967 379 2030; x_wconf 82' lang='grc' dir='ltr'>ξατο.</span> <span class='ocrx_word' id='word_1_146' title='bbox 436 1965 574 2018; x_wconf 80' lang='grc' dir='ltr'>Ἀλλ’</span> <span class='ocrx_word' id='word_1_147' title='bbox 628 1966 676 2019; x_wconf 80' lang='grc' dir='ltr'>ἐν</span> <span class='ocrx_word' id='word_1_148' title='bbox 732 1969 937 2029; x_wconf 71' lang='grc' dir='ltr'>τούτοις</span> <span class='ocrx_word' id='word_1_149' title='bbox 987 1972 1077 2041; x_wconf 69' lang='grc' dir='ltr'>μὲν</span> <span class='ocrx_word' id='word_1_150' title='bbox 1133 1971 1197 2022; x_wconf 83' lang='grc' dir='ltr'>τὰ</span> <span class='ocrx_word' id='word_1_151' title='bbox 1242 1977 1337 2031; x_wconf 80' lang='grc' dir='ltr'>τῆς</span> <span class='ocrx_word' id='word_1_152' title='bbox 1386 1972 1676 2034; x_wconf 72' lang='grc' dir='ltr'>ὑποθέσεως</span> <span class='ocrx_word' id='word_1_153' title='bbox 1710 1971 1840 2046; x_wconf 70' lang='grc' dir='ltr'>ἐφ’ᾖ</span> 
     </span>
    </p>
   </div>
   <div class='ocr_carea' id='block_1_25' title="bbox 227 2055 1844 2135">
    <p class='ocr_par' dir='ltr' id='par_1_25' title="bbox 227 2055 1844 2135">
     <span class='ocr_line' id='line_1_25' title="bbox 227 2055 1844 2135; baseline 0.002 -25"><span class='ocrx_word' id='word_1_154' title='bbox 227 2063 319 2110; x_wconf 78' lang='grc' dir='ltr'>καὶ</span> <span class='ocrx_word' id='word_1_155' title='bbox 376 2063 594 2131; x_wconf 78' lang='grc' dir='ltr'>πρώτως</span> <span class='ocrx_word' id='word_1_156' title='bbox 636 2055 955 2130; x_wconf 81' lang='grc' dir='ltr'>συνήλθομεν</span> <span class='ocrx_word' id='word_1_157' title='bbox 987 2072 1002 2088; x_wconf 77' lang='grc'><strong>⁸</strong></span> <span class='ocrx_word' id='word_1_158' title='bbox 1053 2063 1141 2111; x_wconf 82' lang='grc' dir='ltr'>καὶ</span> <span class='ocrx_word' id='word_1_159' title='bbox 1173 2059 1308 2111; x_wconf 82' lang='grc' dir='ltr'>ούτω</span> <span class='ocrx_word' id='word_1_160' title='bbox 1350 2056 1431 2112; x_wconf 80' lang='grc' dir='ltr'>δεῖ</span> <span class='ocrx_word' id='word_1_161' title='bbox 1486 2067 1682 2135; x_wconf 65' lang='grc' dir='ltr'>φρονεῖν</span> <span class='ocrx_word' id='word_1_162' title='bbox 1722 2066 1844 2124; x_wconf 83' lang='grc' dir='ltr'>τοὺς</span> 
     </span>
    </p>
   </div>
   <div class='ocr_carea' id='block_1_26' title="bbox 217 2145 1845 2225">
    <p class='ocr_par' dir='ltr' id='par_1_26' title="bbox 217 2145 1845 2225">
     <span class='ocr_line' id='line_1_26' title="bbox 217 2145 1845 2225; baseline 0.004 -27"><span class='ocrx_word' id='word_1_163' title='bbox 217 2154 320 2209; x_wconf 72' lang='grc' dir='ltr'>τῆς</span> <span class='ocrx_word' id='word_1_164' title='bbox 360 2145 682 2207; x_wconf 83' lang='grc' dir='ltr'>Ἐκκλησίας</span> <span class='ocrx_word' id='word_1_165' title='bbox 732 2151 1020 2221; x_wconf 61' lang='grc' dir='ltr'>τροφίμους</span> <span class='ocrx_word' id='word_1_166' title='bbox 1067 2149 1136 2211; x_wconf 76' lang='grc' dir='ltr'>ὡς</span> <span class='ocrx_word' id='word_1_167' title='bbox 1188 2156 1283 2211; x_wconf 77' lang='grc' dir='ltr'>τῆς</span> <span class='ocrx_word' id='word_1_168' title='bbox 1330 2146 1562 2224; x_wconf 72' lang='grc' dir='ltr'>Τριάὸος</span> <span class='ocrx_word' id='word_1_169' title='bbox 1614 2170 1845 2225; x_wconf 76' lang='grc' dir='ltr'>προσκυ-</span> 
     </span>
    </p>
   </div>
   <div class='ocr_carea' id='block_1_27' title="bbox 223 2233 1843 2308">
    <p class='ocr_par' dir='ltr' id='par_1_27' title="bbox 223 2233 1843 2308">
     <span class='ocr_line' id='line_1_27' title="bbox 223 2233 1843 2308; baseline 0.004 -21"><span class='ocrx_word' id='word_1_170' title='bbox 223 2237 408 2296; x_wconf 67' lang='grc' dir='ltr'>νητάς·</span> <span class='ocrx_word' id='word_1_171' title='bbox 462 2238 556 2287; x_wconf 83' lang='grc' dir='ltr'>καὶ</span> <span class='ocrx_word' id='word_1_172' title='bbox 608 2234 722 2286; x_wconf 89' lang='grc' dir='ltr'>κατ’</span> <span class='ocrx_word' id='word_1_173' title='bbox 774 2233 952 2308; x_wconf 81' lang='grc' dir='ltr'>ἀρχὴν</span> <span class='ocrx_word' id='word_1_174' title='bbox 1000 2233 1083 2290; x_wconf 84' lang='grc' dir='ltr'>ἐπὶ</span> <span class='ocrx_word' id='word_1_175' title='bbox 1138 2244 1231 2289; x_wconf 78' lang='grc' dir='ltr'>τοῦ</span> <span class='ocrx_word' id='word_1_176' title='bbox 1280 2244 1599 2291; x_wconf 73' lang='grc' dir='ltr'>Δεσποτικοῦ</span> <span class='ocrx_word' id='word_1_177' title='bbox 1646 2241 1843 2304; x_wconf 77' lang='grc' dir='ltr'>πάθους</span> 
     </span>
    </p>
   </div>
   <div class='ocr_carea' id='block_1_28' title="bbox 222 2325 1843 2405">
    <p class='ocr_par' dir='ltr' id='par_1_28' title="bbox 222 2325 1843 2405">
     <span class='ocr_line' id='line_1_28' title="bbox 222 2325 1843 2405; baseline 0.003 -28"><span class='ocrx_word' id='word_1_178' title='bbox 222 2329 312 2377; x_wconf 86' lang='grc' dir='ltr'>τόν</span> <span class='ocrx_word' id='word_1_179' title='bbox 345 2325 680 2399; x_wconf 68' lang='grc' dir='ltr'>θεάνθρωπον</span> <span class='ocrx_word' id='word_1_180' title='bbox 725 2328 895 2396; x_wconf 88' lang='grc' dir='ltr'>Λόγον</span> <span class='ocrx_word' id='word_1_181' title='bbox 957 2329 1015 2378; x_wconf 87' lang='grc' dir='ltr'>τό</span> <span class='ocrx_word' id='word_1_182' title='bbox 1083 2331 1340 2401; x_wconf 75' lang='grc' dir='ltr'>σωτήριον</span> <span class='ocrx_word' id='word_1_183' title='bbox 1409 2329 1549 2401; x_wconf 79' lang='grc' dir='ltr'>θῦμα</span> <span class='ocrx_word' id='word_1_184' title='bbox 1625 2348 1843 2405; x_wconf 86' lang='grc' dir='ltr'>προσεν-</span> 
     </span>
    </p>
   </div>
   <div class='ocr_carea' id='block_1_29' title="bbox 227 2414 1842 2491">
    <p class='ocr_par' dir='ltr' id='par_1_29' title="bbox 227 2414 1842 2491">
     <span class='ocr_line' id='line_1_29' title="bbox 227 2414 1842 2491; baseline 0.002 -23"><span class='ocrx_word' id='word_1_185' title='bbox 227 2422 392 2487; x_wconf 76' lang='grc' dir='ltr'>εγκεῖν</span> <span class='ocrx_word' id='word_1_186' title='bbox 448 2421 524 2485; x_wconf 82' lang='grc' dir='ltr'>τῷ</span> <span class='ocrx_word' id='word_1_187' title='bbox 582 2417 755 2489; x_wconf 87' lang='grc' dir='ltr'>Πατρί</span> <span class='ocrx_word' id='word_1_188' title='bbox 814 2433 871 2467; x_wconf 88' lang='grc' dir='ltr'>τε</span> <span class='ocrx_word' id='word_1_189' title='bbox 924 2419 1015 2467; x_wconf 87' lang='grc' dir='ltr'>καὶ</span> <span class='ocrx_word' id='word_1_190' title='bbox 1065 2414 1232 2488; x_wconf 73' lang='grc' dir='ltr'>ἑαυτῷ</span> <span class='ocrx_word' id='word_1_191' title='bbox 1312 2420 1376 2478; x_wconf 79' lang='grc' dir='ltr'>ὡς</span> <span class='ocrx_word' id='word_1_192' title='bbox 1456 2425 1570 2490; x_wconf 82' lang='grc' dir='ltr'>Θεῷ</span> <span class='ocrx_word' id='word_1_193' title='bbox 1625 2422 1715 2472; x_wconf 87' lang='grc' dir='ltr'>καὶ</span> <span class='ocrx_word' id='word_1_194' title='bbox 1770 2427 1842 2491; x_wconf 80' lang='grc' dir='ltr'>τῷ</span> 
     </span>
    </p>
   </div>
   <div class='ocr_carea' id='block_1_30' title="bbox 234 2502 1842 2579">
    <p class='ocr_par' dir='ltr' id='par_1_30' title="bbox 234 2502 1842 2579">
     <span class='ocr_line' id='line_1_30' title="bbox 234 2502 1842 2579; baseline 0.002 -22"><span class='ocrx_word' id='word_1_195' title='bbox 234 2507 497 2577; x_wconf 82' lang='grc' dir='ltr'>Πνεύματι</span> <span class='ocrx_word' id='word_1_196' title='bbox 524 2518 539 2533; x_wconf 80' lang='grc'><strong>⁸</strong></span> <span class='ocrx_word' id='word_1_197' title='bbox 572 2505 699 2579; x_wconf 88' lang='grc' dir='ltr'>παρ’</span> <span class='ocrx_word' id='word_1_198' title='bbox 738 2504 808 2555; x_wconf 85' lang='grc' dir='ltr'>ὧν</span> <span class='ocrx_word' id='word_1_199' title='bbox 853 2502 957 2556; x_wconf 75' lang='grc' dir='ltr'>κάκ</span> <span class='ocrx_word' id='word_1_200' title='bbox 1005 2512 1098 2557; x_wconf 81' lang='grc' dir='ltr'>τοῦ</span> <span class='ocrx_word' id='word_1_201' title='bbox 1156 2510 1227 2579; x_wconf 79' lang='grc' dir='ltr'>μὴ</span> <span class='ocrx_word' id='word_1_202' title='bbox 1284 2509 1426 2567; x_wconf 75' lang='grc' dir='ltr'>ὄντος</span> <span class='ocrx_word' id='word_1_203' title='bbox 1475 2504 1542 2568; x_wconf 83' lang='grc' dir='ltr'>εἷς</span> <span class='ocrx_word' id='word_1_204' title='bbox 1605 2511 1663 2561; x_wconf 87' lang='grc' dir='ltr'>τό</span> <span class='ocrx_word' id='word_1_205' title='bbox 1712 2509 1842 2561; x_wconf 84' lang='grc' dir='ltr'>εἶναι</span> 
     </span>
    </p>
   </div>
   <div class='ocr_carea' id='block_1_31' title="bbox 222 2594 1840 2671">
    <p class='ocr_par' dir='ltr' id='par_1_31' title="bbox 222 2594 1840 2671">
     <span class='ocr_line' id='line_1_31' title="bbox 222 2594 1840 2671; baseline 0.002 -25"><span class='ocrx_word' id='word_1_206' title='bbox 222 2595 484 2668; x_wconf 70' lang='grc' dir='ltr'>παρήχθη</span> <span class='ocrx_word' id='word_1_207' title='bbox 554 2594 582 2645; x_wconf 92' lang='lat'>6</span> <span class='ocrx_word' id='word_1_208' title='bbox 649 2594 959 2669; x_wconf 80' lang='grc' dir='ltr'>ἄνθρωπος’</span> <span class='ocrx_word' id='word_1_209' title='bbox 1031 2596 1104 2656; x_wconf 85' lang='grc' dir='ltr'>οἷς</span> <span class='ocrx_word' id='word_1_210' title='bbox 1164 2599 1255 2648; x_wconf 84' lang='grc' dir='ltr'>καὶ</span> <span class='ocrx_word' id='word_1_211' title='bbox 1332 2599 1686 2671; x_wconf 75' lang='grc' dir='ltr'>προσέπταισε</span> <span class='ocrx_word' id='word_1_212' title='bbox 1745 2603 1840 2658; x_wconf 77' lang='grc' dir='ltr'>τὴν</span> 
     </span>
    </p>
   </div>
   <div class='ocr_carea' id='block_1_32' title="bbox 226 2680 1838 2757">
    <p class='ocr_par' dir='ltr' id='par_1_32' title="bbox 226 2680 1838 2757">
     <span class='ocr_line' id='line_1_32' title="bbox 226 2680 1838 2757; baseline 0.002 -21"><span class='ocrx_word' id='word_1_213' title='bbox 226 2682 435 2742; x_wconf 71' lang='grc' dir='ltr'>ἐντολὴν</span> <span class='ocrx_word' id='word_1_214' title='bbox 502 2682 746 2757; x_wconf 73' lang='grc' dir='ltr'>παραϐάς</span> <span class='ocrx_word' id='word_1_215' title='bbox 778 2705 792 2717; x_wconf 70' lang='grc' dir='ltr'>ι</span> <span class='ocrx_word' id='word_1_216' title='bbox 872 2684 950 2745; x_wconf 82' lang='grc' dir='ltr'>οἷς</span> <span class='ocrx_word' id='word_1_217' title='bbox 1022 2688 1112 2737; x_wconf 79' lang='grc' dir='ltr'>καὶ</span> <span class='ocrx_word' id='word_1_218' title='bbox 1174 2680 1269 2737; x_wconf 77' lang='grc' dir='ltr'>διὰ</span> <span class='ocrx_word' id='word_1_219' title='bbox 1323 2693 1415 2738; x_wconf 77' lang='grc' dir='ltr'>τοῦ</span> <span class='ocrx_word' id='word_1_220' title='bbox 1488 2689 1686 2748; x_wconf 71' lang='grc' dir='ltr'>πάθους</span> <span class='ocrx_word' id='word_1_221' title='bbox 1748 2695 1838 2741; x_wconf 86' lang='grc' dir='ltr'>τοῦ</span> 
     </span>
    </p>
   </div>
   <div class='ocr_carea' id='block_1_33' title="bbox 223 2771 1841 2847">
    <p class='ocr_par' dir='ltr' id='par_1_33' title="bbox 223 2771 1841 2847">
     <span class='ocr_line' id='line_1_33' title="bbox 223 2771 1841 2847; baseline 0.001 -20"><span class='ocrx_word' id='word_1_222' title='bbox 223 2772 468 2847; x_wconf 72' lang='grc' dir='ltr'>Χριστοῦ</span> <span class='ocrx_word' id='word_1_223' title='bbox 524 2771 924 2846; x_wconf 73' lang='grc' dir='ltr'>καταλλάγημα·</span> <span class='ocrx_word' id='word_1_224' title='bbox 977 2771 1106 2826; x_wconf 78' lang='grc' dir='ltr'>ἀλλὰ</span> <span class='ocrx_word' id='word_1_225' title='bbox 1165 2779 1256 2827; x_wconf 79' lang='grc' dir='ltr'>καὶ</span> <span class='ocrx_word' id='word_1_226' title='bbox 1297 2782 1385 2827; x_wconf 74' lang='grc' dir='ltr'>νῦν</span> <span class='ocrx_word' id='word_1_227' title='bbox 1443 2777 1690 2839; x_wconf 75' lang='grc' dir='ltr'>ὡσαύτως</span> <span class='ocrx_word' id='word_1_228' title='bbox 1746 2780 1841 2840; x_wconf 77' lang='grc' dir='ltr'>τὰς</span> 
     </span>
    </p>
   </div>
   <div class='ocr_carea' id='block_1_34' title="bbox 220 2861 1838 2937">
    <p class='ocr_par' dir='ltr' id='par_1_34' title="bbox 220 2861 1838 2937">
     <span class='ocr_line' id='line_1_34' title="bbox 220 2861 1838 2937; baseline 0.003 -23"><span class='ocrx_word' id='word_1_229' title='bbox 220 2861 586 2936; x_wconf 68' lang='grc' dir='ltr'>ἀναιμάκτους</span> <span class='ocrx_word' id='word_1_230' title='bbox 644 2864 826 2925; x_wconf 83' lang='grc' dir='ltr'>θυσίας</span> <span class='ocrx_word' id='word_1_231' title='bbox 906 2870 969 2935; x_wconf 78' lang='grc' dir='ltr'>τῇ</span> <span class='ocrx_word' id='word_1_232' title='bbox 1044 2864 1322 2936; x_wconf 83' lang='grc' dir='ltr'>παντελείῳ</span> <span class='ocrx_word' id='word_1_233' title='bbox 1385 2870 1475 2918; x_wconf 87' lang='grc' dir='ltr'>καὶ</span> <span class='ocrx_word' id='word_1_234' title='bbox 1541 2864 1838 2937; x_wconf 83' lang='grc' dir='ltr'>τελειοποιῷ</span> 
     </span>
    </p>
   </div>
   <div class='ocr_carea' id='block_1_35' title="bbox 221 2948 1837 3030">
    <p class='ocr_par' dir='ltr' id='par_1_35' title="bbox 221 2948 1837 3030">
     <span class='ocr_line' id='line_1_35' title="bbox 221 2948 1837 3030; baseline 0.003 -25"><span class='ocrx_word' id='word_1_235' title='bbox 221 2948 433 3025; x_wconf 72' lang='grc' dir='ltr'>Τριάδι</span> <span class='ocrx_word' id='word_1_236' title='bbox 479 2953 858 3025; x_wconf 69' lang='grc' dir='ltr'>προσάγεσθαι,</span> <span class='ocrx_word' id='word_1_237' title='bbox 905 2956 997 3005; x_wconf 86' lang='grc' dir='ltr'>καὶ</span> <span class='ocrx_word' id='word_1_238' title='bbox 1048 2957 1244 3013; x_wconf 76' lang='grc' dir='ltr'>ταύτην</span> <span class='ocrx_word' id='word_1_239' title='bbox 1317 2957 1515 3018; x_wconf 88' lang='grc' dir='ltr'>ταύτας</span> <span class='ocrx_word' id='word_1_240' title='bbox 1566 2975 1837 3030; x_wconf 89' lang='grc' dir='ltr'>προσαπο-</span> 
     </span>
    </p>
   </div>
   <div class='ocr_carea' id='block_1_36' title="bbox 233 3036 525 3113">
    <p class='ocr_par' dir='ltr' id='par_1_36' title="bbox 233 3036 525 3113">
     <span class='ocr_line' id='line_1_36' title="bbox 233 3036 525 3113; baseline 0.003 -19"><span class='ocrx_word' id='word_1_241' title='bbox 233 3036 271 3094; x_wconf 77' lang='grc' dir='ltr'><em>δ</em></span> <span class='ocrx_word' id='word_1_242' title='bbox 275 3044 343 3113; x_wconf 78' lang='grc' dir='ltr'>ἐχ</span> <span class='ocrx_word' id='word_1_243' title='bbox 348 3041 525 3095; x_wconf 81' lang='grc' dir='ltr'>εσθαι.</span> 
     </span>
    </p>
   </div>
   <div class='ocr_carea' id='block_1_37' title="bbox 306 3126 1835 3208">
    <p class='ocr_par' dir='ltr' id='par_1_37' title="bbox 306 3126 1835 3208">
     <span class='ocr_line' id='line_1_37' title="bbox 306 3126 1835 3208; baseline 0.003 -25"><span class='ocrx_word' id='word_1_244' title='bbox 306 3131 455 3183; x_wconf 80' lang='grc' dir='ltr'>Ἐπεὶ</span> <span class='ocrx_word' id='word_1_245' title='bbox 526 3126 585 3184; x_wconf 65' lang='grc' dir='ltr'>δὲ</span> <span class='ocrx_word' id='word_1_246' title='bbox 655 3130 748 3184; x_wconf 85' lang='grc' dir='ltr'>ούκ</span> <span class='ocrx_word' id='word_1_247' title='bbox 786 3128 848 3191; x_wconf 76' lang='grc' dir='ltr'>ἧν</span> <span class='ocrx_word' id='word_1_248' title='bbox 908 3139 1002 3185; x_wconf 78' lang='grc' dir='ltr'>τοῦ</span> <span class='ocrx_word' id='word_1_249' title='bbox 1050 3130 1307 3207; x_wconf 75' lang='grc' dir='ltr'>βασιλέως</span> <span class='ocrx_word' id='word_1_250' title='bbox 1368 3134 1722 3208; x_wconf 67' lang='grc' dir='ltr'>μεγαλονοίας,</span> <span class='ocrx_word' id='word_1_251' title='bbox 1777 3133 1835 3188; x_wconf 85' lang='grc' dir='ltr'>ού</span> 
     </span>
    </p>
   </div>
   <div class='ocr_carea' id='block_1_38' title="bbox 223 3216 1915 3298">
    <p class='ocr_par' dir='ltr' id='par_1_38' title="bbox 223 3216 1915 3298">
     <span class='ocr_line' id='line_1_38' title="bbox 223 3216 1915 3298; baseline 0.005 -27"><span class='ocrx_word' id='word_1_252' title='bbox 223 3224 331 3294; x_wconf 77' lang='grc' dir='ltr'>μὴν</span> <span class='ocrx_word' id='word_1_253' title='bbox 381 3216 511 3273; x_wconf 72' lang='grc' dir='ltr'>οὐδὲ</span> <span class='ocrx_word' id='word_1_254' title='bbox 547 3227 642 3282; x_wconf 79' lang='grc' dir='ltr'>τῆς</span> <span class='ocrx_word' id='word_1_255' title='bbox 695 3221 815 3274; x_wconf 87' lang='grc' dir='ltr'>καθ’</span> <span class='ocrx_word' id='word_1_256' title='bbox 867 3223 1007 3294; x_wconf 73' lang='grc' dir='ltr'>ἡμᾶς</span> <span class='ocrx_word' id='word_1_257' title='bbox 1065 3219 1350 3296; x_wconf 73' lang='grc' dir='ltr'>ἀδελφικῆς</span> <span class='ocrx_word' id='word_1_258' title='bbox 1403 3234 1674 3298; x_wconf 86' lang='grc' dir='ltr'>συμπνοῆς</span> <span class='ocrx_word' id='word_1_259' title='bbox 1746 3230 1837 3278; x_wconf 85' lang='grc' dir='ltr'>καὶ</span> <span class='ocrx_word' id='word_1_260' title='bbox 1871 3221 1915 3280; x_wconf 87' lang='lat' dir='ltr'><strong><em>C</em></strong></span> 
     </span>
    </p>
   </div>
   <div class='ocr_carea' id='block_1_39' title="bbox 223 3312 1836 3389">
    <p class='ocr_par' dir='ltr' id='par_1_39' title="bbox 223 3312 1836 3389">
     <span class='ocr_line' id='line_1_39' title="bbox 223 3312 1836 3389; baseline 0.003 -26"><span class='ocrx_word' id='word_1_261' title='bbox 223 3313 495 3384; x_wconf 73' lang='grc' dir='ltr'>ὁμονοίας,</span> <span class='ocrx_word' id='word_1_262' title='bbox 550 3312 610 3362; x_wconf 87' lang='grc' dir='ltr'>τὸ</span> <span class='ocrx_word' id='word_1_263' title='bbox 665 3314 739 3383; x_wconf 78' lang='grc' dir='ltr'>μὴ</span> <span class='ocrx_word' id='word_1_264' title='bbox 794 3316 887 3363; x_wconf 81' lang='grc' dir='ltr'>καὶ</span> <span class='ocrx_word' id='word_1_265' title='bbox 941 3315 1059 3374; x_wconf 85' lang='grc' dir='ltr'>τοὺς</span> <span class='ocrx_word' id='word_1_266' title='bbox 1127 3317 1353 3389; x_wconf 85' lang='grc' dir='ltr'>σπορέας</span> <span class='ocrx_word' id='word_1_267' title='bbox 1414 3321 1513 3365; x_wconf 81' lang='grc' dir='ltr'>τῶν</span> <span class='ocrx_word' id='word_1_268' title='bbox 1590 3314 1836 3376; x_wconf 76' lang='grc' dir='ltr'>ζιζανίων</span> 
     </span>
    </p>
   </div>
   <div class='ocr_carea' id='block_1_40' title="bbox 229 3399 1834 3477">
    <p class='ocr_par' dir='ltr' id='par_1_40' title="bbox 229 3399 1834 3477">
     <span class='ocr_line' id='line_1_40' title="bbox 229 3399 1834 3477; baseline 0.003 -23"><span class='ocrx_word' id='word_1_269' title='bbox 229 3400 457 3454; x_wconf 71' lang='grc' dir='ltr'>σπεῦσαι</span> <span class='ocrx_word' id='word_1_270' title='bbox 509 3401 684 3453; x_wconf 81' lang='grc' dir='ltr'>πάντα</span> <span class='ocrx_word' id='word_1_271' title='bbox 741 3404 930 3473; x_wconf 81' lang='grc' dir='ltr'>τρόπον</span> <span class='ocrx_word' id='word_1_272' title='bbox 984 3399 1317 3475; x_wconf 72' lang='grc' dir='ltr'>ἐφευρεθῆναί</span> <span class='ocrx_word' id='word_1_273' title='bbox 1352 3407 1444 3457; x_wconf 78' lang='grc' dir='ltr'>καὶ</span> <span class='ocrx_word' id='word_1_274' title='bbox 1498 3402 1834 3477; x_wconf 72' lang='grc' dir='ltr'>ἐλεγχθῆναι,</span> 
     </span>
    </p>
   </div>
   <div class='ocr_carea' id='block_1_41' title="bbox 225 3487 1836 3571">
    <p class='ocr_par' dir='ltr' id='par_1_41' title="bbox 225 3487 1836 3571">
     <span class='ocr_line' id='line_1_41' title="bbox 225 3487 1836 3571; baseline 0.001 -27"><span class='ocrx_word' id='word_1_275' title='bbox 225 3492 285 3544; x_wconf 91' lang='grc' dir='ltr'>τό</span> <span class='ocrx_word' id='word_1_276' title='bbox 329 3489 521 3563; x_wconf 67' lang='grc' dir='ltr'>φαῦλον</span> <span class='ocrx_word' id='word_1_277' title='bbox 580 3495 736 3543; x_wconf 78' lang='grc' dir='ltr'>τοῦτο</span> <span class='ocrx_word' id='word_1_278' title='bbox 784 3494 877 3543; x_wconf 82' lang='grc' dir='ltr'>καὶ</span> <span class='ocrx_word' id='word_1_279' title='bbox 930 3487 1229 3553; x_wconf 75' lang='grc' dir='ltr'>ἂκανδῶδες</span> <span class='ocrx_word' id='word_1_280' title='bbox 1275 3495 1482 3569; x_wconf 71' lang='grc' dir='ltr'>σπέρμα</span> <span class='ocrx_word' id='word_1_281' title='bbox 1510 3500 1583 3564; x_wconf 84' lang='grc' dir='ltr'>τῷ</span> <span class='ocrx_word' id='word_1_282' title='bbox 1621 3496 1836 3571; x_wconf 80' lang='grc' dir='ltr'>καθαρῷ</span> 
     </span>
    </p>
   </div>
   <div class='ocr_carea' id='block_1_42' title="bbox 220 3578 1836 3656">
    <p class='ocr_par' dir='ltr' id='par_1_42' title="bbox 220 3578 1836 3656">
     <span class='ocr_line' id='line_1_42' title="bbox 220 3578 1836 3656; baseline 0.004 -25"><span class='ocrx_word' id='word_1_283' title='bbox 220 3588 315 3642; x_wconf 80' lang='grc' dir='ltr'>τῆς</span> <span class='ocrx_word' id='word_1_284' title='bbox 379 3578 647 3641; x_wconf 69' lang='grc' dir='ltr'>εὐσεϐείας</span> <span class='ocrx_word' id='word_1_285' title='bbox 744 3584 875 3653; x_wconf 82' lang='grc' dir='ltr'>σίτῳ</span> <span class='ocrx_word' id='word_1_286' title='bbox 963 3578 1433 3655; x_wconf 80' lang='grc' dir='ltr'>ἐγκαταμίξαντας,</span> <span class='ocrx_word' id='word_1_287' title='bbox 1496 3586 1585 3636; x_wconf 86' lang='grc' dir='ltr'>καὶ</span> <span class='ocrx_word' id='word_1_288' title='bbox 1663 3582 1836 3656; x_wconf 87' lang='grc' dir='ltr'>λόγοις</span> 
     </span>
    </p>
   </div>
   <div class='ocr_carea' id='block_1_43' title="bbox 225 3667 1835 3745">
    <p class='ocr_par' dir='ltr' id='par_1_43' title="bbox 225 3667 1835 3745">
     <span class='ocr_line' id='line_1_43' title="bbox 225 3667 1835 3745; baseline 0.002 -23"><span class='ocrx_word' id='word_1_289' title='bbox 225 3668 527 3732; x_wconf 70' lang='grc' dir='ltr'>ἀλλοκότοις</span> <span class='ocrx_word' id='word_1_290' title='bbox 612 3667 1009 3745; x_wconf 72' lang='grc' dir='ltr'>ἐπιχειροῦντας</span> <span class='ocrx_word' id='word_1_291' title='bbox 1081 3672 1490 3733; x_wconf 75' lang='grc' dir='ltr'>κατασκευάζειν</span> <span class='ocrx_word' id='word_1_292' title='bbox 1584 3673 1666 3725; x_wconf 85' lang='grc' dir='ltr'>ὅτι</span> <span class='ocrx_word' id='word_1_293' title='bbox 1738 3680 1835 3734; x_wconf 86' lang='grc' dir='ltr'>τῆς</span> 
     </span>
    </p>
   </div>
   <div class='ocr_carea' id='block_1_44' title="bbox 227 3757 1835 3838">
    <p class='ocr_par' dir='ltr' id='par_1_44' title="bbox 227 3757 1835 3838">
     <span class='ocr_line' id='line_1_44' title="bbox 227 3757 1835 3838; baseline 0.002 -27"><span class='ocrx_word' id='word_1_294' title='bbox 227 3763 517 3833; x_wconf 77' lang='grc' dir='ltr'>Νεστορίου</span> <span class='ocrx_word' id='word_1_295' title='bbox 555 3757 761 3821; x_wconf 77' lang='grc' dir='ltr'>λύσσης</span> <span class='ocrx_word' id='word_1_296' title='bbox 810 3757 926 3812; x_wconf 79' lang='grc' dir='ltr'>ἐστι</span> <span class='ocrx_word' id='word_1_297' title='bbox 966 3760 1373 3837; x_wconf 75' lang='grc' dir='ltr'>παραπλήρωμα</span> <span class='ocrx_word' id='word_1_298' title='bbox 1424 3764 1481 3814; x_wconf 88' lang='grc' dir='ltr'>τό</span> <span class='ocrx_word' id='word_1_299' title='bbox 1553 3764 1696 3838; x_wconf 81' lang='grc' dir='ltr'>παρὰ</span> <span class='ocrx_word' id='word_1_300' title='bbox 1738 3770 1835 3826; x_wconf 83' lang='grc' dir='ltr'>τῆς</span> 
     </span>
    </p>
   </div>
   <div class='ocr_carea' id='block_1_45' title="bbox 236 3845 1833 3924">
    <p class='ocr_par' dir='ltr' id='par_1_45' title="bbox 236 3845 1833 3924">
     <span class='ocr_line' id='line_1_45' title="bbox 236 3845 1833 3924; baseline 0.003 -23"><span class='ocrx_word' id='word_1_301' title='bbox 236 3846 540 3910; x_wconf 70' lang='grc' dir='ltr'>Ἐκκλησίας</span> <span class='ocrx_word' id='word_1_302' title='bbox 598 3845 894 3922; x_wconf 79' lang='grc' dir='ltr'>ὀρθοδόξως</span> <span class='ocrx_word' id='word_1_303' title='bbox 959 3845 1427 3924; x_wconf 79' lang='grc' dir='ltr'>δογματιζόμενον,</span> <span class='ocrx_word' id='word_1_304' title='bbox 1479 3852 1548 3912; x_wconf 85' lang='grc' dir='ltr'>ὡς</span> <span class='ocrx_word' id='word_1_305' title='bbox 1608 3851 1676 3913; x_wconf 82' lang='grc' dir='ltr'>εἰς</span> <span class='ocrx_word' id='word_1_306' title='bbox 1735 3849 1833 3905; x_wconf 77' lang='grc' dir='ltr'>δύο</span> 
     </span>
    </p>
   </div>
   <div class='ocr_carea' id='block_1_46' title="bbox 230 3937 1832 4015">
    <p class='ocr_par' dir='ltr' id='par_1_46' title="bbox 230 3937 1832 4015">
     <span class='ocr_line' id='line_1_46' title="bbox 230 3937 1832 4015; baseline 0.003 -25"><span class='ocrx_word' id='word_1_307' title='bbox 230 3942 513 4013; x_wconf 74' lang='grc' dir='ltr'>Χριστούς,</span> <span class='ocrx_word' id='word_1_308' title='bbox 567 3937 736 4012; x_wconf 80' lang='grc' dir='ltr'>βαϐαὶ</span> <span class='ocrx_word' id='word_1_309' title='bbox 790 3947 883 4000; x_wconf 83' lang='grc' dir='ltr'>τῆς</span> <span class='ocrx_word' id='word_1_310' title='bbox 935 3938 1218 4003; x_wconf 68' lang='grc' dir='ltr'>ἀπονοίαςῐ</span> <span class='ocrx_word' id='word_1_311' title='bbox 1287 3939 1550 4015; x_wconf 78' lang='grc' dir='ltr'>οἰομένους</span> <span class='ocrx_word' id='word_1_312' title='bbox 1607 3939 1832 3995; x_wconf 79' lang='grc' dir='ltr'>ἐντεῦθεν</span> 
     </span>
    </p>
   </div>
   <div class='ocr_carea' id='block_1_47' title="bbox 232 4024 1832 4105">
    <p class='ocr_par' dir='ltr' id='par_1_47' title="bbox 232 4024 1832 4105">
     <span class='ocr_line' id='line_1_47' title="bbox 232 4024 1832 4105; baseline 0.003 -24"><span class='ocrx_word' id='word_1_313' title='bbox 232 4024 555 4103; x_wconf 83' lang='grc' dir='ltr'>διαιρεῖσθαι</span> <span class='ocrx_word' id='word_1_314' title='bbox 581 4032 670 4082; x_wconf 87' lang='grc' dir='ltr'>τόν</span> <span class='ocrx_word' id='word_1_315' title='bbox 711 4031 1038 4105; x_wconf 80' lang='grc' dir='ltr'>θεάνθρωπον</span> <span class='ocrx_word' id='word_1_316' title='bbox 1079 4032 1291 4104; x_wconf 81' lang='grc' dir='ltr'>Κύριον,</span> <span class='ocrx_word' id='word_1_317' title='bbox 1349 4029 1423 4104; x_wconf 72' lang='grc' dir='ltr'>ἐφ’</span> <span class='ocrx_word' id='word_1_318' title='bbox 1482 4031 1559 4093; x_wconf 83' lang='grc' dir='ltr'>οἷς</span> <span class='ocrx_word' id='word_1_319' title='bbox 1616 4032 1641 4084; x_wconf 91' lang='lat'>6</span> <span class='ocrx_word' id='word_1_320' title='bbox 1681 4051 1832 4105; x_wconf 88' lang='grc' dir='ltr'>μονο-</span> 
     </span>
    </p>
   </div>
   <div class='ocr_carea' id='block_1_48' title="bbox 223 4119 1831 4195">
    <p class='ocr_par' dir='ltr' id='par_1_48' title="bbox 223 4119 1831 4195">
     <span class='ocr_line' id='line_1_48' title="bbox 223 4119 1831 4195; baseline 0.002 -24"><span class='ocrx_word' id='word_1_321' title='bbox 223 4122 374 4189; x_wconf 74' lang='grc' dir='ltr'>γενὴς</span> <span class='ocrx_word' id='word_1_322' title='bbox 410 4119 533 4181; x_wconf 80' lang='grc' dir='ltr'>Υἱός</span> <span class='ocrx_word' id='word_1_323' title='bbox 588 4123 679 4173; x_wconf 81' lang='grc' dir='ltr'>καὶ</span> <span class='ocrx_word' id='word_1_324' title='bbox 743 4123 916 4193; x_wconf 80' lang='grc' dir='ltr'>Λόγος</span> <span class='ocrx_word' id='word_1_325' title='bbox 961 4126 1053 4172; x_wconf 84' lang='grc' dir='ltr'>τοῦ</span> <span class='ocrx_word' id='word_1_326' title='bbox 1100 4124 1228 4174; x_wconf 83' lang='grc' dir='ltr'>Θεοῦ</span> <span class='ocrx_word' id='word_1_327' title='bbox 1276 4119 1400 4194; x_wconf 87' lang='grc' dir='ltr'>παρ’</span> <span class='ocrx_word' id='word_1_328' title='bbox 1435 4121 1582 4194; x_wconf 77' lang='grc' dir='ltr'>ἡμῶν</span> <span class='ocrx_word' id='word_1_329' title='bbox 1628 4140 1831 4195; x_wconf 84' lang='grc' dir='ltr'>καταγ-</span> 
     </span>
    </p>
   </div>
   <div class='ocr_carea' id='block_1_49' title="bbox 216 4207 1832 4286">
    <p class='ocr_par' dir='ltr' id='par_1_49' title="bbox 216 4207 1832 4286">
     <span class='ocr_line' id='line_1_49' title="bbox 216 4207 1832 4286; baseline 0.004 -26"><span class='ocrx_word' id='word_1_330' title='bbox 216 4207 460 4278; x_wconf 80' lang='grc' dir='ltr'>γέλλεται</span> <span class='ocrx_word' id='word_1_331' title='bbox 508 4212 819 4284; x_wconf 78' lang='grc' dir='ltr'>προσφέρειν</span> <span class='ocrx_word' id='word_1_332' title='bbox 867 4211 958 4282; x_wconf 70' lang='grc' dir='ltr'>μὶν</span> <span class='ocrx_word' id='word_1_333' title='bbox 1024 4210 1089 4271; x_wconf 84' lang='grc' dir='ltr'>ὡς</span> <span class='ocrx_word' id='word_1_334' title='bbox 1137 4211 1431 4286; x_wconf 85' lang='grc' dir='ltr'>ἄνθρωπος,</span> <span class='ocrx_word' id='word_1_335' title='bbox 1463 4213 1533 4272; x_wconf 84' lang='grc' dir='ltr'>ὡς</span> <span class='ocrx_word' id='word_1_336' title='bbox 1585 4207 1645 4263; x_wconf 68' lang='lat'><strong><em>6&quot;:</em></strong></span> <span class='ocrx_word' id='word_1_337' title='bbox 1703 4215 1832 4275; x_wconf 88' lang='grc' dir='ltr'>Θεός</span> 
     </span>
    </p>
   </div>
   <div class='ocr_carea' id='block_1_50' title="bbox 219 4294 1831 4374">
    <p class='ocr_par' dir='ltr' id='par_1_50' title="bbox 219 4294 1831 4374">
     <span class='ocr_line' id='line_1_50' title="bbox 219 4294 1831 4374; baseline 0.004 -26"><span class='ocrx_word' id='word_1_338' title='bbox 219 4303 312 4349; x_wconf 82' lang='grc' dir='ltr'>καὶ</span> <span class='ocrx_word' id='word_1_339' title='bbox 376 4294 803 4374; x_wconf 68' lang='grc' dir='ltr'>προσδέχεσθαι·</span> <span class='ocrx_word' id='word_1_340' title='bbox 859 4294 1046 4357; x_wconf 74' lang='grc' dir='ltr'>ἐδέησε</span> <span class='ocrx_word' id='word_1_341' title='bbox 1107 4298 1286 4352; x_wconf 88' lang='grc' dir='ltr'>λοιπὸν</span> <span class='ocrx_word' id='word_1_342' title='bbox 1355 4294 1450 4353; x_wconf 76' lang='grc' dir='ltr'>διὰ</span> <span class='ocrx_word' id='word_1_343' title='bbox 1523 4307 1691 4353; x_wconf 82' lang='grc' dir='ltr'>ταῦτα</span> <span class='ocrx_word' id='word_1_344' title='bbox 1739 4305 1831 4354; x_wconf 86' lang='grc' dir='ltr'>καὶ</span> 
     </span>
    </p>
   </div>
   <div class='ocr_carea' id='block_1_51' title="bbox 216 4387 1832 4464">
    <p class='ocr_par' dir='ltr' id='par_1_51' title="bbox 216 4387 1832 4464">
     <span class='ocr_line' id='line_1_51' title="bbox 216 4387 1832 4464; baseline 0.004 -26"><span class='ocrx_word' id='word_1_345' title='bbox 216 4387 364 4461; x_wconf 76' lang='grc' dir='ltr'>ὑμῶν</span> <span class='ocrx_word' id='word_1_346' title='bbox 417 4394 514 4441; x_wconf 75' lang='grc' dir='ltr'>τοῦ</span> <span class='ocrx_word' id='word_1_347' title='bbox 578 4388 696 4441; x_wconf 86' lang='grc' dir='ltr'>καθ’</span> <span class='ocrx_word' id='word_1_348' title='bbox 752 4388 840 4442; x_wconf 81' lang='grc' dir='ltr'>ἕνα</span> <span class='ocrx_word' id='word_1_349' title='bbox 894 4391 1175 4455; x_wconf 73' lang='grc' dir='ltr'>πυθέσθαι,</span> <span class='ocrx_word' id='word_1_350' title='bbox 1243 4389 1377 4451; x_wconf 83' lang='grc' dir='ltr'>ὅπως</span> <span class='ocrx_word' id='word_1_351' title='bbox 1437 4389 1654 4452; x_wconf 78' lang='grc' dir='ltr'>ἕκαστος</span> <span class='ocrx_word' id='word_1_352' title='bbox 1718 4393 1832 4464; x_wconf 76' lang='grc' dir='ltr'>ἔχει</span> 
     </span>
    </p>
   </div>
   <div class='ocr_carea' id='block_1_52' title="bbox 215 4475 1831 4555">
    <p class='ocr_par' dir='ltr' id='par_1_52' title="bbox 215 4475 1831 4555">
     <span class='ocr_line' id='line_1_52' title="bbox 215 4475 1831 4555; baseline 0.003 -25"><span class='ocrx_word' id='word_1_353' title='bbox 215 4482 339 4551; x_wconf 79' lang='grc' dir='ltr'>περὶ</span> <span class='ocrx_word' id='word_1_354' title='bbox 368 4480 559 4531; x_wconf 85' lang='grc' dir='ltr'>τούτου</span> <span class='ocrx_word' id='word_1_355' title='bbox 596 4483 941 4555; x_wconf 66' lang='grc' dir='ltr'>φρονήματος⁸</span> <span class='ocrx_word' id='word_1_356' title='bbox 981 4483 1068 4532; x_wconf 78' lang='grc' dir='ltr'>ναὶ</span> <span class='ocrx_word' id='word_1_357' title='bbox 1118 4475 1185 4538; x_wconf 75' lang='grc' dir='ltr'>δὴ</span> <span class='ocrx_word' id='word_1_358' title='bbox 1237 4482 1327 4533; x_wconf 80' lang='grc' dir='ltr'>καὶ</span> <span class='ocrx_word' id='word_1_359' title='bbox 1382 4480 1578 4534; x_wconf 87' lang='grc' dir='ltr'>τούτων</span> <span class='ocrx_word' id='word_1_360' title='bbox 1644 4483 1831 4535; x_wconf 85' lang='grc' dir='ltr'>ὁπόσοι</span> 
     </span>
    </p>
   </div>
   <div class='ocr_carea' id='block_1_53' title="bbox 587 805 1944 879">
    <p class='ocr_par' dir='ltr' id='par_1_53' title="bbox 587 805 1944 879">
     <span class='ocr_line' id='line_1_53' title="bbox 587 805 1944 879; baseline 0.007 -23"><span class='ocrx_word' id='word_1_361' title='bbox 587 813 737 877; x_wconf 88' lang='grc' dir='ltr'>σῶμα</span> <span class='ocrx_word' id='word_1_362' title='bbox 801 807 902 879; x_wconf 82' lang='grc' dir='ltr'>γὰρ</span> <span class='ocrx_word' id='word_1_363' title='bbox 981 805 1165 859; x_wconf 76' lang='grc' dir='ltr'>ἑαυτοῦ</span> <span class='ocrx_word' id='word_1_364' title='bbox 1240 813 1335 866; x_wconf 67' lang='grc' dir='ltr'>τήν</span> <span class='ocrx_word' id='word_1_365' title='bbox 1392 810 1707 868; x_wconf 81' lang='grc' dir='ltr'>Ἐκκλησίαν</span> <span class='ocrx_word' id='word_1_366' title='bbox 1754 810 1944 865; x_wconf 80' lang='grc' dir='ltr'>καλεῖ·</span> 
     </span>
    </p>
   </div>
   <div class='ocr_carea' id='block_1_54' title="bbox 2013 819 3613 903">
    <p class='ocr_par' dir='ltr' id='par_1_54' title="bbox 2013 819 3613 903">
     <span class='ocr_line' id='line_1_54' title="bbox 2013 819 3613 903; baseline 0.011 -35"><span class='ocrx_word' id='word_1_367' title='bbox 2013 822 2102 870; x_wconf 87' lang='grc' dir='ltr'>καὶ</span> <span class='ocrx_word' id='word_1_368' title='bbox 2164 819 2409 893; x_wconf 83' lang='grc' dir='ltr'>ἱερατεύει</span> <span class='ocrx_word' id='word_1_369' title='bbox 2457 828 2546 898; x_wconf 72' lang='grc' dir='ltr'>μεν</span> <span class='ocrx_word' id='word_1_370' title='bbox 2623 827 2689 889; x_wconf 84' lang='grc' dir='ltr'>ὡς</span> <span class='ocrx_word' id='word_1_371' title='bbox 2766 829 3057 903; x_wconf 77' lang='grc' dir='ltr'>ἄνθρωπος,</span> <span class='ocrx_word' id='word_1_372' title='bbox 3133 827 3352 903; x_wconf 68' lang='grc' dir='ltr'>δέχεται</span> <span class='ocrx_word' id='word_1_373' title='bbox 3416 829 3476 885; x_wconf 64' lang='lat'>6&quot;:</span> <span class='ocrx_word' id='word_1_374' title='bbox 3547 833 3613 884; x_wconf 77' lang='grc' dir='ltr'>τὰ</span> 
     </span>
    </p>
   </div>
   <div class='ocr_carea' id='block_1_55' title="bbox 2028 999 3612 1068">
    <p class='ocr_par' dir='ltr' id='par_1_55' title="bbox 2028 999 3612 1068">
     <span class='ocr_line' id='line_1_55' title="bbox 2028 999 3612 1068; baseline 0.009 -15"><span class='ocrx_word' id='word_1_375' title='bbox 2028 999 2221 1057; x_wconf 83' lang='lat' dir='ltr'>Pauca</span> <span class='ocrx_word' id='word_1_376' title='bbox 2250 1001 2379 1059; x_wconf 66' lang='lat' dir='ltr'>haec</span> <span class='ocrx_word' id='word_1_377' title='bbox 2410 1004 2484 1062; x_wconf 92' lang='lat' dir='ltr'>de</span> <span class='ocrx_word' id='word_1_378' title='bbox 2529 1005 2729 1063; x_wconf 88' lang='lat' dir='ltr'>multis</span> <span class='ocrx_word' id='word_1_379' title='bbox 2772 1025 2846 1064; x_wconf 82' lang='lat' dir='ltr'>ex</span> <span class='ocrx_word' id='word_1_380' title='bbox 2892 1007 3045 1065; x_wconf 86' lang='lat' dir='ltr'>divis</span> <span class='ocrx_word' id='word_1_381' title='bbox 3094 1009 3366 1066; x_wconf 90' lang='lat' dir='ltr'>Patribus</span> <span class='ocrx_word' id='word_1_382' title='bbox 3412 1011 3612 1068; x_wconf 58' lang='lat' dir='ltr'>decero</span> 
     </span>
    </p>
   </div>
   <div class='ocr_carea' id='block_1_56' title="bbox 1954 1092 3607 1174">
    <p class='ocr_par' dir='ltr' id='par_1_56' title="bbox 1954 1092 3607 1174">
     <span class='ocr_line' id='line_1_56' title="bbox 1954 1092 3607 1174; baseline 0.008 -30"><span class='ocrx_word' id='word_1_383' title='bbox 1954 1094 2163 1162; x_wconf 91' lang='lat' dir='ltr'>pentes</span> <span class='ocrx_word' id='word_1_384' title='bbox 2194 1092 2272 1147; x_wconf 90' lang='lat' dir='ltr'>ad</span> <span class='ocrx_word' id='word_1_385' title='bbox 2303 1094 2637 1152; x_wconf 84' lang='lat' dir='ltr'>evidentem</span> <span class='ocrx_word' id='word_1_386' title='bbox 2691 1097 2957 1154; x_wconf 77' lang='lat' dir='ltr'>veritatis</span> <span class='ocrx_word' id='word_1_387' title='bbox 3008 1098 3607 1174; x_wconf 83' lang='lat' dir='ltr'>demonstrationem,</span> 
     </span>
    </p>
   </div>
   <div class='ocr_carea' id='block_1_57' title="bbox 1953 1181 3612 1262">
    <p class='ocr_par' dir='ltr' id='par_1_57' title="bbox 1953 1181 3612 1262">
     <span class='ocr_line' id='line_1_57' title="bbox 1953 1181 3612 1262; baseline 0.006 -25"><span class='ocrx_word' id='word_1_388' title='bbox 1953 1181 2015 1237; x_wconf 90' lang='lat' dir='ltr'>in</span> <span class='ocrx_word' id='word_1_389' title='bbox 2058 1182 2221 1239; x_wconf 91' lang='lat' dir='ltr'>hunc</span> <span class='ocrx_word' id='word_1_390' title='bbox 2251 1187 2752 1243; x_wconf 84' lang='lat' dir='ltr'>commentarium</span> <span class='ocrx_word' id='word_1_391' title='bbox 2784 1187 3168 1259; x_wconf 88' lang='lat' dir='ltr'>inseruimus,</span> <span class='ocrx_word' id='word_1_392' title='bbox 3208 1189 3612 1262; x_wconf 85' lang='lat' dir='ltr'>prolixitatem</span> 
     </span>
    </p>
   </div>
   <div class='ocr_carea' id='block_1_58' title="bbox 1952 1272 3611 1350">
    <p class='ocr_par' dir='ltr' id='par_1_58' title="bbox 1952 1272 3611 1350">
     <span class='ocr_line' id='line_1_58' title="bbox 1952 1272 3611 1350; baseline 0.006 -23"><span class='ocrx_word' id='word_1_393' title='bbox 1952 1272 2278 1330; x_wconf 82' lang='lat' dir='ltr'>verborum</span> <span class='ocrx_word' id='word_1_394' title='bbox 2307 1276 2584 1332; x_wconf 81' lang='lat' dir='ltr'>vitantes.</span> <span class='ocrx_word' id='word_1_395' title='bbox 2628 1276 2849 1333; x_wconf 91' lang='lat' dir='ltr'>Licebit</span> <span class='ocrx_word' id='word_1_396' title='bbox 2891 1279 3101 1350; x_wconf 61' lang='lat' dir='ltr'>autem:</span> <span class='ocrx_word' id='word_1_397' title='bbox 3138 1277 3457 1336; x_wconf 91' lang='lat' dir='ltr'>lucubrare</span> <span class='ocrx_word' id='word_1_398' title='bbox 3505 1295 3611 1336; x_wconf 86' lang='lat' dir='ltr'>vo-</span> 
     </span>
    </p>
   </div>
   <div class='ocr_carea' id='block_1_59' title="bbox 1952 1361 3611 1440">
    <p class='ocr_par' dir='ltr' id='par_1_59' title="bbox 1952 1361 3611 1440">
     <span class='ocr_line' id='line_1_59' title="bbox 1952 1361 3611 1440; baseline 0.006 -23"><span class='ocrx_word' id='word_1_399' title='bbox 1952 1361 2231 1432; x_wconf 90' lang='lat' dir='ltr'>lentibus,</span> <span class='ocrx_word' id='word_1_400' title='bbox 2266 1381 2338 1420; x_wconf 83' lang='lat' dir='ltr'><strong>ex</strong></span> <span class='ocrx_word' id='word_1_401' title='bbox 2375 1364 2503 1421; x_wconf 86' lang='lat' dir='ltr'>aliis</span> <span class='ocrx_word' id='word_1_402' title='bbox 2533 1382 2777 1439; x_wconf 90' lang='lat' dir='ltr'>quoque</span> <span class='ocrx_word' id='word_1_403' title='bbox 2808 1366 3121 1439; x_wconf 79' lang='lat' dir='ltr'>permultis</span> <span class='ocrx_word' id='word_1_404' title='bbox 3149 1366 3298 1424; x_wconf 87' lang='lat' dir='ltr'>locis</span> <span class='ocrx_word' id='word_1_405' title='bbox 3331 1368 3611 1440; x_wconf 79' lang='lat' dir='ltr'>colligere</span> 
     </span>
    </p>
   </div>
   <div class='ocr_carea' id='block_1_60' title="bbox 1953 1453 3613 1531">
    <p class='ocr_par' dir='ltr' id='par_1_60' title="bbox 1953 1453 3613 1531">
     <span class='ocr_line' id='line_1_60' title="bbox 1953 1453 3613 1531; baseline 0.005 -23"><span class='ocrx_word' id='word_1_406' title='bbox 1953 1456 2107 1509; x_wconf 80' lang='lat' dir='ltr'>sacri</span> <span class='ocrx_word' id='word_1_407' title='bbox 2137 1453 2441 1524; x_wconf 83' lang='lat' dir='ltr'>dogmatis</span> <span class='ocrx_word' id='word_1_408' title='bbox 2470 1455 3035 1513; x_wconf 84' lang='lat' dir='ltr'>demonstrationes.</span> <span class='ocrx_word' id='word_1_409' title='bbox 3066 1459 3212 1513; x_wconf 88' lang='lat' dir='ltr'>Cum</span> <span class='ocrx_word' id='word_1_410' title='bbox 3243 1458 3422 1528; x_wconf 83' lang='lat' dir='ltr'>igitur</span> <span class='ocrx_word' id='word_1_411' title='bbox 3449 1457 3613 1531; x_wconf 87' lang='lat' dir='ltr'>pleni</span> 
     </span>
    </p>
   </div>
   <div class='ocr_carea' id='block_1_61' title="bbox 1956 1545 3607 1621">
    <p class='ocr_par' dir='ltr' id='par_1_61' title="bbox 1956 1545 3607 1621">
     <span class='ocr_line' id='line_1_61' title="bbox 1956 1545 3607 1621; baseline 0.002 -22"><span class='ocrx_word' id='word_1_412' title='bbox 1956 1545 2073 1599; x_wconf 87' lang='lat' dir='ltr'>Deo</span> <span class='ocrx_word' id='word_1_413' title='bbox 2104 1545 2303 1601; x_wconf 85' lang='lat' dir='ltr'>Patres</span> <span class='ocrx_word' id='word_1_414' title='bbox 2335 1549 2460 1601; x_wconf 86' lang='lat' dir='ltr'>tam</span> <span class='ocrx_word' id='word_1_415' title='bbox 2491 1545 2868 1602; x_wconf 88' lang='lat' dir='ltr'>concorditer</span> <span class='ocrx_word' id='word_1_416' title='bbox 2896 1545 2971 1601; x_wconf 91' lang='lat' dir='ltr'>de</span> <span class='ocrx_word' id='word_1_417' title='bbox 3010 1545 3126 1602; x_wconf 90' lang='lat' dir='ltr'>hac</span> <span class='ocrx_word' id='word_1_418' title='bbox 3167 1562 3231 1603; x_wconf 90' lang='lat' dir='ltr'>re</span> <span class='ocrx_word' id='word_1_419' title='bbox 3258 1546 3607 1621; x_wconf 89' lang='lat' dir='ltr'>loquantur,</span> 
     </span>
    </p>
   </div>
   <div class='ocr_carea' id='block_1_62' title="bbox 1954 1631 3609 1709">
    <p class='ocr_par' dir='ltr' id='par_1_62' title="bbox 1954 1631 3609 1709">
     <span class='ocr_line' id='line_1_62' title="bbox 1954 1631 3609 1709; baseline 0.004 -21"><span class='ocrx_word' id='word_1_420' title='bbox 1954 1631 2157 1706; x_wconf 80' lang='lat' dir='ltr'>palam</span> <span class='ocrx_word' id='word_1_421' title='bbox 2189 1638 2279 1689; x_wconf 90' lang='lat' dir='ltr'>est</span> <span class='ocrx_word' id='word_1_422' title='bbox 2308 1634 2475 1707; x_wconf 91' lang='lat' dir='ltr'>quod</span> <span class='ocrx_word' id='word_1_423' title='bbox 2505 1651 2645 1691; x_wconf 91' lang='lat' dir='ltr'>cum</span> <span class='ocrx_word' id='word_1_424' title='bbox 2678 1635 2946 1693; x_wconf 89' lang='lat' dir='ltr'>Christus</span> <span class='ocrx_word' id='word_1_425' title='bbox 2980 1634 3267 1692; x_wconf 89' lang='lat' dir='ltr'>Dominus</span> <span class='ocrx_word' id='word_1_426' title='bbox 3307 1651 3370 1691; x_wconf 91' lang='lat' dir='ltr'>se</span> <span class='ocrx_word' id='word_1_427' title='bbox 3404 1636 3609 1709; x_wconf 89' lang='lat' dir='ltr'>ipsum</span> 
     </span>
    </p>
   </div>
   <div class='ocr_carea' id='block_1_63' title="bbox 1953 1724 3608 1799">
    <p class='ocr_par' dir='ltr' id='par_1_63' title="bbox 1953 1724 3608 1799">
     <span class='ocr_line' id='line_1_63' title="bbox 1953 1724 3608 1799; baseline 0.004 -22"><span class='ocrx_word' id='word_1_428' title='bbox 1953 1727 2165 1795; x_wconf 87' lang='lat' dir='ltr'>sponte</span> <span class='ocrx_word' id='word_1_429' title='bbox 2197 1725 2488 1781; x_wconf 88' lang='lat' dir='ltr'>sacriﬁcio</span> <span class='ocrx_word' id='word_1_430' title='bbox 2535 1724 2769 1791; x_wconf 89' lang='lat' dir='ltr'>obtulit,</span> <span class='ocrx_word' id='word_1_431' title='bbox 2802 1730 3101 1799; x_wconf 85' lang='lat' dir='ltr'>quatenus</span> <span class='ocrx_word' id='word_1_432' title='bbox 3131 1725 3379 1798; x_wconf 84' lang='lat' dir='ltr'>quidem</span> <span class='ocrx_word' id='word_1_433' title='bbox 3420 1727 3608 1784; x_wconf 92' lang='lat' dir='ltr'>homo</span> 
     </span>
    </p>
   </div>
   <div class='ocr_carea' id='block_1_64' title="bbox 1952 1814 3608 1889">
    <p class='ocr_par' dir='ltr' id='par_1_64' title="bbox 1952 1814 3608 1889">
     <span class='ocr_line' id='line_1_64' title="bbox 1952 1814 3608 1889; baseline 0.001 -19"><span class='ocrx_word' id='word_1_434' title='bbox 1952 1817 2100 1879; x_wconf 86' lang='lat' dir='ltr'>erat,</span> <span class='ocrx_word' id='word_1_435' title='bbox 2128 1830 2191 1870; x_wconf 85' lang='lat' dir='ltr'>se</span> <span class='ocrx_word' id='word_1_436' title='bbox 2244 1814 2502 1881; x_wconf 85' lang='lat' dir='ltr'>obtulit;</span> <span class='ocrx_word' id='word_1_437' title='bbox 2552 1819 2849 1886; x_wconf 86' lang='lat' dir='ltr'>quatenus</span> <span class='ocrx_word' id='word_1_438' title='bbox 2896 1831 3038 1871; x_wconf 90' lang='lat' dir='ltr'>vero</span> <span class='ocrx_word' id='word_1_439' title='bbox 3071 1818 3245 1886; x_wconf 91' lang='lat' dir='ltr'>Deus,</span> <span class='ocrx_word' id='word_1_440' title='bbox 3276 1816 3408 1888; x_wconf 90' lang='lat' dir='ltr'>ipse</span> <span class='ocrx_word' id='word_1_441' title='bbox 3456 1832 3608 1889; x_wconf 88' lang='lat' dir='ltr'>quo-</span> 
     </span>
    </p>
   </div>
   <div class='ocr_carea' id='block_1_65' title="bbox 1952 1904 3608 1979">
    <p class='ocr_par' dir='ltr' id='par_1_65' title="bbox 1952 1904 3608 1979">
     <span class='ocr_line' id='line_1_65' title="bbox 1952 1904 3608 1979; baseline 0.002 -20"><span class='ocrx_word' id='word_1_442' title='bbox 1952 1919 2070 1976; x_wconf 92' lang='lat' dir='ltr'>que</span> <span class='ocrx_word' id='word_1_443' title='bbox 2101 1920 2239 1959; x_wconf 90' lang='lat' dir='ltr'>cum</span> <span class='ocrx_word' id='word_1_444' title='bbox 2271 1906 2443 1960; x_wconf 86' lang='lat' dir='ltr'>Patre</span> <span class='ocrx_word' id='word_1_445' title='bbox 2472 1908 2529 1961; x_wconf 88' lang='lat' dir='ltr'>et</span> <span class='ocrx_word' id='word_1_446' title='bbox 2561 1904 2781 1976; x_wconf 85' lang='lat' dir='ltr'>Spiritu</span> <span class='ocrx_word' id='word_1_447' title='bbox 2830 1904 3092 1961; x_wconf 86' lang='lat' dir='ltr'>hostiam</span> <span class='ocrx_word' id='word_1_448' title='bbox 3145 1905 3385 1978; x_wconf 90' lang='lat' dir='ltr'>recepit.</span> <span class='ocrx_word' id='word_1_449' title='bbox 3416 1910 3608 1979; x_wconf 82' lang='lat' dir='ltr'>Atque</span> 
     </span>
    </p>
   </div>
   <div class='ocr_carea' id='block_1_66' title="bbox 1950 1992 3608 2067">
    <p class='ocr_par' dir='ltr' id='par_1_66' title="bbox 1950 1992 3608 2067">
     <span class='ocr_line' id='line_1_66' title="bbox 1950 1992 3608 2067; baseline 0.002 -19"><span class='ocrx_word' id='word_1_450' title='bbox 1950 1992 2012 2048; x_wconf 88' lang='lat' dir='ltr'>in</span> <span class='ocrx_word' id='word_1_451' title='bbox 2037 1992 2152 2049; x_wconf 91' lang='lat' dir='ltr'>hoc</span> <span class='ocrx_word' id='word_1_452' title='bbox 2176 1994 2491 2067; x_wconf 88' lang='lat' dir='ltr'>proposita</span> <span class='ocrx_word' id='word_1_453' title='bbox 2515 1993 2769 2067; x_wconf 77' lang='lat' dir='ltr'>quaestio</span> <span class='ocrx_word' id='word_1_454' title='bbox 2799 1996 3066 2064; x_wconf 76' lang='lat' dir='ltr'>vertitur,</span> <span class='ocrx_word' id='word_1_455' title='bbox 3099 1995 3273 2065; x_wconf 76' lang='lat' dir='ltr'>cuius</span> <span class='ocrx_word' id='word_1_456' title='bbox 3304 2011 3489 2052; x_wconf 90' lang='lat' dir='ltr'>causa</span> <span class='ocrx_word' id='word_1_457' title='bbox 3512 2012 3608 2051; x_wconf 88' lang='lat' dir='ltr'>su-</span> 
     </span>
    </p>
   </div>
   <div class='ocr_carea' id='block_1_67' title="bbox 1948 2083 3609 2157">
    <p class='ocr_par' dir='ltr' id='par_1_67' title="bbox 1948 2083 3609 2157">
     <span class='ocr_line' id='line_1_67' title="bbox 1948 2083 3609 2157; baseline 0.001 -19"><span class='ocrx_word' id='word_1_458' title='bbox 1948 2083 2184 2154; x_wconf 88' lang='lat' dir='ltr'>periore</span> <span class='ocrx_word' id='word_1_459' title='bbox 2236 2099 2481 2156; x_wconf 87' lang='lat' dir='ltr'>quoque</span> <span class='ocrx_word' id='word_1_460' title='bbox 2531 2089 2802 2157; x_wconf 80' lang='lat' dir='ltr'>tempore</span> <span class='ocrx_word' id='word_1_461' title='bbox 2835 2084 3183 2156; x_wconf 81' lang='lat' dir='ltr'>congregati</span> <span class='ocrx_word' id='word_1_462' title='bbox 3231 2083 3478 2141; x_wconf 83' lang='lat' dir='ltr'>fuimus.</span> <span class='ocrx_word' id='word_1_463' title='bbox 3513 2084 3609 2142; x_wconf 90' lang='lat' dir='ltr'>Sic</span> 
     </span>
    </p>
   </div>
   <div class='ocr_carea' id='block_1_68' title="bbox 1952 2173 3607 2246">
    <p class='ocr_par' dir='ltr' id='par_1_68' title="bbox 1952 2173 3607 2246">
     <span class='ocr_line' id='line_1_68' title="bbox 1952 2173 3607 2246; baseline 0 -17"><span class='ocrx_word' id='word_1_464' title='bbox 1952 2175 2150 2229; x_wconf 89' lang='lat' dir='ltr'>autem</span> <span class='ocrx_word' id='word_1_465' title='bbox 2184 2173 2434 2229; x_wconf 89' lang='lat' dir='ltr'>omnino</span> <span class='ocrx_word' id='word_1_466' title='bbox 2465 2173 2704 2229; x_wconf 89' lang='lat' dir='ltr'>credere</span> <span class='ocrx_word' id='word_1_467' title='bbox 2734 2178 2967 2246; x_wconf 87' lang='lat' dir='ltr'>oportet</span> <span class='ocrx_word' id='word_1_468' title='bbox 3010 2173 3283 2231; x_wconf 69' lang='lat' dir='ltr'>Ecclesiae</span> <span class='ocrx_word' id='word_1_469' title='bbox 3326 2173 3607 2231; x_wconf 90' lang='lat' dir='ltr'>alumnos</span> 
     </span>
    </p>
   </div>
   <div class='ocr_carea' id='block_1_69' title="bbox 1949 2261 3606 2337">
    <p class='ocr_par' dir='ltr' id='par_1_69' title="bbox 1949 2261 3606 2337">
     <span class='ocr_line' id='line_1_69' title="bbox 1949 2261 3606 2337; baseline 0.002 -20"><span class='ocrx_word' id='word_1_470' title='bbox 1949 2265 2007 2317; x_wconf 90' lang='lat' dir='ltr'>et</span> <span class='ocrx_word' id='word_1_471' title='bbox 2036 2261 2330 2319; x_wconf 86' lang='lat' dir='ltr'>Trinitatis</span> <span class='ocrx_word' id='word_1_472' title='bbox 2360 2261 2617 2319; x_wconf 89' lang='lat' dir='ltr'>cultores</span> <span class='ocrx_word' id='word_1_473' title='bbox 2652 2280 2664 2318; x_wconf 94' lang='lat'><strong>:</strong></span> <span class='ocrx_word' id='word_1_474' title='bbox 2704 2278 2925 2337; x_wconf 89' lang='lat' dir='ltr'>nempe</span> <span class='ocrx_word' id='word_1_475' title='bbox 2956 2268 3014 2321; x_wconf 91' lang='lat' dir='ltr'>et</span> <span class='ocrx_word' id='word_1_476' title='bbox 3036 2263 3179 2320; x_wconf 89' lang='lat' dir='ltr'>olim</span> <span class='ocrx_word' id='word_1_477' title='bbox 3205 2263 3265 2320; x_wconf 90' lang='lat' dir='ltr'>in</span> <span class='ocrx_word' id='word_1_478' title='bbox 3317 2264 3606 2321; x_wconf 87' lang='lat' dir='ltr'>Passione</span> 
     </span>
    </p>
   </div>
   <div class='ocr_carea' id='block_1_70' title="bbox 1951 2350 3604 2426">
    <p class='ocr_par' dir='ltr' id='par_1_70' title="bbox 1951 2350 3604 2426">
     <span class='ocr_line' id='line_1_70' title="bbox 1951 2350 3604 2426; baseline 0.001 -19"><span class='ocrx_word' id='word_1_479' title='bbox 1951 2350 2263 2408; x_wconf 90' lang='lat' dir='ltr'>Dominica</span> <span class='ocrx_word' id='word_1_480' title='bbox 2310 2351 2574 2409; x_wconf 86' lang='lat' dir='ltr'>Verbum</span> <span class='ocrx_word' id='word_1_481' title='bbox 2619 2352 3089 2426; x_wconf 88' lang='lat' dir='ltr'>theanthropum</span> <span class='ocrx_word' id='word_1_482' title='bbox 3130 2352 3459 2410; x_wconf 86' lang='lat' dir='ltr'>salutarem</span> <span class='ocrx_word' id='word_1_483' title='bbox 3488 2353 3604 2409; x_wconf 90' lang='lat' dir='ltr'>ho-</span> 
     </span>
    </p>
   </div>
   <div class='ocr_carea' id='block_1_71' title="bbox 1950 2440 3605 2515">
    <p class='ocr_par' dir='ltr' id='par_1_71' title="bbox 1950 2440 3605 2515">
     <span class='ocr_line' id='line_1_71' title="bbox 1950 2440 3605 2515; baseline 0.002 -19"><span class='ocrx_word' id='word_1_484' title='bbox 1950 2440 2127 2497; x_wconf 90' lang='lat' dir='ltr'>stiam</span> <span class='ocrx_word' id='word_1_485' title='bbox 2151 2441 2495 2498; x_wconf 86' lang='lat' dir='ltr'>exhibuisse</span> <span class='ocrx_word' id='word_1_486' title='bbox 2519 2446 2647 2499; x_wconf 89' lang='lat' dir='ltr'>tum</span> <span class='ocrx_word' id='word_1_487' title='bbox 2674 2440 2847 2511; x_wconf 88' lang='lat' dir='ltr'>Patri,</span> <span class='ocrx_word' id='word_1_488' title='bbox 2881 2447 3009 2499; x_wconf 93' lang='lat' dir='ltr'>tum</span> <span class='ocrx_word' id='word_1_489' title='bbox 3061 2441 3177 2515; x_wconf 89' lang='lat' dir='ltr'>ipsi</span> <span class='ocrx_word' id='word_1_490' title='bbox 3208 2441 3323 2498; x_wconf 87' lang='lat' dir='ltr'>sibi</span> <span class='ocrx_word' id='word_1_491' title='bbox 3352 2442 3436 2498; x_wconf 89' lang='lat' dir='ltr'>uti</span> <span class='ocrx_word' id='word_1_492' title='bbox 3485 2445 3605 2500; x_wconf 91' lang='lat' dir='ltr'>Deo</span> 
     </span>
    </p>
   </div>
   <div class='ocr_carea' id='block_1_72' title="bbox 1948 2529 3604 2605">
    <p class='ocr_par' dir='ltr' id='par_1_72' title="bbox 1948 2529 3604 2605">
     <span class='ocr_line' id='line_1_72' title="bbox 1948 2529 3604 2605; baseline 0.001 -19"><span class='ocrx_word' id='word_1_493' title='bbox 1948 2546 2058 2586; x_wconf 92' lang='lat' dir='ltr'>nec</span> <span class='ocrx_word' id='word_1_494' title='bbox 2088 2545 2211 2586; x_wconf 89' lang='lat' dir='ltr'>non</span> <span class='ocrx_word' id='word_1_495' title='bbox 2244 2530 2484 2599; x_wconf 88' lang='lat' dir='ltr'>Spiritui</span> <span class='ocrx_word' id='word_1_496' title='bbox 2518 2548 2531 2586; x_wconf 89' lang='lat'><strong>:</strong></span> <span class='ocrx_word' id='word_1_497' title='bbox 2581 2548 2616 2588; x_wconf 89' lang='lat' dir='ltr'>a</span> <span class='ocrx_word' id='word_1_498' title='bbox 2642 2530 2865 2605; x_wconf 90' lang='lat' dir='ltr'>quibus</span> <span class='ocrx_word' id='word_1_499' title='bbox 2896 2548 2969 2589; x_wconf 81' lang='lat' dir='ltr'><strong>ex</strong></span> <span class='ocrx_word' id='word_1_500' title='bbox 2998 2529 3184 2588; x_wconf 90' lang='lat' dir='ltr'>nihilo</span> <span class='ocrx_word' id='word_1_501' title='bbox 3224 2531 3303 2588; x_wconf 89' lang='lat' dir='ltr'>ad</span> <span class='ocrx_word' id='word_1_502' title='bbox 3346 2531 3604 2588; x_wconf 84' lang='lat' dir='ltr'>existen-</span> 
     </span>
    </p>
   </div>
   <div class='ocr_carea' id='block_1_73' title="bbox 1949 2617 3603 2695">
    <p class='ocr_par' dir='ltr' id='par_1_73' title="bbox 1949 2617 3603 2695">
     <span class='ocr_line' id='line_1_73' title="bbox 1949 2617 3603 2695; baseline 0.002 -20"><span class='ocrx_word' id='word_1_503' title='bbox 1949 2617 2097 2676; x_wconf 91' lang='lat' dir='ltr'>dum</span> <span class='ocrx_word' id='word_1_504' title='bbox 2141 2618 2473 2692; x_wconf 87' lang='lat' dir='ltr'>productus</span> <span class='ocrx_word' id='word_1_505' title='bbox 2529 2622 2623 2677; x_wconf 89' lang='lat' dir='ltr'>est</span> <span class='ocrx_word' id='word_1_506' title='bbox 2661 2621 2882 2688; x_wconf 87' lang='lat' dir='ltr'>homo;</span> <span class='ocrx_word' id='word_1_507' title='bbox 2913 2636 3068 2695; x_wconf 89' lang='lat' dir='ltr'>quos</span> <span class='ocrx_word' id='word_1_508' title='bbox 3098 2622 3225 2694; x_wconf 89' lang='lat' dir='ltr'>ipse</span> <span class='ocrx_word' id='word_1_509' title='bbox 3264 2624 3603 2691; x_wconf 87' lang='lat' dir='ltr'>transgres-</span> 
     </span>
    </p>
   </div>
   <div class='ocr_carea' id='block_1_74' title="bbox 1950 2707 3604 2783">
    <p class='ocr_par' dir='ltr' id='par_1_74' title="bbox 1950 2707 3604 2783">
     <span class='ocr_line' id='line_1_74' title="bbox 1950 2707 3604 2783; baseline -0.001 -17"><span class='ocrx_word' id='word_1_510' title='bbox 1950 2708 2119 2766; x_wconf 90' lang='lat' dir='ltr'>sione</span> <span class='ocrx_word' id='word_1_511' title='bbox 2165 2725 2279 2766; x_wconf 87' lang='lat' dir='ltr'>sua</span> <span class='ocrx_word' id='word_1_512' title='bbox 2325 2707 2603 2780; x_wconf 83' lang='lat' dir='ltr'>oil‘endit;</span> <span class='ocrx_word' id='word_1_513' title='bbox 2636 2709 2859 2783; x_wconf 87' lang='lat' dir='ltr'>quibus</span> <span class='ocrx_word' id='word_1_514' title='bbox 2911 2710 3172 2783; x_wconf 91' lang='lat' dir='ltr'>denique</span> <span class='ocrx_word' id='word_1_515' title='bbox 3229 2726 3337 2782; x_wconf 87' lang='lat' dir='ltr'>per</span> <span class='ocrx_word' id='word_1_516' title='bbox 3390 2708 3604 2767; x_wconf 89' lang='lat' dir='ltr'>Christi</span> 
     </span>
    </p>
   </div>
   <div class='ocr_carea' id='block_1_75' title="bbox 1946 2798 3603 2873">
    <p class='ocr_par' dir='ltr' id='par_1_75' title="bbox 1946 2798 3603 2873">
     <span class='ocr_line' id='line_1_75' title="bbox 1946 2798 3603 2873; baseline -0.001 -18"><span class='ocrx_word' id='word_1_517' title='bbox 1946 2798 2296 2873; x_wconf 89' lang='lat' dir='ltr'>passionem</span> <span class='ocrx_word' id='word_1_518' title='bbox 2341 2799 2759 2856; x_wconf 87' lang='lat' dir='ltr'>reconciliatus</span> <span class='ocrx_word' id='word_1_519' title='bbox 2806 2799 2933 2856; x_wconf 91' lang='lat' dir='ltr'>fuit.</span> <span class='ocrx_word' id='word_1_520' title='bbox 2968 2798 3094 2856; x_wconf 82' lang='lat' dir='ltr'>imo</span> <span class='ocrx_word' id='word_1_521' title='bbox 3141 2814 3305 2855; x_wconf 91' lang='lat' dir='ltr'>nunc</span> <span class='ocrx_word' id='word_1_522' title='bbox 3356 2814 3603 2872; x_wconf 87' lang='lat' dir='ltr'>quoque</span> 
     </span>
    </p>
   </div>
   <div class='ocr_carea' id='block_1_76' title="bbox 1946 2887 3602 2946">
    <p class='ocr_par' dir='ltr' id='par_1_76' title="bbox 1946 2887 3602 2946">
     <span class='ocr_line' id='line_1_76' title="bbox 1946 2887 3602 2946; baseline -0.002 -1"><span class='ocrx_word' id='word_1_523' title='bbox 1946 2888 2289 2946; x_wconf 88' lang='lat' dir='ltr'>incruentas</span> <span class='ocrx_word' id='word_1_524' title='bbox 2335 2887 2567 2946; x_wconf 88' lang='lat' dir='ltr'>hostias</span> <span class='ocrx_word' id='word_1_525' title='bbox 2627 2888 2897 2945; x_wconf 89' lang='lat' dir='ltr'>creatrici</span> <span class='ocrx_word' id='word_1_526' title='bbox 2951 2903 3151 2945; x_wconf 89' lang='lat' dir='ltr'>rerum</span> <span class='ocrx_word' id='word_1_527' title='bbox 3213 2887 3487 2944; x_wconf 91' lang='lat' dir='ltr'>omnium</span> <span class='ocrx_word' id='word_1_528' title='bbox 3545 2890 3602 2943; x_wconf 89' lang='lat' dir='ltr'>et</span> 
     </span>
    </p>
   </div>
   <div class='ocr_carea' id='block_1_77' title="bbox 1945 2973 3601 3050">
    <p class='ocr_par' dir='ltr' id='par_1_77' title="bbox 1945 2973 3601 3050">
     <span class='ocr_line' id='line_1_77' title="bbox 1945 2973 3601 3050; baseline -0.001 -17"><span class='ocrx_word' id='word_1_529' title='bbox 1945 2977 2193 3034; x_wconf 89' lang='lat' dir='ltr'>auctrici</span> <span class='ocrx_word' id='word_1_530' title='bbox 2222 2976 2484 3035; x_wconf 88' lang='lat' dir='ltr'>Trinitati</span> <span class='ocrx_word' id='word_1_531' title='bbox 2513 2993 2726 3050; x_wconf 90' lang='lat' dir='ltr'>reapse</span> <span class='ocrx_word' id='word_1_532' title='bbox 2756 2974 2977 3046; x_wconf 82' lang='lat' dir='ltr'>oﬂ‘erri,</span> <span class='ocrx_word' id='word_1_533' title='bbox 3006 2991 3232 3050; x_wconf 90' lang='lat' dir='ltr'>easque</span> <span class='ocrx_word' id='word_1_534' title='bbox 3264 2974 3342 3033; x_wconf 90' lang='lat' dir='ltr'>ab</span> <span class='ocrx_word' id='word_1_535' title='bbox 3384 2973 3601 3033; x_wconf 91' lang='lat' dir='ltr'>eadem</span> 
     </span>
    </p>
   </div>
   <div class='ocr_carea' id='block_1_78' title="bbox 1942 3066 2148 3140">
    <p class='ocr_par' dir='ltr' id='par_1_78' title="bbox 1942 3066 2148 3140">
     <span class='ocr_line' id='line_1_78' title="bbox 1942 3066 2148 3140; baseline -0.01 -16"><span class='ocrx_word' id='word_1_536' title='bbox 1942 3066 2148 3140; x_wconf 89' lang='lat' dir='ltr'>recipi.</span> 
     </span>
    </p>
   </div>
   <div class='ocr_carea' id='block_1_79' title="bbox 2018 3153 3599 3230">
    <p class='ocr_par' dir='ltr' id='par_1_79' title="bbox 2018 3153 3599 3230">
     <span class='ocr_line' id='line_1_79' title="bbox 2018 3153 3599 3230; baseline -0.002 -16"><span class='ocrx_word' id='word_1_537' title='bbox 2018 3157 2318 3223; x_wconf 88' lang='lat' dir='ltr'>Quoniam</span> <span class='ocrx_word' id='word_1_538' title='bbox 2347 3174 2488 3215; x_wconf 89' lang='lat' dir='ltr'>vero</span> <span class='ocrx_word' id='word_1_539' title='bbox 2519 3157 2647 3214; x_wconf 89' lang='lat' dir='ltr'>ﬁeri</span> <span class='ocrx_word' id='word_1_540' title='bbox 2680 3172 2802 3214; x_wconf 91' lang='lat' dir='ltr'>non</span> <span class='ocrx_word' id='word_1_541' title='bbox 2834 3160 3071 3230; x_wconf 88' lang='lat' dir='ltr'>poterat</span> <span class='ocrx_word' id='word_1_542' title='bbox 3102 3155 3249 3230; x_wconf 89' lang='lat' dir='ltr'>quin</span> <span class='ocrx_word' id='word_1_543' title='bbox 3281 3153 3599 3226; x_wconf 84' lang='lat' dir='ltr'>magnani-</span> 
     </span>
    </p>
   </div>
   <div class='ocr_carea' id='block_1_80' title="bbox 1944 3243 3601 3321">
    <p class='ocr_par' dir='ltr' id='par_1_80' title="bbox 1944 3243 3601 3321">
     <span class='ocr_line' id='line_1_80' title="bbox 1944 3243 3601 3321; baseline -0.002 -18"><span class='ocrx_word' id='word_1_544' title='bbox 1944 3262 2081 3303; x_wconf 91' lang='lat' dir='ltr'>mus</span> <span class='ocrx_word' id='word_1_545' title='bbox 2109 3246 2459 3321; x_wconf 88' lang='lat' dir='ltr'>imperator,</span> <span class='ocrx_word' id='word_1_546' title='bbox 2491 3248 2756 3321; x_wconf 86' lang='lat' dir='ltr'>itemque</span> <span class='ocrx_word' id='word_1_547' title='bbox 2802 3251 3012 3304; x_wconf 87' lang='lat' dir='ltr'>nostra</span> <span class='ocrx_word' id='word_1_548' title='bbox 3058 3260 3311 3303; x_wconf 89' lang='lat' dir='ltr'>concors</span> <span class='ocrx_word' id='word_1_549' title='bbox 3367 3260 3438 3302; x_wconf 91' lang='lat' dir='ltr'>ac</span> <span class='ocrx_word' id='word_1_550' title='bbox 3480 3243 3601 3301; x_wconf 84' lang='lat' dir='ltr'>fra-</span> 
     </span>
    </p>
   </div>
   <div class='ocr_carea' id='block_1_81' title="bbox 1946 3331 3602 3406">
    <p class='ocr_par' dir='ltr' id='par_1_81' title="bbox 1946 3331 3602 3406">
     <span class='ocr_line' id='line_1_81' title="bbox 1946 3331 3602 3406; baseline -0.002 -13"><span class='ocrx_word' id='word_1_551' title='bbox 1946 3340 2112 3394; x_wconf 89' lang='lat' dir='ltr'>terna</span> <span class='ocrx_word' id='word_1_552' title='bbox 2168 3340 2429 3406; x_wconf 87' lang='lat' dir='ltr'>caterva,</span> <span class='ocrx_word' id='word_1_553' title='bbox 2461 3336 2681 3394; x_wconf 90' lang='lat' dir='ltr'>horum</span> <span class='ocrx_word' id='word_1_554' title='bbox 2744 3334 3104 3395; x_wconf 90' lang='lat' dir='ltr'>zizaniorum</span> <span class='ocrx_word' id='word_1_555' title='bbox 3148 3339 3380 3393; x_wconf 89' lang='lat' dir='ltr'>satores</span> <span class='ocrx_word' id='word_1_556' title='bbox 3433 3331 3602 3392; x_wconf 90' lang='lat' dir='ltr'>omni</span> 
     </span>
    </p>
   </div>
   <div class='ocr_carea' id='block_1_82' title="bbox 1944 3425 3601 3501">
    <p class='ocr_par' dir='ltr' id='par_1_82' title="bbox 1944 3425 3601 3501">
     <span class='ocr_line' id='line_1_82' title="bbox 1944 3425 3601 3501; baseline -0.001 -20"><span class='ocrx_word' id='word_1_557' title='bbox 1944 3425 2143 3483; x_wconf 89' lang='lat' dir='ltr'>studio</span> <span class='ocrx_word' id='word_1_558' title='bbox 2171 3425 2447 3499; x_wconf 83' lang='lat' dir='ltr'>detegere</span> <span class='ocrx_word' id='word_1_559' title='bbox 2477 3430 2659 3501; x_wconf 90' lang='lat' dir='ltr'>atque</span> <span class='ocrx_word' id='word_1_560' title='bbox 2687 3442 2938 3499; x_wconf 79' lang='lat' dir='ltr'>arguere</span> <span class='ocrx_word' id='word_1_561' title='bbox 2965 3429 3220 3495; x_wconf 88' lang='lat' dir='ltr'>curaret,</span> <span class='ocrx_word' id='word_1_562' title='bbox 3248 3425 3353 3499; x_wconf 89' lang='lat' dir='ltr'>qui</span> <span class='ocrx_word' id='word_1_563' title='bbox 3380 3438 3601 3498; x_wconf 89' lang='lat' dir='ltr'>nempe</span> 
     </span>
    </p>
   </div>
   <div class='ocr_carea' id='block_1_83' title="bbox 1942 3513 3603 3590">
    <p class='ocr_par' dir='ltr' id='par_1_83' title="bbox 1942 3513 3603 3590">
     <span class='ocr_line' id='line_1_83' title="bbox 1942 3513 3603 3590; baseline -0.002 -18"><span class='ocrx_word' id='word_1_564' title='bbox 1942 3514 2172 3573; x_wconf 90' lang='lat' dir='ltr'>malum</span> <span class='ocrx_word' id='word_1_565' title='bbox 2200 3516 2318 3573; x_wconf 93' lang='lat' dir='ltr'>hoc</span> <span class='ocrx_word' id='word_1_566' title='bbox 2362 3516 2801 3590; x_wconf 88' lang='lat' dir='ltr'>spinosumque</span> <span class='ocrx_word' id='word_1_567' title='bbox 2841 3530 3049 3573; x_wconf 89' lang='lat' dir='ltr'>semen</span> <span class='ocrx_word' id='word_1_568' title='bbox 3079 3513 3452 3573; x_wconf 70' lang='lat' dir='ltr'>orthodoxiaa</span> <span class='ocrx_word' id='word_1_569' title='bbox 3481 3513 3603 3569; x_wconf 84' lang='lat' dir='ltr'>fru-</span> 
     </span>
    </p>
   </div>
   <div class='ocr_carea' id='block_1_84' title="bbox 1942 3599 3598 3678">
    <p class='ocr_par' dir='ltr' id='par_1_84' title="bbox 1942 3599 3598 3678">
     <span class='ocr_line' id='line_1_84' title="bbox 1942 3599 3598 3678; baseline -0.002 -17"><span class='ocrx_word' id='word_1_570' title='bbox 1942 3608 2149 3662; x_wconf 91' lang='lat' dir='ltr'>mento</span> <span class='ocrx_word' id='word_1_571' title='bbox 2200 3605 2707 3678; x_wconf 76' lang='lat' dir='ltr'>immiscuerunt;</span> <span class='ocrx_word' id='word_1_572' title='bbox 2767 3602 3172 3677; x_wconf 85' lang='lat' dir='ltr'>absurdisque</span> <span class='ocrx_word' id='word_1_573' title='bbox 3221 3599 3598 3660; x_wconf 88' lang='lat' dir='ltr'>sermonibus</span> 
     </span>
    </p>
   </div>
   <div class='ocr_carea' id='block_1_85' title="bbox 1943 3691 3602 3768">
    <p class='ocr_par' dir='ltr' id='par_1_85' title="bbox 1943 3691 3602 3768">
     <span class='ocr_line' id='line_1_85' title="bbox 1943 3691 3602 3768; baseline -0.001 -17"><span class='ocrx_word' id='word_1_574' title='bbox 1943 3692 2078 3752; x_wconf 86' lang='lat' dir='ltr'>ausi</span> <span class='ocrx_word' id='word_1_575' title='bbox 2109 3697 2248 3750; x_wconf 89' lang='lat' dir='ltr'>sunt</span> <span class='ocrx_word' id='word_1_576' title='bbox 2286 3693 2503 3762; x_wconf 90' lang='lat' dir='ltr'>dicere,</span> <span class='ocrx_word' id='word_1_577' title='bbox 2532 3691 2700 3768; x_wconf 92' lang='lat' dir='ltr'>quod</span> <span class='ocrx_word' id='word_1_578' title='bbox 2730 3699 2986 3753; x_wconf 80' lang='lat' dir='ltr'>rectum</span> <span class='ocrx_word' id='word_1_579' title='bbox 3044 3691 3318 3751; x_wconf 63' lang='lat' dir='ltr'>Ecclesiae</span> <span class='ocrx_word' id='word_1_580' title='bbox 3372 3693 3602 3764; x_wconf 87' lang='lat' dir='ltr'>dogma</span> 
     </span>
    </p>
   </div>
   <div class='ocr_carea' id='block_1_86' title="bbox 1943 3779 3599 3856">
    <p class='ocr_par' dir='ltr' id='par_1_86' title="bbox 1943 3779 3599 3856">
     <span class='ocr_line' id='line_1_86' title="bbox 1943 3779 3599 3856; baseline -0.002 -16"><span class='ocrx_word' id='word_1_581' title='bbox 1943 3784 2304 3841; x_wconf 84' lang='lat' dir='ltr'>Nestorianae</span> <span class='ocrx_word' id='word_1_582' title='bbox 2323 3785 2583 3841; x_wconf 63' lang='lat' dir='ltr'>vesaniae</span> <span class='ocrx_word' id='word_1_583' title='bbox 2609 3784 3090 3841; x_wconf 87' lang='lat' dir='ltr'>additamentum</span> <span class='ocrx_word' id='word_1_584' title='bbox 3122 3781 3229 3853; x_wconf 89' lang='lat' dir='ltr'>sit;</span> <span class='ocrx_word' id='word_1_585' title='bbox 3261 3782 3405 3856; x_wconf 90' lang='lat' dir='ltr'>quia</span> <span class='ocrx_word' id='word_1_586' title='bbox 3432 3779 3599 3838; x_wconf 89' lang='lat' dir='ltr'>vide-</span> 
     </span>
    </p>
   </div>
   <div class='ocr_carea' id='block_1_87' title="bbox 1941 3868 3600 3946">
    <p class='ocr_par' dir='ltr' id='par_1_87' title="bbox 1941 3868 3600 3946">
     <span class='ocr_line' id='line_1_87' title="bbox 1941 3868 3600 3946; baseline -0.002 -17"><span class='ocrx_word' id='word_1_587' title='bbox 1941 3868 2078 3929; x_wconf 87' lang='lat' dir='ltr'>licet</span> <span class='ocrx_word' id='word_1_588' title='bbox 2108 3875 2346 3946; x_wconf 87' lang='lat' dir='ltr'>putant,</span> <span class='ocrx_word' id='word_1_589' title='bbox 2377 3872 2553 3945; x_wconf 88' lang='lat' dir='ltr'>quasi</span> <span class='ocrx_word' id='word_1_590' title='bbox 2608 3872 2669 3929; x_wconf 92' lang='lat' dir='ltr'>in</span> <span class='ocrx_word' id='word_1_591' title='bbox 2724 3871 2879 3928; x_wconf 92' lang='lat' dir='ltr'>duos</span> <span class='ocrx_word' id='word_1_592' title='bbox 2911 3871 3177 3928; x_wconf 88' lang='lat' dir='ltr'>Christos</span> <span class='ocrx_word' id='word_1_593' title='bbox 3236 3870 3401 3941; x_wconf 89' lang='lat' dir='ltr'>(hem</span> <span class='ocrx_word' id='word_1_594' title='bbox 3430 3884 3600 3926; x_wconf 88' lang='lat' dir='ltr'>vesa-</span> 
     </span>
    </p>
   </div>
   <div class='ocr_carea' id='block_1_88' title="bbox 1941 3956 3596 4032">
    <p class='ocr_par' dir='ltr' id='par_1_88' title="bbox 1941 3956 3596 4032">
     <span class='ocr_line' id='line_1_88' title="bbox 1941 3956 3596 4032; baseline -0.003 -15"><span class='ocrx_word' id='word_1_595' title='bbox 1941 3960 2106 4017; x_wconf 88' lang='lat' dir='ltr'>niam</span> <span class='ocrx_word' id='word_1_596' title='bbox 2137 3960 2173 4031; x_wconf 86' lang='lat'>!)</span> <span class='ocrx_word' id='word_1_597' title='bbox 2204 3960 2321 4016; x_wconf 89' lang='lat' dir='ltr'>isto</span> <span class='ocrx_word' id='word_1_598' title='bbox 2349 3960 2534 4017; x_wconf 91' lang='lat' dir='ltr'>modo</span> <span class='ocrx_word' id='word_1_599' title='bbox 2572 3958 2760 4016; x_wconf 83' lang='lat' dir='ltr'>dividi</span> <span class='ocrx_word' id='word_1_600' title='bbox 2804 3960 3232 4032; x_wconf 89' lang='lat' dir='ltr'>theantropum</span> <span class='ocrx_word' id='word_1_601' title='bbox 3258 3956 3596 4025; x_wconf 90' lang='lat' dir='ltr'>hominem,</span> 
     </span>
    </p>
   </div>
   <div class='ocr_carea' id='block_1_89' title="bbox 1942 4045 3598 4120">
    <p class='ocr_par' dir='ltr' id='par_1_89' title="bbox 1942 4045 3598 4120">
     <span class='ocr_line' id='line_1_89' title="bbox 1942 4045 3598 4120; baseline -0.002 -16"><span class='ocrx_word' id='word_1_602' title='bbox 1942 4047 2090 4106; x_wconf 91' lang='lat' dir='ltr'>dum</span> <span class='ocrx_word' id='word_1_603' title='bbox 2115 4049 2461 4120; x_wconf 88' lang='lat' dir='ltr'>unigenitus</span> <span class='ocrx_word' id='word_1_604' title='bbox 2486 4049 2665 4106; x_wconf 90' lang='lat' dir='ltr'>Filius</span> <span class='ocrx_word' id='word_1_605' title='bbox 2694 4053 2752 4106; x_wconf 92' lang='lat' dir='ltr'>et</span> <span class='ocrx_word' id='word_1_606' title='bbox 2780 4048 3039 4106; x_wconf 84' lang='lat' dir='ltr'>Verbum</span> <span class='ocrx_word' id='word_1_607' title='bbox 3072 4047 3226 4104; x_wconf 88' lang='lat' dir='ltr'>Deia</span> <span class='ocrx_word' id='word_1_608' title='bbox 3245 4045 3421 4103; x_wconf 89' lang='lat' dir='ltr'>nobis</span> <span class='ocrx_word' id='word_1_609' title='bbox 3452 4045 3598 4103; x_wconf 87' lang='lat' dir='ltr'>dici-</span> 
     </span>
    </p>
   </div>
   <div class='ocr_carea' id='block_1_90' title="bbox 1942 4137 3595 4214">
    <p class='ocr_par' dir='ltr' id='par_1_90' title="bbox 1942 4137 3595 4214">
     <span class='ocr_line' id='line_1_90' title="bbox 1942 4137 3595 4214; baseline -0.003 -18"><span class='ocrx_word' id='word_1_610' title='bbox 1942 4142 2038 4196; x_wconf 91' lang='lat' dir='ltr'>tur</span> <span class='ocrx_word' id='word_1_611' title='bbox 2066 4139 2279 4197; x_wconf 80' lang='lat' dir='ltr'>oﬂ‘erre</span> <span class='ocrx_word' id='word_1_612' title='bbox 2318 4137 2565 4214; x_wconf 90' lang='lat' dir='ltr'>quidem</span> <span class='ocrx_word' id='word_1_613' title='bbox 2594 4143 2661 4196; x_wconf 92' lang='lat' dir='ltr'>ut</span> <span class='ocrx_word' id='word_1_614' title='bbox 2700 4138 2906 4207; x_wconf 91' lang='lat' dir='ltr'>homo,</span> <span class='ocrx_word' id='word_1_615' title='bbox 2938 4138 3201 4213; x_wconf 90' lang='lat' dir='ltr'>recipere</span> <span class='ocrx_word' id='word_1_616' title='bbox 3250 4152 3394 4193; x_wconf 90' lang='lat' dir='ltr'>vero</span> <span class='ocrx_word' id='word_1_617' title='bbox 3441 4150 3595 4208; x_wconf 90' lang='lat' dir='ltr'>qua-</span> 
     </span>
    </p>
   </div>
   <div class='ocr_carea' id='block_1_91' title="bbox 1940 4225 3598 4304">
    <p class='ocr_par' dir='ltr' id='par_1_91' title="bbox 1940 4225 3598 4304">
     <span class='ocr_line' id='line_1_91' title="bbox 1940 4225 3598 4304; baseline -0.002 -18"><span class='ocrx_word' id='word_1_618' title='bbox 1940 4232 2115 4287; x_wconf 89' lang='lat' dir='ltr'>tenus</span> <span class='ocrx_word' id='word_1_619' title='bbox 2164 4232 2360 4298; x_wconf 88' lang='lat' dir='ltr'>Deus;</span> <span class='ocrx_word' id='word_1_620' title='bbox 2415 4230 2702 4304; x_wconf 90' lang='lat' dir='ltr'>quocirca</span> <span class='ocrx_word' id='word_1_621' title='bbox 2746 4228 2976 4303; x_wconf 88' lang='lat' dir='ltr'>optavit</span> <span class='ocrx_word' id='word_1_622' title='bbox 3017 4229 3366 4301; x_wconf 90' lang='lat' dir='ltr'>imperator,</span> <span class='ocrx_word' id='word_1_623' title='bbox 3388 4230 3457 4283; x_wconf 90' lang='lat' dir='ltr'>ut</span> <span class='ocrx_word' id='word_1_624' title='bbox 3480 4225 3598 4282; x_wconf 90' lang='lat' dir='ltr'>sin-</span> 
     </span>
    </p>
   </div>
   <div class='ocr_carea' id='block_1_92' title="bbox 1940 4315 3593 4392">
    <p class='ocr_par' dir='ltr' id='par_1_92' title="bbox 1940 4315 3593 4392">
     <span class='ocr_line' id='line_1_92' title="bbox 1940 4315 3593 4392; baseline -0.003 -15"><span class='ocrx_word' id='word_1_625' title='bbox 1940 4319 2066 4391; x_wconf 89' lang='lat' dir='ltr'>guli</span> <span class='ocrx_word' id='word_1_626' title='bbox 2090 4325 2359 4378; x_wconf 89' lang='lat' dir='ltr'>vestrum</span> <span class='ocrx_word' id='word_1_627' title='bbox 2405 4324 2762 4392; x_wconf 90' lang='lat' dir='ltr'>rogarentur</span> <span class='ocrx_word' id='word_1_628' title='bbox 2803 4318 2880 4376; x_wconf 91' lang='lat' dir='ltr'>de</span> <span class='ocrx_word' id='word_1_629' title='bbox 2934 4317 3048 4376; x_wconf 90' lang='lat' dir='ltr'>hac</span> <span class='ocrx_word' id='word_1_630' title='bbox 3088 4333 3154 4375; x_wconf 91' lang='lat' dir='ltr'>re</span> <span class='ocrx_word' id='word_1_631' title='bbox 3212 4315 3593 4382; x_wconf 88' lang='lat' dir='ltr'>sententiam,</span> 
     </span>
    </p>
   </div>
   <div class='ocr_carea' id='block_1_93' title="bbox 1938 4404 3595 4483">
    <p class='ocr_par' dir='ltr' id='par_1_93' title="bbox 1938 4404 3595 4483">
     <span class='ocr_line' id='line_1_93' title="bbox 1938 4404 3595 4483; baseline -0.003 -18"><span class='ocrx_word' id='word_1_632' title='bbox 1938 4423 2180 4467; x_wconf 86' lang='lat' dir='ltr'>necnon</span> <span class='ocrx_word' id='word_1_633' title='bbox 2210 4410 2558 4483; x_wconf 88' lang='lat' dir='ltr'>quicunque</span> <span class='ocrx_word' id='word_1_634' title='bbox 2579 4407 2763 4481; x_wconf 89' lang='lat' dir='ltr'>hujus</span> <span class='ocrx_word' id='word_1_635' title='bbox 2804 4406 3045 4465; x_wconf 90' lang='lat' dir='ltr'>concilii</span> <span class='ocrx_word' id='word_1_636' title='bbox 3074 4404 3395 4480; x_wconf 88' lang='lat' dir='ltr'>participes</span> <span class='ocrx_word' id='word_1_637' title='bbox 3433 4409 3595 4474; x_wconf 91' lang='lat' dir='ltr'>sunt,</span> 
     </span>
    </p>
   </div>
   <div class='ocr_carea' id='block_1_94' title="bbox 1940 4495 3598 4572">
    <p class='ocr_par' dir='ltr' id='par_1_94' title="bbox 1940 4495 3598 4572">
     <span class='ocr_line' id='line_1_94' title="bbox 1940 4495 3598 4572; baseline -0.003 -17"><span class='ocrx_word' id='word_1_638' title='bbox 1940 4498 1989 4555; x_wconf 89' lang='lat' dir='ltr'>si</span> <span class='ocrx_word' id='word_1_639' title='bbox 2020 4499 2206 4557; x_wconf 92' lang='lat' dir='ltr'>modo</span> <span class='ocrx_word' id='word_1_640' title='bbox 2246 4502 2365 4557; x_wconf 88' lang='lat' dir='ltr'>sint</span> <span class='ocrx_word' id='word_1_641' title='bbox 2392 4500 2623 4557; x_wconf 91' lang='lat' dir='ltr'>honore</span> <span class='ocrx_word' id='word_1_642' title='bbox 2667 4497 3023 4556; x_wconf 90' lang='lat' dir='ltr'>diaconatus</span> <span class='ocrx_word' id='word_1_643' title='bbox 3064 4495 3320 4572; x_wconf 86' lang='lat' dir='ltr'>praediti,</span> <span class='ocrx_word' id='word_1_644' title='bbox 3348 4496 3598 4552; x_wconf 90' lang='lat' dir='ltr'>interro-</span> 
     </span>
    </p>
   </div>
   <div class='ocr_carea' id='block_1_95' title="bbox 216 4566 1840 4663">
    <p class='ocr_par' dir='ltr' id='par_1_95' title="bbox 216 4566 1829 4645">
     <span class='ocr_line' id='line_1_95' title="bbox 216 4566 1829 4645; baseline 0.005 -28"><span class='ocrx_word' id='word_1_645' title='bbox 216 4575 310 4621; x_wconf 84' lang='grc' dir='ltr'>τοῦ</span> <span class='ocrx_word' id='word_1_646' title='bbox 376 4566 636 4639; x_wconf 79' lang='grc' dir='ltr'>συλλόγου</span> <span class='ocrx_word' id='word_1_647' title='bbox 688 4573 842 4645; x_wconf 85' lang='grc' dir='ltr'>μέρος</span> <span class='ocrx_word' id='word_1_648' title='bbox 921 4568 1082 4641; x_wconf 80' lang='grc' dir='ltr'>ὄντες,</span> <span class='ocrx_word' id='word_1_649' title='bbox 1130 4572 1222 4622; x_wconf 80' lang='grc' dir='ltr'>καὶ</span> <span class='ocrx_word' id='word_1_650' title='bbox 1274 4568 1420 4623; x_wconf 73' lang='grc' dir='ltr'>οὗτοι</span> <span class='ocrx_word' id='word_1_651' title='bbox 1447 4573 1505 4623; x_wconf 87' lang='grc' dir='ltr'>τὸ</span> <span class='ocrx_word' id='word_1_652' title='bbox 1562 4574 1733 4644; x_wconf 86' lang='grc' dir='ltr'>τίμιον</span> <span class='ocrx_word' id='word_1_653' title='bbox 1781 4571 1829 4625; x_wconf 70' lang='grc' dir='ltr'>ἐν</span> 
     </span>
    </p>
   </div>
   <div class='ocr_carea' id='block_1_96' title="bbox 1949 4566 3598 4663">
    <p class='ocr_par' dir='ltr' id='par_1_96' title="bbox 1949 4584 3598 4663">
     <span class='ocr_line' id='line_1_96' title="bbox 1949 4584 3598 4663; baseline -0.004 -17"><span class='ocrx_word' id='word_1_654' title='bbox 1949 4593 2176 4660; x_wconf 82' lang='lat' dir='ltr'>gentur.</span> <span class='ocrx_word' id='word_1_655' title='bbox 2202 4590 2351 4646; x_wconf 91' lang='lat' dir='ltr'>Tum</span> <span class='ocrx_word' id='word_1_656' title='bbox 2380 4587 2626 4663; x_wconf 89' lang='lat' dir='ltr'>quidem</span> <span class='ocrx_word' id='word_1_657' title='bbox 2654 4605 2794 4646; x_wconf 91' lang='lat' dir='ltr'>cum</span> <span class='ocrx_word' id='word_1_658' title='bbox 2836 4586 3049 4661; x_wconf 88' lang='lat' dir='ltr'>reliqui</span> <span class='ocrx_word' id='word_1_659' title='bbox 3078 4602 3291 4644; x_wconf 81' lang='lat' dir='ltr'>omnes</span> <span class='ocrx_word' id='word_1_660' title='bbox 3340 4584 3598 4642; x_wconf 86' lang='lat' dir='ltr'>honora-</span> 
     </span>
    </p>
   </div>
   <div class='ocr_carea' id='block_1_97' title="bbox 218 4652 1829 4733">
    <p class='ocr_par' dir='ltr' id='par_1_97' title="bbox 218 4652 1829 4733">
     <span class='ocr_line' id='line_1_97' title="bbox 218 4652 1829 4733; baseline 0.004 -24"><span class='ocrx_word' id='word_1_661' title='bbox 218 4652 490 4718; x_wconf 82' lang='grc' dir='ltr'>διακόνοις</span> <span class='ocrx_word' id='word_1_662' title='bbox 590 4658 1039 4722; x_wconf 79' lang='grc' dir='ltr'>συνεξετάζόνται.</span> <span class='ocrx_word' id='word_1_663' title='bbox 1111 4658 1268 4713; x_wconf 77' lang='grc' dir='ltr'>Ἀ).λὰ</span> <span class='ocrx_word' id='word_1_664' title='bbox 1352 4668 1454 4713; x_wconf 86' lang='grc' dir='ltr'>τῶν</span> <span class='ocrx_word' id='word_1_665' title='bbox 1516 4663 1609 4733; x_wconf 71' lang='grc' dir='ltr'>μεν</span> <span class='ocrx_word' id='word_1_666' title='bbox 1666 4661 1829 4715; x_wconf 78' lang='grc' dir='ltr'>ἄλλων</span> 
     </span>
    </p>
   </div>
   <div class='ocr_carea' id='block_1_98' title="bbox 217 4746 1830 4826">
    <p class='ocr_par' dir='ltr' id='par_1_98' title="bbox 217 4746 1830 4826">
     <span class='ocr_line' id='line_1_98' title="bbox 217 4746 1830 4826; baseline 0.003 -24"><span class='ocrx_word' id='word_1_667' title='bbox 217 4746 467 4802; x_wconf 72' lang='grc' dir='ltr'>ἁπάντων</span> <span class='ocrx_word' id='word_1_668' title='bbox 506 4746 720 4823; x_wconf 76' lang='grc' dir='ltr'>ἐντίμων</span> <span class='ocrx_word' id='word_1_669' title='bbox 764 4746 1021 4805; x_wconf 77' lang='grc' dir='ltr'>διακόνων</span> <span class='ocrx_word' id='word_1_670' title='bbox 1060 4751 1177 4804; x_wconf 85' lang='grc' dir='ltr'>ὅσοι</span> <span class='ocrx_word' id='word_1_671' title='bbox 1225 4758 1298 4823; x_wconf 83' lang='grc' dir='ltr'>τῷ</span> <span class='ocrx_word' id='word_1_672' title='bbox 1352 4748 1605 4826; x_wconf 82' lang='grc' dir='ltr'>βασιλείῳ</span> <span class='ocrx_word' id='word_1_673' title='bbox 1664 4755 1830 4825; x_wconf 86' lang='grc' dir='ltr'>τούτῳ</span> 
     </span>
    </p>
   </div>
   <div class='ocr_carea' id='block_1_99' title="bbox 213 4836 1825 4917">
    <p class='ocr_par' dir='ltr' id='par_1_99' title="bbox 213 4836 1825 4917">
     <span class='ocr_line' id='line_1_99' title="bbox 213 4836 1825 4917; baseline 0.002 -26"><span class='ocrx_word' id='word_1_674' title='bbox 213 4841 310 4891; x_wconf 82' lang='grc' dir='ltr'>καὶ</span> <span class='ocrx_word' id='word_1_675' title='bbox 344 4838 469 4913; x_wconf 81' lang='grc' dir='ltr'>ἱερῷ</span> <span class='ocrx_word' id='word_1_676' title='bbox 500 4844 855 4915; x_wconf 82' lang='grc' dir='ltr'>παρίστανται</span> <span class='ocrx_word' id='word_1_677' title='bbox 886 4836 1093 4914; x_wconf 78' lang='grc' dir='ltr'>βήματι</span> <span class='ocrx_word' id='word_1_678' title='bbox 1139 4844 1238 4913; x_wconf 81' lang='grc' dir='ltr'>μιᾷ</span> <span class='ocrx_word' id='word_1_679' title='bbox 1282 4837 1438 4914; x_wconf 70' lang='grc' dir='ltr'>ψυχῇ</span> <span class='ocrx_word' id='word_1_680' title='bbox 1488 4846 1579 4895; x_wconf 86' lang='grc' dir='ltr'>καὶ</span> <span class='ocrx_word' id='word_1_681' title='bbox 1624 4840 1825 4917; x_wconf 76' lang='grc' dir='ltr'>γλώττῃ</span> 
     </span>
    </p>
   </div>
   <div class='ocr_carea' id='block_1_100' title="bbox 214 4925 1826 5004">
    <p class='ocr_par' dir='ltr' id='par_1_100' title="bbox 214 4925 1826 5004">
     <span class='ocr_line' id='line_1_100' title="bbox 214 4925 1826 5004; baseline 0.003 -24"><span class='ocrx_word' id='word_1_682' title='bbox 214 4930 657 5001; x_wconf 64' lang='grc' dir='ltr'>συμφρονούντων</span> <span class='ocrx_word' id='word_1_683' title='bbox 704 4935 794 4984; x_wconf 82' lang='grc' dir='ltr'>καὶ</span> <span class='ocrx_word' id='word_1_684' title='bbox 854 4929 1339 5003; x_wconf 85' lang='grc' dir='ltr'>συνομολογούντων</span> <span class='ocrx_word' id='word_1_685' title='bbox 1395 4932 1463 4983; x_wconf 83' lang='grc' dir='ltr'>τὰ</span> <span class='ocrx_word' id='word_1_686' title='bbox 1516 4925 1826 5004; x_wconf 69' lang='grc' dir='ltr'>δεδογμένα,</span> 
     </span>
    </p>
   </div>
   <div class='ocr_carea' id='block_1_101' title="bbox 210 5015 1829 5095">
    <p class='ocr_par' dir='ltr' id='par_1_101' title="bbox 210 5015 1829 5095">
     <span class='ocr_line' id='line_1_101' title="bbox 210 5015 1829 5095; baseline 0.004 -26"><span class='ocrx_word' id='word_1_687' title='bbox 210 5018 242 5069; x_wconf 87' lang='grc' dir='ltr'>ό</span> <span class='ocrx_word' id='word_1_688' title='bbox 280 5020 390 5070; x_wconf 77' lang='grc' dir='ltr'>τῶν</span> <span class='ocrx_word' id='word_1_689' title='bbox 439 5015 736 5072; x_wconf 77' lang='grc' dir='ltr'>ἀποστόλων</span> <span class='ocrx_word' id='word_1_690' title='bbox 790 5015 1117 5083; x_wconf 76' lang='grc' dir='ltr'>διδάσκαλος</span> <span class='ocrx_word' id='word_1_691' title='bbox 1181 5024 1476 5095; x_wconf 78' lang='grc' dir='ltr'>Νικηφόρος</span> <span class='ocrx_word' id='word_1_692' title='bbox 1523 5021 1550 5074; x_wconf 93' lang='lat'>6</span> <span class='ocrx_word' id='word_1_693' title='bbox 1606 5020 1829 5075; x_wconf 64' lang='grc' dir='ltr'>Βασιλεί-</span> 
     </span>
    </p>
   </div>
   <div class='ocr_carea' id='block_1_102' title="bbox 213 5106 1829 5185">
    <p class='ocr_par' dir='ltr' id='par_1_102' title="bbox 213 5106 1829 5185">
     <span class='ocr_line' id='line_1_102' title="bbox 213 5106 1829 5185; baseline 0.004 -27"><span class='ocrx_word' id='word_1_694' title='bbox 213 5126 309 5168; x_wconf 71' lang='grc' dir='ltr'>κης</span> <span class='ocrx_word' id='word_1_695' title='bbox 342 5106 482 5180; x_wconf 78' lang='lat'>(&#39;25),</span> <span class='ocrx_word' id='word_1_696' title='bbox 512 5108 703 5162; x_wconf 83' lang='grc' dir='ltr'>αύτίκα</span> <span class='ocrx_word' id='word_1_697' title='bbox 755 5109 872 5163; x_wconf 90' lang='grc' dir='ltr'>κατ’</span> <span class='ocrx_word' id='word_1_698' title='bbox 917 5108 1094 5185; x_wconf 80' lang='grc' dir='ltr'>ἀρχὰς</span> <span class='ocrx_word' id='word_1_699' title='bbox 1143 5118 1237 5172; x_wconf 80' lang='grc' dir='ltr'>τῆς</span> <span class='ocrx_word' id='word_1_700' title='bbox 1292 5112 1440 5185; x_wconf 82' lang='grc' dir='ltr'>ἡμῶν</span> <span class='ocrx_word' id='word_1_701' title='bbox 1492 5112 1829 5174; x_wconf 80' lang='grc' dir='ltr'>συνελεύσεως</span> 
     </span>
    </p>
   </div>
   <div class='ocr_carea' id='block_1_103' title="bbox 212 5196 1826 5277">
    <p class='ocr_par' dir='ltr' id='par_1_103' title="bbox 212 5196 1826 5277">
     <span class='ocr_line' id='line_1_103' title="bbox 212 5196 1826 5277; baseline 0.004 -28"><span class='ocrx_word' id='word_1_702' title='bbox 212 5196 285 5259; x_wconf 80' lang='grc' dir='ltr'>εἰς</span> <span class='ocrx_word' id='word_1_703' title='bbox 343 5201 509 5269; x_wconf 78' lang='grc' dir='ltr'>μέσον</span> <span class='ocrx_word' id='word_1_704' title='bbox 571 5203 795 5276; x_wconf 79' lang='grc' dir='ltr'>τήμερον</span> <span class='ocrx_word' id='word_1_705' title='bbox 847 5198 1029 5254; x_wconf 77' lang='grc' dir='ltr'>ἔαυτόν</span> <span class='ocrx_word' id='word_1_706' title='bbox 1085 5198 1339 5274; x_wconf 73' lang='grc' dir='ltr'>ἔμϐαλὼν,</span> <span class='ocrx_word' id='word_1_707' title='bbox 1376 5199 1539 5254; x_wconf 79' lang='grc' dir='ltr'>πολὺν</span> <span class='ocrx_word' id='word_1_708' title='bbox 1592 5199 1826 5277; x_wconf 78' lang='grc' dir='ltr'>ἀρχῆθεν</span> 
     </span>
    </p>
   </div>
   <div class='ocr_carea' id='block_1_104' title="bbox 210 5285 1826 5365">
    <p class='ocr_par' dir='ltr' id='par_1_104' title="bbox 210 5285 1826 5365">
     <span class='ocr_line' id='line_1_104' title="bbox 210 5285 1826 5365; baseline 0.003 -26"><span class='ocrx_word' id='word_1_709' title='bbox 210 5285 509 5346; x_wconf 72' lang='grc' dir='ltr'>ἐποιήσατο</span> <span class='ocrx_word' id='word_1_710' title='bbox 553 5292 637 5342; x_wconf 88' lang='grc' dir='ltr'>τόν</span> <span class='ocrx_word' id='word_1_711' title='bbox 700 5290 1007 5363; x_wconf 80' lang='grc' dir='ltr'>κατάλογον,</span> <span class='ocrx_word' id='word_1_712' title='bbox 1059 5289 1108 5343; x_wconf 75' lang='grc' dir='ltr'>ἓν</span> <span class='ocrx_word' id='word_1_713' title='bbox 1155 5292 1370 5364; x_wconf 72' lang='grc' dir='ltr'>ὑπηκόῳ</span> <span class='ocrx_word' id='word_1_714' title='bbox 1426 5293 1631 5346; x_wconf 84' lang='grc' dir='ltr'>πάντων</span> <span class='ocrx_word' id='word_1_715' title='bbox 1686 5293 1826 5365; x_wconf 77' lang='grc' dir='ltr'>ὑφη-</span> 
     </span>
    </p>
   </div>
   <div class='ocr_carea' id='block_1_105' title="bbox 205 5377 1829 5456">
    <p class='ocr_par' dir='ltr' id='par_1_105' title="bbox 205 5377 1829 5456">
     <span class='ocr_line' id='line_1_105' title="bbox 205 5377 1829 5456; baseline 0.002 -26"><span class='ocrx_word' id='word_1_716' title='bbox 205 5378 517 5450; x_wconf 75' lang='grc' dir='ltr'>γησάμενος</span> <span class='ocrx_word' id='word_1_717' title='bbox 553 5382 612 5432; x_wconf 88' lang='grc' dir='ltr'>τό</span> <span class='ocrx_word' id='word_1_718' title='bbox 667 5382 938 5454; x_wconf 80' lang='grc' dir='ltr'>συμπεσόν</span> <span class='ocrx_word' id='word_1_719' title='bbox 982 5379 1120 5452; x_wconf 84' lang='grc' dir='ltr'>αύτῷ</span> <span class='ocrx_word' id='word_1_720' title='bbox 1173 5382 1340 5435; x_wconf 79' lang='grc' dir='ltr'>αἴτιον</span> <span class='ocrx_word' id='word_1_721' title='bbox 1390 5390 1486 5447; x_wconf 81' lang='grc' dir='ltr'>τῆς</span> <span class='ocrx_word' id='word_1_722' title='bbox 1527 5385 1647 5456; x_wconf 86' lang='grc' dir='ltr'>περὶ</span> <span class='ocrx_word' id='word_1_723' title='bbox 1704 5377 1829 5454; x_wconf 84' lang='grc' dir='ltr'>δόγ-</span> 
     </span>
    </p>
   </div>
   <div class='ocr_carea' id='block_1_106' title="bbox 282 5554 1829 5636">
    <p class='ocr_par' dir='ltr' id='par_1_106' title="bbox 282 5554 1829 5636">
     <span class='ocr_line' id='line_1_106' title="bbox 282 5554 1829 5636; baseline 0.005 -24"><span class='ocrx_word' id='word_1_724' title='bbox 282 5556 409 5629; x_wconf 84' lang='lat'>(25)</span> <span class='ocrx_word' id='word_1_725' title='bbox 439 5554 725 5617; x_wconf 86' lang='lat' dir='ltr'>Basilacis</span> <span class='ocrx_word' id='word_1_726' title='bbox 780 5558 968 5633; x_wconf 88' lang='lat' dir='ltr'>hujus</span> <span class='ocrx_word' id='word_1_727' title='bbox 1022 5559 1358 5636; x_wconf 85' lang='lat' dir='ltr'>eth0pceias</span> <span class='ocrx_word' id='word_1_728' title='bbox 1378 5578 1485 5620; x_wconf 89' lang='lat' dir='ltr'>seu</span> <span class='ocrx_word' id='word_1_729' title='bbox 1524 5560 1829 5620; x_wconf 85' lang='lat' dir='ltr'>declama-</span> 
     </span>
    </p>
   </div>
   <div class='ocr_carea' id='block_1_107' title="bbox 205 5645 1829 5727">
    <p class='ocr_par' dir='ltr' id='par_1_107' title="bbox 205 5645 1829 5727">
     <span class='ocr_line' id='line_1_107' title="bbox 205 5645 1829 5727; baseline 0.005 -24"><span class='ocrx_word' id='word_1_730' title='bbox 205 5645 412 5705; x_wconf 83' lang='lat' dir='ltr'>tiones</span> <span class='ocrx_word' id='word_1_731' title='bbox 433 5645 669 5727; x_wconf 84' lang='lat' dir='ltr'>aliquot</span> <span class='ocrx_word' id='word_1_732' title='bbox 709 5647 900 5709; x_wconf 86' lang='lat' dir='ltr'>edidit</span> <span class='ocrx_word' id='word_1_733' title='bbox 936 5651 1053 5714; x_wconf 87' lang='lat' dir='ltr'>Leo</span> <span class='ocrx_word' id='word_1_734' title='bbox 1090 5650 1341 5712; x_wconf 84' lang='lat' dir='ltr'>Allatius</span> <span class='ocrx_word' id='word_1_735' title='bbox 1369 5652 1435 5711; x_wconf 91' lang='lat' dir='ltr'>in</span> <span class='ocrx_word' id='word_1_736' title='bbox 1482 5653 1605 5711; x_wconf 88' lang='lat' dir='ltr'>suis</span> <span class='ocrx_word' id='word_1_737' title='bbox 1632 5650 1829 5719; x_wconf 79' lang='lat' dir='ltr'>rheto-</span> 
     </span>
    </p>
   </div>
   <div class='ocr_carea' id='block_1_108' title="bbox 1937 4675 3596 4754">
    <p class='ocr_par' dir='ltr' id='par_1_108' title="bbox 1937 4675 3596 4754">
     <span class='ocr_line' id='line_1_108' title="bbox 1937 4675 3596 4754; baseline -0.004 -17"><span class='ocrx_word' id='word_1_738' title='bbox 1937 4679 2089 4737; x_wconf 89' lang='lat' dir='ltr'>biles</span> <span class='ocrx_word' id='word_1_739' title='bbox 2100 4677 2357 4747; x_wconf 82' lang='lat' dir='ltr'>diaconi,</span> <span class='ocrx_word' id='word_1_740' title='bbox 2380 4683 2679 4754; x_wconf 90' lang='lat' dir='ltr'>quotquot</span> <span class='ocrx_word' id='word_1_741' title='bbox 2696 4677 2884 4751; x_wconf 90' lang='lat' dir='ltr'>regali</span> <span class='ocrx_word' id='word_1_742' title='bbox 2903 4678 3043 4736; x_wconf 92' lang='lat' dir='ltr'>huic</span> <span class='ocrx_word' id='word_1_743' title='bbox 3066 4692 3358 4750; x_wconf 90' lang='lat' dir='ltr'>sacroque</span> <span class='ocrx_word' id='word_1_744' title='bbox 3380 4675 3596 4733; x_wconf 89' lang='lat' dir='ltr'>throno</span> 
     </span>
    </p>
   </div>
   <div class='ocr_carea' id='block_1_109' title="bbox 1939 4764 3598 4841">
    <p class='ocr_par' dir='ltr' id='par_1_109' title="bbox 1939 4764 3598 4841">
     <span class='ocr_line' id='line_1_109' title="bbox 1939 4764 3598 4841; baseline -0.004 -13"><span class='ocrx_word' id='word_1_745' title='bbox 1939 4773 2160 4839; x_wconf 88' lang='lat' dir='ltr'>astant,</span> <span class='ocrx_word' id='word_1_746' title='bbox 2188 4786 2312 4828; x_wconf 91' lang='lat' dir='ltr'>uno</span> <span class='ocrx_word' id='word_1_747' title='bbox 2342 4768 2547 4828; x_wconf 89' lang='lat' dir='ltr'>animo</span> <span class='ocrx_word' id='word_1_748' title='bbox 2580 4786 2650 4827; x_wconf 92' lang='lat' dir='ltr'>ac</span> <span class='ocrx_word' id='word_1_749' title='bbox 2688 4785 2832 4827; x_wconf 88' lang='lat' dir='ltr'>voce</span> <span class='ocrx_word' id='word_1_750' title='bbox 2862 4767 3091 4841; x_wconf 87' lang='lat' dir='ltr'>dogma</span> <span class='ocrx_word' id='word_1_751' title='bbox 3137 4767 3199 4824; x_wconf 91' lang='lat' dir='ltr'>id</span> <span class='ocrx_word' id='word_1_752' title='bbox 3246 4764 3598 4824; x_wconf 88' lang='lat' dir='ltr'>conﬁteren-</span> 
     </span>
    </p>
   </div>
   <div class='ocr_carea' id='block_1_110' title="bbox 1938 4855 3594 4933">
    <p class='ocr_par' dir='ltr' id='par_1_110' title="bbox 1938 4855 3594 4933">
     <span class='ocr_line' id='line_1_110' title="bbox 1938 4855 3594 4933; baseline -0.002 -16"><span class='ocrx_word' id='word_1_753' title='bbox 1938 4864 2036 4917; x_wconf 90' lang='lat' dir='ltr'>tur</span> <span class='ocrx_word' id='word_1_754' title='bbox 2064 4858 2237 4933; x_wconf 87' lang='lat' dir='ltr'>eique</span> <span class='ocrx_word' id='word_1_755' title='bbox 2264 4861 2691 4930; x_wconf 88' lang='lat' dir='ltr'>consentirent,</span> <span class='ocrx_word' id='word_1_756' title='bbox 2722 4856 2999 4917; x_wconf 87' lang='lat' dir='ltr'>Nicolaus</span> <span class='ocrx_word' id='word_1_757' title='bbox 3029 4855 3323 4917; x_wconf 89' lang='lat' dir='ltr'>Basilaces</span> <span class='ocrx_word' id='word_1_758' title='bbox 3345 4860 3594 4930; x_wconf 90' lang='lat' dir='ltr'>aposto-</span> 
     </span>
    </p>
   </div>
   <div class='ocr_carea' id='block_1_111' title="bbox 1936 4941 3597 5021">
    <p class='ocr_par' dir='ltr' id='par_1_111' title="bbox 1936 4941 3597 5021">
     <span class='ocr_line' id='line_1_111' title="bbox 1936 4941 3597 5021; baseline -0.003 -15"><span class='ocrx_word' id='word_1_759' title='bbox 1936 4949 2192 5008; x_wconf 88' lang='lat' dir='ltr'>licarum</span> <span class='ocrx_word' id='word_1_760' title='bbox 2242 4948 2568 5008; x_wconf 88' lang='lat' dir='ltr'>lectionum</span> <span class='ocrx_word' id='word_1_761' title='bbox 2611 4949 2920 5021; x_wconf 86' lang='lat' dir='ltr'>magister,</span> <span class='ocrx_word' id='word_1_762' title='bbox 2956 4947 3155 5006; x_wconf 89' lang='lat' dir='ltr'>statim</span> <span class='ocrx_word' id='word_1_763' title='bbox 3207 4947 3378 5004; x_wconf 89' lang='lat' dir='ltr'>initio</span> <span class='ocrx_word' id='word_1_764' title='bbox 3406 4941 3597 5003; x_wconf 89' lang='lat' dir='ltr'>nostri</span> 
     </span>
    </p>
   </div>
   <div class='ocr_carea' id='block_1_112' title="bbox 1939 5034 3592 5112">
    <p class='ocr_par' dir='ltr' id='par_1_112' title="bbox 1939 5034 3592 5112">
     <span class='ocr_line' id='line_1_112' title="bbox 1939 5034 3592 5112; baseline -0.004 -15"><span class='ocrx_word' id='word_1_765' title='bbox 1939 5055 2318 5112; x_wconf 83' lang='lat' dir='ltr'>congressus,</span> <span class='ocrx_word' id='word_1_766' title='bbox 2352 5045 2408 5098; x_wconf 92' lang='lat' dir='ltr'>et</span> <span class='ocrx_word' id='word_1_767' title='bbox 2436 5040 2615 5099; x_wconf 87' lang='lat' dir='ltr'>hodie</span> <span class='ocrx_word' id='word_1_768' title='bbox 2641 5040 2823 5098; x_wconf 90' lang='lat' dir='ltr'>etiam</span> <span class='ocrx_word' id='word_1_769' title='bbox 2860 5038 2923 5097; x_wconf 88' lang='lat' dir='ltr'>in</span> <span class='ocrx_word' id='word_1_770' title='bbox 2953 5036 3223 5096; x_wconf 91' lang='lat' dir='ltr'>medium</span> <span class='ocrx_word' id='word_1_771' title='bbox 3253 5034 3592 5110; x_wconf 86' lang='lat' dir='ltr'>prosiliens,</span> 
     </span>
    </p>
   </div>
   <div class='ocr_carea' id='block_1_113' title="bbox 1935 5125 3589 5201">
    <p class='ocr_par' dir='ltr' id='par_1_113' title="bbox 1935 5125 3589 5201">
     <span class='ocr_line' id='line_1_113' title="bbox 1935 5125 3589 5201; baseline -0.003 -14"><span class='ocrx_word' id='word_1_772' title='bbox 1935 5127 2189 5201; x_wconf 90' lang='lat' dir='ltr'>longum</span> <span class='ocrx_word' id='word_1_773' title='bbox 2220 5127 2331 5188; x_wconf 89' lang='lat' dir='ltr'>abs</span> <span class='ocrx_word' id='word_1_774' title='bbox 2381 5130 2468 5188; x_wconf 92' lang='lat' dir='ltr'>rei</span> <span class='ocrx_word' id='word_1_775' title='bbox 2507 5128 2676 5188; x_wconf 89' lang='lat' dir='ltr'>initio</span> <span class='ocrx_word' id='word_1_776' title='bbox 2712 5129 3037 5187; x_wconf 88' lang='lat' dir='ltr'>verborum</span> <span class='ocrx_word' id='word_1_777' title='bbox 3069 5125 3367 5185; x_wconf 88' lang='lat' dir='ltr'>ambitum</span> <span class='ocrx_word' id='word_1_778' title='bbox 3393 5141 3589 5194; x_wconf 89' lang='lat' dir='ltr'>orsus,</span> 
     </span>
    </p>
   </div>
   <div class='ocr_carea' id='block_1_114' title="bbox 1938 5217 3594 5293">
    <p class='ocr_par' dir='ltr' id='par_1_114' title="bbox 1938 5217 3594 5293">
     <span class='ocr_line' id='line_1_114' title="bbox 1938 5217 3594 5293; baseline -0.002 -15"><span class='ocrx_word' id='word_1_779' title='bbox 1938 5220 2169 5279; x_wconf 91' lang='lat' dir='ltr'>cunctis</span> <span class='ocrx_word' id='word_1_780' title='bbox 2212 5220 2597 5280; x_wconf 89' lang='lat' dir='ltr'>audientibus</span> <span class='ocrx_word' id='word_1_781' title='bbox 2654 5218 2917 5279; x_wconf 89' lang='lat' dir='ltr'>rationes</span> <span class='ocrx_word' id='word_1_782' title='bbox 2975 5217 3255 5293; x_wconf 82' lang='lat' dir='ltr'>exposuit</span> <span class='ocrx_word' id='word_1_783' title='bbox 3332 5231 3594 5291; x_wconf 90' lang='lat' dir='ltr'>quarum</span> 
     </span>
    </p>
   </div>
   <div class='ocr_carea' id='block_1_115' title="bbox 1937 5306 3595 5383">
    <p class='ocr_par' dir='ltr' id='par_1_115' title="bbox 1937 5306 3595 5383">
     <span class='ocr_line' id='line_1_115' title="bbox 1937 5306 3595 5383; baseline -0.002 -15"><span class='ocrx_word' id='word_1_784' title='bbox 1937 5326 2125 5369; x_wconf 90' lang='lat' dir='ltr'>causa</span> <span class='ocrx_word' id='word_1_785' title='bbox 2180 5310 2256 5368; x_wconf 91' lang='lat' dir='ltr'>de</span> <span class='ocrx_word' id='word_1_786' title='bbox 2307 5311 2425 5369; x_wconf 92' lang='lat' dir='ltr'>hoc</span> <span class='ocrx_word' id='word_1_787' title='bbox 2462 5309 2746 5383; x_wconf 89' lang='lat' dir='ltr'>dogmate</span> <span class='ocrx_word' id='word_1_788' title='bbox 2803 5308 3170 5379; x_wconf 89' lang='lat' dir='ltr'>dubitabat;</span> <span class='ocrx_word' id='word_1_789' title='bbox 3222 5306 3467 5366; x_wconf 90' lang='lat' dir='ltr'>omnino</span> <span class='ocrx_word' id='word_1_790' title='bbox 3497 5306 3595 5365; x_wconf 83' lang='lat' dir='ltr'>his</span> 
     </span>
    </p>
   </div>
   <div class='ocr_carea' id='block_1_116' title="bbox 1935 5395 3595 5474">
    <p class='ocr_par' dir='ltr' id='par_1_116' title="bbox 1935 5395 3595 5474">
     <span class='ocr_line' id='line_1_116' title="bbox 1935 5395 3595 5474; baseline -0.002 -16"><span class='ocrx_word' id='word_1_791' title='bbox 1935 5416 2075 5474; x_wconf 69' lang='lat' dir='ltr'>qute</span> <span class='ocrx_word' id='word_1_792' title='bbox 2110 5400 2257 5458; x_wconf 81' lang='lat' dir='ltr'>dixit</span> <span class='ocrx_word' id='word_1_793' title='bbox 2282 5400 2655 5474; x_wconf 84' lang='lat' dir='ltr'>signiﬁcans,</span> <span class='ocrx_word' id='word_1_794' title='bbox 2688 5415 2751 5457; x_wconf 89' lang='lat' dir='ltr'>se</span> <span class='ocrx_word' id='word_1_795' title='bbox 2778 5398 3114 5474; x_wconf 88' lang='lat' dir='ltr'>principem</span> <span class='ocrx_word' id='word_1_796' title='bbox 3165 5397 3299 5471; x_wconf 91' lang='lat' dir='ltr'>ejus</span> <span class='ocrx_word' id='word_1_797' title='bbox 3356 5395 3595 5454; x_wconf 90' lang='lat' dir='ltr'>discidii</span> 
     </span>
    </p>
   </div>
   <div class='ocr_carea' id='block_1_117' title="bbox 1934 5571 3588 5713">
    <p class='ocr_par' dir='ltr' id='par_1_117' title="bbox 1934 5571 3588 5713">
     <span class='ocr_line' id='line_1_117' title="bbox 1934 5571 3588 5713; baseline -0.003 -79"><span class='ocrx_word' id='word_1_798' title='bbox 1934 5594 2072 5713; x_wconf 41' lang='lat' dir='ltr'>rrum</span> <span class='ocrx_word' id='word_1_799' title='bbox 2098 5577 2432 5708; x_wconf 48' lang='lat' dir='ltr'>iliiiagerptis.</span> <span class='ocrx_word' id='word_1_800' title='bbox 2482 5578 2658 5636; x_wconf 84' lang='lat' dir='ltr'>Manu</span> <span class='ocrx_word' id='word_1_801' title='bbox 2716 5574 2972 5651; x_wconf 88' lang='lat' dir='ltr'>scriptas</span> <span class='ocrx_word' id='word_1_802' title='bbox 3023 5590 3137 5647; x_wconf 90' lang='lat' dir='ltr'>ego</span> <span class='ocrx_word' id='word_1_803' title='bbox 3184 5572 3310 5632; x_wconf 91' lang='lat' dir='ltr'>vidi</span> <span class='ocrx_word' id='word_1_804' title='bbox 3353 5571 3416 5630; x_wconf 91' lang='lat' dir='ltr'>in</span> <span class='ocrx_word' id='word_1_805' title='bbox 3452 5571 3588 5631; x_wconf 90' lang='lat' dir='ltr'>cod.</span> 
     </span>
     <span class='ocr_line' id='line_1_118' title="bbox 1981 5665 2254 5711; baseline -0.015 -1"><span class='ocrx_word' id='word_1_806' title='bbox 1981 5665 2018 5711; x_wconf 77' lang='grc' dir='ltr'>ει</span> <span class='ocrx_word' id='word_1_807' title='bbox 2048 5691 2063 5708; x_wconf 93' lang='grc'><strong>.</strong></span> <span class='ocrx_word' id='word_1_808' title='bbox 2240 5692 2254 5706; x_wconf 93' lang='grc'><strong>.</strong></span> 
     </span>
    </p>
   </div>
   <div class='ocr_carea' id='block_1_118' title="bbox 1981 5665 2254 5711">
    <p class='ocr_par' dir='ltr' id='par_1_118' title="bbox 1981 5665 2254 5711">
     <span class='ocr_line' id='line_1_119' title="bbox 1981 5665 2254 5711; baseline -0.015 0"><span class='ocrx_word' id='word_1_809' title='bbox 1981 5665 2063 5711; x_wconf 67' lang='grc' dir='ltr'>αι.</span> <span class='ocrx_word' id='word_1_810' title='bbox 2098 5665 2254 5708; x_wconf 62' lang='grc'><strong>1409.</strong></span> 
     </span>
    </p>
   </div>
  </div>
