2074 3201
267 189 318 217 187

934 187 1071 218 ΝΙΟΕΤᾹΞ
1094 186 1282 218 ΟΗΟΝΙΑΤᾹΞ

1898 193 1959 220 188

265 251 358 279 fuisse
376 259 382 279 :
402 251 531 288 ideoque
543 252 575 280 id
588 251 701 287 dogma
726 260 743 281 a
760 260 790 280 se
802 260 918 281 novum
942 252 1096 280 existima-

1162 261 1234 281 ιατος
1265 252 1358 277 τούτου
1378 251 1534 288 ἀμφιϐολίας
1549 261 1555 267 ·
1579 250 1681 278 καὶόια
1711 253 1760 278 πάν
1775 263 1825 279 των
1864 253 1889 285 ἐξ
1916 252 1958 279 ὧν

267 298 342 331 tum,
356 304 481 332 prorsus
496 297 575 325 nolle
592 297 762 325 admittere.

304 476 372 503 Jam
387 483 459 503 vero
485 484 555 504 cum
580 484 636 504 nos
661 476 722 503 duo
738 475 916 512 patriarchae
931 475 962 503 in
974 475 1031 503 hoc
1044 475 1100 503 do-

270 521 372 554 gmate
383 521 633 555 consentiremus,
645 527 764 548 necnon
778 522 805 548 et
815 528 871 548 nos
881 519 1101 555 archiepiscopi

271 564 417 600 Bulgariee
447 568 476 593 et
492 566 590 602 Cypri,
611 565 769 601 czeterique
791 573 897 593 omnes
923 564 953 592 in
981 564 1101 601 synodo

270 609 405 646 episcopi
432 610 607 638 unanimem
640 610 819 638 sententiam
846 609 967 637 nemine
993 609 1102 637 discre-

270 656 361 690 pante
379 656 560 688 teneremus,
577 662 699 683 necesse
714 654 768 682 fuit
782 654 873 682 etiam
889 653 1016 682 electum
1030 653 1102 682 civi-

271 699 340 727 tatis
364 699 414 727 Dei
443 699 606 728 Antiochiaa
631 707 750 735 magnae
777 700 978 736 patriarcham
995 698 1103 728 Soteri-

273 743 375 778 chum,
388 744 440 780 qui
451 744 612 772 nobiscum
625 744 974 781 considebat,propriam
987 746 1104 772 senten-

271 788 344 816 tiam
359 796 477 823 rogare.
502 790 576 817 Tum
593 797 677 824 vero,
691 789 774 825 quod
790 789 993 827 quarebatur,
1009 788 1106 816 mani-

271 832 346 861 feste
362 836 551 870 compertum
567 836 623 862 est.
644 835 670 861 Is
686 834 767 862 enim
790 834 883 862 modo
898 835 1018 870 tempus
1037 841 1106 870 pos-

274 877 361 906 cebat
387 878 601 907 considerandi
625 881 694 907 ante
709 886 902 915 responsum,
923 878 1012 915 quasi
1035 886 1105 906 vero

272 923 357 950 tanta
380 923 524 959 temporis
543 923 737 959 intercapedo
758 926 825 959 post
848 923 940 958 hujus
961 922 1106 951 adversus

273 966 423 994 Christum
443 967 639 1004 blasphemiae
654 968 783 1001 initium,
799 967 857 1004 ipsi
877 968 961 996 haud
974 967 1107 996 suffecis-

273 1013 317 1039 set
332 1011 372 1039 ad
389 1012 453 1040 sani
468 1012 619 1047 dogmatis
640 1013 862 1048 cognitionem;
892 1012 984 1041 modo
1005 1015 1105 1041 autem

274 1055 334 1084 alia
349 1058 438 1093 atque
449 1057 507 1085 alia
518 1065 628 1093 parum
642 1057 699 1085 sibi
709 1057 878 1086 constantia
890 1056 1104 1093 respondebat.

271 1101 349 1136 Ergo
365 1101 455 1129 hodie
470 1102 671 1137 interrogatus
687 1110 705 1130 a
717 1102 818 1138 nobis,
839 1103 940 1130 utrum
956 1102 1107 1130 existima~

272 1148 316 1173 ret
327 1145 424 1175 beatae
442 1147 576 1175 Trinitati
599 1146 779 1175 sacriﬁcium
803 1149 830 1175 et
845 1147 916 1175 olim
940 1147 1033 1175 fuisse
1056 1147 1108 1175 ob-

273 1190 369 1218 latum
391 1193 419 1219 et
432 1199 514 1219 nunc
538 1192 627 1220 etiam
643 1191 755 1226 offerri,
783 1193 815 1220 ut
841 1192 978 1228 superior
1005 1194 1109 1219 nostra

273 1235 434 1271 explicavit
447 1237 555 1268 oratio,
570 1244 610 1265 an
634 1237 733 1273 potius
750 1236 806 1265 soli
826 1237 901 1265 Patri
922 1236 1014 1265 fuisse
1027 1236 1109 1264 obla-

274 1281 363 1314 tum;
391 1288 491 1317 neque
518 1281 572 1309 soli
592 1282 670 1310 Patri
695 1281 853 1317 respondit
876 1281 985 1314 offerri,
1009 1289 1109 1317 neque

273 1333 336 1353 non
351 1325 417 1354 soli.
435 1326 588 1354 Interdum
609 1326 649 1354 ad
664 1326 815 1354 absurdas
834 1327 995 1355 sententias
1010 1326 1109 1354 diver-

274 1369 389 1404 tebat;
431 1378 504 1399 nam
543 1370 700 1399 vocabulae
737 1372 854 1406 offerre,
886 1370 1108 1407 hypostaticam

274 1414 347 1443 Filio
377 1415 507 1443 tribuere
531 1416 747 1452 proprietatem
774 1415 882 1449 aiebat,
898 1415 1000 1443 nescio
1027 1416 1109 1443 unde

274 1459 354 1488 hanc
368 1459 540 1488 doctrinam
563 1461 740 1497 expiscatus.
760 1460 901 1496 Recipere
917 1462 1030 1494 autem,
1055 1467 1108 1496 pa-

273 1506 365 1533 ternae
391 1513 529 1540 personae
558 1506 714 1541 propriam
742 1505 911 1541 quamdam
933 1504 1108 1533 afﬁrmabat

274 1556 340 1576 esse
371 1550 559 1585 qualitatem,
594 1558 681 1585 teque
710 1558 744 1578 ac
770 1550 893 1585 ingeniti
917 1549 1105 1584 attributum,

1152 294 1206 322 εἶπε
1232 294 1335 327 δεικνὺς
1364 297 1403 322 ὃτι
1434 301 1533 329 πρῶτος
1566 297 1642 328 αὐτὸς
1675 296 1717 323 ἐπὶ
1740 299 1823 334 τούτῳ
1853 298 1961 334 ὴγοὶνά-

1151 350 1258 373 κτησεν,
1286 342 1320 371 ὡς
1336 342 1424 377 ἔφησε·
1455 345 1490 367 τῶ
1510 351 1551 368 τοι
1580 344 1625 368 καὶ
1653 341 1688 372 ὡς
1717 344 1865 379 καινοφανὲς
1889 342 1962 369 αὐτὸ

1152 385 1328 421 λογιζόμενος,
1364 385 1428 416 ὅλως

1154 430 1226 457 σθαι.

1465 390 1541 413 τοῦτο
1593 386 1640 412 οὐκ
1691 386 1765 415 ἤθελε
1801 385 1961 424 παραδέχε-

1190 475 1260 500 Ἐπεὶ
1290 472 1320 500 δὲ
1345 478 1394 500 τῶν
1424 472 1473 501 δύο
1508 480 1680 513 πατριαρχῶν
1711 476 1782 512 ἡμῶν
1817 476 1964 513 ὁμοφωνως

1153 517 1386 555 γνωμοδοτούντων
1419 521 1452 546 τὰ
1481 522 1540 557 περὶ
1573 522 1677 556 τούτου,
1708 520 1772 547 ἀλλὰ
1804 523 1849 547 καὶ
1883 522 1964 558 ἡμῶν

1154 567 1204 589 τῶν
1246 562 1471 599 ἀρχιεπισκόπων,
1501 568 1547 590 τοῦ
1580 574 1607 591 τε
1642 564 1800 603 Βουλγαρὶας
1827 568 1872 592 καὶ
1911 569 1965 592 τοῦ

1156 610 1273 644 Κύπρου,
1287 610 1332 634 καὶ
1355 612 1402 638 τῆς
1433 609 1525 640 λοιπῆς
1546 610 1618 645 ἡμῶν
1644 614 1693 635 τῶν
1725 609 1868 647 ἀρχιερέων
1890 611 1966 647 ὁμη-

1156 654 1255 690 γύρεως
1276 653 1312 684 εἰς
1346 655 1408 689 μίαν
1436 656 1542 690 γνώμην
1576 655 1784 691 συνερχομένων,
1816 657 1862 681 καὶ
1891 656 1967 682 κατὰ

1158 696 1241 734 μηδέν
1266 707 1292 723 τι
1307 699 1366 734 περὶ
1390 699 1482 724 τόύτον
1516 696 1706 736 διαφερομένων
1729 701 1795 737 πρὸς
1821 699 1966 733 ἀλλήλους,

1158 741 1212 769 ἔδει
1242 744 1286 768 καὶ
1315 744 1358 769 τόν
1387 742 1536 779 ὑποψὴφιον
1580 745 1751 782 πατριάρχην
1795 745 1968 775 Θεουπόλεως

1158 786 1273 824 μεγάλης
1305 787 1467 824 Ἀντιοχείας
1502 790 1653 826 Σωτήριχον
1678 790 1711 819 ὡς
1754 788 1970 827 συνεδριάζοντα

1159 835 1204 858 καὶ
1232 836 1322 859 τοῦτον
1353 832 1523 869 ἐρωτηθῆναι·
1562 833 1672 860 ἐνταῦθα
1691 833 1786 870 μᾶλλον
1830 833 1860 863 ἦν
1895 833 1968 861 ἰδεῖν

1158 879 1186 903 τὸ
1214 877 1371 913 ζητούμενον
1395 877 1597 915 εὑρισκόμενον·
1631 882 1676 905 νῦν
1708 880 1753 915 μὲν
1785 880 1836 917 γὰρ
1869 881 1968 916 καιρὸν

1120 931 1144 966 i3
1160 921 1244 953 ἐζήτει
1260 920 1423 958 διασκέψεως
1442 924 1508 959 πρὸς
1540 922 1689 961 ἀπόκρισιν,
1717 925 1749 954 ὡς
1775 924 1805 950 οὗ
1831 925 1968 951 τοσούτου

1160 971 1252 1003 καιροῦ
1280 966 1305 998 ἐξ
1331 967 1361 993 οὗ
1377 968 1571 1005 παρεισεφθάρη
1598 972 1674 994 τοῦτο
1694 970 1722 995 τὸ
1744 966 1880 999 δυσσεϐῶς
1892 970 1970 995 κατὰ

1161 1015 1280 1048 Χριστοῦ
1318 1011 1553 1049 βλασφημούμενον
1577 1016 1611 1049 μὴ
1635 1012 1772 1050 ἀρκοῦντος
1804 1016 1849 1040 καὶ
1876 1015 1967 1050 τούτῳ

1162 1055 1195 1086 εἰς
1227 1055 1406 1086 διασκόπησιν
1428 1061 1474 1083 τοῦ
1494 1062 1542 1088 τῆς
1563 1058 1731 1094 ὑγιαινούσης
1759 1057 1840 1090 δόξης
1868 1061 1965 1096 φρονή-

1161 1110 1253 1137 ματος,
1266 1105 1309 1127 νῦν
1341 1100 1371 1128 δὲ
1386 1102 1441 1128 ἄλλ’
1470 1103 1534 1129 ἄττα
1547 1105 1592 1129 καὶ
1616 1103 1645 1129 οὐ
1669 1103 1846 1140 συμϐαίνοντα
1878 1103 1968 1130 ἐαυτῶ

1162 1145 1328 1184 ἁπεκρίνατο.
1371 1147 1550 1184 Ἐρωτώμενος
1594 1147 1638 1174 οὖν
1683 1150 1728 1175 καὶ
1776 1148 1852 1179 αὐτὸς
1899 1148 1970 1186 παρ’

1164 1192 1235 1227 ἡμῶν
1263 1194 1385 1228 τήμερον,
1408 1195 1515 1230 πότερον
1547 1196 1578 1229 τῇ
1609 1196 1729 1231 μακαρίᾳ
1764 1192 1860 1230 Τριάδι
1896 1193 1972 1229 λέγει

1162 1238 1210 1265 τὴν
1243 1237 1336 1263 θυσιαν
1368 1239 1526 1273 προσῆχθαί
1563 1248 1590 1264 τε
1627 1240 1672 1264 καὶ
1705 1239 1898 1275 προσάγεσθαι,
1933 1239 1973 1269 ὡς

1163 1281 1176 1306 ό
1204 1280 1278 1317 λόγος
1307 1282 1408 1317 φθάσας
1440 1280 1611 1320 ὃιετράνωσεν
1644 1282 1781 1317 ἆνι›θεν,ἣ
1813 1287 1849 1309 τῶ
1882 1285 1972 1320 Πατρὶ

1163 1328 1242 1362 μόνῳ,
1257 1327 1316 1353 οὔτε
1344 1329 1414 1363 μόνῳ
1433 1326 1502 1363 ἔλεγε
1523 1329 1606 1363 τούτῳ
1628 1328 1822 1365 προσάγεσθαι,
1848 1328 1906 1354 οὔτε
1938 1327 1970 1354 οὗ

1162 1373 1243 1407 μόνῳ.
1266 1372 1331 1397 Ποτε
1349 1369 1378 1397 δὲ
1406 1374 1450 1398 καὶ
1477 1372 1513 1402 εὶς
1533 1371 1686 1403 ἀλλοκότους
1703 1370 1782 1404 δόξας
1797 1373 1888 1399 ἔπιπτε
1904 1380 1910 1387 ·
1936 1373 1969 1398 τὸ

1162 1417 1207 1453 μὲν
1240 1417 1289 1453 γὰρ
1321 1417 1464 1452 προσάγειν
1495 1417 1675 1446 ὑποστατικὴν
1710 1416 1817 1453 ἀπένεμε
1848 1420 1885 1452 τῷ
1911 1417 1966 1451 Υὶῷ

1164 1459 1297 1496 ἰδιότητα,
1331 1461 1378 1487 οὐκ
1416 1462 1492 1497 ἴσμεν
1518 1463 1616 1491 ταύτην
1644 1462 1721 1488 πόθεν
1747 1462 1848 1499 εὑρών·
1879 1462 1907 1487 τὸ
1937 1454 1969 1487 δὲ

1161 1504 1364 1542 προσδέχεσθαι
1386 1510 1433 1537 τῆς
1457 1510 1586 1543 πατρικῆς
1607 1507 1778 1538 ὑποστάσεως
1791 1505 1862 1533 ἴδιόν
1875 1516 1902 1532 τι
1925 1516 1965 1532 κα

1159 1554 1237 1577 τοῦτο
1266 1550 1359 1577 ἐτίθετο
1392 1553 1530 1589 γνώρισμα
1561 1553 1626 1588 μετὰ
1657 1556 1703 1582 τῆς
1737 1551 1902 1588 ἀγεννησίας,
1935 1551 1971 1580 ἢν

276 1593 359 1629 quod
374 1594 498 1621 unicum
513 1593 666 1630 peculiare
679 1595 772 1622 Patris
787 1602 851 1622 esse
867 1594 1044 1622 attributum
1056 1594 1107 1621 Ec-

1163 1594 1285 1625 ίὸιότητα
1300 1597 1376 1632 μόνον
1392 1599 1438 1622 τοῦ
1462 1597 1633 1633 προανάρχου
1658 1598 1759 1633 Πατρός
1783 1597 1798 1626 ἡ
1822 1596 1971 1625 Ἐκκλησία

277 1637 367 1666 clesia
387 1645 405 1666 a
420 1640 518 1667 vetere
534 1638 692 1667 traditione
716 1638 840 1675 accepit.
859 1639 969 1667 Deinde
991 1637 1107 1667 niteba-

277 1684 326 1710 tur
352 1690 409 1711 nos
431 1691 554 1719 quoque
574 1684 605 1711 in
629 1691 717 1712 suam
744 1684 924 1712 sententiam
950 1683 1108 1711 contrariis

280 1727 464 1763 syllogismis
488 1728 668 1764 pertrahere.
699 1728 727 1757 Si
754 1728 845 1764 enim,
861 1730 894 1756 ut
918 1728 982 1764 ipse
997 1727 1108 1764 aiebat,

277 1772 362 1800 haud
379 1772 536 1809 proprium
559 1775 691 1810 paternae
702 1781 840 1810 personae
866 1775 944 1801 esset
965 1773 1108 1809 recipere,

280 1816 334 1844 sed
349 1816 460 1845 divinae
470 1817 580 1854 potius,
592 1821 625 1846 ut
638 1826 695 1847 nos
707 1818 847 1851 dicimus,
859 1819 987 1852 naturae,
1003 1817 1110 1845 absur-

279 1860 353 1889 dum
371 1861 446 1898 quid
460 1865 694 1899 consequeretur
710 1872 716 1891 :
733 1865 812 1891 esset
827 1862 907 1890 enim
921 1863 998 1890 Deus
1018 1861 1111 1890 modo

278 1914 485 1944 nequaquam.
520 1910 584 1936 Non
613 1909 694 1937 enim
711 1910 754 1936 est
776 1908 960 1945 sempiterna
985 1907 1111 1943 oblatio,

280 1951 333 1979 sed
345 1954 372 1980 et
386 1955 507 1989 sumpta
521 1953 710 1982 humanitate
726 1953 883 1989 posterior,
895 1955 924 1981 et
938 1960 986 1981 res
1013 1954 1112 1981 creata

281 1998 585 2035 est:proptereaque
610 1998 741 2034 receptio
769 2006 891 2034 quoque
919 1998 949 2026 in
977 1998 1114 2034 quodam

279 2042 425 2078 temporis
453 2043 551 2079 spatio
575 2045 616 2071 ﬁt.
634 2040 701 2071 Haec
727 2043 777 2071 ille
805 2043 1027 2079 aiebat;quasi
1042 2050 1114 2071 vero

280 2093 337 2114 nos
354 2089 554 2116 statueremus
577 2089 709 2124 recipere
739 2088 835 2116 instar
862 2096 927 2115 esse
952 2088 1115 2123 cujusdam

280 2130 463 2160 deﬁnitionis
488 2135 578 2169 atque
600 2133 725 2161 rationis
740 2133 815 2168 (sive
831 2132 978 2168 pertinere
1007 2131 1046 2160 ad
1069 2139 1115 2159 es-

280 2177 419 2213 sentiam)
435 2177 749 2214 incomprehensibilis
773 2179 801 2205 et
816 2175 1113 2212 supersubstantialis

279 2220 415 2255 deitatis;
429 2224 458 2250 et
470 2229 532 2250 non
544 2222 645 2258 potius
657 2222 736 2250 hanc
751 2222 967 2258 proprietatem
981 2229 998 2248 a
1011 2220 1115 2249 divina

279 2265 424 2301 dignitate
449 2274 631 2295 arceremus.
657 2268 723 2294 Haec
743 2267 797 2294 fuit
823 2265 1000 2294 Antiocheni
1029 2265 1114 2293 electi

280 2319 403 2339 summa
415 2311 568 2347 orationis,
585 2319 623 2339 ne
635 2311 755 2346 singula
770 2311 808 2339 ab
834 2319 868 2338 eo
890 2311 969 2338 dicta
993 2317 1114 2347 percur-

279 2357 389 2393 rentes,
407 2357 519 2385 diutius
529 2356 612 2385 hunc
627 2363 799 2385 sermonem
812 2356 1038 2392 protrahamus.

317 2402 374 2431 Sed
388 2402 468 2430 enim
485 2404 554 2430 ante
569 2408 626 2430 nos
641 2409 748 2431 omnes
768 2401 1007 2438 sapientissimus
1022 2403 1050 2429 et
1063 2407 1115 2430 au-

281 2450 368 2482 gusta
380 2447 541 2484 prudentia
555 2447 673 2483 plenus,
690 2449 718 2475 et
733 2454 819 2483 aeque
832 2454 867 2475 ac
883 2446 1026 2475 Salomon
1040 2446 1114 2475 divi-

280 2493 361 2521 nitus
383 2491 505 2521 doctam
525 2494 658 2520 mentem
688 2499 804 2527 gerens,
830 2492 1058 2529 potentissimus
1085 2495 1114 2522 et

280 2539 403 2566 sanctus
413 2539 515 2565 noster
525 2536 699 2573 imperator,
709 2544 771 2565 non
782 2537 955 2566 detrectavit
965 2546 1061 2574 usque
1073 2534 1113 2567 ad

281 2581 454 2611 dialecticos
469 2589 626 2610 sermones
641 2590 710 2610 cum
728 2583 903 2611 Sothericho
918 2582 1112 2619 descendere,

280 2627 442 2663 verbisque
468 2626 682 2656 adhortatoriis
695 2627 836 2656 eumdem
858 2627 912 2656 diu
932 2628 1083 2657 nitebatur
1095 2635 1114 2657 a

282 2678 338 2700 sua
353 2672 501 2699 sententia
515 2671 682 2707 retrahere;
696 2673 882 2708 argumentis
898 2673 989 2702 etiam
1002 2680 1113 2708 urgens

280 2723 337 2753 pro
353 2723 408 2744 sua
416 2715 549 2751 ingenita
558 2717 651 2752 regali
665 2717 798 2752 scientia,
811 2720 840 2746 et
850 2717 944 2747 modo
954 2718 1014 2746 huc
1021 2717 1113 2747 modo

281 2760 351 2789 illuc
367 2760 573 2790 adversarium
601 2763 743 2791 contortis
767 2762 1033 2799 epichirematibus
1049 2771 1114 2791 ver-

283 2813 363 2834 sens.
372 2807 449 2835 Inter
458 2808 566 2836 caetera
577 2807 760 2836 amanterilli
770 2807 801 2836 in
809 2809 944 2836 mentem
951 2803 1115 2838 revocabat

285 2850 367 2880 Pauli
379 2851 473 2882 verba
487 2852 527 2881 ad
553 2852 731 2888 Corinthios,
750 2854 783 2882 ut
796 2853 827 2882 id
851 2853 952 2890 ipsum
975 2847 1114 2884 videlicet

1161 1640 1304 1677 παρέλαϐεν
1342 1640 1462 1667 ἔκπαλαι·
1499 1641 1563 1667 Εἶτα
1592 1639 1626 1670 δὴ
1656 1644 1700 1668 καὶ
1749 1641 1860 1668 ἐντεῦθεν
1898 1642 1972 1677 ἡμᾶς

1163 1687 1229 1723 πρὸς
1249 1687 1277 1711 τὸ
1305 1684 1399 1712 δοκοῦν
1424 1686 1493 1722 αὐτῷ
1512 1686 1744 1722 κατεσυλλογίζετο
1768 1694 1775 1701 ⁶
1805 1686 1891 1723 εἰγὰρ
1916 1687 1979 1722 μή,⁵

1164 1732 1249 1761 καθὼς
1280 1730 1358 1761 αὐτός
1390 1741 1481 1767 φησιν,
1517 1729 1661 1758 ἰὸιαίτατον
1691 1733 1729 1760 εἴη
1758 1734 1807 1762 τῆς
1837 1735 1974 1768 πατρικῆς

1165 1776 1336 1807 ὑποστάσεως
1359 1777 1389 1802 τὸ
1423 1774 1635 1813 προσδέχεσθαι,
1666 1776 1730 1803 ἀλλὰ
1757 1779 1803 1807 τῆς
1831 1776 1906 1809 θείας,
1933 1776 1972 1805 ὡς

1166 1822 1239 1857 ἡμεῖς
1266 1831 1357 1857 φαμεν,
1385 1822 1496 1857 φύσεως,
1521 1822 1617 1848 ἄτοπόν
1635 1831 1661 1847 τι
1684 1822 1758 1858 τάχα
1783 1820 1968 1857 συμϐήσεταυ

1167 1867 1242 1892 ἔσται
1258 1865 1317 1892 καθ’
1337 1866 1406 1902 ἡμᾶς
1426 1867 1439 1892 ὁ
1459 1867 1522 1897 Θεὸς
1540 1867 1601 1892 ποτε
1620 1868 1665 1903 μὲν
1686 1867 1762 1901 Θεὸς,
1780 1867 1842 1892 ποτε
1862 1863 1891 1892 δε
1919 1866 1949 1891 οὔ
1963 1875 1971 1882 ·

1167 1910 1197 1937 οὐ
1216 1911 1267 1948 γὰρ
1289 1909 1386 1947 ἀίδιος,
1411 1913 1501 1947 φησὶν,
1537 1913 1710 1949 προσαγωγὴ,
1742 1910 1805 1937 ἀλλά
1830 1910 1895 1947 μετά
1923 1911 1974 1939 τὴν

1168 1955 1362 1993 ἐνανθρώπησιν
1385 1958 1430 1982 καὶ
1451 1958 1607 1992 γεγενημένη
1622 1964 1628 1971 ·
1651 1953 1699 1982 διὰ
1714 1953 1744 1982 δὲ
1775 1958 1850 1981 τοῦτο
1870 1955 1976 1985 πάντώς

1169 2001 1192 2026 ἓν
1205 2011 1257 2026 τινι
1269 2002 1358 2037 χρόνῳ
1382 2003 1427 2027 καὶ
1446 2001 1475 2027 τὸ
1490 1999 1701 2038 προσδέχεσθαι·
1722 2000 1810 2038 ὥσπερ
1830 1999 1860 2025 ἃν
1876 1999 1898 2026 εἰ
1924 2003 1977 2031 τῆς

1169 2044 1354 2073 ἀκαταλήπτου
1388 2047 1432 2071 καὶ
1463 2046 1620 2083 ὑπερουσίου
1662 2046 1785 2076 θεότητος
1812 2044 1870 2081 ὂρον
1913 2046 1976 2071 τινὰ

1168 2092 1213 2115 καὶ
1238 2089 1314 2125 λόγον
1336 2090 1410 2126 ἡμεῖς
1435 2091 1464 2116 τὸ
1498 2088 1708 2126 προσδέχεσθαι·
1735 2089 1876 2125 ἐτιθέμεθα,
1907 2088 1975 2116 ἀλλὰ

1169 2136 1204 2170 μὴ
1221 2138 1257 2169 τῷ
1293 2135 1368 2170 θεῑκῷ
1387 2135 1485 2163 ταύτην
1518 2134 1683 2171 ἀφοσιοῦντες
1716 2132 1779 2171 ἦμεν
1811 2133 1881 2161 τοῦτ’
1907 2134 1974 2161 αὐτὸ

1170 2178 1199 2205 δὲ
1225 2178 1362 2215 ἀξιώματι.
1385 2182 1475 2206 Ταῦτα
1498 2180 1544 2216 μὲν
1577 2180 1590 2205 ὁ
1617 2179 1790 2215 Ἀντιοχείας,
1806 2179 1847 2205 ἵνα
1865 2180 1913 2215 μὴ,
1942 2180 1973 2205 τὸ

1168 2223 1225 2250 καθ’
1248 2223 1356 2250 ἕκαστον
1383 2228 1433 2250 τῶν
1458 2224 1520 2261 παρ⁷
1540 2224 1620 2251 αὐτοῦ
1650 2224 1793 2261 λεχθέντων
1819 2222 1972 2259 ἐπεξιόντες,

1168 2269 1211 2296 ἐπὶ
1222 2269 1285 2296 πολὺ
1301 2271 1344 2296 τὸν
1363 2269 1438 2306 λόγον
1453 2269 1612 2306 ἐκτείνωμεν.

1204 2404 1246 2435 Ὠς
1262 2402 1292 2431 δὲ
1318 2405 1367 2442 πρὸ
1385 2405 1486 2431 πάντων
1499 2404 1573 2441 ἡμῶν
1588 2404 1601 2430 ὁ
1623 2403 1702 2435 πολὺς
1720 2407 1750 2441 τῇ
1777 2405 1900 2441 φρονήσει
1925 2405 1976 2431 καὶ

1168 2450 1278 2487 γεραρὸς
1304 2453 1341 2485 τῷ
1361 2453 1436 2483 νοεῖν,
1453 2450 1466 2475 ὁ
1492 2447 1661 2476 θεοδίδακτον
1695 2451 1774 2480 ὄντως
1800 2450 1880 2485 φέρων
1902 2450 1975 2475 κατὰ

1167 2496 1211 2520 τὸν
1233 2494 1386 2531 Σολομῶντα
1407 2493 1536 2530 διάνοιαν,
1557 2495 1697 2532 κράτιστος
1723 2496 1768 2521 καὶ
1807 2493 1880 2530 ἆγιος
1897 2494 1975 2530 ἡμῶν

1169 2538 1302 2575 βασιλεὺς,
1323 2541 1368 2565 καὶ
1396 2538 1420 2571 ἐς
1446 2539 1536 2575 λόγους
1559 2539 1629 2575 αὐτῷ
1655 2539 1784 2566 συνελθεῖν
1801 2537 1975 2570 διαλεκτικῶς

1168 2584 1216 2611 οὐκ
1245 2584 1393 2618 ἀπώκνησε,
1418 2586 1463 2610 καὶ
1490 2584 1594 2622 ῥήμασι
1618 2586 1830 2621 παραινετηρίοις
1863 2584 1974 2619 ὑπαγα-

1167 2630 1261 2665 γέσθαι
1277 2626 1397 2656 σπεύδων
1412 2628 1491 2655 αὐτὸν
1509 2629 1539 2655 οὗ
1569 2627 1678 2662 διέλιπε,
1694 2631 1739 2655 καὶ
1767 2631 1822 2660 τοῖς
1851 2627 1973 2664 ἐλέγχοις

1169 2673 1270 2710 βάλλων
1298 2673 1434 2711 αὐτοφυῶς
1464 2674 1477 2700 ὁ
1505 2673 1669 2710 μεγαλοφυής
1699 2676 1744 2701 καὶ
1778 2673 1974 2710 ἐπιστημονάρ-

1168 2729 1222 2755 χης
1243 2718 1290 2745 οὐκ
1308 2718 1445 2756 ἐνάρκησε,
1465 2720 1510 2745 καὶ
1530 2722 1575 2744 νῦν
1597 2720 1641 2756 μεν
1661 2721 1747 2755 τοῦτο,
1769 2721 1813 2744 νῦν
1839 2716 1868 2745 δὲ
1888 2718 1970 2744 ἐκεῖνο

1168 2768 1248 2791 ποιῶν
1276 2766 1468 2802 ἀγχιστρόφοις
1499 2763 1705 2801 ἐπιχειρήμασιν
1743 2763 1790 2791 οὐκ
1826 2762 1971 2800 ἀπέκαμεν

1169 2809 1193 2835 ἐν
1230 2809 1270 2841 οἷς
1306 2810 1389 2837 ἓκεῖνα
1407 2809 1563 2847 παρακαλῶν
1600 2809 1677 2836 αὐτὸν
1722 2808 1971 2847 ἐφιλανθρωπευετο,

1168 2853 1236 2882 ἅττα
1264 2852 1351 2884 δήπου
1385 2856 1430 2882 καὶ
1468 2854 1613 2892 Κορινθίοις
1646 2853 1799 2881 ἐπιστέλλων
1833 2854 1845 2879 ὁ
1888 2855 1972 2891 μέγας
