4148 6384
285 394 393 451 189
1618 390 1923 449 THESAU!

2038 390 2132 448 .lB.
2177 391 2354 449 XXIV.
3573 400 3676 457 190

298 517 509 580 Παῦλος
546 517 905 595 προέγραψεν,
953 517 1036 570 ἵνα
1088 518 1147 571 τὸ
1191 514 1319 570 αὐτὸ
1382 513 1627 576 δηλονότι
1690 516 1910 590 λέγωμεν

2037 532 2236 574 amnes
2269 515 2567 582 dicamus,
2589 521 2646 574 et
2670 517 2733 575 in
2762 518 2937 576 nobis
2962 532 3082 579 non
3119 521 3238 580 sint
3265 522 3594 581 schismata
3606 526 3675 594 36;

300 612 502 675 πάντες,
528 614 613 662 καὶ
644 613 715 683 μὴ
795 607 846 661 ἔν
869 608 997 682 ἡμῖν
1028 611 1312 682 σχίσματα
1330 629 1343 642 ο
1368 609 1393 660 6
1424 610 1514 682 μὶν
1547 604 1606 661 δὲ
1630 628 1910 681 κατηρτισ-

2040 607 2126 680 {ui
2155 611 2358 664 autem
2387 607 2450 663 in
2481 623 2591 664 suo
2621 621 2730 679 pro
2744 607 2937 680 posito
2960 613 3372 686 sententiaque
3402 628 3678 686 perseve-

299 704 453 773 μένος
482 698 531 752 ἐν
559 706 632 770 τῷ
661 698 803 770 αὐτῷ
834 700 917 752 νοῒ
953 701 1043 750 καὶ
1072 695 1120 750 ἓν
1148 706 1210 771 τῇ
1245 698 1375 772 αὐτῇ
1407 702 1612 771 γνώμῃ,
1645 696 1736 750 εἴτ’
1766 696 1854 750 οὖν
1885 697 1911 748 6

2040 701 2129 765 'at,
2157 694 2219 751 id
2242 700 2329 752 est
2359 695 2683 753 Ecclesiam
2712 698 3052 771 conturbat,
3078 700 3206 773 ipse
3224 701 3520 772 judicium
3543 718 3678 775 por-

301 791 585 865 ταράσσων
627 790 720 848 την
774 785 1117 856 Ἐκκλησίαν,
1148 787 1305 851 αὐτὸς
1336 786 1598 862 βαστᾶζει
1624 790 1681 843 τὸ
1725 793 1908 860 κρῖμα.

2037 783 2187 842 abit.
2216 784 2314 840 His
2346 784 2585 857 auditis,
2618 802 2755 842 cum
2796 785 2891 843 ille
2923 788 3313 845 nihilominus
3341 790 3675 848 resistendo

301 876 398 942 Ὠς
425 879 511 932 οὖν
542 879 673 932 οὕτω
710 884 903 944 ταῦτα,
932 879 959 930 6
982 870 1042 931 δὲ
1060 881 1151 931 καὶ
1180 878 1255 931 ἔτι
1282 884 1377 939 τῆς
1407 876 1597 939 οἰκείας
1626 875 1913 938 ἐνστάσεως

2040 888 2145 929 ion
2201 872 2530 943 desisteret,
2587 873 2717 932 htec
2767 875 2972 934 divina
3027 877 3301 935 doctrina
3353 877 3678 936 instructus

302 968 366 1022 οὐ
406 969 712 1043 μεθίστατο,
744 972 837 1021 καὶ
867 971 1102 1021 τοιοῦτόν
1131 972 1183 1021 τί
1209 984 1340 1041 φησι
1364 970 1491 1042 πρὸς
1522 965 1676 1020 αὐτὸν
1701 968 1726 1019 6
1756 971 1912 1041 σοφὸς

2036 979 2159 1020 vere
2188 968 2401 1036 potens
2432 965 2492 1019 et
2536 968 2777 1021 sanctus
2808 964 3136 1041 imperator
3162 972 3368 1025 noster
3396 967 3629 1025 addidit
3661 985 3674 1024 :

296 1060 370 1111 τὰ
422 1059 533 1112 θεῖα
578 1067 651 1131 τῷ
703 1061 814 1111 ὄντι
850 1060 1101 1132 κραταιὸς
1138 1062 1229 1111 καὶ
1266 1057 1408 1131 ἅγιος
1437 1058 1582 1130 ἡμῶν
1616 1055 1861 1125 βασιλεύς
1892 1074 1906 1088 ⁸

2038 1055 2141 1122 tge
2186 1050 2503 1109 videamus
2544 1052 2826 1126 quisnam
2856 1055 3034 1112 timor
3058 1056 3406 1131 impendeat
3434 1057 3676 1128 dicenti,

294 1154 463 1209 Ποίος
492 1145 646 1219 φόϐος
666 1145 964 1219 ἐπήρτηται
990 1149 1275 1205 σκοπητέον
1300 1154 1368 1218 τῷ
1388 1142 1591 1218 λέγοντι
1610 1150 1703 1203 τὴν
1727 1145 1910 1218 ὁμοού-

2040 1141 2185 1214 ιυοᾱ
2216 1141 2743 1199 consubstantialis
2773 1148 2830 1200 et
2857 1144 3107 1202 invidua
3135 1146 3385 1203 Trinitas
3415 1144 3678 1203 hostiam

290 1255 410 1288 σιον
446 1239 554 1311 ,καὶ
608 1232 909 1312 ἀδιαίρετον
956 1230 1165 1310 Τριάὸα
1210 1239 1304 1295 τὴν
1361 1235 1487 1311 ὑπερ
1528 1236 1673 1307 ἡμῶν
1724 1235 1909 1287 θυσιάν

2044 1246 2130 1286 )I‘O
2159 1229 2336 1287 nobis
2361 1229 2629 1289 oblatam
2660 1233 2906 1307 recipiat
2930 1250 2945 1301 ;
2965 1238 3022 1290 et
3042 1235 3367 1306 cujusnam
3397 1251 3470 1293 ex
3491 1235 3682 1292 tribus

280 1320 735 1400 προσδέχεσθαι·
761 1328 853 1378 καὶ
873 1329 976 1378 τίνι
995 1333 1093 1377 τῶν
1120 1332 1279 1400 τριῶν
1307 1325 1646 1378 ὑποστάσεων
1672 1327 1766 1382 τὴν
1794 1322 1909 1376 κατ’

2042 1319 2296 1376 )ersonis
2354 1319 2831 1390 indignationem
2878 1321 3205 1381 formidare
3262 1328 3465 1397 queat.
3526 1327 3680 1381 Num

290 1414 455 1469 αὐτοῦ
505 1414 872 1488 ἀγανάκτησιν
940 1406 1338 1478 ἔπενδείξασθαι
1387 1418 1569 1469 οἴεται.
1625 1417 1845 1487 Πότερον
1884 1414 1911 1466 6

2046 1411 2189 1465 ’ater
2228 1407 2639 1478 indignabitur
2667 1409 2808 1467 huic
2841 1409 3096 1479 homini,
3126 1412 3231 1485 qui
3262 1413 3472 1469 Filium
3511 1428 3684 1487 aeque

292 1508 480 1580 Πατὴρ
507 1512 584 1577 τῷ
622 1506 843 1578 τοιούτῳ
878 1502 1132 1580 ἀνθρώπῳ
1171 1502 1528 1577 ἀγανακτήσει
1565 1504 1646 1556 ὅτι
1675 1506 1762 1555 τὸν
1793 1503 1912 1558 Υἰόν

2049 1513 2234 1554 ecum
2285 1497 2714 1555 honorandum
2752 1500 3013 1556 statuit?
3065 1516 3280 1574 apage.
3323 1504 3475 1558 Num
3508 1498 3687 1559 Filius

290 1593 534 1668 ἰσότιμον
566 1594 783 1653 τίθησιν
812 1611 825 1663 ;
851 1594 1045 1666 ἄπαγε.
1071 1592 1209 1647 Ἀλλ’
1242 1594 1267 1646 6
1298 1595 1420 1655 Υἱός
1445 1592 1493 1646 ἐν
1522 1594 1688 1665 τούτῳ
1712 1587 1914 1663 δυσχέ-

2048 1601 2176 1655 egre
2204 1585 2351 1643 feret
2381 1602 2443 1643 se
2474 1604 2612 1643 cum
2645 1603 2756 1645 suo
2789 1591 2954 1645 Patre
2984 1586 3501 1660 congloriﬁcatum
3530 1586 3559 1645 ’ἶ
3588 1592 3686 1647 At-

290 1690 447 1761 ροινεῖ
474 1684 557 1737 ὅτι
585 1688 661 1756 τῷ
696 1676 815 1756 ἰδίῳ
847 1687 1015 1757 Πατρὶ
1034 1680 1158 1758 παρ’
1190 1685 1335 1757 ἡμῶν
1360 1678 1774 1748 συνδοξάζεεαι;
1809 1679 1914 1734 Καὶ

2045 1675 2128 1747 [ui
2148 1674 2279 1748 ipse
2307 1692 2446 1732 cum
2473 1676 2549 1733 sit
2576 1681 2840 1750 paternae
2868 1676 3068 1749 gloriae
3087 1677 3391 1750 splendor,
3412 1678 3473 1734 in
3494 1681 3683 1736 Evan-

290 1776 393 1846 μὴν
451 1772 612 1836 αὐτὸς
665 1781 758 1835 τῆς
817 1764 979 1836 δόξης
1022 1780 1117 1835 τῆς
1162 1781 1419 1847 πατρικῆς
1465 1770 1532 1824 ὡν
1564 1769 1914 1844 ἀπαύγασμα)

2043 1763 2178 1834 ςθιὶο
2197 1764 2310 1820 ait:
2338 1764 2449 1832 Qui
2471 1762 2701 1822 Filium
2732 1782 2853 1822 non
2885 1766 3164 1835 honorat,
3183 1782 3258 1824 ne
3284 1768 3532 1824 Patrem
3556 1769 3681 1840 qui-

294 1861 347 1915 ἐν
388 1861 726 1935 Etim/79in;
764 1858 899 1916 εἶπεν
947 1878 960 1894 ’
1002 1861 1061 1915 Ὀ
1102 1865 1179 1937 μὴ
1249 1869 1413 1936 τιμῶν
1468 1864 1557 1914 τὸν
1610 1863 1731 1914 Υἰὸν
1789 1854 1914 1911 οὐδὲ

2038 1852 2156 1910 iam
2179 1853 2435 1911 honorat
2454 1855 2524 1890 33"
2555 1874 2569 1925 ;
2599 1858 2655 1911 et
2683 1872 2695 1910 :
2728 1854 2856 1927 Ego
2876 1871 2944 1913 ac
2969 1856 3155 1913 Pater
3182 1872 3369 1913 unum
3389 1872 3593 1914 sumus
3609 1854 3676 1914 ⁸ο.

293 1952 385 2005 τόν
412 1954 623 2027 Πατέρα
658 1952 790 2026 τιμᾷ
820 1968 833 1982 ·
864 1952 953 2005 καὶ
982 1952 1063 2004 ὅτι
1089 1948 1221 2024 Ἐγὼ
1259 1955 1350 2004 καὶ
1377 1950 1402 2003 6
1433 1954 1616 2024 Πατὴρ
1657 1949 1705 2003 ἓν
1737 1948 1909 2022 ἐσμεν.

2043 1947 2176 1999 tum
2206 1940 2468 2018 denique
2496 1944 2787 2003 irascetur
2824 1951 3069 2003 sanctus
3103 1946 3372 2020 Spiritus,
3407 1948 3513 2021 qui
3542 1964 3681 2005 cum

293 2040 454 2097 Ἀ).λά
483 2044 543 2095 τό
580 2048 812 2115 Πνεῦμα,
840 2040 895 2095 ὃν
929 2036 1202 2094 συναίδιόν
1229 2039 1342 2095 ἔστι
1362 2041 1675 2111 τούτοιςξκαὶ
1698 2039 1913 2112 σύνθρο-

2042 2032 2114 2089 iis
2144 2032 2544 2107 sempiternus
2577 2039 2668 2092 est
2701 2040 2759 2092 et
2782 2035 2843 2092 in
2869 2035 3085 2094 eodem
3109 2036 3380 2093 residens
3408 2037 3627 2095 throno
3653 2038 3680 2096 ‘2

283 2152 376 2185 νον
413 2148 428 2199 ;
455 2129 533 2184 Οῦ
691 2126 779 2184 οὖν
812 2147 825 2163 ⁸
860 2122 987 2184 οὐδέ
1030 2132 1132 2207 γὰρ
1165 2124 1317 2184 οὐδὲν
1347 2137 1442 2192 τῆς
1470 2124 1701 2206 Τριάδος
1724 2130 1913 2181 καθέσ-

2041 2123 2254 2180 linime
2285 2125 2572 2195 gentium.
2604 2123 2755 2182 Nihil
2784 2125 2944 2182 enim
2974 2127 3036 2182 in
3065 2126 3343 2183 Trinitate
3378 2132 3539 2185 caret
3565 2127 3679 2186 ho-

284 2240 450 2280 τηκεν
482 2221 694 2295 ἄτιμον.
726 2216 816 2283 Ὠς
839 2206 1131 2295 παράλογος
1164 2218 1269 2297 ἄρα
1297 2220 1324 2273 ὁ
1348 2222 1468 2294 περὶ
1496 2220 1683 2273 τούτου
1735 2216 1908 2291 φόϐος,

2043 2227 2186 2269 iore.
2236 2206 2461 2270 Stultus
2499 2213 2683 2285 igitur
2728 2213 2844 2273 hac
2892 2232 3074 2290 super
3100 2232 3166 2273 re
3195 2216 3393 2288 timor,
3427 2233 3498 2275 ac
3527 2232 3681 2290 pene

288 2312 378 2364 ἵνα
406 2314 482 2384 μὴ
515 2308 651 2383 λέγω
677 2310 843 2369 πάντη
871 2313 961 2363 καὶ
988 2307 1342 2382 ἆλογώτατος.

1105 2313 1342 2373 miratos.
2018 2301 2294 2371 dixerim,
2330 2301 2717 2360 stultissimus
2730 2347 2743 2361 .

360 2402 484 2462 Τοῖς
515 2407 643 2473 γοῦν
667 2395 905 2453 τοιοῖσδε
923 2397 1098 2472 λόγοις
1118 2398 1250 2452 πολὺ
1289 2398 1380 2473 μὶν
1406 2400 1601 2472 ἔχουσι
1628 2399 1687 2450 τὸ
1730 2397 1906 2471 σοφόν,

2091 2392 2260 2447 Hisce
2281 2391 2461 2463 igitur
2488 2391 2666 2451 valde
2691 2390 2882 2451 doctis
2909 2393 3294 2452 sermonibus
3312 2396 3682 2469 persuaden-

292 2488 403 2562 οὐχ
452 2490 615 2563 ἦττον
657 2486 718 2544 δὲ
746 2491 934 2543 τούτου
965 2493 1055 2542 καὶ
1083 2489 1143 2542 τὸ
1181 2486 1565 2561 ἆναγκαστικὸν
1594 2490 1725 2563 πρὸς
1749 2488 1910 2539 πειθώ

2048 2479 2181 2538 ibus
2201 2498 2371 2555 aeque
2389 2487 2445 2540 et
2464 2481 2544 2539 ad
2565 2499 2881 2542 assensum
2903 2485 3686 2560 compellentibus,conten-

293 2599 351 2633 τε
372 2585 463 2633 καὶ
493 2566 910 2654 συγκατάθεσιν,
936 2580 996 2632 τὸ
1029 2574 1253 2654 σκληρὸν
1284 2586 1376 2640 τῆς
1404 2580 1590 2631 τούτου
1622 2576 1911 2638 ἐνστάσεως

2043 2570 2195 2627 ionis
2225 2588 2351 2628 suae
2379 2570 2659 2630 duritiem
2690 2591 2760 2632 ac
2805 2576 3204 2648 pertinaciam
3240 2592 3372 2634 sero
3400 2578 3503 2634 vix
3528 2577 3681 2634 mol-

296 2674 389 2723 καὶ
426 2659 704 2722 ἆνὲνδοτον
726 2664 1099 2742 καταμαλάξας
1127 2666 1224 2741 ὀψέ
1252 2687 1373 2721 ποτε
1398 2666 1546 2742 μόλις
1577 2665 1731 2719 αὐτὸ)
1757 2684 1910 2738 μετα-

2048 2659 2189 2730 iens,
2220 2660 2576 2733 persuaderi
2607 2660 2724 2720 sibi
2754 2665 3126 2722 contrarium
3148 2664 3398 2723 tandem
3432 2671 3524 2723 est
3552 2682 3686 2739 pas-

290 2759 434 2834 μέλῳ
473 2760 819 2832 χρησάμενον
848 2752 1373 2832 μεταϐουλεύσασθαι
1401 2760 1636 2810 πέπεικεν
1671 2771 1683 2785 ’
1727 2751 1799 2827 ἔφ’
1832 2744 1910 2815 οἷς

2043 2766 2157 2818 ;ΠΒ;
2183 2765 2253 2806 ac
2283 2766 2391 2823 per
2408 2752 2720 2825 propriam
2746 2754 3105 2811 sententiam
3130 2755 3354 2828 scripto
3376 2755 3681 2827 traditam,

286 2850 600 2922 ὁμοφρονεῖν
638 2850 756 2921 ἡμῖν
782 2851 873 2901 καὶ
899 2846 1056 2910 αὐτὸς
1088 2848 1437 2920 συγκατέθετο
1466 2845 1905 2915 τοσοῦτον,ὦστε,

2043 2838 2186 2896 diter
2202 2838 2520 2896 sentientes
2536 2857 2733 2914 neque
2759 2841 3032 2899 Ecclesia:
3053 2842 3392 2901 doctrinam
3415 2844 3681 2916 amplec-

291 2942 394 2997 τήν
426 2937 623 2990 οἰκείαν
686 2941 891 3012 γνώμην
958 2935 1226 3014 ἐγγράφως
1281 2932 1567 3010 ἐκθέμενος,
1620 2933 1908 3007 ἆναθέματι

2040 2933 2205 2984 entes
2221 2928 2591 2987 anathemati
2610 2929 2893 3003 subjecit:
2918 2948 3105 3005 quam
3127 2948 3304 2990 suam
3317 2933 3678 2991 sententiam

295 3024 684 3081 καθυποϐα).εἰ’ν
695 3029 807 3091 τοὺς
819 3026 894 3101 μὴ
914 3025 1049 3081 οὕτω
1068 3034 1393 3102 φρονοῦντας,
1409 3045 1480 3100 μη
1490 3021 1548 3079 δὲ
1562 3026 1907 3085 πιστεύοντας

2039 3034 2077 3075 n
2106 3017 2376 3076 medium
2405 3035 2767 3093 progressus
2795 3021 2979 3095 hujus
3015 3022 3165 3093 regii
3190 3023 3467 3095 sacrique
3500 3038 3677 3096 syne-

297 3117 372 3179 ὡς
398 3122 465 3189 τῇ
498 3113 782 3189 Ἐκκλησία
809 3111 992 3169 δοκεῖ’
1023 3113 1083 3174 ἣν
1107 3111 1166 3169 δξ
1190 3119 1402 3190 γνώμην
1432 3112 1480 3167 ἄν
1509 3117 1652 3189 μέσῳ
1683 3119 1773 3165 τοῦ
1810 3109 1908 3186 βα·

2039 3106 2128 3163 lrii
2151 3111 2315 3165 stans
2340 3108 2500 3180 legit,
2523 3126 2661 3183 quae
2682 3109 2764 3168 ita
2785 3109 2864 3168 ad
2882 3110 3138 3168 litteram
3162 3127 3223 3169 se
3242 3111 3513 3170 habebat
3537 3128 3550 3168 :
3575 3115 3677 3167 As-

291 3205 497 3260 σιλείου
522 3200 682 3259 τοῦδε
710 3209 801 3258 καὶ
833 3207 971 3282 ἱεροῦ
1009 3200 1285 3280 συνεδρίου
1322 3203 1480 3267 αὐτὸς
1510 3201 1734 3263 ἀναστὰς
1762 3203 1903 3255 ὑπα-

2029 3197 2206 3255 sentio
2237 3215 2420 3255 sacrae
2467 3203 2809 3273 sauciaeque
2846 3200 3082 3274 synodo
3122 3201 3185 3258 in
3213 3202 3329 3258 hoc
3360 3201 3667 3274 dogmate,

285 3299 565 3368 νέγνωσεν,
604 3291 735 3348 τὰὸε
771 3298 902 3369 πρὸς
932 3297 1049 3357 ἔπος
1087 3290 1570 3369 ἃιαλαμϐάνουσαν.
1602 3292 1904 3367 Ὀμοφρονῶ

2032 3286 2183 3361 Ῑιλοᾱ
2231 3287 2598 3346 sacriﬁcium
2641 3294 2767 3346 tam
2796 3289 2964 3364 quod
2992 3306 3155 3347 nunc
3185 3289 3450 3361 oﬂ‘ertur,
3482 3307 3670 3366 quam

288 3392 352 3453 τῇ
390 3386 502 3459 ἱερᾷ
529 3388 623 3438 καὶ
654 3383 779 3459 ἁγίᾳ
805 3380 1012 3458 συνόδῳ
1035 3383 1121 3439 ἐπὶ
1144 3392 1217 3458 τῷ
1244 3389 1337 3445 τὴν
1361 3385 1545 3438 θυσίαν
1574 3386 1666 3436 καὶ
1683 3385 1787 3454 ςτὴν
1816 3388 1903 3433 νῦν

2029 3376 2161 3434 llud
2190 3372 2268 3436 ab
2297 3379 2606 3451 unigenito
2635 3381 2780 3437 olim
2806 3381 3121 3439 incarnato
3149 3381 3342 3439 Verbo
3372 3382 3667 3453 oblatum,

290 3478 713 3549 προσαγομένην,
749 3480 840 3528 καὶ
867 3479 985 3529 τότε
1013 3476 1413 3550 προσαχθεῖσαν
1458 3493 1603 3549 παρα
1630 3478 1723 3526 τοῦ
1753 3470 1905 3546 μονο-

2035 3472 2069 3524 et
2098 3470 2241 3525 tunc
2272 3467 2546 3527 oblatum
2571 3469 2749 3528 fuerit
2777 3472 2835 3528 et
2862 3487 3025 3527 nunc
3047 3470 3356 3541 offeratur,
3378 3476 3673 3545 tanquam

288 3572 470 3637 γενοῦς
507 3568 600 3618 καὶ
631 3562 1069 3641 ἀνθρωπήσαντος
1088 3568 1284 3638 Λόγου,
1316 3568 1407 3618 καὶ
1434 3567 1551 3617 τότε
1578 3560 1904 3638 προσαχθεῖ-

2035 3573 2205 3616 mum
2252 3559 2556 3634 idemque.
2601 3563 2666 3618 Et
2701 3561 2807 3634 qui
2848 3561 3095 3619 minime
3143 3561 3228 3618 sic
3276 3565 3500 3631 censet,
3532 3578 3673 3618 eum

292 3674 409 3723 σαν,
448 3660 542 3709 καὶ
578 3663 669 3708 νῦν
708 3654 862 3710 πάλιν
890 3656 1276 3730 προσάγεσθαι,
1308 3656 1376 3718 ὡς
1414 3657 1508 3714 τὴν
1546 3651 1709 3712 αὐτὴν
1741 3646 1903 3705 οὖσαν

2037 3647 2456 3707 ιΠᾶῑῙΙΘΙΠᾶῐὶΖΟ
2490 3668 2506 3718 ;
2550 3653 2607 3707 et
2666 3648 2717 3706 si
2767 3648 2918 3723 quid
2947 3650 3318 3708 contrarium
3347 3650 3675 3725 reperiatur

289 3750 380 3797 καὶ
409 3749 534 3817 μίαν
568 3765 582 3780 σ
614 3749 708 3798 καὶ
734 3752 808 3818 τῷ
837 3746 928 3820 μὶν
959 3747 1093 3798 οὕτω
1123 3751 1395 3821 φρονοῦντι
1429 3740 1660 3818 ἀνάθεμα
1687 3762 1700 3776 ·
1728 3740 1824 3794 κάν
1850 3760 1902 3793 τι

2034 3734 2400 3811 :criptum,id
2425 3739 2649 3812 pariter
2667 3738 3131 3797 anathematizo.
3155 3739 3498 3797 Soterichus
3521 3743 3672 3798 Pan-

296 3838 422 3909 πρὸς
470 3833 770 3911 ἀνατροπὴν
834 3822 1144 3910 εῦρίσκηται
1188 3836 1560 3910 γεγραμμένον,
1620 3829 1903 3905 ἀναθέματι

1033 3853 1144 3893 ora:
1188 3836 1560 3910 γεγραμμένον,
1620 3829 1903 3905 ἀναθεματι
2009 3831 2303 3899 teugenus
2321 3824 2671 3902 subscripsi.

298 3922 696 3997 καθυποϐάλλῳ·
735 3922 796 3978 Ἠ
837 3924 1114 4000 ὑπογραφὴ
1140 3939 1152 3953 ·
1197 3928 1502 3999 Σωτήριχας
1532 3922 1899 3993 Παντεύγενος.

366 4017 567 4068 Τούτων
622 4013 713 4069 οὖν
757 4014 1184 4087 συνενεχθέντων,
1239 4007 1413 4076 ἔδοξεν
1460 4013 1585 4086 ἡμὶν
1625 4006 1740 4066 δέον
1771 4007 1902 4076 εἶναι

2085 4008 2183 4066 His
2207 4006 2289 4067 ita
2305 4006 2889 4082 compositis,visum
2914 4011 3005 4065 est
3026 4006 3206 4065 nobis
3227 4000 3672 4080 dispiciendum

291 4106 351 4158 τό
415 4102 829 4165 κατασκοπῆσαι
891 4102 1069 4156 λοιπὸν
1126 4106 1215 4157 καὶ
1279 4104 1348 4157 τὰ
1405 4105 1524 4177 περὶ
1588 4108 1681 4163 τῆς
1744 4100 1902 4154 αὐτοῦ

2033 4116 2259 4175 [noque
2300 4098 2426 4156 fore
2466 4096 2541 4155 de
2570 4097 2754 4171 hujus
2782 4097 3180 4164 ordinatione,
3217 4111 3438 4170 nempe
3468 4101 3671 4153 utrum

285 4196 725 4263 καταστάσεως.,
797 4190 842 4248 εἰ
909 4190 1013 4270 ἄρα
1089 4195 1199 4270 χρὴ
1274 4196 1457 4247 τοῦτον
1537 4192 1586 4246 ἓν
1668 4192 1898 4266 ίερατικῆ

2035 4192 2316 4265 ιροτῐθιιθῐ
2341 4182 2508 4247 hunc
2534 4187 2820 4263 deinceps
2851 4188 2914 4245 in
2945 4186 3345 4245 ecclesiastico
3367 4190 3525 4244 statu
3546 4203 3673 4245 ma-

286 4285 623 4338 καταστάσει
668 4285 835 4360 μένειν
884 4283 943 4337 τὸ
994 4280 1095 4338 ἀπὸ
1148 4277 1327 4348 τοῦδε,
1382 4284 1481 4336 εἴτε
1535 4276 1626 4336 καὶ
1682 4278 1754 4345 είς
1805 4278 1904 4355 ἆρ-

2034 4298 2179 4353 1ere,
2208 4281 2306 4339 vel
2331 4280 2411 4338 ad
2437 4280 2641 4355 ipsum
2680 4278 3103 4354 pontiﬁcatum
3147 4277 3514 4352 promoveri.
3547 4278 3672 4336 Sta-

292 4378 484 4451 χιερέα
533 4370 875 4448 ¹προϐιϐασθῇ
911 4376 926 4404 ⁸
995 4372 1189 4426 αὐτίκα
1242 4369 1332 4426 οὖν
1394 4373 1419 4425 6
1470 4372 1751 4446 κράτιστος
1813 4373 1905 4423 καὶ

2034 4374 2123 4431 im
2165 4372 2346 4444 igitur
2373 4371 2831 4446 potentissimus
2860 4373 3225 4443 sanctusque
3252 4372 3456 4426 noster
3482 4367 3672 4442 impe-

290 4464 443 4538 ἅγιος
517 4465 665 4538 ἡμῶν
710 4462 980 4538 βασιλεὺς,
1033 4466 1126 4524 τὴν
1172 4465 1292 4541 περὶ
1330 4465 1518 4517 τούτου
1573 4454 1800 4526 ζήτησιν
1828 4465 1900 4535 μὴ

2036 4469 2196 4537 'ator,
2226 4462 2388 4520 hanc
2414 4477 2660 4537 quoque
2689 4461 3086 4535 quaestionem
3109 4459 3361 4517 minime
3392 4472 3529 4516 esse
3558 4457 3674 4515 dif-

288 4553 506 4614 όινήκειν
569 4562 643 4628 τῷ
706 4557 943 4628 μεγίστῳ
1004 4546 1186 4629 κράτει
1246 4548 1407 4610 αὗτοῦ
1463 4551 1702 4624 ἐπειπὼν,
1770 4551 1908 4606 κατὰ

2036 4552 2330 4612 'erendam
2360 4569 2471 4610 sua
2488 4552 2760 4610 maxima
2787 4551 3142 4610 auctoritate
3172 4564 3472 4621 annuens,
3496 4546 3674 4622 quid-

284 4648 351 4700 τὸ
420 4641 614 4699 δοκοῦν
687 4645 813 4719 ἡμῖν
885 4640 1223 4720 ἐνδεχόμενον
1312 4651 1590 4707 κανονικῶς
1660 4644 1728 4698 τὰ
1785 4645 1907 4727 περὶ

2036 4642 2164 4720 [uid
2210 4642 2388 4701 nobis
2435 4642 2723 4700 canonice
2765 4640 2964 4700 facere
3000 4639 3331 4714 placuisset
3359 4637 3674 4696 concessit.

284 4737 485 4791 τούτου
541 4725 788 4810 ἐπέτρεψε
847 4728 1247 4811 διαπράξασθαι
1287 4749 1301 4767 ·
1368 4733 1417 4787 ἓν
1468 4740 1604 4790 πᾶσι
1650 4728 1753 4809 γὰρ
1810 4725 1905 4793 τὴν

2038 4735 2189 4792 )ι.ιῒθ,ῑ
2238 4732 2401 4790 enim
2456 4747 2764 4789 sacrorum
2823 4729 3292 4803 divinorumque
3368 4742 3676 4785 canonum

288 4834 398 4881 τῶν
455 4826 600 4879 θείων
646 4829 736 4878 καὶ
794 4824 941 4900 ἱερῶν
987 4829 1212 4879 κανόνων
1270 4823 1651 4902 ἀκριϐεστάτην
1708 4825 1907 4883 συντή-

2036 4826 2292 4882 nactam
2316 4820 2769 4879 observantiam
2798 4819 2862 4878 in
2881 4818 3109 4878 cunctis
3140 4817 3487 4876 tenendam.
3520 4817 3674 4887 Ergo

289 4934 458 4991 ρησιν
558 4909 876 4970 ἆποδεκτίαν
976 4915 1262 4989 λογίζεται.
1366 4902 1909 4989 ὶυνϐιασκεψαμένοις

2036 4911 2332 4972 :ommuni
2369 4908 2618 4969 consilio
2648 4909 3146 4980 deliberantibus,
3183 4907 3353 4966 omni
3379 4907 3443 4964 in
3466 4909 3674 4979 poste-

292 5005 390 5060 οὖν
438 5005 565 5073 ἡμῖν
622 4998 670 5059 ἓν
721 5011 877 5079 κοινῷ
933 5009 1052 5081 περὶ
1115 5007 1325 5076 τούτου,
1377 4994 1677 5060 ἆπεντεῦθεν
1729 5006 1910 5067 πάσης

2040 5020 2156 5062 ἰιω
2202 5002 2561 5062 sacerdotali
2597 5001 2889 5073 dignitate
2930 4999 3219 5070 indignus
3252 4996 3559 5072 judicatus
3588 4996 3678 5052 est

293 5096 568 5171 ἱερατικῆς
657 5094 812 5162 ἆξιας
912 5093 1116 5161 ἀνάξιος
1187 5099 1426 5170 κέκριται
1508 5096 1536 5150 6
1609 5090 1912 5171 ὓποψὴφιος

2038 5093 2361 5153 Soterichus
2411 5084 2837 5164 Panteugenus
2879 5087 3208 5147 Antiochiae
3262 5086 3363 5144 Dei
3423 5084 3676 5141 civitatis

289 5189 629 5260 ’Δντιοχείας
685 5185 1014 5248 Θεουπόλεως
1080 5178 1381 5264 Σωτήριχος
1439 5188 1465 5241 6
1514 5188 1862 5260 Παντεύγενος
1892 5202 1905 5216 ⁸

2043 5183 2245 5242 ιΙΘοῑιιε
2263 5182 2628 5257 patriarcha.
2648 5184 2795 5240 Cum
2812 5195 2957 5239 vero
2979 5182 3209 5251 septem
3230 5192 3303 5234 ex
3323 5173 3501 5232 nobis
3522 5172 3681 5264 infra

292 5275 433 5332 ἔπτᾶ
496 5281 669 5333 τοίνυν
724 5268 778 5343 ἐξ
842 5277 989 5352 ἡμῶν
1045 5285 1147 5333 τῶν
1212 5261 1490 5356 κατωτέρω
1533 5277 1910 5355 ῥηθησομένῶν

2043 5272 2382 5333 10minandi
2435 5270 2864 5347 postulassent,
2896 5272 2964 5326 ut
3003 5267 3203 5341 primo
3237 5264 3575 5325 accuratius
3605 5261 3681 5320 de

371 5680 629 5743 ³⁸10οτ.
660 5694 704 5754 ι,
740 5681 828 5739 10.
903 5681 1385 5760 ⁸⁸Ἷοειιι.ν,23.
1462 5682 1511 5723 '9
1533 5682 1705 5745 Joan.
1732 5699 1794 5762 κ,
1816 5685 1910 5749 30.
