4148 6426
489 351 583 413 191
1826 338 2086 407 NIClT/E
2115 342 2495 409 CHONIAT/E

3752 346 3873 409 192

478 480 595 537 hac
621 495 683 537 re
714 470 1170 554 dispiceremus,
1211 467 1431 538 deinde
1468 470 1530 535 in
1562 465 1679 532 alia
1704 475 1973 532 sessione
2001 491 2137 533 sen-

2252 477 2611 551 αἰτησαμένων
2655 469 3099 550 κατασκέψασθαι
3143 479 3390 551 πρότερον
3422 478 3540 550 περὶ
3570 477 3755 529 τούτου
3793 479 3872 529 τὸ

479 572 726 627 tentiam
754 571 1013 645 quisque
1046 586 1228 627 suam
1260 570 1611 644 proferrent.

552 749 677 818 Ego
707 749 956 823 quidem
1005 747 1718 821 Constantinopolitanus,
1753 760 1876 801 non
1921 743 2137 801 admit-

481 838 735 894 tendum
764 839 842 897 ad
870 838 1274 896 sacerdotium
1305 838 1399 896 aio
1431 838 1612 899 hunc,
1641 834 1784 908 quia
1808 835 1937 905 jam
1975 834 2140 890 bien-

478 927 583 983 nio
599 943 723 983 non
746 928 903 984 clam
929 943 1123 1001 neque
1144 928 1206 983 in
1228 927 1484 999 angulis,
1510 925 1617 981 sed
1646 922 1959 980 manifeste
1981 929 2141 979 recto

481 1016 753 1087 dogmati
805 1008 1183 1089 contradicit,
1228 1032 1412 1090 seque
1442 1014 1755 1089 publicum
1785 1029 1989 1085 pravas
2037 1013 2140 1069 do-

480 1104 682 1161 ctrinae
713 1106 1010 1162 fautorem
1041 1105 1543 1177 defensoremque
1563 1101 1897 1174 proﬁtetur.

553 1197 674 1265 Ego
696 1195 1271 1268 Hierosolymitanus
1291 1194 1451 1250 idem
1470 1208 1687 1249 censeo
1710 1191 1877 1266 quod
1899 1188 2143 1246 sanctis-

483 1284 675 1339 simus
705 1284 989 1340 dominus
1017 1301 1188 1341 meus
1212 1289 1268 1339 ct
1289 1282 1690 1340 consacerdos
1726 1279 2143 1339 Constantino-

480 1372 784 1446 politanus
812 1374 885 1429 de
916 1374 1029 1429 hoc
1059 1374 1369 1447 proposito
1413 1372 1509 1445 pie
1549 1376 1606 1428 et
1663 1369 1999 1428 secundum
2043 1367 2144 1426 Dei

479 1462 854 1518 voluntatem
878 1463 1100 1519 statuit.

553 1555 670 1623 Ego
702 1552 986 1623 Bulgarus
1017 1554 1113 1609 aio
1135 1553 1259 1610 ﬁeri
1291 1568 1415 1609 non
1436 1568 1618 1625 posse
1655 1556 1717 1608 ut
1742 1551 1838 1607 hic
1870 1548 2145 1606 sacerdo-

479 1640 629 1697 tium
659 1641 911 1698 retinere
955 1642 1206 1709 sinatur,
1238 1640 1382 1714 quia
1413 1646 1649 1697 tantum
1676 1644 1882 1697 contra
1912 1637 2011 1694 Dei
2044 1639 2141 1693 Ec-

479 1728 725 1786 clesiam
773 1730 1132 1786 scandalum
1182 1729 1511 1802 suscitavit,
1554 1736 1611 1785 et
1657 1729 1762 1802 qui
1798 1726 2143 1799 complures

2250 566 2564 643 τελεώτερον,
2606 563 2762 620 καὶέν
2811 567 2956 642 ἑτέρᾳ
3007 565 3303 619 συνελεύσει
3348 569 3405 620 τὸ
3459 561 3647 619 δοκοῦν
3684 565 3875 627 αὐτοῖς

2251 654 2643 729 ἀποφήνασθαι.

2321 744 2454 817 Ἐγὼ
2500 747 2591 818 μὲν
2645 745 2670 797 6
2725 743 3315 807 Κωνσταντινούπολεως
3368 740 3732 817 ἀπαράδεκτον
3783 743 3869 806 εἰς

2251 837 2534 909 ἱερωσύνην
2566 839 2746 888 τοῦτόν
2774 855 2907 909 φημι
2938 831 3087 906 εἶναι,
3127 837 3195 897 ὡς
3240 834 3326 887 ἐπὶ
3358 831 3455 887 δύο
3494 830 3602 892 ἤδη
3629 853 3875 909 χρόνους

2249 923 2309 975 ού
2339 927 2511 998 κρύφα
2541 921 2656 978 οὐδ’
2684 924 2732 977 έν
2770 929 2954 997 γωνίᾳ,
3002 923 3130 977 ἀλλά
3156 932 3380 1000 φανερῶς
3411 925 3549 977 κατά
3577 930 3669 976 τοῦ
3696 924 3873 996 ὀρθοῦ

2249 1034 2288 1066 π
2292 1011 2421 1088 αρῥη
2432 1015 2736 1087 σιαζὸμενον
2759 1010 3042 1088 δόγματος,
3054 1019 3144 1067 καὶ
3163 1018 3451 1089 συνήγορον
3473 1017 3596 1066 ὄντα
3616 1011 3872 1086 λαμπρόν

2154 1156 2157 1165 ,
2251 1110 2342 1163 τῆς
2365 1101 2602 1167 ἀσεϐείας
2622 1108 2713 1156 καὶ
2742 1107 3041 1178 πρόμαχον,

2323 1196 2453 1264 Ἐγὼ
2512 1189 2571 1245 δὲ
2622 1194 2648 1244 6
2692 1192 3059 1267 Ἰεροσολύμων
3131 1192 3267 1246 αύτά
3325 1199 3494 1245 ταῦτα
3550 1196 3641 1244 καὶ
3698 1190 3874 1252 αὐτὸς

2252 1284 2566 1355 γνωματεύω
2620 1282 2749 1356 άπερ
2823 1284 2848 1334 6
2911 1282 3198 1355 ἀγιώτατος
3254 1280 3382 1355 ἐμοῦ
3450 1278 3708 1342 δεσπότης
3769 1285 3875 1333 καὶ

2255 1371 2649 1448 συλλειτουργός
2676 1374 2702 1425 6
2758 1372 3343 1433 Κωνσταντινουπόλεως
3391 1371 3476 1425 ἐπὶ
3523 1379 3585 1443 τῇ
3638 1391 3871 1445 τοιαυτῃ

2253 1462 2497 1515 ὑποθέσει
2528 1464 2813 1537 θεαρέστως
2841 1463 2973 1535 ἄγαν
3003 1466 3093 1514 καὶ
3123 1460 3343 1523 εὐσεϐῶς
3373 1462 3689 1533 ἀπεφήνατο.

2328 1552 2455 1623 Ἐγὼ
2524 1547 2582 1604 δὲ
2638 1553 2664 1603 6
2723 1550 3042 1627 Βουλγαρίας
3098 1550 3227 1623 λέγω
3286 1548 3542 1604 ἀδύνατον
3604 1548 3734 1603 εἶναι
3802 1551 3874 1601 τὸ

2251 1636 2660 1715 παραδεχθῆναι
2734 1648 2912 1694 τοῦτον
2987 1643 3129 1712 ἔχειν
3206 1641 3509 1716 ἱερωσύνην,
3624 1640 3706 1692 ὅτι
3814 1656 3880 1691 τε

2252 1738 2485 1782 τοιοῦτον
2545 1726 2836 1784 σκάνδαλον
2900 1733 3037 1783 κατά
3091 1739 3182 1794 τῆς
3242 1729 3551 1791 Ἐκκλησίας
3607 1726 3873 1802 ἐξήγειρε,

475 1817 615 1875 huic
632 1834 763 1875 esse
793 1819 1052 1876 asseclas
1082 1823 1250 1891 puto,
1269 1819 1695 1892 nescimusque
1718 1822 1919 1873 utrum
1943 1814 2020 1872 ad
2042 1831 2138 1871 ve-

2252 1824 2342 1873 καὶ
2397 1821 2474 1872 ὅτι
2526 1824 2617 1872 καὶ
2668 1816 2911 1896 διάφοροι
2960 1822 3125 1893 τούτῳ
3174 1814 3323 1892 οἶμαι
3370 1817 3876 1887 συνηκολούθησαν,

475 1907 714 1964 ritatem
765 1907 995 1965 sincero
1040 1908 1268 1981 judicio
1298 1909 1593 1964 reversuri
1642 1906 1970 1981 aliquando
2001 1906 2136 1962 sint.

479 1996 654 2062 Quod
670 1997 718 2053 si
733 1996 906 2068 juxta
933 1997 1183 2054 effatum
1216 1998 1614 2068 Dominicum,
1645 1997 1874 2054 homini
1902 1995 2008 2069 qui
2032 1995 2141 2051 mi-

476 2084 714 2141 nimum
731 2085 995 2159 aliquem
1016 2087 1242 2143 Christo
1261 2086 1602 2143 credentem
1622 2084 2137 2149 scandalizaverit,

479 2174 721 2248 expedit
750 2181 815 2232 ut
837 2175 1040 2249 lapide
1083 2176 1336 2233 molario
1361 2176 1423 2233 in
1454 2176 1585 2248 ejus
1614 2175 1836 2233 collum
1867 2173 2142 2231 immisso

479 2263 904 2336 praecipitetur,
930 2269 987 2320 et
1004 2264 1066 2321 in
1093 2264 1278 2321 maris
1302 2264 1774 2339 profunditatem
1798 2263 2140 2336 jaciaturw;

479 2351 585 2424 qui
614 2352 836 2410 multos
866 2354 1024 2410 circa
1052 2353 1283 2425 dogma
1304 2352 1746 2421 scandalizavit,
1771 2357 2016 2425 quantae
2037 2350 2147 2412 erit

482 2454 681 2513 poenae
705 2441 1002 2499 obnoxius
1026 2443 1053 2499 ?
1074 2444 1322 2516 Insuper
1350 2458 1422 2499 ex
1448 2441 1698 2499 diversis
1719 2440 1935 2498 divinis
1967 2455 2146 2498 cano-

482 2527 663 2586 nibus
689 2531 830 2588 satis
860 2533 1267 2603 cognoscitur,
1296 2532 1460 2589 hunc
1491 2531 1571 2589 ad
1598 2529 2001 2589 sacerdotium
2026 2529 2142 2586 mi-

480 2618 644 2677 nime
669 2620 902 2679 admitti
922 2638 1120 2695 posse,
1146 2622 1270 2679 imo
1300 2620 1761 2695 deponendum.

551 2800 672 2873 Ego
698 2816 943 2875 quoque
983 2801 1235 2876 Cyprius
1259 2801 1378 2872 aio,
1419 2816 1517 2857 me
1546 2803 1755 2873 utpote
1785 2801 2139 2856 extraneum

485 2892 661 2947 antea
685 2891 935 2963 quidem
957 2906 1080 2947 non
1105 2891 1253 2948 satis
1276 2891 1628 2961 cognovisse
1645 2905 1797 2963 quas
1827 2888 1935 2946 iste
1956 2888 2142 2945 vomit

476 2978 891 3052 blasphemias
913 2981 1206 3038 adversus
1224 2986 1455 3037 rectum
1478 2980 1751 3036 Ecclesiae
1764 2977 2141 3050 dogma.Sed

474 3068 638 3126 enim
694 3085 767 3126 ex
817 3069 912 3126 his
955 3085 1092 3143 qua;
1134 3069 1317 3126 hodie
1365 3071 1567 3143 ipsum
1605 3068 1811 3126 audivi
1842 3068 2140 3125 dicentem

2252 1914 2341 1962 καὶ
2389 1908 2669 1983 ἀγνοοῦμεν
2718 1909 2762 1963 εἰ
2816 1913 2949 1983 πρὸς
3005 1908 3247 1968 ἀλήθειαν
3300 1911 3429 1982 μετὰ
3478 1908 3634 1984 ὀρθοῦ
3673 1911 3877 1983 φρονή-

2251 2018 2411 2072 ματος
2466 2004 2557 2052 καὶ
2606 2003 2721 2052 τότε
2784 2002 3267 2075 ἑπιστραφῆσονται
3300 2019 3314 2033 ·
3378 2002 3467 2051 καὶ
3533 2000 3672 2072 εἴπερ
3725 1999 3881 2050 κατὰ

2250 2109 2319 2142 τα
2366 2092 2608 2162 Κυριακά
2648 2088 2802 2161 λόγια
2846 2098 2918 2160 τῷ
2962 2090 3049 2142 ἕνα
3094 2091 3214 2142 τινὰ
3252 2096 3352 2141 τῶν
3392 2095 3591 2163 μικρῶν
3624 2082 3875 2140 σκανδα-

2252 2178 2461 2231 λίσαντι
2498 2199 2598 2232 των
2644 2181 2990 2232 πιστευόντων
3045 2178 3112 2239 εἰς
3172 2181 3259 2231 τὸν
3311 2180 3546 2251 Χριστόν
3596 2179 3873 2252 συμφέρον

2255 2266 2395 2321 ἐστὶν
2435 2271 2517 2321 ἵνα
2580 2266 2726 2331 λίθος
2781 2266 3068 2341 μυλωνικός
3124 2267 3195 2331 εἰς
3250 2269 3338 2320 τόν
3390 2265 3658 2342 τράχηλον
3697 2264 3875 2318 αὐτοῦ

2254 2358 2548 2431 κρεμασθῇ,
2620 2362 2711 2411 καὶ
2767 2357 2839 2420 εἰς
2907 2355 3071 2430 βυθόν
3133 2355 3405 2419 θαλάσσης
3486 2354 3772 2431 ἀπορῥιφῇ,
3839 2355 3875 2407 ὁ

2253 2446 2470 2509 πολλοὺς
2527 2443 2887 2509 σκανδαλίσας
2933 2445 3018 2500 έπὶ
3075 2453 3148 2512 τῷ
3197 2442 3450 2520 δόγματι,
3510 2445 3667 2517 ὁποίᾳ
3713 2446 3875 2496 ἔσται

2252 2541 2483 2613 τιμωρίᾳ
2546 2533 2797 2597 ὑπόδικος
2846 2553 2861 2604 ;
2902 2536 3061 2590 Ἀλλὰ
3120 2541 3211 2589 καὶ
3272 2534 3329 2588 ἐκ
3390 2532 3654 2609 διαφόρων
3713 2534 3871 2586 θείων

2252 2631 2476 2680 κανόνων
2498 2630 2556 2679 τό
2583 2623 2948 2703 ἀπαράδεκτον
2977 2629 3109 2698 πρός
3141 2625 3424 2701 ἱερωσύνην
3450 2628 3540 2678 καὶ
3564 2624 3871 2698 καθῃρημέ-

2251 2737 2336 2771 νον
2360 2724 2542 2770 τοῡτον
2573 2712 2703 2769 εἶναί
2728 2711 3159 2789 διαγινώσκεται.

2325 2806 2482 2863 Ἀλλὰ
2527 2805 2670 2878 κάγὼ
2730 2807 2756 2859 ό
2832 2809 3045 2882 Κύπρου
3111 2808 3265 2859 τοῦτό
3322 2824 3482 2879 φημι,
3530 2807 3599 2866 ὡς
3649 2805 3718 2857 τὰ

2252 2897 2382 2951 ἄλλα
2419 2904 2510 2950 τοῦ
2558 2892 2750 2972 ἀνδρὸς
2804 2892 3083 2970 ἀπόδημος
3121 2896 3210 2964 ὢν,
3251 2898 3311 2948 τό
3354 2899 3602 2971 πρότερον
3632 2893 3691 2946 ού
3735 2896 3861 2946 σύν-

2252 2982 2378 3040 οιδα
2443 2984 2672 3059 ἀκριϐῶς
2716 2987 2818 3039 ὅσα
2872 2990 2962 3039 καὶ
3022 2984 3414 3058 βλασφημῆσαι
3464 2983 3667 3057 λέγεται
3726 2984 3868 3037 κατά

2251 3082 2344 3128 τοῦ
2410 3075 2567 3151 ὀρθοῦ
2633 3072 2893 3148 δόγματος
2953 3083 3046 3136 τῆς
3104 3073 3466 3137 Ἐκκλησίας·
3529 3070 3614 3146 ἀφ’
3666 3073 3735 3124 ὧν
3804 3069 3867 3125 δὲ

476 3159 615 3214 ante
646 3157 880 3228 regium
911 3161 967 3215 et
995 3157 1470 3215 ecclesiasticum
1500 3156 1806 3223 thronum,
1835 3172 1958 3213 non
1989 3170 2138 3229 pon-

2255 3168 2481 3241 σὴμερον
2508 3163 2719 3218 ἐνώπιον
2750 3172 2842 3217 τοῦ
2884 3162 3166 3237 βασιλικου
3201 3168 3292 3217 καὶ
3325 3165 3585 3235 ἱερατικου
3618 3160 3868 3235 βήματος

478 3245 728 3303 tiﬁcatui
759 3248 1183 3305 tantummodo
1200 3263 1340 3305 cum
1355 3263 1602 3321 prorsus
1627 3248 1898 3321 ineptum
1907 3246 2138 3319 judico,

477 3349 693 3392 verum
719 3335 900 3393 etiam
936 3335 1234 3394 diaconali
1264 3337 1477 3408 gradu,
1506 3352 1689 3410 quem
1730 3336 2023 3393 hactenus
2056 3337 2142 3390 te-

479 3423 685 3482 nuisse
712 3425 963 3498 videtur,
1004 3426 1343 3498 indignum,
1370 3427 1455 3484 ita
1483 3432 1549 3484 ut
1573 3441 1648 3485 ex
1680 3426 1796 3483 hoc
1826 3423 2008 3482 etiam
2039 3422 2141 3495 eji-

484 3514 734 3572 ciendus
771 3515 1072 3575 videatur.

554 3606 677 3675 Ego
708 3605 1085 3662 Caesariensis
1114 3604 1297 3677 hunc,
1329 3610 1537 3681 utpote
1563 3620 1725 3678 sepe
1768 3601 2143 3661 orthodoxias

487 3692 898 3761 adversatum,
923 3694 1001 3753 ad
1032 3695 1435 3754 sacerdotium
1463 3711 1590 3754 non
1620 3694 1892 3752 admitto.

554 3786 678 3856 Ego
710 3784 1044 3843 Corinthius
1067 3785 1271 3855 iudico
1288 3784 1453 3844 hunc
1494 3785 1665 3842 omni
1691 3781 2025 3842 sacerdotio
2051 3783 2146 3840 in-

480 3873 754 3947 dignum,
785 3879 993 3949 utpote
1033 3875 1434 3947 irreligiosum
1465 3879 1524 3932 et
1561 3874 1972 3948 blasphemias
2018 3888 2145 3931 non

484 3964 681 4023 solum
712 3969 911 4022 mente
939 3958 1509 4035 foventem,verum
1548 3966 1728 4023 etiam
1769 3965 2142 4040 loquentem.

485 4052 776 4120 Quamvis
815 4051 977 4112 enim
1017 4053 1134 4111 illis
1182 4069 1345 4112 nunc
1375 4055 1702 4112 anathema
1729 4054 1898 4125 dixit,
1930 4053 2147 4111 nihilo-

482 4142 686 4200 minus
708 4143 1043 4201 sacerdotio
1060 4148 1117 4201 et
1136 4143 1295 4201 clero
1311 4143 1648 4201 excluditur
1660 4145 1834 4216 juxta
1848 4158 2147 4216 magnum

480 4231 876 4289 Athanasium
901 4231 1373 4290 Alexandrinum
1395 4233 1458 4290 in
1481 4232 1745 4306 Epistola
1773 4232 1854 4290 ad
1882 4231 2147 4289 Ruﬁnia-

482 4335 633 4377 num
670 4320 1046 4395 episcopum,
1073 4320 1366 4396 juxtaque
1396 4322 1548 4380 alios
1586 4321 1824 4379 divinos
1853 4335 2145 4379 canones.

486 4413 650 4469 Certe
678 4412 971 4485 synodica
1001 4413 1151 4471 sexti
1174 4411 1411 4470 concilii
1435 4411 1707 4469 deﬁnitio
1736 4410 1818 4469 ita
1837 4410 2060 4485 partim
2082 4425 2146 4466 se

479 4501 668 4559 habet
695 4518 716 4558 .·
746 4524 776 4555 ‹
808 4502 904 4560 His
941 4503 1145 4576 itaque
1170 4518 1309 4559 cum
1348 4502 1517 4559 omni
1540 4501 1851 4572 diligentia
1874 4516 2141 4574 curaque

487 4592 709 4649 eximia
767 4607 805 4650 a
849 4591 1029 4650 nobis
1070 4592 1431 4661 constitutis,
1466 4591 1790 4649 deﬁnimus
1819 4590 2051 4647 nemini
2078 4589 2147 4647 1i-

488 4697 619 4739 cere
669 4681 852 4739 aliam
900 4681 1087 4739 ﬁdem
1134 4681 1403 4755 proferre
1447 4698 1554 4739 seu
1606 4680 2005 4750 conscribere,
2055 4679 2147 4738 vel

488 4786 875 4845 componere,
906 4786 1109 4845 neque
1147 4769 1312 4828 aliud
1340 4770 1690 4845 symbolum
1713 4785 2012 4844 exponere
2045 4774 2149 4828 aut

486 4859 705 4919 docere
728 4861 825 4919 vel
848 4860 1103 4918 tradere.
1133 4882 1160 4911 ››
1194 4862 1263 4917 Et
1289 4860 1500 4934 paucis
1526 4860 1887 4934 interpositis
1919 4877 1933 4918 :
1988 4881 2011 4912 ε
2046 4859 2147 4917 Vel

486 4964 717 5008 novum
762 4949 1051 5023 loquendi
1078 4965 1292 5022 genus,
1325 4966 1429 5006 seu
1456 4949 1896 5009 vocabulorum
1936 4950 2145 5008 inven-

488 5038 714 5096 tionem
758 5037 1062 5107 invehere,
1109 5038 1186 5095 ad
1213 5038 1571 5110 dogmatum
1594 5055 1731 5114 quae
1757 5039 2145 5098 deﬁnivimus

491 5126 964 5184 subversionem.
1021 5126 1195 5193 Quod
1246 5127 1297 5183 si
1342 5126 1405 5184 id
1450 5127 1674 5186 faciant
1721 5128 1988 5203 episcopi
2043 5131 2148 5187 aut

488 5214 706 5285 clerici,
749 5214 1105 5287 episcopatu
1151 5220 1210 5273 et
1252 5216 1533 5276 clericatu
1572 5224 1836 5279 extorres
1872 5219 2024 5278 ﬁant
2054 5238 2070 5291 ς
2097 5218 2146 5276 si

569 5630 617 5666 ιο
640 5629 839 5690 Matth.
862 5633 1017 5707 XVlil,
1037 5636 1090 5692 6.

2249 3250 2408 3307 τουδε
2464 3253 2809 3328 ἠκροασάμην
2879 3252 3117 3326 λέγοντος
3178 3255 3387 3323 τούτου,
3455 3252 3515 3305 ού
3570 3255 3722 3324 μόνον
3792 3250 3869 3314 εἰς

2253 3339 2653 3418 ἀρχιερωσύνην
2684 3338 3044 3419 ἀπαράδεκτον
3090 3340 3221 3394 εἶναι
3266 3341 3599 3395 παντάπασιν
3629 3337 3866 3412 ἀποφαί-

2251 3452 2407 3506 νομαι
2432 3432 2610 3502 αὐτὸν,
2643 3430 2771 3487 ἀλλά
2815 3438 2906 3486 καὶ
2949 3432 3109 3485 αὐτου
3134 3451 3227 3485 του
3274 3427 3522 3485 διακόνου
3564 3427 3777 3503 βαθμου
3810 3428 3868 3482 ὃν

2254 3517 2290 3574 δ
2293 3528 2403 3574 οκεῖ
2429 3525 2555 3585 τέως
2587 3524 2749 3594 ἔχειν,
2767 3520 2975 3586 ἀνάξιος
2994 3522 3162 3580 πάντη
3188 3521 3531 3586 καθέστηκεν,
3558 3521 3627 3580 ὡς
3653 3517 3866 3594 ἀφαιρε-

2253 3615 2369 3665 τέου
2398 3616 2489 3666 καὶ
2514 3615 2701 3665 τούτου
2727 3613 3078 3685 τυγχάνοντος
3099 3609 3152 3673 ἐξ
3180 3608 3360 3663 αὐτου.

2328 3706 2457 3773 Ἐγὼ
2480 3698 2515 3754 δ
2518 3705 2541 3755 ‘e
2557 3703 2581 3754 6
2598 3705 2916 3775 Καισαρείας
2938 3702 3004 3761 ὡς
3022 3698 3272 3761 πολλάκις
3291 3699 3428 3752 κατά
3442 3706 3532 3759 τῆς
3553 3693 3871 3775 ὀρθοδοξίας

2256 3789 2408 3844 αὐτὸν
2439 3789 2690 3845 ἒνστάντα
2728 3790 2796 3850 εἰς
2837 3790 3118 3866 ἱερωσύνην
3144 3787 3204 3842 οὐ
3223 3784 3625 3862 παραδέχομαι.

2325 3878 2456 3954 Ἐγὼ
2514 3874 2574 3933 δὲ
2620 3881 2646 3932 6
2703 3881 2958 3955 Κορίνθου
2997 3883 3156 3955 κρίνω
3204 3897 3386 3932 τουτον
3414 3879 3590 3939 πάσης
3630 3878 3867 3951 ἱερωσύ-

2253 3989 2343 4033 νης
2373 3968 2600 4040 ἀνάξιον,
2650 3972 2715 4032 ὡς
2757 3968 2917 4028 ἀσεϐῆ
2968 3988 3024 4023 τε
3055 3972 3148 4022 καὶ
3184 3966 3479 4042 βλάσφημα
3530 3971 3876 4041 φρονήσαντα

2254 4066 2346 4115 καὶ
2381 4059 2681 4120 λαλήσαντα
2737 4073 2753 4091 ⁸
2808 4059 2853 4113 εἰ
2902 4062 3004 4136 γὰρ
3055 4062 3146 4112 καὶ
3195 4057 3480 4131 ἀναθέματι
3517 4077 3605 4109 νυν
3661 4057 3872 4110 καθυπ-

2256 4148 2453 4221 έϐαλεν,
2508 4148 2639 4203 ἀλλὰ
2690 4155 2787 4210 τῆς
2848 4151 3134 4224 ἱερωσύνης
3179 4152 3271 4201 καὶ
3323 4167 3412 4202 του
3465 4145 3659 4222 κλήρου
3714 4145 3871 4199 ἐκϐέ-

2257 4237 2464 4311 ϐληται,
2524 4239 2662 4290 κατὰ
2708 4241 2796 4290 τὸν
2868 4235 3258 4313 Ἀλεξανδρείας
3322 4241 3483 4312 μέγαν
3551 4236 3869 4290 Ἀθανάσιον

2256 4327 2387 4401 πρός
2457 4324 2805 4400 Ῥουφινιανόν
2884 4326 3170 4381 ἐπίσκοπον
3230 4326 3531 4403 γράψαντα,
3590 4331 3680 4379 καὶ
3746 4323 3871 4378 καθ’

2258 4416 2463 4491 ἐτέρους
2528 4418 2695 4481 θείους
2755 4420 2974 4481 κανόνας
3021 4432 3035 4446 ·
3094 4418 3120 4471 ὁ
3162 4421 3252 4491 μέν
3299 4436 3381 4470 τοι
3436 4412 3715 4478 συνοδικός
3745 4418 3870 4490 ὄρος

2258 4513 2353 4568 τῆς
2400 4506 2555 4580 ἁγίας
2595 4507 2746 4570 ἕκτης
2806 4504 3032 4562 συνόδου
3073 4508 3229 4568 οὕτως
3286 4505 3334 4559 ἓν
3388 4509 3531 4580 μέρει
3592 4502 3815 4561 διέξεισι
3848 4521 3864 4535 '

2256 4618 2287 4650 «
2351 4599 2558 4651 Τούτων
2632 4603 2804 4651 τοίνυν
2879 4599 3009 4671 μετ-ἀ
3079 4598 3258 4659 πάσης
3325 4594 3594 4671 ἀκριϐείας
3655 4614 3709 4647 τε
3769 4597 3865 4647 καὶ

2198 4754 2203 4757 ι
2257 4684 2529 4761 ἐμμελείας
2598 4689 2932 4763 πανταχόθεν
3006 4687 3129 4762 παρ’
3202 4689 3349 4760 ἡμῶν
3404 4682 3861 4753 διατυπὼθέντων,

2256 4778 2497 4852 ὁρίζομεν
2558 4775 2733 4853 ἑτέραν
2811 4782 2992 4831 πίστιν
3070 4773 3260 4851 μηδενὶ
3314 4776 3499 4840 εξεῖναι
3560 4776 3857 4849 προφέρειν,

2255 4867 2418 4940 ἤγουν
2485 4868 2805 4942 συγγράφειν
2870 4866 2900 4927 ἦ
2971 4868 3266 4920 συντιθέναι
3323 4869 3503 4919 πίστιν
3565 4865 3761 4939 ἑτέραν,
3827 4865 3857 4922 ἦ

2254 4959 2594 5033 προκομίζειν
2639 4956 2669 5016 ἦ
2722 4952 3000 5009 διδάσκειν
3039 4956 3070 5016 ἣ
3126 4951 3486 5033 παραδιδόναι
3522 4955 3687 5030 ἕτερον
3721 4955 3863 5026 σύμ·-

2256 5045 2424 5102 6ολον.
2461 5068 2487 5096 ι
2523 5049 2626 5100 Καὶ
2675 5048 2803 5120 μετά
2852 5064 2971 5101 τινα
3001 5065 3015 5079 ο
3065 5063 3099 5099 δ
3145 5044 3213 5100 Ἠ
3253 5049 3590 5119 καινοφωνίαν
3633 5046 3753 5105 ἤτοι
3780 5041 3863 5096 λέ-

2256 5135 2378 5200 ξεων
2435 5134 2698 5211 έφεύρεσιν
2771 5138 2898 5210 πρὸς
2962 5134 3258 5212 ἀνατροπὴν
3324 5135 3551 5208 εἰσάγειν
3606 5142 3708 5187 τῶν
3771 5153 3864 5186 νυν

2254 5230 2377 5302 παρ’
2433 5226 2580 5299 ἡμῶν
2648 5221 3037 5301 διορισθέντων,
3089 5225 3404 5288 ἐπισκόπους
3457 5228 3548 5300 μὲν
3616 5228 3764 5286 ὄντας
3830 5224 3862 5284 ἣ

2255 5315 2555 5394 κληρικοὺς,
2600 5314 2901 5394 ἀλλοτρίους
2959 5316 3090 5372 εἶναι
3136 5325 3228 5380 τῆς
3286 5315 3575 5378 ἐπισκοπῆς
3634 5320 3725 5369 καὶ
3771 5332 3868 5368 του
