4148 6382
244 265 342 318 193

1564 260 1922 321 THESAURI
1962 265 2091 322 LIB.
2130 267 2313 324 XXIV.

3521 284 3625 337 194

229 385 432 460 κλήρου
460 401 475 415 '
544 382 874 458 μονάζοντας
942 380 1003 437 δὲ
1059 383 1089 443 ἦ
1155 380 1391 454 Minas:
1424 428 1440 456 ν
1483 382 1846 459 ἀναθεματίζε’

1965 392 2252 448 monachi
2275 397 2379 449 aut
2407 393 2563 466 laici,
2587 394 2975 455 anathemate
3000 399 3309 457 feriantur.
3337 422 3366 452 ››
3398 402 3626 460 Canoni

235 478 389 531 σθαι.
421 496 450 526 ν
480 476 660 546 Τούτῳ
694 475 1118 546 συμφθέγγονται
1160 478 1252 525 καὶ
1293 474 1319 526 ὁ
1348 481 1442 535 τῆς
1463 472 1511 526 ἐν
1552 479 1750 549 Νικαίᾳ
1796 479 1854 529 τό

238 562 483 642 δεύτερον
535 562 688 636 ἁγίας
747 558 980 615 συνόδου
1038 565 1172 635 ὅρος,
1214 568 1305 616 καὶ
1334 564 1502 640 ἔτερος
1534 567 1727 639 θεσμός
1755 573 1855 618 τῶν

240 655 406 729 ἁγίων
432 658 524 707 καὶ
553 655 808 725 θεοφόρων
836 656 1101 725 Πατέρων.

314 745 450 817 Ἐγὼ
479 739 540 796 δε
566 743 592 794 ό
617 742 849 799 ’Δθηνῶν
881 740 980 813 ὀψέ
1017 760 1150 814 φημι
1201 746 1291 794 καὶ
1319 741 1467 815 μόλις
1495 746 1858 817 μεταμαθόντα

239 834 399 887 αὐτὸν
454 836 548 892 τήν
615 828 858 884 ἀσέϐειαν
888 873 909 896 ,
982 835 1071 883 καὶ
1137 838 1337 883 ταῦτα
1370 830 1670 905 ύποψὴφιον
1732 837 1856 888 ὄντα

236 924 603 999 πατριάρχην,
630 919 697 981 εἰς
738 921 1026 995 ἱερωσύνην
1054 919 1147 971 οὐκ
1169 920 1232 971 οἶν
1288 939 1413 973 ποτε
1439 917 1845 996 παραδέξωμαι·

237 1011 373 1065 ἀλλὰ
435 1012 530 1064 κοῖν
603 1028 732 1070 τινες
796 1005 1200 1084 παραδέξωνται
1234 1052 1247 1077 ,
1313 1008 1494 1062 ἑαυτὸν
1561 1008 1615 1074 ἐξ
1686 1012 1854 1066 αὐτῶν

234 1099 634 1177 ἀπορρήγνυμι.

306 1192 442 1262 Ἐγὼ
461 1186 561 1243 δεό
584 1193 887 1263 Λαρίσσης,
916 1196 988 1261 τῷ
1011 1188 1243 1247 ’Δθηνῶν
1268 1186 1315 1250 ές
1332 1190 1400 1242 τὰ
1424 1193 1600 1243 λοιπὸν
1623 1209 1855 1266 συμφρο-

222 1289 345 1347 νῶν,
373 1278 478 1332 ἀπὸ
518 1285 612 1340 τῆς
634 1285 729 1330 τοῦ
760 1277 989 1350 μεγάλου
1028 1276 1217 1351 μᾶλλον
1245 1277 1560 1331 ’Δθανασίου
1580 1277 1855 1343 ἐπιστολῆς

223 1368 581 1444 ἁποκηρύττω
645 1373 831 1420 τοῦτον
891 1374 985 1420 τοῦ
1035 1369 1297 1443 ἱερατικοῦ
1362 1371 1555 1430 παντὸς
1617 1367 1855 1442 ἀξιώμα-

226 1478 340 1522 τος.

300 1546 437 1624 Ἐγὼ
497 1542 558 1599 δι
594 1546 620 1597 ὀ
652 1541 1141 1620 ’Λδριανουπόλεως
1191 1553 1347 1599 τοῦτο
1411 1545 1544 1619 λέγω
1570 1591 1585 1618 ,
1621 1547 1735 1617 ὅτι,
1767 1546 1853 1601 ἑὰν

225 1637 336 1691 ἀπό
368 1644 471 1688 τῶν
520 1637 672 1689 θείων
706 1639 797 1688 καὶ
837 1632 1115 1710 ἁχράντων
1169 1634 1550 1708 εύαγγελιστῶν
1583 1678 1598 1704 ,
1629 1641 1720 1689 καὶ
1750 1646 1851 1690 τῶν

1963 478 2105 537 huic
2147 497 2417 540 consona
2461 485 2745 542 secundae
2801 503 3049 560 quoque
3102 490 3353 546 Nicaeum
3403 493 3623 564 synodi

1964 570 2256 640 deﬁnitio,
2280 576 2462 645 atque
2487 573 2617 631 alite
2635 575 2816 632 etiam
2844 582 3195 636 sanctorum
3234 586 3415 654 atque
3440 597 3477 638 a
3500 584 3623 640 Deo

1964 658 2304 717 aﬂlatorum
2323 664 2564 720 Patrum
2586 665 2989 723 auctoritates.

2037 752 2159 821 Ego
2184 750 2567 808 Atheniensis
2596 752 2759 810 hunc
2784 754 2885 810 vix
2913 771 3169 831 seroque
3199 773 3236 814 a
3264 774 3376 816 sua
3412 759 3621 833 impie-

1963 842 2083 896 tate
2119 839 2522 913 recedentem,
2568 846 2626 898 et
2675 843 2924 915 quidem
2973 860 3114 901 cum
3151 846 3282 917 jam
3332 853 3489 904 esset
3517 864 3622 921 pa-

1963 928 2223 985 triarcha
2253 929 2494 999 electus,
2522 930 2601 987 ad
2631 932 3037 989 sacerdotium
3059 949 3376 1009 nunquam
3408 936 3623 993 admit-

1962 1022 2111 1075 tam.
2162 1018 2315 1086 Quin
2363 1019 2410 1076 si
2461 1020 2568 1093 qui
2624 1037 2765 1079 eum
2822 1022 3197 1089 admiserint,
3251 1040 3348 1081 me
3394 1026 3475 1084 ab
3525 1026 3622 1087 his

1963 1122 2234 1179 segrego.

2034 1201 2155 1269 Ego
2240 1197 2564 1255 Larissteus
2643 1215 2784 1256 cum
2877 1202 3227 1261 Atheniensi
3298 1205 3622 1277 caateroqui

1962 1287 2367 1357 consentiens,
2424 1287 2607 1345 fretus
2656 1290 2865 1361 magni
2928 1292 3259 1364 praesertim
3307 1293 3621 1350 Athanasii

1962 1375 2254 1449 epistola,
2324 1376 2467 1433 huic
2529 1376 2763 1435 homini
2834 1393 3081 1437 omnem
3148 1379 3617 1439 ecclesiasticam

1960 1465 2315 1536 dignitatem
2346 1466 2652 1538 abjudico.

2031 1557 2155 1627 Ego
2184 1555 2757 1630 Adrianopolitanus
2811 1558 2927 1626 aio,
2958 1558 3125 1632 quod
3173 1560 3225 1616 si
3262 1559 3617 1632 jubentibus

1959 1641 2115 1701 divis
2176 1645 2659 1720 incorruptisque
2730 1647 3136 1719 evangelistis,
3192 1648 3501 1723 sacrisque
3562 1652 3621 1706 et

229 1729 379 1801 ἱερῶν
408 1729 495 1778 xci.
541 1726 689 1778 θείων
739 1727 968 1777 κανόνων
1000 1767 1017 1793 ,
1044 1724 1103 1776 ού
1144 1720 1369 1778 δύναται
1419 1732 1511 1787 τῆς
1569 1728 1846 1799 ἱερωσύνης

1962 1734 2114 1792 divis
2161 1734 2523 1801 canonibus,
2552 1736 2718 1793 haud
2755 1736 2891 1793 licet
2938 1737 3345 1795 sacerdotium
3376 1720 3622 1811 assequi

232 1814 564 1888 (τυγχάνειν)
623 1813 722 1865 κᾶν
788 1811 932 1876 ἅπαξ
1004 1810 1228 1886 ἐλεγχθῇ
1298 1813 1534 1877 ἑαλωκὼς
1600 1813 1685 1868 ἐπί
1747 1836 1851 1869 τινι

231 1903 758 1980 ἁμαρτήματι,οἶοις
814 1898 884 1961 δὴ
940 1906 1317 1977 περιπίπτομεν
1375 1901 1640 1979 ἂνθρωποι
1686 1906 1845 1975 ὄντες,

230 2000 325 2047 καὶ
371 1996 460 2046 τόν
519 1991 683 2051 πηλόν
746 1998 931 2044 τοῦτον
995 1996 1082 2043 καὶ
1145 1994 1396 2065 σαρκικὸν
1453 1998 1797 2067 περικείμενοι
1830 2036 1844 2062 ,

220 2092 341 2146 πῶς
385 2084 506 2136 ἐστι
545 2077 769 2135 δυνατὸν
821 2079 896 2143 εἰς
945 2081 1227 2155 ἱερωσύνην
1282 2079 1705 2157 προϐιϐασθῆνσι
1757 2085 1847 2134 τόν

220 2172 532 2244 ύποψηφιον
584 2170 955 2242 ’Δντιοχείας,
986 2170 1256 2243 ἄνθρωπον
1314 2171 1442 2243 ὑπὲρ
1480 2172 1545 2223 τὰ
1595 2170 1847 2233 ἐξήκοντα

226 2265 313 2320 ἔτη
370 2264 642 2332 γενόμενον
678 2303 693 2328 ,
728 2255 986 2311 δοκοῦντά
1022 2277 1076 2310 τε
1131 2258 1308 2329 λόγοις
1366 2266 1548 2331 σοφοῖς
1581 2257 1845 2313 ἐνευδοκι-

224 2358 362 2424 μεῖν,
416 2354 511 2402 καὶ
585 2348 659 2410 εἰς
716 2350 1107 2422 πατριαρχικόν
1171 2347 1349 2421 θρόνον
1408 2346 1840 2422 προϐεϐλημένον,

227 2445 319 2493 καὶ
363 2447 453 2491 νῦν
480 2440 651 2511 φάντα
688 2436 749 2489 ού
797 2439 952 2509 μόνον
1000 2435 1183 2508 λόγους
1226 2444 1322 2497 τῆς
1374 2433 1659 2510 ὀρθοδόξου
1692 2435 1841 2491 ἂλλο-

227 2530 541 2604 τριύφρονας
564 2532 829 2593 πίστεως,
872 2523 1001 2578 ἄλλα
1054 2530 1145 2577 καὶ
1199 2524 1354 2597 λόγον
1403 2525 1842 2601 συγγραψάμενον

228 2618 401 2692 πλήρη
469 2615 823 2691 βλασφημιῶν
886 2618 977 2667 καὶ
1039 2613 1350 2687 ἁποφημιῶν
1391 2610 1664 2667 δυσσεϐῶν
1696 2659 1711 2686 ,
1752 2620 1842 2669 καὶ

224 2707 378 2781 μόλις
413 2710 543 2760 ποτε
581 2705 994 2779 μεταπεισθέντα
1042 2708 1132 2757 καὶ
1179 2706 1546 2778 μεταμαθόντα
1601 2708 1658 2757 τό
1699 2704 1841 2758 εύσε-

223 2797 315 2860 ϐἑς
335 2803 432 2850 καὶ
466 2799 528 2848 τό
581 2790 861 2870 ὀρθόδοξον
892 2811 906 2862 ;
940 2795 1036 2846 Διά
1084 2800 1239 2846 τοῦτο
1294 2797 1467 2846 τοίνυν
1521 2790 1646 2847 οὐδὲ
1691 2794 1845 2855 αὐτὸς

226 2887 380 2950 ἄξιον
404 2887 684 2958 ἱερωσύνης
702 2887 788 2937 τόν
817 2890 1053 2936 τοιοῦτον
1072 2881 1375 2956 λογίζομαι.

315 2989 423 3038 Καὶ
488 2983 562 3045 εἰς
626 2981 922 3042 ἀνασκοπην
992 2981 1313 3043 συνελθόντες
1382 2982 1430 3035 οἱ
1496 2981 1688 3035 αὐτίκα
1750 2986 1846 3041 τὴν

1958 1824 2191 1881 homini
2218 1824 2302 1880 illi
2336 1824 2443 1897 qui
2471 1824 2568 1882 vel
2594 1826 2783 1882 semel
2830 1826 3086 1898 alicujus
3116 1827 3350 1900 peccati
3376 1828 3619 1884 convic-

1956 1918 2054 1971 tus
2070 1913 2265 1985 fuerit,
2279 1915 2623 1985 cujusmodi
2647 1916 2932 1972 accidunt
2957 1916 3310 1973 hominibus
3339 1917 3455 1973 hoc
3472 1917 3620 1974 limo

1956 2009 2015 2060 et
2065 2019 2247 2061 carne
2285 2004 2694 2075 circumdatis,
2725 2008 2828 2078 qui
2870 2004 3045 2062 liceat
3076 2005 3154 2061 ad
3209 2006 3621 2063 sacerdotium

1954 2094 2289 2167 provehere
2336 2093 2498 2150 hunc
2523 2093 2779 2150 electum
2808 2094 3269 2161 Antiochenum,
3302 2095 3617 2153 hominem

1957 2184 2420 2257 sexagenariam
2465 2188 2703 2241 aetatem
2749 2188 3231 2257 praetervectum,
3279 2184 3616 2243 litteratura

1954 2274 2212 2341 clarum,
2235 2274 2624 2346 patriarchali
2651 2273 2781 2330 sedi
2811 2274 3202 2345 destinatum,
3231 2290 3394 2331 nunc
3412 2279 3616 2332 autem

1952 2379 2076 2420 non
2104 2363 2289 2420 modo
2347 2363 2731 2420 sermonibus
2780 2367 3049 2420 utentem
3082 2363 3162 2420 ab
3200 2363 3455 2421 orthoxa
3491 2364 3614 2420 ﬁde

1951 2452 2440 2521 abhorrentibus,
2464 2468 2673 2508 verum
2703 2452 2887 2509 etiam
2913 2452 3098 2510 libelli
3138 2457 3467 2521 auctorem,
3507 2453 3617 2526 qui

1950 2540 2343 2615 blasphemiis
2373 2541 2695 2614 impiisque
2724 2540 3204 2599 absurditatibus
3254 2546 3461 2609 scatet,
3491 2542 3619 2599 vix-

1951 2647 2071 2705 que
2100 2631 2350 2687 demum
2378 2631 2852 2705 resipiscentem,
2885 2635 2941 2687 et
2983 2630 3062 2688 ad
3096 2631 3382 2704 pietatem
3412 2632 3619 2687 ortho-

1952 2719 2322 2793 doxiamque
2342 2719 2694 2776 redeuntem
2717 2720 2746 2775 ?
2782 2721 2926 2786 Quae
2947 2736 3089 2776 cum
3118 2718 3201 2776 ita
3231 2735 3296 2776 se
3325 2719 3614 2794 habeant,

1953 2823 2066 2883 ego
2096 2825 2339 2883 quoque
2365 2825 2401 2866 a
2427 2806 2768 2867 sacerdotio
2790 2808 2954 2866 hunc
2983 2806 3233 2882 repello.

2028 2989 2182 3058 Ergo
2240 2985 2320 3045 ad
2369 2978 2728 3043 scrutinium
2773 2985 3219 3058 convenientes,
3281 2985 3387 3059 qui
3431 2984 3618 3042 modo

239 3073 359 3127 κατ’
424 3072 580 3125 αὑτὸν
628 3072 794 3145 ψῆφον
862 3070 1160 3145 έκθέμενοι,
1218 3070 1611 3145 ἀποφαινόμεθα
1664 3079 1846 3125 τοῦτον

1962 3077 2315 3134 sententiam
2339 3081 2546 3133 contra
2565 3075 2737 3133 illum
2758 3075 3044 3145 diximus,
3072 3073 3455 3131 declaramus
3478 3090 3621 3131 eum

238 3165 527 3239 ἱερωσύνης
569 3164 746 3225 πάσης
810 3160 1040 3231 ἀνάξιον,
1076 3161 1134 3215 ού
1167 3156 1261 3214 διὰ
1291 3163 1358 3214 τὰ
1412 3166 1637 3237 σήμερον
1693 3166 1846 3235 μόνον

228 3252 359 3327 παρ’
413 3252 573 3305 αὐτοῦ
632 3251 920 3310 λαληθέντα
973 3252 1105 3323 μετὰ
1156 3250 1353 3314 πολλῆς
1400 3258 1492 3312 τῆς
1540 3249 1844 3323 ἐνστάσεως,

233 3341 339 3395 ἄλλ’
376 3344 453 3395 ὅτι
522 3360 617 3414 περ
670 3339 725 3404 ἕξ
770 3342 892 3393 ὅτου
931 3342 994 3393 τὸ
1035 3338 1350 3413 βλάσφημον
1393 3347 1545 3392 τοῦτο
1602 3336 1847 3415 διεθρυλ-

232 3431 366 3490 λήθη
437 3428 649 3504 δόγμα,
711 3435 803 3483 καὶ
865 3429 1013 3501 λόγος
1079 3429 1277 3493 ἐξέθετο
1352 3436 1447 3490 τῆς
1504 3437 1846 3502 καινοφανοῡς

233 3524 432 3583 ταύτης
490 3522 740 3596 αἱρέσεως
791 3523 1082 3593 συνήγορος
1114 3535 1128 3550 ⁸
1162 3522 1253 3573 και
1310 3518 1370 3571 ού
1417 3522 1570 3591 μόνον
1609 3521 1843 3594 προστά-

226 3631 321 3673 της
376 3609 653 3684 ἐγγράφως
707 3614 797 3662 καὶ
843 3612 1122 3684 πρόμαχος
1158 3616 1251 3669 τῆς
1302 3610 1550 3669 τοιαύτης
1608 3606 1846 3670 ἀσεϐείας

232 3697 499 3755 ἰδείκνυτο
527 3744 544 3772 ,
588 3697 720 3753 ἀλλὰ
783 3703 874 3751 καὶ
926 3696 1171 3771 ἀγράφως
1235 3698 1538 3759 πλειστάκις
1600 3694 1842 3770 διαλεγό-

237 3809 385 3864 μενος
416 3794 545 3864 πρός
611 3808 667 3842 τε
716 3787 905 3850 ἄλλους
963 3786 1185 3851 πολλοὺς
1248 3790 1338 3839 καὶ
1377 3806 1523 3849 τινας
1575 3786 1631 3850 ἐξ
1674 3789 1841 3859 ἡμῶν,

236 3879 401 3941 ούτως
446 3873 739 3952 ἀναφανδόν
781 3876 968 3953 ἒκύρου
1022 3880 1116 3935 τὴν
1165 3879 1412 3935 τοιαύτην
1453 3874 1714 3946 ἀσέϐειαν,
1753 3881 1845 3928 καὶ

233 3972 334 4031 τὰς
358 3978 453 4021 τῶν
475 3976 810 4044 Χριστιανῶν
847 3967 1035 4040 ψυχὰς
1064 3962 1429 4028 έσκανδάλιζε.
1458 3970 1560 4019 Καὶ
1598 3968 1723 4038 ἡμῖν
1753 3968 1845 4038 μὶν

235 4058 369 4111 οὕτω
396 4063 489 4117 τὴν
530 4063 759 4131 σήμερον
811 4063 918 4118 τοῖς
954 4055 1163 4109 πλείοσι
1215 4063 1308 4108 τοῦ
1337 4054 1592 4126 συλλόγου
1624 4056 1689 4108 τὰ
1726 4055 1845 4107 κατ’

238 4149 399 4201 αὐτοῦ
443 4146 810 4219 ἀποπέφανται
837 4188 852 4213 ,
907 4144 957 4197 ἐν
1075 4149 1165 4198 καὶ
1193 4145 1225 4203 ἡ
1254 4153 1353 4197 τῶν
1385 4142 1433 4196 έν
1463 4148 1663 4216 Νικαίᾳ
1692 4163 1847 4196 συνα·

228 4239 575 4313 θροισθέντων
645 4237 789 4290 θειων
846 4238 1086 4307 Πατέρων
1153 4235 1410 4308 ὁμήγυρις
1475 4231 1558 4286 ἐπὶ
1621 4240 1685 4305 τῇ
1752 4240 1846 4285 τού

225 4330 615 4401 ματαιόφρονος
680 4325 883 4400 Ἀρείου
946 4325 1270 4396 καθαιρέσει,
1313 4330 1376 4394 τῇ
1443 4321 1727 4395 Ἐκκλησία
1792 4317 1845 4375 εὖ

223 4427 460 4472 ποιοῦσα
534 4411 866 4489 συνέδραμε·
899 4419 1014 4468 τισὶ
1076 4409 1135 4467 δὲ
1197 4413 1253 4476 ἐξ
1313 4413 1484 4485 ἡμῶν,
1546 4412 1706 4484 ἦγουν
1771 4419 1844 4483 τῷ

217 4508 556 4584 Ἡρακλείας,
586 4513 660 4558 τῶ
708 4506 964 4572 Κυζίκου,
996 4512 1069 4575 τῷ
1128 4500 1306 4570 Σίδης,
1336 4511 1410 4575 τῷ
1435 4502 1840 4573 Θεσσαλονίκης,

221 4607 296 4670 τῷ
330 4601 672 4669 Καισαρείας,
704 4604 778 4667 τῷ
808 4594 1094 4663 Φιλίππων,
1136 4599 1226 4647 καὶ
1278 4602 1351 4665 τῷ
1389 4590 1722 4659 Λαοδικείας,
1749 4594 1844 4645 ούκ

221 4687 528 4740 ἀπεντεύθεν
557 4680 866 4758 γνωμοδοτῆ
878 4703 968 4737 σαι
998 4688 1116 4759 περὶ
1155 4685 1342 4736 τούτου
1376 4679 1487 4735 δεῖν
1515 4679 1689 4745 ἔδοξεν
1718 4681 1846 4735 ἀλλὰ

222 4783 524 4846 σκοπῆσαι,
554 4778 645 4829 καὶ
683 4780 818 4827 οὕτω
838 4776 897 4826 τὸ
924 4768 1083 4836 δόξαν
1123 4769 1516 4845 ἀποφήνασθαι.

296 4975 444 5029 Μηνὶ
479 4972 654 5042 Μαΐῳ,
719 4968 782 5043 ιγ’
847 4970 1056 5044 ἡμέρᾳ,
1199 4962 1528 5034 ὶνδικτιῶνι,
1573 4967 1845 5038 προκαθη-

220 5066 383 5136 μένου
436 5068 528 5115 τοῦ
581 5062 894 5114 θεοστέπτου
937 5057 1194 5132 βασιλέως
1257 5059 1404 5130 ἡμῶν
1446 5061 1539 5109 καὶ
1585 5055 1844 5131 αὐτοκρά-

221 5171 375 5227 τορος
440 5152 587 5224 ἡμῶν
650 5146 899 5206 Μανουὴλ
926 5155 1018 5200 τοῦ
1069 5153 1340 5220 Κομνηνοῦ
1385 5144 1433 5198 έν
1489 5154 1561 5216 τῷ
1611 5144 1844 5215 παλατιῳ

216 5249 324 5294 τῶν
396 5237 698 5316 Βλαχερνῶν
727 5282 743 5307 ,
805 5240 1206 5313 παρισταμένων
1270 5243 1334 5309 τῇ
1405 5233 1535 5307 ἁγίᾳ
1597 5231 1848 5306 βασιλείᾳ

219 5331 393 5385 αὐτοῦ
485 5330 689 5385 πάντων
776 5335 878 5379 τῶν
962 5324 1431 5398 ἀναγεγραμμένων
1469 5367 1484 5392 ,
1556 5322 1675 5375 ἄνευ
1753 5328 1845 5374 τοῦ

218 5422 649 5496 πρωτονοταρίου
671 5462 690 5489 ,
766 5422 860 5468 τοῦ
945 5413 1172 5488 μεγάλου
1270 5410 1628 5486 δρουγγαρίου
1653 5452 1667 5478 ,
1754 5416 1845 5462 τοῦ

219 5516 697 5584 πρωτασεκρῆτις,
728 5509 819 5559 καὶ
871 5511 963 5557 τοῦ
1017 5501 1411 5576 νομοφύλακος,
1468 5496 1844 5575 συνεδριαζόν-

220 5618 327 5652 των
369 5597 511 5669 αύτῷ
566 5595 689 5657 ἄνευ
755 5600 848 5648 τοῦ
876 5592 1200 5665 ’Δντιοχείας
1260 5588 1407 5665 ἡμῶν
1466 5597 1565 5643 τῶν
1594 5592 1686 5642 καὶ
1708 5584 1846 5641 διαι-

1876 4460 1920 4515 D

1956 3166 2125 3224 omni
2145 3165 2478 3223 sacerdotio
2500 3166 2970 3239 indignum,non
2996 3164 3077 3221 ob
3093 3168 3167 3221 e'a
3192 3162 3620 3221 tantummodo

1955 3275 2094 3334 qua:
2120 3258 2170 3315 is
2197 3256 2380 3314 hodie
2402 3255 2591 3313 multa
2615 3271 2755 3312 cum
2773 3253 3108 3329 pertinacia
3126 3253 3363 3310 locutus
3388 3253 3621 3319 est,sed

1956 3349 2101 3425 quia
2130 3348 2208 3404 ab
2239 3347 2370 3419 ipso
2397 3345 2831 3419 blasphemum
2858 3344 2974 3401 hoc
3004 3342 3621 3414 dogmadivulgatum

1956 3442 2130 3510 est,et
2156 3437 2394 3494 libellus
2432 3437 2612 3493 etiam
2657 3434 3027 3508 perscriptus
3074 3449 3247 3491 novas
3284 3433 3470 3506 hujus
3499 3432 3622 3490 hae-

1954 3545 2155 3586 reseos
2176 3532 2457 3584 assertor.
2488 3528 2689 3598 Neque
2728 3523 2929 3580 solum
2960 3522 3419 3594 antesignamus
3436 3526 3620 3595 atque

1953 3619 2238 3676 defensor
2268 3617 2493 3689 scripto
2544 3631 2654 3672 suo
2701 3614 2954 3686 hujusce
2999 3612 3326 3686 impietatis
3374 3611 3614 3682 exstitit,

1952 3722 2163 3765 verum
2182 3706 2363 3763 etiam
2385 3704 2619 3777 absque
2638 3701 2858 3785 scripto
2876 3716 3036 3775 saepe
3057 3700 3408 3774 colloquens
3426 3698 3616 3756 modo

1954 3813 2095 3853 cum
2121 3795 2253 3852 aliis
2283 3792 2509 3862 multis,
2540 3791 2726 3847 modo
2756 3790 2940 3846 etiam
2971 3806 3112 3845 cum
3142 3793 3420 3845 nostrum
3466 3803 3616 3845 non-

1953 3885 2152 3950 nullis,
2185 3883 2270 3940 sic
2296 3881 2614 3939 manifeste
2660 3878 2918 3952 impium
2966 3878 3129 3933 hunc
3182 3892 3448 3933 errorem
3482 3891 3623 3933 san-

1954 3975 2166 4046 ciebat,
2192 3980 2250 4030 et
2281 3971 2750 4029 Christianorum
2768 3966 3093 4024 animabus
3133 3965 3425 4021 seandalo
3456 3969 3611 4021 erat.

1955 4071 2022 4124 Et
2049 4081 2161 4121 nos
2183 4078 2325 4133 ergo
2379 4058 2600 4133 synodi
2629 4058 2814 4128 hujus
2842 4072 2985 4129 pars
3012 4055 3211 4126 major
3234 4054 3296 4110 in
3325 4053 3488 4111 hunc
3516 4053 3623 4110 ho-

1952 4156 2180 4213 minem
2201 4153 2318 4210 hoc
2337 4151 2434 4207 die
2460 4147 2817 4205 sententiam
2847 4144 3129 4214 dicimus,
3153 4159 3276 4216 quo
3300 4142 3620 4200 collectum

1952 4260 2197 4320 quoque
2229 4242 2438 4300 Nicaeae
2477 4242 2824 4295 sanctorum
2863 4237 3105 4291 Patrum
3160 4232 3483 4289 concilium
3538 4230 3619 4288 ad

1951 4333 2165 4393 vesani
2240 4330 2359 4387 Arii
2437 4328 2917 4391 damnationem,
2988 4321 3258 4379 similiter
3337 4321 3614 4377 Ecclesiae

1951 4421 2247 4481 laboranti
2270 4420 2463 4492 justas
2493 4414 2801 4489 suppetias
2838 4412 3277 4470 tulit.Attamen
3306 4409 3613 4467 nonnullis

1951 4517 2228 4570 nostrum
2254 4508 2538 4565 nimirum
2571 4501 2969 4569 Heracleensi,
3012 4500 3327 4572 Cyziceno,
3359 4497 3615 4568 Sidensi,

1951 4596 2487 4663 Thessalonicensi,
2544 4590 2910 4663 Caesariensi,
2960 4588 3348 4661 Philippensi,
3405 4586 3617 4643 Laodi-

1953 4705 2122 4755 ceno,
2154 4685 2320 4744 haud
2368 4684 2568 4739 visum
2596 4685 2687 4736 est
2734 4679 2794 4734 in
2845 4676 3129 4751 praesenti
3158 4675 3233 4732 de
3267 4674 3383 4731 hoc
3408 4674 3615 4731 decer-

1951 4795 2115 4846 nere,
2140 4775 2244 4833 sed
2294 4772 2493 4831 adhuc
2540 4766 3138 4836 considerandum,et
3192 4768 3322 4822 tum
3363 4763 3615 4821 demum

1954 4865 2312 4925 sententiam
2344 4859 2656 4919 ferendam
2669 4900 2682 4914 .

2023 4955 2239 5015 Mensis
2292 4951 2425 5011 Maii
2479 4950 2575 5005 die
2622 4947 2798 5004 tertia
2845 4944 3104 5013 decima,
3136 4941 3464 4999 indictione
3519 4957 3616 4997 se-

1953 5046 2176 5112 cunda,
2232 5040 2590 5116 praesidente
2647 5053 2685 5094 a
2735 5038 2856 5092 Deo
2912 5035 3201 5089 coronato
3251 5031 3615 5103 imperatore

1953 5141 2159 5194 nostro
2184 5138 2241 5191 et
2269 5130 2516 5189 domino
2569 5125 2839 5183 Manuele
2886 5124 3215 5189 Comneno,
3248 5119 3309 5175 in
3345 5118 3615 5175 Blacher-

1952 5241 2171 5284 narum
2188 5221 2435 5296 palatio,
2462 5214 2881 5275 assistentibus
2908 5214 3130 5267 sancta:
3154 5209 3455 5280 majestati
3484 5210 3615 5280 ejus

1954 5314 2183 5374 cunctis
2230 5309 2532 5385 praedictis
2555 5351 2570 5375 ,
2619 5302 2882 5376 exceptis
2911 5298 3348 5373 protonotario,
3381 5314 3611 5369 magno

1954 5402 2283 5475 drungario
2313 5394 2788 5474 protoasecretis,
2816 5396 2874 5448 et
2910 5387 3390 5462 nomophylace;
3419 5388 3613 5445 consi—

1954 5474 2238 5551 dentibus
2264 5487 2440 5545 nobis
2469 5479 2843 5558 patriarchis,
2869 5478 3103 5550 absque
3132 5474 3524 5541 Antiocheno,
3554 5481 3613 5533 et

1953 5582 2029 5640 de
2066 5581 2184 5640 hac
2224 5593 2289 5636 re
2325 5571 2742 5649 judicantibus
2773 5587 2788 5641 ;
2831 5567 2998 5626 socio
3022 5564 3235 5638 judicii
3253 5564 3446 5628 nostri
3472 5560 3610 5623 Bul-
