4148 6384
525 231 628 289 193

1855 214 2124 277 NICETE
2184 211 2564 277 CHONIATE

3782 213 3899 275 196

524 367 693 427 garo,
722 353 954 427 absque
985 349 1202 426 Cyprio
1240 348 1347 423 qui
1392 361 1519 405 non
1564 342 1847 410 interfuit,
1879 340 2056 398 nobis
2093 339 2178 398 in-

2288 341 2492 395 τὼντων
2565 342 2629 409 τῇ
2705 335 2951 393 ὑποθέσει
3030 341 3383 410 πατριαρχῶν
3412 376 3429 405 ,
3490 331 3906 405 συνδιαιτῶντος

521 456 731 519 quam,
764 439 1187 519 suprascriptis
1218 434 1519 513 episcopis
1558 430 2054 511 astipulantibus.

596 728 1105 803 Quandoquidem
1133 727 1419 785 hesterna
1441 725 1574 783 acta
1593 736 1730 796 qua
1761 720 2007 795 propter
2033 720 2186 774 tem-

525 821 689 896 poris
719 819 1031 892 angustias
1058 816 1216 877 lecta
1264 829 1389 875 non
1420 809 1790 879 fuere,hodie
1819 808 2068 867 demum
2095 805 2184 896 le-

527 894 728 983 genda
775 912 968 979 erant,
1000 921 1201 979 neque
1252 902 1461 963 aderat
1506 916 1748 971 magna
1778 899 1880 956 Dei
1932 894 2184 955 civitatis

524 998 853 1061 Antiochia
884 996 1105 1055 electus
1137 993 1278 1053 olim
1309 991 1653 1067 patriarcha
1676 987 2015 1048 Soterichus
2035 989 2182 1043 Pan-

525 1092 844 1158 teugenns,
877 1085 986 1141 etsi
1015 1085 1064 1140 is
1086 1099 1123 1140 a
1144 1082 1310 1153 regia
1357 1081 1618 1153 divaque
1648 1075 2182 1151 circumspectione

527 1177 656 1236 sine
676 1173 959 1235 dilatione
1009 1186 1360 1246 comparere
1400 1168 1583 1229 hodie
1601 1168 1809 1241 jussus
1844 1165 2071 1236 fuerat;
2094 1162 2181 1220 id-

528 1267 687 1325 eirco
731 1278 977 1324 necesse
1004 1262 1117 1321 fuit
1152 1260 1235 1319 illi
1257 1262 1475 1323 iterum
1497 1258 1775 1317 intimare
1796 1254 2091 1322 notitiam,
2121 1256 2185 1315 ut

527 1359 802 1413 actorum
848 1349 1087 1411 lectioni
1133 1350 1482 1417 interesset;
1527 1345 1696 1421 quod
1728 1346 1779 1403 si
1815 1345 1967 1401 forte
1999 1342 2185 1403 nollet

526 1442 918 1500 nihilominus
947 1443 1221 1496 actorum
1248 1438 1568 1494 lectionem
1597 1436 1727 1493 ﬁeri
1747 1439 2046 1509 oportere.
2076 1434 2183 1489 De-

523 1532 705 1604 legati
735 1535 878 1591 sunt
905 1529 1084 1601 igitur
1115 1528 1194 1587 ad
1223 1528 1425 1601 ipsum
1477 1542 1510 1585 ο
1545 1525 1772 1585 nostris
1819 1523 2182 1598 praesulibus

528 1620 790 1683 Corinthi
853 1617 1229 1681 Theodorus,
1290 1615 1765 1690 Adrianopoleos
1826 1619 1964 1683 Leo,
2030 1613 2181 1671 Parii

2290 428 2481 502 ὁμοίως
2530 429 2620 481 καὶ
2667 423 2792 500 ἐμοῦ
2848 423 3167 500 Βουλγαρίας
3192 465 3206 490 ,
3248 426 3369 479 ἄνευ
3423 431 3517 479 τοῦ
3571 429 3782 503 Κύπρου
3820 431 3903 502 μὴ

2293 515 2848 594 συμπαρουσιάζοντος
2879 557 2895 585 ,
2938 511 3529 591 συνδιαγνωμονούντων
3586 517 3735 590 ἡμῶν
3791 524 3909 572 τῶν

2289 608 2857 681 προαναγεγραμμένων
2884 605 3089 659 πάντων
3120 603 3427 681 ἀρχιερέων.

2364 696 2506 752 Ἐπεὶ
2564 698 2624 750 τὸ
2688 696 2827 749 κατά
2880 699 2974 755 τήν
3021 697 3148 769 χθὲς
3211 697 3415 769 γεγονὸς
3478 698 3755 769 σημείωμα
3818 700 3901 770 μὴ

2292 787 2496 867 φθάσαν
2557 784 2954 859 ἀναγνωσθῆναι
3016 780 3110 839 διά
3174 787 3233 837 τὸ
3312 786 3486 837 στενὸν
3550 791 3644 837 τοῦ
3708 792 3905 863 καιροῦ

2291 874 2487 951 ἔμελλεν
2537 873 2934 953 ἀναγνωσθῆναι
2984 878 3080 934 τήν
3130 878 3390 951 σήμερον,
3431 873 3489 926 ού
3538 882 3710 951 παρῆν
3769 871 3831 929 δὲ
3874 877 3904 928 ὁ

2291 966 2497 1041 φθάσας
2560 964 2897 1044 πατριάρχης
2964 961 3297 1029 Θεουπόλεως
3379 961 3611 1037 μηάλης
3687 961 3908 1017 Ἀντιος

2288 1059 2439 1128 χείας
2503 1058 2812 1130 Σωτήριχος
2861 1053 2888 1106 ὁ
2945 1054 3289 1125 Παντεύγενος
3322 1096 3338 1123 ,
3378 1057 3468 1105 καὶ
3529 1058 3698 1106 ταῦτα
3760 1073 3910 1128 παρ-

2289 1144 2557 1218 αγγελθεὶς
2631 1145 2778 1220 παρά
2843 1150 2939 1208 τῆς
3004 1140 3278 1216 βασιλείου
3362 1145 3453 1195 καὶ
3529 1142 3666 1205 θείας
3751 1161 3907 1219 περι-

2290 1243 2437 1300 ωπῆς
2489 1235 2600 1308 (26)
2653 1235 3017 1311 παρουσιάσαι
3069 1231 3424 1311 ἀνυπερθίτως
3474 1236 3568 1292 τὴν
3632 1237 3896 1310 σήμερον·

2291 1321 2477 1384 ἐδέησε
2520 1320 2614 1378 διὰ
2666 1332 2833 1378 ταῦτα
2886 1328 2975 1378 καὶ
3025 1322 3180 1377 πάλιν
3238 1319 3460 1385 δοθῆναι
3513 1322 3655 1395 αύτῷ
3686 1319 3909 1383 εἴδησιν

2292 1418 2363 1478 ὡς
2392 1417 2452 1469 ἄν
2513 1417 2852 1489 παρουσιάσῃ
2915 1412 2996 1467 ἐπὶ
3038 1420 3099 1487 τῇ
3154 1411 3442 1485 ἀναγνώσει
3502 1419 3595 1465 τοῦ
3653 1415 3907 1467 τοιούτου

2294 1510 2658 1581 σημειώματος
2688 1521 2701 1534 '
2736 1504 2780 1556 εὶ
2807 1508 2879 1578 μή
2923 1501 3167 1577 βούλοιτο
3192 1543 3207 1570 ,
3246 1506 3338 1555 καὶ
3366 1500 3582 1563 ἀπόντος
3613 1501 3773 1556 αὐτοῦ
3799 1506 3905 1562 τὴν

2291 1598 2479 1649 τούτου
2529 1595 2771 1666 γενέσθαι
2806 1591 3118 1667 ἀνάγνωσιν.
3161 1591 3561 1652 Ἀπεστάλησαν
3621 1588 3708 1645 οὖν
3763 1596 3911 1668 πρὸς

523 1680 800 1770 Nicolaus
826 1724 840 1779 ;
871 1707 1242 1781 quibuscum
1266 1706 1490 1764 missus
1514 1680 1626 1762 fuit
1644 1705 1825 1765 etiam
1850 1680 2041 1777 judex
2069 1701 2178 1761 veli

2295 1684 2444 1738 αὐτὸν
2511 1682 2612 1737 ἀπὸ
2673 1685 2763 1757 μὶν
2824 1689 2925 1736 τῶν
2991 1680 3276 1756 ἀρχιερέων
3338 1682 3483 1754 ἡμῶν
3549 1681 3575 1735 ό
3641 1683 3910 1755 Κορινθου

522 1800 785 1859 Thomas
841 1796 1231 1871 Hapluchres.
1285 1797 1350 1853 Hi
1395 1810 1536 1853 vero
1572 1810 1701 1852 rem
1747 1794 2181 1865 signiﬁcantes,

525 1888 813 1962 scriptam
860 1884 1378 1943 denuntiationem
1417 1883 1584 1958 apud
1629 1900 1769 1942 eum
1816 1882 2187 1956 reliquerunt

526 1974 939 2051 comparandi,
969 1977 1056 2032 uti
1085 1974 1313 2033 dictum
1342 1978 1449 2033 est.
1476 1973 1709 2036 Scheda
1736 1977 1939 2033 autem
1966 1972 2187 2031 tradita

524 2066 612 2129 ita
636 2065 716 2127 ad
738 2065 998 2129 litteram
1026 2079 1092 2127 se
1128 2062 1398 2123 habebat
1421 2081 1436 2123 ε

598 2391 812 2453 Mensis
860 2389 991 2448 Maii
1042 2388 1139 2446 die
1190 2389 1362 2448 tertia
1413 2389 1669 2457 decima,
1728 2387 2053 2445 indictione
2098 2402 2186 2443 se-

527 2482 751 2552 cunda,
799 2479 1200 2555 praesentibus
1230 2479 1489 2537 diacono
1518 2482 1743 2549 Magna
1781 2477 2056 2535 Ecclesia
2084 2479 2184 2534 Be-

527 2570 837 2629 lissariota
891 2568 1225 2639 Theodoro,
1272 2569 1524 2641 Georgio
1572 2569 1792 2626 lectore
1853 2566 2183 2624 Antiochia

524 2660 838 2718 modestia
882 2657 1231 2732 praeposito,
1272 2658 1524 2730 Georgio
1576 2657 1909 2716 Scutariota
1963 2658 2184 2719 lectore

523 2749 1062 2824 Adrianopolitano
1106 2768 1120 2819 ;
1178 2748 1365 2822 regali
1408 2750 1668 2823 divoque
1722 2752 1780 2807 et
1832 2748 2182 2806 venerando

514 2839 873 2913 jussu,licet
894 2854 1018 2896 non
1044 2839 1286 2912 scripta,
1335 2854 1448 2895 nos
1498 2838 1767 2912 episcopi
1829 2838 2183 2896 auctoritate

524 2928 895 2988 demandata
946 2944 982 2986 a
1027 2927 1406 2986 sanctissimo
1448 2927 1698 2985 domino
1727 2931 1785 2985 et
1808 2928 2181 2987 acumenico

2295 1769 2611 1851 Θεόδωρος,
2698 1773 2725 1826 ὁ
2798 1767 3278 1845 Ἀδριανουπόλεως
3353 1774 3495 1824 Λέων
3561 1770 3588 1822 ὁ
3693 1775 3905 1845 Παρίου

2292 1864 2551 1929 Νικόλαος
2572 1884 2586 1898 ο
2620 1858 2969 1921 συνδιεστάλη
3000 1857 3059 1916 δε
3098 1862 3303 1925 τούτοις
3329 1861 3356 1912 ό
3380 1864 3562 1937 κριτὴς
3591 1866 3683 1914 τοῦ
3724 1859 3907 1934 βήλου

2296 1959 2486 2029 Θωμᾶς
2560 1951 2897 2027 Ἀπλούχρης
2956 1972 2969 1984 '
3033 1954 3124 2004 καὶ
3200 1946 3583 2024 διεμηνύσαντο
3675 1951 3906 2005 τούτων.

2292 2041 2648 2118 ’παραῃελίαν
2734 2043 2991 2118 ἔγγραφον
3083 2042 3281 2117 θέμενοι
3352 2041 3486 2114 πρὸς
3547 2038 3701 2092 αὐτὸν
3728 2080 3749 2110 ,
3818 2039 3915 2093 ἵνα

2293 2133 2658 2208 παρουσιάσῃ,
2699 2132 2770 2196 ὡς
2816 2134 3038 2206 εἴρηται.
3085 2128 3284 2202 Ἔσχεν
3339 2130 3398 2181 τὸ
3440 2125 3561 2203 παρ’
3588 2127 3758 2182 αὐτῶν
3808 2126 3911 2181 ἐκ-

2292 2224 2432 2277 τεθὲν
2463 2225 2739 2296 σημείωμα
2764 2221 2938 2299 ῥητῶς
2965 2220 3181 2273 οὑτωσί.

2366 2315 2507 2370 Μηνὶ
2554 2312 2733 2383 Maia,
2787 2308 2853 2385 ιγ’
2894 2311 3103 2385 ἡμέρᾳ,
3155 2303 3443 2367 ἰνδικτιῶνι
3499 2304 3550 2380 β’
3553 2350 3570 2377 ,
3627 2311 3910 2381 παρουσίᾳ

2297 2397 2544 2459 διακόνου
2611 2395 2889 2474 Θεοδώρου
2947 2407 3041 2461 τῆς
3100 2396 3343 2470 Μεγάλης
3419 2394 3731 2458 Ἐκκλησίας
3800 2404 3909 2450 τοῦ

2295 2490 2736 2566 Βελισσαριώτου,
2776 2493 3034 2563 Γεωργίου
3083 2485 3419 2560 ἀναγνώστου
3449 2484 3774 2558 Ἀντιοχείας
3802 2494 3908 2540 τοῦ

2294 2579 2379 2635 ἐπὶ
2450 2589 2547 2642 τῆς
2611 2578 2871 2645 εὐταξίας,
2931 2581 3190 2651 Γεωργίου
3267 2575 3602 2649 ἀναγνώστου
3676 2572 3907 2650 Ἃδρια-

2291 2669 2574 2732 νουπόλεως
2638 2676 2731 2726 τοῦ
2792 2672 3206 2742 Σκουταριώτου,
3235 2665 3495 2721 Νικολάου
3561 2662 3905 2738 ἀναγνώστου

2292 2769 2384 2815 τοῦ
2451 2758 2691 2816 Ἀττικοῦ
2715 2763 2851 2831 ,καὶ
2909 2762 3131 2823 Λέοντος
3191 2763 3285 2809 τοῦ
3347 2752 3845 2830 Ἃθριανουπολίτου
3878 2772 3893 2785 ·

2294 2851 2395 2906 ἀπὸ
2473 2850 2755 2926 βασιλικῆς
2827 2854 2917 2905 καὶ
3001 2850 3144 2912 θείας
3213 2847 3587 2922 προσκυνητης
3660 2843 3898 2923 ἀγράφου

2290 2942 2645 3019 προστάξεως,
2674 2943 2825 3013 ἡμεῖς
2868 2941 2916 2993 οἱ
2980 2939 3246 3013 ἀρχιερεῖς
3297 2934 3351 2999 ἐξ
3396 2935 3684 3012 ἐπιτροπῆς
3712 2942 3806 2988 τοῦ
3845 2954 3907 2989 τε

514 3017 888 3093 patriarcha,
920 3022 979 3074 et
1011 3032 1051 3076 a
1083 3017 1465 3075 sanctissimo
1492 3018 2042 3093 Hierosolymorum
2079 3032 2178 3093 pa-

2290 3017 2585 3107 ἁγιωτάτου
2645 3025 2906 3083 δεσπότου
2961 3031 3052 3081 καὶ
3112 3025 3473 3100 οἰκουμενικοῡ
3535 3026 3907 3101 πατριάρχου³

518 3108 779 3165 triarcha
818 3106 1123 3165 monacho
1153 3105 1404 3163 domino
1431 3109 1679 3172 Joanne,
1706 3109 1955 3183 insuper
1999 3109 2182 3166 etiam

517 3213 556 3256 a
581 3197 967 3254 sanctissimo
1011 3196 1464 3272 archiepiscopo
1494 3199 1675 3256 totius
1701 3199 2011 3273 Bulgaria,
2041 3199 2183 3256 cha-

518 3286 761 3342 rissimo
790 3288 1010 3359 patruo
1040 3285 1298 3359 potentis
1351 3287 1663 3365 sanctique
1711 3289 1896 3345 nostri
1922 3288 2184 3363 impera-

520 3375 999 3446 toris,monacho
1022 3375 1295 3448 inquam,
1323 3375 1571 3434 domino
1599 3379 1827 3436 Joanne
1848 3379 2179 3454 Comneno;

518 3480 629 3522 nec
658 3479 780 3521 non
800 3465 878 3520 ad
915 3479 987 3521 ea
1006 3480 1143 3539 qua
1181 3465 1242 3520 in
1290 3464 1757 3524 Blachernarum
1787 3467 2010 3541 palatio
2043 3485 2181 3526 con-

517 3553 682 3612 venit
701 3557 915 3610 sancta
931 3553 1193 3628 divaque
1214 3554 1472 3627 synodo;
1497 3556 1881 3630 pervenimus
1907 3559 1986 3614 ad
2010 3574 2183 3617 vene-

518 3642 781 3700 randum
832 3641 1214 3715 Hodegorum
1262 3644 1817 3719 coenobium,atque
1847 3647 1908 3703 in
1929 3664 2182 3724 conspe-

523 3736 688 3789 ctum
744 3731 995 3788 admissi
1046 3731 1215 3789 electi
1272 3732 1418 3790 olim
1470 3734 1826 3806 patriarcha
1880 3737 1983 3796 Dei
2013 3738 2179 3795 urbis

517 3819 849 3877 Antiochia
905 3836 1147 3893 magna
1186 3821 1417 3879 domini
1445 3824 1733 3881 Soterichi
1786 3828 2175 3901 Panteugeni,

508 3909 922 3967 nuntiavimus
949 3910 1001 3965 ei
1043 3925 1177 3983 qua
1228 3911 1292 3968 in
1350 3912 1651 3971 mandatis
1696 3914 2045 3983 habuimus,
2077 3917 2175 3975 his

507 3998 709 4056 verbis
730 4015 742 4053 ε
760 3998 1219 4056 Potentissimus
1248 4004 1306 4056 et
1331 4006 1580 4059 sanctus
1615 4003 1946 4079 imperator
1972 4013 2179 4067 noster

504 4085 686 4157 jussit
714 4085 861 4157 heri,
889 4090 954 4141 ut
1000 4086 1163 4143 dicta
1207 4093 1417 4145 sancta
1475 4090 1747 4162 synodus
1779 4097 1964 4169 tuque
1994 4095 2176 4153 etiam

512 4173 693 4231 hodie
733 4174 1105 4232 conveniatis
1146 4175 1225 4233 ad
1275 4175 1594 4234 lectionem
1624 4179 1994 4239 audiendam
2021 4199 2182 4239 com-

519 4262 799 4319 mentarii
831 4264 905 4319 de
942 4263 1125 4321 rebus
1149 4264 1468 4340 disputatis
1496 4271 1555 4324 et
1581 4269 1751 4340 actis,
1786 4273 1841 4328 te
1872 4272 2175 4343 audiente,

512 4351 793 4408 hesterna
817 4352 913 4408 die
940 4369 1076 4426 qua
1098 4353 1208 4410 fuit
1227 4357 1538 4428 prasentis
1557 4358 1785 4414 mensis
1814 4360 2178 4420 duodecima

515 4455 722 4498 coram
763 4440 951 4513 regali
980 4443 1217 4514 throno,
1250 4450 1580 4521 sanctaque
1602 4452 1659 4505 et
1685 4447 1889 4506 divina
1914 4451 2172 4524 synodo.

516 4529 815 4594 Quoniam
844 4546 987 4587 vero
1014 4531 1155 4589 dicti
1178 4534 1543 4591 sanctissimi
1581 4536 1937 4609 patriarcha
1955 4542 2176 4599 cateri-

520 4634 640 4693 que
670 4619 963 4677 antistites
1003 4628 1415 4679 convenerunt
1434 4624 1496 4680 in
1524 4623 1987 4685 Blachernarum
2009 4630 2175 4703 pala—

518 4707 693 4777 tio,ac
709 4709 840 4782 jam
872 4709 1230 4782 praesidente
1261 4727 1298 4767 a
1330 4713 1448 4769 Deo
1470 4719 1758 4773 coronato
1787 4717 2172 4793 imperatore,

514 4801 571 4854 et
609 4797 832 4870 synodi
861 4799 1040 4870 pleno
1086 4813 1363 4868 numero,
1396 4806 1463 4858 tu
1502 4818 1625 4860 non
1682 4805 1948 4878 adfuisti,
2002 4811 2173 4869 missi

513 4902 627 4944 nos
655 4886 899 4953 fuimus,
921 4886 1008 4944 uti
1052 4886 1282 4945 dictum
1331 4894 1436 4964 est,
1466 4892 1547 4948 ad
1579 4896 1635 4950 te
1679 4895 2083 4973 invitandum,
2107 4907 2172 4961 ut

514 4976 643 5034 sine
681 4991 858 5034 mora
884 4974 1046 5032 adsis
1093 4975 1272 5034 hodie
1300 4977 1541 5037 lectioni
1575 4986 1848 5044 actorum
1866 4988 2171 5049 hesterno-

514 5080 675 5123 rum.
710 5065 865 5122 Scito
898 5064 1081 5131 enim,
1110 5066 1277 5138 quod
1308 5068 1357 5126 si
1394 5070 1642 5129 minime
1670 5074 1731 5131 id
1760 5076 1966 5149 facias,
1996 5082 2167 5140 velte

509 5154 759 5211 absente
800 5157 937 5210 acta
963 5153 1357 5212 nihilominus
1398 5158 1690 5231 legentur.
1724 5167 1975 5226 Coactus
2005 5172 2166 5230 enim

513 5256 552 5299 a
607 5242 729 5299 Deo
797 5240 1018 5298 electus
1078 5244 1492 5306 sanctissimus
1564 5258 1766 5314 noster
1836 5259 2167 5335 imperator

583 5417 1002 5508 ςξθλεξῐεριωπὴ,
1032 5421 1231 5508 Latine
1282 5427 1741 5508 circumspecta,
1791 5445 2165 5508 vocabulum

512 5483 762 5581 honoris
807 5483 965 5581 quo:
987 5483 1224 5581 'utiturﬂ
1262 5483 2159 5581 ergs'LEfciidh’es'KE’r’i‘iii‘ﬁZ

512 5558 607 5615 Vl.
644 5561 747 5629 PP,
802 5558 968 5634 apud
1009 5580 1124 5624 nos
1174 5558 2153 5661 semieg.'ii"ii'ﬁ£e£‘5:

2289 3126 2380 3175 καὶ
2431 3120 2525 3174 τοῦ
2566 3118 2861 3192 ἁγιωτάτου
2931 3117 3270 3194 πατριάρχου
3335 3112 3704 3188 Ἱεροσολύμων
3742 3133 3909 3187 μονα-

2289 3218 2395 3284 χοῦ
2469 3216 2632 3287 κυροῦ
2692 3209 2929 3265 Ἰωάννου
2955 3252 2972 3280 ,
3042 3208 3118 3261 ἔτι
3184 3202 3245 3259 δὲ
3299 3209 3390 3259 καὶ
3453 3211 3547 3258 τοῦ
3603 3203 3904 3277 ἁγιωτάτου

2290 3299 2714 3375 ἀρχιεπισκόπου
2774 3299 2950 3359 πάσης
3005 3294 3327 3371 Βουλγαρίας
3387 3297 3479 3347 καὶ
3543 3294 3907 3369 περιποθήτου

2291 3391 2429 3449 θείου
2472 3396 2565 3442 τοῦ
2603 3393 2890 3464 κρατίστου
2934 3389 3025 3441 καὶ
3071 3384 3223 3458 ἁγίου
3264 3385 3411 3456 ἡμῶν
3475 3381 3735 3455 βασιλέως
3801 3402 3906 3456 μσς

2287 3486 2458 3554 ναχοῦ
2509 3486 2673 3553 κυροῡ
2724 3478 2961 3532 Ἰωάννου
3009 3482 3101 3529 τοῦ
3164 3478 3455 3548 Κομνηνοῦ,
3490 3469 3618 3525 ἀλλά
3672 3476 3763 3524 καὶ
3802 3479 3905 3540 τῆς

2289 3567 2338 3623 ἓν
2372 3578 2446 3642 τῷ
2496 3569 2733 3641 παλατίῳ
2787 3575 2885 3623 τῶν
2950 3565 3255 3639 Βλαχερνῶν
3322 3556 3737 3636 συνδραμούσης
3798 3564 3893 3620 τήν

2292 3663 2523 3733 σήμερον
2588 3661 2723 3732 ἱερᾶς
2786 3662 2877 3711 καὶ
2939 3658 3077 3721 θείας
3142 3648 3370 3708 συνόδου
3403 3650 3796 3726 ,παρεϐάλομῦ
3829 3657 3891 3727 τῇ

2292 3748 2557 3825 σεϐασμίᾳ
2591 3757 2722 3823 μονῇ
2777 3756 2877 3800 τῶν
2918 3742 3158 3821 Ὀδηγῶν
3182 3786 3196 3813 ,
3229 3746 3319 3796 καὶ
3378 3741 3451 3804 εἰς
3499 3740 3618 3813 ὄψιν
3669 3739 3903 3802 ἐλθόντες

2287 3847 2360 3913 τῷ
2428 3840 2687 3913 φθάσαντι
2747 3835 3109 3913 προϐληθῆναι
3187 3833 3497 3907 πατριάρχῃ
3565 3828 3903 3911 Θεουπόλεως

2288 3932 2512 4008 μεγάλης
2588 3931 2910 4002 Ἀντιοχείας
2966 3933 3109 4003 κυρῷ
3176 3926 3467 3996 Σωτηρίχῳ
3531 3928 3602 3994 τῷ
3673 3926 3907 3976 Παντευ-

2286 4027 2445 4095 γένῳ,
2504 4019 2879 4094 ἀνηγγείλαμεν
2947 4015 3086 4088 αύτῷ
3136 4014 3203 4067 τά
3264 4010 3567 4065 ἐνταλθέντα
3615 4010 3741 4073 ἡμῖν
3772 4053 3788 4080 ,
3831 4010 3904 4064 εἰ-

2286 4116 2466 4173 πόντες
2517 4114 2588 4172 ὡς
2632 4109 2691 4163 '0
2746 4110 3031 4183 κράτιστος
3092 4108 3184 4157 καὶ
3244 4102 3391 4175 ἂγιος
3439 4102 3585 4174 ἡμῶν
3639 4097 3901 4173 βασιλεὺς

2286 4200 2445 4274 ὢρισε
2500 4201 2640 4262 κατᾲ
2694 4202 2786 4257 τήν
2836 4198 2968 4271 χθὲς
3017 4193 3276 4248 συνελθεῖν
3330 4192 3467 4244 κατὰ
3520 4193 3614 4249 τήν
3667 4193 3901 4265 σήμερον

2285 4295 2378 4350 τήν
2417 4290 2666 4365 ῥηθεῖσαν
2704 4285 2859 4360 ἀγίαν
2905 4281 3125 4339 σύνοδον
3175 4287 3264 4336 καὶ
3311 4283 3368 4335 σε
3416 4278 3499 4335 ἐπὶ
3551 4286 3624 4351 τῷ
3657 4277 3898 4351 ἀναγνω-

2286 4382 2479 4439 σθῆναι
2510 4380 2580 4433 τά
2627 4378 2982 4452 σημειωθέντα
3018 4372 3102 4427 ἐπὶ
3140 4379 3249 4436 τοῖς
3291 4369 3564 4429 λαληθεῖσι
3611 4372 3702 4420 καὶ
3760 4386 3900 4442 πρα-

2283 4472 2495 4544 χθεῖσιν
2560 4466 2639 4522 ἐπ’
2705 4467 2956 4545 ἀκροάσει
3010 4484 3104 4519 σου
3151 4464 3289 4516 κατά
3330 4466 3424 4522 τήν
3480 4461 3612 4534 χθὲς
3670 4456 3744 4532 ιβ’
3800 4466 3900 4514 τοῦ

2279 4564 2537 4636 παρόντος
2587 4561 2750 4633 μηνός
2792 4556 2877 4613 ἐπὶ
2915 4562 3007 4611 τοῦ
3058 4551 3342 4628 βασιλικοῦ
3401 4548 3646 4624 βήματος
3675 4552 3901 4619 καὶτῆς

2282 4652 2417 4726 ἱερᾶς
2463 4654 2554 4703 καὶ
2622 4651 2760 4710 θείας
2826 4641 3079 4701 συνόδου.
3116 4642 3263 4695 Ἐπεὶ
3294 4636 3354 4694 δὲ
3420 4641 3469 4693 οἱ
3522 4642 3612 4713 μὲν
3647 4638 3895 4714 ῥηθέντες

2279 4741 2560 4813 ἁγιώτατοι
2601 4737 2937 4813 πατριάρχαι
2980 4738 3071 4787 καὶ
3122 4734 3172 4787 οἱ
3218 4731 3390 4785 λοιποὶ
3439 4728 3706 4804 ἀρχιερεῖς
3768 4747 3895 4780 συν-

2277 4830 2432 4891 ῆλθον
2473 4830 2538 4890 εἰς
2595 4831 2653 4882 τὸ
2716 4826 2765 4880 ἐν
2818 4826 3135 4900 Βλαχέρναις
3192 4819 3439 4874 παλάτιον
3463 4862 3478 4887 ,
3506 4823 3596 4871 καὶ
3630 4818 3888 4891 προκαθί-

2279 4940 2462 4982 σαντος
2523 4926 2614 4972 τοῦ
2656 4920 2957 4991 θεοστεφοῠς
2997 4916 3144 4987 ἡμῶν
3211 4910 3592 4984 αὐτοκράτορος
3634 4911 3724 4959 καὶ
3787 4912 3887 4959 τοῦ

2279 5007 2532 5083 συλλόγου
2581 5011 2777 5070 παντὸς
2817 5005 3049 5078 πλήρους
3096 5004 3261 5067 ὄντος,
3286 5003 3351 5053 σὺ
3391 4998 3485 5052 οὐκ
3515 4993 3874 5069 ἒνεδήμησας·

2276 5098 2637 5173 ἀπεστάλημεν
2692 5099 2860 5171 ἡμεῖς,
2905 5096 2971 5155 ὡς
3037 5088 3356 5158 δεδήλωται,
3416 5085 3884 5162 μετακαλέσασθαί

2275 5208 2368 5258 σε,
2438 5186 2512 5262 ἐφ’
2668 5185 3024 5260 ἀνυπερθέτως
3083 5179 3448 5256 παρουσιάσαι
3497 5181 3593 5236 τήν
3649 5179 3883 5248 σήμερον

2273 5277 2357 5332 ἐπὶ
2427 5286 2489 5352 τῇ
2577 5275 2864 5350 ἀναγνώσει
2941 5280 3041 5325 τῶν
3118 5270 3482 5344 σημιωθέντων
3557 5266 3695 5318 κατά
3782 5268 3883 5324 τήν

2272 5458 2564 5535 Equidem
2593 5455 2824 5529 absque
2851 5452 2967 5535 hoc
2997 5449 3308 5535 synodalia
3329 5446 3641 5535 scriptura
3659 5456 3879 5535 33313-

2266 5515 2746 5604 plo,;_nunquam‘
2756 5515 3071 5604 putassem
3093 5522 3331 5582 Latinos
3361 5536 3397 5579 a
3417 5515 3636 5576 Gracia
3659 5515 3762 5587 huj
3773 5530 3872 5571 us-

2266 5598 2435 5661 inodi
2456 5598 2692 5661 titulum
2722 5598 3085 5673 sumpsisse.
