4148 6398
555 284 654 338 199

550 501 1174 660 ευξῗιῖξηιξὸίτοροιὶῑδ.
1217 590 1468 658 Ancyra
1518 581 1857 657 Stephanus
1908 580 2204 638 deﬁniens

548 679 901 752 subscripsi.

620 768 769 824 Vilis
794 766 1174 842 metropolita
1214 765 1407 839 Cyzici
1445 767 1706 823 Joannes
1736 763 2031 821 deﬁniens
2063 761 2203 819 sub-

549 873 782 931 scr1ps1.

621 947 762 1004 Vilis
791 946 1172 1020 metropolita
1198 943 1556 1003 Nicomedia
1575 943 2062 1018 Theophylactus
2096 943 2202 999 de-

546 1038 766 1094 ﬁniens
782 1036 1086 1108 suscripsi.

621 1127 991 1201 Metropolita
1031 1127 1240 1183 Nicaa
1273 1128 1408 1193 Leo,
1444 1140 1804 1197 quanquam
1851 1123 1991 1180 huic
2049 1140 2202 1197 qua-

548 1217 731 1273 stioni
786 1215 1145 1273 ventilanda
1187 1231 1306 1271 non
1340 1214 1601 1284 interfui,
1647 1214 1722 1270 de
1778 1230 1903 1286 qua
1944 1213 2006 1269 in
2054 1229 2204 1287 pra-

550 1305 705 1363 senti
725 1305 1159 1362 commentario
1173 1304 1386 1374 agitur,
1405 1302 1797 1359 nihilominus
1818 1302 2202 1359 consentiens

548 1393 834 1466 praesenti
859 1393 1079 1449 actioni
1104 1396 1161 1448 et
1188 1392 1317 1465 ipse
1348 1391 1701 1463 subscripsi.

620 1481 758 1538 Vilis
816 1480 1198 1554 metropolita
1252 1480 1662 1548 Chalcedonis,
1725 1479 1832 1536 etsi
1894 1479 2202 1553 indignus,

550 1571 971 1628 Constantinus
1022 1571 1403 1627 consentiens
1463 1573 1521 1626 et
1590 1569 1722 1642 ipse
1780 1570 2007 1643 pariter
2063 1570 2205 1627 sub-

547 1677 781 1733 scripm.

615 1751 758 1808 Vilis
785 1751 1165 1823 metropolita
1190 1749 1342 1807 Sida
1365 1752 1628 1807 Joannes
1659 1749 1787 1822 ipse
1816 1765 2063 1823 quoque
2106 1749 2206 1807 de-
2240 1762 2281 1817 Β

543 1838 767 1898 ﬁniens
799 1841 1153 1914 subscripsi.

617 1928 761 1986 Vilis
785 1929 1275 2002 archiepiscopus
1324 1929 1723 2002 metropoleos
1765 1929 2205 1986 Thessalonica

549 2019 749 2087 Calus,
786 2019 868 2075 ita
901 2034 1138 2091 semper
1166 2034 1275 2091 per
1306 2018 1405 2074 Dei
1448 2019 1705 2087 gratiam
1755 2019 1917 2075 sensi
1969 2023 2028 2075 et
2073 2034 2206 2075 sen-

548 2108 654 2178 tio,
683 2108 863 2164 docui
892 2114 950 2166 et
977 2101 1208 2177 doceo;
1259 2112 1318 2164 et
1358 2108 1442 2163 sic
1499 2124 1690 2179 usque
1731 2108 1811 2164 ad
1866 2108 2001 2165 vita
2054 2123 2205 2165 mea

548 2197 911 2256 miseranda
952 2197 1275 2254 terminum
1303 2198 1521 2253 sentire
1548 2203 1608 2253 et
1634 2197 1852 2253 docere
1875 2197 2201 2270 spondens,

548 2286 635 2343 uti
663 2287 725 2342 in
756 2286 1036 2359 praesenti
1068 2291 1233 2342 tomo
1274 2285 1634 2352 continetur,
1676 2291 1921 2341 secutus
1966 2290 2202 2341 caetero-

547 2389 686 2430 rum
717 2374 1064 2447 exemplum
1083 2375 1216 2446 ipse
1238 2388 1485 2445 quoque
1527 2373 1823 2429 deﬁniens
1846 2374 2203 2444 subscripsi.

621 2463 762 2519 Vilis
792 2462 1174 2536 metropolita
1203 2462 1667 2534 Claudiopoleos
1709 2463 2028 2533 Gregorius
2058 2462 2204 2518 deﬁ-

546 2552 721 2609 niens
755 2552 1104 2624 subscripsi.

620 2641 874 2698 Humilis
935 2642 1257 2714 episcopus
1335 2639 1735 2697 sanctissima
1795 2641 2206 2714 metropoleos

545 2733 951 2787 Neocasarea
971 2729 1268 2786 deﬁniens
1301 2729 1653 2801 subscripsi.

617 2819 758 2875 Vilis
840 2818 1223 2892 metropolita
1287 2818 1596 2875 Laodicea
1657 2817 1832 2874 Calus
1906 2818 2206 2876 deﬁniens

546 2908 901 2982 subscripsi.

616 2997 765 3055 Vilis
804 2997 1296 3070 archiepiscopus
1324 2996 1731 3069 metropoleos
1763 2997 2031 3055 Corinthi
2060 2998 2207 3054 deﬁ-

541 3088 717 3145 niens
745 3087 1097 3160 subscripsi.
1761 3128 1769 3137 .

618 3176 758 3233 Vilis
787 3177 1111 3248 episcopus
1157 3174 1565 3247 metropoleos
1615 3174 1994 3234 Athenarum
2035 3179 2211 3235 Geor-

546 3266 681 3338 gius
701 3266 996 3322 deﬁniens
1018 3264 1375 3337 subscripsi.

619 3354 758 3410 Vilis
779 3353 1160 3426 metropolita
1198 3351 1550 3409 Amastridis
1577 3355 1842 3411 Joannes
1904 3356 2207 3414 deﬁniens

546 3443 902 3516 subscripsi.

616 3533 757 3589 Vilis
833 3531 1215 3605 metropolita
1277 3533 1652 3589 Mocesorum
1725 3534 1840 3588 Leo
1910 3534 2209 3592 deﬁniens

545 3623 896 3695 subscripsi.

617 3712 757 3768 Vilis
798 3710 1181 3785 metr0polita
1242 3715 1555 3767 Patrarum
1602 3712 2054 3781 Constantinus,
2101 3713 2211 3770 etsi

542 3802 726 3873 hujus
771 3801 1122 3876 quaestionis
1179 3802 1444 3857 examini
1501 3815 1897 3873 nequaquam
1923 3803 2207 3873 ginterfui,

544 3894 746 3949 tamen
776 3891 1160 3949 consentiens
1194 3890 1477 3963 prasenti
1529 3889 1751 3947 actioni
1794 3894 1853 3947 et
1900 3892 2037 3965 ipse
2067 3892 2208 3949 sub-

542 3982 778 4054 scripsi.

611 4070 752 4126 Vilis
783 4068 1165 4141 metropolita
1205 4068 1453 4123 Larissa
1497 4068 1787 4138 Georgius
1816 4076 1880 4125 et
1901 4069 2029 4140 ipse
2057 4070 2207 4126 deﬁ-

540 4158 713 4215 niens
739 4157 1087 4231 subscripsi.

614 4247 760 4302 Vilis
789 4247 1107 4318 episcopus
1137 4247 1569 4320 Nicopolitana
1603 4251 1832 4302 sancta
1872 4247 1975 4302 Dei
2017 4248 2208 4303 Eccle-

542 4337 645 4393 sia
669 4336 925 4392 Basilius
947 4340 1004 4393 et
1027 4339 1154 4409 ipse
1184 4337 1542 4407 subscripsi.

1818 276 1821 279 “
1909 272 2180 334 ΝΙΟΕΤΑΞ
2222 273 2597 334 ΟΗΟΝΙΑΤᾸΞ

621 410 762 467 Vilis
810 406 1190 482 metropolita
1247 402 1538 462 Heracleae
1614 405 1817 459 Petrus
1908 401 2200 458 deﬁniens
2234 403 2281 456 Α

3802 282 3935 337 200

2381 401 2440 455 '0
2471 401 2677 467 εὖτελης
2709 400 3098 478 μητροπολίτης
3126 402 3430 476 Ἡρακλείας
3491 408 3687 479 Πέτρος
3727 406 3933 478 ὁρίσας

2312 493 2612 566 ὑπέγραψα.

2380 582 2439 635 '0
2470 582 2673 646 εὐτελὴς
2701 582 3089 659 μητροπολίτης
3140 583 3394 658 Ἀγκὺρας
3450 588 3697 658 Στέφανος
3732 586 3932 659 ὁρίσας

2312 672 2613 747 ὑπέγραψα.

2380 760 2438 814 '0
2478 760 2679 824 εὐτελὴς
2704 761 3094 838 μητροπολίτης
3126 762 3358 825 Κυζίκου
3409 763 3654 825 Ἰωάννης
3728 766 3928 839 ὁρίσας

2311 851 2616 925 ὑπέγραψα.

2382 940 2441 993 '0
2480 941 2676 1004 εὐτελὴς
2729 940 3113 1016 μητροπολίτης
3151 938 3508 1017 Νικομηδείας
3555 942 3929 1017 Θεοφὺλακτος

2311 1031 2496 1104 ὁρίσας
2521 1029 2821 1106 ὑπέγραψα.
3468 1104 3475 1111 ο

2380 1118 2440 1172 '0
2495 1120 2884 1193 μητροπολίτης
2938 1124 3164 1183 Νικαίας
3227 1124 3390 1191 Λέων,
3446 1120 3623 1174 εἶκαὶ
3666 1126 3739 1195 μὴ
3790 1142 3934 1197 παρ-

2312 1219 2439 1284 ῆμεν
2479 1209 2564 1264 ἐπὶ
2594 1219 2656 1284 τῇ
2701 1211 2921 1272 ζητήσει
2977 1218 3067 1273 τῆς
3128 1215 3401 1285 παρούσης
3458 1213 3770 1279 ὑποθέσεως,
3842 1214 3931 1288 ἐρ’

2312 1301 2344 1374 ᾖ
2376 1305 2467 1354 καὶ
2505 1303 2564 1353 τό
2602 1305 2765 1375 παρόν
2806 1306 3086 1375 σημείωμα
3129 1304 3356 1374 γέγονεν,
3415 1300 3545 1356 ἀλλὰ
3596 1311 3825 1356 στοικῶν
3856 1312 3927 1378 τῇ

2309 1392 2555 1465 παρούσῃ
2596 1390 2781 1465 πράξει
2820 1390 3102 1464 ὑπέγραψα
3136 1396 3227 1445 καὶ
3257 1392 3432 1454 αὑτός.

2381 1480 2441 1533 '0
2489 1480 2691 1542 εὐτελὴς
2745 1481 3132 1555 μητροπολίτης
3169 1478 3528 1551 Χαλκηδόνος,
3582 1483 3627 1536 εἰ
3663 1486 3753 1537 καὶ
3799 1483 3934 1539 ἀνοί-

2308 1570 2441 1637 ξιος,
2520 1577 2908 1633 Κωνσταντῖνος
2984 1574 3286 1643 στοιχήσας
3346 1575 3436 1625 καὶ
3507 1571 3664 1636 αὑτός
3731 1572 3934 1647 ὁμοίως

2313 1660 2612 1734 ὒπὲγραψα.

2381 1749 2441 1803 '0
2490 1749 2696 1811 εὐτελὴς
2724 1749 3112 1825 μητροπολίτης
3154 1747 3315 1814 Σίδης
3355 1751 3591 1814 Ἰωάννης
3629 1756 3716 1805 καὶ
3763 1752 3934 1815 αὑτός

2314 1843 2495 1917 ὁρίσας
2532 1839 2835 1915 ὑπέγραψα.

2382 1930 2441 1983 '0
2470 1929 2677 1991 εὐτελὴς
2727 1928 3140 2004 ἁρχιεπίσκοπος
3204 1939 3300 1994 τῆς
3355 1932 3721 2007 μητροπόλεως
3789 1936 3935 1986 Θεσ-

2317 2020 2594 2082 σαλονίκης
2640 2019 2826 2089 Κάλος,
2854 2020 2988 2072 οὑτω
3020 2027 3154 2073 Θεοῦ
3202 2022 3427 2092 χάραιτι
3457 2026 3721 2096 φρονήσας
3749 2042 3804 2075 τε
3831 2028 3934 2077 καὶ

2316 2118 2502 2184 φρονῶ,
2565 2106 2841 2161 διδάσκων
2883 2128 2936 2162 τε
2990 2115 3081 2162 καὶ
3125 2106 3369 2177 διδάξας,
3420 2114 3510 2164 καὶ
3557 2110 3692 2185 ἄχρι
3748 2111 3936 2173 τέλους

2314 2207 2411 2260 τῆς
2440 2197 2659 2261 ἐλεεινῆς
2710 2218 2811 2271 μου
2862 2198 3001 2262 ζωῆς
3049 2206 3247 2273 φρονεῖν
3283 2219 3337 2252 τι
3388 2205 3475 2252 καὶ
3528 2197 3807 2253 διδάσκειν
3830 2221 3936 2254 κα-

2314 2291 2661 2361 τατιθέμενος,
2739 2290 2804 2349 ὡς
2872 2287 2920 2341 ἓν
3011 2296 3081 2359 τῷ
3121 2293 3340 2363 παρόντι
3389 2294 3533 2363 τόμῳ
3592 2287 3935 2361 διείληπται,

2317 2376 2608 2438 ἀκολούθως
2656 2385 2768 2439 τοῖς
2811 2377 2983 2439 ἄλλοις
3048 2382 3139 2430 καὶ
3183 2378 3340 2440 αὑτός
3396 2377 3578 2452 ὁρίσας
3616 2379 3931 2454 ὑπέγραψα.

2386 2467 2444 2520 '0
2492 2466 2700 2529 εὐτελὴς
2765 2466 3152 2541 μητροπολίτης
3196 2463 3661 2531 Κλαυδιουπόλιως
3717 2474 3929 2542 Γρηγὸ-

2317 2576 2427 2631 ριος
2458 2559 2643 2632 ὁρίσας
2666 2556 2967 2631 ὑπέγραψα,

2386 2648 2446 2701 '0
2501 2653 2746 2709 ταπεινῆς
2796 2647 3081 2709 ἐπίσκοπος
3134 2654 3226 2708 τῆς
3293 2645 3586 2719 ἁγιωτάτης
3658 2656 3937 2724 μητροπό-

2315 2738 2436 2798 λεως
2455 2742 2868 2813 Νεοκαισαρείας
2897 2736 3082 2812 ὁρίσας
3102 2736 3402 2812 ὑπέγραψα.

2387 2827 2447 2880 '0
2481 2826 2690 2890 εὐτελὴς
2726 2826 3111 2903 μητροπολίτης
3168 2822 3489 2890 Λαοδικείας
3540 2826 3703 2889 Κοίλος
3739 2827 3926 2902 ὁρίσας

2318 2916 2620 2992 ὑπέγραψα.

2387 3006 2447 3059 '0
2511 3007 2714 3069 εὐτελὴς
2783 3005 3202 3082 ἁρχιεπίσκοπός
3279 3026 3333 3068 τς
3395 3006 3760 3082 μητροπόλεως
3831 3014 3933 3061 Ko-

2250 3117 2291 3174 ρ
2317 3097 2506 3171 ρίνθοὺ
2537 3096 2718 3169 ὁρίσας
2748 3095 3053 3170 ὑπέγραψα.

2385 3183 2445 3238 '0
2472 3185 2668 3247 εὐτελὴς
2705 3188 2986 3246 ἐπίσκοπος
3002 3194 3099 3248 τῆς
3134 3185 3475 3259 μητροπόλως
3502 3188 3728 3246 Ἀθηνῶν
3760 3193 3934 3263 Γεωρ-

2316 3294 2431 3350 γιρς
2461 3277 2646 3349 ὁρίσας
2684 3274 2988 3351 ὑπέγραψα·

2386 3362 2446 3416 Ὀ
2511 3363 2715 3425 εὐτελὴς
2788 3363 3171 3439 μητροπολίτης
3244 3361 3602 3441 Ἀμοίστριδος

2319 3455 2506 3530 ὁρίσας
2530 3453 2835 3527 ὑπέγραψα.

2388 3541 2447 3594 '0
2492 3541 2693 3604 εὐτελὴς
2753 3540 3139 3616 μητροπολίτης
3191 3549 3468 3601 Μωκησῶν
3524 3547 3668 3597 Λέων
3735 3546 3932 3618 ὁρίσα;

3685 3366 3898 3428 Ἰωάννη
3914 3389 3938 3431 ς

2319 3631 2617 3706 ὑπέγραψα.

2388 3720 2447 3774 '0
2505 3720 2709 3783 εὐτελὴς
2765 3720 3155 3793 μητροπολίτης
3229 3727 3445 3791 Πατρῶν
3514 3728 3931 3795 Κωνσταντῖνος,

2319 3809 2365 3862 εἰ
2417 3814 2507 3862 καὶ
2548 3813 2618 3882 μὴ
2665 3816 2902 3881 παρῆμεν
2982 3808 3065 3861 ἐπὶ
3116 3816 3177 3881 τῇ
3228 3809 3452 3870 ζητήσει
3502 3819 3599 3872 τῆς
3646 3815 3934 3885 παρούσης

2317 3900 2635 3969 ὑποθέσεως,
2696 3897 2821 3957 άλλη
2891 3906 3124 3970 στοιχῶν
3191 3906 3255 3971 τῇ
3306 3897 3547 3973 παρούσῃ
3592 3899 3780 3973 πράξέι
3834 3908 3933 3957 καὶ

2316 3991 2469 4050 αὑτὸς
2500 3988 2802 4063 ὑπέγραψα.

2383 4077 2442 4130 '0
2500 4076 2702 4137 εὐτελὴς
2740 4076 3125 4149 μητροπολίτης
3180 4082 3455 4152 Λαρίσσης
3498 4083 3757 4153 Γεὼργιος
3831 4088 3930 4135 καὶ

2316 4166 2474 4226 αὑτός
2504 4167 2688 4240 ὁρίσας
2719 4166 3000 4240 ὑπέγραψα
3011 4209 3024 4221 .

2385 4253 2443 4306 Ὀ
2483 4254 2690 4316 εὐτελὴς
2737 4252 3019 4316 ἐπίσκοπος
3058 4263 3150 4317 τῆς
3181 4254 3228 4308 ἐν
3270 4256 3552 4310 Νικοπολει
3609 4261 3767 4329 αγίας
3822 4267 3926 4313 τοῦ

2318 4350 2449 4395 Θεοῦ
2480 4342 2761 4405 ἐκκλησίας
2788 4342 3054 4407 Βασίλειος
3081 4349 3168 4398 καὶ
3187 4349 3345 4408 αὑτός
3366 4345 3664 4419 ὑπέγραψα.

611 4427 958 4484 Theodorus
986 4427 1120 4483 vilis
1168 4424 1551 4498 metropolita
1602 4424 2019 4498 Philipporum
2062 4426 2205 4483 deﬁ-

2387 4429 2657 4507 Θεὸδωρος
2687 4434 2713 4485 ὁ
2740 4432 2940 4495 εὑτελης
2977 4434 3366 4509 μητροπολίτης
3408 4435 3678 4489 Φιλίππων
3729 4438 3927 4511 ὁρίσας

537 4517 711 4574 niens
735 4516 1086 4590 subscripsi.

610 4606 895 4678 Georgius
948 4605 1082 4662 vilis
1125 4602 1508 4676 metropolita
1550 4604 1851 4675 {Apamea
1903 4601 2203 4662 deﬁniens

539 4694 897 4769 subscripsi.

606 4783 744 4840 Vilis
800 4781 1186 4855 metropolita
1229 4780 1504 4853 Corcyra
1580 4779 2009 4837 Constantinus
2058 4783 2199 4840 deﬁ-

534 4874 710 4931 niens
733 4872 1088 4944 subscripsi.

606 4962 747 5019 Vilis
786 4959 1172 5032 metropolita
1222 4958 1587 5030 Methymna
1645 4958 1891 5016 Michael
1947 4976 2199 5020 consen-

532 5053 685 5110 tiens
705 5050 1121 5121 deﬁniensque
1159 5046 1512 5119 subscripsi.

603 5143 869 5197 Joannes
890 5138 1025 5195 vilis
1046 5135 1432 5207 metropolita
1470 5137 1826 5194 Paronaxia
1857 5145 1914 5196 et
1940 5140 2069 5213 ipse
2094 5142 2194 5198 de-

532 5229 749 5285 ﬁniens
770 5224 1126 5297 subscripsi.

606 5315 884 5372 Nicolaus
911 5315 1044 5371 vilis
1064 5314 1445 5388 metropolita
1464 5316 1697 5373 Attalia
1719 5317 2014 5378 deﬁniens
2044 5323 2188 5380 sub-

534 5404 773 5476 scripsi.

603 5492 744 5582 Vilis
804 5492 1179 5582 metropolita
1241 5495 1711 5573 Acardiopoleos
1759 5501 2187 5560 Constantinus

533 5580 827 5640 deﬁniens
859 5580 1215 5657 subscripsi.

2314 4520 2595 4595 ὑπέγραψα

2384 4617 2640 4686 Γεωργιος
2686 4613 2711 4664 ὁ
2760 4612 2962 4675 εὐτελὴς
2986 4613 3375 4689 μητροπολίτης
3405 4614 3686 4689 Ἀπαμείας
3733 4616 3926 4687 ὁρίσας

2310 4701 2609 4777 ὑπέγραψα.

2376 4790 2436 4845 Ὁ
2457 4791 2663 4854 εὐτελὴς
2717 4792 3103 4867 μητροπολίτης
3170 4797 3432 4870 Κερκύρας
3464 4800 3789 4863 Κωνσταντῐ,
3824 4814 3918 4858 νος

2307 4882 2492 4956 ὁρίσας
2518 4882 2820 4957 ὑπέγραψα.

2374 4969 2433 5023 '0
2516 4971 2719 5034 εὐτελὴς
2810 4973 3200 5048 μητροπολίτης

2306 5066 2604 5133 στοιχήσας
2633 5066 2723 5115 καὶ
2751 5063 2937 5136 ὁρίσας
2966 5062 3266 5138 ὑπέγραψα.

2379 5151 2613 5211 Ἰωάννης
2651 5152 2676 5203 ὁ
2734 5151 2939 5213 εὐτελής
2987 5151 3381 5225 μητροπαλίτης
3441 5153 3771 5226 Παροναξίας
3820 5158 3913 5207 καὶ

2302 5239 2461 5301 αὑτός
2490 5240 2678 5314 ὁρίσας
2709 5239 3012 5313 ὑπέγραψα.

2369 5329 2897 5392 Νικόλαοςὸεὐτελης
2946 5330 3338 5406 μητροπολίτης
3381 5333 3682 5396 Ἀτταλείας
3719 5333 3911 5407 ὁρίσας

2299 5417 2601 5492 ὔπέγραψα.

2371 5506 2432 5557 Ὀ
2473 5506 2678 5570 εὐτελὴς
2727 5504 3214 5585 Ἀρκαδιονπόλιως
3277 5508 3665 5576 Κωνσταντῖνος
3710 5510 3901 5587 ὁρίσας

2299 5593 2600 5670 ὑπέγραψα.

3291 4975 3585 5047 Μηθύμνης
3678 4974 3917 5046 Μιχαὴλ
