4148 6390
181 320 279 386 z‘oi
1532 309 1886 392 ’ἐπεψῂί
1925 332 2061 392 LIB.
2100 315 2256 390 xxv.
3452 330 3561 399 20-2

253 450 482 526 Μιχαὴλ
531 450 560 505 ὃ
618 435 823 522 sti-relic
869 446 1147 515 ἕτέισιὲοπὸς
1197 456 1414 528 Λήμνου
1474 456 1662 534 ὁρίσας
1701 460 1796 514 ὑπ·
1822 480 1870 534 Α

1974 456 2220 517 Michael
2260 454 2396 515 vilis
2446 446 2764 532 episcopus
2807 448 3012 518 Lemni
3063 452 3361 521 deﬁniens
3416 465 3560 524 sub-

185 543 416 618 ἐγραψαο

1905 547 2134 622 scripsi.

261 633 324 686 ⁸0
361 632 566 695 εὐτελὴς
616 629 1036 708 ἆρχιιπὶσκοπος
1089 642 1183 700 τῆς
1230 633 1507 712 Ἡρακλέος
1549 638 1795 703 Ἀκάχιος

1975 637 2122 694 Vilis
2157 635 2644 712 archiepiscopus
2694 638 2988 698 Heracleas
3041 641 3292 700 Aeacius
3342 658 3555 708 mona-

189 726 431 797 μναχός
458 724 639 796 ὁρίσας
672 723 976 798 ὑπέγραψα.

1904 727 2054 784 chus
2083 726 2375 784 definiens
2407 726 2758 801 subscripsi.

266 812 328 867 Ὀ
357 811 556 874 εὐτελὴς
576 811 997 889 ἀρχιιπίσκοπος
1023 813 1293 890 ’Υρκανίας
1318 819 1582 882 Διονύσιος
1611 817 1796 893 ὁρίσας

1975 815 2113 872 Vilis
2169 816 2656 890 archiepiscopus
2702 814 3014 889 Hyrcaniae
3065 817 3389 893 Dyonisius
3414 822 3558 880 deﬁ-

191 901 498 978 ὑπέγραψα.

1904 905 2075 962 niens
2107 905 2455 978 subscripsi.

269 991 580 1067 Ἀρχιερέων
621 996 820 1056 νείατος
852 993 947 1047 εἰνὶ
994 992 1106 1066 [ita
1157 995 1314 1068 cod.]
1350 992 1486 1070 λόγῳ
1539 993 1638 1058 ἠδὲ
1666 1006 1790 1073 τιμῇ

1973 994 2313 1052 Antistitum
2359 993 2606 1051 ultimus
2637 999 2695 1054 et
2734 1007 3011 1054 sermone
3041 1003 3100 1053 et
3121 997 3371 1068 honore,
3393 999 3561 1072 igno-

195 1087 431 1153 σκεπτὴρ
460 1084 700 1154 νωνύμων
739 1080 1075 1136 Δαλισανδών
1121 1091 1507 1149 Κωνσταντῑνος
1551 1087 1791 1162 ἰσοϐριοῆ

1921 1081 2118 1140 silium
2203 1083 2669 1141 Dalisandorum
2743 1082 3074 1153 excubitor,
3133 1088 3350 1145 mentis
3409 1104 3559 1147 mese

187 1189 287 1243 μοι
311 1173 377 1223 τὰ
402 1171 538 1243 ζυγὰ
566 1179 658 1224 τοῦ
690 1179 780 1224 νοῦ
802 1175 936 1246 φέρω
956 1180 1027 1245 τῷ
1051 1169 1283 1248 δεσπότῃ
1305 1193 1407 1248 μου
1429 1182 1791 1252 Σκουταριώτῃ

1927 1188 2140 1230 ancem
2205 1188 2347 1244 gero
2413 1189 2625 1247 parem
2689 1171 2940 1233 domino
3005 1185 3144 1233 meo
3212 1177 3562 1237 Scutariotaa

184 1255 372 1320 Σίδης.

1909 1262 2005 1319 Sid
2014 1263 2161 1319 ensi.

251 1347 314 1401 ’0
367 1347 581 1414 εὐτελὴς
629 1347 916 1414 ἐπίσκοπος
979 1353 1234 1429 Πατάρων
1300 1358 1556 1429 Γεὼργιος
1612 1355 1796 1432 ὁρίσας

1977 1352 2114 1408 Vilis
2155 1352 2447 1427 epicopus
2504 1356 2855 1413 Putat-orum
2921 1354 3212 1429 Georgius
3260 1355 3565 1417 deﬁniens

178 1435 512 1512 ὑπέγραψα..

1907 1441 2258 1516 subscripsi.

1127 1815 1392 1960 EX
1507 1813 2105 1966 LIBRO
2217 1820 2648 1965 XXV

1063 2127 1440 2193 LECTORI
1481 2129 1918 2194 BEN/VOLO
1959 2130 2368 2195 ANGELUS
2408 2126 2707 2198 MAIUS.

1535 2316 1772 2393 (Script.
1803 2322 1923 2376 vet.
1950 2319 2095 2376 tem.
2129 2319 2244 2392 IV.)

287 2675 334 2726 Ι.
375 2667 673 2728 Ineditam
706 2673 921 2729 Graecae
956 2668 1228 2729 Ecclesiae
1249 2673 1574 2746 synodum,
1598 2673 1900 2747 dogmatis
1923 2674 2215 2744 gravitate
2247 2665 2671 2742 venerabilem,
2693 2669 3174 2745 patriarcharum
3197 2676 3254 2731 et
3283 2677 3586 2749 metropo-

203 2760 533 2817 litanorum
572 2777 828 2818 numero
859 2761 1180 2833 insignem,
1215 2763 1496 2820 Manuelis
1552 2763 1965 2834 gloriosissimi
1992 2765 2237 2820 Caesaris
2294 2763 2610 2835 praesentia
2641 2767 2697 2818 et
2731 2763 2965 2819 actibus
2998 2763 3478 2834 cohonestatam,
3512 2781 3586 2821 ex

202 2851 593 2922 autographo
623 2856 843 2918 vetere,
867 2852 928 2906 in
958 2851 1226 2925 ipsisque
1277 2853 1496 2925 synodi
1538 2852 1948 2926 penetralibus
2000 2853 2271 2907 confecto
2315 2852 2542 2919 codice,
2572 2854 2692 2908 Deo
2731 2851 2988 2919 favente,
3020 2851 3366 2922 vulgamus.
3408 2854 3588 2909 Estis

210 2939 413 2996 codex
459 2941 696 2995 Gnaeus
749 2939 1068 2998 Vaticanus
1095 2943 1255 3004 1176,
1288 2941 1740 3003 membraneus,
1773 2942 1910 3007 in-i,
1934 2941 2138 2996 litteris
2172 2941 2356 3013 paulo
2396 2940 2821 3011 grandioribus
2877 2957 3240 3013 summaque
3271 2941 3590 2998 sedulitate

217 3031 280 3083 ct
303 3026 700 3098 calligrapbia
720 3030 1007 3102 scriptus;
1039 3046 1222 3102 quem
1253 3031 1499 3103 quidem
1529 3031 1671 3087 olim
1695 3031 1840 3086 vidit
1873 3032 1985 3086 Leo
2016 3029 2372 3102 Allatius(t),
2410 3030 2515 3084 sed
2546 3029 2795 3086 ubinam
2822 3030 2871 3085 is
2891 3029 3167 3090 latitaret,
3195 3045 3592 3103 nequaquam

219 3115 712 3182 indicavit,nunc
763 3126 966 3175 autem
997 3119 1058 3175 in
1089 3119 1386 3175 Vaticanze
1433 3119 1811 3176 bibliothecae
1858 3119 2075 3192 pluteis
2118 3119 2406 3192 quarenti
2449 3119 2595 3175 mihi
2642 3118 2815 3175 facile
2846 3119 3092 3175 occurit.
3145 3118 3426 3176 Codicem
3459 3134 3594 3174 esse

215 3206 686 3278 autographum,
717 3207 937 3264 docent
966 3208 1110 3280 ipsa;
1142 3208 1486 3280 episeorum
1516 3214 1838 3281 postremos
1874 3208 2374 3280 subscriptiones,
2405 3208 2747 3265 charactere
2775 3208 3019 3280 proprio
3049 3207 3426 3277 singulorum
3447 3208 3594 3264 satis

211 3296 375 3350 vario
401 3300 460 3350 et
489 3294 718 3351 difﬁcili
738 3304 1018 3353 exaratie.
1040 3301 1287 3370 Insuper
1316 3299 1473 3353 hanc
1505 3297 1780 3370 synodici
1811 3297 2032 3353 codicis
2064 3297 2333 3350 αὑῡεντίαν
2359 3296 3079 3352 demonstrantManuelis
3111 3295 3596 3368 imper.ejusque

215 3384 495 3455 conjugis
523 3385 741 3450 Mariae,
764 3387 823 3441 in
850 3387 1044 3442 fronte
1075 3386 1298 3442 coo‘icis
1351 3403 1500 3444 auro
1532 3393 1588 3443 et
1629 3387 1808 3443 variis
1859 3385 2163 3442 coloribus
2211 3385 2382 3458 picta;
2439 3386 2758 3456 imagines,
2796 3401 2932 3458 quae
2969 3384 3212 3442 nonnisi
3264 3384 3596 3441 viventium

219 3473 562 3546 principum
615 3474 742 3530 ﬁeri
792 3480 1160 3546 potuerunt:
1196 3480 1437 3532 mortuo
1494 3476 1718 3549 quippe
1769 3475 2287 3538 Manuele.rerum
2338 3475 2538 3530 statim
2589 3474 2972 3547 publicarum
3007 3489 3250 3530 summa
3282 3475 3596 3529 conversio

217 3563 372 3618 facta
407 3569 515 3632 est,
549 3570 810 3635 tyranno
863 3564 1073 3620 oborto
1116 3565 1482 3634 Andronico,
1514 3566 1619 3638 qui
1665 3565 1906 3621 Mariam
1955 3569 2290 3634 Augustam
2321 3563 2477 3619 illico
2531 3563 2770 3633 occidit,
2793 3563 3093 3635 pauloque
3135 3566 3271 3636 post
3320 3560 3598 3618 Alexium

216 3668 496 3725 puerum,
526 3653 812 3708 Manuelis
832 3653 1154 3724 haeredem,
1182 3655 1312 3726 pari
1341 3653 1560 3710 scelere
1582 3654 1881 3710 exstinxit.
1917 3653 2138 3709 Eadem
2169 3651 2440 3723 synodus
2469 3656 2666 3708 exstat
2687 3652 2864 3707 etiam
2887 3651 2948 3706 in
2977 3649 3411 3707 recentioribus
3438 3648 3598 3707 Vati-

221 3757 384 3796 cana:
426 3741 809 3797 bibliothecae
854 3742 1188 3806 codicibus,
1219 3758 1439 3814 nempe
1477 3744 1605 3798 Vat.
1640 3748 1764 3806 680,
1798 3746 1936 3812 Reg.
1964 3747 2050 3809 67,
2083 3741 2417 3813 Separatim
2459 3757 2603 3797 vero
2646 3741 3059 3812 dogmaticum
3105 3739 3391 3796 Manuelis
3434 3740 3588 3812 imp.

229 3830 483 3886 edictum
522 3830 806 3886 scribitur
843 3831 904 3886 in
937 3832 1134 3888 Ottob.
1171 3835 1294 3888 309.
1327 3834 1458 3887 Jam
1490 3831 1707 3904 synodi
1736 3831 1918 3902 hujus
1949 3831 2295 3886 historicam
2335 3830 2610 3886 notitiam
2633 3829 2794 3901 apud
2826 3828 3304 3899 Cinnamum(2),
3333 3843 3445 3883 nec
3474 3842 3600 3884 non

229 3919 390 3990 apud
420 3920 775 3976 Choniatam
796 3924 1092 3992 t3),atque
1126 3921 1616 3992 Ephrmmiumw
1631 3921 1827 3990 legere
1855 3920 2251 3976 licetzceetera
2277 3935 2422 3975 vero
2451 3935 2590 3974 cum
2622 3935 2688 3974 ex
2714 3919 2847 3991 ipsa
2873 3917 3124 3980 lectione
3152 3917 3389 3990 synodi,
3411 3931 3596 3990 quam

230 4023 344 4078 ego
372 4010 637 4066 Latinam
673 4009 808 4074 feci,
831 4025 1127 4082 perquam
1159 4010 1354 4066 lucide
1385 4015 1738 4082 appareant,
1770 4009 1936 4066 nolui
1961 4010 2076 4066 hac
2105 4025 2287 4083 super
2310 4025 2373 4064 re
2393 4008 2711 4065 verbosius
2733 4007 2990 4080 praefari.

299 4139 378 4203 tt)
415 4137 501 4191 De
530 4150 800 4192 consens.
824 4133 930 4190 lib.
953 4148 1014 4204 li,
1045 4136 1130 4190 12.

979 4150 1014 4204 ι,
1045 4136 1130 4190 12.
2135 4135 2214 4205 ('2)
2253 4135 2414 4190 Hist.
2446 4149 2543 4202 vn,
2569 4136 2617 4188 5.

290 4213 370 4275 (3)
412 4208 573 4262 Hist.
602 4223 682 4277 γι,
713 4211 765 4261 2.

2129 4209 2210 4277 (4)
2261 4207 2376 4261 Vit.
2410 4206 2635 4263 Caesar.
2657 4221 2711 4261 γ.
2736 4206 2877 4261 4746
2900 4219 3033 4278 sqq.

1660 4470 2178 4565 ΣΥΝΘΔΟΣ

1000 4683 1150 4734 ΠΕΡΙ
1188 4685 1319 4735 ΤΟΥ
1357 4685 1594 4748 ΡΗΤΟΥ,
1637 4684 1770 4752 ΟΤΙ,
1811 4684 1855 4732 Ο
1895 4683 2117 4733 ΠΑΤΗΡ
2155 4683 2410 4734 ΜΕΙΖΩΝ
2449 4683 2592 4731 MOI‘
2631 4680 2845 4730 ΕΣΤΙΝ.

361 5118 691 5183 ΗΑΒΙΤΑ
735 5117 1136 5182 PROPTER
1177 5116 1438 5181 ILLUD
1484 5116 1841 5190 DICTUM,
1891 5116 1999 5193 QU

1891 5115 2124 5193 QUIA,
2169 5107 2466 5178 PATER
2507 5110 2754 5176 MEUS
2796 5106 3074 5174 MAJOR
3115 5107 3247 5172 ΜΕ
3287 5107 3481 5171 EST.

305 5385 557 5448 Ἐκθεσις
613 5395 714 5440 τῶν
793 5388 1136 5461 πραχθέντων
1195 5384 1279 5440 ἐπὶ
1339 5392 1403 5458 τῇ
1469 5385 1692 5447 ζητήσει
1756 5391 1847 5445 τῆς
1883 5391 1922 5444 Β

2031 5381 2335 5456 Expositio
2374 5396 2584 5438 eorum
2627 5395 2765 5453 qure
2805 5383 2974 5449 gesta
3000 5382 3142 5435 sunt
3165 5377 3246 5436 ob
3276 5381 3623 5437 controver-

231 5477 538 5549 ἐξηγήσεως
600 5495 692 5529 του
751 5475 800 5529 ἐν
843 5484 915 5546 τῷ
973 5473 1107 5548 ἁγίῳ
1162 5474 1455 5547 Εὑαγγελίῳ
1511 5473 1853 5550 ἐμφερομένου

1986 5473 2121 5529 siam
2147 5471 2636 5544 interpretatione
2662 5469 2993 5540 sententiae,
3016 5483 3154 5542 quae
3195 5468 3257 5524 in
3303 5467 3624 5540 Evangelia

234 5568 402 5644 ῥητοῦ
434 5575 528 5622 τοῦ
579 5564 830 5626 ἀληθινοῦ
855 5573 992 5620 Θεοῦ
1035 5570 1126 5618 καὶ
1174 5570 1407 5642 Σωτῆρος
1462 5566 1609 5638 ἡμῶν
1677 5563 1854 5625 Ἰησοῦ

1990 5561 2199 5622 )rolata
2226 5561 2442 5635 legitur
2462 5577 2499 5620 a
2526 5569 2671 5617 vero
2704 5561 2823 5617 Deo
2846 5563 2903 5619 et
2926 5559 3237 5618 Servatore
3257 5561 3467 5620 nostro
3489 5557 3628 5614 Jesu

605 5693 860 5752 PATROL.
904 5690 1006 5749 Gn.
1040 5690 1190 5750 CXL.
3094 5686 3127 5744 7
