4148 6402
559 285 662 338 203

1905 282 2176 338 NICETE
2218 278 2587 341 CBONIATE

3826 280 3937 337 204

559 405 808 474 Christo,
835 404 1108 462 videlicet
1122 409 1298 464 Pater
1320 421 1481 462 meus
1508 406 1710 475 major
1736 420 1829 461 me
1861 410 1945 462 est
1972 407 2012 457 ί.
2044 405 2195 461 Reci-

2312 412 2518 479 Χριστο
2572 410 2602 455 ῦ
2659 410 2797 469 τοῦ,
2847 402 2907 455 'O
2956 407 3138 478 Πατήρ
3196 422 3296 475 μου
3370 403 3561 475 μείζων
3636 406 3738 477 μού
3794 403 3930 465 ἔστι,

554 499 715 552 tatur
742 498 943 551 autem
963 495 1263 569 quidquid
1292 498 1472 551 antea
1500 494 1731 549 dictum
1762 494 1870 550 fuit
1899 494 1976 550 ab
2000 495 2070 550 iis
2099 495 2205 568 qui

552 584 718 640 varie
738 584 1094 640 sententiam
1122 583 1288 640 illam
1326 583 1695 655 interpretati
1718 588 1858 638 sunt
1888 602 1899 639 :
1935 588 2113 656 atque
2143 582 2204 638 in

551 669 823 726 medium
851 670 1186 726 afferuntur
1210 676 1561 727 sanctorum
1614 672 1853 726 Patrum
1887 671 2205 728 auctorita-

550 760 674 812 tes:
707 761 836 813 tum
868 774 941 814 ea
960 775 1098 831 quae
1124 759 1343 815 deinde
1371 760 1610 815 decreta
1638 758 1880 814 fuerunt
1904 777 1916 825 ;
1946 775 2057 814 nec
2082 773 2206 813 non

548 844 652 902 illa
677 862 813 919 qua;
827 853 1182 919 postveram
1203 849 1754 921 interpretationem
1781 848 2018 903 decreto
2041 864 2209 903 cons-

548 933 809 1005 titutam,
844 936 1211 994 acciderunt.
1242 940 1546 993 Postremo
1578 935 1838 1008 potentis
1893 935 2205 1008 sanctique

548 1023 707 1095 regis
736 1025 925 1080 nostri
972 1026 1487 1098 Porphyrogeniti,
1514 1028 1920 1081 Romanorum
1950 1026 2207 1096 impera-

550 1112 720 1181 toris,
749 1113 981 1169 domini
1025 1116 1309 1171 Manuelis
1342 1113 1654 1181 Comneni,
1685 1113 2206 1183 religiosissimum

551 1199 812 1258 edictum
846 1203 1110 1275 ponitur.

1136 1329 1347 1385 ACTIO
1386 1331 1621 1387 PRIMA.

2332 493 2571 550 Δηλοῦσα
2626 498 2716 544 καὶ
2755 494 2821 544 τὰ
2869 498 3115 567 πρότερον
3165 495 3255 564 μὲν
3307 492 3590 550 λαληθέντα
3642 496 3786 568 παρὰ
3832 502 3936 546 τῶν

2312 586 2371 634 τὸ
2454 588 2688 633 τοιοῦτον
2759 583 2918 656 ῥητὸν
2996 578 3258 656 διαφόρως
3334 581 3714 655 ἐρμηνευὸντων
3749 627 3764 651 ,

2313 672 2765 745 προκομισθείσας
2823 689 2877 722 τε
2953 676 3182 747 χρήσεις
3247 678 3349 722 τῶν
3420 671 3583 742 ἁγίων
3662 676 3928 748 Πατέρων,

2315 764 2403 811 καὶ
2458 762 2524 810 τὰ
2573 762 2703 830 μετὰ
2758 766 2907 811 τοῦτο
2965 761 3261 831 κυρωθέντα
3289 803 3304 828 ,
3367 758 3496 812 ἀλλὰ
3549 763 3742 814 καὶτὰ
3796 764 3932 832 μετὰ

3834 585 3935 645 τὰς

2315 852 2409 905 τὴν
2462 850 2692 921 κύρωσιν
2746 857 2839 909 τῆς
2891 846 3111 907 ἀληθοῦς
3167 848 3439 923 ἑρμηνείας
3483 851 3920 921 συνενεκχθέντα.

2318 942 2419 989 Καὶ
2461 936 2548 988 ἐπὶ
2599 940 2802 999 τούτοις
2860 940 2918 989 τὸ
2975 944 3067 988 τοῦ
3120 945 3373 1009 κραταιοῦ
3432 942 3522 991 καὶ
3574 938 3726 1009 ἁγίου
3779 940 3930 1011 ἡμῶν

2319 1023 2579 1097 βασιλέως
2653 1029 3144 1100 Πορφυρογεννήτου
3202 1032 3290 1079 καὶ
3370 1028 3750 1101 αὐτοκράτορος
3792 1027 3930 1080 Ῥω-

2315 1119 2505 1185 μαίων,
2559 1122 2720 1180 κυροῦ
2768 1114 3015 1173 Μανουηλ
3074 1122 3167 1166 τοῦ
3223 1121 3492 1189 Κομνηνοῦ
3551 1115 3929 1169 εὐσεϐέστατον

2316 1198 2540 1254 ἳδικτον.

2946 1330 3181 1382 ΠΡΑΞῙΣ
3222 1327 3298 1382 Λ’.

621 1456 671 1506 1.
692 1452 881 1508 Tertio
892 1452 1021 1524 jam
1053 1456 1109 1508 ct
1123 1452 1407 1509 vicesimo
1430 1469 1592 1509 anno
1626 1451 1863 1524 imperii
1898 1455 2195 1523 sceptrum

2387 1448 2452 1504 α’.
2485 1446 2628 1507 Ἤδη
2690 1453 2778 1502 τὸν
2832 1449 2915 1503 ἐπὶ
2974 1460 3045 1522 τῷ
3103 1452 3322 1524 εἰκοστῷ
3368 1460 3465 1516 τῆς
3513 1454 3929 1531 αὐτοκρατορίας

544 1542 779 1595 tenente
822 1540 1088 1597 Manuele
1144 1541 1471 1608 Comneno,
1503 1557 1682 1613 quem
1730 1541 1792 1595 in
1830 1540 1964 1612 ipso
2021 1545 2195 1611 partu

2316 1543 2493 1613 τρίτον
2541 1543 2734 1612 χρόνον
2802 1537 3045 1602 ἀνύοντος
3089 1542 3337 1601 Μανουὴλ
3391 1550 3483 1595 τοῦ
3538 1542 3595 1596 ἐκ
3640 1550 3929 1617 Κομνηνῶν

541 1641 815 1700 purpura
845 1628 1099 1701 excepit,
1127 1629 1419 1701 sapientia
1449 1630 1528 1685 ad
1548 1629 1727 1685 vitale
1743 1628 1949 1683 lumen
1976 1622 2195 1700 protra-

2312 1630 2381 1679 τὰ
2426 1637 2522 1690 τῆς
2579 1627 2856 1700 βασιλείας
2916 1637 3161 1705 σκῆπτρα
3217 1627 3486 1694 διέποντος
3517 1674 3532 1699 ,
3587 1632 3641 1685 ὃν
3679 1637 3932 1709 πορφύρα

539 1717 644 1785 xit,
675 1717 962 1773 fortitudo
1002 1717 1169 1784 aluit,
1195 1718 1348 1773 ﬁdes
1397 1734 1551 1774 verie
1580 1716 1878 1787 religionis
1909 1718 1987 1773 ad
2014 1716 2195 1789 perfe-

2308 1720 2397 1789 μὲν
2454 1720 2510 1769 ἐκ
2583 1726 2850 1792 μητρικῶν
2916 1715 3116 1771 ὠδίνων
3192 1720 3491 1795 παρέλαϐε,
3560 1727 3806 1797 φρόνησις
3864 1721 3929 1778 δὲ

540 1810 699 1862 ctam
725 1810 963 1863 aetatem
994 1806 1310 1879 perduxit;
1347 1822 1533 1878 quem
1589 1812 1655 1862 ut
1702 1805 1991 1862 Davidem
2045 1809 2195 1861 Deus

2308 1804 2621 1878 ἐμαιεύσατο
2656 1850 2670 1873 ,
2719 1812 2809 1858 καὶ
2865 1803 3055 1882 ἀνδρία
3125 1811 3517 1881 ἐτιθηνήσατο,
3572 1816 3663 1864 καὶ
3731 1817 3927 1877 πίστις

2305 1894 2569 1956 εὐσεϐείας
2613 1892 2926 1968 ἠνδρὼσατο
2959 1896 3053 1948 ’ὃν
3107 1900 3243 1949 κατὰ
3284 1902 3371 1949 τὸν
3421 1895 3588 1952 Δαϐίδ
3645 1904 3771 1961 Θεὸς
3824 1900 3922 1964 ἐξ-

2302 1983 2541 2051 ελέξατο,
2599 1985 2668 2044 ὡς
2705 1985 2823 2035 κατ’
2876 1983 3062 2037 ἐκεῖνον
3122 1991 3414 2060 πραότατον
3463 1990 3599 2040 κατὰ
3640 1993 3734 2047 τὴν
3792 1989 3921 2042 ἐαυ-

2300 2079 2392 2123 τοῦ
2419 2068 2644 2146 καρδίαν
2695 2073 3000 2147 εὑράμενος,
3055 2077 3145 2125 καὶ
3182 2078 3313 2147 πρὸς
3362 2079 3455 2134 τὴν
3506 2083 3599 2128 τοῦ
3652 2086 3923 2151 πατρικοῦ

2303 2164 2518 2232 στέφους
2578 2156 2849 2232 διαδοχὴν
2908 2170 3008 2214 τῶν
3056 2160 3105 2213 ἐν
3154 2159 3495 2236 αῦταδέλφοις
3550 2172 3923 2238 πρωτογεννὴ-

2297 2267 2396 2300 των
2446 2253 2712 2321 προέκρινε
2765 2251 2863 2318 (1),
2914 2255 3005 2302 καὶ
3073 2249 3174 2303 ἀπὸ
3232 2250 3487 2304 ἀνατολῶν
3546 2253 3698 2312 ἡλίου
3747 2258 3926 2328 μέχρι

539 1895 886 1968 elegit,quia
906 1911 1081 1969 aeque
1094 1896 1656 1953 mansuetissimum
1676 1911 1806 1952 esse
1827 1895 2126 1965 cognovit,
2142 1900 2200 1951 et

537 1983 617 2040 ad
628 1985 863 2056 paterni
873 1984 1235 2040 diadematis
1246 1984 1638 2041 obtinendam
1650 1985 2059 2040 haereditatem
2072 2000 2196 2040 ma-

530 2074 768 2146 joribus
780 2079 929 2131 natu
944 2074 1230 2131 fratribus
1272 2075 1563 2142 antetulit,
1578 2081 1758 2147 atque
1780 2075 1859 2131 ab
1888 2074 2191 2131 orientali-

530 2163 650 2219 bus
672 2162 869 2236 plagis
896 2178 1090 2235 usque
1117 2163 1197 2220 ad
1222 2179 1514 2220 occasum
1534 2164 1734 2221 relatis
1771 2164 1845 2219 de
1876 2164 2048 2219 hoste
2070 2168 2189 2221 tro-

530 2252 679 2324 panis
730 2252 1195 2318 condecoravit;
1241 2252 1377 2318 hoc,
1425 2253 1695 2326 inquam,
1730 2269 1891 2309 anno
1938 2254 2189 2327 quaestio

531 2356 641 2413 per
668 2340 996 2399 Ecclesiam
1026 2346 1233 2398 coorta
1261 2347 1369 2409 est,
1395 2358 1532 2414 quae
1551 2342 1647 2397 vel
1675 2343 1760 2399 uti
1787 2343 1965 2413 ignea
1989 2342 2188 2400 favilla

530 2430 694 2485 tenui
708 2434 853 2487 nata
878 2430 1194 2503 principio,
1228 2430 1595 2501 augentibus
1617 2431 1759 2486 hinc
1784 2431 1925 2487 inde
1954 2436 2185 2487 contra-

527 2517 759 2575 riarum
785 2519 1051 2591 partium
1073 2519 1477 2590 spiritibus,in
1500 2519 1800 2575 excelsam
1826 2520 2020 2575 facem
2042 2535 2188 2577 eva-

531 2607 632 2678 sit;
664 2623 861 2680 neque
892 2608 1088 2665 solum
1132 2608 1508 2682 episcopales
1543 2608 1717 2665 sedes
1750 2609 2056 2681 corripuit,
2088 2625 2188 2666 ve-

530 2712 671 2754 rum
708 2698 891 2754 etiam
930 2698 1303 2755 monasticos
1340 2704 1531 2754 coetus
1574 2697 1821 2764 invasit;
1852 2714 2051 2771 neque
2076 2699 2189 2754 hos

530 2787 974 2860 tantummodo,
998 2787 1106 2843 sed
1158 2787 1339 2844 etiam
1389 2787 1782 2857 magistratus
1832 2793 1890 2843 et
1935 2787 2183 2856 aulicos,

534 2881 813 2933 senatum
835 2876 1015 2934 simul
1031 2881 1089 2933 et
1105 2893 1316 2934 omnes
1331 2877 1437 2949 qui
1463 2876 1627 2948 regio
1644 2876 1705 2931 in
1726 2876 1951 2950 palatio
1983 2894 2189 2934 versa-

528 2964 773 3022 bantur.
800 2966 1011 3023 Cuncti
1028 2965 1306 3021 videlicet
1331 2966 1483 3021 mira
1514 2965 1843 3037 pertinacia
1862 2971 1920 3022 et
1956 2966 2190 3023 fervore

531 3054 960 3111 ardentissimo
999 3054 1079 3111 ad
1114 3054 1379 3111 veritatis
1416 3054 1809 3127 rapiebantur
1846 3056 2188 3127 vestigatio-

528 3146 902 3217 nem.Neque
919 3145 1212 3201 hactenus
1232 3144 1632 3201 contentionis
1642 3143 1890 3203 ﬂamma
1909 3146 2188 3218 substitit,

533 3231 644 3287 sed
657 3232 736 3287 ad
752 3233 1111 3305 popularem
1134 3249 1380 3307 quoque
1401 3234 1643 3290 turbam
1665 3233 1978 3307 plebisque
1999 3235 2191 3291 fecem

535 3318 1045 3377 devenit.lnitium
1066 3322 1420 3393 quaestionis
1443 3321 1554 3380 fuit
1581 3339 1655 3379 ex
1685 3322 1846 3380 dicto
1871 3323 1995 3379 veri
2021 3324 2121 3380 Dei
2136 3328 2194 3379 et

536 3410 871 3467 Servatoris
899 3411 1092 3467 nostri
1127 3412 1266 3469 Jesu
1314 3412 1543 3480 Christi,
1572 3429 1757 3486 quem
1784 3413 1849 3469 in
1892 3412 2193 3470 Passionis

531 3503 709 3557 nocte
747 3499 1078 3574 discipulos
1130 3500 1538 3574 alloquentem
1568 3501 1735 3576 apud
1763 3502 2193 3574 evangelistam

532 3592 828 3646 Joannem
857 3589 1208 3661 theologum
1237 3591 1367 3647 haec
1418 3591 1613 3649 dicere
1640 3591 2050 3664 comperimus
2083 3608 2095 3646 :
2129 3590 2195 3648 Si

534 3681 866 3749 diligeretis
903 3694 1015 3746 me,
1046 3678 1387 3751 gauderem
1416 3681 1642 3752 utique,
1669 3680 1831 3752 quod
1859 3681 1995 3736 dixi
2029 3680 2193 3737 vobis

534 3784 629 3826 me
646 3772 734 3826 ire
753 3770 835 3826 ad
859 3769 1108 3826 Patrem
1122 3788 1146 3835 ;
1165 3771 1310 3841 quia
1329 3771 1508 3827 Pater
1525 3786 1688 3827 meus
1710 3771 1912 3840 major
1935 3785 2028 3826 me
2048 3776 2130 3826 est
2149 3771 2192 3824 ².

532 3859 966 3930 Ambigebatur
994 3860 1216 3934 itaque,
1242 3875 1515 3933 quanam
1543 3861 1775 3916 ratione
1795 3875 1991 3932 quove
2013 3875 2196 3915 sensu

530 3949 731 4020 major
760 3949 988 4006 Christo
1017 3954 1189 4025 pater
1218 3947 1642 4021 appellaretur.

529 4045 648 4098 ταῖς
678 4038 870 4110 ὁμιλῶν
896 4039 1043 4109 παρά
1060 4046 1133 4107 τῷ
1154 4036 1494 4110 εὖαγγελιστῇ
1530 4038 1740 4110 Ἰωάννῃ
1784 4042 1875 4089 καὶ
1916 4037 2140 4109 θεολόγῳ
2186 4033 2348 4102 λέγων
2374 4030 2675 4101 εὑρίσκεται
2709 4047 2720 4059 ·
2762 4030 2824 4082 Εἰ
2867 4031 3109 4102 ἠγαπᾶτέ
3149 4030 3470 4106 με,ἐχάρητε
3521 4034 3603 4103 ἄν,
3628 4032 3708 4085 ὃτι
3747 4031 3916 4105 εἶπον,

532 4130 828 4201 Πορεύομαι
859 4129 991 4198 πρὸς
1026 4129 1113 4178 τὸν
1158 4130 1365 4200 Πατέρα
1397 4143 1409 4155 ο
1439 4126 1520 4178 ὃτι
1550 4126 1577 4177 ὁ
1608 4130 1788 4202 Πατήρ
1840 4146 1940 4198 μου
1994 4127 2186 4199 μείζων
2236 4139 2335 4194 μου
2381 4117 2515 4172 ἐστι.
2544 4125 2661 4178 Πῶς
2700 4114 2788 4169 οὖν
2818 4124 2908 4171 καὶ
2959 4122 3095 4172 κατὰ
3148 4140 3267 4173 τινα
3315 4127 3505 4197 τρόπον
3552 4127 3641 4175 καὶ
3680 4124 3794 4175 οἷαν
3825 4130 3918 4184 τὴν

542 4212 785 4287 ἱκδοχὴν
824 4214 1015 4287 μείζων
1045 4214 1205 4268 αὐτου
1235 4217 1262 4267 ὁ
1294 4219 1476 4288 Πατὴρ
1511 4215 1832 4287 ὠνόμασται,
1868 4212 2163 4289 διηπόρητο
2195 4214 2290 4283 (2).

604 4308 666 4360 2.
700 4303 812 4360 Alii
852 4303 1101 4377 quidem
1136 4303 1614 4376 pertinacissime
1668 4304 1854 4360 verba
1904 4304 2032 4359 hac
2061 4318 2199 4375 pro-

536 4394 817 4452 nuntiata
847 4392 1256 4463 afﬁrmabant,
1301 4398 1601 4465 quatenus
1639 4395 1808 4449 Pater
1856 4408 2045 4450 causa
2090 4391 2201 4447 fuit

539 4490 781 4543 aeternae
810 4488 869 4541 et
896 4484 1133 4556 absque
1166 4483 1464 4556 principio
1489 4487 1547 4538 et
1569 4481 1932 4538 venerandae
1959 4481 2087 4537 Filii
2114 4480 2198 4536 di.

536 4575 809 4633 vinitatis
833 4573 896 4630 in
924 4573 1126 4645 prima
1139 4571 1451 4628 nativitate
1475 4587 1487 4624 :
1513 4576 1571 4627 et
1591 4571 1856 4643 aliquem
1878 4586 1952 4625 ex
1974 4569 2198 4626 sanctis

536 4663 811 4721 Patribus
859 4678 971 4736 pro
1016 4678 1082 4718 se
1130 4660 1534 4733 proferebant,
1566 4661 1676 4731 qui
1729 4660 1792 4715 id
1841 4659 2070 4715 dictum
2113 4658 2197 4714 sic

536 4753 734 4811 fuerat
760 4754 1219 4824 interpretatus:
1247 4764 1447 4821 neque
1472 4747 1790 4805 ferendum
1824 4748 2075 4804 omnino
2100 4748 2196 4819 ju-

538 4844 845 4910 dicabant,
861 4841 1034 4897 sicuti
1057 4840 1288 4912 aliquot
1315 4837 1703 4895 ecclesiastici
1724 4840 1999 4894 doctores
2029 4837 2196 4893 intel-

538 4930 1138 4999 lexerant,Christum
1165 4943 1405 5001 nempe,
1444 4928 1627 4984 etiam
1674 4927 1755 4983 ob
1784 4943 1960 4984 suam
1984 4927 2198 4985 huma-

1196 5070 1218 5104 ²
1255 5066 1403 5124 ibid.

2299 2334 2518 2410 δυσμῶν
2567 2346 2677 2400 τοῖς
2720 2340 2837 2392 κατ’
2897 2338 3101 2414 ἐχθρῶν
3159 2346 3426 2414 τροπαίοις
3484 2342 3724 2416 ἐσέμνυνε
3757 2363 3771 2376 ’
3801 2350 3925 2399 τότε

2298 2426 2367 2485 δὴ
2439 2432 2554 2480 τότε
2613 2429 2825 2501 ζήτημά
2875 2449 2928 2480 τι
2972 2434 3100 2504 πρὸς
3146 2434 3310 2502 μέσην
3375 2431 3686 2490 Ἐκκλησίαν
3743 2432 3923 2487 ἐνέπε-

2299 2534 2424 2569 σεν·
2479 2518 2505 2568 ὅ
2557 2523 2671 2587 καὶ,
2729 2521 2865 2570 κατὰ
2915 2522 3037 2580 τοὺς
3092 2524 3185 2571 τοῦ
3238 2524 3405 2594 πυρὸς
3461 2524 3751 2597 σπινθῆρας
3809 2522 3921 2575 ἀπο

2300 2604 2544 2679 βραχέων
2576 2604 2872 2681 ἀρχάμενον
2920 2615 3032 2671 τοῖς
3075 2617 3172 2661 τῶν
3221 2609 3276 2672 ἔξ
3329 2609 3499 2683 ἑτέρας
3553 2614 3680 2680 πρὸς
3737 2612 3920 2686 ἑτέραν

2299 2691 2602 2747 ἀντιθέσεων
2668 2699 2997 2768 πνεύμασιν,
3068 2695 3151 2749 ἐπὶ
3214 2701 3416 2773 πυρσὸν
3478 2698 3750 2763 κατέληξεν
3828 2700 3916 2753 έν-

2298 2788 2506 2857 αέριον,
2558 2789 2647 2837 καὶ
2696 2785 2868 2837 οὐκέτι
2927 2790 3080 2860 μόνον
3156 2792 3272 2861 περὶ
3328 2792 3449 2851 τοὺς
3502 2787 3911 2864 ἀρχιερατικούς

2300 2874 2569 2944 σταθμοὺς
2620 2874 2986 2943 ῦπανὴπτετο,
3038 2872 3146 2926 ἀλλ’
3202 2871 3309 2934 ἠδη
3372 2881 3463 2928 καὶ
3505 2880 3590 2929 τὸν
3633 2885 3733 2929 τῶν
3766 2880 3907 2951 ἱερω-

2301 2965 2461 3033 μένων
2513 2961 2799 3033 κατάλογον
2860 2961 3123 3036 ἐπενέμετο
3157 2982 3171 2996 ο
3226 2969 3317 3017 καὶ
3380 2966 3440 3017 οὐ
3492 2973 3674 3019 τοῦτον
3732 2972 3914 3039 μόνον,

2303 3048 2431 3100 ἀλλὰ
2486 3053 2576 3101 καὶ
2641 3049 2799 3111 ὅσους
2863 3059 2963 3102 τῶν
3034 3050 3240 3104 ἐντελῶν
3315 3052 3478 3125 αὐχεῖ
3522 3056 3589 3107 τὰ
3640 3053 3912 3126 βασίλεια,

2305 3136 2597 3209 σύγκλητόν
2652 3157 2705 3190 τε
2760 3137 2890 3211 οἶμα,

2221 3104 2262 3160 C

2976 3144 3066 3192 καὶ
3138 3144 3261 3202 τοὺς
3311 3140 3479 3203 ἄλλως
3555 3144 3621 3196 τὰ
3695 3142 3920 3220 λαμπρὰ

2300 3227 2702 3298 περιπολοῦντας
2765 3226 3027 3301 ἀνάκτορα
3054 3273 3070 3299 ,
3121 3229 3165 3282 εἰ
3230 3235 3319 3284 καὶ
3386 3236 3458 3304 μὴ
3518 3235 3717 3295 πάντας
3768 3231 3915 3305 εἶχεν

2303 3315 2735 3390 ἐκτεφρουμένους
2828 3322 2918 3370 καὶ
3014 3317 3291 3392 λυομένους
3326 3362 3344 3390 ,
3446 3319 3918 3397 ἀνθρακιζομένους

2305 3402 2365 3458 δέ
2429 3424 2572 3467 τινας
2618 3405 2807 3477 μᾶλλον
2865 3416 2938 3478 τῷ
2991 3426 3081 3459 του
3132 3416 3228 3471 τῆς
3282 3408 3526 3471 ἀληθείας
3593 3413 3776 3487 ἔρωτος
3817 3410 3916 3485 ἐμ-

2303 3496 2619 3567 πυρεύματι.
2653 3494 2728 3546 Οὐ
2760 3499 2924 3570 μέχρι
2973 3492 3033 3548 δὲ
3083 3499 3269 3550 τούτου
3301 3501 3367 3550 τὰ
3394 3508 3487 3560 τῆς
3540 3498 3726 3570 φλογὸς
3769 3519 3917 3572 περι-

2308 3587 2491 3635 ίστατο
2518 3625 2531 3651 ,
2593 3581 2719 3635 ἀλλά
2756 3603 2815 3656 γε
2859 3590 2948 3637 καὶ
3001 3588 3088 3638 τὸν
3132 3585 3370 3658 ἀγελαῖον
3428 3588 3588 3660 ὄχλον
3641 3596 3732 3643 καὶ
3785 3593 3912 3662 σύρ-

2307 3691 2446 3745 φακα
2495 3680 2589 3735 τῆς
2656 3672 2841 3726 ἑαυτου
2919 3681 3176 3748 πυρκαῑᾶς
3233 3674 3425 3729 ἐτίθετο
3498 3683 3782 3753 παρέργου.
3837 3682 3911 3732 Τὸ

2307 3758 2367 3814 δὲ
2400 3765 2608 3835 ζήτημα
2657 3768 2775 3838 περὶ
2832 3771 2929 3825 τῆς
2968 3783 3059 3815 του
3114 3763 3362 3822 ἀληθινοῦ
3422 3774 3556 3820 Θεοῦ
3608 3772 3699 3820 καὶ
3742 3774 3918 3827 Σωτῆ-

2307 3870 2393 3926 ρος
2440 3850 2585 3923 ἠμῶν
2624 3852 2806 3909 Ἰησοῦ
2855 3860 3089 3927 Χριστοῦ
3140 3862 3311 3926 φωνῆς
3364 3853 3542 3929 ἀρχῆς
3598 3854 3653 3907 ἐκ
3698 3862 3919 3928 πρώτης

2298 3937 2655 4014 προῦϐέϐλητο
2691 3961 2702 3973 -
2756 3944 2817 3998 ἤν
2866 3949 2927 4013 τῇ
2990 3961 3081 3993 του
3125 3944 3327 4004 πάθους
3382 3949 3531 4003 νυκτὶ
3577 3950 3683 4005 τοῖς
3742 3949 3920 4017 μαθη-

2381 4293 2456 4366 β’·
2513 4297 2580 4347 Οἱ
2635 4298 2726 4367 μὲν
2781 4295 2869 4348 οὖν
2931 4295 3354 4352 ἐνστατικώτατα
3425 4303 3621 4360 ταύτην
3685 4302 3920 4377 ῥηθῆναι

2307 4388 2401 4441 τὴν
2470 4388 2638 4455 φωνὴν
2711 4383 3101 4457 ἓγνωμάτευον,
3152 4391 3284 4440 κατὰ
3359 4394 3520 4461 μόνην
3572 4390 3744 4444 αἰτίαν
3818 4400 3920 4455 τῆς

2307 4468 2538 4545 ἀχρόνου
2589 4477 2676 4524 καὶ
2723 4469 2902 4526 ἀϊδίου
2955 4480 3045 4527 καὶ
3089 4474 3238 4538 ἀξίας
3294 4486 3386 4538 τῆς
3436 4478 3597 4532 αὐτοῦ
3652 4481 3915 4549 θεότητος,

2305 4564 2514 4632 πρώτης
2567 4566 2893 4632 γεννήσεως,
2953 4568 3043 4616 καὶ
3099 4562 3252 4618 τόνδε
3313 4569 3431 4619 τινὰ
3500 4575 3602 4620 τῶν
3657 4569 3919 4642 θεοφόρων

2306 4648 2468 4719 ἁγίων
2517 4649 2591 4710 εἰς
2646 4654 2803 4722 μέσον
2854 4661 3094 4727 παρῆγον
3144 4657 3276 4707 οὕτω
3346 4658 3543 4714 ταύτην
3603 4660 3698 4715 τὴν
3742 4662 3920 4729 φωνὴν

2306 4737 2643 4811 ἐκλαϐόμενον
2700 4758 2712 4769 ⁸
2772 4746 2862 4793 καὶ
2917 4742 3011 4794 οῦκ
3069 4741 3274 4795 ἀνεκτὸν
3331 4744 3454 4806 ὂλως
3531 4749 3725 4818 ἥγηντο
3756 4790 3773 4815 ,
3823 4752 3923 4800 καὶ

2305 4830 2440 4879 κατὰ
2484 4831 2544 4879 τὸ
2598 4827 2647 4879 ἐν
2685 4836 2903 4904 Χριστῷ
2957 4829 3274 4904 ἀνθρώπινον
3324 4834 3539 4906 μείζονα
3583 4833 3705 4908 παρ’
3750 4834 3920 4888 αὐτοῦ

2305 4919 2393 4969 τὸν
2455 4922 2663 4993 Πατέρα
2732 4920 2960 4993 ῥηθῆναι
2990 4963 3006 4990 ,
3052 4922 3122 4982 ὡς
3190 4920 3462 4996 ἀνθρώπου
3527 4924 3720 4977 τελείου
3769 4927 3922 4988 ὄντος

614 5075 634 5110 ί
672 5075 847 5132 Joan.
878 5085 998 5138 xrv,
1027 5072 1118 5125 28.

2311 5271 2323 5283 ο
2376 5201 2692 5284 (Ξλῌειησ
2718 5202 3118 5284 quaestionem
3141 5205 3569 5284 _propositam_
3592 5206 3778 5284 fuisse
3833 5208 3923 5267 ab

2307 5273 2444 5351 ipso
2466 5273 2916 5351 Manualeimp.,
2940 5283 3023 5332 ait
3054 5273 3426 5351 Ephrmmius
3456 5295 3514 5334 v.
3545 5282 3706 5351 4763,
3730 5294 3926 5351 quem

2310 5347 2617 5414 auctorem
2647 5345 2863 5414 legesis
2893 5345 3239 5405 narrantem
3270 5350 3344 5405 de
3374 5350 3626 5407 concilio
3649 5345 3771 5407 hoc
3781 5351 3923 5414 ipso

2311 5413 2391 5494 ob
2412 5430 2548 5494 eam
2574 5413 2964 5494 ilemcoacto.
2992 5419 3106 5475 Adi
3139 5425 3426 5493 pi'aaterea
3456 5421 3719 5480 Nicetam
3767 5413 3925 5480 Cho-

2312 5487 2542 5542 niatam
2560 5487 2720 5544 Hist.
2751 5503 2848 5557 vn,
2880 5493 2932 5545 5.

618 5216 694 5287 (l)
734 5212 1104 5287 Manuelem._
1120 5210 1273 5268 inter
1321 5209 1565 5268 Joannis
1610 5211 1658 5266 ΙΙ
1707 5213 1998 5287 Comneni
2036 5213 2189 5287 imp.

546 5282 705 5345 ﬁlios
752 5290 917 5357 natu_
960 5282 1281 5357 minimum
1310 5326 1324 5353 ,
1379 5287 1623 5356 propter
1688 5285 1951 5356 majores
2005 5282 2200 5357 regias

546 5359 747 5422 dotes,
777 5353 1093 5428 pralatum
1141 5353 1962 5428 fuissertestamentopatris
1999 5353 2201 5413 ut'im-

597 5426 793 5500 erium
820 5426 1269 5500 adipisceretur,
1297 5426 1439 5500 dicit
1467 5432 1681 5500 praeter
1707 5426 1856 5485 alios
1884 5429 2202 5485 historicos

550 5444 789 5556 Eoi-ium
820 5444 1269 5499 adipisceretur,
1297 5444 1439 5483 uicit
1467 5444 1681 5500 prasier
1707 5444 1856 5485 auos
1884 5444 2193 5485 niswricos

550 5497 926 5626 nptiae-iuius
974 5513 1034 5553 v.
1085 5499 1244 5555 4048.
1277 5497 1501 5556 collect.
1543 5502 1664 5556 vat.
1713 5501 1773 5556 T.
1813 5501 1903 5556 Ill.
1949 5503 2103 5573 part.
2146 5503 2193 5556 ι.
