4148 6418
291 299 396 353 205
1624 294 1975 352 THESAURI
2011 295 2142 351 LIB.
2179 294 2332 350 XXV.
3560 299 3665 355 206

291 423 430 495 μετὰ
477 428 572 480 τῆς
626 419 825 483 τελείας
883 423 1145 489 θεότητος,
1203 423 1377 483 καθώς
1421 439 1536 473 τισι
1588 429 1688 473 τῶν
1740 418 1901 491 ἁγίων

2027 419 2286 484 aitatem,
2321 415 2618 487 majorem
2657 415 3054 489 appellavisse
3102 425 3359 492 Patrem,
3392 423 3665 496 quando-

294 518 395 574 τᾶς
455 509 773 572 Ἐκκλησίας
841 506 1182 564 διδασκάλων
1246 510 1562 573 ἆξείληπται.
1635 517 1756 571 Τοῖς
1821 506 1899 575 δὲ,

2026 509 2260 579 quidem
2305 505 2570 562 Christus
2618 507 2916 578 perfectus
2948 510 3127 568 simul
3169 513 3358 569 homo
3389 515 3664 586 Deusque

301 606 396 652 καὶ
433 603 567 651 κατὰ
612 607 767 651 τοῦτο
817 595 887 657 δὴ
943 602 1002 652 τὸ
1052 598 1370 674 ἀνθρώπινον
1419 599 1675 670 λεχθῆναι
1721 601 1802 654 τὸ.
1845 597 1904 650 Ὀ

2027 602 2119 653 ast.
2138 596 2247 652 Alii
2273 600 2482 652 contra
2503 597 2838 652 secundum
2863 599 3195 657 humanam
3221 618 3465 675 quoque
3494 608 3665 660 natu-

313 694 490 762 [lerm’p
550 708 648 760 μου
713 691 907 760 μείζων
965 691 1067 760 μού
1115 688 1276 758 ἐστιν,
1347 685 1519 741 ἑδοκει
1575 686 1906 762 ἔφερμηνεύε-

2028 702 2142 741 ram
2163 683 2553 753 intelligenda
2569 685 3078 755 putabantverba:
3092 691 3452 746 Pater-meus
3467 693 3666 761 major

313 781 440 832 σθαι
467 799 480 810 υ
523 777 625 829 ἀλλ’
667 779 752 829 ὅτε
799 781 890 850 μὲν
943 781 1079 830 κατὰ
1132 781 1194 830 τό
1245 779 1410 830 αἴτιον
1462 780 1614 849 μόνον
1663 776 1908 848 εἰρῆσθαι

2026 792 2106 832 me
2125 784 2229 841 est,
2253 779 2667 830 verumtamen
2697 776 2882 832 iidem
2907 778 2986 848 hi,
3004 781 3110 851 qui
3129 781 3306 836 etiam
3328 783 3664 838 secundum

307 870 503 924 ταύτην
557 865 861 938 ἐμάνθανον,
887 868 937 918 οἱ
995 862 1229 925 διδόντες
1282 869 1362 932 τὸ,
1412 870 1502 917 καὶ
1557 861 1690 916 κατά
1743 866 1800 915 τό
1857 861 1905 914 ἐν

2023 866 2348 921 humanam
2378 870 2658 920 naturam
2688 865 2912 922 dictum
2946 867 3094 924 illud
3123 869 3306 925 fuisse
3344 871 3661 942 putabant,

310 956 453 1024 αύτῷ
491 953 804 1023 ἀνθρώπινον
862 954 1141 1024 λέγεσθαι,
1200 952 1360 1005 πολλὰ
1411 955 1544 1004 κατὰ
1607 960 1707 1003 τῶν
1773 951 1907 1002 οὕτω

2027 954 2204 1010 multa
2221 953 2488 1009 absurda
2503 953 2577 1008 de
2593 954 2662 1008 iis
2684 953 3106 1028 diﬁ'amabant,
3120 959 3224 1029 qui
3243 958 3665 1015 tantummodo

311 1046 624 1116 φρονούντων
693 1050 920 1114 συνῆγον
985 1041 1208 1094 ἐντεῦθεν
1274 1045 1339 1094 τὰ
1403 1043 1574 1094 οἶτοπα
1603 1059 1615 1071 ⁸
1683 1045 1774 1093 καὶ
1833 1039 1909 1102 ἐξα

2029 1050 2259 1116 prOpter
2283 1043 2401 1098 vim
2421 1048 2736 1115 paternam
2762 1045 2882 1100 Filii
2904 1047 3384 1114 causativam,sic
3399 1048 3667 1104 locutum

308 1132 536 1204 ελέγχειν
578 1134 794 1192 τούτους
841 1130 1164 1206 ἐπεχείρουν,
1201 1132 1271 1191 ὡς
1320 1130 1449 1202 ούχὶ
1497 1135 1587 1182 καὶ
1639 1131 1906 1202 ἄνθρωπον

2031 1133 2318 1187 3hristum
2367 1131 2668 1188 docebant
2704 1151 2716 1188 :
2749 1149 2976 1206 eosque
3027 1136 3416 1204 accusabant,
3461 1153 3565 1193 ceu
3617 1137 3669 1192 si

304 1220 491 1272 τέλειον
545 1223 633 1272 τὸν
689 1220 847 1272 αὐτόν
909 1224 1142 1294 Χριστὸν
1210 1215 1628 1291 δογματίζουσι-ας
1661 1236 1674 1248 ·
1732 1220 1904 1291 ὥσπερ

2025 1221 2315 1279 Christum
2345 1221 2676 1293 perfectum
2720 1223 3032 1280 hominem
3076 1241 3201 1281 non
3249 1232 3663 1295 agnoscerent,

299 1306 364 1360 δὲ
411 1314 503 1360 καὶ
546 1312 677 1380 πρὸς
724 1314 849 1380 μίαν
889 1307 1244 1381 ἀνακραθέντα
1287 1311 1464 1380 φύσιν,
1495 1312 1581 1359 καὶ
1632 1304 1726 1360 διὰ
1753 1315 1907 1359 τοῦτο

2030 1310 2110 1366 vel
2135 1326 2206 1366 ex
2252 1326 2374 1365 una
2418 1315 2766 1367 concretum
2797 1317 3014 1369 natura
3057 1314 3387 1382 crederent,
3412 1315 3668 1388 ideoque

297 1405 416 1458 τοῖς
477 1402 859 1470 μονοφυσίταις
918 1399 1022 1450 οἷον
1079 1401 1453 1470 συμπνέοντας.
1510 1397 1634 1449 Ὀτε
1696 1393 1754 1448 δὲ
1819 1400 1908 1448 καὶ

2030 1415 2157 1454 :um
2195 1399 2626 1471 Monophysitis
2670 1401 3102 1473 conspirarent.
3146 1403 3418 1459 Vicissim
3467 1409 3668 1460 autem

303 1490 441 1539 κατὰ
496 1491 556 1538 τό
623 1486 672 1539 ἄν
738 1490 925 1558 τούτῳ,
973 1485 1290 1560 ἀνθρώπινον
1356 1487 1598 1557 λέγεσθαι
1663 1494 1770 1548 τοῖς
1835 1493 1908 1555 τῷ

2029 1489 2075 1553 ιὶ,
2108 1488 2214 1560 qui
2254 1488 2442 1543 verba
2482 1488 2582 1543 illa
2615 1489 2796 1545 etiam
2835 1491 2910 1546 de
2949 1491 3195 1548 homine
3234 1492 3667 1561 intelligebant,

303 1572 500 1646 τοιῷδε
564 1575 702 1647 λόγῳ
775 1578 1239 1648 προστιθεμένοις,
1307 1575 1490 1628 ἐκεῖνοι
1560 1575 1713 1628 πάλιν
1787 1593 1910 1626 κατ-

2030 1577 2298 1648 redargui
2343 1593 2408 1632 se
2436 1578 2784 1646 cernebant,
2819 1583 3113 1651 tanquam
3145 1580 3192 1636 si
3225 1581 3472 1636 unicum
3503 1580 3668 1636 Chri-

304 1669 525 1731 ἠκουον,
571 1661 795 1739 διαιρεῖν
843 1665 1032 1726 αὐτούς
1073 1668 1160 1716 τόν
1210 1665 1298 1717 ἕνα
1338 1668 1568 1738 Χριστὸν
1608 1661 1906 1729 ἐπεϐοῶντο,

2032 1674 2181 1723 stum
2213 1666 2566 1734 dividerent,
2604 1672 2806 1739 atque,
2839 1673 2904 1723 ut
2946 1669 3210 1725 Nestorio
3240 1669 3484 1740 placuit,
3515 1669 3670 1725 duos

301 1761 400 1808 καὶ
465 1757 534 1806 τὰ
597 1757 888 1828 Νεστορίου
957 1761 1154 1826 φρονεῖν
1187 1797 1202 1822 ,
1269 1758 1356 1804 καὶ
1420 1753 1491 1814 εἰς
1559 1749 1656 1804 δύο
1715 1757 1912 1822 τέμνειν

2034 1756 2175 1810 filios
2222 1755 2690 1821 introducerent,
2734 1772 2874 1812 cum
2921 1773 3078 1812 unus
3122 1773 3336 1830 reapse
3386 1759 3460 1814 sit
3493 1762 3672 1829 atque

307 1847 454 1904 υἱοὺς
496 1847 582 1894 τὸν
625 1844 712 1895 ἕνα
767 1847 857 1896 καὶ
915 1839 1234 1915 ἀδιαίρετον.
1289 1847 1388 1895 Καὶ
1439 1844 1695 1903 τοιούτοις
1745 1841 1915 1912 λόγοις

2044 1844 2388 1900 ndividuus.
2418 1849 2609 1916 Atque
2637 1845 2730 1900 his
2756 1845 3136 1901 sermonibus
3165 1852 3226 1903 et
3253 1846 3675 1903 contradictio-

308 1939 403 1986 καὶ
450 1931 749 1984 ἀντιθέσεσι
809 1935 868 1984 τὸ
922 1939 1017 1992 τῆς
1069 1932 1231 2002 ἁγνῆς
1290 1931 1600 1992 Ἐκκλησίας
1649 1930 1698 1983 ἓν
1763 1939 1916 2003 σῶμα

2037 1935 2202 1990 nibus
2252 1949 2441 1990 unum
2499 1939 2682 2005 atque
2731 1935 3116 1990 individuum
3167 1940 3346 1991 castas
3401 1935 3675 1991 Ecclesiae

308 2028 402 2075 καὶ
457 2020 831 2073 αδιάσπαστον
889 2017 1025 2092 διχῆ
1085 2016 1342 2095 διαιρεθὲν
1399 2018 1666 2091 ἐσχίζετο,
1725 2027 1914 2094 μικροῦ

2041 2040 2243 2095 :orpus
2275 2023 2557 2078 bifariam
2587 2023 2973 2079 scindebant:
3004 2040 3219 2096 resque
3243 2025 3372 2094 jam
3399 2040 3616 2096 parum
3642 2040 3679 2081 a

306 2109 370 2165 δὲ
417 2107 688 2166 διίστατο.
737 2116 821 2180 Τῷ
871 2106 930 2161 δὲ
985 2109 1349 2184 συναπέρῥωγε
1400 2115 1489 2161 καὶ
1541 2112 1604 2161 τὰ
1652 2113 1770 2182 περὶ
1821 2114 1915 2167 τὴν

2043 2112 2346 2169 nanifesto
2377 2112 2699 2168 schismate
2730 2112 2960 2170 aberat.
2987 2116 3261 2186 Namque
3290 2115 3445 2170 inter
3473 2129 3537 2168 se
3562 2113 3681 2169 dis-

305 2199 608 2271 σύγκλητον
672 2204 763 2251 καὶ
824 2201 912 2251 τόν
977 2198 1134 2251 πολύν
1196 2199 1362 2251 πάντα
1421 2195 1610 2270 δῆμον,
1669 2207 1766 2250 τῶν
1827 2201 1916 2270 μὲν

2043 2200 2261 2257 sidebat
2309 2207 2576 2267 senatus,
2621 2201 2940 2274 plebisque
2992 2202 3337 2272 multitudo,
3382 2203 3530 2258 dum
3581 2201 3681 2258 alii

305 2292 539 2354 τούτοις,
598 2296 701 2340 τῶν
760 2284 811 2340 δ’
872 2287 1086 2350 ἐκείνοις
1143 2291 1590 2361 συμφρονούντων,
1645 2293 1734 2339 καὶ
1801 2307 1919 2340 συν-

2051 2290 2159 2346 lliis
2207 2289 2620 2357 adhaererent;
2655 2296 2710 2346 et
2746 2307 2889 2345 cum
2933 2290 3028 2346 his
3077 2291 3523 2364 conspirarunt,
3574 2290 3689 2347 illis

305 2374 428 2451 ῳδὰ
503 2379 864 2449 φθεγγομένων
939 2381 1028 2429 καὶ
1093 2375 1520 2449 ἀντικρινομένων
1599 2384 1709 2438 τοῖς
1773 2377 1920 2449 ἕτερα

2054 2379 2538 2436 :ontradicerent:
2569 2385 2750 2452 atque
2774 2381 2856 2436 ita
2885 2379 3038 2447 fora,
3065 2379 3202 2448 viae,
3224 2381 3360 2449 vici,
3379 2380 3562 2446 aedes,
3589 2395 3692 2436 va-

307 2468 553 2537 λέγουσιν
585 2480 600 2494 ⁸
671 2464 859 2536 ἀγυιαὶ
922 2473 1090 2518 ταῦτα
1157 2461 1303 2537 εἶχον
1373 2464 1463 2517 καὶ
1525 2464 1770 2537 λεωφόροι
1830 2471 1920 2518 καὶ

2053 2470 2130 2524 iis
2169 2469 2551 2524 sermonibus
2593 2469 3029 2540 personabant.
3062 2469 3344 2524 Nonnulli
3368 2468 3550 2524 etiam
3579 2469 3691 2525 ali-

318 2559 571 2607 στενωποὶ
628 2559 721 2606 καῖ⁹
786 2551 941 2622 οἶκοι,
1007 2552 1433 2627 περιλαλούμενα.
1501 2552 1658 2606 Ἔστι
1727 2551 1786 2606 δὲ
1847 2555 1922 2614 οἷς

2055 2574 2120 2614 er
2151 2557 2380 2614 dictum
2410 2557 2556 2613 illud
2585 2558 3154 2630 interpretabantur,
3182 2575 3292 2614 ceu
3323 2558 3373 2614 si
3420 2560 3691 2614 Servator

317 2649 408 2696 καὶ
458 2643 627 2704 άλλως
677 2646 737 2696 τὸ
787 2644 948 2717 ῥητὸν
1003 2641 1380 2716 ἕφηρμήνευτο,
1423 2645 1491 2705 ὡς
1534 2652 1627 2696 τοῦ
1685 2651 1922 2716 Σωτῆρος

2051 2647 2494 2719 μιοᾱθωωοάο
2547 2652 2777 2716 gereret
2833 2652 3060 2703 natura;
3129 2653 3347 2704 nostra
3402 2648 3689 2703 humanae

315 2734 424 2785 οἷον
499 2729 862 2805 ὑποδυομένου
940 2735 997 2784 τὸ
1063 2740 1158 2793 τῆς
1219 2741 1397 2793 κοινῆς
1479 2740 1578 2783 τῶν
1642 2730 1921 2807 ἀνθρώπων

2053 2751 2394 2808 personam;
2435 2735 2758 2808 solumque
2801 2736 3211 2806 intelligebant
3253 2735 3691 2815 extenuationis

312 2826 519 2895 φύσεως
558 2827 836 2896 πρόσωπον
867 2821 945 2891 (3)
971 2837 982 2848 ·
1035 2820 1163 2874 ἀλλά
1211 2819 1280 2879 δὴ
1318 2827 1408 2875 καὶ
1454 2824 1591 2873 κατὰ
1627 2827 1780 2894 μόνον
1835 2825 1922 2873 τόν

2052 2824 2504 2896 iumilitatisque
2542 2826 2797 2881 modum
2837 2842 2849 2879 :
2901 2841 3142 2881 carnem
3193 2826 3454 2897 denique
3496 2825 3690 2882 solam

313 2919 412 2971 τῆς
477 2916 738 2970 κενώσεως
799 2914 991 2983 τρόπον
1060 2913 1226 2962 εἷτουν
1304 2909 1744 2981 συγκαταϐάσεως
1781 2925 1793 2938 ⁸
1864 2909 1922 2962 ού

2055 2931 2142 2971 )BI‘
2162 2931 2223 2969 se
2246 2914 2622 2986 spectabant,
2643 2930 2752 2970 ceu
2776 2913 2825 2968 si
2853 2929 2928 2968 ne
2950 2913 3242 2970 divinitati
3262 2913 3508 2985 quidem
3534 2918 3693 2969 esset

323 3004 430 3071 μὴν
484 2995 546 3049 δὲ
590 2997 716 3049 ἀλλὰ
756 3004 845 3050 καὶ
893 3000 977 3051 ὅτε
1015 2999 1045 3056 ἡ
1098 3007 1188 3051 τοῦ
1237 3004 1430 3072 Κυρίου
1479 2999 1612 3072 σὰρξ
1655 2999 1771 3051 καθ’
1804 2999 1922 3051 ἑαυ-

2054 3004 2170 3073 :unj
2183 3009 2380 3072 uncta,
2396 3003 2636 3074 aliaque
2647 3003 2748 3074 huj
2761 3003 2999 3058 usmodi
3012 3002 3382 3069 effutiebant,
3398 3019 3535 3075 quae
3553 3007 3692 3074 post

323 3092 424 3144 τὴν
495 3093 682 3138 νοεῖται
743 3089 942 3154 οὕτως,
1013 3089 1186 3160 ὥσπερ
1265 3088 1308 3140 εὶ
1371 3084 1512 3160 μηδὲ
1583 3095 1646 3161 τῇ
1721 3091 1925 3147 θεότητι

2053 3109 2240 3149 veram
2273 3093 2358 3147 rei
2392 3098 2792 3148 controversae
2845 3091 3251 3162 cognitionem
3295 3092 3691 3164 Ecclesiaaque

323 3180 493 3236 ἦνωτο
523 3193 535 3204 ·
595 3181 683 3229 καὶ
747 3177 854 3229 ἀλλ’
924 3178 1057 3230 ἄττα
1122 3175 1592 3251 προϐαλλομένοις,
1658 3178 1784 3253 ἅπερ
1855 3176 1922 3237 δὴ

2049 3181 2426 3237 concordiam
2444 3185 2808 3251 revocatam,
2827 3181 3210 3237 anathemate
3226 3180 3504 3253 perculsa
3530 3185 3687 3236 sunt.

314 3273 491 3318 ταῦτα
553 3268 685 3336 μετὰ
747 3271 843 3324 τὴν
909 3264 1075 3324 ἀληθῆ
1145 3273 1237 3318 τοῦ
1300 3267 1620 3338 ζητουμένου
1685 3276 1878 3338 γνῶσιν
1943 3275 2034 3323 καὶ
2092 3275 2186 3330 τὴν
2250 3278 2342 3332 τῆς
2408 3270 2718 3330 Ἐκκλησίας
2777 3271 2958 3322 ἕνωσιν
3019 3269 3498 3328 καθυπεϐλήθησαη
3565 3268 3690 3321 ἀνα-

319 3357 508 3426 Θίματι
521 3396 534 3407 .

393 3441 459 3515 γ’.
500 3443 652 3495 Ούτω
711 3439 781 3500 δὴ
837 3452 935 3504 τῆς
991 3441 1309 3504 Ἐκκλησίας
1367 3448 1745 3517 κυμαινομίνης
1808 3452 1925 3508 ταῖς

2107 3453 2160 3505 3.
2203 3450 2349 3505 Cum
2378 3449 2494 3505 hac
2519 3452 2876 3521 tempestate
2900 3448 3232 3520 jactaretur
3257 3447 3518 3505 Ecclesia
3544 3445 3690 3504 mali

322 3540 414 3584 τοῦ
504 3539 738 3606 πονηροῦ
821 3536 1107 3604 πνεύματος
1195 3536 1384 3606 αὔραις
1420 3573 1433 3597 ,
1521 3534 1924 3605 φιλοιιικοῦντος

2051 3538 2284 3610 spiritus
2336 3538 2544 3594 ﬂabris
2592 3537 3006 3609 perﬂantibus,
3053 3537 3500 3608 nitentibusque
3547 3536 3689 3592 ﬁdei

317 3621 542 3693 ἐκρῆξαι
600 3622 665 3672 τὰ
717 3630 813 3683 τῆς
849 3627 1076 3683 πίστεως
1129 3626 1417 3694 πείσματα,
1476 3630 1573 3683 τῆς
1628 3621 1922 3696 ἀκρογὼνου

2050 3626 2486 3683 irmamentum
2501 3626 2846 3695 dissolvere,
2864 3626 2924 3681 id
2943 3631 3034 3681 est
3051 3626 3406 3696 angularem
3421 3625 3688 3698 lapidem

318 3715 513 3783 πέτρας
564 3717 801 3785 Χριστοῦ
858 3718 952 3763 τοῦ
1002 3713 1068 3763 τὰ
1119 3707 1380 3762 διεστῶτα
1431 3710 1781 3781 συνάψαντος,
1831 3711 1925 3764 οὐκ

2051 3716 2332 3772 3hristum
2361 3715 2469 3787 qui
2488 3715 2776 3772 distantia
2802 3715 3148 3784 conjungit;
3171 3715 3338 3770 haud
3370 3713 3689 3771 socordem

326 3799 579 3870 ἠμέλησεν
637 3801 663 3850 ὁ
721 3808 814 3860 τῆς
865 3808 1123 3872 κοσμικῆς
1177 3799 1406 3871 μεγάλης
1459 3798 1683 3860 ὁλκάδος
1733 3800 1924 3873 κυϐερ-

2049 3821 2096 3860 se
2113 3805 2385 3877 praestitit
2403 3820 2504 3860 rex
2524 3810 2726 3860 noster
2745 3803 3042 3859 mundani
3062 3805 3269 3873 magni
3290 3804 3514 3875 navigii
3534 3803 3687 3860 dele-

327 3893 486 3948 νὴτης
568 3887 986 3961 προϐεϐλημένος
1072 3890 1318 3961 ἡμτερος
1406 3886 1654 3962 βασιλεύς
1695 3903 1710 3918 ·
1805 3886 1924 3941 οὐδ’

2049 3900 2162 3951 :tus
2184 3895 2582 3964 gubernator;
2606 3908 2804 3964 neque
2827 3893 3171 3948 darmitavit
3194 3892 3290 3949 hic
3315 3899 3522 3949 custos
3545 3894 3687 3950 novi

330 3973 659 4040 ἓπενύσταξεν
750 3977 902 4039 οὗτος
992 3978 1018 4028 ό
1110 3977 1389 4049 φυλάσσων
1480 3979 1568 4028 τόν
1668 3976 1924 4030 νεόλεκτον

2047 3983 2268 4039 Israelis
2287 3981 2392 4055 qui
2423 3981 2612 4038 Deum
2641 3982 2915 4037 humana
2943 3996 3124 4036 carne
3149 3985 3490 4036 contectum
3523 3981 3685 4046 vidit,

331 4064 538 4136 Ἰσραὴλ
586 4069 676 4117 τόν
729 4071 820 4118 καὶ
878 4069 1007 4119 Θεὸν
1044 4067 1244 4141 ὁρῶντα
1293 4073 1366 4135 τῷ
1409 4074 1506 4128 τῆς
1560 4070 1750 4140 σαρκός
1795 4084 1924 4140 προ-

2051 4078 2218 4146 itque
2251 4074 2329 4128 ab
2366 4073 2502 4144 ipso
2534 4075 2654 4127 Deo
2679 4071 2956 4128 visitatus
2983 4076 3374 4143 servatusque
3399 4071 3510 4127 fuit
3540 4089 3554 4128 :
3588 4086 3689 4127 ve-

324 4153 552 4227 ϐλήματι
598 4155 962 4228 σκιαζόμενον,
1017 4161 1108 4208 καὶ
1161 4163 1232 4226 τῷ
1277 4155 1420 4226 αύτῷ
1460 4163 1574 4225 Θεῷ
1625 4157 1923 4229 καθορώμε-

2049 4180 2169 4219 rum
2197 4169 2489 4235 tanquam
2510 4177 2615 4218 rex
2634 4162 2823 4234 pacis,
2844 4167 2900 4218 et
2918 4161 3336 4217 ecclesiastica:
3357 4161 3687 4234 disciplinas

318 4263 405 4296 νον
464 4249 556 4297 καὶ
609 4245 940 4317 σωζόμενον·
999 4243 1106 4296 ἀλλ’
1147 4247 1215 4305 ὡς
1269 4243 1520 4318 βασιλεὺς
1569 4251 1662 4305 τῆς
1719 4244 1926 4319 εἰρήνης

2049 4253 2464 4324 actionumque
2507 4251 2752 4323 sapiens
2799 4250 3166 4322 moderator,
3209 4265 3434 4321 magno
3479 4249 3687 4308 labore

319 4337 416 4385 καὶ
478 4341 581 4385 τῶν
646 4331 1098 4392 ἐκκλησιαστικῶν
1158 4332 1622 4406 ἇπιστημονάρχης
1686 4332 1812 4386 ἐθῶν
1873 4352 1927 4387 τε

2049 4343 2356 4416 studioque
2381 4343 2461 4399 ad
2497 4342 2560 4398 id
2585 4342 2892 4411 negotium
2922 4340 3210 4398 incubuit.
3242 4343 3310 4398 Et
3331 4356 3687 4414 quanquam

320 4427 418 4475 καὶ
472 4421 706 4494 πράξεων
770 4423 885 4494 (4),
949 4423 1350 4498 φιλοπονώτερον
1412 4428 1532 4495 περί
1595 4430 1764 4476 ταῦτα
1834 4426 1927 4475 καὶ

2051 4433 2200 4490 )rbis
2222 4431 2488 4488 universi
2515 4446 2713 4500 curas,
2729 4430 3314 4503 imbriumlinstar,in
3338 4446 3401 4486 se
3419 4429 3689 4502 quotidie

321 4515 822 4587 φροντιστικώτερον
881 4507 1200 4567 διατίθεται.
1258 4509 1426 4565 Ούδεν
1479 4514 1568 4580 μιν
1629 4513 1783 4571 ἦττον
1837 4516 1929 4564 καὶ

2051 4528 2277 4580 ruentes
2302 4523 2636 4588 sustineret,
2661 4520 2848 4578 nihilo
2871 4525 3076 4577 tamen
3104 4521 3307 4576 minus
3335 4524 3459 4577 toto
3483 4520 3689 4576 animo

321 4609 430 4652 τῶν
498 4601 758 4676 ὁσημέραι
831 4609 1312 4674 παρεμπιπτουσῶν
1377 4603 1511 4654 κατὰ
1574 4603 1667 4663 τὰς
1744 4599 1929 4675 ὄμϐρι-

2048 4614 2206 4671 dedit
2243 4628 2494 4684 operam
2523 4617 2588 4667 ut
2629 4627 2793 4682 aegra
2839 4615 3099 4675 sanaret,
3127 4611 3376 4681 disjecta
3423 4609 3686 4675 sarciret,

324 4694 490 4763 μαίας
553 4695 807 4762 σταγόνας
870 4698 1138 4764 κοσμικῶν
1212 4687 1499 4766 φροντίδων
1575 4688 1932 4762 ἀντιποιούμε-

2055 4710 2222 4777 atque
2259 4703 2340 4759 ad
2368 4702 2656 4758 unitatem
2695 4705 2912 4756 cuncta
2947 4716 3157 4756 rursus
3199 4699 3478 4756 membra
3517 4699 3693 4755 redu-

322 4798 438 4845 νος,
473 4778 586 4832 ὅλον
645 4777 704 4832 δε
760 4781 896 4852 ὅμως
951 4779 1131 4833 ἑαυτὸν
1188 4784 1473 4849 συντείνας,
1525 4777 1598 4852 ἐφ’
1647 4779 1687 4850 ᾧ
1732 4783 1794 4831 τὸ
1841 4782 1932 4852 μὲν

2053 4797 2214 4849 seret.
2245 4789 2650 4857 Quamobrem
2691 4789 3017 4846 sententias
3062 4790 3244 4845 etiam
3284 4787 3691 4860 complurium

321 4876 518 4922 νοσοῦν
573 4870 824 4940 ύγιῶσαι,
875 4873 964 4922 καὶ
1021 4873 1082 4923 τό
1139 4865 1422 4943 διαρῥαγεν
1489 4867 1744 4942 ἀρτιῶσαι
1772 4887 1783 4898 ·
1841 4874 1932 4921 καὶ

2054 4882 2468 4954 nspiratorum
2488 4878 3028 4950 theologorumque
3046 4878 3364 4934 hominum
3381 4893 3563 4948 super
3575 4877 3692 4932 hoc

322 4961 464 5030 πρὸς
513 4962 638 5030 μίαν
688 4954 841 5021 αὖθις
891 4960 957 5010 τὰ
1010 4959 1180 5012 πάντα
1236 4965 1550 5030 συναγαγεῖν
1605 4957 1924 5031 ὁλομελειαν.

2054 4971 2352 5045 proposito
2401 4970 2656 5042 scriptas
2697 4967 2895 5038 colligi
2940 4966 3389 5038 ordinatimque
3428 4966 3494 5022 in
3536 4964 3692 5020 libro

325 5049 592 5102 Ἐντεῦθεν
658 5053 748 5102 καὶ
811 5049 915 5101 ὅσα
985 5049 1129 5123 παρὰ
1193 5044 1457 5124 διαφόρων
1525 5049 1934 5121 θεοφορουμένων

2056 5044 2284 5135 iisponi
2328 5059 2586 5115 curavit:
2620 5061 2802 5129 atque
2830 5057 2945 5112 has
2990 5055 3273 5111 divorum
3310 5052 3694 5110 auctoritates

405 5225 489 5297 (3)
531 5225 677 5284 Hinc
707 5224 1046 5302 Victorinus
1069 5225 1398 5302 Commiin
1429 5225 1603 5302 epist.
1634 5225 1714 5283 ad
1745 5225 1934 5283 Galat.
2093 5223 2190 5302 _(4)
2224 5218 2544 5302 Mallem
2570 5221 2942 5302 reservatum
2968 5213 3442 5302 pontiﬁcibus‘et
3463 5213 3695 5302 episco-

330 5285 481 5369 cap:
529 5311 702 5379 IV,.V.
774 5301 857 5354 14.
908 5296 1163 5379 (Qollect.
1227 5299 1349 5380 vat.
1409 5285 1598 5365 t.‘lll,
1658 5303 1812 5369 part.
1876 5313 1935 5365 ιι,
2047 5285 2443 5423 Eis,'quorum
2467 5289 2629 5346 istud
2651 5304 2890 5345 sacrum
2921 5285 3189 5367 ofﬁcium
3211 5285 3694 5367 etpotestasest.

330 5386 397 5423 ο.
437 5367 528 5423 48)
563 5375 677 5423 ait:
714 5369 1095 5423 Cathohcum
1143 5367 1412 5423 Christus
1455 5384 1672 5423 cornus
1710 5370 1790 5423 ad
1820 5384 1940 5423 om-
2096 5365 2386 5423 tamdem
2417 5366 2656 5419 Graecus
2698 5359 3070 5423 Ephraemius
3095 5358 3261 5414 haud
3292 5372 3483 5413 unum
3508 5357 3694 5414 dilau-

328 5357 679 5444 p.'48)_ait;
714 5357 1095 5444 Catholicam
1143 5367 1412 5444 Christus
1455 5357 1679 5444 corpus
1710 5370 1790 5425 ad
1820 5357 1940 5444 om;
2047 5357 2114 5444 Et
2137 5357 2386 5444 qdidem
2409 5366 2658 5444 Graecus
2698 5359 3070 5444 Ephraamius
3095 5358 3261 5414 haud
3292 5372 3483 5444 unum
3508 5357 3700 5444 dilau:

332 5428 475 5519 iter);
509 5428 818 5519 hominem
866 5440 1340 5519 [taoaitgomne
1391 5428 1571 5519 qued'
1595 5455 1809 5519 passus
1843 5443 1936 5519 est
2048 5428 3120 5519 datj‘Byzant‘inuml'impieratopem,_
3145 5433 3482 5519 propterea
3529 5428 3699 5502 quod

334 5510 705 5570 catholicum
746 5514 924 5584 fecit,
963 5511 1028 5570 id
1064 5517 1152 5570 est
1193 5517 1259 5568 ut
1300 5500 1492 5568 omhz‘s
1536 5500 1680 5570 cdro
1716 5513 1782 5567 in
1830 5511 1940 5579 illo,

334 5581 634 5654 cruci/Eata
659 5585 761 5642 sit.

1845 5511 1940 5579 illo,
2047 5509 2198 5567 nihil
2225 5500 2290 5564 iii
2318 5500 3066 5575 ecclesiastica'disciplina
3089 5500 3483 5559 novaverant.
