4148 6418
505 277 610 337 2οἹ

1849 266 2123 326 ΝΙΟΕΤᾸΞ
2159 266 2531 328 CHONIATE

3774 277 3884 334 208

508 398 765 473 singulis
813 393 1213 455 sanctissimis
1252 390 1614 468 patriarchis
1654 390 1856 465 jussit,
1897 391 2148 466 itemque

2275 396 2365 447 καὶ
2409 391 2660 466 θεολόγων
2705 387 2913 469 ἀνδρῶν
2962 395 3084 470 περὶ
3130 403 3224 451 τοῦ
3277 401 3618 476 προκειμένου
3677 406 3884 456 σκοποῦ

507 491 640 549 aliis
687 487 933 548 delectis
987 500 1097 560 per
1150 484 1215 542 id
1264 490 1508 558 tempus
1556 482 2061 556 oongregatisque
2102 482 2168 540 in

505 580 712 636 divina
755 590 1053 650 sacraque
1100 573 1338 649 synodo
1377 571 1540 644 viris,
1566 586 1796 647 perque
1840 571 1957 629 hos
1998 572 2167 646 ipsos

509 668 789 725 universo
830 665 1121 737 deinceps
1166 662 1442 720 Ecclesiae
1483 660 1752 736 populo:
1780 663 2026 719 Patrum
2053 660 2165 733 igi-

503 762 604 814 tur
630 754 942 815 sententise
966 756 1140 811 erant
1164 753 1280 810 hae.

2279 483 2698 556 συνεγράφησαν,
2751 482 3065 558 συλλεγῆναι
3121 492 3213 543 καὶ
3251 496 3675 566 συναναγραφῆναι
3721 509 3883 545 στοι-

2273 567 2452 644 χηδὸν
2479 567 2754 635 διετάξατο
2785 588 2799 603 ⁸
2831 578 2922 627 καὶ
2952 571 3022 635 δὴ
3051 580 3143 631 καὶ
3186 578 3278 640 τὰς
3317 581 3558 641 τοιαύτας
3589 587 3690 633 τῶν
3721 578 3884 653 ἁγίων

2273 663 2469 714 τούτων
2515 665 2745 736 χρήσεις
2798 661 3001 737 ἑκάστῳ
3039 673 3141 720 τῶν
3179 685 3235 720 τε
3280 666 3584 740 ἁγιωτάτων
3625 688 3886 745 πατριαρ-

2273 757 2388 822 χῶν
2420 745 2707 810 ἕκδοθῆναι
2758 747 3138 828 διεκελεύσατο,
3166 759 3252 809 ναὶ
3299 760 3403 830 μὴν
3455 761 3547 811 καὶ
3584 765 3696 821 τοῖς
3737 777 3883 818 τηνι-

501 854 676 899 καῦτα
713 843 1123 917 συνειλεγμένοις
1158 842 1351 915 λογάσι
1376 848 1475 905 τῆς
1517 842 1656 904 θείας
1697 844 1789 895 καὶ
1829 841 1965 917 ἱερᾶς
2004 835 2254 909 συνόδου,
2284 842 2376 893 καὶ
2415 834 2488 893 δι’
2530 837 2697 893 αὐτῶν
2744 845 2902 894 παντὶ
2940 850 3013 916 τῷ
3043 851 3140 909 τῆς
3181 844 3497 909 Ἐκκλησίας
3523 845 3840 925 πληρώματι
3862 866 3881 884 ο

501 936 539 989 ἂ
574 940 666 989 καὶ
704 936 839 990 κατὰ
872 934 1033 1011 ῥητὸν
1071 932 1231 994 οὕτως
1269 934 1480 1006 ἔχουσι.

867 1076 1086 1136 Sancti
1118 1075 1374 1134 Joannis
1412 1072 1790 1132 Damasceni.

575 1210 630 1262 4.
684 1207 935 1276 Eorum,
986 1217 1124 1276 quas
1182 1201 1455 1258 humano
1505 1213 1675 1256 more
1730 1198 1806 1255 de
1855 1200 2164 1256 Servatore

507 1296 738 1353 Christo
764 1293 1187 1369 praedicantur,
1206 1291 1329 1348 sive
1353 1289 1537 1359 dicta,
1570 1288 1692 1345 sive
1722 1293 1895 1361 gesta
1922 1287 2158 1359 fuerint,

507 1401 614 1442 sex
644 1382 811 1441 modi
840 1386 1000 1439 sunt.
1034 1379 1322 1447 Quasdam
1352 1378 1515 1437 enim
1553 1392 1628 1434 ex
1654 1376 1770 1434 illis
1813 1375 2165 1434 naturaliter

504 1475 736 1531 ratione
756 1472 954 1529 carnis
975 1473 1312 1542 asSumptaa
1331 1467 1493 1524 facta
1511 1467 1794 1539 dictaque
1823 1471 1982 1533 sunt,
1999 1464 2164 1523 velut

503 1567 714 1636 partus
757 1576 831 1616 ex
873 1558 1132 1631 Virgine,
1165 1562 1347 1631 atque
1392 1556 1583 1613 astatis
1623 1555 2065 1612 incrementum
2107 1556 2166 1611 et

502 1650 829 1726 protectus,
851 1649 1066 1713 fames,
1087 1646 1242 1716 sitis,
1266 1644 1637 1715 defetigatio,
1658 1644 1967 1717 lacrymas,
1999 1658 2163 1701 som-

502 1754 643 1808 nus,
674 1739 990 1797 clavorum
1017 1736 1235 1801 ﬁxura,
1268 1749 1434 1791 mors
1485 1733 1725 1807 aliaque
1755 1732 1996 1801 similia,
2025 1747 2163 1805 quas

504 1828 811 1887 naturales
833 1832 895 1884 et
906 1825 1230 1898 inculpata
1250 1824 1577 1897 passiones
1598 1826 1760 1880 sunt.
1790 1826 1857 1880 In
1883 1822 1977 1879 his
2001 1824 2163 1879 enim

505 1918 795 1976 omnibus
814 1919 1009 1972 manet
1022 1913 1261 1988 quidem
1277 1912 1493 1970 divinae
1506 1918 1738 1970 natura;
1755 1928 1886 1969 cum
1900 1912 2164 1970 humana

507 2006 877 2079 conjunctio,
908 2003 1179 2077 corporis
1227 2008 1431 2060 tamen
1459 2018 1534 2059 ea
1573 2017 1713 2059 vere
1742 2017 1873 2058 esse
1901 2000 2162 2058 credun-

504 2103 639 2156 tur:
671 2094 902 2169 quippe
927 2108 1067 2150 cum
1095 2092 1380 2149 divinitas
1416 2091 1565 2148 nihil
1588 2091 1810 2148 horum
1831 2089 2161 2164 pertulerit,

506 2187 614 2244 sed
654 2201 764 2259 per
811 2199 883 2241 ea
929 2182 1185 2240 alutem
1233 2181 1410 2239 nobis
1464 2181 1822 2254 procurarit.
1870 2179 2162 2246 Quaedam

505 2271 936 2333 dissimulandi
958 2271 1167 2341 modo,
1189 2274 1255 2328 ut
1275 2286 1417 2327 cum
1436 2269 1513 2326 de
1535 2271 1756 2327 Lazaro
1776 2269 2022 2342 quaerit:
2054 2267 2168 2326 Ubi

498 2365 786 2438 posuistis
814 2378 946 2420 eum
959 2362 1019 2419 3?
1048 2362 1194 2418 Cum
1224 2364 1375 2427 orat,
1390 2363 1449 2416 et
1476 2374 1618 2417 cum
1648 2375 1712 2416 se
1737 2358 2038 2416 subducit.
2063 2356 2162 2414 llis

505 2458 666 2515 enim
689 2469 887 2527 neque
907 2457 974 2509 ut
992 2453 1148 2507 Deus
1166 2465 1365 2523 neque
1384 2455 1451 2506 ut
1467 2450 1654 2507 homo
1683 2463 1839 2522 opus
1857 2447 2155 2505 habebat:

501 2561 710 2604 verum
728 2544 1000 2601 humano
1016 2555 1185 2597 more
1202 2539 1349 2596 illud
1366 2537 1752 2612 praetexebat,
1765 2535 1934 2611 quod
1953 2550 2133 2593 neces

504 2635 651 2693 sitas
689 2638 869 2705 atque
909 2630 1131 2687 utilitas
1160 2627 1545 2701 exposcebat.
1578 2627 1866 2684 Nimirum
1908 2625 2155 2696 idcirco,

498 2728 670 2798 puta,
697 2720 1083 2795 precabatur,
1112 2722 1180 2776 ut
1209 2734 1272 2774 se
1300 2716 1553 2774 minime
1583 2720 1702 2773 Deo
1730 2714 2035 2772 adversari
2063 2729 2159 2771 os-

497 2813 798 2881 tenderet;
827 2814 1015 2882 utque
1042 2811 1295 2878 Patrem,
1321 2805 1483 2864 velut
1512 2805 1606 2862 sui
1630 2820 1903 2871 causam,
1925 2802 2157 2860 honore

496 2902 780 2960 afﬁceret.
814 2897 1249 2970 Interrogabat,
1289 2911 1415 2953 non
1457 2895 1625 2968 quod
1669 2894 1919 2966 ignarus
1965 2898 2152 2959 esset;

495 2991 604 3047 sed
642 2995 709 3047 ut
755 3004 839 3056 se,
881 3001 1237 3060 quanquam
1291 2987 1448 3041 Deus
1489 2983 1799 3052 manebat,
1844 2980 2155 3038 hominem

2458 1076 2561 1127 Τοῦ
2599 1069 2753 1146 ἁγίου
2793 1071 3032 1130 Ἰωάννου
3068 1083 3160 1131 τοῦ
3198 1084 3548 1153 Δαμασκηνοῦ
3588 1083 3687 1154 (5).

2345 1192 2392 1250 δ’
2399 1238 2412 1253 .
2452 1204 2564 1251 Τῶν
2620 1196 3069 1274 ἀνθρωποπρεπῶς
3126 1200 3214 1257 ἐπὶ
3274 1211 3366 1258 τοῦ
3430 1210 3668 1278 Χριστοῦ
3730 1203 3884 1278 λεγο-

2270 1289 2433 1361 μένων
2499 1291 2599 1340 εἴτε
2663 1286 2713 1340 ἕν
2770 1289 3005 1363 ῥήμασιν
3062 1294 3164 1344 εἶτε
3233 1291 3283 1345 ἓν
3346 1298 3628 1368 πράγμασι
3690 1299 3883 1370 τρόποι

2272 1376 2405 1430 εἰσὶν
2452 1376 2531 1440 ἓξ.
2584 1378 2661 1430 Τὰ
2715 1380 2806 1451 μεν
2857 1381 2959 1453 γὰρ
3000 1379 3170 1433 αὐτῶν
3225 1384 3363 1435 κατά
3414 1386 3570 1456 φύσιν
3616 1382 3881 1456 οἰκονομε-

2270 1473 2375 1527 κῶς
2411 1470 2705 1540 πέπρακταί
2748 1486 2804 1520 τε
2849 1472 2940 1521 καὶ
2985 1468 3223 1541 λέγεται⁶
3252 1471 3385 1525 ,οἷον
3438 1472 3464 1524 6
3511 1471 3567 1525 ἐκ
3610 1474 3882 1548 Παρθένου

2267 1558 2440 1621 τόκος,
2494 1556 2526 1614 ἡ
2579 1555 2699 1608 καθ’
2756 1555 2962 1614 ἠλικίαν
3017 1559 3233 1622 αὔξησίς
3285 1578 3343 1613 τε
3394 1564 3484 1614 καὶ
3534 1565 3799 1635 προκοπή,
3840 1562 3875 1621 ἡ

2268 1651 2439 1713 πεῖνα,
2493 1646 2525 1704 ἠ
2579 1641 2736 1716 δίψα,
2793 1646 2820 1697 6
2870 1651 3046 1714 κόπος,
3099 1649 3127 1701 ό
3187 1649 3366 1716 ὕπνος,
3419 1653 3479 1703 τὸ
3537 1646 3789 1725 δάκρυον,
3838 1651 3874 1709 ἠ

2270 1741 2371 1787 τῶν
2425 1733 2561 1793 ἥλων
2611 1741 2818 1807 τρῆσις,
2868 1736 2896 1787 6
2949 1738 3189 1805 θάνατος,
3226 1743 3316 1792 καὶ
3372 1741 3439 1792 τὰ
3491 1747 3731 1805 τοιαῦτα,
3772 1740 3882 1792 ὅσα

2270 1825 2473 1897 φυσικά
2526 1827 2618 1876 καὶ
2653 1819 2952 1883 ἀδεάϐλητα
2998 1828 3143 1887 πάθη
3198 1830 3577 1901 τυγχάνουσιν.
3623 1828 3706 1882 Ἐν
3756 1830 3881 1882 τού-

2269 1931 2381 1975 τοις
2425 1913 2527 1987 γόιρ
2586 1911 2756 1966 ἅπασι
2798 1913 2941 1986 μίξις
2991 1920 3083 1988 μίν
3141 1913 3254 1969 ἐστι
3306 1924 3402 1970 τοῦ
3460 1919 3598 1971 θείου
3641 1919 3770 1991 πρὸς
3811 1920 3878 1970 τὸ

2272 2000 2625 2078 ἀνθρώπινον·
2682 2002 2816 2061 πλὴν
2863 2011 2955 2056 τοῦ
3021 2010 3265 2078 σώματος
3330 2005 3532 2070 ἀληθῶς
3598 2005 3729 2060 εἶναι
3784 2026 3880 2060 πι-

2273 2093 2527 2162 στεύεται,
2581 2088 2734 2144 οὐδὲν
2798 2095 2990 2146 τούτων
3047 2101 3139 2147 τοῦ
3207 2096 3346 2148 θείου
3410 2098 3734 2169 πάσχοντος,
3796 2091 3877 2149 δι’

2269 2179 2440 2232 αὐτῶν
2490 2176 2550 2233 δε
2577 2184 2672 2239 τὴν
2728 2182 2876 2254 ἡμῶν
2931 2181 3321 2257 οὶκονομοῦντος
3373 2190 3661 2259 σωτηρίαν.
3689 2187 3768 2242 Τὰ
3810 2179 3879 2237 δὲ

2269 2270 2405 2321 κατὰ
2467 2274 2846 2344 προσποίησιν,
2904 2274 2964 2324 τὸ
3022 2269 3216 2346 ἓρωτᾴν
3267 2279 3378 2327 Ποῦ
3437 2276 3701 2327 τεθείκατε
3762 2273 3879 2326 Λά-

2270 2356 2450 2432 ζαρον,
2508 2358 2539 2416 ἡ
2608 2362 2911 2432 προσευχὴ,
2950 2362 3010 2412 τὸ
3066 2360 3453 2435 ύπαναχωρεῖν.
3509 2364 3715 2416 Τούτων
3763 2363 3872 2435 γὰρ

2268 2448 2386 2499 οὔτε
2451 2447 2522 2509 ὡς
2582 2449 2734 2511 Θεὸς,
2796 2450 2915 2500 οὔτε
2979 2450 3045 2509 ὡς
3108 2450 3381 2519 ἄνθρωπος
3441 2451 3678 2524 ἔχρῇζε’
3730 2449 3870 2509 πλὴν

2266 2532 2717 2610 ἀνθρωποπρεπῶς
2780 2536 3177 2610 ἐσχηματίξετο
3235 2542 3364 2615 πρὸς
3423 2541 3544 2613 ὅπερ
3705 2543 3872 2615 χρεία

2263 2628 2354 2677 καὶ
2391 2627 2450 2677 τὸ
2503 2624 2761 2686 λυσιτελὲς
2818 2624 3024 2699 ἀπῄτει.
3075 2629 3197 2680 Οἶον
3253 2632 3347 2688 τὴν
3399 2633 3730 2703 προσευχὴν,
3770 2625 3869 2682 διά

2263 2717 2323 2766 τὸ
2377 2710 2548 2777 δεῖξαι
2600 2713 2667 2775 ὠς
2727 2713 2821 2768 οὐκ
2872 2717 3015 2768 ἔστιν
3072 2713 3370 2780 ἀντίθετοςο
3428 2723 3519 2772 καὶ
3574 2719 3640 2779 ὠς
3695 2721 3865 2771 αἴτιον

2264 2802 2426 2857 αὐτοῦ
2481 2811 2645 2878 τιμῶν
2692 2807 2780 2857 τὸν
2823 2811 3050 2880 Πατέρα.
3103 2809 3174 2859 Τὸ
3223 2805 3435 2881 ἕρωτᾷν,
3495 2807 3591 2861 ούκ
3643 2806 3857 2879 ἀγνοῶν,

2264 2891 2371 2945 ἀλλ’
2430 2895 2514 2946 ἱνα
2568 2889 2714 2967 δείξῃ
2777 2894 2846 2957 ὡς
2898 2897 3035 2947 κατὰ
3099 2894 3342 2955 ἀλήθειάν
3399 2895 3540 2951 ἐστιν
3595 2898 3863 2972 ἅνθρωπος

2261 2984 2393 3053 μετὰ
2438 2989 2533 3035 τοῦ
2585 2980 2717 3035 εἶναι
2764 2987 2895 3045 Θεός
2922 2998 2936 3013 ’
2983 2987 3042 3036 τὸ
3086 2986 3471 3061 ύπαναχωρεῖν,
3526 2986 3610 3039 ἵνα
3660 2982 3859 3061 διδάξῃ

493 3093 742 3153 quoque
770 3093 910 3133 vere
937 3090 1067 3132 esse
1091 3073 1557 3130 demonstraret.
1586 3073 1722 3128 Haec
1746 3070 2009 3142 denique
2036 3067 2148 3142 ipsi

2260 3075 2332 3144 μὴ
2374 3072 2785 3147 προπετεύεσθαι
2825 3068 2967 3145 μηδὲ
3022 3073 3237 3137 ἑαυτοὺς
3289 3072 3627 3149 προδιδόναι.
3666 3078 3746 3128 Τά
3802 3072 3866 3129 δὲ

493 3183 684 3224 causa
725 3163 1047 3222 secedendi
1081 3168 1231 3231 erat,
1257 3165 1325 3217 ut
1366 3176 1479 3218 nos
1512 3160 1755 3217 doceret
1780 3157 2050 3232 pericula
2071 3162 2154 3214 te-

490 3270 657 3313 mere
684 3268 811 3312 non
834 3252 1025 3321 adire,
1040 3264 1154 3308 nec
1177 3265 1291 3307 nos
1310 3249 1480 3323 ipsos
1500 3249 1656 3305 ultro
1684 3247 1962 3321 prodere.
1982 3248 2153 3314 Quas-

490 3344 639 3402 dam
662 3358 877 3400 rursus
907 3340 1191 3397 dicuntur
1217 3354 1326 3412 per
1345 3338 1823 3411 assumptionem
1855 3342 1940 3400 ut,
1962 3335 2144 3394 illud:

486 3435 649 3492 Deus
674 3446 864 3502 meus,
895 3432 1052 3487 Deus
1082 3443 1266 3495 meus,
1297 3433 1367 3484 ut
1403 3427 1552 3499 quid
1576 3442 1671 3484 me
1696 3425 2148 3498 dereliquisti‘?

486 3524 635 3581 Item
651 3539 666 3578 :
684 3522 822 3592 Ipse
834 3520 1030 3578 Filius
1051 3517 1226 3575 Patri
1245 3516 1655 3587 subjicietur‘.
1680 3519 1796 3573 Nec
1814 3516 1976 3573 enim
1996 3529 2145 3588 qua-

484 3617 661 3668 tenus
692 3613 849 3667 Deus
879 3624 992 3666 nec
1020 3612 1321 3681 quatenus
1352 3605 1561 3674 homo,
1589 3622 1627 3663 a
1657 3609 1826 3663 Patre
1866 3619 2142 3678 unquam

482 3700 804 3758 derelictus
832 3699 971 3755 fuit:
999 3710 1110 3754 nec
1133 3701 1475 3770 peccatum,
1502 3711 1614 3752 nec
1640 3694 2031 3752 maledictum
2050 3694 2141 3751 fa-

482 3794 615 3847 ctus
634 3793 741 3855 est,
760 3802 871 3845 nec
886 3786 1043 3845 Patri
1058 3785 1273 3858 subjici
1293 3800 1451 3858 opus
1468 3784 1673 3842 habet.
1687 3784 1915 3841 Etenim
1934 3788 2116 3856 quate
2135 3819 2139 3823 -

477 3895 613 3952 nus,
635 3882 789 3937 Deus
805 3884 915 3948 est,
933 3875 1183 3951 aequalis
1205 3880 1293 3932 est
1309 3875 1483 3944 Patri,
1497 3890 1620 3931 non
1639 3879 1842 3931 autem
1859 3873 2139 3930 adversa-

475 3968 623 4038 rius,
655 3982 769 4026 nec
797 3967 1138 4040 subjectus:
1171 3970 1473 4038 quatenus
1501 3970 1705 4021 autem
1741 3963 1947 4031 homo,
1979 3976 2136 4018 nun-

474 4074 667 4132 quam
681 4058 975 4115 adversus
988 4059 1223 4112 Patrem
1233 4058 1563 4110 contumax
1573 4052 1701 4109 fuit.
1717 4055 1800 4109 Ex
1811 4067 1934 4125 quo
1947 4051 2137 4125 sequi-

474 4151 590 4213 tur,
611 4162 772 4214 eum,
796 4145 986 4202 nostri
1005 4146 1327 4215 assumpta
1355 4157 1635 4214 persona,
1662 4148 1866 4214 partes
1895 4144 2137 4197 nostras

476 4233 998 4306 suspiciendo,his
1017 4231 1218 4288 verbis
1237 4246 1419 4287 usum
1439 4244 1593 4286 esse.
1619 4232 1662 4295 Ο
1675 4229 1912 4285 uasdam
1930 4233 2135 4285 autem

472 4334 583 4396 per
597 4323 999 4392 excogitatam
1017 4326 1215 4377 mente
1229 4319 1649 4393 praecisionem
1667 4316 1967 4373 dicuntur.
1983 4319 2133 4374 Nam

2259 3158 2376 3213 κατ’
2430 3160 2692 3213 οἰκείωσιν
2724 3176 2737 3191 ⁸
2798 3161 2864 3223 ὡς
2917 3164 3000 3230 τὸ,
3056 3166 3155 3216 Θεέ
3205 3182 3329 3237 μου,
3380 3168 3477 3219 Θεέ
3528 3184 3665 3239 μου,
3721 3166 3865 3219 ἱνατὶ

2257 3248 2315 3321 μ’
2380 3247 2744 3320 ἐγκατέλιπες⁸
2813 3254 2903 3303 καὶ
2953 3253 3035 3322 τὸ,
3094 3251 3260 3316 Αὐτός
3324 3254 3353 3305 ό
3409 3255 3532 3317 Υἱός
3594 3254 3863 3327 ὑποταγή-

2259 3355 2407 3390 σεται
2445 3345 2519 3409 τῴ
2576 3341 2761 3411 Ῑιατρί.
2823 3341 2958 3392 Οὔτε
3011 3342 3113 3413 γὰρ
3168 3341 3238 3403 ὠς
3293 3344 3423 3405 Θεὸς
3474 3345 3592 3397 οὔτε
3648 3344 3714 3405 ὡς
3769 3344 3865 3395 οἴν-

2258 3427 2459 3500 θρωπος
2515 3426 2881 3500 ἐγκατελείφθη
2937 3431 3063 3482 ποτε
3117 3430 3218 3483 ύπό
3274 3438 3396 3494 τοῦ,
3433 3434 3673 3506 Πατρὸςο
3740 3434 3861 3487 οὔτε

2252 3515 2488 3591 ἁμαρτία
2518 3557 2532 3584 ,
2590 3517 2733 3568 οὔτε·
2766 3518 2970 3592 κατάρα
3035 3521 3272 3591 γέγονεν,
3346 3523 3461 3574 οὔτε
3527 3521 3857 3594 ὑποταγῆναι

2249 3605 2444 3680 χρῄζει
2483 3611 2557 3676 τῷ
2595 3609 2784 3680 Πατρί.
2824 3608 2966 3659 Καθό
3007 3609 3099 3680 μὲν
3141 3610 3244 3683 γὰρ
3293 3612 3425 3673 Θεὸς
3470 3612 3583 3672 ἶσος
3625 3609 3739 3665 ἑστι
3773 3619 3850 3681 τῷ

2250 3699 2438 3768 Πατρὶ,
2481 3698 2570 3746 καὶ
2618 3690 2743 3747 οὐδὲ
2788 3693 3011 3757 ἐναντίος
3061 3693 3186 3750 οὐδὲ
3235 3699 3676 3774 ύποτεταγμενος·
3718 3701 3851 3753 καθὸ

2249 3779 2311 3837 δὲ
2373 3784 2644 3859 ἄνθρωπος
2701 3780 2953 3838 οὐδέποτε
3008 3783 3219 3848 ἀνήκοος
3271 3792 3451 3861 γέγονε
3508 3797 3603 3843 τοῦ
3659 3794 3855 3848 Γεννη-

2247 3890 2419 3947 τορος.
2474 3874 2546 3925 Τό
2611 3873 2858 3945 ἡμέτερον
2913 3877 3086 3926 τοίνυν
3147 3873 3490 3949 οἰκειούμενος
3544 3881 3854 3950 πρόσωπον,

2245 3967 2335 4015 καὶ
2399 3962 2513 4036 μεθ’
2573 3964 2721 4036 ἡμῶν
2772 3965 2986 4016 τάσσων
3047 3963 3264 4030 ἑαυτὸν,
3324 3974 3491 4020 ταῦτα
3549 3967 3702 4041 ἔλεγε.
3769 3971 3859 4022 Τὰ

2247 4048 2307 4104 δὲ
2353 4048 2448 4104 διὰ
2487 4055 2583 4109 τὴν
2633 4050 2751 4104 κατ’
2803 4050 3033 4105 ἐπίνοιαν
3097 4050 3379 4127 διαίρεσιν.
3434 4055 3550 4111 Ἐἀν
3608 4060 3710 4133 γὰρ
3776 4066 3849 4132 τῇ

2243 4138 2444 4212 ἐπινοίᾳ
2497 4136 2672 4213 διίλῃς
2716 4141 2782 4193 τὰ
2826 4148 2890 4213 τῇ
2942 4140 3159 4216 ἀληθείᾳ
3196 4142 3505 4220 ἀχώριστα,
3549 4150 3712 4219 ἤγουν
3749 4152 3852 4206 τὴν

2244 4229 2420 4300 σάρκα
2469 4225 2517 4279 ἐν
2577 4234 2666 4280 τοῦ
2713 4232 2896 4300 Λόγου,
2942 4230 2973 4288 ἠ
3031 4231 3165 4307 σὰρξ
3216 4229 3379 4293 δούλη
3434 4231 3496 4294 ἦν
3550 4240 3639 4288 καὶ
3696 4234 3852 4308 ἁγνο-

2241 4322 2378 4368 οῦσα
2401 4332 2414 4346 ·
2447 4314 2577 4368 ἀλλά
2615 4312 2710 4369 διὰ
2740 4321 2837 4375 τὴν
2888 4322 3019 4394 πρὸς
3048 4324 3137 4373 τόν
3175 4326 3304 4375 Θεὸν
3335 4328 3431 4393 Λό,
3467 4343 3523 4377 ον
3569 4326 3686 4379 καθ’
3716 4327 3851 4379 ὑπό-

473 4412 524 4469 si
543 4428 616 4469 ea
633 4427 772 4485 quae
792 4426 1001 4469 revera
1014 4410 1128 4482 disj
1137 4408 1283 4479 ungi
1297 4413 1627 4481 nequeunt,
1640 4408 1759 4464 hoc
1777 4411 1871 4463 est
1889 4421 2134 4464 carnem

2256 4422 2428 4458 πασιν
2465 4405 2646 4457 ἕνωσιν
2688 4409 2806 4460 οὔτε
2844 4403 3008 4467 δούλη
3048 4406 3132 4480 ἦν,
3165 4414 3283 4465 οὔτε
3311 4412 3505 4485 ἠγνόει.
3554 4416 3707 4469 Οὕτω
3750 4420 3848 4470 καὶ

472 4516 511 4557 a
538 4500 752 4567 Verbo,
779 4499 1105 4571 cogitando
1143 4497 1498 4569 sejunxeris,
1531 4510 1673 4552 caro
1703 4510 1878 4552 serva
1922 4499 2050 4552 erat
2076 4499 2135 4553 et

469 4589 721 4659 ignara:
753 4604 967 4646 verum
1005 4586 1219 4644 eadem
1252 4585 1334 4642 ob
1370 4584 1817 4657 hypostaticam
1844 4598 1985 4640 cum
2009 4586 2131 4642 Deo

469 4677 663 4734 Verbo
687 4678 1177 4750 conjunctiouem
1204 4674 1271 4731 id
1296 4674 1531 4745 habuit,
1552 4676 1620 4729 ut
1646 4689 1759 4730 nee
1782 4687 1954 4730 serva
1976 4678 2133 4732 esset

468 4781 581 4822 nec
606 4766 844 4837 ignara.
885 4765 1112 4822 Eadem
1139 4764 1215 4820 de
1245 4778 1435 4820 causa
1461 4765 1694 4819 Patrem
1729 4764 1919 4818 Deum
1948 4777 2129 4819 suum

466 4857 724 4914 vocavit.
755 4854 1050 4923 Quadam
1073 4868 1219 4911 vero
1241 4852 1460 4919 aiebat,
1483 4854 1550 4907 ut
1578 4866 1643 4907 se
1669 4848 1848 4907 nobis
1872 4849 2127 4908 manife-

468 4950 673 5016 staret,
701 4949 1095 5018 nostramque
1127 4943 1400 4999 ﬁrmaret
1418 4939 1633 5010 ﬁdem,
1657 4937 1837 4996 veluti
1863 4955 2003 4997 cum
2032 4939 2124 4996 di-

463 5036 578 5094 xit:
594 5038 796 5106 Pater,
809 5035 1082 5104 ciariﬁca
1100 5047 1196 5089 me
1209 5031 1493 5088 ciaritate
1519 5043 1702 5100 quam
1721 5028 1930 5096 habui,
1944 5030 2124 5099 prius

463 5140 644 5194 quam
663 5124 926 5181 mundus
946 5126 1113 5188 esset,
1136 5118 1305 5189 apud
1324 5119 1436 5176 te“.
1464 5115 1692 5174 Etenim
1712 5116 1841 5190 ipse
1866 5116 2117 5190 quidem

463 5216 521 5268 et
548 5215 692 5268 tunc
720 5209 1082 5269 clariﬁcatus
1115 5210 1261 5277 erat,
1289 5209 1348 5264 et
1390 5220 1554 5282 nunc
1582 5203 1982 5264 clariﬁcatur:
2013 5222 2116 5265 ne-

2224 5224 2384 5283 φησιν
2425 5226 2441 5242 ⁶

2239 4496 2368 4547 Θεὸν
2421 4495 2609 4547 ἑαυτοῦ
2658 4498 2747 4548 τὸν
2803 4502 3013 4571 Πατέρα
3062 4498 3274 4554 ἐκάλεσε
3305 4519 3319 4533 ·
3359 4504 3425 4555 τὰ
3477 4498 3537 4557 δὲ
3595 4500 3690 4558 διὰ
3743 4509 3843 4565 τὴν

2234 4584 2364 4656 πρὸς
2425 4584 2567 4656 ἡμᾶς
2618 4588 2903 4661 φανέρωσίν
2953 4605 3009 4640 τε
3054 4593 3145 4641 καὶ
3195 4595 3398 4649 πίστιν.
3446 4591 3536 4655 Ὣς
3586 4596 3675 4662 τὸ,
3719 4596 3844 4648 Πά-

2234 4689 2351 4746 τερ,
2415 4668 2641 4736 δόξασόν
2700 4692 2764 4747 με
2822 4682 2885 4748 τῇ
2953 4672 3081 4750 δόξῃ
3244 4676 3390 4754 εἶχον
3427 4686 3528 4755 πρὸ
3593 4690 3686 4736 τοῦ
3745 4687 3840 4737 τὸν

2231 4764 2430 4835 κόσμον
2490 4758 2622 4815 εἶναι
2685 4765 2831 4837 παρά
2896 4770 3003 4821 σοί.
3058 4766 3226 4831 Αὐτός
3289 4772 3391 4844 γὰρ
3451 4767 3840 4846 δεδοξασμένος

2233 4846 2296 4909 ἣν
2346 4869 2401 4904 τε
2450 4855 2542 4903 καὶ
2605 4850 2784 4905 ἐστίν⁸
2851 4850 2958 4905 ἀλλ’
3022 4856 3151 4927 ἡμῖν
3215 4856 3310 4910 ούκ
3367 4856 3429 4918 ἦν
3482 4863 3841 4937 φανερωθεῑσα

2229 4942 2322 4991 καὶ
2353 4941 2682 4993 πιστωθεῖσα
2721 4942 2753 4999 ἡ
2806 4936 2939 5005 δόξα
2984 4942 3146 4997 αὐτοῦ
3170 4958 3185 4975 ⁸
3218 4949 3286 4999 τὰ
3329 4943 3408 5015 δὲ,
3441 4952 3579 5003 κατὰ
3608 4936 3709 5010 τὴν
3738 4971 3836 5006 τευ

2230 5024 2530 5082 Ἰουδαϊκοῦ
2612 5035 2899 5105 προσώπου
2973 5032 3260 5090 οἰκείωσιν.
3348 5042 3449 5090 Καὶ
3528 5042 3659 5112 μετὰ
3730 5049 3836 5095 τῶν

2229 5115 2499 5174 Ἰουδαίων
2539 5116 2773 5194 ἀριθμῶν
2821 5118 3039 5173 ἑαυτόν*
3089 5121 3155 5184 ὠς
3199 5127 3330 5199 πρὸς
3377 5131 3472 5185 τὴν
3522 5135 3837 5203 Σαμαρεῖτίν

2496 5206 2666 5281 ’Υμείς
2727 5217 3092 5281 προσκευνεῖτε
3156 5211 3183 5264 ὃ
3240 5212 3334 5266 οὐκ
3400 5212 3582 5269 οἴδατε
3610 5234 3625 5250 θ
3683 5219 3840 5290 ἡμεῖς

532 5372 556 5407 ³
593 5374 766 5430 Joan.
795 5387 875 5439 ιι,
907 5372 997 5428 34.
1074 5370 1097 5406 ⁴
1135 5368 1339 5430 Matth.
1367 5384 1537 5442 XXVII,
1568 5369 1658 5427 46.
1734 5368 1759 5406 ⁸
1797 5370 1821 5427 Ι
1851 5369 1982 5429 Cor.
2011 5384 2116 5437 xv,
2143 5377 2148 5424 τ

2310 5368 2334 5405 ⁸
2369 5369 2543 5427 Joan.
2579 5372 2662 5439 l7,
2700 5372 2752 5426 5.

529 5512 606 5586 (ὅ)
645 5514 732 5572 De
772 5512 894 5586 ﬁde
933 5510 1292 5590 orthodoxa,
1320 5512 1428 5576 lib.
1456 5527 1535 5585 1v,
1568 5525 1705 5587 cap.
1740 5515 1826 5586 18,
1858 5510 2000 5573 edit.
2045 5508 2371 5589 Lequlenii,
2403 5513 2448 5573 t.
2487 5512 2530 5584 Ι,
2563 5525 2626 5585 p.
2664 5512 2793 5572 286.
2824 5510 3089 5588 Carptim
3134 5518 3339 5578 tamen
3382 5516 3514 5580 haec
3561 5519 3805 5585 desumi

460 5591 882 5660 excerptorum
905 5588 1138 5649 auctor.
