4148 6390
331 375 440 434 209

1661 366 2014 427 THESAURI
2055 366 2188 426 LIB.
2236 367 2387 426 XXV.

3602 369 3710 428 210

335 501 731 572 προσκυνοῦμεν
780 496 809 552 ὃ
838 492 1058 570 οἴδαμεν
1086 513 1099 532 ο
1141 494 1224 550 ὅτι
1263 494 1296 555 ἦ
1331 494 1572 569 σωτηρία
1611 491 1668 548 ἔκ
1695 499 1798 548 τῶν
1825 492 1942 550 Ἰου-

2057 508 2370 568 quaquam
2392 495 2594 551 tamen
2615 492 2792 551 nobis
2815 493 3052 552 claritas
3068 493 3201 565 ejus
3221 491 3523 566 patefacta
3545 507 3709 550 com-

341 583 507 641 δαίων
538 586 694 643 ἇστίν.

2049 584 2430 656 probataque
2459 587 2606 641 erat.
2637 587 2943 642 Postremo
2968 583 3271 640 interdum
3299 583 3383 640 ita
3411 582 3707 656 loqueba-

342 679 460 747 tur,
483 682 774 750 tanquam
801 674 1153 733 Judmorum
1179 688 1506 748 personam
1533 672 1901 736 adscivisset,
1924 689 1989 730 se
2011 672 2073 730 in
2102 689 2308 730 eorum
2341 689 2668 730 numerum
2697 674 3087 742 ascribendo;
3119 679 3186 730 ut
3215 689 3354 729 cum
3385 673 3708 731 Samarita-

340 779 437 822 me
464 767 581 824 ait:
623 766 732 822 Vos
759 765 1032 823 adoratis
1060 764 1222 836 quod
1250 765 1523 834 nescitis;
1550 778 1656 819 nos
1685 764 2011 820 adoramus
2040 763 2199 836 quod
2225 764 2443 820 scimus
2472 782 2485 820 :
2513 764 2659 835 quia
2688 765 2852 822 salus
2878 778 2952 820 ea:
2978 763 3202 819 Judaeis
3241 767 3322 819 est
3344 763 3390 820 τ.

341 897 447 948 Του
485 891 634 965 ἁγίου
675 895 970 965 Γρηγοριου
1013 909 1104 943 του
1156 887 1410 961 Θεολόγου
1460 886 1516 942 ἐκ
1560 895 1652 943 τοῦ
1696 884 1941 964 δευτέρου

793 979 953 1053 λόγου
981 987 1074 1032 τοῦ
1101 983 1221 1056 περὶ
1245 983 1369 1032 Υίοῡ

413 1103 466 1160 ε’.
503 1105 571 1160 Τό
617 1105 717 1178 γὰρ
771 1099 840 1163 δὴ
893 1102 1058 1176 λέγειν
1110 1103 1192 1156 ὅτι
1235 1121 1328 1156 του
1371 1103 1508 1154 κατὰ
1539 1103 1628 1154 τόν
1675 1102 1943 1174 ἄνθρωπον

333 1196 610 1265 νοουμένου
661 1192 878 1266 μείζων,
933 1190 1119 1254 ἀληθὲς
1176 1193 1286 1264 μὶν,
1332 1191 1390 1245 οὐ
1439 1195 1572 1264 μέγα
1621 1186 1694 1244 δέ.
1741 1194 1804 1244 Τί
1838 1193 1942 1267 γὰρ

322 1285 389 1336 τὸ
418 1283 746 1354 θαυμαστὸν,
779 1281 824 1335 εἰ
843 1280 1035 1354 μείζων
1065 1278 1338 1353 ἀνθρώπου
1369 1283 1533 1346 Θεός;

324 1411 434 1462 Τοῦ
476 1405 632 1478 ἁγίου
672 1406 1010 1473 Ἀθανασίου,
1056 1403 1112 1456 ἐκ
1148 1411 1242 1458 τοῦ
1287 1401 1619 1457 διαλεκτικοῦ
1665 1404 1840 1476 λόγου,
1887 1403 1942 1456 ὃν

404 1494 694 1552 ἐποιήσατο
743 1491 793 1545 ἓν
832 1500 894 1565 τῇ
923 1495 1057 1545 κατὰ
1102 1497 1326 1546 Νίκαιαν
1365 1493 1494 1566 ἁγίᾳ
1529 1497 1707 1568 πρώτῃ
1739 1491 1936 1567 μεγάλῃ

404 1578 614 1654 συνόδῳ
651 1583 780 1654 πρὸς
822 1584 909 1634 τὸν
948 1579 1153 1657 Ἀρειον

405 1706 471 1770 ς’·
513 1707 833 1769 Ἀθανάσιος
877 1706 988 1760 εἷπε
1017 1726 1032 1741 ο
1083 1710 1225 1768 Τίνες
1278 1702 1367 1759 οὖν
1413 1714 1689 1776 κοπιῶσιν,
1733 1709 1938 1784 ἄνθρω-
1970 1723 2015 1779 Β

325 1815 422 1851 ποι
476 1796 508 1855 ἦ
569 1795 820 1869 ἄγγελοι;
879 1794 1082 1870 ’Ἀρειος
1139 1794 1309 1850 εἶπεν·
1370 1794 1612 1868 ’Ἄγγελοι
1671 1795 1942 1871 ἀσώματοι

327 1886 692 1958 τυγχάνουσι,
745 1887 878 1959 πρὸς
927 1887 988 1937 τὸ
1039 1881 1413 1946 διακονοῦντας
1464 1884 1650 1948 αὐτοὺς
1701 1889 1939 1961 καμάτου

327 1982 515 2049 πεῖραν
553 1978 626 2048 μή
676 1971 883 2026 λαϐεῖν·
946 1972 1216 2049 ἀνθρώπου
1258 1970 1316 2026 δὲ
1343 1976 1400 2027 τὸ
1429 1975 1638 2047 κάμνειν
1666 1971 1805 2028 ἴδιον
1850 1972 1944 2030 διὰ

322 2069 426 2122 τὴν
473 2071 570 2116 του
620 2067 858 2136 σώματος
908 2061 1123 2137 βαρεῖαν
1181 2062 1356 2121 ὁλκήν.
1408 2061 1720 2128 Ἀθανοίσιος
1766 2066 1938 2118 εἶπε-δ’

323 2157 392 2206 Ὀ
452 2150 544 2206 οὖν
613 2155 803 2226 Κύριος
876 2159 982 2213 πῶς
1052 2150 1345 2220 ἐκοπίασες
1423 2157 1715 2227 Γέγραπται
1777 2157 1876 2231 γὰρ
1923 2175 1936 2188 ·

322 2242 542 2303 Ἰησους
574 2238 635 2295 δὲ
682 2244 1002 2302 κεκοπιακὼς
1039 2240 1096 2294 ἐκ
1142 2247 1240 2302 τῆς
1275 2237 1599 2316 ὁδοιπορίας,
1649 2241 1937 2304 ἐκαθέζετο.

325 2333 540 2408 Ἀρειος
610 2327 746 2384 εἶπεν
788 2351 802 2365 ο
882 2333 1174 2403 Συνήγαγές
1233 2350 1318 2404 με,
1389 2332 1459 2394 ὡς
1534 2331 1813 2394 ὴθελησας,
1885 2332 1941 2385 ἐκ

328 2442 422 2475 του
466 2418 906 2498 παραδείγματος
942 2429 1040 2472 τῶν
1090 2420 1315 2492 ἀγγέλων
1363 2427 1452 2474 καὶ
1498 2429 1596 2474 τῶν
1638 2420 1937 2496 ἀνθρώπων,

333 2514 415 2566 ὅτι
454 2513 562 2585 οὐχ
601 2514 670 2574 ὡς
715 2515 835 2572 Θεὸς
880 2514 1044 2582 Λόγος
1083 2509 1378 2579 ἐκοπίασεν,
1420 2510 1526 2564 ἀλλ’
1566 2515 1651 2564 ἵνα
1698 2521 1827 2586 φανῇ
1862 2515 1943 2567 ὅτι

338 2605 532 2675 σάρκα,
605 2603 666 2660 ἦν
728 2600 823 2654 οὐκ
876 2596 988 2672 εἶχε
1038 2604 1288 2675 πρότερον
1341 2602 1366 2652 ό
1423 2605 1593 2674 Λόγος
1646 2606 1736 2654 καί
1793 2605 1939 2666 Θεὸς,

333 2695 529 2750 ταύτην
577 2688 816 2743 ἀνέλαϐεν
847 2707 860 2721 ⁸
917 2686 1009 2742 διά
1060 2697 1211 2742 τοῦτο
1268 2697 1328 2762 τῇ
1393 2695 1552 2766 σαρκὶ
1600 2696 1942 2766 συνεχώρησε

327 2782 567 2852 πάσχειν
611 2782 677 2832 τὰ
705 2775 842 2850 ἴδια,
875 2779 958 2832 ἵνα
1000 2786 1128 2853 φανῇ
1177 2780 1258 2832 ὃτι
1290 2779 1424 2853 σάρξ
1455 2779 1614 2836 ἐστιν.
1649 2782 1940 2844 Αθανάσιος

332 2868 484 2925 εἷπε·
518 2874 765 2942 Μέμνησο
805 2873 887 2922 ὅτι
930 2869 1368 2945 προωμολόγηται
1411 2871 1491 2922 ὅτι
1519 2871 1796 2942 πανταχοῦ
1839 2872 1940 2924 ποί-

2048 891 2267 948 Sancti
2292 891 2560 964 Gregorii
2609 891 2881 964 Theologi
2919 906 2994 948 ea:
3022 892 3296 949 oratione
3328 891 3588 948 secunda
3631 891 3705 949 de

2786 982 2964 1052 Filio,

2123 1110 2175 1161 5.
2206 1105 2406 1162 Dicere
2446 1109 2672 1175 autem,
2701 1106 2868 1180 quod
2894 1106 3070 1163 Pater
3113 1106 3312 1177 major
3352 1105 3580 1163 Christo
3606 1106 3700 1174 sit,

2050 1198 2352 1268 quatenus
2387 1195 2486 1253 hic
2514 1196 2698 1254 modo
2721 1195 3107 1266 intelligitur;
3137 1211 3348 1251 verum
3368 1195 3428 1251 id
3453 1194 3702 1268 quidem

2051 1287 2159 1352 est,
2190 1284 2357 1343 haud
2381 1289 2588 1342 tamen
2625 1301 2942 1357 magnum.
2983 1285 3138 1352 Quid
3164 1284 3327 1341 enim
3356 1283 3600 1352 mirum,
3651 1284 3702 1344 si

2051 1372 2209 1430 Deus
2236 1374 2482 1431 homine
2511 1375 2704 1447 major
2728 1374 2860 1431 est?

2047 1499 2109 1556 S.
2166 1499 2494 1557 Athanasii
2542 1515 2620 1557 ea:
2669 1501 3078 1570 disputatione
3132 1514 3312 1571 quam
3367 1499 3579 1556 habuit
3635 1501 3700 1556 in

2119 1595 2333 1646 sancta
2357 1591 2559 1659 prima
2600 1590 2853 1647 Nicwna
2887 1603 3113 1661 magna
3143 1589 3372 1660 synodo
3405 1588 3698 1646 adversus

2119 1680 2349 1735 Arium.

2121 1807 2172 1859 6.
2201 1804 2562 1861 Athanasius
2593 1804 2763 1862 dixit:
2801 1804 3058 1871 Quinam
3114 1802 3292 1874 igitur
3335 1803 3696 1874 fatigantur;

2047 1893 2422 1961 hominesne,
2455 1910 2534 1952 an
2565 1893 2803 1965 angeli?
2839 1893 3010 1950 Arius
3040 1891 3226 1950 dixit:
3268 1892 3476 1962 Angeli
3502 1893 3698 1948 incor-

2048 1982 2218 2056 porei
2247 1987 2405 2051 sunt,
2427 1987 2492 2040 ut
2517 1999 2656 2040 cum
2685 1983 2802 2056 ipsi
2823 1982 3184 2051 ministrant,
3205 1981 3441 2038 nullum
3465 1981 3698 2038 lassitu-

2049 2071 2208 2128 dinis
2238 2071 2715 2145 experimentum
2761 2071 3110 2145 percipiant.
3154 2074 3227 2126 At
3262 2070 3525 2127 hominis
3561 2086 3701 2142 pro-

2047 2160 2250 2233 prium
2287 2165 2376 2217 est
2404 2160 2657 2231 fatigari,
2698 2164 2943 2234 propter
2972 2173 3216 2230 gravem
3245 2173 3465 2230 nempe
3491 2174 3701 2232 corpo-

2047 2249 2130 2306 ris
2160 2249 2402 2306 molem.
2435 2250 2801 2307 Athanasius
2833 2249 3018 2305 dixit:
3053 2247 3371 2314 Quomodo
3402 2262 3542 2318 ergo
3573 2247 3702 2304 fati-

2050 2344 2224 2412 gatus
2253 2345 2341 2397 est
2361 2341 2650 2396 Dominus
2667 2341 2694 2396 ?
2723 2339 3021 2412 Scriptum
3047 2339 3208 2395 enim
3233 2342 3346 2394 est:
3367 2339 3539 2396 Jesus
3564 2353 3700 2394 vero

2044 2429 2346 2500 fatigatus
2376 2444 2451 2486 ea:
2487 2431 2720 2500 itinere,
2757 2429 2993 2486 sedebat
3012 2428 3056 2485 ⁸.
3085 2426 3260 2482 Arius
3291 2425 3475 2483 dixit:
3502 2429 3572 2484 Ut
3598 2442 3700 2482 ve—

2047 2517 2226 2589 luisti,
2244 2533 2311 2574 eo
2334 2535 2448 2590 me,
2467 2518 2821 2589 angelorum
2839 2516 3277 2588 hominumque
3291 2515 3584 2588 exemplo,
3601 2515 3703 2572 ad-

2049 2606 2291 2673 duxisti,
2321 2613 2384 2664 ut
2411 2607 2600 2664 fatear
2628 2607 2894 2664 Verbum
2921 2621 3046 2662 non
3075 2609 3140 2660 ut
3168 2607 3356 2660 Deum
3385 2604 3703 2675 fatigatum

2049 2712 2201 2766 esse,
2233 2695 2341 2751 sed
2370 2701 2435 2752 ut
2473 2701 2791 2769 appareret
2825 2710 3072 2752 carnem
3101 2694 3280 2760 hanc,
3309 2708 3498 2765 quam
3529 2697 3704 2750 antea

2050 2784 2309 2840 Verbum
2331 2789 2388 2841 et
2411 2788 2563 2842 Deus
2584 2801 2709 2841 non
2728 2783 3013 2852 habebat,
3033 2781 3460 2854 assumpsisse:
3481 2780 3704 2838 idcirco

2051 2873 2217 2930 carni
2243 2890 2380 2947 quae
2412 2875 2527 2930 sibi
2547 2879 2717 2931 erant
2741 2873 2984 2946 propria
3012 2872 3136 2944 pati
3163 2871 3451 2942 permisit,
3486 2875 3550 2927 ut
3579 2886 3705 2926 car-

337 2977 521 3032 ρεστιν
553 2960 578 3009 ό
620 2962 776 3029 Λόγος
820 2963 911 3011 καὶ
951 2962 1102 3019 Θεός.
1143 2957 1348 3032 Ἀρειος
1387 2958 1520 3011 εἶπεν
1546 2975 1558 2988 °
1622 2960 1936 3032 Ἀραρότως.

2057 2979 2193 3020 nem
2223 2979 2351 3020 esse
2382 2963 2629 3019 evidens
2661 2963 2844 3019 ﬁeret.
2876 2960 3242 3018 Athanasius
3271 2959 3456 3016 dixit:
3485 2962 3706 3016 Memor

338 3048 656 3108 Ἀθανάσιος
675 3045 821 3100 εἶπεν·
851 3048 917 3101 Εἴ
938 3048 1024 3100 οὖν
1047 3067 1322 3120 πανταχου
1340 3051 1583 3124 πάρεστι,
1615 3053 1755 3112 τίνος
1784 3050 1942 3102 ἕνεκεν

337 3139 582 3209 ἔφασκεν,
632 3136 688 3188 ’0
734 3142 916 3212 Πατήρ
947 3156 1049 3210 μου
1102 3138 1127 3188 ό
1161 3136 1374 3210 πέμψας
1425 3157 1489 3210 με
1519 3141 1707 3201 μείζων
1761 3136 1941 3205 ἐστιν;

335 3224 544 3298 Ἄρειος
574 3221 726 3278 εἶπεν·
761 3225 1053 3301 Παρακαλῶ
1086 3245 1162 3294 σε,
1187 3230 1257 3298 μὴ
1282 3224 1500 3299 ὀκνήσῃς
1527 3225 1862 3298 ἀποκαλύψαι
1887 3230 1944 3280 τὸ

324 3313 586 3387 κάλυμμα
604 3313 706 3367 ἀπὸ
732 3335 823 3368 του
862 3317 1168 3390 γράμματος
1193 3313 1241 3367 ἐν
1271 3316 1450 3387 τάχει.
1484 3321 1615 3369 Λίαν
1653 3319 1755 3389 γὰρ
1792 3315 1944 3368 ἀνιῶ-

331 3424 449 3477 μαι.
472 3404 784 3466 Ἀθανάσιος
804 3400 957 3458 εἶπεν·
982 3409 1066 3466 Τίς
1095 3403 1234 3457 ἐστιν
1257 3405 1282 3456 ό
1303 3410 1637 3476 κεκοπιακὼς,
1655 3407 1943 3479 ἄνθρωπος,

334 3493 363 3552 ἢ
423 3493 448 3544 ό
493 3497 624 3555 Θεὸς
671 3498 874 3565 Λόγος;
922 3492 1128 3570 Ἀρειος
1177 3489 1313 3546 εἶπεν
1355 3513 1369 3528 ο
1423 3492 1744 3568 ”Ανθρωπος.
1793 3493 1947 3548 Ἀθα-

323 3587 510 3646 νοίσιος
540 3580 696 3637 εἶπενο
723 3584 927 3638 Οὐκουν
951 3590 1039 3637 σόν
1069 3583 1185 3637 ἐστι
1213 3587 1272 3636 τὸ
1299 3592 1488 3643 νοῆσαι
1515 3584 1715 3650 λοιπόν,
1744 3583 1945 3662 Ἀρειος

327 3672 500 3728 ιῖπεν⁶
549 3674 918 3750 Κατελαϐόμην
952 3694 1045 3728 σου
1097 3677 1183 3727 τόν
1221 3682 1339 3726 νοῦν
1369 3673 1417 3727 ἐν
1455 3683 1528 3748 τῷ
1569 3676 1705 3749 λόγῳ
1752 3679 1940 3750 τούτῳ.

334 3766 432 3836 ὅτι,
476 3761 569 3818 τοῦ
611 3773 745 3819 Θεοῦ
804 3769 980 3837 Λόγου
1019 3784 1297 3836 πανταχου
1347 3769 1620 3839 παρόντος,
1665 3761 1822 3825 δῆλον
1862 3769 1941 3820 ὅτι

340 3850 430 3909 διὰ
473 3860 565 3916 τὴν
609 3856 783 3930 σάρκα
829 3850 983 3925 εἶπεν,
1023 3853 1082 3907 Ὁ
1125 3859 1305 3926 Πατήρ
1373 3873 1473 3926 μου
1542 3855 1567 3907 ό
1632 3855 1839 3928 πέμψας
1876 3875 1941 3929 με

338 3945 522 4018 μείζων
585 3943 750 4013 ἐστὶν,
817 3949 912 4003 τὴν
974 3940 1308 4017 βαδίζουσαν
1361 3948 1450 3996 καὶ
1506 3951 1797 4013 κοπιῶσαν,
1850 3949 1940 3999 καὶ

338 4033 435 4087 ἀπὸ
480 4039 640 4088 τόπου
701 4033 775 4097 εἰς
827 4037 984 4088 τόπον
1037 4037 1207 4110 ἕτερον
1270 4033 1615 4110 πορευομένην
1651 4071 1664 4086 .
1711 4033 1938 4096 Ἀληθῶς

328 4125 496 4202 ὀρθῶς
524 4126 641 4199 ἔχει
667 4130 844 4181 τοῦτο.

461 4327 570 4378 Τοῦ
601 4320 755 4394 ἁγίου
787 4318 1137 4396 Ἀμφιλοχίαν
1177 4317 1232 4372 ἐκ
1256 4338 1348 4375 του
1373 4321 1510 4375 κατὰ
1533 4320 1808 4395 Ἀρειανῶν

1000 4409 1155 4482 λόγου
1179 4410 1248 4482 (8)
1259 4452 1272 4468 .

402 4537 471 4602 ζ’.
518 4539 613 4592 Διὰ
652 4556 807 4592 τουτο
844 4538 946 4611 γὰρ
989 4543 1064 4596 πῆ
1112 4538 1202 4609 μὲν
1245 4533 1586 4608 ἀνηγμένους,
1625 4556 1697 4596 πη
1749 4534 1810 4591 δὲ
1836 4558 1937 4592 τα-

321 4630 541 4690 πεινοὺς
582 4630 874 4700 φθέγγομαι
927 4625 1148 4698 λόγους·
1203 4626 1286 4677 ἶνα
1315 4621 1410 4678 διὰ
1445 4628 1536 4698 μὲν
1583 4633 1684 4678 τῶν
1733 4625 1936 4700 ὗφηλῶν

328 4737 425 4772 του
482 4715 792 4777 ἐνοικουντος
837 4715 992 4788 λόγου
1047 4710 1313 4778 ἀποδείξω
1363 4719 1458 4774 τὴν
1516 4714 1790 4786 εὐγένειαν,
1845 4713 1940 4770 διὰ

328 4804 396 4862 δί
454 4814 556 4859 τῶν
605 4813 856 4858 ταπεινῶν
909 4812 1006 4867 τῆς
1052 4803 1408 4878 ἔνοικουμένης
1456 4807 1647 4880 σαρκὸς
1699 4810 1939 4880 γνωρίσω

323 4899 400 4950 τὰ
454 4894 672 4954 ἀσθενῆ.
733 4899 836 4948 Καὶ
872 4894 1046 4948 πάλιν·
1100 4901 1179 4954 Πῆ
1239 4897 1330 4967 μὲν
1369 4892 1590 4967 ἐμαυτὸν
1642 4896 1756 4947 ἴσον
1810 4895 1939 4968 λέγω

322 4995 408 5059 τῷ
453 4989 639 5058 Πατρὶ,
682 4993 753 5045 πῆ
802 4981 862 5039 δί
903 4987 1121 5057 μείζονα
1158 4986 1246 5037 τὸν
1292 4987 1535 5057 Πατέραο
1587 4982 1646 5036 οὐ
1695 4989 1938 5058 μαχόμε.

402 5148 424 5183 ⁷
456 5148 732 5215 Joan.1v,
754 5145 846 5201 22.
925 5145 947 5181 ⁸
975 5143 1122 5202 ibid.
1156 5149 1208 5201 6.

402 5310 488 5378 (6)
515 5308 662 5366 Edit.
697 5309 946 5366 Maurin.
977 5311 1020 5364 t.
1053 5311 1249 5376 l,orat.
1283 5311 1371 5374 30,
1402 5307 1429 5380 §
1459 5312 1512 5364 7.

402 5385 484 5449 (7)
537 5381 686 5437 Edit.
737 5381 988 5452 mauu-in.
1020 5383 1061 5435 t.
1119 5382 1184 5450 ll,
1245 5395 1304 5452 p.
1362 5379 1508 5452 210.,
1539 5382 1718 5437 Porro
1767 5379 1936 5437 vides

326 5456 599 5511 Graecam
633 5451 837 5508 saeculi
856 5469 930 5508 xu
953 5451 1263 5522 synOdum’
1291 5451 1610 5520 agnovisse
1639 5457 1705 5507 ut
1730 5452 1936 5521 genui-

324 5540 481 5605 num
503 5522 813 5605 athenasji
835 5522 1193 5605 opus,q_uod
1219 5528 1428 5605 postea
1448 5523 1694 5605 Maurini
1717 5523 1936 5605 aliique

323 5595 517 5728 fritici
545 5598 704 5726 intetr
748 5593 966 5669 Spui'ia
995 5593 1404 5652 Athanasiana
1430 5593 1800 5653 conﬁdenter
1821 5593 1938 5652 col-

348 5682 658 5727 ocaverun
688 5708 703 5724 .

348 5682 703 5727 οόαγοιδυηι.

2055 3054 2162 3122 sis,
2193 3069 2552 3110 concessum
2569 3054 2698 3124 jam
2726 3067 2857 3108 esse
2886 3051 3144 3106 Verbum
3176 3053 3233 3105 et
3263 3051 3450 3105 Deum
3478 3048 3707 3120 ubique

2055 3140 2354 3197 exsistere.
2382 3141 2554 3197 Arius
2574 3141 2738 3196 dixit.
2769 3141 2940 3196 Recte
2963 3135 3317 3193 admodum.
3348 3136 3708 3192 Athanasius

2055 3231 2239 3286 dixit:
2276 3230 2331 3288 Si
2376 3230 2558 3300 igitur
2599 3229 2825 3302 ubique
2870 3242 3141 3300 praesens
3169 3230 3279 3291 est,
3323 3241 3593 3297 quanam
3631 3224 3707 3280 de

2056 3336 2241 3378 causa
2283 3320 2400 3377 ait:
2450 3323 2635 3377 Pater
2671 3335 2855 3387 meus,
2896 3319 3001 3390 qui
3028 3317 3188 3372 misit
3231 3329 3342 3381 me,
3382 3317 3582 3386 major
3616 3329 3710 3370 me

2056 3416 2194 3469 est?
2225 3411 2398 3466 Arius
2438 3410 2624 3467 dixit:
2673 3408 2933 3466 Obsecro
2971 3410 3048 3477 te,
3087 3421 3164 3462 ne
3207 3405 3467 3476 graveris
3504 3404 3707 3461 velum

2055 3516 2093 3558 a
2119 3499 2313 3557 littera
2349 3515 2537 3572 quam
2581 3497 2695 3553 cito
2727 3497 3058 3553 detrahere.
3091 3493 3274 3550 Valde
3319 3493 3480 3549 enim
3517 3507 3710 3563 angor

2055 3590 2280 3647 animo.
2306 3587 2674 3646 Athanasius
2696 3585 2875 3642 dixit:
2903 3585 3044 3651 Quis
3065 3583 3346 3653 fatigatus
3368 3585 3474 3652 est,
3496 3581 3707 3638 homo-

2050 3695 2149 3748 ne,
2179 3695 2257 3736 an
2284 3682 2439 3735 Deus
2465 3677 2725 3734 Verbum
2747 3676 2774 3732 ‘.’
2799 3675 2972 3731 Arius
2997 3673 3179 3730 dixit:
3213 3677 3423 3730 Homo.
3457 3671 3707 3729 Athana-

2051 3770 2174 3825 sius
2205 3768 2383 3824 dixit:
2427 3771 2618 3824 Tuum
2648 3765 2827 3835 igitur
2855 3765 2986 3835 jam
3016 3767 3109 3818 est
3133 3762 3484 3833 intelligere.
3528 3760 3704 3818 Arius

2049 3857 2238 3926 dixit;
2284 3856 2553 3929 Percipio
2601 3853 2749 3928 quid
2785 3857 2886 3908 tuo
2916 3853 3031 3908 hoc
3059 3865 3352 3923 responso
3380 3848 3703 3919 intelligas,

2049 3963 2265 4021 nempe
2295 3963 2434 4004 cum
2482 3948 2636 4001 Deus
2667 3941 2926 3999 Verbum
2973 3940 3198 4012 ubique
3227 3938 3402 4005 adsit,
3451 3953 3702 4011 prorsus

2049 4041 2327 4094 constare
2377 4036 2580 4108 ipsum
2631 4035 2877 4106 propter
2904 4045 3152 4086 carnem
3198 4027 3464 4083 dixisse:
3516 4027 3705 4083 Pater

2045 4143 2210 4186 meus
2239 4128 2341 4200 qui
2359 4126 2516 4182 misit
2531 4123 2948 4193 me,majorme
2972 4125 3076 4176 est.
3107 4120 3256 4176 Caro
3281 4117 3442 4174 enim
3469 4116 3703 4188 gradie-

2045 4216 2224 4273 batur
2249 4221 2306 4272 et
2331 4213 2719 4284 fatigabatur,
2748 4214 2806 4266 et
2837 4225 2873 4266 a
2893 4207 3029 4266 loco
3059 4207 3122 4264 in
3143 4205 3347 4264 locum
3372 4203 3699 4276 migrabat.

1967 4321 2012 4378 ι)
2045 4305 2209 4362 Certe
2238 4304 2299 4360 id
2323 4308 2481 4360 recte
2511 4317 2572 4358 se
2600 4299 2804 4357 habet.

2115 4413 2177 4471 S.
2207 4410 2621 4483 Amphilochii
2647 4423 2722 4467 ea:
2747 4419 3017 4464 sermone
3036 4403 3323 4462 adversus
3343 4403 3624 4460 Arianos.

2115 4543 2167 4594 7.
2202 4537 2431 4595 Idcirco
2477 4551 2641 4593 nunc
2679 4531 2942 4601 sublimi,
2972 4544 3134 4586 nunc
3171 4528 3385 4586 humili
3429 4528 3700 4585 oratione

2045 4632 2212 4697 utor;
2239 4642 2458 4700 nempe
2495 4629 2561 4681 ut
2588 4622 2853 4690 sublimi,
2883 4618 3273 4676 inhabitantis
3312 4617 3490 4674 Verbi
3530 4616 3700 4674 nobi-

2043 4717 2271 4775 litatem
2313 4717 2762 4779 demonstrem;
2810 4709 3026 4766 humili
3086 4713 3310 4776 autem,
3357 4707 3700 4763 comitantis

2046 4807 2242 4865 carnis
2279 4805 2690 4861 inﬁrmitatem
2731 4797 3088 4870 signiﬁcem.
3133 4799 3201 4853 Et
3234 4797 3485 4854 iterum:
3524 4796 3698 4852 Modo

2047 4913 2144 4954 me
2172 4895 2326 4952 Patri
2355 4893 2674 4968 aequalem,
2710 4890 2896 4948 modo
2927 4893 3157 4944 Patrem
3187 4886 3483 4956 majorem
3511 4884 3648 4940 dico
3680 4901 3694 4940 :

2047 5002 2246 5061 neque
2291 4986 2422 5058 ipse
2470 4983 2618 5041 mihi
2649 4996 2948 5056 repugno,
2997 4977 3105 5036 sed
3132 4992 3231 5033 me
3272 4977 3463 5033 Deum
3499 4975 3698 5032 homi-

2115 5309 2194 5379 (8)
2212 5307 2278 5364 In
2305 5300 3064 5380 S.Amph_iloch_ii‘reliqu_iis
3080 5299 3245 5374 apud
3266 5299 3700 5380 Combeﬁsium

2043 5371 2242 5454 p.149
2282 5371 2513 5454 citatur'
2532 5378 2693 5433 idem
2725 5375 2831 5454 hic
2875 5371 3078 5454 titulus
3102 5371 3348 5454 {sermo
3389 5373 3701 5454 vero_ipse

2094 5453 2256 5508 eriit:
2303 5452 2385 5507 ita
2426 5454 2628 5506 tamen
2673 5451 2739 5503 ut
2776 5444 3072 5519 particula
3107 5444 3392 5519 quaedam
3434 5444 3701 5519 Vaticani

2094 5469 2256 5508 Bl‘llt:
2303 5469 2385 5507 lla
2426 5469 2628 5506 tamen
2674 5469 2739 5503 Ut
2778 5469 3072 5519 panicum.
3107 5469 3392 5516 quwuam
3444 5469 3698 5501 vuucuu:

2043 5469 2226 5594 Kujus
2255 5520 2578 5591 fragmenti
2615 5522 2891 5594 occurrat
2933 5517 3113 5594 etiam
3145 5516 3698 5594 apud__pr_:edictum

2045 5587 2496 5662 Coinbeﬁsium,
2521 5608 2579 5664 p.
2607 5592 2734 5663 146,
2761 5605 2902 5647 cum
2931 5587 3100 5646 titulo
3124 5603 3138 5645 :
3169 5587 3242 5645 In
3266 5587 3446 5658 illud,
3475 5608 3504 5637 ‹‹
3528 5589 3701 5642 Pater

2045 5666 2246 5737 major
2267 5680 2360 5724 me
2388 5670 2494 5723 est.
2524 5683 2555 5715 »
