4148 6378
467 357 570 416 211
1805 349 2072 408 ΝΙΟΕΤΕ
2109 348 2151 403 C

2242 346 2497 402 ιΝΙΛΤΕ.
3731 352 3841 410 212

470 500 733 558 nemque
751 484 1132 550 demonstro;
1157 486 1365 548 Deum,
1391 477 1757 535 sublimitate
1787 476 2083 532 sermonis
2111 493 2126 535 :

2242 489 2324 533 νος
2372 469 2598 542 ἄμαυτῷ,
2648 470 2774 524 ἀλλὰ
2815 469 3018 534 δεικνὺς
3055 475 3121 536 ὡς
3163 479 3289 536 Θεὸς
3342 476 3445 551 εἰμι
3495 485 3583 532 καὶ
3631 481 3841 554 ἄνθρω-

471 573 1165 641 hominem,humilitate.
1179 575 1380 643 Neque
1395 575 1594 625 tamen
1609 583 1712 623 cor
1722 572 1990 621 vestrum
2009 570 2127 621 tur-

2242 579 2371 620 πος·
2423 563 2548 619 Θεὸς
2585 563 2674 631 μὲν
2719 561 2774 612 ἐκ
2820 570 2920 613 τῶν
2959 561 3192 632 ὑψηλῶν,
3231 565 3498 640 ἄνθρωπος
3546 565 3604 621 δὲ
3642 567 3696 620 ix
3737 577 3843 622 τῶν

472 663 666 731 betur,
693 663 838 734 quia
867 662 990 718 dixi
1019 661 1217 717 vobis:
1251 660 1432 715 Pater
1451 673 1613 714 meus
1649 659 1850 726 major
1885 671 1979 711 me
2005 661 2124 721 est;

2242 658 2508 702 ταπεινῶν.
2571 649 2726 702 Ἀλλά
2780 655 2851 723 μὴ
2917 656 3264 726 τοφασσέσθω
3330 657 3472 726 ὑμῶν
3530 659 3561 715 ἠ
3615 655 3842 731 καρδία,

473 753 671 824 major
700 754 859 809 enim
879 758 968 808 est
990 751 1092 808 illo
1111 751 1217 824 qui
1237 750 1314 806 ad
1337 765 1477 805 eum
1499 747 1805 812 vadit,non
1827 745 1927 800 illo
1943 744 2047 816 qui
2068 745 2128 799 in

2242 740 2319 788 ὅτι
2384 735 2526 790 εἷπον
2579 740 2722 811 ὑμῖν,
2769 739 2828 792 Ὁ
2890 747 3070 816 Ηατήρ
3131 763 3232 815 μου
3292 746 3470 817 μείζον
3527 749 3626 819 μού
3683 746 3840 800 ἔστιθ

474 843 609 916 ipso
637 847 757 911 est;
786 859 932 898 nam
963 847 1264 914 quatenus
1296 842 1450 895 Deus
1493 853 1649 901 sum,
1677 836 1740 891 in
1763 836 1934 890 Patre
1961 849 2126 906 sum;

2242 829 2430 899 μείζων
2485 830 2586 902 γάρ
2654 827 2764 881 ἐστι
2815 837 2906 882 τοῦ
2958 837 3300 905 πορευομένου
3353 838 3478 910 πρὸς
3544 836 3719 902 αὐτόν,
3779 836 3844 890 οὗ

478 915 779 1005 quatenus
810 937 1011 988 autem
1041 932 1246 997 homo,
1269 927 1349 984 ad
1375 927 1609 983 Patrem
1630 924 1811 980 vado.
1829 923 1930 978 lllo
1953 922 2132 992 igitur

2242 922 2332 966 τοῦ
2380 919 2519 976 ὄντος
2568 915 2616 967 ἐν
2665 918 2805 988 αύτῷ
2830 935 2842 948 ⁸
2896 923 2966 980 ως
3002 923 3103 993 γὰρ
3136 927 3261 984 Οεός
3295 923 3402 994 εἰμι
3435 921 3484 975 ἐν
3520 933 3592 993 τῷ
3626 931 3796 998 Πατρί
3827 947 3840 959 ·

480 1022 678 1091 major
706 1025 874 1076 Pater
911 1025 1017 1086 est,
1049 1019 1156 1092 qui
1193 1019 1270 1073 ad
1297 1019 1500 1089 ipsum
1521 1015 1685 1070 vadit
1716 1029 1875 1082 ;non
1901 1013 2000 1068 illo
2026 1013 2132 1084 qui

2243 1006 2376 1057 ὥστε
2441 1007 2509 1066 ὡς
2572 1008 2837 1081 ἅνθρωπος
2909 1014 3197 1084 πορεύομαι
3265 1017 3395 1086 πρός
3455 1017 3542 1066 τὸν
3610 1021 3844 1089 Πατέρα.

479 1125 721 1181 semper
739 1110 800 1164 in
823 1110 956 1180 ipso
974 1113 1078 1164 est.
1109 1113 1295 1179 Atque
1315 1111 1375 1161 ut
1396 1105 1580 1160 verba
1601 1103 1677 1158 ad
1702 1101 2133 1172 compendium

2244 1092 2471 1146 Ἐκιίνου
2516 1093 2602 1147 οὖν
2650 1099 2840 1169 μείζων
2892 1099 2918 1151 ὁ
2952 1105 3154 1173 Πατὴρ,
3199 1109 3291 1152 τοῦ
3329 1108 3672 1176 πορευομένου
3710 1109 3850 1180 πρὸς

483 1199 812 1264 conferam,
845 1199 1041 1269 major
1081 1196 1260 1252 simul
1289 1199 1377 1250 est
1414 1200 1594 1266 atque
1624 1191 1902 1264 aequalis:
1937 1190 2135 1261 major

482 1288 818 1345 sciscitante
844 1291 1014 1357 :Quot
1035 1302 1227 1357 panes
1258 1285 1553 1342 habetis'?
1570 1281 1818 1354 aequalis
1842 1281 2136 1352 populum

483 1378 830 1434 universum
852 1377 1121 1448 quinque
1146 1374 1412 1448 panibus
1437 1372 1769 1428 saturanti:
1813 1369 2010 1439 major
2046 1369 2137 1424 in-

484 1471 846 1534 terrogante:
888 1465 1139 1522 Ubinam
1173 1466 1472 1520 Lazarum
1503 1462 1788 1531 posuistis
1816 1460 1860 1494 ¹⁰
1881 1460 1909 1515 ?
1937 1473 2136 1530 aequa-

483 1554 556 1611 lis
579 1557 862 1610 Lazarum
889 1555 1064 1624 jussu
1085 1551 1428 1608 suscitanti:
1458 1551 1655 1621 major
1685 1549 1954 1604 dicente:
1998 1546 2137 1613 Quis

483 1657 576 1698 me
613 1644 806 1714 tetigit
839 1643 880 1678 ¹¹
902 1643 930 1697 ?
978 1641 1229 1714 aequalis
1261 1644 1620 1711 perpetuum
1655 1635 2137 1692 haemorrhoissaa

483 1730 716 1786 ﬂuxum
749 1731 1008 1787 sistenti:
1037 1732 1236 1801 major
1255 1728 1588 1785 dormiente
1609 1728 1668 1781 in
1690 1740 1918 1798 puppe,
1938 1740 2139 1796 aequa-

2245 1182 2419 1254 αύτόν,
2469 1184 2526 1236 ού
2569 1193 2661 1237 τοῦ
2693 1185 2772 1238 ἀεὶ
2821 1189 2966 1250 ὄντος
3004 1188 3052 1240 ἐν
3090 1189 3230 1260 αύτῷ
3260 1211 3272 1223 ο
3323 1197 3412 1243 καὶ
3444 1193 3526 1244 ἵνα
3575 1199 3852 1266 συντόμως

2246 1276 2392 1337 εἴπω,
2444 1275 2634 1345 μείζων
2678 1274 2789 1328 ἐστὶ
2837 1282 2925 1330 καὶ
2973 1282 3122 1340 ἵσος’
3169 1283 3282 1340 ἶσος
3330 1288 3421 1333 τοῦ
3470 1279 3525 1334 ἔκ
3553 1286 3700 1335 πέντε
3743 1284 3852 1357 οἶρ-

2247 1381 2346 1413 των
2393 1359 2561 1435 δῆμον
2605 1363 2884 1438 ὀλόκληρον
2931 1372 3293 1439 κορεννύντοςο
3345 1371 3536 1442 μείζων
3583 1379 3676 1423 τοῦ
3724 1373 3857 1446 ἐρωο

2247 1460 2450 1517 τῶντος,
2499 1460 2605 1505 Ποῦ
2657 1457 2741 1506 τὸν
2793 1457 3038 1529 Λάζαρον
3088 1459 3392 1526 τεθείκατε;
3448 1462 3565 1521 ἶσος
3609 1479 3701 1513 του
3760 1464 3858 1514 τὸν

2252 1541 2494 1616 Λάζαρον
2562 1541 2874 1606 ἀνιστώντος
2938 1545 3074 1618 λόγῳ
3103 1565 3116 1579 ⁶
3184 1548 3376 1619 μείζων
3436 1556 3529 1601 τοῦ
3587 1547 3855 1620 λέγοντος,

2249 1635 2342 1689 Τίς
2387 1651 2488 1702 μου
2537 1631 2746 1702 Maro;
2788 1637 2898 1694 ἶσος
2927 1644 3018 1686 τού
3062 1637 3156 1698 τὰς
3197 1635 3481 1700 ἁκενὼτους
3532 1641 3706 1709 πηγὰς
3753 1647 3862 1701 τῆς

2253 1718 2638 1794 αἱμορροούσης
2695 1722 3046 1796 ξηράναντοςο
3105 1725 3296 1796 μείζων
3352 1735 3445 1778 του
3503 1723 3858 1793 καθεύδοντος

486 1821 560 1876 Iis
585 1821 739 1876 mari
765 1819 1099 1891 increpanti
1126 1839 1140 1875 :
1175 1819 1369 1890 major
1397 1833 1468 1873 eo
1498 1832 1681 1888 quem
1707 1815 2021 1870 damnavit
2046 1813 2138 1868 Pi-

2252 1807 2333 1860 ἐπὶ
2381 1817 2442 1881 τῇ
2498 1813 2704 1884 πρύμνῃ
2733 1832 2744 1844 ·
2787 1815 2898 1872 ἶσος
2941 1820 3031 1865 τοῦ
3065 1813 3406 1886 ἐπιτιμῶντος
3455 1823 3518 1888 τῇ
3563 1815 3802 1891 θαλάσσῃ
3838 1833 3854 1846 ⁸

483 1907 676 1976 latus;
705 1908 953 1981 aequalis
975 1909 1028 1964 ei
1053 1908 1156 1981 qui
1179 1907 1475 1962 mundum
1495 1905 1884 1961 damnatione
1904 1903 2136 1958 liberat:

486 1997 684 2066 major
712 2012 782 2052 eo
803 1997 907 2069 qui
928 1995 1173 2068 alapam
1201 2009 1566 2066 crucemque
1588 1992 1868 2047 sustinuit
1895 2008 2032 2046 cum
2056 1991 2140 2046 la-

487 2084 792 2153 tronibus;
824 2084 1075 2158 aequalis
1094 2085 1148 2140 ei
1177 2085 1280 2157 qui
1318 2083 1610 2139 latronem
1641 2082 1825 2151 gratis
1850 2080 2136 2152 justiﬁca-

483 2174 602 2231 vit:
656 2175 856 2245 major
902 2190 973 2230 eo
1003 2176 1107 2247 qui
1137 2179 1300 2229 veste
1333 2173 1592 2228 nudatus
1626 2172 1755 2242 fuit,
1795 2169 2044 2242 aequalis
2082 2172 2135 2225 ei

483 2261 590 2336 qui
619 2263 890 2319 animam
922 2267 1132 2319 ornat:
1174 2261 1368 2334 major
1393 2277 1463 2317 eo
1495 2261 1587 2316 cui
1614 2261 1971 2332 propinatur
2001 2276 2135 2315 ace-

483 2355 613 2406 tum
639 2370 652 2421 ;
684 2351 936 2424 aequalis
962 2352 1013 2408 ei
1034 2351 1138 2425 qui
1160 2351 1474 2424 proprium
1505 2349 1863 2418 sanguinem
1893 2364 1967 2404 ex
1998 2349 2134 2404 vino

480 2437 655 2496 facit:
697 2441 896 2512 major
932 2456 1004 2496 eo
1033 2440 1137 2514 qui
1180 2438 1636 2495 dissolutionem
1671 2436 1881 2509 templi
1925 2438 2005 2507 (id
2046 2442 2136 2493 est

2247 1897 2438 1969 μείζων
2491 1917 2581 1950 του
2635 1905 2932 1974 κρινομένου
2977 1901 3060 1954 ἐπί
3102 1903 3328 1956 Πιλάτου
3358 1925 3370 1937 ο
3422 1907 3538 1966 ἶσος
3593 1912 3686 1956 τοῦ
3737 1910 3863 1978 κρί-

2251 2004 2375 2047 σεως
2427 1985 2803 2059 ἐλευτερούντος
2857 1994 2942 2042 τὸν
2992 1997 3226 2064 κόσμονο
3283 1993 3474 2064 μείζων
3531 2000 3624 2044 τοῦ
3686 1993 3856 2068 ῥαπι-

2252 2078 2483 2147 ζομένου,
2533 2079 2724 2149 μείζων
2770 2087 2861 2130 τοῦ
2907 2085 3359 2155 συσταυρουμένου
3412 2081 3664 2155 λῃσταῖς⁸
3735 2084 3853 2143 ἶσος

2245 2172 2338 2215 τοῦ
2402 2171 2493 2223 τὴν
2554 2166 2752 2239 λῃστὴν
2806 2165 3129 2231 δικαιουντος
3195 2167 3429 2242 δωρεάνο
3497 2176 3687 2242 μείκων
3751 2179 3851 2223 τοῦ

2244 2259 2598 2326 γυμνουμένου
2647 2259 2740 2313 τὴν
2790 2255 3024 2315 ἐσθῆτα·
3075 2261 3192 2320 ἶσος
3238 2265 3330 2310 τοῦ
3373 2257 3702 2322 στολίζοντος
3752 2261 3850 2315 τὴν

2244 2342 2430 2414 ψυχὴν
2463 2365 2475 2376 ·
2519 2345 2708 2416 μείζων
2761 2365 2852 2397 του
2915 2346 3257 2419 ποτιζομένου
3310 2348 3444 2410 ὅξος
3487 2350 3602 2409 ἶσος
3643 2354 3734 2399 τού
3787 2350 3850 2399 τὸ

2244 2437 2429 2485 οἰκεῖον
2470 2432 2823 2504 οἰνοχοοῦντος
2861 2435 2993 2508 αἷμα
3041 2438 3120 2508 (9)
3153 2453 3165 2466 '
3221 2437 3412 2509 μείζων
3458 2444 3551 2488 τοῦ
3599 2435 3849 2508 λυομένου

481 2528 749 2601 corporis
779 2529 891 2599 sui)
909 2545 1128 2602 passus
1147 2533 1262 2593 est;
1288 2527 1534 2599 aequalis
1564 2528 1616 2583 ei
1645 2527 1751 2600 qui
1779 2543 1957 2582 suum
1991 2532 2134 2582 tem-

2242 2541 2365 2573 ναου
2392 2543 2404 2555 ·
2451 2523 2565 2583 ἶσος
2592 2529 2684 2574 τοῦ
2732 2528 2818 2575 καὶ
2855 2527 2984 2596 μετὰ
3013 2530 3106 2583 τὴν
3149 2525 3298 2577 λύσιν
3349 2528 3436 2578 τὸν
3474 2527 3659 2577 οἰκεῖον
3705 2523 3850 2597 ἐγεί-

477 2615 646 2690 plum
676 2618 759 2689 (id
789 2623 878 2673 est
909 2618 1150 2690 corpus)
1182 2617 1527 2681 suscitavit;
1560 2616 1680 2682 illo,
1705 2617 1978 2687 inquam,
2008 2631 2131 2672 ma-

473 2704 590 2776 jor,
617 2707 757 2763 huic
787 2707 1058 2780 aequalis.
1087 2711 1149 2762 Et
1171 2708 1408 2762 iterum.
1438 2705 1608 2761 Haud
1637 2704 1910 2777 pluribus
1930 2705 2130 2761 verbis
2241 2699 2319 2753 λιν
2349 2721 2363 2734 ο

473 2809 584 2851 vos
614 2795 921 2854 morabor.
951 2797 1171 2866 Cernis,
1203 2796 1498 2865 hieretice,
1532 2810 1802 2867 quonam
1830 2795 2025 2866 major
2055 2795 2130 2851 sit

2242 2794 2429 2863 ριτικε,
2469 2796 2602 2852 τίνος
2649 2793 2839 2864 μείζων
2888 2793 3030 2846 ἐστιν
3082 2795 3108 2846 ὁ
3157 2799 3351 2869 Πατὴρ,
3407 2794 3500 2846 τοῦ
3562 2793 3790 2864 λέγοντος
3820 2813 3832 2826 ο

472 2884 661 2952 Pater,
702 2900 774 2939 eo
800 2884 1088 2940 nimirum
1127 2883 1230 2958 qui
1271 2884 1392 2939 ait:
1425 2884 1570 2939 ‘Jam
1610 2884 1798 2952 plura
1829 2883 2128 2938 vobiscum

2242 2879 2432 2932 Ούκέτι
2482 2880 2648 2932 πολλά
2701 2881 2912 2940 λαλήσω
2977 2883 3088 2955 μεθ’
3152 2885 3331 2956 ὑμῶν·
3401 2883 3458 2935 ού
3520 2890 3612 2935 τοῦ
3668 2881 3842 2953 λέγον-

470 2986 594 3027 non
627 2972 844 3043 loquar
887 2974 931 3008 ¹²
951 2985 976 3045 ;
1001 2988 1123 3028 non
1161 2987 1232 3027 eo
1258 2972 1361 3044 qui
1403 2971 1580 3027 dicit:
1613 2973 1748 3027 Non
1788 2973 2128 3042 relinquam

470 3075 572 3117 vos
601 3061 906 3130 orphanos
921 3061 967 3096 ¹⁸
992 3077 1006 3127 ;
1029 3063 1251 3116 etenim
1271 3060 1569 3116 vobiscum
1590 3076 1722 3115 sum
1749 3061 1985 3117 cunctis
2003 3061 2130 3117 die-
2163 3090 2182 3141 ί

473 3149 577 3205 bus
607 3164 795 3220 usque
824 3149 906 3206 ad
933 3149 1138 3206 seculi
1166 3151 1729 3206 consummationem
1757 3151 1821 3204 “.
1854 3181 1922 3190 —
1962 3151 2129 3206 Venit

465 3239 750 3308 princeps
782 3238 960 3307 huius
985 3238 1216 3304 mundi,
1249 3253 1439 3309 neque
1468 3241 1530 3293 in
1560 3254 1653 3293 me
1680 3239 2009 3312 quidquam
2035 3240 2129 3294 in-

466 3327 629 3382 venit
657 3327 724 3380 ¹⁸.
753 3325 959 3383 Cernis
991 3341 1263 3397 quonam
1297 3327 1373 3381 sit
1403 3327 1600 3397 major
1624 3345 1638 3392 ;
1660 3325 1756 3382 ille
1779 3327 2004 3383 scilicet
2024 3327 2129 3400 qui

471 3430 673 3470 coram
704 3415 1077 3487 principibus
1101 3415 1426 3472 damnatus
1448 3416 1573 3487 fuit,
1598 3431 1721 3471 non
1740 3432 1810 3471 eo
1832 3417 1934 3487 qui
1958 3433 2130 3472 mun-

473 3503 620 3560 dum
650 3503 809 3560 fecit.
843 3506 1088 3574 Surgite
1113 3519 1312 3561 eamus
1345 3505 1486 3561 hinc
1509 3508 1573 3560 ¹⁶.
1610 3507 1883 3570 Quonam
1930 3505 2130 3573 major

471 3597 560 3648 est
586 3595 799 3649 Pater?
837 3609 1055 3665 nempe
1104 3593 1368 3650 dicente:
1403 3595 1668 3660 Eamus;
1713 3609 1837 3649 non
1869 3595 2123 3662 dicente,

469 3682 775 3739 Habitabo
795 3683 1093 3739 vobiscum
1117 3693 1169 3740 et
1193 3685 1350 3739 inam
1364 3685 1582 3740 bulabo
1606 3683 1747 3738 ¹’¹-¹⁸.
1767 3685 1978 3754 —-Ego
1999 3701 2128 3739 sum

490 3773 624 3827 vitis
646 3787 788 3829 vera
812 3773 1099 3839 ";cernis
1131 3789 1401 3845 quonam
1430 3773 1628 3844 major
1657 3772 1732 3827 sit
1762 3773 1934 3828 Pater
1949 3774 2124 3829 nimi-

469 3876 606 3917 rum
637 3862 870 3917 dicente
914 3880 926 3917 :
991 3863 1116 3933 Ego
1154 3878 1284 3918 sum
1337 3863 1512 3929 vitis;
1546 3877 1668 3917 non
1697 3860 1969 3919 dicente:
2003 3866 2125 3935 Ego

471 3965 678 4007 veram
708 3952 891 4008 vitem
921 3951 1214 4025 plantavi.

2241 2630 2428 2685 ραντος
2475 2617 2614 2664 ναόν·
2672 2610 2864 2666 ἐκείνου
2917 2615 3127 2686 μείζων,
3174 2618 3360 2667 τούτου
3411 2618 3545 2678 ἶσος.
3583 2619 3684 2668 Καὶ
3735 2616 3845 2666 πά-

2429 2701 2618 2754 Ούκέτι
2670 2702 2833 2755 πολλὰ
2883 2703 3092 2762 λαλήσω
3156 2705 3268 2777 μεθ’
3317 2706 3478 2777 ὑμῶν.
3529 2705 3709 2778 Ὀρᾴς,
3761 2707 3845 2757 αἱ-

2240 2987 2360 3028 τοςο
2417 2969 2528 3021 Ούκ
2579 2969 2765 3042 ἀφήσω
2823 2973 2958 3044 ὑμᾶς
3022 2971 3311 3045 ὁρφανούς’
3372 2972 3484 3045 μεθ’
3540 2975 3681 3045 ὑμῶν
3735 2975 3838 3048 γάρ

2242 3057 2347 3129 εἰμι
2411 3061 2587 3121 πάσας
2661 3062 2754 3120 τὰς
2809 3062 3007 3134 ἡμέρας
3062 3063 3155 3122 ἕως
3217 3071 3314 3122 τῆς
3390 3062 3700 3127 συντελείας.
3768 3097 3840 3106 -

2239 3145 2489 3221 Ἔρχεται
2538 3150 2563 3200 ὁ
2624 3151 2806 3224 ἄρχων
2863 3157 2954 3202 τοῦ
3007 3155 3210 3223 κόσμου
3264 3156 3353 3203 καὶ
3404 3150 3453 3204 ἓν
3511 3151 3624 3226 ἐμοὶ
3676 3155 3840 3229 εύρή-

2183 3090 2201 3108 Ἰ

2184 3124 2203 3143 Δ

2239 3255 2319 3288 σει
2371 3233 2542 3290 οὐδέν.
2604 3237 2756 3312 Ὀρᾲς
2811 3244 2949 3300 τίνος
3005 3242 3116 3292 ἐστὶ
3173 3241 3386 3312 μείζων,
3448 3250 3540 3294 τοῦ
3601 3247 3842 3318 κρινομέ-

2236 3344 2324 3377 νου
2391 3324 2469 3378 ἐπ⁹
2523 3325 2706 3398 ὄψεσιν
2754 3326 3045 3400 ἀρχόντων,
3103 3329 3163 3380 ού
3216 3336 3308 3381 τού
3364 3335 3684 3392 ποιήσαντος
3743 3336 3840 3391 τὴν

2236 3415 2577 3487 οἰκουμένην·
2656 3415 2967 3490 Ἐγείρεσθε,
3057 3418 3262 3491 ἄγωμεν
3345 3417 3570 3472 ἔντευθεν
3617 3441 3630 3454 ο
3718 3422 3842 3495 ὁρᾷς

2234 3508 2372 3564 τίνος
2421 3503 2532 3556 ἐστὶ
2585 3505 2774 3576 μείζων
2809 3507 2834 3556 ὁ
2875 3510 3074 3581 Πατὴρ,
3130 3515 3221 3559 τοῦ
3273 3507 3505 3580 λέγοντος
3543 3507 3783 3582 ’Ἄγωμεν
3816 3527 3829 3539 ·

2236 3592 2295 3646 ού
2366 3601 2458 3645 τοῦ
2519 3593 2754 3666 λέγοντος
2788 3616 2801 3629 ·
2865 3595 3151 3654 Ἐνοικήσω
3226 3595 3275 3649 ἐν
3341 3599 3463 3669 ύμῖν
3523 3602 3613 3650 καὶ
3677 3603 3834 3671 ἐμπε-

2235 3688 2535 3758 ριπατήσω·
2609 3716 2678 3725 -
2747 3687 2878 3756 Ἐγώ
2934 3686 3040 3758 εἰμι
3105 3689 3135 3745 ἡ
3204 3687 3425 3759 ἄμπελος
3494 3689 3524 3746 ἡ
3591 3687 3836 3747 ἁληθινήο

2238 3779 2374 3847 Ορᾱς
2404 3779 2540 3836 τίνος
2571 3773 2684 3827 ἐστὶ
2721 3776 2914 3848 μείζων
2955 3779 2981 3828 ό
3014 3780 3216 3850 Πατὴρ,
3259 3785 3350 3828 τοῦ
3396 3775 3632 3848 λέγοντος
3657 3799 3668 3811 ·
3703 3778 3840 3850 Ἐγώ

2236 3863 2342 3935 εἰμι
2398 3865 2428 3921 ἡ
2490 3863 2756 3936 ἄμπελος·
2813 3865 2872 3916 ού
2936 3872 3030 3917 τού
3089 3864 3345 3938 λέγοντος,
3404 3864 3539 3939 Ἐγὼ
3583 3865 3843 3940 ἐφύτευσα

2235 3953 2460 4026 ἄμπελον
2492 3954 2758 4015 ἀληθινήν,

576 4076 637 4132 S.
678 4075 906 4147 Cyritli
933 4091 1006 4132 ex
1037 4075 1284 4131 humilia
1309 4075 1373 4132 in
1405 4077 1615 4131 Ramos
1643 4075 2014 4134 Palmarum.

2304 4085 2408 4131 Τοῦ
2437 4079 2590 4152 ἁγίοῡ
2615 4079 2872 4154 Κυρίλλου
2899 4078 2954 4131 ἐκ
2983 4088 3076 4133 τοῦ
3109 4080 3178 4144 εἰς
3204 4084 3269 4135 τὰ
3297 4083 3428 4134 Βάία
3450 4081 3604 4153 λόγου
3631 4081 3764 4153 (10).

545 4239 599 4291 8.
623 4234 734 4289 Sed
758 4233 1040 4306 quamvis
1061 4235 1368 4290 rationalis
1384 4240 1599 4290 natura
1614 4239 1817 4291 nostra
1837 4251 2125 4309 persona-

2308 4239 2376 4297 n'°
2418 4239 2617 4310 ’Θμως,
2652 4240 2695 4292 εἰ
2723 4245 2812 4292 καὶ
2863 4243 3036 4299 ἠνώθπ
3068 4242 3186 4295 καθ’
3232 4244 3525 4296 ὑπόστασιν
3577 4249 3649 4312 τῷ
3681 4247 3842 4313 Λόγῳ

471 4324 602 4382 liter
631 4323 830 4379 Verbo
862 4323 1030 4379 unita
1063 4323 1191 4390 fuit,
1225 4340 1345 4379 non
1380 4327 1578 4379 tamen
1610 4328 1700 4379 est
1729 4329 1989 4398 aequata.
2018 4324 2129 4390 Qui

2242 4331 2268 4386 ἠ
2321 4328 2503 4400 λογικὴ
2564 4331 2709 4402 ἡμῶν
2767 4333 2941 4401 φύσις,
2999 4329 3108 4383 ἀλλ’
3155 4331 3248 4384 ούκ
3303 4331 3508 4389 ἰσώθη·
3565 4337 3680 4391 Πῶς
3731 4333 3838 4403 γὰρ

474 4413 634 4468 enim
661 4412 790 4468 ﬁeri
815 4418 1030 4484 potest,
1063 4417 1128 4468 ut
1149 4412 1474 4484 temporale
1505 4420 1852 4485 exmquetur
1870 4419 2126 4480 aeterno;

471 4501 533 4558 id
563 4501 728 4573 quod
757 4501 969 4558 habuit
994 4503 1250 4568 initium,
1281 4502 1334 4558 ei
1363 4502 1527 4575 quod
1557 4502 1683 4558 sine
1714 4502 1880 4557 initio
1905 4503 2040 4558 est?
2066 4505 2130 4557 Et

471 4591 657 4665 paulo
688 4596 859 4663 post,
887 4592 1201 4657 Quomodo
1222 4592 1417 4663 inquit
1443 4613 1454 4647 :
1483 4594 1612 4662 Ego
1643 4598 1698 4648 et
1718 4591 1920 4660 Pater,
1944 4608 2126 4648 unum

468 4696 675 4737 sumus
695 4683 722 4737 7
746 4681 826 4736 ob
858 4681 1161 4737 caelestem
1193 4681 1414 4737 scilicet
1444 4687 1581 4737 ante
1611 4680 1830 4736 saecula
1855 4682 2128 4737 nativita-

467 4774 610 4828 tem.
644 4770 965 4835 Quomodo
990 4770 1173 4826 Pater
1210 4786 1374 4827 meus
1402 4773 1604 4840 major
1630 4785 1724 4825 me
1742 4773 1874 4826 est?
1902 4768 1982 4826 ob
2010 4774 2124 4828 tero

463 4875 678 4916 renum
709 4875 781 4914 ex
812 4859 1049 4927 Virgine
1078 4863 1299 4925 ortum,

745 4949 1034 5019 Ejusdem
1064 4964 1140 5007 ea:
1167 4963 1437 5005 sermone
1467 4948 1549 5004 ad
1574 4949 1830 5019 reginas.

531 5063 583 5114 9.
617 5061 688 5113 At
715 5057 1027 5129 quomodo
1068 5057 1119 5111 is
1147 5055 1378 5123 angelis
1420 5055 1618 5111 minor
1644 5055 1852 5125 evasit,
1885 5055 1988 5128 qui
2035 5055 2115 5112 ab
2299 5053 2357 5106 θ’.

455 5146 568 5204 illis
589 5147 895 5213 adoratur,
939 5161 1183 5218 unaque
1211 5160 1348 5199 cum
1373 5147 1538 5200 Patre
1559 5145 1724 5215 regni
1754 5144 1969 5200 solium
1999 5145 2108 5201 ob-

2242 5147 2248 5194 ι
2303 5147 2434 5216 πρὸς
2482 5142 2650 5194 αὐτῶν
2691 5142 3159 5213 φροσκυνούμενος,

526 5273 547 5307 9
571 5269 778 5328 Matth.
815 5285 911 5333 xv,
948 5273 1035 5325 34.
1143 5270 1188 5304 ¹⁰
1216 5271 1386 5337 Joan,
1408 5285 1490 5333 Il,
1520 5273 1607 5325 34.
1716 5271 1756 5306 ¹¹
1801 5273 1974 5326 Marc.
2001 5287 2063 5338 v,
2095 5274 2151 5326 31

2279 5270 2324 5304 ¹²
2353 5271 2502 5324 Joan
2525 5283 2642 5333 xuv,
2677 5269 2763 5320 30.
2815 5337 2819 5338 ί
2871 5265 2917 5301 ¹³
2946 5264 3089 5321 ibid.
3127 5267 3213 5321 18.

449 5347 541 5398 20.
627 5341 671 5375 ⁸³
703 5341 880 5395 Joan.
910 5356 1027 5406 xnv,
1061 5344 1151 5398 30.
1231 5341 1276 5376 ¹⁶
1303 5341 1448 5397 ibid.
1478 5342 1564 5397 31.
1671 5342 1787 5382 ¹⁷-¹⁸
1816 5341 1998 5400 Levit.
2025 5358 2180 5408 xxw,
2217 5345 2302 5397 12.

2199 5463 2484 5520 ﬂorebat.

2279 5540 2390 5602 (10)
2420 5533 2570 5606 Edit.
2605 5531 2785 5606 Paris,
2819 5536 2855 5588 t.
2886 5533 2951 5595 V,
2991 5537 3142 5606 part.
3172 5549 3233 5604 ll,
3267 5548 3329 5602 p.
3353 5536 3480 5604 497,
3507 5536 3631 5590 498.

2275 5607 2389 5678 (11)
2416 5604 2567 5660 Edit.
2601 5603 2694 5659 cit.
2737 5609 2780 5660 t.
2804 5620 2854 5672 ν,
2885 5603 3038 5676 part.
3072 5620 3131 5672 ιι,
3160 5619 3221 5677 p.
3255 5608 3374 5660 l33.
3415 5603 3480 5660 ι).

2243 4417 2563 4474 ἰσωθήσεται
2625 4416 2696 4490 τῷ
2757 4425 3050 4493 προαιωνίῳ
3113 4424 3172 4473 τὸ
3227 4426 3575 4495 πρόσφατον;
3637 4421 3665 4479 ἣ
3729 4429 3840 4481 πῶς

2239 4509 2625 4580 ὁμοιωθήσεται
2649 4517 2720 4578 τῷ
2751 4507 2968 4580 ἀναρχῳ
2998 4513 3056 4561 τὸ
3088 4512 3309 4581 ἓναρχον
3339 4528 3353 4577 ;
3389 4515 3489 4562 Καὶ
3515 4508 3626 4581 μετ’
3659 4508 3834 4579 ὀλίγα·

2239 4604 2354 4658 Πῶς
2405 4601 2599 4669 φησίν·
2663 4596 2785 4668 Ἐγύ
2833 4602 2923 4650 καὶ
2975 4599 3002 4650 ὁ
3059 4603 3240 4670 Πατὴρ
3292 4600 3342 4652 ἓν
3379 4599 3569 4671 ἰσμιν;
3609 4606 3672 4670 τῇ
3727 4600 3837 4650 ἄνω

2233 4697 2333 4769 πρὸ
2371 4697 2564 4745 αἰώνων
2603 4699 2856 4764 γεννήσει,
2888 4699 3020 4758 Πῶς,
3046 4692 3105 4745 Ὀ
3150 4698 3332 4765 Πατήρ
3371 4713 3471 4766 μου
3501 4694 3692 4766 μείζων
3729 4697 3834 4767 μού

2232 4785 2346 4838 ἔστι
2368 4801 2382 4852 ;
2414 4791 2478 4843 τῆ
2506 4785 2647 4836 κάτω
2686 4781 2740 4835 ἐκ
2768 4783 3028 4856 Παρθένου
3049 4787 3308 4855 γεννήσει.

2314 4953 2417 5000 Του
2453 4965 2612 4998 αυτου
2635 4947 2690 4997 ἑκ
2720 4964 2810 4997 του
2843 4963 2910 5005 ιις
2931 4946 3023 5007 τὰς
3056 4941 3384 5016 βασιλίσσας
3419 4944 3576 5017 λόγου
3602 4948 3648 5015 (1
3669 4946 3734 5016 Ι).

2445 5060 2558 5114 Πῶς
2623 5047 2710 5104 οὖν
2785 5051 3080 5110 ἠλάττωται
3156 5053 3300 5125 παρὰ
3379 5056 3500 5114 τοὺς
3583 5049 3833 5124 ἀγγέλους

3241 5141 3267 5192 ὁ
3317 5137 3566 5216 σύνεδρος
3607 5145 3774 5214 Πατρί
3811 5157 3825 5207 ;

2279 5270 2324 5304 ¹²
2353 5271 2502 5324 Joan
2525 5283 2642 5333 xuv,
2677 5269 2763 5320 30.
2871 5265 2917 5301 ¹³
2946 5265 3089 5321 ibid.
3127 5267 3213 5321 18.
3311 5266 3356 5300 ¹⁴
3385 5265 3584 5324 Matth.
3613 5281 3822 5330 xxvm,

1143 5270 1188 5304 ¹⁰
1216 5271 1386 5337 Joan,
1408 5285 1490 5333 Il,
1520 5273 1607 5325 34.
1716 5271 1756 5306 ¹¹
1801 5273 1974 5326 Marc.
2001 5287 2063 5338 v,
2095 5274 2183 5326 3l.
2279 5270 2324 5304 ¹²
2353 5271 2502 5324 Joan
2525 5283 2642 5333 xuv,
2677 5270 2763 5320 30.

1143 5382 1151 5397 .
1231 5341 1276 5376 ¹⁶
1303 5339 1448 5397 ibid.
1478 5342 1564 5397 31.
1671 5342 1787 5382 ¹⁷-¹⁸
1816 5341 1998 5400 Levii.
2025 5358 2180 5400 xxvu.
2217 5345 2302 5397 12.
2409 5341 2450 5374 ιθ
2481 5341 2646 5394 Joan.
2680 5352 2772 5400 xv,
2803 5337 2854 5391 1.

1231 5341 1276 5376 ¹⁶
1303 5339 1448 5397 ibid.
1478 5342 1564 5397 31.

518 5466 592 5533 (9)
647 5467 929 5520 Notemus
990 5465 1064 5521 de
1121 5465 1513 5522 eucharistica
1564 5464 2070 5522 transsubstantia

441 5536 601 5592 tione
640 5535 1051 5593 testimonium
1096 5537 1454 5593 catholicum
1495 5537 1872 5593 ecclesiastici
1909 5537 2091 5593 Patris

437 5607 615 5663 valde
661 5603 900 5674 nobilis,
941 5609 1048 5680 qui
1086 5609 1305 5666 smculo
1351 5615 1567 5682 quarto
1610 5614 1749 5682 post
1789 5607 2090 5664 Christum
