4148 6444
331 376 443 438 213
1664 373 2017 432 THESAURI
2064 376 2193 432 LIB.
2244 376 2398 433 XXV.
3613 380 3724 439 ms

333 502 477 558 Ἀλλ’
516 507 628 557 ἔστι
648 506 824 575 σαφὴς
849 504 882 562 ἠ
914 506 1180 578 πρόφασις
1199 520 1213 533 ·
1243 503 1490 555 καθίκετο
1512 503 1615 574 γὰρ
1648 499 1697 553 ἐν
1719 506 1824 561 τοῖς
1851 507 1949 562 τῆς

2076 501 2247 557 tinet?
2276 504 2340 557 In
2391 502 2681 573 promptu
2729 505 2824 557 est
2856 503 3208 576 responsio:
3240 507 3391 562 Nam
3440 520 3714 581 corpore,

341 591 733 668 ἆνθρωπότῃτος
794 596 1028 664 μέτροις,
1077 594 1263 645 καὶτὸ
1317 589 1667 648 ἀποθνήσκειν
1722 592 1952 661 πεφυκὸς

2075 591 2225 662 ῃ]οά
2251 590 2406 646 mori
2433 592 2657 662 posset,
2681 597 3018 664 assumpto,
3045 593 3125 649 ad
3153 594 3443 653 humanm
3479 600 3713 654 naturae

344 691 501 755 σῶμα
535 681 720 749 λαϐὼν,
760 677 903 734 ἴδιόν
932 700 988 734 τε
1017 681 1144 734 αὐτό
1190 683 1561 752 ποιησάμενος,
1593 678 1642 730 ἐν
1672 678 1813 748 αύτῷ
1850 682 1948 731 πέ-

2080 679 2435 735 nﬁrmitates
2464 694 2526 735 se
2550 678 2753 751 ipsum
2774 678 3035 748 demisit,
3062 681 3125 738 in
3148 698 3342 756 eoque
3370 684 3553 741 veluti
3571 701 3712 758 pro-

310 774 501 826 ’πονθε
529 771 671 838 ἑκὼν,
696 774 787 823 καὶ
834 778 955 832 ταῖς
988 769 1232 824 ἀνωτάτω
1264 767 1446 833 δόξαις
1477 776 1822 841 στεφανοῦται
1852 764 1948 821 διὰ

2069 768 2188 841 prio
2212 772 2613 841 spontaneam
2641 773 2902 825 mortem
2932 771 3236 829 sustinuit.
3267 772 3356 829 Ob
3374 788 3511 830 eam
3530 790 3707 847 porro

340 864 403 913 τό
431 863 617 929 πάθος,
648 862 716 922 ὡς
741 857 815 914 δι’
841 860 1002 913 αὐτοῦ
1040 865 1386 935 καταργήσας
1423 863 1509 912 τὸν
1559 861 1797 929 θάνατον,
1854 864 1945 912 καὶ

2069 862 2311 914 mortem
2361 862 2417 914 et
2463 857 2835 930 passionem,
2893 873 3150 915 summae
3182 860 3386 930 gloriaa
3414 876 3707 920 coronam

338 952 608 1025 ἄπρακτον
645 949 915 1023 ἀποφήνας
944 954 1039 1009 τὴν
1071 951 1264 1025 φθοράν
1287 968 1301 980 ·
1334 951 1425 1002 ἅτε
1454 946 1524 1008 δὴ
1565 954 1654 1001 καὶ
1685 950 1940 1023 ὑπάρχων

2065 945 2383 1019 promeruit
2403 964 2417 1014 ;
2449 946 2677 1018 quippe
2695 945 2800 1017 qui
2828 945 2964 1019 ipsa
2980 948 3107 1003 vita
3121 952 3180 1004 et
3201 948 3571 1022 incorruptio
3591 956 3703 1022 est,

337 1038 612 1114 ἀφθαρσία
636 1044 726 1092 καὶ
785 1038 1108 1099 ζωή.”οταν
1157 1035 1246 1092 οὖν
1290 1039 1495 1097 Ἰησοῦν
1553 1038 1806 1111 ὀνομάζῃ,
1848 1042 1938 1091 καὶ

2064 1040 2107 1092 at
2135 1040 2389 1092 mortem
2422 1034 2702 1102 abolevit,
2728 1038 2787 1091 et
2806 1036 3257 1108 corruptionem
3287 1038 3455 1094 omni
3481 1038 3538 1095 vi
3563 1055 3702 1112 spo-

332 1129 669 1188 ἠλαττῶσθαι
728 1128 854 1201 λέγῃ
920 1132 1065 1204 παρὰ
1118 1133 1241 1191 τοὺς
1292 1127 1543 1200 ἀγγέλους
1606 1127 1781 1198 αὐτὸν,
1844 1126 1937 1179 οὐκ

2067 1124 2236 1181 iavit.
2268 1125 2413 1179 Cum
2434 1125 2637 1179 Jesum
2665 1139 2808 1194 ergo
2836 1124 3135 1196 nominat,
3165 1130 3223 1183 et
3251 1126 3481 1198 angelis
3505 1128 3702 1186 mino-

328 1219 606 1292 ἄνθρωπον
661 1216 761 1270 ἀνὰ
805 1222 960 1293 μέρος
998 1222 1089 1270 καὶ
1131 1215 1337 1287 ἱδικῶς,
1389 1216 1497 1269 ἀλλ’
1529 1216 1685 1269 αὐτόν
1721 1224 1933 1288 νοοῦμεν

2064 1228 2170 1269 ’ΘῙΠ
2194 1212 2504 1285 praedicat,
2524 1227 2646 1268 non
2678 1212 3027 1284 simpliciter
3047 1229 3162 1271 nos
3189 1215 3518 1287 hominem,
3544 1230 3702 1274 seor-

318 1309 413 1358 τόν
440 1313 732 1377 Move-Issi},
754 1314 1182 1381 παραχωροῦντα
1210 1314 1302 1359 τοῦ
1321 1310 1576 1379 προῦχειν
1597 1305 1934 1377 οἰκονομικῶς

2060 1317 2298 1375 sumque
2356 1316 2427 1357 ac
2482 1316 2590 1372 per
2645 1316 2706 1356 se
2761 1301 3026 1373 positum
3052 1348 3068 1372 ,
3121 1308 3323 1361 mente
3381 1305 3698 1378 concipere

316 1402 436 1457 τοῖς
460 1396 637 1466 ἁγίοις
663 1393 907 1466 ἀγγελοις
930 1412 943 1425 ·
976 1397 1057 1448 ὃτι
1109 1394 1326 1467 ἀληθείᾳ
1348 1398 1548 1467 γέγονεν
1597 1396 1868 1467 ἅνθρωπος
1904 1396 1930 1446 6

2059 1395 2308 1464 >portet;
2367 1389 2474 1445 sed
2514 1390 2842 1461 ipsummet
2882 1391 3267 1462 Unigenitum
3309 1398 3557 1466 propter
3609 1394 3697 1451 in-

322 1492 421 1547 τῆς
452 1483 654 1536 ἐκείνων
679 1486 952 1558 ὑπεροχῆς
989 1485 1315 1556 ἠττώμενος’
1341 1487 1408 1537 τὰ
1439 1480 1499 1537 δὲ
1528 1491 1620 1546 τῆς
1664 1485 1931 1558 ὑπεροχῆς

2058 1479 2403 1536 :arnationis
2428 1478 2704 1534 ordinem
2731 1478 2997 1551 potiores
3033 1484 3237 1552 partes
3265 1481 3497 1552 angelis
3537 1482 3696 1539 defe-

318 1580 433 1635 τοῖς
458 1572 628 1644 ἁγίοις
656 1571 909 1644 ἀγγέλοις,
934 1573 1015 1625 ὄτι
1030 1577 1120 1624 καὶ
1140 1572 1235 1636 ἔξω
1268 1576 1481 1647 σαρκός.
1509 1577 1600 1625 καὶ
1630 1579 1720 1624 τοῦ
1750 1573 1926 1623 τεθνά-

2055 1573 2285 1625 ἐῑιῑθω.
2314 1571 2463 1625 Nam
2487 1567 2593 1639 qui
2620 1565 2982 1623 excellentiae
3030 1568 3271 1625 illorum
3309 1569 3520 1627 cedere
3544 1586 3693 1643 prm-

312 1682 406 1714 ναι
431 1667 703 1736 κρείττους
741 1661 883 1714 εἰσί·
929 1666 1198 1733 γεγονότος
1228 1660 1277 1712 ἐν
1314 1664 1516 1721 τούτοις
1541 1668 1634 1713 τοῦ
1670 1663 1795 1713 Υἰοῦ
1835 1657 1930 1713 διὰ

2053 1658 2286 1729 iicatur,
2347 1657 2397 1712 is
2448 1671 2584 1712 vere
2645 1656 2831 1712 homo
2887 1656 3083 1713 factus
3138 1657 3534 1728 dignoscitur.
3584 1659 3691 1718 Illa

310 1754 413 1808 τὴν
467 1750 708 1803 ἑκούσιον
750 1755 990 1803 κένωσιν.
1019 1749 1156 1803 Ἀλλ’
1187 1752 1214 1803 6
1255 1749 1440 1824 βραχύ
1494 1769 1624 1825 παρ,
1679 1748 1926 1821 ἀγγέλους

2050 1752 2235 1804 tutem
2293 1749 2641 1802 sanctorum
2683 1745 3042 1816 angelorum
3096 1748 3422 1806 eminentia
3472 1748 3536 1805 in
3571 1750 3688 1808 hoc

311 1839 705 1911 ἠλαττωμένος,
737 1835 832 1892 διὰ
880 1859 942 1911 γε
977 1843 1036 1892 τό
1072 1848 1168 1901 τῆς
1207 1838 1605 1912 ἀνθρωπότητος
1635 1843 1841 1915 μέτρον,
1874 1839 1922 1892 ἐν

2046 1837 2332 1909 praecipue
2361 1834 2557 1908 posita
2586 1838 2693 1906 est,
2725 1839 2782 1890 et
2803 1834 2973 1907 quod
2996 1851 3177 1892 carne
3196 1842 3335 1893 sunt
3359 1837 3684 1910 immunes,

312 1929 557 2003 ὑπεροχῇ
608 1931 845 1990 Θεότῃτος
892 1930 981 1998 ὢν,
1021 1937 1392 2002 προσκυνεῖται
1439 1932 1561 2004 παρ’
1609 1929 1799 1996 αὐτῶν,
1831 1935 1920 1983 καὶ

2049 1932 2088 1984 at
2113 1926 2278 1999 quod
2301 1924 2480 1982 morti
2508 1940 2633 1981 non
2664 1929 2807 1980 sunt
2835 1924 3084 1982 obnoxii
3112 1943 3126 1982 :
3153 1926 3247 1983 his
3295 1932 3499 1985 autem
3528 1928 3687 1986 inﬁr-

310 2014 585 2091 ἐνίὸρνται
612 2020 819 2083 θώκοις,
842 2016 931 2080 οὓς
950 2024 1284 2091 περιιστᾶσιν
1315 2017 1496 2072 ἐκεῖνοι
1525 2016 1921 2091 δοξολογοῦντες

2048 2015 2337 2072 nitatibus
2367 2017 2611 2085 propter
2629 2013 3034 2070 voluntariam
3060 2014 3531 2072 exinanitionem
3546 2009 3686 2073 sub-

304 2105 412 2174 ἀεὶ,
444 2112 661 2160 καὶτῶν
694 2103 964 2179 δυνάμεων
991 2107 1145 2161 αὐτόν
1170 2106 1508 2180 ὀνομάζοντες
1536 2110 1746 2183 Κύριον.

2051 2112 2217 2163 ectus
2267 2103 2377 2159 fuit
2422 2103 2620 2160 Filius.
2672 2104 2891 2160 Verum
2947 2106 3276 2175 enimvero,
3307 2105 3414 2179 qui
3441 2111 3688 2180 propter

296 2196 595 2254 humane
624 2201 856 2253 natura:
893 2196 1301 2253 conditionem
1330 2197 1645 2269 paululum
1674 2197 1831 2254 infra
1859 2197 2108 2269 angelos
2136 2196 2473 2250 minoratus
2493 2191 2708 2249 dicitur
2727 2194 2796 2263 ³ο,
2854 2192 2908 2249 is
2944 2192 3007 2249 in
3037 2193 3277 2251 deitatis
3334 2194 3688 2255 excellentia

303 2286 629 2352 exsistens,
660 2284 742 2342 ab
763 2285 881 2341 illis
909 2288 1216 2356 adoratur,
1248 2286 1638 2359 considetque
1675 2287 1737 2342 in
1766 2286 1837 2343 iis
1867 2284 2197 2359 majestatis
2218 2282 2472 2350 thronis,
2495 2297 2652 2354 quos
2702 2280 2785 2337 illi
2824 2282 3237 2340 venerabundi
3277 2283 3686 2358 undequaque

302 2375 578 2446 cingunt,
607 2373 920 2432 indefesso
947 2373 1201 2431 laudum
1233 2375 1538 2447 praeconio
1584 2375 1755 2432 illum
1794 2376 2163 2444 extollentes,
2199 2388 2271 2429 ac
2299 2371 2590 2428 virtutum
2611 2370 2936 2428 Dominum
2964 2371 3360 2444 appellantes.

304 2523 408 2570 Τοῦ
428 2516 582 2589 ἁγίου
612 2516 858 2570 Ἰωάννου
882 2522 974 2568 τοῦ
1000 2520 1387 2591 Χρυσοστόμου
1412 2519 1547 2569 κατὰ
1576 2517 1799 2590 Ἀρείου,
1825 2522 1915 2570 καὶ

2042 2517 2086 2574 ς.
2118 2516 2373 2591 Joannis
2401 2513 2814 2591 Chrysgstomi
2859 2520 3070 2591 contra
3090 2514 3357 2591 Arium,
3381 2520 3443 2591 et
3464 2517 3680 2591 inAn-

378 2589 448 2652 εἰς
470 2585 563 2641 τόν
600 2588 1021 2665 Εύαγγελισμόν,
1047 2585 1108 2641 οὗ
1137 2590 1168 2646 ἡ
1194 2585 1362 2663 ἁρχὴ,
1388 2610 1417 2638 ‹‹
1442 2595 1518 2661 Τῇ
1549 2585 1913 2665 πρότέρᾳῖζυ-

2092 2587 2553 2665 nuntiation_em_
2583 2586 2884 2665 Deiparae,
2936 2585 3189 2645 homilia
3239 2585 3374 2658 qua
3420 2589 3680 2660 incipit:

1265 2657 1301 2660 "
1493 2657 1502 2661 ⁷
1590 2657 1599 2663 ’
1708 2657 1718 2665 ’
1754 2657 1763 2662 ”
2091 2657 2477 2715 Praecedente
2508 2658 2837 2713 Dominica.
2872 2678 2900 2708 ››

374 2783 430 2843 ι’.
460 2784 582 2837 Ἐὰν
612 2787 728 2857 εἴπῃ
753 2805 767 2817 ο
811 2784 943 2855 Ἐγὼ
990 2782 1039 2835 ἐν
1076 2791 1150 2855 τῷ
1199 2788 1391 2858 Πατρὶ,
1421 2789 1512 2836 καὶ
1561 2786 1587 2836 6
1639 2788 1823 2857 Πατὴρ
1862 2783 1911 2837 ἐν

2095 2787 2181 2839 10.
2217 2782 2275 2839 Si
2303 2780 2682 2852 dixeritzEgo
2705 2784 2761 2838 et
2789 2781 2965 2839 Pater
2990 2797 3187 2839 unum
3216 2800 3455 2852 sumus,
3474 2785 3681 2858 ipsum

299 2872 447 2946 ἱμοὶ,
470 2874 635 2926 αὐτοῦ
660 2871 869 2926 ἀκούετε
894 2894 906 2906 ο
941 2870 1024 2924 ἐὰν
1055 2875 1173 2946 εἴπῃ
1201 2894 1213 2906 ·
1253 2872 1314 2925 '0
1335 2872 1575 2948 ἑωρακὼς
1613 2872 1699 2945 ἐμὲ
1720 2873 1912 2946 ἑώρακε

2046 2871 2238 2929 Ludite.
2277 2872 2336 2927 Si
2365 2870 2579 2926 dixerit
2610 2888 2623 2926 ε
2650 2871 2784 2941 Ego
2829 2871 2893 2926 in
2923 2871 3111 2928 Patre
3151 2877 3210 2928 et
3264 2873 3456 2937 Pater
3495 2876 3562 2930 in
3590 2889 3684 2931 me

303 2967 399 3016 τόν
431 2966 664 3035 Πατέρα,
716 2961 871 3015 αὐτοῦ
926 2961 1168 3015 ἀκούετε·
1223 2962 1283 3014 ού
1331 2964 1432 3037 γὰρ
1475 2959 1543 3022 δὴ
1583 2959 1839 3033 ψεύδεται
1874 2964 1905 3022 ἡ

2043 2967 2124 3029 rst,
2157 2960 2363 3034 ipsum
2390 2958 2611 3015 audite.
2663 2958 2722 3016 Si
2767 2958 2982 3015 dixerit
3013 2977 3026 3015 :
3059 2959 3174 3027 Qui
3200 2961 3353 3017 vidit
3388 2976 3501 3033 me,
3529 2962 3681 3018 vidit

310 3049 594 3108 ’Δλήθεια·
652 3048 732 3103 ἐὰν
768 3052 883 3124 εἴπῃ
911 3068 925 3081 ·
950 3049 1009 3102 '0
1037 3050 1248 3122 πέμψας
1278 3069 1341 3122 με
1379 3055 1558 3125 Πατὴρ
1589 3055 1779 3123 μείζων
1809 3071 1909 3124 μου

2043 3052 2284 3121 Dutrem,
2318 3049 2520 3121 ipsum
2560 3047 2801 3117 audite;
2843 3047 3067 3105 Veritas
3097 3047 3257 3105 enim
3297 3064 3423 3106 non
3470 3049 3681 3107 menti-

305 3136 447 3209 ἔστι,
474 3146 629 3191 τοῦτο
651 3142 721 3211 μὴ
756 3141 1018 3212 θροήσητε
1037 3159 1050 3173 ’
1073 3139 1132 3192 ού
1161 3142 1262 3212 γὰρ
1293 3141 1512 3197 θεότητα
1539 3143 1665 3212 πρὸς
1693 3141 1913 3198 θεότητα

2039 3154 2130 3194 ur.
2168 3137 2224 3194 Si
2254 3137 2469 3193 dixerit
2502 3152 2514 3190 :
2547 3135 2662 3203 Qui
2682 3137 2961 3196 misitme
2983 3137 3204 3209 Pater,
3228 3139 3425 3208 major
3452 3153 3546 3195 me
3572 3141 3677 3210 est,

294 3228 456 3301 λέγει,
493 3227 604 3281 ἀλλ’
626 3230 706 3281 ὅτι
737 3229 918 3291 θεότης
948 3236 1043 3291 τῆς
1085 3227 1485 3301 ἁνθρωπότητος
1521 3228 1748 3301 μείζων·
1779 3233 1909 3304 πρὸς

2044 3227 2079 3283 [1
2107 3243 2219 3284 vos
2249 3242 2325 3283 ne
2353 3230 2571 3283 terreat
2597 3243 2610 3281 :
2644 3240 2843 3298 neque
2875 3224 3036 3282 enim
3065 3225 3443 3284 divinitatem
3467 3226 3682 3284 divini-

289 3321 352 3371 τό
382 3321 566 3390 μεῖζον
592 3320 653 3370 τό
679 3316 889 3371 ἔλαττον
919 3316 1227 3391 ἁρμόζεται.

2044 3318 2121 3374 ati
2153 3316 2435 3389 opponit;
2469 3314 2576 3371 sed
2605 3315 2688 3372 ait
2734 3314 3113 3373 divinitatem
3142 3316 3442 3389 majorem
3466 3316 3682 3374 huma-

2013 3406 2200 3463 nitate
2224 3425 2238 3475 ;
2270 3422 2368 3462 res
2390 3405 2590 3461 minor
2615 3404 2694 3463 ad
2718 3405 3016 3477 majorem
3054 3403 3321 3463 refertur.

294 3501 398 3548 Τοῦ
422 3494 586 3547 αὐτοῦ
608 3493 665 3547 ἐκ
694 3502 795 3547 τῶν
824 3495 1111 3639 ἑρμηνειῶιέ
1232 3497 1360 3567 πρός
1376 3492 1642 3569 Ἐϐραίους
1662 3494 1908 3549 Ἐπιστο-

980 3575 1069 3627 λῆς
1119 3572 1137 3622 1
1217 3609 1228 3622 .

2043 3514 2302 3585 Ejusdem
2331 3528 2408 3570 ea:
2434 3514 2932 3583 interpretatione
2947 3511 3240 3583 Epistolas
3258 3513 3342 3571 ad
3366 3514 3681 3573 Hebmos.

366 3671 454 3727 ια’.
512 3676 613 3725 Τόν
659 3668 719 3724 6'":
769 3669 956 3746 βραχύ
992 3691 1045 3724 τι
1080 3680 1206 3745 παρ’
1246 3669 1492 3742 ἀγγέλους
1530 3672 1903 3745 ἠλαττωμένον,

2088 3676 2176 3733 11.
2201 3675 2674 3746 Aliquantulum
2700 3674 2872 3743 infra
2913 3675 3160 3746 angelos
3202 3674 3570 3732 minoratum
3590 3675 3678 3732 vi-

300 3765 448 3832 φησὶ,
490 3759 752 3833 βλέπομεν
782 3761 991 3819 Ἰησοῦν
1024 3756 1118 3812 διὰ
1146 3764 1203 3812 τό
1259 3761 1481 3833 πάθημα
1517 3768 1609 3813 τοῦ
1661 3763 1904 3815 θανάτου.

2039 3763 2238 3831 lemus,
2271 3762 2487 3836 inquit,
2512 3764 2709 3819 Iesum
2735 3767 2987 3832 propter
3013 3764 3226 3819 mortis
3250 3764 3591 3833 passionem
3603 3764 3677 3820 *1.

302 3846 430 3901 Εἶτα
454 3852 672 3924 χρηστὰ
726 3848 902 3917 πάλιν,
942 3847 1072 3920 Δόξῃ
1138 3853 1229 3901 καὶ
1283 3855 1412 3920 τιμῇ
1474 3846 1902 3921 ἐστεφανωμένον.

2045 3851 2239 3907 )einde
2269 3866 2478 3906 rursus
2519 3850 2685 3906 bona
2725 3849 2980 3920 adjecit:
3005 3850 3219 3907 Gloria
3249 3857 3307 3908 et
3337 3850 3564 3909 honore
3589 3867 3683 3909 oo-

304 3933 475 4003 Εἶδες,
502 3947 613 4000 πῶς
639 3937 785 4009 αύτῷ
813 3940 982 3989 πάντα
1011 3941 1241 4013 ἧρμοσε;
1272 3942 1341 3990 Τό
1371 3940 1472 4011 γὰρ
1497 3936 1682 4013 βραχὺ
1713 3943 1816 3990 τίνι
1844 3938 1905 3990 ἄν

2040 3946 2296 3998 'onatum
2310 3942 2379 3996 ³³.
2414 3938 2618 3994 Viden’
2644 3942 2712 3994 ut
2736 3942 2955 3994 cuncta
2984 3938 3065 3995 ad
3091 3938 3406 3995 hominem
3433 3954 3678 3997 accom-

304 4028 335 4086 ἣ
368 4027 501 4098 αὐτῷ
557 4026 809 4101 ἁρμόσειε
842 4025 1034 4099 μᾶλλον
1087 4035 1160 4098 τῷ
1189 4035 1328 4101 τρεῖς
1365 4029 1562 4102 ἡμέρας
1588 4047 1634 4080 εν
1665 4024 1771 4101 ᾄδῃ
1822 4047 1905 4100 γε·

2037 4028 2320 4085 nodavit?
2351 4031 2496 4084 Nam
2520 4025 2668 4082 illud
2697 4027 3175 4097 aliquantulum,
3206 4026 3451 4084 cuinam
3476 4028 3675 4099 magis

295 4121 485 4188 νομεῖ-λῳ
513 4121 650 4189 μόνα
678 4132 692 4183 ;
723 4114 860 4169 Ἀλλ’
901 4115 1006 4188 οὐχ
1053 4118 1180 4188 ἡμῖν
1220 4123 1327 4178 τοῖς
1371 4116 1588 4169 ἐπιπολὺ
1640 4118 1904 4189 φθειρομέ-

2036 4133 2198 4191 [nam
2221 4115 2275 4172 ei
2307 4114 2650 4187 congruerit
2701 4114 2807 4187 qui
2845 4118 2965 4171 tres
2997 4114 3424 4172 tantummodo
3454 4114 3583 4172 dies
3610 4117 3674 4174 in

288 4225 418 4266 νοις.
449 4201 579 4258 Εἶτα
606 4204 762 4257 πάλιν
810 4210 1149 4279 παρακατιὼν
1182 4204 1351 4277 λέγει’
1386 4205 1448 4257 Εἰ
1493 4207 1593 4280 γὰρ
1622 4206 1648 4257 6
1674 4225 1903 4279 προσκυ-

2035 4206 2215 4262 nferis
2247 4203 2516 4262 mansit?
2545 4204 2709 4260 Certe
2735 4202 2913 4260 nobis
2943 4203 3427 4277 haudquaquam
3458 4205 3562 4277 qui
3593 4203 3673 4262 ad

284 4297 530 4367 νούμενος
559 4293 648 4346 ὑπ’
678 4291 933 4365 ἀγγέλων,
962 4299 1144 4365 φησὶν,
1175 4294 1432 4365 ἠνέσχετο
1473 4292 1658 4368 βραχύ
1702 4315 1753 4347 τι
1777 4294 1899 4369 παρ’

2033 4311 2263 4366 ongum
2287 4299 2526 4367 tempus
2557 4291 3022 4365 corrumpimur.
3038 4292 3261 4349 Deinde
3273 4292 3667 4365 progrediens

286 4381 521 4455 ἂγγελων
547 4385 690 4454 ἔχειν
718 4378 813 4434 διὰ
845 4384 923 4449 σε,
951 4381 1314 4453 πολλῇμᾶλλον
1343 4386 1430 4452 σὺ,
1476 4384 1502 4434 6
1543 4392 1642 4436 τῶν
1673 4381 1900 4455 ἀγγέλων

2029 4385 2133 4441 tit:
2165 4388 2316 4441 Nam
2353 4385 2403 4438 si
2433 4383 2485 4438 is
2515 4381 2621 4455 qui
2651 4381 2960 4449 adoratur,
3009 4382 3224 4457 inquit,
3286 4381 3367 4438 ab
3418 4381 3667 4455 angelis,

280 4470 532 4542 ἃάττων,
567 4473 741 4524 πάντα
769 4476 935 4546 φέρειν
962 4469 1196 4543 ὀφείλεις.

2031 4471 2589 4545 ustinuitquiddam
2607 4470 2807 4526 minus
2821 4471 3045 4527 habere
3060 4486 3248 4544 quam
3268 4470 3469 4543 angeli
3487 4486 3669 4545 prop-

278 4567 377 4619 ter
403 4565 482 4624 te,
502 4560 696 4617 multo
724 4560 923 4630 magis
957 4565 1019 4616 tu
1047 4561 1152 4633 qui
1196 4577 1261 4617 es
1300 4561 1496 4617 minor
1555 4561 1808 4632 angelis,
1854 4561 2249 4619 debesomnia
2277 4564 2520 4634 propter
2541 4558 2745 4632 ipsum
2773 4559 3060 4633 perferre.

276 4685 374 4740 Ἐκ
426 4693 522 4745 τῆς
585 4683 789 4757 ὁμιλίας
839 4691 931 4736 τοῦ
998 4683 1153 4769 ἁγίου
1187 4685 1249 4738 ’A
1296 4684 1540 4757 φιλοχίου
1604 4684 1893 4739 ἐπισκόπου

354 4758 582 4808 Ἰκονίου
632 4755 704 4808 εἰς
754 4760 846 4807 τό·
875 4777 904 4807 (ι
936 4754 995 4808 '0
1036 4705 1348 4808 αποστείλας
1389 4776 1450 4808 ut
1480 4762 1663 4808 Πατὴο
1706 4759 1894 4808 μείζων

2026 4686 2100 4742 Ea:
2126 4685 2374 4742 homilia
2418 4684 2620 4741 sancti
2665 4681 3078 4754 Amphilochii
3110 4686 3366 4756 episcopi
3392 4685 3664 4747 Iconien-

2073 4759 2152 4808 sis
2182 4760 2246 4808 in
2274 4756 2434 4808 illud
2464 4772 2477 4808 :
2511 4778 2541 4808 «
2570 4754 2688 4808 Qui
2734 4756 2896 4808 misit
2922 4770 3017 4808 me
3060 4757 3268 4808 Pater.
3321 4759 3523 4808 maior
3570 4773 3664 4808 me

354 4758 582 4832 Ἰκονίου
614 4754 704 4832 εἰς
753 4760 846 4832 τό·
875 4777 904 4807 (ι
936 4754 995 4808 '0
1036 4754 1348 4818 ἀποστείλας
1386 4754 1451 4830 μέ
1480 4762 1663 4832 Πατὴρ
1703 4759 1894 4830 μείζων

2073 4759 2152 4814 sis
2182 4760 2246 4812 in
2274 4756 2434 4813 illud
2464 4772 2477 4811 :
2511 4778 2541 4808 «
2570 4754 2688 4823 Qui
2734 4756 2896 4813 misit
2922 4770 3017 4814 me
3059 4754 3268 4826 Pater,
3297 4754 3523 4829 'major
3570 4773 3664 4819 me

352 4829 461 4901 μού
489 4825 604 4879 ἔστι
636 4848 660 4877 ι
684 4827 818 4900 (14).
1386 4825 1396 4830 ⁷
1633 4825 1643 4832 “
1703 4825 1713 4830 '

600 4867 604 4878 ,
636 4848 660 4877 ι
684 4827 818 4900 (14).
1386 4825 1396 4830 ⁷
1633 4825 1643 4832 ’
1703 4825 1713 4830 ’
2074 4835 2178 4885 est.
2210 4848 2238 4877 »

356 4948 456 5023 ιβ’.
480 4949 605 5004 Εἰπὲ
634 4952 765 5003 κατὰ
792 4956 941 5003 ποῖον
968 4948 1118 5023 λόγον
1147 4950 1307 5024 λέγεις
1342 4954 1431 5004 τόν
1456 4954 1665 5027 Πατέρα
1682 4952 1898 5024 μείζονα

2074 4954 2165 5010 12.
2214 4952 2317 5010 Dic
2357 4952 2507 5009 mihi
2557 4968 2832 5027 quonam
2886 4968 3072 5012 sensu
3123 4953 3216 5012 ais
3250 4957 3489 5013 Patrem
3515 4954 3660 5013 Filio

352 5163 409 5200 ²⁸
439 5161 618 5220 Hebr.
648 5178 712 5231 ιι,
739 5167 792 5219 9.
871 5164 914 5200 ²¹
948 5162 1096 5220 ibid.
1172 5165 1222 5201 ²²
1252 5163 1402 5222 ibid.

351 5370 474 5444 (12)
529 5369 692 5444 Hanc
752 5366 1070 5444 hom_i_l_iam
1130 5367 1286 5444 inter
1330 5369 1574 5444 Spurias
1639 5367 1892 5444 collocat
1997 5374 2215 5428 Verum
2238 5371 2373 5444 ipsa
2421 5371 2677 5430 materia
2710 5370 2934 5444 codicis
2957 5370 3235 5429 Vaticani
3263 5376 3356 5432 est
3404 5373 3655 5434 inedita.

272 5437 785 5518 hientfaucgnius,
816 5444 855 5494 t.
888 5440 976 5504 XI,
1030 5454 1091 5518 p._
1120 5443 1243 5494 858.
1272 5437 1564 5518 At'Grteci
1587 5446 1745 5518 certe
1775 5442 1890 5498 sub
1999 5444 2129 5500 Imo
2158 5437 2300 5518 vero
2320 5443 2485 5518 idem
2538 5459 2736 5518 sermo
2790 5442 3048 5518 videtur,
3080 5443 3188 5518 qui
3226 5461 3413 5518 supra
3442 5445 3659 5504 dicitur

272 5509 546 5589 Manuele
564 5509 887 5589 gomnenp
915 5509 1242 5589 geri—pinam
1268 5510 1718 5589 existimabant.
1999 5521 2215 5589 contra
2242 5515 2524 5589 Agrianos.
2559 5514 2789 5589 Etenim
2816 5513 2986 5589 locus
3006 5509 3182 5589 apud
3221 5509 3337 5573 nos
3365 5517 3502 5587 (col.
3525 5518 3655 5589 209)

348 5582 467 5658 (i3)
488 5582 652 5658 _E_dit_.
682 5580 885 5658 M_o_ntf.
918 5589 964 5658 t._
992 5583 1102 5658 XII,
1132 5581 1342 5658 homil.
1368 5597 1536 5658 ευρ,
1565 5584 1629 5638 41
1664 5588 1737 5638 Α.
1810 5657 1815 5658 ί
1999 5587 2213 5658 citatus
2242 5586 2457 5643 dicitur
2490 5585 2657 5658 apud
2699 5580 3129 5645 Combeﬁsiiim
3153 5603 3229 5646 ex
3262 5580 3543 5648 sermone
3590 5580 3656 5645 in

350 5652 470 5726 (14)
486 5652 1206 5725 Titulushicexstatapud
1219 5652 1746 5726 Combeﬁsium,p.
1764 5657 1885 5711 145.
1999 5657 2184 5715 illud:
2212 5658 2401 5715 Pater
2428 5652 2629 5729 major
2649 5670 2745 5713 me
2771 5661 2878 5714 est.
3186 5696 3195 5700 -
