4148 6430
469 347 583 409 gn;
1813 332 2087 394 NICETE
2129 331 2505 394 CHONIATE
3735 347 3849 405 ξω

474 465 821 542 majorem?
872 462 1046 521 Haud
1096 477 1229 535 ego,
1288 458 1503 536 inquit,
1553 460 1710 530 dico,
1761 460 1871 518 sed
1918 459 2137 518 dicenti

2269 468 2338 514 ὀῦ
2374 462 2536 530 Υίοῦ;
2574 461 2685 518 Οὐκ
2727 462 2845 539 ὶγὼ,
2888 472 3040 541 φησὶ,
3067 467 3218 543 λέγω,
3252 469 3380 525 ἀλλα
3414 490 3487 543 τῳ
3515 469 3714 545 λέγοντι
3736 476 3855 527 πεί-

478 559 681 619 credo.
713 558 971 629 Ipsemet
998 553 1163 610 enim
1193 554 1276 611 ait
1308 570 1321 609 :
1356 552 1470 621 Qui
1496 553 1658 609 misit
1678 567 1772 609 me
1793 553 1993 621 Pater,
2013 565 2136 607 ma-

2269 554 2424 624 ἰομαι·
2457 553 2609 618 οὗτος
2632 558 2732 629 γὰρ
2755 554 2897 611 ἔστιν
2920 560 2946 612 6
2972 559 3145 613 εἰπών’
3166 560 3226 613 '0
3247 559 3555 623 ἀποστείλας
3569 581 3633 635 με
3662 566 3851 639 Πατὴρ

469 653 578 722 jor
604 662 699 704 me
725 651 831 704 est.
867 644 927 701 Si
954 643 1179 701 dicenti
1206 641 1423 712 credis,
1450 642 1579 714 jam
1607 647 1673 699 tu
1697 657 1736 700 a
1758 641 2139 698 contentione

2269 642 2439 703 ιείζων
2468 645 2568 716 μού
2600 642 2764 702 ἰστιν.
2794 647 2857 700 Εἰ
2879 657 2952 720 τῷ
2979 647 3179 721 λέγοντι
3205 653 3381 724 πείθη,
3412 658 3616 705 παῦσον
3652 657 3743 705 καὶ
3780 654 3854 705 σὺ

478 736 719 803 desiste,
754 736 812 790 et
835 747 949 804 ego
977 747 1223 805 quoque
1252 730 1526 802 linguam
1556 729 1871 791 cobibebo.
1902 730 2139 803 ipsique

2269 733 2342 789 *ὸν
2366 732 2551 803 μάχην
2602 732 2749 807 κάγὼ
2798 736 3034 790 συστελῶ
3071 742 3166 797 τήν
3204 737 3452 810 γλῶσσαν
3477 760 3491 773 ο
3545 743 3633 792 καὶ
3675 736 3854 813 δῶμεν

480 825 629 885 Filio
654 824 1079 898 permittamus
1126 820 1354 894 proprii
1381 820 1678 878 sermonis
1705 820 2143 893 interpretatio-

2269 828 2321 890 ’ῷ
2367 823 2473 893 Υὶῷ
2497 824 2585 875 τὸν
2613 823 2800 878 οἰκεῖον
2837 824 2987 897 λόγον
3036 826 3373 901 ἑρμηνεῦσαι.
3395 828 3522 883 Elui
3547 836 3696 902 γοῦν,
3721 831 3856 884 Δέσ-

481 929 646 975 nem.
673 912 786 970 Ain
815 926 980 983 ergo,
1014 910 1286 980 Domine,
1338 925 1445 967 cur
1485 909 1670 966 modo
1708 908 1857 966 dicis
1882 925 1894 964 :
1923 909 2056 980 Ego
2085 913 2143 966 et

2269 928 2404 977 τοτα,
2461 907 2609 966 διατί
2646 916 2769 970 ποτε
2806 918 2896 988 μὲν
2944 915 3131 989 λέγεις·
3181 916 3310 989 Ἐγὼ
3341 922 3433 971 καὶ
3488 919 3515 971 6
3563 922 3746 993 Πατὴρ
3798 918 3854 972 ἓν

481 1004 664 1061 Pater
692 1016 881 1058 unum
932 1015 1169 1066 sumus;
1201 998 1387 1055 modo
1426 1002 1667 1055 autem:
1724 996 1839 1065 Qui
1865 998 2025 1053 misit
2054 1012 2144 1054 me

2269 1000 2423 1073 ἐσμεν,
2465 1004 2590 1056 ποτὶ
2638 999 2717 1071 δι,
2745 1003 2804 1057 Ὀ
2857 1003 3166 1069 ἀποστείλας
3216 1026 3280 1080 με
3319 1011 3501 1081 Πατὴρ
3527 1008 3719 1080 μείζων
3747 1009 3854 1081 μού

486 1094 690 1161 Pater,
713 1092 915 1160 major
938 1103 1030 1145 me
1049 1091 1180 1145 est?
1206 1086 1265 1146 Si
1293 1088 1510 1159 major,
1527 1087 1839 1160 quomodo
1858 1086 2145 1160 aqualis?

2269 1090 2390 1143 ἐστιν
2416 1108 2430 1158 ;
2461 1090 2522 1146 Εἰ
2550 1092 2758 1165 μείζων,
2791 1103 2896 1156 πῶς
2924 1098 3078 1163 ἶσος;
3112 1095 3156 1149 εἰ
3201 1098 3338 1163 ἶσος,
3385 1104 3489 1158 πῶς
3525 1096 3745 1169 μείζων;
3775 1099 3861 1151 Τὰ

491 1180 545 1236 si
564 1177 837 1252 aqualis,
879 1175 1192 1249 quomodo
1216 1175 1458 1246 major?
1496 1175 1642 1246 Ego,
1670 1174 1886 1248 inquit,
1917 1178 2143 1231 utrum-

2269 1175 2353 1232 ῗύο
2380 1178 2513 1252 λέγω
2537 1202 2550 1217 ο
2584 1179 2764 1242 ἐπειδὴ
2793 1188 2884 1237 καὶ
2912 1188 3102 1255 μείζων
3127 1205 3230 1258 μου
3259 1184 3372 1238 ἐστὶ
3409 1190 3500 1239 καὶ
3536 1188 3648 1247 ἴσος
3668 1207 3684 1222 ο
3716 1189 3860 1239 κατὰ

490 1283 612 1341 que
632 1266 869 1323 afﬁrmo
903 1283 916 1322 :
944 1280 1091 1321 nam
1122 1267 1179 1321 et
1202 1264 1402 1334 major
1428 1279 1525 1320 me
1555 1267 1661 1332 est,
1696 1268 1753 1320 et
1773 1263 1919 1321 mihi
1944 1279 2147 1337 aqua-

2269 1272 2348 1327 τὴν
2383 1270 2599 1327 θεότητα
2627 1273 2763 1338 ἶσος,
2804 1275 2941 1326 κατά
2977 1278 3067 1332 τὴν
3125 1278 3418 1347 οἰκονομίαν
3467 1274 3682 1348 μείζων.
3708 1273 3865 1336 Ἰσος

488 1354 605 1412 lis:
637 1366 858 1424 nempe
890 1348 1226 1406 secundum
1270 1348 1664 1418 divinitatem,
1720 1348 2010 1421 aqualis;
2058 1364 2148 1405 se-

2269 1357 2416 1411 κῦτοῦ
2467 1358 2594 1432 εἰμι,
2646 1357 2827 1421 ἐπείδὴ
2883 1361 2936 1425 ἕξ
2983 1362 3143 1416 αὐτοῦ
3191 1364 3465 1435 ἐγεννήθην
3491 1378 3504 1394 ⁸
3534 1363 3727 1437 μείζων
3753 1382 3862 1437 μου

493 1441 763 1500 cundum
818 1438 1318 1506 incarnationem,
1365 1439 1580 1510 major.
1636 1441 1759 1510 Ego
1791 1437 2038 1512 aqualis
2066 1437 2150 1495 illi

2269 1447 2415 1521 ἱστὶν,
2449 1445 2630 1511 ίπειδὴ
2664 1448 2721 1504 ix
2748 1458 2844 1515 τῆς
2869 1453 3132 1526 Παρθένου
3158 1450 3451 1525 ίγεννήθῆν.

492 1547 653 1595 sum,
682 1534 985 1603 quatenus
1015 1528 1095 1585 ab
1133 1542 1207 1584 eo
1254 1527 1490 1599 genitus
1524 1546 1538 1585 :
1566 1528 1765 1600 major
1789 1527 1887 1585 ille
1916 1542 2014 1585 me
2039 1530 2148 1596 est,

491 1623 790 1699 quatenus
818 1634 931 1691 ego
961 1633 1035 1674 ex
1057 1617 1292 1691 Virgine
1319 1621 1498 1674 natus
1526 1633 1684 1674 sum.

489 1729 592 1787 Ea:
620 1727 874 1799 epistola
901 1726 968 1783 S.
994 1725 1730 1815 Leonisnapa‘ﬁgmani,
1762 1740 1896 1798 quae
1922 1724 2152 1781 dicitur

2269 1738 2389 1794 Ἀπὸ
2419 1746 2516 1801 τῆς
2544 1738 2790 1815 ἄπιστολῆ
2801 1759 2824 1801 ς
2850 1747 2942 1794 τοῦ
2974 1739 3122 1815 ἁγίου
3162 1743 3377 1815 ῥέοντος
3426 1741 3619 1815 «intra
3656 1739 3868 1815 Ῥώμης

993 1797 1276 1854 columna
1302 1803 1479 1854 recta
1498 1796 1660 1866 ﬁdei.
1775 1796 1787 1798 '

2468 1796 2592 1874 ⁷τῆς
2618 1796 2893 1885 λεγομένης
2926 1796 3121 1875 στῆλης
3148 1796 3458 1888 ὀρθοδοέίας
3487 1812 3623 1885 (15).

563 1908 654 1963 13.
685 1907 773 1961 Ita
798 1918 925 1960 non
954 1902 1230 1974 ejusdem
1271 1906 1503 1993 natura
1543 1906 1633 1960 est
1677 1902 1911 1961 dicere:
1939 1904 2070 1975 Ego
2095 1909 2151 1961 et

2334 1917 2421 1991 ιγ’.
2448 1918 2629 1981 Οῦτως
2653 1918 2712 1972 οῦ
2743 1927 2840 1982 τῆς
2867 1919 3027 1982 αὐτῆς
3046 1918 3160 1973 ἐστι
3188 1922 3389 1993 φύσεως
3418 1923 3476 1973 τὸ
3499 1918 3663 1992 λέγειν
3689 1940 3703 1956 ν
3724 1918 3867 1992 Ἐγὼ

493 1998 678 2054 Pater
699 2010 890 2051 unum
909 2008 1114 2049 sumus
1127 2006 1151 2063 ,'
1176 1996 1235 2049 et
1253 1992 1450 2050 dicere
1473 2009 1487 2049 :
1509 1993 1693 2051 Pater
1712 1997 1911 2065 major
1927 2011 2021 2052 me
2043 2001 2148 2051 est.

2269 2014 2351 2063 καὶ
2374 2011 2400 2062 ὁ
2428 2014 2606 2085 Πατὴρ
2637 2012 2687 2063 ἔν
2717 2012 2897 2084 ἑσμεν·
2930 2015 3020 2063 καὶ
3065 2015 3122 2064 τό
3171 2010 3332 2083 λέγειν
3356 2026 3367 2039 ’
3416 2010 3476 2063 Ὀ
3524 2014 3706 2084 Πατὴρ
3755 2030 3866 2084 μου

496 2084 787 2154 Quamvis
816 2084 978 2141 enim
1008 2084 1071 2139 in
1100 2083 1357 2140 Domino
1381 2085 1524 2139 Jesu
1554 2083 1789 2141 Christo
1837 2085 1938 2142 Dei
1964 2089 2021 2142 et
2047 2085 2152 2142 ho-

2269 2099 2453 2171 μείζων
2481 2118 2581 2173 μου
2613 2097 2754 2152 ἐστιν
2778 2120 2792 2133 ο
2824 2099 2870 2153 εἰ
2910 2104 3002 2153 καὶ
3048 2103 3116 2153 τὰ
3164 2099 3394 2174 μάλιστα
3428 2102 3530 2175 γὰρ
3556 2099 3605 2153 ἐν
3630 2108 3701 2171 τῷ
3729 2107 3869 2154 Δεσ-

2262 2194 2396 2262 πότῃ
2427 2194 2602 2247 Ἰησοῦ
2630 2196 2867 2264 Χριστῷ,
2899 2196 2991 2242 τοῦ
3046 2196 3180 2243 Θεοῦ
3232 2193 3322 2242 καὶ
3373 2197 3465 2242 τοῦ
3514 2187 3786 2264 ἀνθρώπου
3812 2190 3871 2242 ἓν

2264 2278 2380 2333 ἔστι
2434 2283 2732 2355 πρόσωπον,
2790 2280 2925 2351 ὅμως
2987 2278 3155 2354 ἕτερόν
3217 2278 3358 2331 ἐστιν
3407 2276 3566 2331 ἐκεῖνο
3614 2275 3667 2341 ἕξ
3713 2278 3774 2330 οὗ
3812 2276 3874 2331 ἐν

495 2175 675 2234 minis
703 2189 830 2230 una
853 2187 1115 2246 persona
1143 2172 1255 2239 sit;
1288 2171 1452 2229 aliud
1500 2178 1703 2229 tamen
1751 2178 1861 2240 est.
1900 2175 2063 2231 unde
2093 2177 2154 2231 in

495 2272 754 2338 utroque
801 2262 1144 2320 communis
1190 2266 1283 2319 est
1331 2262 1716 2331 contumelia,
1770 2263 1937 2321 aliud
1992 2265 2154 2322 unde

497 2352 842 2413 communis
874 2356 967 2408 est
993 2350 1203 2421 gloria.
1228 2354 1308 2407 De
1328 2355 1535 2408 nostro
1554 2354 1717 2409 enim
1737 2352 1820 2409 illi
1845 2357 1933 2410 est
1957 2356 2157 2411 minor

498 2448 669 2504 Patre
695 2441 1082 2511 humanitas;
1129 2440 1206 2502 de
1244 2439 1415 2499 Patre
1457 2439 1541 2498 illi
1597 2446 1686 2499 est
1716 2442 1965 2516 aqualis
2016 2459 2157 2501 cum

498 2536 671 2612 Patre
698 2531 997 2592 divinitas.

2266 2369 2489 2442 ἑκατέρῳ
2527 2373 2696 2421 κοινόν
2728 2366 2841 2421 ίστι
2868 2370 2928 2420 τὸ
2970 2376 3067 2431 τῆς
3122 2367 3318 2443 ὕϐρεως
3341 2383 3355 2398 ·
3386 2371 3476 2420 καὶ
3505 2368 3694 2440 ἕτερον,
3727 2365 3781 2429 ἒξ
3805 2367 3876 2420 οὗ

2265 2462 2434 2512 κοινὸν
2464 2461 2523 2511 τὸ
2544 2466 2641 2520 τῆς
2670 2454 2831 2522 δόξης
2860 2459 3179 2516 καθέστηκεν
3196 2473 3208 2486 ·
3241 2456 3294 2521 ἐξ
3323 2458 3468 2529 ἡμῶν
3490 2459 3579 2530 μὶν
3599 2458 3701 2528 γάρ
3724 2454 3875 2512 ἔστιν

2269 2549 2410 2619 αὐτῷ
2442 2549 2472 2608 ἠ
2507 2546 2741 2601 ἐλάσσων
2771 2567 2863 2601 του
2896 2550 3102 2620 Πατρός
3144 2544 3509 2621 ἀνθρωπότης·
3545 2544 3646 2598 ἀπὸ
3676 2541 3738 2599 δὲ
3775 2565 3876 2601 του

2270 2641 2473 2712 Πατρός
2501 2637 2639 2691 ἐστιν
2666 2636 2807 2709 αὐτῷ
2835 2638 2862 2695 ἡ
2893 2638 3024 2711 μετά
3057 2643 3149 2690 τοῦ
3180 2640 3385 2709 Πατρός
3412 2639 3504 2694 ἴση
3539 2636 3743 2696 θεοτης.

501 2712 564 2774 S.
595 2712 909 2771 Anastasii
932 2711 1265 2783 capitulum
1293 2712 1610 2781 septimum
1640 2727 1716 2770 ex
1738 2712 2033 2770 sexdecim
2057 2711 2160 2769 ad-

976 2782 1182 2840 versus
1207 2782 1685 2855 Monophysitas.

2269 2819 2361 2874 Ἐκ
2388 2824 2489 2871 τῶν
2516 2812 2701 2898 δααέξ
2728 2814 3014 2898 κεφαλαίων
3042 2822 3142 2867 τῶν
3172 2816 3306 2867 κατὰ
3343 2821 3450 2898 ἕξιν
3495 2818 3866 2886 Μονοφυσιτῶν

581 2894 666 2949 14.
701 2891 814 2960 Qui
844 2889 1263 2965 philosophice
1287 2889 1382 2946 vel
1400 2890 1967 2965 potiusinsipienter
1995 2891 2160 2949 aiunt

2554 2908 2647 2942 τον
2679 2882 2829 2960 ἁγίου
2860 2886 3210 2940 Ἀναστασίου
3242 2889 3299 2939 τὸ
3338 2882 3582 2957 ἕϐδομον.

506 2998 751 3043 carnem
804 2981 1025 3037 factam
1075 2995 1209 3036 esse
1255 2978 1530 3035 divinam
1582 2985 2010 3054 aquatamque
2061 2980 2164 3038 Dei

506 3071 722 3141 Verbo,
780 3069 987 3128 dicant
1040 3067 1218 3124 nobis
1268 3070 1469 3123 utrum
1508 3068 1678 3125 haud
1725 3069 2165 3126 contrectabilis

506 3175 775 3236 quoque,
801 3155 1141 3225 invisibilis,
1188 3159 1245 3212 et
1291 3154 1811 3230 incircumscripta
1862 3163 1999 3232 post
2025 3174 2164 3215 con-
2195 3169 2238 3224 ο

502 3248 879 3327 junctionem
907 3261 1046 3301 cum
1077 3244 1180 3300 Dei
1203 3243 1398 3300 Verbo
1438 3260 1578 3301 caro
1608 3246 1882 3303 evaserit.
1916 3247 2089 3312 Quod
2118 3247 2167 3305 si

507 3338 594 3395 ita
617 3340 726 3407 est,
753 3333 1088 3391 incarnatio
1118 3332 1366 3406 quidem
1393 3332 1540 3390 nihil
1579 3333 1741 3390 aliud
1767 3335 1882 3391 nisi
1909 3335 2165 3409 phanta-

512 3428 603 3485 sia
631 3429 1059 3500 spectrumque
1087 3427 1195 3481 est.
1229 3421 1333 3479 Sin
1367 3439 1505 3480 vero
1542 3424 1654 3482 has
1696 3424 2015 3498 qualitates
2043 3440 2168 3482 non

509 3516 713 3584 habet,
740 3513 1055 3588 quomodo
1070 3515 1309 3587 aquata
1330 3517 1421 3571 est
1441 3513 1960 3587 incircumscripto
1988 3520 2168 3589 atque

2348 2994 2439 3055 ιὸν.
2479 2998 2545 3050 Οἱ
2575 2996 2882 3069 φιλοσόφως,
2923 2993 3113 3067 μᾶλλον
3155 2990 3215 3047 δε
3267 2991 3473 3067 ἀσόφως
3521 2990 3751 3064 λέγοντες
3793 2993 3877 3044 ὅτι

2275 3085 2540 3145 ἀπεθεώθη
2582 3090 2672 3138 καὶ
2722 3085 2887 3143 ἱσώθη
2928 3086 2959 3144 ἠ
3008 3083 3143 3158 σάρξ
3170 3090 3242 3153 τῷ
3279 3089 3413 3136 Θεου
3450 3086 3625 3154 Λόγῳ,
3658 3084 3878 3136 εῖπωσιν

2274 3179 2401 3250 ἡμῖν
2432 3175 2475 3230 εἰ
2505 3177 2608 3253 ἄρα
2636 3180 2729 3229 καὶ
2758 3173 3130 3247 ἀψληλάφητος
3168 3177 3256 3227 καὶ
3291 3175 3512 3247 ἀόρατος
3553 3177 3643 3224 καὶ
3669 3169 3883 3244 ἀπερίγ-

2274 3285 2464 3342 ραπ-τος
2488 3268 2621 3339 μετά
2654 3269 2750 3324 τὴν
2798 3266 2978 3318 ἕνωσιν
3017 3265 3048 3322 ἠ
3094 3262 3227 3338 σὰρξ
3263 3271 3335 3334 τῷ
3381 3269 3496 3334 Θεῷ
3524 3267 3692 3333 Λόγῳ.
3727 3260 3789 3314 Εἰ
3821 3256 3882 3317 δὲ

2274 3363 2450 3422 τοῦτο,
2507 3358 2766 3427 φαντασία
2816 3355 3021 3415 πάντως
3071 3357 3161 3405 καὶ
3223 3355 3450 3413 δόκησις
3491 3352 3521 3410 ἠ
3568 3350 3839 3423 οἰκονομία
3865 3368 3880 3383 ·

2276 3444 2321 3497 εἰ
2365 3442 2417 3498 δ’
2445 3444 2504 3497 οὐ
2533 3463 2701 3498 ταυτα
2739 3446 2895 3517 ἔσχεν
2923 3444 2955 3502 ἡ
3005 3441 3155 3515 σάρξ,
3201 3450 3310 3508 πῶς
3366 3440 3530 3501 ἰσώθη
3563 3448 3635 3512 τῲ
3666 3438 3882 3512 ἀπεριγυ

2275 3536 2453 3609 ράπτῳ
2483 3532 2595 3604 (16)
2616 3550 2630 3602 ;

508 3603 796 3665 invisibili
814 3604 843 3661 ?

512 3713 576 3771 ις.
611 3712 890 3784 Gregorii
913 3710 1269 3788 Nyssepiea
1287 3724 1559 3788 sermone
1586 3710 1670 3788 de.
1684 3709 2007 3788 divinitate
2024 3712 2160 3770 Ε’ίίίε

2276 3719 2381 3769 Τοῦ
2412 3710 2563 3785 ἀγίου
2596 3715 2887 3788 Γρηγορίου
2925 3716 3017 3788 τοῦ
3048 3712 3269 3788 Νύσσης
3308 3707 3369 3788 ἐκ
3393 3714 3484 3788 τοῦ
3520 3707 3675 3780 λόγου
3721 3705 3883 3788 αὐτοῦ

747 3731 887 3782 70722
913 3731 1170 3782 rvyssenz
1194 3731 1269 3768 ϐιίἴ
1287 3731 1559 3768 sermone
1586 3731 1661 3767 ae
1684 3731 2007 3769 awmuaze
2024 3731 2160 3770 run

747 3784 1059 3855 sanctique
1087 3783 1369 3853 Spiritus,
1401 3788 1458 3839 et
1487 3781 1559 3838 de
1586 3780 1955 3840 Abrahamo.

2278 3731 2381 3769 TOU
2412 3732 2563 3785 αγιου
2596 3731 2887 3839 ιῑηγοριου
2925 3731 3017 3762 του
3049 3731 3269 3773 nucem;
3308 3731 3364 3762 εκ
3393 3731 3484 3762 τον
3522 3731 3675 3780 Λογου
3721 3731 3883 3761 αυτου

2349 3792 2440 3838 τοῦ
2478 3789 2597 3909 uagi
2655 3790 2862 3849 εότητος
2890 3786 3014 3839 Υιοῦ
3043 3788 3134 3836 καὶ
3172 3787 3319 3855 αγίου
3346 3783 3643 3854 Πνεῦματος
3680 3784 3771 3833 καὶ
3809 3778 3888 3841 εἰς

2349 3861 2437 3911 τὸν
2468 3857 2525 3911 Ἀ
2563 3859 2709 3930 ραάμ
2729 3857 2866 3930 (17).

2349 3876 2437 3911 τον
2470 3876 2709 3932 λυρααμ
2729 3876 2776 3930 μ
2799 3876 2866 3929 ι).

589 3966 676 4022 15.
723 3966 869 4021 Cum
921 3962 1102 4035 igitur
1128 3960 1392 4017 Verbum
1441 3960 1603 4032 dicit,
1634 3976 1696 4019 se
1724 3978 1839 4018 non
1862 3978 2038 4033 posse
2071 3965 2160 4036 fa-

2356 3964 2432 4026 ιε’.
2461 3964 2623 4019 Ὅταν
2668 3966 2757 4019 οὗν
2805 3963 3156 4038 ἀποφαίνηται
3199 3963 3225 4014 6
3262 3960 3415 4034 λόγος
3452 3960 3535 4014 ὅτι
3572 3958 3630 4012 οὐ
3663 3955 3892 4012 δύναται

516 4071 667 4121 cere,
696 4052 1089 4128 perspicuum
1147 4054 1239 4107 est
1284 4065 1408 4107 non
1460 4050 1666 4107 deitati
1718 4052 2010 4123 unigeniti
2049 4052 2160 4109 Filii

2281 4062 2465 4125 ποιεῖν,
2499 4052 2657 4116 δῆλον
2677 4057 2758 4109 ὅτι
2788 4055 2916 4127 οὐχὶ
2953 4063 3015 4129 τῇ
3053 4056 3254 4112 θεότητι
3291 4059 3385 4105 τοῦ
3432 4057 3753 4122 Μονογενοῦς
3788 4054 3889 4108 τὴν

515 4143 935 4218 impotentiam
954 4139 1305 4206 attribuere;
1332 4137 1440 4196 sed
1461 4138 1932 4197 imbecillitatem
1955 4147 2160 4198 nostra

2285 4143 2581 4219 ἀδυναμίαν
2611 4147 2986 4219 προστίθησιν,
3017 4143 3142 4196 ἀλλά
3168 4151 3229 4218 τῇ
3263 4140 3501 4214 ἀσθενείᾳ
3521 4149 3612 4204 τῆς
3636 4141 3891 4215 ἡμετέρας

515 4237 750 4292 natura
802 4230 1197 4302 impotentem
1249 4242 1379 4283 esse
1412 4228 1631 4284 testari.
1692 4228 1936 4285 lnﬁrma
1974 4234 2160 4286 autem

2286 4239 2483 4308 φύσεως
2505 4241 2901 4311 προσμαρτυρεῖ
2922 4238 2979 4287 τό
3007 4230 3285 4289 ἀδύνατον.
3315 4231 3560 4295 Ἀσθενής
3586 4227 3644 4284 δὲ
3667 4232 3697 4288 ἡ
3729 4228 3887 4304 σὰρξ,

519 4336 662 4382 caro
686 4323 798 4384 est,
825 4316 1351 4391 quemadmodum
1401 4316 1689 4389 scriptum
1723 4321 1814 4372 est
1857 4336 1870 4373 :
1911 4318 2160 4388 Spiritu:

2284 4326 2459 4387 καθὼς
2488 4327 2799 4397 γέγραπται,
2829 4325 2910 4376 ὅτε
2934 4339 2947 4354 ⁸
2993 4326 3062 4377 Τὸ
3102 4326 3191 4396 μὲν
3217 4330 3419 4394 πνεῦμα
3446 4322 3731 4396 πρόθυμον,
3764 4320 3795 4377 ἠ
3827 4314 3892 4371 δε

520 4409 761 4485 quidem
791 4411 1107 4477 promptus
1128 4411 1234 4468 est.
1258 4420 1402 4462 caro
1432 4409 1629 4462 autem
1659 4406 1906 4475 inﬁrma
1927 4407 1995 4461 ’³.
2026 4409 2160 4477 Ergc

2288 4413 2422 4487 σὰρξ
2453 4412 2673 4475 ἀσθενής
2700 4430 2713 4443 ·
2747 4413 2931 4466 οῦκοῦν
2971 4409 3007 4465 δ
3012 4413 3047 4465 ι’
3073 4410 3371 4487 ἀμφοτέρων
3421 4409 3662 4469 ἀληθεύει
3707 4410 3736 4467 ἡ
3774 4410 3893 4461 θεία

519 4513 632 4573 per
660 4500 914 4569 utraque
941 4510 1151 4551 verum
1172 4493 1317 4551 dicit
1344 4492 1548 4551 divina
1578 4494 1903 4567 Scriptura,
1943 4494 2090 4550 dum
2122 4511 2160 4551 e'

2287 4506 2484 4575 Γραφή,
2527 4506 2616 4556 καὶ
2672 4505 2729 4555 τὸ
2768 4502 2947 4575 μεῖζον
2997 4501 3346 4575 ὁμολογοῦσα,
3400 4503 3491 4551 καὶ
3541 4501 3600 4551 τό
3653 4500 3767 4550 ’ίσον
3810 4501 3888 4570 μὴ

521 4589 823 4660 majorem
871 4586 1105 4643 Patrem
1153 4582 1487 4650 conﬁtetur,
1528 4586 1586 4640 et
1639 4582 1937 4657 aqualem
1968 4583 2160 4640 Filium

2288 4591 2616 4666 ἀρνουμένη*
2658 4592 2777 4645 ὅταν
2826 4593 2928 4665 γὰρ
2984 4594 3115 4666 πρὸς
3166 4593 3223 4643 τὸ
3287 4587 3604 4662 ἀνθρώπινον
3656 4588 3681 4639 6
3735 4584 3895 4658 λόγος

518 4690 650 4735 non
677 4677 891 4745 negat;
923 4688 1069 4731 nam
1115 4671 1223 4729 ubi
1275 4671 1530 4728 Verbum
1565 4672 1903 4730 humanam
1950 4677 2160 4747 specta

2289 4682 2479 4759 βλέπῃ,
2520 4681 2736 4755 μείζονα
2778 4680 3017 4754 ὁμολογεῖ
3052 4685 3146 4733 τοῦ
3177 4675 3269 4732 «ita
3296 4682 3486 4752 σαρκός
3510 4680 3767 4753 ὁρωμένου
3797 4680 3891 4729 τόν

522 4768 828 4833 naturam,
856 4777 998 4820 eum
1018 4762 1126 4835 qui
1154 4776 1280 4819 non
1303 4761 1583 4829 cernitur,
1612 4762 1909 4833 majorem
1938 4777 2010 4819 eo
2038 4761 2154 4819 dici

2287 4777 2359 4848 μὴ
2393 4774 2651 4849 ὁρώμενον
2676 4789 2689 4801 ’
2737 4773 2858 4824 ὅταν
2913 4766 2970 4823 δε
3023 4773 3149 4844 πρὸς
3183 4771 3241 4822 τὸ
3292 4770 3423 4821 θεῖον
3453 4773 3758 4843 χειραγωγῇ
3792 4770 3892 4824 τὴν

525 4868 661 4911 esse
688 4851 793 4926 qui
816 4866 925 4926 per
947 4865 1193 4909 carnem
1214 4848 1572 4907 cernebatur
1598 4867 1612 4905 :
1646 4850 1751 4906 sed
1784 4849 1888 4906 ubi
1915 4856 2160 4908 menten

2292 4863 2549 4933 διάνοιαν,
2577 4859 2726 4938 ἀργεῖ
2749 4867 2840 4914 τοῦ
2870 4863 3105 4934 μείζονος
3134 4862 3223 4911 καὶ
3264 4865 3353 4911 τοῦ
3380 4856 3637 4919 ἐλάττονος
3684 4858 3714 4915 ἠ
3758 4874 3895 4927 συγ-

526 4940 609 5001 ad
635 4941 1011 5000 divinitatem
1034 4939 1224 5010 ducit,
1243 4937 1460 5028 desinit
1481 4937 1612 4996 hac
1640 4939 1890 5011 majoris
1906 4944 1963 4997 et
1987 4939 2153 4997 mino

2289 4957 2499 5028 κριτική
2552 4952 2685 5011 αὕτη
2736 4950 3170 5026 ἀντιπαράθεσις·
3222 4953 3312 5001 καὶ
3360 4947 3475 5002 ἀντὶ
3501 4950 3689 5001 τοῦτου
3716 4946 3896 5008 ἑνότης

525 5033 609 5092 ris
660 5031 1067 5106 comparatio:
1123 5043 1357 5103 proque
1400 5027 1496 5084 his
1548 5028 1750 5086 unitas
1777 5028 2138 5102 praedicatur

2289 5027 2633 5118 κηρύττεται·
2670 5040 2801 5113 Ἐγώ
2836 5043 2926 5092 καὶ
2973 5040 2999 5090 6
3048 5042 3226 5112 Πατὴρ
3274 5039 3324 5092 ἓν
3363 5036 3533 5111 ἔσμεν.
3564 5039 3642 5090 Τά
3671 5032 3731 5090 δὲ
3757 5054 3896 5111 παρ-

524 5123 656 5196 Ego
686 5130 743 5183 et
782 5123 977 5181 Pater
1001 5135 1192 5177 unum
1219 5132 1444 5175 sumus.
1496 5121 1571 5177 At
1620 5134 1692 5176 ea
1727 5135 1867 5193 qua
1913 5136 2020 5194 per
2043 5120 2159 5177 ina

2292 5133 2589 5208 ηλλαγμίνα
2615 5132 2750 5185 κατὰ
2779 5132 2838 5185 τό
2858 5131 3057 5194 ἄνισον,
3089 5128 3138 5183 ᾖ
3168 5125 3300 5184 εἶναι
3323 5127 3382 5181 οῦ
3414 5124 3656 5185 δύναται.

526 5214 880 5289 qualitatem
897 5209 1156 5277 variant,
1186 5222 1383 5266 unum
1402 5222 1538 5267 esse
1560 5223 1686 5267 non
1709 5212 1986 5285 possunt.

597 5389 650 5427 ”
679 5387 879 5447 Matth.
906 5400 1061 5453 11m,
1093 5388 1185 5443 4t.

624 5565 886 5651 Ἒὲὶὲβίί·
923 5564 1268 5651 Nimiam
1294 5567 1338 5634 Ῑν
1368 5580 1430 5651 P:
1453 5569 1621 5651 δ2θε..
1677 5639 1692 5651 .
1970 5638 1990 5651 .
2037 5641 2050 5651 .
2287 5561 2925 5651 είὲἓῖιὲἮκὲνὲφῖἶίαέ
2949 5563 3199 5651 (ἱὲΡζίθῖ

624 5631 711 5711 t6)
727 5638 827 5699 His
850 5653 1011 5713 sape
1038 5631 1258 5701 similia
1282 5631 1426 5699 sunt
1459 5639 1525 5699 in
1549 5638 1799 5713 Hadego
1825 5638 1995 5713 apud
2021 5641 2178 5700 Ana-
2360 5636 2476 5711 (t7)
2504 5631 2655 5696 Edit.
2680 5633 2864 5707 Paris,
2893 5637 2936 5692 t.
2965 5631 3060 5705 III,
3092 5648 3151 5708 p.
3174 5631 3274 5692 £71
3309 5632 3372 5690 C.
