4148 6386
241 356 353 413 21⁸7

705 483 814 534 Τοῦ
852 477 1006 552 ἁγίου
1035 476 1418 552 Δῦγονστίνου.

335 594 424 662 ις’.
449 596 735 668 Ἐπίγνωθι
771 600 867 656 τὴν
892 592 1079 656 διττὴν
1117 597 1272 669 φύσιν
1313 600 1407 648 τοῦ
1443 598 1682 667 Χριστοῦ
1713 608 1728 624 ⁸
1767 596 1863 653 τὴν

265 686 404 740 Θείαν
435 682 503 745 δὴ
532 685 683 758 λέγω,
724 690 821 745 τὴν
857 687 982 745 ῖσην
1032 686 1382 761 ὑπάρχουσαν
1419 691 1493 755 τῷ
1524 686 1694 758 Πατρί
1725 704 1738 717 ο
1772 682 1863 736 καὶ

259 778 358 835 τήν
387 774 722 853 ἀνθρωπείαν,
753 775 819 839 ἧς
842 776 1035 848 μείζων
1062 773 1203 829 ἔστὶν
1241 776 1268 828 ὁ
1295 778 1475 849 Πατήρ
1506 772 1644 846 (18).

615 898 720 946 Τοῦ
758 898 1108 967 Δαμασκηνοῦ
1146 911 1259 965 κεφ.
1292 889 1334 967 ρ’
1365 890 1501 962 (19).

341 1008 423 1074 ιζ’.
478 1011 575 1065 Καὶ
624 1011 958 1083 σεσάρκωται
993 1013 1167 1063 τοίνυν
1208 1009 1236 1061 ό
1278 1011 1471 1080 Λόγος,
1525 1009 1616 1059 καὶ
1653 1012 1750 1068 τῆς
1787 1004 1861 1059 oio

258 1101 405 1159 κείας
450 1095 732 1160 ἆῡλότητος
769 1098 866 1152 οὐκ
916 1097 1160 1162 ἕξέστηκε
1212 1113 1228 1129 ’
1276 1101 1369 1150 καὶ
1421 1095 1530 1157 ὅλος
1585 1095 1859 1170 σεσάρκωη

252 1205 365 1256 ται,
440 1191 529 1241 καὶ
592 1186 711 1250 ὅλος
770 1185 914 1240 ἆστὶν
975 1185 1361 1261 ἀπερίγραπτος
1427 1205 1442 1221 ο
1521 1187 1861 1258 σμικρύνεται

248 1285 572 1348 σωματικῶς
610 1281 705 1332 καὶ
743 1276 1098 1345 συστέλλεται,
1150 1281 1240 1329 καὶ
1289 1278 1469 1337 eam;
1515 1273 1656 1328 ἐστιν
1730 1272 1860 1327 ἁπε-

247 1369 563 1440 ρίγραπτος.
622 1367 683 1419 οὐ
748 1370 1320 1440 συμπαρεκτεινομένης
1372 1373 1469 1427 τῆς
1527 1367 1721 1440 σαρκὸς
1764 1362 1860 1415 αὖ·

250 1461 347 1510 τοῦ
391 1461 457 1527 τῇ
513 1453 890 1531 ἀπεριγράπτῳ
942 1456 1103 1509 αὐτοῦ
1154 1457 1383 1514 θεότητι.
1420 1453 1572 1516 Ὀλος
1624 1456 1714 1526 μὲν
1772 1451 1859 1504 οὖν

251 1540 370 1596 ἔστι
405 1546 536 1606 Θεὸς
584 1544 798 1614 τέλειος,
838 1543 944 1618 οὐχ
991 1544 1104 1598 ὅλον
1149 1540 1209 1598 δὲ
1259 1547 1390 1607 Θεός
1419 1564 1433 1578 ο
1476 1542 1535 1596 οὐ
1572 1545 1675 1619 γὰρ
1705 1545 1859 1615 μόνον

248 1634 408 1700 Θεὸς,
437 1631 568 1686 ἀλλὰ
589 1637 680 1687 καὶ
704 1633 1010 1707 ἅνθρωπος·
1041 1638 1131 1686 καὶ
1164 1632 1280 1696 ὅλος
1313 1633 1506 1696 τέλειος
1529 1634 1799 1707 ἄνθρωπος
1841 1647 1854 1662 ·

246 1720 362 1793 οὐχ
394 1720 511 1774 ὅλον
538 1718 600 1777 δὲ
628 1723 903 1796 ἄνθρωπος
935 1743 949 1757 ’
981 1722 1042 1777 οὐ
1078 1726 1233 1797 μόνον
1269 1724 1373 1799 γὰρ
1398 1723 1692 1798 ἄνθρωπος,
1731 1718 1860 1774 ἀλλὰ

246 1813 345 1864 καὶ
375 1813 523 1873 Θεὸς.

254 2006 345 2063 Ἐκ
395 2014 491 2062 τοῦ
537 2013 747 2085 πρώτου
793 2008 1004 2084 βιϐλίου
1056 2017 1158 2064 τῶν
1203 2018 1500 2086 Θησαυρῶν
1550 2016 1643 2063 τοῦ
1709 2013 1857 2083 ἁγίου

442 2096 701 2174 Κυρίλλου
727 2096 784 2151 ἔκ
808 2107 901 2152 τοῦ
931 2095 1208 2153 ἑνδεκάτου
1246 2099 1524 2174 κεφαλαίου
1546 2100 1679 2172 (20).

326 2211 419 2272 ιη’.
458 2211 625 2266 Ὅταν
659 2213 783 2287 λέγῃ
836 2218 1066 2288 Χριστὸς
1104 2215 1290 2272 ἑαυτοῦ
1349 2218 1437 2269 τὸν
1490 2219 1698 2288 Πατέρα
1754 2219 1863 2288 μεί-

251 2304 401 2370 ζονα,
457 2305 609 2358 ἔσται
662 2304 817 2357 πάλιν
871 2312 934 2377 τῇ
995 2304 1356 2381 ἀνθρωπότητι
1392 2308 1597 2381 πρέπων
1636 2306 1663 2358 ό
1691 2305 1857 2378 λόγος,

251 2394 314 2448 οὐ
376 2400 471 2454 τῆς
528 2395 670 2457 θείας
769 2392 952 2456 οὐσίας
1039 2394 1200 2450 αὐτοῦ
1257 2401 1622 2470 κατηγόρημα,
1689 2398 1758 2456 ὡς
1811 2394 1861 2448 ἐν

255 2482 497 2539 ἕλάττοσι
556 2486 818 2557 κειμένης,
889 2484 921 2544 ἣ
1022 2487 1069 2540 ἐν
1165 2486 1244 2549 οἷς
1313 2486 1456 2539 ἐστιν
1517 2488 1543 2538 ὁ
1608 2489 1862 2558 γεννήσας

254 2572 433 2631 αὐτόν.
471 2576 571 2627 Καὶ
616 2572 772 2626 πάλιν
833 2579 1029 2648 προῖὼν
1067 2590 1081 2605 ·
1120 2573 1261 2636 "Iac;
1304 2576 1408 2649 ἄρα
1452 2582 1526 2645 τῷ
1566 2580 1736 2648 Πατρὶ
1773 2578 1863 2627 καὶ

253 2662 534 2735 ὁμοούσιος
582 2663 611 2714 ό
657 2663 794 2724 Υἱός.
839 2663 1192 2737 Οἰκονομικῶς
1230 2661 1290 2718 δὲ
1344 2664 1587 2738 εἰρῆσθαι
1622 2667 1863 2717 πιστεύο-

247 2772 345 2828 μεν
394 2750 480 2807 ἐπὶ
530 2759 624 2805 τοῦ
662 2755 867 2827 Πατρός
903 2756 962 2807 τὸ
1007 2754 1205 2826 μεῖζον.
1266 2751 1428 2807 Ὀταν
1466 2756 1568 2827 γὰρ
1607 2751 1861 2826 ἕνανθρω-

244 2847 431 2903 πήσας
459 2846 712 2915 φαίνεται,
741 2846 859 2896 τότε
883 2847 971 2896 καὶ
996 2847 1149 2896 τοῦτό
1180 2862 1339 2917 φησιν
1363 2846 1428 2905 ὡς
1462 2844 1753 2916 ἄνθρωπος.

386 2962 497 3010 Τοῦ
536 2955 693 3009 αὐτοῦ
720 2957 766 3010 ἂν
795 2953 1004 3030 ἑϐδόμῳ
1042 2965 1144 3011 τῶν
1166 2961 1296 3032 πρὸς
1321 2957 1560 3031 Ἑρμείαν
1585 2957 1744 3029 λόγῳ.

338 3071 426 3130 ιϐ’.
493 3074 872 3145 Ἀνθρωπότητι
936 3076 1039 3149 γὰρ
1102 3074 1221 3129 καθ’
1283 3075 1463 3128 ἕνωσιν
1529 3074 1860 3147 οἰκονομικὴν

257 3160 573 3238 ἁπορῥήτως
624 3167 993 3237 συνενηγμένος
1038 3165 1064 3216 ό
1111 3163 1168 3216 ἐκ
1234 3171 1367 3217 θεοῦ
1435 3167 1604 3236 Λόγος
1667 3170 1860 3216 νοεῖται
1891 3186 1933 3245 ο

250 3255 491 3327 Χριστός
535 3265 551 3281 ⁸
640 3249 875 3325 ἀνωτέρω
950 3255 1038 3325 μὲν
1096 3250 1514 3326 ἆνθρωπότητος,
1578 3255 1643 3314 ὡς
1709 3255 1861 3325 φύσει

254 3343 383 3402 Θεὸς
434 3345 528 3393 καὶ
592 3342 714 3402 Υἱός
753 3361 768 3376 ’
822 3341 1083 3414 ὑφιζάνων
1124 3338 1185 3395 δέ
1230 3361 1283 3394 τι
1312 3340 1495 3417 βραχὺ
1532 3349 1624 3395 τοῦ
1650 3341 1697 3394 ἐν
1729 3338 1857 3419 δόξῃ

261 3431 590 3503 θεοπρεποῦς,
678 3431 749 3491 ὡς
832 3431 1122 3503 ἄνθρωπος,
1207 3433 1490 3505 Τοιγάρτοι
1570 3434 1694 3484 ποτέ
1773 3434 1862 3503 μὲν

256 3520 473 3590 ἔφασκεν
523 3535 538 3548 ·
584 3517 647 3571 Ὀ
693 3518 936 3592 ἑωρακὼς
985 3518 1070 3593 ἑμὶ
1117 3519 1308 3594 ἑώρακε
1342 3523 1429 3572 τόν
1478 3523 1703 3594 Πατέρα.
1738 3523 1859 3588 Καὶ,

254 3607 391 3680 Ἐγώ
458 3612 550 3661 καὶ
604 3620 631 3661 ο
689 3613 871 3681 Πατὴρ
921 3609 970 3665 ἓν
1022 3607 1195 3682 ἐσμεν.
1227 3612 1359 3662 ﬂori:
1391 3604 1450 3662 δε
1497 3608 1564 3662 αὖ
1600 3608 1774 3676 πάλιν,
1804 3607 1864 3662 Ὀ

257 3704 439 3774 Πατήρ
481 3719 584 3773 μου
610 3699 801 3773 μείζων
827 3712 927 3772 μου
950 3699 1113 3758 ἐστιν.

262 3820 365 3869 Τοῦ
393 3818 542 3888 ἁγίου
571 3821 866 3891 Γρηγορίου
899 3822 988 3868 τοῦ
1019 3815 1278 3892 Θεολόγου
1309 3814 1365 3869 ἐκ
1393 3823 1484 3869 τοῦ
1522 3820 1733 3892 πρώτου
1771 3822 1864 3868 τοῦ

759 3893 878 3963 περὶ
903 3890 1026 3941 Υὶοῦ
1052 3888 1206 3961 λόγου
1230 3889 1362 3959 (21).

336 4001 403 4057 κ’.
467 4006 535 4056 Σὺ
594 3999 659 4056 δέ
701 4021 794 4076 μοι
843 4005 1162 4078 καταρίθμει
1224 4006 1354 4079 πρὸς
1399 4004 1569 4057 ταῦτὰ
1632 4004 1699 4056 τὰ
1769 4010 1866 4064 τῆς

262 4089 633 4166 ἀγνωμοσύνης
673 4093 889 4167 ῥήματα
922 4113 935 4127 ο
986 4096 1066 4157 τό,
1101 4096 1228 4147 Θεόν
1258 4113 1358 4166 μου
1390 4098 1479 4146 καὶ
1516 4095 1644 4153 Θεὸς
1671 4093 1814 4164 ὑμῶν
1847 4113 1860 4127 ο

253 4185 334 4250 τό,
366 4183 566 4256 μείζων
593 4197 608 4212 ’
650 4185 730 4248 τὸ,
771 4184 945 4236 ἔκτισε
990 4197 1005 4214 ⁸
1036 4186 1117 4251 τὸ,
1143 4184 1358 4255 ἡγίασε.
1391 4186 1490 4235 Καὶ
1514 4183 1626 4255 μετ’
1659 4181 1809 4254 ὀλίγα
1848 4199 1860 4214 ⁸

250 4274 465 4326 Τούτων
516 4273 618 4347 γὰρ
673 4272 890 4325 ἕκαστον
950 4271 1009 4324 οὗ
1074 4271 1307 4347 χαλεπόν
1363 4277 1453 4325 καὶ
1514 4274 1650 4324 κατὰ
1712 4276 1867 4347 μέρος

254 4360 527 4425 ἐπεξιόντα
582 4361 886 4433 ἐξηγεῖσθαί
934 4381 1014 4417 τοι
1067 4365 1201 4435 πρὸς
1263 4366 1322 4415 τό
1369 4361 1737 4415 εὐσεϐέστατον
1776 4366 1866 4414 καὶ

252 4450 630 4523 ἀνακαθαίρειν
676 4451 732 4502 τό
782 4448 831 4503 ἐν
862 4457 971 4511 τοῖς
1012 4452 1292 4526 γράμμασι
1337 4470 1658 4529 πρόσκομμα
1689 4471 1702 4484 ·
1738 4453 1867 4521 εἴγε

1578 345 1943 417 THESAURI
1971 348 2102 410 LIB.
2133 350 2293 413 XXV.

1892 474 1948 536 Α

3522 354 3630 415 218

2579 478 2645 536 S.
2695 477 3025 551 Augustini

2046 595 2134 652 16.
2166 595 2440 666 Agnosce
2472 595 2776 667 geminam
2807 594 3209 651 substantiam
3239 593 3449 652 Christi
3482 613 3496 665 ;
3538 594 3628 652 di-

1969 685 2178 741 vinam
2219 684 2458 751 scilicet,
2491 700 2614 757 qua
2641 684 2893 758 aequalis
2925 688 3014 740 est
3040 683 3197 741 Patri
3223 699 3236 751 ;
3264 683 3622 753 humanam,

1970 788 2095 847 qua
2124 776 2317 848 major
2345 780 2434 831 est
2456 777 2646 833 Pater.

2208 892 2571 949 Damasceni
2596 892 2931 962 capitulum
2968 891 3374 949 centesimum.

2044 1010 2107 1063 17
2121 1050 2135 1064 .
2156 1008 2222 1063 Et
2240 1022 2381 1064 caro
2400 1007 2579 1078 igitur
2597 1007 2865 1065 Verbum
2886 1007 3113 1064 factum
3133 1010 3245 1073 est,
3260 1010 3315 1062 et
3338 1009 3621 1062 naturam

1971 1110 2147 1151 suam
2173 1096 2426 1152 materia
2453 1103 2759 1169 expertem
2784 1111 2910 1152 non
2939 1093 3160 1152 amisit.
3192 1098 3404 1152 Totum
3434 1094 3624 1151 incar-

1966 1189 2180 1241 natum
2204 1190 2366 1242 estet
2384 1191 2576 1242 totum
2605 1191 2696 1242 est
2713 1185 3328 1258 incircumscriptum.
3345 1183 3624 1240 Minuitur

1969 1273 2356 1345 corporaliter
2379 1278 2437 1329 et
2453 1273 2843 1344 contrahitur,
2871 1272 3157 1329 divinitus
3187 1278 3387 1330 autem
3419 1274 3626 1329 manet

1967 1362 2271 1420 inﬁnitum
2318 1380 2331 1420 :
2373 1379 2570 1437 neque
2617 1378 2760 1420 vero
2801 1364 2932 1434 ejus
2985 1379 3127 1419 caro
3177 1362 3515 1419 extenditur
3545 1362 3626 1419 ad

1967 1452 2242 1523 ejusdem
2291 1453 2620 1510 divinitatis
2669 1452 3046 1509 inﬁnitatem.
3093 1454 3272 1508 Totus
3309 1452 3491 1522 igitur
3537 1455 3626 1508 est

1967 1543 2124 1597 Deus
2154 1541 2450 1615 perfectus
2478 1558 2492 1609 ;
2522 1557 2721 1615 neque
2747 1547 2947 1598 tamen
2982 1541 3113 1611 ejus
3140 1540 3499 1596 universitas
3537 1543 3626 1598 est

1968 1632 2164 1697 Deus;
2208 1645 2332 1686 non
2375 1632 2537 1687 enim
2591 1629 3015 1687 tantummodo
3052 1635 3141 1686 est
3180 1632 3357 1694 Deus,
3410 1642 3619 1684 verum

1969 1720 2149 1777 etiam
2179 1721 2390 1777 homo.
2444 1723 2624 1777 Totus
2668 1720 2964 1793 perfectus
2993 1725 3083 1775 est
3118 1720 3303 1776 homo
3340 1734 3354 1785 ;
3385 1733 3508 1775 non
3538 1722 3623 1775 ta-

1969 1826 2106 1867 men
2130 1811 2261 1881 ejus
2290 1810 2653 1867 nniversitas
2691 1815 2781 1866 est
2805 1808 2991 1865 homo
3023 1825 3036 1864 :
3070 1823 3268 1881 neque
3301 1808 3459 1865 enim
3491 1812 3623 1865 tan-

1967 1901 2286 1959 tummodo
2310 1905 2403 1957 est
2428 1900 2636 1967 homo,
2667 1915 2878 1956 verum
2903 1899 3084 1956 etiam
3112 1901 3289 1954 Deus.

1966 2018 2068 2076 Ex
2091 2018 2287 2089 primo
2316 2017 2470 2076 libro
2514 2018 2951 2075 Thesaurorum
2979 2017 3038 2071 S.
3073 2014 3306 2088 Cyrilli,
3340 2027 3475 2085 cap.
3525 2012 3620 2071 ΧῙ.

2045 2210 2129 2263 18.
2163 2206 2309 2263 Cum
2332 2205 2594 2262 Christus
2623 2205 2784 2272 dicit,
2811 2207 3041 2261 Patrem
3064 2203 3357 2274 majorem
3381 2217 3446 2257 se
3470 2215 3622 2270 esse,

1970 2311 2170 2353 sermo
2200 2296 2298 2351 hic
2334 2295 2693 2351 humanitati
2731 2293 2888 2350 illius
2915 2292 3212 2359 convenit,
3250 2307 3374 2347 non
3424 2294 3628 2347 autem

1972 2384 2245 2443 divinam
2285 2384 2563 2456 ejusdem
2603 2383 2931 2441 essentiam
2960 2382 3142 2449 laedit,
3176 2380 3356 2455 quasi
3386 2379 3632 2436 inferior

1973 2475 2050 2531 sit
2078 2474 2335 2530 Genitori
2367 2490 2494 2529 suo.
2530 2473 2779 2530 Etinfra
2827 2489 2840 2528 :
2891 2471 3159 2544 Equalis
3215 2469 3397 2540 igitur
3437 2473 3530 2525 est
3575 2473 3633 2525 et

1972 2563 2503 2623 consubstantialis
2560 2562 2718 2619 Patri
2763 2561 2961 2619 Filius.
3010 2558 3443 2616 Incarnationis
3486 2573 3629 2615 vero

1972 2669 2157 2710 causa
2185 2652 2487 2709 credimus
2514 2654 2747 2708 Patrem
2768 2652 3067 2721 majorem
3088 2666 3125 2706 a
3146 2648 3292 2705 Filio
3321 2653 3626 2705 vacatum.

1971 2745 2121 2800 Cum
2147 2741 2305 2797 enim
2345 2739 2783 2797 humanitatem
2826 2738 3156 2811 assumpsit
3187 2742 3315 2794 tum
3344 2734 3526 2793 etiam
3567 2739 3631 2793 ut

1969 2831 2156 2888 homo
2179 2830 2294 2887 hoc
2316 2828 2483 2887 dixit.

2042 2947 2328 3018 Ejusdem
2358 2948 2421 3003 in
2460 2948 2704 3016 septimo
2739 2958 3080 3003 sermonum
3109 2943 3192 3000 ad
3217 2942 3549 3000 Hermiam.

2043 3070 2128 3121 Η).
2162 3064 2522 3121 Humanitati
2552 3079 2659 3137 per
2682 3079 2907 3120 nexum
2938 3060 3386 3135 hypostaticum
3417 3058 3626 3115 ineffa-

1969 3154 2164 3210 biliter
2193 3155 2581 3225 conjunctum
2638 3153 2737 3209 Dei
2774 3152 3057 3217 Verbum,
3105 3148 3372 3207 Christus
3415 3147 3628 3204 intelli~

1972 3245 2168 3315 gitur:
2230 3246 2504 3317 superior
2541 3243 2788 3315 quidem
2833 3240 3231 3307 humanitate,
3280 3244 3487 3311 utpote
3525 3253 3629 3294 na-»

1971 3340 2103 3392 tura
2139 3336 2292 3390 Deus
2323 3341 2381 3389 et
2411 3334 2586 3412 Filius
2617 3349 2630 3389 :
2664 3334 3000 3388 minoratus
3023 3335 3226 3387 autem
3249 3329 3630 3402 aliquantum

1971 3423 2127 3479 infra
2158 3423 2411 3493 gloriam
2456 3426 2574 3478 Deo
2626 3423 2897 3491 dignam,
2929 3425 3134 3494 utpote
3175 3421 3380 3475 homo.
3415 3420 3635 3487 Quam-

1972 3512 2184 3568 obrem
2215 3513 2399 3568 modo
2429 3511 2576 3567 dixit
2609 3528 2622 3566 :
2665 3512 2779 3578 Qui
2814 3511 2966 3568 vidit
3016 3524 3127 3579 me,
3168 3509 3320 3565 vidit
3357 3507 3627 3562 Patrem.

1975 3606 2118 3658 Item
2152 3618 2166 3657 :
2198 3603 2326 3672 Ego
2365 3608 2419 3658 et
2464 3603 2660 3660 Pater
2694 3617 2882 3657 unum
2913 3615 3139 3657 sumus.
3171 3598 3344 3656 Modo
3376 3602 3578 3654 autem
3611 3611 3624 3654 :

1971 3693 2159 3749 Pater
2186 3706 2350 3748 meus
2368 3694 2568 3761 major
2605 3706 2694 3748 me
2720 3696 2824 3748 est.

1971 3807 2036 3866 δ’.
2073 3808 2344 3879 Gregorii
2397 3807 2676 3878 Theologi
2706 3823 2782 3864 ea:
2810 3820 3080 3864 sermone
3111 3805 3313 3875 primo
3343 3804 3418 3860 de
3448 3803 3623 3861 Filio.

2042 4002 2133 4055 20.
2159 4001 2239 4057 Tu
2271 4013 2410 4054 vero
2449 3996 2596 4053 mihi
2625 3995 2758 4052 illas
2785 3993 3136 4052 vecordium
3179 3990 3499 4048 hominum
3526 4003 3630 4046 vo-

1975 4104 2073 4146 ces
2103 4104 2393 4145 enumera
2423 4104 2437 4143 :
2471 4090 2617 4144 Deus
2647 4100 2810 4143 meus
2851 4089 2908 4142 et
2964 4085 3120 4139 Deus
3157 4086 3374 4148 vester,
3423 4083 3480 4136 et
3506 4093 3628 4136 ma-

1965 4182 2091 4251 jor,
2139 4183 2195 4235 et
2234 4178 2483 4247 creavit,
2523 4182 2579 4233 et
2619 4174 3042 4243 sanctiﬁcavit.
3099 4174 3167 4229 Et
3213 4169 3399 4244 paulo
3430 4168 3625 4224 infra:

1977 4269 2114 4324 Hmc
2159 4267 2321 4324 enim
2370 4264 2607 4336 singula
2665 4262 2968 4333 sigillatim
3046 4259 3349 4335 persequi,
3409 4259 3630 4332 pioque

1977 4374 2155 4413 sensu
2195 4356 2515 4428 explicare,
2548 4353 2794 4410 minime
2824 4350 3064 4407 difﬁcile
3090 4356 3175 4406 est
3202 4370 3216 4417 ;
3239 4355 3420 4421 atque
3450 4345 3631 4403 offen-

1977 4446 2245 4503 diculum
2275 4443 2444 4514 illud,
2487 4444 2651 4516 quod
2682 4441 2741 4497 in
2764 4440 2969 4496 litteris
2997 4437 3248 4508 exsistit,
3287 4448 3629 4502 removere;

254 4544 612 4618 προσπταίεις
655 4543 833 4607 ὤτως,
876 4536 1004 4592 ἀλλὰ
1033 4546 1104 4612 μὴ
1158 4540 1283 4592 ἑκὼν
1313 4547 1642 4614 κακουργεῖς.
1670 4539 1775 4591 Ἐνὶ
1808 4535 1863 4591 δὲ

1982 4536 2024 4592 si
2052 4534 2235 4591 modo
2265 4548 2403 4587 vero
2437 4530 2713 4601 offendis,
2755 4532 2811 4585 et
2844 4543 2967 4583 non
2994 4527 3195 4600 potius
3222 4524 3297 4580 de
3335 4520 3633 4579 industria

258 4629 521 4703 κεφαλαίῳ
545 4630 613 4680 τὰ
649 4630 738 4700 μὲν
763 4627 1060 4702 ὑψηλότερα
1086 4632 1322 4704 πρόσαγε
1360 4636 1421 4701 τῇ
1454 4630 1657 4687 θεότητι
1677 4633 1768 4681 καὶ
1797 4636 1858 4701 τῇ

256 4722 514 4792 κρείττονι
537 4720 691 4792 φύσει
713 4720 892 4771 παθῶν
918 4723 1007 4771 καὶ
1043 4724 1301 4792 σώματος,
1335 4720 1402 4771 τὰ
1423 4714 1457 4771 δ
1460 4722 1481 4771 ξ
1509 4723 1863 4793 ταπεινότερα,

249 4816 329 4883 τῷ
362 4809 598 4882 συνθέτῳ
649 4826 739 4863 και
775 4815 849 4881 τῷ
899 4805 992 4865 διὰ
1033 4811 1089 4863 σε
1114 4809 1381 4863 κενωθέντι
1406 4812 1495 4862 καὶ
1526 4810 1864 4885 σαρχωθέντι.

619 5111 722 5166 Τοῦ
752 5108 914 5162 αὐτοῦ
944 5106 1000 5162 ἐκ
1028 5115 1121 5163 τοῦ
1152 5108 1314 5162 αὐτοῦ
1332 5107 1508 5181 λόγου.

321 5225 431 5284 κοί.
481 5229 571 5288 Τίς
607 5220 695 5280 οὖν
753 5223 952 5299 ἀντερεῖ
1008 5223 1161 5298 λόγος
1222 5229 1426 5299 κτίσμα
1471 5226 1561 5298 μὲν
1610 5224 1870 5297 λέγεσθαι

327 5479 447 5553 (18)
474 5476 797 5553 Yestiganti
848 5476 997 5535 mihi
1042 5475 1429 5553 occurritAhic
1460 5476 1647 5553 _locus
1704 5477 1871 5551 apud

250 5547 437 5624 Aug.'
471 5549 535 5608 in
563 5547 735 5609 Joan.
782 5554 953 5615 tract,
1007 5564 1246 5619 Lxxvm,
1296 5549 1352 5607 3.
1388 5547 1476 5606 lbi
1523 5547 1874 5607 tamen'est

251 5636 815 5699 agnoscamusnon
845 5635 1119 5699 agnosce.

326 5695 451 5770 (t9)
486 5697 551 5754 In
578 5694 848 5755 editione
886 5690 1214 5771 Lequienii,
1247 5692 1331 5752 De
1345 5691 1625 5765 ﬁd.orth.
1655 5690 1760 5759 lib,
1789 5707 1869 5773 in,

1976 4638 2213 4696 peccas.
2260 4622 2329 4676 Ut
2375 4624 2578 4675 autem
2630 4616 2981 4672 summatim
3024 4613 3248 4680 dicam,
3287 4616 3354 4668 tu
3383 4608 3630 4683 quidem

1979 4709 2331 4767 sublimiora
2354 4707 2515 4764 dicta
2542 4705 2854 4775 divinitati,
2885 4701 3392 4777 passionibusque
3420 4703 3479 4756 et
3505 4711 3632 4754 cor-

1976 4816 2121 4876 pore
2152 4798 2377 4871 experti
2418 4802 2670 4863 naturaa,
2717 4794 2974 4852 attribue
3007 4810 3022 4862 ;
3075 4791 3397 4849 humiliora
3427 4792 3629 4845 autem

1977 4888 2317 4962 composito
2343 4885 2577 4942 homini
2599 4885 2803 4958 tuique
2828 4898 3016 4940 causa
3035 4879 3338 4939 exinanito
3358 4881 3416 4935 et
3433 4877 3629 4933 incar-

1977 4983 2139 5036 nato.

2332 5101 2620 5173 Ejusdem
2662 5114 2737 5157 ea:
2761 5098 2957 5156 eodem
2987 5107 3277 5153 sermone.

2049 5224 2109 5277 2t
2126 5220 2435 5288 .Quaenam
2461 5232 2606 5291 ergo
2631 5215 2783 5273 ratio
2807 5216 2989 5284 vetat,
3037 5208 3368 5285 quominus
3407 5210 3639 5267 creatu-

1980 5492 2114 5550 cap.
2148 5482 2201 5543 7,
2234 5479 2272 5534 t.
2308 5479 2351 5546 ῐ,
2382 5491 2441 5549 p.
2475 5479 2601 5532 215.

2053 5551 2167 5628 eo.)
2194 5547 2348 5628 sa;-
2366 5548 2462 5628 ςίί-
2489 5551 2527 5601 ιο
2547 5548 2626 5628 ,νν
2656 5545 2813 5628 Ρεενιο
2838 5556 2880 5615 ι»
2901 5556 2964 5628 p-
3104 5543 3276 5628 βμετ
3302 5553 3365 5613 ρο
3397 5540 3467 5597 86
3498 5538 3561 5598 B-

2077 5615 2168 5694 21)
2194 5620 2344 5678 Edit.
2375 5617 2627 5709 hiantia,
2652 5615 2693 5675 ἱ.
2720 5620 2766 5688 l,
2798 5615 2948 5674 orat.
2984 5618 3075 5697 39,
3102 5615 3131 5682 §
3162 5616 3248 5689 18,
