4148 6384
524 355 631 410 219

1841 349 2110 406 ΝῐϐΕΤᾸζ
2141 347 2562 408 ΟΗΟΝῙΤΑΤΔΕ

3777 356 3900 410 220

527 492 660 533 ram
709 476 1075 549 Sapientiam
1117 475 1393 532 dicamus
1443 475 1780 532 secundum
1837 480 2173 532 terrestrem

2296 480 2374 534 τὴν
2431 481 2621 548 Σοφίαν
2676 478 2809 528 κατὰ
2866 479 2962 534 τὴν
3019 479 3161 528 κάτω
3216 481 3478 548 γέννησιν,
3536 481 3763 549 γέννημα
3829 475 3897 529 δὲ

528 564 903 620 nativitatem
953 583 968 631 ;
1020 564 1229 621 Filium
1277 568 1478 620 autem
1533 565 1870 621 secundum
1916 564 2177 637 primam

528 653 846 725 magisque
875 653 1546 726 incomprehensibilem
1567 651 1593 705 ‘?

525 741 592 798 S.
617 742 868 812 Joannis
913 743 1268 797 Damasceni
1319 742 1400 797 ad
1450 757 1542 796 eos
1596 743 1703 812 qui
1754 748 1996 812 rogant,
2026 746 2181 800 sitne

764 811 995 869 Christi
1017 827 1269 882 persona
1299 819 1521 881 creata,
1543 811 1622 869 an
1653 818 1943 870 increata.

598 992 688 1044 22.
722 989 824 1045 Dei
848 989 1028 1046 Verbi
1057 1005 1336 1062 persona,
1365 996 1501 1048 ante
1529 1008 1773 1049 carnem
1803 997 2181 1066 assumptam

532 1076 788 1148 simplex
831 1083 977 1147 erat,
1025 1095 1135 1135 nec
1175 1082 1532 1152 composita.
1573 1098 1824 1155 corpore
1854 1099 2086 1155 expers,
2127 1088 2184 1138 et

530 1163 813 1222 increata.
855 1169 938 1222 Ex
977 1183 1100 1238 quo
1143 1173 1344 1224 autem
1393 1186 1635 1226 carnem
1679 1172 1961 1243 suscepit,
2015 1170 2183 1226 carni

531 1268 777 1326 quoque
806 1270 1065 1326 persona
1094 1257 1250 1314 facta
1269 1264 1379 1328 est,
1407 1261 1861 1333 compositaque
1891 1262 2081 1316 evasit
2109 1277 2184 1316 ex

532 1341 862 1412 divinitate,
891 1361 1080 1416 quam
1101 1363 1416 1419 nunquam
1443 1365 1564 1404 non
1587 1349 1891 1418 habuit,et
1907 1366 1979 1406 ex
2001 1365 2182 1405 carne

531 1447 720 1503 quam
763 1436 1096 1508 assumpsit
1131 1455 1142 1492 :
1178 1437 1447 1509 geritque
1477 1438 1630 1494 adeo
1660 1439 1916 1511 duplicis
1952 1446 2182 1494 naturae

530 1522 948 1593 proprietates,
985 1530 1186 1596 utpote
1216 1543 1350 1598 quae
1381 1528 1439 1582 in
1471 1527 1712 1583 duabus
1737 1528 1966 1584 naturis
1987 1528 2183 1583 nosci-

529 1613 643 1665 tur.
678 1611 807 1676 Quo
836 1611 902 1667 ﬁt
930 1617 994 1668 ut
1025 1629 1145 1670 una
1175 1615 1509 1687 eademque
1539 1632 1798 1688 persona
1828 1623 1883 1671 et
1909 1617 2182 1672 divinita-

530 1699 607 1754 tis
637 1701 867 1756 ratione
890 1702 1156 1759 increata
1186 1704 1278 1772 sit,
1319 1711 1376 1760 et
1405 1711 1605 1761 creata
1643 1707 1875 1762 ratione
1901 1707 2183 1762 humani-

2286 567 2422 616 κατὰ
2450 570 2544 624 τὴν
2573 572 2783 640 πρώτην
2821 571 2911 619 xui
2949 566 3097 619 πλέον
3122 566 3352 625 (ﬂant-av
3379 584 3392 633 ;

2286 750 2389 796 Τοῦ
2421 743 2572 814 ἁγίου
2605 745 2840 798 Ἰωάννου
2870 754 2961 798 τοῦ
3005 751 3352 817 Δαμασκηνοῦ
3400 749 3528 818 πρός
3564 748 3683 805 τοὺς
3719 745 3902 815 λέγον-

2359 835 2470 878 τας,
2497 818 2525 873 η
2557 819 2849 890 ὑπόστασις
2886 825 2976 869 τοῦ
3008 824 3242 890 Χριστοῦ
3274 823 3485 888 κτιστὴ,
3516 819 3545 876 ἡ
3581 818 3835 877 οἴκτιστος
3878 829 3897 844 ⁸

2363 893 2484 958 Κεφ.
2508 887 2620 960 px:
2658 889 2796 956 (22).

2359 992 2466 1066 κβζ
2508 995 2566 1046 Ἠ
2607 997 2897 1056 ὑπόστασις
2943 1004 3036 1047 τοῦ
3085 1004 3220 1049 Θεοῦ
3272 1001 3446 1067 Λόγου
3484 999 3613 1069 πρὸς
3642 1000 3734 1056 τὴς
3763 1014 3905 1069 σαρ-

2289 1089 2493 1142 κώσεως
2548 1083 2682 1142 ἁπλῆ
2735 1081 2796 1156 ᾖν
2842 1089 2930 1136 καὶ
2983 1084 3258 1146 ἁσύνθετος
3305 1091 3396 1137 xui
3453 1084 3731 1156 ἀσώματος
3798 1089 3903 1136 καὶ

2291 1172 2551 1232 οἴκτιστος.
2604 1176 2938 1244 Σαρκωθείσα
2991 1171 3050 1226 δὲ
3097 1175 3228 1231 αὕτη
3267 1180 3444 1245 γέγονε
3472 1179 3562 1226 καὶ
3618 1182 3679 1245 τῇ
3732 1179 3905 1248 σαρκὶ

2699 1267 2788 1313 καὶ
2852 1266 3028 1334 γέγονε
3086 1264 3326 1324 σύνθετος
3380 1262 3432 1314 ἐκ
3497 1265 3757 1326 θεότητος,
3835 1263 3907 1322 ἧς

2291 1347 2430 1421 εἶχεν
2486 1349 2584 1419 ἀεὶ,
2637 1357 2727 1402 καὶ
2768 1349 2820 1414 ἐξ
2871 1353 2934 1412 ἧς
2990 1352 3304 1424 προσείληφε
3349 1356 3543 1424 σαρκός
3572 1365 3586 1380 ⁸
3621 1356 3712 1403 καὶ
3753 1355 3909 1424 φέρει

2290 1263 2582 1323 ὑπόστασις
2631 1278 2644 1291 ⁸

2289 1448 2388 1490 τῶν
2446 1436 2544 1492 δύο
2593 1443 2792 1512 φύσεων
2847 1443 2912 1492 τὰ
2957 1437 3239 1513 ἰδιώματα,
3284 1439 3330 1492 ἐν
3371 1438 3501 1492 δυσὶ
3538 1439 3905 1511 γνωριζομένη

2290 1537 2404 1589 ταῖς
2442 1533 2682 1601 φύσεσιν.
2734 1529 2895 1581 Ὥστε
2958 1534 3048 1582 καὶ
3085 1531 3217 1587 αὑτὴ
3265 1535 3361 1601 μία
3398 1531 3714 1593 ὑπόστασις,
3747 1529 3910 1580 οἰκτι-

2295 1623 2415 1679 στός
2456 1623 2509 1670 τι
2556 1618 2667 1670 ἐστι
2826 1622 3051 1680 θεότητι,
3078 1624 3167 1671 καὶ
3197 1623 3384 1676 κτιστὴ
3414 1627 3476 1690 τῇ
3507 1617 3904 1692 ἀνθρωπότητι,

2292 1709 2450 1779 ὁρατή
2486 1727 2539 1760 τε
2563 1713 2652 1760 καὶ
2675 1708 2914 1781 ἀόρατος.
2948 1709 3088 1761 Ἐπεῖ
3117 1708 3519 1780 ἀναγκαζόμεθα
3549 1705 3770 1778 διαιρεῖν
3805 1709 3907 1758 τόν

531 1788 706 1854 tatis;
735 1789 986 1846 visibilis
1018 1792 1197 1847 simul
1229 1799 1284 1848 et
1323 1793 1664 1852 invisibilis.
1695 1798 1845 1851 Nam
1873 1794 2098 1867 alioqui
2121 1795 2180 1850 in

2296 1799 2375 1848 ἕνα
2406 1802 2654 1872 Χριστόν,
2713 1795 2809 1850 δύο
2838 1801 2933 1859 τὰς
2970 1799 3290 1858 ὑποστάσεις
3325 1797 3575 1868 λέγοντες,
3605 1798 3633 1855 ἡ
3666 1801 3762 1853 τήν
3790 1804 3908 1846 τῶν

531 1891 635 1932 eas
673 1877 981 1948 angustias
1006 1880 1402 1950 adducemur,
1435 1888 1499 1938 ut
1527 1883 1621 1938 vel
1650 1900 1842 1940 unum
1874 1883 2184 1940 eumdem-

531 1980 650 2037 que
703 1966 999 2022 Christum
1043 1969 1407 2038 dividamus,
1463 1973 1619 2029 duas
1670 1989 1964 2044 personas
2019 1989 2180 2028 asse-

530 2054 759 2124 rendo;
790 2055 886 2112 vel
936 2063 1288 2116 naturarum
1331 2062 1775 2118 distinctionem
1819 2064 2177 2130 inﬁciantes,

534 2145 984 2202 conversionem
1015 2153 1117 2204 aut
1141 2150 1560 2208 confusionem
1592 2153 1973 2210 inducamus.

531 2232 820 2304 Ejusdem
849 2237 1182 2306 capitulum
1425 2242 1498 2297 de
1524 2245 1886 2298 naturarum
1910 2245 2182 2314 proprie-

1325 2327 1343 2366 ι
1386 2327 1477 2367 us.

1325 2327 1477 2367 wus.

604 2393 693 2450 23.
735 2397 1027 2452 Eumdem
1057 2413 1236 2470 porro
1280 2399 1604 2458 Dominum
1652 2408 1924 2459 nostrum
1981 2404 2183 2458 Jesum

534 2483 857 2554 Christum,
882 2491 939 2542 et
966 2488 1293 2559 perfectum
1326 2493 1536 2561 Deum,
1564 2496 1619 2547 et
1639 2493 1967 2564 perfectum
1993 2492 2162 2548 homi

534 2587 676 2628 nem
726 2575 1146 2646 praedicantes,
1192 2579 1306 2634 hoc
1354 2581 1727 2652 profitemur,
1789 2581 2071 2637 eumdem
2129 2585 2186 2636 et

534 2663 743 2718 omnia
771 2664 1015 2730 habere,
1056 2683 1191 2739 quae
1235 2674 1404 2740 pater
1433 2669 1633 2735 habet,
1662 2676 1910 2742 excepta
1939 2669 2185 2740 ingeniti

535 2755 942 2826 proprietate;
993 2758 1044 2812 ei
1075 2760 1280 2814 omnia
1329 2761 1490 2830 item,
1533 2777 1668 2833 quae
1708 2761 1938 2833 primus
1969 2760 2184 2824 Adam,

537 2848 785 2915 excepto
815 2845 941 2900 solo
984 2853 1254 2918 peccato,
1297 2849 1412 2905 hoc
1438 2854 1546 2915 est,
1579 2865 1801 2922 corpus
1829 2853 1885 2905 et
1916 2853 2183 2905 animam

533 2931 762 2988 ratione
797 2937 854 2990 et
894 2934 1284 3006 intelligentia
1320 2938 1635 3010 praeditam
1682 2957 1697 2991 :
1756 2939 1901 3012 quin
1956 2937 2185 2994 habere

533 3020 714 3077 etiam
739 3038 903 3092 eum,
930 3025 1015 3080 uti
1044 3025 1285 3082 duabus
1313 3028 1544 3084 naturis
1586 3034 2058 3086 consentaneum
2077 3031 2186 3092 est,

533 3109 804 3183 duplices
843 3119 1192 3172 naturarum
1237 3117 1499 3173 duarum
1529 3118 1832 3174 naturales
1860 3117 2188 3190 proprieta-

2291 1891 2488 1957 φύσεων
2529 1885 2798 1958 ἀρνεῖσθαι
2829 1884 3084 1960 διαφοράν
3115 1905 3128 1918 °
3173 1892 3264 1939 xui
3294 1890 3492 1962 τροπὴν
3536 1886 3762 1956 εἰσάγειν
3801 1891 3908 1938 xui

2293 1979 2562 2047 σύγχυσιν
2575 2019 2587 2032 .

2292 2253 2394 2300 Τοῦ
2439 2246 2598 2299 αὑτοῦ
2662 2246 2933 2318 κεφάλαιον
2977 2244 3058 2317 ρξ’
3124 2250 3243 2318 περὶ
3278 2254 3376 2297 τῶν
3436 2240 3730 2316 ἰδιωμάτων
3791 2250 3906 2293 τῶν

2897 2319 2961 2388 φύ
2971 2301 3095 2368 deum

2366 2407 2466 2479 κγ’.
2533 2406 2728 2460 Τέλειον
2802 2402 2862 2458 δὲ
2938 2409 3066 2459 Θεὸν
3145 2405 3508 2478 ὁμολογοῦντες

2299 2497 2487 2566 Κύριον
2540 2496 2684 2566 ἡμῶν
2733 2494 2939 2552 Ἰησοῦν
2986 2499 3238 2566 Χριστόν,
3306 2498 3396 2545 καὶ
3450 2491 3635 2544 τέλειον
3702 2493 3912 2562 ἀνθρω-

3589 2406 3676 2455 τὸν
3739 2402 3909 2454 αὑτὸν

2295 2603 2411 2650 πον,
2460 2587 2620 2655 φαμεν
2678 2588 2764 2635 τόν
2818 2583 2973 2636 αὑτὸν
3034 2586 3202 2636 πάντα
3265 2586 3405 2654 ἔχειν
3446 2584 3546 2633 ὅσα
3601 2581 3626 2632 ὁ
3690 2585 3906 2646 Πατὴο,

2294 2671 2427 2729 πλὴν
2477 2670 2788 2742 ἁγεννησίας
2829 2690 2842 2702 ⁶
2893 2676 2983 2724 καὶ
3028 2674 3198 2724 πάντα
3253 2674 3393 2742 ἔχειν
3439 2671 3540 2722 ὅσα
3586 2671 3612 2720 ὸ
3643 2664 3825 2739 Ἀδὰμ
3876 2669 3905 2719 ὁ

2295 2771 2496 2835 πρῶτος
2549 2758 2687 2832 δίχα
2716 2767 2878 2833 μόνης
2929 2768 3022 2822 τῆς
3075 2759 3327 2834 ἁμαρτίας
3358 2775 3371 2789 ’
3408 2759 3558 2811 ἅτινά
3588 2757 3703 2810 ἐστι
3746 2766 3902 2828 σῶμα

2295 2856 2384 2902 καὶ
2421 2850 2576 2922 ψυχὴ
2627 2851 2810 2922 λογικὴ
2869 2870 2923 2902 τε
2965 2855 3054 2902 καὶ
3083 2852 3231 2921 νοερά
3263 2866 3276 2880 ⁶
3312 2850 3452 2921 ἔχειν
3493 2845 3551 2900 δὲ
3579 2849 3734 2898 αὑτὸν
3763 2865 3897 2896 κατ-

2297 2939 2518 2999 αλλήλως
2564 2948 2678 3001 ταῖς
2733 2936 2864 2991 δυσὶ
2912 2943 3101 3010 φύσεσι
3141 2937 3306 2991 διπλᾶ
3342 2941 3407 2990 τὰ
3435 2946 3535 2988 τῶν
3567 2933 3664 2988 δύο
3697 2938 3903 3007 φύσεων

2298 3030 2495 3099 φυσικὰ
2554 3024 2819 3099 ἰδιωματα
2867 3049 2880 3061 ο
2953 3024 3050 3079 δύο
3100 3027 3328 3085 θελήσεις
3385 3027 3629 3098 φυσικὰς,
3667 3025 3808 3076 θείαν
3848 3041 3907 3074 τε

2297 3121 2386 3167 καὶ
2434 3117 2758 3189 ἀνθρωπίνην
2791 3131 2805 3145 ·
2852 3121 2942 3168 xui
2976 3115 3224 3188 ἐνεργείας
3287 3111 3383 3166 δύο
3425 3116 3666 3186 φυσικὰς,
3715 3116 3811 3169 τήν
3850 3131 3908 3164 τε

535 3206 622 3257 tes
655 3220 669 3269 ;
722 3202 839 3258 hoc
868 3209 975 3275 est,
1008 3205 1162 3262 duas
1189 3207 1494 3264 naturales
1525 3208 1887 3275 voluntates,
1917 3208 2186 3264 divinam

2301 3205 2436 3256 θείαν
2467 3209 2555 3256 καὶ
2584 3209 2678 3262 τὴν
2706 3203 3028 3276 ἀνθρωπίνην
3053 3223 3065 3235 ⁶
3091 3209 3180 3256 xui
3207 3203 3520 3266 αὐτεξούσια
3551 3199 3647 3254 δύο
3678 3203 3906 3274 φυσικὰ,

535 3295 594 3346 et
630 3290 964 3348 humanam
999 3311 1012 3348 :
1058 3293 1212 3350 duas
1248 3297 1392 3352 item
1427 3298 1730 3354 naturales
1785 3297 2186 3370 operationes,

536 3378 807 3436 divinam
833 3385 888 3437 et
917 3381 1249 3439 humanam
1295 3402 1308 3452 ;
1353 3386 1506 3442 duas
1538 3387 1840 3442 naturales
1869 3386 2098 3443 arbitrii
2126 3384 2191 3440 1i-

537 3467 1106 3532 bertates,divinam
1127 3479 1183 3529 et
1199 3473 1561 3531 humanam:
1583 3493 1652 3532 ac
1673 3477 1933 3548 denique
1953 3475 2190 3548 sapien-

538 3557 684 3615 tiam
705 3563 762 3614 et
785 3559 1096 3617 scientiam
1125 3562 1447 3635 duplicem,
1465 3565 1733 3621 divinam
1756 3571 1814 3621 et
1833 3565 2185 3621 humanam.

540 3650 689 3704 Nam
718 3665 857 3704 cum
891 3651 1157 3722 ejusdem
1190 3669 1260 3709 ac
1295 3656 1460 3710 Pater
1489 3655 1839 3711 substantiae
1881 3655 1972 3719 sit,
2006 3653 2189 3708 libere

537 3737 666 3794 vult
695 3745 750 3794 et
773 3740 896 3809 agit
919 3746 980 3796 ut
1011 3742 1164 3797 Deus
1199 3759 1212 3797 :
1245 3759 1449 3798 rursus
1479 3761 1617 3800 cum
1657 3741 2191 3800 consubstantialis

540 3826 615 3884 sit
643 3829 838 3900 nobis,
863 3829 1045 3886 libere
1083 3831 1222 3888 item
1257 3833 1381 3888 vult
1401 3837 1458 3889 et
1487 3834 1628 3906 agit,
1658 3838 1722 3889 ut
1744 3833 1948 3889 homo.
1998 3831 2190 3904 ipsius

539 3917 698 3974 enim
725 3920 1020 3976 miracula
1045 3927 1201 3987 sunt,
1236 3922 1422 3993 ipsius
1443 3939 1686 3995 quoque
1709 3922 2043 3993 passiones.

538 4009 638 4064 Ex
663 4010 924 4066 secunda
957 4011 1019 4066 S.
1062 4011 1266 4066 Leonis
1302 4027 1480 4081 papae
1524 4013 1783 4067 Romani
1817 4012 1898 4066 ad
1940 4013 2190 4068 Leonem

609 4088 1030 4146 imperatorem
1051 4084 1321 4149 epistola,
1349 4086 1518 4150 cujus
1537 4089 1621 4137 est
1641 4084 1983 4150 inscriptio:
2009 4106 2036 4129 ιι
2057 4083 2189 4137 Glo-

607 4153 932 4223 riosissimo
954 4158 1007 4206 et
1042 4154 1535 4223 tranquillissima
1552 4154 1680 4221 ﬁlio
1705 4156 1972 4223 Augusto
1986 4154 2187 4220 Leoni,

611 4221 724 4275 Leo
755 4223 1082 4290 episcopus.
1119 4242 1147 4270 »

611 4311 700 4363 24.
723 4308 787 4363 In
805 4325 947 4364 vero
968 4310 1064 4364 Dei
1086 4315 1264 4381 atque
1285 4311 1547 4366 hominis
1563 4311 1912 4377 Filio,Verbi
1926 4314 1980 4365 et
1997 4309 2194 4365 carnis

543 4412 667 4452 una
685 4412 945 4468 persona
966 4403 1073 4465 est,
1088 4413 1222 4469 qum
1245 4398 1724 4470 inseparabiliter
1740 4405 1919 4470 atque
1944 4397 2194 4453 indivise

2300 3294 2432 3344 θεῖόν
2462 3313 2513 3346 τε
2551 3299 2640 3345 xui
2680 3293 2996 3366 ἀνθρώπινον
3020 3311 3032 3323 °
3067 3298 3156 3345 xui
3188 3298 3371 3364 σοφίαν
3396 3298 3486 3344 xui
3515 3299 3728 3362 γνῶσιν,
3761 3292 3907 3342 θείαν

2296 3400 2350 3433 τε
2379 3388 2468 3434 xui
2509 3381 2850 3454 ἀνθρωπίνην.
2882 3382 3189 3454 Ὀμοούσιος
3213 3385 3314 3454 γὰρ
3339 3382 3405 3432 ὢν
3436 3389 3507 3451 τῷ
3533 3385 3641 3450 Θεῷ
3671 3383 3763 3430 xui
3799 3385 3908 3431 Πα-

2297 3476 2403 3545 τρὶ,
2434 3470 2776 3534 αὐτεξουσίως
2827 3472 2956 3524 θέλει
2985 3476 3074 3523 xui
3105 3473 3296 3544 ἐνεργεῖ
3321 3472 3384 3530 ὡς
3408 3475 3536 3532 Θεός
3579 3486 3591 3498 ⁶
3623 3470 3908 3540 ὁμοούσιος

2300 3555 2358 3612 δὲ
2397 3566 2486 3613 xui
2517 3563 2660 3632 ἡμῖν,
2712 3560 3062 3623 αὐτεξουσίως
3092 3560 3222 3613 θέλει
3251 3564 3343 3610 καὶ
3383 3557 3577 3631 ἐνεργεῖ
3599 3561 3668 3618 ὡς
3699 3558 3898 3628 ἅνθρω-

2295 3669 2392 3710 πος
2448 3651 2473 3701 ό
2536 3650 2708 3712 αὑτός.
2745 3650 2914 3702 Αύτου
2964 3651 3064 3722 γὰρ
3110 3651 3176 3700 τὰ
3203 3651 3462 3720 θαύματα,
3505 3647 3664 3699 αὑτόν
3703 3649 3794 3698 xui
3836 3643 3906 3696 τὰ

2298 3740 2604 3811 παθήματα.

2300 4005 2388 4059 Ἐκ
2451 4013 2542 4066 τῆς
2593 4003 2840 4080 δευτέρας
2898 4005 3172 4064 ἐπιστολῆς
3271 4011 3362 4056 τοῦ
3439 4001 3619 4080 έιγίουΔ
3685 4004 3915 4080 Λέοντος

2367 4078 2560 4151 πάππα
2605 4072 2806 4148 Ῥώμης
2858 4082 2983 4151 πρὸς
3046 4082 3250 4151 Λέοντα
3294 4078 3381 4126 τόν
3431 4072 3702 4151 βασιλέα.⁵
3739 4072 3806 4132 ἧς
3878 4074 3910 4130 ἢ

2370 4145 2652 4219 ἐπιγραφὴ,
2683 4144 2711 4198 (ι
2738 4156 2821 4218 Τῷ
2849 4144 3298 4220 ὑπερενδοξοτάτῷ
3324 4150 3413 4198 xui
3440 4144 3779 4217 γαληνοτοξτῳ
3809 4151 3915 4214 υιῷ

2371 4217 2659 4290 Αὐγούστῳ
2693 4224 2894 4287 Λέοντι,
2929 4217 3068 4270 Λέων
3109 4219 3386 4276 ἐπίσκοπος
3416 4217 3550 4285 (24).
3590 4236 3611 4264 ι

2373 4305 2474 4362 κδ’.
2528 4315 2611 4378 Τῷ
2652 4307 2832 4364 ἀληθεῖ
2885 4317 2976 4359 τοῦ
3023 4316 3156 4360 Θεοῦ
3207 4311 3296 4359 καὶ
3346 4305 3619 4377 ἀνθρώπου
3669 4304 3775 4373 Υἰῷ
3814 4310 3913 4354 τοῦ

2302 4416 2356 4448 τε
2400 4401 2574 4468 Λόγον
2654 4402 2742 4449 καὶ
2807 4406 2898 4457 τῆς
2956 4401 3150 4470 σαρκός
3198 4397 3247 4450 ἓν
3313 4397 3548 4468 ὑπάρχει
3601 4397 3912 4463 πρόσωπον,

543 4501 898 4542 communes
917 4485 1100 4541 habet
1121 4486 1404 4541 actiones.
1428 4487 1826 4555 lntelligendae
1845 4492 2044 4542 tamen
2059 4489 2187 4540 sunt

2305 4489 2424 4560 ὅπερ
2484 4487 2794 4559 ἁχωρίστως
2858 4493 2948 4540 καὶ
3025 4485 3336 4562 ἁδιαιρέτως
3402 4487 3574 4545 κοινὰς
3636 4483 3749 4553 ἑγει
3814 4484 3916 4544 τὰς

541 4576 817 4649 ipsorum
869 4591 1119 4646 Operum
1162 4575 1498 4648 qualitates,
1538 4581 1594 4632 et
1625 4576 1868 4632 sincerae
1890 4575 2030 4632 ﬁdei
2057 4590 2196 4630 con-

542 4663 930 4735 templatione
980 4665 1348 4720 cernendum
1400 4671 1505 4728 est,
1555 4665 1633 4720 ad
1664 4682 1800 4738 quae
1832 4664 2198 4736 provehatur

541 4752 850 4809 humilitas
880 4755 1098 4824 carnis,
1117 4761 1173 4810 et
1202 4755 1276 4810 ad
1299 4771 1433 4827 quae
1461 4754 1776 4810 inclinetur
1798 4753 2051 4808 altitudo
2077 4753 2196 4808 dei-

541 4843 680 4902 tatis
713 4864 727 4900 :
763 4843 910 4916 quid
949 4844 1023 4900 sit
1052 4845 1218 4918 quod
1247 4861 1388 4900 caro
1427 4845 1553 4900 sine
1585 4845 1774 4900 Verbo
1805 4859 1925 4898 non
1966 4843 2106 4912 agit,
2141 4848 2197 4899 et

542 4933 690 5007 quid
712 4933 787 4990 sit
814 4934 978 5006 quod
1009 4935 1266 4991 Verbum
1293 4934 1416 4989 sine
1440 4949 1617 4989 carne
1646 4950 1762 4988 non
1798 4931 1975 4988 efﬁcit
2003 4932 2030 4988 ?
2063 4932 2198 4989 Sine

542 5023 722 5081 Verbi
755 5025 918 5080 enim
949 5024 1214 5096 potentia
1240 5039 1349 5078 nec
1380 5023 1719 5094 conciperet
1747 5021 1924 5092 Virgo
1955 5037 2065 5077 nec
2096 5037 2198 5094 pa-

541 5119 695 5171 reret
734 5132 748 5183 ;
777 5120 834 5171 et
863 5115 991 5170 sine
1021 5114 1268 5170 veritate
1311 5113 1510 5168 carnis
1536 5112 1823 5168 obvoluta
1861 5112 2080 5183 pannis
2112 5112 2196 5166 in-

542 5202 732 5258 fantia
758 5219 884 5258 non
925 5204 1168 5273 jaceret.
1223 5201 1359 5258 Sine
1401 5201 1574 5256 Verbi
1618 5200 1885 5274 potentia
1924 5216 2044 5256 non
2095 5200 2197 5256 ad-

544 5296 785 5348 orarent
812 5291 960 5364 Magi
990 5305 1270 5363 puerum,
1293 5289 1463 5346 stella
1491 5289 1686 5346 indice
1713 5289 2114 5355 declaratum;
2141 5292 2200 5346 et

618 5639 732 5710 (22)
761 5637 908 5694 Edit.
939 5639 1216 5712 Lequien.
1255 5639 1338 5696 De
1375 5639 1480 5708 ﬁd.
1528 5638 1683 5698 orth.
1720 5638 1826 5696 lib.
1867 5655 1940 5709 iv,
1973 5654 2108 5712 cap.
2143 5643 2196 5695 5.

615 5712 727 5782 (23)
759 5713 932 5783 Oper.
957 5710 1056 5769 cit.
1081 5710 1186 5780 lib,
1207 5729 1266 5779 ll,
1298 5715 1554 5784 cap..l3.

2303 4577 2532 4650 πράξεις.
2592 4583 2675 4629 Δεῖ
2748 4585 2877 4628 νοεῖν
2965 4577 3101 4650 ὅμως
3160 4575 3327 4627 αὑτων
3386 4581 3485 4625 τῶν
3582 4575 3742 4644 ἔργων
3814 4572 3918 4630 τὰς

2719 4672 2807 4718 xui
2972 4671 3284 4723 κατανοήσει
3334 4671 3430 4725 τῆς
3473 4661 3777 4734 εἰλικρινους
3816 4679 3917 4710 πι-

3556 4759 3647 4810 τῆς
3711 4751 3876 4821 σαρκὲ
3893 4769 3917 4810 ς

2303 4671 2582 4727 ποιότητας
2639 4683 2651 4696 ’

2308 4775 2463 4816 στεως
2535 4752 2617 4807 δεῖ
2687 4758 2934 4829 καθορᾷν,
2984 4754 3068 4807 ἐπὶ
3125 4761 3252 4806 ποῖα
3305 4755 3395 4824 μὲν
3447 4753 3477 4809 ἡ

2303 4848 2591 4920 προάγεται
2621 4850 2946 4910 ταπεινότης,
2979 4843 3062 4896 ἐπὶ
3099 4851 3224 4895 ποῖα
3252 4839 3310 4895 δὲ
3349 4845 3406 4894 τὸ
3448 4839 3576 4910 ὕψος
3604 4847 3696 4900 τῆς
3730 4840 3916 4895 θεότη-

2305 4956 2391 4997 τος
2447 4935 2789 4988 ἐπικλίνει-αι·
2856 4940 2944 4986 καὶ
2986 4939 3037 4985 τί
3098 4936 3186 5006 μὲν
3241 4931 3402 4995 ἐστὶν,
3462 4931 3586 5002 ὅπερ
3655 4926 3792 5002 σὰρξ
3847 4925 3914 4978 ού

2303 5027 2521 5099 πράττει
2575 5023 2714 5098 δίχα
2759 5044 2849 5076 του
2897 5027 3070 5094 Λόγου
3104 5043 3116 5054 ·
3158 5025 3210 5073 τί
3251 5017 3309 5072 δὲ
3364 5022 3440 5078 εἴη
3489 5019 3612 5092 ὅπερ
3658 5018 3684 5069 ὁ
3735 5020 3918 5086 Λόγος

2304 5118 2472 5189 χωρὶς
2509 5123 2601 5174 τῆς
2649 5117 2843 5188 σαρκὸς
2893 5111 2987 5164 οὑκ
3036 5109 3328 5183 ἐργάζεται.
3380 5112 3521 5180 Δίχα
3561 5109 3650 5178 μὲν
3679 5108 3780 5180 γὰρ
3811 5112 3917 5167 τῆς

2301 5213 2392 5259 τοῦ
2451 5209 2626 5275 Λόγου
2685 5199 2951 5275 δυνάμεως
2987 5196 3100 5252 οὐδ’
3149 5197 3210 5251 ἂν
3240 5201 3270 5256 ἡ
3305 5199 3567 5272 Παρθένος
3611 5192 3912 5264 συνέλαϐεν,

2305 5293 2429 5350 οὑδὲ
2455 5297 2654 5347 ἔτεκενο
2704 5289 2844 5364 δίχα
2890 5287 2950 5344 δε
2973 5297 3067 5351 τῆς
3107 5287 3347 5348 ἀληθείας
3407 5295 3504 5349 τῆς
3560 5285 3756 5356 σαρκός
3813 5282 3917 5334 οὑκ

2377 5633 2663 5708 (24)Ε(11ι.
2695 5629 2967 5688 Ballerin.
2997 5631 3038 5684 t.
3065 5627 3108 5694 Ι,
3133 5641 3193 5701 p.
3219 5625 3376 5684 1366.
