4148 6390
201 377 302 437 221
1554 383 1902 440 THESAURI
1930 383 2063 439 LIB.
2097 384 2230 440 XXV
3466 391 3576 444 222

207 502 271 556 ἄν
321 503 684 576 κεκαλυμμένη
743 513 855 568 τοῖς
903 508 1115 582 ῥάκεσιν
1170 510 1332 560 ἔκειτο
1388 511 1654 569 νηπιότης.
1713 511 1816 561 Καὶ

1937 508 2050 564 sine
2079 509 2327 566 veritate
2358 511 2556 566 carnis
2595 526 2718 567 non
2745 510 3098 582 juberentur
3142 512 3204 568 in
3249 515 3575 585 Egyptum

215 590 360 666 δίχα
404 598 492 666 μεν
530 604 623 657 τῆς
661 601 758 647 τοῦ
809 601 981 668 Λόγου
1034 593 1303 670 δυνάμεως
1341 599 1436 650 οὐκ
1466 597 1525 650 ἂν
1557 600 1815 670 προσεκύ-

1935 600 2226 655 transferri
2279 616 2448 672 puer,
2481 606 2539 657 et
2584 601 2662 657 ab
2695 601 2938 657 Herodis
2967 604 3382 674 persecutione
3430 603 3573 659 sub-

215 703 385 742 νησαν
445 685 495 737 οἰ
533 689 704 756 Μάγοι
755 691 814 738 1'6
869 685 1104 754 παιδίον,
1172 691 1230 740 τό
1294 690 1394 740 ὑπό
1465 695 1556 740 τού
1594 691 1815 760 μηνύον-

1935 687 2085 743 1ιιοί.
2119 689 2255 745 Sine
2283 689 2452 745 Verbi
2502 690 2767 762 potentia
2797 705 2919 746 non
2950 691 3170 747 diceret
3220 708 3339 747 vox
3381 691 3573 747 Patris

219 791 306 834 τος
336 771 551 848 ἀστέρος
602 771 918 848 δηλούμενον
952 793 965 805 ·
1023 773 1161 849 δίχα
1200 773 1259 830 δε
1310 785 1400 838 τῆς
1448 776 1690 838 ἀληθείας
1720 784 1816 837 τῆς

1932 778 2107 834 missa
2132 779 2206 834 de
2228 779 2411 835 caelo:
2435 781 2552 836 Hic
2577 781 2868 836 estFilius
2897 796 3058 836 meus
3089 781 3434 847 dilectus,in
3456 796 3570 852 quo

223 866 423 936 σαρκός
475 864 567 915 οὐκ
620 865 679 915 ἂν
746 864 996 918 ἐκελεύετο
1043 869 1102 918 τὸ
1156 863 1367 919 παιδίον
1421 867 1493 928 εἰς
1548 868 1814 938 Αἴγυπτον

1933 869 2073 923 mihi
2094 869 2236 924 bene
2266 871 2692 937 complacui";
2717 873 2774 923 et
2796 869 2919 924 sine
2949 869 3194 925 veritate
3225 869 3422 925 carnis
3449 885 3571 925 non

219 954 617 1026 μεταφέρεσθαι,
677 958 766 1005 καὶ
841 962 934 1006 τού
1007 957 1142 1007 κατὰ
1202 959 1290 1007 τόν
1343 952 1586 1030 Ἡρώδην
1661 954 1814 1018 ὑπεξ-

1938 962 2350 1027 protestaretur
2378 958 2640 1013 Joannes
2671 974 2682 1012 :
2716 957 2870 1014 Ecce
2915 958 3106 1029 Agnus
3144 959 3271 1024 Dei,
3313 973 3443 1014 ecce
3470 957 3576 1029 qui

219 1042 446 1111 ἄγεσθαι
490 1037 746 1113 διωγμοῦ.
802 1048 903 1095 Καὶ
943 1041 1079 1115 δίχα
1114 1048 1204 1116 μὲν
1256 1053 1347 1105 τῆς
1375 1052 1466 1096 τοῦ
1506 1048 1678 1115 Λόγου
1719 1041 1812 1096 δυο

1935 1047 2084 1100 !ollit
2115 1053 2364 1115 peccata
2411 1048 2626 1102 mundi
2644 1049 2711 1102 ³⁵.
2749 1046 2882 1103 Sine
2926 1046 3100 1102 Verbi
3139 1047 3406 1118 potentia
3450 1062 3573 1101 non

217 1131 422 1202 νάμεως
493 1130 584 1182 ούκ
657 1131 720 1182 ἂν
793 1132 960 1203 ἔλεγεν
1013 1136 1043 1192 ἡ
1105 1139 1242 1206 φωνή
1320 1142 1412 1186 τοῦ
1480 1137 1703 1208 Πατρός,
1763 1132 1816 1197 ἐξ

1938 1135 2086 1191 ieret
2145 1135 2575 1204 redintegratio
2623 1136 2939 1206 debilium,
2984 1143 3040 1192 et
3069 1137 3383 1192 viviﬁcatio
3419 1152 3576 1191 mor-

215 1219 446 1292 οὐρανῶν
521 1217 792 1291 ἀφεθεῖσα,
869 1222 1038 1283 Οὗτός
1109 1223 1252 1276 ἐστιν
1327 1225 1352 1274 ὁ
1430 1225 1545 1284 Υἱός
1622 1243 1721 1295 μου
1789 1226 1814 1274 ὁ

1933 1229 2163 1279 tuorum
2190 1242 2202 1290 ;
2232 1231 2288 1281 et
2318 1227 2443 1281 sine
2469 1227 2712 1281 veritate
2739 1226 2934 1282 carnis
2969 1242 3077 1282 nec
3129 1226 3300 1282 cibus
3341 1226 3571 1297 jejuno,

211 1305 504 1378 ἀγαπητός,
563 1307 611 1360 ἐν
665 1310 706 1380 ᾧ
763 1307 1048 1369 ηύδὸκησα
1081 1330 1094 1341 ·
1148 1309 1288 1384 δίχα
1345 1309 1403 1366 δε
1439 1321 1528 1373 τῆς
1571 1312 1815 1373 ἀληθείας

1937 1330 2032 1368 nec
2061 1331 2310 1370 somnus
2349 1321 2508 1370 esset
2537 1316 2916 1372 necessarius
2949 1315 3222 1386 fatigato.
3269 1319 3575 1372 Postremo

211 1403 305 1448 τοῦ
369 1402 610 1469 σώματος
665 1398 762 1451 ούκ
810 1399 870 1452 ἂν
930 1405 1395 1476 προσεμαρτύρατο
1469 1403 1494 1454 ὁ
1534 1402 1811 1465 Ἰωάννηςο

1941 1405 2050 1459 sine
2085 1404 2256 1459 Verbi
2289 1405 2554 1476 potentia
2601 1420 2726 1460 non
2769 1420 2835 1460 se
2888 1404 3175 1460 Dominus
3206 1405 3363 1460 Patri
3393 1406 3579 1478 proﬁ-

212 1480 327 1539 Ἴδε
397 1487 423 1537 ὁ
476 1485 642 1558 όιμνός
713 1496 808 1540 τοῦ
883 1497 1044 1555 Θεού,
1103 1492 1128 1542 ὁ
1187 1493 1344 1564 αῖρων
1397 1496 1490 1549 τὴν
1557 1491 1814 1563 ἁμαρτίαν

1937 1499 2144 1548 Leretur
2173 1493 2501 1565 tequalem;
2535 1499 2592 1550 et
2617 1493 2746 1548 sine
2769 1493 3013 1548 veritate
3043 1494 3240 1548 carnis
3265 1510 3386 1550 non
3413 1495 3575 1552 idem

209 1582 310 1628 τού
361 1578 584 1646 κόσμου.
645 1582 745 1630 Καὶ
798 1574 936 1649 δίχα
987 1581 1078 1651 μεν
1129 1587 1221 1640 τῆς
1273 1587 1364 1632 τού
1430 1585 1605 1651 Λόγου
1659 1577 1816 1632 δυνά-

1938 1582 2145 1638 iiceret
2174 1585 2405 1638 Patrem
2456 1598 2520 1637 se
2549 1597 2678 1638 esse
2717 1583 3012 1654 majorem
3047 1600 3060 1638 :
3110 1599 3247 1638 cum
3281 1584 3576 1641 catholica

203 1683 345 1737 μεως
404 1664 498 1717 οὐκ
553 1665 614 1718 ἂν
662 1665 853 1738 ἐγένετο
909 1676 1010 1720 τῶν
1058 1688 1112 1722 τε
1156 1667 1504 1722 ἀσθενούντων
1559 1673 1588 1729 ἡ
1654 1671 1815 1744 ῥώσις

1935 1670 2075 1726 ﬁdes
2111 1679 2430 1743 utrumque
2461 1671 2765 1744 suscipiat,
2782 1677 3100 1743 utrumque
3128 1671 3573 1745 defendat,quae

205 1758 301 1806 xui
349 1761 447 1806 τῶν
477 1756 764 1808 τεθνεώτων
808 1759 838 1815 ἡ
883 1758 1204 1821 ζωοποίησις
1239 1777 1250 1787 '
1286 1755 1422 1830 δίχα
1452 1756 1511 1813 δὲ
1559 1769 1656 1822 τῆς
1687 1759 1816 1818 ἀλη-

1933 1761 2260 1816 secundum
2290 1760 2731 1816 confessionem
2747 1761 2907 1817 beati
2932 1761 3189 1832 apostoli
3207 1763 3571 1831 Petri,unum

210 1845 358 1904 θείας
405 1850 502 1904 τῆς
562 1848 758 1919 σαρκός
813 1849 931 1898 οὔτε
983 1852 1144 1920 τροφὴ
1199 1856 1272 1919 τῷ
1324 1852 1645 1916 νηστεύοντι,
1705 1853 1817 1902 οὔτε

1937 1850 2224 1904 Christum
2259 1849 2356 1904 Dei
2414 1849 2531 1904 vivi
2565 1847 2793 1915 Filium,
2835 1853 2892 1904 et
2918 1848 3229 1904 hominem
3284 1848 3473 1905 credit
3517 1854 3575 1906 et

213 1935 323 2004 μὴν
377 1932 528 1993 ὕπνος
570 1931 853 2004 ἀναγκαῖος
894 1936 1133 2008 ὑπῆρχεν
1196 1946 1268 2008 τῷ
1327 1941 1658 1993 κοπιάσαντι.
1718 1944 1817 1992 Καὶ

1935 1942 2204 1999 Verbum.
2248 1937 2533 2005 Quamvis
2580 1938 2782 2010 itaque
2829 1937 2908 1995 ab
2955 1938 3056 1994 illo
3103 1937 3286 2009 initio,
3337 1954 3460 2010 quo
3508 1938 3573 1994 in

213 2025 276 2074 1'6
317 2017 384 2079 δή
434 2026 589 2095 πέρας
614 2018 752 2094 δίχα
797 2027 889 2096 μεν
931 2033 1024 2086 τῆς
1063 2034 1155 2078 τοῦ
1185 2030 1361 2098 Λόγου
1405 2024 1668 2100 δυνάμεως
1723 2028 1818 2081 ούκ

1936 2037 2095 2088 utero
2125 2028 2374 2098 virginis
2397 2027 2663 2082 Verbum
2693 2042 2833 2083 caro
2873 2027 3095 2082 factum
3139 2031 3248 2094 est,
3276 2027 3423 2083 nihil
3465 2043 3574 2082 un-

210 2108 274 2162 ἆν
324 2110 508 2162 ἑαυτὸν
572 2112 598 2163 ὁ
659 2113 847 2186 Κύριος
919 2116 1034 2166 ’ίσον
1108 2122 1181 2186 τῷ
1257 2121 1424 2189 Πατρὶ
1488 2119 1820 2188 τυγχάνοντα

1933 2136 2102 2194 quam
2134 2119 2283 2174 inter
2305 2123 2624 2188 utramque
2644 2115 2901 2172 formam
2931 2115 3239 2172 divisionis
3267 2116 3571 2186 exstiterit,

211 2199 470 2271 ὡμολόγει
498 2216 511 2230 ⁸
571 2196 712 2273 δίχα
759 2199 819 2254 δε
858 2211 948 2264 τῆς
1003 2201 1242 2266 ἀληθείας
1289 2225 1381 2257 του
1441 2212 1681 2278 σώματος
1723 2207 1817 2260 ούκ

1937 2215 1983 2266 et
2010 2225 2117 2282 per
2149 2207 2358 2264 omnia
2387 2206 2755 2261 incrementa
2775 2220 3064 2277 corporea
3093 2204 3269 2260 unius
3297 2220 3575 2277 personae

214 2286 276 2338 ἂν
315 2289 341 2340 ὁ
384 2288 567 2352 ἑαυτός
591 2289 725 2360 ἔλεγε
766 2291 981 2363 μείζονα
1019 2291 1149 2346 εἶναι
1193 2293 1380 2346 ἑαυτοῦ
1429 2298 1517 2348 τόν
1559 2299 1766 2370 Πατέρα
1797 2313 1812 2328 ⁹

1935 2299 2143 2355 iuerint
2170 2296 2349 2352 totius
2403 2294 2693 2366 temporis
2731 2293 3033 2361 actiones;
3070 2308 3145 2350 ea
3187 2293 3320 2365 ipsa
3350 2298 3573 2361 tamen,

214 2377 365 2430 ὁπότε
417 2382 507 2430 xui
545 2380 576 2437 ἧ
619 2379 872 2439 καθολικὴ
913 2386 1090 2443 πίστις
1147 2382 1385 2458 ἑκάτερον
1426 2381 1662 2456 δέχεται,
1722 2392 1814 2441 καὶ

1939 2406 2061 2462 quae
2097 2385 2576 2458 inseparabiliter
2600 2383 2760 2441 facta
2807 2387 2968 2453 sunt,
2991 2383 3162 2440 nulla
3188 2384 3577 2454 permistione

213 2465 448 2542 ἑκάτερον
494 2466 713 2540 ἐκδικεῖ,
757 2474 872 2532 ἣτις
922 2476 1055 2525 κατά
1101 2478 1198 2532 τήν
1241 2474 1518 2546 ὁμολογίαν
1571 2485 1664 2529 τού
1707 2499 1814 2550 μα-

1939 2477 2388 2543 :onfundimus;
2444 2473 2551 2530 sed
2591 2474 2766 2546 cujus
2816 2473 3022 2530 formae
3074 2473 3169 2543 sit,
3217 2490 3292 2531 ex
3323 2489 3577 2547 operum

210 2562 398 2629 καρίου
428 2555 718 2612 ἀποστόλου
773 2563 992 2632 Πέτρου,
1047 2562 1134 2614 ἕνα
1174 2566 1404 2636 Χριστόν
1456 2568 1543 2616 τόν
1573 2568 1691 2618 Υίόν
1722 2575 1813 2618 τοῦ

901 2579 992 2630 ιου,
1047 2562 1134 2614 ἕνα
1174 2566 1404 2636 Χριστόν
1456 2568 1543 2616 τόν
1573 2568 1691 2618 Υίόν
1722 2575 1813 2618 τοῦ
1923 2567 2207 2640 qualitate
2230 2565 2539 2620 sentimus.

208 2652 349 2698 Θεοῦ
385 2655 472 2700 τού
511 2648 723 2716 ζῶντος,
762 2653 853 2700 καὶ
881 2650 1152 2724 ἄνθρωπον
1172 2655 1406 2704 πιστεύει
1433 2658 1522 2706 καὶ
1563 2659 1750 2724 Λόγον.
1787 2657 1846 2710 Εἰ
1865 2663 1954 2709 καὶ
1983 2659 2050 2709 τὰ
2087 2655 2322 2727 μάλιστα
2350 2659 2522 2706 τοίνυν
2548 2651 2601 2716 ἐξ
2639 2651 2830 2712 ἐκείνης
2859 2661 2952 2714 τῆς
2983 2650 3183 2726 ἀρχῆς,
3213 2649 3298 2724 ἀφ’
3325 2653 3358 2711 ἧ
3369 2671 3390 2712 ς
3427 2652 3479 2705 ἐν
3507 2661 3571 2712 τῆ

204 2739 408 2810 γαστρὶ
447 2745 537 2798 τῆς
586 2739 851 2810 Παρθένου
892 2741 917 2790 ὁ
947 2745 1120 2811 Λόγος
1155 2743 1304 2812 γέγνε
1345 2741 1497 2814 σὰρξ,
1529 2744 1670 2795 τουτ’
1703 2747 1815 2797 ἔστι
1860 2748 2032 2818 σάρκα
2061 2744 2256 2812 ἔλαϐεν,
2298 2739 2397 2795 ούδ
2425 2744 2505 2795 ὁτι
2535 2738 2622 2794 οὖν
2671 2737 2732 2799 ἧν
2764 2737 3072 2816 διαιρέσεως
3104 2740 3299 2812 μεταξύ
3339 2747 3434 2802 τῆς
3459 2742 3574 2793 ἔκα-

197 2829 355 2900 τέρας
387 2834 594 2900 μορφῆς
624 2844 636 2857 '
675 2833 764 2880 xui
797 2825 870 2880 δι’
913 2828 1122 2890 ἁπάσης
1153 2829 1422 2893 αὐξήσεως
1471 2842 1793 2904 σωματικῆς.
1848 2835 1956 2898 ἑνός
1995 2839 2278 2910 προσώπου
2328 2835 2385 2885 αἱ
2421 2851 2513 2885 του
2549 2833 2738 2890 παντός
2772 2834 2968 2902 χρόνου
2999 2829 3211 2902 πράξεις
3248 2834 3522 2900 γεγόνασιν
3555 2846 3569 2860 ⁸

204 2916 349 2986 ὅμως
392 2915 531 2968 αὐτὰ
565 2935 745 2983 ταυτα,
784 2918 914 2992 οἷπερ
944 2916 1257 2991 ἀχωρίστως
1281 2924 1571 2992 γεγένηται,
1602 2923 1716 2974 κατ’
1745 2920 1996 2998 οὐδεμίαν
2027 2922 2289 2995 ἐπιμιξίαν
2320 2925 2612 2992 συγχέομεν
2647 2935 2658 2948 ·
2688 2917 2817 2972 ἀλλὰ
2841 2922 2998 2981 ποίας
3024 2921 3102 2976 ε’ίη
3133 2925 3358 2991 μορφῆς,
3391 2915 3446 2969 ἐκ
3474 2924 3571 2978 τῆς

206 3010 314 3055 τῶν
360 3005 525 3078 ἔργων
555 3010 814 3068 ποιότητος
855 3008 1231 3080 αἰσθανόμεθα.

208 3109 536 3163 Ἀθανασίου
589 3109 868 3167 ἐπισκόπου
925 3112 1322 3190 ’Λλεξαρδρείας
1386 3125 1479 3170 τοῦ
1549 3118 1809 3191 ὁμολογη-

1861 3185 1881 3191 _
1989 3120 2052 3176 S.
2091 3119 2404 3176 Athanasii
2427 3116 2681 3186 episcopi
2703 3114 3102 3172 Alexandrini
3125 3113 3499 3183 confessoris.

881 3185 1190 3276 τουβεῄᾏ
1578 3185 1588 3191 ’
1715 3185 1726 3190 ⁷
1843 3185 1884 3242 C
2454 3185 2469 3186 ί
2985 3221 2990 3228 ·

268 3305 364 3361 κε’.
421 3305 586 3359 Ὀσαι
648 3313 819 3361 τοίνυν
870 3315 1109 3364 ταπειναί
1171 3311 1326 3374 λέξεις
1383 3318 1472 3365 καὶ
1535 3316 1681 3386 ἔργα,
1743 3314 1810 3374 εἰς

1989 3321 2078 3372 25.
2109 3317 2369 3370 Cunctas
2398 3313 2580 3384 igitur
2597 3311 2858 3368 humiles
2889 3310 3179 3367 dictiones
3200 3309 3274 3366 de
3294 3308 3421 3364 Filii
3451 3324 3575 3366 cor-

199 3399 260 3447 1'6
293 3403 446 3468 σῶμα
483 3403 580 3448 τοῦ
632 3400 758 3451 Υἱοῦ
809 3405 1142 3473 γεγραμμένα
1178 3405 1282 3452 νόει
1317 3417 1330 3430 ⁶
1388 3403 1487 3454 ὅσα
1527 3399 1585 3454 δὲ
1625 3399 1811 3465 ἔνδοξα

1938 3421 2062 3461 )ore
2091 3405 2342 3477 scriptas
2371 3403 2682 3459 existima:
2718 3401 3011 3471 gloriosas
3056 3404 3258 3456 autem
3287 3398 3576 3454 dictiones

200 3485 503 3558 γράμματα,
564 3486 636 3548 εἰς
680 3491 776 3546 τήν
827 3497 916 3540 τού
949 3493 1123 3561 Λόγου
1181 3491 1415 3548 θεότητα.
1447 3489 1607 3542 ’Ὁταν
1660 3498 1811 3563 πεινᾷ

1937 3494 1998 3549 id
2023 3493 2203 3550 Verbi
2233 3493 2604 3548 divinitatem
2636 3490 2808 3546 refer.
2861 3493 3007 3546 Cum
3049 3488 3234 3544 esurit
3263 3493 3398 3560 post
3420 3487 3575 3558 jeju-

197 3575 328 3644 μετὰ
383 3578 441 3626 νό
498 3584 809 3646 νηστεῦσαι,
861 3585 955 3629 τοῦ
1004 3586 1244 3651 σώματος
1300 3579 1610 3652 ἐλάττωμαο
1659 3583 1810 3638 ἡνίκα

1937 3583 2108 3649 lium,
2141 3581 2410 3654 corporis
2451 3585 2536 3636 est
2585 3579 2937 3650 inﬁrmitas;
2989 3593 3129 3633 cum
3172 3582 3372 3633 autem
3402 3575 3575 3649 quin-

202 3659 261 3714 δὶ
335 3662 392 3715 ἐκ
466 3669 615 3718 πέντε
670 3668 841 3740 ἄρτων
899 3671 1015 3728 τοὺς
1067 3672 1302 3728 πεντάκις
1358 3668 1564 3740 χιλίους
1614 3666 1810 3742 ἄνδρας

1935 3687 2034 3744 [ue
2056 3672 2318 3743 panibus
2344 3671 2610 3725 virorum
2635 3668 2902 3740 quinque
2929 3666 3135 3735 millia,
3168 3666 3399 3738 absque
3428 3680 3573 3738 pue-

207 3758 374 3823 χωρὶς
443 3751 671 3806 παιδίων
729 3760 820 3807 καὶ
875 3765 1133 3827 γυναικῶν
1186 3762 1377 3830 τρέφει,
1433 3763 1522 3810 καὶ
1597 3755 1808 3811 δώδεκα

1935 3759 1998 3815 'is
2029 3759 2522 3830 mulieribusque,
2555 3761 2804 3820 saturat,
2838 3761 2897 3811 et
2925 3755 3247 3811 duodecim
3279 3755 3573 3826 cophinos

209 3847 449 3912 κοφίνους
503 3845 718 3919 πλήρεις
778 3844 1091 3918 κλασμάτων
1159 3851 1478 3922 περισσεύει,
1547 3856 1640 3910 τῆς
1702 3851 1808 3900 θεό-

1932 3849 2270 3920 fragmentis
2303 3847 2532 3919 implet,
2557 3847 2671 3902 hoc
2697 3861 2733 3900 a
2754 3844 2925 3900 Verbi
2955 3844 3263 3900 divinitate
3282 3843 3570 3916 procedit.

207 3949 372 3992 τητος
421 3942 508 3985 τού
565 3938 738 4005 Λόγου
796 3937 854 3986 τό
893 3937 1057 4007 ἔργον.
1097 3934 1279 3987 Ἠνίκα
1317 3931 1376 3987 δε
1428 3935 1513 3987 ἐπὶ
1550 3939 1608 3988 τό
1644 3955 1806 4010 προσ-

1936 3939 2064 3993 ]ιιω
2092 3939 2153 3992 in
2180 3937 2318 3992 navi
2359 3936 2549 4008 capite
2597 3933 2887 3990 reclinato
2933 3933 3173 3997 dormit,
3205 3933 3266 3987 id
3296 3945 3574 4002 corpora-

207 4020 477 4092 κεφάλαιον
533 4023 583 4076 ἐν
640 4031 714 4093 τῷ
771 4023 933 4096 πλοίῳ
971 4031 1238 4096 κοιμᾶται,
1300 4023 1640 4086 ἀναπαύσεως
1697 4044 1808 4076 σω-

1938 4027 1990 4082 is
2019 4026 2248 4098 requiei
2296 4023 2607 4096 prOprium
2647 4027 2780 4078 est:
2827 4038 2967 4077 cum
3021 4028 3220 4076 autem
3253 4019 3574 4076 ambulans

206 4119 436 4181 ματικῆς
488 4115 632 4184 ξογον
667 4134 679 4144 ·
740 4115 862 4165 ὁταν
912 4122 1208 4186 περιπάτων
1249 4112 1332 4165 ἐπὶ
1383 4123 1476 4175 τῆς
1537 4113 1810 4175 θαλάσσης

1933 4132 2101 4186 supra
2123 4131 2290 4170 mare
2311 4112 2594 4169 ﬂuctibus
2617 4111 2925 4184 ventisque
2955 4111 3262 4182 imperans
3284 4109 3365 4164 ait
3392 4126 3404 4163 :
3429 4108 3571 4177 Sile,

202 4198 384 4272 ἀπειλῇ
445 4209 553 4262 τοῖς
600 4221 804 4274 κυμασι
842 4207 931 4254 καὶ
982 4209 1091 4262 τοῖς
1148 4201 1374 4274 ἀνέμοις,
1417 4208 1610 4270 Σιώπα,
1652 4207 1806 4274 πεφί-

1937 4206 2267 4272 ›όηιαίρεσε,
2313 4203 2509 4258 statim
2543 4201 2709 4256 audit
2736 4199 2908 4256 navis
2947 4199 3142 4254 socios
3181 4215 3320 4254 cum
3379 4213 3575 4254 sacra-

200 4308 369 4360 μωσο,
437 4289 585 4350 εὐθὺς
646 4288 822 4343 ἀκούει
874 4293 1018 4365 παρὰ
1072 4299 1172 4343 τῶν
1229 4289 1278 4342 ἐν
1329 4300 1402 4361 τῷ
1463 4290 1624 4363 πλοίῳ
1678 4294 1806 4362 μεθ-

1940 4299 2123 4350 nento
2147 4292 2554 4370 afﬁrmantes:
2596 4291 2740 4346 Vere
2762 4289 2956 4345 Filius
2986 4289 3096 4345 Dei
3133 4303 3191 4344 es
3209 4289 3277 4343 ³⁸.
3309 4289 3458 4344 Cum
3490 4301 3578 4342 se-

200 4379 364 4450 ὁρκων
413 4378 824 4450 ὁμολογούντων,
880 4378 1116 4441 Ἀληθῶς
1181 4386 1315 4433 Θεοῦ
1366 4381 1486 4442 Υἱὸς
1543 4379 1604 4436 εἶ.
1646 4381 1807 4434 Ὀταν

1939 4383 2127 4438 )ulcro
2158 4381 2363 4437 Lazari
2394 4385 2602 4436 astans
2633 4379 3035 4451 lacrymatur;
3061 4382 3112 4432 et
3140 4393 3278 4434 cum
3308 4375 3577 4449 passioni

198 4467 363 4528 ἑστώς
440 4471 566 4541 πρός
638 4476 711 4538 τῷ
785 4472 1019 4540 μνήματι
1098 4469 1347 4542 Λαζάρου
1421 4466 1649 4544 δακρύῃ,
1718 4475 1808 4522 καὶ

1939 4472 2232 4528 )roximus
2275 4471 2413 4526 dicit
2447 4487 2460 4526 :
2515 4471 2724 4524 Tristis
2750 4475 2834 4525 est
2876 4469 3087 4524 anima
3117 4482 3244 4524 mea
3274 4481 3460 4538 usque
3495 4464 3577 4522 ad

203 4559 429 4616 ὁπηνίκα
489 4559 722 4630 πάσχειν
771 4558 958 4630 ἔμελλε,
1011 4559 1129 4632 λέγῃ
1169 4576 1180 4588 ⁶
1245 4559 1530 4634 Περίλυπός
1585 4560 1724 4613 ἐστιν
1774 4563 1803 4620 ἠ

1938 4568 2167 4618 nortem
2196 4566 2373 4632 atque
2403 4559 2642 4627 taediat;
2693 4563 2749 4614 et
2777 4557 3104 4613 divinitatis
3131 4535 3380 4629 quidem
3407 4553 3576 4626 spiri-

203 4645 358 4717 ψυχή
407 4666 510 4718 μου
570 4648 659 4708 ἕως
709 4649 951 4711 θανάτου,
994 4653 1084 4700 καὶ
1143 4645 1382 4722 ἀδημονῇ
1418 4663 1432 4679 ·
1483 4655 1573 4702 xui
1622 4654 1682 4703 τὸ
1719 4654 1809 4722 μὲν

1938 4667 2048 4706 um
2078 4649 2154 4705 ad
2186 4664 2366 4706 omne
2387 4663 2542 4720 opus
2573 4646 2998 4710 incarnationis
3027 4649 3307 4719 paratum
3339 4643 3440 4711 ait,
3453 4658 3576 4699 car-

199 4744 403 4808 πνεύμα
433 4743 525 4796 τῆς
555 4737 796 4797 θεότητος
814 4739 1080 4809 πρόθυμον
1103 4737 1172 4799 εἰς
1202 4743 1377 4790 πᾶσαν
1406 4738 1702 4810 οἰκονομίαν
1731 4738 1810 4791 λέ-

1937 4754 2058 4793 iem
2112 4743 2312 4793 autem
2345 4735 2684 4802 inﬁrmam;
2724 4735 2853 4790 haec
2888 4739 2982 4790 est
3009 4732 3279 4788 videlicet
3307 4731 3575 4803 corporis

192 4846 289 4900 γη,
325 4831 422 4884 τήν
465 4821 524 4877 δὲ
571 4827 743 4899 σάρκα
783 4823 996 4899 ἁσθενῇ,
1029 4833 1121 4878 τοῦ
1163 4833 1403 4900 σώματος
1448 4825 1706 4890 ἀσθένεια,
1751 4831 1808 4880 τό

1936 4826 2255 4891 υίὶιιωὶιᾶε,
2295 4842 2428 4897 quae
2475 4824 2740 4880 tristatur
2767 4828 2948 4896 atque
2979 4823 3212 4889 taediat;
3246 4837 3384 4877 cum
3433 4836 3574 4876 vero

191 4915 483 4968 λυπεῖσθαι
537 4919 627 4966 καὶ
684 4911 965 4987 ἀδημονεῖν
1000 4932 1011 4942 ’
1083 4917 1204 4968 ὁταν
1265 4915 1601 4978 κελευστικώς
1659 4917 1805 4990 λέγῃ,

1935 4914 2273 4987 mperative
2320 4913 2507 4969 dicit:
2550 4913 2796 4979 Lazare,
2847 4913 2980 4969 veni
3021 4911 3215 4979 foras,
3262 4908 3573 4979 surgitque

192 5003 436 5077 Λάζαρε,
477 4998 630 5076 δεῦρο
670 5003 784 5068 ἔξω,
813 5008 904 5055 xui
935 5001 1122 5061 ἀνέστη
1157 5003 1257 5064 ζῶν
1305 5005 1332 5056 ὁ
1369 5009 1546 5076 νεκρός
1584 5011 1808 5080 τετραή-

1939 5002 2216 5059 edivivus
2245 5003 2349 5075 qui
2401 5001 2844 5074 quatriduanus
2882 4999 3012 5071 jam
3061 4997 3306 5054 {nitebat
3348 4997 3577 5066 (cujus-

191 5113 352 5167 μέρος
383 5088 493 5151 ἤδη
523 5091 788 5164 λελυμένος
821 5093 871 5158 (ὃ
893 5093 987 5144 ούκ
1017 5093 1211 5165 ἐγένετο
1252 5093 1341 5146 ἀπ’
1369 5091 1542 5168 ἀρχῆς
1566 5103 1662 5158 τῆς
1692 5099 1806 5148 χτί.

1937 5091 2082 5149 nodi
2107 5108 2202 5148 res
2225 5091 2305 5147 ab
2320 5091 2466 5148 orbe
2487 5090 2730 5147 condito
2750 5104 3066 5162 nunquam
3088 5084 3575 5156 acciderat).htec

196 5184 374 5254 σεως),
407 5189 502 5245 τῆς
532 5184 768 5244 θεότητος
796 5186 855 5234 τό
893 5189 1128 5254 σημεῖον,

1918 5182 2247 5239 divinitatis
2277 5180 2714 5238 demonstratio
2738 5185 2845 5237 est.

259 5363 311 5397 ²⁶
345 5359 559 5416 Matth.
594 5376 678 5428 ιιι,
710 5366 772 5416 17
802 5377 818 5429 ;
857 5375 1020 5427 xvm,
1049 5365 1100 5416 5.
1179 5361 1228 5396 ²⁵
1261 5362 1430 5416 Joan.
1462 5359 1505 5426 Ι,
1536 5364 1627 5418 29.
1705 5361 1753 5396 ²⁶
1780 5361 1897 5417 Mar

551 5403 559 5415 .
594 5376 678 5428 ιιι,
710 5366 772 5416 17
802 5377 818 5429 ;
857 5375 1020 5427 xvm,
1049 5365 1100 5416 5.
1179 5361 1228 5396 ²⁵
1261 5362 1430 5416 Joan.
1462 5359 1505 5426 Ι,
1536 5364 1627 5418 29.
1705 5361 1753 5396 ²⁶
1780 5361 1957 5417 Marc.
1993 5375 2070 5428 IV,
2102 5362 2189 5414 39.

260 5536 798 5619 (25)_Se_quentibus
827 5535 1045 5619 similia
1067 5535 1562 5619 legebamuetiani
1581 5536 1642 5619 in
1674 5553 1811 5608 spu-
1919 5538 2065 5619 Item
2093 5535 2265 5619 paria
2286 5533 2470 5619 habet
2499 5531 2732 5619 Nicetas
2751 5528 3152 5619 a‘qui‘leiensis
3177 5529 3240 5585 in
3270 5526 3578 5602 opusculo

181 5599 301 5674 rio,
346 5599 414 5663 ut
445 5599 682 5678 dicitur,
726 5623 909 5679 opere
958 5609 1029 5679 SA.
1067 5599 1376 5663 Athanasii
1415 5607 1489 5664 de
1509 5607 1646 5679 ﬁde
1673 5599 1804 5674 sua,
1915 5609 2002 5664 De
2028 5599 2266 5665 ra'tione
2293 5606 2431 5675 ﬁdei
2459 5619 2496 5661 a
2520 5618 2617 5660 me
2645 5599 2974 5674 divulgato.

185 5682 362 5758 quod
391 5685 581 5740 exstat
610 5677 824 5737 Latine
843 5681 908 5736 in
938 5677 1079 5735 edit.
1110 5679 1360 5737 Maurin.
1388 5683 1430 5735 t.
1473 5677 1544 5748 ll,
1585 5695 1647 5752 p.
1680 5682 1803 5735 629.
2295 5692 2297 5694 ·
