  <div class='ocr_page' id='page_1' title='image "/cluster/home/n/w/nwhite01/storage/ocr_20150623/140/coo.31924054870450/121.png"; bbox 0 0 4148 6394; ppageno 0'>
   <div class='ocr_carea' id='block_1_1' title="bbox 555 344 662 401">
    <p class='ocr_par' dir='ltr' id='par_1_1' title="bbox 555 344 662 401">
     <span class='ocr_line' id='line_1_1' title="bbox 555 344 662 401; baseline 0.009 -1"><span class='ocrx_word' id='word_1_1' title='bbox 555 344 662 401; x_wconf 78' lang='lat'>223</span> 
     </span>
    </p>
   </div>
   <div class='ocr_carea' id='block_1_2' title="bbox 1904 337 2590 400">
    <p class='ocr_par' dir='ltr' id='par_1_2' title="bbox 1904 337 2590 400">
     <span class='ocr_line' id='line_1_2' title="bbox 1904 337 2590 400; baseline 0.003 -2"><span class='ocrx_word' id='word_1_2' title='bbox 1904 342 1948 398; x_wconf 86' lang='grc' dir='ltr'><strong>Ν</strong></span> <span class='ocrx_word' id='word_1_3' title='bbox 1955 339 2174 399; x_wconf 68' lang='grc' dir='ltr'>ΙΟΕΤᾸΕ</span> <span class='ocrx_word' id='word_1_4' title='bbox 2213 337 2590 400; x_wconf 69' lang='lat' dir='ltr'>CHONIATE</span> 
     </span>
    </p>
   </div>
   <div class='ocr_carea' id='block_1_3' title="bbox 3821 347 3938 405">
    <p class='ocr_par' dir='ltr' id='par_1_3' title="bbox 3821 347 3938 405">
     <span class='ocr_line' id='line_1_3' title="bbox 3821 347 3938 405; baseline 0.017 -3"><span class='ocrx_word' id='word_1_5' title='bbox 3821 347 3938 405; x_wconf 71' lang='grc'>224</span> 
     </span>
    </p>
   </div>
   <div class='ocr_carea' id='block_1_4' title="bbox 557 463 2223 552">
    <p class='ocr_par' dir='ltr' id='par_1_4' title="bbox 557 465 2222 552">
     <span class='ocr_line' id='line_1_4' title="bbox 557 465 2222 552; baseline -0.001 -26"><span class='ocrx_word' id='word_1_6' title='bbox 557 467 620 526; x_wconf 90' lang='lat' dir='ltr'>S.</span> <span class='ocrx_word' id='word_1_7' title='bbox 654 466 872 540; x_wconf 81' lang='lat' dir='ltr'>Cyrilli</span> <span class='ocrx_word' id='word_1_8' title='bbox 913 479 988 526; x_wconf 73' lang='lat' dir='ltr'>ea:</span> <span class='ocrx_word' id='word_1_9' title='bbox 1019 465 1170 524; x_wconf 85' lang='lat' dir='ltr'>libro</span> <span class='ocrx_word' id='word_1_10' title='bbox 1217 480 1376 550; x_wconf 79' lang='lat' dir='ltr'>nono</span> <span class='ocrx_word' id='word_1_11' title='bbox 1407 467 1601 552; x_wconf 76' lang='lat' dir='ltr'>operis</span> <span class='ocrx_word' id='word_1_12' title='bbox 1641 467 1713 526; x_wconf 85' lang='lat' dir='ltr'>de</span> <span class='ocrx_word' id='word_1_13' title='bbox 1753 467 2109 525; x_wconf 78' lang='lat' dir='ltr'>adcretione</span> <span class='ocrx_word' id='word_1_14' title='bbox 2157 466 2222 524; x_wconf 86' lang='lat' dir='ltr'>in</span> 
     </span>
    </p>
   </div>
   <div class='ocr_carea' id='block_1_5' title="bbox 2333 463 3940 552">
    <p class='ocr_par' dir='ltr' id='par_1_5' title="bbox 2333 465 3940 552">
     <span class='ocr_line' id='line_1_5' title="bbox 2333 465 3940 552; baseline 0.001 -31"><span class='ocrx_word' id='word_1_15' title='bbox 2333 470 2433 521; x_wconf 82' lang='grc' dir='ltr'>Τοῦ</span> <span class='ocrx_word' id='word_1_16' title='bbox 2463 466 2617 539; x_wconf 81' lang='grc' dir='ltr'>ἁγίου</span> <span class='ocrx_word' id='word_1_17' title='bbox 2661 465 2916 552; x_wconf 61' lang='grc' dir='ltr'>ιςυρίλλου</span> <span class='ocrx_word' id='word_1_18' title='bbox 2974 465 3075 552; x_wconf 76' lang='grc' dir='ltr'>ἐιπρ</span> <span class='ocrx_word' id='word_1_19' title='bbox 3121 475 3216 552; x_wconf 58' lang='grc' dir='ltr'>τοᾷ</span> <span class='ocrx_word' id='word_1_20' title='bbox 3253 468 3460 552; x_wconf 68' lang='grc' dir='ltr'>ἒννάτου</span> <span class='ocrx_word' id='word_1_21' title='bbox 3485 468 3660 552; x_wconf 38' lang='grc' dir='ltr'>,λόγου</span> <span class='ocrx_word' id='word_1_22' title='bbox 3690 475 3784 525; x_wconf 85' lang='grc' dir='ltr'>τοῦ</span> <span class='ocrx_word' id='word_1_23' title='bbox 3810 479 3940 548; x_wconf 75' lang='grc' dir='ltr'>περὶ</span> 
     </span>
    </p>
   </div>
   <div class='ocr_carea' id='block_1_6' title="bbox 1269 541 1508 609">
    <p class='ocr_par' dir='ltr' id='par_1_6' title="bbox 1269 541 1508 609">
     <span class='ocr_line' id='line_1_6' title="bbox 1269 541 1508 609; baseline 0 -13"><span class='ocrx_word' id='word_1_24' title='bbox 1269 541 1508 609; x_wconf 83' lang='lat' dir='ltr'>spiritu.</span> 
     </span>
    </p>
   </div>
   <div class='ocr_carea' id='block_1_7' title="bbox 629 645 2221 722">
    <p class='ocr_par' dir='ltr' id='par_1_7' title="bbox 629 645 2221 722">
     <span class='ocr_line' id='line_1_7' title="bbox 629 645 2221 722; baseline -0.001 -18"><span class='ocrx_word' id='word_1_25' title='bbox 629 651 719 706; x_wconf 86' lang='lat'>26.</span> <span class='ocrx_word' id='word_1_26' title='bbox 752 649 879 703; x_wconf 91' lang='lat' dir='ltr'>Non</span> <span class='ocrx_word' id='word_1_27' title='bbox 913 647 1092 718; x_wconf 80' lang='lat' dir='ltr'>igitur</span> <span class='ocrx_word' id='word_1_28' title='bbox 1133 663 1376 721; x_wconf 72' lang='lat' dir='ltr'>aequare</span> <span class='ocrx_word' id='word_1_29' title='bbox 1425 648 1643 722; x_wconf 88' lang='lat' dir='ltr'>poterit</span> <span class='ocrx_word' id='word_1_30' title='bbox 1681 647 2004 705; x_wconf 83' lang='lat' dir='ltr'>divinitatis</span> <span class='ocrx_word' id='word_1_31' title='bbox 2033 645 2221 703; x_wconf 78' lang='lat' dir='ltr'>excel-</span> 
     </span>
    </p>
   </div>
   <div class='ocr_carea' id='block_1_8' title="bbox 557 737 2224 809">
    <p class='ocr_par' dir='ltr' id='par_1_8' title="bbox 557 737 2224 809">
     <span class='ocr_line' id='line_1_8' title="bbox 557 737 2224 809; baseline 0.001 -17"><span class='ocrx_word' id='word_1_32' title='bbox 557 737 802 793; x_wconf 88' lang='lat' dir='ltr'>lentiam</span> <span class='ocrx_word' id='word_1_33' title='bbox 827 737 1100 794; x_wconf 89' lang='lat' dir='ltr'>humana</span> <span class='ocrx_word' id='word_1_34' title='bbox 1124 743 1342 794; x_wconf 88' lang='lat' dir='ltr'>natura</span> <span class='ocrx_word' id='word_1_35' title='bbox 1367 757 1380 806; x_wconf 91' lang='lat'><strong>;</strong></span> <span class='ocrx_word' id='word_1_36' title='bbox 1412 739 1473 794; x_wconf 91' lang='lat' dir='ltr'>id</span> <span class='ocrx_word' id='word_1_37' title='bbox 1502 739 1660 794; x_wconf 92' lang='lat' dir='ltr'>enim</span> <span class='ocrx_word' id='word_1_38' title='bbox 1686 737 1813 794; x_wconf 86' lang='lat' dir='ltr'>ﬁeri</span> <span class='ocrx_word' id='word_1_39' title='bbox 1841 738 2088 796; x_wconf 88' lang='lat' dir='ltr'>minime</span> <span class='ocrx_word' id='word_1_40' title='bbox 2118 752 2224 809; x_wconf 68' lang='lat' dir='ltr'>po-</span> 
     </span>
    </p>
   </div>
   <div class='ocr_carea' id='block_1_9' title="bbox 557 828 2221 901">
    <p class='ocr_par' dir='ltr' id='par_1_9' title="bbox 557 828 2221 901">
     <span class='ocr_line' id='line_1_9' title="bbox 557 828 2221 901; baseline 0.002 -18"><span class='ocrx_word' id='word_1_41' title='bbox 557 831 688 884; x_wconf 89' lang='lat' dir='ltr'><strong>test.</strong></span> <span class='ocrx_word' id='word_1_42' title='bbox 715 831 940 900; x_wconf 82' lang='lat' dir='ltr'>Itaque,</span> <span class='ocrx_word' id='word_1_43' title='bbox 974 832 1038 884; x_wconf 89' lang='lat' dir='ltr'>ut</span> <span class='ocrx_word' id='word_1_44' title='bbox 1061 829 1166 901; x_wconf 88' lang='lat' dir='ltr'>qui</span> <span class='ocrx_word' id='word_1_45' title='bbox 1195 829 1386 884; x_wconf 77' lang='lat' dir='ltr'>nostri</span> <span class='ocrx_word' id='word_1_46' title='bbox 1408 829 1617 885; x_wconf 90' lang='lat' dir='ltr'>similis</span> <span class='ocrx_word' id='word_1_47' title='bbox 1649 829 1840 885; x_wconf 77' lang='lat' dir='ltr'>{actus</span> <span class='ocrx_word' id='word_1_48' title='bbox 1865 833 2038 901; x_wconf 88' lang='lat' dir='ltr'>esset,</span> <span class='ocrx_word' id='word_1_49' title='bbox 2066 828 2221 886; x_wconf 82' lang='lat' dir='ltr'>talis-</span> 
     </span>
    </p>
   </div>
   <div class='ocr_carea' id='block_1_10' title="bbox 559 916 2219 990">
    <p class='ocr_par' dir='ltr' id='par_1_10' title="bbox 559 916 2219 990">
     <span class='ocr_line' id='line_1_10' title="bbox 559 916 2219 990; baseline 0.003 -19"><span class='ocrx_word' id='word_1_50' title='bbox 559 931 679 990; x_wconf 86' lang='lat' dir='ltr'>que</span> <span class='ocrx_word' id='word_1_51' title='bbox 717 916 1163 987; x_wconf 83' lang='lat' dir='ltr'>intelligeretur,</span> <span class='ocrx_word' id='word_1_52' title='bbox 1196 917 1434 974; x_wconf 90' lang='lat' dir='ltr'>dicebat</span> <span class='ocrx_word' id='word_1_53' title='bbox 1465 936 1478 974; x_wconf 90' lang='lat'>:</span> <span class='ocrx_word' id='word_1_54' title='bbox 1517 919 1702 974; x_wconf 83' lang='lat' dir='ltr'>Pater</span> <span class='ocrx_word' id='word_1_55' title='bbox 1751 921 1947 988; x_wconf 83' lang='lat' dir='ltr'>major</span> <span class='ocrx_word' id='word_1_56' title='bbox 1975 935 2068 976; x_wconf 89' lang='lat' dir='ltr'>me</span> <span class='ocrx_word' id='word_1_57' title='bbox 2114 925 2219 987; x_wconf 88' lang='lat' dir='ltr'>est,</span> 
     </span>
    </p>
   </div>
   <div class='ocr_carea' id='block_1_11' title="bbox 564 1007 2219 1083">
    <p class='ocr_par' dir='ltr' id='par_1_11' title="bbox 564 1007 2219 1083">
     <span class='ocr_line' id='line_1_11' title="bbox 564 1007 2219 1083; baseline 0.002 -21"><span class='ocrx_word' id='word_1_58' title='bbox 564 1022 704 1062; x_wconf 91' lang='lat' dir='ltr'>cum</span> <span class='ocrx_word' id='word_1_59' title='bbox 737 1011 939 1063; x_wconf 86' lang='lat' dir='ltr'>tamen</span> <span class='ocrx_word' id='word_1_60' title='bbox 968 1007 1130 1064; x_wconf 90' lang='lat' dir='ltr'>idem</span> <span class='ocrx_word' id='word_1_61' title='bbox 1156 1025 1228 1065; x_wconf 88' lang='lat' dir='ltr'>ex</span> <span class='ocrx_word' id='word_1_62' title='bbox 1257 1013 1474 1065; x_wconf 86' lang='lat' dir='ltr'>natura</span> <span class='ocrx_word' id='word_1_63' title='bbox 1492 1008 1818 1065; x_wconf 79' lang='lat' dir='ltr'>divinitatis</span> <span class='ocrx_word' id='word_1_64' title='bbox 1841 1009 2094 1083; x_wconf 73' lang='lat' dir='ltr'>aequalis</span> <span class='ocrx_word' id='word_1_65' title='bbox 2126 1011 2219 1081; x_wconf 87' lang='lat' dir='ltr'>sit,</span> 
     </span>
    </p>
   </div>
   <div class='ocr_carea' id='block_1_12' title="bbox 563 1095 1816 1155">
    <p class='ocr_par' dir='ltr' id='par_1_12' title="bbox 563 1095 1816 1155">
     <span class='ocr_line' id='line_1_12' title="bbox 563 1095 1816 1155; baseline -0.001 0"><span class='ocrx_word' id='word_1_66' title='bbox 563 1099 620 1155; x_wconf 89' lang='lat' dir='ltr'>et</span> <span class='ocrx_word' id='word_1_67' title='bbox 650 1095 836 1153; x_wconf 88' lang='lat' dir='ltr'>nihilo</span> <span class='ocrx_word' id='word_1_68' title='bbox 859 1096 1102 1154; x_wconf 83' lang='lat' dir='ltr'>inferior</span> <span class='ocrx_word' id='word_1_69' title='bbox 1127 1097 1474 1154; x_wconf 78' lang='lat' dir='ltr'>excellentia</span> <span class='ocrx_word' id='word_1_70' title='bbox 1505 1098 1816 1155; x_wconf 87' lang='lat' dir='ltr'>Genitoris.</span> 
     </span>
    </p>
   </div>
   <div class='ocr_carea' id='block_1_13' title="bbox 1218 1205 1555 1276">
    <p class='ocr_par' dir='ltr' id='par_1_13' title="bbox 1218 1205 1555 1276">
     <span class='ocr_line' id='line_1_13' title="bbox 1218 1205 1555 1276; baseline 0.006 -16"><span class='ocrx_word' id='word_1_71' title='bbox 1218 1205 1278 1260; x_wconf 90' lang='lat' dir='ltr'>S.</span> <span class='ocrx_word' id='word_1_72' title='bbox 1309 1205 1555 1276; x_wconf 76' lang='lat' dir='ltr'>Cyrilli.</span> 
     </span>
    </p>
   </div>
   <div class='ocr_carea' id='block_1_14' title="bbox 633 1311 2216 1385">
    <p class='ocr_par' dir='ltr' id='par_1_14' title="bbox 633 1311 2216 1385">
     <span class='ocr_line' id='line_1_14' title="bbox 633 1311 2216 1385; baseline 0.004 -20"><span class='ocrx_word' id='word_1_73' title='bbox 633 1315 720 1366; x_wconf 81' lang='lat'>27.</span> <span class='ocrx_word' id='word_1_74' title='bbox 751 1314 955 1368; x_wconf 88' lang='lat' dir='ltr'>Nonne</span> <span class='ocrx_word' id='word_1_75' title='bbox 985 1311 1060 1367; x_wconf 88' lang='lat' dir='ltr'>de</span> <span class='ocrx_word' id='word_1_76' title='bbox 1091 1311 1228 1383; x_wconf 88' lang='lat' dir='ltr'>ipso</span> <span class='ocrx_word' id='word_1_77' title='bbox 1259 1313 1543 1385; x_wconf 89' lang='lat' dir='ltr'>scriptum</span> <span class='ocrx_word' id='word_1_78' title='bbox 1584 1318 1672 1369; x_wconf 87' lang='lat' dir='ltr'>est</span> <span class='ocrx_word' id='word_1_79' title='bbox 1703 1313 2040 1371; x_wconf 86' lang='lat' dir='ltr'>inferiorem</span> <span class='ocrx_word' id='word_1_80' title='bbox 2066 1331 2216 1383; x_wconf 89' lang='lat' dir='ltr'>esse,</span> 
     </span>
    </p>
   </div>
   <div class='ocr_carea' id='block_1_15' title="bbox 563 1400 2221 1476">
    <p class='ocr_par' dir='ltr' id='par_1_15' title="bbox 563 1400 2221 1476">
     <span class='ocr_line' id='line_1_15' title="bbox 563 1400 2221 1476; baseline 0.005 -21"><span class='ocrx_word' id='word_1_81' title='bbox 563 1401 727 1474; x_wconf 86' lang='lat' dir='ltr'>quod</span> <span class='ocrx_word' id='word_1_82' title='bbox 772 1401 849 1456; x_wconf 91' lang='lat' dir='ltr'>ad</span> <span class='ocrx_word' id='word_1_83' title='bbox 887 1400 1322 1458; x_wconf 87' lang='lat' dir='ltr'>humanitatem</span> <span class='ocrx_word' id='word_1_84' title='bbox 1355 1402 1582 1467; x_wconf 83' lang='lat' dir='ltr'>attinet,</span> <span class='ocrx_word' id='word_1_85' title='bbox 1611 1408 1934 1476; x_wconf 66' lang='lat' dir='ltr'>prmstante</span> <span class='ocrx_word' id='word_1_86' title='bbox 1979 1405 2221 1475; x_wconf 82' lang='lat' dir='ltr'>angelo-</span> 
     </span>
    </p>
   </div>
   <div class='ocr_carea' id='block_1_16' title="bbox 561 1489 2222 1566">
    <p class='ocr_par' dir='ltr' id='par_1_16' title="bbox 561 1489 2222 1566">
     <span class='ocr_line' id='line_1_16' title="bbox 561 1489 2222 1566; baseline 0.005 -23"><span class='ocrx_word' id='word_1_87' title='bbox 561 1504 696 1545; x_wconf 91' lang='lat' dir='ltr'>rum</span> <span class='ocrx_word' id='word_1_88' title='bbox 726 1493 975 1555; x_wconf 87' lang='lat' dir='ltr'>natura;</span> <span class='ocrx_word' id='word_1_89' title='bbox 998 1489 1273 1562; x_wconf 82' lang='lat' dir='ltr'>infraque</span> <span class='ocrx_word' id='word_1_90' title='bbox 1299 1491 1516 1547; x_wconf 90' lang='lat' dir='ltr'>horum</span> <span class='ocrx_word' id='word_1_91' title='bbox 1545 1491 1796 1561; x_wconf 78' lang='lat' dir='ltr'>gloriam</span> <span class='ocrx_word' id='word_1_92' title='bbox 1820 1494 2004 1566; x_wconf 91' lang='lat' dir='ltr'>paulo</span> <span class='ocrx_word' id='word_1_93' title='bbox 2027 1512 2222 1553; x_wconf 75' lang='lat' dir='ltr'>mino-</span> 
     </span>
    </p>
   </div>
   <div class='ocr_carea' id='block_1_17' title="bbox 560 1578 2218 1643">
    <p class='ocr_par' dir='ltr' id='par_1_17' title="bbox 560 1578 2218 1643">
     <span class='ocr_line' id='line_1_17' title="bbox 560 1578 2218 1643; baseline 0.006 -10"><span class='ocrx_word' id='word_1_94' title='bbox 560 1578 807 1633; x_wconf 84' lang='lat' dir='ltr'>ratum?</span> <span class='ocrx_word' id='word_1_95' title='bbox 847 1581 931 1634; x_wconf 84' lang='lat' dir='ltr'>Ita</span> <span class='ocrx_word' id='word_1_96' title='bbox 961 1582 1066 1635; x_wconf 90' lang='lat' dir='ltr'>est.</span> <span class='ocrx_word' id='word_1_97' title='bbox 1105 1579 1258 1636; x_wconf 85' lang='lat' dir='ltr'>Dixit</span> <span class='ocrx_word' id='word_1_98' title='bbox 1304 1581 1463 1636; x_wconf 90' lang='lat' dir='ltr'>enim</span> <span class='ocrx_word' id='word_1_99' title='bbox 1494 1581 1719 1637; x_wconf 90' lang='lat' dir='ltr'>Paulus</span> <span class='ocrx_word' id='word_1_100' title='bbox 1754 1599 1767 1636; x_wconf 91' lang='lat'>:</span> <span class='ocrx_word' id='word_1_101' title='bbox 1818 1585 1972 1640; x_wconf 90' lang='lat' dir='ltr'>Eum</span> <span class='ocrx_word' id='word_1_102' title='bbox 2021 1591 2218 1643; x_wconf 84' lang='lat' dir='ltr'>autem</span> 
     </span>
    </p>
   </div>
   <div class='ocr_carea' id='block_1_18' title="bbox 560 1669 2221 1741">
    <p class='ocr_par' dir='ltr' id='par_1_18' title="bbox 560 1669 2221 1741">
     <span class='ocr_line' id='line_1_18' title="bbox 560 1669 2221 1741; baseline 0.007 -20"><span class='ocrx_word' id='word_1_103' title='bbox 560 1669 666 1739; x_wconf 86' lang='lat' dir='ltr'>qui</span> <span class='ocrx_word' id='word_1_104' title='bbox 683 1669 914 1724; x_wconf 85' lang='lat' dir='ltr'>modico</span> <span class='ocrx_word' id='word_1_105' title='bbox 937 1685 1117 1741; x_wconf 85' lang='lat' dir='ltr'>quam</span> <span class='ocrx_word' id='word_1_106' title='bbox 1144 1673 1349 1740; x_wconf 83' lang='lat' dir='ltr'>angeli</span> <span class='ocrx_word' id='word_1_107' title='bbox 1371 1675 1707 1728; x_wconf 82' lang='lat' dir='ltr'>minoratus</span> <span class='ocrx_word' id='word_1_108' title='bbox 1725 1680 1826 1740; x_wconf 88' lang='lat' dir='ltr'>est,</span> <span class='ocrx_word' id='word_1_109' title='bbox 1843 1676 2108 1732; x_wconf 80' lang='lat' dir='ltr'>videmus</span> <span class='ocrx_word' id='word_1_110' title='bbox 2127 1679 2221 1734; x_wconf 88' lang='lat' dir='ltr'>Je-</span> 
     </span>
    </p>
   </div>
   <div class='ocr_carea' id='block_1_19' title="bbox 559 1763 2222 1832">
    <p class='ocr_par' dir='ltr' id='par_1_19' title="bbox 559 1763 2222 1832">
     <span class='ocr_line' id='line_1_19' title="bbox 559 1763 2222 1832; baseline 0.007 -20"><span class='ocrx_word' id='word_1_111' title='bbox 559 1773 710 1821; x_wconf 83' lang='lat' dir='ltr'>sum,</span> <span class='ocrx_word' id='word_1_112' title='bbox 738 1764 984 1827; x_wconf 81' lang='lat' dir='ltr'>propter</span> <span class='ocrx_word' id='word_1_113' title='bbox 1015 1763 1349 1828; x_wconf 75' lang='lat' dir='ltr'>passionem</span> <span class='ocrx_word' id='word_1_114' title='bbox 1386 1763 1616 1828; x_wconf 86' lang='lat' dir='ltr'>mortis,</span> <span class='ocrx_word' id='word_1_115' title='bbox 1671 1765 1870 1832; x_wconf 81' lang='lat' dir='ltr'>gloria</span> <span class='ocrx_word' id='word_1_116' title='bbox 1915 1771 1969 1821; x_wconf 88' lang='lat' dir='ltr'>et</span> <span class='ocrx_word' id='word_1_117' title='bbox 1997 1765 2222 1824; x_wconf 81' lang='lat' dir='ltr'>honore</span> 
     </span>
    </p>
   </div>
   <div class='ocr_carea' id='block_1_20' title="bbox 563 1848 2222 1926">
    <p class='ocr_par' dir='ltr' id='par_1_20' title="bbox 563 1848 2222 1926">
     <span class='ocr_line' id='line_1_20' title="bbox 563 1848 2222 1926; baseline 0.006 -23"><span class='ocrx_word' id='word_1_118' title='bbox 563 1855 930 1903; x_wconf 84' lang='lat' dir='ltr'>coronatum.</span> <span class='ocrx_word' id='word_1_119' title='bbox 963 1851 1035 1904; x_wconf 89' lang='lat' dir='ltr'>At</span> <span class='ocrx_word' id='word_1_120' title='bbox 1063 1848 1210 1921; x_wconf 88' lang='lat' dir='ltr'>quid</span> <span class='ocrx_word' id='word_1_121' title='bbox 1253 1865 1451 1906; x_wconf 65' lang='lat' dir='ltr'>cauete</span> <span class='ocrx_word' id='word_1_122' title='bbox 1485 1851 1580 1916; x_wconf 91' lang='lat' dir='ltr'>sit,</span> <span class='ocrx_word' id='word_1_123' title='bbox 1616 1867 1722 1907; x_wconf 92' lang='lat' dir='ltr'>cur</span> <span class='ocrx_word' id='word_1_124' title='bbox 1754 1852 1889 1910; x_wconf 90' lang='lat' dir='ltr'>licet</span> <span class='ocrx_word' id='word_1_125' title='bbox 1931 1861 2222 1926; x_wconf 67' lang='lat' dir='ltr'>praestan-</span> 
     </span>
    </p>
   </div>
   <div class='ocr_carea' id='block_1_21' title="bbox 561 1935 2226 2012">
    <p class='ocr_par' dir='ltr' id='par_1_21' title="bbox 561 1935 2226 2012">
     <span class='ocr_line' id='line_1_21' title="bbox 561 1935 2226 2012; baseline 0.007 -20"><span class='ocrx_word' id='word_1_126' title='bbox 561 1935 774 1992; x_wconf 90' lang='lat' dir='ltr'>tiorem</span> <span class='ocrx_word' id='word_1_127' title='bbox 815 1940 1095 1992; x_wconf 86' lang='lat' dir='ltr'>naturam</span> <span class='ocrx_word' id='word_1_128' title='bbox 1125 1939 1282 1994; x_wconf 89' lang='lat' dir='ltr'>nacti</span> <span class='ocrx_word' id='word_1_129' title='bbox 1313 1956 1590 2010; x_wconf 73' lang='lat' dir='ltr'>supernae</span> <span class='ocrx_word' id='word_1_130' title='bbox 1622 1941 1874 1998; x_wconf 86' lang='lat' dir='ltr'>civitatis</span> <span class='ocrx_word' id='word_1_131' title='bbox 1903 1943 2134 2012; x_wconf 65' lang='lat' dir='ltr'>incolae,</span> <span class='ocrx_word' id='word_1_132' title='bbox 2168 1952 2226 2004; x_wconf 90' lang='lat' dir='ltr'>et</span> 
     </span>
    </p>
   </div>
   <div class='ocr_carea' id='block_1_22' title="bbox 563 2024 2222 2103">
    <p class='ocr_par' dir='ltr' id='par_1_22' title="bbox 563 2024 2222 2103">
     <span class='ocr_line' id='line_1_22' title="bbox 563 2024 2222 2103; baseline 0.009 -26"><span class='ocrx_word' id='word_1_133' title='bbox 563 2024 893 2081; x_wconf 88' lang='lat' dir='ltr'>certissima</span> <span class='ocrx_word' id='word_1_134' title='bbox 916 2031 1095 2099; x_wconf 90' lang='lat' dir='ltr'>atque</span> <span class='ocrx_word' id='word_1_135' title='bbox 1122 2027 1464 2085; x_wconf 88' lang='lat' dir='ltr'>indubitata</span> <span class='ocrx_word' id='word_1_136' title='bbox 1488 2045 1737 2102; x_wconf 87' lang='lat' dir='ltr'>prorsus</span> <span class='ocrx_word' id='word_1_137' title='bbox 1762 2031 1861 2088; x_wconf 89' lang='lat' dir='ltr'>Dei</span> <span class='ocrx_word' id='word_1_138' title='bbox 1879 2035 2222 2103; x_wconf 83' lang='lat' dir='ltr'>cognitione</span> 
     </span>
    </p>
   </div>
   <div class='ocr_carea' id='block_1_23' title="bbox 561 2113 2223 2196">
    <p class='ocr_par' dir='ltr' id='par_1_23' title="bbox 561 2113 2223 2196">
     <span class='ocr_line' id='line_1_23' title="bbox 561 2113 2223 2196; baseline 0.01 -30"><span class='ocrx_word' id='word_1_139' title='bbox 561 2113 815 2186; x_wconf 66' lang='lat' dir='ltr'>praediti,</span> <span class='ocrx_word' id='word_1_140' title='bbox 849 2113 1018 2170; x_wconf 91' lang='lat' dir='ltr'>illum</span> <span class='ocrx_word' id='word_1_141' title='bbox 1050 2118 1155 2188; x_wconf 89' lang='lat' dir='ltr'>qui</span> <span class='ocrx_word' id='word_1_142' title='bbox 1187 2121 1400 2173; x_wconf 88' lang='lat' dir='ltr'>natura</span> <span class='ocrx_word' id='word_1_143' title='bbox 1441 2117 1680 2174; x_wconf 88' lang='lat' dir='ltr'>inferior</span> <span class='ocrx_word' id='word_1_144' title='bbox 1708 2125 1816 2187; x_wconf 87' lang='lat' dir='ltr'>est,</span> <span class='ocrx_word' id='word_1_145' title='bbox 1849 2126 1907 2178; x_wconf 90' lang='lat' dir='ltr'>et</span> <span class='ocrx_word' id='word_1_146' title='bbox 1951 2123 2223 2196; x_wconf 89' lang='lat' dir='ltr'>ipsorum</span> 
     </span>
    </p>
   </div>
   <div class='ocr_carea' id='block_1_24' title="bbox 564 2201 2220 2285">
    <p class='ocr_par' dir='ltr' id='par_1_24' title="bbox 564 2201 2220 2285">
     <span class='ocr_line' id='line_1_24' title="bbox 564 2201 2220 2285; baseline 0.009 -30"><span class='ocrx_word' id='word_1_147' title='bbox 564 2201 761 2270; x_wconf 78' lang='lat' dir='ltr'>gloriae</span> <span class='ocrx_word' id='word_1_148' title='bbox 785 2203 961 2263; x_wconf 83' lang='lat' dir='ltr'>cedit.</span> <span class='ocrx_word' id='word_1_149' title='bbox 988 2204 1370 2262; x_wconf 89' lang='lat' dir='ltr'>adorandum</span> <span class='ocrx_word' id='word_1_150' title='bbox 1402 2206 1663 2278; x_wconf 85' lang='lat' dir='ltr'>fecerint,</span> <span class='ocrx_word' id='word_1_151' title='bbox 1697 2225 1950 2282; x_wconf 87' lang='lat' dir='ltr'>expone,</span> <span class='ocrx_word' id='word_1_152' title='bbox 1993 2229 2220 2285; x_wconf 62' lang='lat' dir='ltr'>quaeso.</span> 
     </span>
    </p>
   </div>
   <div class='ocr_carea' id='block_1_25' title="bbox 569 2291 2226 2370">
    <p class='ocr_par' dir='ltr' id='par_1_25' title="bbox 569 2291 2226 2370">
     <span class='ocr_line' id='line_1_25' title="bbox 569 2291 2226 2370; baseline 0.01 -26"><span class='ocrx_word' id='word_1_153' title='bbox 569 2291 861 2370; x_wconf 72' lang='lat' dir='ltr'>Equidem</span> <span class='ocrx_word' id='word_1_154' title='bbox 913 2297 1030 2348; x_wconf 73' lang='lat' dir='ltr'>tuae</span> <span class='ocrx_word' id='word_1_155' title='bbox 1053 2293 1179 2364; x_wconf 86' lang='lat' dir='ltr'>jam</span> <span class='ocrx_word' id='word_1_156' title='bbox 1215 2299 1352 2351; x_wconf 86' lang='lat' dir='ltr'>sunt</span> <span class='ocrx_word' id='word_1_157' title='bbox 1399 2296 1492 2352; x_wconf 68' lang='lat' dir='ltr'>hae</span> <span class='ocrx_word' id='word_1_158' title='bbox 1547 2303 1764 2370; x_wconf 89' lang='lat' dir='ltr'>partes.</span> <span class='ocrx_word' id='word_1_159' title='bbox 1801 2301 2002 2369; x_wconf 84' lang='lat' dir='ltr'>Igitur,</span> <span class='ocrx_word' id='word_1_160' title='bbox 2040 2302 2089 2358; x_wconf 92' lang='lat' dir='ltr'>si</span> <span class='ocrx_word' id='word_1_161' title='bbox 2137 2307 2226 2360; x_wconf 90' lang='lat' dir='ltr'>est</span> 
     </span>
    </p>
   </div>
   <div class='ocr_carea' id='block_1_26' title="bbox 560 2363 2226 2460">
    <p class='ocr_par' dir='ltr' id='par_1_26' title="bbox 560 2363 2226 2460">
     <span class='ocr_line' id='line_1_26' title="bbox 560 2363 2226 2460; baseline 0.01 -27"><span class='ocrx_word' id='word_1_162' title='bbox 560 2363 723 2434; x_wconf 89' lang='lat' dir='ltr'>idem</span> <span class='ocrx_word' id='word_1_163' title='bbox 759 2384 816 2436; x_wconf 88' lang='lat' dir='ltr'>et</span> <span class='ocrx_word' id='word_1_164' title='bbox 844 2363 1090 2438; x_wconf 88' lang='lat' dir='ltr'>inferior</span> <span class='ocrx_word' id='word_1_165' title='bbox 1119 2383 1315 2450; x_wconf 89' lang='lat' dir='ltr'>simul,</span> <span class='ocrx_word' id='word_1_166' title='bbox 1350 2388 1406 2440; x_wconf 88' lang='lat' dir='ltr'>et</span> <span class='ocrx_word' id='word_1_167' title='bbox 1435 2385 1994 2460; x_wconf 87' lang='lat' dir='ltr'>incomparabiliter</span> <span class='ocrx_word' id='word_1_168' title='bbox 2036 2395 2226 2450; x_wconf 87' lang='lat' dir='ltr'>excel-</span> 
     </span>
    </p>
   </div>
   <div class='ocr_carea' id='block_1_27' title="bbox 562 2467 2221 2550">
    <p class='ocr_par' dir='ltr' id='par_1_27' title="bbox 562 2467 2221 2550">
     <span class='ocr_line' id='line_1_27' title="bbox 562 2467 2221 2550; baseline 0.008 -26"><span class='ocrx_word' id='word_1_169' title='bbox 562 2467 712 2531; x_wconf 89' lang='lat' dir='ltr'>lens,</span> <span class='ocrx_word' id='word_1_170' title='bbox 743 2468 914 2526; x_wconf 88' lang='lat' dir='ltr'>facile</span> <span class='ocrx_word' id='word_1_171' title='bbox 947 2471 1281 2527; x_wconf 87' lang='lat' dir='ltr'>tribuemus</span> <span class='ocrx_word' id='word_1_172' title='bbox 1305 2473 1661 2531; x_wconf 88' lang='lat' dir='ltr'>humanitati</span> <span class='ocrx_word' id='word_1_173' title='bbox 1692 2477 1752 2532; x_wconf 94' lang='lat' dir='ltr'>id</span> <span class='ocrx_word' id='word_1_174' title='bbox 1783 2479 1948 2550; x_wconf 90' lang='lat' dir='ltr'>quod</span> <span class='ocrx_word' id='word_1_175' title='bbox 1973 2480 2221 2538; x_wconf 89' lang='lat' dir='ltr'>inferius</span> 
     </span>
    </p>
   </div>
   <div class='ocr_carea' id='block_1_28' title="bbox 565 2558 2220 2635">
    <p class='ocr_par' dir='ltr' id='par_1_28' title="bbox 565 2558 2220 2635">
     <span class='ocr_line' id='line_1_28' title="bbox 565 2558 2220 2635; baseline 0.008 -23"><span class='ocrx_word' id='word_1_176' title='bbox 565 2561 672 2625; x_wconf 87' lang='lat' dir='ltr'>est,</span> <span class='ocrx_word' id='word_1_177' title='bbox 703 2558 864 2629; x_wconf 92' lang='lat' dir='ltr'>quod</span> <span class='ocrx_word' id='word_1_178' title='bbox 898 2559 957 2614; x_wconf 91' lang='lat' dir='ltr'>in</span> <span class='ocrx_word' id='word_1_179' title='bbox 999 2576 1134 2616; x_wconf 88' lang='lat' dir='ltr'>eam</span> <span class='ocrx_word' id='word_1_180' title='bbox 1165 2578 1430 2632; x_wconf 81' lang='lat' dir='ltr'>congrue</span> <span class='ocrx_word' id='word_1_181' title='bbox 1460 2563 1618 2620; x_wconf 91' lang='lat' dir='ltr'>cadit</span> <span class='ocrx_word' id='word_1_182' title='bbox 1643 2566 1923 2635; x_wconf 88' lang='lat' dir='ltr'>(multum</span> <span class='ocrx_word' id='word_1_183' title='bbox 1955 2572 2112 2625; x_wconf 88' lang='lat' dir='ltr'>enim</span> <span class='ocrx_word' id='word_1_184' title='bbox 2137 2571 2220 2626; x_wconf 92' lang='lat' dir='ltr'>di-</span> 
     </span>
    </p>
   </div>
   <div class='ocr_carea' id='block_1_29' title="bbox 564 2647 2220 2719">
    <p class='ocr_par' dir='ltr' id='par_1_29' title="bbox 564 2647 2220 2719">
     <span class='ocr_line' id='line_1_29' title="bbox 564 2647 2220 2719; baseline 0.01 -19"><span class='ocrx_word' id='word_1_185' title='bbox 564 2649 678 2701; x_wconf 89' lang='lat' dir='ltr'>stat</span> <span class='ocrx_word' id='word_1_186' title='bbox 709 2647 788 2702; x_wconf 90' lang='lat' dir='ltr'>ab</span> <span class='ocrx_word' id='word_1_187' title='bbox 817 2649 1045 2718; x_wconf 82' lang='lat' dir='ltr'>angelis</span> <span class='ocrx_word' id='word_1_188' title='bbox 1075 2655 1291 2706; x_wconf 88' lang='lat' dir='ltr'>natura</span> <span class='ocrx_word' id='word_1_189' title='bbox 1328 2651 1654 2719; x_wconf 91' lang='lat' dir='ltr'>hominis):</span> <span class='ocrx_word' id='word_1_190' title='bbox 1688 2655 1891 2712; x_wconf 86' lang='lat' dir='ltr'>deitati</span> <span class='ocrx_word' id='word_1_191' title='bbox 1922 2673 2064 2715; x_wconf 90' lang='lat' dir='ltr'>vero</span> <span class='ocrx_word' id='word_1_192' title='bbox 2094 2676 2220 2716; x_wconf 83' lang='lat' dir='ltr'>om-</span> 
     </span>
    </p>
   </div>
   <div class='ocr_carea' id='block_1_30' title="bbox 563 2735 2219 2821">
    <p class='ocr_par' dir='ltr' id='par_1_30' title="bbox 563 2735 2219 2821">
     <span class='ocr_line' id='line_1_30' title="bbox 563 2735 2219 2821; baseline 0.01 -31"><span class='ocrx_word' id='word_1_193' title='bbox 563 2735 664 2791; x_wconf 90' lang='lat' dir='ltr'>nia</span> <span class='ocrx_word' id='word_1_194' title='bbox 691 2738 1016 2808; x_wconf 85' lang='lat' dir='ltr'>superanti,</span> <span class='ocrx_word' id='word_1_195' title='bbox 1054 2742 1504 2810; x_wconf 90' lang='lat' dir='ltr'>supereminere</span> <span class='ocrx_word' id='word_1_196' title='bbox 1548 2749 1604 2799; x_wconf 92' lang='lat' dir='ltr'>et</span> <span class='ocrx_word' id='word_1_197' title='bbox 1643 2745 1827 2801; x_wconf 87' lang='lat' dir='ltr'>attolli</span> <span class='ocrx_word' id='word_1_198' title='bbox 1886 2763 2072 2821; x_wconf 89' lang='lat' dir='ltr'>supra</span> <span class='ocrx_word' id='word_1_199' title='bbox 2124 2767 2219 2806; x_wconf 91' lang='lat' dir='ltr'>res</span> 
     </span>
    </p>
   </div>
   <div class='ocr_carea' id='block_1_31' title="bbox 563 2828 2219 2897">
    <p class='ocr_par' dir='ltr' id='par_1_31' title="bbox 563 2828 2219 2897">
     <span class='ocr_line' id='line_1_31' title="bbox 563 2828 2219 2897; baseline 0.01 -18"><span class='ocrx_word' id='word_1_200' title='bbox 563 2831 878 2893; x_wconf 88' lang='lat' dir='ltr'>creatas,et</span> <span class='ocrx_word' id='word_1_201' title='bbox 909 2828 1060 2884; x_wconf 87' lang='lat' dir='ltr'>ultra</span> <span class='ocrx_word' id='word_1_202' title='bbox 1090 2846 1335 2886; x_wconf 81' lang='lat' dir='ltr'>omnem</span> <span class='ocrx_word' id='word_1_203' title='bbox 1361 2832 1715 2890; x_wconf 89' lang='lat' dir='ltr'>rationalem</span> <span class='ocrx_word' id='word_1_204' title='bbox 1740 2836 2139 2895; x_wconf 88' lang='lat' dir='ltr'>substantiam</span> <span class='ocrx_word' id='word_1_205' title='bbox 2162 2844 2219 2897; x_wconf 91' lang='lat' dir='ltr'>et</span> 
     </span>
    </p>
   </div>
   <div class='ocr_carea' id='block_1_32' title="bbox 562 2919 2216 2990">
    <p class='ocr_par' dir='ltr' id='par_1_32' title="bbox 562 2919 2216 2990">
     <span class='ocr_line' id='line_1_32' title="bbox 562 2919 2216 2990; baseline 0.01 -22"><span class='ocrx_word' id='word_1_206' title='bbox 562 2929 743 2969; x_wconf 91' lang='lat' dir='ltr'>omne</span> <span class='ocrx_word' id='word_1_207' title='bbox 773 2931 994 2972; x_wconf 91' lang='lat' dir='ltr'>nomen</span> <span class='ocrx_word' id='word_1_208' title='bbox 1027 2919 1191 2990; x_wconf 86' lang='lat' dir='ltr'>quod</span> <span class='ocrx_word' id='word_1_209' title='bbox 1222 2921 1591 2987; x_wconf 89' lang='lat' dir='ltr'>nominatur,</span> <span class='ocrx_word' id='word_1_210' title='bbox 1617 2924 2086 2983; x_wconf 86' lang='lat' dir='ltr'>substantialiter</span> <span class='ocrx_word' id='word_1_211' title='bbox 2114 2945 2216 2985; x_wconf 87' lang='lat' dir='ltr'>ex-</span> 
     </span>
    </p>
   </div>
   <div class='ocr_carea' id='block_1_33' title="bbox 560 3002 2216 3088">
    <p class='ocr_par' dir='ltr' id='par_1_33' title="bbox 560 3002 2216 3088">
     <span class='ocr_line' id='line_1_33' title="bbox 560 3002 2216 3088; baseline 0.01 -30"><span class='ocrx_word' id='word_1_212' title='bbox 560 3002 770 3058; x_wconf 88' lang='lat' dir='ltr'>cedere</span> <span class='ocrx_word' id='word_1_213' title='bbox 801 3006 1224 3062; x_wconf 88' lang='lat' dir='ltr'>concedemus.</span> <span class='ocrx_word' id='word_1_214' title='bbox 1260 3008 1363 3063; x_wconf 89' lang='lat' dir='ltr'>Sin</span> <span class='ocrx_word' id='word_1_215' title='bbox 1391 3015 1591 3065; x_wconf 90' lang='lat' dir='ltr'>autem</span> <span class='ocrx_word' id='word_1_216' title='bbox 1620 3012 1798 3068; x_wconf 87' lang='lat' dir='ltr'>etiam</span> <span class='ocrx_word' id='word_1_217' title='bbox 1831 3014 2065 3088; x_wconf 88' lang='lat' dir='ltr'>absque</span> <span class='ocrx_word' id='word_1_218' title='bbox 2092 3033 2216 3073; x_wconf 89' lang='lat' dir='ltr'>car-</span> 
     </span>
    </p>
   </div>
   <div class='ocr_carea' id='block_1_34' title="bbox 561 3092 2215 3162">
    <p class='ocr_par' dir='ltr' id='par_1_34' title="bbox 561 3092 2215 3162">
     <span class='ocr_line' id='line_1_34' title="bbox 561 3092 2215 3162; baseline 0.01 -15"><span class='ocrx_word' id='word_1_219' title='bbox 561 3096 725 3156; x_wconf 88' lang='lat' dir='ltr'>ne,et</span> <span class='ocrx_word' id='word_1_220' title='bbox 753 3092 1028 3149; x_wconf 90' lang='lat' dir='ltr'>nondum</span> <span class='ocrx_word' id='word_1_221' title='bbox 1061 3095 1598 3154; x_wconf 81' lang='lat' dir='ltr'>humanitativelut</span> <span class='ocrx_word' id='word_1_222' title='bbox 1627 3100 1914 3158; x_wconf 89' lang='lat' dir='ltr'>insertum</span> <span class='ocrx_word' id='word_1_223' title='bbox 1935 3106 2215 3162; x_wconf 90' lang='lat' dir='ltr'>Verbum-</span> 
     </span>
    </p>
   </div>
   <div class='ocr_carea' id='block_1_35' title="bbox 2570 540 3684 618">
    <p class='ocr_par' dir='ltr' id='par_1_35' title="bbox 2570 540 3684 618">
     <span class='ocr_line' id='line_1_35' title="bbox 2570 540 3684 618; baseline 0.007 -27"><span class='ocrx_word' id='word_1_224' title='bbox 2570 547 2664 603; x_wconf 84' lang='grc' dir='ltr'>τῆς</span> <span class='ocrx_word' id='word_1_225' title='bbox 2695 540 2749 591; x_wconf 79' lang='grc' dir='ltr'>ἓν</span> <span class='ocrx_word' id='word_1_226' title='bbox 2772 542 3028 614; x_wconf 76' lang='grc' dir='ltr'>πνεύματι</span> <span class='ocrx_word' id='word_1_227' title='bbox 3043 540 3298 618; x_wconf 83' lang='grc' dir='ltr'>λατρείας.</span> <span class='ocrx_word' id='word_1_228' title='bbox 3326 549 3447 617; x_wconf 80' lang='grc' dir='ltr'>Κεφ.</span> <span class='ocrx_word' id='word_1_229' title='bbox 3551 540 3684 613; x_wconf 64' lang='lat'>(26).</span> 
     </span>
    </p>
   </div>
   <div class='ocr_carea' id='block_1_36' title="bbox 2401 642 3944 724">
    <p class='ocr_par' dir='ltr' id='par_1_36' title="bbox 2401 642 3944 724">
     <span class='ocr_line' id='line_1_36' title="bbox 2401 642 3944 724; baseline 0.004 -28"><span class='ocrx_word' id='word_1_230' title='bbox 2401 643 2500 706; x_wconf 75' lang='grc' dir='ltr'>κζ’.</span> <span class='ocrx_word' id='word_1_231' title='bbox 2534 642 2736 699; x_wconf 73' lang='grc' dir='ltr'>Οὐκοῦν</span> <span class='ocrx_word' id='word_1_232' title='bbox 2765 646 2859 700; x_wconf 77' lang='grc' dir='ltr'>οὐκ</span> <span class='ocrx_word' id='word_1_233' title='bbox 2889 646 3226 710; x_wconf 79' lang='grc' dir='ltr'>ὶσοστατήσιι</span> <span class='ocrx_word' id='word_1_234' title='bbox 3253 658 3344 712; x_wconf 83' lang='grc' dir='ltr'>τῆς</span> <span class='ocrx_word' id='word_1_235' title='bbox 3375 652 3612 713; x_wconf 81' lang='grc' dir='ltr'>θεότητος</span> <span class='ocrx_word' id='word_1_236' title='bbox 3641 651 3944 724; x_wconf 80' lang='grc' dir='ltr'>ὑπεροχαῖς</span> 
     </span>
    </p>
   </div>
   <div class='ocr_carea' id='block_1_37' title="bbox 2329 733 3944 814">
    <p class='ocr_par' dir='ltr' id='par_1_37' title="bbox 2329 733 3944 814">
     <span class='ocr_line' id='line_1_37' title="bbox 2329 733 3944 814; baseline 0.004 -29"><span class='ocrx_word' id='word_1_237' title='bbox 2329 737 2388 786; x_wconf 84' lang='grc' dir='ltr'>τὸ</span> <span class='ocrx_word' id='word_1_238' title='bbox 2429 733 2746 810; x_wconf 77' lang='grc' dir='ltr'>ἀνθρώπινον</span> <span class='ocrx_word' id='word_1_239' title='bbox 2778 757 2790 770; x_wconf 88' lang='grc'><strong>·</strong></span> <span class='ocrx_word' id='word_1_240' title='bbox 2850 736 3041 790; x_wconf 80' lang='grc' dir='ltr'>πολλοῦ</span> <span class='ocrx_word' id='word_1_241' title='bbox 3095 758 3156 811; x_wconf 78' lang='grc' dir='ltr'>γε</span> <span class='ocrx_word' id='word_1_242' title='bbox 3211 744 3302 794; x_wconf 79' lang='grc' dir='ltr'>καὶ</span> <span class='ocrx_word' id='word_1_243' title='bbox 3360 735 3460 792; x_wconf 79' lang='grc' dir='ltr'>δεῖ.</span> <span class='ocrx_word' id='word_1_244' title='bbox 3515 741 3798 814; x_wconf 74' lang='grc' dir='ltr'>Τοιγάρτοι</span> <span class='ocrx_word' id='word_1_245' title='bbox 3841 743 3944 792; x_wconf 80' lang='grc' dir='ltr'>καὶ</span> 
     </span>
    </p>
   </div>
   <div class='ocr_carea' id='block_1_38' title="bbox 2329 825 3940 902">
    <p class='ocr_par' dir='ltr' id='par_1_38' title="bbox 2329 825 3940 902">
     <span class='ocr_line' id='line_1_38' title="bbox 2329 825 3940 902; baseline 0.004 -26"><span class='ocrx_word' id='word_1_246' title='bbox 2329 825 2549 896; x_wconf 77' lang='grc' dir='ltr'>ἔφασκεν</span> <span class='ocrx_word' id='word_1_247' title='bbox 2571 827 2640 886; x_wconf 83' lang='grc' dir='ltr'>ὡς</span> <span class='ocrx_word' id='word_1_248' title='bbox 2659 825 2778 878; x_wconf 81' lang='grc' dir='ltr'>καθ’</span> <span class='ocrx_word' id='word_1_249' title='bbox 2799 828 2940 898; x_wconf 79' lang='grc' dir='ltr'>ἡμᾶς</span> <span class='ocrx_word' id='word_1_250' title='bbox 2965 832 3184 900; x_wconf 83' lang='grc' dir='ltr'>γεγονὼς</span> <span class='ocrx_word' id='word_1_251' title='bbox 3213 833 3303 883; x_wconf 84' lang='grc' dir='ltr'>καὶ</span> <span class='ocrx_word' id='word_1_252' title='bbox 3335 833 3630 902; x_wconf 79' lang='grc' dir='ltr'>νοούμενος⁶</span> <span class='ocrx_word' id='word_1_253' title='bbox 3656 828 3716 880; x_wconf 78' lang='grc' dir='ltr'><strong>Ὀ</strong></span> <span class='ocrx_word' id='word_1_254' title='bbox 3746 834 3940 902; x_wconf 76' lang='grc' dir='ltr'>Πατήρ</span> 
     </span>
    </p>
   </div>
   <div class='ocr_carea' id='block_1_39' title="bbox 2328 914 3942 991">
    <p class='ocr_par' dir='ltr' id='par_1_39' title="bbox 2328 914 3942 991">
     <span class='ocr_line' id='line_1_39' title="bbox 2328 914 3942 991; baseline 0.003 -26"><span class='ocrx_word' id='word_1_255' title='bbox 2328 932 2429 986; x_wconf 87' lang='grc' dir='ltr'>μου</span> <span class='ocrx_word' id='word_1_256' title='bbox 2469 914 2660 986; x_wconf 79' lang='grc' dir='ltr'>μείζων</span> <span class='ocrx_word' id='word_1_257' title='bbox 2691 917 2791 988; x_wconf 82' lang='grc' dir='ltr'>μού</span> <span class='ocrx_word' id='word_1_258' title='bbox 2821 914 2956 984; x_wconf 74' lang='grc' dir='ltr'>ἔστι,</span> <span class='ocrx_word' id='word_1_259' title='bbox 2997 921 3170 972; x_wconf 88' lang='grc' dir='ltr'>καίτοι</span> <span class='ocrx_word' id='word_1_260' title='bbox 3198 919 3334 972; x_wconf 82' lang='grc' dir='ltr'>κατὰ</span> <span class='ocrx_word' id='word_1_261' title='bbox 3359 920 3514 991; x_wconf 83' lang='grc' dir='ltr'>φύσιν</span> <span class='ocrx_word' id='word_1_262' title='bbox 3542 919 3780 979; x_wconf 81' lang='grc' dir='ltr'>θεότητος</span> <span class='ocrx_word' id='word_1_263' title='bbox 3812 917 3942 970; x_wconf 84' lang='grc' dir='ltr'>ἰσο-</span> 
     </span>
    </p>
   </div>
   <div class='ocr_carea' id='block_1_40' title="bbox 2327 1005 3943 1084">
    <p class='ocr_par' dir='ltr' id='par_1_40' title="bbox 2327 1005 3943 1084">
     <span class='ocr_line' id='line_1_40' title="bbox 2327 1005 3943 1084; baseline 0.002 -29"><span class='ocrx_word' id='word_1_264' title='bbox 2327 1005 2524 1075; x_wconf 85' lang='grc' dir='ltr'>μέτρως</span> <span class='ocrx_word' id='word_1_265' title='bbox 2553 1005 2714 1076; x_wconf 73' lang='grc' dir='ltr'>ἔχων,</span> <span class='ocrx_word' id='word_1_266' title='bbox 2757 1009 2841 1058; x_wconf 77' lang='grc' dir='ltr'>καὶ</span> <span class='ocrx_word' id='word_1_267' title='bbox 2870 1013 2964 1068; x_wconf 77' lang='grc' dir='ltr'>τῆς</span> <span class='ocrx_word' id='word_1_268' title='bbox 2997 1013 3088 1060; x_wconf 82' lang='grc' dir='ltr'>τοῦ</span> <span class='ocrx_word' id='word_1_269' title='bbox 3124 1010 3358 1070; x_wconf 85' lang='grc' dir='ltr'>τέκοντος</span> <span class='ocrx_word' id='word_1_270' title='bbox 3387 1009 3658 1084; x_wconf 76' lang='grc' dir='ltr'>ὑπεροχῆς</span> <span class='ocrx_word' id='word_1_271' title='bbox 3693 1006 3802 1080; x_wconf 74' lang='grc' dir='ltr'>οὐχ</span> <span class='ocrx_word' id='word_1_272' title='bbox 3831 1007 3943 1066; x_wconf 79' lang='grc' dir='ltr'>ἠτ-</span> 
     </span>
    </p>
   </div>
   <div class='ocr_carea' id='block_1_41' title="bbox 2327 1097 2578 1164">
    <p class='ocr_par' dir='ltr' id='par_1_41' title="bbox 2327 1097 2578 1164">
     <span class='ocr_line' id='line_1_41' title="bbox 2327 1097 2578 1164; baseline 0.016 -19"><span class='ocrx_word' id='word_1_273' title='bbox 2327 1097 2578 1164; x_wconf 83' lang='grc' dir='ltr'>τώμενος.</span> 
     </span>
    </p>
   </div>
   <div class='ocr_carea' id='block_1_42' title="bbox 2755 1201 3501 1278">
    <p class='ocr_par' dir='ltr' id='par_1_42' title="bbox 2755 1201 3501 1278">
     <span class='ocr_line' id='line_1_42' title="bbox 2755 1201 3501 1278; baseline 0.008 -23"><span class='ocrx_word' id='word_1_274' title='bbox 2755 1207 2858 1256; x_wconf 81' lang='grc' dir='ltr'>Τοῦ</span> <span class='ocrx_word' id='word_1_275' title='bbox 2897 1201 3050 1275; x_wconf 80' lang='grc' dir='ltr'>ἁγίου</span> <span class='ocrx_word' id='word_1_276' title='bbox 3083 1203 3337 1278; x_wconf 82' lang='grc' dir='ltr'>Κυρίλλου</span> 
     </span>
    </p>
   </div>
   <div class='ocr_carea' id='block_1_43' title="bbox 2397 1305 3940 1388">
    <p class='ocr_par' dir='ltr' id='par_1_43' title="bbox 2397 1305 3940 1388">
     <span class='ocr_line' id='line_1_43' title="bbox 2397 1305 3940 1388; baseline -0.005 -18"><span class='ocrx_word' id='word_1_277' title='bbox 2397 1305 2495 1370; x_wconf 69' lang='grc' dir='ltr'>κζ’.</span> <span class='ocrx_word' id='word_1_278' title='bbox 2528 1305 2594 1361; x_wconf 81' lang='grc' dir='ltr'><strong>Ἦ</strong></span> <span class='ocrx_word' id='word_1_279' title='bbox 2623 1309 2726 1383; x_wconf 84' lang='grc' dir='ltr'>γὰρ</span> <span class='ocrx_word' id='word_1_280' title='bbox 2757 1309 2885 1382; x_wconf 75' lang='grc' dir='ltr'>οὐχὶ</span> <span class='ocrx_word' id='word_1_281' title='bbox 2930 1314 3220 1386; x_wconf 85' lang='grc' dir='ltr'>γέγραπται</span> <span class='ocrx_word' id='word_1_282' title='bbox 3271 1315 3390 1388; x_wconf 84' lang='grc' dir='ltr'>περὶ</span> <span class='ocrx_word' id='word_1_283' title='bbox 3432 1311 3593 1365; x_wconf 77' lang='grc' dir='ltr'>αὐτου</span> <span class='ocrx_word' id='word_1_284' title='bbox 3624 1312 3696 1375; x_wconf 83' lang='grc' dir='ltr'>ὡς</span> <span class='ocrx_word' id='word_1_285' title='bbox 3740 1311 3940 1385; x_wconf 79' lang='grc' dir='ltr'>ὑφιζή-</span> 
     </span>
    </p>
   </div>
   <div class='ocr_carea' id='block_1_44' title="bbox 2329 1396 3943 1477">
    <p class='ocr_par' dir='ltr' id='par_1_44' title="bbox 2329 1396 3943 1477">
     <span class='ocr_line' id='line_1_44' title="bbox 2329 1396 3943 1477; baseline 0.003 -29"><span class='ocrx_word' id='word_1_286' title='bbox 2329 1414 2460 1449; x_wconf 83' lang='grc' dir='ltr'>σειεν</span> <span class='ocrx_word' id='word_1_287' title='bbox 2516 1396 2578 1449; x_wconf 83' lang='grc' dir='ltr'>ἆν</span> <span class='ocrx_word' id='word_1_288' title='bbox 2632 1401 2767 1452; x_wconf 88' lang='grc' dir='ltr'>κατά</span> <span class='ocrx_word' id='word_1_289' title='bbox 2826 1419 2884 1471; x_wconf 87' lang='grc' dir='ltr'>γε</span> <span class='ocrx_word' id='word_1_290' title='bbox 2933 1405 2992 1454; x_wconf 83' lang='grc' dir='ltr'>τό</span> <span class='ocrx_word' id='word_1_291' title='bbox 3051 1400 3370 1477; x_wconf 78' lang='grc' dir='ltr'>ἀνθρώπινον</span> <span class='ocrx_word' id='word_1_292' title='bbox 3435 1407 3525 1456; x_wconf 79' lang='grc' dir='ltr'>καὶ</span> <span class='ocrx_word' id='word_1_293' title='bbox 3579 1406 3674 1460; x_wconf 82' lang='grc' dir='ltr'>τὴν</span> <span class='ocrx_word' id='word_1_294' title='bbox 3740 1400 3943 1476; x_wconf 76' lang='grc' dir='ltr'>ἀμείνω</span> 
     </span>
    </p>
   </div>
   <div class='ocr_carea' id='block_1_45' title="bbox 2328 1488 3944 1564">
    <p class='ocr_par' dir='ltr' id='par_1_45' title="bbox 2328 1488 3944 1564">
     <span class='ocr_line' id='line_1_45' title="bbox 2328 1488 3944 1564; baseline 0.004 -28"><span class='ocrx_word' id='word_1_295' title='bbox 2328 1488 2501 1558; x_wconf 77' lang='grc' dir='ltr'>φύσιν,</span> <span class='ocrx_word' id='word_1_296' title='bbox 2559 1492 2801 1541; x_wconf 75' lang='grc' dir='ltr'>τουτέστι</span> <span class='ocrx_word' id='word_1_297' title='bbox 2855 1494 2949 1548; x_wconf 80' lang='grc' dir='ltr'>τὴν</span> <span class='ocrx_word' id='word_1_298' title='bbox 3015 1490 3373 1564; x_wconf 73' lang='grc' dir='ltr'>εὐαγγελικην,</span> <span class='ocrx_word' id='word_1_299' title='bbox 3428 1495 3516 1544; x_wconf 89' lang='grc' dir='ltr'>καὶ</span> <span class='ocrx_word' id='word_1_300' title='bbox 3577 1500 3674 1554; x_wconf 83' lang='grc' dir='ltr'>τῆς</span> <span class='ocrx_word' id='word_1_301' title='bbox 3731 1490 3944 1545; x_wconf 77' lang='grc' dir='ltr'>ἐκείνων</span> 
     </span>
    </p>
   </div>
   <div class='ocr_carea' id='block_1_46' title="bbox 2328 1574 3942 1655">
    <p class='ocr_par' dir='ltr' id='par_1_46' title="bbox 2328 1574 3942 1655">
     <span class='ocr_line' id='line_1_46' title="bbox 2328 1574 3942 1655; baseline 0.006 -28"><span class='ocrx_word' id='word_1_302' title='bbox 2328 1574 2547 1637; x_wconf 76' lang='grc' dir='ltr'>εὐκλείας</span> <span class='ocrx_word' id='word_1_303' title='bbox 2596 1578 2753 1630; x_wconf 88' lang='grc' dir='ltr'>νοοῖτ’</span> <span class='ocrx_word' id='word_1_304' title='bbox 2813 1577 2872 1630; x_wconf 81' lang='grc' dir='ltr'>ἂν</span> <span class='ocrx_word' id='word_1_305' title='bbox 2929 1581 3192 1638; x_wconf 80' lang='grc' dir='ltr'>ἡττᾶσθαι</span> <span class='ocrx_word' id='word_1_306' title='bbox 3251 1579 3475 1655; x_wconf 75' lang='grc' dir='ltr'>βραχύς</span> <span class='ocrx_word' id='word_1_307' title='bbox 3527 1580 3755 1642; x_wconf 79' lang='grc' dir='ltr'>Ἀληθές.</span> <span class='ocrx_word' id='word_1_308' title='bbox 3795 1579 3942 1652; x_wconf 73' lang='grc' dir='ltr'>’Ἔφη</span> 
     </span>
    </p>
   </div>
   <div class='ocr_carea' id='block_1_47' title="bbox 2325 1665 3949 1745">
    <p class='ocr_par' dir='ltr' id='par_1_47' title="bbox 2325 1665 3949 1745">
     <span class='ocr_line' id='line_1_47' title="bbox 2325 1665 3949 1745; baseline 0.004 -30"><span class='ocrx_word' id='word_1_309' title='bbox 2325 1666 2428 1737; x_wconf 84' lang='grc' dir='ltr'>γὰρ</span> <span class='ocrx_word' id='word_1_310' title='bbox 2486 1667 2511 1716; x_wconf 90' lang='grc' dir='ltr'>ό</span> <span class='ocrx_word' id='word_1_311' title='bbox 2566 1665 2768 1728; x_wconf 89' lang='grc' dir='ltr'>Παυλος</span> <span class='ocrx_word' id='word_1_312' title='bbox 2800 1684 2812 1698; x_wconf 84' lang='grc'><strong><em>⁸</em></strong></span> <span class='ocrx_word' id='word_1_313' title='bbox 2872 1671 2971 1722; x_wconf 83' lang='grc' dir='ltr'>Τὸν</span> <span class='ocrx_word' id='word_1_314' title='bbox 3040 1666 3099 1722; x_wconf 68' lang='grc' dir='ltr'><strong>δί</strong></span> <span class='ocrx_word' id='word_1_315' title='bbox 3167 1667 3352 1744; x_wconf 81' lang='grc' dir='ltr'>βραχύ</span> <span class='ocrx_word' id='word_1_316' title='bbox 3408 1689 3461 1723; x_wconf 92' lang='grc' dir='ltr'>τι</span> <span class='ocrx_word' id='word_1_317' title='bbox 3514 1670 3638 1745; x_wconf 83' lang='grc' dir='ltr'>παρ’</span> <span class='ocrx_word' id='word_1_318' title='bbox 3687 1667 3949 1742; x_wconf 80' lang='grc' dir='ltr'>ἀγγέλους</span> 
     </span>
    </p>
   </div>
   <div class='ocr_carea' id='block_1_48' title="bbox 2327 1752 3952 1831">
    <p class='ocr_par' dir='ltr' id='par_1_48' title="bbox 2327 1752 3952 1831">
     <span class='ocr_line' id='line_1_48' title="bbox 2327 1752 3952 1831; baseline 0.004 -27"><span class='ocrx_word' id='word_1_319' title='bbox 2327 1752 2682 1827; x_wconf 76' lang='grc' dir='ltr'>ἠλαττωμένον</span> <span class='ocrx_word' id='word_1_320' title='bbox 2766 1754 3020 1829; x_wconf 78' lang='grc' dir='ltr'>βλέπομεν</span> <span class='ocrx_word' id='word_1_321' title='bbox 3097 1758 3302 1816; x_wconf 83' lang='grc' dir='ltr'>Ἰησουν</span> <span class='ocrx_word' id='word_1_322' title='bbox 3397 1755 3492 1812; x_wconf 85' lang='grc' dir='ltr'>διὰ</span> <span class='ocrx_word' id='word_1_323' title='bbox 3581 1761 3639 1812; x_wconf 88' lang='grc' dir='ltr'>τὸ</span> <span class='ocrx_word' id='word_1_324' title='bbox 3711 1760 3952 1831; x_wconf 85' lang='grc' dir='ltr'>πάθημα</span> 
     </span>
    </p>
   </div>
   <div class='ocr_carea' id='block_1_49' title="bbox 2327 1843 3945 1922">
    <p class='ocr_par' dir='ltr' id='par_1_49' title="bbox 2327 1843 3945 1922">
     <span class='ocr_line' id='line_1_49' title="bbox 2327 1843 3945 1922; baseline 0.006 -28"><span class='ocrx_word' id='word_1_325' title='bbox 2327 1851 2420 1895; x_wconf 77' lang='grc' dir='ltr'>τοῦ</span> <span class='ocrx_word' id='word_1_326' title='bbox 2514 1846 2735 1898; x_wconf 88' lang='grc' dir='ltr'>θανάτου</span> <span class='ocrx_word' id='word_1_327' title='bbox 2769 1889 2783 1912; x_wconf 89' lang='grc'>,</span> <span class='ocrx_word' id='word_1_328' title='bbox 2863 1843 2993 1920; x_wconf 76' lang='grc' dir='ltr'>δόξῃ</span> <span class='ocrx_word' id='word_1_329' title='bbox 3088 1853 3178 1902; x_wconf 88' lang='grc' dir='ltr'>καὶ</span> <span class='ocrx_word' id='word_1_330' title='bbox 3270 1856 3396 1922; x_wconf 73' lang='grc' dir='ltr'>τιμῇ</span> <span class='ocrx_word' id='word_1_331' title='bbox 3502 1847 3945 1922; x_wconf 75' lang='grc' dir='ltr'>ἔστεφανωμένον.</span> 
     </span>
    </p>
   </div>
   <div class='ocr_carea' id='block_1_50' title="bbox 2328 1928 3951 2010">
    <p class='ocr_par' dir='ltr' id='par_1_50' title="bbox 2328 1928 3951 2010">
     <span class='ocr_line' id='line_1_50' title="bbox 2328 1928 3951 2010; baseline 0.002 -25"><span class='ocrx_word' id='word_1_332' title='bbox 2328 1928 2455 1985; x_wconf 84' lang='grc' dir='ltr'>Εἶτα</span> <span class='ocrx_word' id='word_1_333' title='bbox 2492 1937 2544 1984; x_wconf 89' lang='grc' dir='ltr'>τί</span> <span class='ocrx_word' id='word_1_334' title='bbox 2599 1936 2866 2006; x_wconf 79' lang='grc' dir='ltr'>παθόντες,</span> <span class='ocrx_word' id='word_1_335' title='bbox 2910 1936 3019 1990; x_wconf 85' lang='grc' dir='ltr'>εἰπέ</span> <span class='ocrx_word' id='word_1_336' title='bbox 3073 1947 3184 2010; x_wconf 77' lang='grc' dir='ltr'>μοι,</span> <span class='ocrx_word' id='word_1_337' title='bbox 3224 1942 3398 1991; x_wconf 88' lang='grc' dir='ltr'>καίτοι</span> <span class='ocrx_word' id='word_1_338' title='bbox 3454 1940 3548 1996; x_wconf 80' lang='grc' dir='ltr'>τήν</span> <span class='ocrx_word' id='word_1_339' title='bbox 3616 1935 3806 2010; x_wconf 78' lang='grc' dir='ltr'>ἀμείνω</span> <span class='ocrx_word' id='word_1_340' title='bbox 3847 1939 3951 2009; x_wconf 76' lang='grc' dir='ltr'>φύ-</span> 
     </span>
    </p>
   </div>
   <div class='ocr_carea' id='block_1_51' title="bbox 2331 2021 3952 2101">
    <p class='ocr_par' dir='ltr' id='par_1_51' title="bbox 2331 2021 3952 2101">
     <span class='ocr_line' id='line_1_51' title="bbox 2331 2021 3952 2101; baseline 0.002 -27"><span class='ocrx_word' id='word_1_341' title='bbox 2331 2040 2414 2074; x_wconf 89' lang='grc' dir='ltr'>σιν</span> <span class='ocrx_word' id='word_1_342' title='bbox 2451 2021 2702 2094; x_wconf 78' lang='grc' dir='ltr'>λαχόντες</span> <span class='ocrx_word' id='word_1_343' title='bbox 2741 2027 2790 2076; x_wconf 84' lang='grc' dir='ltr'>οἱ</span> <span class='ocrx_word' id='word_1_344' title='bbox 2827 2029 2921 2083; x_wconf 74' lang='grc' dir='ltr'>τήν</span> <span class='ocrx_word' id='word_1_345' title='bbox 2959 2027 3065 2078; x_wconf 80' lang='grc' dir='ltr'>οἶνω</span> <span class='ocrx_word' id='word_1_346' title='bbox 3101 2025 3358 2101; x_wconf 80' lang='grc' dir='ltr'>τρίϐοντες</span> <span class='ocrx_word' id='word_1_347' title='bbox 3415 2025 3582 2094; x_wconf 86' lang='grc' dir='ltr'>πόλιν,</span> <span class='ocrx_word' id='word_1_348' title='bbox 3624 2031 3714 2078; x_wconf 86' lang='grc' dir='ltr'>καὶ</span> <span class='ocrx_word' id='word_1_349' title='bbox 3768 2025 3952 2078; x_wconf 79' lang='grc' dir='ltr'>ἁπλα-</span> 
     </span>
    </p>
   </div>
   <div class='ocr_carea' id='block_1_52' title="bbox 2329 2113 3950 2190">
    <p class='ocr_par' dir='ltr' id='par_1_52' title="bbox 2329 2113 3950 2190">
     <span class='ocr_line' id='line_1_52' title="bbox 2329 2113 3950 2190; baseline 0.004 -28"><span class='ocrx_word' id='word_1_350' title='bbox 2329 2119 2388 2169; x_wconf 84' lang='grc' dir='ltr'>νῆ</span> <span class='ocrx_word' id='word_1_351' title='bbox 2449 2130 2548 2163; x_wconf 92' lang='grc' dir='ltr'>που</span> <span class='ocrx_word' id='word_1_352' title='bbox 2613 2114 2819 2174; x_wconf 87' lang='grc' dir='ltr'>πάντως</span> <span class='ocrx_word' id='word_1_353' title='bbox 2879 2118 2968 2166; x_wconf 87' lang='grc' dir='ltr'>καὶ</span> <span class='ocrx_word' id='word_1_354' title='bbox 3033 2113 3454 2190; x_wconf 80' lang='grc' dir='ltr'>ἁπαραλόγιστον</span> <span class='ocrx_word' id='word_1_355' title='bbox 3516 2121 3609 2174; x_wconf 74' lang='grc' dir='ltr'>τὴν</span> <span class='ocrx_word' id='word_1_356' title='bbox 3672 2114 3758 2167; x_wconf 82' lang='grc' dir='ltr'>ἐπὶ</span> <span class='ocrx_word' id='word_1_357' title='bbox 3825 2123 3950 2187; x_wconf 80' lang='grc' dir='ltr'>Θεῷ</span> 
     </span>
    </p>
   </div>
   <div class='ocr_carea' id='block_1_53' title="bbox 2330 2201 3950 2278">
    <p class='ocr_par' dir='ltr' id='par_1_53' title="bbox 2330 2201 3950 2278">
     <span class='ocr_line' id='line_1_53' title="bbox 2330 2201 3950 2278; baseline 0.004 -28"><span class='ocrx_word' id='word_1_358' title='bbox 2330 2207 2521 2269; x_wconf 85' lang='grc' dir='ltr'>γνῶσιν</span> <span class='ocrx_word' id='word_1_359' title='bbox 2595 2201 3028 2272; x_wconf 82' lang='grc' dir='ltr'>πεπλουτηκότες,</span> <span class='ocrx_word' id='word_1_360' title='bbox 3096 2209 3184 2257; x_wconf 86' lang='grc' dir='ltr'>τὸν</span> <span class='ocrx_word' id='word_1_361' title='bbox 3259 2204 3307 2257; x_wconf 80' lang='grc' dir='ltr'>ἐν</span> <span class='ocrx_word' id='word_1_362' title='bbox 3383 2209 3548 2278; x_wconf 79' lang='grc' dir='ltr'>μείονι</span> <span class='ocrx_word' id='word_1_363' title='bbox 3623 2206 3775 2277; x_wconf 74' lang='grc' dir='ltr'>φύσει</span> <span class='ocrx_word' id='word_1_364' title='bbox 3850 2207 3950 2256; x_wconf 85' lang='grc' dir='ltr'>καὶ</span> 
     </span>
    </p>
   </div>
   <div class='ocr_carea' id='block_1_54' title="bbox 2331 2291 3950 2359">
    <p class='ocr_par' dir='ltr' id='par_1_54' title="bbox 2331 2291 3950 2359">
     <span class='ocr_line' id='line_1_54' title="bbox 2331 2291 3950 2359; baseline 0.004 -19"><span class='ocrx_word' id='word_1_365' title='bbox 2331 2293 2550 2342; x_wconf 79' lang='grc' dir='ltr'>κατόπιν</span> <span class='ocrx_word' id='word_1_366' title='bbox 2613 2293 2806 2349; x_wconf 75' lang='grc' dir='ltr'>ἥκοντα</span> <span class='ocrx_word' id='word_1_367' title='bbox 2858 2300 2948 2354; x_wconf 82' lang='grc' dir='ltr'>τῆς</span> <span class='ocrx_word' id='word_1_368' title='bbox 3005 2292 3216 2355; x_wconf 83' lang='grc' dir='ltr'>ἐνούσης</span> <span class='ocrx_word' id='word_1_369' title='bbox 3273 2293 3506 2356; x_wconf 75' lang='grc' dir='ltr'>εὐκλείας</span> <span class='ocrx_word' id='word_1_370' title='bbox 3564 2293 3758 2359; x_wconf 71' lang='grc' dir='ltr'>αὐτοῖς,</span> <span class='ocrx_word' id='word_1_371' title='bbox 3802 2291 3950 2346; x_wconf 81' lang='grc' dir='ltr'>ἐποι-</span> 
     </span>
    </p>
   </div>
   <div class='ocr_carea' id='block_1_55' title="bbox 2331 2381 3948 2458">
    <p class='ocr_par' dir='ltr' id='par_1_55' title="bbox 2331 2381 3948 2458">
     <span class='ocr_line' id='line_1_55' title="bbox 2331 2381 3948 2458; baseline 0.003 -28"><span class='ocrx_word' id='word_1_372' title='bbox 2331 2385 2481 2430; x_wconf 83' lang='grc' dir='ltr'>οῦντο</span> <span class='ocrx_word' id='word_1_373' title='bbox 2541 2385 2924 2455; x_wconf 64' lang='grc' dir='ltr'>προπυνητόν,</span> <span class='ocrx_word' id='word_1_374' title='bbox 2979 2386 3200 2455; x_wconf 75' lang='grc' dir='ltr'>φράσαις</span> <span class='ocrx_word' id='word_1_375' title='bbox 3256 2383 3337 2451; x_wconf 85' lang='grc' dir='ltr'>ἆν,</span> <span class='ocrx_word' id='word_1_376' title='bbox 3380 2381 3419 2435; x_wconf 82' lang='grc' dir='ltr'><strong>ὦ</strong></span> <span class='ocrx_word' id='word_1_377' title='bbox 3460 2384 3648 2458; x_wconf 83' lang='grc' dir='ltr'>ἑταῖρε.</span> <span class='ocrx_word' id='word_1_378' title='bbox 3693 2387 3796 2436; x_wconf 81' lang='grc' dir='ltr'>Καὶ</span> <span class='ocrx_word' id='word_1_379' title='bbox 3836 2388 3948 2455; x_wconf 75' lang='grc' dir='ltr'>μὴν</span> 
     </span>
    </p>
   </div>
   <div class='ocr_carea' id='block_1_56' title="bbox 2329 2469 3947 2548">
    <p class='ocr_par' dir='ltr' id='par_1_56' title="bbox 2329 2469 3947 2548">
     <span class='ocr_line' id='line_1_56' title="bbox 2329 2469 3947 2548; baseline 0.004 -30"><span class='ocrx_word' id='word_1_380' title='bbox 2329 2472 2420 2520; x_wconf 87' lang='grc' dir='ltr'>καὶ</span> <span class='ocrx_word' id='word_1_381' title='bbox 2457 2473 2607 2520; x_wconf 87' lang='grc' dir='ltr'>τουτό</span> <span class='ocrx_word' id='word_1_382' title='bbox 2645 2475 2704 2540; x_wconf 90' lang='grc' dir='ltr'><em>γέ</em></span> <span class='ocrx_word' id='word_1_383' title='bbox 2761 2469 2897 2524; x_wconf 73' lang='grc' dir='ltr'>ἔστιν</span> <span class='ocrx_word' id='word_1_384' title='bbox 2949 2469 3056 2530; x_wconf 77' lang='grc' dir='ltr'>ἤδη</span> <span class='ocrx_word' id='word_1_385' title='bbox 3120 2477 3228 2526; x_wconf 90' lang='grc' dir='ltr'>σόν.</span> <span class='ocrx_word' id='word_1_386' title='bbox 3290 2473 3515 2544; x_wconf 67' lang='grc' dir='ltr'>Οὔκουν,</span> <span class='ocrx_word' id='word_1_387' title='bbox 3557 2476 3693 2548; x_wconf 81' lang='grc' dir='ltr'>εἴπερ</span> <span class='ocrx_word' id='word_1_388' title='bbox 3737 2470 3881 2524; x_wconf 83' lang='grc' dir='ltr'>ἐστὶν</span> <span class='ocrx_word' id='word_1_389' title='bbox 3919 2473 3947 2524; x_wconf 85' lang='grc' dir='ltr'><strong><em>ὁ</em></strong></span> 
     </span>
    </p>
   </div>
   <div class='ocr_carea' id='block_1_57' title="bbox 2331 2557 3948 2637">
    <p class='ocr_par' dir='ltr' id='par_1_57' title="bbox 2331 2557 3948 2637">
     <span class='ocr_line' id='line_1_57' title="bbox 2331 2557 3948 2637; baseline 0.004 -29"><span class='ocrx_word' id='word_1_390' title='bbox 2331 2557 2488 2620; x_wconf 72' lang='grc' dir='ltr'>αὐτὸς</span> <span class='ocrx_word' id='word_1_391' title='bbox 2526 2557 2746 2612; x_wconf 84' lang='grc' dir='ltr'>ἐλάττων</span> <span class='ocrx_word' id='word_1_392' title='bbox 2783 2579 2836 2612; x_wconf 90' lang='grc' dir='ltr'>τε</span> <span class='ocrx_word' id='word_1_393' title='bbox 2874 2561 2984 2632; x_wconf 79' lang='grc' dir='ltr'>ἅμα</span> <span class='ocrx_word' id='word_1_394' title='bbox 3020 2566 3110 2614; x_wconf 86' lang='grc' dir='ltr'>καὶ</span> <span class='ocrx_word' id='word_1_395' title='bbox 3150 2560 3198 2614; x_wconf 75' lang='grc' dir='ltr'>ἐν</span> <span class='ocrx_word' id='word_1_396' title='bbox 3248 2570 3358 2624; x_wconf 89' lang='grc' dir='ltr'>τοῖς</span> <span class='ocrx_word' id='word_1_397' title='bbox 3416 2561 3749 2637; x_wconf 72' lang='grc' dir='ltr'>ἁσυγκρίτως</span> <span class='ocrx_word' id='word_1_398' title='bbox 3788 2563 3948 2635; x_wconf 74' lang='grc' dir='ltr'>ὑπερ-</span> 
     </span>
    </p>
   </div>
   <div class='ocr_carea' id='block_1_58' title="bbox 2329 2646 3947 2725">
    <p class='ocr_par' dir='ltr' id='par_1_58' title="bbox 2329 2646 3947 2725">
     <span class='ocr_line' id='line_1_58' title="bbox 2329 2646 3947 2725; baseline 0.002 -27"><span class='ocrx_word' id='word_1_399' title='bbox 2329 2651 2600 2718; x_wconf 80' lang='grc' dir='ltr'>κειμένοις,</span> <span class='ocrx_word' id='word_1_400' title='bbox 2666 2646 3015 2722; x_wconf 79' lang='grc' dir='ltr'>ἀπονεμοῦμεν</span> <span class='ocrx_word' id='word_1_401' title='bbox 3083 2652 3326 2724; x_wconf 70' lang='grc' dir='ltr'>εὖκρινῶς</span> <span class='ocrx_word' id='word_1_402' title='bbox 3391 2659 3454 2724; x_wconf 72' lang='grc' dir='ltr'>τῇ</span> <span class='ocrx_word' id='word_1_403' title='bbox 3523 2654 3613 2724; x_wconf 71' lang='grc' dir='ltr'>μὲν</span> <span class='ocrx_word' id='word_1_404' title='bbox 3671 2649 3947 2725; x_wconf 79' lang='grc' dir='ltr'>ἀνθρωπὸ-</span> 
     </span>
    </p>
   </div>
   <div class='ocr_carea' id='block_1_59' title="bbox 2326 2737 3946 2816">
    <p class='ocr_par' dir='ltr' id='par_1_59' title="bbox 2326 2737 3946 2814">
     <span class='ocr_line' id='line_1_59' title="bbox 2326 2737 3946 2814; baseline 0.001 -27"><span class='ocrx_word' id='word_1_405' title='bbox 2326 2755 2448 2794; x_wconf 90' lang='grc' dir='ltr'>τητι</span> <span class='ocrx_word' id='word_1_406' title='bbox 2502 2739 2561 2788; x_wconf 87' lang='grc' dir='ltr'>τὸ</span> <span class='ocrx_word' id='word_1_407' title='bbox 2636 2745 2845 2810; x_wconf 80' lang='grc' dir='ltr'>χωροῦν</span> <span class='ocrx_word' id='word_1_408' title='bbox 2904 2737 2980 2791; x_wconf 84' lang='grc' dir='ltr'>ἐπ’</span> <span class='ocrx_word' id='word_1_409' title='bbox 3039 2739 3170 2813; x_wconf 74' lang='grc' dir='ltr'>αὐτῇ</span> <span class='ocrx_word' id='word_1_410' title='bbox 3247 2743 3564 2814; x_wconf 78' lang='grc' dir='ltr'>πρεπόντως,</span> <span class='ocrx_word' id='word_1_411' title='bbox 3617 2742 3675 2792; x_wconf 86' lang='grc' dir='ltr'>τὸ</span> <span class='ocrx_word' id='word_1_412' title='bbox 3733 2737 3946 2792; x_wconf 84' lang='grc' dir='ltr'>ἔλαττον</span> 
     </span>
    </p>
   </div>
   <div class='ocr_carea' id='block_1_60' title="bbox 2325 2823 3944 2904">
    <p class='ocr_par' dir='ltr' id='par_1_60' title="bbox 2325 2823 3944 2904">
     <span class='ocr_line' id='line_1_60' title="bbox 2325 2823 3944 2904; baseline 0 -26"><span class='ocrx_word' id='word_1_413' title='bbox 2325 2826 2492 2900; x_wconf 82' lang='grc' dir='ltr'>(παρὰ</span> <span class='ocrx_word' id='word_1_414' title='bbox 2540 2824 2669 2878; x_wconf 75' lang='grc' dir='ltr'>πολὺ</span> <span class='ocrx_word' id='word_1_415' title='bbox 2725 2829 2826 2899; x_wconf 82' lang='grc' dir='ltr'>γὰρ</span> <span class='ocrx_word' id='word_1_416' title='bbox 2887 2825 3115 2900; x_wconf 80' lang='grc' dir='ltr'>ἀγγέλων</span> <span class='ocrx_word' id='word_1_417' title='bbox 3173 2827 3445 2904; x_wconf 81' lang='grc' dir='ltr'>ἀνθρώπου</span> <span class='ocrx_word' id='word_1_418' title='bbox 3509 2830 3688 2902; x_wconf 75' lang='grc' dir='ltr'>φύσις)</span> <span class='ocrx_word' id='word_1_419' title='bbox 3719 2843 3733 2858; x_wconf 81' lang='grc'><strong><em>⁸</em></strong></span> <span class='ocrx_word' id='word_1_420' title='bbox 3774 2835 3832 2899; x_wconf 75' lang='grc' dir='ltr'>τῇ</span> <span class='ocrx_word' id='word_1_421' title='bbox 3879 2823 3944 2878; x_wconf 64' lang='grc' dir='ltr'>δὲ</span> 
     </span>
    </p>
   </div>
   <div class='ocr_carea' id='block_1_61' title="bbox 2324 2916 3952 2993">
    <p class='ocr_par' dir='ltr' id='par_1_61' title="bbox 2324 2916 3952 2993">
     <span class='ocr_line' id='line_1_61' title="bbox 2324 2916 3952 2993; baseline 0.002 -28"><span class='ocrx_word' id='word_1_422' title='bbox 2324 2916 2450 2988; x_wconf 70' lang='grc' dir='ltr'>ὑπὲρ</span> <span class='ocrx_word' id='word_1_423' title='bbox 2508 2917 2688 2967; x_wconf 86' lang='grc' dir='ltr'>πάνπα</span> <span class='ocrx_word' id='word_1_424' title='bbox 2747 2917 2950 2974; x_wconf 86' lang='grc' dir='ltr'>θεότητι</span> <span class='ocrx_word' id='word_1_425' title='bbox 3009 2921 3070 2970; x_wconf 87' lang='grc' dir='ltr'>τὸ</span> <span class='ocrx_word' id='word_1_426' title='bbox 3129 2918 3470 2993; x_wconf 73' lang='grc' dir='ltr'>ὑπερκεῖσθαι</span> <span class='ocrx_word' id='word_1_427' title='bbox 3510 2937 3562 2970; x_wconf 86' lang='lat'>1&#39;:</span> <span class='ocrx_word' id='word_1_428' title='bbox 3600 2921 3690 2969; x_wconf 87' lang='grc' dir='ltr'>καὶ</span> <span class='ocrx_word' id='word_1_429' title='bbox 3730 2916 3952 2990; x_wconf 75' lang='grc' dir='ltr'>ὑπεραι-</span> 
     </span>
    </p>
   </div>
   <div class='ocr_carea' id='block_1_62' title="bbox 2328 3001 3954 3080">
    <p class='ocr_par' dir='ltr' id='par_1_62' title="bbox 2328 3001 3954 3080">
     <span class='ocr_line' id='line_1_62' title="bbox 2328 3001 3954 3080; baseline 0.002 -24"><span class='ocrx_word' id='word_1_430' title='bbox 2328 3001 2430 3057; x_wconf 78' lang='grc' dir='ltr'>ὀειν</span> <span class='ocrx_word' id='word_1_431' title='bbox 2487 3007 2554 3057; x_wconf 80' lang='grc' dir='ltr'>τὰ</span> <span class='ocrx_word' id='word_1_432' title='bbox 2610 3009 2808 3077; x_wconf 81' lang='grc' dir='ltr'>γενητὰ</span> <span class='ocrx_word' id='word_1_433' title='bbox 2866 3012 2957 3060; x_wconf 84' lang='grc' dir='ltr'>καὶ</span> <span class='ocrx_word' id='word_1_434' title='bbox 2997 3010 3175 3071; x_wconf 83' lang='grc' dir='ltr'>πάσης</span> <span class='ocrx_word' id='word_1_435' title='bbox 3238 3007 3470 3062; x_wconf 75' lang='grc' dir='ltr'>ἐπέκεινα</span> <span class='ocrx_word' id='word_1_436' title='bbox 3505 3009 3724 3080; x_wconf 82' lang='grc' dir='ltr'>λογικῆς</span> <span class='ocrx_word' id='word_1_437' title='bbox 3761 3007 3954 3064; x_wconf 73' lang='grc' dir='ltr'>οὐσίας</span> 
     </span>
    </p>
   </div>
   <div class='ocr_carea' id='block_1_63' title="bbox 2328 3093 3946 3170">
    <p class='ocr_par' dir='ltr' id='par_1_63' title="bbox 2328 3093 3946 3170">
     <span class='ocr_line' id='line_1_63' title="bbox 2328 3093 3946 3170; baseline 0.001 -23"><span class='ocrx_word' id='word_1_438' title='bbox 2328 3099 2419 3147; x_wconf 82' lang='grc' dir='ltr'>καὶ</span> <span class='ocrx_word' id='word_1_439' title='bbox 2472 3098 2662 3156; x_wconf 84' lang='grc' dir='ltr'>παντὸς</span> <span class='ocrx_word' id='word_1_440' title='bbox 2719 3095 2970 3169; x_wconf 81' lang='grc' dir='ltr'>ὀνόματος</span> <span class='ocrx_word' id='word_1_441' title='bbox 3027 3094 3257 3170; x_wconf 75' lang='grc' dir='ltr'>διᾴττειν</span> <span class='ocrx_word' id='word_1_442' title='bbox 3311 3095 3605 3160; x_wconf 75' lang='grc' dir='ltr'>οὗσιωδῶς.</span> <span class='ocrx_word' id='word_1_443' title='bbox 3649 3096 3710 3150; x_wconf 83' lang='grc' dir='ltr'>Εἰ</span> <span class='ocrx_word' id='word_1_444' title='bbox 3749 3093 3810 3149; x_wconf 66' lang='grc' dir='ltr'>δὲ</span> <span class='ocrx_word' id='word_1_445' title='bbox 3872 3093 3946 3155; x_wconf 77' lang='grc' dir='ltr'>δὴ</span> 
     </span>
    </p>
   </div>
   <div class='ocr_carea' id='block_1_64' title="bbox 562 3163 2223 3278">
    <p class='ocr_par' dir='ltr' id='par_1_64' title="bbox 562 3163 2223 3265">
     <span class='ocr_line' id='line_1_64' title="bbox 562 3163 2223 3265; baseline 0.013 -32"><span class='ocrx_word' id='word_1_446' title='bbox 562 3163 711 3253; x_wconf 78' lang='lat' dir='ltr'>ipsis</span> <span class='ocrx_word' id='word_1_447' title='bbox 748 3198 994 3255; x_wconf 88' lang='lat' dir='ltr'>quoque</span> <span class='ocrx_word' id='word_1_448' title='bbox 1024 3185 1253 3252; x_wconf 75' lang='lat' dir='ltr'>angelis</span> <span class='ocrx_word' id='word_1_449' title='bbox 1309 3187 1554 3244; x_wconf 89' lang='lat' dir='ltr'>inferius</span> <span class='ocrx_word' id='word_1_450' title='bbox 1584 3207 1711 3247; x_wconf 89' lang='lat' dir='ltr'>esse</span> <span class='ocrx_word' id='word_1_451' title='bbox 1743 3199 2076 3265; x_wconf 86' lang='lat' dir='ltr'>censeatur,</span> <span class='ocrx_word' id='word_1_452' title='bbox 2110 3197 2223 3253; x_wconf 86' lang='lat' dir='ltr'>mir</span> 
     </span>
    </p>
   </div>
   <div class='ocr_carea' id='block_1_65' title="bbox 2333 3163 3953 3278">
    <p class='ocr_par' dir='ltr' id='par_1_65' title="bbox 2333 3180 3953 3260">
     <span class='ocr_line' id='line_1_65' title="bbox 2333 3180 3953 3260; baseline 0.002 -26"><span class='ocrx_word' id='word_1_453' title='bbox 2333 3187 2420 3235; x_wconf 82' lang='grc' dir='ltr'>καὶ</span> <span class='ocrx_word' id='word_1_454' title='bbox 2462 3180 2600 3256; x_wconf 70' lang='grc' dir='ltr'>δίχα</span> <span class='ocrx_word' id='word_1_455' title='bbox 2628 3188 2842 3253; x_wconf 85' lang='grc' dir='ltr'>σαρκός,</span> <span class='ocrx_word' id='word_1_456' title='bbox 2882 3190 2972 3239; x_wconf 88' lang='grc' dir='ltr'>καὶ</span> <span class='ocrx_word' id='word_1_457' title='bbox 3003 3189 3146 3239; x_wconf 77' lang='grc' dir='ltr'>οὔπω</span> <span class='ocrx_word' id='word_1_458' title='bbox 3181 3193 3290 3248; x_wconf 85' lang='grc' dir='ltr'>τοῖς</span> <span class='ocrx_word' id='word_1_459' title='bbox 3327 3188 3444 3240; x_wconf 88' lang='grc' dir='ltr'>καθ’</span> <span class='ocrx_word' id='word_1_460' title='bbox 3483 3189 3625 3260; x_wconf 81' lang='grc' dir='ltr'>ἡμὰς</span> <span class='ocrx_word' id='word_1_461' title='bbox 3662 3187 3768 3239; x_wconf 80' lang='grc' dir='ltr'>οἷον</span> <span class='ocrx_word' id='word_1_462' title='bbox 3813 3204 3953 3259; x_wconf 82' lang='grc' dir='ltr'>συμ-</span> 
     </span>
    </p>
   </div>
   <div class='ocr_carea' id='block_1_66' title="bbox 563 3271 2222 3356">
    <p class='ocr_par' dir='ltr' id='par_1_66' title="bbox 563 3271 2222 3356">
     <span class='ocr_line' id='line_1_66' title="bbox 563 3271 2222 3356; baseline 0.012 -33"><span class='ocrx_word' id='word_1_463' title='bbox 563 3286 679 3324; x_wconf 91' lang='lat' dir='ltr'>nus</span> <span class='ocrx_word' id='word_1_464' title='bbox 709 3271 954 3342; x_wconf 83' lang='lat' dir='ltr'>quidem</span> <span class='ocrx_word' id='word_1_465' title='bbox 990 3274 1097 3328; x_wconf 89' lang='lat' dir='ltr'>erit</span> <span class='ocrx_word' id='word_1_466' title='bbox 1126 3273 1328 3345; x_wconf 87' lang='lat' dir='ltr'>ipsum</span> <span class='ocrx_word' id='word_1_467' title='bbox 1360 3277 1481 3332; x_wconf 89' lang='lat' dir='ltr'>suis</span> <span class='ocrx_word' id='word_1_468' title='bbox 1512 3281 1818 3347; x_wconf 88' lang='lat' dir='ltr'>creaturis,</span> <span class='ocrx_word' id='word_1_469' title='bbox 1843 3299 1914 3339; x_wconf 91' lang='lat' dir='ltr'>ac</span> <span class='ocrx_word' id='word_1_470' title='bbox 1939 3289 2222 3356; x_wconf 75' lang='lat' dir='ltr'>praeterea</span> 
     </span>
    </p>
   </div>
   <div class='ocr_carea' id='block_1_67' title="bbox 567 3357 2225 3441">
    <p class='ocr_par' dir='ltr' id='par_1_67' title="bbox 567 3357 2225 3441">
     <span class='ocr_line' id='line_1_67' title="bbox 567 3357 2225 3441; baseline 0.012 -30"><span class='ocrx_word' id='word_1_471' title='bbox 567 3357 848 3414; x_wconf 87' lang='lat' dir='ltr'>adorator</span> <span class='ocrx_word' id='word_1_472' title='bbox 873 3378 885 3426; x_wconf 92' lang='lat'><strong>;</strong></span> <span class='ocrx_word' id='word_1_473' title='bbox 919 3376 1028 3416; x_wconf 90' lang='lat' dir='ltr'>nec</span> <span class='ocrx_word' id='word_1_474' title='bbox 1056 3362 1106 3418; x_wconf 91' lang='lat' dir='ltr'>ei</span> <span class='ocrx_word' id='word_1_475' title='bbox 1131 3364 1261 3431; x_wconf 89' lang='lat' dir='ltr'>jam</span> <span class='ocrx_word' id='word_1_476' title='bbox 1287 3373 1593 3422; x_wconf 85' lang='lat' dir='ltr'>succurret</span> <span class='ocrx_word' id='word_1_477' title='bbox 1622 3374 1726 3425; x_wconf 89' lang='lat' dir='ltr'>aut</span> <span class='ocrx_word' id='word_1_478' title='bbox 1752 3374 2225 3441; x_wconf 87' lang='lat' dir='ltr'>patrocinabitur</span> 
     </span>
    </p>
   </div>
   <div class='ocr_carea' id='block_1_68' title="bbox 565 3445 2226 3522">
    <p class='ocr_par' dir='ltr' id='par_1_68' title="bbox 565 3445 2226 3522">
     <span class='ocr_line' id='line_1_68' title="bbox 565 3445 2226 3522; baseline 0.013 -21"><span class='ocrx_word' id='word_1_479' title='bbox 565 3445 811 3503; x_wconf 89' lang='lat' dir='ltr'>demum</span> <span class='ocrx_word' id='word_1_480' title='bbox 853 3453 1058 3506; x_wconf 89' lang='lat' dir='ltr'>nostra</span> <span class='ocrx_word' id='word_1_481' title='bbox 1089 3451 1376 3510; x_wconf 87' lang='lat' dir='ltr'>defensio.</span> <span class='ocrx_word' id='word_1_482' title='bbox 1413 3457 1583 3522; x_wconf 87' lang='lat' dir='ltr'>Quod</span> <span class='ocrx_word' id='word_1_483' title='bbox 1631 3459 1678 3514; x_wconf 90' lang='lat' dir='ltr'>si</span> <span class='ocrx_word' id='word_1_484' title='bbox 1727 3459 1852 3515; x_wconf 59' lang='lat' dir='ltr'>haec</span> <span class='ocrx_word' id='word_1_485' title='bbox 1899 3454 2095 3519; x_wconf 85' lang='lat' dir='ltr'>dicere</span> <span class='ocrx_word' id='word_1_486' title='bbox 2154 3481 2226 3522; x_wconf 87' lang='lat' dir='ltr'>ac</span> 
     </span>
    </p>
   </div>
   <div class='ocr_carea' id='block_1_69' title="bbox 565 3537 2228 3619">
    <p class='ocr_par' dir='ltr' id='par_1_69' title="bbox 565 3537 2228 3619">
     <span class='ocr_line' id='line_1_69' title="bbox 565 3537 2228 3619; baseline 0.013 -30"><span class='ocrx_word' id='word_1_487' title='bbox 565 3537 780 3592; x_wconf 87' lang='lat' dir='ltr'>sentire</span> <span class='ocrx_word' id='word_1_488' title='bbox 810 3537 1065 3609; x_wconf 89' lang='lat' dir='ltr'>impium</span> <span class='ocrx_word' id='word_1_489' title='bbox 1091 3546 1179 3596; x_wconf 91' lang='lat' dir='ltr'>est</span> <span class='ocrx_word' id='word_1_490' title='bbox 1199 3542 1378 3599; x_wconf 89' lang='lat' dir='ltr'>simul</span> <span class='ocrx_word' id='word_1_491' title='bbox 1411 3559 1481 3600; x_wconf 92' lang='lat' dir='ltr'>ac</span> <span class='ocrx_word' id='word_1_492' title='bbox 1519 3544 1996 3619; x_wconf 81' lang='lat' dir='ltr'>fallacissimum,</span> <span class='ocrx_word' id='word_1_493' title='bbox 2029 3553 2228 3610; x_wconf 89' lang='lat' dir='ltr'>minor</span> 
     </span>
    </p>
   </div>
   <div class='ocr_carea' id='block_1_70' title="bbox 567 3629 2228 3713">
    <p class='ocr_par' dir='ltr' id='par_1_70' title="bbox 567 3629 2228 3713">
     <span class='ocr_line' id='line_1_70' title="bbox 567 3629 2228 3713; baseline 0.013 -36"><span class='ocrx_word' id='word_1_494' title='bbox 567 3629 768 3713; x_wconf 81' lang='lat' dir='ltr'>autem</span> <span class='ocrx_word' id='word_1_495' title='bbox 797 3632 902 3692; x_wconf 91' lang='lat' dir='ltr'>est,</span> <span class='ocrx_word' id='word_1_496' title='bbox 930 3629 1221 3700; x_wconf 89' lang='lat' dir='ltr'>quoniam</span> <span class='ocrx_word' id='word_1_497' title='bbox 1253 3635 1308 3687; x_wconf 90' lang='lat' dir='ltr'>et</span> <span class='ocrx_word' id='word_1_498' title='bbox 1335 3633 1520 3690; x_wconf 91' lang='lat' dir='ltr'>homo</span> <span class='ocrx_word' id='word_1_499' title='bbox 1551 3640 1675 3703; x_wconf 89' lang='lat' dir='ltr'>est;</span> <span class='ocrx_word' id='word_1_500' title='bbox 1704 3637 1904 3708; x_wconf 90' lang='lat' dir='ltr'>utique</span> <span class='ocrx_word' id='word_1_501' title='bbox 1943 3647 2228 3713; x_wconf 89' lang='lat' dir='ltr'>sequetur</span> 
     </span>
    </p>
   </div>
   <div class='ocr_carea' id='block_1_71' title="bbox 569 3711 2228 3804">
    <p class='ocr_par' dir='ltr' id='par_1_71' title="bbox 569 3711 2228 3804">
     <span class='ocr_line' id='line_1_71' title="bbox 569 3711 2228 3804; baseline 0.014 -38"><span class='ocrx_word' id='word_1_502' title='bbox 569 3711 631 3766; x_wconf 95' lang='lat' dir='ltr'>id</span> <span class='ocrx_word' id='word_1_503' title='bbox 660 3729 787 3768; x_wconf 91' lang='lat' dir='ltr'>esse</span> <span class='ocrx_word' id='word_1_504' title='bbox 810 3716 1221 3789; x_wconf 86' lang='lat' dir='ltr'>cogitandum,</span> <span class='ocrx_word' id='word_1_505' title='bbox 1255 3721 1476 3779; x_wconf 85' lang='lat' dir='ltr'>scilicet</span> <span class='ocrx_word' id='word_1_506' title='bbox 1504 3723 1887 3784; x_wconf 86' lang='lat' dir='ltr'>adoratorem</span> <span class='ocrx_word' id='word_1_507' title='bbox 1911 3711 2228 3804; x_wconf 74' lang='lat' dir='ltr'>esse,qua-</span> 
     </span>
    </p>
   </div>
   <div class='ocr_carea' id='block_1_72' title="bbox 565 3804 1081 3864">
    <p class='ocr_par' dir='ltr' id='par_1_72' title="bbox 565 3804 1081 3864">
     <span class='ocr_line' id='line_1_72' title="bbox 565 3804 1081 3864; baseline 0.016 -8"><span class='ocrx_word' id='word_1_508' title='bbox 565 3805 741 3856; x_wconf 90' lang='lat' dir='ltr'>tenus</span> <span class='ocrx_word' id='word_1_509' title='bbox 767 3804 951 3862; x_wconf 92' lang='lat' dir='ltr'>homo</span> <span class='ocrx_word' id='word_1_510' title='bbox 977 3810 1081 3864; x_wconf 90' lang='lat' dir='ltr'>est.</span> 
     </span>
    </p>
   </div>
   <div class='ocr_carea' id='block_1_73' title="bbox 1243 4095 1543 4165">
    <p class='ocr_par' dir='ltr' id='par_1_73' title="bbox 1243 4095 1543 4165">
     <span class='ocr_line' id='line_1_73' title="bbox 1243 4095 1543 4165; baseline 0.007 -15"><span class='ocrx_word' id='word_1_511' title='bbox 1243 4095 1543 4165; x_wconf 81' lang='lat' dir='ltr'>Ejusdem.</span> 
     </span>
    </p>
   </div>
   <div class='ocr_carea' id='block_1_74' title="bbox 635 4199 2231 4284">
    <p class='ocr_par' dir='ltr' id='par_1_74' title="bbox 635 4199 2231 4284">
     <span class='ocr_line' id='line_1_74' title="bbox 635 4199 2231 4284; baseline 0.011 -31"><span class='ocrx_word' id='word_1_512' title='bbox 635 4199 724 4255; x_wconf 81' lang='lat'>28.</span> <span class='ocrx_word' id='word_1_513' title='bbox 760 4201 906 4256; x_wconf 90' lang='lat' dir='ltr'>Cum</span> <span class='ocrx_word' id='word_1_514' title='bbox 947 4203 1148 4257; x_wconf 89' lang='lat' dir='ltr'>autem</span> <span class='ocrx_word' id='word_1_515' title='bbox 1181 4203 1511 4274; x_wconf 86' lang='lat' dir='ltr'>apostolico</span> <span class='ocrx_word' id='word_1_516' title='bbox 1544 4205 1702 4262; x_wconf 92' lang='lat' dir='ltr'>dicto</span> <span class='ocrx_word' id='word_1_517' title='bbox 1748 4209 2056 4277; x_wconf 88' lang='lat' dir='ltr'>insultent,</span> <span class='ocrx_word' id='word_1_518' title='bbox 2099 4227 2231 4284; x_wconf 85' lang='lat' dir='ltr'>per-</span> 
     </span>
    </p>
   </div>
   <div class='ocr_carea' id='block_1_75' title="bbox 562 4284 2233 4365">
    <p class='ocr_par' dir='ltr' id='par_1_75' title="bbox 562 4284 2233 4365">
     <span class='ocr_line' id='line_1_75' title="bbox 562 4284 2233 4365; baseline 0.011 -25"><span class='ocrx_word' id='word_1_519' title='bbox 562 4284 704 4342; x_wconf 91' lang='lat' dir='ltr'>inde</span> <span class='ocrx_word' id='word_1_520' title='bbox 733 4303 804 4343; x_wconf 89' lang='lat' dir='ltr'>ac</span> <span class='ocrx_word' id='word_1_521' title='bbox 833 4289 880 4343; x_wconf 90' lang='lat' dir='ltr'>si</span> <span class='ocrx_word' id='word_1_522' title='bbox 910 4291 988 4345; x_wconf 82' lang='lat' dir='ltr'>ad</span> <span class='ocrx_word' id='word_1_523' title='bbox 1013 4291 1329 4359; x_wconf 84' lang='lat' dir='ltr'>vulgarem</span> <span class='ocrx_word' id='word_1_524' title='bbox 1358 4292 1625 4365; x_wconf 84' lang='lat' dir='ltr'>aliquam</span> <span class='ocrx_word' id='word_1_525' title='bbox 1652 4296 2233 4358; x_wconf 59' lang='lat' dir='ltr'>hominem‘referre-</span> 
     </span>
    </p>
   </div>
   <div class='ocr_carea' id='block_1_76' title="bbox 566 4380 2234 4463">
    <p class='ocr_par' dir='ltr' id='par_1_76' title="bbox 566 4380 2234 4463">
     <span class='ocr_line' id='line_1_76' title="bbox 566 4380 2234 4463; baseline 0.01 -32"><span class='ocrx_word' id='word_1_526' title='bbox 566 4380 806 4447; x_wconf 87' lang='lat' dir='ltr'>tur,age</span> <span class='ocrx_word' id='word_1_527' title='bbox 827 4383 1016 4435; x_wconf 85' lang='lat' dir='ltr'>totam</span> <span class='ocrx_word' id='word_1_528' title='bbox 1042 4383 1398 4438; x_wconf 87' lang='lat' dir='ltr'>sententiam</span> <span class='ocrx_word' id='word_1_529' title='bbox 1424 4384 1501 4438; x_wconf 89' lang='lat' dir='ltr'>ab</span> <span class='ocrx_word' id='word_1_530' title='bbox 1523 4385 1691 4441; x_wconf 91' lang='lat' dir='ltr'>initio</span> <span class='ocrx_word' id='word_1_531' title='bbox 1715 4394 2234 4463; x_wconf 87' lang='lat' dir='ltr'>repetamus,qna-</span> 
     </span>
    </p>
   </div>
   <div class='ocr_carea' id='block_1_77' title="bbox 2331 3271 3952 3347">
    <p class='ocr_par' dir='ltr' id='par_1_77' title="bbox 2331 3271 3952 3347">
     <span class='ocr_line' id='line_1_77' title="bbox 2331 3271 3952 3347; baseline 0.001 -22"><span class='ocrx_word' id='word_1_532' title='bbox 2331 3271 2548 3336; x_wconf 80' lang='grc' dir='ltr'>πλακεὶς</span> <span class='ocrx_word' id='word_1_533' title='bbox 2608 3275 2633 3326; x_wconf 88' lang='grc' dir='ltr'>ό</span> <span class='ocrx_word' id='word_1_534' title='bbox 2700 3279 2893 3346; x_wconf 85' lang='grc' dir='ltr'>Λόγός,</span> <span class='ocrx_word' id='word_1_535' title='bbox 2952 3279 3010 3328; x_wconf 88' lang='grc' dir='ltr'>τό</span> <span class='ocrx_word' id='word_1_536' title='bbox 3065 3295 3126 3347; x_wconf 89' lang='grc' dir='ltr'>γε</span> <span class='ocrx_word' id='word_1_537' title='bbox 3183 3275 3230 3328; x_wconf 75' lang='grc' dir='ltr'>ἐν</span> <span class='ocrx_word' id='word_1_538' title='bbox 3295 3275 3537 3328; x_wconf 79' lang='grc' dir='ltr'>ἐλάττοσι</span> <span class='ocrx_word' id='word_1_539' title='bbox 3589 3277 3797 3329; x_wconf 75' lang='grc' dir='ltr'>κεῖσθαι</span> <span class='ocrx_word' id='word_1_540' title='bbox 3852 3271 3952 3327; x_wconf 71' lang='grc' dir='ltr'>καὶ</span> 
     </span>
    </p>
   </div>
   <div class='ocr_carea' id='block_1_78' title="bbox 2336 3361 3949 3440">
    <p class='ocr_par' dir='ltr' id='par_1_78' title="bbox 2336 3361 3949 3440">
     <span class='ocr_line' id='line_1_78' title="bbox 2336 3361 3949 3440; baseline 0.001 -27"><span class='ocrx_word' id='word_1_541' title='bbox 2336 3362 2502 3414; x_wconf 71' lang='grc' dir='ltr'>αὐτῶν</span> <span class='ocrx_word' id='word_1_542' title='bbox 2569 3361 2846 3426; x_wconf 80' lang='grc' dir='ltr'>ἀνεικότως</span> <span class='ocrx_word' id='word_1_543' title='bbox 2912 3363 3224 3440; x_wconf 73' lang='grc' dir='ltr'>ἀποφέροιτο</span> <span class='ocrx_word' id='word_1_544' title='bbox 3293 3373 3394 3418; x_wconf 85' lang='grc' dir='ltr'>τῶν</span> <span class='ocrx_word' id='word_1_545' title='bbox 3465 3365 3707 3438; x_wconf 69' lang='grc' dir='ltr'>ἀγγέλων,</span> <span class='ocrx_word' id='word_1_546' title='bbox 3785 3383 3949 3436; x_wconf 68' lang='grc' dir='ltr'>μενων</span> 
     </span>
    </p>
   </div>
   <div class='ocr_carea' id='block_1_79' title="bbox 2336 3450 3948 3530">
    <p class='ocr_par' dir='ltr' id='par_1_79' title="bbox 2336 3450 3948 3530">
     <span class='ocr_line' id='line_1_79' title="bbox 2336 3450 3948 3530; baseline 0 -25"><span class='ocrx_word' id='word_1_547' title='bbox 2336 3456 2425 3527; x_wconf 82' lang='grc' dir='ltr'>μέν</span> <span class='ocrx_word' id='word_1_548' title='bbox 2465 3452 2580 3504; x_wconf 82' lang='grc' dir='ltr'>ἐστι</span> <span class='ocrx_word' id='word_1_549' title='bbox 2627 3461 2733 3518; x_wconf 45' lang='grc' dir='ltr'>,τῶν</span> <span class='ocrx_word' id='word_1_550' title='bbox 2793 3450 2943 3506; x_wconf 79' lang='grc' dir='ltr'>ἰδίων</span> <span class='ocrx_word' id='word_1_551' title='bbox 2991 3457 3316 3528; x_wconf 85' lang='grc' dir='ltr'>κτισμάτων,</span> <span class='ocrx_word' id='word_1_552' title='bbox 3357 3459 3448 3508; x_wconf 82' lang='grc' dir='ltr'>καὶ</span> <span class='ocrx_word' id='word_1_553' title='bbox 3487 3460 3613 3530; x_wconf 83' lang='grc' dir='ltr'>πρός</span> <span class='ocrx_word' id='word_1_554' title='bbox 3664 3473 3722 3526; x_wconf 75' lang='grc' dir='ltr'>γε</span> <span class='ocrx_word' id='word_1_555' title='bbox 3776 3456 3948 3524; x_wconf 81' lang='grc' dir='ltr'>τούτῳ</span> 
     </span>
    </p>
   </div>
   <div class='ocr_carea' id='block_1_80' title="bbox 2335 3539 3950 3619">
    <p class='ocr_par' dir='ltr' id='par_1_80' title="bbox 2335 3539 3950 3619">
     <span class='ocr_line' id='line_1_80' title="bbox 2335 3539 3950 3619; baseline 0 -24"><span class='ocrx_word' id='word_1_556' title='bbox 2335 3547 2729 3616; x_wconf 79' lang='grc' dir='ltr'>προσκυνητὴς,</span> <span class='ocrx_word' id='word_1_557' title='bbox 2809 3540 2960 3596; x_wconf 69' lang='grc' dir='ltr'>οὐδὲν</span> <span class='ocrx_word' id='word_1_558' title='bbox 3035 3546 3385 3616; x_wconf 80' lang='grc' dir='ltr'>ἐπαμύνοντος</span> <span class='ocrx_word' id='word_1_559' title='bbox 3445 3545 3474 3604; x_wconf 77' lang='grc' dir='ltr'><strong>ἣ</strong></span> <span class='ocrx_word' id='word_1_560' title='bbox 3535 3539 3950 3619; x_wconf 71' lang='grc' dir='ltr'>ὑπερδικούντος</span> 
     </span>
    </p>
   </div>
   <div class='ocr_carea' id='block_1_81' title="bbox 2337 3628 3948 3706">
    <p class='ocr_par' dir='ltr' id='par_1_81' title="bbox 2337 3628 3948 3706">
     <span class='ocr_line' id='line_1_81' title="bbox 2337 3628 3948 3706; baseline -0.001 -22"><span class='ocrx_word' id='word_1_561' title='bbox 2337 3633 2412 3684; x_wconf 83' lang='grc' dir='ltr'>ἔτι</span> <span class='ocrx_word' id='word_1_562' title='bbox 2457 3649 2550 3683; x_wconf 90' lang='grc' dir='ltr'>του</span> <span class='ocrx_word' id='word_1_563' title='bbox 2601 3628 2724 3706; x_wconf 76' lang='grc' dir='ltr'>πὰρ’</span> <span class='ocrx_word' id='word_1_564' title='bbox 2777 3633 2901 3703; x_wconf 83' lang='grc' dir='ltr'>ημῖν</span> <span class='ocrx_word' id='word_1_565' title='bbox 2958 3631 3136 3704; x_wconf 82' lang='grc' dir='ltr'>λόγου.</span> <span class='ocrx_word' id='word_1_566' title='bbox 3180 3632 3242 3685; x_wconf 84' lang='grc' dir='ltr'><strong>Εἰ</strong></span> <span class='ocrx_word' id='word_1_567' title='bbox 3299 3629 3357 3686; x_wconf 62' lang='grc' dir='ltr'>δὴ</span> <span class='ocrx_word' id='word_1_568' title='bbox 3398 3629 3466 3692; x_wconf 81' lang='grc' dir='ltr'>δὴ</span> <span class='ocrx_word' id='word_1_569' title='bbox 3509 3637 3657 3685; x_wconf 85' lang='grc' dir='ltr'>ταυτὶ</span> <span class='ocrx_word' id='word_1_570' title='bbox 3698 3631 3849 3704; x_wconf 87' lang='grc' dir='ltr'>φάναι</span> <span class='ocrx_word' id='word_1_571' title='bbox 3884 3648 3948 3683; x_wconf 84' lang='grc' dir='ltr'>τε</span> 
     </span>
    </p>
   </div>
   <div class='ocr_carea' id='block_1_82' title="bbox 2335 3717 3944 3794">
    <p class='ocr_par' dir='ltr' id='par_1_82' title="bbox 2335 3717 3944 3794">
     <span class='ocr_line' id='line_1_82' title="bbox 2335 3717 3944 3794; baseline 0 -22"><span class='ocrx_word' id='word_1_572' title='bbox 2335 3725 2425 3773; x_wconf 87' lang='grc' dir='ltr'>καὶ</span> <span class='ocrx_word' id='word_1_573' title='bbox 2476 3727 2673 3794; x_wconf 83' lang='grc' dir='ltr'>φρονεῖν</span> <span class='ocrx_word' id='word_1_574' title='bbox 2739 3717 2996 3784; x_wconf 75' lang='grc' dir='ltr'>δυσσεϐἐς</span> <span class='ocrx_word' id='word_1_575' title='bbox 3048 3741 3104 3776; x_wconf 80' lang='grc' dir='ltr'>τε</span> <span class='ocrx_word' id='word_1_576' title='bbox 3166 3722 3278 3794; x_wconf 83' lang='grc' dir='ltr'>ἄμα</span> <span class='ocrx_word' id='word_1_577' title='bbox 3339 3727 3429 3775; x_wconf 81' lang='grc' dir='ltr'>καὶ</span> <span class='ocrx_word' id='word_1_578' title='bbox 3498 3722 3892 3794; x_wconf 81' lang='grc' dir='ltr'>σφαλερώτατον</span> <span class='ocrx_word' id='word_1_579' title='bbox 3928 3735 3944 3750; x_wconf 70' lang='grc'><strong><em>⁸</em></strong></span> 
     </span>
    </p>
   </div>
   <div class='ocr_carea' id='block_1_83' title="bbox 2335 3805 3951 3886">
    <p class='ocr_par' dir='ltr' id='par_1_83' title="bbox 2335 3805 3951 3886">
     <span class='ocr_line' id='line_1_83' title="bbox 2335 3805 3951 3886; baseline -0.001 -23"><span class='ocrx_word' id='word_1_580' title='bbox 2335 3815 2490 3884; x_wconf 86' lang='grc' dir='ltr'>μείων</span> <span class='ocrx_word' id='word_1_581' title='bbox 2551 3805 2629 3876; x_wconf 69' lang='grc' dir='ltr'>δε,</span> <span class='ocrx_word' id='word_1_582' title='bbox 2692 3811 2770 3863; x_wconf 86' lang='grc' dir='ltr'>ὅτι</span> <span class='ocrx_word' id='word_1_583' title='bbox 2830 3817 2921 3864; x_wconf 83' lang='grc' dir='ltr'>καὶ</span> <span class='ocrx_word' id='word_1_584' title='bbox 2978 3812 3251 3886; x_wconf 83' lang='grc' dir='ltr'>ἄνθρωπος</span> <span class='ocrx_word' id='word_1_585' title='bbox 3284 3829 3296 3843; x_wconf 87' lang='grc'><strong>·</strong></span> <span class='ocrx_word' id='word_1_586' title='bbox 3340 3811 3520 3883; x_wconf 71' lang='grc' dir='ltr'>ἕψεταί</span> <span class='ocrx_word' id='word_1_587' title='bbox 3576 3830 3678 3864; x_wconf 86' lang='grc' dir='ltr'>που</span> <span class='ocrx_word' id='word_1_588' title='bbox 3735 3811 3951 3872; x_wconf 83' lang='grc' dir='ltr'>πάντως</span> 
     </span>
    </p>
   </div>
   <div class='ocr_carea' id='block_1_84' title="bbox 2335 3900 3950 3977">
    <p class='ocr_par' dir='ltr' id='par_1_84' title="bbox 2335 3900 3950 3977">
     <span class='ocr_line' id='line_1_84' title="bbox 2335 3900 3950 3977; baseline 0.001 -23"><span class='ocrx_word' id='word_1_589' title='bbox 2335 3900 2493 3955; x_wconf 76' lang='grc' dir='ltr'>έκεῖνο</span> <span class='ocrx_word' id='word_1_590' title='bbox 2557 3908 2688 3955; x_wconf 80' lang='grc' dir='ltr'>νοεῖν</span> <span class='ocrx_word' id='word_1_591' title='bbox 2721 3917 2734 3932; x_wconf 89' lang='grc'><strong>·</strong></span> <span class='ocrx_word' id='word_1_592' title='bbox 2794 3906 3161 3976; x_wconf 83' lang='grc' dir='ltr'>προσκυνητὴς</span> <span class='ocrx_word' id='word_1_593' title='bbox 3215 3903 3318 3977; x_wconf 87' lang='grc' dir='ltr'>γάρ</span> <span class='ocrx_word' id='word_1_594' title='bbox 3379 3900 3512 3971; x_wconf 77' lang='grc' dir='ltr'>ἐστι,</span> <span class='ocrx_word' id='word_1_595' title='bbox 3567 3902 3650 3955; x_wconf 86' lang='grc' dir='ltr'>ὃτι</span> <span class='ocrx_word' id='word_1_596' title='bbox 3703 3903 3796 3954; x_wconf 84' lang='grc' dir='ltr'>καὶ</span> <span class='ocrx_word' id='word_1_597' title='bbox 3859 3901 3950 3956; x_wconf 76' lang='grc' dir='ltr'>οἶνο</span> 
     </span>
    </p>
   </div>
   <div class='ocr_carea' id='block_1_85' title="bbox 2335 3994 2560 4066">
    <p class='ocr_par' dir='ltr' id='par_1_85' title="bbox 2335 3994 2560 4066">
     <span class='ocr_line' id='line_1_85' title="bbox 2335 3994 2560 4066; baseline 0.009 -20"><span class='ocrx_word' id='word_1_598' title='bbox 2335 3994 2560 4066; x_wconf 84' lang='grc' dir='ltr'>θρωπος.</span> 
     </span>
    </p>
   </div>
   <div class='ocr_carea' id='block_1_86' title="bbox 2895 4097 3366 4171">
    <p class='ocr_par' dir='ltr' id='par_1_86' title="bbox 2895 4097 3366 4171">
     <span class='ocr_line' id='line_1_86' title="bbox 2895 4097 3366 4171; baseline 0.006 -19"><span class='ocrx_word' id='word_1_599' title='bbox 2895 4105 2999 4152; x_wconf 82' lang='grc' dir='ltr'>Τοῦ</span> <span class='ocrx_word' id='word_1_600' title='bbox 3031 4097 3192 4152; x_wconf 75' lang='grc' dir='ltr'>αὐτοῦ</span> <span class='ocrx_word' id='word_1_601' title='bbox 3233 4099 3366 4171; x_wconf 82' lang='lat'>(28).</span> 
     </span>
    </p>
   </div>
   <div class='ocr_carea' id='block_1_87' title="bbox 2411 4202 3924 4272">
    <p class='ocr_par' dir='ltr' id='par_1_87' title="bbox 2411 4202 3924 4272">
     <span class='ocr_line' id='line_1_87' title="bbox 2411 4202 3924 4272; baseline 0.001 -14"><span class='ocrx_word' id='word_1_602' title='bbox 2411 4204 2512 4264; x_wconf 85' lang='grc' dir='ltr'>κη’.</span> <span class='ocrx_word' id='word_1_603' title='bbox 2592 4202 2803 4264; x_wconf 79' lang='grc' dir='ltr'>Ἐπιιδή</span> <span class='ocrx_word' id='word_1_604' title='bbox 2902 4203 2962 4259; x_wconf 67' lang='lat'><strong>6&quot;:</strong></span> <span class='ocrx_word' id='word_1_605' title='bbox 3052 4211 3146 4266; x_wconf 77' lang='grc' dir='ltr'>τὴν</span> <span class='ocrx_word' id='word_1_606' title='bbox 3233 4205 3586 4267; x_wconf 82' lang='grc' dir='ltr'>ἁποστολικήν</span> <span class='ocrx_word' id='word_1_607' title='bbox 3677 4206 3924 4272; x_wconf 81' lang='grc' dir='ltr'>κατεξανι</span> 
     </span>
    </p>
   </div>
   <div class='ocr_carea' id='block_1_88' title="bbox 2344 4294 3950 4372">
    <p class='ocr_par' dir='ltr' id='par_1_88' title="bbox 2344 4294 3950 4372">
     <span class='ocr_line' id='line_1_88' title="bbox 2344 4294 3950 4372; baseline 0.002 -25"><span class='ocrx_word' id='word_1_608' title='bbox 2344 4301 2504 4347; x_wconf 75' lang='grc' dir='ltr'>στᾶσι</span> <span class='ocrx_word' id='word_1_609' title='bbox 2576 4294 2755 4369; x_wconf 78' lang='grc' dir='ltr'>ῥῆσιν,</span> <span class='ocrx_word' id='word_1_610' title='bbox 2815 4297 2882 4357; x_wconf 83' lang='grc' dir='ltr'>ὡς</span> <span class='ocrx_word' id='word_1_611' title='bbox 2958 4294 3034 4350; x_wconf 71' lang='grc' dir='ltr'>ἔπ’</span> <span class='ocrx_word' id='word_1_612' title='bbox 3102 4295 3374 4371; x_wconf 81' lang='grc' dir='ltr'>ἀνθρώπου</span> <span class='ocrx_word' id='word_1_613' title='bbox 3440 4304 3614 4350; x_wconf 80' lang='grc' dir='ltr'>κοινοῦ</span> <span class='ocrx_word' id='word_1_614' title='bbox 3687 4317 3950 4372; x_wconf 76' lang='grc' dir='ltr'>προενενε-</span> 
     </span>
    </p>
   </div>
   <div class='ocr_carea' id='block_1_89' title="bbox 2342 4384 3948 4462">
    <p class='ocr_par' dir='ltr' id='par_1_89' title="bbox 2342 4384 3948 4462">
     <span class='ocr_line' id='line_1_89' title="bbox 2342 4384 3948 4462; baseline 0.002 -28"><span class='ocrx_word' id='word_1_615' title='bbox 2342 4386 2556 4456; x_wconf 82' lang='grc' dir='ltr'>γμένην,</span> <span class='ocrx_word' id='word_1_616' title='bbox 2647 4388 2762 4459; x_wconf 84' lang='grc' dir='ltr'>φέρε</span> <span class='ocrx_word' id='word_1_617' title='bbox 2835 4384 3056 4459; x_wconf 80' lang='grc' dir='ltr'>λέγωμεν</span> <span class='ocrx_word' id='word_1_618' title='bbox 3149 4385 3342 4450; x_wconf 68' lang='grc' dir='ltr'>ἂόντες</span> <span class='ocrx_word' id='word_1_619' title='bbox 3425 4385 3514 4440; x_wconf 87' lang='grc' dir='ltr'>ἄπ’</span> <span class='ocrx_word' id='word_1_620' title='bbox 3591 4385 3770 4462; x_wconf 77' lang='grc' dir='ltr'>ἀρχῆς</span> <span class='ocrx_word' id='word_1_621' title='bbox 3843 4394 3948 4439; x_wconf 85' lang='grc' dir='ltr'>τῶν</span> 
     </span>
    </p>
   </div>
   <div class='ocr_carea' id='block_1_90' title="bbox 567 4466 2223 4551">
    <p class='ocr_par' dir='ltr' id='par_1_90' title="bbox 567 4466 2223 4551">
     <span class='ocr_line' id='line_1_90' title="bbox 567 4466 2223 4551; baseline 0.011 -32"><span class='ocrx_word' id='word_1_622' title='bbox 567 4469 738 4550; x_wconf 74' lang='lat' dir='ltr'>tenus</span> <span class='ocrx_word' id='word_1_623' title='bbox 770 4466 848 4522; x_wconf 90' lang='lat' dir='ltr'>ad</span> <span class='ocrx_word' id='word_1_624' title='bbox 875 4468 1212 4524; x_wconf 88' lang='lat' dir='ltr'>institutum</span> <span class='ocrx_word' id='word_1_625' title='bbox 1249 4487 1593 4528; x_wconf 89' lang='lat' dir='ltr'>sermonem</span> <span class='ocrx_word' id='word_1_626' title='bbox 1622 4477 1896 4546; x_wconf 88' lang='lat' dir='ltr'>pertinet.</span> <span class='ocrx_word' id='word_1_627' title='bbox 1933 4479 2223 4551; x_wconf 85' lang='lat' dir='ltr'>Scriptum</span> 
     </span>
    </p>
   </div>
   <div class='ocr_carea' id='block_1_91' title="bbox 2333 4466 3950 4551">
    <p class='ocr_par' dir='ltr' id='par_1_91' title="bbox 2343 4475 3950 4551">
     <span class='ocr_line' id='line_1_91' title="bbox 2343 4475 3950 4551; baseline 0.002 -26"><span class='ocrx_word' id='word_1_628' title='bbox 2343 4477 2707 4547; x_wconf 84' lang='grc' dir='ltr'>γεγραμμένων</span> <span class='ocrx_word' id='word_1_629' title='bbox 2790 4479 2954 4549; x_wconf 84' lang='grc' dir='ltr'>μέχρι</span> <span class='ocrx_word' id='word_1_630' title='bbox 3041 4475 3368 4540; x_wconf 79' lang='grc' dir='ltr'>καταλήξεως</span> <span class='ocrx_word' id='word_1_631' title='bbox 3455 4485 3549 4538; x_wconf 86' lang='grc' dir='ltr'>τῆς</span> <span class='ocrx_word' id='word_1_632' title='bbox 3620 4476 3950 4551; x_wconf 81' lang='grc' dir='ltr'>ἀποχρώσης</span> 
     </span>
    </p>
   </div>
   <div class='ocr_carea' id='block_1_92' title="bbox 565 4540 2237 4640">
    <p class='ocr_par' dir='ltr' id='par_1_92' title="bbox 565 4540 2237 4640">
     <span class='ocr_line' id='line_1_92' title="bbox 565 4540 2237 4640; baseline 0.01 -31"><span class='ocrx_word' id='word_1_633' title='bbox 565 4540 769 4627; x_wconf 84' lang='lat' dir='ltr'>itaque</span> <span class='ocrx_word' id='word_1_634' title='bbox 801 4561 888 4613; x_wconf 90' lang='lat' dir='ltr'>est</span> <span class='ocrx_word' id='word_1_635' title='bbox 915 4576 927 4613; x_wconf 91' lang='lat'>:</span> <span class='ocrx_word' id='word_1_636' title='bbox 953 4558 1109 4614; x_wconf 88' lang='lat' dir='ltr'>Eum</span> <span class='ocrx_word' id='word_1_637' title='bbox 1144 4564 1343 4616; x_wconf 85' lang='lat' dir='ltr'>autem</span> <span class='ocrx_word' id='word_1_638' title='bbox 1374 4563 1480 4631; x_wconf 83' lang='lat' dir='ltr'>qui</span> <span class='ocrx_word' id='word_1_639' title='bbox 1517 4540 1749 4620; x_wconf 79' lang='lat' dir='ltr'>modico</span> <span class='ocrx_word' id='word_1_640' title='bbox 1795 4581 1975 4636; x_wconf 86' lang='lat' dir='ltr'>quam</span> <span class='ocrx_word' id='word_1_641' title='bbox 2031 4540 2237 4640; x_wconf 68' lang='lat' dir='ltr'>angeli</span> 
     </span>
    </p>
   </div>
   <div class='ocr_carea' id='block_1_93' title="bbox 563 4645 2234 4723">
    <p class='ocr_par' dir='ltr' id='par_1_93' title="bbox 563 4645 2234 4723">
     <span class='ocr_line' id='line_1_93' title="bbox 563 4645 2234 4723; baseline 0.01 -26"><span class='ocrx_word' id='word_1_642' title='bbox 563 4645 900 4700; x_wconf 86' lang='lat' dir='ltr'>minoratus</span> <span class='ocrx_word' id='word_1_643' title='bbox 932 4651 1036 4710; x_wconf 88' lang='lat' dir='ltr'>est,</span> <span class='ocrx_word' id='word_1_644' title='bbox 1073 4647 1338 4703; x_wconf 84' lang='lat' dir='ltr'>videmus</span> <span class='ocrx_word' id='word_1_645' title='bbox 1371 4649 1569 4705; x_wconf 85' lang='lat' dir='ltr'>Jesum</span> <span class='ocrx_word' id='word_1_646' title='bbox 1608 4659 1857 4722; x_wconf 78' lang='lat' dir='ltr'>propter</span> <span class='ocrx_word' id='word_1_647' title='bbox 1900 4657 2234 4723; x_wconf 85' lang='lat' dir='ltr'>passionem</span> 
     </span>
    </p>
   </div>
   <div class='ocr_carea' id='block_1_94' title="bbox 564 4734 2230 4816">
    <p class='ocr_par' dir='ltr' id='par_1_94' title="bbox 564 4734 2230 4816">
     <span class='ocr_line' id='line_1_94' title="bbox 564 4734 2230 4816; baseline 0.008 -28"><span class='ocrx_word' id='word_1_648' title='bbox 564 4734 772 4790; x_wconf 82' lang='lat' dir='ltr'>mortis</span> <span class='ocrx_word' id='word_1_649' title='bbox 796 4737 989 4806; x_wconf 83' lang='lat' dir='ltr'>gloria</span> <span class='ocrx_word' id='word_1_650' title='bbox 1013 4740 1068 4791; x_wconf 90' lang='lat' dir='ltr'>et</span> <span class='ocrx_word' id='word_1_651' title='bbox 1093 4735 1319 4792; x_wconf 78' lang='lat' dir='ltr'>honore</span> <span class='ocrx_word' id='word_1_652' title='bbox 1347 4745 1721 4794; x_wconf 72' lang='lat' dir='ltr'>coronatum.</span> <span class='ocrx_word' id='word_1_653' title='bbox 1737 4741 1812 4796; x_wconf 86' lang='lat' dir='ltr'>Et</span> <span class='ocrx_word' id='word_1_654' title='bbox 1837 4745 2019 4812; x_wconf 84' lang='lat' dir='ltr'>paulo</span> <span class='ocrx_word' id='word_1_655' title='bbox 2043 4746 2230 4816; x_wconf 81' lang='lat' dir='ltr'>infra.</span> 
     </span>
    </p>
   </div>
   <div class='ocr_carea' id='block_1_95' title="bbox 567 4822 2235 4895">
    <p class='ocr_par' dir='ltr' id='par_1_95' title="bbox 567 4822 2235 4895">
     <span class='ocr_line' id='line_1_95' title="bbox 567 4822 2235 4895; baseline 0.008 -18"><span class='ocrx_word' id='word_1_656' title='bbox 567 4823 711 4877; x_wconf 86' lang='lat' dir='ltr'>Ecce</span> <span class='ocrx_word' id='word_1_657' title='bbox 741 4824 923 4887; x_wconf 90' lang='lat' dir='ltr'>enim,</span> <span class='ocrx_word' id='word_1_658' title='bbox 967 4829 1024 4878; x_wconf 92' lang='lat' dir='ltr'>et</span> <span class='ocrx_word' id='word_1_659' title='bbox 1071 4822 1318 4895; x_wconf 90' lang='lat' dir='ltr'>quidem</span> <span class='ocrx_word' id='word_1_660' title='bbox 1353 4825 1728 4895; x_wconf 85' lang='lat' dir='ltr'>apertissime</span> <span class='ocrx_word' id='word_1_661' title='bbox 1769 4845 1908 4885; x_wconf 89' lang='lat' dir='ltr'>cum</span> <span class='ocrx_word' id='word_1_662' title='bbox 1939 4831 2100 4889; x_wconf 89' lang='lat' dir='ltr'>dicat</span> <span class='ocrx_word' id='word_1_663' title='bbox 2128 4835 2235 4890; x_wconf 87' lang='lat' dir='ltr'>mi-</span> 
     </span>
    </p>
   </div>
   <div class='ocr_carea' id='block_1_96' title="bbox 564 4911 2209 4986">
    <p class='ocr_par' dir='ltr' id='par_1_96' title="bbox 564 4911 2209 4986">
     <span class='ocr_line' id='line_1_96' title="bbox 564 4911 2209 4986; baseline 0.008 -20"><span class='ocrx_word' id='word_1_664' title='bbox 564 4917 844 4968; x_wconf 90' lang='lat' dir='ltr'>noratum</span> <span class='ocrx_word' id='word_1_665' title='bbox 881 4912 1035 4967; x_wconf 84' lang='lat' dir='ltr'>infra</span> <span class='ocrx_word' id='word_1_666' title='bbox 1065 4911 1314 4982; x_wconf 86' lang='lat' dir='ltr'>angelos</span> <span class='ocrx_word' id='word_1_667' title='bbox 1347 4919 1594 4985; x_wconf 87' lang='lat' dir='ltr'>propter</span> <span class='ocrx_word' id='word_1_668' title='bbox 1620 4917 1966 4986; x_wconf 82' lang='lat' dir='ltr'>passionem</span> <span class='ocrx_word' id='word_1_669' title='bbox 2001 4923 2209 4978; x_wconf 88' lang='lat' dir='ltr'>mortis</span> 
     </span>
    </p>
   </div>
   <div class='ocr_carea' id='block_1_97' title="bbox 2216 4967 2230 4990">
    <p class='ocr_par' dir='ltr' id='par_1_97' title="bbox 2216 4967 2230 4990">
     <span class='ocr_line' id='line_1_97' title="bbox 2216 4967 2230 4990; baseline 0 0"><span class='ocrx_word' id='word_1_670' title='bbox 2216 4967 2230 4990; x_wconf 67' lang='grc'><em>1</em></span> 
     </span>
    </p>
   </div>
   <div class='ocr_carea' id='block_1_98' title="bbox 565 5001 2235 5075">
    <p class='ocr_par' dir='ltr' id='par_1_98' title="bbox 565 5001 2235 5075">
     <span class='ocr_line' id='line_1_98' title="bbox 565 5001 2235 5075; baseline 0.005 -19"><span class='ocrx_word' id='word_1_671' title='bbox 565 5007 745 5074; x_wconf 88' lang='lat' dir='ltr'>atque</span> <span class='ocrx_word' id='word_1_672' title='bbox 767 5001 846 5057; x_wconf 87' lang='lat' dir='ltr'>ob</span> <span class='ocrx_word' id='word_1_673' title='bbox 876 5001 937 5056; x_wconf 87' lang='lat' dir='ltr'>id</span> <span class='ocrx_word' id='word_1_674' title='bbox 969 5005 1326 5058; x_wconf 88' lang='lat' dir='ltr'>coronatum</span> <span class='ocrx_word' id='word_1_675' title='bbox 1357 5017 1490 5058; x_wconf 91' lang='lat' dir='ltr'>esse</span> <span class='ocrx_word' id='word_1_676' title='bbox 1529 5003 1719 5072; x_wconf 88' lang='lat' dir='ltr'>gloria</span> <span class='ocrx_word' id='word_1_677' title='bbox 1749 5011 1805 5062; x_wconf 90' lang='lat' dir='ltr'>et</span> <span class='ocrx_word' id='word_1_678' title='bbox 1833 5007 2081 5075; x_wconf 90' lang='lat' dir='ltr'>honore,</span> <span class='ocrx_word' id='word_1_679' title='bbox 2105 5028 2235 5068; x_wconf 88' lang='lat' dir='ltr'>ma-</span> 
     </span>
    </p>
   </div>
   <div class='ocr_carea' id='block_1_99' title="bbox 564 5089 2230 5164">
    <p class='ocr_par' dir='ltr' id='par_1_99' title="bbox 564 5089 2230 5164">
     <span class='ocr_line' id='line_1_99' title="bbox 564 5089 2230 5164; baseline 0.007 -17"><span class='ocrx_word' id='word_1_680' title='bbox 564 5092 774 5147; x_wconf 81' lang='lat' dir='ltr'>nifeste</span> <span class='ocrx_word' id='word_1_681' title='bbox 791 5090 960 5145; x_wconf 91' lang='lat' dir='ltr'>illum</span> <span class='ocrx_word' id='word_1_682' title='bbox 989 5089 1255 5146; x_wconf 91' lang='lat' dir='ltr'>ostendit</span> <span class='ocrx_word' id='word_1_683' title='bbox 1281 5089 1355 5146; x_wconf 93' lang='lat' dir='ltr'>de</span> <span class='ocrx_word' id='word_1_684' title='bbox 1385 5107 1510 5162; x_wconf 90' lang='lat' dir='ltr'>quo</span> <span class='ocrx_word' id='word_1_685' title='bbox 1542 5093 1726 5150; x_wconf 91' lang='lat' dir='ltr'>verba</span> <span class='ocrx_word' id='word_1_686' title='bbox 1755 5094 1911 5164; x_wconf 83' lang='lat' dir='ltr'>fecit,</span> <span class='ocrx_word' id='word_1_687' title='bbox 1940 5099 2230 5158; x_wconf 90' lang='lat' dir='ltr'>nimirum</span> 
     </span>
    </p>
   </div>
   <div class='ocr_carea' id='block_1_100' title="bbox 566 5178 2230 5252">
    <p class='ocr_par' dir='ltr' id='par_1_100' title="bbox 566 5178 2230 5252">
     <span class='ocr_line' id='line_1_100' title="bbox 566 5178 2230 5252; baseline 0.01 -17"><span class='ocrx_word' id='word_1_688' title='bbox 566 5179 946 5248; x_wconf 88' lang='lat' dir='ltr'>Unigenitum</span> <span class='ocrx_word' id='word_1_689' title='bbox 978 5195 991 5234; x_wconf 90' lang='lat'>:</span> <span class='ocrx_word' id='word_1_690' title='bbox 1021 5178 1377 5250; x_wconf 86' lang='lat' dir='ltr'>participem</span> <span class='ocrx_word' id='word_1_691' title='bbox 1410 5180 1571 5236; x_wconf 88' lang='lat' dir='ltr'>enim</span> <span class='ocrx_word' id='word_1_692' title='bbox 1593 5182 1675 5238; x_wconf 89' lang='lat' dir='ltr'>ait</span> <span class='ocrx_word' id='word_1_693' title='bbox 1694 5182 1918 5244; x_wconf 86' lang='lat' dir='ltr'>factum</span> <span class='ocrx_word' id='word_1_694' title='bbox 1941 5203 2074 5250; x_wconf 86' lang='lat' dir='ltr'>esse</span> <span class='ocrx_word' id='word_1_695' title='bbox 2103 5205 2230 5252; x_wconf 88' lang='lat' dir='ltr'>car-</span> 
     </span>
    </p>
   </div>
   <div class='ocr_carea' id='block_1_101' title="bbox 564 5267 1655 5345">
    <p class='ocr_par' dir='ltr' id='par_1_101' title="bbox 564 5267 1655 5345">
     <span class='ocr_line' id='line_1_101' title="bbox 564 5267 1655 5345; baseline 0.01 -21"><span class='ocrx_word' id='word_1_696' title='bbox 564 5268 657 5326; x_wconf 89' lang='lat' dir='ltr'>nis</span> <span class='ocrx_word' id='word_1_697' title='bbox 697 5271 753 5325; x_wconf 90' lang='lat' dir='ltr'>et</span> <span class='ocrx_word' id='word_1_698' title='bbox 783 5267 1096 5341; x_wconf 83' lang='lat' dir='ltr'>sanguinis</span> <span class='ocrx_word' id='word_1_699' title='bbox 1135 5267 1386 5345; x_wconf 83' lang='lat' dir='ltr'>perinde</span> <span class='ocrx_word' id='word_1_700' title='bbox 1421 5285 1491 5331; x_wconf 83' lang='lat' dir='ltr'>ac</span> <span class='ocrx_word' id='word_1_701' title='bbox 1517 5287 1655 5335; x_wconf 85' lang='lat' dir='ltr'>nos.</span> 
     </span>
    </p>
   </div>
   <div class='ocr_carea' id='block_1_102' title="bbox 638 5517 1520 5601">
    <p class='ocr_par' dir='ltr' id='par_1_102' title="bbox 638 5517 1520 5601">
     <span class='ocr_line' id='line_1_102' title="bbox 638 5517 1520 5601; baseline 0.014 -27"><span class='ocrx_word' id='word_1_702' title='bbox 638 5517 752 5601; x_wconf 51' lang='lat' dir='ltr'>QQ)</span> <span class='ocrx_word' id='word_1_703' title='bbox 796 5517 1138 5601; x_wconf 72' lang='lat' dir='ltr'>_Edit_.cit._t.</span> <span class='ocrx_word' id='word_1_704' title='bbox 1163 5524 1206 5593; x_wconf 88' lang='grc' dir='ltr'>ῐ,</span> <span class='ocrx_word' id='word_1_705' title='bbox 1232 5530 1427 5601; x_wconf 18' lang='lat' dir='ltr'>p.731?</span> <span class='ocrx_word' id='word_1_706' title='bbox 1454 5530 1520 5586; x_wconf 91' lang='lat' dir='ltr'>D.</span> 
     </span>
    </p>
   </div>
   <div class='ocr_carea' id='block_1_103' title="bbox 637 5591 1642 5674">
    <p class='ocr_par' dir='ltr' id='par_1_103' title="bbox 637 5591 1642 5674">
     <span class='ocr_line' id='line_1_103' title="bbox 637 5591 1642 5674; baseline 0.012 -26"><span class='ocrx_word' id='word_1_707' title='bbox 637 5591 752 5674; x_wconf 44' lang='lat'>(27“)</span> <span class='ocrx_word' id='word_1_708' title='bbox 781 5592 870 5650; x_wconf 88' lang='lat' dir='ltr'>De</span> <span class='ocrx_word' id='word_1_709' title='bbox 924 5591 1253 5668; x_wconf 51' lang='lat' dir='ltr'>Trinitate,’</span> <span class='ocrx_word' id='word_1_710' title='bbox 1285 5600 1508 5674; x_wconf 84' lang='lat' dir='ltr'>dialog.</span> <span class='ocrx_word' id='word_1_711' title='bbox 1565 5617 1642 5674; x_wconf 79' lang='lat' dir='ltr'>IV,</span> 
     </span>
    </p>
   </div>
   <div class='ocr_carea' id='block_1_104' title="bbox 567 5604 2221 5721">
    <p class='ocr_par' dir='ltr' id='par_1_104' title="bbox 567 5604 2221 5719">
     <span class='ocr_line' id='line_1_104' title="bbox 567 5604 2221 5719; baseline 0.012 -75"><span class='ocrx_word' id='word_1_712' title='bbox 567 5604 870 5719; x_wconf 49' lang='lat'>622231»</span> <span class='ocrx_word' id='word_1_713' title='bbox 924 5604 1235 5668; x_wconf 77' lang='lat' dir='ltr'>Trinitate,</span> <span class='ocrx_word' id='word_1_714' title='bbox 1285 5604 1508 5674; x_wconf 84' lang='lat' dir='ltr'>dialog.</span> <span class='ocrx_word' id='word_1_715' title='bbox 1565 5617 1642 5674; x_wconf 79' lang='lat' dir='ltr'>IV,</span> <span class='ocrx_word' id='word_1_716' title='bbox 1690 5604 1731 5666; x_wconf 90' lang='lat' dir='ltr'>t.</span> <span class='ocrx_word' id='word_1_717' title='bbox 1762 5604 1829 5677; x_wconf 71' lang='grc' dir='ltr'>ν,</span> <span class='ocrx_word' id='word_1_718' title='bbox 1869 5605 2025 5686; x_wconf 86' lang='lat' dir='ltr'>part.</span> <span class='ocrx_word' id='word_1_719' title='bbox 2077 5605 2120 5678; x_wconf 73' lang='lat'>1&#39;,</span> <span class='ocrx_word' id='word_1_720' title='bbox 2159 5619 2221 5682; x_wconf 91' lang='lat' dir='ltr'>p.</span> 
     </span>
    </p>
   </div>
   <div class='ocr_carea' id='block_1_105' title="bbox 2347 4561 3952 4640">
    <p class='ocr_par' dir='ltr' id='par_1_105' title="bbox 2347 4561 3952 4640">
     <span class='ocr_line' id='line_1_105' title="bbox 2347 4561 3952 4640; baseline 0.001 -24"><span class='ocrx_word' id='word_1_721' title='bbox 2347 4571 2417 4633; x_wconf 81' lang='grc' dir='ltr'>τῷ</span> <span class='ocrx_word' id='word_1_722' title='bbox 2454 4561 2622 4634; x_wconf 82' lang='grc' dir='ltr'>λόχῳ.</span> <span class='ocrx_word' id='word_1_723' title='bbox 2670 4567 2964 4637; x_wconf 83' lang='grc' dir='ltr'>Γέγραπται</span> <span class='ocrx_word' id='word_1_724' title='bbox 3015 4569 3185 4617; x_wconf 86' lang='grc' dir='ltr'>τοίνυν</span> <span class='ocrx_word' id='word_1_725' title='bbox 3217 4579 3232 4596; x_wconf 81' lang='grc'><strong>⁸</strong></span> <span class='ocrx_word' id='word_1_726' title='bbox 3273 4569 3372 4618; x_wconf 87' lang='grc' dir='ltr'>Τὸν</span> <span class='ocrx_word' id='word_1_727' title='bbox 3413 4561 3472 4618; x_wconf 72' lang='grc' dir='ltr'>δὲ</span> <span class='ocrx_word' id='word_1_728' title='bbox 3510 4563 3696 4638; x_wconf 80' lang='grc' dir='ltr'>βραχύ</span> <span class='ocrx_word' id='word_1_729' title='bbox 3725 4585 3780 4618; x_wconf 88' lang='grc' dir='ltr'>τι</span> <span class='ocrx_word' id='word_1_730' title='bbox 3818 4566 3952 4640; x_wconf 85' lang='grc' dir='ltr'>παρ’</span> 
     </span>
    </p>
   </div>
   <div class='ocr_carea' id='block_1_106' title="bbox 2347 4651 3951 4728">
    <p class='ocr_par' dir='ltr' id='par_1_106' title="bbox 2347 4651 3951 4728">
     <span class='ocr_line' id='line_1_106' title="bbox 2347 4651 3951 4728; baseline 0.002 -24"><span class='ocrx_word' id='word_1_731' title='bbox 2347 4651 2590 4725; x_wconf 78' lang='grc' dir='ltr'>ἁγγελους</span> <span class='ocrx_word' id='word_1_732' title='bbox 2666 4653 3018 4727; x_wconf 76' lang='grc' dir='ltr'>ἠλαττωμένον</span> <span class='ocrx_word' id='word_1_733' title='bbox 3099 4653 3356 4728; x_wconf 76' lang='grc' dir='ltr'>βλέπομεν</span> <span class='ocrx_word' id='word_1_734' title='bbox 3440 4655 3646 4714; x_wconf 79' lang='grc' dir='ltr'>Ἰησοῦν</span> <span class='ocrx_word' id='word_1_735' title='bbox 3717 4651 3813 4709; x_wconf 79' lang='grc' dir='ltr'>διὰ</span> <span class='ocrx_word' id='word_1_736' title='bbox 3888 4659 3951 4708; x_wconf 83' lang='grc' dir='ltr'>τὸ</span> 
     </span>
    </p>
   </div>
   <div class='ocr_carea' id='block_1_107' title="bbox 2343 4741 3952 4819">
    <p class='ocr_par' dir='ltr' id='par_1_107' title="bbox 2343 4741 3952 4819">
     <span class='ocr_line' id='line_1_107' title="bbox 2343 4741 3952 4819; baseline 0.002 -23"><span class='ocrx_word' id='word_1_737' title='bbox 2343 4744 2567 4815; x_wconf 85' lang='grc' dir='ltr'>πάθημα</span> <span class='ocrx_word' id='word_1_738' title='bbox 2600 4763 2690 4796; x_wconf 86' lang='grc' dir='ltr'>του</span> <span class='ocrx_word' id='word_1_739' title='bbox 2720 4745 2941 4796; x_wconf 82' lang='grc' dir='ltr'>θανάτου</span> <span class='ocrx_word' id='word_1_740' title='bbox 2978 4741 3107 4817; x_wconf 74' lang='grc' dir='ltr'>δόξῃ</span> <span class='ocrx_word' id='word_1_741' title='bbox 3140 4749 3230 4797; x_wconf 86' lang='grc' dir='ltr'>καὶ</span> <span class='ocrx_word' id='word_1_742' title='bbox 3257 4754 3383 4819; x_wconf 73' lang='grc' dir='ltr'>τιμῇ</span> <span class='ocrx_word' id='word_1_743' title='bbox 3417 4744 3846 4819; x_wconf 71' lang='grc' dir='ltr'>ἐστεφανωμένον.</span> <span class='ocrx_word' id='word_1_744' title='bbox 3877 4776 3952 4787; x_wconf 95' lang='lat'><strong>—</strong></span> 
     </span>
    </p>
   </div>
   <div class='ocr_carea' id='block_1_108' title="bbox 2347 4829 3952 4908">
    <p class='ocr_par' dir='ltr' id='par_1_108' title="bbox 2347 4829 3952 4908">
     <span class='ocr_line' id='line_1_108' title="bbox 2347 4829 3952 4908; baseline 0 -22"><span class='ocrx_word' id='word_1_745' title='bbox 2347 4838 2447 4886; x_wconf 77' lang='grc' dir='ltr'>Καὶ</span> <span class='ocrx_word' id='word_1_746' title='bbox 2505 4831 2615 4905; x_wconf 71' lang='grc' dir='ltr'>μετ’</span> <span class='ocrx_word' id='word_1_747' title='bbox 2672 4833 2864 4905; x_wconf 85' lang='grc' dir='ltr'>ὀλίγα·</span> <span class='ocrx_word' id='word_1_748' title='bbox 2922 4829 3060 4888; x_wconf 74' lang='grc' dir='ltr'>Ἰδοὺ</span> <span class='ocrx_word' id='word_1_749' title='bbox 3098 4837 3221 4908; x_wconf 82' lang='grc' dir='ltr'>γὰρ,</span> <span class='ocrx_word' id='word_1_750' title='bbox 3283 4831 3400 4887; x_wconf 76' lang='grc' dir='ltr'>ἰδοὺ</span> <span class='ocrx_word' id='word_1_751' title='bbox 3431 4839 3521 4888; x_wconf 84' lang='grc' dir='ltr'>καὶ</span> <span class='ocrx_word' id='word_1_752' title='bbox 3576 4835 3717 4908; x_wconf 84' lang='grc' dir='ltr'>μάλα</span> <span class='ocrx_word' id='word_1_753' title='bbox 3765 4843 3952 4908; x_wconf 81' lang='grc' dir='ltr'>σαφῶς</span> 
     </span>
    </p>
   </div>
   <div class='ocr_carea' id='block_1_109' title="bbox 2342 4920 3950 4999">
    <p class='ocr_par' dir='ltr' id='par_1_109' title="bbox 2342 4920 3950 4999">
     <span class='ocr_line' id='line_1_109' title="bbox 2342 4920 3950 4999; baseline 0.003 -26"><span class='ocrx_word' id='word_1_754' title='bbox 2342 4923 2677 4982; x_wconf 72' lang='grc' dir='ltr'>ἠλαττώσθαι</span> <span class='ocrx_word' id='word_1_755' title='bbox 2715 4922 2873 4995; x_wconf 84' lang='grc' dir='ltr'>λέγων</span> <span class='ocrx_word' id='word_1_756' title='bbox 2913 4923 3068 4976; x_wconf 69' lang='grc' dir='ltr'>αὐτὸν</span> <span class='ocrx_word' id='word_1_757' title='bbox 3115 4926 3257 4996; x_wconf 82' lang='grc' dir='ltr'>παρὰ</span> <span class='ocrx_word' id='word_1_758' title='bbox 3294 4928 3414 4986; x_wconf 83' lang='grc' dir='ltr'>τοὺς</span> <span class='ocrx_word' id='word_1_759' title='bbox 3455 4923 3705 4999; x_wconf 79' lang='grc' dir='ltr'>ἀγγέλους</span> <span class='ocrx_word' id='word_1_760' title='bbox 3753 4920 3848 4977; x_wconf 79' lang='grc' dir='ltr'>διὰ</span> <span class='ocrx_word' id='word_1_761' title='bbox 3887 4929 3950 4978; x_wconf 90' lang='grc' dir='ltr'>τὸ</span> 
     </span>
    </p>
   </div>
   <div class='ocr_carea' id='block_1_110' title="bbox 2340 5010 3951 5088">
    <p class='ocr_par' dir='ltr' id='par_1_110' title="bbox 2340 5010 3951 5088">
     <span class='ocr_line' id='line_1_110' title="bbox 2340 5010 3951 5088; baseline 0.002 -24"><span class='ocrx_word' id='word_1_762' title='bbox 2340 5013 2564 5085; x_wconf 85' lang='grc' dir='ltr'>πάθημα</span> <span class='ocrx_word' id='word_1_763' title='bbox 2601 5020 2693 5065; x_wconf 82' lang='grc' dir='ltr'>τοῦ</span> <span class='ocrx_word' id='word_1_764' title='bbox 2734 5015 2976 5084; x_wconf 75' lang='grc' dir='ltr'>θανάτου,</span> <span class='ocrx_word' id='word_1_765' title='bbox 3037 5017 3384 5087; x_wconf 79' lang='grc' dir='ltr'>κατεστέφθαι</span> <span class='ocrx_word' id='word_1_766' title='bbox 3433 5033 3493 5087; x_wconf 84' lang='grc' dir='ltr'>γε</span> <span class='ocrx_word' id='word_1_767' title='bbox 3549 5020 3652 5088; x_wconf 78' lang='grc' dir='ltr'>μὴν</span> <span class='ocrx_word' id='word_1_768' title='bbox 3693 5010 3767 5068; x_wconf 70' lang='grc' dir='ltr'>δι’</span> <span class='ocrx_word' id='word_1_769' title='bbox 3815 5016 3951 5068; x_wconf 70' lang='grc' dir='ltr'>αὐτὸ</span> 
     </span>
    </p>
   </div>
   <div class='ocr_carea' id='block_1_111' title="bbox 2340 5097 3955 5176">
    <p class='ocr_par' dir='ltr' id='par_1_111' title="bbox 2340 5097 3955 5176">
     <span class='ocr_line' id='line_1_111' title="bbox 2340 5097 3955 5176; baseline 0.001 -21"><span class='ocrx_word' id='word_1_770' title='bbox 2340 5108 2466 5173; x_wconf 78' lang='grc' dir='ltr'>τιμῇ</span> <span class='ocrx_word' id='word_1_771' title='bbox 2500 5120 2554 5154; x_wconf 85' lang='grc' dir='ltr'>τι</span> <span class='ocrx_word' id='word_1_772' title='bbox 2591 5105 2681 5154; x_wconf 82' lang='grc' dir='ltr'>καὶ</span> <span class='ocrx_word' id='word_1_773' title='bbox 2707 5097 2858 5174; x_wconf 71' lang='grc' dir='ltr'>δόξῃ,</span> <span class='ocrx_word' id='word_1_774' title='bbox 2901 5103 3215 5160; x_wconf 85' lang='grc' dir='ltr'>καθίστησιν</span> <span class='ocrx_word' id='word_1_775' title='bbox 3246 5101 3440 5176; x_wconf 78' lang='grc' dir='ltr'>ἐμφανῆ</span> <span class='ocrx_word' id='word_1_776' title='bbox 3471 5105 3556 5156; x_wconf 85' lang='grc' dir='ltr'>τόν</span> <span class='ocrx_word' id='word_1_777' title='bbox 3596 5103 3674 5175; x_wconf 77' lang='grc' dir='ltr'>ἐφ’</span> <span class='ocrx_word' id='word_1_778' title='bbox 3705 5103 3743 5174; x_wconf 81' lang='grc' dir='ltr'>ᾧ</span> <span class='ocrx_word' id='word_1_779' title='bbox 3783 5112 3955 5156; x_wconf 82' lang='grc' dir='ltr'>ποιεῖ-</span> 
     </span>
    </p>
   </div>
   <div class='ocr_carea' id='block_1_112' title="bbox 2339 5187 3954 5266">
    <p class='ocr_par' dir='ltr' id='par_1_112' title="bbox 2339 5187 3954 5266">
     <span class='ocr_line' id='line_1_112' title="bbox 2339 5187 3954 5266; baseline 0.003 -25"><span class='ocrx_word' id='word_1_780' title='bbox 2339 5209 2427 5247; x_wconf 84' lang='grc' dir='ltr'>ται</span> <span class='ocrx_word' id='word_1_781' title='bbox 2455 5194 2576 5252; x_wconf 82' lang='grc' dir='ltr'>τοὺς</span> <span class='ocrx_word' id='word_1_782' title='bbox 2617 5189 2800 5262; x_wconf 81' lang='grc' dir='ltr'>λόγους</span> <span class='ocrx_word' id='word_1_783' title='bbox 2831 5207 2842 5220; x_wconf 88' lang='grc'><strong>·</strong></span> <span class='ocrx_word' id='word_1_784' title='bbox 2897 5187 3060 5250; x_wconf 82' lang='grc' dir='ltr'>δῆλοη</span> <span class='ocrx_word' id='word_1_785' title='bbox 3101 5187 3161 5244; x_wconf 73' lang='lat'><strong>6‘2:</strong></span> <span class='ocrx_word' id='word_1_786' title='bbox 3217 5194 3296 5244; x_wconf 80' lang='grc' dir='ltr'>ότι</span> <span class='ocrx_word' id='word_1_787' title='bbox 3335 5195 3422 5244; x_wconf 86' lang='grc' dir='ltr'>τὸν</span> <span class='ocrx_word' id='word_1_788' title='bbox 3460 5198 3718 5264; x_wconf 80' lang='grc' dir='ltr'>Μονογενῆ</span> <span class='ocrx_word' id='word_1_789' title='bbox 3746 5206 3760 5222; x_wconf 92' lang='grc'><strong>·</strong></span> <span class='ocrx_word' id='word_1_790' title='bbox 3802 5211 3954 5266; x_wconf 80' lang='grc' dir='ltr'>μετε-</span> 
     </span>
    </p>
   </div>
   <div class='ocr_carea' id='block_1_113' title="bbox 2341 5280 3955 5360">
    <p class='ocr_par' dir='ltr' id='par_1_113' title="bbox 2341 5280 3955 5360">
     <span class='ocr_line' id='line_1_113' title="bbox 2341 5280 3955 5360; baseline 0.001 -25"><span class='ocrx_word' id='word_1_791' title='bbox 2341 5284 2602 5351; x_wconf 77' lang='grc' dir='ltr'>σχηκέναι</span> <span class='ocrx_word' id='word_1_792' title='bbox 2647 5283 2748 5354; x_wconf 87' lang='grc' dir='ltr'>γάρ</span> <span class='ocrx_word' id='word_1_793' title='bbox 2791 5299 2948 5354; x_wconf 84' lang='grc' dir='ltr'>φησιν</span> <span class='ocrx_word' id='word_1_794' title='bbox 2981 5280 3135 5334; x_wconf 72' lang='grc' dir='ltr'>αὐτόν</span> <span class='ocrx_word' id='word_1_795' title='bbox 3163 5282 3380 5355; x_wconf 82' lang='grc' dir='ltr'>αἳματος</span> <span class='ocrx_word' id='word_1_796' title='bbox 3407 5286 3499 5335; x_wconf 85' lang='grc' dir='ltr'>καὶ</span> <span class='ocrx_word' id='word_1_797' title='bbox 3546 5285 3740 5360; x_wconf 83' lang='grc' dir='ltr'>σαρκός</span> <span class='ocrx_word' id='word_1_798' title='bbox 3778 5301 3955 5355; x_wconf 69' lang='grc' dir='ltr'>παραυ</span> 
     </span>
    </p>
   </div>
   <div class='ocr_carea' id='block_1_114' title="bbox 2338 5367 2750 5443">
    <p class='ocr_par' dir='ltr' id='par_1_114' title="bbox 2338 5367 2750 5443">
     <span class='ocr_line' id='line_1_114' title="bbox 2338 5367 2750 5443; baseline -0.002 -21"><span class='ocrx_word' id='word_1_799' title='bbox 2338 5367 2438 5428; x_wconf 88' lang='grc' dir='ltr'>πλη</span> <span class='ocrx_word' id='word_1_800' title='bbox 2448 5373 2575 5434; x_wconf 84' lang='grc' dir='ltr'>σίως</span> <span class='ocrx_word' id='word_1_801' title='bbox 2603 5370 2750 5443; x_wconf 78' lang='grc' dir='ltr'>ἡμῖν.</span> 
     </span>
    </p>
   </div>
   <div class='ocr_carea' id='block_1_115' title="bbox 2409 5529 3944 5661">
    <p class='ocr_par' dir='ltr' id='par_1_115' title="bbox 2409 5529 3944 5661">
     <span class='ocr_line' id='line_1_115' title="bbox 2409 5529 3944 5661; baseline 0.004 -75"><span class='ocrx_word' id='word_1_802' title='bbox 2409 5529 2779 5661; x_wconf 45' lang='grc' dir='ltr'>(ἓὸζέἒὶιὲοε.</span> <span class='ocrx_word' id='word_1_803' title='bbox 2811 5531 2981 5601; x_wconf 85' lang='lat' dir='ltr'>Quod</span> <span class='ocrx_word' id='word_1_804' title='bbox 3009 5548 3166 5593; x_wconf 84' lang='lat' dir='ltr'>unus</span> <span class='ocrx_word' id='word_1_805' title='bbox 3195 5539 3280 5592; x_wconf 87' lang='lat' dir='ltr'>est</span> <span class='ocrx_word' id='word_1_806' title='bbox 3311 5533 3604 5605; x_wconf 77' lang='lat' dir='ltr'>Christus,</span> <span class='ocrx_word' id='word_1_807' title='bbox 3636 5535 3758 5604; x_wconf 88' lang='lat' dir='ltr'>t.V,</span> <span class='ocrx_word' id='word_1_808' title='bbox 3780 5537 3944 5607; x_wconf 86' lang='lat' dir='ltr'>part.</span> 
     </span>
     <span class='ocr_line' id='line_1_116' title="bbox 2409 5618 2698 5661; baseline 0 0"><span class='ocrx_word' id='word_1_809' title='bbox 2409 5618 2467 5661; x_wconf 81' lang='grc' dir='ltr'>ι).</span> <span class='ocrx_word' id='word_1_810' title='bbox 2687 5646 2698 5661; x_wconf 90' lang='grc'><strong>.</strong></span> 
     </span>
    </p>
   </div>
   <div class='ocr_carea' id='block_1_116' title="bbox 2337 5618 2698 5680">
    <p class='ocr_par' dir='ltr' id='par_1_116' title="bbox 2337 5618 2698 5680">
     <span class='ocr_line' id='line_1_117' title="bbox 2337 5618 2698 5680; baseline 0.011 -23"><span class='ocrx_word' id='word_1_811' title='bbox 2337 5619 2374 5669; x_wconf 82' lang='grc' dir='ltr'>ι,</span> <span class='ocrx_word' id='word_1_812' title='bbox 2409 5618 2467 5680; x_wconf 88' lang='lat' dir='ltr'>p.</span> <span class='ocrx_word' id='word_1_813' title='bbox 2501 5618 2603 5661; x_wconf 72' lang='lat'>703</span> <span class='ocrx_word' id='word_1_814' title='bbox 2635 5618 2698 5672; x_wconf 68' lang='grc' dir='ltr'>β,</span> 
     </span>
    </p>
   </div>
  </div>
