4148 6382
207 284 317 348 225

687 413 794 464 Τοῦ
822 408 1209 484 Χρυσοστόμου
1233 396 1369 480 (29).
1853 407 1902 461 Α.

294 517 398 574 κθ’.
460 513 616 572 Ἀλλὰ
684 520 777 570 καὶ
836 517 1122 592 περιφέρων
1196 518 1288 573 τὴν
1356 514 1546 589 σάρκα,
1609 510 1826 586 ἀφίησιν

223 607 396 666 αὐτὴν
453 609 520 660 τὰ
572 614 666 668 τῆς
721 607 924 678 φύσεως
989 603 1327 677 ἐλαττώματα
1381 602 1677 676 ὑπομεῖναι,
1737 604 1829 656 καὶ

227 694 491 768 διψῆσαι,
530 700 619 750 καὶ
673 696 1017 764 καθεσθῆναι,
1070 697 1161 744 καὶ
1226 693 1484 745 κοπιάσαι
1517 711 1530 724 ·
1573 691 1716 753 τέλος
1771 688 1830 744 δὲ

225 791 325 839 καὶ
382 783 466 838 ἐπὶ
510 787 595 838 τὸν
634 787 859 859 σταυρὸν
917 781 1217 858 ἐρχόμενος,
1276 779 1492 854 ἀφίησιν
1553 780 1716 839 αὐτὴν
1765 781 1831 832 τὰ

222 882 325 936 τῆς
367 877 558 949 σαρκὸς
611 875 793 927 παθεῖν
826 888 840 903 '
884 868 980 924 διὰ
1014 878 1169 924 τοῦτο
1215 874 1306 924 καὶ
1342 873 1554 946 κρουνοὶ
1595 867 1829 942 ἱδρώτων

223 967 568 1037 κατεφέροντο
653 960 707 1026 ἐξ
798 960 958 1022 αὐτῆς
991 976 1006 992 ⁸
1083 964 1172 1014 καὶ
1259 958 1477 1032 ἄγγελος
1551 960 1830 1034 ηὑρίσκετο

222 1051 398 1112 αὐτὴν
438 1049 732 1127 διακρατῶν
765 1069 778 1081 ·
813 1054 904 1103 καὶ
952 1049 1214 1116 λυπεῖται,
1253 1053 1343 1101 καὶ
1394 1044 1654 1121 ἁδημονεῐ
1682 1061 1698 1077 ⁸
1740 1052 1830 1100 καὶ

218 1146 332 1217 γὰρ
370 1147 524 1217 πρινή
566 1149 734 1194 ταῦτα
759 1141 937 1212 εἰπεῖν,
973 1144 1154 1212 φησὶν,
1177 1138 1234 1192 Ἡ
1264 1138 1418 1211 ψυχή
1448 1158 1549 1211 μου
1579 1139 1828 1213 τετάρακ-

215 1251 313 1285 ται
345 1248 358 1262 ⁸
400 1236 510 1300 καὶ,
571 1230 862 1307 Περίλυπός
909 1227 1048 1282 ἐστιν
1105 1228 1134 1286 ἠ
1176 1227 1330 1300 ψυχή
1381 1247 1482 1302 μου
1541 1227 1634 1290 ἕως
1675 1228 1829 1280 θανά-

213 1340 337 1376 του.

870 1431 974 1479 Τοῦ
1003 1423 1189 1482 αὑτοῦ.

295 1531 434 1591 λ’.Ὀ
459 1529 520 1587 δὲ
541 1533 771 1608 Χριστός
804 1539 961 1606 σῶμα
988 1532 1214 1605 καθαρὸν
1243 1529 1633 1604 ἁμαρτημάτων
1667 1524 1829 1603 εἶχεν,

214 1623 281 1676 οὗ
325 1631 562 1696 φυσικῶν
593 1620 832 1695 ἁναγκῶν
879 1619 1272 1693 ἀπηλλαγμένον
1305 1634 1319 1651 ·
1371 1619 1480 1673 ἕπει
1509 1615 1634 1673 οὐδε
1682 1628 1835 1692 σῶμα

218 1710 313 1772 ἧν.

624 1823 728 1872 Τοῦ
768 1816 924 1890 ἁγίου
956 1815 1274 1891 Ἀμϐροσίου
1307 1817 1438 1889 (30).

299 1925 397 1981 λα’.
455 1921 544 1989 Ὦς
606 1926 880 2001 ἄνθρωπος
944 1921 1032 1977 οὖν
1087 1921 1369 1991 ἐνδοιάζει,
1427 1924 1498 1985 ὡς
1563 1924 1835 1997 ἅνθρωπος

222 2015 604 2089 ἐκταράττεται
632 2029 647 2046 ⁸
691 2015 750 2068 οῦ
797 2017 1109 2089 ταράττεται
1132 2017 1234 2089 γὰρ
1273 2015 1304 2072 ἡ
1341 2011 1567 2086 δύναμις
1618 2010 1744 2067 οὐδὲ
1799 2015 1830 2074 ἡ

221 2108 413 2167 θεότης
470 2104 654 2175 αὐτοῦ,
695 2102 801 2156 ἁλλ’
833 2105 864 2163 ἡ
905 2103 1060 2176 ψυχὴ
1119 2104 1430 2178 ταράττεται
1468 2108 1558 2156 καὶ
1591 2104 1834 2178 σπαράτ-

217 2213 372 2248 τεται
437 2195 580 2248 κατὰ
631 2196 726 2252 τὴν
783 2201 882 2255 τῆς
942 2190 1263 2267 ἀνθρωπίνης
1331 2193 1656 2267 σαθρότητος
1705 2197 1835 2268 πρό-

221 2282 334 2356 ληψ
342 2305 409 2340 ιν.

805 2394 910 2442 Τοῦ
941 2388 1100 2442 αὑτοῦ
1127 2389 1264 2460 (31).

303 2497 398 2551 λε.
427 2497 486 2551 '0
531 2493 621 2550 οὖν
659 2499 772 2558 ἶσος
826 2495 877 2548 ἓν
931 2504 994 2570 τῇ
1048 2503 1182 2551 Θεοῦ
1211 2503 1383 2570 μορφῇ
1419 2495 1653 2550 ἐλάσσων
1683 2496 1732 2551 ἓν
1770 2503 1834 2571 τῇ

230 2586 531 2660 προσλήψει
567 2595 666 2648 τῆς
699 2588 914 2660 σαρκὸς,
953 2591 1043 2638 καὶ
1073 2593 1146 2656 τῷ
1185 2587 1340 2638 πάθει
1377 2593 1470 2639 τοῦ
1512 2585 1784 2662 ἀνθρώπου
1819 2608 1833 2623 ο

230 2685 348 2738 πῶς
374 2678 474 2751 γὰρ
501 2672 732 2734 ἠδύνατο
770 2675 803 2733 ἡ
838 2673 969 2733 αὐτὴ
1001 2676 1152 2746 φύσις
1176 2672 1394 2727 ἐλάττων
1421 2672 1549 2728 εἶναι
1587 2681 1678 2729 καὶ
1704 2679 1796 2735 ἴση
1819 2693 1832 2745 ;

226 2773 347 2826 Πῶς
373 2762 455 2834 δὲ,
489 2763 575 2817 ἐὰν
605 2763 826 2816 ἐλάττων
853 2761 988 2834 ἐστὶ,
1017 2765 1084 2816 τὰ
1113 2763 1246 2816 αὑτὰ
1269 2771 1404 2816 ποιεῖ
1435 2765 1626 2836 ὁμοίως
1650 2765 1780 2838 άπερ
1808 2765 1834 2817 6

223 2859 419 2927 Πατὴρ
459 2861 641 2920 ﬂocci;
701 2856 802 2906 Καὶ
838 2854 940 2928 γὰρ
991 2856 1109 2904 τίνα
1136 2856 1326 2926 τρόπον
1373 2855 1403 2911 ἠ
1439 2853 1569 2912 αὐτὴ
1609 2851 1838 2927 ἐνέργεια

231 2939 504 3015 διαφόρου
536 2940 648 2994 ἐστὶ
677 2938 978 3014 δυνάμεως
1018 2946 1104 3000 Μή
1160 2961 1214 2994 τι
1242 2941 1404 3004 οὕτως
1442 2938 1666 2995 δύναται
1703 2941 1836 3018 ἐνερ-

230 3039 347 3102 γεῖν
377 3032 406 3083 ὁ
448 3033 637 3098 ἥττων,
666 3030 776 3083 καθ’
796 3031 850 3083 ὄν
889 3034 1079 3103 τρόπον
1109 3031 1134 3082 ό
1167 3034 1397 3103 μείζωνς
1426 3032 1455 3090 ἦ
1490 3035 1589 3104 μία
1608 3030 1835 3106 ἐνέργεια

231 3117 463 3173 δύναται
495 3115 642 3187 dum,
682 3122 807 3172 ὅπου
848 3115 1102 3194 διάφορος
1127 3119 1282 3172 οὐσία
1319 3118 1470 3188 ἐστί;
1510 3125 1692 3173 Τοίνυν
1713 3119 1836 3174 λάϐε
1865 3102 1905 3159 C

219 3213 314 3264 τόν
352 3213 588 3284 Χριστὸν
611 3211 748 3262 κατὰ
785 3213 880 3268 τὴν
922 3210 1143 3268 θεότητα
1179 3214 1252 3283 μὴ
1297 3206 1561 3263 δύνασθαι
1591 3209 1836 3264 ἐλάττονα

216 3299 491 3372 λέγεσθαι.

643 3412 748 3460 Τοῦ
779 3403 930 3478 ἁγίου
963 3406 1260 3478 Ἀγάθωνος
1297 3410 1424 3478 (32).

297 3510 395 3585 λγ’.
443 3515 550 3566 Καὶ
590 3511 643 3565 ἓν
699 3516 808 3585 ὅσῳ
847 3509 1114 3566 δείκνυσιν
1142 3514 1169 3566 6
1220 3516 1384 3585 μέγας
1408 3512 1726 3588 ’Λμϐρόσιος
1762 3518 1833 3586 μὴ

225 3597 494 3654 δύνασθαι
534 3596 793 3673 διαφόρου
858 3597 1124 3674 δυναμεως
1178 3606 1301 3674 μίαν
1358 3603 1606 3675 ἐνέργειαν
1664 3604 1837 3678 ὑπάρ-

230 3709 367 3761 χειν,
426 3686 570 3762 μηδὲ
626 3694 717 3748 τὴν
775 3689 1036 3743 ἐλάσσονα
1073 3687 1334 3743 δύνασθαι
1393 3688 1607 3766 ἐνεργεῖν
1644 3694 1712 3744 τὰ
1748 3701 1839 3753 τῆς

235 3778 486 3848 μείζονος,
567 3781 686 3830 οὔτε
762 3781 892 3831 ὅπου
969 3775 1214 3852 διάφορος
1289 3779 1444 3831 οὐσία
1514 3782 1647 3851 ἐστὶ,
1715 3785 1838 3854 μίαν

234 3861 494 3918 δύνασθαι
546 3868 782 3919 νοεῖσθαι
837 3871 932 3926 τὴν
983 3867 1259 3942 ἐνέργειαν,
1329 3865 1674 3922 ἀποδείκνυσι
1739 3890 1837 3942 φα-

231 3962 401 4029 νιροῐς
470 3959 744 4029 μηνύμασι
817 3959 877 4008 τὸ
952 3961 1023 4028 μὴ
1104 3953 1366 4010 δύνασθαι
1422 3962 1546 4030 μίαν
1613 3963 1840 4031 φυσικὴν

231 4041 481 4117 ἐνέργειαν
547 4047 690 4116 ἔχειν
755 4046 850 4097 τὰν
900 4047 1121 4104 θεότητα
1157 4051 1249 4098 καὶ
1302 4051 1396 4104 τὴν
1463 4045 1840 4120 ἁνθρωπότητα

224 4140 317 4186 τοῦ
368 4141 604 4206 Χριστοῦ
635 4152 648 4166 ο
711 4133 757 4186 εἰ
814 4138 903 4186 καὶ
943 4134 1050 4196 ἐνὸς
1088 4140 1374 4208 προσώπου
1425 4131 1554 4188 εἶναι
1590 4142 1840 4208 γινώσκοο

222 4241 333 4294 μεν,
420 4226 514 4274 καὶ
589 4224 722 4294 μετὰ
795 4230 886 4284 τῆς
961 4221 1190 4282 ἀλλήλων
1274 4229 1546 4286 κοινωνίας
1621 4224 1837 4299 ἐνεργεῖν

227 4312 561 4384 θεωροῦνται·
601 4309 772 4363 Ὅπου
834 4316 1005 4364 τοίνυν
1054 4317 1210 4385 μείων
1269 4317 1358 4365 καὶ
1418 4312 1638 4366 ἐλάττων
1696 4314 1836 4390 ἐνέρ-

221 4417 342 4470 γεια
396 4397 623 4470 λέγεται,
673 4399 730 4451 οῦ
770 4404 891 4472 περὶ
930 4406 1073 4472 μιᾶς,
1127 4399 1256 4453 ἁλλὰ
1309 4406 1429 4474 περὶ
1467 4398 1565 4454 δύο
1605 4413 1836 4475 φυσικῶν

222 4494 316 4540 τοῦ
357 4485 464 4548 ἑνός
505 4495 740 4560 Χριστοῦ
797 4485 1058 4561 ἐνεργειῶν
1107 4497 1413 4565 φανεροῦται
1451 4493 1586 4563 (33).
1635 4523 1696 4532 --
1737 4497 1836 4545 Καὶ

227 4583 395 4628 ταῦτα
437 4579 531 4648 μὲν
562 4577 697 4628 εἶπεν
737 4579 1114 4653 ἐπικυροῦσαὴ
1149 4579 1269 4638 ἕκτη
1306 4575 1526 4641 σύνοδος
1572 4582 1638 4632 τὰ
1692 4583 1838 4655 παρὰ

228 4674 319 4719 τοῦ
368 4665 524 4738 ἁγίου
566 4665 885 4740 ’Λμϐροσίου
946 4672 1248 4742 γραφένταο
1301 4671 1332 4728 ἠ
1391 4666 1451 4722 δέ
1509 4689 1568 4742 γε
1625 4675 1833 4743 πέμπτη

229 4753 455 4816 σύνοδος
492 4763 662 4809 ταῦτα
699 4755 984 4829 ἐξεφώνησε
1034 4763 1154 4832 περὶ
1211 4757 1370 4819 αὐτῆς
1426 4763 1513 4811 καὶ
1571 4769 1671 4812 τῶν
1736 4760 1838 4812 λοι-

225 4853 336 4899 πῶν
403 4845 568 4917 ἁγίων
632 4853 734 4898 τῶν
809 4851 924 4900 τότε
987 4845 1352 4918 συνελθόντων,
1431 4849 1512 4900 ὅτι
1568 4850 1838 4921 Δεχόμεθα

223 4935 399 4986 πάντα
454 4937 521 4986 τὰ
557 4934 682 5008 παρ’
721 4934 890 4987 αὐτῶν
941 4941 1060 5011 περὶ
1120 4945 1216 4998 τῆς
1278 4935 1438 5012 ὀρθῆς
1490 4942 1715 5000 πίστεως
1772 4938 1838 4999 εἰς

221 5024 545 5098 κατάκρισιν
618 5033 720 5076 τῶν
799 5024 1070 5098 αἰρετικῶν
1145 5025 1410 5080 ἐκτεθέντα
1442 5043 1455 5056 ·

225 5131 346 5165 τινα
380 5127 395 5142 ⁸

1535 5032 1635 5080 Καὶ
1709 5030 1839 5099 μετά

466 5117 568 5166 Καὶ
628 5115 674 5167 εἰ
728 5132 810 5176 τις
875 5112 1056 5168 ἑαυτὸν
1093 5122 1190 5176 τῆς
1246 5113 1296 5167 ἐν
1353 5115 1531 5176 αὐτοῖς
1573 5121 1840 5178 κοινωνίας

297 5392 412 5483 (g9)
428 5393 820 5483 Sequentium
833 5396 995 5470 apud
1009 5391 1506 5483 Chrysostomum
1517 5396 1844 5483 verborum

233 5465 443 5543 sedem
475 5465 900 5543 véstigandam
924 5465 1250 5543 pegptium
1270 5469 1515 5543 eruditis
1539 5470 1841 5543 permitto.

305 5540 418 5617 (30)
431 5543 528 5617 βξ
558 5539 716 5617 oper
740 5541 832 5597 De
852 5539 990 5617 ﬁde,
1017 5539 1130 5617 lib.
1151 5556 1211 5610 ιι,
1240 5557 1376 5617 cap.
1409 5542 1462 5612 7,
1494 5539 1562 5602 n:
1591 5546 1680 5604 56.

303 5612 408 5690 (3t)
426 5614 559 5678 Lib.
593 5612 700 5675 cit.
731 5626 870 5685 cap.
893 5613 948 5684 8,
980 5626 1042 5671 n.
1071 5615 1166 5673 70.

1544 270 1892 339 THESAURI
1933 279 2063 338 LIB.
2101 271 2256 339 XXV.

1863 1757 1908 1812 B

3487 289 3594 356 226

2545 405 2982 480 Chrysostomi.

2007 514 2095 567 29.
2137 510 2251 569 Sed
2298 527 2478 570 carne
2521 520 2852 589 assumpta,
2884 517 3022 575 sinit
3048 535 3185 578 eam
3216 526 3448 581 naturae
3494 525 3591 583 in-

1937 599 2250 658 ﬁrmitates
2288 603 2571 676 perferre,
2597 604 2872 664 videlicet
2925 613 2981 664 et
3030 610 3211 680 sitire,
3263 618 3319 669 et
3355 615 3592 688 requie-

1939 706 2121 763 scere,
2157 697 2213 748 et
2235 691 2514 750 laborare
2541 711 2554 749 :
2588 694 2849 768 denique
2870 698 2949 754 ad
2977 714 3215 756 crucem
3245 702 3588 778 deveniens,

1940 779 2078 836 sinit
2105 795 2350 837 carnem
2382 798 2519 854 quae
2550 789 2691 839 sunt
2719 786 2966 858 propria
3019 789 3296 860 ejusdem
3343 794 3590 866 perpeti.

1938 867 2383 942 Proptereaque
2413 875 2471 927 et
2522 871 2760 929 sudoris
2790 874 2898 931 rivi
2927 891 3000 932 ex
3029 893 3102 933 ea
3128 878 3498 948 deﬂuebant,
3539 886 3597 939 et

1940 958 2195 1029 angelus
2224 960 2507 1032 apparuit
2545 961 2709 1018 illam
2749 965 3131 1035 confortans;
3164 974 3222 1024 et
3245 969 3512 1027 tristatur
3540 976 3597 1028 et

1939 1053 2156 1104 moesta
2191 1055 2297 1105 est.
2340 1053 2487 1106 Nam
2537 1056 2594 1107 et
2622 1056 2952 1126 antequam
2982 1055 3112 1112 haec
3154 1057 3379 1115 diceret
3410 1075 3423 1113 :
3450 1061 3597 1116 Ani-

1939 1152 2058 1208 ma,
2079 1137 2295 1212 inquit,
2323 1155 2453 1196 mea
2483 1141 2729 1198 turbata
2755 1151 2860 1209 est,
2889 1145 3033 1202 Item
3067 1164 3080 1202 :
3118 1149 3328 1206 Tristis
3359 1156 3439 1207 est
3467 1152 3596 1208 ani-

1940 1241 2038 1283 ma
2070 1242 2201 1284 mea
2231 1243 2417 1300 usque
2445 1230 2527 1286 ad
2555 1236 2824 1288 mortem.

2617 1425 2926 1498 Ejusdem.

2014 1531 2109 1586 30.
2149 1529 2380 1588 Christo
2410 1535 2612 1588 autem
2643 1548 2863 1606 corpus
2888 1538 3012 1592 erat
3039 1536 3305 1608 peccatis
3347 1554 3590 1611 purum,

1942 1633 2068 1675 non
2106 1622 2309 1676 tamen
2363 1621 2743 1678 naturalibus
2799 1624 3253 1682 necessitatibus
3293 1627 3585 1686 alienum.

1944 1707 2186 1781 Alioqui
2213 1724 2434 1783 corpus
2463 1725 2584 1767 non
2613 1710 2846 1768 fuisset.

2487 1817 2702 1875 Sancti
2724 1819 3034 1877 Ambrosii.

2014 1924 2106 1980 3i.
2145 1924 2216 1980 Ut
2247 1922 2433 1982 homo
2477 1940 2621 1995 ergo
2659 1925 2909 1993 dubitat,
2943 1931 3009 1983 ut
3059 1927 3244 1985 homo
3286 1929 3586 1987 turbatur.

1944 2014 2076 2070 Non
2109 2012 2385 2070 turbatur
2409 2013 2460 2086 ej
2473 2031 2539 2070 us
2569 2015 2780 2084 virtus,
2811 2032 2936 2073 non
2963 2016 3241 2075 turbatur
3266 2018 3394 2090 ejus
3443 2021 3594 2077 divi-

1943 2101 2135 2170 nitas;
2169 2102 2272 2159 sed
2315 2104 2590 2160 turbatur
2617 2104 2844 2174 ,anima
2875 2121 2889 2160 :
2925 2105 3206 2164 turbatur
3256 2109 3594 2167 secundum

1941 2190 2230 2250 humanm
2258 2191 2594 2264 fragilitatis
2621 2195 3123 2267 assumptionem.

2602 2391 2915 2461 Ejusdem.

2016 2497 2105 2551 32.
2128 2494 2396 2568 Equalis
2424 2511 2569 2566 ergo
2605 2495 2670 2553 in
2705 2497 2807 2554 Dei
2827 2498 3047 2566 forma,
3081 2499 3280 2556 minor
3299 2499 3361 2556 in
3391 2517 3598 2559 susce-

1943 2583 2149 2656 ptione
2169 2585 2367 2641 carnis
2389 2589 2448 2642 et
2468 2585 2734 2642 hominis
2767 2586 3072 2659 passione.
3105 2591 3256 2645 Nam
3285 2591 3597 2662 quomodo

1944 2672 2157 2730 eadem
2180 2678 2386 2746 posset
2410 2676 2609 2732 minor
2629 2691 2758 2731 esse
2783 2676 3156 2749 aequalisque
3180 2681 3426 2735 natura?
3448 2683 3601 2746 Quo-

1944 2761 2129 2819 modo
2163 2767 2366 2819 autem
2414 2763 2461 2818 si
2491 2763 2690 2820 minor
2737 2768 2846 2835 est,
2890 2765 3105 2821 eadem
3158 2767 3424 2824 similiter
3459 2768 3600 2826 facit

1945 2867 2080 2923 quae
2109 2853 2278 2908 Pater
2301 2851 2485 2907 facit?
2509 2855 2658 2908 Nam
2683 2852 3206 2924 quemadmodum
3226 2856 3439 2912 eadem
3458 2873 3600 2930 ope-

1942 2939 2096 2996 ratio
2133 2939 2387 2997 diversae
2433 2945 2588 2996 esset
2614 2941 2931 3012 potestatis
2955 2942 2983 2996 ?
3013 2944 3317 3015 Numquid
3364 2945 3446 2999 sic
3488 2961 3597 3016 po-

1943 3033 2057 3084 test
2085 3029 2302 3096 minor,
2353 3029 2879 3101 quemadmodum
2936 3031 3132 3101 major
3177 3033 3463 3105 operari?
3497 3037 3600 3089 aut

1944 3132 2069 3172 una
2097 3117 2366 3189 operatio
2394 3123 2590 3190 potest
2618 3135 2767 3186 esse,
2826 3118 2932 3174 ubi
2966 3119 3206 3176 diversa
3261 3120 3601 3178 substantia

1944 3208 2070 3262 est?
2101 3209 2305 3278 Itaque
2335 3207 2539 3280 accipe
2584 3207 2886 3264 Christum
2945 3209 3281 3265 secundum
3330 3210 3600 3267 divinita-

1945 3299 2085 3366 tem,
2109 3294 2406 3352 minorem
2435 3311 2558 3352 non
2581 3311 2758 3368 posse
2783 3295 2922 3351 dici.

2471 3403 2686 3460 Sancti
2711 3405 3070 3474 Agathonis.

2018 3513 2106 3566 33.
2141 3510 2208 3565 Et
2256 3507 2402 3566 dum
2455 3509 2716 3566 ostendit
2750 3525 3010 3580 magnus
3065 3511 3437 3586 Ambrosius,
3477 3529 3603 3573 non

1947 3613 2124 3671 posse
2145 3598 2400 3654 diversae
2417 3599 2724 3672 potestatis
2755 3615 2940 3654 unam
2962 3602 3373 3672 operationem
3391 3604 3601 3662 existe-

1947 3703 2156 3754 re,nec
2188 3688 2483 3743 minorem
2509 3703 2692 3759 posse
2712 3688 3126 3761 operariquod
3151 3706 3468 3763 magnam;
3491 3711 3602 3751 nec

1948 3775 2053 3831 ubi
2079 3775 2320 3832 diversa
2351 3775 2688 3832 substantia
2720 3781 2824 3842 est,
2873 3792 3058 3832 unam
3098 3793 3276 3849 posse
3303 3783 3598 3853 operatio-

1947 3880 2088 3921 nem
2109 3863 2379 3934 intelligi,
2402 3863 2773 3920 demonstrat
2795 3864 3126 3920 manifestis
3153 3866 3410 3936 indiciis,
3431 3871 3601 3942 quod

1946 3969 2072 4009 non
2101 3952 2290 4025 possit
2335 3969 2520 4008 unam
2559 3953 2896 4008 naturalem
2928 3955 3339 4025 operationem
3373 3956 3600 4016 habere

1949 4042 2231 4098 divinitas
2263 4046 2320 4097 et
2340 4042 2688 4098 humanitas
2719 4041 2946 4111 Christi,
2964 4042 3102 4098 licet
3127 4044 3306 4099 unius
3324 4061 3598 4117 personae

1948 4147 2080 4186 esse
2109 4136 2458 4200 noscantur,
2492 4135 2548 4186 et
2578 4130 2831 4186 alterum
2871 4147 3009 4187 cum
3041 4130 3284 4188 alterius
3325 4149 3599 4192 commu-

1947 4223 2126 4277 nione
2175 4220 2412 4293 operari
2443 4226 2780 4276 cernantur.
2815 4219 2924 4276 Ubi
2948 4221 3154 4293 itaque
3183 4223 3381 4294 major
3419 4229 3475 4280 et
3493 4226 3602 4282 mi-

1946 4324 2058 4365 nor
2087 4307 2303 4364 dicitur
2331 4308 2623 4381 operatio,
2659 4324 2783 4364 non
2836 4309 2912 4364 de
2957 4325 3079 4365 una
3107 4309 3215 4365 sed
3244 4310 3318 4366 de
3358 4311 3599 4370 duabus

1945 4398 2321 4454 naturalibus
2373 4398 2551 4453 unius
2605 4397 2817 4452 Christi
2869 4398 3322 4469 operationibus
3367 4401 3603 4460 intima-

1947 4495 2061 4544 tur.
2089 4524 2152 4533 —
2177 4491 2366 4560 Atque
2411 4487 2540 4543 haec
2566 4487 2814 4559 quidem
2865 4493 3033 4544 sexta
3061 4488 3332 4560 synodus
3362 4491 3600 4550 decreto

1944 4578 2370 4650 ﬁrmavit,quaa
2395 4577 2669 4634 videlicet
2690 4582 2935 4634 sanctus
2963 4578 3320 4635 Ambrosius
3352 4581 3603 4652 scripse-

1946 4672 2054 4725 rat.
2100 4668 2317 4734 Quinta
2346 4683 2488 4723 vero
2520 4667 2793 4740 synodus
2815 4673 2944 4724 tum
2963 4668 3104 4724 huic
3137 4671 3446 4727 sententiae
3474 4677 3598 4728 tum

1945 4756 2190 4828 reliquis
2243 4760 2590 4812 sanctorum
2656 4759 2896 4812 Patrum
2965 4764 3472 4828 eongregatorum
3519 4760 3603 4818 sic

1947 4845 2430 4902 acclamaverat:
2491 4844 2829 4916 Recipimus
2881 4850 3116 4918 cuncta,
3150 4863 3286 4918 quae
3337 4849 3417 4904 ab
3455 4849 3602 4921 ipsis

1948 4936 2106 4992 circa
2131 4941 2354 4992 rectam
2399 4935 2578 4990 ﬁdem
2612 4935 2844 5007 prolata
2893 4941 3034 4991 sunt
3075 4937 3155 4992 ad
3183 4937 3602 4994 haereticorum

1951 5025 2537 5083 condemnationem.
2566 5027 2644 5080 Et
2668 5027 2858 5095 paulo
2878 5030 3033 5095 post.
3060 5027 3124 5082 Et
3153 5026 3201 5080 si
3229 5026 3364 5098 quis
3393 5027 3472 5082 ab
3497 5027 3604 5084 ho-

1949 5131 2086 5173 rum
2109 5129 2407 5171 consensu
2427 5118 2615 5170 semet
2642 5113 2958 5187 abstrahit,
2987 5114 3283 5172 contraria
3316 5114 3600 5187 sentiens,

2020 5397 2136 5466 (3'2)
2193 5395 2276 5452 Ex
2317 5391 2540 5471 Aconcil.
2593 5410 2654 5451 ιιι
2701 5393 3176 5470 Constantinop.,
3239 5395 3336 5455 ed.
3401 5398 3603 5471 Coleti,

1951 5469 2466 5673 xiixii);
2489 5539 2686 5602 exstat
2712 5540 2908 5600 textus
2962 5539 3131 5614 apud
3167 5541 3415 5604 citatum
3467 5558 3605 5604 con-

1988 5628 2006 5669 l
2163 5649 2178 5671 ο
