4148 6394
567 273 672 331 227
1915 265 2181 327 NICETE
2225 265 2594 326 CHONIATE
3823 279 3938 332 228

564 398 663 454 hic
687 399 978 471 quoniam
1030 400 1196 452 recta
1221 395 1342 452 ﬁde
1372 411 1434 453 se
1464 394 1769 453 abalienat
1805 395 2202 466 haereticisque

2331 399 2559 467 χωρίσει
2583 399 2648 449 τὰ
2696 393 2900 449 ἐναντία
2947 404 3162 471 φρονῶν,
3199 396 3224 448 6
3263 417 3514 467 τοιουτος,
3547 398 3726 452 ἑαυτὸν
3781 399 3937 454 ἁλλο-

566 493 979 550 connumerat,
1012 489 1224 543 merito
1248 503 1284 542 a
1313 490 1520 542 sancta
1545 486 1648 542 Dei
1679 484 1938 542 Ecclesia.
1966 485 2204 541 damna-

2330 493 2484 556 τριῶν
2515 491 2604 538 καὶ
2634 494 2724 546 τῆς
2747 485 2906 559 ὀρθῆς
2941 491 3165 546 πίστεως
3195 491 3285 538 καὶ
3325 495 3436 550 τοῖς
3463 491 3740 561 αἰρετικοίς
3769 509 3937 541 συνα-

567 581 660 632 tur
690 581 869 649 atque
895 576 1266 632 anathemati
1304 576 1639 646 subjicitur.

2327 577 2546 648 ριθμῶν,
2583 572 2798 636 δικαίως
2837 578 2936 628 ὑπὸ
2985 584 3080 638 τῆς
3118 577 3268 646 ἁγίας
3296 586 3388 629 τοῦ
3439 586 3571 630 Θεοῦ
3624 578 3938 640 Ἐκκλησίας

2327 669 2690 738 κατακρίνεται
2710 670 2799 717 καὶ
2829 664 3262 737 ἀναθεματίζεται
3291 666 3420 737 (34).

569 791 668 846 Ea:
721 791 1022 860 synodicis
1060 806 1188 860 quae
1235 791 1486 846 Romam
1536 791 1989 863 misitwsanctrus
2034 789 2207 844 Pater

2328 785 2460 842 Ἀπὸ
2492 797 2591 840 τῶν
2635 785 2797 841 συνοὸ
2803 798 2922 840 ικών
2975 789 3042 839 ὧν
3073 789 3295 861 ἔπεμψεν
3335 789 3383 841 ἐν
3406 789 3575 863 Ῥώμῃ
3631 791 3656 843 ὁ
3687 789 3734 843 ἐν
3766 791 3943 863 ἁγίοις

640 869 842 940 n_ost_er
871 863 1245 940 Sophronias
1269 861 1627 940 patriarcha
1648 861 2218 940 Hierosoiymorum,

2405 865 2578 939 Πατὴρ
2611 863 2640 918 ἠ
2649 869 2754 940 μῶν
2782 865 3061 940 Σωφρόνιος
3081 864 3389 940 πατιάρχης
3419 861 3786 940 Ἰεροσολύμων
3808 861 3942 940 περὶ

642 934 714 1006 cie
743 933 1045 1006 dominica
1075 935 1618 1006 incarnationem
1650 932 1809 1006 quod
1847 933 1920 985 sit
1946 947 2108 1006 imus
2148 946 2222 986 ex

2403 939 2496 1006 τῆς
2537 932 2787 1004 ἐνσάρκου
2827 932 3118 1004 οἰκονομίας
3148 932 3254 984 του⁷
3278 933 3385 993 ἐνὸς
3415 941 3510 994 τῆς
3531 932 3685 1006 ἁγίας
3705 932 3944 1006 Τριάδος

648 1005 939 1060 Trim'tate
959 1005 1125 1060 Jesus
1156 1003 1430 1060 Christus
1460 1003 1655 1057 Filius
1683 1004 1796 1056 Dei
1835 1009 1886 1057 et
1930 1003 2221 1057 Dominus

2402 1003 2577 1060 Ἰησοῦ
2636 1003 2871 1076 Χριστοῦ
2914 1003 3006 1055 τοῦ
3065 1006 3189 1056 Υὶοῦ
3250 1011 3340 1055 τοῦ
3405 1012 3538 1056 Θεοῦ
3574 1003 3672 1056 καί
3738 1003 3942 1081 Κυρίου

641 1081 862 1131 noster.

2404 1076 2569 1145 ἡμῶκ

639 1184 729 1240 34.
763 1185 881 1238 Nos
923 1198 1113 1238 unum
1163 1182 1458 1238 Christum
1491 1185 1547 1237 et
1577 1181 1786 1237 Filium
1817 1181 2221 1252 incarnatum,

2405 1177 2504 1233 λὸν.
2546 1181 2722 1253 Ἡμεῖς
2795 1182 2881 1233 ἕνα
2954 1184 3184 1255 Χριστόν
3251 1185 3340 1233 καὶ
3403 1183 3523 1233 Υἰόν
3579 1185 3666 1234 τόν
3735 1203 3947 1256 σαρκω-

565 1286 783 1343 nempe
815 1271 1096 1338 Verbum,
1126 1270 1491 1336 asserimus;
1525 1276 1579 1325 et
1610 1271 1853 1326 unicam
1904 1270 2033 1340 ejus
2083 1271 2196 1326 sub

2339 1273 2486 1323 θέντα
2523 1274 2688 1340 Λόγον
2742 1269 3087 1342 πρεσϐεύομεν
3123 1287 3134 1299 ·
3187 1273 3276 1321 καὶ
3306 1273 3430 1342 μίαν
3462 1269 3622 1322 αύτου
3673 1275 3768 1330 τήν
3809 1273 3946 1323 ὑπὸ·

565 1359 844 1415 stantiam
876 1360 1278 1431 compositam
1300 1359 1577 1426 dicimus,
1611 1364 1669 1414 et
1699 1359 1854 1414 duas
1887 1359 2016 1429 ejus
2043 1359 2202 1415 conﬁ

2340 1381 2526 1412 στασιν
2563 1360 2774 1432 λέγομεν
2806 1362 3047 1412 σύνθετον
3081 1377 3092 1389 ·
3139 1365 3229 1412 καὶ
3268 1363 3316 1412 ἐν
3357 1357 3512 1412 δυσὶν
3556 1361 3710 1413 αὐτὸν
3758 1362 3949 1433 ὁμολο-

564 1452 757 1503 temur
780 1447 1398 1516 naturas,voluntates
1422 1454 1603 1519 atque
1633 1448 2036 1519 operationes.
2067 1451 2202 1503 Dua:

2334 1467 2524 1521 γουμεν
2577 1456 2692 1510 ταῖς
2759 1452 2969 1520 φύσεσι,
3045 1447 3301 1520 θελήμασί
3356 1467 3409 1500 τε
3468 1454 3558 1500 καὶ
3612 1448 3895 1523 ἐνεργείαις
3930 1465 3945 1480 ·

560 1551 805 1607 quoque
835 1535 1110 1606 ejusdem
1145 1535 1314 1591 Verbi
1358 1536 1456 1592 Dei
1509 1537 1858 1592 nativitates
1900 1535 2198 1591 credimus

2337 1544 2426 1591 xui
2479 1536 2576 1590 δύο
2631 1546 2724 1590 τοῦ
2772 1538 2933 1590 αὑτοῦ
2985 1543 3113 1591 Θεοῦ
3162 1543 3338 1608 Λόγου
3377 1544 3638 1608 γεννήσεις
3688 1543 3950 1592 πιστεύο-

560 1639 747 1679 unam
766 1624 1015 1695 quidem
1042 1640 1114 1680 ex
1139 1626 1259 1680 Deo
1278 1627 1445 1681 Patre
1478 1641 1666 1696 quam
1691 1625 2154 1696 intemporalem
2173 1640 2198 1678 e

2337 1647 2427 1700 μεν
2462 1645 2475 1658 ’
2523 1633 2646 1700 μίαν
2686 1631 2776 1699 μὲν
2814 1633 2909 1685 τὴν
2953 1626 3008 1678 ἐκ
3036 1634 3169 1680 Θεοῦ
3209 1632 3297 1678 καὶ
3348 1631 3565 1700 Πατρός,
3619 1629 3681 1686 ἦν
3711 1629 3950 1703 ἄχρονον

563 1712 991 1784 sempiternam
1034 1713 1258 1768 scimus
1285 1732 1296 1779 ;
1329 1729 1403 1768 ex
1431 1713 1687 1785 Deipara
1735 1719 1924 1768 matre
1951 1713 2200 1769 alteram

2338 1724 2426 1770 xui
2500 1714 2667 1770 ὀίὃιον
2741 1715 2993 1790 οἴδαμεν*
3071 1722 3160 1769 καὶ
3236 1714 3480 1790 δευτέραν
3555 1722 3643 1776 τὴν
3717 1718 3773 1769 ἐκ
3844 1727 3952 1781 τῆς

563 1816 751 1871 quam
773 1805 827 1855 et
858 1817 1154 1872 nuperam
1186 1805 1244 1856 et
1267 1802 1664 1873 temporalem
1692 1802 2137 1871 cognoscimus.
2167 1804 2201 1855 Ε

2339 1812 2596 1860 Θεοτόκου
2652 1810 2869 1881 μητρός,
2912 1807 2973 1865 ἦν
3031 1811 3121 1858 καὶ
3185 1810 3484 1880 πρόσφατον
3543 1811 3632 1857 καὶ
3683 1813 3949 1879 χρονικήν

566 1893 921 1943 naturarum
976 1889 1368 1961 proprietates
1439 1892 1662 1945 servari
1727 1890 2002 1952 dicimus,
2073 1889 2204 1944 dua:

2336 1894 2660 1967 ἐπιστάμεθα
2693 1917 2704 1928 ·
2769 1901 2859 1946 καὶ
2925 1898 2991 1947 τὰ
3053 1903 3151 1945 τῶν
3209 1897 3404 1966 φύσεων
3467 1897 3726 1967 φασκομεν
3783 1898 3950 1958 σύζεο

568 1991 788 2047 nempe
819 1977 1103 2048 physicas
1131 1978 1486 2045 voluntates,
1511 1984 1566 2034 et
1587 1979 1740 2034 duas
1772 1979 2055 2050 physicas
2085 1995 2206 2050 ope

2339 1987 2462 2036 σθαι
2515 1982 2632 2036 ἰδια
2663 2002 2674 2014 ·
2733 1988 2973 2036 τουτέστι
3013 1979 3109 2034 δύο
3159 1986 3356 2055 φυσικά
3398 1983 3683 2055 θελήματα,
3723 1981 3950 2036 καὶδύο

569 2065 852 2120 rationes.
891 2069 957 2121 Et
985 2072 1284 2139 quatenus
1314 2069 1466 2122 Deus
1500 2072 1608 2139 est,
1642 2067 2207 2123 consubstantialem

2335 2077 2562 2145 φυσικὰς
2635 2073 2888 2148 ἐνεργείας
2923 2089 2934 2101 ’
3012 2078 3103 2124 xui
3177 2074 3454 2144 όμοούσιον
3529 2075 3594 2132 ὡς
3663 2077 3790 2125 Θεὸν
3865 2082 3947 2145 τῷ

568 2151 768 2224 ipsum
809 2155 965 2210 Patri
1005 2154 1380 2210 atﬁrmamus
1413 2173 1426 2209 :
1479 2157 1644 2213 Matri
1682 2161 1882 2212 autem
1922 2156 2206 2228 nobisque

2337 2167 2502 2237 Πατρὶ
2559 2166 2644 2214 τόν
2700 2162 2854 2214 αὐτόν
2915 2160 3275 2235 ἀναγράφομεν
3317 2175 3330 2189 ·
3393 2165 3482 2214 καὶ
3535 2163 3815 2233 όμοούσιον
3874 2170 3943 2234 τῇ

566 2244 1470 2318 consubstantialem,quatenus
1485 2247 1662 2302 homo
1676 2247 2072 2310 est,eumdem
2090 2264 2204 2319 pro

2333 2257 2495 2323 μητρὶ
2544 2255 2633 2302 καὶ
2685 2253 2808 2322 ἡμῖν
2838 2253 2925 2302 τόν
2976 2250 3130 2301 αὐτόν
3180 2253 3248 2310 ὡς
3296 2250 3564 2320 ἄνθρωπον
3613 2252 3879 2322 φάσκομεν
3919 2273 3934 2285 ο

565 2331 917 2386 nuntiamus
944 2351 956 2400 ;
990 2332 1283 2388 visibilem
1310 2335 1533 2405 puriter
1562 2341 1619 2390 et
1646 2335 2021 2399 invisibilem,
2055 2351 2203 2390 crea-

2334 2342 2516 2411 όρατὸν
2557 2340 2712 2390 αὐτόν
2760 2345 2848 2391 καὶ
2897 2337 3152 2412 ἀόρατον·
3207 2341 3415 2389 κτιστὸν
3467 2341 3555 2389 τόν
3619 2338 3774 2390 αὐτὸν
3833 2341 3946 2391 ὡσ-

561 2422 690 2474 tum
737 2425 793 2475 et
842 2420 1199 2487 increatum,
1241 2438 1598 2495 corporeum
1656 2429 1713 2479 et
1772 2424 2192 2495 incorporeum

2331 2431 2500 2491 αύτως
2537 2434 2626 2481 καὶ
2679 2431 2924 2480 ἄκτιστον
2955 2446 2968 2458 ⁸
3033 2437 3184 2499 σῶμα
3240 2431 3328 2479 τόν
3377 2427 3531 2478 αὐτόν
3579 2432 3669 2479 καὶ
3723 2427 3946 2500 ἀσώμα-

561 2508 1049 2564 contrectabilem
1115 2515 1173 2565 et
1232 2511 1808 2581 incontrectabilem,
1855 2512 2198 2568 circumscri

2328 2537 2413 2570 τον
2451 2534 2464 2546 ·
2527 2518 2690 2570 ἁπτόν
2742 2521 2829 2569 τόν
2888 2517 3042 2568 αὐτὸν
3095 2521 3186 2568 καὶ
3235 2515 3488 2587 ἀνέπαφον
3522 2534 3536 2546 ’
3583 2521 3946 2591 περιγραπτόν

563 2601 736 2668 ptum
766 2603 822 2652 et
841 2599 1459 2672 incircumscriptum,
1478 2607 1779 2656 terrenum
1811 2607 1869 2657 et
1897 2603 2194 2658 caelestem

2329 2611 2416 2659 τόν
2461 2607 2618 2658 αύτὸν
2656 2611 2745 2658 καὶ
2777 2605 3159 2681 ἀπερίγραπτον
3191 2620 3208 2637 ⁸
3244 2604 3465 2676 ἐπίγειον
3513 2607 3600 2656 τόν
3640 2605 3794 2656 αὐτόν
3851 2611 3945 2658 καὶ

566 2701 748 2743 carne
766 2703 906 2742 cum
932 2689 1208 2744 rationali
1229 2689 1436 2746 anima
1457 2691 1777 2762 prmditum
1801 2697 1857 2747 et
1880 2691 2204 2752 simuldivi

2330 2696 2569 2770 οὐράνιον
2604 2713 2616 2725 ⁸
2689 2698 2861 2770 σάρκα
2923 2699 3011 2746 τὸν
3078 2695 3233 2746 αὐτὸν
3300 2693 3648 2765 ἑψυχωμένην
3717 2693 3945 2765 λογικῶς

567 2775 772 2841 nitate,
800 2791 1098 2849 nuperum
1131 2783 1187 2833 et
1234 2779 1685 2850 sempiternum,
1718 2781 2011 2837 humilem
2039 2786 2097 2836 et
2125 2795 2205 2836 ex-

2337 2791 2429 2838 xui
2497 2787 2718 2843 θεότητα
2750 2802 2762 2815 ⁸
2822 2789 3123 2859 πρόσφατον
3187 2786 3270 2834 τόν
3335 2782 3490 2833 αὐτόν
3563 2787 3654 2834 καὶ
3715 2779 3886 2834 ἀῐδιον
3921 2796 3933 2806 ·

571 2864 820 2930 celsum,
855 2871 911 2920 et
939 2882 1340 2940 quaecumque
1366 2868 1622 2940 duplicis
1643 2869 2118 2942 inseparabiliter
2137 2886 2209 2925 re-

2334 2878 2573 2926 ταπεινὸν
2601 2878 2688 2926 τὸν
2738 2874 2893 2926 αὐτόν
2955 2879 3044 2925 καὶ
3083 2876 3366 2945 ὑπέρτατον
3400 2892 3412 2904 ·
3454 2875 3544 2924 καὶ
3600 2873 3701 2923 ὅσα
3753 2868 3939 2933 διττῆς

570 2954 881 3025 periuntur
909 2961 1159 3010 naturae.
1194 2959 1258 3011 Et
1287 2957 1571 3012 sublimia
1612 2959 1860 3029 quidem
1901 2959 1950 3013 is
1989 2974 2208 3030 sempei

2337 2962 2630 3038 ἀμερίστως
2695 2966 2993 3038 εὑρίσκεται
3051 2967 3271 3034 φύσεως.
3335 2966 3436 3014 Καὶ
3490 2963 3555 3012 τὰ
3614 2964 3704 3032 μὲν
3761 2960 3946 3031 ὑψηλὰ

569 3041 805 3111 habuit,
831 3047 1032 3115 utpote
1063 3045 1430 3117 sempiterna
1453 3051 1670 3102 natura
1694 3048 2006 3118 praeditus;
2033 3048 2207 3104 humi

2338 3055 2577 3128 ὑπῆρχεν
2609 3053 2706 3117 ἀεὶ,
2760 3057 2828 3114 ὡς
2859 3055 3013 3124 φύσιν
3076 3055 3214 3123 ἔχων
3254 3047 3347 3102 αἳδ
3354 3070 3426 3101 ιον
3459 3067 3470 3079 ·
3514 3052 3581 3102 τὰ
3629 3046 3690 3102 δέ
3725 3054 3949 3102 ταπεινά

566 3130 649 3186 lia
675 3146 818 3187 vero
840 3138 1084 3204 propter
1107 3149 1216 3188 nos
1244 3136 1528 3190 extremis
1548 3136 1922 3207 temporibus
1947 3139 2202 3196 immuta

2337 3139 2412 3194 δί’
2471 3145 2608 3214 ἡμᾶς
2664 3142 2710 3193 ἐν
2759 3147 2936 3215 χρόνῳ
2996 3141 3209 3213 ἐσχάτῳ
3268 3140 3529 3215 ἀτρέπτως
3586 3141 3803 3208 ἐγένετο,
3873 3142 3946 3202 ὡς

568 3218 764 3274 biliter
797 3221 1032 3287 ascivit,
1060 3228 1306 3293 propter
1331 3229 1707 3296 assumptam
1739 3225 2075 3283 humanam
2123 3245 2203 3284 na

2336 3234 2492 3304 φύσιν
2565 3231 2872 3304 προσλαϐὼν
2945 3235 3040 3288 τὴν
3107 3229 3440 3305 ἀνθρώπειον.
3501 3232 3600 3280 Καὶ
3681 3230 3822 3280 ἔστιν
3892 3229 3942 3281 ἓν

568 3309 985 3372 turam.Quare
1005 3325 1163 3364 unus
1191 3311 1369 3366 simul
1392 3327 1525 3367 esse
1549 3313 2016 3384 deprehenditur
2046 3323 2206 3389 atqu:

2335 3325 2424 3372 xui
2491 3317 2589 3372 δύο
2646 3323 2672 3372 6
2730 3321 2886 3382 αὐτὸς
2943 3321 3319 3392 γνωριζόμενος
3352 3339 3364 3351 ·
3417 3317 3465 3369 ἓν
3531 3321 3621 3390 μὲν
3669 3320 3808 3369 κατὰ
3849 3323 3942 3376 τὴν

569 3394 721 3450 duo:
753 3412 911 3451 unus
931 3397 1176 3468 quidem
1199 3400 1534 3457 secundum
1565 3403 2013 3461 subsistentiam
2044 3413 2207 3478 atqui

2333 3411 2629 3462 ὑπόστασιν
2657 3415 2749 3461 xui
2793 3414 2852 3461 τὸ
2883 3414 3181 3484 πρόσωπον,
3212 3405 3309 3461 δύο
3359 3403 3418 3459 δὲ
3454 3408 3589 3458 κατὰ
3618 3408 3710 3468 τὰς
3756 3409 3944 3479 φύσεις

570 3498 918 3557 personam,
963 3486 1084 3542 duo
1113 3504 1254 3544 vero
1285 3490 1618 3548 secundum
1666 3493 1829 3566 ipsas
1869 3501 2116 3550 naturas
2155 3512 2208 3550 at

2333 3498 2496 3560 αύτὰς
2562 3503 2651 3551 xui
2712 3501 2803 3560 τὰς
2854 3501 3078 3568 φυσικὰς
3135 3497 3304 3551 αὐτῶν
3361 3492 3650 3564 ἰδιότητας,
3703 3494 3834 3566 λέγω
3877 3492 3943 3548 δὲ

570 3582 879 3638 naturales
910 3600 1120 3640 earum
1151 3588 1564 3659 proprietates,
1590 3591 1865 3648 videlicet
1901 3591 2208 3648 voluntatis

2336 3589 2623 3663 θελήματος
2671 3594 2759 3642 καὶ
2797 3588 3050 3664 ἐνεργείας
3078 3605 3090 3618 ⁶
3152 3587 3462 3661 ἐνεργούσης
3516 3586 3759 3660 ἑκατέρας
3793 3604 3937 3660 μορ-

572 3676 630 3728 et
657 3673 1040 3743 operationis.
1073 3676 1328 3747 Utraque
1375 3679 1534 3734 enim
1582 3678 1780 3736 forma
1827 3697 1968 3736 cum
2013 3686 2210 3738 mutua

2333 3689 2432 3753 φῆς
2477 3683 2608 3752 μετὰ
2637 3687 2724 3740 τῆς
2755 3681 2970 3753 θατέρου
3019 3683 3304 3741 κοινωνίας,
3337 3679 3458 3751 ὅπερ
3497 3673 3636 3729 ἴδιον
3684 3677 3886 3747 ἔσχηκε
3916 3693 3931 3706 ·

572 3765 998 3819 communione
1019 3771 1302 3836 operatur
1329 3768 1495 3840 quod
1524 3770 1837 3842 praprium
1867 3770 1960 3826 sui
1985 3776 2073 3826 est
2098 3783 2109 3822 :
2142 3772 2210 3828 ita

2330 3789 2418 3822 του
2459 3773 2549 3842 μὲν
2598 3774 2771 3840 Λόγου
2825 3769 3273 3844 κατεργαζομένου
3325 3766 3464 3818 τουθ⁹
3511 3768 3632 3838 ὅπερ
3692 3763 3805 3817 ἐστὶ
3843 3772 3943 3818 τοῦ

571 3855 638 3906 ut
667 3851 924 3908 Verbum
949 3861 1228 3926 operetur
1251 3857 1420 3930 quod
1441 3858 1619 3914 Verbi
1644 3860 1960 3931 proprium
1980 3866 2067 3916 est
2082 3877 2209 3916 cum

2331 3863 2506 3930 Λόγου
2537 3878 2667 3931 μετα
2704 3866 2800 3920 τῆς
2827 3862 3097 3918 κοινωνίας
3123 3863 3215 3908 τοῦ
3245 3862 3507 3927 σώματος,
3554 3873 3645 3906 του
3674 3850 3734 3906 δὲ
3760 3859 3943 3927 σώμα-

570 3943 842 4014 corporis
891 3945 1356 4013 communione;
1399 3963 1619 4019 corpus
1664 3954 1866 4004 autem
1909 3965 2045 4021 quae
2084 3957 2208 4006 sunt

2329 3968 2418 4010 τος
2464 3947 2806 4009 ἐκετελοῦντος
2853 3946 2982 4018 οἷπερ
3030 3944 3142 3998 ἐστὶ
3168 3952 3259 3998 τοῦ
3313 3950 3577 4016 σώματος,
3607 3962 3947 4007 κοινωνοντος

568 4031 816 4103 propria
832 4033 1082 4103 peragit,
1103 4049 1226 4090 non
1252 4035 1379 4090 sine
1400 4036 1573 4092 Verbi
1597 4038 2206 4109 cooperatione.Porrc

2331 4039 2472 4110 αύτῷ
2532 4059 2624 4091 του
2686 4042 2861 4108 Λόγου
2915 4044 3006 4097 τῆς
3060 4034 3311 4108 πράξεως.
3356 4038 3456 4086 Καὶ
3507 4037 3566 4084 τό
3619 4036 3708 4105 μὲν
3767 4032 3944 4084 αὐτῶν

568 4135 641 4174 ex
657 4119 751 4174 his
781 4136 971 4176 unum
999 4123 1287 4195 prodigiis
1305 4130 1600 4193 coruscat,
1627 4125 1882 4182 alterum
1913 4131 2206 4184 contume‘

2330 4124 2617 4200 διαλάμπει
2668 4134 2776 4188 τοῖς
2834 4128 3088 4196 θαύμασι,
3120 4127 3178 4175 τό
3211 4119 3271 4176 δὲ
3325 4129 3441 4184 ταῖς
3479 4121 3689 4194 ὕϐρεσιν
3736 4123 3944 4174 ὑποπέ-

565 4206 677 4262 lias
705 4209 1048 4279 perpetitur.

879 4209 1048 4266 :titur.
2326 4235 2517 4272 πτωκε.

743 4313 804 4370 S.
847 4315 1064 4374 Basilii
1085 4319 1151 4375 in
1180 4319 1342 4376 illud
1370 4335 1394 4377 .·
1431 4342 1460 4370 ‹‹
1492 4321 1623 4391 Ego
1651 4337 1783 4378 sum
1815 4322 1971 4379 vitis.
2005 4341 2037 4376 ›

2507 4323 2612 4378 Τοῦ
2643 4323 2797 4396 ἁγίου
2824 4322 3096 4396 Βασιλείου
3139 4323 3209 4396 εἰς
3241 4325 3322 4390 τὸ,
3357 4343 3385 4372 ‹‹
3416 4322 3552 4393 Ἐγώ
3583 4320 3691 4394 εἰμι
3719 4322 3751 4378 ἡ

2247 4439 2295 4496 D
2907 4395 3132 4468 ἄμπελος
3163 4395 3292 4464 (35).
3319 4416 3349 4443 »

641 4513 728 4566 35.
753 4510 855 4568 Hic
879 4527 975 4568 me
999 4512 1295 4571 invadunt
1321 4514 1600 4588 haeretici,
1633 4518 1920 4591 aiuntque
1949 4535 1962 4574 :
1989 4519 2048 4576 Si
2081 4517 2217 4574 vitis

2396 4521 2480 4576 λε’.
2529 4522 2782 4575 Ἐνταυοά
2819 4541 2910 4594 μοι
2963 4519 3379 4579 ἐπισκήπτουσιν
3429 4520 3478 4571 οἱ
3535 4519 3786 4593 αἰρετικοὶ
3843 4519 3939 4569 καὶ

569 4605 659 4656 est
688 4602 983 4665 Servator,
1011 4618 1123 4658 nos
1152 4603 1451 4675 palmites,
1486 4607 1750 4678 agricola
1775 4613 1978 4664 autem
2016 4612 2207 4684 Pater;

2329 4631 2485 4686 φασιν
2514 4629 2528 4641 ·
2561 4611 2622 4665 Εἰ
2672 4611 2897 4685 ἄμπελος
2949 4611 3090 4683 μενό
3121 4613 3318 4684 Σωτὴρ,
3362 4608 3606 4681 κλήματα
3656 4603 3714 4659 δὲ
3757 4607 3935 4678 ἡμεῖς,

567 4704 779 4746 rursus
801 4691 848 4747 si
868 4691 1144 4764 palmites
1163 4695 1437 4765 ejusdem
1454 4704 1682 4754 naturae
1703 4702 1962 4773 sunt,cuj
1974 4719 2040 4758 us
2058 4705 2205 4774 vitis,

2328 4703 2555 4775 γεωργός
2619 4697 2677 4753 δὲ
2741 4702 2766 4752 6
2815 4705 3011 4774 Πατὴρ,
3075 4701 3142 4751 τὰ
3199 4695 3258 4750 δὲ
3307 4697 3554 4771 κλήματα
3608 4697 3807 4769 ὁμοφυῆ
3867 4701 3933 4766 τῇ

565 4779 702 4836 vitis
721 4785 924 4836 autem
943 4797 1065 4838 non
1086 4789 1175 4838 est
1192 4784 1316 4854 agri
1326 4784 1471 4840 colae
1483 4787 2028 4861 consubstantialis;
2046 4793 2203 4850 Filius

2329 4789 2562 4864 ἀμπέλῳ,
2617 4791 2647 4849 ἡ
2713 4786 2773 4842 ὃε
2827 4789 3048 4862 ἄμπελος
3104 4788 3210 4860 ούχ
3262 4788 3487 4860 ὁμοφυὴς
3538 4792 3610 4856 τῷ
3665 4790 3884 4858 γεωργῷ
3919 4799 3935 4813 ⁶

565 4870 814 4941 quidem
855 4869 1128 4940 ejusdem
1159 4879 1251 4929 est
1275 4878 1499 4930 naturae
1531 4877 1705 4948 cujus
1744 4894 1855 4934 nos
1887 4897 2203 4956 sumusqut

2331 4880 2553 4953 ὁμοφυὴς
2593 4881 2697 4955 ἄρα
2740 4881 2863 4952 ἡμῖν
2913 4879 2938 4930 6
2989 4879 3126 4947 Υἱὸς,
3162 4881 3250 4930 καὶ
3298 4880 3454 4952 μέρος
3503 4876 3654 4948 ἡμεῖς
3719 4891 3884 4925 αυτου
3919 4891 3936 4905 ·

563 4971 679 5013 nos
709 4957 903 5028 ipsius
943 4972 1128 5027 pars:
1169 4975 1294 5015 non
1343 4965 1546 5019 autem
1599 4963 1774 5020 Filius
1825 4967 2096 5039 ejusdem
2135 4987 2198 5028 es

2331 4969 2436 5042 ούχ
2473 4969 2703 5043 ὁμοφυὴς
2747 4964 2806 5020 δὲ
2861 4975 2933 5038 τῷ
2977 4970 3145 5041 Πατρὶ
3175 4966 3201 5017 ό
3231 4967 3372 5032 Υἱὸς,
3406 4963 3533 5017 ἀλλὰ
3584 4964 3717 5015 κατὰ
3762 4963 3942 5014 πάντα

561 5051 794 5102 naturae
823 5046 998 5118 cujus
1022 5049 1212 5115 Pater,
1267 5049 1376 5105 sed
1403 5053 1657 5110 omnino
1705 5054 1955 5114 alienus.
1990 5059 2199 5125 Quibus

2331 5059 2624 5134 ἀλλότριος.
2691 5061 2831 5131 Πρός
2893 5055 2984 5118 οὒς
3057 5054 3314 5131 ἐρουμεν·
3386 5053 3462 5106 Ού
3528 5060 3623 5116 τῆς
3692 5053 3940 5112 θεότητος

559 5134 1339 5207 respondebimus,vocatos
1363 5155 1477 5195 nos
1505 5157 1638 5199 esse
1657 5159 1782 5201 non
1805 5145 2043 5204 deitatis
2064 5149 2197 5205 illiu:

2329 5149 2510 5220 αὐτοῦ,
2580 5145 2708 5200 ἀλλὰ
2763 5155 2855 5207 τῆς
2904 5147 3098 5220 σαρκός
3161 5147 3362 5219 εἴρηκεν
3425 5145 3564 5214 ἡμᾶς
3623 5142 3648 5192 6
3699 5143 3939 5212 Χριστὸς

560 5222 863 5311 palmites,
899 5223 1004 5278 sed
1051 5226 1290 5298 carnis;
1331 5231 1666 5289 secundum
1709 5250 1847 5291 eum
1878 5238 1984 5310 qui
2022 5237 2170 5295 dixit

2327 5243 2608 5311 κλήματαο
2669 5237 2806 5288 κατὰ
2854 5239 2941 5287 τὸν
2984 5234 3193 5287 εἰπόντα
3225 5250 3238 5263 ·
3294 5231 3466 5304 Ἡμεῖς
3503 5234 3604 5306 γὰρ
3664 5228 3816 5301 ἐσμεν
3874 5230 3936 5280 τό

562 5308 681 5363 Nos
739 5311 894 5366 enim
946 5326 1150 5368 sumus
1199 5329 1415 5385 corpus
1463 5319 1693 5377 Christi
1733 5328 1791 5379 et
1825 5308 2094 5383 membra
2145 5342 2200 5384 ea

2330 5337 2484 5400 σῶμα
2527 5334 2619 5380 τοῦ
2678 5331 2914 5401 Χριστοῦ
2958 5327 3048 5375 καὶ
3102 5322 3229 5395 μέλη
3288 5323 3346 5374 ἐκ
3397 5324 3606 5396 μέρους.
3665 5322 3768 5372 Καὶ
3824 5319 3937 5371 πά-

781 5514 1106 5598 szponcil.
1123 5517 1228 5598 git.
1251 5524 1291 5578 t.
1322 5525 1434 5598 VII,
1458 5528 1804 5598 p.897-899.

637 5583 731 5654 (35
735 5587 755 5654 )
783 5585 1090 5645 Adversus
1108 5583 1494 5667 Εαηοπιίιιὶγί,
1514 5583 1622 5655 lib.
1645 5583 1823 5656 163d.
1854 5600 2142 5674 Garnerii,
2171 5607 2214 5664 t.
2243 5605 2275 5673 Ιη

904 5601 1090 5645 iersus
1108 5583 1494 5667 Eunomiuiri,
1514 5583 1622 5655 lib.
1645 5583 1823 5656 ﬁed.
1854 5600 2142 5674 Garnerii,
2171 5607 2214 5664 t.
2243 5605 2292 5674 Ι,
2317 5617 2386 5678 p.
2413 5607 2542 5662 291.
