4148 6384
238 271 340 332 229

1570 271 1916 330 THESAURI
1954 273 2086 330 LIB.
2123 272 2277 329 XXV.

3503 277 3609 342 230

235 396 312 450 λιν
336 417 350 430 ·
386 395 502 450 Ούκ
545 393 728 449 οἴδατε
761 399 842 450 ὅτι
881 400 950 451 τὰ
997 402 1218 468 σώματα
1254 397 1400 469 ἡμῶν
1444 395 1570 468 με’λη
1612 403 1847 469 Χριστοῦ

1982 399 2211 453 iarte".
2238 399 2304 452 Et
2335 412 2609 453 rursum:
2639 399 2891 457 Nescitis
2913 403 3072 473 quod
3101 419 3358 474 corpora
3384 413 3606 479 vestra,

241 485 419 552 ἐστιν;
463 485 571 538 Ούκ
620 485 689 546 εἰς
726 491 823 544 τὴν
873 488 1094 545 θεότητα
1123 481 1210 538 οὖν
1248 493 1340 538 τοῦ
1390 490 1587 556 Λόγου,
1620 485 1728 538 ἀλλ’
1778 487 1849 547 εἰς

242 580 339 635 την
389 574 707 648 ἀνθρωπίνην
748 576 910 628 αὑτοῦ
939 580 1232 650 παρουσίαν
1277 573 1510 648 ἀναφέρω
1548 579 1624 645 τό,
1657 576 1786 648 Ἐγώ
1814 579 1844 635 ἡ

243 665 477 737 ἄμπελος
503 686 513 697 ·
547 666 696 736 ἡμεῖς
725 668 828 737 γὰρ
860 669 995 718 κατὰ
1023 670 1080 718 τό
1115 674 1266 737 σῶμα
1303 673 1395 716 τοῦ
1426 669 1620 738 Κυρίου
1663 685 1850 736 συγγε-

243 763 345 816 νεῖς
375 754 522 826 ἐσμεν
544 776 555 787 υ
588 760 676 807 καὶ
715 755 872 818 αύτὸς
905 753 1000 808 διὰ
1043 763 1196 807 τοῦτο
1245 751 1416 806 εἶπεν·
1455 754 1754 825 Ἀπαγγελῶ
1791 758 1848 808 τὸ

245 847 412 916 ὄνομά
469 864 560 896 σου
607 852 716 906 τοῖς
773 841 1019 917 ἀδελφοῖς
1074 865 1212 917 μουο
1264 849 1353 896 καὶ
1401 846 1574 919 ὥσπερ
1629 843 1739 896 ἐστὶ
1785 847 1852 896 τά

241 933 490 1005 κλήματα
526 935 782 1004 όμοούσια
819 941 910 994 τῆς
958 932 1186 1005 ἀμπέλου
1227 937 1317 986 καὶ
1371 932 1424 995 ἐξ
1471 933 1664 994 αὐτῆς,
1716 933 1850 985 οὕτω

240 1029 337 1073 καὶ
370 1023 534 1093 ἡμεῖς,
571 1024 787 1092 ὁμογενῆ
835 1025 900 1074 τὰ
933 1028 1150 1094 σώματα
1179 1025 1386 1092 ἔχοντες
1417 1029 1487 1091 τῷ
1523 1027 1728 1094 σώματι
1757 1029 1849 1073 τοῦ

243 1118 466 1184 Κυρίου,
500 1110 551 1161 ἐκ
581 1118 673 1162 τοῦ
702 1111 1052 1184 πληρώματος
1079 1111 1240 1162 αὑτοῦ
1265 1110 1615 1182 λαμϐάνομεν
1646 1110 1850 1163 κάκεῖνο

228 1201 392 1274 ῥίζαν
433 1203 618 1272 ἔχομεν
670 1200 738 1260 εἰς
782 1204 873 1258 τὴν
923 1198 1211 1252 ἀνάστασιν
1262 1204 1353 1251 καὶ
1406 1204 1501 1257 τὴν
1565 1205 1848 1274 σωτηρίαν.

223 1288 294 1341 Ὀ
335 1285 397 1340 δὲ
431 1294 610 1362 Πατὴρ
655 1292 860 1361 εῖρηται
891 1290 915 1340 6
952 1293 1183 1362 γεωργός
1207 1305 1219 1316 ⁸
1255 1289 1412 1351 αύτός
1440 1291 1541 1361 γὰρ
1571 1289 1852 1362 εἰργάσατο

226 1375 336 1431 διὰ
378 1385 472 1429 τοῦ
513 1382 690 1448 Λόγου
720 1382 816 1435 τὴν
859 1377 1106 1448 ἄμπελον,
1141 1379 1252 1438 ἣτις
1296 1378 1408 1430 ἐστὶ
1437 1382 1494 1429 τὸ
1535 1376 1852 1452 ἀνθρώπινον

227 1474 335 1519 τοῦ
365 1474 635 1541 Σωτῆρος’
672 1472 762 1519 καὶ
803 1467 960 1529 αὐτὸς
1009 1464 1082 1518 δι’
1123 1467 1283 1520 αὐτοῦ
1331 1473 1423 1520 τοῦ
1456 1471 1629 1538 Λόγου
1660 1471 1754 1525 τὴν
1786 1466 1854 1528 εἰς

226 1556 517 1630 βασιλείαν
550 1559 676 1628 ημῖν
707 1553 830 1609 όὸὸν
861 1558 1164 1628 ἡτοίμασεν.

287 1689 400 1734 Τοῦ
440 1685 829 1764 Χρυσοστόμου
869 1680 1048 1752 ὁμιλία
1085 1680 1154 1741 κζ
1193 1681 1261 1741 εἰς
1296 1683 1356 1732 τὸ
1394 1683 1531 1732 κατά
1569 1680 1808 1739 Ἰωάννην

709 1753 858 1824 ἅγιον
895 1753 1204 1824 Εύαγγέλιον
1244 1755 1357 1822 (36)
1367 1795 1380 1808 .

309 1875 419 1941 λς’.
463 1877 525 1929 Εἰ
581 1878 648 1929 τὰ
707 1875 909 1948 ἆπίγεια
965 1873 1104 1928 εἶπον
1166 1877 1306 1948 ύμῖν,
1368 1881 1458 1926 καὶ
1517 1874 1575 1926 ού
1632 1879 1854 1928 πιστεύ-

235 1987 359 2033 ετε,
415 1975 565 2032 πῶς,
623 1965 708 2017 ἐὰν
773 1969 898 2018 εἴπω
949 1967 1069 2032 ὑμῖν
1135 1967 1203 2016 τὰ
1264 1963 1582 2037 ἐπουράνια,
1633 1968 1854 2016 πιστεύ-

236 2075 383 2113 σετε.
453 2058 588 2122 Καὶ,
659 2051 848 2115 Ούὸεὶς
913 2053 1225 2112 ἀναϐέϐηκεν
1288 2054 1354 2114 εἰς
1437 2057 1524 2105 τὸν
1599 2053 1852 2128 οὐρανὸν,

232 2146 282 2198 εἰ
345 2148 419 2216 μὴ
492 2145 518 2194 6
580 2142 634 2195 ἐκ
698 2151 791 2195 τοῦ
859 2143 1079 2217 ούρανοῦ
1146 2141 1422 2211 καταϐὰς,
1491 2144 1516 2194 6
1583 2145 1704 2203 Υἱός
1765 2151 1856 2194 τοῦ

240 2233 527 2307 ἀνθρώπου
573 2233 599 2283 ό
652 2233 718 2283 ὢν
770 2231 818 2283 ἐν
877 2241 949 2301 τῷ
1007 2231 1226 2306 οὐρανῷ.
1287 2234 1407 2283 Υὶόν
1467 2228 1528 2283 δε
1585 2229 1856 2306 ἀνθρώπου

243 2323 474 2375 ἐνταῦθα
547 2321 607 2373 ού
670 2325 764 2380 τὴν
837 2324 1008 2393 σάρκα
1083 2321 1319 2374 ἐκάλεσεν
1344 2361 1357 2382 ,
1427 2319 1534 2372 ἀλλ’
1602 2319 1702 2373 ἀπὸ
1765 2330 1860 2382 τῆς

246 2412 518 2473 ἐλάττονος
599 2410 781 2470 ούσίας
848 2409 959 2462 ὅλον
1037 2409 1257 2479 ἑαυτὸν,
1328 2410 1389 2462 ἶν’
1455 2409 1618 2472 οὕτως
1693 2414 1856 2477 εἴπω,

1958 486 2223 542 membra
2257 485 2484 542 Christi
2511 489 2713 542 sunt"
2736 489 2764 543 ‘I
2795 492 2922 545 Non
2948 491 3126 561 igitur
3145 493 3223 548 ad
3255 495 3429 552 Verbi
3457 497 3610 554 divi-

1958 575 2224 639 nitatem,
2262 574 2371 630 sed
2419 575 2498 630 ad
2527 575 2866 632 humanum
2897 579 3026 649 ejus
3067 581 3398 639 adventum
3427 586 3611 643 verba

1956 664 2174 719 refero:
2195 664 2324 733 Ego
2339 679 2468 718 sum
2491 665 2624 719 vitis
2638 667 2704 718 ’9.
2727 669 2841 720 Nos
2858 668 3017 722 enim
3041 672 3373 727 secundum
3390 689 3610 746 corpus

1958 753 2197 822 cognati
2241 769 2454 807 sumus
2504 754 2758 809 Domini.
2795 757 2858 810 Et
2902 757 3027 827 ipse
3077 765 3393 831 propterea
3422 763 3608 831 dixit;

1957 841 2263 897 Nuntiabo
2293 857 2505 897 nomen
2543 849 2710 898 tuum
2751 845 3046 912 fratribus
3075 848 3296 905 meis“.
3329 852 3395 904 Et
3438 852 3612 908 sicuti

1958 930 2235 1003 palmites
2282 931 2825 987 consubstantiales
2857 939 2994 989 sunt
3021 935 3124 991 viti
3152 952 3226 992 ex
3255 953 3447 1010 eaque
3477 955 3612 1011 pro-

1960 1019 2202 1084 cedunt,
2245 1019 2328 1074 sic
2357 1025 2414 1074 et
2451 1035 2563 1075 nos
2607 1020 2990 1090 homogenea
3035 1039 3292 1096 corpora
3324 1027 3614 1084 habentes

1959 1109 2196 1179 corpori
2245 1107 2475 1177 Christi,
2507 1125 2580 1164 ex
2631 1110 2760 1179 ejus
2809 1110 3180 1182 plenitudine
3230 1117 3612 1188 accipimus;

1959 1196 2141 1268 idque
2163 1196 2461 1252 habemus
2483 1197 2663 1252 veluti
2677 1199 2946 1256 radicem
2967 1204 3414 1260 resurrectionis
3435 1210 3615 1278 atque

1962 1283 2191 1340 salutis.
2240 1287 2408 1340 Pater
2453 1300 2594 1340 vero
2646 1284 2863 1342 dicitur
2907 1287 3217 1357 agricola;
3265 1291 3396 1363 ipse
3451 1293 3615 1349 enim

1961 1388 2066 1445 per
2096 1373 2354 1430 Verbum
2385 1373 2644 1430 excoluit
2674 1375 2875 1442 vitem,
2904 1393 3039 1449 quae
3071 1384 3160 1434 est
3186 1381 3373 1452 ipsius
3411 1384 3618 1440 Serva-

1960 1463 2105 1518 toris
2147 1463 2539 1531 humanitas;
2569 1464 2698 1535 ipse
2741 1464 2989 1521 demum
3016 1483 3123 1539 per
3167 1469 3328 1526 idem
3356 1472 3616 1530 Verbum

1961 1551 2122 1608 viam
2152 1552 2328 1607 nobis
2357 1553 2437 1608 ad
2461 1568 2717 1622 regnum
2747 1555 2961 1611 munit.

1965 1676 2373 1746 Chrysostomi
2416 1692 2494 1733 ex
2541 1677 2790 1733 homitia
2827 1683 2892 1732 27
2933 1679 2997 1734 in
3044 1687 3320 1738 sanctum
3361 1684 3615 1740 Joannis

2576 1750 2998 1819 Evangelium.

2035 1875 2121 1927 36.
2147 1872 2216 1928 Si
2230 1876 2471 1927 terrena
2486 1872 2618 1926 dixi
2637 1873 2816 1935 vobis,
2837 1879 2890 1928 et
2907 1890 3020 1929 non
3040 1876 3310 1947 creditis;
3327 1879 3618 1949 quomodo

1964 1963 2016 2016 si
2039 1961 2250 2017 dixero
2279 1963 2439 2017 vobis
2466 1964 2746 2028 caelestia,
2775 1963 3324 2022 credetis“?Nemo
3350 1970 3618 2026 ascendit

1966 2053 2028 2106 in
2051 2052 2287 2118 emtum,
2310 2053 2430 2107 nisi
2456 2054 2562 2123 qui
2584 2053 2655 2108 de
2680 2055 2826 2110 caelo
2855 2055 3175 2111 descendit.
3207 2057 3398 2112 Filius
3426 2058 3621 2114 homi-

1968 2141 2060 2194 nis
2092 2143 2194 2210 qui
2223 2145 2306 2196 est
2338 2140 2401 2194 in
2434 2143 2578 2197 caelo
2593 2143 2660 2196 ³³.
2687 2142 2897 2197 Filium
2923 2144 3186 2200 hominis
3215 2144 3312 2199 hic
3340 2161 3462 2201 non
3488 2163 3622 2202 car-

1966 2244 2107 2284 nem
2129 2229 2381 2293 vocavit,
2408 2231 2511 2284 sed
2541 2247 2577 2286 a
2609 2232 2840 2286 minore
2871 2232 3206 2288 substantia
3234 2250 3296 2288 se
3323 2239 3536 2302 totum,
3559 2249 3626 2292 ut

1967 2318 2051 2374 ita
2101 2318 2322 2384 dicam,
2352 2319 2702 2374 nominavit.
2735 2321 2893 2376 Solet
2930 2321 3090 2377 enim
3121 2338 3280 2394 saepe
3328 2339 3364 2379 a
3415 2323 3626 2380 divini-

1967 2412 2108 2477 tate,
2141 2423 2302 2480 saepe
2351 2407 2493 2463 item
2525 2409 2603 2464 ab
2653 2409 3025 2466 humanitate
3057 2425 3118 2465 se
3150 2414 3340 2466 totum
3383 2428 3621 2470 vocare.

251 2501 490 2572 ὠνόμασε
530 2507 619 2551 νῦν
647 2519 661 2533 ο
705 2505 797 2552 καὶ
844 2501 946 2571 γὰρ
993 2507 1147 2552 τοῦτο
1193 2501 1307 2560 ἔθος
1349 2499 1509 2570 αύτῷ,
1540 2499 1786 2559 πολλάκις
1826 2501 1916 2572 μὲν
1956 2495 2056 2548 ἀπὸ
2100 2505 2191 2556 τῆς
2241 2499 2501 2567 θεότητος,
2545 2497 2792 2560 πολλάκις
2842 2496 2900 2551 δὲ
2950 2498 3050 2552 ἀπὸ
3090 2509 3186 2562 τῆς
3228 2499 3628 2576 ἀνθρωπότητος

249 2593 314 2641 τὸ
349 2595 448 2641 πᾶν
484 2589 674 2643 καλεῖν.

329 2677 425 2739 λζ’.
483 2678 586 2750 Ἐφ’
653 2680 827 2729 ἱκανόν
881 2673 940 2729 δὲ
1000 2685 1096 2739 τῆς
1146 2686 1244 2729 τῶν
1311 2679 1556 2729 τοιούτων
1615 2681 1862 2752 χρήσεων

251 2771 529 2839 γινομνης
594 2766 1018 2833 κατεξετάσεως,
1085 2770 1176 2817 καὶ
1253 2771 1496 2840 πρότερον
1580 2769 1668 2838 μὲν
1734 2766 1864 2817 πολ-

247 2857 403 2915 λάκις
469 2857 495 2906 6
560 2855 932 2927 φιλοθεώτατος
994 2854 1139 2914 οὗτος
1210 2856 1354 2926 ἡμῶν
1422 2853 1670 2927 βασιλεὺς
1737 2874 1866 2906 συν-

260 2941 604 2996 διεσκοπεῖτο
676 2948 788 3017 περὶ
864 2951 958 2994 τοῦ
1023 2945 1369 3016 πράγματος·
1436 2945 1519 2995 ότε
1584 2948 1674 3015 μέν
1756 2962 1867 2994 τισι

2044 2679 2134 2732 37.
2162 2677 2490 2748 Postquam
2518 2675 2664 2732 satis
2693 2675 2788 2731 hae
2818 2679 3058 2733 Patrum
3087 2679 3470 2736 auctoritates
3499 2695 3629 2752 per-

1973 2780 2176 2837 pensas
2219 2765 2478 2832 fuerunt,
2507 2767 2566 2820 in
2595 2767 2804 2838 primis
2829 2767 3076 2838 quidem
3107 2785 3178 2823 ac
3211 2786 3630 2840 saepenumero

1977 2857 2096 2910 Deo
2136 2854 2556 2910 dilectissimus
2605 2861 2810 2910 noster
2837 2871 2941 2910 rex
2983 2857 3098 2911 hoc
3137 2859 3446 2927 negotium
3489 2875 3630 2915 cum

1977 2944 2203 2999 cmteris
2249 2943 2649 3015 expendebat,
2699 2945 2884 3000 modo
2924 2945 3034 2999 hos
3071 2947 3252 3001 modo
3299 2946 3432 3002 illos
3483 2947 3631 3004 allo-

260 3035 490 3097 τούτων,
554 3033 636 3083 ότε
686 3029 732 3083 δ’
781 3031 1006 3101 ἐκείνων,
1066 3029 1491 3104 διομιλούμενος·
1536 3034 1646 3084 ἔστι
1700 3028 1751 3083 δ’
1808 3030 1868 3082 οὗ

1982 3048 2192 3104 quens.
2219 3033 2520 3087 Interdum
2543 3048 2685 3088 vero
2715 3038 2772 3088 et
2801 3033 3090 3103 gregatim
3123 3035 3350 3107 aliquot
3369 3037 3472 3108 qui
3503 3052 3632 3092 sen-

262 3127 356 3174 καὶ
425 3128 572 3192 κοινῇ
647 3129 742 3172 τῶν
812 3141 960 3183 τινας
1023 3126 1143 3195 περὶ
1218 3125 1412 3173 τούτων
1489 3118 1868 3194 διαφερομένων

257 3211 737 3283 ἑπεκκαλούμενος,
813 3215 905 3262 καὶ
971 3219 1060 3271 τῆς
1126 3210 1569 3286 ὀρθοτομουμένης
1629 3215 1720 3262 καὶ
1784 3210 1871 3261 εύ-

257 3300 443 3360 σεϐοῦς
517 3300 793 3372 ἑρμηνείας
869 3298 1325 3372 ἀντιποιούμενος,
1396 3299 1456 3356 ἢν
1531 3299 1585 3350 ἐκ
1658 3298 1872 3370 χειλέων

263 3395 580 3463 προήνεγκεν
635 3390 828 3440 αὐτίκα
883 3396 994 3450 τοῖς
1048 3387 1340 3461 λεγομένοις
1395 3389 1555 3448 οὕτως
1619 3386 1874 3439 ἐπιϐαλὼν

265 3478 322 3531 ἐκ
377 3485 593 3552 πρώτης
669 3485 768 3540 τῆς
824 3485 918 3530 τοῦ
986 3479 1286 3550 ζητηματος
1347 3477 1681 3552 ἀκροάσεωςο
1742 3479 1876 3529 ὥστε

263 3571 389 3620 ποτε
436 3573 529 3619 καὶ
575 3563 768 3637 τοιῷδε
813 3573 886 3636 τῷ
935 3565 1312 3641 ἐπιχειρήματι
1358 3568 1693 3641 χρησασθαι.
1736 3566 1877 3618 Ἐπεὶ

262 3660 365 3731 γάρ
399 3676 544 3709 τισιν
593 3653 768 3708 ἐδόκει
814 3658 952 3708 κατά
989 3660 1047 3711 τό
1091 3664 1181 3716 τῆς
1229 3664 1406 3716 κοινῆς
1448 3665 1548 3707 τῶν
1598 3654 1878 3728 ἀνθρώπων

274 3750 472 3818 φύσεως
547 3751 830 3818 πρόσωπον
902 3749 997 3803 τὴν
1071 3748 1320 3802 τοιαύτην
1380 3749 1548 3817 φωνην
1623 3741 1881 3816 ἐκλαμϐά-

276 3839 489 3907 νεσθαι,
544 3840 662 3888 τότε
736 3831 804 3892 δὴ
875 3835 1023 3896 οὗτος
1090 3836 1116 3886 6
1187 3836 1431 3906 θεόσοφος
1503 3831 1753 3906 βασιλεὺς
1809 3839 1881 3902 τῷ

279 3925 481 3998 μεγάλῳ
539 3930 631 3976 καὶ
700 3923 1117 3995 θεολογικώτάτῳ
1186 3923 1480 3994 Ἀθανασίῳ
1545 3926 1880 3995 προεντυχών

283 4011 626 4086 διαλεγομένῳ
684 4016 813 4087 πρὸς
870 4012 1114 4085 Ἀρειον,
1179 4017 1269 4064 καὶ
1337 4020 1518 4064 τοῦτον
1585 4010 1882 4082 ἀνατρέπειν

282 4101 680 4171 σπουδάζοντι,
751 4104 822 4164 εἰς
904 4102 1116 4164 ἀνίσους
1197 4106 1376 4174 φύσεις
1442 4107 1534 4161 τὴν
1605 4103 1883 4174 όμοούσιον

273 4194 434 4266 ἁγίαν
512 4191 822 4266 διαιροῦντα
885 4190 1130 4265 Τριάδα,
1200 4197 1289 4244 καὶ
1366 4187 1729 4264 δευτερεύοντα
1792 4195 1885 4241 τοῦ

275 4289 488 4358 Πατρός
537 4287 624 4336 τὸν
669 4291 915 4355 μονογενῆ
961 4285 1080 4336 Υἰόν
1130 4279 1258 4334 εἶναι
1304 4281 1538 4352 λέγοντα,
1582 4284 1672 4332 καὶ
1718 4281 1884 4351 ταύτῃ

1979 3121 2177 3177 tentiis
2207 3120 2583 3176 dissidebant
2610 3137 2974 3188 convocans,
3005 3128 3230 3178 rectam
3261 3123 3633 3194 religiosam-

1981 3226 2099 3284 que
2131 3210 2682 3282 interpretationem
2727 3211 3119 3283 defendebat;
3148 3228 3334 3284 quam
3365 3214 3494 3286 ipse
3532 3229 3636 3271 ore

1983 3315 2095 3360 suo
2117 3299 2316 3354 statim
2335 3298 2446 3354 illis
2469 3299 2866 3371 signiﬁcabat,
2885 3301 3029 3372 quia
3050 3301 3149 3356 vix
3169 3301 3377 3357 audito
3401 3308 3635 3360 contro-

1983 3389 2196 3443 versia:
2225 3389 2410 3449 initio,
2440 3389 2524 3443 sic
2555 3405 2680 3443 rem
2713 3389 2844 3460 ipse
2871 3389 2982 3444 sibi
3005 3397 3408 3462 persuaserat.
3443 3393 3638 3458 Quare

1985 3476 2314 3548 aliquando
2344 3476 2428 3531 sic
2459 3477 2638 3532 etiam
2669 3483 3122 3546 argumentatus
3160 3484 3270 3535 est.
3304 3481 3451 3536 Cum
3477 3482 3638 3538 enim

1985 3565 2293 3621 nonnullis
2321 3565 2625 3621 videretur
2649 3565 2728 3621 ad
2753 3565 3094 3636 generalem
3122 3567 3439 3624 hominum
3465 3572 3641 3624 natu-

1986 3669 2120 3709 ram
2153 3653 2446 3710 trahenda
2487 3669 2617 3710 esse
2647 3654 2979 3724 evangelici
3020 3654 3164 3710 dicti
3206 3656 3636 3729 interpretatio,

1990 3743 2188 3797 Caesar
2208 3746 2410 3796 autem
2433 3758 2694 3814 superno
2724 3741 2950 3797 lumine
2978 3743 3300 3800 instructus
3329 3746 3390 3800 in
3433 3745 3644 3817 magni

1991 3831 2334 3902 summique
2375 3829 2636 3898 theologi
2660 3829 2966 3885 Athanasii
2996 3831 3306 3899 dialogum
3337 3849 3476 3888 cum
3506 3835 3642 3890 Ario

1989 3918 2266 3974 habitum
2310 3917 2537 3986 incidit,
2566 3918 2646 3973 ob
2689 3917 2856 3973 illum
2890 3920 3346 3988 coarguendum
3377 3922 3480 3992 qui
3510 3937 3645 3977 san-

1993 4012 2152 4063 ctam
2201 4006 2904 4079 consubstantialemque
2931 4008 3274 4064 Trinitatem
3306 4009 3367 4064 in
3396 4013 3644 4066 naturas

1992 4097 2258 4169 impares
2302 4095 2629 4165 dividebat,
2668 4096 3132 4169 inferioremque
3176 4098 3332 4154 Patri
3379 4099 3647 4169 unigeni-

1996 4190 2125 4242 tum
2179 4184 2390 4240 Filium
2438 4185 2696 4250 dicebat,
2738 4190 2918 4258 atque
2964 4186 3078 4241 hoc
3125 4187 3258 4258 ipso
3305 4187 3648 4258 evangelica

1997 4276 2156 4331 dicto
2189 4274 2268 4330 ad
2298 4290 2420 4329 sua:
2449 4273 2746 4330 haereseos
2775 4276 3325 4347 propugnationem
3355 4275 3653 4334 abuteba-

279 4372 348 4432 δὴ
399 4381 463 4445 τῇ
513 4380 651 4445 φωνῇ
697 4376 829 4447 πρὸς
879 4375 1214 4446 παράστασιν
1262 4380 1354 4431 τῆς
1402 4371 1590 4430 οἰκείας
1643 4371 1868 4440 αἱρέσεω

1998 4369 2116 4421 tur.
2147 4363 2461 4419 Athanasii
2489 4378 2633 4434 ergo
2673 4364 2807 4436 ipsa
2835 4363 3020 4420 verba
3049 4366 3245 4420 Caesar
3271 4364 3334 4420 in
3379 4365 3652 4422 medium

279 4463 662 4535 ἀποχρώμενον
688 4504 707 4526 ,

287 4645 676 4706 κεκοπιακώς;
747 4641 1018 4715 ἅνθρωπος
1090 4639 1119 4698 ἢ
1201 4642 1326 4699 Θεὸς
1403 4642 1633 4708 Λόγος;

289 4729 466 4783 εἶπεν·
539 4728 865 4803 Ἀνθρωπος.
926 4728 1232 4789 Ἀθανάσιος
1291 4725 1424 4780 εἶπεν
1458 4748 1470 4760 ο

285 4819 404 4873 ἔστι
456 4822 516 4871 τὸ
569 4827 759 4877 νοῆσαι
808 4817 1008 4871 λοιπόν.
1062 4815 1264 4891 ’Λρειος
1317 4813 1464 4868 εἴπεο
1527 4813 1894 4886 Κατελαϐόμην

287 4929 390 4962 σου
447 4912 534 4960 τόν
591 4915 709 4959 νοῦν
767 4906 816 4959 ἐν
864 4915 938 4978 τῷ
992 4906 1125 4978 λόγῳ
1181 4908 1386 4976 τούτων
1439 4906 1556 4968 ὅτι,
1615 4910 1708 4955 τοῦ
1763 4909 1897 4956 Θεοῦ

284 5004 472 5070 Λόγου
507 5004 784 5070 πανταχοῦ
830 5000 1104 5071 παρόντος,
1149 4991 1308 5052 δῆλον
1347 4995 1426 5046 ὅτι
1467 4989 1562 5045 διὰ
1589 4997 1682 5051 τὴν
1729 4993 1903 5065 σάρκα

288 5085 432 5142 εἶπεν
468 5129 483 5155 ,
543 5085 602 5138 Ὀ
683 5089 864 5159 Πατὴρ
928 5087 954 5136 ό
1015 5083 1226 5157 πέμψας
1299 5087 1491 5156 μείζων
1565 5101 1665 5153 μου
1742 5079 1899 5150 ἐστι,

286 5183 390 5236 τὴν
438 5173 779 5249 βαδίζουσαν
837 5179 927 5227 καὶ
981 5182 1252 5226 κοπιῶσαν
1307 5177 1398 5224 καὶ
1447 5169 1548 5224 ἀπὸ
1601 5175 1764 5223 τόπου
1831 5169 1904 5232 εἰς

396 5339 443 5373 ’⁷
487 5339 509 5394 I
560 5337 692 5395 Cor.
731 5351 826 5407 xu,
886 5338 982 5391 27.

295 5413 348 5447 ³³
387 5409 536 5467 ibid.
574 5414 664 5468 13.

1098 5335 1146 5369 ³⁸
1186 5335 1208 5388 Ι
1255 5335 1385 5391 Cor.
1436 5347 1513 5400 VI,
1570 5335 1660 5387 i5.

379 5573 487 5645 (36)
524 5571 681 5629 Edit.
713 5565 1034 5628 Montfauc.
1065 5569 1110 5624 t.
1136 5566 1276 5638 VIII,
1301 5579 1364 5637 ι).
1393 5563 1517 5633 153,
1552 5565 1676 5623 154.

792 4464 881 4521 τὰς
959 4460 1152 4513 ἐκείνου
1238 4458 1494 4520 συλλαϐὰς
1573 4457 1645 4519 εἰς
1731 4461 1889 4530 μέσον

283 4561 540 4627 παρῆγε,
607 4553 739 4625 πρός
812 4548 1016 4622 Ἀρειον
1080 4549 1312 4620 λέγοντος
1381 4549 1495 4620 (37)
1529 4564 1541 4576 ⁸
1612 4568 1640 4598 ‹‹
1703 4549 1790 4606 Τίς
1863 4546 1891 4596 ό

1712 4642 1893 4709 Αρειος

1543 4727 1744 4779 Ούκοῦν
1805 4728 1893 4776 σόν

1779 5330 1830 5367 ³9
1867 5331 2039 5388 Joan.
2097 5345 2186 5400 xv,
2249 5331 2308 5384 5.

2002 4453 2216 4522 attulit,
2262 4453 2554 4509 adversus
2601 4452 2804 4508 Arium
2846 4452 3255 4526 disputantis:
3301 4476 3322 4504 ι
3359 4455 3470 4520 Qui
3514 4454 3653 4511 fati—

2003 4549 2179 4614 gatus
2243 4547 2371 4608 est,
2440 4541 2705 4600 homone
2763 4557 2842 4599 an
2911 4545 3062 4598 Deus
3115 4543 3424 4600 Verbum?
3482 4543 3655 4600 Arius

2003 4633 2188 4689 dixit.
2222 4634 2431 4686 Homo.
2464 4631 2824 4687 Athanasius
2867 4630 3050 4688 dixit:
3082 4634 3273 4688 Tuum
3311 4633 3488 4703 igitur
3525 4632 3658 4704 jam

2006 4727 2096 4778 est
2130 4720 2476 4790 intelligere.
2524 4720 2718 4788 Arius,
2762 4720 2993 4793 inquit:
3044 4721 3308 4793 Percipio
3356 4720 3506 4793 quid
3555 4725 3659 4777 tuo

2004 4812 2122 4866 hoc
2191 4825 2484 4881 responso
2549 4808 2847 4881 intelligas
2897 4825 2911 4877 ;
2980 4826 3237 4882 nempe,
3303 4826 3443 4866 cum
3503 4813 3661 4867 Deus

2007 4899 2268 4956 Verbum
2297 4897 2523 4971 ubique
2556 4897 2731 4967 adsit,
2763 4898 2966 4971 palam
2990 4893 3135 4954 esse
3173 4899 3374 4971 ipsum
3416 4905 3664 4973 propter

2010 5004 2256 5046 carnem
2288 4987 2508 5044 dixisse
2538 5005 2550 5042 :
2582 4986 2765 5044 Pater
2791 5003 2972 5059 meus,
3006 4989 3113 5060 qui
3138 4989 3296 5043 misit
3325 5003 3435 5055 me,
3463 4992 3667 5060 major

2010 5095 2104 5136 me
2130 5084 2233 5134 est.
2264 5078 2396 5132 Haec
2425 5075 2588 5132 enim
2618 5067 3004 5145 gradiebatur
3031 5080 3090 5131 et
3118 5075 3506 5146 fatigabatur,
3533 5079 3591 5132 et
3628 5090 3667 5134 θ.

2011 5168 2145 5224 loco
2175 5167 2237 5222 in
2264 5165 2469 5222 locum
2497 5164 2820 5235 migrabat.
2849 5167 3014 5222 Certe
3041 5163 3104 5219 id
3127 5169 3286 5219 recte
3317 5179 3382 5220 se
3405 5164 3609 5222 habet.
3634 5185 3666 5215 ιο

2420 5327 2470 5363 ⁸ο
2506 5326 2663 5384 Psal.
2724 5342 2836 5397 χχι,
2893 5327 2990 5382 23.
3110 5325 3156 5362 ³⁸
3194 5327 3374 5386 Joan.
3432 5340 3516 5393 ιιι,
3568 5329 3661 5383 12.

2088 5560 2206 5633 (37)
2243 5559 2458 5617 Recole
2487 5574 2675 5632 supra
2699 5562 2825 5618 not.
2866 5563 2924 5616 7.
