2074 3195
261 146 310 174 231

932 135 1065 168 ΝΪΟΕΤΕ
1088 134 1273 167 CHONIATE

1887 135 1947 170 233

260 209 356 243 Atque
370 205 410 234 ita
424 203 605 233 Athanasius
621 201 884 238 interpretabatur,
900 209 963 230 non
979 209 1085 229 secun-

1142 203 1220 228 τόπον
1260 202 1342 238 ἕτερον
1382 202 1568 238 πορευομένην.
1602 200 1719 232 Ἀληθῶς
1758 201 1840 238 ὀρθῶς
1883 201 1948 238 ἔχει

261 251 335 279 dum
349 249 484 278 divinam
499 247 699 276 substantiam
713 247 778 275 haec
792 246 942 275 Christum
961 253 1086 282 passum

260 295 362 328 fuisse,
374 294 427 322 sed
438 292 605 321 secundum
616 300 709 328 quam
720 291 861 319 induerat
871 298 992 319 carnem
1003 292 1087 318 natu-

260 339 375 367 ralibus
395 338 460 366 sine
479 339 603 374 peccato
625 336 790 364 obnoxiam
809 335 1013 372 passionibus.
1033 336 1087 362 Ha-

260 383 385 419 buitque
406 383 438 410 in
461 382 508 410 his
532 381 768 409 consentientem
792 380 904 414 Arium,
921 379 1087 408 conceden—

260 430 382 464 temque
406 427 554 463 majorem
577 425 636 453 dici
656 427 772 454 Patrem
797 425 911 453 Christo
936 427 1087 461 quatenus

261 472 353 501 homo
377 475 431 500 est.
457 474 542 508 Aque
565 471 634 499 hinc
656 470 755 498 valide
781 470 949 506 invicteque
968 468 1088 497 conclu-

261 517 353 545 debat
363 517 468 550 Caasar,
480 523 676 552 nequaquam
690 515 729 543 ad
742 514 913 551 generalem
928 514 1087 542 hominum

261 564 403 590 naturam
426 561 562 589 retulisse
586 568 733 595 magnum
760 559 958 587 Athanasium
982 559 1089 588 Christi

261 606 375 635 dictum
388 615 394 634 :
410 606 501 634 Pater
513 606 613 640 major
627 608 680 633 est.
698 604 753 637 Qui
768 604 849 632 enim
871 603 935 632 ﬁeri
959 605 1087 640 poterat.

261 653 295 679 ut
309 650 500 678 adversarius
521 649 607 677 Arius
622 649 653 676 in
668 648 715 676 his
735 648 826 676 rebus
842 648 1045 682 acutissimus,
1061 649 1090 675 et

261 695 292 723 in
305 695 495 723 sermonibus
507 693 688 722 ventilandis
704 693 926 726 solertissimus,
938 695 1090 729 pateretur

261 748 407 776 magnum
435 740 516 767 hunc
539 739 636 767 virum
662 739 700 766 de
727 739 785 766 alio
814 738 971 766 individuo
994 738 1087 774 loqui,

261 793 356 821 eoque
383 786 498 812 Patrem
528 783 624 811 dicere
655 783 831 819 majorem:
860 783 934 811 dum
960 783 1024 819 ipse
1052 782 1089 810 de

262 830 375 857 Christo
391 830 547 865 quiererct,
565 831 655 864 atque
669 828 727 856 hoc
743 828 899 863 Unigenito
919 827 1030 855 diceret
1046 835 1089 855 se-

1142 250 1228 273 τοῦτο.
1255 247 1305 272 Καὶ
1327 244 1394 271 οὕτω
1417 247 1453 281 μὴ
1477 247 1544 272 κατὰ
1567 248 1614 276 τὴν
1642 247 1711 273 θείαν
1740 246 1832 273 ὀῦσίαν
1856 250 1948 273 ταῦτα

1141 291 1232 317 παθεῖν
1264 291 1307 316 τὸν
1338 291 1451 326 Χριστὸν
1480 289 1684 328 ἑρμηνεύοντος,
1721 290 1785 317 ἄλλα
1824 291 1883 318 καθ’
1910 292 1948 321 ἢν

1142 334 1245 372 ἑφόρεσε
1276 336 1362 372 σάρκα
1387 338 1438 365 τοῖς
1465 339 1584 371 φυσικοῖς
1612 338 1656 362 καὶ
1685 334 1856 367 ἀδιαϐλήτοις
1879 337 1948 363 ὑπο⁸

1141 381 1259 412 κειμένην
1284 380 1391 411 πάθεσι,
1416 381 1461 405 καὶ
1490 383 1579 406 τοῦτον
1609 378 1642 409 δὴ
1677 381 1720 407 τὸν
1748 379 1851 418 Ἀρειον
1882 390 1948 407 συν-

1143 424 1212 450 ιέντα
1247 428 1297 450 τῶν
1335 423 1474 460 λεγομένων
1514 425 1617 460 ἔχοντος
1634 446 1640 457 ,
1678 427 1723 451 καὶ
1759 426 1788 452 τὸ
1834 425 1948 461 μείζονα

1141 468 1262 504 λέγεσθαι
1284 469 1328 494 τὸν
1352 470 1455 506 Πατέρα
1479 469 1514 500 ὡς
1535 468 1670 506 ἀνθρώπου
1686 473 1731 496 τοῦ
1753 469 1805 500 ἐνὸς
1823 473 1948 508 Χριστοῦ

1144 514 1320 549 συντιθέμενον
1338 523 1344 530 -
1374 512 1509 540 κάντεῦθεν
1550 512 1743 550 ἀναμφιλέκτως
1780 517 1826 541 καὶ
1861 514 1947 551 ἰσχυ-

1142 561 1194 595 ρῶς
1225 556 1372 595 ἕπεπέραινι
1408 560 1444 594 μὴ
1484 559 1552 584 κατὰ
1582 561 1629 588 τὴν
1662 561 1750 588 κοινὴν
1782 560 1860 595 φύσιν
1894 563 1949 585 τῶν

1144 601 1283 639 ἀνθρώπων
1315 601 1397 638 λέγειν
1437 603 1480 628 τὸν
1520 603 1600 639 μέγαν
1633 603 1788 630 Ἀθανάσιον
1821 604 1949 640 εἰρῆσθαι

1143 648 1214 683 παρὰ
1237 650 1283 673 τοῦ
1310 650 1429 683 Χριστοῦ
1455 648 1499 673 τὸν
1527 649 1631 684 Πατέρα
1657 648 1782 684 μείζονα·
1811 652 1866 679 πῶς
1891 649 1948 686 γὰρ

1143 691 1173 717 ἂν
1193 693 1238 717 καὶ
1263 691 1276 717 ὁ
1300 690 1545 727 ἀντικαθιστάμενος
1567 694 1668 729 ’Ἄρειος
1695 697 1745 718 τῶν
1770 695 1829 730 περὶ
1860 694 1951 720 ταῦτά

1143 745 1170 762 τι
1202 736 1340 772 τυγχάνων
1370 734 1478 771 δεινῶν,
1513 739 1557 762 καὶ
1591 736 1767 773 ἀκριϐολογεῖν
1801 735 1877 769 εἰδὼς
1912 740 1950 765 τὰ

1143 780 1266 817 λεγόμενα
1283 802 1290 813 ,
1323 782 1366 807 τον
1397 782 1477 817 μέγαν
1508 785 1597 807 τοῦτον
1628 780 1714 820 ἄνδρα
1746 781 1850 814 ἐδέξατο
1883 786 1949 820 περὶ

1145 825 1231 861 ἑτέρου
1261 824 1357 861 ἀτόμου
1388 823 1589 861 διαλεγόμενον,
1617 825 1736 853 κάκείνου
1766 826 1873 863 λέγοντα
1900 830 1950 854 τόν

262 874 395 901 cundum
414 882 500 900 suam
522 875 663 900 naturam
685 874 801 900 Patrem
821 872 991 907 majorem?
1009 873 1087 900 Tunc

1145 871 1249 906 Πατέρα
1280 869 1409 905 μείζονα,
1442 870 1455 895 ὁ
1484 873 1542 906 περὶ
1573 874 1691 908 Χριστοῦ
1723 871 1867 906 cutura”;
1901 875 1952 899 καὶ

263 918 343 946 enim
359 918 438 945 idem
454 917 605 944 evenisset
620 925 655 944 ac
670 916 696 944 si
717 916 768 949 illi,
788 916 840 952 qui
864 916 954 944 falces
974 918 1089 952 petunt,

263 961 450 996 audiuntque
467 961 523 988 sibi
534 960 650 996 ligones
661 960 813 995 denegari,
825 960 949 988 minime
965 960 996 988 id
1012 968 1090 995 mgre

264 1006 382 1034 ferrent.
401 1005 457 1033 Sed
482 1013 579 1041 neque
602 1004 685 1032 aliter
704 1006 828 1032 Nicaeum
852 1005 957 1041 primae
981 1004 1091 1040 synodi

264 1052 374 1082 Patres,
389 1050 447 1077 Arii
473 1050 563 1084 hujus
585 1049 730 1077 adversus
753 1049 939 1083 unigenitum
960 1048 1090 1077 Verbum

263 1094 414 1128 haeresim,
430 1102 498 1129 quae
512 1094 551 1121 ab
567 1101 602 1121 eo
615 1101 727 1121 nomen
741 1093 894 1128 contraxit,
911 1093 1092 1121 refutassent

264 1139 299 1174 (is
314 1139 394 1166 enim
418 1138 514 1166 Verbo
537 1137 703 1165 secundum
718 1137 853 1165 divinam
869 1137 933 1173 ejus
950 1137 1088 1165 substan-

263 1183 334 1211 tiam
362 1182 616 1210 accommodabat
643 1182 811 1210 dictiones:
838 1182 961 1210 Creavit
986 1189 1042 1216 me,
1063 1183 1091 1209 et

260 1228 393 1255 Fidelem
413 1228 440 1255 ei
453 1228 506 1262 qui
520 1234 549 1255 se
569 1227 649 1262 fecit,
667 1229 696 1254 et
717 1227 891 1261 Apostolum
912 1234 948 1254 ac
969 1226 1090 1261 pontiﬁ-

262 1280 323 1300 cem
346 1272 536 1307 confessionis
561 1271 698 1307 nostrae);
719 1271 776 1298 nisi
797 1271 947 1306 ejusmodi
964 1270 1089 1299 locutio-

262 1325 315 1344 nes
331 1317 370 1344 ad
391 1317 495 1343 tlhristi
520 1315 739 1343 humanitatem
755 1315 933 1343 retulissent.
957 1317 1031 1343 Nam
1052 1315 1090 1343 de

262 1361 365 1389 divina
386 1365 493 1388 natura
516 1361 658 1397 scriptum
678 1360 931 1396 pronuntiarunt:
950 1361 983 1388 In
1008 1360 1090 1394 prin-

263 1407 339 1441 cipio
368 1409 433 1433 erat
470 1406 620 1440 Verbum;
647 1407 697 1433 et:
728 1405 792 1440 Ego
821 1408 848 1433 et
876 1404 968 1433 Pater
995 1412 1088 1432 unum

261 1459 373 1482 smnus,
389 1454 415 1478 et
429 1459 496 1486 qum
510 1450 556 1478 his
572 1453 642 1477 sunt
657 1449 775 1477 similia.

263 1505 399 1521 απενειιιαν
414 1506 419 1511 ¹

261 1540 336 1576 ἐσμεν
349 1551 355 1556 ·
377 1543 421 1565 καὶ
441 1541 490 1565 ὅσα
510 1540 612 1569 τούτοις
631 1541 772 1574 παρόμοια.

296 1586 340 1612 38.
364 1584 434 1611 Huic
464 1584 579 1619 optimo
608 1591 643 1610 ac
669 1585 825 1618 tantopere
853 1581 1086 1611 demonstrativo
1108 1582 1128 1609 C

261 1630 449 1663 argumento.
463 1627 553 1655 aliam
569 1635 690 1663 quoque
705 1627 813 1662 adjecit
827 1626 973 1654 miriﬁcus
989 1628 1088 1654 Caesar

261 1673 533 1703 conﬁrmationem,
546 1671 752 1706 restringendo
766 1670 876 1699 scilicet
891 1679 926 1698 ac
942 1671 1088 1699 subtiliter

260 1716 438 1753 explicando
463 1718 634 1743 sanctorum
649 1716 739 1747 dicta,
756 1718 788 1743 ut
803 1718 981 1751 opportune,
999 1718 1088 1751 prout

259 1770 314 1798 par
323 1764 385 1789 erat
397 1760 639 1793 intelligerentur.
650 1760 695 1788 Sic
706 1760 785 1788 enim
795 1760 902 1788 aiebat.
912 1762 984 1788 Cum
995 1760 1087 1796 aliqui

259 1809 421 1834 occurrunt
434 1805 568 1832 Ecclesiae
582 1805 753 1833 defensores
768 1806 867 1833 Patres
883 1805 995 1833 dictum
1012 1804 1087 1832 illud

260 1850 441 1887 explicantes
459 1849 625 1877 socundum
642 1849 724 1886 quod
741 1851 823 1877 Pater
838 1858 930 1877 causa
944 1852 989 1877 est
1004 1849 1086 1877 caele-

261 1897 314 1923 stis
330 1896 501 1929 nativitatis,
518 1895 547 1922 hi
562 1897 632 1923 tunc
651 1895 688 1922 de
704 1894 847 1929 unigeniti
862 1894 924 1922 Filii
948 1894 998 1922 Dei
1022 1902 1086 1930 per-

260 1949 335 1968 sona
363 1940 527 1973 theologica
546 1939 577 1967 id
601 1939 715 1971 dicunt.
730 1942 760 1967 ut
775 1939 1019 1967 adversariorum
1032 1947 1086 1966 ora

259 1986 428 2020 occludunt,
443 1986 493 2021 qui
510 1984 708 2013 differentiam
724 1984 754 2012 in
771 1992 862 2012 unam
884 1984 1084 2020 eamdemque

258 2034 398 2059 naturam
423 2031 587 2062 invehunt;
603 2030 661 2065 ipsi
685 2031 785 2056 autem
810 2030 908 2056 Patres
932 2028 1085 2056 afﬁrmant

258 2076 339 2103 haud
352 2075 470 2102 differre
490 2083 508 2102 ει
528 2077 653 2110 paterna
676 2073 737 2101 Filii
762 2076 920 2106 naturam;
937 2081 1036 2108 neque
1053 2073 1084 2100 in

258 2119 355 2154 gradu
366 2119 479 2153 majore
493 2120 606 2146 Patrem
618 2117 737 2151 versari,
749 2118 836 2153 quasi
846 2117 1020 2145 substantizn
1031 2124 1084 2144 seu

257 2166 372 2191 naturae
392 2163 503 2190 habeat
524 2162 733 2190 differentiam.
756 2161 812 2189 Sed
836 2161 976 2197 quamvis
1000 2162 1084 2189 Pater

257 2208 373 2236 dicatur
396 2207 493 2241 major
506 2215 523 2234 a
541 2206 621 2241 Filio,
637 2205 668 2233 id
691 2209 790 2233 tamen
804 2205 917 2233 dictum
933 2205 1084 2241 sempiter-

1144 915 1237 940 τούτου
1261 915 1294 944 ὡς
1325 917 1474 950 μονογενοῦς
1501 915 1562 940 Tia")
1590 916 1656 941 κατά
1683 917 1730 944 τὴν
1757 917 1834 952 φύσιν
1864 916 1951 953 λέγων

1146 957 1209 984 εἶναι
1243 959 1286 984 τὸν
1320 958 1422 995 Πατέρα
1455 959 1590 994 μείζονας
1624 961 1723 985 Ταυτὸν
1755 961 1806 997 γὰρ
1842 959 1872 986 ἆυ
1916 960 1952 990 ἧν

1144 1006 1197 1034 τοῖς
1230 1003 1297 1028 κατὰ
1327 1005 1374 1032 τὴν
1411 1006 1553 1040 παροιμίαν
1584 1004 1653 1040 οἴμας
1685 1006 1730 1040 μὲν
1764 1004 1950 1041 ἐκζητοῦσιν,

1381 1045 1410 1073 δὲ
1452 1049 1496 1078 τὰς
1539 1050 1640 1084 σκάφας
1672 1050 1834 1085 μανθάνουσι
1864 1050 1951 1086 (38),

1144 1094 1190 1117 καὶ
1220 1093 1255 1127 μὴ
1288 1093 1353 1127 πρὸς
1385 1093 1431 1120 τὴν
1461 1091 1599 1128 ἀπόκρισιν
1634 1090 1858 1130 δυσχεραίνουσιν
1876 1104 1882 1111 ·
1916 1094 1951 1121 οὐ

1144 1137 1196 1172 μὴν
1228 1135 1282 1161 ἀλλ’
1312 1133 1373 1162 οὐδὲ
1405 1135 1488 1167 ὧλως
1519 1138 1543 1162 οἰ
1575 1141 1623 1168 τῆς
1656 1136 1680 1163 ἓν
1709 1140 1809 1174 Νικαίᾳ
1838 1141 1952 1175 πρώτης

1145 1046 1338 1084 ἀπαρνουμένας

1146 1178 1258 1206 συνόδου
1298 1184 1334 1215 τῷ
1367 1179 1456 1217 Ἃρείῳ
1497 1182 1579 1217 τούτῳ
1616 1184 1663 1211 τὴν
1698 1182 1839 1219 ἐπωνύμως
1878 1185 1953 1210 κατὰ

1145 1229 1191 1251 τοῦ
1221 1228 1371 1260 μονογενοῦς
1403 1227 1490 1261 Λόγου
1522 1228 1616 1262 μανίαν
1649 1226 1869 1265 ἐναπεκρούσαντο
1903 1229 1950 1265 (τῇ

1144 1271 1237 1295 τούτου
1270 1270 1414 1296 ὑποστάσει
1447 1272 1515 1297 κατὰ
1547 1274 1593 1301 τὴν
1633 1272 1702 1298 θείαν
1740 1272 1831 1299 οὐσίαν
1864 1283 1952 1311 προσ-

1145 1315 1270 1344 άπτοντος
1300 1317 1346 1343 τὴν
1372 1318 1436 1349 τοῦ,
1469 1314 1573 1342 Ἐκτισέ
1606 1326 1656 1352 με,
1688 1319 1791 1353 φωνὴν,
1823 1320 1868 1344 καὶ
1898 1321 1951 1347 τὴν

1143 1363 1198 1394 τοῦ,
1233 1359 1329 1385 Πιστὸν
1362 1363 1398 1394 τῷ
1432 1361 1573 1389 ποιήσαντι
1606 1361 1693 1394 αὑτὸν,
1728 1364 1772 1388 καὶ
1805 1364 1851 1391 τὴν
1885 1367 1947 1396 τοῦ,

1144 1405 1192 1429 Τὸν
1217 1402 1358 1430 ἀπόστολον
1383 1406 1428 1430 καὶ
1451 1403 1577 1441 ἀρχιερέα
1602 1409 1649 1436 τῆν
1673 1405 1813 1442 ὁμολογίας
1837 1408 1918 1442 ἡμῶν)
1934 1418 1943 1425 -

1145 1447 1166 1474 εἰ
1180 1449 1215 1484 μὴ
1233 1449 1278 1479 τας
1300 1450 1420 1479 τοιαύτας
1436 1451 1520 1485 φωνὰς
1542 1454 1578 1485 τῷ
1597 1454 1642 1476 τοῦ
1658 1454 1776 1487 Χριστοῦ
1791 1450 1946 1488 ἀνθρωπίνῳ

442 1497 500 1531 περὶ
524 1495 574 1531 γὰρ
596 1498 643 1524 τῆς
671 1494 739 1524 θείας
758 1495 855 1530 φύσεως
874 1495 914 1527 τὸ,
937 1493 976 1519 Ἐν
997 1492 1068 1530 ἀρχῇ
1095 1491 1125 1529 ᾖν
1145 1491 1158 1517 ὀ
1180 1494 1274 1529 Λόγος,
1295 1496 1466 1531 παρήγαγον·
1490 1496 1535 1520 καὶ
1556 1495 1596 1528 τὸ,
1621 1495 1686 1531 Ἐγὼ
1705 1497 1750 1521 καὶ
1774 1496 1786 1521 ὁ
1807 1498 1899 1533 Πατὴρ
1919 1497 1948 1523 ἓν

1178 1581 1226 1611 λη’.
1250 1582 1309 1609 Ἐπί
1333 1581 1362 1609 δὲ
1383 1587 1419 1618 τῷ
1444 1585 1552 1619 τοιούτῳ
1577 1583 1676 1622 ἀρίστῷ
1697 1586 1744 1611 καὶ
1768 1583 1947 1622 ἀποδεικτικῳ

1143 1631 1188 1653 τοῦ
1219 1626 1297 1663 λόγου
1336 1627 1521 1664 ἐπιχειρήματι
1554 1631 1597 1655 καὶ
1634 1629 1731 1658 ταῦτην
1765 1630 1777 1655 ὀ
1813 1631 1946 1662 θειότατος

1143 1670 1257 1708 ἐπήγαγε
1289 1671 1414 1708 βασίλεὺς
1446 1675 1491 1702 τὴν
1522 1674 1561 1699 ἐπὶ
1593 1677 1646 1704 τοὶς
1675 1676 1851 1710 προκειμένοις
1880 1685 1948 1711 συγ-

1143 1719 1284 1753 κρότησιν·
1317 1717 1513 1743 καταλεπτύνων
1547 1718 1599 1743 οἷον
1629 1720 1674 1744 καὶ
1710 1719 1869 1755 ἱσχνο).ογῶν
1897 1721 1946 1751 τὰς

1142 1765 1190 1786 τῶν
1217 1761 1296 1796 ἁγίων
1326 1762 1410 1797 φωνὰς
1438 1762 1505 1791 ὅπως
1533 1763 1600 1788 κατά
1628 1764 1718 1800 καιρὸν
1738 1765 1770 1794 ὡς
1796 1762 1850 1789 ἔδει
1877 1773 1945 1800 παρ-

1141 1805 1322 1841 ελαμϐάνοντο.
1351 1806 1422 1841 Ὅτε,
1446 1808 1508 1843 γὰρ,
1534 1809 1652 1843 ἔφασκεν,
1678 1809 1843 1845 εὑρίσκονται
1874 1817 1941 1839 τινες

1140 1855 1189 1877 τὼν
1218 1855 1264 1882 τῆς
1292 1851 1446 1881 Ἐκκλησίας
1473 1853 1632 1888 ῦπερμάχων
1667 1855 1787 1889 Πατέρων
1816 1855 1862 1882 τὴν
1889 1863 1943 1879 τοι-

1141 1896 1220 1923 αύτην
1241 1898 1324 1931 φωνὴν
1349 1897 1415 1921 κατά
1437 1897 1465 1921 τὸ
1486 1897 1569 1922 αἴτιον
1593 1900 1638 1926 τῆς
1659 1896 1778 1922 ἀνωτάτω
1797 1900 1944 1932 γεννήσεως

1141 1938 1315 1976 ἐξηγούμενοι,
1341 1942 1398 1966 τότε
1421 1938 1454 1969 δὴ
1482 1943 1538 1977 περὶ
1561 1945 1608 1970 τῆς
1634 1945 1680 1967 τοῦ
1703 1944 1854 1977 μονογενοῦς
1876 1942 1942 1968 Υὶοῦ

1140 1988 1185 2010 τοῦ
1208 1989 1274 2011 Θεοῦ
1290 1986 1459 2015 ὑποστάσεως
1475 1985 1652 2020 θεολογοῦντες
1672 1990 1747 2011 τοῦτο
1764 1984 1941 2021 διδάσκουσι,

1139 2031 1198 2059 τοὺς
1235 2027 1446 2066 ἐτεροὸοξοῦντας
1474 2029 1705 2065 ἐπιστομίζοντες,
1735 2028 1863 2067 διαφορὰν
1897 2032 1942 2057 ἐπὶ

1139 2078 1184 2103 τῆς
1208 2077 1269 2109 μιᾶς
1302 2074 1382 2104 αὐτῆς
1407 2074 1557 2109 εἰσάγοντας
1584 2076 1701 2109 φύσεως·
1726 2077 1771 2100 καὶ
1800 2073 1942 2106 ἀποδεῖξαι

1140 2115 1292 2153 βουλόμενοι
1307 2116 1390 2153 μηδέν
1413 2128 1439 2144 τι
1463 2120 1530 2144 κατὰ
1545 2120 1622 2154 φύσιν
1646 2123 1692 2145 τοῦ
1708 2121 1810 2155 ΙΙατρὸς
1834 2118 1942 2146 διίστα-

1140 2162 1202 2187 σθαι
1220 2163 1263 2188 τόν
1283 2163 1352 2196 γιον,
1367 2160 1436 2199 μηδὲ
1459 2164 1501 2189 τὸν
1523 2164 1631 2200 μείζονα
1652 2163 1745 2199 κλῆρον
1769 2162 1872 2199 ἐπέχειν
1895 2165 1941 2190 τὸν

1140 2209 1243 2243 Πατέρα
1264 2205 1310 2233 du).
1333 2209 1362 2233 τὸ
1382 2212 1427 2237 τῆς
1451 2207 1540 2238 οὐσίας
1564 2210 1645 2234 εἵτουν
1666 2209 1765 2243 φύσεως
1789 2207 1813 2234 ἐν
1837 2210 1941 2239 τούτοις

258 2260 330 2280 nam
351 2252 486 2285 orginem
507 2259 702 2287 causamque,
717 2251 747 2278 id
774 2253 820 2278 est
842 2250 881 2278 ad
901 2250 1084 2278 ineffabilem

1141 2249 1273 2288 διάφορον.
1300 2251 1366 2278 Ἀλλ’
1391 2252 1413 2278 εὶ
1438 2255 1483 2278 καὶ
1505 2252 1597 2278 ἑαυτοῦ
1622 2253 1716 2288 μείζων
1746 2254 1847 2289 εἴρηται
1867 2254 1943 2289 παρά

257 2296 560 2333 inexplicabilemun
581 2296 815 2332 generationem,
837 2296 976 2330 referunt,
993 2295 1085 2323 veluti

258 2341 295 2369 de
314 2341 467 2376 unigenito
483 2341 552 2369 Filio
570 2340 621 2368 Dei
636 2340 831 2377 personaliter
845 2340 1017 2376 eloquentes
1033 2349 1039 2374 ;
1056 2341 1085 2368 et

259 2386 300 2414 sic
311 2386 397 2413 unice
409 2389 479 2413 tunc
490 2385 714 2420 intelligendam
726 2385 885 2412 dictionem
902 2385 994 2413 aiunt.
1009 2386 1083 2414 Cum

258 2433 359 2459 autem
382 2429 526 2465 unigeniti
550 2430 640 2457 Verbi
667 2429 904 2457 incarnationem
933 2432 1082 2466 spectant,

257 2479 346 2512 atque
362 2476 400 2503 ad
414 2475 589 2510 conjunctas
604 2474 760 2502 inconfuse
775 2477 898 2502 naturas
914 2482 1083 2503 sermonem

255 2522 443 2553 convertunt,
451 2527 615 2556 earumque
626 2518 826 2547 ditl'erentiam
837 2518 960 2547 delinire
967 2520 1080 2555 volunt,

254 2567 325 2593 tunc
341 2565 446 2594 Christi
467 2572 590 2600 quoque
604 2563 784 2591 humanitati
808 2564 887 2591 hanc
902 2564 1082 2592 locutionem

255 2609 498 2637 accommodant.
512 2610 635 2643 Magnus
648 2607 737 2642 igitur
752 2608 908 2643 theologus
925 2609 1082 2643 Gregorius

255 2654 302 2682 hic
326 2654 357 2681 in
382 2653 516 2680 medium
538 2652 754 2688 proferebatur,
778 2653 830 2689 qui
858 2656 925 2689 post
950 2654 1080 2690 priorem

254 2697 530 2733 interpretationem
547 2698 714 2725 secundum
730 2706 853 2726 causam
868 2698 977 2726 divinae
994 2706 1080 2734 gene-

254 2742 387 2775 rationis,
403 2742 481 2769 hanc
503 2750 624 2778 quoque
638 2742 748 2778 adjecit
762 2751 768 2772 :
785 2742 861 2772 Nam
883 2743 981 2772 dicere
997 2743 1080 2779 quod

291 2795 346 2833 (38)
366 2794 475 2826 Zenob.
492 2796 633 2832 proverb.
646 2804 666 2833 ι,
684 2797 729 2827 83.

1139 2300 1184 2322 τοῦ
1204 2297 1266 2322 Υἱοῦ
1292 2297 1305 2322 ὸ
1330 2299 1432 2334 Πατὴρ⁷
1452 2299 1514 2333 πρὸς
1536 2297 1652 2333 ἄναρχον
1672 2296 1760 2334 ἀρχὴν
1779 2299 1824 2323 καὶ
1840 2298 1939 2331 αἰτίαν,

1138 2343 1258 2367 τουτέστι
1287 2344 1334 2370 τὴν
1362 2341 1473 2379 ἄρρητον
1502 2343 1642 2377 γέννησιν,
1666 2344 1694 2368 τὸ
1730 2346 1829 2368 τοιοῦτο
1859 2342 1941 2379 ῥητὸν

1139 2385 1318 2422 ἀναφέρουσιν,
1334 2387 1368 2417 ὡς
1391 2389 1450 2422 περὶ
1474 2390 1519 2412 τοῦ
1539 2390 1691 2422 μονογενοῦς
1714 2387 1777 2413 Υὶοῦ
1801 2390 1846 2412 τοῦ
1871 2390 1942 2413 Θεοῦ

1138 2431 1322 2461 ὑποστατικῶς
1348 2432 1390 2457 τὸν
1423 2430 1497 2466 λόγον
1529 2430 1673 2467 ἐκφέροντες
1695 2441 1700 2447 ·
1732 2431 1761 2457 οὐ
1793 2433 1879 2467 μέντοι
1909 2429 1942 2458 δὲ

1138 2477 1182 2501 καὶ
1208 2477 1274 2501 κατὰ
1300 2476 1398 2504 ταύτην
1427 2477 1507 2511 μόνην
1536 2474 1678 2510 ἐπάγουσιν
1703 2474 1783 2504 αὐτὴν
1807 2474 1941 2510 ἐκλαμϐά-

1137 2520 1237 2547 νεσθαι.
1264 2519 1325 2546 "Ore
1355 2518 1384 2545 δὲ
1412 2521 1453 2545 τὸν
1479 2523 1602 2555 μονογενῆ
1633 2521 1715 2555 Λόγον
1743 2521 1942 2556 σεσαρκωμένον

1139 2565 1239 2601 θεωρεῖν
1272 2566 1367 2600 ἔχουσι
1397 2567 1443 2590 καὶ
1473 2566 1535 2601 πρὸς
1566 2565 1613 2594 τὰς
1646 2563 1669 2589 ἐν
1705 2564 1774 2600 αῦτῳ
1806 2564 1942 2600 ἡνωμένας

1138 2608 1296 2645 ἀσυγχύτως
1331 2610 1420 2644 φύσεις
1449 2612 1620 2645 χειραγωγεὶν
1652 2609 1695 2634 τὸν
1727 2608 1804 2643 λόγον
1837 2608 1942 2644 ἐπιχει-

1135 2658 1212 2691 ροῦσι
1236 2656 1281 2680 καὶ
1308 2651 1461 2690 διευκρινείν
1486 2654 1515 2679 τὸ
1539 2652 1563 2678 ἐν
1589 2654 1695 2683 ταύταις
1724 2651 1859 2689 διάφορον,
1882 2654 1941 2679 τότε

1135 2701 1179 2725 καὶ
1205 2702 1235 2735 τῇ
1266 2697 1290 2724 ἐν
1318 2702 1354 2733 τῷ
1384 2701 1491 2734 Χριστῷ
1521 2697 1702 2734 ἀνθρωπότητι
1734 2699 1781 2727 τὴν
1814 2698 1940 2726 τοιαύτην

1136 2745 1220 2780 φωνὴν
1247 2742 1489 2780 προσαρμόζουσιν.
1516 2742 1545 2769 ’0
1572 2744 1663 2779 μέγας,
1690 2739 1734 2769 οὖν
1760 2741 1785 2768 ἓν
1820 2740 1941 2779 θεολογίᾳ
