4148 6386
222 283 329 339 233
1550 271 1898 333 THESAURI
1958 272 2089 327 LIB.
2128 275 2280 331 XXV.
3495 286 3600 341 234

223 392 518 481 Γρηγόριος
542 401 771 456 ἐντεῦθεν
793 403 864 466 εἰς
893 407 1051 476 μέσον
1074 407 1341 476 παρήγετο
1370 404 1503 476 μετὰ
1531 406 1624 461 τὴν
1650 404 1834 477 προτέ-

1965 399 2206 470 Christo,
2236 408 2534 474 quatenus
2565 404 2751 461 homo
2776 405 3137 475 intelligitur,
3183 410 3356 481 pater
3407 410 3603 482 major

228 514 326 571 ραν
354 496 493 547 κατὰ
518 496 577 545 1'6
600 496 767 545 αἴτιον
796 501 890 553 τῆς
921 495 1062 556 θείας
1088 497 1369 564 γεννήσεως
1393 492 1684 565 ἑρμηνείαν,
1716 489 1837 543 ἑπά-

1965 495 2039 545 ast
2068 509 2081 556 ;
2111 507 2319 548 verum
2354 492 2413 548 id
2452 493 2722 565 quidem,
2751 494 2858 550 sed
2899 512 3022 551 non
3071 512 3384 568 magnum.
3447 500 3603 566 Quid

232 606 342 659 γων
370 589 459 635 καὶ
487 591 653 635 ταῦτα
684 604 696 616 ·
729 605 757 632 ‹‹
786 585 856 635 Τὸ
885 584 987 658 γὰρ
1016 579 1084 642 δὴ
1117 582 1279 654 λέγειν
1322 584 1403 634 ὅτι
1451 588 1544 635 τού
1591 585 1727 634 κατὰ
1751 584 1837 633 τὸν

1967 578 2110 634 enim
2143 580 2386 651 mirum,
2415 583 2465 637 si
2496 583 2692 653 major
2712 583 2954 639 homine
2979 585 3133 640 Deus
3159 586 3290 642 est?
3314 589 3605 646 Praeterea

236 674 508 749 ἄνθρωπον
530 674 809 745 νοουμένου
831 672 1023 745 μείζων
1055 670 1241 734 ἀληθὲς
1271 674 1383 745 μὶν,
1410 671 1469 724 ού
1501 674 1637 744 μέγα
1678 668 1756 727 δέ,
1780 674 1842 724 Τί

1964 669 2200 725 senioris
2231 686 2477 745 quoque
2499 675 2700 729 Romae
2733 672 3151 739 sanctissimus
3189 692 3350 749 papa
3384 680 3496 735 Leo
3528 678 3602 735 de

235 765 342 836 γὰρ
371 766 432 814 τὸ
455 763 772 834 θαυμαστὸν,
807 760 853 814 εἰ
876 761 1068 833 μείζων
1091 759 1366 836 ἀνθρώπου
1394 765 1551 827 Θεός;
1578 783 1607 812 ››
1633 760 1841 833 Ἐφεξῆς

1967 773 2064 813 106
2094 758 2252 816 dicto
2279 761 2613 818 edisserens
2639 782 2653 819 :
2687 763 2823 819 Sine
2846 763 3039 830 Verbi,
3081 764 3294 837 inquit,
3337 768 3605 838 potentia

240 848 305 905 δε
318 856 411 904 καὶ
436 853 463 904 6
483 858 542 910 τῆ
552 871 576 913 ς
592 849 905 925 παλαιτέρας
920 849 1117 923 Ῥώμης
1131 851 1426 923 ἁγιώτατος
1440 852 1654 913 πάπποις
1677 853 1817 903 Λέων
1823 894 1839 919 ,

1968 862 2076 903 non
2100 848 2322 906 diceret
2347 867 2463 907 vox
2497 852 2680 909 Patris
2705 853 2896 908 missa
2925 852 2999 908 de
3026 853 3196 919 coelo,
3229 856 3347 911 Hic
3390 863 3471 912 est
3506 858 3606 914 Fi-

235 937 373 996 τάδε
391 936 752 1014 διαλαμϐάνων
776 961 790 975 ·
836 962 866 991 ιι
916 943 1057 1013 Δίχα
1086 942 1178 1014 μεν
1206 949 1299 1002 τῆς
1326 947 1417 994 τοῦ
1467 944 1639 1012 Λόγου
1684 936 1842 992 δυνάο

1972 938 2070 993 fias
2098 954 2260 995 meus
2291 941 2543 997 dilectus
2568 944 2632 997 in
2663 958 2778 1013 quo
2808 942 2959 999 mihi
2985 943 3127 1000 bene
3166 946 3504 1013 complacui
3542 948 3610 1002 Et

236 1050 377 1104 μεως
401 1030 495 1083 οὐκ
519 1029 579 1083 ἂν
608 1029 775 1101 ἔλεγεν
796 1031 828 1089 ἠ
863 1034 1003 1103 φωνὴ
1031 1038 1125 1084 τοῦ
1151 1032 1357 1106 Πατρός
1389 1028 1444 1093 ἐξ
1467 1029 1694 1103 οὐρανῶν
1726 1027 1839 1101 ἄφες

1967 1026 2080 1083 sine
2120 1028 2356 1085 veritate
2413 1031 2610 1086 carnis
2650 1046 2772 1087 non
2820 1036 3252 1101 protestaretur
3293 1035 3557 1090 Joannes
3592 1051 3605 1089 :

239 1122 395 1173 θεῖσα
423 1119 587 1182 Οὗτός
614 1117 757 1172 ἐστιν
789 1120 816 1171 6
845 1121 962 1182 Υἱός
991 1139 1094 1193 μου
1122 1121 1149 1174 6
1185 1118 1476 1193 ἀγαπητὸς,
1510 1117 1559 1172 ἓν
1589 1141 1629 1192 ῳ
1673 1115 1843 1178 ηὐδό-

1973 1116 2107 1173 E‘cce
2133 1118 2346 1189 Agnus
2377 1120 2486 1175 Dei
2533 1120 2638 1191 qui
2675 1120 2834 1176 ιοιιίι
2876 1131 3188 1189 peccatum
3232 1123 3512 1179 mundi...
3544 1125 3611 1178 Et

233 1228 383 1268 κησα
412 1232 425 1244 ·
459 1207 598 1282 δίχα
627 1205 689 1262 δὲ
711 1218 809 1272 τῆς
840 1208 1085 1273 ἀληθείας
1102 1216 1195 1264 τοῦ
1219 1215 1464 1283 σώματος
1491 1208 1585 1262 ούκ
1606 1208 1666 1261 ἂν
1692 1227 1842 1281 προε-

1972 1205 2043 1261 ;ic
2067 1222 2136 1261 ex
2169 1207 2377 1262 ordine
2408 1209 2822 1281 unusquisque
2844 1212 3382 1283 Patrum,quorum
3408 1216 3610 1268 aucto-

225 1302 529 1374 μαρτύρετο
561 1299 826 1365 Ἰωάννης,
854 1295 942 1353 Ἷδ
946 1318 966 1352 ε
988 1300 1015 1351 6
1037 1300 1220 1373 Ἀμνός
1244 1307 1336 1353 τοῦ
1356 1306 1489 1352 Θεοῦ
1516 1301 1541 1351 6
1572 1302 1730 1372 αἴρων
1750 1305 1844 1357 τῆν

1971 1295 2155 1350 ritates
2185 1311 2369 1368 supra
2398 1301 2535 1352 sunt
2563 1298 2930 1369 perscriptae,
2960 1298 3021 1354 in
3052 1315 3154 1354 ore
3182 1300 3431 1356 Caesaris
3462 1305 3609 1370 erat,

230 1387 497 1463 ἁμαρτίαν
525 1395 620 1441 τοῦ
650 1393 858 1462 κόσμου
885 1407 896 1419 ·
932 1392 1024 1440 καὶ
1055 1385 1209 1449 αὖθις
1236 1390 1458 1451 ἕκαστος
1485 1397 1586 1440 τῶν
1612 1385 1846 1461 ἀνωτέρω

1980 1399 2249 1457 anquam
2300 1386 2347 1440 si
2400 1385 2701 1461 impressa
2748 1386 2933 1443 verba
2986 1402 3196 1447 eorum
3254 1395 3456 1448 mente
3508 1390 3613 1448 ha-

232 1483 742 1554 καταγςγραμμίνων
776 1481 1039 1553 Πατὲρων,
1083 1479 1154 1543 ὡς
1207 1480 1293 1531 οἶα
1334 1485 1427 1531 τοῦ
1475 1476 1730 1552 βασιλέως
1760 1475 1846 1529 ἐπὶ
1956 1473 2142 1531 heret.

230 1567 485 1641 γλώσσης
515 1556 691 1642 ὥσπερ
721 1566 1113 1644 ἐγγηραμμένα
1141 1570 1207 1619 τὰ
1230 1567 1437 1642 ῥήματα
1467 1570 1726 1641 φέροντος.

307 1673 411 1732 λθ¹.
442 1673 556 1727 Ούκ
580 1674 791 1745 ἠρκεῖτο
819 1678 1022 1737 τούτοις
1047 1676 1072 1726 6
1097 1673 1306 1747 ἀκάμας
1328 1678 1419 1727 καὶ
1447 1682 1601 1747 σῶμα
1620 1677 1710 1726 καὶ
1729 1679 1846 1725 νοῦν

2031 1675 2117 1728 39.
2147 1675 2346 1746 Neque
2374 1680 2577 1731 tamen
2606 1674 2705 1731 hic
2726 1674 2988 1732 substitit
3008 1675 3344 1733 indefessus
3362 1693 3611 1752 corpore

238 1762 514 1837 βασιλεὺς,
550 1761 679 1815 ἀλλὰ
708 1768 799 1816 καὶ
828 1764 996 1839 ἕτερον
1024 1783 1076 1816 τι
1105 1765 1446 1836 ποριζόμενος
1488 1761 1845 1835 ἐπενθύμημα,

1977 1777 2029 1817 ιο
2060 1767 2260 1818 mente
2291 1766 2508 1828 Caesar,
2542 1763 2648 1820 sed
2677 1764 2861 1821 alium
2892 1781 3139 1838 quoque
3182 1767 3427 1840 protulit
3456 1769 3615 1839 cogi-

237 1860 353 1916 τοῖς
377 1851 734 1927 προλαϐοῦσιν
764 1850 925 1924 ἐπῆγε
955 1850 1268 1926 διατρανοῦν
1299 1861 1399 1906 τῶν
1432 1852 1482 1905 ἐν
1516 1861 1588 1924 τῷ
1634 1856 1849 1926 Χριστῷ

1976 1856 2147 1907 .atum
2181 1869 2378 1925 suum,
2412 1870 2533 1927 quo
2558 1854 2883 1927 explicaret
2910 1859 3263 1912 naturarum
3293 1857 3356 1913 in
3388 1857 3614 1914 Christo

240 1944 513 2014 ἠνωμένων
546 1944 747 2007 φύσεων
776 1945 835 1994 τὸ
868 1938 1153 2017 ἀδιαιρέτῳ
1192 1944 1480 1996 ὑποστάσει
1508 1943 1849 2014 σεσωσμένων

1977 1942 2443 2012 :onjunctarum,
2477 1943 2648 1999 salva
2681 1944 2861 1999 unica
2882 1944 3195 2003 individua
3223 1945 3615 2019 persona,dit’-

239 2028 513 2106 διάφορον.
542 2034 612 2084 T6
641 2034 742 2104 γὰρ
764 2031 1092 2091 καταπλουτῆ
1103 2051 1196 2084 σαι
1223 2037 1319 2091 τὴν
1346 2031 1499 2103 ἁγίαν
1528 2037 1621 2083 τοῦ
1655 2033 1849 2103 Κυρίου

1978 2030 2294 2087 ’ereetiam.
2328 2035 2478 2089 Nam
2511 2032 2659 2105 quia
2689 2037 2900 2091 sancta
2949 2034 3187 2091 Domini
3237 2052 3398 2104 caro,
3450 2040 3616 2109 post-

236 2122 419 2195 σάρκα
436 2122 506 2173 τὰ
531 2128 624 2181 τῆς
653 2118 1057 2196 προσλαϐούσης
1089 2119 1252 2179 αὐτὴν
1283 2122 1521 2180 θεότητος
1558 2119 1853 2191 αὐχήματα

1978 2137 2150 2194 luam
2181 2122 2517 2195 assumpsit
2542 2139 2679 2180 eam
2710 2122 3020 2194 divinitas,
3057 2124 3333 2196 gloriosis
3371 2126 3616 2184 dotibus

233 2207 782 2283 προσλαμϐανομένων
803 2216 972 2275 τινῶν,
991 2215 1082 2263 καὶ
1103 2212 1265 2283 ταύτῃ
1299 2213 1648 2284 προσκόπτειν
1672 2204 1793 2260 κινδ
1797 2228 1852 2259 υ-

1984 2216 2249 2267 nstructa
2278 2212 2385 2268 fuit
2411 2231 2424 2282 ;
2453 2229 2526 2269 ea
2551 2230 2616 2269 re
2658 2214 2935 2271 nonnulli
2991 2230 3116 2272 non
3168 2216 3295 2272 sine
3349 2217 3616 2290 periculo

236 2304 504 2369 νευόντων,
542 2300 609 2361 ὡς
640 2302 728 2350 καὶ
755 2302 876 2374 περὶ
904 2300 969 2351 τὰ
1011 2300 1213 2370 φυσικὰ
1259 2303 1349 2351 καὶ
1376 2295 1678 2356 ἀδιάϐλητα
1706 2298 1848 2354 πάθη

1979 2301 2178 2356 erroris
2211 2302 2573 2367 utebantur;
2605 2302 2690 2359 ita
2721 2308 2785 2360 ut
2808 2303 2883 2359 de
2911 2304 3293 2362 naturalibus
3324 2306 3451 2363 sine
3480 2322 3617 2380 pec-

177 2376 186 2384 .
237 2394 566 2460 καινοτομεῖν
596 2391 722 2450 τοὺς
747 2386 955 2459 λόγους,
986 2393 1077 2440 καὶ
1107 2386 1520 2441 ἀποστέλλεσθαι
1547 2386 1711 2458 λέγειν
1748 2406 1815 2438 πα

1980 2395 2095 2446 :ato
2120 2390 2505 2461 passionibus
2518 2391 2755 2448 Domini
2784 2408 2975 2449 novos
2992 2400 3254 2451 sererent
3275 2376 3618 2462 sermones;

248 2479 410 2535 θητήν
435 2476 566 2531 εἶναι
595 2480 690 2535 τὴν
718 2476 1145 2550 προσληφθείσαν
1190 2498 1263 2550 τῳ
1297 2482 1474 2551 Κυρίῳ
1509 2479 1682 2549 σάρκα
1718 2477 1855 2527 κατὰ

1980 2479 2333 2551 ninimeque
2363 2480 2657 2537 auderent
2698 2481 3001 2538 afﬁrmare
3043 2483 3403 2554 passibilem
3435 2485 3618 2541 fuisse

244 2571 342 2625 τὴν
383 2575 481 2618 τῶν
518 2574 726 2640 σαρκῶν
770 2568 948 2639 φύσιν,
988 2571 1178 2639 καὶτῷ
1217 2566 1465 2627 ἑκουσίως
1496 2570 1583 2618 τὸν
1622 2567 1853 2637 Χριστὸν

1982 2573 2342 2642 ιεειιιηριίιω
2375 2585 2411 2625 a
2439 2568 2671 2625 Christo
2699 2586 2946 2628 carnem
2979 2573 3313 2630 secundum
3342 2575 3620 2633 carnium

246 2657 430 2708 παθεῖν
456 2656 584 2730 ὑπὲρ
606 2658 756 2729 ἡμῶν
790 2659 921 2731 πρὸς
952 2663 1105 2710 τοῦτο
1136 2654 1550 2732 ἀποχρωμένων,
1581 2659 1672 2706 καὶ
1712 2652 1853 2705 ἀπο-

1985 2673 2160 2729 psam
2194 2668 2509 2725 naturam;
2544 2658 3052 2734 abuterenturque
3074 2662 3153 2718 ad
3172 2662 3232 2717 id
3260 2669 3618 2733 argumento

243 2741 569 2797 διιστὼντων
600 2744 763 2803 αὐτὴν
793 2752 886 2797 τοῦ
915 2747 1052 2797 κατὰ
1093 2748 1247 2818 φύσιν
1288 2747 1491 2807 πάθους
1538 2748 1629 2796 καὶ
1657 2751 1719 2801 τῆ
1731 2763 1751 2804 ς
1781 2761 1856 2794 νε-

1978 2746 2085 2813 ]10,
2116 2746 2284 2819 quod
2317 2746 2581 2803 Christus
2608 2753 2821 2821 sponte
2846 2765 2956 2820 pro
3004 2750 3186 2807 nobis
3225 2767 3446 2824 passus
3489 2759 3616 2822 est;

235 2838 496 2906 κφώσεως
519 2855 532 2868 ·
561 2834 711 2896 οὗτος
738 2838 831 2887 καὶ
858 2838 952 2892 τὴν
993 2833 1387 2907 λεχθησομένην
1433 2833 1712 2905 ἐπαγωγὴν
1761 2839 1857 2893 τῆς

1987 2839 2046 2891 ta
2075 2841 2137 2890 ut
2168 2835 2372 2907 ipsum
2401 2837 2660 2894 naturali
2692 2837 2977 2909 passione
3007 2855 3077 2894 ac
3107 2842 3470 2899 mortalitate
3499 2843 3619 2898 exi-

246 2922 447 2983 ἒννοίας
473 2928 751 2996 προήνεγκε
774 2941 788 2955 ⁸
818 2930 939 2997 περὶ
968 2923 1068 2998 γὰρ
1123 2921 1425 2997 ἰδιωμάτων
1463 2928 1553 2976 καὶ
1602 2922 1855 2995 αὐχημά-

1990 2930 2196 2980 nerent
2226 2943 2239 2995 ;
2268 2925 2386 2994 his,
2441 2926 2712 2998 inquam,
2761 2929 2960 2983 Caesar
3015 2928 3417 3001 excogitatam
3460 2947 3496 2988 a
3553 2946 3628 2988 se.

248 3032 357 3065 των
388 3010 741 3085 φιλοσοφήσας
768 3018 859 3065 καὶ
898 3020 972 3083 τῷ
1021 3009 1327 3088 διαιρετικῷ
1378 3020 1476 3065 τῶν
1511 3014 1857 3084 ὑποκειμένων

1981 3014 2342 3081 sententiam,
2365 3030 2552 3087 quam
2576 3015 2705 3086 jam
2738 3015 3034 3087 dicemus,
3055 3019 3521 3091 opposuit.Nam
3544 3021 3619 3077 de

249 3101 392 3174 λόγῳ
414 3105 740 3174 χρησόμενος
769 3108 887 3155 τίνα
934 3106 1024 3175 μὲν
1072 3106 1140 3155 τὰ
1190 3099 1475 3175 ἰδιώματα,
1528 3106 1647 3155 τίνα
1687 3099 1745 3154 δὲ
1793 3103 1859 3153 τὰ

1987 3103 2355 3159 diomatibus
2379 3110 2436 3160 et
2463 3104 2538 3159 de
2560 3103 2834 3177 gloriosis
2877 3105 3119 3163 dotibus
3157 3107 3496 3181 disputans,
3537 3114 3621 3168 at-

244 3190 546 3264 αὖχήματα
577 3186 925 3267 διετράνωσε·
958 3194 1023 3245 τὰ
1065 3194 1156 3265 μὲν
1204 3187 1292 3243 οὖν
1346 3188 1613 3263 ἰδιώματα
1653 3193 1858 3262 φύσεως

1983 3209 2083 3266 lue
2115 3198 2433 3265 utramque
2456 3208 2583 3249 rem
2612 3199 2891 3252 accurate
2923 3195 3621 3272 distinguens,quaanam

241 3278 392 3349 εἶναι,
426 3288 529 3332 τῶν
559 3279 980 3354 ὁμολογουμένων
1012 3279 1229 3335 ἐτίθετο.
1268 3284 1368 3334 Καὶ
1414 3288 1540 3353 γοῦν
1589 3287 1685 3342 τῆς
1717 3281 1859 3341 θείας

1983 3282 2087 3338 sint
2107 3281 2707 3355 idiomata,quaenam
2727 3284 2871 3340 item
2894 3285 3172 3355 gloriosae
3194 3286 3621 3361 dotes,perspi-

241 3375 337 3424 καὶ
361 3374 629 3444 μακαρίας
660 3369 710 3422 ἐν
739 3377 802 3443 τῇ
840 3378 1140 3446 μοναρχικῇ
1174 3366 1368 3447 Τριάδι
1407 3372 1609 3443 φύσεως
1637 3366 1858 3443 ἰδιώμα-

1985 3386 2076 3427 :ue
2107 3372 2481 3428 enucleabat.
2508 3375 2574 3429 Et
2595 3372 2887 3430 idiomata
2929 3375 3175 3447 quidem
3214 3378 3460 3451 propria
3489 3394 3623 3436 esse

248 3478 316 3511 τοι
339 3463 395 3512 τὸ
420 3459 810 3534 ἀπερίγραπτον
841 3459 1001 3531 ἔλεγε,
1033 3463 1092 3512 τὸ
1123 3462 1395 3528 οἴκτιστον,
1422 3463 1482 3512 τὸ
1510 3461 1737 3516 αἰώνιον,
1770 3464 1859 3513 καὶ

1987 3465 2220 3527 laturas,
2249 3467 2418 3517 extra
2443 3460 2884 3519 dubitationem
2916 3465 3202 3536 ponebat.
3221 3470 3301 3522 Ac
3330 3467 3551 3524 divina).
3569 3473 3625 3526 et

246 3548 410 3601 τᾶλλα
440 3546 508 3607 δὴ
540 3552 610 3601 τὰ
637 3551 841 3609 τούτοις
866 3549 1167 3622 ὁμοστοιχα
1194 3567 1206 3579 ·
1241 3549 1537 3622 αὐχήματα
1567 3545 1626 3602 δὲ
1645 3552 1856 3615 ταύτης,

1987 3555 2181 3617 )eatte,
2215 3550 2275 3606 in
2307 3551 2697 3608 monarchica
2725 3552 3028 3624 Trinitate,
3060 3558 3291 3612 naturae
3333 3556 3625 3614 idiomata.

248 3646 357 3700 τοῖς
389 3636 846 3711 ἂπηριθμημένοις
880 3636 1138 3712 ἰδιώμασι
1176 3643 1531 3715 παρεπόμενα,
1563 3642 1619 3691 τὸ
1664 3657 1859 3691 παντο-

1987 3656 2102 3695 asse
2132 3639 2393 3708 dicebat,
2425 3644 2487 3696 ut
2526 3640 2762 3696 infinita
2807 3641 2903 3711 sit,
2934 3643 3218 3713 increata,
3255 3646 3625 3719 sempiterna

258 3723 505 3799 δυναμον,
536 3732 594 3780 τὸ
646 3728 922 3794 ζωοποιόν,
975 3731 1063 3780 καὶ
1111 3729 1211 3780 ὅσα
1252 3731 1448 3790 ταύτης
1495 3736 1591 3790 τῆς
1649 3727 1857 3789 τάξεως.

1987 3728 2224 3801 tliisque
2255 3729 2607 3798 hujusmodi
2632 3728 3100 3803 proprietatibus
3126 3733 3379 3805 praedita
3408 3754 3420 3791 :
3454 3736 3625 3792 dotes

260 3816 513 3870 Ἐντεῦθεν
540 3822 633 3870 καὶ
661 3825 968 3890 πφοσεπῆγε
990 3822 1084 3876 τὴν
1111 3824 1204 3871 τοῦ
1234 3821 1429 3891 Κυρίου
1456 3820 1626 3890 σάρκα
1646 3825 1746 3868 τῶν
1772 3819 1861 3888 μὲν

1984 3822 2174 3874 autem
2210 3817 2512 3888 gloriosas
2564 3818 2855 3890 praedicta
2900 3818 3195 3878 idiomata
3246 3826 3622 3893 comitantes,

262 3904 583 3976 αὐχημάτων
608 3908 814 3966 πάντως
833 3914 1118 3979 μετασχεῖν
1167 3914 1258 3959 τοῦ
1289 3905 1714 3981 προσλαϐομίνου
1740 3907 1864 3957 ταύ-

1990 3906 2498 3979 >mnipotentiam,
2529 3906 2878 3964 viviﬁcandi
2930 3909 3232 3977 virtutem,
3276 3917 3457 3985 atque
3508 3915 3628 3971 alia.

261 4011 359 4052 την
384 4003 686 4067 μονογενοῦς
717 4003 871 4063 Θεοῦ,
907 3996 996 4048 άτε
1025 4000 1115 4049 καὶ
1142 3996 1397 4057 ζωοποιόν
1428 4015 1483 4048 τε
1538 4000 1624 4047 καὶ
1680 4013 1864 4047 παντο-

1992 4000 2330 4052 )rnamenta
2357 3996 2677 4066 ejusmodi.
2697 3997 2920 4053 Deinde
2948 3998 3367 4071 concludebat,
3390 4004 3630 4060 Domini

262 4080 506 4157 δύναμον,
543 4085 603 4138 ού
629 4088 806 4159 μέντοι
832 4103 895 4156 γε
920 4093 1018 4137 τῶν
1065 4081 1365 4157 ἰδιωμάτων
1399 4094 1494 4147 τῆς
1536 4087 1676 4146 θείας
1707 4083 1864 4135 αύτού

1992 4101 2220 4142 :arnem
2242 4086 2494 4142 omnino
2523 4085 2841 4160 praeditam
2866 4087 3055 4144 fuisse
3083 4088 3361 4160 gloriosis
3387 4092 3630 4150 dotibus

253 4176 460 4247 φύσεως
489 4195 503 4209 ·
532 4173 659 4228 ούὸνε
687 4178 787 4248 γὰρ
816 4174 1204 4249 ἀπερίγραπτός
1227 4173 1389 4242 ἐστιν,
1438 4172 1563 4227 οὐδὲ
1592 4176 1863 4240 οἴκτιστος,

1996 4175 2163 4233 liviui
2206 4176 2505 4246 Unigeniti
2532 4192 2569 4233 a
2592 4192 2715 4251 quo
2747 4183 2839 4235 est
2861 4183 3201 4252 assumpta,
3234 4181 3448 4238 virtute
3481 4183 3634 4240 scili-

251 4259 363 4316 οὐδ’
358 4282 379 4315 ε
404 4264 637 4339 ἄχρονος
664 4259 758 4316 διὰ
785 4266 853 4315 τὰ
878 4263 1193 4336 αὐχήματα.
1231 4264 1454 4330 Οὗκούν,
1498 4262 1703 4337 ἐπείπερ
1748 4261 1866 4314 ἐκα-

1996 4269 2069 4323 :et
2095 4264 2441 4321 viviﬁcandi
2466 4272 2522 4321 et
2551 4266 3026 4340 omnipotentia;
3057 4283 3180 4326 non
3235 4273 3437 4327 tamen
3485 4271 3634 4328 divi-

253 4354 378 4424 τέρα
406 4360 511 4403 τῶν
542 4358 743 4422 φύσεων
774 4350 858 4404 ἐπὶ
881 4359 981 4403 τῶν
1004 4351 1203 4404 οἰκείων
1228 4348 1530 4423 ἰδιωμάτων
1559 4350 1870 4423 ἀσύγχυτος

1996 4372 2071 4411 we
2098 4360 2328 4411 naturae
2360 4354 2771 4413 idiomatibus.
2792 4359 2961 4425 Nam
2987 4357 3225 4414 etiamsi
3266 4359 3452 4418 habet
3504 4362 3634 4432 glo-

252 4443 441 4513 ἔμεινε,
468 4445 521 4493 τί
574 4444 635 4493 τὸ
670 4443 1089 4517 προσιστάμενον
1135 4440 1361 4494 ἐντεῦθεν
1396 4444 1453 4493 1'6
1502 4442 1679 4514 μεῖζον
1727 4443 1870 4516 παρά

1995 4444 2170 4500 'iosas
2201 4443 2391 4514 dotes,
2422 4460 2547 4500 non
2572 4444 2794 4501 idcirco
2829 4450 3030 4503 tamen
3060 4447 3293 4504 inﬁnita
3350 4454 3440 4506 est
3470 4466 3633 4523 caro,

254 4532 464 4591 τούτοις
495 4527 757 4604 ἐνθεωρείν
792 4551 804 4562 ·
837 4534 927 4582 καὶ
952 4537 1059 4591 τοῖς
1078 4539 1172 4592 τῆς
1205 4532 1342 4592 θείας
1369 4533 1569 4603 φύσεως
1603 4527 1869 4602 ἐδιώμασι

1997 4533 2390 4600 reiincreata,
2432 4533 2527 4589 vel
2577 4538 2715 4591 ante
2763 4538 3059 4609 tempora.
3117 4537 3299 4609 Igitur
3340 4539 3635 4612 quoniam

258 4620 320 4669 τὸ
347 4618 608 4690 ὑπερέχον
635 4615 928 4691 ἀπονέμειν,
958 4625 1020 4691 τῇ
1053 4621 1181 4691 πρὸς
1211 4620 1307 4680 τὰς
1330 4627 1392 4677 τῆ
1403 4639 1425 4681 ς
1455 4637 1645 4693 σαρκος
1670 4615 1873 4676 ἰδιότη-

2000 4628 2237 4694 1traque
2268 4627 2485 4679 natura
2512 4623 2572 4679 in
2603 4623 2864 4697 propriis
2892 4624 3284 4682 idiomatibus
3315 4626 3638 4686 inconfusa

258 4725 353 4769 τας
379 4708 589 4782 παραθέ
614 4726 659 4760 ει
688 4706 950 4779 ἑπόμενον.

2003 4716 2224 4777 nanet;
2257 4710 2400 4767 hinc
2429 4727 2814 4784 cognoscere,
2836 4713 3200 4787 inquit,licet
3218 4730 3491 4788 quonam
3509 4733 3641 4791 per-

1980 4801 2169 4857 tineat
2196 4799 2343 4856 illud
2373 4800 2706 4874 epithetum
2727 4804 2945 4869 maior,
2961 4803 3035 4860 de
3063 4820 3188 4877 quo
3215 4820 3377 4862 nunc
3403 4811 3642 4863 contro-

1981 4890 2184 4946 versia
2213 4892 2279 4946 tit
2304 4906 2317 4945 :
2349 4894 2706 4964 oportetque
2736 4891 2955 4948 divinae
2986 4897 3219 4950 naturae
3250 4893 3642 4955 idiomatibus

1984 4979 2245 5051 gradum
2322 4979 2734 5036 sublimiorem
2792 4981 3135 5047 attribuere,
3168 4988 3644 5041 consentaneum

1983 5069 2422 5142 comparationi
2451 5086 2590 5126 cum
2623 5071 2821 5128 carnis
2838 5071 3326 5144 proprietatibus.

327 5153 400 5227 μ’.
433 5160 616 5206 Ταῦτα
643 5156 734 5227 μὲν
764 5153 853 5206 οὖν
880 5161 973 5207 τοῦ
1000 5153 1287 5228 βασιλικοῦ
1316 5159 1451 5223 νοὸς,
1486 5156 1514 5215 ἣ
1568 5155 1758 5229 μᾶλλον
1790 5156 1869 5208 εἰ-

2054 5162 2142 5215 40.
2180 5161 2275 5214 Ηω
2305 5158 2486 5228 igitur
2509 5160 2730 5230 regalis
2769 5161 3006 5228 mentis,
3048 5160 3144 5217 vel
3185 5161 3386 5233 potius
3432 5162 3647 5221 huma-

251 5252 394 5314 πεῖν,
426 5251 523 5296 τοῦ
555 5250 657 5295 τῶν
705 5242 1039 5318 ἀνθρωπίνων
1081 5249 1208 5297 νὸων
1263 5243 1521 5317 βασιλέως
1563 5249 1873 5319 πορίσματα

2012 5263 2202 5305 tarum
2233 5247 2526 5305 mentium
2574 5250 2753 5320 regis,
2786 5249 3230 5323 propositiones
3274 5255 3457 5325 atque
3505 5269 3650 5311 con-

250 5340 347 5386 καὶ
373 5336 698 5405 γεννήματα)
731 5337 821 5385 καὶ
859 5340 955 5394 τῆς
998 5335 1337 5407 ὑπερκρύσου
1385 5334 1623 5405 γλώττης
1674 5334 1874 5405 ﬂuxi”

2003 5335 2284 5392 :lusiones
2309 5343 2497 5407 erant,
2523 5336 2867 5411 linguaeque
2897 5353 3096 5394 aureae
3150 5336 3425 5396 dulciora
3463 5339 3641 5397 melle

258 5421 466 5495 μέλιτος
498 5420 898 5495 ἀπαγγέλματα.
938 5422 1080 5477 Ἐπεὶ
1114 5419 1174 5475 δὲ
1203 5422 1391 5484 πολλάς
1431 5426 1523 5495 μὲν
1569 5428 1753 5485 νύκτας
1786 5423 1873 5476 ἀύ-

2014 5425 2183 5482 είῖειιίι.
2240 5426 2573 5500 Postquam
2631 5432 2833 5483 autem
2882 5427 3224 5501 complures
3286 5434 3494 5487 noctes
3558 5430 3652 5485 in-

259 5530 439 5582 πνους,
490 5510 686 5574 πολλὰς
733 5507 784 5564 δ’
834 5513 1033 5586 ἡμέρας
1077 5509 1420 5588 ἓμφρὸντιδας
1481 5513 1750 5582 ἐξετελεσε,
1782 5518 1874 5567 καὶ

2011 5530 2229 5572 omnes
2254 5515 2596 5589 multosque
2627 5516 2754 5572 dies
2786 5516 2851 5573 in
2879 5517 3100 5575 harum
3141 5534 3348 5576 rerum
3396 5518 3649 5576 medita-

260 5596 378 5656 δέον
403 5604 576 5679 ἔκρινε
602 5603 664 5654 τὸ
695 5597 902 5664 εὐσεϐὲς
949 5596 1378 5677 διατρανωθῆναι
1423 5610 1516 5664 τῆς
1555 5601 1875 5675 ἐξηγησεως,

2011 5605 2147 5662 ioue
2166 5609 2563 5683 consumpsit,
2576 5606 2934 5667 existimans
2956 5608 3645 5682 oportereorthodoxam

513 5711 767 5773 Punica.
808 5708 909 5772 Gn,
951 5708 1103 5773 CXL.

3192 5720 3227 5773 8
