4148 6384
558 267 664 321 235

561 386 708 445 dicti
738 381 1066 455 evangelici
1093 380 1646 455 interpretationem
1680 381 1757 439 ad
1786 378 2086 456 liquidum
2115 381 2216 439 de-

561 476 740 544 duci;
766 490 841 531 ne
871 473 952 530 ob
972 476 1025 544 ej
1036 488 1103 528 us
1125 471 1584 543 ambiguitatem
1613 472 1799 529 corda
1815 472 2215 530 inﬁrmiorum

556 563 1096 640 perturbarentur:
1149 561 1229 618 ad
1285 565 1625 618 extremum
1672 561 2086 618 sanctissimos
2110 577 2215 634 pa-

556 653 852 713 triarchas
882 666 1242 725 sacramque
1259 653 1317 707 et
1334 650 1605 709 divinam
1631 651 2017 721 congregavit
2037 666 2216 723 syno-

557 743 730 814 dum,
763 741 845 800 ad
877 756 1066 815 quam
1121 744 1428 797 senatores
1478 755 1724 812 quoque
1780 744 2210 805 convenerunt,

557 829 960 907 praesentibus
991 829 1172 886 etiam
1197 828 1738 885 illustrissimorum
1766 829 2042 885 omnium
2085 845 2211 885 mo-

556 920 964 978 nasteriorum
992 918 1340 975 abbatibus.
1371 920 1438 974 Et
1466 918 1660 974 Caesar
1701 918 1948 990 quidem
1990 918 2212 974 reside-

555 1010 665 1067 bat
686 1010 749 1066 in
768 1009 937 1080 regio
964 1008 1200 1079 throno,
1233 1007 1338 1079 qui
1367 1013 1454 1063 est
1482 1008 1544 1063 in
1575 1007 1849 1063 conclavi
1888 1023 2056 1063 mare
2087 1023 2213 1063 ver-

555 1114 662 1155 sus
694 1098 904 1168 magni
928 1095 1136 1170 palatii
1162 1112 1356 1169 nuper
1385 1095 1465 1151 ab
1495 1095 1627 1168 ipso
1649 1099 1886 1154 Caesare
1905 1096 2210 1165 exstructi,

556 1187 727 1262 quod
749 1185 1107 1244 occidentali
1136 1184 1305 1240 urbis
1335 1200 1514 1242 muro
1557 1186 1853 1254 imminet,
1905 1185 2212 1258 habetque

552 1276 618 1334 id
645 1276 934 1334 conclave
964 1277 1045 1331 ad
1071 1274 1206 1346 ipso
1230 1273 1496 1331 Manuele
1516 1290 1743 1331 nomen
1769 1291 1782 1328 :
1823 1292 1949 1347 quo
1973 1277 2034 1331 in
2076 1275 2212 1331 loco

553 1364 1027 1424 innumerabiles
1083 1364 1466 1436 imperatoris
1516 1364 1799 1421 victorias
1847 1365 2016 1421 brevi
2060 1380 2211 1437 gyro

553 1455 1032 1528 comprehensas
1061 1468 1160 1509 ars
1189 1452 1465 1525 pictoria,
1506 1454 1704 1509 aureis
1756 1454 1978 1527 lapillis
2008 1455 2211 1511 varios

548 1547 911 1603 interserens
937 1542 1192 1606 colores,
1221 1546 1401 1615 prout
1443 1541 1571 1597 ﬁeri
1614 1544 1833 1616 potuit,
1872 1543 2206 1616 descripsit.

548 1633 649 1691 Hic
671 1633 782 1689 fuit
810 1632 1147 1689 consistorii
1170 1631 1377 1700 locus;
1405 1630 1611 1705 ibique
1640 1631 1890 1690 deﬁnita
1911 1640 2050 1690 sunt
2074 1648 2208 1707 quas

1898 256 2173 316 NICETE
2215 257 2585 322 ΟΗΟΝΙΛΤΕ

3812 266 3931 323 236

2328 385 2412 439 ἶνα
2439 393 2511 460 μὴ
2544 396 2616 460 τῷ
2647 385 2828 460 ἀδήλῳ
2864 389 3064 450 ταύτης
3092 388 3149 441 αἱ
3175 394 3275 439 τῶν
3305 386 3676 461 ἀπαγεστέρων
3704 386 3936 464 καρδίαι

2325 472 2756 553 διαταράττοιντο
2780 500 2792 513 ·
2823 477 2967 540 τέλος
2995 482 3113 538 τοὺς
3142 476 3460 549 ἁγιωτάτους
3483 481 3818 553 πατριάρχας
3835 484 3932 532 καὶ

2322 570 2417 623 τὴν
2446 570 2583 639 ἱερὰν
2613 572 2703 621 καὶ
2735 569 2876 622 θείαν
2902 569 3217 640 συνήθροισε
3247 561 3467 619 σύνοδον
3495 583 3510 596 ·
3555 564 3660 619 ἀλλ’
3711 565 3836 622 add“:
3878 571 3934 622 οἱ

2321 662 2417 718 τῆς
2449 656 2743 729 συγκλήτου
2774 655 2974 731 βουλῆς
3003 654 3336 710 ἀπελείποντο
3362 677 3375 689 ·
3406 663 3654 729 παρῆσαν
3685 652 3743 710 δὲ
3763 661 3855 710 καὶ
3877 659 3934 710 oi

2319 752 2420 796 τῶν
2451 744 2851 819 ἐπισημοτάτων
2877 753 3061 799 πασῶν
3089 753 3255 817 μονῶν
3271 746 3655 818 καθηγούμενοι
3678 762 3692 778 ·
3723 749 3931 800 καὶτὸν

2319 836 2412 907 μεν
2441 836 2468 887 ὀ
2499 834 2779 908 βασιλικὸς
2809 833 2924 907 εἶχε
2949 838 3123 910 θρόνος
3161 833 3212 887 ἓν
3242 841 3315 905 τῷ
3352 837 3486 910 πρὸς
3516 834 3770 888 θάλατταν
3801 837 3931 889 ὑπε-

2320 928 2438 998 ρῴῳ
2462 933 2554 977 τοῦ
2584 924 2632 977 ἰν
2663 932 2737 997 τῷ
2766 926 2974 998 μεγάλῳ
2997 925 3233 995 παλαι-ίῳ
3254 926 3651 998 νεουργηθίντος
3680 928 3828 978 οῖκου
3850 932 3930 996 τῷ

2322 1011 2535 1085 βασιλεῖ
2564 1023 2653 1068 τοῦ
2685 1011 3034 1090 δυτικωτίρου
3058 1019 3271 1086 τείχους
3292 1013 3590 1089 ἐφύπερθεν,
3624 1021 3930 1088 φερώνυμον

2319 1108 2408 1162 τὴν
2438 1103 2627 1164 κλῆσιν
2656 1105 2714 1159 ἐκ
2742 1116 2839 1168 τῆς
2868 1114 2959 1160 τοῦ
2992 1105 3240 1165 Μανουὴλ
3267 1110 3611 1181 προσρήσεως
3640 1109 3889 1181 φέροντος
3909 1120 3926 1137 ·

2319 1194 2369 1246 ἓν
2470 1199 2560 1247 καὶ
2584 1204 2686 1247 τῶν
2734 1192 3149 1268 δυσαριθμήτων
3186 1196 3602 1269 κατορθωμάτων
3632 1203 3725 1248 τοῦ
3769 1194 3933 1249 αὐτο·

2318 1285 2572 1359 κράτορος
2602 1283 2799 1360 βραχέ’
2824 1287 2959 1337 ἄττα
2983 1283 3362 1358 παραλαϐοῦσα
3386 1286 3417 1342 ἠ
3452 1284 3729 1360 ζωγράφος
3755 1288 3928 1357 τέχνη

2318 1372 2377 1425 ἔκ
2405 1376 2762 1447 καταχρύσων
2802 1370 3049 1446 ψηφίδων
3081 1373 3479 1448 ποικιλοχρόοις
3522 1373 3714 1448 ἑτέραις
3751 1372 3933 1427 ἆπιιιι-

2315 1467 2600 1535 γνυμένων,
2632 1466 2702 1526 ὡς
2731 1462 2892 1536 εἶχεν,
2921 1460 3304 1538 ἕνδιεγράψατο
3328 1484 3341 1497 ·
3375 1462 3599 1516 ἐνταῦθα
3640 1465 3730 1535 μεν
3761 1460 3835 1521 δὴ
3864 1467 3934 1516 τὰ

2316 1559 2413 1613 τῆς
2440 1552 2781 1615 συνελεύσεως
2806 1569 2816 1580 ⁴
2852 1561 3130 1626 κυροῦνται
3160 1549 3220 1605 δέ
3248 1554 3315 1606 τὰ
3361 1554 3768 1625 ὑποτεταγμένα,
3799 1554 3931 1626 ὀμο-

2316 1644 2759 1714 γνωμονησάντων
2788 1641 3045 1712 ἀλλήλοις,
3077 1651 3175 1695 τῶν
3215 1661 3270 1695 τε
3318 1641 3621 1713 ἁγιωτάτων
3666 1662 3930 1717 πατριαρ-

547 1723 707 1782 infra
735 1738 1056 1797 ponemus,
1084 1722 1597 1779 consentientibus
1624 1722 1778 1780 inter
1805 1739 1870 1781 se
1902 1724 2198 1780 sanctissi-

2316 1739 2451 1803 χῶν,
2480 1739 2580 1783 τῶν
2614 1733 2899 1803 ἱερωτάτων
2941 1730 3246 1807 ἀρχιερέων,
3278 1739 3371 1784 τοῦ
3423 1734 3684 1805 ἱερατικοῦ
3731 1731 3929 1784 λοιποῦ

546 1815 668 1871 mis
692 1811 1074 1888 patriarchis,
1119 1810 1669 1886 sacratissimisque
1714 1812 2203 1886 archiepiscopis,

546 1903 905 1977 reliquoque
934 1899 1300 1958 sacerdotali
1326 1905 1503 1970 coetu,
1550 1906 1609 1959 et
1654 1903 2035 1960 senatoribus
2079 1903 2202 1961 uni-

546 1993 778 2060 versis;
811 1991 898 2048 sic
951 1990 1191 2048 favente
1238 1993 1408 2065 pacis
1456 1992 1598 2060 Deo,
1655 2006 1894 2048 necnon
1944 1991 2208 2063 religiosi

548 2082 743 2141 nostri
771 2097 808 2139 a
838 2082 958 2139 Deo
989 2080 1262 2139 coronati
1289 2080 1674 2155 imperatoris
1701 2080 1845 2137 zelo.
1876 2080 1957 2137 De
1984 2081 2078 2137 his
2100 2096 2205 2137 au-

548 2175 674 2230 tem
698 2174 897 2229 tomus
927 2186 1174 2245 quoque
1202 2170 1579 2244 conscriptus
1608 2170 1736 2242 fuit,
1770 2170 1831 2227 in
1861 2186 1985 2244 quo
2017 2169 2097 2227 ad
2119 2169 2208 2227 lit-

546 2265 741 2322 teram
763 2261 1077 2337 sequentia
1104 2261 1504 2320 continentur.

1220 2459 1426 2517 ACTIO
1471 2459 1537 2513 11.

549 2601 775 2661 Mensis
811 2601 1027 2660 Martii
1059 2600 1156 2659 die
1196 2602 1483 2667 secunda,
1533 2601 1879 2659 indictionis
1931 2603 2083 2660 XIV
2112 2604 2209 2662 die

1250 2697 1494 2765 quarta.

621 2803 673 2857 t.
704 2798 1061 2858 Praesidente
1119 2815 1157 2856 a
1214 2800 1336 2856 Deo
1389 2802 1677 2856 coronato
1742 2803 1950 2856 sancto
1999 2804 2204 2858 nostro

542 2906 683 2964 rege
703 2893 761 2949 et
787 2890 1150 2965 imperatore
1178 2888 1431 2947 domino
1475 2889 1747 2947 Manuelo
1778 2890 2107 2963 Comneno,
2138 2892 2200 2948 in

543 2980 778 3055 tropico
808 2979 1082 3037 conclavi
1111 2977 1426 3036 meridiem
1456 2995 1689 3046 versus,
1719 2995 1941 3052 nempe
1989 2981 2048 3036 in
2081 2997 2205 3039 ma-

546 3071 650 3143 gni
675 3068 885 3144 palatii
917 3067 1577 3142 porphyromanuelico
1604 3068 1857 3126 triclinio
1891 3088 1906 3140 ;
1963 3071 2204 3127 astanti-

543 3160 664 3217 bus
690 3162 913 3217 sanctaa
958 3155 1263 3228 majestati
1309 3157 1460 3228 ejus,
1493 3157 1862 3215 amabilibus
1891 3160 2200 3217 consobri-

542 3249 661 3312 nis,
692 3245 831 3303 ﬁliis
858 3245 1067 3319 inclyti
1124 3244 1624 3304 sebastocratoris
1677 3247 1913 3305 domini
1968 3250 2202 3306 Andro-

542 3334 914 3406 nici,scilicet
942 3333 1365 3408 protosebasto
1390 3340 1448 3393 et
1474 3338 1930 3410 protovestiario
1962 3337 2202 3394 domino

543 3426 781 3483 Joanne
806 3423 1138 3492 Comneno,
1171 3422 1421 3497 ejusque
1464 3423 1645 3483 fratre
1695 3425 1947 3483 domino
1996 3426 2202 3484 Alexio

545 3518 889 3583 Comneno;
919 3511 1166 3571 amabili
1196 3514 1562 3573 consobrino
1592 3515 1853 3589 potentis
1886 3517 2201 3590 sanctique

540 3604 731 3663 nostri
758 3604 941 3676 regis,
992 3601 1241 3660 domino
1293 3603 1639 3661 Andronico
1700 3608 2030 3676 Comneno,
2078 3607 2201 3665 ﬁlio

540 3691 904 3769 pansebasti
934 3691 1248 3749 celsissimi
1290 3692 1524 3751 domini
1565 3693 1862 3750 Theodori
1904 3697 2197 3763 Batatzaa;

538 3784 721 3841 fratre
742 3782 873 3856 ejus
900 3786 957 3839 et
985 3782 1234 3839 amabili
1264 3782 1637 3841 consobrino
1672 3783 1933 3856 potentis
1977 3786 2198 3841 sancti-

540 3889 659 3947 que
690 3871 879 3931 nostri
897 3872 1058 3943 regis
1083 3871 1336 3930 domino
1356 3871 1560 3930 Alexio
1593 3874 1925 3944 Comneno,
1950 3875 2195 3933 amabili

533 3961 808 4038 patruele
828 3961 1089 4036 potentis
1123 3961 1440 4035 sanctique
1485 3960 1670 4019 nostri
1713 3963 1893 4033 regis,
1938 3970 2083 4021 nato
2124 3981 2198 4021 ex

535 4052 787 4110 amabili
832 4054 1051 4124 patruo
1094 4051 1354 4125 potentis
1403 4051 1717 4125 sanctique
1773 4053 1963 4109 nostri
2015 4055 2193 4124 regis,

533 4140 912 4216 pansebasto
943 4138 1278 4197 celsissimo
1336 4138 1588 4197 domino
1643 4141 2033 4198 Constantino
2078 4148 2195 4198 An-

535 4228 691 4307 gelo,
725 4228 996 4297 domino,
1029 4229 1305 4303 inquam,
1327 4231 1556 4286 Joanne
1587 4231 1790 4297 Duca;
1823 4228 2005 4287 fratre
2035 4232 2194 4301 ejus-

531 4320 698 4390 dem,
730 4319 976 4377 amabili
1005 4323 1225 4392 nepote
1246 4319 1508 4394 potentis
1561 4324 1619 4376 et
1647 4320 1839 4376 sancti
1883 4321 2071 4377 nostri
2102 4336 2194 4377 re-

531 4410 648 4481 gis,
681 4409 934 4468 domino
963 4409 1311 4468 Andronico
1341 4412 1542 4479 Duca;
1576 4424 1800 4479 genero
1848 4409 2108 4481 potentis
2138 4415 2196 4466 et

2315 1819 2632 1892 καταλόγου,
2657 1825 2747 1874 καὶ
2777 1821 3086 1894 ξυμπάντων
3112 1830 3211 1873 τῶν
3240 1829 3335 1883 τῆς
3361 1820 3717 1892 συγκλητικῆς
3736 1840 3929 1896 γερου-

2320 1915 2461 1981 σίας,
2492 1907 2709 1983 εὐδοκία
2733 1918 2823 1964 τοῦ
2849 1920 2940 1973 τῆς
2969 1912 3176 1984 εἰρήνης
3206 1917 3338 1964 Θεοῦ
3383 1914 3473 1963 καὶ
3499 1906 3743 1983 διαπύρῳ
3773 1911 3928 1984 ζήλῳ

2315 2008 2408 2053 τοῦ
2440 1999 2679 2062 εὐσεϐοῦς
2709 2002 2854 2075 ἡμῶν
2884 2006 2974 2054 καὶ
3008 2002 3310 2073 θεοστεφοῦς
3359 2000 3743 2076 αὐτοκράτορος
3764 2018 3778 2030 ⁸
3834 2000 3928 2054 ἐπὶ

2318 2086 2387 2149 δὴ
2420 2093 2626 2153 τούτοις
2653 2095 2743 2144 καὶ
2766 2095 2923 2164 τόμος
2953 2089 3230 2159 ἐκτίθεται,
3262 2086 3392 2144 τάδε
3438 2092 3574 2142 κατὰ
3617 2091 3765 2168 ῥῆμα
3811 2086 3905 2146 διε

2316 2178 2458 2243 ξιὼν.

2943 2470 3178 2521 ΠΡΑΞΙΣ
3218 2465 3286 2521 Β’.

2314 2613 2455 2667 Μηνὶ
2484 2613 2705 2685 Μαρτίῳ
2733 2605 2970 2683 δευτέρα,
2998 2610 3169 2685 ἡμέρᾳ
3210 2611 3429 2684 τετάρτῃ
3468 2603 3795 2672 ἰνδικτιῶνος
3825 2605 3923 2666 ιδ’.

2385 2805 2452 2864 α’.
2481 2806 2884 2880 Προκαθημίνου
2917 2813 3008 2858 τοῦ
3041 2806 3353 2860 θεοστίπτου
3385 2805 3535 2877 ἁγίου
3562 2809 3710 2879 ἤμων
3755 2805 3915 2880 βασι-

2311 2893 2432 2955 λέως
2460 2898 2550 2948 καὶ
2572 2894 2948 2969 αὐτοκράτορος
2978 2903 3138 2969 κυροῦ
3168 2895 3416 2953 Μανουήλ
3437 2904 3525 2948 τοῦ
3551 2902 3842 2968 Κομνηνοῦ,
3864 2896 3918 2949 ἑν

2310 2992 2373 3057 τῇ
2408 2986 2618 3058 ὑπερῲᾳ
2641 2992 2862 3060 τροπικῇ
2895 2992 2955 3057 τῇ
2989 2989 3116 3057 πρὸς
3145 2984 3476 3058 μεσημϐρίαν
3501 2992 3591 3037 τοῦ
3623 2984 3672 3037 ἄν
3717 2994 3789 3056 τῷ
3827 3007 3923 3059 με-

2311 3072 2453 3146 γάλῳ
2470 3072 2705 3145 παλατίῳ
2731 3072 3332 3147 πορφυρομανουηλάτου
3354 3073 3637 3147 τρικλίνου,
3655 3094 3759 3149 παρ
3769 3094 3924 3128 ιστα-

2313 3165 2474 3234 μένων
2504 3170 2566 3235 τῇ
2601 3162 2729 3236 ἁγίᾳ
2760 3160 3009 3236 βασιλείᾳ
3052 3162 3213 3216 αὐτοῦ
3242 3171 3341 3216 τῶν
3389 3165 3748 3238 περιποθήτων
3801 3164 3921 3219 ἁνε-

2312 3250 2446 3323 ψιῶν
2478 3251 2638 3304 αὐτοῦ
2667 3256 2757 3304 καὶ
2777 3254 2900 3304 υἱῶν
2930 3259 3021 3303 τοῦ
3044 3248 3294 3325 ἀοιδίμου
3321 3250 3798 3326 σεϐαστοκράτορος
3827 3272 3921 3306 κυ-

2311 3347 2407 3416 ροῦ
2434 3337 2793 3415 ’Δνδρονίκου,
2825 3349 2917 3394 τοῦ
2946 3339 3385 3416 πρωτοσεϐαστοῦ
3411 3347 3501 3395 καὶ
3531 3341 3923 3416 πρωτοϐεστια-

2310 3434 2428 3504 ρίου
2455 3437 2618 3505 κυροῦ
2648 3430 2884 3483 Ἰωάννου
2912 3438 3006 3483 τοῦ
3038 3437 3327 3503 Κομνηνου,
3362 3436 3566 3485 καὶτοῦ
3587 3428 3920 3504 αὐταδίλφου

2312 3517 2471 3571 αὐτοῦ
2503 3525 2665 3593 κυροῦ
2696 3517 2925 3582 Ἀλεξίου
2950 3527 3042 3572 τοῦ
3076 3526 3345 3593 Κομνηνοῦ
3375 3541 3387 3555 ο
3435 3528 3529 3574 τοῦ
3558 3523 3917 3595 περιποθήτου

2313 3603 2525 3678 ἀνεψιοῦ
2556 3615 2649 3660 τοῦ
2674 3616 2927 3681 κραταιοῦ
2958 3612 3049 3662 καὶ
3078 3608 3232 3681 ἁγίου
3261 3611 3407 3681 ἡμῶν
3439 3608 3720 3683 βασιλέως,
3748 3618 3913 3684 κυροῦ

2321 3693 2642 3771 Δνὸρονίκου
2670 3706 2760 3749 νοῦ
2795 3704 3062 3770 Κομνηνου
3093 3706 3184 3751 τοῦ
3230 3701 3346 3752 υἱοῦ
3390 3708 3484 3752 τοῦ
3522 3699 3887 3754 πανσεϐαστοῦ

2308 3788 2563 3860 περτάτου
2589 3795 2751 3862 κυροῦ
2793 3784 3073 3863 Θεοδώρου
3115 3796 3205 3841 τοῦ
3249 3791 3518 3853 Βατάτζου
3554 3811 3566 3823 ο
3612 3797 3705 3842 τοῦ
3752 3788 3920 3843 αὐτα-

2310 3871 2497 3950 δέλφου
2522 3877 2682 3930 αὐτοῦ
2707 3882 2797 3931 καὶ
2817 3881 3170 3950 περιποθήτου
3199 3877 3413 3950 ἀνεψιοῦ
3434 3886 3527 3931 τοῦ
3552 3887 3801 3952 κραταιοῦ
3822 3886 3921 3933 καὶ

2306 3964 2457 4038 ἁγίου
2485 3968 2513 4024 ἠ
2522 3975 2629 4039 μῶν
2657 3966 2938 4040 βασιλέως,
2965 3974 3127 4040 κυροῦ
3179 3967 3411 4033 Ἀλεξίου
3451 3976 3543 4021 τοῦ
3600 3974 3873 4041 Κομνηνοῦ
3899 3990 3915 4003 ·

2304 4063 2398 4107 τοῦ
2419 4058 2771 4129 περιποθήτου
2789 4054 3069 4129 ἐξαδίλφου
3090 4065 3188 4109 τοῦ
3203 4065 3456 4132 κραταιοῦ
3476 4062 3569 4110 καὶ
3590 4057 3741 4128 ἁγίου
3765 4059 3917 4131 ἡμῶν

2306 4143 2583 4219 βασιλέως,
2613 4154 2708 4199 τοῦ
2733 4148 2849 4199 υἱοῦ
2879 4155 2970 4200 τοῦ
2991 4150 3345 4222 περιποθήτου
3370 4150 3508 4202 θείου
3534 4156 3625 4200 τοῦ
3655 4156 3915 4221 κραταιοῦ

2303 4239 2394 4286 καὶ
2422 4234 2574 4305 ἁγίου
2620 4237 2767 4308 ἡμῶν
2823 4235 3105 4309 βασιλέως,
3142 4245 3233 4291 τοῦ
3280 4238 3913 4314 πανσεϐαστοῦπερτάτου

2301 4331 2466 4397 κυροῦ
2501 4331 2883 4379 Κωνσταντίνου
2913 4334 3006 4379 τοῦ
3055 4327 3323 4399 ’Δγγίλου,
3355 4336 3516 4404 κυροῦ
3550 4328 3787 4381 Ἰωάννου
3817 4337 3914 4381 τοῦ

2302 4414 2475 4465 Δοῦκα
2507 4435 2519 4446 ·
2548 4422 2640 4466 τοῦ
2676 4413 3002 4488 αὐταὸίλφου
3035 4417 3217 4485 αὐτοῦ,
3265 4425 3357 4470 τοῦ
3402 4419 3757 4491 περιποθήτου
3791 4416 3908 4480 ἐξα-

531 4499 724 4556 sancti
742 4499 932 4557 nostri
962 4499 1121 4571 regis
1148 4498 1389 4556 sebasto
1417 4498 1669 4555 domino
1710 4500 1938 4554 Joanne
1983 4500 2190 4555 Canta-

2308 4499 2492 4575 δελφου
2524 4512 2615 4556 τοῦ
2645 4513 2899 4581 κραταιοῦ
2930 4510 3019 4558 καὶ
3051 4506 3206 4578 ἁγίου
3258 4508 3404 4580 ἡμῶν
3437 4505 3712 4580 βασιλέως,
3744 4514 3911 4581 κυροῦ

529 4605 787 4661 cuzeno;
820 4605 1044 4662 genero
1071 4588 1334 4663 potentis
1356 4592 1413 4645 et
1436 4588 1629 4645 sancti
1675 4587 1864 4643 nostri
1891 4589 2049 4657 regis
2075 4589 2188 4645 do-

525 4678 694 4736 mino
721 4679 1113 4738 Constantino
1144 4681 1345 4746 Duca;
1376 4678 1617 4734 sebasto
1648 4676 1899 4733 domino
1936 4677 2187 4735 Gudelio

522 4768 854 4827 Tzicandile
883 4789 896 4840 ;
930 4768 1172 4826 sebasto
1201 4772 1258 4824 et
1285 4782 1512 4837 magno
1542 4766 1942 4824 hetaeriarcha
1987 4768 2186 4824 domi-

520 4874 603 4917 no
635 4860 882 4934 Georgio
929 4857 1305 4929 Palaeologo;
1367 4856 1607 4914 sebasto
1646 4856 1900 4913 domino
1955 4860 2184 4915 Joanne

518 4949 684 5007 Duca
711 4969 725 5019 ;
759 4948 1003 5007 sebasto
1029 4951 1085 5004 et
1132 4946 1465 5004 domestico
1520 4945 1802 5003 vestiario
1832 4948 2097 5019 potentis
2126 4952 2184 5003 et

518 5039 713 5096 sancti
768 5038 961 5095 nostri
1002 5036 1161 5109 regis
1220 5035 1469 5092 domino
1531 5035 1739 5092 Alexio
1793 5037 2175 5111 Petralipha;

514 5128 758 5185 sebasto
788 5132 847 5185 et
891 5126 1229 5184 domestico
1292 5125 1575 5184 vestiario
1597 5127 1857 5201 potentis
1897 5133 1954 5184 et
1985 5128 2177 5183 sancti

508 5216 700 5272 nostri
720 5216 876 5287 regis
906 5215 1136 5271 domno
1169 5214 1394 5271 Isaacio
1426 5217 1622 5285 Duca;
1672 5214 1911 5272 sebasto
1969 5222 2024 5272 et
2070 5215 2161 5271 dor

508 5303 765 5361 mestico
816 5303 1101 5361 vestiario
1133 5304 1395 5377 potentis
1440 5310 1496 5361 et
1549 5305 1743 5362 sancti
1781 5306 1970 5363 nostri
2015 5305 2174 5373 regis

506 5392 758 5451 domino
816 5393 1017 5450 Alexio
1076 5394 1377 5465 Rogerio;
1436 5394 1677 5451 sebasto
1730 5401 1786 5451 et
1840 5394 2171 5450 domestico

505 5482 787 5541 vestiario
816 5484 1077 5557 potentis
1120 5490 1176 5542 et
1207 5484 1400 5542 sancti
1438 5485 1628 5541 nostri
1675 5485 1837 5555 regis
1887 5491 1943 5540 et
1999 5484 2085 5539 ch.
2118 5499 2169 5538 r-

509 5571 726 5633 tulario
790 5574 1040 5634 domino
1100 5574 1449 5634 Andronico
1511 5574 1908 5643 Lombardo;
1964 5579 2170 5650 proto-

2302 4588 2640 4667 ’Δνδρονίκου
2667 4601 2759 4646 τοῦ
2786 4598 2957 4647 Δούκα
2979 4612 2991 4625 ·
3023 4601 3116 4647 τοῦ
3144 4594 3385 4669 γαμϐρου
3419 4604 3510 4649 τοῦ
3539 4603 3791 4670 κραταιοῦ
3815 4602 3913 4649 καὶ

2298 4681 2452 4753 ἁγίου
2484 4684 2513 4740 ἡ
2521 4692 2629 4755 μῶν
2662 4682 2945 4756 βασιλέως,
2969 4693 3061 4737 τοῦ
3079 4683 3341 4738 σεϐαστοῦ
3364 4693 3528 4761 κυροῦ
3553 4687 3790 4740 Ἰωάννου
3812 4696 3911 4739 τοῦ

2298 4773 2737 4834 Καντακουζηνοῦ
2771 4791 2783 4803 ⁶
2820 4783 2913 4825 τοῦ
2941 4774 3184 4847 γαμϐροῦ
3213 4784 3306 4827 τοῦ
3337 4783 3589 4849 κραταιοῦ
3635 4782 3725 4829 καὶ
3752 4776 3908 4848 ἁγίου

2293 4862 2438 4933 ἡμῶν
2472 4859 2754 4934 βασιλέως,
2784 4871 2946 4937 κυροῦ
2990 4869 3377 4917 Κωνσταντίνου
3412 4872 3506 4917 τοῦ
3554 4868 3725 4917 Δούκα
3751 4883 3763 4894 ·
3810 4874 3909 4919 τοῦ

2294 4949 2554 5003 σεϐαστοῦ
2581 4960 2743 5026 κυροῦ
2771 4949 3048 5006 Γουδελίου
3093 4962 3185 5006 τοῦ
3231 4951 3553 5016 Τζικανδίλη
3576 4971 3587 4982 ·
3618 4962 3710 5008 τοῦ
3742 4953 3908 5007 σεϐα-

2293 5047 2420 5092 στοῦ
2451 5045 2540 5092 καὶ
2560 5040 2789 5113 μεγάλου
2822 5042 3188 5118 ἑταιρειάρχου
3211 5052 3374 5119 κυροῦ
3403 5049 3660 5119 Γεωργίου
3682 5053 3773 5096 τοῦ
3796 5051 3909 5098 Πα-

2285 5126 2557 5201 λαιολόγου
2592 5152 2603 5163 ο
2636 5138 2728 5182 τοῦ
2762 5130 3021 5185 σεϐαστοῦ
3059 5141 3220 5207 κυροῦ
3262 5134 3501 5186 Ἰωάννου
3551 5141 3642 5187 τοῦ
3681 5137 3855 5188 Δούκα
3892 5159 3904 5169 -

2284 5226 2374 5271 τοῦ
2409 5218 2669 5273 σεϐαστοῦ
2694 5226 2784 5274 καὶ
2809 5222 3002 5275 οἰκείου
3031 5221 3372 5297 βεστιαρίτου
3407 5232 3501 5276 τοῦ
3526 5233 3780 5297 κραταιοῦ
3810 5231 3908 5279 καὶ

2287 5306 2440 5379 ἁγίου
2474 5311 2620 5383 ἡμῶν
2653 5309 2936 5383 βασιλέως,
2967 5319 3130 5386 κυροῦ
3171 5312 3405 5376 Ἀλεξίου
3434 5320 3527 5365 τοῦ
3556 5313 3857 5389 Πετραλίφα
3887 5338 3903 5351 σ

2282 5404 2372 5449 τοῦ
2407 5397 2667 5452 σεϐαστοῦ
2692 5406 2781 5452 καὶ
2804 5400 2996 5454 οἰκείου
3030 5400 3371 5477 βεστιαρίτου
3393 5410 3486 5455 τοῦ
3525 5414 3783 5478 κραταιοῦ
3807 5412 3905 5460 καὶ

2282 5484 2435 5558 ἁγίου
2466 5491 2612 5562 ἡμῶν
2649 5487 2929 5562 βασιλέως,
2949 5500 3113 5565 κυροῦ
3137 5492 3405 5545 Ἰσαακίου
3433 5502 3527 5546 τοῦ
3563 5498 3734 5547 Δοῦκα
3757 5516 3770 5527 ·
3803 5505 3902 5548 τοῦ

2281 5574 2542 5632 σεϐαστοῦ
2584 5584 2676 5631 καὶ
2721 5578 2915 5633 οἰκείου
2967 5578 3314 5655 βεστιαρίτον
3354 5590 3451 5636 τοῦ
3499 5590 3757 5657 κραταιοῦ
3803 5586 3899 5639 καί
