4148 6420
535 280 637 334 239

532 400 706 457 diens
737 396 1060 454 Dominum
1091 395 1427 452 dicentem:
1452 398 1626 453 Pater
1654 411 1817 452 meus
1871 396 2070 464 major
2098 406 2191 447 me

532 497 634 561 est,
659 490 754 546 aio
784 487 847 543 id
866 486 945 544 ab
976 502 1049 543 eo
1069 486 1183 542 dici
1217 485 1400 541 etiam
1426 486 1761 541 secundum
1807 487 2189 554 assumptum

528 579 865 636 humanam
895 580 1197 632 naturam.
1218 574 1688 647 Myrensisdixit:
1718 574 2189 645 Utinterpretan-

527 670 623 722 tur
650 670 895 722 sanctus
943 663 1217 726 Basilius,
1266 667 1324 719 et
1368 662 1683 732 theologus
1741 661 2079 731 Gregorius,
2133 661 2191 712 et

528 756 1016 828 Chrysostomus,
1037 755 1119 809 sic
1141 756 1197 809 et
1217 768 1330 822 ego
1357 752 1471 808 hoc
1492 752 1736 807 effatum
1758 752 2112 821 interpretor
2133 749 2187 801 et

527 845 788 917 accipio:
833 842 1201 915 etquoniam
1229 842 1326 898 alii
1348 858 1591 915 quoque
1628 840 1969 913 complures
1997 835 2188 892 sancti

526 934 829 999 dixerunt,
854 931 1224 988 oeconomiae
1255 931 1317 987 id
1345 948 1381 987 a
1412 930 1639 987 Christo
1675 930 1924 995 dictum,
1975 931 2184 999 quate-

525 1039 642 1080 nus
658 1038 880 1095 nempe
905 1022 1091 1078 homo
1123 1024 1230 1090 est,
1273 1036 1347 1076 ne
1399 1019 1493 1075 his
1524 1018 1771 1091 quidem
1815 1014 2182 1073 contradico.

592 1207 648 1260 4.
681 1201 1017 1260 Corinthius
1041 1201 1122 1256 ait
1149 1217 1161 1256 :
1193 1199 1474 1271 Majorem
1503 1199 1742 1255 Patrem
1777 1197 2044 1255 Christus
2100 1194 2160 1251 di

521 1292 625 1360 xit,
659 1292 838 1348 etiam
868 1294 1168 1362 quatenus
1195 1288 1521 1344 exinanivit
1542 1304 1628 1355 se,
1654 1293 1711 1344 et
1733 1303 1923 1360 usque
1951 1285 2030 1341 ad
2058 1301 2185 1341 cor-

521 1397 638 1455 pus
669 1398 729 1437 se
752 1380 987 1436 demisit
1017 1382 1228 1450 sponte
1265 1378 1370 1451 qui
1435 1383 1561 1434 erat
1617 1378 1967 1446 altissimus,
2010 1377 2183 1431 susti-

520 1471 773 1542 nuitque
804 1484 1048 1524 carnem
1075 1467 1377 1539 suscipere
1399 1466 1737 1532 inconfuse,
1761 1465 2183 1522 inconvertibi—

517 1558 668 1627 liter,
699 1556 1161 1626 indivisibiliter,
1183 1554 1579 1628 ejusdemque
1590 1556 1800 1628 recipit
1816 1554 2183 1611 oeconomica

517 1647 833 1721 passiones
864 1647 994 1702 sine
1010 1651 1260 1718 peccato
1282 1661 1295 1712 ;
1316 1650 1575 1704 mortem
1601 1645 1863 1718 denique
1891 1643 2066 1700 nobis
2086 1661 2179 1700 sa-

514 1739 775 1795 lutarem
806 1741 864 1793 et
892 1753 1142 1793 causam
1190 1740 1411 1793 nostrae
1457 1735 1934 1803 resurrectionis,
2005 1735 2179 1805 cujus

516 1831 694 1884 antea
714 1842 821 1900 spe
843 1825 1221 1882 carebamus.
1258 1824 1638 1881 Atheniensis
1674 1824 1852 1880 dixit:
1908 1827 2181 1880 Servatur

517 1920 721 1974 noster
752 1918 925 1985 Deus,
968 1912 1257 1970 ineﬁabili
1298 1913 1711 1969 misericordia
1748 1912 1939 1969 factus
1998 1912 2179 1968 etiam

517 2004 815 2078 perfectus
860 2004 1068 2071 homo,
1150 2001 1648 2075 quandoquidem
1714 2002 2178 2074 theanthropum

518 2094 780 2151 Verbum
832 2098 943 2163 est,
1001 2108 1126 2150 una
1177 2092 1545 2165 hypostasis,
1595 2109 1841 2165 unaque
1898 2108 2177 2165 persona,

517 2188 764 2256 propter
789 2198 1097 2240 summam
1127 2181 1389 2239 duarum
1415 2187 1770 2238 naturarum
1810 2182 2181 2251 conjunctio-

517 2287 659 2329 nem
685 2288 700 2339 ;
723 2287 836 2343 ego
865 2270 1115 2344 quidem
1137 2287 1173 2327 a
1202 2271 1423 2327 sanctis
1453 2270 1642 2337 disco,
1669 2271 1836 2343 quod
1877 2277 2178 2343 quatenus

519 2366 609 2419 est
633 2360 1000 2433 hypostasis,
1024 2375 1221 2433 neque
1242 2360 1392 2417 Patri
1416 2360 1675 2417 cohaeret
1691 2376 1887 2432 neque
1914 2348 2174 2433 Spiritui,

517 2466 717 2523 neque
741 2449 918 2506 matri
942 2449 1037 2506 vel
1066 2448 1259 2506 nobis.
1292 2450 1635 2506 Secundum
1679 2450 1857 2521 igitur
1899 2450 2176 2505 humani-

518 2542 727 2607 tatem,
760 2554 884 2610 qua
906 2539 1085 2595 matri
1111 2537 1407 2610 nobisque
1431 2539 1862 2603 communicat,
1895 2538 2175 2594 existimo

517 2626 721 2701 ipsum
750 2626 973 2683 dixisse
1001 2630 1231 2683 Patrem
1257 2628 1573 2699 majorem.
1596 2626 1938 2699 Amplector
1973 2632 2176 2682 autem

517 2720 867 2773 sanctorum
887 2732 1132 2789 quoque
1158 2716 1232 2772 de
1252 2716 1369 2773 hoc
1407 2716 1568 2773 dicto
1603 2717 1951 2772 sententias.
1986 2717 2174 2771 Moce-

517 2806 686 2862 sinus
718 2806 900 2862 dixit:
953 2808 1236 2879 Majorem
1270 2807 1527 2877 Patrem
1581 2805 1846 2879 appellat
1886 2805 2173 2863 Christus.

518 2895 691 2953 sicuti
722 2900 944 2952 sanctae
985 2895 1208 2968 synodi
1240 2900 1606 2969 sanctusque
1631 2895 1892 2951 afﬁrmat
1918 2900 2173 2966 Aposto-

514 2984 634 3041 lus.
661 2984 769 3041 Aio
793 2985 974 3055 igitur
1012 2985 1311 3056 majorem
1334 2984 1556 3040 dixisse
1578 2987 1832 3055 Patrem,
1874 2990 2173 3057 quatenus

516 3074 698 3130 Filius
720 3090 966 3131 carnem
995 3079 1217 3131 nostra:
1249 3074 1507 3130 similem
1538 3074 1651 3130 sibi
1673 3074 1884 3131 ascivit
1912 3091 1983 3131 ac
2039 3089 2173 3129 san-

517 3164 788 3234 guinem,
812 3169 871 3219 et
913 3167 1218 3235 quatenus
1267 3168 1531 3219 creatam
1571 3167 1853 3220 naturam
1878 3162 2083 3230 habet,
2112 3163 2173 3217 in

516 3268 643 3325 qua
665 3252 848 3308 etiam
872 3267 1091 3324 passus
1139 3256 1246 3308 est.
1299 3253 1592 3308 Cretensis
1623 3252 1805 3308 dixit:
1854 3255 1975 3322 Ego
2031 3268 2171 3306 cun-

517 3344 645 3397 ctas
668 3344 1016 3396 sanctorum
1042 3341 1367 3397 sententias
1389 3357 1569 3413 super
1585 3340 1990 3410 eﬁ‘atogPater
2008 3356 2173 3397 meus

516 3433 718 3502 major
740 3446 832 3487 me
852 3436 933 3487 est
965 3430 1282 3502 recipiens,
1315 3448 1390 3488 ne
1421 3431 1586 3489 illam
1617 3432 1863 3505 quidem
1916 3432 2172 3504 repudio

514 3537 654 3595 quae
681 3520 743 3577 id
775 3520 1293 3591 intelligitdictum
1338 3523 1676 3578 secundum
1729 3520 2170 3578 humanitatem

512 3609 578 3667 id
615 3614 727 3679 est,
756 3610 1091 3666 secundum
1121 3610 1331 3667 Christi
1355 3616 1621 3668 creatam
1647 3616 1951 3678 naturam,
1975 3611 2171 3684 inqua

515 3699 696 3756 etiam
725 3715 946 3773 passus
977 3704 1091 3757 est:
1123 3702 1552 3774 consentioque
1583 3705 1640 3757 et
1680 3699 1981 3771 sutfragor
2026 3718 2170 3757 con-

512 3789 681 3847 fratri
711 3806 848 3847 meo
889 3790 1269 3860 Heracliensi,
1319 3797 1377 3848 et
1416 3791 1796 3863 synodorum
1848 3794 2171 3848 sententias

512 3880 867 3953 amplector.
918 3880 1264 3937 Secundum
1292 3880 1481 3937 verba
1526 3881 1820 3937 Cretensis
1855 3881 2003 3938 dixit
2039 3898 2170 3938 sen-

508 3970 758 4027 tentiam
780 3969 958 4025 etiam
970 3969 1418 4043 Trapezuntius.
1443 3969 1770 4026 Larissaeus
1788 3970 1933 4027 dixit
1951 3990 1962 4027 :
1981 3972 2170 4028 Verba

509 4061 686 4115 Pater
705 4073 868 4114 mens
893 4074 1091 4129 major
1112 4074 1203 4115 me
1223 4064 1326 4124 est,
1352 4056 1866 4131 deprehendimus
1888 4075 1923 4115 a
1945 4062 2169 4116 sanctis

507 4147 789 4218 theologo
820 4150 1121 4221 Gregorio,
1166 4164 1392 4219 magno
1425 4149 1662 4215 Basilio,
1720 4154 1778 4207 et
1823 4167 1859 4207 a
1917 4150 2162 4223 Chryso-

508 4240 708 4293 stomo
729 4236 1023 4294 intellecta
1051 4237 1388 4295 secundum
1413 4237 1761 4310 qualitatem
1793 4239 2167 4296 causativam

504 4325 924 4400 honoremque
953 4327 1159 4399 patris,
1192 4332 1249 4383 et
1269 4326 1449 4400 quasi
1477 4326 1558 4383 ob
1580 4327 2017 4400 discipulorum
2074 4345 2166 4383 so-

1872 266 2147 325 NICETJE
2184 266 2553 323 CHONIATIE

3807 269 3918 323 240

2300 394 2516 448 κτιστὴν
2556 392 2733 461 φύσιν·
2794 391 2854 442 Ὀ
2886 395 3136 464 Γαγγρῶν
3191 396 3326 443 εἶπεν
3368 389 3468 443 ὅτι.
3511 388 3772 453 Ἀκούσας
3818 398 3917 444 τοῦ

2302 484 2495 553 Κυρίου
2534 478 2785 549 λέγοντος,
2835 479 2892 531 Ὀ
2944 484 3123 553 Πατήρ
3180 498 3280 552 μου
3355 478 3548 551 μείζων
3610 482 3710 552 μού
3773 479 3914 550 ἐστι,

2297 567 2429 639 λέγω
2472 575 2626 620 τοῦτο
2689 567 2950 642 εἰρηκέναι
3004 569 3160 621 αὐτὸν
3205 572 3295 620 καὶ
3343 569 3477 620 κατὰ
3520 573 3615 626 την
3646 568 3915 644 ἀνθρωπί-

2297 677 2387 715 νην
2420 660 2574 729 φύσιν
2605 662 2700 716 τὴν
2742 658 2862 733 παρ’
2908 658 3070 710 αὐτοῦ
3114 656 3565 731 προσληφθεῖσαν,
3614 656 3672 710 Ὀ
3713 661 3916 732 Μύρων

2299 744 2433 799 εἶπεν
2482 750 2566 817 ὡς,
2624 749 2808 810 Καθὼς
2840 746 3109 821 ἑρμηνεύει
3147 755 3302 800 τοῦτο
3359 748 3385 800 6
3446 748 3591 819 ἅγιος
3644 746 3915 808 Βασίλειος

2296 838 2386 887 καὶ
2444 837 2470 888 ό
2525 836 2780 909 Θεολόγος
2819 841 3111 913 Γρηγόριος
3161 841 3251 890 καὶ
3297 838 3322 888 6
3375 842 3777 912 Χρυσόστομος,
3823 837 3910 910 ἐρ-

2296 928 2500 998 μηνεύω
2546 935 2700 980 τοῦτο
2738 926 2881 998 κάγὼ
2935 932 3026 979 καὶ
3085 922 3340 999 δέχομαιο
3394 925 3502 979 ἐπεὶ
3544 923 3604 980 δὲ
3624 931 3714 979 καὶ
3739 926 3914 1001 ἕτεροι

2294 1014 2474 1068 πολλοὶ
2532 1024 2634 1068 τῶν
2697 1016 2858 1088 ἁγίων
2926 1013 3067 1070 εἶπον
3101 1015 3444 1090 οἰκονομικῶς
3499 1025 3654 1069 τοῦτο
3708 1015 3913 1089 λεχθῆ-

2294 1124 2379 1155 ναι
2443 1104 2564 1181 παρ’
2624 1105 2784 1158 αὐτοῦ
2852 1114 3090 1181 Χριστοῦ
3160 1108 3290 1159 καθὸ
3356 1110 3559 1180 γέγονεν
3608 1104 3911 1182 ἅνθρωπος,

2295 1190 2419 1245 οὐδὲ
2458 1197 2659 1255 τούτοις
2689 1197 3038 1267 ἐναντιοῦμαι.

2368 1278 2434 1337 δ’.
2501 1282 2558 1335 Ὀ
2628 1285 2881 1357 Κορὶνθου
2944 1282 3078 1336 εἶπεν
3145 1286 3227 1338 ὅτι
3292 1284 3525 1346 Μείζονα
3580 1287 3665 1336 τόν
3694 1291 3911 1361 Πατέρα

2296 1375 2488 1446 εἴρηκε,
2543 1378 2633 1427 καὶ
2685 1376 2910 1426 καθόσον
2967 1377 3207 1427 ἐκένωσεν
3283 1374 3483 1442 ἑαυτὸν,
3528 1378 3619 1427 καί
3675 1374 3911 1434 κατῆλθε

2294 1470 2459 1536 μέχρι
2516 1468 2605 1515 καὶ
2656 1469 2896 1535 σώματος
2946 1462 3071 1516 ἑκὼν
3130 1466 3154 1515 ό
3185 1462 3455 1536 ’Υψιστος,
3496 1468 3584 1516 καὶ
3642 1465 3908 1537 ἠνέσχετο

2297 1554 2467 1625 σάρκα
2522 1552 2834 1625 προσλαϐεῖν
2889 1550 3234 1624 ἁσυγχύτως,
3301 1552 3586 1627 ἀτρέπτως,
3654 1551 3907 1630 ἀδιαιρέ-

2291 1659 2404 1700 τως·
2471 1646 2559 1693 καὶ
2611 1644 2679 1694 τὰ
2729 1650 2947 1694 τοιαῦτα
3017 1639 3313 1701 ἁδιιὶϐλητα
3376 1644 3518 1701 πάθη
3583 1640 3907 1706 κατεδέξατο

2222 1747 2260 1799 Β
2290 1728 2647 1802 οἰκονομικῶς·
2719 1736 2809 1783 καὶ
2877 1733 3096 1785 θάνατον
3166 1736 3424 1807 σωτήριον
3456 1733 3581 1805 ἡμῖν
3638 1737 3726 1785 καὶ
3764 1730 3904 1784 ἁνα-

2291 1821 2524 1882 στασεως
2573 1820 2835 1895 πρόξενον,
2884 1823 2944 1883 ἧς
3000 1822 3093 1873 οὐκ
3150 1824 3362 1895 εἴχομεν
3414 1819 3604 1875 ἐλπίδα
3623 1828 3900 1898 πρότερον.

2285 1907 2343 1959 Ὀ
2395 1908 2623 1967 Ἀθηνῶν
2682 1907 2839 1963 εἶπενο
2906 1910 2964 1961 ’0
3005 1915 3181 1984 Σωτὴρ
3248 1914 3394 1984 ἡμῶν
3458 1915 3610 1975 Θεὸς,
3674 1918 3899 1986 γενόμε-

2285 2016 2365 2057 νος
2415 1994 2487 2050 δι’
2538 1999 2732 2070 ἄφατον
2782 1999 2915 2052 ἔλεον
2972 2006 3062 2052 καὶ
3112 1999 3378 2071 ἅνθρωπος
3438 2001 3649 2070 τέλειος,
3705 1999 3897 2061 ἐπειδὴ

2289 2087 2614 2158 θέανθρωπος
2654 2091 2722 2139 ῶν
2778 2092 2944 2158 Λόγος
2993 2094 3091 2160 μία
3155 2091 3446 2152 ὑπόστασίς
3508 2088 3621 2143 ἐστι
3687 2095 3779 2142 καὶ
3846 2093 3898 2143 ἓν

2284 2180 2561 2248 πρόσωπον
2622 2172 2715 2229 διὰ
2763 2181 2849 2236 τὴν
2913 2176 3075 2249 ἆκραν
3136 2178 3316 2230 ἕνωσιν
3362 2186 3459 2231 τῶν
3510 2175 3607 2232 δύο
3666 2182 3891 2252 φύσεων·

2286 2266 2529 2335 μανθάνω
2598 2263 2697 2317 ἀπὸ
2762 2274 2859 2317 τῶν
2925 2266 3082 2337 ἁγίων
3147 2268 3246 2332 ὅτι,
3317 2270 3384 2329 ὡς
3453 2271 3542 2340 μὲν
3591 2269 3900 2331 ὑπόστασις

2289 2356 2407 2405 οὔτε
2463 2362 2534 2424 τῷ
2575 2360 2743 2430 Πατρὶ
2787 2359 3104 2408 συνάπτεται
3152 2363 3241 2409 καὶ
3300 2366 3372 2428 τῷ
3440 2360 3724 2431 Πνεῦματι,
3777 2363 3898 2413 οὔτε

2284 2450 2344 2515 τῇ
2408 2448 2569 2518 μητρὶ
2623 2449 2710 2495 καὶ
2767 2445 2913 2517 ἡμῖν*
2974 2449 3110 2497 κατὰ
3160 2454 3285 2517 γοῦν
3363 2450 3458 2505 τὴν
3518 2446 3898 2521 ἁνθρωπότητα

2285 2532 2403 2583 καθ’
2462 2532 2520 2590 ἦν
2569 2531 2888 2586 ἐπικοινωνεῖ
2927 2542 2987 2607 τῇ
3039 2540 3199 2609 μητρὶ
3256 2540 3345 2588 καὶ
3403 2537 3528 2609 ἡμῖν
3574 2540 3775 2608 νομίζω
3826 2538 3896 2589 εἰ-

2284 2624 2498 2691 ρηκέναι
2546 2620 2700 2672 αὐτόν
2754 2622 2969 2694 μείζονα
3023 2627 3109 2674 τόν
3172 2626 3392 2698 Πατέρα’
3477 2623 3790 2698 ἀσπάζομαι
3835 2623 3898 2679 δὲ

2283 2713 2373 2760 καὶ
2423 2712 2488 2762 τὰ
2544 2716 2661 2787 περὶ
2731 2720 2821 2763 τοῦ
2871 2715 3109 2765 τοιούτου
3139 2714 3299 2789 ῥητοῦ
3328 2721 3425 2766 τῶν
3476 2717 3638 2785 ἁγίων
3675 2716 3885 2790 ῥήσεις.

2281 2797 2339 2849 Ὀ
2381 2806 2648 2857 Μωκησου
2700 2799 2834 2854 εἶπεν
2889 2804 2970 2853 ὅτι
3035 2803 3266 2862 Μείζονα
3316 2802 3500 2855 ἑαυτοῦ
3549 2806 3636 2855 τόν
3688 2808 3891 2878 Πατέρα

2283 2887 2445 2956 καλεῖ,
2477 2892 2651 2951 καθὼς
2689 2892 2743 2942 αἱ
2772 2891 2921 2961 ἅγιαι
2969 2888 3183 2943 σύνοδοι
3232 2893 3378 2943 καὶὸ
3427 2892 3581 2963 ἅγιος
3632 2892 3888 2946 Ἀπόστο-

2280 2974 2366 3038 λος
2432 2975 2595 3036 εἶπον.
2628 2984 2775 3050 Λέγω
2835 2976 2922 3031 οὖν
2982 2981 3199 3053 μείζονα
3261 2982 3520 3053 εἰρηκέναι
3574 2982 3731 3034 αὐτὸν
3803 2986 3898 3035 τόν

2215 3070 2488 3153 ΟΠατέρα
2553 3071 2681 3121 καθὸ
2740 3076 3079 3128 κεκοινώνηκε
3152 3071 3537 3144 παραπλησίως
3580 3073 3705 3144 ἡμῖν
3767 3090 3903 3146 σαρ-

2278 3157 2364 3215 κός
2407 3161 2496 3208 καὶ
2551 3160 2790 3228 αἳματος,
2833 3163 2923 3209 καὶ
2987 3160 3121 3209 κατὰ
3166 3163 3257 3216 τὴν
3316 3157 3367 3210 ἐν
3446 3159 3587 3229 αὐτῷ
3661 3165 3893 3218 κτιστήν

2281 3247 2435 3315 φύσιν
2503 3246 2620 3298 καθ’
2706 3245 2764 3303 ἢν
2834 3250 2926 3299 xui.
2983 3248 3248 3299 πέπονθεν.
3328 3246 3386 3299 Ὀ
3451 3252 3661 3320 Κρήτης
3727 3244 3893 3300 εἶπεν·

2296 3326 2496 3405 Ἐγωγε
2540 3336 2712 3394 πασας
2773 3337 2863 3395 τὰς
2913 3336 3095 3410 ῥήσεις
3137 3344 3236 3387 τῶν
3294 3335 3455 3407 ἁγίων
3503 3338 3595 3399 τὰς
3624 3341 3744 3412 περί
3772 3346 3892 3405 τοῦ,

2289 3430 2331 3474 Ο
2401 3428 2581 3498 Πατήρ
2649 3444 2749 3496 μου
2840 3428 3031 3497 μείζων
3093 3424 3193 3498 μοῦ
3262 3424 3425 3489 ἐστιν,
3489 3422 3895 3499 ἀποδεχόμενος

2279 3509 2400 3564 οόδε
2437 3516 2495 3564 τό
2544 3516 2679 3565 κατὰ
2725 3515 2792 3565 τὰ
2858 3512 3184 3588 ἀνθρώπινον
3239 3511 3368 3567 εἶναι
3409 3516 3627 3587 μείζονα
3656 3513 3892 3588 ἀποπέμ-

2278 3620 2465 3673 πομαι,
2517 3604 2631 3659 ἤτοι
2679 3604 2814 3654 κατὰ
2869 3605 2963 3660 τὴν
3013 3601 3060 3654 ἐν
3104 3603 3241 3674 αὖτῲ
3285 3612 3355 3674 τῷ
3415 3611 3631 3677 Χριστῷ
3662 3609 3886 3663 κτιστὴν

2279 3693 2456 3763 φύσιν,
2507 3692 2623 3743 καθ’
2668 3693 2731 3750 ἣν
2784 3697 2875 3744 καὶ
2928 3693 3166 3746 πέπονθε·
3244 3702 3550 3768 συμφρονῶν
3603 3699 3694 3746 καὶ
3739 3712 3887 3766 συμ-

2279 3782 2624 3853 φθεγγόμενος
2666 3788 2737 3851 τῷ
2794 3778 3096 3854 συναδέλφῳ
3132 3801 3232 3853 μου
3289 3790 3361 3853 τῷ
3415 3781 3739 3856 Ἡρακλείας.
3794 3789 3894 3838 καὶ

2278 3871 2343 3921 τὰ
2371 3868 2621 3941 λεχθέντα
2664 3872 2809 3944 παρὰ
2855 3878 2956 3922 τῶν
3016 3867 3250 3923 συνόδων
3281 3871 3769 3944 κατασπαζόμενος.
3803 3876 3891 3926 T6:

2278 3958 2412 4011 αν]τά
2480 3967 2551 4011 τώ
2615 3963 2827 4033 Κρήτης
2878 3956 2984 4011 εἷπε
3031 3959 3194 4031 λέγειν
3251 3965 3341 4013 καὶ
3392 3961 3418 4013 ὁ
3461 3961 3890 4036 Τραπεζοῦντος.

2274 4048 2333 4100 Ὀ
2390 4053 2671 4123 Λαρίσσης
2728 4045 2854 4101 εἶπε⁸
2887 4053 2977 4116 T6,
3031 4049 3089 4101 Ὀ
3154 4055 3333 4124 Πατήρ
3399 4070 3501 4123 μου
3553 4054 3743 4123 μείζων
3784 4057 3893 4124 μού

2276 4140 2438 4203 ἐστιν,
2497 4139 2802 4212 εὑρίσκομεν
2857 4136 2958 4190 ἀπὸ
3018 4148 3115 4190 τῶν
3161 4138 3343 4210 ἁγίων,
3397 4147 3489 4192 τοῦ
3520 4159 3574 4193 τε
3621 4139 3889 4213 Θεολόγου

2277 4230 2592 4298 Γρηγορίου,
2655 4233 2748 4277 τοῦ
2814 4226 3041 4299 μεγάλου
3108 4228 3380 4280 Βασιλείου
3406 4233 3496 4281 καὶ
3557 4237 3649 4280 τοῦ
3671 4236 3889 4303 Χρυσο-

2277 4317 2497 4386 στόριου⁹
2545 4315 2876 4366 καὶκατὰτό
2929 4319 3093 4369 αἴτιον
3119 4321 3209 4369 καὶ
3272 4313 3366 4370 διὰ
3427 4322 3522 4376 τὴν
3549 4322 3729 4390 τιμὴν,
3792 4324 3890 4372 καὶ

502 4413 719 4471 latium
740 4414 915 4488 [dicta
943 4416 1181 4473 fuerint.
1218 4416 1333 4474 Sed
1379 4416 1524 4489 quia
1551 4417 1721 4489 {I'novi
1773 4432 1809 4472 a
1856 4417 2164 4474 nonnullis

2279 4405 2403 4477 πρὸς
2501 4407 2829 4477 παρηγορίαν
2890 4413 2988 4456 τῶν
3067 4407 3316 4479 μαθητῶν
3392 4405 3878 4480 ἔκλαμϐανόμενον,

504 4504 728 4561 sanctis
779 4505 1089 4576 afﬁrmari,
1153 4505 1239 4561 sic
1297 4506 1564 4562 locutum
1604 4505 1789 4562 fuisse
1842 4505 2162 4564 Dominum

503 4595 682 4652 etiam
703 4599 949 4667 propter
975 4595 1439 4662 humanitatem,
1473 4595 1552 4651 ad
1581 4611 1772 4668 quam
1794 4610 1856 4650 se
1898 4593 2159 4665 demisit,

500 4687 681 4757 atque
715 4691 781 4740 ut
809 4683 1097 4743 humanm
1121 4699 1243 4739 suae
1265 4687 1499 4739 natura;
1520 4682 1708 4739 ﬁdem
1738 4682 1977 4752 faceret,
2001 4684 2159 4742 hanc

499 4786 612 4843 ego
628 4788 874 4847 quoque
908 4771 1243 4845 amplector
1273 4771 1655 4828 sententiam.

567 4959 623 5010 5.
674 4950 1031 5010 Rhodiensis
1053 4950 1238 5008 dixit:
1283 4950 1583 5018 Quoniam
1631 4952 1754 5009 scio
1803 4952 2152 5012 theanthro-

491 5056 644 5117 pum
682 5041 952 5098 Verbum
1002 5040 1340 5097 secundum
1384 5043 1788 5099 oeconomiam
1816 5044 2009 5100 multa
2056 5045 2151 5101 di-

489 5131 883 5194 xisse,veluti
934 5128 1084 5185 illud
1138 5130 1210 5186 de
1260 5130 1355 5186 die
1420 5137 1617 5188 autem
1648 5132 1760 5189 illa
1789 5140 1969 5206 atque
1998 5133 2151 5192 hora

489 5234 661 5275 nemo
692 5220 821 5285 scit,
872 5233 1062 5289 neque
1084 5219 1293 5288 angeli
1317 5235 1507 5292 neque
1532 5221 1730 5277 Filius
1754 5240 1767 5291 ;
1821 5222 1917 5279 aio
1946 5223 2147 5296 ipsum

488 5305 717 5362 dixisse
746 5306 888 5364 item
920 5311 1095 5364 Pater
1118 5309 1309 5378 major
1331 5325 1422 5366 me
1451 5316 1535 5367 est
1560 5312 1950 5379 aeconomice,
1979 5312 2039 5369 id
2061 5318 2149 5369 est

488 5394 827 5451 secundum
883 5401 1149 5453 creatam
1188 5413 1365 5454 suam
1419 5403 1743 5457 naturam:
1797 5400 2141 5474 accedoque

486 5486 837 5543 sanctorum
877 5484 1054 5543 etiam
1104 5485 1287 5569 hujus
1342 5487 1486 5558 dicti
1520 5488 2135 5573 interpretationibus,

2274 4490 2418 4545 Ἐπεὶ
2474 4494 2534 4544 δὲ
2590 4493 2814 4566 εὑρίσκω
2869 4496 3014 4557 τινὰς
3084 4503 3182 4548 τῶν
3239 4495 3399 4567 ἁγίων
3437 4495 3675 4568 λέγοντας
3743 4496 3887 4570 εἰρη-

2270 4585 2413 4633 κέναι
2475 4589 2630 4634 τοϋτο
2694 4585 2782 4634 τὸν
2850 4586 3035 4659 Κύριον
3093 4589 3183 4637 καὶ
3237 4587 3374 4637 κατὰ
3432 4587 3491 4637 τὸ
3534 4583 3880 4660 ἀνθρώπινον,

2268 4672 2401 4723 καθὸ
2478 4668 2816 4725 ἐταπείνωσεν
2902 4673 3084 4726 ἑαυτὸν
3151 4676 3220 4736 ὡς
3285 4674 3439 4727 θελων
3496 4677 3885 4729 πιστώσασθαι

2264 4764 2358 4819 τὴν
2416 4758 2740 4834 ἀνθρωπείαν
2815 4764 2970 4834 φύσιν
3040 4767 3134 4821 τὴν
3209 4761 3258 4814 ὲν
3316 4762 3480 4835 αὐτῷ,
3559 4761 3882 4838 ἀσπάζομαι

2263 4858 2418 4902 τοῦτο
2450 4854 2540 4902 κα)⁸
2562 4849 2734 4911 αὑτός.

2334 4955 2387 5010 εὀ
2477 4956 2536 5009 Ὀ
2618 4953 2800 5011 Ῥόδου
2869 4953 3022 5011 εἶπεν·
3068 4958 3208 5013 Ἐπεὶ
3273 4960 3500 5035 εὑρίσκω
3584 4963 3672 5013 τὸν
3731 4962 3878 5014 θεοίν-

2264 5048 2466 5120 θρωπον
2538 5051 2708 5119 Λόγον
2782 5047 3123 5120 οἰκονομικῶς
3178 5047 3392 5120 λέγοντα
3445 5048 3631 5117 πολλὰ,
3689 5049 3745 5113 ἕξ
3805 5047 3879 5103 ὧν

2259 5135 2374 5188 ἐστι
2433 5141 2525 5188 καὶ
2589 5139 2671 5206 τό,
2765 5142 2890 5210 Περὶ
2954 5146 3051 5199 τῆς
3108 5140 3300 5213 ἡμέρας
3366 5136 3565 5202 ἐκείνης
3625 5144 3717 5192 καὶ
3773 5149 3880 5204 τῆς

2258 5228 2391 5301 ὥρας
2452 5221 2629 5288 οὐδεὶς
2685 5222 2824 5278 οἶδεν
2882 5223 3055 5294 οὐδὲν,
3109 5224 3235 5281 οὐδὲ
3292 5230 3342 5280 οἱ
3409 5227 3624 5301 ἄγγελοι
3675 5225 3803 5281 οὐδὲ
3849 5234 3878 5284 6

2256 5315 2401 5385 Υἱὸς,
2487 5315 2617 5387 λέγω
2686 5315 2946 5389 εἰρηκέναι
3012 5315 3170 5368 αὐτόν
3235 5322 3325 5369 καὶ
3389 5320 3472 5385 τό,
3555 5317 3615 5370 Ὀ
3682 5323 3872 5396 Πατήρ

2253 5422 2352 5475 μου
2409 5407 2602 5477 μειζων
2664 5408 2765 5477 μού
2833 5403 2993 5472 ἐστιν,
3025 5405 3384 5479 οἰκονομικῶς,
3425 5412 3668 5461 τουτέστι
3732 5412 3875 5462 κατὰ

2248 5496 2343 5557 τὴν
2409 5497 2626 5552 κτίστην
2686 5496 2840 5566 φύσιν
2893 5499 2989 5553 τὴν
3045 5493 3093 5548 ἰν
3150 5495 3310 5549 αὐτῶ·
3338 5498 3742 5572 προστιθέμενος
3771 5505 3869 5554 καὶ

2487 5313 2617 5387 λέγω
2686 5310 2946 5389 εἰρηκὲναι
3012 5314 3170 5368 αὐτόν
3235 5322 3325 5369 καὶ
3389 5320 3472 5385 τό,
