4148 6384
262 376 366 432 241

1595 369 1942 429 THESAUBI
1981 373 2108 429 LIB.
2151 377 2306 432 XXV.

3539 381 3643 437 252

268 507 387 562 ταῖς
444 507 543 552 τῶν
598 497 764 571 ἁγίων
811 496 1098 569 ἐξηγήσεσι
1151 505 1242 550 τοῦ
1294 499 1530 550 τοιούτου
1573 497 1757 571 ῥητοῦ.
1816 494 1870 548 Ὀ

1990 498 2566 574 Philippopolitanus
2587 499 2734 556 dixit
2762 516 2775 554 :
2810 499 3105 565 Quoniam
3134 500 3328 573 pridie
3358 516 3429 557 ex
3456 503 3646 559 eccle;

274 588 724 651 Φιλιππουπῶιεως
790 585 927 640 εἶπεν
1002 591 1084 658 ὡς,
1166 589 1308 640 Ἐπεὶ
1382 589 1518 639 κατὰ
1590 591 1681 645 τὴν
1747 588 1876 657 χθὲς

272 683 626 754 παρεγενόμην
654 677 754 730 ἀπὸ
798 686 896 739 τῆς
931 677 1228 749 λαχούσης,
1271 697 1356 750 με,
1409 683 1499 729 καὶ
1547 676 1639 729 οὐκ
1684 672 1876 733 ἐδυνή-

276 772 370 829 θην
416 771 576 845 εὑρεῖν
617 772 839 841 χρήσεις
889 776 991 819 τῶν
1048 767 1208 838 ἁγίων
1264 771 1382 841 περὶ
1424 773 1514 819 τοῦ
1558 768 1874 837 ζητουμένου

266 859 459 934 ῥητοῦ,
509 858 634 929 iis/oi
683 858 764 909 ὅτι
811 856 886 917 οἷς
930 852 1072 908 εἷπον
1110 857 1159 907 οἱ
1189 864 1459 928 φωστῆρες
1485 859 1576 907 καὶ
1607 850 1873 906 διδάσκα-

264 947 352 1000 λοι
407 950 574 1020 ἡμῶν,
624 949 721 998 εἶτε
774 944 1010 1018 ὑψηλῶς,
1071 948 1233 1016 ἤγουν
1275 946 1409 996 κατά
1464 948 1559 1002 τὴν
1610 944 1716 995 οἷνω
1765 945 1874 1013 γέν-

262 1042 425 1096 νήσιν
481 1034 596 1088 καθ’
646 1036 710 1094 ἣν
757 1039 849 1087 καὶ
887 1040 1017 1107 τιμᾴ
1064 1037 1149 1086 τὸν
1182 1037 1388 1108 Πατέρα
1415 1050 1428 1063 '
1480 1036 1579 1085 εἴτε
1608 1030 1874 1107 ἀνθρωπι-

257 1136 393 1194 κῶς,
450 1123 693 1184 δηλονότι
742 1128 879 1178 κατὰ
936 1130 1031 1183 τὴν
1085 1123 1140 1176 ἐκ
1189 1133 1279 1185 τῆς
1331 1126 1696 1196 Ἀειπαρθένου
1754 1126 1874 1193 γέν-

252 1236 440 1284 νησιν,
499 1215 619 1267 καθ’
673 1214 734 1273 ἢν
794 1211 862 1272 δὴ
921 1215 1305 1289 παραπλησίως
1352 1216 1477 1286 ἡμῖν
1538 1216 1731 1288 σαρκὸς
1788 1215 1876 1263 καὶ

239 1307 482 1377 αἱματος
525 1309 888 1367 κεκοινώνηκε,
934 1308 1027 1361 την
1079 1308 1299 1361 κτιστην
1348 1306 1503 1375 φύσιν
1549 1308 1639 1354 καὶ
1696 1304 1872 1360 παθη-

239 1399 354 1452 τὴν
417 1394 541 1445 καθ’
612 1392 674 1451 ἣν
739 1397 831 1444 καὶ
894 1394 1113 1445 πέπονθε
1169 1390 1607 1466 προσλαϐόμενος,
1670 1393 1875 1452 τούτοις

248 1484 575 1554 συντίθεμαι
658 1487 749 1535 καὶ
834 1482 1010 1544 αὐτὸς.
1108 1481 1169 1533 Ὀ
1244 1481 1508 1535 Φιλίππων
1586 1477 1717 1533 εἶπεν
1793 1482 1874 1532 ὅτι

241 1572 482 1633 Amici;
550 1571 618 1623 ὧν
681 1573 706 1623 6
776 1574 999 1645 Χριστὸς
1067 1569 1121 1622 ἐκ
1192 1572 1332 1633 θείας
1396 1558 1487 1622 καὶ
1547 1569 1874 1644 ἀνθρωπίνης

237 1666 485 1735 φύσεως,
541 1661 760 1734 μείζονα
812 1664 899 1713 τὸν
956 1664 1187 1733 Πατέραε
1217 1663 1391 1734 εἴρηκε
1430 1662 1564 1711 κατά
1624 1664 1718 1717 τὴν
1779 1657 1871 1709 ἀν-

243 1754 581 1824 θρωπὸτητα
626 1755 718 1803 καὶ
764 1755 859 1808 τὴν
899 1750 1071 1802 αἰτίαν
1118 1754 1208 1802 καὶ
1254 1754 1349 1807 την
1388 1752 1515 1821 πρὸς
1553 1752 1639 1800 τὸν
1667 1752 1873 1822 Πατέρα

1987 587 2074 643 sia
2102 604 2237 644 mea
2259 591 2376 645 huc
2397 590 2663 663 perveni,
2692 589 3087 661 nondumque
3107 590 3272 661 potui
3294 595 3643 648 sanctorum

1986 679 2369 735 auctoritates
2423 680 2497 735 de
2546 683 2935 735 controverso
2982 677 3140 734 dicto
3174 676 3486 749 nancisci;
3544 681 3642 737 aio

1986 781 2083 822 me
2115 768 2396 824 assentiri
2429 767 2738 824 sententiis
2770 783 2923 840 quas
2970 766 3404 824 illuminatores
3446 769 3640 841 magi-

1985 856 2211 929 strique
2245 858 2431 914 nostri
2479 858 2897 931 protulerunt;
2941 858 3108 930 quod
3151 857 3436 914 nimirum
3478 859 3641 916 Chri-

1985 952 2110 1000 stus
2144 947 2235 1002 vel
2264 947 2551 1003 divinitus
2584 948 2666 1003 sic
2697 947 2931 1003 Patrem
2966 948 3219 1003 honorat
3246 952 3492 1021 propter
3522 963 3642 1004 cce-

1982 1032 2192 1092 lestem
2257 1037 2629 1093 nativitatem
2682 1052 2695 1103 ;
2763 1036 2858 1092 vel
2930 1036 3281 1092 humanitus
3355 1036 3636 1110 loquitur,

1984 1131 2227 1196 propter
2256 1142 2429 1181 suam
2460 1142 2532 1181 ex
2564 1130 2853 1198 perpetua
2883 1125 3117 1194 Virgine
3150 1125 3540 1195 nativitatem,
3563 1126 3643 1183 ob

1982 1228 2168 1283 quam
2199 1230 2371 1287 aeque
2399 1230 2468 1271 ac
2499 1230 2613 1270 nos
2640 1214 2805 1271 carni
2836 1220 2892 1270 et
2919 1215 3202 1285 sanguini
3233 1216 3643 1272 communica-

1984 1302 2081 1371 vit,
2118 1309 2315 1359 creata
2340 1304 2615 1360 videlicet
2635 1304 3026 1376 passibilique
3056 1309 3274 1360 natura
3305 1310 3639 1378 assumpta,

1980 1387 2042 1442 in
2072 1406 2191 1461 qua
2218 1392 2399 1449 etiam
2426 1408 2643 1465 passus
2688 1399 2794 1449 est.
2829 1393 3224 1466 Philippensis
3258 1393 3405 1450 dixit
3441 1412 3453 1450 :
3490 1395 3642 1460 Quia

1982 1476 2207 1549 duplex
2232 1487 2321 1536 est
2348 1481 2615 1538 Christus
2642 1497 2714 1538 ex
2744 1482 2944 1538 divina
2971 1482 3364 1555 humanaque
3393 1488 3636 1550 natura,

1982 1567 2276 1638 majorem
2321 1573 2552 1627 Patrem
2596 1570 2744 1627 dixit
2787 1571 3128 1627 secundum
3172 1571 3635 1638 humanitatem,

1982 1664 2160 1729 atque
2192 1659 2272 1714 ob
2303 1658 2652 1732 qualitatem
2678 1661 3053 1716 causativam
3083 1661 3496 1733 honoremque
3526 1676 3638 1733 pa-

1980 1749 2085 1803 tris
2110 1763 2123 1813 ;
2157 1748 2435 1821 quamvis
2464 1749 2660 1804 eidem
2690 1750 2765 1805 sit
2792 1749 3042 1822 aequalis
3063 1750 3399 1806 secundum
3428 1749 3640 1805 divini-

243 1846 447 1914 τιμὴν,
490 1844 610 1902 ἶσος
652 1840 720 1891 ὧν
778 1839 917 1911 αὐτῷ
963 1842 1101 1891 κατά
1146 1843 1240 1898 τὸν
1282 1842 1519 1897 θεότητα.
1556 1838 1616 1890 Ὀ
1646 1835 1868 1911 Ἀδρια-

1981 1843 2185 1893 tatem.
2220 1838 2829 1911 lladrianopolitanus
2852 1840 3002 1895 dixit
3033 1857 3046 1895 :
3083 1841 3194 1905 Qui
3220 1840 3387 1896 carni
3411 1845 3471 1896 et
3505 1856 3640 1896 san-

246 1929 551 1990 νουπο).εως
610 1931 746 1982 εἶπεν
776 1950 789 1962 ·
847 1929 907 1983 Ὀ
962 1932 1158 2004 σαρκὸς
1219 1934 1312 1980 καὶ
1376 1930 1599 2001 αἳματος
1644 1928 1869 2001 ὑπερου-

250 2026 392 2081 σίως
457 2023 865 2087 κεκοινωνηκὼς,
929 2023 1109 2077 καινήν
1175 2037 1289 2071 τινα
1353 2013 1662 2091 θεανδρικην
1729 2015 1869 2088 ἐνέρ-

246 2129 407 2181 γειαν
466 2110 594 2181 ἡμῖν
648 2107 1094 2180 πεπολιτευμένος,
1149 2107 1255 2179 οὐχ
1320 2109 1384 2167 ὡς
1448 2110 1519 2179 μὴ
1581 2107 1866 2179 ἄνθρωπος,

249 2197 374 2264 ἀλλ,
409 2201 483 2259 ὡς
531 2195 585 2259 ἐξ
641 2194 946 2270 ἀνθρώπων,
1006 2194 1288 2270 ἀνθρώπων
1341 2194 1594 2264 ἐπέκεινα,
1655 2194 1871 2267 μείζονα

252 2290 450 2340 ἑαυτοῦ
496 2290 585 2338 τὸν
626 2289 836 2360 Πατέρα
878 2281 1005 2349 εἶπε,
1054 2287 1231 2346 καθὼς
1272 2286 1299 2336 6
1342 2288 1503 2356 μέγας
1559 2287 1865 2358 Χρυσὸστο-

256 2394 378 2445 μος,
408 2392 501 2425 και
526 2375 553 2424 6
597 2372 976 2434 Πηλουσιώτης
1014 2370 1288 2445 Ἰσίδωρος
1327 2372 1742 2447 ἐφηρμηνευσαν,
1781 2377 1867 2424 ναὶ

259 2467 369 2535 μὴν
420 2467 511 2514 καὶ
564 2462 591 2514 6
641 2464 903 2523 θειότατος
952 2462 1218 2537 Κύριὶλος.
1273 2466 1422 2533 Λέγω
1480 2458 1539 2514 δὲ
1577 2463 1657 2513 ὅτι
1696 2465 1869 2535 εἴρηκε

260 2559 418 2604 τοῦτο
471 2557 557 2604 καὶ
607 2555 679 2614 ὡς
731 2552 1003 2626 ἄνθρωπος
1060 2549 1155 2605 διὰ
1209 2556 1304 2610 τὴν
1362 2549 1410 2603 ἐν
1464 2550 1603 2621 αὐτῴ
1646 2554 1867 2609 κτιστὴν

263 2644 425 2714 φῦσιν
471 2642 584 2694 καθ’
642 2641 706 2700 ἣν
765 2646 856 2695 καὶ
916 2643 1180 2696 πέπονθεν.
1234 2647 1293 2692 Ὁ
1349 2640 1676 2714 Ἰεραπόλεως
1731 2636 1867 2691 εἶπεν

260 2732 348 2783 ὅτι
502 2736 681 2804 γνώμη
725 2738 817 2784 τού
849 2729 1155 2803 Ἡρακλείας
1199 2734 1289 2782 καὶ
1332 2738 1424 2782 τοῦ
1483 2734 1689 2802 Κρήτης
1743 2728 1864 2780 ἀκο-

253 2820 433 2872 λουθοῖ»
500 2819 586 2873 ἐπὶ
647 2826 829 2874 πᾶσιν.
899 2819 958 2872 Ὀ
1024 2819 1325 2882 Μιτυλήνης
1392 2822 1484 2892 ἔφη
1557 2821 1659 2881 ὅτι,
1724 2818 1866 2871 Ἐπεὶ

1808 2904 1866 2958 Ὀ

264 3001 393 3057 Υιὸς
457 3005 550 3048 τοῦ
611 3005 739 3050 Θεοῦ
792 2996 1032 3051 ἐκένωσεν
1098 2998 1278 3050 ἑαυτὸν
1340 2995 1602 3059 ἁκενωτως
1664 3000 1865 3070 μορφὴν

263 3083 465 3139 δούλου
507 3084 690 3153 λαϐὼν,
736 3086 864 3159 λέγω
917 3087 1074 3141 εἰπεῖν
1111 3090 1201 3139 τὸν
1241 3094 1456 3162 Σωτῆρα
1520 3089 1607 3139 τὸν
1661 3090 1867 3159 Πατέρα

252 3175 483 3249 μείζονα
532 3178 667 3228 κατὰ
710 3180 804 3236 τήν
855 3176 1233 3252 ἀνθρωττοι-ητα
1287 3179 1407 3235 ἤτοι
1452 3180 1546 3234 την
1601 3176 1866 3246 συγκατά-
1896 3204 1936 3259 C

260 2910 495 2983 εὖρίσκω
564 2912 650 2960 τὸν
728 2912 889 2982 μέγαν
954 2908 1267 2961 Ἀπόστολον
1344 2907 1559 2979 λέγοντα
1633 2909 1732 2973 ὅτι,

247 3264 412 3318 ϐασιν
458 3270 550 3317 καὶ
600 3270 697 3324 τὴν
743 3271 979 3333 κένωσιν,
1034 3268 1210 3328 καθὼς
1266 3267 1292 3317 6
1336 3267 1736 3340 θαυματουργὸς
1779 3268 1867 3336 μέ-

247 3375 349 3427 γας
405 3360 699 3429 Γρηγόριος
750 3351 1004 3409 διδάσκει
1052 3375 1135 3427 με,
1204 3357 1485 3431 Γρηγὸριος
1544 3355 1569 3406 6
1622 3357 1861 3418 Νύσσης,

253 3450 349 3498 καὶ
412 3447 438 3497 6
500 3446 656 3517 ἅγιος
722 3444 993 3521 Κύρι).λος,
1057 3451 1148 3499 καὶ
1199 3446 1225 3498 ὁ
1303 3446 1453 3517 ἅγιος
1510 3445 1860 3509 Ἀθανάσιος’

251 3538 414 3607 ἤγουν
469 3538 610 3588 κατὰ
656 3539 754 3593 τὴν
800 3533 849 3587 ἂν
902 3534 1044 3607 αὐτῷ
1083 3537 1240 3608 φύσιν
1278 3539 1373 3593 τὴν
1423 3530 1733 3607 βαδίσασαν
1774 3540 1864 3588 καὶ

247 3627 611 3680 κοπιάσασαν.

326 3713 401 3770 3".
431 3715 492 3768 Ὀ
538 3719 662 3767 νέων
712 3721 928 3791 Πατρῶν
968 3711 1077 3769 εἷπε
1104 3732 1117 3745 ·
1166 3718 1236 3768 Τὸ
1276 3717 1513 3767 ταπεινὸν
1543 3722 1696 3767 τοῦτο
1718 3716 1865 3790 ῥῆμα

260 3807 345 3873 τὸ,
393 3804 451 3857 Ὀ
503 3809 685 3878 Πατήρ
736 3824 836 3877 μου
886 3805 1077 3878 μείζων
1128 3808 1228 3877 μού
1281 3803 1443 3873 ἐστιν,
1490 3804 1651 3866 οὕτως
1707 3804 1864 3857 εἰπεῖν

262 3901 368 3945 νοῶ
408 3897 490 3947 τὸν
536 3902 801 3968 Μονογενῆ
862 3895 979 3948 καθ’
1028 3894 1082 3946 ὃν
1123 3893 1274 3967 λόγον
1318 3900 1408 3946 καὶ
1454 3896 1519 3946 τὰ
1569 3892 1728 3946 λοιπὰ
1764 3902 1863 3945 τῶν

262 3989 631 4061 ταπεινοτέρων
694 3980 923 4038 δέδωκεν
989 3983 1176 4055 ἐαυτῷ,
1244 3988 1338 4043 τὴν
1401 3984 1694 4056 οἰκονομίαν
1762 3978 1867 4041 δη-

260 4072 432 4125 λονότι
488 4077 856 4147 πιστούμενος,
908 4078 1000 4127 καὶ
1055 4076 1136 4127 ὅτι
1181 4077 1318 4127 κατὰ
1368 4071 1612 4133 ἀλήθειαν
1668 4073 1864 4147 ἄνθρω-

255 4182 351 4227 πος
416 4168 646 4237 γέγονεν·
711 4163 772 4217 Ὀ
835 4164 1110 4237 Εὗχαῖτων
1177 4161 1286 4217 εἶπε
1315 4182 1330 4197 ⁸
1392 4167 1538 4236 Λέγω
1604 4165 1669 4224 ὡς
1732 4164 1869 4215 κατὰ

250 4258 311 4307 τὸ
364 4257 535 4308 αἴτιον
591 4259 685 4308 καὶ
726 4257 820 4314 τήν
876 4258 1035 4328 τιμὴν
1072 4259 1163 4307 καὶ
1207 4258 1338 4329 πρὸς
1395 4257 1724 4328 παρηγορίαν
1768 4261 1867 4306 τῶν

252 4346 507 4416 μαθητῶν
549 4350 641 4398 καὶ
679 4341 776 4399 διὰ
818 4349 913 4404 τὴν
966 4347 1215 4418 ἡμετέραν
1261 4347 1435 4419 σάρκα
1480 4344 1541 4403 ἢν
1596 4342 1865 4396 ἀνελοίϐετο

249 4433 643 4510 παραπλησίως
690 4435 817 4508 ἡμῖν
862 4439 1183 4496 κοινωνήσας
1236 4436 1430 4507 σαρκὸς
1481 4437 1573 4486 καὶ
1620 4434 1863 4506 αἳματος.

246 4522 311 4577 '0
376 4521 742 4598 ’Δμαστριδος
808 4520 943 4578 εἶπεν
1009 4526 1090 4578 ὅτι
1164 4519 1432 4597 Οὑδεμίαν
1496 4531 1698 4598 χρῆσιν
1764 4531 1864 4575 τῶν
1892 4559 1936 4613 D

256 4614 419 4686 ἁγίων
500 4613 901 4689 ἀποπέμπομαι,
983 4612 1112 4668 ἀλλὰ
1179 4616 1356 4676 πασας
1429 4608 1806 4689 προσδέχομαι
1848 4633 1862 4646 ·

253 4709 348 4757 καὶ
418 4707 562 4758 κατὰ
620 4712 776 4758 τοῦτο
839 4712 939 4757 νοῶ
1004 4705 1085 4757 ὅτι
1150 4700 1285 4757 εἶπεν
1346 4704 1372 4755 6
1449 4705 1636 4778 Κύριος
1718 4704 1865 4776 ἡμῶν

251 4793 471 4858 Ἰησοῦς
537 4796 774 4872 Χριστὸς
835 4796 918 4848 ὅτι
975 4793 1036 4847 '0
1102 4798 1281 4868 Πατήρ
1348 4811 1451 4867 μου
1516 4796 1707 4865 μείζων
1764 4793 1864 4865 μού

254 4881 392 4952 ἔστι,
433 4887 528 4939 καὶ
570 4885 707 4937 κατὰ
748 4886 809 4937 τὸ
859 4882 1179 4959 ἀνθρώπινον
1213 4899 1225 4913 ·
1274 4880 1592 4959 ἀνθρώπινον
1628 4877 1688 4935 δὲ
1734 4879 1866 4953 λέγω

250 4978 350 5034 τὴν
419 4972 841 5047 συγκαταϐασιν,
906 4978 1002 5033 τὴν
1064 4976 1303 5040 κένωσιν,
1372 4976 1469 5031 τὴν
1529 4975 1863 5039 ταπείνωσιν,

249 5068 347 5117 καὶ
402 5067 468 5118 τὸ
529 5064 913 5137 παραπλησίως
976 5064 1103 5137 ἡμῖν
1159 5070 1479 5122 κοινωνῆσαι
1536 5063 1730 5136 σαρκὸς
1777 5065 1868 5113 καὶ

251 5156 478 5228 αἵματος
505 5171 519 5186 ⁶
578 5158 669 5207 καὶ
719 5155 857 5207 κατὰ
902 5155 991 5207 τὸν
1038 5151 1188 5226 ἅγιον
1235 5153 1571 5219 Ἀθανάσιον,
1618 5148 1714 5205 διὰ
1772 5155 1867 5210 τὴν

252 5243 302 5297 ἕν
364 5244 508 5315 αὐτῷ
559 5248 778 5303 κτιστὴν
826 5245 983 5317 φύσιν
1030 5247 1126 5302 τὴν
1174 5244 1512 5296 κοπιάσασαν
1561 5246 1651 5295 καὶ
1702 5236 1865 5314 βαδί-

254 5353 453 5402 σασαν,
499 5334 620 5387 καθ’
667 5334 728 5394 ἣν
775 5337 869 5387 καὶ
908 5335 1178 5391 πέπονθεν.
1218 5331 1277 5386 Ὀ
1327 5330 1517 5391 Θηϐῶν
1566 5332 1656 5404 ἔφη
1708 5330 1869 5383 ’Ἐπεὶ

252 5427 346 5477 τὸν
392 5426 514 5478 Υἱον
573 5428 900 5498 συγκτίστην
965 5428 1056 5477 καὶ
1110 5419 1536 5497 πνδημιουργόν
1586 5428 1658 5492 τῷ
1704 5423 1867 5493 Πατρὶ

255 5509 408 5585 οἶδα,
455 5511 528 5567 δι’
572 5514 736 5568 αὑτοῦ
783 5516 887 5589 γὰρ
935 5518 1026 5567 καὶ
1072 5516 1195 5577 τοὺς
1231 5513 1417 5573 αἰῶνας
1451 5510 1711 5579 ἐποίησεν,
1755 5512 1871 5561 ἴσον

328 5713 379 5749 ³³
416 5713 671 5793 Philipp.
703 5726 771 5785 ιι,
800 5716 861 5772 7.

1983 1927 2149 1996 guini
2178 1927 2712 1999 supernaturaliter
2742 1929 3133 2002 participavit,
3164 1944 3390 1985 novam
3420 1944 3637 2003 quam-

1979 2016 2123 2072 dam
2155 2016 2565 2073 theandricam
2592 2019 3002 2089 operationem
3024 2018 3190 2090 apud
3215 2033 3329 2075 nos
3357 2018 3635 2088 exseruit,

1978 2121 2099 2160 non
2131 2106 2298 2178 quod
2336 2123 2459 2163 non
2502 2112 2659 2164 esset
2694 2108 2904 2175 homo,
2936 2108 3042 2164 sed
3069 2107 3251 2165 veluti
3276 2124 3349 2165 ex
3380 2108 3639 2164 homini-

1977 2194 2092 2251 bus
2122 2212 2307 2269 supra
2332 2197 2630 2265 homines,
2650 2199 2947 2270 majorem
2977 2202 3207 2255 Patrem
3239 2213 3426 2270 quam
3465 2212 3527 2253 se
3551 2197 3637 2253 di-

1976 2286 2080 2351 xit,
2110 2285 2283 2343 sicuti
2326 2302 2583 2356 magnus
2631 2286 3097 2360 Chrysostomus
3128 2293 3185 2344 et
3215 2287 3510 2343 Pelusiota
3538 2287 3639 2343 Isi-

1977 2374 2162 2430 dorus
2210 2375 2575 2447 interpretati
2617 2382 2775 2445 sunt,
2825 2377 2950 2433 imo
3002 2377 3183 2433 etiam
3226 2376 3482 2432 eximius
3527 2378 3637 2448 Cy-

1978 2465 2168 2521 rillus.
2225 2466 2331 2522 Aio
2362 2471 2564 2522 tamen
2600 2468 2896 2524 Christum
2922 2468 2986 2524 id
3015 2468 3236 2524 dixisse
3276 2467 3458 2524 etiam
3487 2483 3635 2540 qua-

1976 2559 2152 2609 tenus
2182 2554 2367 2610 homo
2398 2560 2542 2623 erat,
2573 2560 2819 2629 propter
2842 2561 3108 2613 creatam
3130 2572 3304 2612 suam
3326 2562 3634 2625 naturam,

1976 2643 2035 2696 in
2058 2658 2181 2714 qua
2212 2648 2264 2699 et
2302 2659 2522 2715 passus
2555 2650 2662 2700 est.
2698 2645 3175 2718 Hierapolitanus
3205 2646 3353 2702 dixit
3382 2662 3444 2701 se
3468 2661 3636 2718 pror-

1977 2749 2079 2787 sus
2125 2734 2409 2789 accedere
2456 2735 2536 2790 ad
2568 2735 2959 2791 Heracliensis
2991 2740 3051 2792 et
3077 2737 3369 2792 Cretensis
3394 2740 3633 2793 senten~

1976 2821 2141 2876 tiam.
2177 2820 2542 2892 Mitylenaeas
2582 2822 2768 2878 dixit:
2815 2824 3114 2889 Quoniam
3147 2825 3293 2879 novi
3335 2840 3632 2896 magnum

1974 2909 2337 2983 Apostolum'
2369 2910 2667 2968 dicentem
2698 2915 2767 2980 ³³,
2794 2913 2958 2986 quod
3001 2913 3179 2970 Filius
3220 2913 3321 2969 Dei
3360 2913 3632 2986 seipsum

1977 3002 2306 3058 exinanivit
2330 3018 2584 3058 manens
2607 3003 3173 3071 inexhaustus,eum
3206 3003 3359 3061 servi
3374 3004 3630 3061 formam

1973 3090 2221 3163 accepit,
2253 3091 2349 3146 aio
2380 3107 2417 3147 a
2448 3094 2761 3149 Servatore
2785 3093 3011 3149 dictum
3052 3096 3285 3150 Patrem
3333 3093 3631 3165 majorem

1974 3181 2306 3238 secundum
2339 3182 2781 3239 humanitatem
2821 3184 2948 3240 sive
2987 3184 3420 3241 demissionem
3448 3190 3631 3258 atque

1972 3271 2463 3341 exinanitionem,
2496 3273 3021 3346 quemadmodum
3053 3290 3150 3330 me
3198 3275 3417 3330 docent
3453 3274 3629 3331 thau-

1970 3366 2287 3431 maturgns
2320 3364 2660 3432 Gregorius,
2685 3368 2992 3437 Nyssenus
3026 3364 3366 3436 Gregorius,
3387 3369 3631 3422 sanctus

1972 3450 2247 3523 Cyrillus,
2279 3457 2337 3508 et
2367 3457 2610 3509 sanctus
2648 3455 3017 3510 Athanasius
3052 3470 3067 3521 ;
3114 3454 3387 3510 videlicet
3411 3470 3630 3511 secun-

1970 3540 2117 3596 dum
2149 3540 2313 3596 illam
2342 3540 2475 3612 ejus
2495 3546 2779 3599 naturam
2797 3559 2933 3617 quae
2955 3541 3311 3599 ambulabat
3340 3545 3397 3599 et
3418 3540 3631 3611 fatiga-

1969 3629 2168 3687 batur.

2042 3724 2095 3776 6.
2141 3722 2558 3794 Neopatrensis
2604 3722 2798 3779 dixit:
2852 3722 3145 3780 Humilem
3180 3724 3338 3779 hanc
3377 3722 3628 3779 locutio-

1971 3825 2112 3866 nem
2137 3827 2149 3865 :
2184 3811 2368 3866 Pater
2392 3825 2556 3867 meus
2588 3813 2787 3881 major
2810 3826 2899 3868 me
2926 3818 3013 3867 est
3038 3811 3334 3884 prolatam
3363 3809 3629 3882 intelligo

1974 3900 2052 3955 ab
2074 3899 2392 3969 Unigenito
2422 3900 2637 3956 eadem
2667 3901 2895 3957 ratione
2924 3917 3049 3972 qua
3078 3905 3326 3957 caeteras
3354 3899 3631 3955 humilio-

1971 4004 2068 4045 res
2099 3993 2300 4061 partes
2329 3988 2445 4044 sibi
2468 3988 3045 4053 attribuit,vidclicet
3068 3996 3129 4046 ut
3150 3989 3629 4046 incarnationem

1974 4093 2149 4133 suam
2197 4081 2529 4149 testaretur,
2563 4083 2620 4134 et
2648 4079 2815 4152 quod
2845 4079 3030 4136 homo
3059 4095 3274 4151 reapse
3300 4078 3627 4134 exsisteret.

1973 4168 2384 4224 Euchaitensis
2415 4168 2601 4224 dixit:
2646 4169 2751 4224 Aio
2783 4169 2865 4224 sic
2911 4169 3181 4225 locutum
3210 4169 3388 4225 fuisse
3415 4182 3628 4224 secun-

1973 4257 2118 4313 dum
2166 4258 2536 4314 causativum
2581 4258 2933 4332 qualitatem
2967 4259 3384 4331 honoremque
3422 4257 3626 4322 Patris,

1972 4352 2027 4402 et
2056 4346 2136 4402 ob
2166 4346 2601 4419 discipulorum
2643 4346 2947 4416 solatium,
2981 4352 3037 4404 et
3073 4354 3320 4421 propter
3358 4351 3629 4404 nostram

1973 4451 2161 4507 quam
2209 4436 2337 4509 ipse
2390 4441 2800 4510 assumpserat
2844 4452 3110 4504 carnem,
3170 4436 3629 4494 communieans

1973 4541 2147 4600 neque
2176 4542 2247 4583 ac
2277 4542 2392 4582 nos
2430 4528 2595 4583 carni
2637 4532 2695 4584 ct
2740 4527 3039 4599 sanguini.
3085 4527 3501 4585 Amastrianus
3543 4526 3631 4583 di~

1970 4617 2055 4673 xit
2080 4633 2093 4672 :
2129 4615 2363 4674 Nullam
2395 4632 2427 4672 e
2456 4616 2628 4673 dictis
2648 4618 2813 4691 apud
2843 4623 3088 4675 sanctos
3120 4617 3428 4675 sententiis
3454 4631 3631 4690 repu-

1971 4705 2093 4778 dio,
2141 4704 2247 4761 sed
2292 4711 2541 4762 cunctas
2588 4706 2961 4780 amplector;
3012 4712 3069 4764 et
3115 4706 3453 4765 secundum
3499 4706 3631 4763 illas

1970 4794 2251 4852 existimo
2290 4794 2506 4851 dixisse
2547 4796 2868 4853 Dominum
2908 4801 3183 4854 nostrum
3223 4799 3425 4853 Jesum
3464 4796 3630 4853 Chri~

1971 4888 2126 4941 tum:
2160 4886 2349 4942 Pater
2367 4900 2529 4942 meus
2550 4888 2749 4956 major
2769 4892 2973 4958 meest,
2989 4890 3047 4942 et
3061 4885 3396 4943 secundum
3417 4886 3632 4942 huma—
3695 4951 3698 4954 ,

1973 4973 2223 5031 nitatem
2257 4992 2271 5043 ;
2304 4973 2745 5032 humanitatem
2771 4980 2974 5032 autem
3002 4974 3138 5032 dico
3177 4974 3630 5043 demissionem,

1971 5064 2466 5134 exinanitionem,
2524 5064 3029 5130 humiliationem,
3069 5069 3409 5137 nostraque
3430 5064 3631 5119 carnis

1974 5158 2032 5209 et
2081 5152 2398 5225 sanguinis
2450 5153 3011 5227 participationem;
3070 5157 3250 5225 atque
3305 5155 3372 5208 ut
3432 5155 3633 5209 censet

1974 5248 2222 5299 sanctus
2241 5243 2631 5309 Athanasius,
2644 5246 2889 5317 propter
2901 5246 3165 5299 creatam
3178 5241 3227 5313 ej
3240 5258 3309 5297 us
3327 5245 3629 5315 naturam,

1974 5349 2110 5407 quae
2140 5331 2461 5390 laborabat
2479 5336 2536 5389 et
2565 5332 2948 5403 fatigabatur,
2977 5332 3037 5388 in
3064 5347 3187 5405 qua
3216 5331 3395 5388 etiam
3416 5349 3634 5406 passus

1976 5428 2088 5480 est.
2118 5424 2437 5482 Thebanus
2465 5423 2615 5480 dixit
2648 5440 2661 5478 :
2705 5422 3003 5489 Quoniam
3047 5421 3256 5479 Filium
3303 5429 3634 5481 creatorem

1979 5517 2408 5587 auctoremque
2436 5528 2634 5571 rerum
2669 5527 2790 5567 una
2818 5528 2954 5568 eum
2980 5514 3145 5569 Patre
3167 5511 3289 5569 scio
3320 5529 3333 5569 :
3361 5528 3507 5572 nam
3530 5527 3638 5587 per
