4148 6384
533 341 638 397 243

1882 345 2149 403 ΝΙΟΕΤιΕ
2192 343 2576 406 ΟΗΟΝΙᾹΤΑΕ

3815 342 3928 401 244

533 461 739 535 ipsum
766 461 942 519 Pater
979 460 1115 521 fecit
1140 466 1197 521 et
1227 466 1450 523 saecula
1478 484 1491 536 ;
1533 467 1759 526 idcirco
1796 468 2007 525 Filium
2039 468 2196 525 Patri

2312 474 2419 544 ἔχω
2465 483 2647 528 τοῦτον
2685 484 2756 547 τῷ
2800 477 2989 549 Πατρί.
3042 474 3183 526 Ἐπεὶ
3224 466 3277 525 δ’
3319 465 3455 523 εἶπεν
3503 470 3586 521 ὅτι
3628 467 3686 522 '0
3737 450 3926 528 Ιῑατὴρ

534 552 835 626 aequalem
864 569 1102 611 censeo.
1139 555 1256 612 Sed
1277 558 1573 629 quoniam
1593 559 1744 617 dixit
1773 578 1786 617 :
1828 560 2008 617 Pater
2033 576 2195 617 meus

531 645 734 713 major
761 658 852 700 me
870 647 974 715 est,
997 647 1503 721 propositumque
1524 649 1716 722 pridie
1746 649 1854 705 fuit
1881 654 1940 706 ut
1973 649 2196 722 disqui-

528 736 760 788 reretur
782 748 1059 806 quaenam
1082 734 1199 791 hac
1221 734 1295 791 de
1316 751 1378 792 re
1398 737 1834 795 nonnullorum
1846 744 2195 795 sanctorum

530 836 707 878 mens
752 822 1005 890 fuisset;
1056 839 1273 881 censeo
1320 824 1383 882 id
1425 826 1655 883 dictum
1687 826 1868 883 fuisse
1899 843 1936 884 a
1966 827 2195 884 Christo

530 909 716 966 etiam
758 910 1098 967 secundum
1131 911 1575 971 humanitatem
1615 919 1673 971 et
1715 914 2195 972 humiliationem

529 998 872 1073 miramque
884 999 1314 1058 demissionem
1327 1002 1404 1059 ad
1415 1002 1752 1061 humanam
1765 1020 1951 1076 quam
1968 1020 2103 1060 assu
2112 1020 2166 1058 m
2175 1037 2195 1047 -

532 1089 653 1161 psit
680 1094 987 1159 naturam,
1014 1090 1077 1146 in
1107 1107 1231 1163 qua
1256 1107 1381 1149 non
1404 1109 1580 1148 secus
1599 1098 1781 1167 atque
1808 1111 1921 1150 nos
1949 1094 2115 1149 carni
2140 1098 2196 1149 et

532 1178 822 1248 sanguini
860 1180 1257 1253 participavit.
1308 1182 1608 1238 Serrensis
1656 1182 1850 1239 dixit:
1897 1182 2195 1249 Quoniam

531 1266 949 1338 evangelicum
966 1269 1079 1325 hoc
1101 1268 1327 1325 dictum
1348 1286 1361 1325 :
1386 1272 1567 1328 Pater
1581 1288 1744 1328 meus
1761 1275 1961 1342 major
1977 1288 2067 1329 me
2089 1278 2193 1343 est,

532 1357 724 1413 sancti
748 1360 947 1414 Patres
979 1357 1078 1413 alii
1108 1358 1281 1415 aliter
1309 1359 1679 1433 interpretati
1720 1366 1906 1430 sunt;
1948 1366 2005 1418 et
2042 1378 2194 1434 quo-

530 1444 697 1501 niam
723 1446 943 1503 horum
972 1448 1246 1506 nonnulli
1276 1450 1453 1508 etiam
1489 1451 1829 1508 secundum
1854 1452 2195 1510 humanita-

528 1538 653 1591 tem
683 1536 799 1593 hoc
828 1536 1014 1595 fuisse
1046 1538 1352 1611 prolatum
1382 1540 1786 1606 afﬂrmarunt,
1816 1542 2040 1614 recipio
2070 1559 2195 1599 am-

526 1624 877 1699 plectorque
906 1633 1157 1685 cunctas
1190 1635 1543 1688 sanctorum
1561 1633 1809 1688 Patrum
1838 1632 2190 1703 locutiones,

527 1729 776 1788 unaque
805 1716 964 1775 hanc
993 1733 1132 1790 qua:
1162 1718 1392 1775 dictum
1420 1719 1599 1776 refert
1625 1721 1706 1777 ad
1731 1721 2193 1779 humanitatem.

2306 581 2406 632 μου
2462 568 2652 635 μείζων
2700 568 2800 636 μού
2846 563 2979 629 ἐστι,
3038 565 3130 614 καὶ
3199 558 3440 616 ἐτυπώθη
3504 567 3566 630 τῇ
3627 562 3928 632 προτεραίᾳ

2304 651 2747 715 κατεξετασθῆναι
2800 662 2911 715 πῶς
2963 672 3099 713 τινες
3161 659 3261 702 τῶν
3321 648 3485 719 ἁγίων
3552 650 3865 721 προσέθεντο
3905 664 3919 678 ⁸

2304 745 2392 793 καὶ
2445 746 2581 795 κατὰ
2636 747 2695 795 τό
2746 742 3064 817 ἀνθρώπινον
3111 748 3211 792 νοῶ
3259 746 3415 791 τοῦτο
3480 737 3724 813 εἰρῆσθαι
3786 738 3921 812 παρ’

2304 830 2463 882 αὐτοῦ
2509 828 2601 884 διὰ
2664 838 2759 891 τὴν
2816 836 3128 884 ταπείνωσιν
3180 834 3270 882 καὶ
3328 832 3423 886 τὴν
3479 828 3645 899 ἄκραν
3703 846 3919 898 συγκα-

2301 919 2523 973 τάϐασιν
2576 925 2706 995 πρὸς
2752 926 2844 981 τὴν
2898 924 3053 994 φύσιν
3095 939 3187 978 την
3239 916 3563 993 ἀνθρωπίνην
3615 915 3674 975 ἣν
3721 936 3893 991 προσε

2303 1008 2504 1078 λάϐετο,
2564 1012 2680 1063 καθ’
2734 1011 2794 1069 ἣν
2842 1009 3227 1086 παραπλησίως
3277 1010 3403 1080 ἡμῖν
3453 1010 3649 1081 σαρκός
3692 1010 3781 1059 καὶ
3832 1006 3919 1059 αἶα

2302 1118 2467 1171 ματος
2516 1106 2901 1159 κεκοινώνηκεν.
2954 1099 3012 1152 '0
3060 1097 3255 1172 Σερρῶν
3309 1098 3444 1150 εἶπεν
3496 1097 3578 1148 ὅτι
3629 1099 3699 1149 Τὸ
3760 1095 3920 1168 εὐαί-

2301 1188 2504 1260 γελικόν
2556 1196 2709 1241 τοῦτο
2754 1191 2912 1265 ῥητόν
2955 1192 3034 1259 τό,
3086 1188 3145 1240 '0
3195 1191 3373 1262 Πατήρ
3428 1205 3528 1258 μου
3573 1188 3764 1258 μείζων
3811 1188 3922 1258 μού

2303 1275 2435 1344 ἐστι,
2508 1274 2753 1353 διάφοροι
2815 1286 2916 1330 τῶν
2982 1278 3143 1348 ἁγίων
3204 1279 3443 1349 Πατέρων
3513 1270 3773 1349 διαφόρως
3825 1277 3922 1327 εῦ-

2301 1372 2564 1440 ρηκασινο
2613 1366 2723 1420 ἐπεὶ
2777 1364 2835 1420 δι
2882 1386 3010 1427 τινες
3066 1368 3259 1418 τούτων
3301 1368 3392 1417 καὶ
3435 1366 3574 1416 κατὰ
3615 1367 3672 1415 τό
3722 1362 3926 1435 ἀνθρώ-

2301 1474 2447 1507 πινον
2506 1453 2646 1509 εἶπον
2705 1456 2971 1529 εἰρῆσθαι,
3038 1452 3375 1527 ἀποδέχομαι
3434 1456 3523 1525 μὲν
3587 1456 3675 1504 καὶ
3740 1451 3922 1504 ἀσπα-

2306 1545 2464 1617 ζομαι
2538 1548 2714 1608 πάσας
2795 1548 2888 1608 τὰς
2961 1554 3063 1598 τῶν
3140 1544 3303 1616 ἁγίων
3400 1546 3637 1617 Πατέρων
3722 1544 3917 1613 φωνὰς,

2306 1633 2434 1686 ἀλλὰ
2493 1631 2560 1692 δὴ
2617 1640 2708 1687 καὶ
2752 1639 2949 1693 ταύτην
3004 1639 3100 1692 τήν
3157 1635 3296 1685 κατὰ
3346 1636 3403 1685 τὸ
3462 1630 3781 1704 ἀνθρώπινον
3839 1630 3922 1682 λέν

2302 1743 2525 1796 γουσαν.
2611 1724 2956 1799 Ἀνθρώπινον
3043 1721 3103 1776 δὲ
3170 1726 3301 1794 λέγω
3371 1727 3462 1781 τὴν
3529 1721 3580 1775 ἂν
3633 1721 3773 1791 αὐτῷ
3841 1727 3921 1791 τῷ

529 1801 717 1861 Porro
755 1805 1202 1864 humanitatem
1250 1807 1519 1879 intelligo
1557 1812 1824 1867 creatam
1866 1811 1929 1866 in
1963 1811 2194 1867 Christo

2312 1821 2516 1887 Χριστῷ
2565 1819 2786 1872 κτιστην
2840 1817 3017 1886 φύσιν,
3072 1814 3189 1865 καθ’
3244 1811 3303 1870 ἣν
3346 1810 3733 1884 παραπλησίως
3787 1811 3921 1882 ἡμῖν

529 1897 839 1968 naturam,
877 1896 942 1952 in
987 1912 1113 1970 qua
1161 1911 1335 1970 asque
1377 1914 1451 1955 ac
1486 1914 1599 1957 nos
1627 1899 1797 1957 carni
1825 1906 1883 1957 et
1914 1900 2196 1971 sanguini

532 1985 1030 2043 communicavit.

605 2079 660 2129 7.
711 2074 987 2132 Enensis
1038 2074 1233 2133 dixit:
1274 2076 1511 2134 Domini
1558 2081 1617 2135 et
1654 2078 1754 2135 Dei
1786 2084 1843 2136 et
1869 2078 2198 2136 Servatoris

534 2166 728 2224 nostri
756 2166 895 2221 Jesu
921 2165 1133 2223 Christi
1171 2182 1507 2233 sermones,
1542 2167 1727 2225 modo
1756 2168 2199 2225 humanitatem

535 2259 831 2329 spectant,
881 2255 1068 2313 modo
1117 2257 1474 2315 sententiam
1513 2258 1593 2315 ad
1635 2257 2008 2314 divinitatem
2057 2257 2199 2313 diri-

466 2356 469 2357 '
537 2351 708 2418 gunt.
741 2348 891 2403 Cum
921 2346 1102 2416 igitur
1130 2348 1568 2404 humanitatem
1606 2348 2027 2421 respiciebant,
2061 2352 2201 2403 tunc

541 2440 817 2496 Servator
862 2438 1161 2508 majorem
1207 2441 1441 2495 Patrem
1481 2438 1900 2504 conﬁtebatur,
1951 2443 2016 2493 ut
2051 2453 2199 2493 verae

536 2527 969 2585 incarnationis
992 2527 1179 2583 ﬁdem
1195 2527 1436 2585 faceret.
1462 2531 1582 2585 Hoc
1601 2532 1804 2585 autem
1825 2528 1911 2583 sic
1940 2527 2200 2600 afﬁrmo,

539 2620 607 2673 ut
660 2619 905 2673 caeteras
952 2633 1077 2673 non
1119 2633 1407 2690 respuam
1457 2622 1810 2673 sanctorum
1858 2617 2198 2689 opiniones.

542 2705 890 2764 Dristrensis
938 2707 1134 2779 primo
1180 2706 1431 2779 quidem
1469 2706 1699 2763 dixerat
1747 2722 1810 2761 se
1850 2722 1989 2762 cum
2031 2706 2203 2762 Athe-

541 2795 735 2851 niensi
755 2795 1138 2868 metropolita
1166 2795 1503 2853 consentire
1530 2812 1543 2850 :
1575 2795 1793 2852 deinde
1813 2794 2018 2852 audita
2040 2810 2101 2850 re
2112 2810 2204 2851 ve-

540 2884 891 2942 rendissimi
921 2891 979 2941 et
1005 2885 1213 2955 magni
1238 2885 1538 2942 (nconomi
1570 2886 1882 2952 sententia,
1915 2888 1999 2941 ait
2030 2901 2094 2940 se
2127 2884 2204 2940 ab

542 2976 925 3033 Atheniensis
955 2980 1153 3032 mente
1178 2975 1509 3041 discedere,
1532 2980 1714 3047 atque
1744 2975 1819 3031 ad
1840 2976 2209 3032 reverendis-

546 3065 684 3122 simi
715 3067 1075 3122 sententiam
1106 3064 1393 3122 accedere
1435 3080 1696 3137 eamque
1741 3065 1934 3136 sequi.
1986 3068 2207 3137 Corcy-

542 3154 737 3211 rensis
771 3154 921 3211 dixit
944 3171 963 3209 :
998 3153 1415 3226 Comperimus
1440 3153 1502 3209 in
1530 3153 1856 3223 evangeliis
1885 3171 1921 3210 a
1953 3154 2206 3211 Domino
2237 3185 2277 3239 ο

545 3245 781 3300 Patrem
801 3243 1098 3314 majorem
1121 3242 1336 3311 dici,et
1359 3242 1547 3298 Deum
1572 3258 1816 3316 quoque
1848 3260 2046 3305 suum,
2067 3259 2208 3299 cum

549 3331 667 3390 ait:
692 3337 871 3389 Deum
890 3348 1086 3389 meum
1116 3338 1170 3389 et
1192 3334 1381 3389 Deum
1412 3339 1673 3389 vestrum
1698 3336 1766 3389 3‘.
1796 3334 2084 3390 Existimo
2107 3349 2210 3389 au-

545 3426 672 3479 tem
694 3421 1008 3494 utriusque
1033 3421 1313 3478 dictionis
1332 3438 1541 3494 parem
1568 3439 1703 3480 esse
1733 3424 1879 3480 vim.
1911 3423 2211 3489 Quoniam

547 3526 690 3569 vero
747 3513 1180 3582 Damascenus,
1230 3511 1334 3581 ait,
1380 3511 1735 3569 humanitus
1774 3529 1913 3568 cuin
1964 3511 2214 3568 mentali

550 3599 931 3656 distinctione
981 3602 1168 3657 Deum
1215 3616 1390 3657 suum
1433 3601 1662 3657 dictum
1702 3617 1836 3658 esse
1886 3601 2121 3657 Patrem
2177 3617 2214 3657 a

551 3689 808 3745 Domino
833 3707 847 3758 ;
868 3688 1083 3747 eadem
1114 3689 1346 3747 ratione
1378 3706 1619 3761 censeo,
1646 3693 1939 3761 majorem
1969 3706 2215 3763 quoque

552 3778 923 3853 appellatum
968 3779 1171 3835 fuisse.
1222 3781 1290 3836 Et
1333 3779 1515 3837 simul
1561 3781 1786 3854 recipio
1821 3785 2071 3836 cunctas
2099 3780 2214 3837 hac

551 3884 734 3942 super
756 3885 820 3925 re
849 3874 1196 3927 sanctorum
1224 3871 1471 3928 Patrum
1492 3870 1844 3939 sententias,
1860 3870 1963 3943 qui
1986 3870 2214 3926 dictum

548 3959 613 4017 id
650 3959 832 4015 etiam
874 3958 955 4015 ad
990 3960 1433 4017 humanitatem
1484 3959 1834 4016 retulerunt.
1886 3959 2215 4031 Abydenus

550 4048 734 4105 dixit:
787 4050 910 4120 Ego
956 4048 1116 4105 hanc
1154 4050 1391 4106 Domini
1429 4049 1758 4106 dictionem
1792 4049 1989 4104 sciens
2014 4065 2051 4104 a
2080 4064 2216 4105 san-

550 4138 659 4193 ctis
688 4136 967 4193 Patribus
996 4143 1051 4193 et
1090 4138 1360 4195 Ecclesiae
1390 4137 1742 4194 doctoribus
1768 4138 1935 4194 varie
1960 4137 2214 4209 explica-

551 4229 700 4294 tam,
731 4225 828 4282 aio
857 4227 943 4282 sic
971 4226 1195 4283 dixisse
1225 4227 1526 4284 Christum
1566 4226 1746 4283 etiam
1786 4231 1847 4282 ut
1878 4227 2209 4292 hominem,

552 4320 852 4388 quatenus
893 4332 1066 4389 asque
1103 4332 1174 4373 ac
1204 4331 1315 4373 nos
1345 4314 1513 4373 carni
1543 4318 1599 4371 et
1628 4315 1912 4385 sanguini
1941 4330 2213 4369 commu-

550 4403 794 4461 nicavit.
830 4405 1060 4478 Sequor
1090 4409 1291 4463 autem
1325 4403 1720 4461 Heracliensis
1757 4418 1999 4475 quoque
2037 4407 2094 4458 et
2123 4402 2213 4457 Ni—

551 4493 955 4551 comediensis
1019 4494 1398 4552 sententiam.
1465 4492 1901 4565 Methymnaeus
1959 4491 2209 4559 dixerat,

551 4584 722 4656 sequi
747 4599 809 4639 se
840 4582 1226 4657 Corcyrensis
1268 4582 1672 4639 sententiam:
1723 4585 1937 4653 postea
1984 4585 2208 4650 tamen,

550 4673 769 4729 auditis
801 4673 1284 4746 patriarcharum
1320 4672 1583 4743 judiciis,
1618 4675 1850 4727 mutata
1889 4676 2089 4726 mente
2128 4672 2212 4726 ait

548 4778 612 4820 se
645 4763 952 4821 discedere
999 4780 1037 4820 a
1087 4764 1467 4835 Corcyrensis
1510 4761 1824 4827 sententia,
1868 4766 2047 4834 atque
2093 4761 2206 4818 illis

547 4854 1067 4912 sanctissimorum
1097 4852 1579 4926 patriarcharum
1604 4851 1932 4909 adhaerere.

548 4948 729 5016 γνώμη
790 4965 803 4978 ·

2308 1907 2501 1978 σαρκὸς
2530 1909 2622 1956 καὶ
2646 1906 2870 1976 αἳματος
2894 1908 3278 1961 κεκοινώνηκεν.

2380 2080 2445 2143 ζ’.
2483 2081 2542 2134 Ὀ
2592 2085 2747 2135 Αἴνου
2786 2078 2921 2134 εἶπεν
2951 2100 2963 2112 ·
3007 2083 3073 2134 Οἱ
3111 2088 3202 2133 τοῦ
3248 2083 3443 2153 Κυρίου
3498 2083 3587 2131 καὶ
3639 2084 3775 2132 Θεοῦ
3826 2082 3922 2130 καὶ

2308 2180 2541 2246 Σωτῆρος
2624 2173 2770 2243 ἡμῶν
2854 2173 3031 2230 Ἰησοῦ
3115 2176 3340 2243 Χριστοῦ
3413 2168 3559 2241 λόγοι
3626 2172 3750 2221 ποτε
3826 2171 3920 2240 μὲν

2307 2264 2438 2334 πρὸς
2499 2265 2558 2313 τὸ
2618 2259 2937 2335 ἀνθρώπινον
3000 2259 3261 2332 ἀφεώρων,
3325 2260 3450 2311 ποτὲ
3517 2254 3575 2310 δὲ
3655 2260 3784 2331 πρὸς
3860 2260 3921 2311 τὸ

2312 2353 2443 2403 θεῖον
2491 2349 2878 2424 ἑχειραγώγουν
2922 2354 3011 2407 τὴν
3062 2346 3318 2401 διάνοιαν.
3366 2346 3488 2400 Ὀτι
3521 2354 3646 2417 γοῦν
3690 2350 3816 2421 πρὸς
3858 2350 3922 2398 τό

2312 2438 2632 2514 ἀνθρώπινον
2710 2437 3050 2507 ἁπετείνοντο,
3122 2442 3240 2491 τότε
3315 2439 3340 2488 ό
3415 2441 3594 2509 Σωτήρ
3667 2435 3927 2509 ὡμολόγει

2313 2533 2400 2580 τὸν
2453 2532 2660 2601 Πατέρα
2711 2529 2928 2600 μείζονα
2984 2527 3190 2594 ἑαυτοῦ,
3240 2529 3587 2599 πιστούμενος
3641 2530 3735 2582 την
3785 2525 3927 2578 οἰκο-

2311 2623 2520 2689 νομίαν.
2569 2621 2718 2688 Λέγω
2772 2613 2830 2669 δὲ
2875 2624 3028 2669 τοῦτο
3067 2618 3198 2688 μετὰ
3237 2623 3339 2668 τῶν
3389 2614 3551 2667 ἄλλων
3595 2615 3662 2665 ὧν
3696 2617 3745 2666 οἱ
3780 2614 3930 2685 οἶγιοι

2312 2706 2570 2778 λέγουσιν.
2624 2706 2681 2757 Ὀ
2727 2711 2985 2779 Δρίστρας
3042 2714 3225 2779 πρῶτα
3285 2707 3374 2776 μὲν
3432 2703 3565 2756 εἶπεν
3624 2704 3927 2776 ὁμοφρόνως

2314 2803 2513 2869 φρονεῖν
2566 2803 2636 2865 τῷ
2700 2795 3058 2869 μητροπολίτῃ
3129 2794 3358 2852 Ἀθηνῶν
3394 2814 3407 2827 ·
3477 2791 3585 2846 ἐπεὶ
3648 2788 3707 2844 δὲ
3770 2792 3921 2846 ὔστε-

2312 2904 2400 2959 ρον
2469 2886 2770 2959 ηκροάσατο
2829 2893 2923 2945 τῆς
2965 2889 3177 2956 γνώμης
3228 2890 3321 2934 τοῦ
3378 2883 3665 2956 ῦπερτίμου
3708 2888 3797 2935 καὶ
3833 2900 3923 2953 με·

2311 2975 2474 3047 γάλου
2520 2975 2810 3047 οἰκονόμου,
2872 2973 3172 3046 μεταϐαλών
3222 2970 3377 3039 εἶπεν,
3439 2971 3765 3044 ἀφίστασθαι
3831 2975 3929 3044 μὲν

2312 3071 2409 3125 τῆς
2460 3072 2552 3116 τοῦ
2602 3064 2828 3120 Ἀθηνῶν
2888 3068 3120 3135 γνώμης,
3169 3062 3545 3136 προστίθεσθαι
3596 3057 3655 3114 δὲ
3708 3068 3771 3125 τῇ
3830 3068 3931 3113 τοῦ

2317 3154 2602 3227 ὑπιρτίμου
2649 3158 2852 3224 γνώμη,
2897 3157 2989 3204 καὶ
3042 3155 3207 3223 ταύτῃ
3254 3157 3510 3221 στοιχεῖν.
3541 3149 3600 3202 '0
3648 3153 3929 3224 Κερκύρων

2319 3239 2453 3296 εἶπεν
2495 3263 2509 3276 ο
2579 3244 2894 3314 Εὐρίσκεται
2960 3240 3008 3293 ἐν
3074 3247 3182 3302 τοῖς
3244 3238 3574 3310 Εὐαγγελίοις
3638 3240 3664 3290 ὁ
3732 3241 3930 3314 Κύριος

2318 3336 2408 3384 καὶ
2498 3333 2713 3403 μείζονα
2816 3329 3003 3382 ἑαυτοῦ
3103 3332 3187 3381 τὸν
3262 3331 3471 3403 Πατέρα
3568 3328 3746 3401 λέγων,
3835 3333 3935 3380 καὶ

2320 3423 2451 3473 Θεὸν
2508 3418 2668 3471 αὐτοῦ
2718 3418 2768 3471 ἐν
2826 3426 2898 3487 τῷ
2952 3416 3115 3488 λέγειν
3181 3421 3272 3470 καὶ
3327 3423 3457 3471 Θεόν
3508 3437 3609 3489 μου
3647 3421 3738 3469 καὶ
3796 3422 3932 3470 Θεὸν

2320 3510 2484 3581 ὑμῶν.
2523 3507 2781 3579 Ἠγοῦμαι
2819 3503 2878 3559 δὲ
2914 3505 3180 3580 ἀμφότερα
3221 3509 3289 3559 τὰ
3347 3505 3577 3579 ὀνόματα
3627 3502 3932 3578 ἰσοδύναμα

2323 3595 2486 3651 εἶναι·
2542 3597 2650 3649 ἐπεὶ
2700 3604 2823 3667 γοῦν
2875 3616 3033 3669 φησιν
3086 3598 3111 3647 ό
3169 3598 3515 3669 Δαμασκηνός
3563 3593 3931 3671 ἁνθρωποπρε-

2321 3698 2427 3749 πῶς
2493 3684 2586 3741 διὰ
2641 3692 2735 3746 τὴν
2793 3687 2908 3739 κατ’
2972 3686 3202 3740 ἐπίνοιαν
3255 3683 3515 3761 διαίρεσιν
3575 3690 3703 3741 Θεὸν
3763 3683 3931 3738 αὐτοῦ

2323 3779 2580 3852 εἰρηκέναι
2643 3781 2728 3829 τόν
2801 3780 3029 3850 Πατέρα,
3114 3779 3202 3830 τὸν
3280 3778 3467 3848 Κύριον
3549 3795 3682 3849 φημι
3738 3792 3751 3805 ·
3837 3780 3937 3828 καὶ

2323 3870 2537 3942 μείζονα
2604 3868 2789 3920 ἑαυτοῦ
2851 3868 3016 3929 οὕτως
3069 3864 3258 3929 ἐξεῖπεν
3293 3883 3305 3895 ·
3376 3863 3766 3938 ἀποδεχόμενος
3837 3872 3937 3919 καὶ

2321 3959 2497 4020 πάσας
2547 3960 2637 4018 τὰς
2682 3962 2799 4030 περὶ
2849 3959 3045 4010 τούτων
3088 3964 3188 4008 τῶν
3245 3954 3404 4027 ἁγίων
3455 3959 3695 4029 Πατέρων
3760 3957 3938 4026 φωνὰς

2321 4055 2419 4100 τῶν
2473 4052 2563 4098 καὶ.
2620 4048 2756 4098 κατὰ
2804 4048 2861 4097 τό
2911 4043 3229 4118 ἀνθρώπινον
3274 4044 3516 4117 εἰρῆσθαι
3563 4052 3714 4096 τοῦτο
3754 4043 3941 4115 λεγόν-

2318 4155 2437 4190 των.
2468 4134 2527 4187 '0
2573 4131 2799 4188 Ἀϐύδου
2847 4131 2985 4186 εἶπεν
3013 4155 3025 4167 ⁸
3078 4134 3228 4206 Ἐγὼ,
3269 4137 3363 4193 τὴν
3418 4141 3512 4186 τοῦ
3559 4137 3756 4207 Κυρίου
3804 4137 3937 4185 ταύ-

2322 4243 2414 4282 την
2464 4228 2632 4295 φωνὴν
2679 4227 2772 4280 τὴν
2820 4222 3083 4293 λεγουσιν,
3142 4225 3223 4275 ὄτι
3261 4222 3318 4274 Ὀ
3365 4227 3546 4295 Πατήρ
3590 4241 3690 4295 μου
3733 4222 3934 4294 μείζων

2320 4314 2421 4385 μού
2462 4310 2623 4380 ἐστιν,
2675 4308 2824 4372 εἰδὼς
2852 4315 2969 4374 τοὺς
3020 4311 3203 4384 ἁγίους
3249 4314 3484 4387 Πατέρας
3531 4317 3621 4364 καὶ
3663 4307 3935 4364 διδασκοί-

2319 4399 2435 4461 λους
2500 4410 2593 4462 τῆς
2673 4399 2984 4463 Ἐκκλησίας
3056 4404 3190 4454 κατὰ
3251 4401 3536 4477 διαφόρους
3602 4398 3936 4473 ἐξηγησαμέ-

2318 4510 2437 4552 νους
2492 4489 2753 4560 ἱπιϐολάς,
2798 4490 2931 4563 λέγω
2996 4490 3255 4565 εἰρηκέναι
3322 4494 3408 4544 τόν
3466 4495 3657 4565 Κύριον
3714 4494 3806 4542 καὶ
3864 4492 3937 4551 ὡς

2318 4581 2604 4653 ἄνθρωπον.
2665 4581 2784 4633 καθ’
2836 4579 2862 4633 ὃ
2931 4579 3311 4654 παραπλησίως
3372 4582 3498 4653 ἡμῖν
3576 4583 3774 4655 σαρκὸς
3837 4584 3937 4634 καὶ

2319 4671 2541 4744 αἵματος
2607 4676 2945 4729 κεκοινώνηκε
2990 4691 3004 4704 ·
3079 4678 3280 4743 στοιχῶ
3356 4664 3416 4725 δὲ
3478 4673 3566 4723 καὶ
3630 4677 3692 4743 τῇ
3741 4674 3931 4744 γνώμῃ

2316 4768 2408 4813 τοῦ
2471 4779 2526 4813 τε
2622 4759 2921 4833 Ἡρακλείας
3017 4764 3106 4813 καὶ
3205 4767 3297 4813 τοῦ
3389 4755 3768 4832 Νικομηδείας.
3870 4758 3936 4812 '0

2316 4852 2609 4922 Μηθύμνης
2678 4846 2787 4903 εἶπε
2864 4852 2954 4922 μὲν
3033 4856 3268 4923 στοιχεῖν
3335 4857 3400 4922 τῇ
3471 4856 3564 4902 τοῦ
3652 4850 3935 4923 Κερκύρων

2816 3329 3003 3382 ἑαυτοῦ
3103 3332 3187 3381 τὸν
3262 3331 3471 3403 Πατέρα

881 4943 1267 5016 ἀκροασάμενος
1340 4939 1400 4994 δὲ
1471 4944 1603 5014 μετὰ
1684 4949 1853 4994 ταῦτα
1918 4949 2017 4993 τῶν
2083 4948 2487 5016 πατριαρχικῶν
2560 4948 2800 5013 γνωμῶν,
2868 4937 3168 5012 μεταϐαλὼν
3236 4935 3371 4993 εἶπεν
3438 4936 3763 5012 ἀφίστασθαι
3834 4940 3936 5011 μεν

545 5039 609 5092 τῆ
622 5052 642 5094 ς
666 5039 760 5085 τοῦ
801 5035 1076 5109 Κερκύρων
1097 5035 1279 5103 γνώμη
1291 5051 1331 5096 ς,
1365 5038 1598 5102 στοιχεῖν
1621 5027 1680 5084 δὲ
1704 5038 1816 5093 ταῖς
1844 5040 1944 5083 τῶν
1970 5030 2273 5103 ἁγιωτάτων
2302 5038 2672 5104 πατριαρχῶν.

614 5127 669 5178 8.
713 5121 1208 5179 Lacedaemonius
1233 5120 1420 5176 dixit:
1450 5120 1780 5177 Verborum
1810 5121 1999 5178 Pater
2040 5136 2203 5179 meus

542 5212 744 5280 major
770 5228 863 5266 me
881 5217 965 5267 est
995 5209 1513 5282 interpretationes
1544 5212 1641 5268 SS.
1666 5214 1906 5269 Patrum
1941 5210 2208 5282 Gregorii

542 5297 829 5367 theologi,
880 5298 1075 5356 Basilii
1124 5298 1338 5370 Magni,
1385 5305 1442 5357 et
1498 5300 1909 5374 Chrysostomi
1956 5315 2207 5356 veneror

543 5385 889 5459 recipioque
922 5406 934 5443 :
982 5388 1073 5444 aio
1104 5389 1352 5460 insuper
1376 5406 1617 5447 carnem
1646 5391 1880 5447 ratione
1912 5396 1969 5447 et
1996 5390 2206 5448 anima

539 5475 858 5547 praeditam
883 5482 1226 5552 susceptam
1239 5493 1275 5536 a
1288 5478 1545 5538 Domino
1556 5484 1777 5538 nostras
1793 5479 2000 5539 salutis
2019 5495 2206 5538 causa

613 5670 660 5707 “
697 5672 865 5730 Joan.
901 5688 993 5731 xx.
1028 5680 1110 5733 l7.

2385 5120 2450 5178 η’.
2501 5126 2560 5173 ‘0
2612 5115 3039 5191 Λακεδαιμονίοις
3091 5115 3228 5173 εἶπαν
3287 5119 3369 5172 ὅτι
3421 5120 3524 5182 Τὰς
3560 5122 3681 5195 πέρὶ
3725 5125 3818 5171 τοῦ
3873 5117 3936 5173 '0

2321 5216 2502 5285 Πατήρ
2584 5229 2683 5283 μου
2759 5212 2950 5282 μείζων
3043 5211 3144 5282 μού
3229 5208 3372 5262 ἐστιν
3464 5209 3733 5283 ἑρμηνείας
3824 5217 3932 5262 τῶν

2320 5299 2478 5371 ἁγίων
2534 5304 2797 5375 Πατίρων,
2866 5302 3028 5371 ἤγουν
3104 5304 3397 5375 Γρηγορίου
3469 5306 3564 5353 τοῦ
3647 5297 3927 5371 Θεολόγου,

2319 5388 2591 5442 Βασιλείου
2676 5397 2769 5441 τοῦ
2846 5387 3097 5462 μεγάλου,
3179 5393 3269 5443 καὶ
3344 5395 3438 5442 τοῦ
3516 5391 3932 5462 Χρυσοστόμου,

2314 5486 2594 5555 προσκυνῶ
2639 5482 2731 5533 καὶ
2781 5474 3124 5553 ἀποδέχομαι
3155 5500 3170 5517 ο
3219 5478 3351 5555 λέγω
3410 5475 3698 5575 δεμτὶρκα
3755 5479 3933 5532 ἔννουν
