4148 6380
498 310 602 363 247

1836 308 2121 367 ΝΙΟΕΤΛΕ
2159 309 2532 369 CHONIAT/E

3764 309 3877 369 248

498 430 681 497 fuisse
709 431 888 487 Pater
910 444 1073 486 meus
1116 431 1320 501 major
1359 447 1449 490 me
1493 437 1595 489 est.
1640 433 1951 490 Dereensis
1983 434 2149 505 dixit,

2281 434 2315 487 ἓν
2366 436 2506 507 αὐτῷ
2537 440 2757 495 κτιστὴν
2785 438 2964 508 φύσιν,
3004 432 3126 488 καθ’
3151 437 3215 494 ἦν
3244 438 3334 488 καὶ
3362 436 3582 489 πέπονθε
3621 432 3696 489 δι’
3714 437 3877 510 ἡμᾶς,

496 521 582 578 ire
639 535 700 575 se
748 518 1004 592 pedibus
1037 519 1101 575 in
1141 521 1499 578 sententiam
1530 524 1847 581 Cretensis.
1878 524 2158 583 Similiter

497 610 678 668 etiam
709 608 1122 665 Anchialensis
1152 608 1299 666 dixit
1330 627 1392 667 se
1419 628 1665 685 prorsus
1696 630 1836 670 eum
1867 614 2157 684 sutfragio

497 698 789 755 Cretensis
806 698 1175 771 conspirare.

574 881 659 947 10,
687 876 1246 935 Reverendissimus
1275 882 1333 936 et
1360 896 1623 952 magnus
1650 898 2005 939 meonomus
2036 881 2154 937 ait:

495 966 671 1026 Multa
694 966 942 1041 quidem
964 966 1163 1024 dicere
1193 968 1504 1038 haberem,
1531 970 1934 1044 quamobrem
1959 970 2157 1026 existi-

495 1072 659 1113 mem
688 1056 919 1113 dictum
942 1072 977 1113 a
1006 1057 1260 1114 Domino
1292 1061 1525 1115 Patrem
1553 1061 1846 1132 majorem
1873 1060 1953 1116 ob
1984 1076 2158 1116 suam

498 1146 677 1205 etiam
728 1146 1213 1215 humanitatem;
1264 1155 1579 1205 contentus
1624 1156 1823 1206 tamen
1874 1167 1977 1206 ero
2016 1166 2158 1223 apo-

500 1235 712 1295 stolico
737 1235 1044 1292 brevitatis
1066 1252 1252 1292 causa
1281 1238 1461 1293 effalo
1489 1254 1563 1295 ex
1607 1256 1726 1295 uno
1761 1257 1981 1306 omnes,
2033 1249 2159 1295 tum

497 1327 604 1399 qui
644 1326 1005 1393 sanctiﬁcat,
1030 1330 1155 1380 tum
1195 1328 1595 1397 sanctiﬁcati;
1633 1334 1811 1402 utque
1841 1328 1955 1384 hac
1997 1328 2161 1383 verbi

497 1430 620 1471 uno
650 1413 1163 1484 interpretatione,
1203 1414 1369 1485 quod
1409 1432 1628 1490 nempe
1659 1417 2002 1474 communis
2032 1434 2161 1474 om-

495 1504 667 1561 nium
708 1506 878 1558 Pater
915 1506 1004 1558 est
1047 1504 1223 1568 Deus,
1266 1509 1333 1560 ut
1362 1505 1549 1562 factor
1579 1512 1761 1580 atque
1792 1513 2025 1563 creator
2058 1524 2072 1574 ;
2105 1511 2165 1564 et

496 1592 745 1666 quidem
778 1591 955 1647 etiam
994 1591 1184 1664 ipsius
1229 1594 1457 1667 Christi,
1492 1601 1793 1669 quatenus
1824 1598 2009 1652 homo
2053 1600 2159 1651 est.

497 1681 764 1753 Nihilque
813 1681 1138 1747 absonum,
1186 1683 1235 1737 si
1277 1685 1613 1742 secundum
1669 1686 1828 1742 hanc
1868 1686 2164 1742 rationem

2269 525 2511 598 ἱερῆα-θαι
2577 530 2635 579 τό
2691 525 2749 578 Ὀ
2808 530 2990 600 Πατὴρ
3031 544 3132 598 μου
3185 525 3378 598 μείζων
3443 527 3543 598 μού
3597 524 3759 593 ἐστιν,
3816 526 3880 580 Ὀ

2266 620 2454 687 Δέρκου
2483 614 2619 669 εἶπεν
2652 616 2872 669 ἔπεσθαι
2898 623 2959 688 τῇ
2987 620 3166 687 γνώμη
3193 621 3287 667 τοῦ
3329 619 3539 691 Κρήτης
3568 614 3616 667 ἓν
3653 620 3879 670 ἅπασιν

2265 704 2455 776 ὁμοίως
2484 700 2543 758 δι
2568 709 2660 758 καί
2697 706 2725 757 6
2761 703 3049 777 Ἀγχιάλου
3075 702 3185 758 εἶπα
3221 712 3284 777 τῇ
3326 710 3421 757 τοῦ
3451 706 3664 781 Κρήτης
3689 711 3879 780 γνώμῃ

2267 791 2316 846 ἐν
2346 799 2483 847 πᾶσι
2525 801 2778 868 στοιχεῖν.

2340 880 2389 954 ι’,
2453 881 2512 936 ’0
2580 884 2863 957 ὕπέρτιμος
2928 886 3020 935 καὶ
3109 885 3273 956 μέγας
3365 882 3630 958 οἰκονόμος
3702 884 3876 939 εἶπεν

2267 973 2432 1044 Εἶχον
2488 976 2578 1045 μεν
2648 971 2813 1026 πολλὰ
2886 971 3043 1026 εἰπεῖν
3105 972 3242 1033 ὅπως
3294 979 3395 1026 νοῶ
3462 972 3720 1047 εἰρηκέναι
3787 975 3884 1028 τὸν

2270 1064 2459 1136 Κύριον
2517 1062 2735 1134 μείζονα
2792 1065 2879 1115 τὸν
2930 1065 3137 1136 Πατέρα
3193 1066 3283 1114 καὶ
3319 1063 3459 1114 κατὰ
3494 1065 3553 1115 τὸ
3615 1061 3887 1137 ἀνθρώπι-

2267 1170 2350 1203 νον
2384 1172 2397 1184 ·
2429 1149 2692 1227 ἀρκοῦμαι
2731 1148 2794 1204 δι
2828 1159 2900 1222 τῷ
2951 1149 3280 1222 ἀποστολικῷ
3339 1152 3484 1226 ῥητῷ
3533 1147 3625 1205 διὰ
3667 1150 3891 1227 βραχυ-

2269 1239 2443 1312 λογίαν
2504 1248 2577 1312 τῷ
2641 1240 2802 1301 οὕτως
2852 1239 3071 1311 λέγοντι,
3136 1242 3201 1301 ως
3269 1240 3355 1302 Ἐξ
3419 1238 3525 1301 ἐνὸς
3587 1242 3791 1313 πάντες,
3856 1241 3888 1294 ὃ

2268 1349 2322 1382 τε
2374 1329 2604 1401 ἁγιάζων
2655 1334 2745 1382 καὶ
2784 1331 2833 1382 οἱ
2873 1328 3212 1402 ἁγιαζόμενοι
3255 1349 3268 1363 ⁸
3311 1333 3401 1381 καὶ
3445 1337 3519 1401 τῷ
3574 1329 3890 1405 ἑρμηνεύον-

2270 1438 2323 1471 τι
2379 1422 2437 1471 τὸ
2505 1418 2558 1481 ἐξ
2611 1418 2740 1483 ἐνὸς,
2798 1420 2878 1472 ὃτι
2933 1422 3101 1479 κοινὸς
3166 1418 3371 1471 πάντων
3418 1423 3592 1493 πατὴρ
3657 1417 3799 1472 ἔστιν
3860 1420 3892 1472 6

2274 1511 2425 1576 Θεὸς,
2475 1510 2545 1570 ὡς
2605 1513 2825 1570 κτίστης
2883 1513 2973 1560 καὶ
3023 1504 3371 1581 δημιουργὸς,
3441 1512 3530 1561 καὶ
3587 1508 3748 1561 αὐτοῦ
3810 1505 3888 1568 δὴ

2273 1605 2365 1649 τοῦ
2414 1604 2651 1671 Χριστοῦ
2695 1592 2790 1649 διὰ
2839 1600 2897 1649 τό
2938 1594 3256 1670 ἀνθρώπινον
3319 1596 3499 1649 αὐτοῦ.
3562 1602 3663 1651 Καὶ
3728 1593 3893 1652 οὐδὲν

2280 1686 2490 1748 ἀπεικος
2543 1684 2760 1738 εἰκατὰ
2812 1690 2899 1739 τὸν
2945 1685 3095 1758 λόγον
3144 1694 3325 1739 τοῦτον
3376 1686 3593 1759 μείζονα
3627 1690 3714 1740 τόν
3772 1693 3893 1740 Πα-

500 1771 803 1842 majorcm
836 1772 1069 1825 Patrem
1100 1786 1161 1826 se
1199 1771 1446 1830 homine
1477 1774 1644 1832 dixit.
1673 1779 1923 1845 Magnus
1956 1778 2165 1832 Scevo-

2281 1780 2402 1850 τέρα
2441 1778 2616 1849 εἴρηκε
2668 1779 2757 1827 καὶ
2807 1778 2872 1835 ὡς
2924 1776 3215 1851 ἄνθρωπος.
3244 1774 3304 1828 Ὀ
3351 1778 3511 1849 μέγας
3564 1775 3897 1848 σκευοφύλαξ

498 1859 731 1934 phylax
753 1859 902 1915 dixit
917 1858 1238 1931 :{Nondum
1264 1862 1325 1918 in
1349 1865 1637 1936 apostolis
1659 1865 1841 1938 plena
1870 1866 2169 1938 ﬁrmaque

500 1954 630 2006 erat
656 1949 733 2005 de
766 1949 1075 2005 Servatore
1118 1948 1272 2006 ﬁdes
1315 1967 1327 2018 ;
1378 1959 1819 2027 proptereaque
1872 1956 2170 2025 majorem

501 2054 713 2095 curam
745 2035 1097 2110 postulabat
1121 2038 1341 2096 horum
1372 2042 1711 2112 inﬁrmitas,
1740 2061 1927 2117 quam
1951 2044 2171 2101 dit-inte

501 2128 708 2201 gloriae
737 2125 1296 2202 magnitudinisque
1322 2131 1773 2190 demonstratio.
1810 2137 2002 2200 Quare
2033 2151 2172 2192 cum

500 2220 725 2277 Iudaeis
759 2232 969 2291 parem
1003 2227 1122 2281 Deo
1152 2237 1211 2277 se
1238 2221 1432 2278 facere
1476 2224 1645 2280 visus
1678 2229 1785 2291 est,
1814 2224 2044 2297 lapides
2074 2226 2176 2281 ad‘

500 2326 712 2367 versus
749 2329 888 2370 eum
932 2314 1318 2371 sustulerunt.
1370 2313 1553 2385 Igitur
1596 2319 1661 2370 ut
1689 2316 2003 2387 paritatem
2035 2332 2174 2372 cum

507 2401 627 2456 Deo
661 2401 1062 2472 subtraheret,
1109 2403 1436 2459 exilitatem
1488 2420 1662 2459 suam
1716 2404 2174 2460 demissionem.

503 2504 625 2561 que
671 2495 727 2545 et
768 2492 1174 2551 humilitatem
1223 2498 1428 2564 aperte
1484 2507 1780 2557 asserens,
1831 2494 2177 2551 humanita-

506 2578 703 2651 tisque
735 2581 1054 2639 modulum
1102 2598 1226 2638 non
1263 2582 1612 2652 indignans,
1651 2588 2176 2657 congruentesque

505 2669 915 2726 extenuationi
945 2671 1277 2728 locutiones
1307 2687 1428 2727 non
1453 2671 1804 2743 repudians,
1829 2677 2174 2746 opportuno

506 2758 779 2829 tempore
804 2762 1095 2832 majorem
1115 2765 1346 2817 Patrem
1370 2760 1710 2833 appellavit,
1731 2766 2029 2833 quatenus
2046 2761 2176 2834 ipse

510 2846 668 2902 servi
707 2847 965 2906 formam
990 2853 1583 2923 aeceperat.Magnus
1610 2849 1959 2906 sacellarius
1986 2849 2173 2906 dixit:

510 2935 891 3006 Unigenitum
907 2938 1166 2995 Verbum
1194 2940 1292 2995 Dei
1318 2943 1373 2994 et
1402 2938 1611 3005 Patris,
1632 2955 1885 3011 prosper
1908 2944 2178 2995 nostram

508 3021 768 3080 salutem
829 3027 1234 3093 exinanitum,
1311 3032 1494 3099 atque
1556 3026 1637 3083 ad
1695 3027 2179 3083 incarnationem

509 3131 705 3187 usque
725 3116 1082 3185 demissum,
1110 3115 1192 3171 ait
1211 3115 1273 3170 in
1296 3115 1654 3187 Evangeliis,
1679 3117 2035 3173 Pater-meus
2056 3130 2179 3173 ma-

503 3209 610 3279 jor
634 3224 727 3266 me
751 3212 858 3273 est,
886 3204 1163 3261 videlicet
1191 3203 1371 3261 etiam
1399 3210 1646 3277 propter
1677 3205 2178 3274 incarnationem,

513 3314 585 3354 ac
632 3301 916 3354 naturam
981 3294 1319 3349 humanam
1367 3310 1554 3365 quam
1597 3293 1876 3351 comitem
1914 3293 2180 3351 habebat

513 3385 872 3460 passibilem
922 3386 1333 3456 ereatamque,
1389 3400 1528 3457 quae
1585 3399 1800 3456 reapse
1852 3399 2034 3456 passa
2072 3387 2179 3454 est,

515 3472 967 3548 Chartophylax
1004 3470 1155 3527 dixit
1194 3488 1209 3527 :
1268 3471 1569 3537 Quoniam
1622 3472 1969 3542 unigenitus
2004 3471 2183 3527 Filius

516 3565 640 3625 Dei.
686 3565 837 3622 Patri
887 3562 1424 3621 consubstantialis
1455 3565 1807 3637 honoreque
1834 3579 1962 3636 par,
1995 3562 2186 3636 perfe-

514 3661 646 3714 ctus
665 3659 837 3723 Deus,
854 3656 1038 3712 homo
1060 3669 1305 3727 quoque
1326 3654 1625 3727 perfectus
1646 3658 1890 3726 propter
1907 3658 2181 3710 nostram

512 3745 771 3806 salutem
822 3745 1015 3803 iactus
1077 3751 1183 3819 est,
1220 3761 1390 3819 reque
1436 3759 1507 3799 ac
1548 3759 1658 3799 nos
1712 3742 1906 3799 carnis
1938 3744 2179 3814 sangui-

511 3837 727 3909 nisque
762 3839 1151 3914 participans,
1203 3836 1430 3894 idcirco
1477 3834 1774 3904 majorem
1809 3836 2040 3889 Patrem
2071 3848 2180 3905 ap-

509 3929 781 4003 pellavit,
804 3930 985 3987 etiam
1008 3927 1345 3986 secundum
1380 3929 1642 3980 creatam
1667 3927 1949 3980 naturam
1981 3939 2177 3992 suam,

509 4018 572 4075 in
601 4035 728 4092 qua
756 4023 814 4075 et
843 4033 1067 4091 passus
1093 4021 1207 4073 est.
1237 4014 1595 4071 Canstrisius
1619 4011 1770 4068 dixit
1815 4029 1828 4067 :
1877 4013 1997 4082 Ego
2026 4029 2177 4085 quo-

509 4122 629 4180 que
658 4107 801 4174 seio,
838 4108 991 4162 inter
1020 4104 1354 4175 exegetieas
1397 4105 1745 4158 sanctorum
1797 4100 2041 4156 Patrum
2083 4117 2179 4156 ex-

508 4194 863 4269 plieationes
881 4193 1042 4252 allati
1058 4194 1264 4265 hujus,
1278 4189 1605 4248 nonnullos
1622 4188 2179 4252 afﬁrmarc,dictum

508 4284 574 4344 id
624 4283 814 4340 fuisse
859 4284 1039 4339 etiam
1096 4281 1172 4337 de
1236 4279 1614 4337 humanitate
1675 4297 1688 4331 :
1737 4278 2178 4334 humanitatem

510 4377 713 4434 autem
741 4371 1010 4442 intelligo
1044 4374 1345 4443 quatenus
1402 4369 1585 4424 homo
1637 4366 1832 4423 factus
1879 4370 1986 4421 est.
2051 4369 2178 4423 Imo

509 4462 692 4519 etiam
739 4460 968 4517 dictum
1019 4458 1286 4530 intelligo
1340 4456 1676 4515 secundum
1718 4454 2178 4512 substantialem

507 4550 949 4626 physicamquc
993 4548 1286 4606 rationem
1351 4546 1749 4605 humanitatis
1779 4560 1915 4619 quae
1943 4543 2004 4601 in
2043 4544 2177 4619 ipso

508 4645 619 4707 est,
649 4640 743 4710 euj
756 4657 821 4696 us
841 4643 1105 4696 creatam
1125 4638 1526 4695 substantiam
1548 4636 1921 4709 hypostatice
1951 4635 2178 4694 increa-

507 4734 581 4789 tae
615 4727 965 4787 substantiae
1006 4728 1240 4787 unitam
1276 4734 1333 4785 et
1373 4726 1717 4784 deiﬁcatam
1762 4725 1842 4783 ob
1869 4742 2173 4783 summam

504 4819 1013 4891 conjunctionem,
1049 4834 1171 4876 non
1200 4818 1515 4875 inconfuse
1550 4815 1745 4872 solum
1773 4820 1831 4873 et
1858 4815 2171 4874 inconver-

2280 1866 2415 1916 εἶπεν
2457 1880 2470 1892 ·
2515 1867 2675 1917 Οὔπω
2730 1864 2795 1917 τα
2869 1872 2967 1925 τῆς
3031 1862 3387 1940 πληροφορίας
3453 1872 3545 1926 τῆς
3608 1871 3727 1941 περὶ
3793 1874 3894 1919 τοῦ

2280 1961 2519 2027 Σωτῆρος
2568 1961 2671 2014 τοῖς
2721 1952 3027 2015 ἀποστόλοις
3084 1950 3145 2012 ἧν
3208 1952 3402 2027 βέϐαια
3433 1971 3445 1984 ·
3488 1959 3579 2007 καὶ
3610 1951 3705 2008 διὰ
3731 1962 3894 2009 τοῦτο

2281 2041 2511 2103 πλείονος
2574 2040 2852 2118 φροντίδος
2907 2042 3121 2105 ἠξιοῦτο
3174 2044 3203 2101 ἠ
3267 2046 3463 2096 τούτων
3531 2041 3791 2115 ἆσθένιια,
3852 2047 3887 2105 ἦ

2282 2134 2312 2190 ἡ
2372 2139 2467 2193 τῆς
2523 2134 2666 2193 θείας
2738 2129 2900 2195 δόξης
2972 2137 3062 2184 καὶ
3141 2131 3541 2206 μεγαλειότητος
3601 2128 3890 2195 ἀνάδειξις.

2280 2220 2405 2273 Ὀτε
2469 2229 2591 2293 γοῦν
2635 2221 2833 2274 ἰσόθεόν
2887 2223 3042 2273 αὑτὸν
3105 2224 3154 2273 οἱ
3186 2218 3440 2275 Ἰουδαῖοι
3478 2221 3605 2284 ὅλως
3646 2220 3894 2293 ἕνόμισαν

2282 2308 2542 2381 λέγεσθαι,
2601 2310 2775 2371 λίθους
2830 2311 2962 2384 ἦραν
3015 2308 3093 2361 ἐπ’
3132 2309 3287 2362 αὐτόν
3319 2330 3333 2344 ο
3379 2307 3466 2363 διὸ
3515 2314 3574 2363 τὸ
3618 2308 3895 2381 ἀνθρωπό-

2284 2418 2439 2460 τητος
2480 2399 2576 2452 οὐκ
2623 2398 2893 2472 ἀτιμάζων
2938 2403 3147 2474 μέτρον,
3206 2403 3325 2462 τοὺς
3372 2408 3436 2473 τῇ
3487 2404 3700 2452 κενώσει
3764 2404 3896 2474 πρέ-

2283 2506 2476 2550 ποντας
2531 2488 2625 2539 οὐκ
2691 2486 3120 2561 ἀποπεμπόμενος
3167 2487 3372 2559 λόγους,
3416 2487 3462 2540 ἐν
3518 2495 3591 2558 τῷ
3648 2492 3902 2561 πρέποντι

2283 2586 2450 2651 καιρῷ
2493 2577 2709 2649 μείζονα
2766 2578 2875 2629 εἶπε
2921 2580 3009 2628 τόν
3054 2580 3279 2650 Πατέρα,
3339 2576 3431 2629 α’τε
3471 2579 3675 2651 μορφὴν
3705 2573 3900 2629 δούλου

2284 2664 2472 2720 λαϐὼν.
2532 2665 2588 2718 Ὁ
2647 2670 2812 2737 μέγας
2880 2663 3218 2739 σακελλάριος
3270 2666 3405 2719 εἶπεν
3434 2682 3447 2694 ·
3501 2664 3561 2717 Ὀ
3612 2669 3900 2738 μονογενὴς

2291 2760 2460 2828 Λόγος
2511 2763 2604 2808 τοῦ
2650 2762 2784 2809 Θεοῦ
2833 2762 2923 2809 καὶ
2971 2759 3176 2828 Πατρός
3232 2760 3324 2808 καὶ
3363 2752 3457 2808 διὰ
3502 2759 3597 2813 τὸν
3645 2757 3893 2829 ἡμετέραν

2290 2849 2553 2919 σωτηρίαν
2607 2846 2841 2906 κενωθεὶς
2896 2849 2987 2897 καὶ
3050 2846 3151 2897 ὑπὸ
3216 2845 3459 2897 σύνθεσιν
3514 2843 3689 2910 ἐλθὼν,
3757 2840 3892 2896 εἶπεν

2287 2931 2335 2984 ἓν
2394 2934 2748 3005 Εὖαγγελίοις,
2818 2934 2876 2986 Ὀ
2931 2938 3114 3006 Πατήρ
3168 2952 3270 3006 μου
3318 2933 3509 3006 μείζων
3582 2936 3683 3007 μού
3758 2931 3902 3001 ἐστι,

2287 3028 2378 3075 καὶ
2437 3019 2533 3075 διὰ
2587 3027 2682 3082 τὴν
2742 3024 3003 3090 σύνθεσιν,
3054 3026 3215 3095 ἤγουν
3271 3019 3365 3075 διὰ
3425 3025 3485 3074 τὸ
3545 3026 3764 3097 φορέσαι
3799 3026 3904 3081 τὴν

2289 3111 2619 3186 ἀνθρωπίνην
2677 3114 2833 3184 φύσιν
2894 3116 2989 3171 τὴν
3040 3113 3284 3171 παθητὴν
3343 3116 3434 3164 καὶ
3489 3115 3726 3179 κτιστὴν,
3780 3113 3905 3172 ητις

2288 3206 2380 3253 καὶ
2436 3202 2702 3254 πέπονθεν.
2771 3200 2829 3253 Ὀ
2896 3200 3239 3276 χαρτοφύλαξ
3294 3207 3449 3253 εἶπεν.
3508 3199 3647 3254 Ἐπεὶ
3712 3202 3739 3253 6
3802 3219 3902 3274 μο-

2288 3296 2501 3364 νογενής
2553 3294 2673 3352 Υἱὸς
2722 3297 2813 3343 τοῦ
2864 3297 2998 3343 Θεοῦ
3051 3292 3077 3343 6
3121 3292 3402 3364 ὀμοούσιος
3464 3298 3536 3361 τῷ
3595 3295 3767 3367 Πατρὶ
3804 3294 3899 3342 καὶ

2291 3383 2560 3454 ὁμοτιμος,
2633 3383 2761 3441 Θεὸς
2830 3379 3018 3441 τέλειος
3075 3380 3163 3447 ὢν,
3235 3384 3327 3432 καὶ
3381 3380 3650 3454 ἄνθρωπος
3714 3384 3901 3453 γέγονε

2291 3469 2495 3541 τέλειος,
2552 3466 2646 3523 διὰ
2698 3474 2790 3528 την
2856 3470 3109 3545 ἡμετέραν
3186 3473 3450 3543 σωτηρίαν
3515 3469 3897 3543 παραπλησίως

2292 3562 2416 3633 ἡμῖν
2480 3563 2766 3633 μετασχὼν
2835 3559 3049 3632 αἵματος
3121 3563 3210 3611 καὶ
3266 3562 3479 3632 σαρκός,
3529 3559 3742 3632 μείζονα
3802 3562 3895 3612 τὸν

2292 3653 2500 3727 Πατέρα
2554 3650 2689 3702 εἶπεν
2735 3648 2919 3702 ἑαυτοῦ
2957 3652 3048 3701 καὶ
3094 3649 3227 3702 κατὰ
3277 3652 3371 3706 τὴν
3411 3646 3460 3700 ἐν
3500 3648 3642 3719 αὐτῷ
3676 3653 3897 3707 κτιστὴν

2291 3744 2468 3812 φύσιν,
2525 3740 2642 3794 καθ’
2693 3739 2753 3798 ἣν
2800 3744 2889 3791 καὶ
2937 3740 3208 3794 πέπονθεν.
3262 3746 3305 3791 Ο
3344 3743 3682 3812 κανστρίσιος
3711 3740 3846 3793 εἶπεν
3884 3758 3900 3772 ο

2292 3827 2433 3883 Οἷὸα
2467 3832 2559 3903 μὲν
2608 3833 2698 3882 καὶ
2748 3827 2903 3890 αὐτὸς
2948 3826 2996 3879 ἰν
3035 3834 3150 3890 ταῖς
3181 3831 3418 3902 περὶτοῦ
3457 3830 3695 3881 τοιούτου
3730 3825 3904 3903 ῥητοῦ

2289 3920 2622 3994 ἐξηγητικαῖς
2678 3920 3067 3991 ὑπαγορεύσεσι
3120 3926 3219 3970 τῶν
3288 3915 3450 3990 ἁγίων
3495 3922 3756 3993 Πατέρων,
3805 3925 3906 3974 καὶ

2288 4014 2357 4074 ὡς
2409 4012 2678 4087 ἄνθρωπον
2739 4009 2998 4083 εἰρηκέναι
3054 4015 3209 4061 τοῦτο
3268 4011 3354 4061 τὸν
3411 4011 3601 4082 Κύριον
3657 4008 3906 4082 λέγοντάς

2286 4121 2432 4162 τινας
2465 4122 2478 4133 ·
2515 4102 2649 4152 οὕτω
2699 4095 2759 4151 δὲ
2795 4105 2894 4151 νοῶ
2953 4100 3034 4165 τό,
3066 4100 3136 4160 ὡς
3184 4098 3477 4171 ἄνθρωπον.
3519 4099 3650 4151 καθὸ
3690 4101 3903 4171 γέγονεν

2286 4190 2553 4263 ἅνθρωπος
2614 4186 2672 4240 οὐ
2725 4191 2828 4260 μὴν
2894 4185 3022 4240 ἀλλὰ
3060 4192 3149 4240 καὶ
3191 4188 3326 4241 κατὰ
3362 4190 3449 4240 τόν
3502 4184 3740 4247 οὗσιὼδη
3807 4195 3903 4244 καὶ

2288 4281 2506 4351 φυσικόν
2564 4274 2806 4335 δηλονότι
2856 4274 3009 4349 λόγον
3070 4285 3162 4338 τῆς
3209 4274 3257 4329 ἓν
3291 4276 3432 4349 αὐτῷ
3480 4275 3899 4353 ἆνθρωπότητος,

2288 4369 2348 4428 ἧς
2409 4370 2467 4419 τὸ
2526 4368 2734 4419 κτιστόν
2796 4366 3165 4429 ὑποστατικῶς
3194 4368 3376 4421 ἑνωθὶν
3421 4375 3493 4439 τῷ
3539 4365 3767 4440 ἀκτίστῳ
3805 4373 3901 4422 καὶ

2290 4458 2472 4511 θεωθέν
2537 4455 2592 4520 ἐξ
2645 4457 2807 4532 ἄκρας
2869 4455 3116 4525 ἑνωσεως,
3177 4457 3272 4510 οὐκ
3348 4455 3667 4530 ἁσυγχύτως
3740 4463 3897 4531 μόνον

2286 4552 2376 4601 καὶ
2431 4545 2818 4621 ἀμεταϐλήτως,
2891 4545 3021 4599 ἀλλὰ
3069 4542 3137 4607 δὴ
3196 4550 3289 4599 καὶ
3356 4543 3716 4617 ἀδιαστάτως,
3796 4553 3904 4621 μιᾷ

2283 4641 2642 4713 προσκυνήσει
2693 4643 3065 4709 προσκυνεῖται
3116 4633 3166 4688 ἕν
3239 4643 3313 4708 τῷ
3353 4634 3585 4709 ἁκτίστῳ
3652 4641 3812 4709 Λόγῳ
3880 4655 3894 4669 ·

2283 4733 2375 4781 καὶ
2432 4736 2558 4788 Θεος
2610 4726 2795 4788 τελειος
2833 4746 2965 4800 μετα
3027 4734 3125 4789 τῆς
3185 4725 3382 4789 οἰκείας
3433 4724 3683 4800 ἀτρεψίας
3739 4728 3900 4802 ὑπερ-

2283 4826 2423 4893 φυῶς
2461 4815 2574 4869 ἔστί
2604 4835 2658 4870 τε
2695 4821 2786 4869 καὶ
2812 4815 3144 4890 ὀνομάζεται.

503 4909 762 4980 tibiliter,
793 4925 1006 4966 verum
1037 4909 1220 4966 etiam
1272 4905 1683 4969 immobiliter,
1730 4904 1909 4962 unica
1949 4904 2349 4965 admiratione
2393 4921 2757 4964 veneramur
2799 4910 2858 4963 et
2904 4904 3163 4963 colimus
3206 4903 3269 4961 in
3306 4903 3574 4963 increato
3631 4904 3837 4964 Verbo
3878 4924 3893 4965 :

509 5001 788 5073 Deusque
815 4999 1117 5074 perfectus
1157 4998 1215 5054 in
1246 4994 1495 5071 propria
1525 4994 2086 5052 inconvertibilitate
2113 4996 2468 5055 mirabiliter
2488 5000 2575 5053 est
2596 4999 2653 5053 et
2680 4994 3052 5053 nominatur.

578 5095 661 5147 tt.
706 5088 1166 5147 Referendarius
1212 5086 1402 5144 dixit:
1462 5086 1609 5141 Cum
1639 5084 1741 5141 diu
1770 5101 1951 5159 super
1993 5100 2171 5144 evan-

501 5177 691 5250 gelico
722 5178 881 5235 dicto
910 5180 1095 5234 Pater
1120 5192 1284 5234 meus
1313 5178 1512 5245 major
1532 5191 1625 5232 me
1651 5180 1735 5232 est
1761 5175 2017 5248 qutestio
2045 5176 2169 5246 agi-

500 5272 743 5334 taretur,
783 5273 991 5324 utrum
1033 5267 1211 5323 etiam
1246 5266 1581 5324 secundum
1615 5265 1851 5321 Domini
1881 5265 2166 5323 divinita-

501 5362 620 5415 tem
653 5374 689 5414 a
718 5358 943 5414 sanctis
971 5358 1385 5415 sacerdotibus
1414 5358 1633 5415 nostris
1661 5357 1940 5431 divisque
1977 5360 2163 5413 Patri-

497 5445 614 5504 bus
660 5446 807 5502 illud
847 5446 1216 5504 intellectum
1267 5448 1489 5514 fuerit;
1531 5463 1793 5520 cumque
1840 5447 1967 5520 ejus
2001 5445 2165 5503 effeti

499 5550 747 5593 sensum
781 5535 1278 5599 considerasscm,
1304 5544 1481 5611 prout
1505 5538 1579 5594 dc
1602 5554 1672 5594 eo
1702 5537 2160 5610 pronuntiatum

498 5628 632 5684 est:
685 5626 879 5699 deque
922 5627 1131 5683 eodem
1175 5628 1507 5686 collocutus
1538 5643 1661 5685 non
1702 5625 1887 5682 semel
1914 5625 2161 5685 fuissem

2355 5086 2440 5143 ια’.
2498 5086 2557 5140 Ὀ
2608 5079 3035 5161 ῥαιφερενδάριος
3091 5081 3228 5139 εἶπεν
3274 5100 3291 5116 ⁶
3354 5083 3434 5140 Ἐν
3500 5093 3665 5162 καιρῷ
3730 5088 3897 5159 ἱκανῷ

2279 5186 2371 5239 τῆς
2435 5179 2554 5250 περὶ
2609 5182 2702 5228 τοῦ
2759 5173 3093 5247 εὐαγγελικοῦ
3151 5176 3315 5249 ῥητου
3382 5181 3495 5229 τοῦ.
3581 5174 3640 5227 Ὀ
3703 5181 3892 5253 Πατὴρ

2276 5285 2378 5339 μου
2435 5266 2628 5339 μείζων
2688 5266 2791 5338 μού
2843 5262 2976 5332 ἔστι,
3035 5268 3304 5338 γινομένης
3359 5264 3628 5325 ζητήσεως
3688 5264 3733 5317 εἰ
3797 5266 3897 5319 καί

2276 5357 2413 5408 κατὰ
2450 5359 2509 5407 τό
2568 5353 2616 5406 ἐν
2672 5361 2745 5426 τῷ
2807 5358 2983 5427 Κυρίῳ
3043 5351 3362 5430 ἀνθρώπινον
3402 5355 3546 5429 παρὰ
3573 5361 3677 5416 τοῖς
3714 5351 3892 5426 ἀγιοις

2274 5441 2643 5519 μυσταθκωγοῖς
2708 5445 2854 5516 ἡμῶν
2893 5447 2983 5496 καὶ
3035 5444 3299 5517 θεοφόροις
3356 5445 3628 5519 Πατροέσιν
3691 5442 3941 5508 ἑξείλη-“

2274 5554 2422 5601 πται,
2465 5538 2555 5587 καὶ
2592 5538 2687 5593 τὴν
2747 5536 2868 5608 περὶ
2916 5535 3103 5588 τούτου
3161 5536 3357 5587 ἔννοιαν
3425 5522 3878 5609 ἀναλογιζόμενος,

2274 5627 2411 5685 ὅπως
2464 5627 2660 5698 ἔφησαν
2710 5626 2824 5700 περὶ
2876 5626 3090 5695 τούτου,
3138 5629 3229 5678 καὶ
3282 5620 3724 5699 διομιλησάμενος
3754 5621 3882 5678 δια-
