4148 6418
500 333 600 394 251

501 551 801 605 Christum
850 550 1163 621 passiones
1204 551 1331 606 sine
1381 557 1628 622 peccato
1668 546 2060 609 oeconomice,
2093 543 2153 599 id

499 645 588 693 est
617 655 773 706 vere,
826 640 1144 711 recepisse.
1184 641 1561 696 Atheniensis
1602 640 1750 695 dixit
1805 653 1867 692 se
1911 650 2154 708 quoque

499 728 1020 784 sanctissimorum
1062 729 1539 802 patriarcharum
1593 727 1918 784 sententias
1961 723 2150 796 sequi.

499 817 779 874 Similiter
847 819 1226 883 Larissensis,
1279 819 1656 886 Rhodiensis,
1734 813 2152 887 Philippensis,

499 907 747 962 easdem
779 908 993 963 sectari
1023 908 1478 963 conﬁrmarunt.
1500 906 1920 979 Neopa'trensis
1952 908 2152 959 autem

500 995 649 1052 dixit
667 1001 975 1067 postremo
1006 998 1309 1052 sententiae
1333 1013 1455 1052 suae
1478 995 1773 1051 vocabulo
1801 994 2025 1050 addere
2066 1005 2152 1058 se,

503 1094 811 1155 assumpta
843 1102 1026 1143 carne
1051 1094 1256 1144 creata
1286 1088 1697 1158 passibilique,
1721 1088 1781 1140 in
1810 1101 1928 1156 qua
1952 1089 2004 1139 et
2021 1097 2156 1151 pas-

501 1190 600 1229 sus
613 1181 716 1231 est.
740 1175 1010 1230 Emensis
1027 1175 1186 1230 dixit:
1211 1193 1273 1230 se
1293 1192 1536 1247 quoque
1555 1180 1688 1247 post
1708 1175 2014 1228 sententiae
2031 1185 2155 1224 suae

502 1263 706 1333 verba,
733 1269 798 1319 ut
821 1267 1258 1320 incarnationis
1270 1266 1447 1334 ﬁdem
1465 1267 1720 1334 faceret;
1743 1264 2005 1333 itemque
2022 1264 2155 1315 ante

507 1351 705 1408 verba.
745 1353 854 1408 hoc
893 1360 1088 1408 autem
1119 1355 1204 1408 sic
1234 1354 1468 1423 afﬁrmo
1500 1358 1567 1407 ut
1597 1358 1842 1408 caeteras
1877 1366 1993 1405 non
2035 1363 2156 1404 res-

500 1455 684 1510 puam
713 1448 1052 1497 sanctorum
1093 1443 1415 1511 opiniones,
1445 1439 1896 1513 supperaddere
1920 1443 2155 1492 senten-

503 1530 596 1586 tiae
639 1547 783 1596 sure,
818 1538 1023 1600 utpote
1051 1533 1156 1603 qui
1197 1547 1437 1588 carnem
1479 1534 1884 1600 assumpserat
1933 1533 2155 1583 morta-

503 1619 614 1674 lem
641 1621 1122 1692 passibilemque,
1149 1624 1213 1675 in
1242 1638 1358 1693 qua
1383 1622 1660 1677 videlicet
1695 1625 1749 1676 et
1787 1633 1997 1688 passus
2049 1620 2156 1672 est.

499 1710 816 1780 Cocyraeus
862 1709 1012 1765 dixit
1062 1709 1339 1765 recedere
1385 1727 1445 1764 se
1486 1725 1736 1782 prorsus
1786 1724 1822 1763 a
1866 1703 2160 1761 sententia

502 1813 634 1868 sua,
666 1803 846 1869 atque
892 1799 968 1853 ad
1002 1799 1132 1854 illas
1171 1799 1652 1871 patriarcharum
1701 1795 2007 1853 accedere.
2047 1795 2153 1848 Ma-

2271 1800 2459 1857 θνητὴν
2515 1805 2606 1852 καὶ
2675 1803 2938 1870 παθητὴν,
2998 1801 3125 1853 παθ’

503 1901 658 1956 gnus
688 1887 1094 1958 scevophylax
1117 1887 1518 1958 interrogatus
1548 1892 1605 1942 et
1629 1887 2000 1959 ipse,utrum
2023 1897 2160 1937 san-

503 1973 907 2031 ctissimorum
926 1975 1405 2048 patriarcharum
1429 1975 1733 2031 sententiis
1754 1973 2158 2040 assentiretur,

506 2062 589 2118 ait
635 2077 701 2119 se
733 2062 812 2118 ad
865 2070 1232 2135 postremam
1293 2065 1600 2119 sententiae
1659 2079 1780 2118 suae
1811 2062 2158 2127 dictionem,

504 2157 800 2223 quatenus
833 2154 956 2222 ipse
999 2155 1157 2209 servi
1193 2154 1459 2223 formam
1515 2158 1843 2222 acceperat,
1901 2151 2160 2221 adjicere

500 2239 692 2296 verba
717 2257 1072 2313 carnemque
1090 2244 1376 2299 visibilem
1398 2243 1875 2299 contrectabilem
1894 2245 2158 2296 creatam

503 2331 1017 2400 circumscriptam
1043 2338 1097 2388 et
1122 2333 1467 2402 passibilem
1498 2337 1931 2400 assumpserat,
1949 2331 2010 2384 in
2039 2342 2159 2400 qua

503 2433 713 2487 reapse
733 2425 788 2475 et
811 2435 1027 2488 passus
1053 2421 1563 2493 est.Subdiditque
1595 2436 1658 2475 se
1674 2419 2158 2492 patriarcharum

503 2524 747 2580 quoque
801 2512 1107 2566 sententiis
1167 2512 1492 2566 adhaerere.
1559 2514 1806 2579 Magnus
1863 2510 2005 2563 item
2059 2523 2156 2562 sa-

504 2597 777 2653 cellarius
839 2601 922 2654 ait
971 2602 1138 2672 sequi
1188 2618 1249 2655 se
1320 2600 1842 2655 sanctissimorum
1904 2597 2156 2669 patriar-

499 2686 754 2742 charum
775 2691 1118 2744 sententias.
1153 2690 1511 2746 Canstrisius
1549 2690 1696 2744 dixit
1720 2705 1782 2744 se
1815 2688 2030 2758 pariter
2051 2702 2154 2758 pa-

500 2777 894 2833 triarcharum
944 2778 1179 2845 iudiciis
1224 2780 1625 2851 acquiescere.
1671 2780 1939 2849 Denique
1974 2777 2154 2832 etiam

501 2865 791 2936 magister
817 2867 1123 2922 rhetorum
1151 2885 1290 2923 cum
1329 2869 1542 2922 iisdem
1575 2869 1919 2939 conspirare
1963 2881 2022 2919 se
2053 2865 2152 2920 ait.

502 2954 648 3008 Cum
698 2969 841 3024 ergo
888 2971 1100 3011 omnes
1156 2957 1623 3024 consensissent,
1679 2971 1791 3011 nec
1829 2955 2153 3026 quisquam

501 3042 825 3113 ambiguus
876 3045 1006 3115 jam
1074 3051 1432 3117 superesset,
1494 3046 1650 3102 facta
1704 3051 1797 3100 est
1843 3060 1878 3099 a
1923 3042 2153 3098 cunctis

500 3130 701 3188 fausta
739 3133 1116 3205 acclamatio,
1160 3151 1366 3190 mense
1419 3140 1475 3190 et
1531 3135 1854 3190 indictione
1915 3147 2152 3204 supras-

2262 3142 2344 3200 τός
2409 3143 2627 3202 ταύταις
2702 3148 2939 3211 στοιχεῖν
3026 3143 3246 3212 εἴρηκεν.

502 3220 727 3292 criptis,
753 3236 914 3278 anno
937 3227 1095 3278 6674.

1071 3565 1276 3620 ACTIO
1333 3565 1584 3620 TERTIA

498 3686 719 3743 Mensis
739 3687 952 3744 Martii
966 3687 1059 3744 die
1073 3689 1618 3759 sexta,indictionis
1639 3689 1793 3753 XIV,
1814 3688 1910 3745 die
1929 3691 2148 3758 prima.

569 3816 627 3871 1.
667 3815 1022 3872 Praesidente
1053 3832 1088 3872 a
1112 3819 1228 3872 Deo
1257 3820 1544 3872 coronato
1570 3815 1987 3888 potentissimo
2018 3833 2152 3872 san-

498 3906 713 3975 ctoque
747 3910 954 3960 nostro
1011 3920 1151 3975 rege
1208 3909 1266 3960 et
1320 3905 1682 3976 imperatore
1723 3905 1969 3960 domino
2027 3905 2150 3962 Ma-

496 3993 671 4050 nuele
700 3995 1006 4050 Comneno
1033 3995 1093 4049 in
1123 3994 1338 4050 eodem
1383 3995 1612 4066 tropico
1651 3994 1953 4060 conclavi;
1997 3994 2150 4050 assi-

492 4083 774 4140 dentibus
804 4083 1047 4139 sublimi
1077 4084 1375 4152 majestati
1417 4085 1566 4155 ejus,
1619 4084 1872 4156 despota
1903 4083 2149 4141 amabili

493 4189 716 4244 genero
741 4179 962 4230 sanctae
989 4173 1320 4244 majestatis
1351 4173 1480 4245 ejus
1512 4173 1760 4230 domino
1781 4174 2149 4239 Alexio,san-

493 4263 761 4319 ctissimo
793 4267 848 4318 et
895 4263 1266 4319 mcumenico
1307 4263 1653 4335 patriarcha
1683 4263 1929 4318 domino
1954 4266 2146 4331 Luca;

495 4352 875 4408 sanctissimo
915 4351 1258 4424 patriarcha
1287 4352 1454 4408 urbis
1509 4352 1610 4408 Dei
1650 4369 1885 4422 magnae
1949 4351 2149 4408 Antio-

493 4441 643 4497 chiae
691 4441 938 4496 domino
970 4441 1338 4510 Athanasio;
1391 4442 1773 4500 sanctissimo
1805 4441 2148 4515 patriarcha

1835 332 2104 392 NICETE
2143 325 2521 391 CEONIAT/E

499 461 561 516 in
604 477 713 518 sua
756 460 1049 515 sententia
1100 461 1451 534 protulisse;
1497 460 1722 534 quippe
1771 457 1874 531 qui
1925 457 2153 512 dixerat

2263 457 2423 509 αὐτοῦ
2487 459 2672 521 αὐταῖς
2720 458 3040 521 ἐναντιωθείς
3095 475 3109 490 ·

3751 335 3860 392 252

3171 460 3241 520 ὡς
3289 457 3439 510 εἰπὼν
3501 457 3550 509 ἐν
3602 458 3731 531 αὐτῇ
3795 459 3865 510 τὰ

2262 548 2402 604 πάθη
2470 551 2534 600 τὰ
2592 545 2892 606 ἀδιάϐλητα
2967 548 3325 620 οἰκονομικῶς,
3398 550 3564 600 εἷτουν
3636 546 3858 612 ἀληθῶς,

2261 637 2347 686 τὸν
2392 640 2624 710 Χριστὸν
2680 634 3090 700 καταδέξασθαι.
3139 637 3196 688 Ὀ
3256 636 3486 694 Ἀθηνῶν
3550 641 3642 688 καὶ
3707 636 3866 698 αὐτὸς

2260 732 2377 787 ταῖς
2445 732 2678 800 γνώμαις
2756 736 2854 780 τῶν
2940 726 3240 798 ἁγιωτάτων
3322 735 3669 802 πατριαρχῶν
3754 723 3866 780 εἶπε

2263 822 2518 885 στοιχεῖν.
2551 815 2610 868 Ὀ
2643 823 2922 892 Λαρίσσης
2969 815 3078 868 εἷπε
3121 820 3210 868 καὶ
3262 814 3419 877 αὐτὸς
3457 817 3673 868 ἕπεσθαι
3727 818 3866 868 ταύ-

2260 922 2392 964 ταις·
2437 903 2658 976 Ὁμοίως
2710 910 2800 958 καὶ
2853 907 2878 957 ὁ
2928 902 3111 958 Ῥόδου
3159 906 3380 966 ταύταις
3431 905 3540 957 εἶπε
3595 912 3862 976 στοιχεῖν.

2264 998 2365 1044 Καὶ
2423 994 2448 1044 ὁ
2512 994 2776 1048 Φιλίππων
2833 999 2924 1046 καὶ
2983 994 3142 1056 αὐτὸς
3191 991 3298 1046 εἷπε
3350 995 3570 1056 ταύταις
3620 995 3867 1050 ἔπεσθαι,

2259 1081 2319 1134 Ὁ
2361 1080 2418 1136 δὲ
2464 1088 2604 1137 Νέων
2651 1093 2866 1160 Πατρῶν
2914 1087 3252 1159 προστιθέναι
3301 1081 3410 1136 εἶπε
3464 1091 3537 1155 τῷ
3585 1083 3869 1155 τελευταίῳ

2261 1173 2462 1246 ῥήματι
2545 1183 2640 1237 τῆς
2712 1181 2920 1247 γνώμης
2982 1174 3143 1227 αὐτοῦ
3215 1176 3366 1243 (39),
3457 1175 3631 1249 σάρκα
3691 1173 3872 1226 λαϐὼν

2264 1267 2486 1320 κτιστὴν
2577 1269 2667 1316 καὶ
2749 1266 3024 1330 καθητὴν,
3104 1265 3224 1317 καθ’
3301 1263 3361 1321 ἢν
3441 1267 3532 1316 καὶ
3609 1265 3859 1317 πέπονθε.

2266 1357 2367 1404 Καὶ
2424 1354 2450 1404 ὁ
2492 1356 2645 1407 Αἴνου
2705 1350 2765 1406 δὲ
2810 1359 2900 1406 καὶ
2941 1353 3098 1416 αὐτὸς
3160 1355 3290 1426 μετὰ
3336 1355 3395 1405 τὸ
3444 1352 3495 1404 ἐν
3551 1360 3615 1424 τῇ
3678 1357 3868 1424 γνώμη

2266 1442 2427 1493 αὑτοῦ
2506 1448 2861 1516 γεγραμμένον
2942 1445 3096 1512 (40),
3166 1445 3263 1509 τὸ,
3340 1444 3684 1514 πιστούμενος
3770 1447 3875 1500 τὴν

2692 1537 2781 1584 xui
2844 1535 2946 1605 πρὸ
3007 1539 3116 1588 τοῦ.
3199 1535 3349 1603 Λέγω
3416 1527 3477 1584 δὲ
3525 1539 3674 1583 τοῦτο
3734 1532 3878 1602 μετὰ

2265 1625 2355 1670 καὶ
2412 1628 2514 1672 τῶν
2579 1621 2744 1673 ἄλλων
2799 1623 2866 1672 ὧν
2933 1623 2982 1673 οἱ
3037 1620 3182 1694 οἷγιοι
3236 1620 3470 1692 λέγουσι,
3528 1621 3878 1695 προστιθέναι

2265 1530 2559 1602 οἰκονομίαν
2609 1546 2624 1562 ο

2268 1705 2375 1761 εἷπε
2440 1718 2503 1782 τῇ
2572 1718 2751 1784 γνώμη
2811 1711 2973 1764 αὐτοῦ
3039 1729 3121 1780 το,
3187 1713 3252 1771 ὡς
3317 1715 3406 1762 καὶ
3462 1711 3636 1783 σάρκα
3697 1708 3878 1762 λαϐὼν

3205 1800 3265 1858 ἢν
3333 1796 3473 1858 δῆτα
3531 1803 3619 1851 καὶ
3673 1804 3876 1852 πέπον-

2270 1889 2370 1939 θεν.
2429 1888 2488 1941 Ὀ
2541 1885 2601 1941 δέ
2647 1908 2706 1961 γε
2767 1893 3037 1966 Κερκύρων
3095 1888 3229 1942 εἶπεν
3279 1888 3602 1961 ἀφίστασθαι
3643 1886 3875 1940 καθόλου

2265 1984 2364 2028 τῶν
2417 1979 2540 2054 παρ’
2591 1979 2752 2030 αὐτοῦ
2807 1981 3272 2052 γνωματενθέντων
3309 1992 3322 2006 ⁸
3377 1979 3594 2031 ἕπεσθαι
3651 1973 3711 2030 δὲ
3753 1985 3878 2039 ταῖς

2267 2072 2494 2138 γνώμαις
2553 2076 2653 2119 τῶν
2719 2077 3086 2143 πατριαρχῶν.
3156 2075 3214 2120 Ὁ
3295 2066 3454 2141 μεγας
3524 2066 3870 2138 σκευοφυλαξ,

2268 2153 2543 2226 ἐρωτηθεὶς
2591 2161 2684 2209 καὶ
2733 2157 2890 2218 αὐτὸς
2942 2158 2985 2209 εἰ
3028 2163 3144 2219 ταῖς
3195 2162 3429 2229 γνώμαις
3483 2164 3585 2208 τῶν
3633 2154 3873 2228 ἁγιωτά-

2266 2263 2366 2295 των
2419 2255 2764 2320 πατριαρχῶν
2818 2248 3014 2317 ἕπεται,
3078 2245 3186 2299 εἶπε
3246 2247 3582 2320 προστιθέναι
3640 2247 3730 2318 μὲν
3779 2249 3876 2296 καὶ

2266 2342 2339 2405 τῷ
2370 2333 2643 2388 τιλευταίώ
2693 2336 2894 2410 ῥήματι
2959 2343 3053 2398 τῆς
3100 2341 3312 2408 γνώμης
3356 2335 3518 2388 αὐτοῦ
3576 2334 3686 2407 (41)
3740 2353 3870 2408 μορ-

2269 2428 2368 2494 φὴν
2457 2421 2646 2477 δούλου
2721 2424 2912 2494 λαϐὼν,
2973 2429 3051 2493 τὸ,
3115 2430 3204 2476 καὶ
3281 2427 3454 2498 σάρκα
3521 2425 3716 2497 ὁρατὴν
3781 2427 3877 2475 xui

2267 2512 2436 2570 απτὴν
2503 2520 2592 2566 καὶ
2652 2519 2871 2572 κτιστὴν
2929 2520 3022 2566 καὶ
3093 2518 3454 2588 περιγραπτην
3535 2517 3626 2565 καὶ
3689 2514 3874 2570 παθη-

2266 2608 2382 2672 τὴν,
2450 2607 2567 2657 καθ’
2646 2605 2707 2664 ἢν
2777 2602 2918 2664 δῆτα
2987 2610 3076 2658 xui
3149 2606 3413 2659 πίπονθεν.
3474 2601 3600 2656 Εἶπε
3658 2600 3717 2656 δὲ
3770 2608 3867 2655 καὶ

2265 2702 2378 2754 ταῖς
2432 2704 2530 2746 τῶν
2603 2703 2946 2769 πατριαρχῶν
3023 2701 3258 2767 γνώμαις
3332 2701 3585 2766 στοιχεῖν.
3667 2697 3768 2745 Καὶ
3837 2694 3864 2743 ὁ

2265 2787 2427 2854 μέγας
2503 2783 2834 2858 σακελλάριος
2897 2788 2989 2835 καὶ
3051 2783 3206 2844 αὐτὸς
3274 2780 3408 2834 εἶπεν
3481 2782 3699 2833 ἔπεσθαι
3749 2789 3867 2842 ταῖς

2262 2878 2496 2944 γνώμαις
2553 2881 2652 2924 τῶν
2716 2872 3017 2944 ἁγιωτάτων
3074 2880 3442 2945 πατριαρχῶν.
3521 2877 3563 2923 Ο
3613 2874 3867 2942 κανστρί-

2267 2979 2377 3020 σιος
2409 2959 2515 3013 εἶπε
2552 2965 2642 3012 xui
2693 2961 2850 3022 αὐτὸς
2904 2967 3134 3032 στοιχεῖν
3181 2967 3301 3021 ταῖς
3340 2965 3574 3031 γνώμαῖς
3625 2968 3725 3011 τῶν
3764 2978 3873 3010 πα-

2263 3058 2555 3122 τριαρχῶν.
2586 3054 2686 3102 Καὶ
2717 3051 2741 3100 ὁ
2794 3052 3032 3124 μαῖα-τωρ
3084 3046 3144 3102 δὲ
3200 3058 3298 3101 τῶν
3344 3050 3580 3125 ῥητόρων
3623 3054 3714 3101 xui
3767 3049 3874 3100 αὖ·-

3321 3139 3404 3200 Ὠς
3474 3135 3562 3191 οὖν
3645 3139 3877 3201 ἅπαντες

2264 3231 2622 3302 ὡμοφὼνησαν
2688 3234 2778 3281 καὶ
2849 3226 3023 3291 οὐδεὶς
3095 3228 3374 3301 ὑπελείφθη
3435 3226 3725 3302 διχονοῶν,
3786 3233 3878 3299 γέ-

2262 3335 2379 3390 γονε
2416 3337 2506 3368 και
2558 3320 2700 3390 παρὰ
2753 3320 2959 3370 πάντων
3020 3319 3051 3376 ἡ
3107 3318 3337 3391 εὐφημία
3374 3321 3501 3392 μηνὶ
3557 3322 3648 3370 καὶ
3706 3313 3880 3369 ἰνδικ-

2262 3414 2408 3458 τιῶνι
2435 3412 2542 3466 τοῖς
2572 3410 3057 3482 προγεγραμμένοις
3085 3410 3232 3470 ἔτους
3265 3404 3450 3480 σχοδ’.

2895 3573 3129 3623 ΠΡΑΞΙΣ
3156 3567 3206 3621 Γ’
3218 3610 3231 3624 .

2331 3699 2471 3752 Μηνὶ
2500 3697 2720 3769 Μαρτίῳ
2752 3694 2896 3769 ἕκτῃ,
2927 3696 3095 3768 ἡμέρᾳ
3125 3699 3305 3769 πρώτῃ
3351 3689 3675 3756 ἰνδικτιῶνος
3697 3688 3792 3746 ιδ’·

2332 3819 2398 3879 α’.
2453 3823 2853 3895 Προκαθημένου
2906 3827 2998 3873 τοῦ
3059 3822 3372 3873 θεοστέπτου
3439 3824 3722 3893 κρατίστου
3777 3823 3875 3872 καὶ

2261 3910 2412 3983 ἁγίου
2450 3911 2479 3968 ἡ
2487 3919 2595 3983 μῶν
2619 3908 2878 3984 βασιλέως
2898 3915 2988 3962 xui
3019 3909 3396 3983 αὐτοκράτορος
3427 3917 3590 3985 κυροῦ
3616 3909 3873 3968 Μανουηλ

2258 4010 2351 4054 τοῦ
2383 4007 2650 4073 Κομνηνοῡ
2688 3999 2738 4052 ἐν
2768 4008 2827 4073 τῇ
2859 4000 2986 4072 αὐτῇ
3020 4001 3230 4073 ὑπερῷα
3280 4007 3499 4073 τροπικῇ
3537 4017 3550 4029 ·
3587 3996 3870 4074 συνεδρια-

2264 4094 2452 4154 ζόντων
2481 4099 2552 4161 τῷ
2582 4089 2735 4161 ἐνθέῳ
2755 4092 2934 4164 κράτει
2972 4089 3134 4143 αὐτοῦ
3172 4097 3263 4142 τοῦ
3296 4087 3556 4142 δεσπότου
3589 4094 3680 4141 καὶ
3719 4108 3869 4164 περι-

2259 4182 2492 4238 ποθήτου
2527 4177 2770 4252 γαμϐροῦ
2818 4187 2915 4240 τῆς
2953 4178 3104 4250 ἁγίας
3161 4179 3317 4232 αὐτοῦ
3366 4177 3638 4251 βασιλείας
3701 4187 3867 4251 κυροῦ

2263 4266 2496 4330 Ἀλεξίου
2531 4284 2544 4297 ⁸
2577 4275 2671 4320 τοῦ
2703 4267 2997 4339 ἁγιωτάτου
3023 4273 3114 4322 καὶ
3143 4268 3500 4340 οἰκουμενικοῡ
3525 4269 3868 4341 πατριάρχου

2258 4365 2422 4430 κυροὺ
2450 4361 2632 4410 Λουκᾶ
2663 4373 2677 4386 °
2718 4364 2812 4410 τοῦ
2843 4357 3139 4430 ἁγιωτάτου
3172 4359 3509 4433 πατριάρχου
3532 4356 3864 4419 Θεουπόλεως

2260 4447 2490 4521 μεγάλης
2514 4447 2838 4519 Ἀντιοχείας
2865 4455 3027 4520 κυροῦ
3057 4447 3374 4502 Ἀθανασίου
3411 4464 3423 4477 ⁸
3469 4451 3560 4500 καὶ
3585 4455 3676 4499 τοῦ
3709 4445 3868 4518 ἁγιω-

493 4529 1044 4614 Hierosolymorum
1071 4531 1318 4588 domino
1381 4532 1752 4605 Nicephoro;
1806 4511 2146 4588 astantibus

2262 4538 2417 4590 τάτου
2435 4539 2772 4613 πατριάρχου
2793 4536 3159 4612 Ἱεροσολύμων
3175 4544 3337 4611 κυροῦ
3356 4540 3657 4609 Νικηφόρον
3671 4549 3686 4565 ⁶
3711 4555 3868 4610 παρι-

489 4619 718 4692 potenti
745 4625 1074 4693 sanctoque
1126 4626 1335 4676 nostro
1365 4622 1491 4691 regi
1545 4621 1913 4677 amabilibus
1964 4637 2149 4694 nepo-

492 4709 652 4764 tibus
683 4709 832 4780 ejus,
856 4708 996 4764 ﬁliis
1025 4708 1228 4783 inclyti
1257 4709 1456 4767 fratris
1489 4711 1826 4783 majestatis
1847 4728 1994 4775 suae,
2014 4728 2150 4784 por-

492 4797 875 4873 phyrogeniti
905 4806 962 4856 et
989 4799 1413 4857 sebastocratis
1445 4800 1680 4857 domini
1709 4801 2054 4868 Andronici,
2085 4802 2148 4859 id

490 4893 579 4946 est
603 4889 1040 4960 protovestiaro
1064 4889 1313 4948 domino
1336 4893 1649 4956 Joanne,et
1670 4890 1917 4947 domino
1942 4892 2147 4950 Alexio

495 4979 839 5046 Comnenis;
864 4997 1002 5036 ama
1012 4979 1109 5036 bili
1136 4979 1405 5053 patruele
1425 4981 1684 5053 potentis
1702 4981 2014 5055 sanctique
2031 5000 2143 5040 no-

496 5071 601 5126 stri
612 5071 771 5140 regis
791 5069 1042 5127 domino
1061 5072 1296 5126 Joanne
1322 5069 1632 5138 Duca,filio
1653 5071 1859 5146 inclyti
1882 5075 2142 5148 Porphy-
2194 5097 2200 5104 -

490 5161 744 5229 rogeniti
775 5165 832 5217 et
861 5159 1355 5216 sebastocratoris
1370 5160 1602 5216 domini
1622 5161 2146 5229 Andronici,ama-

494 5245 630 5302 bilis
660 5249 859 5320 patrui
891 5255 1114 5306 sancta
1133 5249 1465 5318 majestatis
1491 5251 1917 5322 ejus;amabili
1937 5269 2149 5310 conso-

497 5335 672 5392 brino
699 5339 959 5410 potentis
978 5343 1035 5394 et
1055 5339 1246 5394 sancti
1269 5341 1454 5396 nostri
1478 5340 1636 5412 regis
1663 5341 1912 5400 domino
1927 5343 2152 5400 Andro-

492 5426 906 5498 nico,Caesaris
939 5427 1062 5487 tilio
1092 5448 1110 5502 ;
1147 5429 1514 5488 amabilibus
1543 5433 1926 5490 consobrinis
1957 5433 2152 5492 sancti

597 5569 693 5718 23$
720 5573 862 5718 ἓξὲξ
889 5572 984 5704 ii:

2261 4631 2524 4700 σταμένων
2588 4635 2660 4698 τῷ
2719 4635 2952 4702 κραταιῷ
3001 4631 3091 4681 καὶ
3131 4626 3261 4700 ἁγίῳ
3311 4629 3456 4700 ἡμῶν
3501 4623 3715 4699 βασιλεί
3762 4634 3867 4678 τῶν

2255 4718 2616 4792 περιποθήτων
2642 4715 2865 4790 ἀνεψιῶν
2914 4717 3096 4789 αὐτοῦ,
3142 4723 3243 4770 τῶν
3288 4719 3412 4770 υἱῶν
3465 4722 3556 4769 τοῦ
3614 4711 3868 4788 ἀοιδίμου

2255 4801 2581 4881 αὖταδέλφου
2619 4816 2714 4871 τῆς
2759 4808 2916 4880 ἁγίας
2967 4808 3129 4861 αὐτοῦ
3183 4805 3461 4880 βασιλείας
3508 4825 3865 4881 πορφυρογεν-

2253 4901 2412 4956 νήτου
2502 4903 2593 4950 καὶ
2678 4895 3155 4972 σεϐαστοκράτορος
3239 4903 3403 4971 κυροῦ
3483 4891 3821 4970 Ἀνδρονίκου
3851 4938 3867 4966 ,

2252 4995 2347 5042 τοῦ
2398 5006 2454 5042 τε
2508 4987 2951 5062 πρωτοσεϐαστοῦ
3017 4991 3108 5041 καὶ
3159 4985 3642 5063 πρωτοϐεστιαρίου
3697 4993 3868 5060 κυροῦ

2256 5076 2516 5147 Ἰωάννου,
2579 5083 2670 5130 καὶ
2715 5084 2807 5130 τοῦ
2876 5083 3041 5152 κυροῦ
3097 5075 3330 5140 ’Δλεξίου
3379 5083 3480 5128 τῶν
3535 5081 3812 5148 Κομνηνῶν
3852 5097 3867 5110 ο

2254 5174 2347 5221 τοῦ
2395 5169 2754 5241 περιποθήτου
2792 5162 3073 5241 ἒξαδίλφου
3130 5173 3224 5219 τοῦ
3266 5173 3516 5240 κραταιοῦ
3568 5169 3658 5218 καὶ
3711 5162 3868 5237 ἁγίου

2256 5259 2404 5330 ἡμῶν
2469 5254 2730 5329 βασιλέως
2800 5263 2966 5331 κυροῦ
3041 5255 3281 5310 Ἰωάννου
3349 5262 3442 5308 τοῦ
3500 5256 3690 5323 Δούκα,
3771 5262 3869 5308 τοῦ

2257 5344 2376 5400 υἱοῦ
2423 5354 2516 5400 τοῦ
2581 5343 2830 5422 ἀοιδίμου
2897 5350 3386 5421 πορφυρογεννητου
3453 5349 3546 5398 καὶ
3609 5342 3870 5397 σεϐαστο-

2259 5438 2509 5512 κράτορος
2553 5443 2717 5512 κυροῦ
2781 5431 3122 5513 Ἀνδρονίκου
3174 5443 3270 5489 τοῦ
3317 5436 3672 5512 περιποθήτου
3723 5435 3867 5487 θείου

2333 5579 2448 5660 (tt)
2485 5577 2629 5656 Pas.
2651 5579 2744 5644 49.
