  <div class='ocr_page' id='page_1' title='image "/cluster/home/n/w/nwhite01/storage/ocr_20150623/140/coo.31924054870450/136.png"; bbox 0 0 4148 6406; ppageno 0'>
   <div class='ocr_carea' id='block_1_1' title="bbox 280 376 404 437">
    <p class='ocr_par' dir='ltr' id='par_1_1' title="bbox 280 376 404 437">
     <span class='ocr_line' id='line_1_1' title="bbox 280 376 404 437; baseline 0.024 -3"><span class='ocrx_word' id='word_1_1' title='bbox 280 376 404 437; x_wconf 73' lang='lat'>253</span> 
     </span>
    </p>
   </div>
   <div class='ocr_carea' id='block_1_2' title="bbox 1629 369 2340 441">
    <p class='ocr_par' dir='ltr' id='par_1_2' title="bbox 1629 369 2340 441">
     <span class='ocr_line' id='line_1_2' title="bbox 1629 369 2340 441; baseline 0.001 -3"><span class='ocrx_word' id='word_1_2' title='bbox 1629 369 1973 438; x_wconf 69' lang='lat' dir='ltr'>THESAUR!</span> <span class='ocrx_word' id='word_1_3' title='bbox 2009 374 2140 439; x_wconf 83' lang='lat' dir='ltr'>LIB.</span> <span class='ocrx_word' id='word_1_4' title='bbox 2185 374 2340 441; x_wconf 55' lang='lat' dir='ltr'>XXV;</span> 
     </span>
    </p>
   </div>
   <div class='ocr_carea' id='block_1_3' title="bbox 3564 378 3671 445">
    <p class='ocr_par' dir='ltr' id='par_1_3' title="bbox 3564 378 3671 445">
     <span class='ocr_line' id='line_1_3' title="bbox 3564 378 3671 445; baseline -0.019 0"><span class='ocrx_word' id='word_1_5' title='bbox 3564 378 3671 445; x_wconf 71' lang='grc'><strong>254</strong></span> 
     </span>
    </p>
   </div>
   <div class='ocr_carea' id='block_1_4' title="bbox 286 502 1916 583">
    <p class='ocr_par' dir='ltr' id='par_1_4' title="bbox 286 502 1905 581">
     <span class='ocr_line' id='line_1_4' title="bbox 286 502 1905 581; baseline 0 -24"><span class='ocrx_word' id='word_1_6' title='bbox 286 511 399 567; x_wconf 76' lang='grc' dir='ltr'>τῆς</span> <span class='ocrx_word' id='word_1_7' title='bbox 443 504 594 577; x_wconf 81' lang='grc' dir='ltr'>ἁγίας</span> <span class='ocrx_word' id='word_1_8' title='bbox 624 503 788 556; x_wconf 71' lang='grc' dir='ltr'>αὐτοῦ</span> <span class='ocrx_word' id='word_1_9' title='bbox 818 502 1093 577; x_wconf 77' lang='grc' dir='ltr'>βασιλείας</span> <span class='ocrx_word' id='word_1_10' title='bbox 1116 522 1130 536; x_wconf 87' lang='grc'><strong>·</strong></span> <span class='ocrx_word' id='word_1_11' title='bbox 1166 511 1257 558; x_wconf 86' lang='grc' dir='ltr'>τοῦ</span> <span class='ocrx_word' id='word_1_12' title='bbox 1299 508 1653 581; x_wconf 75' lang='grc' dir='ltr'>περιποθήτου</span> <span class='ocrx_word' id='word_1_13' title='bbox 1693 504 1905 576; x_wconf 74' lang='grc' dir='ltr'>ἀνεψιοῦ</span> 
     </span>
    </p>
   </div>
   <div class='ocr_carea' id='block_1_5' title="bbox 2022 502 3675 583">
    <p class='ocr_par' dir='ltr' id='par_1_5' title="bbox 2022 507 3675 583">
     <span class='ocr_line' id='line_1_5' title="bbox 2022 507 3675 583; baseline 0.004 -22"><span class='ocrx_word' id='word_1_14' title='bbox 2022 507 2202 563; x_wconf 85' lang='lat' dir='ltr'>nostri</span> <span class='ocrx_word' id='word_1_15' title='bbox 2226 509 2383 578; x_wconf 83' lang='lat' dir='ltr'>regis</span> <span class='ocrx_word' id='word_1_16' title='bbox 2411 510 2941 583; x_wconf 84' lang='lat' dir='ltr'>Contostephanis,</span> <span class='ocrx_word' id='word_1_17' title='bbox 2961 508 3209 567; x_wconf 86' lang='lat' dir='ltr'>domino</span> <span class='ocrx_word' id='word_1_18' title='bbox 3238 512 3468 568; x_wconf 79' lang='lat' dir='ltr'>Joanne</span> <span class='ocrx_word' id='word_1_19' title='bbox 3491 514 3549 567; x_wconf 89' lang='lat' dir='ltr'>et</span> <span class='ocrx_word' id='word_1_20' title='bbox 3568 509 3675 567; x_wconf 89' lang='lat' dir='ltr'>do-</span> 
     </span>
    </p>
   </div>
   <div class='ocr_carea' id='block_1_6' title="bbox 292 591 1905 670">
    <p class='ocr_par' dir='ltr' id='par_1_6' title="bbox 292 591 1905 670">
     <span class='ocr_line' id='line_1_6' title="bbox 292 591 1905 670; baseline 0 -23"><span class='ocrx_word' id='word_1_21' title='bbox 292 602 398 647; x_wconf 85' lang='grc' dir='ltr'>τοῦ</span> <span class='ocrx_word' id='word_1_22' title='bbox 427 600 679 669; x_wconf 75' lang='grc' dir='ltr'>κραταιοῦ</span> <span class='ocrx_word' id='word_1_23' title='bbox 706 595 799 645; x_wconf 84' lang='grc' dir='ltr'>καὶ</span> <span class='ocrx_word' id='word_1_24' title='bbox 840 592 994 665; x_wconf 84' lang='grc' dir='ltr'>ἁγίου</span> <span class='ocrx_word' id='word_1_25' title='bbox 1022 596 1170 668; x_wconf 80' lang='grc' dir='ltr'>ἡμῶν</span> <span class='ocrx_word' id='word_1_26' title='bbox 1210 593 1466 667; x_wconf 74' lang='grc' dir='ltr'>βασιλέως</span> <span class='ocrx_word' id='word_1_27' title='bbox 1503 603 1667 670; x_wconf 85' lang='grc' dir='ltr'>κυροῦ</span> <span class='ocrx_word' id='word_1_28' title='bbox 1690 591 1905 669; x_wconf 81' lang='grc' dir='ltr'>Ἀνδρο-</span> 
     </span>
    </p>
   </div>
   <div class='ocr_carea' id='block_1_7' title="bbox 297 682 1906 759">
    <p class='ocr_par' dir='ltr' id='par_1_7' title="bbox 297 682 1906 759">
     <span class='ocr_line' id='line_1_7' title="bbox 297 682 1906 759; baseline -0.001 -23"><span class='ocrx_word' id='word_1_29' title='bbox 297 689 457 737; x_wconf 79' lang='grc' dir='ltr'>νίκου</span> <span class='ocrx_word' id='word_1_30' title='bbox 487 696 578 736; x_wconf 78' lang='grc' dir='ltr'>του</span> <span class='ocrx_word' id='word_1_31' title='bbox 606 686 722 735; x_wconf 84' lang='grc' dir='ltr'>υἱοῦ</span> <span class='ocrx_word' id='word_1_32' title='bbox 739 689 834 735; x_wconf 74' lang='grc' dir='ltr'>τοῦ</span> <span class='ocrx_word' id='word_1_33' title='bbox 867 688 1130 758; x_wconf 77' lang='grc' dir='ltr'>Καίσαρος</span> <span class='ocrx_word' id='word_1_34' title='bbox 1147 697 1163 715; x_wconf 81' lang='grc'><strong>⁹</strong></span> <span class='ocrx_word' id='word_1_35' title='bbox 1192 692 1290 737; x_wconf 81' lang='grc' dir='ltr'>τῶν</span> <span class='ocrx_word' id='word_1_36' title='bbox 1306 686 1667 759; x_wconf 80' lang='grc' dir='ltr'>περιποθήτων</span> <span class='ocrx_word' id='word_1_37' title='bbox 1686 682 1906 754; x_wconf 75' lang='grc' dir='ltr'>ἀνεψιῶν</span> 
     </span>
    </p>
   </div>
   <div class='ocr_carea' id='block_1_8' title="bbox 297 771 1907 847">
    <p class='ocr_par' dir='ltr' id='par_1_8' title="bbox 297 771 1907 847">
     <span class='ocr_line' id='line_1_8' title="bbox 297 771 1907 847; baseline -0.002 -21"><span class='ocrx_word' id='word_1_38' title='bbox 297 781 403 826; x_wconf 83' lang='grc' dir='ltr'>τοῦ</span> <span class='ocrx_word' id='word_1_39' title='bbox 431 771 685 847; x_wconf 74' lang='grc' dir='ltr'>βασιλέως</span> <span class='ocrx_word' id='word_1_40' title='bbox 702 774 848 846; x_wconf 73' lang='grc' dir='ltr'>ἡμῶν</span> <span class='ocrx_word' id='word_1_41' title='bbox 869 780 963 825; x_wconf 84' lang='grc' dir='ltr'>τοῦ</span> <span class='ocrx_word' id='word_1_42' title='bbox 1002 773 1179 845; x_wconf 80' lang='grc' dir='ltr'>ἁγίου,</span> <span class='ocrx_word' id='word_1_43' title='bbox 1210 781 1311 825; x_wconf 84' lang='grc' dir='ltr'>τῶν</span> <span class='ocrx_word' id='word_1_44' title='bbox 1343 774 1790 846; x_wconf 71' lang='grc' dir='ltr'>Κοντοστεφάνων,</span> <span class='ocrx_word' id='word_1_45' title='bbox 1814 778 1907 825; x_wconf 87' lang='grc' dir='ltr'>τοῦ</span> 
     </span>
    </p>
   </div>
   <div class='ocr_carea' id='block_1_9' title="bbox 298 863 1907 938">
    <p class='ocr_par' dir='ltr' id='par_1_9' title="bbox 298 863 1907 938">
     <span class='ocr_line' id='line_1_9' title="bbox 298 863 1907 938; baseline -0.001 -21"><span class='ocrx_word' id='word_1_46' title='bbox 298 883 367 917; x_wconf 81' lang='grc' dir='ltr'>τε</span> <span class='ocrx_word' id='word_1_47' title='bbox 396 868 578 938; x_wconf 78' lang='grc' dir='ltr'>κυρίου</span> <span class='ocrx_word' id='word_1_48' title='bbox 608 863 843 917; x_wconf 80' lang='grc' dir='ltr'>Ἰωάννου</span> <span class='ocrx_word' id='word_1_49' title='bbox 873 868 965 916; x_wconf 82' lang='grc' dir='ltr'>καὶ</span> <span class='ocrx_word' id='word_1_50' title='bbox 992 872 1085 917; x_wconf 87' lang='grc' dir='ltr'>τοῦ</span> <span class='ocrx_word' id='word_1_51' title='bbox 1124 872 1284 938; x_wconf 83' lang='grc' dir='ltr'>κυροῦ</span> <span class='ocrx_word' id='word_1_52' title='bbox 1313 864 1544 928; x_wconf 78' lang='grc' dir='ltr'>Ἀλεξίου</span> <span class='ocrx_word' id='word_1_53' title='bbox 1574 881 1585 894; x_wconf 92' lang='grc'><strong>·</strong></span> <span class='ocrx_word' id='word_1_54' title='bbox 1622 872 1724 916; x_wconf 85' lang='grc' dir='ltr'>τῶν</span> <span class='ocrx_word' id='word_1_55' title='bbox 1762 882 1907 937; x_wconf 83' lang='grc' dir='ltr'>περι-</span> 
     </span>
    </p>
   </div>
   <div class='ocr_carea' id='block_1_10' title="bbox 297 950 1907 1026">
    <p class='ocr_par' dir='ltr' id='par_1_10' title="bbox 297 950 1907 1026">
     <span class='ocr_line' id='line_1_10' title="bbox 297 950 1907 1026; baseline -0.001 -21"><span class='ocrx_word' id='word_1_56' title='bbox 297 956 552 1011; x_wconf 81' lang='grc' dir='ltr'>ποθήτων</span> <span class='ocrx_word' id='word_1_57' title='bbox 591 950 811 1024; x_wconf 68' lang='grc' dir='ltr'>ἀνεψιῶν</span> <span class='ocrx_word' id='word_1_58' title='bbox 850 960 944 1006; x_wconf 88' lang='grc' dir='ltr'>τοῦ</span> <span class='ocrx_word' id='word_1_59' title='bbox 984 952 1241 1026; x_wconf 79' lang='grc' dir='ltr'>βασιλέως</span> <span class='ocrx_word' id='word_1_60' title='bbox 1286 955 1433 1026; x_wconf 80' lang='grc' dir='ltr'>ἡμῶν</span> <span class='ocrx_word' id='word_1_61' title='bbox 1477 960 1569 1006; x_wconf 86' lang='grc' dir='ltr'>τοῦ</span> <span class='ocrx_word' id='word_1_62' title='bbox 1608 953 1782 1025; x_wconf 84' lang='grc' dir='ltr'>ἁγίου,</span> <span class='ocrx_word' id='word_1_63' title='bbox 1809 960 1907 1004; x_wconf 82' lang='grc' dir='ltr'>τῶν</span> 
     </span>
    </p>
   </div>
   <div class='ocr_carea' id='block_1_11' title="bbox 294 1041 1910 1117">
    <p class='ocr_par' dir='ltr' id='par_1_11' title="bbox 294 1041 1910 1117">
     <span class='ocr_line' id='line_1_11' title="bbox 294 1041 1910 1117; baseline -0.002 -22"><span class='ocrx_word' id='word_1_64' title='bbox 294 1046 438 1095; x_wconf 81' lang='grc' dir='ltr'>υἱῶν</span> <span class='ocrx_word' id='word_1_65' title='bbox 462 1049 554 1095; x_wconf 82' lang='grc' dir='ltr'>τοῦ</span> <span class='ocrx_word' id='word_1_66' title='bbox 600 1046 895 1117; x_wconf 74' lang='grc' dir='ltr'>μακαρίτου</span> <span class='ocrx_word' id='word_1_67' title='bbox 952 1044 1306 1117; x_wconf 75' lang='grc' dir='ltr'>περιποθήτου</span> <span class='ocrx_word' id='word_1_68' title='bbox 1346 1041 1585 1117; x_wconf 80' lang='grc' dir='ltr'>γαμϐροῦ</span> <span class='ocrx_word' id='word_1_69' title='bbox 1639 1050 1730 1103; x_wconf 85' lang='grc' dir='ltr'>τῆς</span> <span class='ocrx_word' id='word_1_70' title='bbox 1754 1041 1910 1113; x_wconf 79' lang='grc' dir='ltr'>ἁγίας</span> 
     </span>
    </p>
   </div>
   <div class='ocr_carea' id='block_1_12' title="bbox 293 1130 1912 1207">
    <p class='ocr_par' dir='ltr' id='par_1_12' title="bbox 293 1130 1912 1207">
     <span class='ocr_line' id='line_1_12' title="bbox 293 1130 1912 1207; baseline 0 -23"><span class='ocrx_word' id='word_1_71' title='bbox 293 1133 471 1185; x_wconf 69' lang='grc' dir='ltr'>αὐτοῦ</span> <span class='ocrx_word' id='word_1_72' title='bbox 502 1130 774 1204; x_wconf 80' lang='grc' dir='ltr'>βασιλείας</span> <span class='ocrx_word' id='word_1_73' title='bbox 804 1139 898 1184; x_wconf 88' lang='grc' dir='ltr'>τοῦ</span> <span class='ocrx_word' id='word_1_74' title='bbox 926 1131 1554 1206; x_wconf 75' lang='grc' dir='ltr'>πανσεϐαστοῦπερτάτου</span> <span class='ocrx_word' id='word_1_75' title='bbox 1593 1139 1753 1207; x_wconf 85' lang='grc' dir='ltr'>κυροῦ</span> <span class='ocrx_word' id='word_1_76' title='bbox 1785 1140 1912 1185; x_wconf 81' lang='grc' dir='ltr'>Θεο-</span> 
     </span>
    </p>
   </div>
   <div class='ocr_carea' id='block_1_13' title="bbox 287 1218 1908 1296">
    <p class='ocr_par' dir='ltr' id='par_1_13' title="bbox 287 1218 1908 1296">
     <span class='ocr_line' id='line_1_13' title="bbox 287 1218 1908 1296; baseline -0.001 -23"><span class='ocrx_word' id='word_1_77' title='bbox 287 1218 481 1296; x_wconf 78' lang='grc' dir='ltr'>δώρου</span> <span class='ocrx_word' id='word_1_78' title='bbox 505 1226 599 1274; x_wconf 83' lang='grc' dir='ltr'>τοῦ</span> <span class='ocrx_word' id='word_1_79' title='bbox 633 1222 929 1289; x_wconf 82' lang='grc' dir='ltr'>Βατάτςου,</span> <span class='ocrx_word' id='word_1_80' title='bbox 962 1230 1055 1275; x_wconf 88' lang='grc' dir='ltr'>τοῦ</span> <span class='ocrx_word' id='word_1_81' title='bbox 1074 1241 1129 1275; x_wconf 87' lang='grc' dir='ltr'>τε</span> <span class='ocrx_word' id='word_1_82' title='bbox 1155 1229 1323 1296; x_wconf 71' lang='grc' dir='ltr'>κυροῦ</span> <span class='ocrx_word' id='word_1_83' title='bbox 1350 1219 1686 1295; x_wconf 79' lang='grc' dir='ltr'>Ἀνδρονίκου</span> <span class='ocrx_word' id='word_1_84' title='bbox 1707 1227 1797 1273; x_wconf 86' lang='grc' dir='ltr'>καὶ</span> <span class='ocrx_word' id='word_1_85' title='bbox 1818 1228 1908 1273; x_wconf 87' lang='grc' dir='ltr'>τοῦ</span> 
     </span>
    </p>
   </div>
   <div class='ocr_carea' id='block_1_14' title="bbox 269 1307 1908 1385">
    <p class='ocr_par' dir='ltr' id='par_1_14' title="bbox 269 1307 1908 1385">
     <span class='ocr_line' id='line_1_14' title="bbox 269 1307 1908 1385; baseline 0.001 -24"><span class='ocrx_word' id='word_1_86' title='bbox 269 1317 461 1384; x_wconf 75' lang='grc' dir='ltr'>κυροῦ</span> <span class='ocrx_word' id='word_1_87' title='bbox 490 1308 726 1373; x_wconf 80' lang='grc' dir='ltr'>Ἀλεξίου</span> <span class='ocrx_word' id='word_1_88' title='bbox 750 1324 762 1338; x_wconf 91' lang='grc'><strong>·</strong></span> <span class='ocrx_word' id='word_1_89' title='bbox 794 1319 891 1363; x_wconf 80' lang='grc' dir='ltr'>τοῦ</span> <span class='ocrx_word' id='word_1_90' title='bbox 929 1314 1280 1385; x_wconf 75' lang='grc' dir='ltr'>περιποθήτου</span> <span class='ocrx_word' id='word_1_91' title='bbox 1310 1307 1586 1384; x_wconf 75' lang='grc' dir='ltr'>ἐξαδέλφου</span> <span class='ocrx_word' id='word_1_92' title='bbox 1618 1318 1709 1363; x_wconf 87' lang='grc' dir='ltr'>τοῦ</span> <span class='ocrx_word' id='word_1_93' title='bbox 1746 1309 1908 1384; x_wconf 83' lang='grc' dir='ltr'>βασι-</span> 
     </span>
    </p>
   </div>
   <div class='ocr_carea' id='block_1_15' title="bbox 270 1397 1909 1473">
    <p class='ocr_par' dir='ltr' id='par_1_15' title="bbox 270 1397 1909 1473">
     <span class='ocr_line' id='line_1_15' title="bbox 270 1397 1909 1473; baseline 0.001 -23"><span class='ocrx_word' id='word_1_94' title='bbox 270 1397 417 1459; x_wconf 72' lang='grc' dir='ltr'>λέως</span> <span class='ocrx_word' id='word_1_95' title='bbox 448 1400 600 1471; x_wconf 78' lang='grc' dir='ltr'>ἡμῶν</span> <span class='ocrx_word' id='word_1_96' title='bbox 628 1406 723 1451; x_wconf 89' lang='grc' dir='ltr'>τοῦ</span> <span class='ocrx_word' id='word_1_97' title='bbox 768 1398 943 1471; x_wconf 66' lang='grc' dir='ltr'>ἁγίου,</span> <span class='ocrx_word' id='word_1_98' title='bbox 986 1407 1149 1473; x_wconf 83' lang='grc' dir='ltr'>κυροῦ</span> <span class='ocrx_word' id='word_1_99' title='bbox 1182 1401 1418 1454; x_wconf 79' lang='grc' dir='ltr'>Ἰωάννου</span> <span class='ocrx_word' id='word_1_100' title='bbox 1459 1407 1550 1452; x_wconf 89' lang='grc' dir='ltr'>τοῦ</span> <span class='ocrx_word' id='word_1_101' title='bbox 1600 1402 1768 1453; x_wconf 77' lang='grc' dir='ltr'>Δοῦκα</span> <span class='ocrx_word' id='word_1_102' title='bbox 1818 1407 1909 1452; x_wconf 88' lang='grc' dir='ltr'>τοῦ</span> 
     </span>
    </p>
   </div>
   <div class='ocr_carea' id='block_1_16' title="bbox 278 1484 1909 1565">
    <p class='ocr_par' dir='ltr' id='par_1_16' title="bbox 278 1484 1909 1565">
     <span class='ocr_line' id='line_1_16' title="bbox 278 1484 1909 1565; baseline 0 -26"><span class='ocrx_word' id='word_1_103' title='bbox 278 1489 415 1539; x_wconf 83' lang='grc' dir='ltr'>υἱοῦ</span> <span class='ocrx_word' id='word_1_104' title='bbox 444 1494 540 1540; x_wconf 88' lang='grc' dir='ltr'>τοῦ</span> <span class='ocrx_word' id='word_1_105' title='bbox 568 1484 823 1561; x_wconf 76' lang='grc' dir='ltr'>ἀοιδίμου</span> <span class='ocrx_word' id='word_1_106' title='bbox 872 1493 1141 1563; x_wconf 78' lang='grc' dir='ltr'>Καίσαρος</span> <span class='ocrx_word' id='word_1_107' title='bbox 1164 1497 1256 1542; x_wconf 86' lang='grc' dir='ltr'>τοῦ</span> <span class='ocrx_word' id='word_1_108' title='bbox 1288 1494 1557 1565; x_wconf 85' lang='grc' dir='ltr'>Βρυεννίου</span> <span class='ocrx_word' id='word_1_109' title='bbox 1580 1506 1595 1520; x_wconf 83' lang='grc'><em>’</em></span> <span class='ocrx_word' id='word_1_110' title='bbox 1627 1495 1720 1541; x_wconf 84' lang='grc' dir='ltr'>τοῦ</span> <span class='ocrx_word' id='word_1_111' title='bbox 1758 1507 1909 1563; x_wconf 80' lang='grc' dir='ltr'>περι-</span> 
     </span>
    </p>
   </div>
   <div class='ocr_carea' id='block_1_17' title="bbox 272 1574 1905 1652">
    <p class='ocr_par' dir='ltr' id='par_1_17' title="bbox 272 1574 1905 1652">
     <span class='ocr_line' id='line_1_17' title="bbox 272 1574 1905 1652; baseline -0.001 -22"><span class='ocrx_word' id='word_1_112' title='bbox 272 1578 535 1636; x_wconf 66' lang='grc' dir='ltr'>ποθήτου</span> <span class='ocrx_word' id='word_1_113' title='bbox 592 1574 877 1650; x_wconf 72' lang='grc' dir='ltr'>ἑξαδίλφου</span> <span class='ocrx_word' id='word_1_114' title='bbox 927 1586 1019 1633; x_wconf 84' lang='grc' dir='ltr'>τοῦ</span> <span class='ocrx_word' id='word_1_115' title='bbox 1079 1578 1339 1651; x_wconf 81' lang='grc' dir='ltr'>βασιλέως</span> <span class='ocrx_word' id='word_1_116' title='bbox 1390 1581 1538 1652; x_wconf 79' lang='grc' dir='ltr'>ἡμῶν</span> <span class='ocrx_word' id='word_1_117' title='bbox 1581 1586 1673 1631; x_wconf 83' lang='grc' dir='ltr'>τοῦ</span> <span class='ocrx_word' id='word_1_118' title='bbox 1731 1578 1905 1649; x_wconf 74' lang='grc' dir='ltr'>ἁγίου,</span> 
     </span>
    </p>
   </div>
   <div class='ocr_carea' id='block_1_18' title="bbox 266 1666 1909 1743">
    <p class='ocr_par' dir='ltr' id='par_1_18' title="bbox 266 1666 1909 1743">
     <span class='ocr_line' id='line_1_18' title="bbox 266 1666 1909 1743; baseline -0.001 -24"><span class='ocrx_word' id='word_1_119' title='bbox 266 1675 461 1743; x_wconf 68' lang='grc' dir='ltr'>κυροῦ</span> <span class='ocrx_word' id='word_1_120' title='bbox 492 1666 728 1731; x_wconf 81' lang='grc' dir='ltr'>Ἀλεξίου</span> <span class='ocrx_word' id='word_1_121' title='bbox 757 1675 852 1720; x_wconf 89' lang='grc' dir='ltr'>τοῦ</span> <span class='ocrx_word' id='word_1_122' title='bbox 883 1674 1124 1740; x_wconf 74' lang='grc' dir='ltr'>Κομηνοῦ</span> <span class='ocrx_word' id='word_1_123' title='bbox 1172 1676 1266 1721; x_wconf 88' lang='grc' dir='ltr'>τοῦ</span> <span class='ocrx_word' id='word_1_124' title='bbox 1303 1671 1421 1721; x_wconf 80' lang='grc' dir='ltr'>υἱοῦ</span> <span class='ocrx_word' id='word_1_125' title='bbox 1451 1676 1542 1721; x_wconf 85' lang='grc' dir='ltr'>τοῦ</span> <span class='ocrx_word' id='word_1_126' title='bbox 1580 1685 1909 1741; x_wconf 83' lang='grc' dir='ltr'>πανυπερσε-</span> 
     </span>
    </p>
   </div>
   <div class='ocr_carea' id='block_1_19' title="bbox 274 1756 1912 1833">
    <p class='ocr_par' dir='ltr' id='par_1_19' title="bbox 274 1756 1912 1833">
     <span class='ocr_line' id='line_1_19' title="bbox 274 1756 1912 1833; baseline -0.001 -24"><span class='ocrx_word' id='word_1_127' title='bbox 274 1756 504 1810; x_wconf 65' lang='lat' dir='ltr'>Baio-tau</span> <span class='ocrx_word' id='word_1_128' title='bbox 531 1777 546 1792; x_wconf 90' lang='grc'><strong>·</strong></span> <span class='ocrx_word' id='word_1_129' title='bbox 607 1766 708 1810; x_wconf 86' lang='grc' dir='ltr'>τῶν</span> <span class='ocrx_word' id='word_1_130' title='bbox 764 1761 1128 1833; x_wconf 80' lang='grc' dir='ltr'>περιποθήτων</span> <span class='ocrx_word' id='word_1_131' title='bbox 1187 1756 1477 1831; x_wconf 67' lang='grc' dir='ltr'>ἱξαδελφων</span> <span class='ocrx_word' id='word_1_132' title='bbox 1515 1765 1608 1811; x_wconf 89' lang='grc' dir='ltr'>τοῦ</span> <span class='ocrx_word' id='word_1_133' title='bbox 1650 1757 1912 1831; x_wconf 76' lang='grc' dir='ltr'>βασιλέως</span> 
     </span>
    </p>
   </div>
   <div class='ocr_carea' id='block_1_20' title="bbox 2015 596 3675 665">
    <p class='ocr_par' dir='ltr' id='par_1_20' title="bbox 2015 596 3675 665">
     <span class='ocr_line' id='line_1_20' title="bbox 2015 596 3675 665; baseline 0.003 -15"><span class='ocrx_word' id='word_1_134' title='bbox 2015 596 2183 653; x_wconf 89' lang='lat' dir='ltr'>mino</span> <span class='ocrx_word' id='word_1_135' title='bbox 2241 598 2491 665; x_wconf 80' lang='lat' dir='ltr'>Alexio;</span> <span class='ocrx_word' id='word_1_136' title='bbox 2574 598 2937 656; x_wconf 88' lang='lat' dir='ltr'>amabilibus</span> <span class='ocrx_word' id='word_1_137' title='bbox 3023 599 3401 656; x_wconf 87' lang='lat' dir='ltr'>consobrinis</span> <span class='ocrx_word' id='word_1_138' title='bbox 3481 598 3675 657; x_wconf 85' lang='lat' dir='ltr'>sancti</span> 
     </span>
    </p>
   </div>
   <div class='ocr_carea' id='block_1_21' title="bbox 2014 686 3675 759">
    <p class='ocr_par' dir='ltr' id='par_1_21' title="bbox 2014 686 3675 759">
     <span class='ocr_line' id='line_1_21' title="bbox 2014 686 3675 759; baseline 0.002 -19"><span class='ocrx_word' id='word_1_139' title='bbox 2014 686 2205 742; x_wconf 86' lang='lat' dir='ltr'>nostri</span> <span class='ocrx_word' id='word_1_140' title='bbox 2241 688 2426 757; x_wconf 79' lang='lat' dir='ltr'>regis,</span> <span class='ocrx_word' id='word_1_141' title='bbox 2458 686 2599 744; x_wconf 82' lang='lat' dir='ltr'>ﬁliis</span> <span class='ocrx_word' id='word_1_142' title='bbox 2626 688 2786 744; x_wconf 84' lang='lat' dir='ltr'>beati</span> <span class='ocrx_word' id='word_1_143' title='bbox 2816 693 2872 744; x_wconf 89' lang='lat' dir='ltr'>et</span> <span class='ocrx_word' id='word_1_144' title='bbox 2895 687 3175 744; x_wconf 84' lang='lat' dir='ltr'>amabilis</span> <span class='ocrx_word' id='word_1_145' title='bbox 3213 688 3417 759; x_wconf 82' lang='lat' dir='ltr'>generi</span> <span class='ocrx_word' id='word_1_146' title='bbox 3450 692 3675 745; x_wconf 63' lang='lat' dir='ltr'>sanctae</span> 
     </span>
    </p>
   </div>
   <div class='ocr_carea' id='block_1_22' title="bbox 2015 775 3675 849">
    <p class='ocr_par' dir='ltr' id='par_1_22' title="bbox 2015 775 3675 849">
     <span class='ocr_line' id='line_1_22' title="bbox 2015 775 3675 849; baseline 0.002 -20"><span class='ocrx_word' id='word_1_147' title='bbox 2015 775 2345 844; x_wconf 87' lang='lat' dir='ltr'>majestatis</span> <span class='ocrx_word' id='word_1_148' title='bbox 2407 777 2576 849; x_wconf 89' lang='lat' dir='ltr'>ejus,</span> <span class='ocrx_word' id='word_1_149' title='bbox 2623 775 2990 849; x_wconf 86' lang='lat' dir='ltr'>pansebasto</span> <span class='ocrx_word' id='word_1_150' title='bbox 3041 776 3373 833; x_wconf 87' lang='lat' dir='ltr'>celsissimo</span> <span class='ocrx_word' id='word_1_151' title='bbox 3423 776 3675 833; x_wconf 88' lang='lat' dir='ltr'>domino</span> 
     </span>
    </p>
   </div>
   <div class='ocr_carea' id='block_1_23' title="bbox 2014 863 3676 934">
    <p class='ocr_par' dir='ltr' id='par_1_23' title="bbox 2014 863 3676 934">
     <span class='ocr_line' id='line_1_23' title="bbox 2014 863 3676 934; baseline 0.003 -17"><span class='ocrx_word' id='word_1_152' title='bbox 2014 863 2324 920; x_wconf 89' lang='lat' dir='ltr'>Theodoro</span> <span class='ocrx_word' id='word_1_153' title='bbox 2383 868 2619 922; x_wconf 87' lang='lat' dir='ltr'>Vatatze</span> <span class='ocrx_word' id='word_1_154' title='bbox 2649 909 2662 933; x_wconf 93' lang='lat'>,</span> <span class='ocrx_word' id='word_1_155' title='bbox 2722 869 2778 921; x_wconf 87' lang='lat' dir='ltr'>et</span> <span class='ocrx_word' id='word_1_156' title='bbox 2837 865 3089 921; x_wconf 86' lang='lat' dir='ltr'>domino</span> <span class='ocrx_word' id='word_1_157' title='bbox 3163 865 3507 922; x_wconf 83' lang='lat' dir='ltr'>Andronico</span> <span class='ocrx_word' id='word_1_158' title='bbox 3541 908 3554 934; x_wconf 92' lang='lat'><strong><em>,</em></strong></span> <span class='ocrx_word' id='word_1_159' title='bbox 3617 870 3676 923; x_wconf 84' lang='lat' dir='ltr'>et</span> 
     </span>
    </p>
   </div>
   <div class='ocr_carea' id='block_1_24' title="bbox 2015 942 3673 1027">
    <p class='ocr_par' dir='ltr' id='par_1_24' title="bbox 2015 942 3673 1027">
     <span class='ocr_line' id='line_1_24' title="bbox 2015 942 3673 1027; baseline 0.002 -20"><span class='ocrx_word' id='word_1_160' title='bbox 2015 951 2266 1009; x_wconf 88' lang='lat' dir='ltr'>domino</span> <span class='ocrx_word' id='word_1_161' title='bbox 2326 955 2568 1021; x_wconf 83' lang='lat' dir='ltr'>Alexio;</span> <span class='ocrx_word' id='word_1_162' title='bbox 2619 954 2867 1011; x_wconf 82' lang='lat' dir='ltr'>amabili</span> <span class='ocrx_word' id='word_1_163' title='bbox 2919 953 3186 1027; x_wconf 83' lang='lat' dir='ltr'>patruele</span> <span class='ocrx_word' id='word_1_164' title='bbox 3232 955 3423 1011; x_wconf 84' lang='lat' dir='ltr'>sancti</span> <span class='ocrx_word' id='word_1_165' title='bbox 3482 942 3673 1011; x_wconf 85' lang='lat' dir='ltr'>nostri</span> 
     </span>
    </p>
   </div>
   <div class='ocr_carea' id='block_1_25' title="bbox 2013 1042 3675 1116">
    <p class='ocr_par' dir='ltr' id='par_1_25' title="bbox 2013 1042 3675 1116">
     <span class='ocr_line' id='line_1_25' title="bbox 2013 1042 3675 1116; baseline 0.002 -20"><span class='ocrx_word' id='word_1_166' title='bbox 2013 1042 2172 1112; x_wconf 83' lang='lat' dir='ltr'>regis</span> <span class='ocrx_word' id='word_1_167' title='bbox 2210 1042 2459 1100; x_wconf 90' lang='lat' dir='ltr'>domino</span> <span class='ocrx_word' id='word_1_168' title='bbox 2515 1046 2746 1101; x_wconf 87' lang='lat' dir='ltr'>Joanne</span> <span class='ocrx_word' id='word_1_169' title='bbox 2797 1045 2959 1100; x_wconf 89' lang='lat' dir='ltr'>Duca</span> <span class='ocrx_word' id='word_1_170' title='bbox 3004 1042 3130 1099; x_wconf 90' lang='lat' dir='ltr'>ﬁlio</span> <span class='ocrx_word' id='word_1_171' title='bbox 3182 1044 3388 1116; x_wconf 87' lang='lat' dir='ltr'>inclyti</span> <span class='ocrx_word' id='word_1_172' title='bbox 3428 1043 3675 1101; x_wconf 68' lang='lat' dir='ltr'>Caesaris</span> 
     </span>
    </p>
   </div>
   <div class='ocr_carea' id='block_1_26' title="bbox 2016 1131 3673 1205">
    <p class='ocr_par' dir='ltr' id='par_1_26' title="bbox 2016 1131 3673 1205">
     <span class='ocr_line' id='line_1_26' title="bbox 2016 1131 3673 1205; baseline 0.003 -21"><span class='ocrx_word' id='word_1_173' title='bbox 2016 1131 2338 1201; x_wconf 78' lang='lat' dir='ltr'>Bryennii;</span> <span class='ocrx_word' id='word_1_174' title='bbox 2389 1132 2638 1189; x_wconf 82' lang='lat' dir='ltr'>amabili</span> <span class='ocrx_word' id='word_1_175' title='bbox 2692 1132 2963 1205; x_wconf 82' lang='lat' dir='ltr'>patruele</span> <span class='ocrx_word' id='word_1_176' title='bbox 3023 1132 3212 1189; x_wconf 88' lang='lat' dir='ltr'>sancti</span> <span class='ocrx_word' id='word_1_177' title='bbox 3268 1133 3455 1189; x_wconf 89' lang='lat' dir='ltr'>nostri</span> <span class='ocrx_word' id='word_1_178' title='bbox 3492 1132 3673 1204; x_wconf 84' lang='lat' dir='ltr'>regis,</span> 
     </span>
    </p>
   </div>
   <div class='ocr_carea' id='block_1_27' title="bbox 2015 1219 3679 1295">
    <p class='ocr_par' dir='ltr' id='par_1_27' title="bbox 2015 1219 3679 1295">
     <span class='ocr_line' id='line_1_27' title="bbox 2015 1219 3679 1295; baseline 0.001 -19"><span class='ocrx_word' id='word_1_179' title='bbox 2015 1219 2266 1276; x_wconf 88' lang='lat' dir='ltr'>domino</span> <span class='ocrx_word' id='word_1_180' title='bbox 2292 1221 2493 1278; x_wconf 82' lang='lat' dir='ltr'>Alexio</span> <span class='ocrx_word' id='word_1_181' title='bbox 2528 1224 2834 1280; x_wconf 88' lang='lat' dir='ltr'>Comneno</span> <span class='ocrx_word' id='word_1_182' title='bbox 2871 1222 2996 1278; x_wconf 88' lang='lat' dir='ltr'>ﬁlio</span> <span class='ocrx_word' id='word_1_183' title='bbox 3034 1221 3386 1295; x_wconf 86' lang='lat' dir='ltr'>pansebasti</span> <span class='ocrx_word' id='word_1_184' title='bbox 3425 1222 3679 1279; x_wconf 90' lang='lat' dir='ltr'>celsissi-</span> 
     </span>
    </p>
   </div>
   <div class='ocr_carea' id='block_1_28' title="bbox 2016 1310 3676 1384">
    <p class='ocr_par' dir='ltr' id='par_1_28' title="bbox 2016 1310 3676 1384">
     <span class='ocr_line' id='line_1_28' title="bbox 2016 1310 3676 1384; baseline 0.002 -19"><span class='ocrx_word' id='word_1_185' title='bbox 2016 1310 2148 1378; x_wconf 88' lang='lat' dir='ltr'>mi;</span> <span class='ocrx_word' id='word_1_186' title='bbox 2205 1310 2572 1367; x_wconf 88' lang='lat' dir='ltr'>amabilibus</span> <span class='ocrx_word' id='word_1_187' title='bbox 2638 1311 3011 1384; x_wconf 85' lang='lat' dir='ltr'>patruelibus</span> <span class='ocrx_word' id='word_1_188' title='bbox 3077 1311 3269 1368; x_wconf 89' lang='lat' dir='ltr'>sancti</span> <span class='ocrx_word' id='word_1_189' title='bbox 3334 1312 3523 1368; x_wconf 84' lang='lat' dir='ltr'>nostri</span> <span class='ocrx_word' id='word_1_190' title='bbox 3589 1327 3676 1369; x_wconf 90' lang='lat' dir='ltr'>re-</span> 
     </span>
    </p>
   </div>
   <div class='ocr_carea' id='block_1_29' title="bbox 2018 1399 3674 1472">
    <p class='ocr_par' dir='ltr' id='par_1_29' title="bbox 2018 1399 3674 1472">
     <span class='ocr_line' id='line_1_29' title="bbox 2018 1399 3674 1472; baseline 0.002 -19"><span class='ocrx_word' id='word_1_191' title='bbox 2018 1399 2129 1469; x_wconf 80' lang='lat' dir='ltr'>gis,</span> <span class='ocrx_word' id='word_1_192' title='bbox 2162 1399 2300 1455; x_wconf 89' lang='lat' dir='ltr'>ﬁliis</span> <span class='ocrx_word' id='word_1_193' title='bbox 2333 1400 2614 1457; x_wconf 85' lang='lat' dir='ltr'>amabilis</span> <span class='ocrx_word' id='word_1_194' title='bbox 2661 1401 2861 1472; x_wconf 84' lang='lat' dir='ltr'>patrui</span> <span class='ocrx_word' id='word_1_195' title='bbox 2910 1405 3131 1457; x_wconf 59' lang='lat' dir='ltr'>sanctae</span> <span class='ocrx_word' id='word_1_196' title='bbox 3159 1401 3490 1472; x_wconf 86' lang='lat' dir='ltr'>majestatis</span> <span class='ocrx_word' id='word_1_197' title='bbox 3521 1401 3674 1472; x_wconf 88' lang='lat' dir='ltr'>ejus,</span> 
     </span>
    </p>
   </div>
   <div class='ocr_carea' id='block_1_30' title="bbox 2016 1487 3673 1560">
    <p class='ocr_par' dir='ltr' id='par_1_30' title="bbox 2016 1487 3673 1560">
     <span class='ocr_line' id='line_1_30' title="bbox 2016 1487 3673 1560; baseline 0.002 -17"><span class='ocrx_word' id='word_1_198' title='bbox 2016 1487 2365 1560; x_wconf 86' lang='lat' dir='ltr'>pansebasti</span> <span class='ocrx_word' id='word_1_199' title='bbox 2415 1489 2725 1545; x_wconf 87' lang='lat' dir='ltr'>celsissimi</span> <span class='ocrx_word' id='word_1_200' title='bbox 2772 1489 3003 1546; x_wconf 88' lang='lat' dir='ltr'>domini</span> <span class='ocrx_word' id='word_1_201' title='bbox 3044 1490 3412 1545; x_wconf 89' lang='lat' dir='ltr'>Constantini</span> <span class='ocrx_word' id='word_1_202' title='bbox 3444 1489 3673 1560; x_wconf 81' lang='lat' dir='ltr'>Angeli,</span> 
     </span>
    </p>
   </div>
   <div class='ocr_carea' id='block_1_31' title="bbox 2016 1576 3676 1645">
    <p class='ocr_par' dir='ltr' id='par_1_31' title="bbox 2016 1576 3676 1645">
     <span class='ocr_line' id='line_1_31' title="bbox 2016 1576 3676 1645; baseline 0.001 -14"><span class='ocrx_word' id='word_1_203' title='bbox 2016 1576 2268 1632; x_wconf 90' lang='lat' dir='ltr'>domino</span> <span class='ocrx_word' id='word_1_204' title='bbox 2321 1579 2584 1645; x_wconf 82' lang='lat' dir='ltr'>Joanne,</span> <span class='ocrx_word' id='word_1_205' title='bbox 2643 1577 2893 1634; x_wconf 88' lang='lat' dir='ltr'>domino</span> <span class='ocrx_word' id='word_1_206' title='bbox 2952 1577 3183 1642; x_wconf 79' lang='lat' dir='ltr'>Alexio,</span> <span class='ocrx_word' id='word_1_207' title='bbox 3239 1577 3490 1633; x_wconf 90' lang='lat' dir='ltr'>domino</span> <span class='ocrx_word' id='word_1_208' title='bbox 3554 1584 3676 1633; x_wconf 81' lang='lat' dir='ltr'>An-</span> 
     </span>
    </p>
   </div>
   <div class='ocr_carea' id='block_1_32' title="bbox 2018 1664 3676 1739">
    <p class='ocr_par' dir='ltr' id='par_1_32' title="bbox 2018 1664 3676 1739">
     <span class='ocr_line' id='line_1_32' title="bbox 2018 1664 3676 1739; baseline 0.001 -18"><span class='ocrx_word' id='word_1_209' title='bbox 2018 1664 2290 1733; x_wconf 84' lang='lat' dir='ltr'>dronico,</span> <span class='ocrx_word' id='word_1_210' title='bbox 2333 1672 2390 1722; x_wconf 88' lang='lat' dir='ltr'>et</span> <span class='ocrx_word' id='word_1_211' title='bbox 2420 1667 2669 1723; x_wconf 88' lang='lat' dir='ltr'>domino</span> <span class='ocrx_word' id='word_1_212' title='bbox 2700 1667 2967 1734; x_wconf 84' lang='lat' dir='ltr'>Isaacio;</span> <span class='ocrx_word' id='word_1_213' title='bbox 3016 1666 3385 1739; x_wconf 86' lang='lat' dir='ltr'>pansebasto</span> <span class='ocrx_word' id='word_1_214' title='bbox 3430 1665 3676 1723; x_wconf 87' lang='lat' dir='ltr'>sebasto</span> 
     </span>
    </p>
   </div>
   <div class='ocr_carea' id='block_1_33' title="bbox 2018 1756 3676 1829">
    <p class='ocr_par' dir='ltr' id='par_1_33' title="bbox 2018 1756 3676 1829">
     <span class='ocr_line' id='line_1_33' title="bbox 2018 1756 3676 1829; baseline 0.001 -17"><span class='ocrx_word' id='word_1_215' title='bbox 2018 1762 2076 1812; x_wconf 85' lang='lat' dir='ltr'>et</span> <span class='ocrx_word' id='word_1_216' title='bbox 2105 1771 2324 1826; x_wconf 81' lang='lat' dir='ltr'>genero</span> <span class='ocrx_word' id='word_1_217' title='bbox 2362 1756 2619 1829; x_wconf 86' lang='lat' dir='ltr'>potentis</span> <span class='ocrx_word' id='word_1_218' title='bbox 2650 1757 2962 1828; x_wconf 88' lang='lat' dir='ltr'>sanctique</span> <span class='ocrx_word' id='word_1_219' title='bbox 3001 1756 3189 1812; x_wconf 89' lang='lat' dir='ltr'>nostri</span> <span class='ocrx_word' id='word_1_220' title='bbox 3230 1756 3386 1827; x_wconf 83' lang='lat' dir='ltr'>regis</span> <span class='ocrx_word' id='word_1_221' title='bbox 3425 1756 3676 1814; x_wconf 86' lang='lat' dir='ltr'>domino</span> 
     </span>
    </p>
   </div>
   <div class='ocr_carea' id='block_1_34' title="bbox 279 1844 1916 1924">
    <p class='ocr_par' dir='ltr' id='par_1_34' title="bbox 279 1846 1912 1924">
     <span class='ocr_line' id='line_1_34' title="bbox 279 1846 1912 1924; baseline -0.001 -25"><span class='ocrx_word' id='word_1_222' title='bbox 279 1849 333 1905; x_wconf 71' lang='grc' dir='ltr'>ἡ</span> <span class='ocrx_word' id='word_1_223' title='bbox 342 1855 451 1919; x_wconf 80' lang='grc' dir='ltr'>μῶν</span> <span class='ocrx_word' id='word_1_224' title='bbox 478 1854 573 1899; x_wconf 80' lang='grc' dir='ltr'>τοῦ</span> <span class='ocrx_word' id='word_1_225' title='bbox 594 1846 772 1918; x_wconf 75' lang='grc' dir='ltr'>ἁγίου,</span> <span class='ocrx_word' id='word_1_226' title='bbox 799 1855 902 1900; x_wconf 84' lang='grc' dir='ltr'>τῶν</span> <span class='ocrx_word' id='word_1_227' title='bbox 931 1850 1055 1901; x_wconf 85' lang='grc' dir='ltr'>υἱῶν</span> <span class='ocrx_word' id='word_1_228' title='bbox 1084 1849 1437 1924; x_wconf 79' lang='grc' dir='ltr'>περιποθήτου</span> <span class='ocrx_word' id='word_1_229' title='bbox 1471 1850 1604 1901; x_wconf 85' lang='grc' dir='ltr'>θείου</span> <span class='ocrx_word' id='word_1_230' title='bbox 1634 1856 1726 1908; x_wconf 86' lang='grc' dir='ltr'>τῆς</span> <span class='ocrx_word' id='word_1_231' title='bbox 1755 1846 1912 1917; x_wconf 84' lang='grc' dir='ltr'>ἁγίας</span> 
     </span>
    </p>
   </div>
   <div class='ocr_carea' id='block_1_35' title="bbox 2022 1844 3678 1924">
    <p class='ocr_par' dir='ltr' id='par_1_35' title="bbox 2022 1844 3678 1918">
     <span class='ocr_line' id='line_1_35' title="bbox 2022 1844 3678 1918; baseline 0.001 -18"><span class='ocrx_word' id='word_1_232' title='bbox 2022 1844 2249 1902; x_wconf 82' lang='lat' dir='ltr'>Joanne</span> <span class='ocrx_word' id='word_1_233' title='bbox 2300 1847 2754 1914; x_wconf 86' lang='lat' dir='ltr'>Cantacuzeno;</span> <span class='ocrx_word' id='word_1_234' title='bbox 2796 1845 3162 1918; x_wconf 86' lang='lat' dir='ltr'>pansebasto</span> <span class='ocrx_word' id='word_1_235' title='bbox 3207 1845 3445 1902; x_wconf 86' lang='lat' dir='ltr'>sebasto</span> <span class='ocrx_word' id='word_1_236' title='bbox 3484 1850 3542 1900; x_wconf 88' lang='lat' dir='ltr'>et</span> <span class='ocrx_word' id='word_1_237' title='bbox 3580 1861 3678 1916; x_wconf 85' lang='lat' dir='ltr'>ge-</span> 
     </span>
    </p>
   </div>
   <div class='ocr_carea' id='block_1_36' title="bbox 288 1932 1908 2011">
    <p class='ocr_par' dir='ltr' id='par_1_36' title="bbox 288 1932 1908 2011">
     <span class='ocr_line' id='line_1_36' title="bbox 288 1932 1908 2011; baseline -0.001 -24"><span class='ocrx_word' id='word_1_238' title='bbox 288 1934 469 1988; x_wconf 71' lang='grc' dir='ltr'>αὑτοῦ</span> <span class='ocrx_word' id='word_1_239' title='bbox 495 1932 775 2008; x_wconf 78' lang='grc' dir='ltr'>βασιλείας</span> <span class='ocrx_word' id='word_1_240' title='bbox 796 1942 890 1987; x_wconf 83' lang='grc' dir='ltr'>τοῦ</span> <span class='ocrx_word' id='word_1_241' title='bbox 926 1935 1554 2011; x_wconf 74' lang='grc' dir='ltr'>πανσεϐαστοῦπερτάτου</span> <span class='ocrx_word' id='word_1_242' title='bbox 1581 1942 1740 2011; x_wconf 85' lang='grc' dir='ltr'>κυροῦ</span> <span class='ocrx_word' id='word_1_243' title='bbox 1769 1940 1908 1987; x_wconf 80' lang='grc' dir='ltr'>Κων-</span> 
     </span>
    </p>
   </div>
   <div class='ocr_carea' id='block_1_37' title="bbox 294 2023 1909 2098">
    <p class='ocr_par' dir='ltr' id='par_1_37' title="bbox 294 2023 1909 2098">
     <span class='ocr_line' id='line_1_37' title="bbox 294 2023 1909 2098; baseline -0.002 -21"><span class='ocrx_word' id='word_1_244' title='bbox 294 2025 585 2078; x_wconf 80' lang='grc' dir='ltr'>στάντίνου</span> <span class='ocrx_word' id='word_1_245' title='bbox 637 2031 733 2076; x_wconf 84' lang='grc' dir='ltr'>τοῦ</span> <span class='ocrx_word' id='word_1_246' title='bbox 763 2023 1033 2096; x_wconf 76' lang='grc' dir='ltr'>Ἀγγέλου,</span> <span class='ocrx_word' id='word_1_247' title='bbox 1082 2032 1176 2077; x_wconf 89' lang='grc' dir='ltr'>τοῦ</span> <span class='ocrx_word' id='word_1_248' title='bbox 1231 2044 1286 2078; x_wconf 81' lang='grc' dir='ltr'>τε</span> <span class='ocrx_word' id='word_1_249' title='bbox 1326 2032 1489 2098; x_wconf 87' lang='grc' dir='ltr'>κυροῦ</span> <span class='ocrx_word' id='word_1_250' title='bbox 1514 2026 1773 2094; x_wconf 77' lang='grc' dir='ltr'>Ἰωαννου,</span> <span class='ocrx_word' id='word_1_251' title='bbox 1818 2030 1909 2076; x_wconf 85' lang='grc' dir='ltr'>τοῦ</span> 
     </span>
    </p>
   </div>
   <div class='ocr_carea' id='block_1_38' title="bbox 281 2111 1910 2190">
    <p class='ocr_par' dir='ltr' id='par_1_38' title="bbox 281 2111 1910 2190">
     <span class='ocr_line' id='line_1_38' title="bbox 281 2111 1910 2190; baseline -0.001 -24"><span class='ocrx_word' id='word_1_252' title='bbox 281 2121 468 2190; x_wconf 77' lang='grc' dir='ltr'>κυροῦ</span> <span class='ocrx_word' id='word_1_253' title='bbox 498 2112 753 2185; x_wconf 77' lang='grc' dir='ltr'>Ἀλεξίου,</span> <span class='ocrx_word' id='word_1_254' title='bbox 787 2121 879 2166; x_wconf 89' lang='grc' dir='ltr'>τοῦ</span> <span class='ocrx_word' id='word_1_255' title='bbox 908 2114 1072 2188; x_wconf 77' lang='grc' dir='ltr'>κυροῦ</span> <span class='ocrx_word' id='word_1_256' title='bbox 1101 2111 1457 2188; x_wconf 77' lang='grc' dir='ltr'>Ἀνδρονίκου,</span> <span class='ocrx_word' id='word_1_257' title='bbox 1490 2120 1581 2167; x_wconf 86' lang='grc' dir='ltr'>καὶ</span> <span class='ocrx_word' id='word_1_258' title='bbox 1608 2121 1700 2166; x_wconf 86' lang='grc' dir='ltr'>τοῦ</span> <span class='ocrx_word' id='word_1_259' title='bbox 1747 2121 1910 2186; x_wconf 86' lang='grc' dir='ltr'>κυροῦ</span> 
     </span>
    </p>
   </div>
   <div class='ocr_carea' id='block_1_39' title="bbox 290 2203 1910 2280">
    <p class='ocr_par' dir='ltr' id='par_1_39' title="bbox 290 2203 1910 2280">
     <span class='ocr_line' id='line_1_39' title="bbox 290 2203 1910 2280; baseline -0.001 -23"><span class='ocrx_word' id='word_1_260' title='bbox 290 2205 578 2257; x_wconf 82' lang='grc' dir='ltr'>’Ῑσαοικίου</span> <span class='ocrx_word' id='word_1_261' title='bbox 601 2217 617 2233; x_wconf 78' lang='grc'>⁸</span> <span class='ocrx_word' id='word_1_262' title='bbox 647 2208 739 2257; x_wconf 85' lang='grc' dir='ltr'>τοῦ</span> <span class='ocrx_word' id='word_1_263' title='bbox 765 2203 1130 2257; x_wconf 80' lang='grc' dir='ltr'>πανσεϐάστου</span> <span class='ocrx_word' id='word_1_264' title='bbox 1162 2203 1420 2257; x_wconf 78' lang='grc' dir='ltr'>σεϐαστοῦ</span> <span class='ocrx_word' id='word_1_265' title='bbox 1445 2209 1535 2257; x_wconf 85' lang='grc' dir='ltr'>καὶ</span> <span class='ocrx_word' id='word_1_266' title='bbox 1553 2203 1792 2280; x_wconf 77' lang='grc' dir='ltr'>γαμϐροῦ</span> <span class='ocrx_word' id='word_1_267' title='bbox 1819 2212 1910 2256; x_wconf 90' lang='grc' dir='ltr'>τοῦ</span> 
     </span>
    </p>
   </div>
   <div class='ocr_carea' id='block_1_40' title="bbox 296 2291 1911 2367">
    <p class='ocr_par' dir='ltr' id='par_1_40' title="bbox 296 2291 1911 2367">
     <span class='ocr_line' id='line_1_40' title="bbox 296 2291 1911 2367; baseline -0.001 -21"><span class='ocrx_word' id='word_1_268' title='bbox 296 2292 562 2366; x_wconf 67' lang='grc' dir='ltr'>κραταιοῦ</span> <span class='ocrx_word' id='word_1_269' title='bbox 593 2296 685 2346; x_wconf 80' lang='grc' dir='ltr'>καὶ</span> <span class='ocrx_word' id='word_1_270' title='bbox 714 2291 868 2366; x_wconf 77' lang='grc' dir='ltr'>ἁγίου</span> <span class='ocrx_word' id='word_1_271' title='bbox 895 2295 1042 2366; x_wconf 79' lang='grc' dir='ltr'>ἡμῶν</span> <span class='ocrx_word' id='word_1_272' title='bbox 1069 2291 1329 2367; x_wconf 83' lang='grc' dir='ltr'>βασιλέως</span> <span class='ocrx_word' id='word_1_273' title='bbox 1366 2302 1529 2367; x_wconf 81' lang='grc' dir='ltr'>κυροῦ</span> <span class='ocrx_word' id='word_1_274' title='bbox 1556 2295 1793 2346; x_wconf 82' lang='grc' dir='ltr'>Ἰωάννου</span> <span class='ocrx_word' id='word_1_275' title='bbox 1819 2301 1911 2346; x_wconf 85' lang='grc' dir='ltr'>τοῦ</span> 
     </span>
    </p>
   </div>
   <div class='ocr_carea' id='block_1_41' title="bbox 299 2381 1910 2455">
    <p class='ocr_par' dir='ltr' id='par_1_41' title="bbox 299 2381 1910 2455">
     <span class='ocr_line' id='line_1_41' title="bbox 299 2381 1910 2455; baseline -0.001 -19"><span class='ocrx_word' id='word_1_276' title='bbox 299 2385 748 2446; x_wconf 77' lang='grc' dir='ltr'>Καντακουζηνοῦ</span> <span class='ocrx_word' id='word_1_277' title='bbox 771 2398 786 2413; x_wconf 75' lang='grc'><strong>⁸</strong></span> <span class='ocrx_word' id='word_1_278' title='bbox 816 2388 909 2435; x_wconf 84' lang='grc' dir='ltr'>τοῦ</span> <span class='ocrx_word' id='word_1_279' title='bbox 952 2382 1315 2435; x_wconf 79' lang='grc' dir='ltr'>πανσεϐάστου</span> <span class='ocrx_word' id='word_1_280' title='bbox 1367 2381 1623 2435; x_wconf 79' lang='grc' dir='ltr'>σεϐαστοῦ</span> <span class='ocrx_word' id='word_1_281' title='bbox 1660 2387 1751 2435; x_wconf 84' lang='grc' dir='ltr'>καὶ</span> <span class='ocrx_word' id='word_1_282' title='bbox 1775 2402 1910 2455; x_wconf 79' lang='grc' dir='ltr'>γαμ-</span> 
     </span>
    </p>
   </div>
   <div class='ocr_carea' id='block_1_42' title="bbox 308 2470 1915 2547">
    <p class='ocr_par' dir='ltr' id='par_1_42' title="bbox 308 2470 1915 2547">
     <span class='ocr_line' id='line_1_42' title="bbox 308 2470 1915 2547; baseline -0.001 -24"><span class='ocrx_word' id='word_1_283' title='bbox 308 2470 436 2547; x_wconf 74' lang='grc' dir='ltr'>ϐροῦ</span> <span class='ocrx_word' id='word_1_284' title='bbox 466 2480 558 2525; x_wconf 81' lang='grc' dir='ltr'>τοῦ</span> <span class='ocrx_word' id='word_1_285' title='bbox 610 2470 876 2545; x_wconf 81' lang='grc' dir='ltr'>βασιλέως</span> <span class='ocrx_word' id='word_1_286' title='bbox 921 2474 1068 2544; x_wconf 83' lang='grc' dir='ltr'>ἡμῶν</span> <span class='ocrx_word' id='word_1_287' title='bbox 1117 2479 1209 2524; x_wconf 89' lang='grc' dir='ltr'>τοῦ</span> <span class='ocrx_word' id='word_1_288' title='bbox 1264 2471 1416 2544; x_wconf 84' lang='grc' dir='ltr'>ἁγίου</span> <span class='ocrx_word' id='word_1_289' title='bbox 1452 2478 1614 2545; x_wconf 88' lang='grc' dir='ltr'>κυροῦ</span> <span class='ocrx_word' id='word_1_290' title='bbox 1647 2478 1915 2525; x_wconf 76' lang='grc' dir='ltr'>Κωνσταν-</span> 
     </span>
    </p>
   </div>
   <div class='ocr_carea' id='block_1_43' title="bbox 309 2560 1913 2633">
    <p class='ocr_par' dir='ltr' id='par_1_43' title="bbox 309 2560 1913 2633">
     <span class='ocr_line' id='line_1_43' title="bbox 309 2560 1913 2633; baseline 0 -21"><span class='ocrx_word' id='word_1_291' title='bbox 309 2565 451 2613; x_wconf 88' lang='grc' dir='ltr'>τίνου</span> <span class='ocrx_word' id='word_1_292' title='bbox 481 2569 573 2614; x_wconf 81' lang='grc' dir='ltr'>τοῦ</span> <span class='ocrx_word' id='word_1_293' title='bbox 602 2564 776 2614; x_wconf 79' lang='grc' dir='ltr'>Δούκα</span> <span class='ocrx_word' id='word_1_294' title='bbox 796 2582 810 2595; x_wconf 90' lang='grc'><strong>·</strong></span> <span class='ocrx_word' id='word_1_295' title='bbox 843 2568 936 2614; x_wconf 87' lang='grc' dir='ltr'>τοῦ</span> <span class='ocrx_word' id='word_1_296' title='bbox 965 2560 1328 2614; x_wconf 81' lang='grc' dir='ltr'>πανσεϐάστου</span> <span class='ocrx_word' id='word_1_297' title='bbox 1359 2560 1615 2614; x_wconf 75' lang='grc' dir='ltr'>σεϐαστοῦ</span> <span class='ocrx_word' id='word_1_298' title='bbox 1645 2567 1735 2613; x_wconf 82' lang='grc' dir='ltr'>καὶ</span> <span class='ocrx_word' id='word_1_299' title='bbox 1772 2581 1913 2633; x_wconf 83' lang='grc' dir='ltr'>γαμ-</span> 
     </span>
    </p>
   </div>
   <div class='ocr_carea' id='block_1_44' title="bbox 311 2648 1915 2725">
    <p class='ocr_par' dir='ltr' id='par_1_44' title="bbox 311 2648 1915 2725">
     <span class='ocr_line' id='line_1_44' title="bbox 311 2648 1915 2725; baseline 0 -24"><span class='ocrx_word' id='word_1_300' title='bbox 311 2648 441 2725; x_wconf 71' lang='grc' dir='ltr'>ϐροῦ</span> <span class='ocrx_word' id='word_1_301' title='bbox 491 2658 581 2703; x_wconf 84' lang='grc' dir='ltr'>τοῦ</span> <span class='ocrx_word' id='word_1_302' title='bbox 629 2657 886 2724; x_wconf 79' lang='grc' dir='ltr'>κραταιοῦ</span> <span class='ocrx_word' id='word_1_303' title='bbox 935 2654 1025 2703; x_wconf 85' lang='grc' dir='ltr'>καὶ</span> <span class='ocrx_word' id='word_1_304' title='bbox 1062 2650 1214 2722; x_wconf 81' lang='grc' dir='ltr'>ἁγίου</span> <span class='ocrx_word' id='word_1_305' title='bbox 1244 2653 1392 2723; x_wconf 73' lang='grc' dir='ltr'>ἡμῶν</span> <span class='ocrx_word' id='word_1_306' title='bbox 1438 2648 1716 2723; x_wconf 84' lang='grc' dir='ltr'>βασιλέως,</span> <span class='ocrx_word' id='word_1_307' title='bbox 1754 2657 1915 2722; x_wconf 86' lang='grc' dir='ltr'>κυροῦ</span> 
     </span>
    </p>
   </div>
   <div class='ocr_carea' id='block_1_45' title="bbox 309 2739 1916 2817">
    <p class='ocr_par' dir='ltr' id='par_1_45' title="bbox 309 2739 1916 2817">
     <span class='ocr_line' id='line_1_45' title="bbox 309 2739 1916 2817; baseline -0.001 -24"><span class='ocrx_word' id='word_1_308' title='bbox 309 2740 503 2816; x_wconf 70' lang='grc' dir='ltr'>Ἰωσὴρ</span> <span class='ocrx_word' id='word_1_309' title='bbox 535 2747 627 2793; x_wconf 85' lang='grc' dir='ltr'>τοῦ</span> <span class='ocrx_word' id='word_1_310' title='bbox 657 2744 958 2817; x_wconf 85' lang='grc' dir='ltr'>Βρυεννίου·</span> <span class='ocrx_word' id='word_1_311' title='bbox 1010 2748 1102 2792; x_wconf 85' lang='grc' dir='ltr'>τοῦ</span> <span class='ocrx_word' id='word_1_312' title='bbox 1146 2739 1509 2793; x_wconf 80' lang='grc' dir='ltr'>πανσεϐάοτου</span> <span class='ocrx_word' id='word_1_313' title='bbox 1545 2740 1802 2793; x_wconf 79' lang='grc' dir='ltr'>σεϐαστοῦ</span> <span class='ocrx_word' id='word_1_314' title='bbox 1827 2742 1916 2791; x_wconf 81' lang='grc' dir='ltr'>καὶ</span> 
     </span>
    </p>
   </div>
   <div class='ocr_carea' id='block_1_46' title="bbox 302 2829 1915 2904">
    <p class='ocr_par' dir='ltr' id='par_1_46' title="bbox 302 2829 1915 2904">
     <span class='ocr_line' id='line_1_46' title="bbox 302 2829 1915 2904; baseline -0.001 -22"><span class='ocrx_word' id='word_1_315' title='bbox 302 2829 555 2904; x_wconf 75' lang='grc' dir='ltr'>γαμϐροῦ</span> <span class='ocrx_word' id='word_1_316' title='bbox 585 2837 676 2883; x_wconf 83' lang='grc' dir='ltr'>τοῦ</span> <span class='ocrx_word' id='word_1_317' title='bbox 709 2829 967 2903; x_wconf 80' lang='grc' dir='ltr'>βασιλέως</span> <span class='ocrx_word' id='word_1_318' title='bbox 995 2831 1141 2904; x_wconf 74' lang='grc' dir='ltr'>ἡμῶν</span> <span class='ocrx_word' id='word_1_319' title='bbox 1185 2837 1278 2883; x_wconf 89' lang='grc' dir='ltr'>τοῦ</span> <span class='ocrx_word' id='word_1_320' title='bbox 1305 2833 1459 2904; x_wconf 80' lang='grc' dir='ltr'>ἁγίου</span> <span class='ocrx_word' id='word_1_321' title='bbox 1489 2838 1650 2904; x_wconf 80' lang='grc' dir='ltr'>κυροῦ</span> <span class='ocrx_word' id='word_1_322' title='bbox 1679 2829 1915 2883; x_wconf 76' lang='grc' dir='ltr'>Ἰωάννου</span> 
     </span>
    </p>
   </div>
   <div class='ocr_carea' id='block_1_47' title="bbox 310 2917 1917 2991">
    <p class='ocr_par' dir='ltr' id='par_1_47' title="bbox 310 2917 1917 2991">
     <span class='ocr_line' id='line_1_47' title="bbox 310 2917 1917 2991; baseline 0 -22"><span class='ocrx_word' id='word_1_323' title='bbox 310 2925 409 2969; x_wconf 71' lang='grc' dir='ltr'>τοῦ</span> <span class='ocrx_word' id='word_1_324' title='bbox 452 2917 815 2991; x_wconf 76' lang='grc' dir='ltr'>Ἀρϐαντινοῦ·</span> <span class='ocrx_word' id='word_1_325' title='bbox 872 2926 965 2971; x_wconf 84' lang='grc' dir='ltr'>τοῦ</span> <span class='ocrx_word' id='word_1_326' title='bbox 1020 2920 1386 2971; x_wconf 65' lang='grc' dir='ltr'>πωσεὸάστου</span> <span class='ocrx_word' id='word_1_327' title='bbox 1441 2917 1699 2973; x_wconf 79' lang='grc' dir='ltr'>σεϐαστοῦ</span> <span class='ocrx_word' id='word_1_328' title='bbox 1754 2925 1917 2991; x_wconf 83' lang='grc' dir='ltr'>κυροῦ</span> 
     </span>
    </p>
   </div>
   <div class='ocr_carea' id='block_1_48' title="bbox 318 3006 1918 3082">
    <p class='ocr_par' dir='ltr' id='par_1_48' title="bbox 318 3006 1918 3082">
     <span class='ocr_line' id='line_1_48' title="bbox 318 3006 1918 3082; baseline 0 -23"><span class='ocrx_word' id='word_1_329' title='bbox 318 3011 541 3069; x_wconf 78' lang='grc' dir='ltr'>Λέοντος</span> <span class='ocrx_word' id='word_1_330' title='bbox 567 3014 658 3059; x_wconf 85' lang='grc' dir='ltr'>τοῦ</span> <span class='ocrx_word' id='word_1_331' title='bbox 700 3011 992 3082; x_wconf 71' lang='grc' dir='ltr'>Καμύτερος</span> <span class='ocrx_word' id='word_1_332' title='bbox 1013 3025 1026 3039; x_wconf 84' lang='lat'>&#39;</span> <span class='ocrx_word' id='word_1_333' title='bbox 1058 3014 1150 3061; x_wconf 86' lang='grc' dir='ltr'>τοῦ</span> <span class='ocrx_word' id='word_1_334' title='bbox 1191 3006 1552 3061; x_wconf 80' lang='grc' dir='ltr'>πανσεϐάστου</span> <span class='ocrx_word' id='word_1_335' title='bbox 1592 3014 1755 3080; x_wconf 85' lang='grc' dir='ltr'>κυροῦ</span> <span class='ocrx_word' id='word_1_336' title='bbox 1782 3006 1918 3059; x_wconf 82' lang='grc' dir='ltr'>Ἀλε-</span> 
     </span>
    </p>
   </div>
   <div class='ocr_carea' id='block_1_49' title="bbox 319 3095 1917 3172">
    <p class='ocr_par' dir='ltr' id='par_1_49' title="bbox 319 3095 1917 3172">
     <span class='ocr_line' id='line_1_49' title="bbox 319 3095 1917 3172; baseline -0.001 -24"><span class='ocrx_word' id='word_1_337' title='bbox 319 3095 438 3159; x_wconf 81' lang='grc' dir='ltr'>ξίου</span> <span class='ocrx_word' id='word_1_338' title='bbox 505 3102 597 3149; x_wconf 78' lang='grc' dir='ltr'>τοῦ</span> <span class='ocrx_word' id='word_1_339' title='bbox 642 3103 835 3172; x_wconf 82' lang='grc' dir='ltr'>Βρανᾶ·</span> <span class='ocrx_word' id='word_1_340' title='bbox 891 3104 983 3150; x_wconf 83' lang='grc' dir='ltr'>τοῦ</span> <span class='ocrx_word' id='word_1_341' title='bbox 1038 3095 1406 3150; x_wconf 73' lang='grc' dir='ltr'>πανσὲςάστου</span> <span class='ocrx_word' id='word_1_342' title='bbox 1448 3095 1707 3150; x_wconf 75' lang='grc' dir='ltr'>σεϐαστοῦ</span> <span class='ocrx_word' id='word_1_343' title='bbox 1754 3103 1917 3169; x_wconf 85' lang='grc' dir='ltr'>κυροῦ</span> 
     </span>
    </p>
   </div>
   <div class='ocr_carea' id='block_1_50' title="bbox 2014 1933 3672 2006">
    <p class='ocr_par' dir='ltr' id='par_1_50' title="bbox 2014 1933 3672 2006">
     <span class='ocr_line' id='line_1_50' title="bbox 2014 1933 3672 2006; baseline -0.001 -14"><span class='ocrx_word' id='word_1_344' title='bbox 2014 1950 2162 1992; x_wconf 90' lang='lat' dir='ltr'>nero</span> <span class='ocrx_word' id='word_1_345' title='bbox 2223 1935 2415 1991; x_wconf 87' lang='lat' dir='ltr'>sancti</span> <span class='ocrx_word' id='word_1_346' title='bbox 2488 1936 2648 2006; x_wconf 82' lang='lat' dir='ltr'>regis</span> <span class='ocrx_word' id='word_1_347' title='bbox 2707 1934 2899 1991; x_wconf 83' lang='lat' dir='ltr'>nostri</span> <span class='ocrx_word' id='word_1_348' title='bbox 2963 1933 3215 1990; x_wconf 88' lang='lat' dir='ltr'>domino</span> <span class='ocrx_word' id='word_1_349' title='bbox 3283 1935 3672 1991; x_wconf 87' lang='lat' dir='ltr'>Constantino</span> 
     </span>
    </p>
   </div>
   <div class='ocr_carea' id='block_1_51' title="bbox 2015 2023 3673 2096">
    <p class='ocr_par' dir='ltr' id='par_1_51' title="bbox 2015 2023 3673 2096">
     <span class='ocr_line' id='line_1_51' title="bbox 2015 2023 3673 2096; baseline 0 -17"><span class='ocrx_word' id='word_1_350' title='bbox 2015 2025 2228 2092; x_wconf 88' lang='lat' dir='ltr'>Duca;</span> <span class='ocrx_word' id='word_1_351' title='bbox 2296 2024 2665 2096; x_wconf 82' lang='lat' dir='ltr'>pansebasto</span> <span class='ocrx_word' id='word_1_352' title='bbox 2728 2024 2966 2080; x_wconf 89' lang='lat' dir='ltr'>sebasto</span> <span class='ocrx_word' id='word_1_353' title='bbox 3034 2029 3091 2079; x_wconf 88' lang='lat' dir='ltr'>et</span> <span class='ocrx_word' id='word_1_354' title='bbox 3155 2039 3376 2094; x_wconf 81' lang='lat' dir='ltr'>genero</span> <span class='ocrx_word' id='word_1_355' title='bbox 3413 2023 3673 2096; x_wconf 90' lang='lat' dir='ltr'>potentis</span> 
     </span>
    </p>
   </div>
   <div class='ocr_carea' id='block_1_52' title="bbox 2014 2112 3673 2186">
    <p class='ocr_par' dir='ltr' id='par_1_52' title="bbox 2014 2112 3673 2186">
     <span class='ocr_line' id='line_1_52' title="bbox 2014 2112 3673 2186; baseline 0 -16"><span class='ocrx_word' id='word_1_356' title='bbox 2014 2113 2175 2185; x_wconf 87' lang='lat' dir='ltr'>regis</span> <span class='ocrx_word' id='word_1_357' title='bbox 2236 2114 2424 2169; x_wconf 88' lang='lat' dir='ltr'>nostri</span> <span class='ocrx_word' id='word_1_358' title='bbox 2476 2113 2726 2169; x_wconf 88' lang='lat' dir='ltr'>domino</span> <span class='ocrx_word' id='word_1_359' title='bbox 2770 2113 3028 2185; x_wconf 90' lang='lat' dir='ltr'>Josepho</span> <span class='ocrx_word' id='word_1_360' title='bbox 3082 2112 3411 2186; x_wconf 86' lang='lat' dir='ltr'>Bryennio;</span> <span class='ocrx_word' id='word_1_361' title='bbox 3456 2127 3673 2185; x_wconf 82' lang='lat' dir='ltr'>panso-</span> 
     </span>
    </p>
   </div>
   <div class='ocr_carea' id='block_1_53' title="bbox 2014 2199 3675 2273">
    <p class='ocr_par' dir='ltr' id='par_1_53' title="bbox 2014 2199 3675 2273">
     <span class='ocr_line' id='line_1_53' title="bbox 2014 2199 3675 2273; baseline 0.002 -15"><span class='ocrx_word' id='word_1_362' title='bbox 2014 2199 2190 2259; x_wconf 87' lang='lat' dir='ltr'>basto</span> <span class='ocrx_word' id='word_1_363' title='bbox 2227 2202 2472 2260; x_wconf 88' lang='lat' dir='ltr'>sebasto</span> <span class='ocrx_word' id='word_1_364' title='bbox 2511 2206 2568 2259; x_wconf 88' lang='lat' dir='ltr'>et</span> <span class='ocrx_word' id='word_1_365' title='bbox 2616 2217 2838 2272; x_wconf 75' lang='lat' dir='ltr'>genero</span> <span class='ocrx_word' id='word_1_366' title='bbox 2886 2201 3073 2258; x_wconf 87' lang='lat' dir='ltr'>sancti</span> <span class='ocrx_word' id='word_1_367' title='bbox 3128 2202 3284 2273; x_wconf 84' lang='lat' dir='ltr'>regis</span> <span class='ocrx_word' id='word_1_368' title='bbox 3343 2202 3534 2259; x_wconf 86' lang='lat' dir='ltr'>nostri</span> <span class='ocrx_word' id='word_1_369' title='bbox 3570 2200 3675 2261; x_wconf 92' lang='lat' dir='ltr'>do-</span> 
     </span>
    </p>
   </div>
   <div class='ocr_carea' id='block_1_54' title="bbox 2020 2291 3680 2364">
    <p class='ocr_par' dir='ltr' id='par_1_54' title="bbox 2020 2291 3680 2364">
     <span class='ocr_line' id='line_1_54' title="bbox 2020 2291 3680 2364; baseline -0.001 -17"><span class='ocrx_word' id='word_1_370' title='bbox 2020 2291 2187 2348; x_wconf 90' lang='lat' dir='ltr'>mino</span> <span class='ocrx_word' id='word_1_371' title='bbox 2260 2293 2490 2348; x_wconf 86' lang='lat' dir='ltr'>Joanne</span> <span class='ocrx_word' id='word_1_372' title='bbox 2550 2291 2922 2357; x_wconf 88' lang='lat' dir='ltr'>Arbantino;</span> <span class='ocrx_word' id='word_1_373' title='bbox 3000 2291 3366 2364; x_wconf 87' lang='lat' dir='ltr'>pansebasto</span> <span class='ocrx_word' id='word_1_374' title='bbox 3429 2291 3680 2348; x_wconf 88' lang='lat' dir='ltr'>sebasto</span> 
     </span>
    </p>
   </div>
   <div class='ocr_carea' id='block_1_55' title="bbox 2020 2379 3680 2453">
    <p class='ocr_par' dir='ltr' id='par_1_55' title="bbox 2020 2379 3680 2453">
     <span class='ocr_line' id='line_1_55' title="bbox 2020 2379 3680 2453; baseline -0.001 -16"><span class='ocrx_word' id='word_1_375' title='bbox 2020 2381 2270 2437; x_wconf 88' lang='lat' dir='ltr'>domino</span> <span class='ocrx_word' id='word_1_376' title='bbox 2339 2381 2534 2438; x_wconf 87' lang='lat' dir='ltr'>Leone</span> <span class='ocrx_word' id='word_1_377' title='bbox 2600 2380 2956 2453; x_wconf 88' lang='lat' dir='ltr'>Camytere;</span> <span class='ocrx_word' id='word_1_378' title='bbox 3009 2379 3378 2453; x_wconf 88' lang='lat' dir='ltr'>pansebasto</span> <span class='ocrx_word' id='word_1_379' title='bbox 3438 2379 3680 2437; x_wconf 90' lang='lat' dir='ltr'>sebasto</span> 
     </span>
    </p>
   </div>
   <div class='ocr_carea' id='block_1_56' title="bbox 2021 2468 3683 2542">
    <p class='ocr_par' dir='ltr' id='par_1_56' title="bbox 2021 2468 3683 2542">
     <span class='ocr_line' id='line_1_56' title="bbox 2021 2468 3683 2542; baseline 0 -16"><span class='ocrx_word' id='word_1_380' title='bbox 2021 2469 2276 2526; x_wconf 88' lang='lat' dir='ltr'>domino</span> <span class='ocrx_word' id='word_1_381' title='bbox 2309 2469 2512 2526; x_wconf 86' lang='lat' dir='ltr'>Alexio</span> <span class='ocrx_word' id='word_1_382' title='bbox 2553 2473 2793 2539; x_wconf 89' lang='lat' dir='ltr'>Brana;</span> <span class='ocrx_word' id='word_1_383' title='bbox 2864 2469 3235 2542; x_wconf 86' lang='lat' dir='ltr'>pansebasto</span> <span class='ocrx_word' id='word_1_384' title='bbox 3282 2468 3527 2526; x_wconf 85' lang='lat' dir='ltr'>sebasto</span> <span class='ocrx_word' id='word_1_385' title='bbox 3579 2468 3683 2526; x_wconf 85' lang='lat' dir='ltr'>d0-</span> 
     </span>
    </p>
   </div>
   <div class='ocr_carea' id='block_1_57' title="bbox 2023 2558 3686 2634">
    <p class='ocr_par' dir='ltr' id='par_1_57' title="bbox 2023 2558 3686 2634">
     <span class='ocr_line' id='line_1_57' title="bbox 2023 2558 3686 2634; baseline -0.001 -19"><span class='ocrx_word' id='word_1_386' title='bbox 2023 2560 2189 2615; x_wconf 88' lang='lat' dir='ltr'>mino</span> <span class='ocrx_word' id='word_1_387' title='bbox 2251 2558 2581 2632; x_wconf 87' lang='lat' dir='ltr'>Nicephoro</span> <span class='ocrx_word' id='word_1_388' title='bbox 2626 2560 2964 2634; x_wconf 83' lang='lat' dir='ltr'>Bryennio;</span> <span class='ocrx_word' id='word_1_389' title='bbox 3017 2558 3383 2632; x_wconf 82' lang='lat' dir='ltr'>pansebasto</span> <span class='ocrx_word' id='word_1_390' title='bbox 3445 2558 3686 2615; x_wconf 83' lang='lat' dir='ltr'>sebasto</span> 
     </span>
    </p>
   </div>
   <div class='ocr_carea' id='block_1_58' title="bbox 2022 2647 3689 2721">
    <p class='ocr_par' dir='ltr' id='par_1_58' title="bbox 2022 2647 3689 2721">
     <span class='ocr_line' id='line_1_58' title="bbox 2022 2647 3689 2721; baseline -0.001 -15"><span class='ocrx_word' id='word_1_391' title='bbox 2022 2649 2273 2706; x_wconf 87' lang='lat' dir='ltr'>domino</span> <span class='ocrx_word' id='word_1_392' title='bbox 2314 2649 2561 2706; x_wconf 81' lang='lat' dir='ltr'>Gudelio</span> <span class='ocrx_word' id='word_1_393' title='bbox 2612 2648 2938 2705; x_wconf 83' lang='lat' dir='ltr'>Tzicandile</span> <span class='ocrx_word' id='word_1_394' title='bbox 2972 2668 2985 2718; x_wconf 88' lang='lat'><strong>;</strong></span> <span class='ocrx_word' id='word_1_395' title='bbox 3026 2647 3394 2721; x_wconf 88' lang='lat' dir='ltr'>pansebasto</span> <span class='ocrx_word' id='word_1_396' title='bbox 3447 2648 3689 2704; x_wconf 89' lang='lat' dir='ltr'>sebasto</span> 
     </span>
    </p>
   </div>
   <div class='ocr_carea' id='block_1_59' title="bbox 2024 2736 3687 2810">
    <p class='ocr_par' dir='ltr' id='par_1_59' title="bbox 2024 2736 3687 2810">
     <span class='ocr_line' id='line_1_59' title="bbox 2024 2736 3687 2810; baseline 0 -16"><span class='ocrx_word' id='word_1_397' title='bbox 2024 2739 2274 2796; x_wconf 90' lang='lat' dir='ltr'>domino</span> <span class='ocrx_word' id='word_1_398' title='bbox 2336 2738 2542 2795; x_wconf 81' lang='lat' dir='ltr'>Alexio</span> <span class='ocrx_word' id='word_1_399' title='bbox 2608 2741 2915 2795; x_wconf 87' lang='lat' dir='ltr'>Comneno</span> <span class='ocrx_word' id='word_1_400' title='bbox 2968 2754 2982 2792; x_wconf 90' lang='lat'>:</span> <span class='ocrx_word' id='word_1_401' title='bbox 3033 2738 3400 2810; x_wconf 82' lang='lat' dir='ltr'>pansebasto</span> <span class='ocrx_word' id='word_1_402' title='bbox 3446 2736 3687 2795; x_wconf 88' lang='lat' dir='ltr'>sebasto</span> 
     </span>
    </p>
   </div>
   <div class='ocr_carea' id='block_1_60' title="bbox 2023 2826 3687 2899">
    <p class='ocr_par' dir='ltr' id='par_1_60' title="bbox 2023 2826 3687 2899">
     <span class='ocr_line' id='line_1_60' title="bbox 2023 2826 3687 2899; baseline -0.001 -13"><span class='ocrx_word' id='word_1_403' title='bbox 2023 2833 2080 2886; x_wconf 86' lang='lat' dir='ltr'>et</span> <span class='ocrx_word' id='word_1_404' title='bbox 2142 2843 2370 2899; x_wconf 81' lang='lat' dir='ltr'>magno</span> <span class='ocrx_word' id='word_1_405' title='bbox 2429 2828 2824 2884; x_wconf 77' lang='lat' dir='ltr'>hetaeriarcha</span> <span class='ocrx_word' id='word_1_406' title='bbox 2871 2827 3120 2883; x_wconf 91' lang='lat' dir='ltr'>domino</span> <span class='ocrx_word' id='word_1_407' title='bbox 3159 2828 3411 2897; x_wconf 82' lang='lat' dir='ltr'>Georgio</span> <span class='ocrx_word' id='word_1_408' title='bbox 3463 2826 3687 2884; x_wconf 83' lang='lat' dir='ltr'>Palaeo-</span> 
     </span>
    </p>
   </div>
   <div class='ocr_carea' id='block_1_61' title="bbox 2021 2915 3685 2989">
    <p class='ocr_par' dir='ltr' id='par_1_61' title="bbox 2021 2915 3685 2989">
     <span class='ocr_line' id='line_1_61' title="bbox 2021 2915 3685 2989; baseline -0.001 -15"><span class='ocrx_word' id='word_1_409' title='bbox 2021 2917 2206 2987; x_wconf 82' lang='lat' dir='ltr'>logo;</span> <span class='ocrx_word' id='word_1_410' title='bbox 2248 2917 2614 2989; x_wconf 87' lang='lat' dir='ltr'>pansebasto</span> <span class='ocrx_word' id='word_1_411' title='bbox 2663 2918 2906 2972; x_wconf 89' lang='lat' dir='ltr'>sebasto</span> <span class='ocrx_word' id='word_1_412' title='bbox 2956 2915 3134 2972; x_wconf 86' lang='lat' dir='ltr'>fratre</span> <span class='ocrx_word' id='word_1_413' title='bbox 3201 2916 3332 2987; x_wconf 86' lang='lat' dir='ltr'>ejus</span> <span class='ocrx_word' id='word_1_414' title='bbox 3393 2930 3685 2985; x_wconf 80' lang='lat' dir='ltr'>germano</span> 
     </span>
    </p>
   </div>
   <div class='ocr_carea' id='block_1_62' title="bbox 2023 3003 3684 3078">
    <p class='ocr_par' dir='ltr' id='par_1_62' title="bbox 2023 3003 3684 3078">
     <span class='ocr_line' id='line_1_62' title="bbox 2023 3003 3684 3078; baseline -0.002 -15"><span class='ocrx_word' id='word_1_415' title='bbox 2023 3007 2272 3063; x_wconf 88' lang='lat' dir='ltr'>domino</span> <span class='ocrx_word' id='word_1_416' title='bbox 2305 3006 2696 3064; x_wconf 88' lang='lat' dir='ltr'>Constantino</span> <span class='ocrx_word' id='word_1_417' title='bbox 2721 3025 2734 3075; x_wconf 91' lang='lat'><strong>;</strong></span> <span class='ocrx_word' id='word_1_418' title='bbox 2767 3005 3136 3078; x_wconf 90' lang='lat' dir='ltr'>pansebasto</span> <span class='ocrx_word' id='word_1_419' title='bbox 3163 3004 3405 3060; x_wconf 83' lang='lat' dir='ltr'>sebasto</span> <span class='ocrx_word' id='word_1_420' title='bbox 3434 3003 3684 3060; x_wconf 88' lang='lat' dir='ltr'>domino</span> 
     </span>
    </p>
   </div>
   <div class='ocr_carea' id='block_1_63' title="bbox 2023 3093 3687 3168">
    <p class='ocr_par' dir='ltr' id='par_1_63' title="bbox 2023 3093 3687 3168">
     <span class='ocr_line' id='line_1_63' title="bbox 2023 3093 3687 3168; baseline -0.002 -16"><span class='ocrx_word' id='word_1_421' title='bbox 2023 3098 2228 3152; x_wconf 81' lang='lat' dir='ltr'>Alexio</span> <span class='ocrx_word' id='word_1_422' title='bbox 2252 3095 2586 3164; x_wconf 76' lang='lat' dir='ltr'>Palaeologo</span> <span class='ocrx_word' id='word_1_423' title='bbox 2620 3113 2633 3160; x_wconf 91' lang='lat'><strong>;</strong></span> <span class='ocrx_word' id='word_1_424' title='bbox 2668 3097 3042 3168; x_wconf 86' lang='lat' dir='ltr'>pansebasto</span> <span class='ocrx_word' id='word_1_425' title='bbox 3096 3093 3333 3150; x_wconf 88' lang='lat' dir='ltr'>sebasto</span> <span class='ocrx_word' id='word_1_426' title='bbox 3364 3098 3421 3149; x_wconf 88' lang='lat' dir='ltr'>et</span> <span class='ocrx_word' id='word_1_427' title='bbox 3460 3107 3687 3164; x_wconf 83' lang='lat' dir='ltr'>magno</span> 
     </span>
    </p>
   </div>
   <div class='ocr_carea' id='block_1_64' title="bbox 308 3182 1916 3262">
    <p class='ocr_par' dir='ltr' id='par_1_64' title="bbox 308 3182 1916 3248">
     <span class='ocr_line' id='line_1_64' title="bbox 308 3182 1916 3248; baseline -0.001 -10"><span class='ocrx_word' id='word_1_428' title='bbox 308 3182 598 3239; x_wconf 78' lang='grc' dir='ltr'>Γουδελίου</span> <span class='ocrx_word' id='word_1_429' title='bbox 622 3194 712 3238; x_wconf 84' lang='grc' dir='ltr'>τοῦ</span> <span class='ocrx_word' id='word_1_430' title='bbox 738 3182 1064 3248; x_wconf 81' lang='grc' dir='ltr'>Τζικανδίλη</span> <span class='ocrx_word' id='word_1_431' title='bbox 1091 3208 1103 3219; x_wconf 93' lang='grc'>·</span> <span class='ocrx_word' id='word_1_432' title='bbox 1145 3194 1238 3238; x_wconf 87' lang='grc' dir='ltr'>τοῦ</span> <span class='ocrx_word' id='word_1_433' title='bbox 1264 3185 1628 3239; x_wconf 81' lang='grc' dir='ltr'>πανσεϐάστου</span> <span class='ocrx_word' id='word_1_434' title='bbox 1659 3184 1916 3238; x_wconf 82' lang='grc' dir='ltr'>σιϐαστοῦ</span> 
     </span>
    </p>
   </div>
   <div class='ocr_carea' id='block_1_65' title="bbox 2022 3182 3690 3262">
    <p class='ocr_par' dir='ltr' id='par_1_65' title="bbox 2023 3183 3690 3255">
     <span class='ocr_line' id='line_1_65' title="bbox 2023 3183 3690 3255; baseline -0.002 -15"><span class='ocrx_word' id='word_1_435' title='bbox 2023 3184 2356 3255; x_wconf 84' lang='lat' dir='ltr'>drungario</span> <span class='ocrx_word' id='word_1_436' title='bbox 2419 3184 2667 3241; x_wconf 88' lang='lat' dir='ltr'>domino</span> <span class='ocrx_word' id='word_1_437' title='bbox 2724 3183 3068 3239; x_wconf 86' lang='lat' dir='ltr'>Andronico</span> <span class='ocrx_word' id='word_1_438' title='bbox 3131 3185 3488 3250; x_wconf 88' lang='lat' dir='ltr'>Camatero;</span> <span class='ocrx_word' id='word_1_439' title='bbox 3540 3195 3690 3253; x_wconf 84' lang='lat' dir='ltr'>pan-</span> 
     </span>
    </p>
   </div>
   <div class='ocr_carea' id='block_1_66' title="bbox 302 3274 1916 3350">
    <p class='ocr_par' dir='ltr' id='par_1_66' title="bbox 302 3274 1916 3350">
     <span class='ocr_line' id='line_1_66' title="bbox 302 3274 1916 3350; baseline -0.001 -22"><span class='ocrx_word' id='word_1_440' title='bbox 302 3283 476 3350; x_wconf 82' lang='grc' dir='ltr'>κυροῦ</span> <span class='ocrx_word' id='word_1_441' title='bbox 529 3274 759 3339; x_wconf 77' lang='grc' dir='ltr'>Ἀλεξίου</span> <span class='ocrx_word' id='word_1_442' title='bbox 807 3283 901 3328; x_wconf 86' lang='grc' dir='ltr'>τοῦ</span> <span class='ocrx_word' id='word_1_443' title='bbox 951 3281 1248 3349; x_wconf 74' lang='grc' dir='ltr'>Κομνηνοϋ’</span> <span class='ocrx_word' id='word_1_444' title='bbox 1310 3282 1400 3327; x_wconf 83' lang='grc' dir='ltr'>τοῦ</span> <span class='ocrx_word' id='word_1_445' title='bbox 1439 3274 1799 3328; x_wconf 80' lang='grc' dir='ltr'>πανσεϐάστου</span> <span class='ocrx_word' id='word_1_446' title='bbox 1831 3294 1916 3328; x_wconf 85' lang='grc' dir='ltr'>σε·</span> 
     </span>
    </p>
   </div>
   <div class='ocr_carea' id='block_1_67' title="bbox 308 3362 1919 3441">
    <p class='ocr_par' dir='ltr' id='par_1_67' title="bbox 308 3362 1919 3441">
     <span class='ocr_line' id='line_1_67' title="bbox 308 3362 1919 3441; baseline 0 -24"><span class='ocrx_word' id='word_1_447' title='bbox 308 3364 512 3418; x_wconf 80' lang='grc' dir='ltr'>ϐαστοῦ</span> <span class='ocrx_word' id='word_1_448' title='bbox 540 3370 632 3420; x_wconf 83' lang='grc' dir='ltr'>καὶ</span> <span class='ocrx_word' id='word_1_449' title='bbox 660 3362 891 3440; x_wconf 79' lang='grc' dir='ltr'>μεγάλου</span> <span class='ocrx_word' id='word_1_450' title='bbox 921 3364 1287 3440; x_wconf 84' lang='grc' dir='ltr'>ἑταιρειάρχου</span> <span class='ocrx_word' id='word_1_451' title='bbox 1326 3373 1488 3439; x_wconf 85' lang='grc' dir='ltr'>κυροῦ</span> <span class='ocrx_word' id='word_1_452' title='bbox 1528 3370 1788 3441; x_wconf 87' lang='grc' dir='ltr'>Γεωργίου</span> <span class='ocrx_word' id='word_1_453' title='bbox 1826 3372 1919 3417; x_wconf 85' lang='grc' dir='ltr'>τοῦ</span> 
     </span>
    </p>
   </div>
   <div class='ocr_carea' id='block_1_68' title="bbox 311 3452 1919 3529">
    <p class='ocr_par' dir='ltr' id='par_1_68' title="bbox 311 3452 1919 3529">
     <span class='ocr_line' id='line_1_68' title="bbox 311 3452 1919 3529; baseline -0.002 -20"><span class='ocrx_word' id='word_1_454' title='bbox 311 3455 703 3529; x_wconf 84' lang='grc' dir='ltr'>Παλαιολόγου·</span> <span class='ocrx_word' id='word_1_455' title='bbox 751 3462 847 3509; x_wconf 84' lang='grc' dir='ltr'>τοῦ</span> <span class='ocrx_word' id='word_1_456' title='bbox 888 3452 1255 3508; x_wconf 80' lang='grc' dir='ltr'>πανσεϐάστου</span> <span class='ocrx_word' id='word_1_457' title='bbox 1305 3453 1562 3508; x_wconf 82' lang='grc' dir='ltr'>σεϐαστοῦ</span> <span class='ocrx_word' id='word_1_458' title='bbox 1613 3459 1705 3507; x_wconf 81' lang='grc' dir='ltr'>καὶ</span> <span class='ocrx_word' id='word_1_459' title='bbox 1759 3454 1919 3507; x_wconf 77' lang='grc' dir='ltr'>αὐτα-</span> 
     </span>
    </p>
   </div>
   <div class='ocr_carea' id='block_1_69' title="bbox 312 3539 1918 3619">
    <p class='ocr_par' dir='ltr' id='par_1_69' title="bbox 312 3539 1918 3619">
     <span class='ocr_line' id='line_1_69' title="bbox 312 3539 1918 3619; baseline -0.002 -21"><span class='ocrx_word' id='word_1_460' title='bbox 312 3539 504 3617; x_wconf 76' lang='grc' dir='ltr'>δέλφου</span> <span class='ocrx_word' id='word_1_461' title='bbox 552 3540 714 3597; x_wconf 73' lang='grc' dir='ltr'>αὐτοῦ</span> <span class='ocrx_word' id='word_1_462' title='bbox 757 3550 920 3619; x_wconf 84' lang='grc' dir='ltr'>κυροῦ</span> <span class='ocrx_word' id='word_1_463' title='bbox 971 3546 1364 3597; x_wconf 83' lang='grc' dir='ltr'>Κωνσταντίνου</span> <span class='ocrx_word' id='word_1_464' title='bbox 1390 3559 1403 3572; x_wconf 89' lang='grc'>·</span> <span class='ocrx_word' id='word_1_465' title='bbox 1435 3549 1524 3594; x_wconf 88' lang='grc' dir='ltr'>τοῦ</span> <span class='ocrx_word' id='word_1_466' title='bbox 1552 3541 1918 3595; x_wconf 80' lang='grc' dir='ltr'>πανσεϐάστου</span> 
     </span>
    </p>
   </div>
   <div class='ocr_carea' id='block_1_70' title="bbox 309 3630 1897 3707">
    <p class='ocr_par' dir='ltr' id='par_1_70' title="bbox 309 3630 1897 3707">
     <span class='ocr_line' id='line_1_70' title="bbox 309 3630 1897 3707; baseline -0.002 -20"><span class='ocrx_word' id='word_1_467' title='bbox 309 3633 577 3687; x_wconf 79' lang='grc' dir='ltr'>σεϐαστοῦ</span> <span class='ocrx_word' id='word_1_468' title='bbox 594 3640 763 3707; x_wconf 87' lang='grc' dir='ltr'>κυροῦ</span> <span class='ocrx_word' id='word_1_469' title='bbox 790 3630 1019 3696; x_wconf 82' lang='grc' dir='ltr'>Ἀλεξίου</span> <span class='ocrx_word' id='word_1_470' title='bbox 1054 3640 1146 3684; x_wconf 89' lang='grc' dir='ltr'>τοῦ</span> <span class='ocrx_word' id='word_1_471' title='bbox 1173 3630 1531 3704; x_wconf 77' lang='grc' dir='ltr'>Παλαιολόγου</span> <span class='ocrx_word' id='word_1_472' title='bbox 1554 3653 1567 3666; x_wconf 87' lang='grc'>·</span> <span class='ocrx_word' id='word_1_473' title='bbox 1614 3639 1705 3684; x_wconf 84' lang='grc' dir='ltr'>τοῦ</span> <span class='ocrx_word' id='word_1_474' title='bbox 1733 3651 1897 3685; x_wconf 85' lang='grc' dir='ltr'>πανσε</span> 
     </span>
    </p>
   </div>
   <div class='ocr_carea' id='block_1_71' title="bbox 315 3717 1921 3799">
    <p class='ocr_par' dir='ltr' id='par_1_71' title="bbox 315 3717 1921 3799">
     <span class='ocr_line' id='line_1_71' title="bbox 315 3717 1921 3799; baseline -0.002 -23"><span class='ocrx_word' id='word_1_475' title='bbox 315 3720 515 3776; x_wconf 66' lang='lat' dir='ltr'>Baio-rev</span> <span class='ocrx_word' id='word_1_476' title='bbox 582 3721 847 3776; x_wconf 82' lang='grc' dir='ltr'>σεϐαστοῦ</span> <span class='ocrx_word' id='word_1_477' title='bbox 912 3726 1001 3774; x_wconf 84' lang='grc' dir='ltr'>καὶ</span> <span class='ocrx_word' id='word_1_478' title='bbox 1056 3721 1283 3794; x_wconf 80' lang='grc' dir='ltr'>μεγάλου</span> <span class='ocrx_word' id='word_1_479' title='bbox 1343 3717 1700 3799; x_wconf 82' lang='grc' dir='ltr'>δρουγγαρίου</span> <span class='ocrx_word' id='word_1_480' title='bbox 1757 3728 1921 3796; x_wconf 89' lang='grc' dir='ltr'>κυροῦ</span> 
     </span>
    </p>
   </div>
   <div class='ocr_carea' id='block_1_72' title="bbox 321 3808 1921 3890">
    <p class='ocr_par' dir='ltr' id='par_1_72' title="bbox 321 3808 1921 3890">
     <span class='ocr_line' id='line_1_72' title="bbox 321 3808 1921 3890; baseline -0.003 -22"><span class='ocrx_word' id='word_1_481' title='bbox 321 3808 657 3890; x_wconf 79' lang='grc' dir='ltr'>Ἀνδρονίκου</span> <span class='ocrx_word' id='word_1_482' title='bbox 705 3819 799 3865; x_wconf 88' lang='grc' dir='ltr'>τοῦ</span> <span class='ocrx_word' id='word_1_483' title='bbox 858 3818 1180 3885; x_wconf 81' lang='grc' dir='ltr'>Καματηροῦ</span> <span class='ocrx_word' id='word_1_484' title='bbox 1206 3833 1218 3845; x_wconf 92' lang='grc'><strong>·</strong></span> <span class='ocrx_word' id='word_1_485' title='bbox 1272 3820 1365 3864; x_wconf 85' lang='grc' dir='ltr'>τοῦ</span> <span class='ocrx_word' id='word_1_486' title='bbox 1426 3809 1791 3866; x_wconf 80' lang='grc' dir='ltr'>πανσεϐάστου</span> <span class='ocrx_word' id='word_1_487' title='bbox 1832 3830 1921 3864; x_wconf 82' lang='grc' dir='ltr'>σε-</span> 
     </span>
    </p>
   </div>
   <div class='ocr_carea' id='block_1_73' title="bbox 324 3900 1920 3978">
    <p class='ocr_par' dir='ltr' id='par_1_73' title="bbox 324 3900 1920 3978">
     <span class='ocr_line' id='line_1_73' title="bbox 324 3900 1920 3978; baseline -0.002 -24"><span class='ocrx_word' id='word_1_488' title='bbox 324 3900 517 3957; x_wconf 78' lang='grc' dir='ltr'>ϐαστοῦ</span> <span class='ocrx_word' id='word_1_489' title='bbox 545 3910 710 3978; x_wconf 88' lang='grc' dir='ltr'>κυροῦ</span> <span class='ocrx_word' id='word_1_490' title='bbox 741 3901 981 3955; x_wconf 81' lang='grc' dir='ltr'>Ἰωάννου</span> <span class='ocrx_word' id='word_1_491' title='bbox 1002 3907 1095 3953; x_wconf 86' lang='grc' dir='ltr'>τοῦ</span> <span class='ocrx_word' id='word_1_492' title='bbox 1124 3901 1538 3973; x_wconf 74' lang='grc' dir='ltr'>Κοντοστεφάνου</span> <span class='ocrx_word' id='word_1_493' title='bbox 1564 3921 1576 3933; x_wconf 89' lang='grc'><strong>·</strong></span> <span class='ocrx_word' id='word_1_494' title='bbox 1609 3908 1699 3952; x_wconf 87' lang='grc' dir='ltr'>τοῦ</span> <span class='ocrx_word' id='word_1_495' title='bbox 1728 3918 1920 3952; x_wconf 82' lang='grc' dir='ltr'>πανσε-</span> 
     </span>
    </p>
   </div>
   <div class='ocr_carea' id='block_1_74' title="bbox 323 3987 1922 4066">
    <p class='ocr_par' dir='ltr' id='par_1_74' title="bbox 323 3987 1922 4066">
     <span class='ocr_line' id='line_1_74' title="bbox 323 3987 1922 4066; baseline -0.003 -21"><span class='ocrx_word' id='word_1_496' title='bbox 323 3990 513 4047; x_wconf 75' lang='grc' dir='ltr'>ϐάο-του</span> <span class='ocrx_word' id='word_1_497' title='bbox 546 3989 809 4065; x_wconf 77' lang='grc' dir='ltr'>σεϐαστοῦ</span> <span class='ocrx_word' id='word_1_498' title='bbox 837 3995 928 4044; x_wconf 84' lang='grc' dir='ltr'>καὶ</span> <span class='ocrx_word' id='word_1_499' title='bbox 982 3993 1401 4066; x_wconf 84' lang='grc' dir='ltr'>πρωτονοταρίου</span> <span class='ocrx_word' id='word_1_500' title='bbox 1444 3996 1604 4064; x_wconf 78' lang='grc' dir='ltr'>κυροῦ</span> <span class='ocrx_word' id='word_1_501' title='bbox 1653 3987 1922 4042; x_wconf 84' lang='grc' dir='ltr'>Βασιλείου</span> 
     </span>
    </p>
   </div>
   <div class='ocr_carea' id='block_1_75' title="bbox 320 4077 1923 4156">
    <p class='ocr_par' dir='ltr' id='par_1_75' title="bbox 320 4077 1923 4156">
     <span class='ocr_line' id='line_1_75' title="bbox 320 4077 1923 4156; baseline -0.004 -20"><span class='ocrx_word' id='word_1_502' title='bbox 320 4091 411 4136; x_wconf 83' lang='grc' dir='ltr'>τοῦ</span> <span class='ocrx_word' id='word_1_503' title='bbox 442 4088 759 4156; x_wconf 74' lang='grc' dir='ltr'>Καματηροῦ</span> <span class='ocrx_word' id='word_1_504' title='bbox 775 4102 788 4115; x_wconf 75' lang='grc' dir='ltr'>ο</span> <span class='ocrx_word' id='word_1_505' title='bbox 820 4087 912 4134; x_wconf 88' lang='grc' dir='ltr'>τοῦ</span> <span class='ocrx_word' id='word_1_506' title='bbox 928 4077 1740 4156; x_wconf 76' lang='grc' dir='ltr'>πρωτονωϐελισσιμοῦπερτάτου</span> <span class='ocrx_word' id='word_1_507' title='bbox 1760 4084 1923 4155; x_wconf 87' lang='grc' dir='ltr'>κυροῦ</span> 
     </span>
    </p>
   </div>
   <div class='ocr_carea' id='block_1_76' title="bbox 314 4167 1922 4247">
    <p class='ocr_par' dir='ltr' id='par_1_76' title="bbox 314 4167 1922 4247">
     <span class='ocr_line' id='line_1_76' title="bbox 314 4167 1922 4247; baseline -0.004 -21"><span class='ocrx_word' id='word_1_508' title='bbox 314 4172 541 4247; x_wconf 79' lang='grc' dir='ltr'>Μιχαὴλ</span> <span class='ocrx_word' id='word_1_509' title='bbox 559 4179 654 4225; x_wconf 88' lang='grc' dir='ltr'>τοῦ</span> <span class='ocrx_word' id='word_1_510' title='bbox 673 4169 924 4242; x_wconf 78' lang='grc' dir='ltr'>Ἀγγέλου</span> <span class='ocrx_word' id='word_1_511' title='bbox 941 4190 954 4204; x_wconf 74' lang='grc' dir='ltr'>ο</span> <span class='ocrx_word' id='word_1_512' title='bbox 988 4175 1078 4222; x_wconf 86' lang='grc' dir='ltr'>τοῦ</span> <span class='ocrx_word' id='word_1_513' title='bbox 1103 4167 1922 4246; x_wconf 79' lang='grc' dir='ltr'>πρωτονωϐελισσιμοῦπερτάτοῦ</span> 
     </span>
    </p>
   </div>
   <div class='ocr_carea' id='block_1_77' title="bbox 308 4254 1925 4337">
    <p class='ocr_par' dir='ltr' id='par_1_77' title="bbox 308 4254 1925 4337">
     <span class='ocr_line' id='line_1_77' title="bbox 308 4254 1925 4337; baseline -0.005 -20"><span class='ocrx_word' id='word_1_514' title='bbox 308 4263 593 4336; x_wconf 68' lang='grc' dir='ltr'>ληοθέτου</span> <span class='ocrx_word' id='word_1_515' title='bbox 613 4268 707 4314; x_wconf 87' lang='grc' dir='ltr'>τοῦ</span> <span class='ocrx_word' id='word_1_516' title='bbox 745 4254 945 4337; x_wconf 78' lang='grc' dir='ltr'>δρόμου</span> <span class='ocrx_word' id='word_1_517' title='bbox 981 4263 1073 4312; x_wconf 85' lang='grc' dir='ltr'>καὶ</span> <span class='ocrx_word' id='word_1_518' title='bbox 1098 4255 1483 4334; x_wconf 76' lang='grc' dir='ltr'>ὁρφανοτρὸφου</span> <span class='ocrx_word' id='word_1_519' title='bbox 1515 4266 1675 4333; x_wconf 86' lang='grc' dir='ltr'>κυροῦ</span> <span class='ocrx_word' id='word_1_520' title='bbox 1698 4255 1925 4330; x_wconf 75' lang='grc' dir='ltr'>Μιχαὴλ</span> 
     </span>
    </p>
   </div>
   <div class='ocr_carea' id='block_1_78' title="bbox 311 4346 1922 4426">
    <p class='ocr_par' dir='ltr' id='par_1_78' title="bbox 311 4346 1922 4426">
     <span class='ocr_line' id='line_1_78' title="bbox 311 4346 1922 4426; baseline -0.004 -22"><span class='ocrx_word' id='word_1_521' title='bbox 311 4361 406 4405; x_wconf 85' lang='grc' dir='ltr'>τοῦ</span> <span class='ocrx_word' id='word_1_522' title='bbox 434 4346 909 4426; x_wconf 84' lang='grc' dir='ltr'>Ἀγιοθεοδωρίτου</span> <span class='ocrx_word' id='word_1_523' title='bbox 930 4371 942 4381; x_wconf 90' lang='grc'><strong>·</strong></span> <span class='ocrx_word' id='word_1_524' title='bbox 975 4355 1069 4401; x_wconf 86' lang='grc' dir='ltr'>τοῦ</span> <span class='ocrx_word' id='word_1_525' title='bbox 1105 4346 1922 4424; x_wconf 72' lang='grc' dir='ltr'>πρωτονωϐελισσιμοῦπερτάτου</span> 
     </span>
    </p>
   </div>
   <div class='ocr_carea' id='block_1_79' title="bbox 312 4436 1924 4512">
    <p class='ocr_par' dir='ltr' id='par_1_79' title="bbox 312 4436 1924 4512">
     <span class='ocr_line' id='line_1_79' title="bbox 312 4436 1924 4512; baseline -0.005 -16"><span class='ocrx_word' id='word_1_526' title='bbox 312 4441 399 4496; x_wconf 78' lang='grc' dir='ltr'>ἐπὶ</span> <span class='ocrx_word' id='word_1_527' title='bbox 430 4446 525 4494; x_wconf 86' lang='grc' dir='ltr'>τοῦ</span> <span class='ocrx_word' id='word_1_528' title='bbox 557 4437 860 4494; x_wconf 79' lang='grc' dir='ltr'>Κανικλείου</span> <span class='ocrx_word' id='word_1_529' title='bbox 881 4445 1044 4512; x_wconf 87' lang='grc' dir='ltr'>κυροῦ</span> <span class='ocrx_word' id='word_1_530' title='bbox 1066 4436 1305 4491; x_wconf 88' lang='grc' dir='ltr'>Ἰωάννου</span> <span class='ocrx_word' id='word_1_531' title='bbox 1330 4444 1424 4489; x_wconf 85' lang='grc' dir='ltr'>τοῦ</span> <span class='ocrx_word' id='word_1_532' title='bbox 1449 4443 1770 4512; x_wconf 73' lang='grc' dir='ltr'>Καματηροῦ</span> <span class='ocrx_word' id='word_1_533' title='bbox 1787 4478 1799 4492; x_wconf 91' lang='grc'><strong>.</strong></span> <span class='ocrx_word' id='word_1_534' title='bbox 1831 4442 1924 4489; x_wconf 90' lang='grc' dir='ltr'>τοῦ</span> 
     </span>
    </p>
   </div>
   <div class='ocr_carea' id='block_1_80' title="bbox 311 4524 1997 4623">
    <p class='ocr_par' dir='ltr' id='par_1_80' title="bbox 311 4524 1997 4623">
     <span class='ocr_line' id='line_1_80' title="bbox 311 4524 1997 4623; baseline -0.005 -37"><span class='ocrx_word' id='word_1_535' title='bbox 311 4530 893 4605; x_wconf 72' lang='grc' dir='ltr'>μεγαλεπιφανεστάτου</span> <span class='ocrx_word' id='word_1_536' title='bbox 915 4534 1388 4603; x_wconf 70' lang='grc' dir='ltr'>πρωτσασηκρῆτις</span> <span class='ocrx_word' id='word_1_537' title='bbox 1423 4535 1516 4580; x_wconf 90' lang='grc' dir='ltr'>τοῦ</span> <span class='ocrx_word' id='word_1_538' title='bbox 1555 4524 1924 4602; x_wconf 80' lang='grc' dir='ltr'>Μακρεμϐολι-</span> <span class='ocrx_word' id='word_1_539' title='bbox 1953 4564 1997 4623; x_wconf 77' lang='lat' dir='ltr'><strong>D</strong></span> 
     </span>
    </p>
   </div>
   <div class='ocr_carea' id='block_1_81' title="bbox 313 4613 1923 4693">
    <p class='ocr_par' dir='ltr' id='par_1_81' title="bbox 313 4613 1923 4693">
     <span class='ocr_line' id='line_1_81' title="bbox 313 4613 1923 4693; baseline -0.004 -18"><span class='ocrx_word' id='word_1_540' title='bbox 313 4642 436 4676; x_wconf 84' lang='grc' dir='ltr'>του·</span> <span class='ocrx_word' id='word_1_541' title='bbox 493 4640 591 4674; x_wconf 78' lang='grc' dir='ltr'>του</span> <span class='ocrx_word' id='word_1_542' title='bbox 638 4614 1200 4693; x_wconf 79' lang='grc' dir='ltr'>πρωτονωϐελισσίμου</span> <span class='ocrx_word' id='word_1_543' title='bbox 1253 4622 1344 4671; x_wconf 81' lang='grc' dir='ltr'>καὶ</span> <span class='ocrx_word' id='word_1_544' title='bbox 1373 4613 1612 4691; x_wconf 74' lang='grc' dir='ltr'>ἐπάρχου</span> <span class='ocrx_word' id='word_1_545' title='bbox 1651 4614 1923 4673; x_wconf 85' lang='grc' dir='ltr'>Βασιλείου</span> 
     </span>
    </p>
   </div>
   <div class='ocr_carea' id='block_1_82' title="bbox 314 4702 1927 4785">
    <p class='ocr_par' dir='ltr' id='par_1_82' title="bbox 314 4702 1927 4785">
     <span class='ocr_line' id='line_1_82' title="bbox 314 4702 1927 4785; baseline -0.004 -21"><span class='ocrx_word' id='word_1_546' title='bbox 314 4719 407 4764; x_wconf 86' lang='grc' dir='ltr'>τοῦ</span> <span class='ocrx_word' id='word_1_547' title='bbox 436 4716 786 4785; x_wconf 79' lang='grc' dir='ltr'>Καματηροῦ·</span> <span class='ocrx_word' id='word_1_548' title='bbox 819 4713 912 4760; x_wconf 85' lang='grc' dir='ltr'>τοῦ</span> <span class='ocrx_word' id='word_1_549' title='bbox 957 4705 1518 4781; x_wconf 78' lang='grc' dir='ltr'>πρωτονωϐελισσίμου</span> <span class='ocrx_word' id='word_1_550' title='bbox 1545 4704 1629 4760; x_wconf 76' lang='grc' dir='ltr'>ἐπὶ</span> <span class='ocrx_word' id='word_1_551' title='bbox 1673 4714 1773 4760; x_wconf 84' lang='grc' dir='ltr'>τῶν</span> <span class='ocrx_word' id='word_1_552' title='bbox 1806 4702 1927 4766; x_wconf 80' lang='grc' dir='ltr'>δεή-</span> 
     </span>
    </p>
   </div>
   <div class='ocr_carea' id='block_1_83' title="bbox 316 4792 1925 4873">
    <p class='ocr_par' dir='ltr' id='par_1_83' title="bbox 316 4792 1925 4873">
     <span class='ocr_line' id='line_1_83' title="bbox 316 4792 1925 4873; baseline -0.003 -19"><span class='ocrx_word' id='word_1_553' title='bbox 316 4820 447 4854; x_wconf 88' lang='grc' dir='ltr'>σεων</span> <span class='ocrx_word' id='word_1_554' title='bbox 475 4804 568 4852; x_wconf 83' lang='grc' dir='ltr'>καὶ</span> <span class='ocrx_word' id='word_1_555' title='bbox 599 4797 826 4873; x_wconf 72' lang='grc' dir='ltr'>φύλακος</span> <span class='ocrx_word' id='word_1_556' title='bbox 844 4792 1069 4870; x_wconf 78' lang='grc' dir='ltr'>Μιχαὴλ</span> <span class='ocrx_word' id='word_1_557' title='bbox 1088 4798 1187 4850; x_wconf 88' lang='grc' dir='ltr'>τάῦ</span> <span class='ocrx_word' id='word_1_558' title='bbox 1219 4802 1565 4872; x_wconf 66' lang='grc' dir='ltr'>Καματηροψ</span> <span class='ocrx_word' id='word_1_559' title='bbox 1598 4802 1691 4852; x_wconf 87' lang='grc' dir='ltr'>τοῦ</span> <span class='ocrx_word' id='word_1_560' title='bbox 1715 4815 1925 4872; x_wconf 87' lang='grc' dir='ltr'>πρωτο-</span> 
     </span>
    </p>
   </div>
   <div class='ocr_carea' id='block_1_84' title="bbox 313 4880 1921 4962">
    <p class='ocr_par' dir='ltr' id='par_1_84' title="bbox 313 4880 1921 4962">
     <span class='ocr_line' id='line_1_84' title="bbox 313 4880 1921 4962; baseline -0.002 -20"><span class='ocrx_word' id='word_1_561' title='bbox 313 4888 702 4962; x_wconf 78' lang='grc' dir='ltr'>νωϐελισσίμου</span> <span class='ocrx_word' id='word_1_562' title='bbox 734 4884 1004 4942; x_wconf 86' lang='grc' dir='ltr'>Ἰσαακίου</span> <span class='ocrx_word' id='word_1_563' title='bbox 1028 4893 1119 4939; x_wconf 91' lang='grc' dir='ltr'>τοῦ</span> <span class='ocrx_word' id='word_1_564' title='bbox 1150 4884 1491 4940; x_wconf 79' lang='grc' dir='ltr'>Ἀκολούθου·</span> <span class='ocrx_word' id='word_1_565' title='bbox 1538 4894 1632 4940; x_wconf 84' lang='grc' dir='ltr'>τοῦ</span> <span class='ocrx_word' id='word_1_566' title='bbox 1678 4880 1921 4939; x_wconf 59' lang='lat' dir='ltr'>mgni:-</span> 
     </span>
    </p>
   </div>
   <div class='ocr_carea' id='block_1_85' title="bbox 316 4971 1924 5055">
    <p class='ocr_par' dir='ltr' id='par_1_85' title="bbox 316 4971 1924 5055">
     <span class='ocr_line' id='line_1_85' title="bbox 316 4971 1924 5055; baseline -0.003 -22"><span class='ocrx_word' id='word_1_567' title='bbox 316 4985 483 5054; x_wconf 80' lang='grc' dir='ltr'>σίμου</span> <span class='ocrx_word' id='word_1_568' title='bbox 508 4983 600 5031; x_wconf 84' lang='grc' dir='ltr'>καὶ</span> <span class='ocrx_word' id='word_1_569' title='bbox 624 4980 973 5055; x_wconf 79' lang='grc' dir='ltr'>πριμικηρίου</span> <span class='ocrx_word' id='word_1_570' title='bbox 1004 4983 1102 5029; x_wconf 84' lang='grc' dir='ltr'>τῶν</span> <span class='ocrx_word' id='word_1_571' title='bbox 1125 4971 1510 5053; x_wconf 80' lang='grc' dir='ltr'>βαρδαριωτῶν</span> <span class='ocrx_word' id='word_1_572' title='bbox 1530 4974 1802 5029; x_wconf 83' lang='grc' dir='ltr'>Βασιλείου</span> <span class='ocrx_word' id='word_1_573' title='bbox 1833 4971 1924 5029; x_wconf 81' lang='grc' dir='ltr'>τοῦ</span> 
     </span>
    </p>
   </div>
   <div class='ocr_carea' id='block_1_86' title="bbox 310 5064 1925 5147">
    <p class='ocr_par' dir='ltr' id='par_1_86' title="bbox 310 5064 1925 5147">
     <span class='ocr_line' id='line_1_86' title="bbox 310 5064 1925 5147; baseline -0.004 -23"><span class='ocrx_word' id='word_1_574' title='bbox 310 5068 601 5147; x_wconf 66' lang='grc' dir='ltr'>Τριψύχου</span> <span class='ocrx_word' id='word_1_575' title='bbox 622 5089 634 5102; x_wconf 91' lang='grc'><strong>·</strong></span> <span class='ocrx_word' id='word_1_576' title='bbox 666 5074 760 5121; x_wconf 87' lang='grc' dir='ltr'>τοῦ</span> <span class='ocrx_word' id='word_1_577' title='bbox 784 5064 1202 5142; x_wconf 78' lang='grc' dir='ltr'>νωϐελλισσίμου</span> <span class='ocrx_word' id='word_1_578' title='bbox 1244 5070 1337 5119; x_wconf 76' lang='grc' dir='ltr'>καὶ</span> <span class='ocrx_word' id='word_1_579' title='bbox 1383 5069 1734 5143; x_wconf 76' lang='grc' dir='ltr'>κοιαίστωρος</span> <span class='ocrx_word' id='word_1_580' title='bbox 1762 5071 1925 5141; x_wconf 73' lang='grc' dir='ltr'>Γεωρ-</span> 
     </span>
    </p>
   </div>
   <div class='ocr_carea' id='block_1_87' title="bbox 308 5150 1925 5233">
    <p class='ocr_par' dir='ltr' id='par_1_87' title="bbox 308 5150 1925 5233">
     <span class='ocr_line' id='line_1_87' title="bbox 308 5150 1925 5233; baseline -0.003 -20"><span class='ocrx_word' id='word_1_581' title='bbox 308 5164 435 5233; x_wconf 85' lang='grc' dir='ltr'>γίου</span> <span class='ocrx_word' id='word_1_582' title='bbox 464 5166 557 5212; x_wconf 84' lang='grc' dir='ltr'>τοῦ</span> <span class='ocrx_word' id='word_1_583' title='bbox 586 5158 847 5231; x_wconf 75' lang='grc' dir='ltr'>Μαγγάνη</span> <span class='ocrx_word' id='word_1_584' title='bbox 866 5170 880 5187; x_wconf 85' lang='lat'><strong>&#39;</strong></span> <span class='ocrx_word' id='word_1_585' title='bbox 913 5163 1006 5210; x_wconf 86' lang='grc' dir='ltr'>τοῦ</span> <span class='ocrx_word' id='word_1_586' title='bbox 1051 5153 1631 5230; x_wconf 78' lang='grc' dir='ltr'>μεγαλεπιφανεστάτου</span> <span class='ocrx_word' id='word_1_587' title='bbox 1653 5150 1925 5209; x_wconf 78' lang='grc' dir='ltr'>δικαιοδό-</span> 
     </span>
    </p>
   </div>
   <div class='ocr_carea' id='block_1_88' title="bbox 2026 3269 3686 3343">
    <p class='ocr_par' dir='ltr' id='par_1_88' title="bbox 2026 3269 3686 3343">
     <span class='ocr_line' id='line_1_88' title="bbox 2026 3269 3686 3343; baseline -0.002 -15"><span class='ocrx_word' id='word_1_588' title='bbox 2026 3274 2265 3329; x_wconf 88' lang='lat' dir='ltr'>sebasto</span> <span class='ocrx_word' id='word_1_589' title='bbox 2315 3274 2557 3330; x_wconf 89' lang='lat' dir='ltr'>sebasto</span> <span class='ocrx_word' id='word_1_590' title='bbox 2605 3272 2854 3329; x_wconf 89' lang='lat' dir='ltr'>domino</span> <span class='ocrx_word' id='word_1_591' title='bbox 2900 3271 3134 3328; x_wconf 87' lang='lat' dir='ltr'>Joanne</span> <span class='ocrx_word' id='word_1_592' title='bbox 3156 3269 3686 3343; x_wconf 87' lang='lat' dir='ltr'>Contostephano;</span> 
     </span>
    </p>
   </div>
   <div class='ocr_carea' id='block_1_89' title="bbox 2025 3359 3691 3436">
    <p class='ocr_par' dir='ltr' id='par_1_89' title="bbox 2025 3359 3691 3436">
     <span class='ocr_line' id='line_1_89' title="bbox 2025 3359 3691 3436; baseline -0.003 -15"><span class='ocrx_word' id='word_1_593' title='bbox 2025 3363 2391 3436; x_wconf 87' lang='lat' dir='ltr'>pansebasto</span> <span class='ocrx_word' id='word_1_594' title='bbox 2456 3362 2699 3420; x_wconf 88' lang='lat' dir='ltr'>sebasto</span> <span class='ocrx_word' id='word_1_595' title='bbox 2748 3366 2806 3418; x_wconf 88' lang='lat' dir='ltr'>et</span> <span class='ocrx_word' id='word_1_596' title='bbox 2846 3360 3258 3434; x_wconf 86' lang='lat' dir='ltr'>protonotario</span> <span class='ocrx_word' id='word_1_597' title='bbox 3304 3359 3555 3416; x_wconf 89' lang='lat' dir='ltr'>domino</span> <span class='ocrx_word' id='word_1_598' title='bbox 3584 3361 3691 3416; x_wconf 87' lang='lat' dir='ltr'>Ba-</span> 
     </span>
    </p>
   </div>
   <div class='ocr_carea' id='block_1_90' title="bbox 2028 3446 3692 3523">
    <p class='ocr_par' dir='ltr' id='par_1_90' title="bbox 2028 3446 3692 3523">
     <span class='ocr_line' id='line_1_90' title="bbox 2028 3446 3692 3523; baseline -0.001 -16"><span class='ocrx_word' id='word_1_599' title='bbox 2028 3451 2160 3508; x_wconf 89' lang='lat' dir='ltr'>silio</span> <span class='ocrx_word' id='word_1_600' title='bbox 2213 3455 2571 3518; x_wconf 86' lang='lat' dir='ltr'>Camatero;</span> <span class='ocrx_word' id='word_1_601' title='bbox 2620 3449 3177 3523; x_wconf 87' lang='lat' dir='ltr'>protonobilissimo</span> <span class='ocrx_word' id='word_1_602' title='bbox 3218 3446 3548 3505; x_wconf 89' lang='lat' dir='ltr'>celsissimo</span> <span class='ocrx_word' id='word_1_603' title='bbox 3586 3446 3692 3505; x_wconf 83' lang='lat' dir='ltr'>do-</span> 
     </span>
    </p>
   </div>
   <div class='ocr_carea' id='block_1_91' title="bbox 2027 3535 3693 3611">
    <p class='ocr_par' dir='ltr' id='par_1_91' title="bbox 2027 3535 3693 3611">
     <span class='ocr_line' id='line_1_91' title="bbox 2027 3535 3693 3611; baseline -0.002 -14"><span class='ocrx_word' id='word_1_604' title='bbox 2027 3539 2194 3597; x_wconf 88' lang='lat' dir='ltr'>mino</span> <span class='ocrx_word' id='word_1_605' title='bbox 2233 3539 2512 3601; x_wconf 85' lang='lat' dir='ltr'>Michaele</span> <span class='ocrx_word' id='word_1_606' title='bbox 2545 3538 2813 3609; x_wconf 83' lang='lat' dir='ltr'>Angelo;</span> <span class='ocrx_word' id='word_1_607' title='bbox 2855 3537 3410 3611; x_wconf 89' lang='lat' dir='ltr'>protonobilissimo</span> <span class='ocrx_word' id='word_1_608' title='bbox 3435 3535 3693 3594; x_wconf 88' lang='lat' dir='ltr'>celcissi-</span> 
     </span>
    </p>
   </div>
   <div class='ocr_carea' id='block_1_92' title="bbox 2028 3625 3692 3701">
    <p class='ocr_par' dir='ltr' id='par_1_92' title="bbox 2028 3625 3692 3701">
     <span class='ocr_line' id='line_1_92' title="bbox 2028 3625 3692 3701; baseline -0.003 -14"><span class='ocrx_word' id='word_1_609' title='bbox 2028 3646 2131 3687; x_wconf 89' lang='lat' dir='ltr'>mo</span> <span class='ocrx_word' id='word_1_610' title='bbox 2153 3628 2461 3700; x_wconf 85' lang='lat' dir='ltr'>logotheta</span> <span class='ocrx_word' id='word_1_611' title='bbox 2518 3644 2734 3685; x_wconf 87' lang='lat' dir='ltr'>cursus</span> <span class='ocrx_word' id='word_1_612' title='bbox 2794 3633 2851 3684; x_wconf 90' lang='lat' dir='ltr'>et</span> <span class='ocrx_word' id='word_1_613' title='bbox 2896 3625 3398 3701; x_wconf 84' lang='lat' dir='ltr'>orphanotropho</span> <span class='ocrx_word' id='word_1_614' title='bbox 3441 3625 3692 3683; x_wconf 86' lang='lat' dir='ltr'>domino</span> 
     </span>
    </p>
   </div>
   <div class='ocr_carea' id='block_1_93' title="bbox 2027 3712 3691 3791">
    <p class='ocr_par' dir='ltr' id='par_1_93' title="bbox 2027 3712 3691 3791">
     <span class='ocr_line' id='line_1_93' title="bbox 2027 3712 3691 3791; baseline -0.003 -13"><span class='ocrx_word' id='word_1_615' title='bbox 2027 3719 2304 3779; x_wconf 78' lang='lat' dir='ltr'>Michaele</span> <span class='ocrx_word' id='word_1_616' title='bbox 2348 3712 2879 3791; x_wconf 81' lang='lat' dir='ltr'>Hagiotheodorita</span> <span class='ocrx_word' id='word_1_617' title='bbox 2916 3736 2929 3786; x_wconf 93' lang='lat'><strong>;</strong></span> <span class='ocrx_word' id='word_1_618' title='bbox 2970 3715 3529 3790; x_wconf 87' lang='lat' dir='ltr'>protonobilissimo</span> <span class='ocrx_word' id='word_1_619' title='bbox 3577 3715 3691 3773; x_wconf 85' lang='lat' dir='ltr'>cel-</span> 
     </span>
    </p>
   </div>
   <div class='ocr_carea' id='block_1_94' title="bbox 2029 3804 3691 3878">
    <p class='ocr_par' dir='ltr' id='par_1_94' title="bbox 2029 3804 3691 3878">
     <span class='ocr_line' id='line_1_94' title="bbox 2029 3804 3691 3878; baseline -0.001 -15"><span class='ocrx_word' id='word_1_620' title='bbox 2029 3808 2266 3864; x_wconf 88' lang='lat' dir='ltr'>sissimo</span> <span class='ocrx_word' id='word_1_621' title='bbox 2306 3805 2563 3863; x_wconf 86' lang='lat' dir='ltr'>Caniclei</span> <span class='ocrx_word' id='word_1_622' title='bbox 2599 3804 2857 3878; x_wconf 77' lang='lat' dir='ltr'>praeside</span> <span class='ocrx_word' id='word_1_623' title='bbox 2894 3805 3145 3861; x_wconf 84' lang='lat' dir='ltr'>domino</span> <span class='ocrx_word' id='word_1_624' title='bbox 3195 3807 3423 3860; x_wconf 84' lang='lat' dir='ltr'>Joanne</span> <span class='ocrx_word' id='word_1_625' title='bbox 3481 3807 3691 3862; x_wconf 82' lang='lat' dir='ltr'>Cama-</span> 
     </span>
    </p>
   </div>
   <div class='ocr_carea' id='block_1_95' title="bbox 2029 3893 3690 3966">
    <p class='ocr_par' dir='ltr' id='par_1_95' title="bbox 2029 3893 3690 3966">
     <span class='ocr_line' id='line_1_95' title="bbox 2029 3893 3690 3966; baseline -0.001 -12"><span class='ocrx_word' id='word_1_626' title='bbox 2029 3901 2197 3965; x_wconf 85' lang='lat' dir='ltr'>tero;</span> <span class='ocrx_word' id='word_1_627' title='bbox 2230 3910 2455 3966; x_wconf 82' lang='lat' dir='ltr'>magno</span> <span class='ocrx_word' id='word_1_628' title='bbox 2504 3903 2561 3952; x_wconf 93' lang='lat' dir='ltr'>et</span> <span class='ocrx_word' id='word_1_629' title='bbox 2614 3894 3016 3952; x_wconf 83' lang='lat' dir='ltr'>illustrissimo</span> <span class='ocrx_word' id='word_1_630' title='bbox 3065 3893 3527 3966; x_wconf 89' lang='lat' dir='ltr'>protoasecretis</span> <span class='ocrx_word' id='word_1_631' title='bbox 3566 3896 3690 3952; x_wconf 84' lang='lat' dir='ltr'>Ma-</span> 
     </span>
    </p>
   </div>
   <div class='ocr_carea' id='block_1_96' title="bbox 2030 3981 3688 4057">
    <p class='ocr_par' dir='ltr' id='par_1_96' title="bbox 2030 3981 3688 4057">
     <span class='ocr_line' id='line_1_96' title="bbox 2030 3981 3688 4057; baseline -0.003 -14"><span class='ocrx_word' id='word_1_632' title='bbox 2030 3984 2384 4043; x_wconf 87' lang='lat' dir='ltr'>crembolita</span> <span class='ocrx_word' id='word_1_633' title='bbox 2415 4001 2427 4053; x_wconf 88' lang='lat'><strong>;</strong></span> <span class='ocrx_word' id='word_1_634' title='bbox 2478 3983 3037 4057; x_wconf 86' lang='lat' dir='ltr'>protonobilissimo</span> <span class='ocrx_word' id='word_1_635' title='bbox 3077 3986 3136 4039; x_wconf 91' lang='lat' dir='ltr'>et</span> <span class='ocrx_word' id='word_1_636' title='bbox 3171 3981 3436 4055; x_wconf 89' lang='lat' dir='ltr'>eparcho</span> <span class='ocrx_word' id='word_1_637' title='bbox 3475 3981 3688 4039; x_wconf 90' lang='lat' dir='ltr'>Basilio</span> 
     </span>
    </p>
   </div>
   <div class='ocr_carea' id='block_1_97' title="bbox 2030 4068 3681 4147">
    <p class='ocr_par' dir='ltr' id='par_1_97' title="bbox 2030 4068 3681 4147">
     <span class='ocr_line' id='line_1_97' title="bbox 2030 4068 3681 4147; baseline -0.002 -15"><span class='ocrx_word' id='word_1_638' title='bbox 2030 4077 2385 4144; x_wconf 88' lang='lat' dir='ltr'>Camatero;</span> <span class='ocrx_word' id='word_1_639' title='bbox 2469 4072 3028 4147; x_wconf 86' lang='lat' dir='ltr'>protonobilissimo</span> <span class='ocrx_word' id='word_1_640' title='bbox 3084 4089 3122 4130; x_wconf 90' lang='lat' dir='ltr'>a</span> <span class='ocrx_word' id='word_1_641' title='bbox 3186 4069 3561 4144; x_wconf 90' lang='lat' dir='ltr'>supplicibus</span> <span class='ocrx_word' id='word_1_642' title='bbox 3614 4068 3681 4129; x_wconf 82' lang='lat' dir='ltr'>li-</span> 
     </span>
    </p>
   </div>
   <div class='ocr_carea' id='block_1_98' title="bbox 2029 4161 3692 4233">
    <p class='ocr_par' dir='ltr' id='par_1_98' title="bbox 2029 4161 3692 4233">
     <span class='ocr_line' id='line_1_98' title="bbox 2029 4161 3692 4233; baseline -0.005 -10"><span class='ocrx_word' id='word_1_643' title='bbox 2029 4163 2203 4223; x_wconf 88' lang='lat' dir='ltr'>bellis</span> <span class='ocrx_word' id='word_1_644' title='bbox 2256 4171 2314 4220; x_wconf 84' lang='lat' dir='ltr'>et</span> <span class='ocrx_word' id='word_1_645' title='bbox 2363 4162 2615 4220; x_wconf 87' lang='lat' dir='ltr'>custode</span> <span class='ocrx_word' id='word_1_646' title='bbox 2678 4161 2957 4219; x_wconf 85' lang='lat' dir='ltr'>Michaele</span> <span class='ocrx_word' id='word_1_647' title='bbox 3004 4163 3365 4228; x_wconf 89' lang='lat' dir='ltr'>Camatero;</span> <span class='ocrx_word' id='word_1_648' title='bbox 3406 4164 3692 4233; x_wconf 86' lang='lat' dir='ltr'>protono-</span> 
     </span>
    </p>
   </div>
   <div class='ocr_carea' id='block_1_99' title="bbox 2028 4248 3690 4324">
    <p class='ocr_par' dir='ltr' id='par_1_99' title="bbox 2028 4248 3690 4324">
     <span class='ocr_line' id='line_1_99' title="bbox 2028 4248 3690 4324; baseline -0.004 -12"><span class='ocrx_word' id='word_1_649' title='bbox 2028 4254 2322 4313; x_wconf 88' lang='lat' dir='ltr'>bilissimo</span> <span class='ocrx_word' id='word_1_650' title='bbox 2362 4254 2594 4311; x_wconf 88' lang='lat' dir='ltr'>Isaacio</span> <span class='ocrx_word' id='word_1_651' title='bbox 2639 4250 2972 4320; x_wconf 82' lang='lat' dir='ltr'>Acolutho;</span> <span class='ocrx_word' id='word_1_652' title='bbox 3025 4250 3409 4309; x_wconf 88' lang='lat' dir='ltr'>nobilissimo</span> <span class='ocrx_word' id='word_1_653' title='bbox 3455 4254 3513 4309; x_wconf 83' lang='lat' dir='ltr'>et</span> <span class='ocrx_word' id='word_1_654' title='bbox 3570 4248 3690 4324; x_wconf 86' lang='lat' dir='ltr'>pri-</span> 
     </span>
    </p>
   </div>
   <div class='ocr_carea' id='block_1_100' title="bbox 2030 4340 3689 4414">
    <p class='ocr_par' dir='ltr' id='par_1_100' title="bbox 2030 4340 3689 4414">
     <span class='ocr_line' id='line_1_100' title="bbox 2030 4340 3689 4414; baseline -0.003 -11"><span class='ocrx_word' id='word_1_655' title='bbox 2030 4346 2275 4404; x_wconf 88' lang='lat' dir='ltr'>micerio</span> <span class='ocrx_word' id='word_1_656' title='bbox 2324 4343 2810 4401; x_wconf 87' lang='lat' dir='ltr'>bardariotarum</span> <span class='ocrx_word' id='word_1_657' title='bbox 2867 4340 3086 4400; x_wconf 92' lang='lat' dir='ltr'>Basilio</span> <span class='ocrx_word' id='word_1_658' title='bbox 3147 4340 3525 4414; x_wconf 84' lang='lat' dir='ltr'>Tripsycho;</span> <span class='ocrx_word' id='word_1_659' title='bbox 3582 4355 3689 4398; x_wconf 85' lang='lat' dir='ltr'>no-</span> 
     </span>
    </p>
   </div>
   <div class='ocr_carea' id='block_1_101' title="bbox 2030 4432 3693 4507">
    <p class='ocr_par' dir='ltr' id='par_1_101' title="bbox 2030 4432 3693 4507">
     <span class='ocr_line' id='line_1_101' title="bbox 2030 4432 3693 4507; baseline -0.005 -14"><span class='ocrx_word' id='word_1_660' title='bbox 2030 4434 2324 4495; x_wconf 86' lang='lat' dir='ltr'>bilissimo</span> <span class='ocrx_word' id='word_1_661' title='bbox 2371 4440 2427 4491; x_wconf 88' lang='lat' dir='ltr'>et</span> <span class='ocrx_word' id='word_1_662' title='bbox 2456 4438 2758 4507; x_wconf 73' lang='lat' dir='ltr'>quaestore</span> <span class='ocrx_word' id='word_1_663' title='bbox 2797 4432 3050 4503; x_wconf 82' lang='lat' dir='ltr'>Georgio</span> <span class='ocrx_word' id='word_1_664' title='bbox 3098 4433 3431 4501; x_wconf 85' lang='lat' dir='ltr'>Mangane;</span> <span class='ocrx_word' id='word_1_665' title='bbox 3465 4445 3693 4502; x_wconf 82' lang='lat' dir='ltr'>magno</span> 
     </span>
    </p>
   </div>
   <div class='ocr_carea' id='block_1_102' title="bbox 2031 4519 3696 4583">
    <p class='ocr_par' dir='ltr' id='par_1_102' title="bbox 2031 4519 3696 4583">
     <span class='ocr_line' id='line_1_102' title="bbox 2031 4519 3696 4583; baseline -0.005 -1"><span class='ocrx_word' id='word_1_666' title='bbox 2031 4530 2092 4583; x_wconf 90' lang='lat' dir='ltr'>et</span> <span class='ocrx_word' id='word_1_667' title='bbox 2130 4524 2531 4581; x_wconf 87' lang='lat' dir='ltr'>illustrissimo</span> <span class='ocrx_word' id='word_1_668' title='bbox 2588 4520 2928 4579; x_wconf 70' lang='lat' dir='ltr'>dicaaodota</span> <span class='ocrx_word' id='word_1_669' title='bbox 2975 4536 3177 4577; x_wconf 86' lang='lat' dir='ltr'>rerum</span> <span class='ocrx_word' id='word_1_670' title='bbox 3222 4519 3696 4576; x_wconf 86' lang='lat' dir='ltr'>domesticarum</span> 
     </span>
    </p>
   </div>
   <div class='ocr_carea' id='block_1_103' title="bbox 2031 4606 3694 4684">
    <p class='ocr_par' dir='ltr' id='par_1_103' title="bbox 2031 4606 3694 4684">
     <span class='ocr_line' id='line_1_103' title="bbox 2031 4606 3694 4684; baseline -0.004 -12"><span class='ocrx_word' id='word_1_671' title='bbox 2031 4612 2342 4673; x_wconf 86' lang='lat' dir='ltr'>Theodoro</span> <span class='ocrx_word' id='word_1_672' title='bbox 2396 4611 2774 4680; x_wconf 87' lang='lat' dir='ltr'>Pantechne;</span> <span class='ocrx_word' id='word_1_673' title='bbox 2839 4608 3373 4684; x_wconf 87' lang='lat' dir='ltr'>protocuropalata</span> <span class='ocrx_word' id='word_1_674' title='bbox 3440 4606 3694 4678; x_wconf 81' lang='lat' dir='ltr'>Georgio</span> 
     </span>
    </p>
   </div>
   <div class='ocr_carea' id='block_1_104' title="bbox 2035 4699 3692 4778">
    <p class='ocr_par' dir='ltr' id='par_1_104' title="bbox 2035 4699 3692 4778">
     <span class='ocr_line' id='line_1_104' title="bbox 2035 4699 3692 4778; baseline -0.006 -14"><span class='ocrx_word' id='word_1_675' title='bbox 2035 4704 2328 4778; x_wconf 85' lang='lat' dir='ltr'>Scylitze;</span> <span class='ocrx_word' id='word_1_676' title='bbox 2400 4699 2935 4777; x_wconf 87' lang='lat' dir='ltr'>protocuropalata</span> <span class='ocrx_word' id='word_1_677' title='bbox 2999 4705 3058 4757; x_wconf 89' lang='lat' dir='ltr'>et</span> <span class='ocrx_word' id='word_1_678' title='bbox 3113 4699 3485 4773; x_wconf 87' lang='lat' dir='ltr'>judiciorum</span> <span class='ocrx_word' id='word_1_679' title='bbox 3540 4713 3692 4771; x_wconf 73' lang='lat' dir='ltr'>prae-</span> 
     </span>
    </p>
   </div>
   <div class='ocr_carea' id='block_1_105' title="bbox 2033 4786 3693 4863">
    <p class='ocr_par' dir='ltr' id='par_1_105' title="bbox 2033 4786 3693 4863">
     <span class='ocr_line' id='line_1_105' title="bbox 2033 4786 3693 4863; baseline -0.006 -11"><span class='ocrx_word' id='word_1_680' title='bbox 2033 4794 2161 4851; x_wconf 89' lang='lat' dir='ltr'>side</span> <span class='ocrx_word' id='word_1_681' title='bbox 2213 4796 2443 4851; x_wconf 83' lang='lat' dir='ltr'>Joanne</span> <span class='ocrx_word' id='word_1_682' title='bbox 2494 4790 2828 4858; x_wconf 86' lang='lat' dir='ltr'>Carianita;</span> <span class='ocrx_word' id='word_1_683' title='bbox 2867 4788 3238 4863; x_wconf 86' lang='lat' dir='ltr'>curopalatis</span> <span class='ocrx_word' id='word_1_684' title='bbox 3292 4791 3348 4845; x_wconf 87' lang='lat' dir='ltr'>et</span> <span class='ocrx_word' id='word_1_685' title='bbox 3382 4786 3693 4860; x_wconf 88' lang='lat' dir='ltr'>judicibus</span> 
     </span>
    </p>
   </div>
   <div class='ocr_carea' id='block_1_106' title="bbox 2031 4873 3695 4957">
    <p class='ocr_par' dir='ltr' id='par_1_106' title="bbox 2031 4873 3695 4957">
     <span class='ocr_line' id='line_1_106' title="bbox 2031 4873 3695 4957; baseline -0.005 -16"><span class='ocrx_word' id='word_1_686' title='bbox 2031 4884 2155 4941; x_wconf 89' lang='lat' dir='ltr'>Beli</span> <span class='ocrx_word' id='word_1_687' title='bbox 2198 4889 2257 4941; x_wconf 89' lang='lat' dir='ltr'>et</span> <span class='ocrx_word' id='word_1_688' title='bbox 2302 4880 2690 4957; x_wconf 87' lang='lat' dir='ltr'>hippodromi</span> <span class='ocrx_word' id='word_1_689' title='bbox 2737 4879 3100 4953; x_wconf 70' lang='lat' dir='ltr'>praesidibus</span> <span class='ocrx_word' id='word_1_690' title='bbox 3139 4877 3389 4947; x_wconf 80' lang='lat' dir='ltr'>Georgio</span> <span class='ocrx_word' id='word_1_691' title='bbox 3429 4873 3695 4949; x_wconf 84' lang='lat' dir='ltr'>Splenia—</span> 
     </span>
    </p>
   </div>
   <div class='ocr_carea' id='block_1_107' title="bbox 2030 4964 3693 5041">
    <p class='ocr_par' dir='ltr' id='par_1_107' title="bbox 2030 4964 3693 5041">
     <span class='ocr_line' id='line_1_107' title="bbox 2030 4964 3693 5041; baseline -0.007 -9"><span class='ocrx_word' id='word_1_692' title='bbox 2030 4975 2122 5032; x_wconf 91' lang='lat' dir='ltr'>rio</span> <span class='ocrx_word' id='word_1_693' title='bbox 2166 4978 2224 5031; x_wconf 93' lang='lat' dir='ltr'>et</span> <span class='ocrx_word' id='word_1_694' title='bbox 2276 4969 2665 5030; x_wconf 88' lang='lat' dir='ltr'>Constantino</span> <span class='ocrx_word' id='word_1_695' title='bbox 2719 4969 3035 5041; x_wconf 79' lang='lat' dir='ltr'>Mesarita;</span> <span class='ocrx_word' id='word_1_696' title='bbox 3101 4966 3413 5040; x_wconf 87' lang='lat' dir='ltr'>judicibus</span> <span class='ocrx_word' id='word_1_697' title='bbox 3466 4964 3584 5021; x_wconf 89' lang='lat' dir='ltr'>Beli</span> <span class='ocrx_word' id='word_1_698' title='bbox 3632 4965 3693 5021; x_wconf 84' lang='lat' dir='ltr'>et</span> 
     </span>
    </p>
   </div>
   <div class='ocr_carea' id='block_1_108' title="bbox 2030 5052 3693 5140">
    <p class='ocr_par' dir='ltr' id='par_1_108' title="bbox 2030 5052 3693 5140">
     <span class='ocr_line' id='line_1_108' title="bbox 2030 5052 3693 5140; baseline -0.008 -18"><span class='ocrx_word' id='word_1_699' title='bbox 2030 5061 2423 5140; x_wconf 88' lang='lat' dir='ltr'>hippodromi</span> <span class='ocrx_word' id='word_1_700' title='bbox 2486 5058 2851 5134; x_wconf 82' lang='lat' dir='ltr'>praesidibus</span> <span class='ocrx_word' id='word_1_701' title='bbox 2917 5056 3147 5115; x_wconf 87' lang='lat' dir='ltr'>Thoma</span> <span class='ocrx_word' id='word_1_702' title='bbox 3210 5052 3569 5128; x_wconf 86' lang='lat' dir='ltr'>Hapluchire</span> <span class='ocrx_word' id='word_1_703' title='bbox 3631 5056 3693 5110; x_wconf 88' lang='lat' dir='ltr'>et</span> 
     </span>
    </p>
   </div>
   <div class='ocr_carea' id='block_1_109' title="bbox 2034 5151 2696 5213">
    <p class='ocr_par' dir='ltr' id='par_1_109' title="bbox 2034 5151 2696 5213">
     <span class='ocr_line' id='line_1_109' title="bbox 2034 5151 2696 5213; baseline -0.009 0"><span class='ocrx_word' id='word_1_704' title='bbox 2034 5158 2229 5213; x_wconf 90' lang='lat' dir='ltr'>Leone</span> <span class='ocrx_word' id='word_1_705' title='bbox 2249 5151 2696 5210; x_wconf 85' lang='lat' dir='ltr'>Monasteriota.</span> 
     </span>
    </p>
   </div>
   <div class='ocr_carea' id='block_1_110' title="bbox 308 5237 3689 5321">
    <p class='ocr_par' dir='ltr' id='par_1_110' title="bbox 308 5237 3689 5321">
     <span class='ocr_line' id='line_1_110' title="bbox 308 5237 3689 5321; baseline -0.006 -18"><span class='ocrx_word' id='word_1_706' title='bbox 308 5269 407 5305; x_wconf 88' lang='grc' dir='ltr'>του</span> <span class='ocrx_word' id='word_1_707' title='bbox 495 5252 586 5302; x_wconf 77' lang='grc' dir='ltr'>καὶ</span> <span class='ocrx_word' id='word_1_708' title='bbox 658 5246 747 5301; x_wconf 68' lang='grc' dir='ltr'>ἐπὶ</span> <span class='ocrx_word' id='word_1_709' title='bbox 827 5252 930 5299; x_wconf 86' lang='grc' dir='ltr'>τῶν</span> <span class='ocrx_word' id='word_1_710' title='bbox 1010 5244 1281 5299; x_wconf 85' lang='grc' dir='ltr'>οἰκειακῶν</span> <span class='ocrx_word' id='word_1_711' title='bbox 1348 5241 1628 5321; x_wconf 81' lang='grc' dir='ltr'>Θεοδώρου</span> <span class='ocrx_word' id='word_1_712' title='bbox 1704 5253 1799 5298; x_wconf 89' lang='grc' dir='ltr'>τοῦ</span> <span class='ocrx_word' id='word_1_713' title='bbox 1870 5250 2140 5319; x_wconf 84' lang='grc' dir='ltr'>Παντεχνῆ</span> <span class='ocrx_word' id='word_1_714' title='bbox 2168 5264 2182 5280; x_wconf 81' lang='grc' dir='ltr'><strong><em>ο</em></strong></span> <span class='ocrx_word' id='word_1_715' title='bbox 2250 5250 2343 5296; x_wconf 84' lang='grc' dir='ltr'>τοῦ</span> <span class='ocrx_word' id='word_1_716' title='bbox 2410 5237 2983 5319; x_wconf 84' lang='grc' dir='ltr'>πρωτοκουροπαλάτου</span> <span class='ocrx_word' id='word_1_717' title='bbox 3050 5238 3307 5311; x_wconf 85' lang='grc' dir='ltr'>Γεωργίου</span> <span class='ocrx_word' id='word_1_718' title='bbox 3375 5239 3471 5286; x_wconf 88' lang='grc' dir='ltr'>τοῦ</span> <span class='ocrx_word' id='word_1_719' title='bbox 3551 5239 3689 5286; x_wconf 77' lang='grc' dir='ltr'>Σκυ-</span> 
     </span>
    </p>
   </div>
   <div class='ocr_carea' id='block_1_111' title="bbox 307 5338 514 5405">
    <p class='ocr_par' dir='ltr' id='par_1_111' title="bbox 307 5338 514 5405">
     <span class='ocr_line' id='line_1_111' title="bbox 307 5338 514 5405; baseline -0.01 -11"><span class='ocrx_word' id='word_1_720' title='bbox 307 5338 464 5405; x_wconf 74' lang='grc' dir='ltr'>λίτζη</span> <span class='ocrx_word' id='word_1_721' title='bbox 498 5357 514 5373; x_wconf 68' lang='grc'><strong><em>³</em></strong></span> 
     </span>
    </p>
   </div>
   <div class='ocr_carea' id='block_1_112' title="bbox 605 5321 3694 5411">
    <p class='ocr_par' dir='ltr' id='par_1_112' title="bbox 605 5321 3694 5411">
     <span class='ocr_line' id='line_1_112' title="bbox 605 5321 3694 5411; baseline -0.006 -19"><span class='ocrx_word' id='word_1_722' title='bbox 605 5344 701 5392; x_wconf 87' lang='grc' dir='ltr'>τοῦ</span> <span class='ocrx_word' id='word_1_723' title='bbox 793 5334 1369 5411; x_wconf 85' lang='grc' dir='ltr'>πρωτοκουροπαλάτου</span> <span class='ocrx_word' id='word_1_724' title='bbox 1436 5340 1526 5389; x_wconf 79' lang='grc' dir='ltr'>καὶ</span> <span class='ocrx_word' id='word_1_725' title='bbox 1590 5334 1674 5391; x_wconf 74' lang='grc' dir='ltr'>ἕπὶ</span> <span class='ocrx_word' id='word_1_726' title='bbox 1741 5343 1843 5390; x_wconf 78' lang='grc' dir='ltr'>τῶν</span> <span class='ocrx_word' id='word_1_727' title='bbox 1924 5341 2145 5411; x_wconf 81' lang='grc' dir='ltr'>κρίσεων</span> <span class='ocrx_word' id='word_1_728' title='bbox 2200 5334 2441 5389; x_wconf 81' lang='grc' dir='ltr'>Ἰωάννου</span> <span class='ocrx_word' id='word_1_729' title='bbox 2509 5339 2602 5385; x_wconf 86' lang='grc' dir='ltr'>τοῦ</span> <span class='ocrx_word' id='word_1_730' title='bbox 2689 5332 3002 5405; x_wconf 77' lang='grc' dir='ltr'>Καριανίτου</span> <span class='ocrx_word' id='word_1_731' title='bbox 3032 5343 3045 5356; x_wconf 88' lang='grc'><strong>·</strong></span> <span class='ocrx_word' id='word_1_732' title='bbox 3122 5332 3225 5378; x_wconf 82' lang='grc' dir='ltr'>τῶν</span> <span class='ocrx_word' id='word_1_733' title='bbox 3289 5321 3694 5400; x_wconf 79' lang='grc' dir='ltr'>κουροπαλατῶν</span> 
     </span>
    </p>
   </div>
   <div class='ocr_carea' id='block_1_113' title="bbox 310 5418 3694 5506">
    <p class='ocr_par' dir='ltr' id='par_1_113' title="bbox 310 5418 3694 5506">
     <span class='ocr_line' id='line_1_113' title="bbox 310 5418 3694 5506; baseline -0.006 -22"><span class='ocrx_word' id='word_1_734' title='bbox 310 5435 403 5485; x_wconf 77' lang='grc' dir='ltr'>καὶ</span> <span class='ocrx_word' id='word_1_735' title='bbox 444 5436 635 5506; x_wconf 83' lang='grc' dir='ltr'>κριτῶν</span> <span class='ocrx_word' id='word_1_736' title='bbox 690 5436 785 5482; x_wconf 85' lang='grc' dir='ltr'>τοῦ</span> <span class='ocrx_word' id='word_1_737' title='bbox 830 5425 997 5487; x_wconf 78' lang='grc' dir='ltr'>Βήλου</span> <span class='ocrx_word' id='word_1_738' title='bbox 1054 5429 1147 5480; x_wconf 84' lang='grc' dir='ltr'>κα).</span> <span class='ocrx_word' id='word_1_739' title='bbox 1185 5424 1270 5481; x_wconf 70' lang='grc' dir='ltr'>ἐπὶ</span> <span class='ocrx_word' id='word_1_740' title='bbox 1314 5422 1408 5481; x_wconf 78' lang='grc' dir='ltr'>τοῦ</span> <span class='ocrx_word' id='word_1_741' title='bbox 1454 5421 1787 5505; x_wconf 79' lang='grc' dir='ltr'>ἱπποδρόμου</span> <span class='ocrx_word' id='word_1_742' title='bbox 1836 5430 2096 5504; x_wconf 69' lang='grc' dir='ltr'>Γοωργίου</span> <span class='ocrx_word' id='word_1_743' title='bbox 2143 5431 2237 5478; x_wconf 90' lang='grc' dir='ltr'>τοῦ</span> <span class='ocrx_word' id='word_1_744' title='bbox 2293 5421 2661 5496; x_wconf 83' lang='grc' dir='ltr'>Σπληνιαρίου,</span> <span class='ocrx_word' id='word_1_745' title='bbox 2716 5423 2807 5472; x_wconf 79' lang='grc' dir='ltr'>καὶ</span> <span class='ocrx_word' id='word_1_746' title='bbox 2865 5418 3257 5472; x_wconf 69' lang='grc' dir='ltr'>Κωνσταντίνου</span> <span class='ocrx_word' id='word_1_747' title='bbox 3319 5420 3413 5468; x_wconf 86' lang='grc' dir='ltr'>τοῦ</span> <span class='ocrx_word' id='word_1_748' title='bbox 3459 5419 3694 5486; x_wconf 60' lang='lat' dir='ltr'>Menapi-</span> 
     </span>
    </p>
   </div>
   <div class='ocr_carea' id='block_1_114' title="bbox 311 5508 3695 5595">
    <p class='ocr_par' dir='ltr' id='par_1_114' title="bbox 311 5508 3695 5595">
     <span class='ocr_line' id='line_1_114' title="bbox 311 5508 3695 5595; baseline -0.005 -21"><span class='ocrx_word' id='word_1_749' title='bbox 311 5539 405 5576; x_wconf 88' lang='grc' dir='ltr'>του</span> <span class='ocrx_word' id='word_1_750' title='bbox 430 5542 442 5556; x_wconf 85' lang='lat'><strong>-</strong></span> <span class='ocrx_word' id='word_1_751' title='bbox 510 5529 612 5575; x_wconf 83' lang='grc' dir='ltr'>τῶν</span> <span class='ocrx_word' id='word_1_752' title='bbox 659 5524 858 5594; x_wconf 81' lang='grc' dir='ltr'>κριτῶν</span> <span class='ocrx_word' id='word_1_753' title='bbox 905 5521 995 5572; x_wconf 82' lang='grc' dir='ltr'>τοῦ</span> <span class='ocrx_word' id='word_1_754' title='bbox 1052 5514 1217 5577; x_wconf 79' lang='grc' dir='ltr'>Βήλου</span> <span class='ocrx_word' id='word_1_755' title='bbox 1273 5519 1366 5572; x_wconf 81' lang='grc' dir='ltr'>καὶ</span> <span class='ocrx_word' id='word_1_756' title='bbox 1424 5513 1510 5571; x_wconf 71' lang='grc' dir='ltr'>ίπὶ</span> <span class='ocrx_word' id='word_1_757' title='bbox 1585 5520 1677 5573; x_wconf 84' lang='grc' dir='ltr'>τοῦ</span> <span class='ocrx_word' id='word_1_758' title='bbox 1736 5510 2069 5595; x_wconf 72' lang='grc' dir='ltr'>ἱπποδρόμου</span> <span class='ocrx_word' id='word_1_759' title='bbox 2132 5518 2301 5590; x_wconf 78' lang='grc' dir='ltr'>θωμᾶ</span> <span class='ocrx_word' id='word_1_760' title='bbox 2342 5518 2435 5565; x_wconf 86' lang='grc' dir='ltr'>τοῦ</span> <span class='ocrx_word' id='word_1_761' title='bbox 2493 5508 2867 5584; x_wconf 80' lang='grc' dir='ltr'>’Δπλούχειρος</span> <span class='ocrx_word' id='word_1_762' title='bbox 2910 5510 3003 5562; x_wconf 82' lang='grc' dir='ltr'>καὶ</span> <span class='ocrx_word' id='word_1_763' title='bbox 3054 5509 3275 5570; x_wconf 75' lang='grc' dir='ltr'>Λέοντος</span> <span class='ocrx_word' id='word_1_764' title='bbox 3327 5511 3422 5560; x_wconf 83' lang='grc' dir='ltr'>τοῦ</span> <span class='ocrx_word' id='word_1_765' title='bbox 3476 5508 3695 5559; x_wconf 81' lang='grc' dir='ltr'>Μονασ-</span> 
     </span>
    </p>
   </div>
   <div class='ocr_carea' id='block_1_115' title="bbox 309 5614 586 5689">
    <p class='ocr_par' dir='ltr' id='par_1_115' title="bbox 309 5614 586 5689">
     <span class='ocr_line' id='line_1_115' title="bbox 309 5614 586 5689; baseline 0.014 -24"><span class='ocrx_word' id='word_1_766' title='bbox 309 5614 586 5689; x_wconf 77' lang='grc' dir='ltr'>τηριώτου.</span> 
     </span>
    </p>
   </div>
  </div>
