4148 6418
470 345 579 400 255

1811 334 2086 397 NICET/E
2128 335 2501 397 CHONIATIE

3736 336 3848 390 256

544 470 599 521 2.
662 464 1010 523 Astantibus
1075 467 1256 525 etiam
1327 467 1753 526 sacratissimis
1805 462 2124 537 episcopis,

2311 462 2381 537 β’.
2435 474 2830 543 Περισταμενων
2888 467 2978 516 καὶ
3037 461 3327 536 ἱερωτάτων
3384 456 3694 533 ἀρχιερέων,
3750 465 3852 510 τοῦ

475 554 771 613 Heracleae
830 556 1149 626 Michaele,
1201 558 1385 630 Cyzici
1437 558 1656 614 Basilio
1687 602 1700 626 ,
1769 550 2128 611 Nicomediae

476 642 776 709 Michaele,
827 648 1099 701 Amasene
1139 647 1358 711 Niceta,
1401 646 1694 704 Melitenes
1735 643 1951 709 Niceta,
1982 644 2132 697 Gan-

477 746 723 803 grorum
776 734 1006 790 Joanne
1035 779 1051 805 ,
1118 738 1419 809 Myrorum
1489 733 1948 806 Christophoro,
2018 733 2133 786 Co-

476 820 659 878 rinthi
724 821 1037 879 Theodoro
1069 868 1085 895 ,
1153 825 1520 882 Athenarum
1582 822 1866 895 Nicolao,
1916 819 2135 878 Mocesi

481 911 661 979 Luca,
713 912 895 968 Crete
939 914 1191 981 Joanne,
1242 914 1626 988 Trapezuntis
1676 909 1977 977 Michaele,
2034 912 2134 966 La-

2238 558 2543 634 Ἡρακλείας
2571 559 2814 632 Μιχαὴλ,
2848 566 2940 612 τοῦ
2973 560 3204 620 Κυζίκου
3234 554 3525 627 Βασιλείου,
3558 562 3651 607 τοῦ
3687 560 3852 607 Νικο-

2240 645 2357 722 μηδ
2360 654 2469 711 είας
2499 650 2736 723 Μιχαὴλ,
2764 656 2857 703 τού
2875 648 3158 720 ’Δμασείας
3183 650 3410 708 Νικήτα,
3437 651 3529 697 τοῦ
3551 643 3854 705 Μελιτηνῆς

2240 744 2288 791 Ν
2293 742 2471 806 ικήτα,
2498 748 2591 792 του
2621 746 2871 814 Γαγγρῶν
2899 737 3156 803 Ἰωάννου,
3185 742 3277 788 τοῦ
3329 736 3520 807 Μύρων
3545 737 3855 806 Χριστοφό·

2240 845 2356 901 ρου,
2390 834 2481 880 τοῦ
2514 829 2767 902 Κορίνθου
2817 822 3118 902 Θεοδώρου,
3162 830 3255 876 τοῦ
3281 823 3512 881 Ἀθηνῶν
3560 820 3851 891 Νικολάου,

2244 924 2337 969 τοῦ
2368 924 2634 976 Μωκησοῦ
2660 922 2861 987 Λουκᾶ,
2892 923 2985 969 τοῦ
3012 919 3223 990 Κρήτης
3249 913 3506 984 Ἰωάννου,
3531 919 3620 965 τοῦ
3649 917 3858 988 Τραπε-

479 999 646 1056 rissae
719 1001 946 1058 Joanne
978 1045 993 1066 ,
1066 1003 1549 1076 Philippopoleos
1628 1002 1838 1058 Basilio
1871 1042 1885 1067 ,
1945 998 2137 1056 Rhodi

481 1089 1125 1162 Leone,Philipporum
1157 1095 1407 1163 Joanne,
1428 1090 1936 1164 Hadrianopoleos
1966 1091 2139 1146 Geor-

485 1177 604 1248 gio,
670 1178 971 1251 Milylenes
1020 1183 1231 1252 Potho,
1299 1184 1727 1254 NeOpatrarum
1796 1177 2135 1250 Euthymio,

484 1268 909 1326 Euchaitarum
967 1272 1398 1340 Constantino,
1451 1269 1807 1328 Amastridis
1869 1271 2135 1336 Joanne,

482 1357 820 1413 Thebarum
887 1361 1138 1430 Joanne,
1185 1363 1492 1417 Serrarum
1570 1358 1882 1415 Theodoro
1917 1400 1930 1423 ,
2007 1356 2139 1412 Aini

484 1445 733 1509 Joanne,
800 1446 1039 1502 Dristrae
1106 1450 1319 1515 Leone,
1385 1451 1659 1520 Corcyra:
1723 1444 2137 1512 Constantino,

483 1533 679 1604 Abydi
713 1534 1013 1605 Michaele,
1060 1537 1418 1609 Mctlnymnaa
1468 1537 1731 1601 Nicolao,
1766 1535 2140 1591 Lacedaemo-

482 1639 595 1679 niae
626 1623 849 1692 Niceta,
884 1625 1055 1682 Mileti
1113 1627 1330 1683 Niceta,
1368 1629 1661 1683 Maroneae
1710 1626 1927 1693 Niceta,
1966 1628 2143 1680 Arca-

2253 1629 2458 1702 κολάου,
2493 1638 2586 1684 τοῦ
2639 1627 3067 1704 Λακεδαιμονίοις
3094 1635 3320 1695 Νικήτα,
3351 1636 3441 1682 τοῦ
3494 1627 3731 1685 Μιλήτου
3762 1633 3863 1681 Νι-

482 1711 793 1784 diopoleos
825 1715 1238 1785 Constantino,
1272 1716 1428 1772 Parii
1466 1714 1728 1785 Nicolao,
1766 1711 2142 1770 Proeconnesi

2253 1728 2404 1791 κήτα,
2456 1727 2548 1772 τοῦ
2601 1724 2905 1793 Μαρωνείας
2948 1725 3175 1783 Νικήτα,
3223 1724 3316 1771 τοῦ
3369 1712 3860 1791 Ἀρκαδιουπόλεως

482 1801 731 1868 Isaacio,
764 1803 1041 1875 Selybriaa
1057 1805 1380 1877 Theodulo,
1408 1804 1575 1860 Derci
1598 1807 1850 1875 Joanne,
1871 1800 2141 1859 Anchiali

2253 1814 2664 1880 Κωνσταντίνου,
2713 1817 2805 1862 τοῦ
2855 1814 3053 1882 Παρίου
3100 1806 3382 1877 Νικολάου,
3415 1813 3507 1859 τοῦ
3538 1809 3857 1879 Προικοννή-

484 1890 810 1963 Stephano.

2248 1005 2456 1067 ξοῦντος
2494 1006 2738 1080 Μιχαὴλ,
2784 1013 2876 1060 τοῦ
2921 1010 3195 1081 Λαρίσσης
3233 1003 3493 1071 Ἰωάννου,
3538 1008 3631 1054 τοῦ
3668 1000 3856 1055 Φιλιπ-

2247 1096 2539 1156 πουπόλεως
2564 1096 2851 1163 Βασιλείου,
2874 1104 2966 1148 τοῦ
2990 1090 3174 1148 Ῥόδου
3197 1097 3438 1158 Λέοντος,
3467 1098 3559 1145 τοῦ
3582 1091 3856 1145 Φιλίππων

2253 1184 2507 1256 Ἰωάννου,
2537 1184 2628 1239 τοῦ
2662 1187 2715 1239 Ἀ
2725 1183 2759 1239 δ
2761 1206 2791 1260 ρ
2799 1184 3137 1246 ιανουπόλεως
3152 1188 3393 1246 Λέοντος,
3413 1190 3504 1236 τοῦ
3523 1180 3824 1257 Ἰεραπόλεω
3835 1201 3859 1242 ς

2248 1279 2530 1347 Γεωργίου,
2586 1282 2678 1327 τοῦ
2726 1274 3029 1336 Μιτυλήνης
3077 1274 3271 1342 Πόθου,
3322 1278 3415 1324 τοῦ
3466 1276 3607 1325 Νέων
3638 1278 3859 1343 Πατρῶν

2252 1363 2539 1435 Εὑθυμίου,
2572 1372 2663 1416 τοῦ
2693 1363 2967 1436 Εύχαῖτων
3003 1365 3416 1428 Κωνσταντίνου,
3443 1368 3537 1413 τοῦ
3567 1359 3863 1432 Ἀμὰστριο

2253 1450 2340 1513 δος
2390 1453 2647 1522 Ἰωάννου,
2703 1461 2795 1506 τοῦ
2848 1457 3109 1528 Δρίστρας
3146 1456 3381 1523 Λέοντος,
3436 1456 3530 1502 τοῦ
3590 1451 3865 1525 Κερκύρας

2253 1547 2665 1612 Κωνσταντίνου,
2694 1550 2786 1596 τοῦ
2805 1538 3033 1597 Ἀϐύδου
3066 1539 3308 1614 Μιχαὴλ,
3337 1546 3429 1592 τοῦ
3458 1539 3734 1610 Μεθύμνης
3752 1543 3862 1590 Νι-

2251 1915 2345 1949 σου
2378 1897 2669 1965 Ἰσαακίου,
2694 1906 2786 1950 τοῦ
2848 1896 3131 1972 Σηλυϐρίας
3183 1892 3502 1962 Θεοδούλου,
3542 1901 3635 1947 τοῦ
3662 1897 3855 1969 Δέρκου

2250 1985 2507 2053 Ἰωάννου,
2534 1991 2625 2040 καὶ
2652 1994 2742 2039 τοῦ
2775 1985 3065 2059 Ἀγχιάλου
3095 1986 3368 2058 Στεφάνου.

557 2141 611 2195 3.
652 2138 1004 2196 Astantibus
1050 2140 1231 2197 etiam
1265 2140 1364 2197 Dei
1402 2139 1833 2197 amantissimis
1872 2138 2137 2195 dominis

422 2280 435 2289 ,
487 2227 843 2300 praepositis,
903 2231 1405 2287 reverendissimo
1449 2235 1505 2287 et
1558 2245 1783 2301 magno
1822 2245 2139 2285 oeconomo

486 2315 712 2386 Alexio,
746 2333 972 2390 magno
999 2318 1437 2391 scevophylace
1474 2321 1722 2384 Joanne,
1772 2334 1999 2389 magno
2049 2334 2140 2374 sa-

488 2405 729 2462 cellario
758 2409 1081 2481 Stephano,
1123 2408 1592 2482 chartOphylace
1612 2410 1856 2471 Joanne.
1888 2407 2139 2464 canstri-

490 2495 581 2551 sio
614 2497 911 2568 Samuele,
942 2497 1347 2554 referendario
1375 2498 1674 2565 Michaele,
1699 2513 1734 2553 a
1776 2501 2143 2553 commenta-

487 2584 589 2640 riis
621 2587 1033 2654 Constantino,
1062 2587 1556 2644 hieromnemone
1578 2587 1844 2656 Georgio,
1871 2586 2145 2643 ministro

490 2687 526 2729 a
556 2672 810 2745 genibus
843 2677 1251 2742 Constantino,
1279 2676 1565 2748 magistro
1589 2683 1931 2732 sanctorum
1956 2676 2147 2729 Evan-

490 2763 783 2835 geliorum
837 2765 1101 2833 Nicolao,
1152 2768 1447 2822 monitore
1479 2766 1895 2827 Constantino.
1943 2771 2144 2837 prolo-

490 2855 819 2927 praeposito
878 2854 1265 2911 ecclesiarum
1307 2855 1640 2920 Theodoro,
1674 2853 2146 2925 magistroBasi-

487 2943 588 3011 lio,
617 2950 673 3003 et
705 2940 973 3002 secundo
999 2946 1240 3002 ostiario
1273 2948 1541 3018 Myrone.

2318 2146 2390 2219 γ’.
2430 2151 2942 2221 Συμπαρισταμένων
2971 2151 3062 2200 καὶ
3094 2153 3194 2199 τῶν
3226 2144 3631 2219 θεοφιλεστάτων
3663 2139 3698 2196 δ
3702 2161 3857 2196 εσπο-

2248 2245 2404 2289 τικῶν
2428 2235 2715 2311 ἀρχόντων,
2749 2244 2839 2290 τοῦ
2869 2238 3155 2312 ὑπερτίμου
3193 2240 3285 2288 καὶ
3321 2233 3548 2308 μεγάλου
3578 2232 3859 2305 οἰκονόμου

2250 2325 2504 2394 Ἀλεξίου,
2534 2335 2624 2379 τού
2680 2325 2905 2399 μεγάλου
2947 2325 3331 2398 σκευοφύλακος
3356 2324 3614 2390 Ἰωάννου,
3646 2328 3740 2375 τοῦ
3769 2340 3862 2394 μεο

2249 2414 2412 2488 γάλου
2457 2416 2797 2492 σακελλαρίου
2831 2418 3105 2488 Στεφάνου,
3133 2422 3224 2467 τοῦ
3258 2412 3660 2487 χαρτοφύλακος
3688 2410 3865 2464 Ἰωάν-

2250 2525 2362 2571 νου,
2417 2513 2510 2557 τοῦ
2549 2509 2893 2578 κανστρισίου
2942 2504 3220 2577 Σαμουὴλ,
3276 2511 3378 2557 τοῶ
3425 2496 3865 2577 ῥαιφερενδαρίόυ

2252 2593 2496 2667 Μιχαὴλ,
2546 2603 2642 2647 ’τοῦ
2697 2594 3244 2668 ὑπομνηματογράφου
3299 2595 3716 2658 Κωνσταντίνου,
3770 2596 3865 2642 τοῦ

2256 2687 2622 2757 ἱερομνήμονος
2654 2687 2933 2759 Γεωργίου,
2966 2690 3058 2736 τοῦ
3085 2681 3164 2735 ἐπὶ
3194 2690 3295 2735 τῶν
3330 2683 3557 2753 γονάτων
3588 2686 3862 2733 Κώνσταν-

2253 2778 2418 2841 τίνου,
2450 2782 2540 2826 του
2569 2770 2903 2826 διδασκάλου
2927 2780 3026 2844 τῶν
3048 2772 3207 2844 ἁγίων
3228 2770 3557 2844 Εὐαγγελίων
3573 2768 3855 2837 Νικολάου,

2254 2871 2346 2915 τοῦ
2398 2865 2886 2936 ὑπομιμνήσκοντος
2946 2865 3363 2931 Κωνσταντίνου,
3395 2867 3488 2912 τοῦ
3524 2864 3728 2934 πρώτου
3759 2858 3855 2931 ἅρ-

2254 2972 2445 3026 χοντος
2483 2960 2582 3004 τῶν
2637 2951 2924 3005 ἐκκλησιῶν
2968 2947 3247 3025 Θεοδώρου
3293 2957 3386 3003 τοῦ
3428 2951 3729 3024 μαῖστώρος
3758 2955 3864 2999 τῶν

2253 3043 2488 3118 ῥητόρων
2534 3041 2828 3111 Βασιλείου,
2860 3046 2952 3095 καὶ
2989 3049 3081 3094 τοῦ
3140 3037 3386 3115 δευτέρου
3426 3038 3698 3111 ὀστιαριου
3747 3039 3867 3090 Μύ-

2177 3166 2218 3222 C
2253 3151 2429 3206 ρωνος.

562 3286 617 3343 4.
660 3283 932 3357 Majestas
964 3301 1101 3341 mea
1132 3284 1550 3358 subscriptura
1579 3283 1677 3341 die
1708 3282 1980 3340 secunda
2000 3298 2147 3357 prae-

494 3374 683 3432 sentis
713 3374 896 3431 Martii
935 3373 1175 3430 decreto
1202 3373 1443 3431 condito
1473 3378 1530 3429 et
1555 3372 1707 3429 lecto
1762 3373 1914 3429 circa
1967 3371 2149 3428 inter-

492 3464 890 3538 pretationem
922 3462 1253 3534 evangelici
1300 3462 1441 3519 dicti
1474 3480 1487 3518 :
1519 3463 1699 3520 Pater
1745 3478 1907 3520 meus
1951 3464 2149 3533 major

492 3570 584 3613 me
612 3560 713 3626 est,
754 3553 941 3612 voluit
985 3552 1487 3626 subscriptionem
1516 3568 1692 3609 suam
1729 3567 1853 3609 non
1885 3552 2014 3609 sine
2045 3550 2149 3609 ad-

493 3644 824 3703 ditamento
880 3658 1190 3718 peragere,
1254 3643 1423 3716 quod
1476 3641 1681 3716 palam
1740 3642 1962 3700 lectum
2017 3640 2146 3708 fuit,

495 3737 678 3807 atque
705 3734 788 3791 ita
812 3733 891 3791 ad
919 3733 1175 3791 litteram
1209 3748 1273 3789 se
1301 3732 1502 3790 habet.
1549 3734 1776 3805 Sequor
1822 3731 2149 3788 sententias

495 3823 1015 3881 sanctissimorum
1064 3821 1548 3897 patriarcharum
1576 3837 1884 3896 sacraeque
1911 3825 1968 3877 et
1991 3820 2149 3877 divm

497 3913 739 3986 synodi,
772 3914 991 3987 aioque
1019 3913 1214 3986 ipsam
1248 3912 1483 3970 Domini
1519 3927 1786 3977 carnem,
1811 3913 1867 3968 vi
1893 3909 2150 3982 conjun-

495 4004 706 4062 ctionis
734 4003 927 4077 ipsius
983 4003 1329 4069 exaltatam,
1355 4017 1663 4076 supraque
1692 4015 1939 4058 omnem
1962 3998 2153 4056 hono-

493 4109 623 4151 rem
653 4093 1008 4151 collocatam
1043 4093 1145 4165 (ita
1176 4097 1241 4149 ut
1292 4092 1407 4149 hoc
1437 4092 1657 4150 eximio
1684 4107 1845 4148 nexu
1874 4083 2154 4148 deiﬁcata

496 4186 594 4257 sit)
626 4182 1097 4250 immutabiliter,
1118 4183 1568 4251 invariabiliter,
1591 4181 1924 4250 inconfuse,
1950 4180 2153 4237 incon-

496 4273 862 4343 vertibiliter,
893 4273 1288 4346 hypostaticae
1319 4273 1758 4343 coniunctionis
1781 4271 1973 4343 gratia
1995 4270 2155 4326 inse-

496 4363 834 4439 parabilem
860 4362 1410 4438 indivisibilemque
1433 4370 1800 4421 manentem.
1814 4358 1996 4417 simul
2015 4374 2144 4415 cum

2263 4385 2416 4419 τασιν
2447 4365 2648 4431 ἕνωσιν,
2671 4368 2757 4417 καὶ
2783 4360 3090 4436 ἀχώριστος
3112 4368 3203 4416 καὶ
3233 4358 3601 4421 ἀδιάσπαστος
3640 4363 3873 4433 μένουσα

498 4458 847 4513 assumente
872 4454 1068 4528 ipsam
1101 4456 1220 4513 Deo
1252 4453 1464 4525 Verbo,
1511 4454 1642 4527 pari
1688 4453 1918 4508 honore
1958 4449 2071 4506 coli
2101 4455 2144 4506 el

2265 4462 2337 4527 τῷ
2367 4452 2771 4530 προσλαϐομένῳ
2815 4451 2975 4511 αὐτὴν
3003 4459 3117 4525 Θεῷ
3148 4456 3323 4525 Λόγῳ,
3355 4450 3598 4512 ἰσοκλεῶς
3626 4448 3768 4520 αύτῷ
3796 4466 3875 4501 τι-

499 4545 763 4614 adorari,
792 4546 975 4604 unica
1027 4546 1397 4616 adoratione,
1429 4545 1716 4618 regioque
1755 4548 1812 4601 et
1839 4542 2045 4600 divino
2093 4540 2144 4598 in

2263 4550 2429 4619 μᾶται
2456 4548 2547 4597 καὶ
2570 4549 2943 4617 προσκυνεῖται
2970 4548 3070 4616 μιᾷ
3104 4545 3486 4619 προσκυνήσει·
3517 4543 3609 4593 καὶ
3644 4546 3749 4600 τοῖς
3776 4535 3876 4611 βα-

501 4635 654 4694 solio
676 4637 753 4694 ad
775 4638 960 4695 Patris
980 4636 1293 4697 dexteram
1312 4634 1606 4701 residere;
1641 4638 1847 4707 utpote
1872 4649 2009 4706 quae
2032 4631 2144 4704 glo-

2267 4634 2490 4698 σιλικοῖς
2512 4637 2602 4687 καὶ
2633 4634 2790 4695 θείοις
2841 4627 3223 4707 ὶγκαθίδρυται
3263 4633 3448 4694 θώκοις
3480 4628 3534 4684 ἐκ
3564 4626 3748 4693 δεξιῶν
3779 4636 3876 4681 τοῦ

500 4727 692 4785 riosas
721 4727 1042 4787 divinitatis
1071 4727 1243 4786 dotes
1292 4725 1513 4798 adepta
1561 4728 1653 4781 est
1695 4722 1876 4779 salvis
1914 4726 2144 4781 natura-

2265 4727 2491 4801 Πατρός,
2521 4726 2586 4785 ὡς
2640 4724 2708 4778 τὰ
2757 4730 2855 4786 τῆς
2896 4723 3134 4784 θεότητος
3172 4722 3466 4795 αὐχήματα
3505 4718 3873 4778 καταπλουτή-

498 4835 634 4877 rum
665 4818 1152 4894 proprietatibus.

2268 4816 2431 4882 σὰσα,
2463 4816 2766 4888 σωζομένων
2796 4819 2896 4866 τῶν
2924 4808 3202 4872 ἰδίοτήτων
3230 4819 3331 4864 τῶν
3362 4814 3582 4885 φύσεων.

2330 3289 2376 3346 δ’
2406 3291 2466 3345 Ἦ
2501 3289 2751 3364 βασιλεία
2773 3308 2892 3359 μου,
2917 3287 3179 3363 μέλλουσα
3202 3287 3511 3362 ὑπογράψαι
3539 3285 3586 3340 ἓν
3624 3293 3698 3358 τῷ
3727 3288 3868 3339 κατὰ

2257 3385 2352 3440 τήν
2379 3378 2626 3457 δευτέραν
2655 3386 2749 3433 τοῦ
2774 3383 3031 3455 παρόντος
3058 3382 3297 3453 Μαρτίου
3333 3380 3492 3451 μηνός
3516 3379 3746 3450 γεγονότι
3775 3381 3870 3428 καὶ

2259 3470 2641 3544 ἆναγνωσθέντι
2674 3474 3004 3542 σημειώματι
3042 3468 3128 3521 ἐπὶ
3165 3474 3228 3540 τῇ
3263 3466 3507 3542 ἐρμηνειᾳ
3533 3473 3622 3518 τοῦ
3652 3464 3867 3537 εὐαγγε-

2256 3559 2406 3614 λικού
2462 3559 2627 3635 ῥητοῦ
2671 3566 2785 3629 τοῦ,
2828 3557 2888 3610 Ὀ
2938 3560 3120 3631 Πατὴρ
3168 3576 3268 3629 μου
3319 3556 3511 3629 μείζων
3557 3559 3658 3629 μού
3701 3552 3862 3621 ἔστιν,

2258 3649 2482 3709 ἠθέλησε
2562 3650 2693 3721 μετὰ
2752 3648 3063 3723 προσθήκης
3126 3647 3461 3705 ποιήσασθαι
3519 3650 3612 3705 τήν
3674 3641 3864 3697 οἰκείαν

2259 3740 2588 3813 ὑπογραφὴν,
2623 3737 2654 3796 ἢ
2709 3742 2800 3790 καὶ
2831 3735 3130 3809 ἀνεγνώσθη
3179 3734 3247 3797 εἰς
3276 3735 3519 3804 ἐπήκοον,
3549 3737 3755 3808 ἔχουσα
3781 3730 3869 3786 ἐπὶ

2257 3827 2436 3893 λέξεων
2495 3829 2686 3891 οὕτως·
2730 3834 2937 3899 Στοιχῶ
2984 3832 3097 3888 ταῖς
3146 3830 3377 3898 γνώμαις
3426 3833 3527 3878 τῶν
3564 3824 3869 3896 ἁγιωτάτων

2258 3925 2609 3994 πατριαρχῶν
2637 3920 2841 3977 καὶτῆς
2867 3917 3003 3990 ἱερᾶς
3027 3917 3118 3966 καὶ
3149 3915 3287 3975 θείας
3317 3908 3565 3982 συνόδου,
3595 3915 3683 3964 καὶ
3708 3910 3868 3983 λέγω,

2261 4010 2341 4062 ὅτι
2366 4008 2498 4065 αὕτη
2540 4007 2571 4065 ἠ
2603 4004 2737 4081 σὰρξ
2772 4012 2864 4058 τοῦ
2901 4008 3098 4078 Κυρίου
3129 4002 3184 4066 ἐξ
3233 4002 3398 4065 αὐτῆς
3427 4002 3650 4066 ἑνώσεως
3674 4001 3871 4073 ὑπερυ-

2259 4097 2500 4171 ψωθεῖσα
2522 4100 2614 4148 καὶ
2662 4093 2905 4147 ἀνωτάτω
2934 4096 3114 4155 πάσης
3144 4099 3302 4166 τιμῆς
3330 4093 3689 4167 ὑπερκειμένη,
3723 4093 3789 4151 ὡς
3819 4089 3874 4152 ἐξ

2262 4187 2424 4260 ἄκρας
2466 4185 2687 4245 ἱνὼσεως
2717 4184 2959 4257 όμόθετος
2995 4186 3264 4256 γενομένη,
3307 4179 3691 4255 ἀμεταϐλήτως,
3720 4176 3874 4232 ἀναλ-

2260 4274 2507 4342 λοιώτως,
2542 4272 2860 4345 ἀσυγχύτως
2887 4275 2978 4325 καὶ
3005 4270 3269 4348 ἀτρέπτοις
3311 4266 3406 4325 διὰ
3434 4274 3527 4330 τήν
3553 4269 3671 4323 καθ’
3701 4271 3870 4322 ύπόσ-

572 5022 624 5076 3.
666 5020 993 5092 Postquam
1038 5014 1218 5087 igitur
1247 5009 1561 5088 probabile
1610 5007 2007 5069 sanctissimis
2051 5027 2156 5087 pa-

500 5108 777 5167 triarchis
810 5121 1118 5179 sacraeque
1156 5108 1213 5162 et
1240 5103 1395 5160 divae
1424 5101 1663 5176 synodo
1700 5101 1898 5159 visum
1928 5102 2155 5159 esthoc

503 5198 1010 5261 additamentum,
1065 5195 1163 5252 cui
1212 5197 1269 5251 et
1322 5193 1438 5268 ipsi
1483 5191 1926 5264 consonabant,
1973 5198 2157 5268 prout

499 5286 780 5360 ipsaemet
809 5285 1119 5344 sententia:
1171 5284 1586 5343 demonstrant
1622 5300 1758 5358 quae
1802 5283 1865 5340 in
1917 5283 2156 5342 decreto

505 5376 743 5449 scriptae
774 5382 914 5433 sunt
944 5375 1072 5444 (etsi
1097 5390 1221 5432 non
1246 5375 1327 5434 ita
1362 5376 1479 5433 late
1509 5376 1570 5432 in
1610 5375 1682 5432 iis
1727 5375 1842 5432 hac
1882 5391 2066 5449 super
2091 5389 2157 5432 re

2339 5011 2392 5070 ε’.
2419 5009 2508 5075 Ὠς
2531 5012 2620 5067 οὖν
2642 5009 2832 5088 ἀρεστὴ
2854 5015 2965 5073 τοῖς
2989 5028 3044 5064 τε
3067 5007 3378 5083 ἁγιωτάτοις
3403 5007 3762 5084 πατριάρχαις
3783 5008 3878 5058 καὶ

2263 5110 2327 5176 τῇ
2364 5104 2477 5177 ἱερᾷ
2499 5106 2590 5156 καὶ
2619 5103 2732 5172 θείᾳ
2784 5095 2992 5172 συνόδῳ
3045 5095 3238 5171 ἔδοξεν,
3271 5099 3342 5161 ὡς
3370 5097 3505 5151 οὕτω
3550 5100 3642 5149 καὶ
3693 5093 3881 5157 αὐτοῖς

2265 5199 2536 5267 φρονοῦσι,
2566 5192 2739 5253 καθὼς
2756 5194 2847 5243 καὶ
2873 5187 2974 5243 ἀπὸ
2995 5197 3094 5243 τῶν
3119 5195 3335 5262 γνωμῶν
3363 5187 3529 5241 αὐτῶν
3551 5183 3876 5260 ἐμφαίνεται,

2263 5290 2362 5337 τῶν
2388 5280 2437 5334 ἰν
2467 5287 2540 5353 τῷ
2582 5277 2869 5341 δηλωθέντι
2896 5284 3228 5354 σημειώματι
3258 5276 3723 5353 ἀναγεγραμμένων
3755 5268 3876 5347 (κᾶν

2264 5378 2338 5449 μή
2369 5371 2685 5447 πλατύτερον
2705 5371 2771 5425 τὰ
2793 5373 2911 5446 περὶ
2934 5357 3121 5424 τούτου
3144 5367 3191 5423 ἓν
3223 5369 3405 5431 αὐταῖς
3432 5366 3654 5442 ἐγράφη,
3685 5361 3719 5418 δ
3725 5366 3781 5416 ιὰ
3816 5365 3876 5417 τό

505 5465 907 5538 perscriptum
945 5469 1059 5534 est,
1084 5466 1230 5539 quia
1256 5464 1331 5521 de
1378 5481 1451 5523 ea
1498 5465 1745 5523 minime
1773 5481 1972 5522 sermo
2003 5464 2153 5537 fuit),

506 5553 866 5643 subscripsit
895 5556 1184 5627 majestas
1228 5571 1365 5613 mea
1398 5572 1537 5613 cum
1560 5556 1677 5612 hoc
1703 5555 2147 5613 additamenta.

508 5645 645 5702 Erat
669 5649 873 5702 autem
896 5644 1211 5703 rubricatis
1238 5644 1444 5704 litteris
1476 5645 1582 5703 sic.

2265 5458 2405 5537 μηδέ
2433 5469 2667 5516 τοιοῦτον
2707 5460 2859 5533 λόγον
2889 5460 3255 5533 εἰσαχθῆναι),
3282 5457 3553 5531 ἀπεγράφη
3603 5457 3748 5532 παρὰ
3778 5461 3875 5516 τῆς

2267 5550 2543 5627 βασιλείας
2571 5571 2673 5625 μου
2705 5552 2838 5625 μετὰ
2864 5554 2951 5603 καὶ
2990 5558 3086 5612 τῆς
3113 5551 3359 5610 τοιαύτης
3392 5548 3693 5625 προσθήκης
3713 5561 3726 5575 °
3759 5539 3876 5616 εἶχε

2267 5638 2329 5696 δὲ
2355 5645 2446 5695 καὶ
2475 5636 2549 5696 δι’
2579 5640 2807 5718 ἐρυθρῶν
2836 5640 3177 5716 γραμμάτων.
