4148 6384
261 272 364 325 261

270 503 376 544 σας
405 481 706 558 ὑπέγραψα.

345 573 406 625 ’0
465 573 671 634 εὐτελὴς
747 571 1168 644 ἁρχιεπίσκοπος
1216 570 1435 632 Γοτθίας
1485 571 1718 632 Ἰωάννης
1770 570 1878 642 ὁρί-

276 683 379 725 σας
407 661 706 736 ὑπέγραψα.

350 753 411 806 Ὀ
443 753 636 814 εὐτελὴς
689 750 1104 825 ἀρχιεπίσκοπος
1162 748 1450 823 Ἀγχιάλου
1481 752 1725 822 Στέφανος
1768 750 1876 823 ὀρί-

276 864 381 906 σας
406 842 704 916 ὑπέγραψα.

349 933 408 984 Ὀ
489 930 684 990 εὐτελὴς
772 927 1159 1003 μητροπολίτης
1231 932 1640 1003 Νεοκαισαρείας
1711 931 1876 981 Βασί-

274 1022 433 1090 λειος,
484 1019 862 1092 ἀπαιτούμενος
915 1018 1015 1071 ἀπὸ
1068 1025 1161 1071 τοῦ
1215 1023 1498 1091 προσόντος
1547 1014 1758 1070 δικαίου
1809 1025 1872 1090 τῇ

272 1112 519 1184 λαχούσῃ
570 1131 633 1183 με
681 1111 947 1184 ἁγιωτάτῃ
985 1109 1269 1182 Ἐκκλησία
1329 1111 1519 1162 ἄνωθεν
1556 1117 1647 1162 τοῦ
1685 1112 1876 1182 Μύρων

257 1201 600 1275 ὑπογράψαι,
650 1197 747 1253 διὰ
792 1204 851 1254 τό
911 1198 1308 1259 συντελεσθῆναι
1362 1203 1452 1252 καὶ
1509 1201 1877 1274 ύπογραφῆναι

258 1296 350 1346 τὸν
406 1293 667 1344 θειότατον
714 1297 897 1342 τοῦτον
948 1294 1105 1362 τόμον
1153 1293 1254 1364 πρὸ
1306 1295 1399 1342 τοῦ
1445 1291 1876 1363 χειροτονηθῆναί

263 1401 346 1455 με,
381 1382 566 1455 ὁρίσας
600 1379 829 1432 ἐνταῦθα
867 1378 1170 1454 ὑπέγραψα.

334 1471 393 1522 '0
451 1469 658 1530 εὐτελὴς
711 1469 1104 1542 μητροπολίτης
1154 1469 1370 1523 Ἰκονίου
1420 1469 1662 1531 Ἰωάννης
1712 1467 1875 1521 ἀπαι-

263 1563 508 1631 τούμενος
555 1557 660 1610 ἀπὸ
700 1565 794 1610 τοῦ
831 1576 1119 1631 προσόντος
1150 1554 1361 1610 δικαίου
1413 1565 1476 1630 τῇ
1523 1557 1767 1631 λαχούσῃ
1815 1577 1877 1630 με

261 1649 539 1720 ἁγιωτάτῃ
596 1646 886 1719 Ἐκκλησία
941 1648 1133 1699 ἄνωθεν
1181 1654 1273 1700 τοῦ
1328 1649 1579 1720 Κορίνθου
1636 1647 1876 1721 ὑπογρά-

1599 263 1955 323 THESAURI
1991 262 2124 320 LIB.
2164 267 2313 323 XXV.

332 393 395 446 ’0
460 391 668 452 εὐτελὴς
730 388 1148 466 ἀρχιεπίσκοπος
1212 392 1402 464 Δέρκου
1464 391 1704 453 Ἰωάννης
1769 391 1877 465 ὀρί-
1908 391 1954 444 Α

3526 281 3632 339 262

2057 391 2305 446 Humi-lis
2331 394 2822 469 archiepiscopus
2851 397 3015 454 Derci
3043 401 3304 458 Joannes
3334 403 3630 461 definiens

1987 478 2337 554 subscripsi.

2057 568 2308 626 Humilis
2363 573 2850 650 archiepiscopus
2908 577 3130 634 Gothiae
3180 581 3438 638 Joannes
3480 583 3630 640 deﬂ-

1982 657 2155 713 niens
2185 659 2534 734 subscripsi.

2053 748 2306 804 Humilis
2357 752 2844 827 archiepiscopus
2871 755 3139 814 Anchiali
3161 761 3495 832 Stephanus
3527 763 3632 820 de-

1984 835 2200 893 ﬁniens
2226 839 2570 913 subscripsi.

2059 928 2312 986 Humilis
2356 933 2736 1006 metropolita
2765 938 3162 993 Neoctesareee
3210 941 3480 1010 Basilius,
3511 944 3632 1000 exi-

1986 1025 2160 1088 gente
2191 1020 2323 1090 jure
2378 1023 2779 1079 sanctissimre
2837 1025 3109 1082 Ecclesiae
3140 1044 3312 1096 meas,
3343 1035 3407 1086 ut
3463 1049 3636 1106 supe-

1981 1107 2106 1162 rius
2137 1117 2273 1164 ante
2303 1113 2636 1183 Myrensem
2669 1115 3131 1184 subscriberem,
3163 1119 3307 1190 quia
3336 1120 3432 1176 hic
3459 1137 3636 1179 vene-

1983 1197 2188 1252 rabilis
2221 1207 2420 1255 tomus
2481 1201 2790 1258 absolutus
2831 1203 2940 1259 fuit
2979 1205 3152 1277 eique
3201 1208 3631 1284 subscriptum,

1984 1291 2121 1342 ante
2178 1305 2363 1358 quam
2417 1305 2530 1357 ego
2595 1307 2979 1348 consecrarer
3024 1295 3364 1369 episcopus,
3413 1299 3634 1356 idcirco

1981 1376 2079 1432 hic
2098 1377 2393 1434 deﬁniens
2427 1379 2773 1453 subscripsi.

2058 1467 2308 1522 Humilis
2364 1470 2742 1542 metropolita
2795 1473 2970 1527 lconii
3023 1472 3305 1547 Joannes,
3363 1478 3636 1549 exigente

1980 1558 2114 1628 jure
2146 1559 2538 1614 sanctissima:
2573 1559 2844 1616 Ecclesiae
2876 1577 3048 1631 meae,
3077 1568 3141 1618 ut
3187 1567 3464 1637 superius
3495 1574 3633 1625 ante

1986 1649 2354 1703 Corinthium
2408 1649 2870 1719 subscriberem,
2929 1652 3074 1724 quia
3123 1653 3219 1709 hic
3275 1657 3632 1713 venerabilis

263 1738 392 1809 ψαι,
449 1734 543 1789 διὰ
612 1740 672 1789 τό
741 1735 1140 1794 συντελεσθῆναι
1207 1740 1298 1788 καὶ
1362 1737 1728 1811 ὑπογραφῆναι
1787 1739 1875 1788 τὸν

2001 1752 2185 1792 :omus
2238 1739 2552 1794 absolutus
2607 1739 2717 1795 fuit
2756 1741 2929 1812 eique
2982 1743 3410 1816 subscriptum,
3467 1751 3631 1803 ante-

271 1831 534 1882 θειότατον
569 1833 752 1878 τοῦτον
809 1829 966 1898 τόμον
1021 1828 1122 1901 πρὸ
1178 1833 1270 1878 τοῦ
1324 1828 1761 1899 χειροτονηθῆναί
1791 1845 1874 1899 με,

275 1913 458 1994 όρίδας
478 1915 704 1970 ἕνταῦθα
741 1914 1042 1990 ὑπέγραψα.

914 2061 1147 2112 ΠΡΑΞΙΣ
1188 2064 1222 2112 Δ
1241 2099 1254 2113 .

376 2187 392 2210 Ι

343 2187 414 2239 α’.
476 2188 660 2259 Ἐγγύς
716 2183 778 2239 δε
829 2193 892 2258 τῇ
969 2188 1310 2259 Κυριωνύμου
1369 2186 1876 2261 ταρεισελαυνούσης

269 2279 491 2352 ἡμέρας,
553 2275 674 2328 καθ’
739 2274 801 2333 ἣν
866 2277 935 2327 τὰ
993 2279 1112 2346 περὶ
1166 2282 1264 2337 τῆς
1317 2283 1416 2326 τῶν
1460 2275 1623 2347 ἁγίων
1671 2277 1875 2329 εἰκόνων

271 2365 686 2426 ἂναστηλὼσεως
739 2363 817 2416 ἐπ’
885 2363 1200 2425 Ἐκκλησίας
1249 2361 1506 2416 συνοδικὰ
1553 2361 1588 2418 δ
1595 2365 1876 2418 ιαλαλείται

278 2456 684 2529 συγγράμματα,
732 2457 823 2506 καὶ
877 2455 946 2505 τὰ
1016 2461 1112 2515 τῆς
1163 2449 1470 2528 ὀρθοδοξίας
1521 2453 1876 2524 ἀνα-κηρύττε-

275 2563 390 2614 ται,
446 2543 722 2596 ἐκτίθενται
792 2546 882 2615 μιν
940 2541 1194 2614 κεφάλαια
1247 2547 1482 2616 τέτταρα,
1519 2550 1592 2613 τῷ
1643 2540 1702 2596 δὲ
1759 2563 1878 2596 συν-

275 2629 448 2704 οδικῷ
493 2631 676 2706 βιϐλίῳ
725 2632 1236 2705 ἔγκαταγροίφονται·
1287 2636 1379 2683 καὶ
1410 2630 1569 2684 αὐτοῦ
1620 2630 1680 2685 δὲ
1719 2632 1878 2706 βασι-

273 2722 404 2784 λέως
456 2725 512 2773 τὸ
569 2723 1004 2796 αύτοκρατορικόν
1068 2722 1402 2794 περιθεμένου
1465 2717 1732 2794 διάδημα,
1789 2726 1880 2774 καὶ

270 2821 389 2874 τοῖς
463 2811 771 2883 ἁγιωτάτοις
830 2812 1196 2884 πατριάρχαις
1272 2814 1356 2861 καὶ

275 2904 490 2954 πάντων
555 2900 830 2975 ἀρχιερέων
895 2906 1066 2972 χοροῦ
1112 2902 1206 2960 τὰς
1283 2899 1422 2973 ἱερὰς
1493 2899 1882 2961 συνεισελθότος

275 2986 601 3061 κιγκλίδας,
657 2990 682 3039 ό
739 2990 1113 3060 συντεθειμένος
1171 2993 1349 3061 τόμος,
1429 2992 1492 3048 ὡς
1550 2993 1773 3061 εἴρηται,
1813 2998 1875 3062 τῇ

1431 2817 1524 2861 τοῦ
1592 2813 1878 2885 ἱερωτάτων

1984 1843 2170 1899 quam
2195 1843 2306 1896 ego
2335 1843 2718 1885 consecrarer
2763 1829 3103 1903 episcopus,
3136 1832 3357 1890 idcirco
3402 1835 3499 1891 hic
3528 1835 3632 1891 de-

1982 1915 2198 1972 ﬁniens
2223 1916 2569 1990 subscripsi.

2529 2063 2738 2119 ACTIO
2781 2064 3091 2129 QUARTA.

2059 2193 2106 2242 l.
2142 2188 2683 2260 Appropinquante
2728 2190 3038 2247 Dominica
3075 2192 3190 2263 die,
3223 2209 3348 2266 qua
3386 2196 3634 2251 recitan-

1983 2280 2079 2332 tur
2126 2277 2364 2332 decreta
2417 2279 2706 2349 synodica
2763 2281 3244 2354 praedicatorque
3299 2284 3637 2342 orthodoxa

1986 2367 2278 2422 sententia
2350 2367 2424 2421 de
2489 2372 2826 2425 restaurato
2897 2375 3241 2427 sanctarum
3300 2373 3636 2446 imaginum

1986 2456 2169 2522 cultu,
2216 2457 2525 2527 proposita
2593 2457 2834 2515 fuerunt
2871 2461 3136 2531 capitula
3173 2467 3432 2534 quatuor
3460 2479 3639 2535 syno-

1985 2546 2241 2617 dicoque
2271 2546 2328 2600 in
2353 2546 2507 2602 libro
2544 2548 2878 2620 prescripta
2904 2567 2916 2604 :
2950 2548 3204 2623 ipsoque
3224 2567 3362 2622 rege
3384 2555 3638 2625 impera-

1985 2636 2136 2691 toria
2167 2635 2441 2689 redimito
2474 2651 2718 2705 corona,
2759 2643 2814 2692 et
2845 2639 3242 2695 sanctissimis
3283 2642 3639 2713 patriarchis

1987 2725 2514 2795 sacratissimoque
2540 2728 2812 2781 omnium
2854 2727 3265 2800 episcoporum
3297 2737 3453 2786 coetu
3481 2733 3640 2787 intra

1988 2829 2190 2869 sacros
2244 2814 2546 2868 cancellos
2598 2831 2658 2869 se
2716 2816 3186 2887 recipientibus;
3241 2821 3635 2892 compositus,

1989 2902 2073 2956 uti
2105 2902 2327 2956 dictum
2362 2906 2468 2958 est.
2499 2907 2701 2957 tomus
2729 2904 2949 2958 invicta
2977 2905 3134 2974 regis
3166 2922 3348 2962 manu
3382 2908 3636 2974 delatus,

1988 3007 2168 3063 super
2193 2992 2445 3063 mystica
2467 2992 2812 3064 cmlestiqu‘e
2843 2994 3084 3065 ponitur
3115 3011 3359 3051 mensa:
3399 3002 3455 3052 et
3493 3013 3637 3052 con-

273 3079 627 3154 ἆπροσμοίχῳ
690 3081 868 3130 τούτου
928 3077 1145 3150 παλάμῃ
1223 3084 1514 3153 φερόμενος,
1582 3082 1727 3154 παρὰ
1789 3085 1878 3136 τὴν

2001 3081 2229 3134 :innata
2261 3081 2525 3152 capitula
2553 3097 2692 3136 cum
2746 3083 3221 3154 pracedentibus
3269 3086 3500 3157 scriptis
3531 3103 3640 3159 ap-

262 3172 546 3243 μυστικὴν
602 3173 689 3220 καὶ
734 3167 974 3242 οὐρανίαν
1016 3166 1314 3220 ἀνατίθεται
1356 3169 1637 3241 τράπεζαν·
1688 3173 1778 3220 καὶ
1815 3171 1882 3221 τὰ

263 3260 586 3313 συντιθέντα
669 3256 922 3330 κεφάλαια
985 3263 1096 3318 τοῖς
1167 3256 1528 3330 προλαϐόντως
1593 3256 1877 3331 ἐγγεγραμ-

266 3355 441 3422 μένοις
494 3353 959 3419 συνεκφὼνοῦνται,
1005 3351 1096 3399 καὶ
1154 3353 1260 3406 τοῖς
1317 3346 1622 3399 συνελθοῦσι
1685 3352 1879 3422 γνωρί-

267 3441 471 3501 ζονται·
502 3436 537 3488 ἆ
573 3441 666 3488 καὶ
693 3428 778 3488 ἐπὶ
806 3435 984 3498 λέξεων
1015 3439 1150 3488 οὕτω
1181 3433 1214 3488 δ
1221 3434 1622 3507 ιαλαμϐάνουσι.

337 3526 416 3582 Α’,
451 3557 522 3567 -
669 3532 792 3587 Τοῖς
829 3530 901 3597 μὴ
945 3524 1111 3600 ὀρθῶς
1137 3528 1231 3587 τὰς
1272 3533 1373 3577 τῶν
1403 3524 1566 3596 ἁγίων
1611 3521 1879 3579 διδασκά-

261 3619 366 3670 λων
431 3626 526 3678 τῆς
583 3624 677 3668 τοῦ
725 3623 860 3668 Θεοῦ
918 3615 1230 3675 Ἐκκλησίας
1289 3617 1429 3676 θείας
1482 3619 1650 3686 φωνὰς
1693 3614 1880 3688 ἔκλαμ-

271 3706 590 3778 6ανομένοις,
651 3709 742 3756 καὶ
793 3707 861 3756 τὰ
925 3712 1107 3776 σαφῶς
1159 3710 1250 3757 καὶ
1307 3701 1574 3777 ἀριδὴλως
1623 3703 1670 3754 ἐν
1699 3705 1880 3766 αὐταῖς

280 3791 375 3846 διὰ
432 3803 524 3856 τῆς

277 3887 673 3956 παρερμηνεύειν
709 3899 765 3935 τε
792 3887 884 3934 καὶ
939 3887 1297 3957 περιστρέφειν
1339 3886 1694 3956 πειρωμένοις,
1749 3881 1876 3934 ἀνοί-

284 3975 436 4045 θεμα.

352 4060 507 4118 Β’.-
541 4060 606 4134 γ’.
664 4067 775 4114 Τῶν
832 4057 1279 4135 παραδεχομένων
1336 4064 1429 4118 τήν
1485 4067 1578 4113 τοῦ
1632 4059 1877 4118 ἀληθινοῦ

272 4158 406 4204 Θεοῦ
455 4156 547 4204 καὶ
591 4157 835 4226 Σωτῆρος
881 4151 1025 4222 ἡμῶν
1074 4150 1250 4207 Ἰησοῦ
1280 4157 1516 4224 Χριστοῦ
1549 4153 1712 4221 φωνὴν
1759 4154 1874 4218 τὴν,

265 4239 325 4292 Ὁ
374 4245 561 4314 Πατήρ
618 4259 719 4312 μου
777 4243 968 4312 μείζων
1007 4242 1108 4312 μού
1162 4237 1297 4306 ἐστι,
1337 4237 1577 4310 λέγεσθαι
1630 4247 1722 4290 σῦν
1767 4246 1878 4299 ταῖς

267 4330 476 4392 λοιπαῖς
529 4330 822 4404 ἑρμηνείαις
887 4337 988 4380 τῶν
1051 4328 1232 4400 ἁγίων.
1291 4333 1551 4400 Πατέρων,
1601 4343 1690 4380 καί
1743 4331 1878 4380 διατὰ

617 3801 710 3846 τοῦ
777 3793 929 3864 ἁγίου
993 3796 1288 3866 Πνεύματος
1351 3795 1573 3866 χάριτος
1639 3793 1880 3868 εἰρημένα

1988 3169 2326 3241 probantur
2395 3175 2883 3243 congregatoque
2954 3173 3130 3228 coetui
3211 3175 3638 3246 praeleguntur,

1989 3273 2124 3330 quae
2156 3258 2533 3314 adamussim
2561 3259 2690 3314 haec
2717 3264 2906 3316 erant.

2060 3523 2101 3579 Ι.
2136 3528 2276 3578 -—2.
2311 3525 2386 3578 Iis
2415 3525 2519 3596 qui
2547 3525 2711 3581 haud
2743 3530 2900 3581 recte
2929 3532 3275 3583 sanctorum
3323 3529 3643 3586 doctorum

1992 3614 2266 3670 Ecclesiae
2323 3616 2422 3671 Dei
2483 3615 2856 3671 venerabiles
2901 3616 3234 3672 locutiones
3294 3618 3639 3692 excipiunt;

1989 3719 2246 3776 quaeque
2279 3709 2481 3776 aperte
2525 3707 2959 3776 manifesteque
2984 3706 3065 3760 ibi
3111 3723 3216 3778 per
3246 3707 3438 3763 sancti
3464 3709 3645 3781 Spiri-

1989 3798 2084 3848 tus
2132 3795 2387 3862 gratiam
2436 3794 2596 3848 dicta
2638 3799 2798 3864 sunt,
2828 3810 3111 3866 perversa
3159 3796 3645 3868 interpretatione

1988 3883 2388 3954 pessumdare
2419 3884 2707 3954 nituntur,
2744 3883 3069 3941 anathema
3102 3884 3194 3939 sit.

2061 4065 2126 4117 ll.
2153 4094 2218 4102 ——
2251 4067 2304 4117 3.
2339 4065 2554 4117 Eorum
2590 4062 2694 4135 qui
2717 4063 2839 4118 veri
2870 4063 2970 4119 Dei
2997 4068 3053 4120 et
3082 4065 3411 4120 Servatoris
3454 4065 3646 4121 nostri

1985 4153 2123 4206 Jesu
2177 4152 2385 4207 Christi
2434 4152 2756 4207 dictionem
2791 4155 2966 4209 Pater
3001 4169 3163 4209 meus
3208 4157 3404 4225 major
3432 4170 3522 4210 me
3560 4161 3646 4211 est

1985 4241 2344 4309 intelligunt,
2374 4257 2513 4296 cum
2546 4241 2788 4312 reliquis
2821 4244 2916 4298 SS.
2948 4245 3183 4298 Patrum
3217 4243 3649 4316 interpretatio-

1984 4329 2188 4388 nibus.
2220 4330 2400 4386 etiam
2453 4330 2528 4385 de
2578 4331 2790 4385 Christi
2844 4331 3243 4402 humanitate,
3276 4333 3337 4387 in
3404 4349 3528 4406 qua
3589 4337 3647 4389 et

262 4426 357 4479 τὴν
414 4419 462 4472 ἐν
532 4420 672 4491 αὐτῷ
741 4417 1124 4492 ἀνθρωπότητα
1185 4417 1304 4469 καθ’
1365 4418 1426 4476 ἣν
1479 4423 1569 4470 καὶ
1635 4420 1874 4487 πέπονθε,

2001 4434 2210 4489 passis
2242 4423 2350 4487 est,
2374 4419 2546 4474 sicuti
2573 4419 2793 4475 diserte
2814 4420 2875 4474 in
2894 4420 3100 4476 multis
3128 4437 3164 4477 a
3196 4424 3313 4476 Deo
3339 4421 3648 4494 inspiratis

263 4513 436 4572 καθὼς
466 4505 768 4585 διαρρήδην
825 4506 874 4561 ἐν
925 4508 1134 4568 πολλοῖς
1187 4516 1286 4560 τῶν
1320 4509 1665 4559 θεοπνεύστων
1713 4509 1876 4579 λόγων

264 4601 438 4653 αὐτῶν
487 4601 538 4653 οἱ
584 4599 726 4670 οἶγιοι
769 4602 990 4672 Πατέρες
1021 4597 1508 4670 ἀνακηρύττουσιν·
1562 4599 1638 4648 ἔτι
1678 4594 1737 4649 δὲ
1785 4603 1875 4650 καὶ

259 4691 512 4762 λεγόντων
567 4694 654 4740 τὸν
713 4687 868 4739 αὐτὸν
916 4689 1150 4763 Χριστὸν
1194 4689 1330 4738 κατὰ
1358 4690 1452 4744 τὴν
1493 4686 1678 4738 ἑαυτοῦ
1707 4688 1877 4760 σάρκα

260 4783 451 4834 παθεῖν
483 4779 666 4830 αἱωνία
695 4781 803 4850 ,μνη
811 4796 882 4850 μη
894 4819 908 4833 .

338 4869 409 4924 1”’.
442 4899 511 4910 -—-
545 4864 610 4924 δ’.
655 4874 775 4929 Τοῖς
823 4872 1002 4918 νοοῦσι
1053 4870 1141 4917 καὶ
1199 4867 1564 4937 φθεγγομένοις
1611 4869 1706 4922 τὴν
1751 4866 1874 4916 θέω-

263 4979 352 5013 σιν
398 4965 490 5010 τοῡ
549 4956 965 5031 προσλήμματος
1028 4955 1341 5028 μεταμειψιν
1404 4961 1496 5015 τῆς
1551 4952 1875 5027 ἀνθρωπίνης

263 5052 470 5120 φύσεως
535 5047 604 5107 εἰς
673 5048 912 5103 θεὸτητα⁹
976 5049 1068 5096 καὶ
1144 5048 1216 5116 μὴ
1282 5051 1532 5116 φρονοῦσι
1597 5041 1650 5104 ἐξ
1715 5042 1877 5104 αὐτῆς

265 5137 510 5209 ἰνώσεως,
569 5139 708 5197 θείας
754 5138 844 5208 μὲν
893 5133 1041 5196 ἀξίας
1109 5138 1201 5186 καὶ
1260 5132 1662 5206 μεγαλειότητος
1713 5151 1876 5204 μετα-

262 5235 419 5301 σχεῖν
469 5231 530 5281 τό
581 5235 738 5299 σῶμα
775 5233 868 5278 τοῦ
927 5229 1143 5296 Κυρίου,
1191 5228 1282 5275 καὶ
1328 5224 1741 5296 προσκυνεῖσθαι
1780 5229 1878 5294 μιᾷ

254 5324 623 5394 προσκυνήσει
674 5315 726 5369 ἐν
767 5322 840 5386 τῷ
907 5312 1311 5389 προσλαϐομένῳ
1372 5312 1498 5363 αύτὸ
1540 5319 1654 5381 Θεῷ
1701 5317 1873 5383 Λογῳ,

253 5415 353 5463 καὶ
410 5405 538 5462 εἶναι
587 5409 863 5480 ὁμότιμον,
904 5401 1180 5476 ὁμόδοξον,
1212 5403 1486 5465 ζωοποιόν,
1539 5400 1761 5462 ὶσοκλεες
1803 5409 1876 5472 τῷ

256 5507 374 5571 Θεῷ
403 5503 490 5553 καὶ
533 5501 710 5572 Πατρὶ
753 5499 845 5547 καὶ
891 5502 961 5565 τῷ
1007 5497 1246 5564 παναγίῳ
1284 5495 1562 5564 Πνεύματι,
1614 5495 1702 5542 καὶ
1747 5492 1877 5563 ὁμό-

257 5592 452 5666 θρονον·
495 5592 568 5663 μὴ
627 5589 805 5660 μέντοι
847 5602 907 5656 γε
957 5584 1199 5655 γενέσθαι
1261 5582 1540 5654 ὁμοούσιον
1617 5587 1690 5650 τῷ
1740 5587 1874 5651 Θεῷ·

1989 4507 2371 4562 sermonibus
2428 4508 2550 4562 suis
2595 4509 2784 4564 sancti
2830 4509 3032 4564 Patres
3081 4511 3522 4580 deprasdicant;
3554 4512 3646 4566 in-

1988 4613 2170 4669 super
2197 4612 2406 4652 eorum
2432 4597 2536 4669 qui
2569 4596 2876 4653 afﬁrmant
2919 4599 3202 4655 eumdem
3232 4601 3536 4656 Christum
3583 4600 3646 4657 in

1987 4703 2098 4742 sua
2119 4702 2297 4741 carne
2327 4701 2536 4741 revera
2563 4687 2747 4742 fuisse
2777 4703 3030 4759 passum
3056 4707 3069 4758 ;
3101 4697 3325 4745 aeterna
3353 4689 3648 4748 memoria

1991 4777 2086 4830 sit.

2059 4865 2150 4919 Ill.
2185 4867 2335 4919 -4.
2392 4864 2466 4918 lis
2527 4865 2632 4936 qui
2688 4865 3120 4922 incarnationis
3203 4868 3646 4925 deiﬁcationem

1987 4953 2332 5008 existimant
2360 4954 2651 5025 aiuntque
2681 4968 2812 5010 esse
2841 4955 3127 5010 humanae
3156 4962 3386 5011 naturae
3408 4957 3469 5012 in
3499 4955 3647 5011 divi-

1986 5042 2236 5098 nitatem
2283 5043 2780 5114 conversionem;
2829 5060 3026 5116 neque
3058 5044 3310 5100 credunt
3338 5045 3418 5101 ob
3448 5045 3646 5117 ipsam

1987 5131 2476 5202 conjunctionem
2510 5147 2726 5203 corpus
2766 5134 3012 5206 quidem
3045 5134 3277 5190 Domini
3307 5134 3516 5190 divina
3562 5133 3649 5189 di-

1987 5221 2212 5290 gnitate
2239 5228 2296 5276 et
2323 5221 2782 5278 honoriﬁcentia
2808 5223 2945 5292 frui,
2967 5224 3267 5297 unicaque
3294 5224 3647 5281 adoratione

1987 5310 2225 5366 adorari
2257 5311 2316 5365 in
2359 5315 2704 5366 assumente
2736 5311 2887 5367 illud
2941 5317 3058 5369 Deo
3112 5315 3341 5384 Verbo;
3371 5315 3649 5388 adeoque

1987 5415 2116 5454 esse
2137 5400 2319 5455 simul
2345 5399 2722 5468 honorabile,
2757 5400 3108 5470 gloriosum,
3129 5403 3449 5475 viviﬁcum,
3484 5405 3648 5477 paris

1987 5506 2124 5546 cum
2154 5492 2272 5546 Deo
2297 5493 2462 5545 Patre
2491 5489 2995 5563 sanctissimoque
3029 5493 3249 5565 Spiritu
3281 5495 3545 5564 honoris,
3585 5495 3649 5550 in

1987 5581 2324 5653 eodemque
2382 5581 2600 5638 throno
2632 5579 2883 5648 sedere;
2943 5598 3067 5640 non
3123 5589 3324 5642 tamen
3383 5585 3649 5642 consub—
