4148 6390
517 260 622 316 263

1845 255 2121 314 NICETAE
2169 249 2562 309 CHONIATE.

3779 258 3896 313 264

516 380 793 441 stantiale
824 386 960 448 Deo,
989 383 1072 439 ita
1108 385 1174 438 ut
1201 381 1485 455 physicas
1531 383 1615 439 rei
1669 387 1882 439 creata
1906 379 2174 453 proprie-

2286 377 2354 437 ὡς
2410 374 2658 437 ἐκστῆναι
2709 386 2809 432 τῶν
2862 386 3094 453 φυσικῶν
3170 375 3445 438 ἰδιοτήτων
3501 385 3593 432 τοῦ
3642 387 3888 445 κτιστοῦ,

516 477 666 529 tates
723 472 980 538 amittat,
1021 487 1243 543 nempe
1286 472 1928 544 circumscriptionem,
1979 472 2036 524 et
2069 482 2178 522 cae-

515 566 640 619 tera
661 576 795 633 quae
817 559 881 616 in
903 560 1115 617 Christi
1137 560 1411 617 humana
1441 566 1661 617 natura
1684 564 2044 624 cernuntur;
2072 554 2177 612 sed

518 654 735 722 putant
761 649 1204 706 humanitatem
1227 664 1580 706 conversam
1601 649 1787 706 fuisse
1817 649 1878 705 in
1906 645 2179 703 divinita-

514 738 587 796 tis
618 738 1056 806 substantiam;
1090 738 1173 796 ita
1205 743 1269 794 ut
1296 737 1437 794 hinc
1465 738 1835 796 concludant
1859 736 1957 793 vel
1986 735 2176 809 phan-

512 826 793 884 tasticam
822 826 1008 883 fuisse
1038 831 1218 900 atque
1246 827 1411 883 haud
1442 843 1648 884 veram
1694 825 1928 883 Domini
1986 825 2176 881 incar-

515 916 828 974 nationem
854 920 912 973 et
937 915 1307 989 passionem,
1337 916 1434 973 vel
1464 916 1759 988 Unigeniti
1806 913 2177 971 divinitatem

515 1019 767 1079 passam
796 1003 984 1060 fuisse
1012 1022 1024 1073 ;
1053 1003 1380 1061 anathema
1411 1004 1507 1061 sit.

588 1094 680 1150 1V.
707 1123 775 1134 —
820 1098 873 1148 5.
906 1094 1124 1149 Eorum
1162 1092 1267 1165 qui
1305 1092 1533 1163 dicunt,
1582 1107 1828 1149 carnem
1854 1090 2093 1149 Domini
2119 1090 2179 1147 vi

517 1180 962 1252 conjunctionis
997 1181 1187 1253 ipsius
1216 1180 1562 1250 exaltatam,
1595 1196 1903 1254 supraque
1931 1195 2178 1237 omnem

517 1269 813 1329 honorem
854 1270 1208 1328 collocatam
1241 1270 1349 1339 (ita
1387 1276 1451 1326 ut
1475 1271 1591 1327 hoc
1625 1270 1844 1328 eximio
1869 1286 2029 1327 nexu
2059 1268 2180 1326 dei-

517 1359 699 1416 ﬁcata
730 1359 825 1430 sit)
849 1358 1322 1426 immutabiliter,
1350 1358 1804 1430 invariabiliter,
1840 1359 2175 1427 inconfuse,

516 1448 1066 1517 inconvertibiliter,
1093 1449 1486 1522 hypostaticee
1517 1450 1961 1523 conjunctionis
1987 1450 2180 1521 gratia

516 1538 1008 1611 inseparabilem,
1036 1538 1588 1614 indivisibilemque
1617 1545 1967 1599 manentem
1998 1540 2180 1597 simul

518 1643 659 1685 cum
712 1632 1064 1685 assumente
1129 1629 1335 1701 ipsam
1385 1632 1505 1686 Deo
1551 1630 1765 1702 Verbo,
1798 1630 2179 1704 parihonore

2283 472 2374 517 τοῦ
2403 476 2777 540 περιγραπτοῡ,
2809 474 2899 522 καὶ
2941 478 3040 522 τῶν
3078 468 3271 522 λοιπῶν
3307 474 3408 521 τῶν
3463 466 3513 521 ἓν
3564 476 3627 541 τῇ
3688 467 3895 542 ἀνθρωο

2285 559 2407 615 πεία
2468 558 2618 627 φύσει
2683 565 2775 611 τοῦ
2842 566 3078 633 Χριστοῦ
3146 559 3503 634 θεωρουμένων
3544 574 3558 589 ·
3642 577 3895 632 μεταμει-

2287 645 2479 716 φθῆναι
2532 641 2592 700 δε
2647 646 2721 710 εἰς
2766 651 2861 707 τὴν
2924 649 3167 712 θεότητος
3218 648 3424 717 οὐσίαν,
3473 649 3544 709 ὡς
3595 645 3652 700 ἐκ
3697 650 3894 701 τούτου

2285 732 2513 805 εἰσάγειν
2572 735 2603 794 ἣ
2660 741 2918 811 φαντασίᾳ
2967 743 3058 792 καὶ
3109 736 3202 791 οὐκ
3238 736 3455 812 ἀληθείᾳ
3501 740 3764 811 γεγονέναι
3791 742 3893 797 τὴν

2286 820 2677 898 ἐνανθρώπησιν
2729 833 2820 879 τοῦ
2873 832 3068 902 Κυρίου
3126 831 3217 880 καὶ
3262 829 3329 881 τὰ
3368 829 3538 897 πάθη,
3565 827 3597 887 ἦ
3649 830 3745 887 τήν
3794 834 3892 881 τοῦ

2286 919 2607 985 Μονογενοῦς
2636 917 2859 976 θεότητα
2886 919 3090 985 παθεῖν,
3119 914 3370 991 ἀνάθεμα.

2358 1091 2584 1149 Δ’.-ε’.
2623 1100 2735 1147 Τῶν
2772 1092 3018 1167 λεγόντων
3065 1097 3147 1149 ὅτι
3197 1097 3228 1155 ἡ
3283 1095 3418 1169 σὰρξ
3461 1104 3555 1149 τοῦ
3587 1100 3784 1166 Κυρίου
3841 1096 3898 1162 ἐξ

2287 1182 2447 1245 αὐτῆς
2496 1185 2724 1247 ἓνώσεως
2775 1184 3200 1259 ὑπερυψωθεῖσα,
3250 1190 3340 1239 καὶ
3389 1183 3663 1239 ἀνωτάτων
3710 1189 3896 1250 πάσης

2286 1281 2441 1346 τιμῆς
2489 1274 2849 1348 ὑπερκειμένη,
2907 1277 2973 1336 ὡς
3041 1273 3095 1339 ἕξ
3152 1276 3320 1351 ἄκρας
3394 1274 3623 1340 ἑνώσεως
3678 1277 3895 1350 ὀμόθεος

2285 1366 2552 1437 γενομένη,
2633 1362 3017 1438 ἀμεταϐλήτους,
3112 1364 3485 1437 ἀναλλοιώτως,
3567 1364 3896 1439 ἀσυγχύτως

2286 1457 2377 1506 καὶ
2433 1451 2717 1529 ἀτρέπτως,
2764 1451 2857 1508 διὰ
2884 1458 2979 1513 τὴν
3030 1454 3149 1507 καθ’
3180 1456 3476 1508 ὑπόστασιν
3540 1457 3745 1527 ἕνωσιν,
3799 1475 3899 1510 και

2287 1542 2589 1617 ἀχώριστος
2640 1547 2731 1597 καὶ
2796 1539 3164 1605 ἀδιάσπαστος
3193 1547 3423 1616 μένουσαι
3468 1550 3542 1616 τῷ
3597 1543 3897 1620 προσλαϐοι

2285 1637 2419 1705 μένῳ
2467 1634 2631 1691 αὐτὴν
2679 1636 2787 1694 Θεῷ
2830 1637 3004 1706 Λόγῳ,
3053 1632 3294 1695 ὶσοκλεῶς
3346 1633 3487 1705 αὐτῷ
3534 1639 3754 1707 τιμᾶται
3798 1639 3897 1687 καὶ

517 1716 634 1776 coli
696 1722 754 1773 et
818 1717 1082 1784 adorari,
1116 1718 1295 1774 unica
1367 1718 1739 1791 adoratione,
1805 1719 2092 1793 regioque
2122 1724 2174 1776 et

2286 1729 2657 1796 προσκυνεῖται
2701 1728 2801 1795 μιᾷ
2854 1727 3229 1796 προσκυνήσει,
3272 1726 3365 1776 καὶ
3407 1728 3519 1785 τοῖς
3584 1721 3897 1797 βασιλικοῖς

516 1805 722 1863 divino
748 1806 808 1862 in
828 1806 977 1863 solio
999 1806 1079 1862 ad
1103 1807 1290 1862 Patris
1313 1805 1625 1864 dexteram
1647 1808 1940 1876 residere;
1972 1812 2179 1881 utpote

517 1911 657 1968 quin
690 1896 1022 1952 Divinitatis
1066 1895 1237 1951 dotes
1271 1895 1563 1967 gloriosas
1600 1896 1820 1970 adepta
1849 1902 1958 1966 est,
1999 1896 2178 1953 salvis

516 1988 873 2041 naturarum
897 1984 1395 2058 proprietatibus:
1422 1984 1508 2040 sic
1529 1985 1877 2056 dicentium,
1898 1986 2176 2060 inquam,

517 2077 742 2130 aeterna
767 2073 1061 2130 memoria
1091 2074 1185 2130 sit.

585 2168 639 2219 6.
681 2165 816 2219 Htec
873 2163 1202 2236 quotannis
1261 2164 1474 2221 eadem
1542 2164 1639 2221 die
1669 2165 1982 2222 Dominica
2036 2181 2178 2221 cum

514 2256 696 2309 antea
751 2251 918 2308 dictis
975 2268 1105 2307 esse
1151 2252 1492 2324 proﬁtenda
1543 2253 1852 2311 decretum
1905 2258 2018 2312 est.
2050 2254 2177 2311 Imo

510 2355 679 2408 vero,
702 2356 841 2397 cum
866 2354 973 2413 per
1002 2341 1061 2397 id
1088 2346 1325 2414 tempus
1357 2341 1736 2398 ordinandus
1761 2350 1917 2399 esset
1941 2346 2178 2399 Neocae-

517 2444 710 2486 sareaa
742 2430 1087 2503 episcopus,
1119 2431 1196 2486 ad
1228 2435 1440 2487 caetera
1462 2447 1596 2504 quae
1618 2432 1698 2488 ob
1739 2432 2177 2505 explorandam

511 2518 738 2577 mentis
798 2519 1219 2576 orthodoxiam
1273 2519 1575 2593 descripta
1620 2527 1811 2589 erant,
1837 2521 1953 2578 hoc
1996 2522 2175 2578 etiam

511 2612 655 2666 tunc
678 2608 1044 2681 imperatum
1070 2616 1157 2666 est
1176 2610 1406 2665 recitari
1430 2610 1522 2666 his
1556 2609 1939 2667 adamussim
1959 2611 2171 2667 verbis.

589 2885 642 2935 7.
685 2878 874 2936 Etiam
928 2879 1264 2953 amplector
1318 2884 1377 2937 et
1440 2880 1727 2954 proﬁteor
1782 2898 1857 2939 ea
1919 2899 2056 2956 quae
2099 2883 2176 2940 de

514 2966 695 3024 effata
725 2968 1039 3025 Dominica
1068 2968 1126 3024 in
1149 2969 1374 3025 sanctis
1406 2969 1779 3042 Evangeliis:
1812 2973 1994 3028 Pater
2010 2987 2174 3028 meus

2285 1816 2376 1865 καὶ
2436 1813 2593 1874 θείοις
2618 1810 2995 1888 ἐγκαθίδρυται
3051 1814 3235 1874 θώκοις
3290 1810 3345 1865 ἔκ
3395 1808 3580 1877 δεξιῶν
3635 1819 3728 1866 τοῦ
3781 1820 3897 1866 Πα-

2284 1904 2425 1975 τρός,
2486 1904 2556 1962 ὡς
2612 1903 2679 1954 τὰ
2719 1911 2813 1964 τῆς
2882 1903 3119 1963 θεότητος
3175 1900 3470 1975 αὐχήματα
3524 1901 3897 1961 καταπλουτή-

2288 2010 2450 2057 σασα,
2502 1991 2806 2064 σωζομένων
2845 1999 2943 2044 τῶν
2984 1987 3261 2051 ἰδιοτήτων
3301 2000 3403 2044 τῶν
3444 1993 3667 2066 φύσεων,
3700 1992 3894 2045 αἰωνιοι

2285 2082 2315 2139 ἡ
2349 2084 2550 2152 μνήμη.

2361 2167 2416 2230 ς’.
2446 2175 2625 2221 Ταῦτα
2677 2165 2745 2228 δὴ
2805 2174 2895 2223 καὶ
2941 2167 3167 2232 ἕτησίως
3195 2172 3331 2224 κατά
3384 2172 3582 2229 ταύτην
3631 2175 3728 2230 τήν
3776 2190 3886 2224 κυ-

2283 2263 2541 2333 ριὼνυμον
2627 2261 3064 2331 συναφωνεῖσθαι
3135 2265 3241 2320 τοῖς
3317 2265 3669 2335 προγραφεῖσι
3737 2262 3894 2313 κεκύ-

2283 2366 2469 2422 ρωταιο
2520 2347 2580 2400 οὐ
2627 2351 2781 2420 μόνον
2832 2344 2893 2402 δε
2946 2347 3074 2403 ἀλλά
3119 2353 3209 2401 καὶ
3256 2350 3401 2425 παρὰ
3452 2355 3545 2402 τοῦ
3598 2355 3895 2408 τηνικαῦτα

2283 2440 2401 2489 τότε
2450 2438 2890 2510 χειροτονηθῆναι
2961 2436 3227 2509 μέλλοντος
3284 2436 3570 2512 ἀρχιερέως
3617 2445 3713 2501 τῆς
3759 2444 3895 2491 Νεο-

2284 2528 2575 2599 καισαρέων
2650 2523 2863 2592 πόλεως,
2922 2533 3029 2587 τοῖς
3086 2529 3230 2601 παρὰ
3294 2532 3389 2579 τοῦ
3449 2530 3696 2603 πρότερον
3759 2530 3895 2601 πρὸς

2284 2612 2568 2686 ἀσφάλειαν
2616 2621 2710 2666 τοῦ
2774 2613 2970 2666 ἑαυτῶν
3017 2620 3347 2688 φρονήματος
3397 2619 3741 2689 γραφομένοις
3796 2619 3892 2669 καὶ

2282 2710 2451 2756 ταῦτα
2507 2701 2984 2775 συνεξησφάλισται
3033 2706 3166 2779 πρὸς
3215 2706 3331 2766 ἔπος
3390 2704 3526 2758 οὕτω
3577 2701 3886 2778 διαλαμϐά-

2281 2812 2454 2846 νοντα·

2358 2881 2419 2945 ζ’.
2452 2881 2566 2936 Ἐτι
2617 2883 3029 2956 κατοίσπάζομαι
3075 2887 3165 2936 καὶ
3212 2882 3444 2956 ὁμολογῶ
3493 2886 3562 2937 τὰ
3613 2888 3734 2956 περὶ
3784 2890 3884 2947 τῆς

2284 2969 2333 3045 ᾇν
2380 2976 2490 3031 τοῖς
2549 2969 2718 3041 ἁγίοις
2768 2969 3102 3043 Εὐαγγελίοις
3155 2978 3476 3033 Δεσποτικῆς
3530 2979 3701 3045 φωνῆς
3765 2979 3887 3041 τῆς,

512 3059 714 3128 major
745 3072 838 3113 me
869 3063 957 3113 est
1014 3057 1235 3114 tradita
1264 3063 1403 3114 sunt
1427 3074 1465 3114 a
1492 3059 1718 3114 sanctis
1748 3059 2041 3132 Patribus,
2071 3060 2174 3117 de-

2282 3042 2341 3113 ιΟ
2389 3063 2571 3135 Πατήρ
2627 3079 2727 3132 μου
2784 3042 2977 3132 μείζων
3029 3062 3132 3133 μού
3189 3058 3322 3129 ἐστι,
3375 3042 3673 3137 παρὰ-τῶν
3721 3060 3889 3131 ἁγίων

512 3145 741 3202 clarata
771 3151 975 3202 autem
1004 3146 1066 3201 in
1117 3145 1398 3217 religioso
1429 3151 1616 3216 tomo,
1647 3149 1752 3221 qui
1803 3151 2175 3222 compositus

510 3238 602 3290 est
645 3238 797 3290 nutu
851 3233 1139 3290 divinitus
1192 3235 1467 3307 inspirati
1542 3237 1804 3308 potentis
1860 3239 2176 3312 sanctique

508 3322 700 3380 nostri
723 3322 885 3393 regis
915 3323 1409 3396 Porphyrogeniti
1439 3328 1496 3381 et
1524 3325 1906 3399 imperatoris
1944 3327 2176 3385 domini

511 3410 799 3468 Manuelis
827 3413 1115 3467 Comneni
1140 3429 1152 3466 :
1184 3428 1402 3486 nempe
1432 3414 1600 3486 quod
1622 3414 1988 3473 locutionem
2017 3418 2175 3473 hanc

510 3500 757 3576 protulit
813 3500 1105 3557 Dominus
1152 3508 1210 3557 et
1261 3504 1416 3559 Deus
1464 3509 1668 3563 noster
1694 3505 1870 3562 Jesus
1906 3506 2176 3577 Christus

513 3586 696 3644 etiam
728 3588 1067 3645 secundum
1102 3605 1273 3646 suam
1307 3597 1570 3649 creatam
1629 3593 2177 3668 circumscriptam-

515 3692 636 3749 que
666 3682 946 3734 naturam
978 3678 1036 3733 in
1068 3694 1191 3751 qua
1227 3684 1285 3735 et
1312 3696 1535 3753 passus
1565 3686 1672 3738 est.
1706 3683 1947 3755 Recipio
1971 3689 2176 3741 autem

514 3763 592 3821 de
619 3763 924 3823 locutione
953 3766 1068 3822 hac
1097 3773 1339 3825 caeteras
1396 3786 1643 3843 quoque
1689 3776 2037 3829 sanctorum
2069 3774 2176 3830 Pa-

515 3859 674 3911 trum
733 3856 1271 3929 interpretationes.
1304 3861 1497 3931 Atque
1533 3859 1663 3916 haec
1694 3876 1731 3916 a
1765 3862 1997 3919 cunctis
2038 3879 2178 3920 con-

512 3944 815 4001 secrandis
836 3944 1116 4017 deinceps
1142 3946 1446 4020 episcopis
1475 3949 1818 4021 proﬁtenda
1846 3966 1977 4008 esse
2004 3968 2178 4009 cons-

508 4033 749 4092 titutum
775 4040 884 4090 est.

579 4125 633 4177 8.
666 4122 764 4178 His
785 4122 956 4189 actis,
989 4123 1169 4180 unius
1201 4124 1304 4180 Dei
1334 4124 1599 4182 Ecclesia
1623 4127 1686 4182 in
1714 4143 1906 4184 unum
1948 4145 2170 4202 corpus

503 4210 682 4268 rediit
735 4214 793 4266 et
842 4211 1009 4267 unita
1063 4217 1184 4272 est:
1235 4212 1720 4288 exclamavitque
1773 4233 1913 4273 cum
1944 4232 2171 4288 magno

505 4298 696 4354 Paulo
728 4317 741 4355 :
779 4299 1056 4356 Christus
1082 4308 1167 4358 est
1198 4317 1332 4372 pax
1361 4310 1592 4369 nostra,
1624 4307 1732 4376 qui
1747 4306 1891 4374 fecit
1912 4311 2173 4378 utraque

2286 3152 2527 3222 Πατέρων
2582 3145 2955 3224 παραδοθέντα
2996 3154 3089 3202 καὶ
3141 3146 3579 3223 διατρανωθεντα,
3630 3151 3733 3203 ὑπὸ
3793 3159 3890 3204 τοῦ

2285 3237 2529 3299 εὐσεϐοῦς
2583 3241 2746 3310 τόμου
2805 3245 2901 3290 τοῦ
2972 3236 3260 3302 ἐκτεθέντος
3315 3241 3595 3312 θεοκινήτῳ
3668 3243 3888 3314 νεύματι

2283 3334 2375 3380 τοῦ
2414 3334 2668 3402 κραταιοῦ
2710 3330 2801 3379 καὶ
2836 3326 2990 3398 ἁγίου
3032 3329 3178 3401 ἡμῶν
3223 3326 3482 3401 βασιλέως
3519 3336 3891 3405 Πορφυρογεν-

2283 3421 2437 3475 νὴτου
2484 3420 2574 3468 καὶ
2613 3414 2993 3491 αὐτοκράτορος
3029 3424 3192 3490 κυροῦ
3242 3417 3491 3477 Μανουηλ
3534 3426 3626 3473 τοῦ
3681 3425 3892 3492 Κομνη-

2283 3512 2394 3559 νοῦ·
2436 3508 2599 3576 ἤγουν
2637 3506 2716 3558 ὅτι
2743 3509 2838 3564 τὴν
2891 3509 3061 3578 φωνὴν
3089 3509 3287 3567 ταύτην
3344 3510 3547 3582 είρηται
3599 3509 3626 3561 ὁ
3694 3511 3893 3582 Κύριος

2284 3600 2374 3648 καὶ
2431 3598 2560 3658 Θεὸς
2607 3596 2752 3667 ἡμῶν
2801 3595 3011 3658 Ἰησοὺς
3061 3600 3309 3669 Χριστὸς,
3364 3600 3456 3650 καὶ
3503 3599 3641 3651 κατά
3688 3601 3778 3656 τὴν
3830 3595 3887 3649 ἐν

2285 3684 2426 3755 αὐτῷ
2471 3688 2690 3743 κτιστὴν
2737 3688 2827 3737 καὶ
2873 3690 3233 3760 περιγραπτήν
3289 3688 3463 3760 φύσιν,
3518 3685 3638 3740 καθ’
3685 3688 3747 3746 ἦν
3792 3691 3893 3741 καὶ

2281 3774 2521 3828 πέπονθε.
2563 3776 2798 3846 Δέχομαι
2828 3769 2888 3827 δὲ
2937 3778 3028 3827 καὶ
3058 3776 3150 3837 τάς
3177 3779 3297 3850 περὶ
3323 3783 3415 3828 τοῦ
3443 3778 3683 3830 τοιούτου
3721 3777 3893 3851 ῥητοῦ

2283 3863 2455 3937 ἑτέρας
2510 3862 2777 3936 ἑρμηνείας
2841 3871 2941 3915 τῶν
3008 3862 3171 3935 ἁγίων
3239 3867 3499 3939 Πατέρων.
3563 3863 3726 3941 Ἀπερ
3792 3871 3893 3920 καὶ

2282 3951 2458 4024 ἑφεξῆς
2516 3954 2565 4005 οὶ
2618 3954 3035 4028 χειροτονεῖσθαι
3093 3952 3353 4026 μέλλοντες
3399 3955 3580 4017 πάντες
3618 3953 3896 4029 ἀρχιεροῖς

2282 4043 2590 4114 ὡρίσθησαν
2616 4039 3024 4114 ἀσφαλίζεσθαι.

2352 4128 2418 4187 η’.
2457 4136 2639 4201 Γέγονε
2687 4137 2856 4182 ταῦτα
2878 4151 2892 4163 ·
2950 4134 3041 4184 καὶ
3087 4132 3118 4190 ἡ
3168 4138 3261 4184 τοῦ
3298 4131 3405 4195 ἑνὸς
3435 4140 3569 4188 Θεοῦ
3598 4133 3895 4193 Ἐκκλησία

2278 4220 2411 4290 πρὸς
2457 4216 2506 4270 ἓν
2538 4222 2790 4289 συνήγετο
2847 4222 2936 4270 καὶ
2975 4224 3260 4278 συνήνωτω
3313 4225 3405 4273 καὶ
3447 4225 3584 4275 κατὰ
3606 4226 3693 4276 τὸν
3720 4225 3891 4295 μέγαν

2281 4305 2501 4359 Παῦλονο
2550 4311 2782 4381 Χριστός
2833 4305 2974 4360 ἔστιν
3035 4311 3065 4368 ἡ
3125 4309 3301 4384 εἰρήνη
3364 4311 3511 4384 ἡμῶν
3572 4313 3599 4364 ὁ
3654 4316 3894 4377 ποιήσας

507 4403 697 4444 unum
719 4388 787 4423 ³⁵⁸
815 4404 828 4455 ;
860 4393 917 4445 et
945 4405 1105 4460 eum,
1129 4391 1234 4465 qui
1265 4408 1437 4464 aeque
1464 4408 1535 4449 ac
1567 4393 1853 4450 Salomon
1872 4394 2170 4466 sapientia

2282 4395 2343 4445 τὰ
2403 4392 2668 4470 ἀμφότερα
2726 4393 2793 4461 ἓν,
2822 4392 3141 4470 ἀνακέκραγε
3164 4418 3177 4432 ο
3233 4403 3324 4451 καὶ
3391 4403 3479 4453 τὸν
3543 4402 3677 4453 κατά
3738 4398 3884 4453 Σολο-

504 4475 710 4534 infusa
764 4478 1053 4549 praeditus
1107 4484 1254 4546 erat,
1277 4481 1555 4553 apprime
1584 4481 1906 4554 paciﬁcum
1938 4488 1995 4539 et
2034 4499 2168 4540 vere

507 4570 762 4624 unctum
790 4569 1025 4626 Domini
1053 4584 1257 4641 regem
1285 4569 1715 4640 magniﬁcavit.

1043 4801 1251 4859 ACTIO
1292 4802 1572 4868 QUINTA.

583 4935 632 4986 l.
675 4932 879 5004 Neque
905 4935 1109 4986 tamen
1134 4928 1371 4984 interim
1398 4928 1768 4985 dormitabat
1811 4930 1863 4987 is
1894 4932 1997 5005 qui
2022 4933 2170 4990 ziza-

503 5019 675 5076 nium
704 5019 766 5075 in
792 5017 1097 5088 religionis
1140 5016 1336 5072 tritico
1385 5033 1581 5074 serere
1634 5018 1920 5088 molitur;
1970 5036 2170 5094 neque

501 5124 685 5181 porro
704 5107 1055 5164 demoratus
1086 5109 1195 5167 est,
1227 5119 1427 5178 neque
1461 5106 1753 5164 malitiam
1781 5108 1887 5165 diu
1918 5110 2163 5168 distulit.

500 5195 606 5252 sed
632 5210 907 5251 rumores
936 5193 1154 5249 iterum
1186 5192 1601 5264 insonuerunt,
1634 5197 1736 5269 qui
1773 5204 2165 5270 persanatum

498 5299 695 5356 nuper
714 5281 1170 5338 Christianitatis
1201 5297 1420 5356 corpus
1447 5285 1789 5343 exulcerare
1818 5289 2161 5346 tentabant:

500 5374 827 5444 denuoque
856 5370 1345 5442 obloquebantur
1399 5374 1673 5447 quidam,
1731 5377 2043 5436 conditum
2076 5384 2162 5436 to-

580 5543 649 5591 85'
676 5546 891 5620 Ephes.
922 5564 981 5619 li,
1018 5551 1106 5606 14.

2276 4490 2456 4557 μῶντα
2502 4489 2560 4536 τὸ
2607 4493 2699 4546 τῆς
2764 4490 3062 4561 φρονήσεως
3121 4489 3277 4561 χύμα
3357 4487 3735 4548 πλουτήσαντα
3791 4495 3888 4542 καί

2278 4572 2678 4645 εἰρηνικὼτατον
2744 4573 2948 4637 ἀληθῶς
2994 4578 3081 4627 τὸν
3130 4580 3360 4653 Χριστὸν
3411 4583 3607 4653 Κυρίου
3656 4577 3891 4653 βασιλέα

2276 4662 2741 4736 προσεμεγάλυνεν.

2914 4811 3154 4862 ΠΡΛΞῙΣ
3180 4808 3250 4866 Ε’.

2349 4929 2412 4983 α’.
2474 4930 2631 4984 Ἀλλὰ
2673 4934 2776 5008 γὰρ
2831 4932 2926 4986 οὐκ
2971 4929 3032 4992 ἦν
3085 4932 3287 5008 ἀμελεῖν
3334 4939 3423 4990 τὸν
3470 4939 3735 5015 ἄγρυπνον
3779 4950 3888 4996 τῶν

2279 5021 2526 5082 ζιζανίων
2560 5025 2758 5096 σπορέα
2801 5029 2874 5092 τῷ
2917 5030 3014 5084 τῆς
3061 5023 3322 5089 εὐσεϐείας
3368 5031 3499 5101 σίτῳ
3532 5026 3891 5086 ἐπιϐουλεύον-

2276 5128 2361 5163 τα·
2405 5114 2591 5163 οὔκουν
2623 5107 2739 5164 οὐδ’
2790 5109 3081 5180 ἀνεϐάλετο,
3127 5111 3252 5167 οὐδέ
3277 5120 3365 5175 τὴν
3415 5122 3605 5171 κακίαν
3652 5117 3738 5174 ἐπὶ
3783 5142 3889 5195 μα-

2274 5204 2399 5275 κρὸν
2474 5201 2747 5273 ὑπερέθετο
2778 5214 2793 5230 ⁹
2875 5198 2981 5253 ἀλλ’
3040 5203 3492 5281 ὑποτονθορυσμοί
3546 5227 3676 5271 τινες
3726 5210 3887 5265 πάλιν

2276 5289 2659 5361 ἐπανηχοὺντο,
2710 5293 2767 5343 τὸ
2816 5290 3131 5345 συνουλωθεν
3170 5289 3279 5353 ἤδη
3336 5304 3430 5348 τοῦ
3481 5306 3582 5351 τῶν
3626 5306 3886 5374 Χριστω-

2273 5380 2444 5450 νύμων
2545 5385 2784 5451 σώματος
2868 5378 3154 5445 ἀναξαίνειν
3248 5382 3662 5466 ἀποπειρώμενοι
3692 5408 3706 5422 ο
3790 5396 3883 5447 καὶ
