4148 6386
263 256 375 322 265

1595 252 1946 321 THESAURI
1982 261 2115 320 LIB.
2156 261 2310 320 XXV.

3537 258 3644 321 266

258 386 418 460 λόγοι
452 384 609 441 πιὼν
645 386 737 439 τόν
789 381 1061 439 ἐκτεθέντα
1087 385 1244 459 τόμον
1299 391 1395 449 τῆς
1425 382 1676 460 ἀσαφείας
1714 385 1868 443 ἀπαι-

1988 401 2163 445 mum
2203 382 2566 460 synodicum
2609 383 2991 445 obscuritatis
3037 378 3473 456 insimulantes,
3502 387 3648 444 scri-

266 482 536 551 τιώμενοι,
571 481 663 530 καὶ
706 477 1115 552 παρερμηνεύειν
1174 476 1265 537 τὰς
1325 473 1883 552 ἕγκαταγεγραμμίνας

272 571 481 640 γνώμας
497 567 909 639 ἱπιχειροῦντες,
926 569 1018 617 καὶ
1039 562 1363 618 ἀναστατοῦν
1385 584 1524 628 τινας
1549 564 1894 640 βιαζόμενοι”

278 654 504 709 ἐντεῦθεν
566 659 656 708 καὶ
731 651 1022 716 συνοδικῆς
1096 656 1374 727 γενομένης
1457 655 1832 719 κατεξετάσεως
1862 698 1879 726 ,

279 739 400 797 δέον
473 742 647 817 ἐκρίθη
710 747 803 795 καὶ
879 745 938 795 τό
1004 747 1123 817 περὶ
1186 744 1378 795 τούτων
1446 741 1668 803 λυθῆναι
1730 762 1880 819 περι-

280 831 647 909 θρυλλούμενον
686 849 701 863 ο
749 836 842 885 καὶ
902 838 1029 904 γοῦν
1111 833 1368 907 ἔγγραφον
1452 834 1694 893 συνετέθη
1789 837 1881 886 καὶ

277 930 377 985 τῆς
433 923 568 983 θείας
598 917 822 975 συνόδου
870 924 1029 996 μέσον
1074 915 1375 995 ἕξελαλήθη,
1400 919 1619 976 τοιᾶσδέ
1655 940 1787 985 τινος
1825 926 1880 975 ὅν

277 1011 618 1089 περιλήψεως.

352 1116 431 1192 β’.
469 1125 668 1191 Στοιχῶ
698 1125 761 1192 τῇ
815 1122 996 1192 γνώμῃ
1050 1125 1141 1171 τοῦ
1191 1121 1480 1192 κρατίστου
1528 1123 1618 1173 καὶ
1675 1121 1877 1175 θεοστέο

274 1226 410 1261 πτου
459 1205 607 1278 ἀγίου
653 1207 804 1279 ἡμῶν
857 1205 1114 1280 βασιλέως
1178 1213 1270 1261 καὶ
1335 1207 1735 1282 αὐτοκράτορος,
1789 1214 1880 1263 καὶ

266 1303 364 1349 τοῦ
420 1295 717 1368 ἁγιωτάτου
773 1314 876 1368 μου
925 1291 1187 1349 δεσπότου
1224 1300 1314 1349 καὶ
1363 1297 1721 1371 οἰκουμενικοῦ
1776 1319 1878 1353 πα-

266 1385 556 1460 τριάρχου.
599 1390 692 1439 καὶ
750 1393 851 1438 τῶν
915 1383 1098 1461 ἑτέρων
1158 1385 1460 1459 ἁγιωτάτων
1510 1396 1877 1462 πατριαρχῶν,

272 1482 365 1528 τοῦ
421 1493 476 1527 τε
530 1473 866 1536 Θεουπόλεως
936 1474 1171 1547 μεγάλης
1226 1475 1574 1548 Ἀντιοχείας,
1635 1482 1725 1530 καὶ
1784 1485 1877 1530 τοῦ

268 1562 654 1639 Ἰεροσολύμων,
709 1569 802 1616 καὶ
837 1572 930 1626 τῆς
980 1566 1118 1639 ἱερᾶς
1172 1569 1260 1617 καὶ
1298 1568 1435 1627 θείας
1482 1563 1746 1620 συνόδουο
1786 1571 1878 1621 καὶ

258 1654 439 1705 πάντα
471 1656 558 1706 τὸν
594 1657 668 1726 μὴ
703 1655 926 1716 ταύταις
977 1651 1306 1726 ἀμεταθέτως
1346 1660 1438 1708 καὶ
1483 1658 1611 1728 μετά
1647 1658 1877 1731 καθαψ

265 1740 700 1801 ἀκολουθήσαντα
756 1737 1133 1813 συνειδήσεως,
1173 1746 1204 1801 ἤ
1246 1745 1460 1796 ἐναντία
1521 1751 1872 1819 φροῆσαντα,

267 1830 446 1894 ἑξότου
510 1833 571 1883 τό
628 1838 788 1904 κῦρος
840 1832 896 1883 αἱ
937 1839 1181 1885 τοιαῦται
1232 1841 1437 1906 γνῶμαι
1483 1833 1753 1908 εἰλήφασιν
1783 1879 1799 1906 ,
1837 1839 1868 1896 ἦ

270 1916 370 1972 διὰ
414 1917 534 1992 βίου
589 1925 943 1993 φρονήσαντα,
983 1917 1273 1994 ἀναθέματι
1323 1922 1700 1976 ααθυποϐάλλω
1728 1966 1742 1991 ,
1783 1929 1873 1979 καὶ

270 2006 489 2082 ἔμαυτόν
546 2003 626 2075 δε,
675 2007 721 2061 εἰ
771 2012 844 2081 μὴ
913 2006 1078 2070 οὓτως
1128 2010 1258 2081 ἔχω.
1297 2010 1438 2064 Ἐπεὶ
1482 2006 1542 2064 δὲ
1579 2008 1870 2066 σκάνδαλον

262 2096 528 2170 ἐνέπεσεν,
562 2096 645 2150 ὃτι
682 2099 815 2158 τινες
980 2099 1074 2161 τὰς
1122 2100 1370 2161 τοιαύτας
1410 2105 1621 2175 γνώμας
1673 2121 1870 2178 παρερ-

266 2188 560 2261 μηνεύουσι
586 2227 602 2254 ,
640 2184 870 2259 λέγοντες
904 2191 978 2260 μὴ
1043 2188 1278 2241 νοεῖσθαι
1330 2193 1427 2247 τὴν
1482 2197 1574 2243 τοῦ
1624 2189 1870 2251 ἀληθινοῦ

272 2283 408 2331 Θεοῦ
433 2281 525 2329 καὶ
562 2282 799 2352 Σωτῆρος
846 2277 994 2350 ἡμῶν
1033 2275 1213 2336 Ἰησοῦ
1265 2285 1501 2353 Χριστοῦ
1555 2285 1724 2354 φωνην
1752 2286 1869 2350 τήν,

268 2362 330 2418 ’0
373 2370 553 2440 Πατήρ
591 2384 693 2439 μου
739 2365 933 2440 μείζων
990 2363 1124 2439 ἐστὶ,
1155 2369 1434 2444 καθώσπερ
1490 2373 1625 2423 κατά
1682 2366 1870 2446 διαφό-

274 2473 397 2530 ρους
439 2454 711 2528 ἐξηγήσεις
775 2457 919 2530 ποιρά
956 2462 1055 2508 τῶν
1114 2457 1369 2530 θεοφόρων
1429 2458 1590 2531 ἁγίων
1631 2465 1871 2535 Πατέρων

276 2545 598 2620 ἡρμηνεύθη,
633 2549 726 2597 καὶ
752 2544 869 2597 κατ’
902 2543 1065 2603 αὐτὴν
1103 2550 1198 2604 τὴν
1250 2545 1301 2599 ἐν
1328 2553 1401 2618 τῷ
1457 2548 1598 2621 αύτῷ
1652 2558 1870 2626 Χριστῷ

275 2632 597 2709 ἀνθρωπίνην
651 2637 871 2693 κτιστὴν
908 2637 1000 2686 καὶ
1044 2640 1405 2710 περιγραπτην
1434 2640 1609 2710 φύσιν,
1636 2641 1737 2692 καθ
1810 2641 1870 2701 ἣν

268 2725 515 2782 παθητὴν
566 2729 679 2778 τότε
714 2742 878 2778 ουσαν
924 2728 1012 2778 καὶ
1066 2726 1303 2795 πέπονθε,
1345 2731 1476 2800 μόνῃ
1518 2724 1577 2781 δι
1611 2737 1675 2802 τῇ
1715 2736 1871 2783 κενώ-

267 2833 351 2868 σει
401 2817 496 2874 τὴν
544 2817 788 2872 τοιαύτην
849 2818 1020 2887 φωνὴν
1083 2819 1526 2890 προσαρμόζουσι
1568 2834 1581 2849 ·
1612 2822 1743 2883 τινες
1811 2817 1871 2874 δὲ

268 2909 369 2956 καὶ
403 2911 468 2975 τῇ
509 2905 639 2956 κατά
671 2903 828 2976 ψιλὴν
884 2903 1116 2957 ὶπίνοιαν
1167 2901 1427 2980 διαιρέσει
1482 2913 1572 2967 τὴν
1622 2928 1870 2969 τοιαυτην

272 3000 374 3046 τοῦ
429 2996 623 3067 Κυρίου
675 2998 832 3065 φωνην
885 2992 1228 3068 ἀπονέμουσι,
1277 2995 1503 3067 λέγοντες
1560 3005 1870 3074 προσαρμό-

1988 480 2230 552 ptarum
2284 473 2370 532 ibi
2417 474 2851 533 sententiarum
2902 489 3151 532 sensum
3213 478 3647 548 pervertentes,

1989 570 2340 640 sectamque
2362 564 2478 623 sibi
2504 564 2766 623 conﬂare
2795 568 3102 622 conantes.
3131 565 3323 629 Quam
3350 580 3479 623 rem
3505 582 3649 625 cum

1988 652 2263 729 synodus
2288 654 3173 725 considerasset,necessarium
3203 669 3332 711 esse
3356 654 3650 727 judicavit

1986 760 2263 802 rumores
2286 743 2640 817 hujusmodi
2670 743 3503 818 ccmprimere.Quamobrem
3527 745 3648 803 for-

1988 833 2156 892 mula
2179 833 2521 908 composita
2547 834 2871 908 mediaque
2891 832 2955 892 in
2985 832 3222 907 synodo
3249 832 3495 894 recitata
3512 833 3644 900 fuit,

1987 921 2164 995 cujus
2187 921 2553 983 continentia
2577 921 2731 983 haec.

2057 1121 2111 1173 2.
2153 1119 2385 1193 Sequor
2434 1118 2797 1177 sententiam
2842 1116 3242 1193 potentissimi
3267 1133 3306 1178 a
3332 1119 3457 1177 Deo
3481 1134 3651 1178 coro-

1984 1206 2110 1264 nati
2156 1208 2350 1265 sancti
2401 1208 2593 1266 nostri
2632 1208 2790 1281 regis
2841 1212 2900 1266 et
2920 1205 3321 1281 imperatoris,
3351 1223 3464 1266 nec
3513 1224 3643 1268 non

1986 1297 2351 1354 sanctissimi
2399 1298 2519 1355 mei
2544 1297 2775 1355 domini
2796 1301 2854 1355 et
2884 1295 3240 1354 meumenici
3265 1298 3648 1371 patriarchae.

1985 1390 2043 1442 et
2060 1384 2315 1442 aliorum
2344 1386 2864 1444 sanctissimorum
2896 1385 3402 1459 patriarcharum,
3424 1402 3649 1462 nempe

1984 1474 2152 1531 urbis
2189 1476 2288 1532 Dei
2326 1492 2568 1548 magnae
2617 1476 3043 1542 Antiochias,ac
3070 1475 3646 1549 Hierosolymorum,

1985 1580 2292 1638 sacrasque
2321 1570 2380 1622 et
2421 1565 2643 1622 divinae
2668 1564 2907 1640 synodi.
2942 1568 3005 1621 Et
3033 1564 3383 1638 quicunque
3417 1566 3513 1623 his
3541 1565 3648 1624 ﬁr-

1984 1653 2156 1710 miter
2189 1659 2247 1710 et
2273 1669 2414 1711 cum
2436 1669 2593 1726 pura
2627 1654 2995 1712 conscientia
3025 1669 3150 1710 non
3181 1653 3524 1723 adhaeserit,
3546 1655 3648 1713 vel

1904 1752 1944 1808 Β
1983 1745 2283 1802 contraria
2310 1745 2582 1813 senserit,
2601 1749 2928 1819 postquam
2951 1744 3047 1802 hee
3076 1743 3364 1802 doctrinae
3382 1744 3643 1802 deﬁnitae

1982 1832 2223 1892 fuerunt
2248 1834 2345 1892 vel
2372 1833 2436 1892 in
2464 1840 2777 1909 posterum
2808 1834 3043 1905 sentiet,
3071 1850 3210 1892 eum
3252 1849 3366 1907 ego
3396 1835 3645 1894 anathe‘

1981 1923 2128 1980 mati
2158 1923 2437 1997 subjicio,
2472 1940 2691 2006 meque
2744 1923 2897 1982 adeo
2926 1924 3149 1998 ipsum,
3175 1923 3294 1981 nisi
3344 1923 3428 1981 sic
3457 1924 3647 1982 credi-

1979 2011 2147 2069 dero.
2182 2013 2481 2080 Quoniam
2511 2029 2655 2071 vero
2695 2013 3055 2071 scandalum
3082 2012 3309 2084 incidit,
3323 2017 3646 2087 propterea

1978 2100 2145 2175 quod
2159 2102 2434 2160 nonnulli
2462 2102 2575 2159 has
2606 2102 2932 2161 sententias
2951 2118 3146 2175 prava
3159 2102 3645 2177 interpretatione

1977 2191 2397 2263 pessumdant,
2427 2191 2695 2250 dicentes
2723 2207 2848 2249 non
2877 2191 3125 2265 intelligi
3146 2191 3272 2249 veri
3297 2191 3400 2248 Dei
3427 2195 3486 2250 et
3515 2194 3645 2251 Ser-

1979 2280 2202 2338 vatoris
2229 2280 2418 2338 nostri
2444 2283 2584 2337 Jesu
2626 2280 2838 2338 Christi
2882 2279 3250 2339 locutionem
3278 2282 3459 2339 Pater
3480 2297 3644 2340 meus

1978 2368 2174 2439 major
2202 2384 2294 2427 me
2335 2375 2442 2440 est,
2467 2368 2642 2426 sicuti
2674 2368 2851 2441 juxta
2898 2370 3171 2428 diversas
3199 2374 3548 2428 sanctorum
3586 2375 3645 2428 et

1978 2457 2413 2530 inspiratorum
2479 2461 2720 2516 Patrum
2765 2458 3285 2531 interpretationes
3346 2459 3646 2532 explicata

1979 2545 2106 2611 fuit,
2140 2545 2322 2604 etiam
2368 2546 2709 2604 secundum
2746 2546 3084 2605 humanam
3125 2546 3339 2605 Christi
3375 2551 3643 2606 creatam

1979 2635 2620 2709 circumscriptamque
2651 2641 2954 2704 naturam,
2977 2637 3037 2693 in
3062 2652 3188 2710 qua
3219 2641 3345 2694 tum
3370 2636 3645 2709 passibili

1977 2740 2194 2798 reapse
2220 2741 2443 2798 passus
2465 2731 2589 2781 est:
2617 2724 2724 2782 sed
2741 2725 2846 2782 uni
2876 2725 3267 2783 exinanitioni
3289 2725 3646 2797 hujusmodi

1978 2813 2303 2871 dictionem
2324 2813 2442 2886 ipsi
2472 2812 2979 2870 accommodant:
3008 2813 3262 2886 quidam
3287 2829 3432 2870 vero
3460 2813 3644 2871 etiam

1978 2901 2315 2960 secundum
2369 2902 2612 2958 unicam
2669 2917 2741 2958 ac
2785 2901 3120 2974 simplicem
3192 2901 3643 2959 distinctionem

1978 2991 2307 3048 mentalem
2357 2990 2486 3046 haec
2538 2988 2726 3046 verba
2775 2989 3144 3059 intelligunt;
3178 2989 3445 3045 dicentes
3484 2992 3644 3047 recte

276 3082 392 3144 ζειν
442 3084 654 3151 ταύτην,
680 3083 822 3138 ὁπότε
858 3084 891 3142 ἠ
924 3091 1020 3136 τοῦ
1087 3088 1284 3159 Κυρίου
1327 3085 1461 3161 σὰρξ
1514 3096 1707 3142 νοεῖται
1752 3089 1868 3143 καθ’

1981 3097 2046 3137 se
2075 3080 2300 3137 habere
2347 3079 2737 3148 locutionem,
2766 3079 2815 3135 si
2846 3095 2954 3152 per
2983 3078 3201 3135 mentis
3220 3076 3643 3151 prmeisionem

268 3171 465 3230 ἑαυτὴν
519 3174 870 3248 κεχωρισμένη
924 3179 1019 3234 τῆς
1084 3174 1342 3244 θεότητος,
1395 3173 1570 3251 ὣσπερ
1625 3178 1668 3230 εἰ
1731 3176 1873 3252 μηδὲ

262 3263 447 3321 amen
479 3277 498 3295 ⁸
535 3261 652 3315 καθ’
678 3263 731 3314 ὃν
769 3266 960 3336 τρόπον
1002 3267 1092 3316 καὶ
1133 3258 1294 3322 δούλη
1355 3269 1445 3319 καὶ
1483 3263 1749 3338 ἀγνοοῦσα
1785 3269 1871 3323 λέ-

266 3370 421 3423 γεται
450 3369 464 3385 ο
491 3357 579 3404 καί
616 3347 709 3404 διὰ
752 3360 906 3405 τοῦτο
949 3355 1087 3405 κατά
1122 3356 1218 3411 τὴν
1247 3356 1384 3406 κατά
1424 3352 1584 3425 ψιλὴν
1637 3356 1869 3410 ἐπίνοιαν

275 3437 569 3516 διαίρεσιν,
613 3444 682 3502 ὡς
722 3444 963 3515 εἰρηται,
1021 3441 1235 3514 λέγουσι
1290 3448 1385 3503 τὴν
1451 3450 1620 3517 φωνὴν
1674 3450 1867 3507 ταύτην

273 3530 533 3604 εἰρῆσθαι,
580 3529 640 3589 ἣν
688 3531 715 3583 ὁ
771 3531 926 3593 αὐτὸς
962 3535 1199 3605 Χριστός
1244 3534 1271 3585 ὁ
1327 3536 1448 3597 Θεὸς
1501 3537 1647 3608 ἡμῶν
1694 3540 1867 3611 εἴρηκε

269 3622 408 3673 κατὰ
454 3623 548 3678 τήν
594 3618 642 3673 ἓν
706 3620 846 3692 αὐτῷ
915 3620 1243 3697 ἀνθρωπίνην
1303 3628 1524 3684 κτιστήν
1571 3631 1662 3678 καὶ
1711 3647 1864 3703 περι-

270 3712 507 3781 γραπτὸν
543 3712 714 3782 φύσιν,
746 3711 866 3763 καθ’
896 3713 957 3769 ἣν
995 3715 1086 3764 καὶ
1142 3714 1387 3765 πέπονθεν
1422 3730 1435 3743 ·
1468 3714 1498 3774 ἡ
1541 3719 1632 3768 καὶ
1677 3716 1759 3769 ὅτι
1806 3720 1864 3770 τὸ

277 3806 376 3858 τῆς
432 3806 594 3860 κοινῆς
666 3801 866 3872 φύσεως
941 3796 1292 3873 ὑποδυόμενος
1365 3807 1645 3876 πρόσωπον
1710 3810 1863 3859 τοῦτό

280 3904 413 3959 φησι
449 3903 463 3916 ·
516 3887 626 3940 καθ’
690 3887 745 3939 ὃν
801 3891 990 3961 τρόπον
1025 3887 1231 3961 λέγεται
1267 3893 1358 3943 καὶ
1395 3892 1426 3949 ἡ
1468 3889 1859 3966 ἐγκατάλειψις,

280 3977 412 4050 ἢπερ
471 3975 574 4032 ἐστὶ
631 3986 743 4040 τοῖς
810 3981 1083 4055 θεηγόροις
1144 3983 1387 4054 Πατράσι
1441 3989 1705 4056 πτοσὼπῳ
1767 3993 1862 4048 τῆς

276 4074 450 4129 κοινῆς
497 4075 593 4120 τῶν
653 4065 934 4143 ἀνθρώπων
986 4072 1188 4142 φύσεως
1252 4068 1666 4146 ἓκλαμϐανομένη
1704 4095 1717 4108 ·
1772 4080 1863 4128 καὶ

271 4159 386 4219 τούς
408 4159 673 4222 τοιούτους
700 4157 1077 4213 καθυποϐάλλω
1106 4167 1179 4232 τῷ
1209 4158 1515 4234 ἀναθέματι.

333 4406 398 4479 γ’.
439 4408 505 4461 Αἱ
540 4411 713 4482 μέντοι
758 4416 963 4483 γνῶμαι
995 4426 1010 4442 °
1044 4410 1205 4482 ἤγουν
1234 4413 1265 4471 ἠ
1298 4415 1390 4487 μὲν
1436 4422 1528 4468 τοῦ
1575 4420 1857 4490 κρατίστου

269 4498 571 4551 θεοστίπτου
634 4497 787 4572 ἁγίου
840 4500 986 4573 ἡμῶν
1034 4499 1411 4577 αὐτοκράτορος
1475 4507 1589 4578 ἔχει
1649 4504 1815 4569 οὓτως
1839 4524 1853 4538 ’

267 4592 467 4659 Στοιχῶ
529 4594 642 4649 ταῖς
694 4593 927 4662 γνώμαις
983 4597 1082 4643 τῶν
1144 4592 1449 4663 ἁγιωτάτων
1510 4605 1858 4672 πατριάρχῶν

261 4680 351 4730 καὶ
376 4685 469 4738 τῆς
515 4678 655 4740 θείας
689 4683 781 4730 καὶ
838 4679 975 4755 ἱερᾶς
1024 4676 1252 4734 συνόδου
1286 4697 1300 4712 ’
1327 4688 1418 4735 καὶ
1454 4682 1583 4756 λέγω
1613 4686 1693 4739 ὅτι
1724 4686 1856 4748 αῦτη

258 4767 290 4825 ἦ
346 4765 478 4841 σάρξ
525 4774 618 4820 τοῦ
675 4771 910 4843 Κυρίου,
970 4766 1024 4832 ἐξ
1070 4770 1236 4834 αὐτῆς
1292 4770 1520 4836 ἐνωσεως
1573 4775 1857 4851 ὑπερύψω-

257 4855 428 4922 θεῖσα,
485 4860 575 4909 καὶ
628 4853 877 4910 ἀνωτάτω
925 4858 1102 4920 πάσης
1156 4868 1313 4933 τιμῆς
1367 4862 1704 4937 ὑπερκειμένη
1731 4907 1746 4933 ,
1788 4867 1859 4930 ὡς

251 4941 308 5008 ἒξ
352 4945 518 5020 ἄκρας
576 4943 802 5008 ίνώσεως
853 4946 1065 5019 ὁμόθεος
1126 4953 1405 5023 γενομένη,
1464 4949 1855 5026 ἀμεταϐλήτως,

251 5031 624 5105 ἀναλλοιώτως,
665 5033 986 5109 ἀσυγχύτως
1012 5043 1103 5091 καὶ
1153 5039 1438 5113 ἀτρέπτως,
1483 5038 1577 5115 δια
1603 5047 1699 5103 τὴν
1737 5048 1856 5099 καθ’

252 5122 542 5180 ὑπόστασιν
601 5125 810 5196 ἕνωσιν,
852 5130 944 5179 καὶ
1000 5124 1305 5201 ἀχώριστος
1355 5134 1446 5184 καὶ
1486 5128 1857 5197 ἀδιάσπαστος

249 5214 477 5287 μένουσα
536 5222 612 5287 τῷ
674 5203 1080 5290 προσλάϐομένῳ
1146 5217 1309 5278 αὐτὴν
1367 5227 1483 5294 Θεῷ
1532 5227 1706 5295 Λόγῳ,
1738 5225 1853 5278 ὶσο-

241 5301 403 5368 κλεῶς
442 5303 586 5377 αὐτῷ
638 5310 863 5379 τιμᾶται
917 5309 1008 5358 καὶ
1062 5316 1440 5383 προσκυνεῖται
1481 5317 1579 5384 μιᾷ
1626 5330 1856 5388 προσκυ-

237 5395 393 5455 νήσει
426 5409 445 5427 ’
488 5398 580 5449 καὶ
629 5400 743 5457 τοῖς
781 5393 1076 5469 βασιλικοῖς
1127 5402 1218 5452 καὶ
1276 5400 1427 5463 θείοις
1474 5399 1855 5479 ἔγκαθίδρυται

241 5485 429 5553 θώκοις
474 5483 531 5543 ἐκ
570 5482 760 5553 δεξιῶν
824 5491 920 5541 τοῦ
967 5490 1196 5565 Πατρός,
1235 5490 1307 5553 ὡς
1358 5493 1425 5546 τά
1460 5500 1558 5556 τῆς
1610 5494 1856 5560 θεότητος

519 5616 780 5675 Panos.
824 5612 929 5674 Gs.
968 5613 1121 5673 CXL.

1979 3186 2120 3227 caro
2142 3170 2374 3227 Domini
2403 3169 2537 3243 ipsa
2569 3184 2674 3241 per
2704 3184 2767 3225 se
2803 3173 2860 3225 et
2884 3167 3117 3242 absque
3147 3167 3453 3224 divinitate
3479 3168 3643 3240 cogi-

1980 3265 2153 3328 tetur,
2172 3265 2468 3333 tanquam
2488 3275 2563 3316 ne
2587 3258 2755 3316 unita
2777 3259 3028 3332 quidem
3048 3262 3206 3314 esset
3220 3275 3235 3326 ;
3249 3257 3424 3329 juxta
3452 3274 3643 3331 quam

1976 3350 2271 3407 rationem
2300 3352 2358 3405 et
2386 3363 2562 3405 serva
2598 3354 2655 3405 et
2682 3347 2878 3404 inscia
2908 3347 3151 3415 dicitur;
3193 3352 3638 3420 proptereaque

1976 3438 2312 3495 secundum
2360 3436 2696 3510 simplicem
2722 3437 2941 3492 mentis
2979 3436 3435 3494 distinctionem
3456 3435 3645 3493 verba

1972 3527 2104 3584 haec
2147 3526 2383 3600 prolata
2428 3525 2754 3594 afﬁrmant,
2786 3540 2922 3599 quae
2946 3540 3157 3597 reapse
3182 3524 3344 3580 idem
3371 3523 3639 3580 Christus

1974 3620 2128 3673 Deus
2149 3620 2354 3672 noster
2376 3615 2526 3671 dixit
2551 3614 2885 3670 secundum
2914 3629 3091 3669 suam
3121 3613 3459 3669 humanam
3478 3629 3641 3671 erea-

1972 3710 2098 3761 tam
2145 3704 2782 3777 circumscriptamque
2825 3707 3126 3774 naturam,
3160 3701 3223 3757 in
3280 3717 3405 3774 qua
3457 3701 3640 3758 etiam

1969 3810 2192 3867 passus
2211 3798 2332 3850 est:
2364 3793 2452 3849 vel
2470 3792 2653 3848 etiam
2682 3792 2893 3846 dicunt
2915 3789 3212 3846 Christum
3238 3790 3324 3845 sic
3344 3789 3637 3859 locutum,

1971 3887 2273 3953 quatenus
2305 3881 2648 3937 communis
2685 3883 2917 3935 naturae
2946 3890 3278 3953 personam
3308 3891 3637 3950 repraesen-

1969 3972 2168 4040 tabat;
2201 3970 2537 4028 secundum
2588 3984 2779 4042 quam
2830 3969 3125 4025 rationem
3186 3966 3404 4022 dicitur
3454 3966 3637 4024 etiam

1970 4061 2275 4119 derelictio
2305 4062 2365 4117 in
2393 4075 2588 4131 cruce,
2625 4045 2812 4132 quam
2855 4060 2973 4114 Deo
3014 4055 3289 4127 inspirati
3322 4055 3529 4111 Patres
3559 4056 3639 4112 de

1968 4150 2312 4209 communis
2340 4149 2661 4208 hominum
2712 4151 2944 4204 naturae
2978 4160 3243 4220 persona
3290 4144 3630 4217 arcipiunt;

1966 4240 2083 4297 hos
2145 4240 2345 4307 etiam,
2389 4239 2663 4311 inquam,
2720 4235 2806 4292 sic
2881 4234 3200 4308 opinantes
3259 4232 3634 4291 anathemati

1969 4327 2245 4400 subjicio.

2037 4422 2091 4475 3.
2134 4420 2219 4474 En
2248 4420 2449 4473 autem
2480 4413 2644 4487 ipsas
2666 4410 3011 4469 sententias.
3046 4412 3114 4467 Et
3139 4409 3390 4483 quidem
3416 4413 3630 4483 poten-

1968 4506 2179 4565 tissimi
2199 4521 2237 4562 a
2259 4507 2378 4562 Deo
2399 4501 2671 4561 coronati
2687 4500 2876 4558 sancti
2894 4499 3084 4557 nostri
3101 4498 3481 4571 imperatoris
3500 4514 3633 4556 sen-

1968 4594 2151 4653 tentia
2180 4595 2262 4652 ita
2293 4609 2357 4651 se
2386 4592 2829 4664 habet.Sequor
2866 4588 3191 4645 sententias
3220 4589 3629 4646 sanctissimo-

1965 4701 2103 4743 rum
2145 4681 2627 4758 patriarcharum
2661 4684 2717 4736 et
2754 4678 2973 4735 divinae
3003 4681 3349 4751 sanctasque
3387 4678 3628 4751 synodi,

1967 4776 2188 4848 aioque
2225 4773 2421 4847 ipsam
2452 4769 2690 4828 Domini
2742 4782 2988 4825 carnem
3041 4765 3463 4838 conjunctione
3488 4782 3628 4824 cum

1967 4864 2158 4921 Verbo
2185 4861 2836 4932 cxaltatam,supraque
2858 4870 3107 4914 omnem
3126 4855 3424 4912 honorem
3448 4855 3626 4912 collo-

1967 4958 2189 5021 catam,
2210 4953 2313 5025 (ita
2340 4956 2407 5006 ut
2432 4950 2546 5006 hoc
2574 4946 2793 5005 eximio
2814 4960 2976 5003 nexu
2995 4943 3275 5000 deiﬁcata
3296 4943 3387 5015 sit)
3406 4942 3625 5000 immu-

1966 5042 2241 5115 tabiliter,
2296 5036 2748 5103 invariabiliter,
2793 5033 3133 5100 inconfusc,
3164 5031 3628 5089 inconvertibili-

1964 5126 2474 5206 ter,hypostaticae
2494 5127 2629 5200 conj
2638 5122 2935 5183 unctionis
2951 5121 3142 5195 gratia
3152 5119 3624 5194 inseparabilem

1962 5221 2513 5293 indivisibilemque
2527 5232 2668 5274 man
2677 5218 3044 5281 entem,cum
3064 5210 3626 5285 assumenteipsam

1965 5318 2085 5372 Deo
2115 5312 2336 5383 Verbo,
2364 5309 2494 5384 pari
2534 5307 2767 5365 honore
2796 5303 2911 5362 coli
2939 5304 2999 5360 et
3024 5299 3288 5374 adorari,
3311 5300 3494 5362 unica
3519 5303 3627 5361 ad-

1964 5403 2254 5475 oratione,
2286 5399 2573 5473 regioque
2624 5400 2681 5455 et
2726 5393 2931 5452 divino
2985 5391 3050 5450 in
3096 5391 3248 5450 solio
3299 5392 3381 5451 ad
3438 5392 3626 5453 Patris

1963 5494 2276 5554 dexteram
2321 5489 2605 5558 residere,
2654 5488 2862 5559 utpote
2898 5498 3034 5559 quae
3083 5482 3415 5543 Divinitatis
3452 5485 3624 5546 dotes

3305 5612 3338 5671 9
