4148 6378
540 283 648 338 267

1884 276 2166 335 NICETJE
2207 275 2586 336 CHONIATE

3811 293 3907 350 268

538 403 833 476 gloriosas
857 404 1079 479 adepta
1100 407 1207 470 est,
1237 402 1420 461 salvis
1448 405 1801 459 naturarum
1832 401 2199 474 proprietati-

2315 402 2609 476 αὐχήματα
2629 407 3134 482 καταπλουτήσασα,
3163 409 3466 484 σωζομένων
3492 420 3592 464 τῶν
3639 409 3906 475 ἰδιοτήτων

537 493 678 551 bus.

606 585 660 639 4.
707 582 1079 640 Sanctissimi
1111 586 1315 639 autem
1369 578 1559 635 nostri
1595 577 1824 634 domini
1851 579 2205 636 oecumenici

535 672 895 744 patriarchae
925 671 1220 728 sententia
1251 669 1384 726 talis
1412 667 1540 723 fuit.
1566 667 1700 724 Mihi
1733 667 2012 723 videntur
2034 672 2204 740 quot-

533 766 686 834 quot
708 761 981 834 episcopi
1033 776 1104 816 ac
1132 757 1439 832 praepositi
1471 757 1550 813 de
1579 756 1791 812 Christi
1830 757 2204 814 humanitate

533 851 694 906 dicta
723 849 1105 905 afﬁrmarunt
1146 847 1364 904 verba:
1389 848 1569 903 Pater
1589 862 1751 902 meus
1768 848 1968 916 major
1989 863 2079 902 me
2095 853 2198 917 est,

530 938 596 994 id
620 943 710 994 est
737 937 1078 993 secundum
1103 937 1235 1008 ejus
1261 941 1528 992 creatam
1554 935 1890 990 humanam
1919 941 2203 990 naturam

531 1028 596 1084 in
633 1043 758 1100 qua
791 1031 846 1082 et
873 1043 1094 1098 passus
1122 1031 1229 1095 est,
1263 1030 1420 1081 recte
1468 1029 1526 1080 et
1564 1024 1861 1079 inoffense
1913 1030 2093 1096 atque
2123 1024 2202 1080 ad

531 1116 912 1188 propositum
959 1114 1345 1187 respondisse
1379 1131 1392 1168 :
1426 1112 1533 1186 qui
1579 1117 1780 1168 autem
1838 1112 2007 1168 aliter
2035 1113 2200 1168 dixe-

530 1208 690 1273 runt,
713 1203 971 1260 obscure
1011 1201 1400 1275 respondisse
1453 1201 1753 1267 videntur,
1786 1201 1910 1256 imo
1948 1203 2102 1256 inter
2139 1217 2201 1256 se

532 1293 841 1351 discordes
857 1309 1056 1365 neque
1085 1292 1164 1348 ad
1195 1290 1574 1363 propositum
1616 1288 2024 1346 collineantes.
2061 1293 2202 1347 San-

532 1382 786 1438 ctissimi
821 1386 1023 1439 autem
1077 1379 1242 1436 urbis
1296 1379 1400 1434 Dei
1448 1392 1689 1448 magnae
1725 1379 2052 1434 Antiochia:
2095 1395 2202 1451 pa-

529 1471 825 1538 triarchae,
858 1470 989 1525 haec
1009 1469 1141 1524 fuit.
1168 1466 1596 1524 Sanctissimus
1639 1467 1984 1538 patriarcha
2033 1468 2200 1523 urbis

529 1559 635 1616 Dei
657 1575 899 1632 magna;
917 1558 1250 1615 Antiochia:
1272 1556 1372 1622 ait,
1397 1556 1626 1612 dictum
1647 1555 1831 1612 fuisse
1863 1573 1899 1613 a
1930 1557 2159 1614 Christo
2183 1574 2197 1611 :

528 1649 718 1706 Pater
742 1665 903 1706 meus
949 1651 1146 1716 maior
1164 1662 1255 1703 me
1297 1651 1404 1714 est,
1429 1646 1611 1702 etiam
1641 1645 1978 1701 secundum
2009 1648 2200 1702 incar-

2312 501 2412 544 τῶν
2445 497 2663 565 φύσεων.

2385 579 2450 637 δῖ
2488 581 2545 635 Ἠ
2588 580 2648 636 δὲ
2685 593 2776 638 τοῦ
2844 586 3139 658 ἁγιωτάτου
3199 590 3344 660 ἡμῶν
3399 585 3661 643 δεσπότου
3709 598 3797 646 καὶ
3834 595 3907 646 οἰ-

2310 681 2618 742 κουμενικού
2691 678 3026 750 πατριάρχου
3086 676 3246 737 οὑτως
3305 678 3447 748 (42)·
3479 681 3560 731 ὅτι
3620 680 3765 753 Ἐμοὶ
3829 680 3909 736 δο-

2310 767 2493 811 κοῦσιν
2533 761 2650 813 ὅσοι
2679 764 2820 815 εἷπον
2859 772 2959 816 τῶν
3001 764 3289 840 ἀρχιερέων
3351 771 3441 819 xui
3489 776 3590 819 τῶν
3648 767 3909 844 ἀρχόντων

2310 851 2446 900 κατά
2483 852 2541 901 τὸ
2596 848 2644 902 ἐν
2709 861 2781 922 τῷ
2841 861 3052 929 Χριστῷ
3103 853 3423 928 ἀνθρώπινον
3481 857 3728 930 εἰρῆσθαι
3757 860 3910 930 τό,’0

2311 944 2491 1012 Πατήρ
2553 960 2653 1011 μου
2706 943 2897 1014 μειζων
2965 947 3065 1016 μού
3123 943 3286 1006 ἐστιν,
3346 950 3504 1018 ἤγουν
3557 952 3691 1000 κατά
3741 955 3830 1009 τὴν
3867 949 3911 1003 ἐν

2309 1028 2450 1099 αὐτῷ
2518 1028 2844 1103 ἀνθρωπίνην
2902 1040 3125 1092 κτιστήν
3192 1039 3366 1108 φύσιν,
3401 1038 3521 1090 καθ’
3561 1039 3621 1096 ἣν
3661 1046 3752 1092 καὶ
3820 1045 3909 1093 πέ-

2308 1119 2508 1184 πονθεν,
2563 1119 2730 1193 ὀρθῶς
2781 1126 2872 1175 xui
2931 1121 3308 1195 ἀπροσκόπτως
3357 1131 3614 1200 καὶπρὸς
3653 1133 3748 1186 τὴν
3788 1127 3911 1203 ἐρώ-

2306 1225 2462 1264 τησιν
2500 1207 2888 1282 ἀποκρίνασθαι
2935 1229 2948 1241 ·
2996 1215 3046 1264 οἱ
3085 1210 3146 1265 δὲ
3198 1214 3362 1276 ἄλλως
3403 1215 3690 1290 εἰρηκότες,
3736 1217 3904 1290 ἀσαφῆ

2306 1298 2650 1368 ποιησάμενοι
2688 1303 2780 1357 τὴν
2821 1299 3120 1374 ἀπόκρισιν,
3170 1307 3260 1354 καὶ
3317 1303 3508 1375 μᾶλλον
3562 1309 3698 1379 πρὸς
3761 1305 3907 1365 ἀλλή-

2305 1384 2423 1470 λους
2473 1391 2545 1457 μὴ
2615 1395 3077 1460 συμφωνήσαντες,
3142 1389 3268 1443 ούδὲ
3332 1396 3459 1467 πρὸς
3511 1399 3605 1453 τὴν
3660 1394 3906 1470 ἐρώτησιν

2309 1469 2531 1527 δοκοῦσι
2605 1495 2695 1547 μοι
2761 1476 3168 1552 ἀποκρίνασθαι.
3220 1480 3278 1533 Ἦ
3334 1478 3394 1534 δὲ
3456 1490 3550 1535 τοῦ
3616 1486 3906 1555 ἀγιωτάτου

2306 1566 2644 1638 πατριάρχου
2701 1568 3021 1628 Θεουπόλεως
3077 1570 3308 1642 μεγάλης
3349 1571 3674 1644 Ἀντιοχείας
3721 1572 3906 1635 οὕτως.

2305 1651 2364 1703 Ὀ
2455 1652 2738 1724 ἀγιὼτατος
2825 1661 3170 1732 πατριάρχης

3263 1661 3591 1724 Θεόυπὸλεως
3684 1663 3908 1735 μεγάλης

527 1743 836 1795 nationem
848 1741 1235 1808 creatamque
1250 1750 1426 1790 suam
1450 1739 1732 1790 naturam
1755 1735 2196 1806 acpassibilem.

2312 1741 2635 1813 Ἀντιοχείας
2699 1741 2835 1796 εἶπεν
2885 1746 3128 1817 εἰρῆσθαι
3166 1752 3225 1798 τό
3257 1765 3269 1776 ·
3299 1748 3358 1800 Ὁ
3421 1755 3604 1825 Πατήρ
3673 1771 3773 1823 μου
3811 1756 3917 1824 μεί-

532 1827 902 1884 Sanctissimi
945 1825 1208 1896 denique
1240 1823 1791 1894 Hierosolymorum
1839 1825 2198 1895 patriarchae

529 1914 836 1987 ejusmodi
857 1914 1154 1970 sententia
1169 1912 1734 1968 fuit.Sanctissimus
1757 1913 2198 1986 Hierosolymo-

527 2020 667 2062 rum
696 2003 1039 2076 patriarcha
1060 2002 1212 2058 dixit
1231 2017 1244 2055 :
1263 2000 1399 2056 Jam
1432 2006 1678 2056 sanctus
1710 2001 1962 2072 Spiritus
1982 2003 2192 2067 verba,

527 2094 716 2150 Pater
758 2107 924 2148 meus
961 2093 1163 2160 major
1199 2104 1292 2146 me
1331 2095 1436 2158 est,
1471 2087 1793 2160 explicavit
1821 2105 1928 2160 per
1957 2096 2197 2146 sanctos

528 2197 912 2253 magnosque
957 2179 1395 2235 illuminatores
1427 2176 1725 2240 Ecclesiae,
1757 2185 2197 2235 sacrosanctas-

528 2285 650 2345 que
680 2270 971 2343 synodos.
1007 2269 1251 2341 Recipio
1294 2269 1476 2338 igitur
1525 2273 1772 2323 cunctas
1820 2270 2189 2332 traditiones.

529 2360 867 2416 secundum
891 2374 1047 2431 quas
1073 2358 1176 2414 illa
1198 2357 1387 2412 verba
1403 2355 1701 2413 intellecta
1731 2359 2194 2422 sunt.Quoniam

527 2463 673 2506 vero
719 2447 1099 2504 atﬂrmarunt
1146 2448 1387 2508 Patres,
1440 2445 1669 2501 dictum
1723 2446 1839 2502 hoc
1879 2463 1917 2503 a
1965 2447 2192 2504 Christo

529 2539 718 2596 fuisse
747 2543 877 2594 tum
929 2541 1229 2609 quatenus
1281 2551 1458 2591 verus
1504 2537 1659 2590 Deus
1709 2541 1818 2602 est,
1852 2542 1980 2591 tum
2011 2538 2193 2593 etiam

529 2633 834 2702 quatenus
861 2642 1039 2682 verus
1075 2627 1282 2692 homo,
1323 2627 1429 2698 qui
1459 2640 1678 2697 nempe
1707 2631 1973 2682 creatam
2003 2628 2194 2699 passi-

531 2717 841 2790 bilemque
866 2720 1145 2772 naturam
1177 2714 1449 2784 habet,in
1475 2729 1598 2786 qua
1627 2715 1806 2770 etiam
1829 2731 2048 2787 passus
2079 2723 2190 2782 est,

531 2807 628 2863 aio
657 2806 720 2862 id
741 2807 944 2877 ipsum
986 2821 1100 2875 ego
1125 2819 1390 2877 quoque,
1423 2818 1621 2876 neque
1649 2804 1882 2860 inﬁcias
1903 2805 1986 2860 ire
2012 2820 2189 2877 queo.

531 2894 632 2952 His
658 2899 862 2952 autem
910 2894 1219 2950 sententiis
1263 2893 1567 2963 sigillatim
1619 2891 2032 2964 subscriptum
2053 2895 2190 2960 fuit;

531 3000 739 3058 easque
759 2984 930 3041 lectae
957 2989 1100 3040 sunt
1115 2983 1396 3040 audiente
1423 2982 1807 3038 sanctissimo
1820 2983 2195 3039 oecumenico

2310 1830 2411 1890 ζων
2467 1851 2568 1902 μου
2607 1837 2751 1904 παρὰ
2788 1842 2880 1886 τοῦ
2932 1842 3191 1908 Χριστοῦ,
3240 1842 3332 1888 καὶ
3367 1840 3502 1890 κατὰ
3538 1844 3634 1897 τὴν
3673 1839 3917 1914 ἐνανθρω-

2307 1936 2471 1976 πησιν
2528 1925 2617 1970 xui
2675 1926 2735 1971 τό
2786 1920 2835 1971 ἐν
2898 1921 3039 1991 αύτῷ
3075 1929 3148 1990 τῷ
3204 1928 3419 1992 Χριστῷ
3455 1931 3673 1978 κτιστόν
3721 1947 3778 1980 τε
3832 1932 3921 1980 καὶ

2305 2009 2558 2064 παθητόν.
2607 2007 2664 2060 Ἠ
2723 2005 2783 2060 δε
2821 2017 2914 2060 τού
2967 2009 3258 2078 ἁγιωτάτου
3299 2013 3647 2086 πατριάρχου
3705 2015 3921 2091 Ἱεροσο-

2304 2094 2477 2166 λύμων
2534 2095 2698 2157 οὑτως
2731 2112 2744 2124 ·
2775 2095 2835 2148 ²Ο
2883 2095 3173 2167 ἁγιώτατος
3231 2100 3574 2174 πατριάρχης
3637 2101 3923 2177 Ἱεροσολύ-

2303 2203 2412 2255 μων
2478 2179 2612 2235 εἶπεν
2647 2204 2659 2216 ·
2708 2183 2941 2256 Ἐφθασε
3001 2189 3060 2237 τό
3138 2192 3346 2258 Πνεῦμα
3406 2192 3464 2239 τό
3504 2189 3658 2259 ἅγιον
3711 2195 3770 2242 τό
3807 2211 3820 2224 ·
3861 2192 3917 2244 Ὁ

2304 2277 2484 2346 Πατήρ
2524 2291 2625 2344 μου
2682 2273 2872 2344 μείζων
2930 2277 3030 2346 μού
3080 2274 3242 2345 ἐστιν,
3300 2275 3617 2350 ἑρμηνεῦσαι
3678 2275 3772 2330 διὰ
3815 2287 3913 2330 τῶν

2301 2359 2459 2431 ἁγίων
2518 2366 2609 2413 καὶ
2660 2361 2891 2432 μεγάλων
2942 2367 3228 2436 φωστήρων
3277 2371 3373 2424 τῆς
3431 2363 3750 2427 Ἐκκλησίας
3823 2372 3910 2419 καὶ

2299 2458 2400 2501 τῶν
2426 2449 2587 2520 ἁγίων
2641 2455 2732 2503 καὶ
2779 2453 2924 2523 ἱερῶν
2979 2449 3214 2504 συνόδων
3249 2469 3260 2481 ·
3297 2449 3530 2525 δέχομαι
3567 2463 3696 2526 γοῦν
3735 2458 3911 2517 πάσας

2300 2541 2394 2601 τὰς
2457 2536 2692 2611 ἐκδοχάς
2753 2541 2872 2592 καθ’
2929 2539 2986 2600 ἃς
3043 2543 3376 2613 ἡρμήνευσαν
3437 2543 3588 2600 αύτό.
3653 2544 3794 2597 Ἐπεὶ
3852 2541 3909 2596 δὲ

2300 2629 2572 2699 εἰρήκασιν
2613 2629 2694 2680 ὁτι
2748 2635 2837 2681 καὶ
2879 2633 2946 2691 ὡς
2995 2634 3122 2689 Θεὸς
3159 2630 3366 2697 τέλειος,
3399 2636 3489 2683 xui
3545 2637 3611 2693 ὡς
3640 2634 3907 2706 ἄνθρωπος

2299 2717 2487 2778 τεἿειος
2530 2719 2731 2792 εἴρηκεν
2784 2719 2809 2770 ὁ
2851 2719 3008 2780 αὐτὸς
3060 2723 3288 2790 Χριστὸς
3344 2723 3400 2771 τό
3457 2730 3694 2774 τοιοῦτον
3733 2723 3900 2796 ῥητὸν,

2302 2809 2464 2876 ἤγουν
2494 2806 2564 2867 ὡς
2593 2809 2728 2878 ἔχων
2759 2806 2808 2858 ἐν
2849 2806 3014 2876 ἑαυτῷ
3043 2811 3136 2864 τὴν
3171 2812 3392 2865 κτιστὴν
3413 2812 3569 2880 φύσιν
3608 2816 3702 2862 xui
3733 2811 3898 2864 παθη-

2302 2899 2396 2952 τὴν
2436 2895 2552 2946 καθ’
2588 2895 2648 2953 ἣν
2674 2900 2762 2946 καὶ
2788 2897 3007 2947 πέπονθε
3039 2909 3052 2923 '
3094 2895 3226 2966 λέγω
3264 2902 3354 2948 καὶ
3385 2898 3537 2958 αὐτὸς
3560 2903 3629 2951 τὰ
3666 2900 3799 2950 αύτὰ
3820 2899 3905 2948 xui

2303 2984 2362 3035 ού
2417 2981 2648 3056 δύναμαι
2696 2983 2965 3057 ἀρνεῖσθαι
2997 3000 3010 3012 °
3041 2986 3066 3036 ὁ
3105 2990 3194 3037 xui
3242 2987 3538 3060 ὑπεγράφη,
3584 2987 3906 3060 ύναγνωσθεν

534 3073 878 3130 Patriarcha
925 3071 1253 3143 divinaque
1312 3075 1368 3127 et
1430 3085 1607 3127 sacra
1659 3070 1919 3142 synodo,
1957 3085 2065 3142 per
2095 3070 2196 3126 Dei

2307 3071 2352 3124 ἐν
2391 3075 2596 3144 ἐπηκόῳ
2661 3082 2753 3125 τοῦ
2811 3073 3103 3144 ἁγιωτάτου
3160 3077 3267 3126 καὶ,
3307 3075 3670 3148 οἰκουμενικοῦ
3729 3093 3908 3147 πατρι-

533 3162 1034 3220 amantissimum
1055 3175 1351 3230 magnum
1378 3159 1878 3232 scevophylacem
1903 3162 2198 3216 Joannem

533 3249 1232 3323 pantechnem.Denique
1251 3248 1558 3319 adjectum
1581 3253 1673 3303 est
1691 3248 1999 3304 decretum
2017 3264 2200 3320 syno-

536 3338 764 3402 dicum,
823 3338 994 3410 cujus
1058 3337 1494 3394 continentiam
1561 3337 1626 3392 in
1689 3337 2200 3408 consequentibus

535 3427 778 3486 damus.

1129 3533 1336 3590 ACTIO
1379 3533 1618 3590 SEXTA.

535 3643 758 3700 Mensis
806 3641 1021 3698 Martii
1066 3641 1163 3697 die
1209 3641 1506 3708 vicesima,
1569 3638 1916 3695 indictionis
1963 3639 2201 3696 decima

1054 3735 1309 3803 quarta,
1340 3730 1436 3786 die
1456 3730 1683 3800 prima.

612 3846 661 3896 1.
701 3839 1066 3897 Ριιωεὶάόηῐθ
1099 3837 1480 3895 sanctissimo
1517 3841 1724 3893 nostro
1761 3837 2012 3894 domino
2035 3854 2200 3894 aecu-

536 3930 778 3988 menico
823 3928 1172 4002 patriarcha
1223 3926 1475 3983 domino
1530 3928 1689 3984 Luca
1729 3927 1792 3982 in
1844 3927 2201 3983 occidentali

537 4020 1012 4077 catechumeneo
1029 4034 1042 4084 ;
1062 4015 1516 4072 considentibus
1543 4015 1914 4080 Caesariensi,
1933 4017 2201 4072 Nicome-

537 4106 1148 4176 diensi,Melitenensi,
1172 4106 1522 4175 Gangrensi,
1550 4105 1895 4173 Larissensi,
1917 4106 2200 4175 Cretensi,

536 4195 1110 4269 Philippopolitano,
1136 4193 1534 4264 Euchaitensi,
1577 4193 1968 4266 Philippensi,
2003 4194 2204 4262 Hiera-

534 4285 828 4358 politano,
871 4285 1156 4352 Serrensi,
1208 4282 1524 4355 Abydeno,
1576 4282 1930 4349 Paronaxio,
1963 4282 2200 4350 Milesio,

536 4375 1089 4448 Arcadiopolitano,
1114 4374 1310 4443 Pario,
1335 4373 1784 4437 Prmconnesio,
1819 4372 1908 4429 Sel
1912 4372 2200 4444 ybriensi,

535 4463 956 4530 Anchialensi;
986 4463 1324 4521 astantibus
1379 4462 1646 4519 dominis
1693 4461 2070 4534 praepositis;
2103 4461 2204 4518 Dei

535 4554 994 4613 amantissimus
1029 4568 1292 4624 magnus
1324 4551 1733 4624 scevophylax
1755 4553 2018 4608 Joannes
2049 4554 2203 4607 Pan-

535 4644 801 4713 technes,
823 4647 891 4699 ut
912 4659 978 4698 se
1007 4642 1177 4698 omni
1203 4641 1551 4714 suspicione
1568 4645 1876 4713 purgaret,
1902 4639 2075 4696 sicuti
2096 4655 2204 4712 pa-

532 4732 662 4790 lam
696 4733 760 4788 ﬁt
785 4748 853 4788 ex
872 4729 1401 4804 progredientibus
1427 4728 1648 4802 synodi
1677 4728 1950 4795 decretis,
1987 4729 2204 4784 sistens

537 4837 601 4879 se
644 4821 826 4879 hodie
870 4821 1014 4891 legit
1057 4837 1130 4876 ex
1173 4819 1376 4876 libello
1407 4818 1838 4876 continentiam
1861 4818 2012 4889 ejus.
2036 4820 2204 4875 Post-

531 4927 722 4984 quam
758 4911 939 4982 igitur
973 4911 1105 4967 haec
1144 4910 1299 4967 lecta
1325 4913 1467 4965 sunt
1495 4908 1734 4980 publice
1765 4924 1972 4964 coram
1997 4913 2204 4964 nostra

534 5001 951 5060 mediocritate
998 5015 1294 5072 sacraque
1348 4997 1587 5070 synodo
1614 5039 1630 5065 ,
1670 4997 1732 5053 in
1770 4998 1887 5054 hac
1915 4997 2204 5055 schedula

531 5108 757 5150 nomen
803 5106 984 5147 suum
1028 5088 1402 5160 subscripsit,
1435 5101 1619 5159 seque
1653 5087 1822 5142 omni
1861 5086 2202 5158 suspicione

533 5180 836 5251 purgavit,
862 5181 946 5236 ita
977 5184 1043 5235 ut
1074 5178 1389 5250 superiora
1420 5176 1640 5248 synodi
1680 5177 1920 5232 decreta
1946 5176 2094 5232 nihil
2123 5175 2204 5232 ad

533 5269 737 5339 ipsum
769 5270 901 5338 jam
924 5268 1265 5324 attinerent.
1299 5265 1524 5322 Deinde
1555 5270 1866 5321 exaratum
1893 5265 1954 5320 in
1987 5265 2202 5321 eadem

537 5357 830 5413 schedula
846 5357 1140 5429 scriptum
1150 5355 1254 5424 huj
1268 5354 1705 5427 usmodi,eique
1731 5370 1838 5428 per
1860 5354 2202 5427 complures

534 5444 664 5500 dies
686 5443 1180 5516 subscripserunt
1199 5443 1298 5500 alii
1317 5459 1562 5517 quoque
1584 5443 1875 5516 episcopi,
1889 5442 2034 5514 quia
2052 5458 2202 5499 non-

606 5571 718 5643 (42)
756 5567 899 5626 Vide
927 5567 1041 5626 col.
1064 5572 1189 5626 250.

2307 3161 2481 3235 ἁρχου
2534 3168 2624 3215 καὶ
2675 3171 2766 3224 τῆς
2825 3165 2966 3224 θείας
3015 3167 3104 3215 xui
3163 3165 3300 3236 ἱερᾶς
3352 3163 3580 3220 συνόδου
3643 3167 3788 3238 παρὰ
3823 3170 3908 3215 τοῦ

2311 3250 2701 3320 θεοφιλεστάτου
2762 3251 2988 3324 μεγάλου
3077 3251 3448 3324 σέευοφύλακος
3512 3255 3753 3309 Ἰωάννου
3826 3256 3910 3304 τοῦ

2309 3345 2604 3410 Παντεχνῆ.
2657 3339 2776 3393 Ἐπὶ
2839 3337 2900 3392 δὲ
2953 3344 3121 3412 τούτῳ
3159 3346 3250 3393 xui
3293 3348 3575 3418 σημείωμα
3637 3338 3910 3396 συνοδικόν

2307 3428 2530 3496 ἐξετέθη,
2563 3438 2731 3482 ταυτα
2766 3434 2855 3482 xui
2894 3429 3020 3481 αὐτὸ
3045 3430 3218 3503 ῥητῶς
3250 3427 3622 3505 διηγούμενον,

2937 3539 3171 3589 ΠΡΔΞΙΣ
3215 3535 3282 3601 ς’.

2415 3647 2556 3700 Μηνὶ
2583 3648 2801 3716 Μαρτίῳ
2830 3642 2895 3709 κ’,
2928 3645 3099 3716 ἡμέρᾳ
3133 3649 3314 3719 πρώτῃ
3359 3641 3690 3708 ἰνδικτιὼνος
3719 3639 3806 3696 ιδ’.

2380 3837 2443 3894 α’.
2488 3841 2890 3914 Προκαθημένου
2956 3846 3048 3890 τού
3097 3837 3392 3909 ἁγιωτάτου
3448 3846 3600 3916 ἡμῶν
3659 3837 3915 3892 δεσπότου

2307 3934 2398 3982 καὶ
2443 3929 2802 4002 οἰκουμενίκού
2843 3948 3180 4003 πατριαρχου
3237 3940 3400 4003 κυρόῡ
3471 3936 3660 3987 Λουκά
3713 3930 3762 3980 ἓν
3817 3929 3917 3979 τοῖς

2310 4018 2547 4080 δυτικοίς
2650 4021 3114 4090 κατηχουμενείοις
3156 4035 3168 4047 ’
3248 4017 3701 4094 συνεδριαζόντων
3745 4057 3758 4081 ,
3833 4015 3917 4062 τοὺ

2312 4112 2650 4180 Καισαρείας,
2710 4115 2800 4158 τοῦ
2867 4103 3248 4178 Νικομηδείας,
3302 4117 3396 4161 τοῦ
3457 4109 3776 4168 Μελιτηνῆς,
3834 4103 3918 4150 τοῦ

2311 4202 2578 4268 Γαγγρών,
2607 4201 2700 4247 τού
2741 4201 3042 4270 Λαρίσσης,
3073 4203 3165 4247 του
3208 4203 3444 4271 Κρήτης,
3483 4206 3578 4251 τοῦ
3635 4193 3917 4248 Φιλεππου-

2309 4284 2526 4348 πόλεως,
2565 4293 2657 4336 τού
2722 4284 3019 4356 Εύχαίτων,
3061 4292 3152 4336 τοῦ
3210 4285 3504 4355 Φιλίππων,
3546 4293 3641 4338 τοῦ
3705 4276 3920 4353 Ἱεραπό-

2309 4374 2452 4443 λεως,
2503 4380 2595 4426 τοῦ
2662 4372 2890 4448 Σερρών,
2951 4381 3043 4425 τοῦ
3105 4371 3355 4442 Ἀϐύδου,
3409 4385 3509 4430 τού
3579 4365 3913 4445 Παροναξίας,

2310 4472 2402 4516 τού
2454 4462 2689 4520 Μιλήτου
2715 4505 2730 4531 ,
2789 4469 2881 4515 τοῦ
2945 4459 3428 4536 Ἀρκαδιουπόλεως
3460 4507 3474 4532 ,
3537 4469 3634 4516 του
3700 4455 3913 4536 Παρίονῷ

2310 4559 2402 4604 τοῦ
2456 4556 2867 4626 Προικοννήσου,
2907 4535 3013 4604 τού
3059 4551 3362 4625 Σηλυϐρίας,
3408 4558 3501 4606 xui
3557 4556 3650 4603 τοῦ
3703 4535 3919 4626 Ἀγχιάς

2310 4638 2400 4691 λου
2460 4661 2472 4672 ·
2532 4644 2930 4714 παρισταμένων
2980 4646 3072 4694 xui
3129 4637 3461 4696 δεποτιχών
3510 4641 3786 4713 ἀρχόντων
3834 4641 3848 4655 ⁶
3891 4621 3918 4671 δ

2313 4727 2704 4801 θεοφιλέστατος
2772 4733 2931 4802 μέγας
2982 4731 3306 4802 σκευοφύλαξ
3363 4731 3613 4787 Ἰωάννης
3660 4724 3687 4774 ὁ
3736 4725 3918 4802 Πανία-

2309 4823 2464 4889 χνὴς,
2506 4817 2684 4871 ἑαυτὸν
2739 4817 3073 4871 ἀπαλλάττων
3126 4821 3306 4882 πάσης
3356 4819 3615 4890 ὑποψίας,
3648 4808 3788 4863 καθὰ
3829 4795 3921 4853 δη-

2309 4906 2491 4958 λουται
2528 4914 2636 4968 τοῖς
2691 4905 2924 4982 προϐᾶσι
2978 4904 3276 4970 συνοδικοῑς
3335 4911 3718 4982 σημειὼμασιν
3749 4903 3920 4960 παρα”

2313 4999 2443 5056 στὰς
2480 5001 2574 5054 τὴν
2631 5003 2877 5071 σήμερον,
2911 4995 3102 5069 ἀνέγνω
3142 4996 3243 5050 ἀπὸ
3292 4998 3596 5070 εἰληταρίου
3634 4989 3699 5040 τὰ
3749 4981 3923 5074 ὑποτι-

2309 5089 2538 5156 ταγμένα
2569 5100 2582 5113 ⁸
2617 5087 2682 5146 ὡς
2719 5085 2807 5137 οὖν
2867 5083 3058 5156 ἀνέγνω
3119 5094 3287 5140 ταῦτα
3337 5087 3426 5140 ἐπὶ
3479 5084 3658 5135 κοινοῦ
3714 5071 3924 5156 xui-nr-

2311 5180 2473 5226 ώπιον
2525 5182 2622 5236 τῆς
2657 5176 2803 5245 ἡμῶν
2843 5179 3186 5248 μετριότητος
3221 5181 3311 5230 xui
3360 5183 3459 5235 τῆς
3501 5173 3640 5241 ἱερᾶς
3680 5146 3924 5252 συνάξων

2311 5263 2360 5316 ἐν
2426 5271 2498 5334 τῷ
2563 5265 2782 5334 τοιούτῳ
2846 5268 3055 5336 χαρτίῳ
3113 5265 3447 5339 ὑπέγραψεν,
3505 5253 3688 5310 ἑαυτὸν

2468 5318 2478 5334 .
2756 5319 2765 5334 .
2846 5316 2936 5336 η.
3028 5318 3037 5333 .
3194 5316 3269 5339 νη
3307 5316 3376 5336 γ,κ
3433 5316 3446 5327 ,
3855 5321 3866 5335 ,

2311 5351 2543 5422 ὑποψίας
2598 5349 2901 5420 ἀπήλλαξεν,
2962 5351 3244 5426 ἀπρακτεῖν
3304 5351 3611 5426 ὀφειλόντων
3672 5337 3792 5389 ὅσον
3846 5316 3920 5426 υἷ’

2426 5409 2436 5422 .
2529 5409 2539 5412 ν
2692 5409 2695 5410 ν
2811 5409 2825 5414 -
2889 5409 2901 5420 ,
3036 5409 3045 5426 .
3340 5409 3352 5426 ,

2312 5441 2454 5513 αὐτῷ
2501 5459 2591 5494 και
2646 5449 2746 5492 τῶν
2802 5453 3188 5514 προγεγονότων
3255 5437 3557 5498 συνοδικῶν
3620 5409 3922 5495 “PM
