4148 6446
248 402 347 485 iis
1562 410 1914 482 THESAURI
1950 400 2086 484 Lis.
2135 420 2318 481 XXIV.
3524 431 3631 487 27o

249 571 345 603 των
510 538 640 605 Εἶτα
669 534 1148 623 ἐγκατεστρωμένον
1190 532 1252 620 ᾖν
1281 542 1331 601 ἕν
1364 544 1505 618 αὐτῷ
1530 550 1590 599 τὸ
1622 555 1857 600 τοιοῦτον

1962 546 2110 603 nulli
2141 545 2499 604 scandalum
2539 543 2615 604 de
2657 546 2790 604 aliis
2820 555 3241 623 sumpserant;
3272 551 3379 625 qui
3421 553 3628 611 nolue—

255 643 520 714 ἔγγραφον·
577 636 665 690 ἐπὶ
719 632 778 689 δὲ
838 644 910 708 τῷ
971 640 1323 711 προγραφέντι
1396 635 1658 710 ἐγγράφῳ,
1723 638 1861 690 κατὰ

1962 641 2104 693 runt
2124 636 2304 693 ullam
2336 636 2700 709 suspicionis
2732 638 2994 710 speciem
3023 638 3099 696 de
3132 656 3196 695 se
3227 641 3395 713 apud
3420 657 3630 714 quem-

259 720 529 804 διαφόρους
589 729 787 800 ἡριέρας
854 724 1163 799 ὑπέγραψαν
1226 730 1317 778 καὶ
1374 725 1538 800 ἕτεροι
1591 723 1859 801 ἀρχιερεῖς

1962 725 2107 782 libet
2136 741 2478 798 superesse.
2536 727 2716 782 Erant
2751 731 2955 784 autem
2984 728 3085 784 hi:
3131 731 3432 801 Myrorum
3474 731 3633 788 Chri-

260 813 351 871 διὰ
375 820 434 870 τό
474 812 924 872 σκανδαλισθήναί
974 834 1118 877 τινας
1170 822 1271 866 τῶν
1316 812 1602 890 ἀρχιερέων
1648 819 1737 866 καὶ
1779 806 1859 867 ἐπ’

1965 815 2308 887 stophorus,
2341 814 2586 871 Larissae
2609 816 2896 886 Joannes,
2923 815 3115 873 Rhodi
3137 817 3275 886 Leo,
3293 818 3629 877 Hadriano-

261 906 451 969 αὐτοῖς·
479 911 563 957 καὶ
595 903 751 957 θέλειν
781 906 874 957 καὶ
902 905 1116 965 τούτους
1146 899 1313 976 μηδὲν
1358 902 1593 973 ὑποψίας
1632 898 1861 977 ῖνδαλμα

1965 903 2174 976 poleos
2205 905 2338 973 Leo,
2390 906 2829 976 Neopatrarum
2878 905 3257 978 Euthymius,
3292 907 3632 965 Thebarum

258 995 368 1048 κατ’
424 995 607 1059 αὐτῶν,
658 992 783 1067 παρ’
842 988 1115 1063 οἱῳδήτινι
1165 993 1452 1054 σώζεσθαι.
1505 990 1672 1044 οἱκαὶ
1701 990 1856 1050 ἦσαν·

1963 992 2244 1063 Joannes,
2282 994 2574 1048 Maroneae
2623 992 2895 1051 Nicetas:
2933 993 3010 1050 de
3059 1008 3324 1066 quorum
3369 996 3634 1069 singulo-

261 1084 288 1138 6
314 1087 496 1157 Μύρων
526 1085 901 1156 Χριποφόρος,
934 1081 961 1133 6
1001 1082 1285 1157 Λαρίσσης
1319 1080 1577 1147 Ἰωάννης,
1610 1081 1636 1132 6
1674 1077 1857 1133 Ῥόδου

1965 1097 2103 1138 rum
2134 1081 2684 1154 subscriptionibus
2727 1081 2972 1141 condita
3001 1087 3141 1140 sunt
3186 1081 3427 1142 decreta
3453 1101 3635 1158 syno-

260 1177 413 1241 Λέων,
474 1173 500 1224 6
563 1167 1038 1243 Ἀδριανουπόλεως
1104 1172 1272 1236 Λέων,
1339 1170 1366 1222 6
1439 1174 1581 1222 Νέων
1639 1175 1856 1242 Πατρῶν

1967 1170 2100 1227 dica
2130 1169 2353 1226 tenoris
2383 1169 2676 1241 ejusdem.

256 1262 531 1334 Εὖθὺριιος,
571 1261 597 1312 6
637 1258 828 1318 Θηϐῶν
869 1259 1132 1325 Ἰωάννης,
1205 1263 1298 1312 καὶ
1335 1258 1361 1311 6
1399 1261 1700 1333 Μαρωνείας
1724 1261 1979 1320 Νικήταςο
2020 1259 2088 1311 ὧν
2136 1257 2211 1332 ἐφ’
2242 1259 2467 1313 ἑκάστου
2503 1259 2779 1334 ὑπογραφῆ
2812 1264 2904 1314 καὶ
2955 1265 3321 1335 σημείωματα,
3374 1258 3633 1318 συνοδικά

248 1349 537 1419 ἐξετίθεντο,
568 1355 664 1411 τῆς
694 1349 861 1411 αὐτῆς
887 1348 1011 1401 ὄντα
1035 1343 1326 1421 δυνάμεως.

320 1456 364 1530 β’
399 1458 543 1510 Μετὰ
580 1452 641 1508 δε
668 1462 839 1509 ταῦτα
866 1460 955 1507 καὶ
983 1454 1153 1528 ἕτερον
1191 1453 1386 1528 προέϐη
1429 1449 1707 1507 συνοδικόν
1748 1473 1855 1513 ση-

2037 1462 2091 1513 2.
2132 1459 2271 1515 Post
2288 1456 2417 1514 haec
2437 1457 2605 1514 aliud
2623 1473 2870 1532 quoque
2894 1458 3120 1531 prodiit
3144 1459 3508 1532 synodicum
3527 1461 3630 1520 de-

251 1550 461 1619 μείωμα,
494 1543 699 1598 αὐτολεὶ
729 1545 928 1596 οὑτωσὶ
950 1547 1219 1619 περιέχον,

1967 1551 2196 1603 cretum
2216 1547 2382 1603 hisce
2412 1546 2638 1607 verbis.

1962 1636 2185 1693 Mensis
2237 1637 2471 1707 Aprilis
2514 1638 2609 1693 die
2640 1643 2827 1704 sexta,
2869 1645 3094 1711 quarta
3130 1640 3475 1697 indictioms
3522 1641 3624 1698 de-

2569 1730 2735 1782 cima
2763 1733 3020 1798 quarta.

317 1811 720 1884 Προκαθημένου
770 1814 952 1862 Λουκᾶ
996 1814 1088 1860 τοῦ
1141 1806 1437 1879 ἁγιωτάτου
1477 1816 1622 1880 ημῶν
1654 1803 1853 1860 δεσπό-

2035 1813 2390 1870 Praasidente
2424 1816 2582 1871 Luca
2613 1813 2998 1872 sanctissimo
3043 1820 3252 1873 nostro
3280 1816 3529 1874 domino
3566 1822 3626 1877 et

248 1922 341 1955 του
398 1904 486 1952 καὶ
546 1898 906 1970 οἰκουμενικοῡ
965 1898 1304 1970 πατριάρχου
1372 1894 1422 1947 ἐν
1487 1903 1599 1959 τοῖς
1661 1891 1856 1959 δεξιοῖς

1963 1903 2336 1959 mcumenico
2362 1902 2707 1975 patriarcha
2730 1903 2792 1958 in
2822 1902 3032 1960 dextro
3053 1904 3329 1962 alexiano
3347 1906 3627 1962 catechu-

256 1984 536 2052 ἁλεξιακοῖς
597 1991 1085 2059 κατηχουμενείοις·
1157 1980 1570 2059 συνεδριςὼτων
1635 1992 1698 2057 τῇ
1766 2004 1853 2057 με·

1962 2006 2178 2049 meneo
2204 2009 2217 2059 ;
2247 1990 2701 2048 considentibus
2722 2007 2864 2047 cum
2895 2008 3124 2063 magna
3152 1994 3467 2051 sanctitate
3493 1995 3626 2065 ejus

252 2078 384 2153 γάλη
440 2078 707 2151 ἁγιωσύνῃ
774 2075 935 2128 αὐτοῦ
1013 2077 1301 2149 ἱερωτάτων
1368 2073 1655 2150 ἀρχιερέων
1680 2117 1695 2143 ,
1757 2082 1851 2127 τοῦ

1962 2079 2386 2137 sacratissimis
2415 2079 2734 2152 episcopis,
2759 2079 3129 2151 Caesariensi,
3163 2082 3623 2154 Nicomediensi,

252 2172 587 2243 Καισαρείας,
639 2172 730 2218 τοῦ
779 2159 1156 2238 Νικομηδείας,
1206 2171 1296 2217 τοῦ
1343 2168 1581 2234 Νικαίος,
1612 2171 1705 2216 τοῦ
1750 2171 1854 2218 Με-

1962 2168 2219 2237 Νίοωῑιο,
2248 2168 2634 2239 Melitenensi,
2673 2170 3025 2242 Gangrensi,
3061 2170 3256 2240 Cario,
3306 2171 3621 2241 lconiensi,

248 2258 478 2323 λετηνῆς,
538 2262 630 2308 τοῦ
685 2260 958 2330 Γαγγρών,
1019 2261 1114 2305 τοῦ
1185 2258 1404 2328 Καρίας,
1466 2259 1559 2305 τοῦ
1607 2253 1846 2319 Ἰκονίου,

1962 2257 2287 2325 Corinthio,
2337 2257 2659 2321 Mocesino,
2704 2257 2987 2330 Cretensi,
3040 2259 3455 2332 Trapezuntio,
3500 2260 3626 2317 Phiu

252 2354 344 2400 τοῦ
371 2340 640 2419 Κορίνθου,
670 2350 763 2396 τοῦ
810 2349 1102 2410 Μωκησοῡ,
1155 2349 1248 2394 τοῦ
1296 2346 1524 2417 Κρήτης,
1573 2346 1666 2394 τόν
1710 2348 1854 2415 Τρα-

1962 2345 2239 2418 lippensi,
2269 2345 2737 2418 Hierapolitano,
2764 2346 3120 2419 Mitylenaao,
3153 2347 3462 2418 Thebano,
3497 2351 3624 2407 Ser.

253 2435 545 2502 πεζοῡντος,
592 2437 684 2485 τοῦ
737 2430 1021 2501 Φιλίππων,
1076 2437 1169 2482 τοῦ
1219 2428 1569 2504 Ἰεραπόλεως,
1613 2438 1705 2482 τοῦ
1752 2436 1855 2483 Μι-

1962 2435 2141 2501 rensi,
2167 2434 2502 2503 Dristrensi,
2526 2433 2861 2507 Corcyrmo,
2893 2435 3211 2508 Abydeno,
3236 2438 3476 2508 Missio,
3491 2439 3623 2501 Ma-

254 2518 492 2592 τυληνης,
547 2530 639 2575 τοῦ
705 2519 908 2587 Θηϐῶν,
974 2526 1066 2572 τοῦ
1133 2516 1365 2594 Σεῤῥών,
1427 2526 1520 2571 τοῦ
1578 2523 1852 2592 Δρίστρας,

1962 2523 2263 2593 roneensi,
2291 2522 2484 2593 Pario,
2519 2523 2904 2595 Selybriensi,
2924 2524 3575 2589 Nicensi,Anchialensi
3605 2545 3623 2597 ;

254 2622 349 2668 τοῦ
407 2610 684 2687 Κερκύρας,
738 2619 832 2665 τοὺ
893 2604 1144 2677 Ἀϐύδου,
1193 2617 1285 2662 τοῦ
1338 2606 1596 2676 Μιλήτου,
1625 2617 1716 2663 τοῦ
1745 2616 1857 2662 Μα-

1964 2612 2302 2670 astantibus
2328 2613 2433 2669 Dei
2476 2613 2907 2670 amantissimis
2950 2613 3216 2671 dominis
3245 2618 3622 2689 prepositis;

253 2700 504 2781 ρωνείας,
553 2711 642 2755 τοῦ
688 2706 909 2775 Παρίου,
975 2708 1068 2753 του
1134 2697 1443 2774 Σηλυϐρίας,
1518 2706 1611 2752 τοῦ
1672 2704 1854 2770 Νίκης,

1966 2702 2068 2759 Dei
2096 2702 2553 2760 amantissimus
2582 2701 2878 2760 diaconus
2903 2709 2963 2759 et
2986 2704 3343 2762 canstrisius
3372 2707 3626 2764 sanctis-

252 2800 345 2848 καὶ
387 2802 481 2846 τοῦ
534 2791 843 2866 Ἀγχιάλουο
907 2794 1309 2866 παρισταμένων
1376 2794 1466 2843 καὶ
1531 2789 1858 2862 θεοφιλεστά-

1965 2792 2134 2849 simae
2173 2791 2273 2847 Dei
2319 2807 2559 2862 magnai
2610 2791 2884 2849 Ecclesiae
2929 2792 3193 2863 Samuel,
3237 2794 3405 2851 omni
3432 2795 3627 2870 suspi-

251 2904 351 2937 των
421 2870 740 2935 δεσποτικῶν
801 2876 1089 2957 ἄρχοντων·
1151 2879 1179 2931 6
1238 2877 1629 2951 θεοφιλέστατος
1668 2873 1703 2930 δ
1707 2879 1859 2930 ιάκο-

1966 2881 2139 2937 cione
2167 2886 2357 2937 semet
2373 2879 2659 2949 liberans,
2689 2886 2906 2953 quarta
2933 2881 3031 2938 die
3069 2883 3383 2954 praesentis
3411 2884 3630 2957 Aprilis

258 2991 349 3034 νος
391 2974 486 3022 καὶ
528 2975 852 3045 κανστρίσιος
918 2977 1013 3031 τῆς
1067 2965 1362 3040 ἁγιωτάτης
1407 2974 1501 3020 τοῦ
1541 2974 1675 3019 Θεοῦ
1704 2967 1863 3040 μεγά-

1967 2970 2031 3027 in
2057 2970 2260 3028 medio
2276 2969 2629 3038 consistens,
2655 2970 2857 3041 etjam
2886 2970 3291 3044 multipliciter
3314 2989 3352 3029 a
3372 2974 3629 3032 nonnul-

259 3061 359 3123 λης
444 3057 718 3118 ἐκκλησίας
787 3056 1043 3132 Σαμουὴλ,
1120 3058 1295 3118 πάσης
1391 3052 1617 3128 ὑποψίας
1680 3054 1860 3109 ἑαυτὸν

1967 3054 2040 3115 lis
2085 3058 2508 3116 sacratissimis
2553 3058 2855 3134 episcopis
2925 3060 3146 3133 Deique
3191 3051 3630 3119 amantissimis

262 3147 625 3219 ἀπαλλάττων,
663 3150 790 3200 κατὰ
822 3152 913 3207 τήν
938 3146 1191 3220 τετάρτην
1222 3154 1314 3198 τοῦ
1360 3150 1611 3221 παρόντος
1651 3144 1865 3219 Ἀπριλ-

1969 3147 2310 3221 praepositis
2356 3147 2581 3206 lectum
2627 3152 2686 3215 et
2737 3148 3147 3221 subscriptum
3195 3149 3468 3208 libellum
3512 3167 3633 3226 pra

255 3239 371 3292 λίου
412 3240 582 3310 μηνός
630 3234 711 3289 ἐπὶ
750 3243 839 3289 τοῦ
907 3226 1073 3310 μέσον
1123 3237 1266 3303 στὰς,
1323 3239 1414 3287 καὶ
1479 3235 1539 3287 τὸ
1598 3228 1863 3309 διαφόρως

1969 3236 2254 3293 manibus
2307 3241 2537 3305 tenens,
2588 3237 2872 3294 audiente
2926 3252 3097 3295 sacro
3150 3238 3437 3310 synedrio
3490 3239 3636 3312 legit

248 3326 399 3402 παρά
461 3345 615 3379 τινων
680 3327 962 3399 ίερωτάτων
1038 3321 1325 3400 ἀρχιερέων
1399 3328 1491 3375 καί
1559 3320 1863 3396 θεοφλεστά-

1969 3326 2400 3384 continentiam
2449 3326 2599 3399 ejus,
2659 3327 2927 3400 itemque
2986 3326 3471 3385 additamentum
3516 3330 3635 3404 ipsi

249 3436 354 3470 των
420 3413 687 3490 ἀρχόντων
775 3410 1100 3486 ἀναγνωσθῆ
1184 3418 1274 3465 καὶ
1352 3408 1648 3488 ὑπογραφεν
1727 3411 1862 3471 είλη-

1970 3416 2334 3473 subnexum.
2367 3416 2565 3473 Causa
2606 3416 2740 3488 ejus
2779 3416 2866 3474 rei
2924 3415 3141 3485 fuerat,
3192 3419 3361 3497 quod
3390 3417 3634 3477 inventa

252 3506 437 3578 τάριον
492 3502 586 3557 ἆνὰ
648 3510 833 3579 χεῖρας
891 3499 1084 3572 λαϐὼν,
1150 3501 1218 3563 εἰς
1282 3499 1503 3560 ἐπήκοον
1565 3507 1655 3553 τοῦ
1723 3502 1860 3576 ἱεροῦ

1969 3504 2178 3561 charta
2212 3505 2408 3562 fuerat
2448 3520 2523 3561 ea
2575 3505 2889 3562 continens
2940 3521 3079 3578 qua:
3105 3505 3170 3562 in
3212 3505 3631 3565 additamenta

257 3589 533 3668 συνεδρίου
579 3591 767 3665 ἀνέγνω
822 3593 887 3645 τὰ
941 3588 991 3644 ἐν
1027 3589 1170 3643 αὐτὼ
1215 3592 1551 3666 γεγραμμένα
1592 3592 1726 3663 μετά
1769 3594 1860 3643 καὶ

1969 3592 2520 3665 perscribebantur,
2553 3592 2648 3650 his
2676 3592 2952 3651 videlicet
2969 3593 3192 3651 verbis.
3636 3662 3643 3667 D

252 3682 580 3759 προσθήκης,
609 3682 981 3755 προστεθείσης
1006 3678 1166 3753 αὐτῷ,
1192 3676 1288 3733 διὰ
1316 3683 1374 3732 τὸ
1413 3678 1685 3754 εὑρεθῆναι
1720 3678 1932 3755 χάρτην
1950 3689 2172 3736 τοιαῦτα
2202 3677 2237 3736 δ
2243 3680 2627 3755 ιαλαμϐάνοντα
2655 3683 2741 3735 οἵα
2780 3683 2808 3741 ἱ]
2845 3684 3123 3759 προσθήκη
3155 3691 3437 3761 περιεῖχεν·
3477 3686 3507 3746 ή
3538 3690 3631 3741 καὶ⁵

261 3768 397 3823 εἶπεν
421 3768 502 3823 ἐπὶ
521 3770 694 3835 Εξεων
719 3770 876 3825 οὕτω.

337 3856 406 3930 γ’.
445 3860 576 3912 Ἐπεὶ
612 3856 671 3913 δέ
715 3864 806 3912 καὶ
852 3863 1072 3935 χαρτίον
1119 3850 1420 3932 ἐνεφανίσθη
1457 3856 1582 3931 ἔχον
1621 3856 1781 3918 οὕτως
1810 3855 1859 3908 ἐν

2041 3865 2095 3916 3.
2119 3859 2414 3927 Quoniam
2437 3856 2730 3918 schedula
2757 3860 3060 3933 apparuit,
3079 3860 3254 3933 cujus
3278 3861 3515 3921 initium
3536 3869 3630 3923 est

262 3955 590 4020 κπαρχαίς·
672 3947 807 4003 Ἐκεῖ
885 3944 1180 4000 έδειλίασαν
1256 3944 1411 4020 φόϐον
1499 3946 1559 3999 οὗ
1632 3944 1727 3998 οὐκ
1798 3945 1861 4004 ἦν

1970 3949 2085 4007 hoc
2108 3966 2121 4005 :
2158 3951 2249 4006 Ibi
2271 3957 2647 4020 expaverunt
2676 3950 2889 4007 timore
2916 3950 3023 4007 ubi
3047 3965 3168 4007 non
3194 3957 3330 4008 erat
3350 3954 3530 4009 timor
3552 3953 3624 4023 ³⁸,

267 4033 451 4110 φόϐος,
501 4035 547 4089 ἓν
588 4043 876 4112 προσήταις
930 4040 1205 4111 Προφήτης
1255 4034 1368 4110 ἅμα
1429 4041 1522 4089 καὶ
1591 4033 1858 4109 βασιλεὺς,

1969 4038 2269 4111 Propheta
2298 4055 2576 4095 summus
2594 4037 2880 4110 idemque
2907 4053 3014 4094 rex
3043 4038 3368 4111 inspiratus
3392 4040 3541 4098 dixit
3561 4041 3626 4098 in

270 4128 435 4198 ἔφησέ
489 4146 583 4180 που
643 4126 848 4199 ψάλλων
911 4125 960 4179 ἐν
1015 4128 1290 4200 πνεύματι,
1355 4128 1742 4199 παρατούμενον
1800 4118 1862 4176 δὲ

1968 4127 2229 4195 Psalmo,
2256 4127 2319 4184 id
2362 4129 2529 4202 quod
2576 4128 2762 4185 modo
2793 4127 2873 4185 ad
2900 4128 3125 4185 exitum
3155 4128 3482 4187 deductum
3511 4136 3622 4190 est.

267 4218 405 4268 κατά
453 4235 509 4268 το
556 4216 690 4278 τέλος
735 4215 783 4269 ἐν
828 4218 1051 4277 τούτοις
1102 4215 1147 4269 εἰ
1189 4223 1316 4288 γοῦν
1373 4214 1648 4288 ἁπερέχειν
1701 4216 1861 4285 φασίν

1970 4218 2198 4274 Etenim
2228 4217 2279 4273 si
2305 4219 2539 4275 Patrem
2582 4217 2876 4275 extollunt
2913 4234 3100 4291 supra
3146 4219 3447 4277 Christum
3480 4221 3629 4279 Scri-

263 4307 323 4358 αἱ
364 4311 564 4379 Γραφαὶ
602 4314 693 4358 τοῦ
743 4312 978 4378 Χριστοῦ
1031 4308 1120 4357 τὸν
1172 4308 1379 4381 Πατέρα
1407 4307 1534 4371 (4-4),
1573 4303 1705 4355 καθὸ
1735 4304 1862 4361 τέως

1969 4310 2184 4379 ριιιτω,
2210 4322 2334 4380 quo
2357 4312 2630 4380 tempore
2658 4307 2935 4365 nondum
2971 4314 3215 4365 venerat
3246 4308 3326 4366 ad
3352 4310 3628 4368 incarna-

267 4395 419 4457 οὗτος
469 4394 563 4447 οὐκ
603 4393 989 4469 ἂνηνθρῶπησεν
1022 4435 1037 4462 ,
1091 4390 1247 4448 οὐδὶν
1297 4396 1475 4446 καινὸν
1538 4392 1585 4445 εὶ
1637 4396 1730 4444 καὶ
1800 4392 1861 4442 τὸ

1970 4397 2219 4463 tionem,
2248 4396 2333 4452 n'il
2356 4396 2624 4470 profecto
2665 4397 2806 4453 novi
2847 4401 2958 4465 est,
3002 4398 3172 4471 quod
3201 4398 3496 4472 majorem
3524 4401 3627 4458 Pa-

262 4484 446 4557 μεῖζον
496 4487 634 4557 ἔχειν
678 4492 767 4538 τοῦ
830 4483 880 4537 ἕν
937 4484 1077 4557 αὐτῳ
1130 4482 1453 4557 ἀνθρωπίνου
1521 4478 1864 4540 διανοητικῶς

1970 4488 2123 4543 trem
2134 4484 2509 4543 humanitate
2528 4486 2740 4543 Christi
2758 4487 3014 4559 quidam
3034 4502 3199 4544 nunc
3216 4487 3631 4560 imaginantur

267 4576 688 4645 φαντασθήσεταί
710 4592 823 4627 τισι
853 4578 945 4628 καὶ
979 4572 1297 4648 ῥηθήσεται.
1338 4569 1497 4625 Ὥστε
1538 4566 1598 4624 δὲ
1634 4574 1726 4623 καὶ
1756 4575 1864 4629 τοῖς

1970 4580 2152 4648 atque
2180 4574 2508 4633 afﬁrmant.
2552 4578 2981 4633 Verumtamen
3008 4576 3107 4633 isti
3154 4577 3203 4633 si
3255 4582 3411 4634 certe
3453 4570 3632 4636 nobis

265 4665 422 4736 παρὰ.
461 4670 555 4715 τῶν
598 4661 756 4735 ἁγίων
804 4661 1041 4736 ῥηθεῖσιν
1088 4663 1364 4735 ὁμοφώνως
1428 4662 1623 4733 ἔχοντα
1694 4654 1866 4721 δεῖξαι

1971 4664 2473 4723 demonstrabant
2509 4665 2669 4723 dicta
2691 4680 2805 4722 sua
2830 4680 2971 4722 cum
3007 4670 3359 4724 sanctorum
3383 4678 3633 4741 quoque

261 4757 444 4809 ταῦτα
489 4753 551 4805 τὰ
609 4747 920 4825 δεδογμένα,
985 4754 1111 4824 ἡμῖν
1160 4749 1448 4823 λεγέτωσαν
1522 4748 1690 4817 οὗτοι,
1775 4751 1866 4799 καὶ

1975 4756 2284 4814 sententiis
2306 4756 2676 4828 conspirare,
2697 4760 2830 4813 tum
2847 4754 3098 4812 demum
3124 4756 3429 4814 silentium
3452 4758 3637 4815 nobis

258 4840 424 4914 ἡμεῖς
469 4846 816 4914 σιω·δινήσομν.εν⁸
870 4841 924 4894 ἐν
981 4837 1040 4894 δὲ
1085 4848 1159 4913 τῷ
1208 4842 1430 4911 τοιούτῳ
1492 4840 1671 4912 χάρτη
1736 4838 1871 4910 μετά-

1974 4845 2304 4917 imponent.
2334 4847 2401 4901 In
2429 4844 2644 4902 eadem
2673 4848 2877 4901 autem
2906 4844 3217 4909 schedula,
3258 4850 3477 4918 prater
3512 4847 3633 4904 alia

254 4936 359 4983 καὶ
424 4929 583 4983 ἄλλων
634 4938 785 4984 τινῶν
869 4926 1289 5004 ἀπεμφαινὸντων
1379 4931 1473 4980 καὶ
1564 4921 1868 4999 ἀπᾳδόντων

1975 4934 2259 5009 quaedam
2289 4934 2677 4992 abhorrentia
2704 4938 2762 4990 et
2788 4933 3036 4991 dissona
3065 4950 3102 4990 a
3142 4939 3366 4992 sanctae
3394 4935 3499 4992 Dei
3527 4950 3633 4992 ca-

250 5023 403 5095 πρός
455 5023 521 5072 τὰ
562 5025 655 5082 τής
705 5020 860 5093 ἁγίας
913 5027 1007 5074 τοῦ
1046 5027 1181 5075 Θεοῦ
1210 5017 1494 5079 καθολικῆς
1521 5021 1613 5070 καὶ
1641 5014 1868 5069 ἀποστο-

1975 5023 2211 5082 tholicae
2235 5027 2294 5081 et
2323 5023 2666 5097 apostolica
2702 5023 2983 5081 Ecclesiae
3008 5024 3354 5081 rectissimis
3377 5024 3632 5096 dogma-

247 5107 419 5169 λιν-ἦς
478 5108 784 5172 Ἐκκλησίας
842 5108 1103 5186 ὀρθότατα
1166 5104 1414 5182 δόγματα
1444 5150 1460 5175 ,
1546 5111 1638 5159 καὶ
1700 5110 1871 5157 ταῦτα

1976 5113 2156 5184 tibus,
2177 5113 2309 5170 haec
2331 5128 2580 5186 quoque
2607 5112 3092 5202 continebantur.
3106 5112 3283 5202 _Mitto
3310 5113 3471 5170 enim
3495 5119 3635 5195 Am-

252 5188 649 5271 ἒμπεριέχεται⁶
717 5198 878 5273 ἐῶμεν
939 5200 1043 5273 γὰρ
1101 5195 1268 5271 λέγειν
1353 5194 1703 5270 ’Ᾱμφιλοχίου
1776 5196 1869 5246 καὶ

1976 5200 2793 5277 philochium,Ambrosium,
2814 5200 3086 5275 aliosque
3104 5196 3271 5259 haud
3290 5215 3522 5274 paucos
3544 5192 3636 5262 in.

388 1698 527 1754 Μηνὶ
553 1693 838 1768 Ἀπριλλίῳ
878 1691 927 1767 ς’
955 1694 1127 1766 ἡμέρᾳ
1165 1687 1213 1745 δ’
1254 1686 1581 1756 ἰνδικτιῶνος
1615 1688 1707 1747 ιδ’.

327 5413 387 5450 ³⁸
423 5413 571 5473 Psal.
601 5429 727 5483 xm,
759 5417 815 5470 5.

330 5607 448 5682 (43)
484 5610 632 5683 Vide
647 5607 765 5667 col.
790 5612 919 5666 262.
1332 5678 1369 5683 __
1698 5680 1706 5683 Α
1978 5601 2107 5683 iuit;
2133 5603 2502 5683 quae-tamen
2527 5596 2804 5683 resnihil
2825 5594 2968 5658 Filio
3003 5596 3282 5674 detrahit,
3314 5615 3517 5674 neque
3545 5600 3640 5660 in-

324 5672 445 5755 (445
483 5682 808 5755 Nimirum,
823 5683 893 5737 ut
909 5677 1187 5755 nonnulli
1213 5678 1535 5755 explicant,
1565 5680 1870 5755 quatenus
1978 5672 2259 5731 feriorem
2280 5672 2441 5731 Patri
2457 5672 2781 5730 constituit.

234 5748 467 5817 auctor
482 5760 579 5816 est
596 5751 731 5814 Filii
743 5753 1023 5821 Pater,ut
1046 5751 1112 5810 in
1137 5748 1620 5824 praecedentibus
1639 5748 1871 5809 dictum
