4148 6394
507 322 610 390 271
1836 316 2103 383 metu:
2143 314 2525 405 caesum;
3792 327 3900 402 272

513 456 773 529 spiratos
804 452 981 525 viros,
1007 466 1271 526 quorum
1324 444 1426 508 alii
1470 448 1761 509 audacter
1801 447 1878 506 de
1920 448 2037 506 hoc
2064 448 2151 506 do

2289 448 2609 526 Ἀμϐροσίου
2665 452 2755 505 καὶ
2814 447 2995 527 ἑτέρων
3058 447 3150 507 οόκ
3213 448 3399 528 ὀλίγων
3462 458 3898 534 πνωματοφόρων

514 550 714 614 gmatc
744 542 929 600 locuti
976 546 1135 609 sunt,
1181 544 1482 614 quantum
1510 543 1667 597 certe
1703 538 1837 613 ipsa
1864 538 2053 597 verba
2080 553 2149 596 so

2287 536 2509 616 ἀνδρῶν’
2571 540 2639 593 ὡν
2691 542 2741 594 οἱ
2794 544 2885 616 μὶν
2931 543 3169 620 τολμηρά
3215 551 3333 620 περὶ
3380 553 3473 600 τοῦ
3529 549 3766 600 τοιούτου
3809 544 3900 601 δό-

514 638 701 690 nant:
732 632 831 690 alii
855 632 1053 704 ipsum
1084 636 1289 703 aperte
1319 645 1443 702 prte
1475 646 1538 685 se
1567 628 1849 686 tulerunt.
1882 631 1951 686 Et
1979 628 2136 685 infra

2284 649 2487 703 γματος
2550 628 2930 705 ἀπεφθέγξαντο
2961 674 2978 702 ,
3045 635 3167 687 ὁσον
3230 637 3368 689 κατά
3430 639 3490 689 τὸ
3554 645 3653 689 τῶν
3715 635 3896 700 λέξεων

515 727 702 781 Mente
729 722 975 795 quidem
1012 720 1331 789 Christum,
1366 724 1547 793 prout
1571 718 1759 776 homo
1787 723 1897 785 est,
1937 734 2153 792 separa

2285 723 2590 796 πρόχειρον·
2631 720 2682 774 οἰ
2743 718 2802 775 δὲ
2846 726 2937 775 καὶ
2984 722 3221 796 ἐνέφηναν
3257 732 3432 784 τοῦτο.
3468 730 3568 780 Καὶ
3599 730 3896 801 κατωτέρω

519 813 622 869 tim
653 810 1005 881 imaginari;
1037 808 1316 881 atqueita
1341 809 1635 880 majorem
1665 808 1800 881 ipso
1825 810 2057 865 Patrem
2079 823 2150 865 co

2287 816 2628 885 Σκιαγραγεῖν
2672 814 2845 883 μέντοι
2898 819 2971 883 τῷ
3019 820 3090 884 νῷ
3142 816 3201 866 τὸ
3247 817 3385 868 κατά
3431 817 3665 890 Χριστὸν
3696 813 3898 891 ἀνθρὼ-

520 902 738 973 gitare;
773 905 953 973 atque
999 899 1159 956 hanc
1204 898 1582 969 schedulam,
1631 903 1928 972 quatenus
1959 897 2158 955 scilice‘

2286 916 2454 966 πινον,
2511 903 2602 952 καὶ
2650 901 2782 952 οὕτω
2845 903 3062 973 μείζονα
3124 921 3211 955 τον
3273 906 3482 979 Πατέρα
3542 900 3895 958 διανοεῖσθαι·

519 995 736 1064 praeter
754 988 1155 1045 orthodoxam
1181 987 1460 1060 pietatem
1482 987 1778 1060 loquitur;
1807 992 1864 1044 et
1885 987 2013 1044 haec
2043 986 2157 1060 ips:

2286 990 2496 1040 καὶτὸν
2543 996 2777 1042 τοιοῦτον
2828 991 3059 1065 χάρτην,
3118 992 3322 1046 καθὸσα
3370 987 3581 1052 δηλαδή
3618 995 3766 1070 παρά
3806 997 3898 1047 τὸν

523 1079 744 1136 sanctis
774 1077 1052 1133 Patribus
1083 1075 1306 1132 nostris
1325 1075 1511 1132 verba
1530 1075 1852 1147 injuriosa;
1872 1081 1929 1133 et
1954 1074 2155 1132 coniin

2287 1075 2440 1151 ὀρθὸν
2499 1085 2595 1140 τῆς
2657 1076 2920 1142 εὐσεϐείας
2976 1076 3197 1144 διέξεισι
3247 1079 3421 1153 λογον,
3473 1086 3565 1137 καὶ
3634 1081 3769 1136 αύτά
3822 1079 3894 1143 δὴ

525 1183 663 1241 gere
699 1166 813 1222 sibi
847 1165 1189 1223 distinctam
1225 1163 1407 1220 veluti
1437 1164 1647 1220 Christi
1687 1163 2125 1222 humanitatem
2159 1183 2163 1232 ς

2288 1174 2457 1219 ταῦτα
2512 1168 2580 1219 τά
2629 1171 2749 1243 περὶ
2799 1176 2900 1221 τῶν
2951 1167 3114 1242 ἁγίων
3173 1174 3413 1243 Πατίρων
3455 1172 3603 1244 ἡμῶν
3641 1170 3900 1245 ἀπὸφημα

524 1263 707 1330 atque
752 1255 835 1312 ita
871 1254 1168 1326 majorem
1216 1253 1355 1326 ipso
1401 1253 1638 1310 Patrem
1677 1252 1991 1324 judicare;
2025 1254 2155 1310 hree

2287 1255 2520 1330 ῥήματα,
2583 1260 2673 1308 καὶ
2732 1259 2791 1310 τὸ
2849 1260 3295 1334 σκιαγραφεῐσθαι
3349 1263 3407 1312 τὸ
3451 1262 3589 1313 κατά
3629 1263 3718 1313 τὸν
3757 1268 3897 1335 Χρισι

523 1346 798 1419 inquam,
824 1344 1146 1401 manifesto
1177 1342 1433 1413 subjicio
1463 1342 1834 1400 anathemati
1859 1361 1872 1411 ;
1916 1343 2161 1416 itemqui

2293 1348 2415 1399 στὸν
2469 1343 2804 1421 ἀνθρωπινον,
2872 1353 2963 1401 καὶ
3024 1348 3156 1401 οὕτω
3231 1352 3450 1423 μείζονα
3510 1353 3599 1403 τὸν
3687 1354 3899 1426 Πατέρα

527 1451 669 1492 eum
706 1432 812 1507 qui
849 1432 934 1488 sic
980 1432 1184 1489 credat
1211 1431 1308 1489 vel
1355 1430 1600 1499 scribat,
1628 1430 1723 1488 vel
1751 1432 2081 1506 scripturus
2106 1431 2165 1488 si‘

2289 1437 2478 1489 τούτου
2536 1431 2882 1505 διανοεῖσθαι,
2945 1436 3168 1514 λαμπρῶ
3213 1437 3591 1493 καθυποϐάλλω
3637 1447 3710 1512 τῷ
3765 1438 3898 1492 ἀνα-

528 1528 633 1581 aut
677 1522 1032 1591 crediturus,
1067 1520 1344 1595 quisquis
1382 1519 1478 1588 sit,
1522 1518 1644 1577 sive
1689 1535 1802 1593 ego
1859 1520 1980 1579 sive
2025 1521 2166 1580 alius

2294 1527 2480 1599 θέματι
2525 1526 2660 1599 (45)·
2709 1530 2799 1579 καὶ
2844 1527 2931 1579 τὸν
2969 1535 3139 1581 ταῦτα
3167 1536 3452 1604 φρονοῦντα
3487 1533 3575 1583 καὶ
3606 1530 3899 1605 γράφοντα,

525 1612 850 1690 quispiam.
2293 1617 2393 1669 εἴτε
2419 1617 2541 1669 ποτε
2570 1615 2844 1691 γράψοντα
2867 1619 2898 1676 ἣ
2942 1622 3285 1692 φρονήσοντα,
3315 1620 3492 1683 ὁποῖος
3540 1618 3601 1672 ἀν
3657 1624 3749 1673 καὶ
3794 1622 3901 1689 εἴη,

2294 1706 2395 1758 εἴτε
2431 1702 2530 1773 ἐγὼ
2556 1707 2656 1758 εἴτε
2684 1706 2875 1782 ἕτερος.

596 1800 651 1854 4.
704 1798 1032 1869 Postquam
1077 1791 1257 1863 igitur
1297 1789 1424 1846 haec
1452 1788 1613 1861 legit,
1657 1795 1717 1849 et
1744 1805 1952 1849 coram
1978 1794 2234 1879 nostra!

2366 1789 2433 1849 δ’.
2463 1801 2549 1857 Ὠς
2593 1791 2682 1848 οὖν
2736 1792 2926 1868 ἀνέγνω
2974 1803 3140 1849 ταῦτα
3185 1799 3276 1849 καὶ
3314 1794 3395 1850 ἐπ’
3445 1795 3561 1869 ὄψει
3607 1804 3704 1860 τῆς
3754 1797 3905 1871 ἡμῶν

524 1886 938 1945 mediocritate
962 1927 977 1955 ,
1026 1897 1320 1956 sacraque
1368 1880 1716 1939 considente
1766 1880 2133 1938 fraternitate

2291 1887 2630 1959 μετριότητος
2674 1888 2767 1937 καὶ
2817 1891 2908 1945 τῆς
2963 1881 3416 1961 συνεδριαζούσης
3472 1887 3611 1959 ἱερᾶς
3676 1882 3906 1960 ἀδελφό-

522 1976 665 2034 huic
703 1974 904 2033 libello
952 1972 1346 2045 subscripsit;
1389 1969 1699 2028 decretum
1725 1975 1816 2027 est
1837 1969 2019 2028 hodie
2048 1970 2160 2043 qui.

2292 1992 2450 2036 τητος
2500 1971 2549 2026 ἒν
2596 1981 2668 2046 τῷ
2717 1976 2936 2046 τοιούτῳ
2992 1973 3268 2050 εἰληταρίῳ
3317 1973 3635 2050 ὑπέγραψεν,
3696 1977 3903 2051 ὡρίσθη

523 2066 664 2123 dem
690 2066 913 2140 ipsum,
943 2064 1039 2121 his
1069 2061 1348 2136 peractis,
1374 2076 1624 2135 pergere
1645 2076 1825 2134 porro
1857 2064 1917 2117 et
1937 2059 2161 2117 ulteriu:

2292 2066 2387 2122 τὴν
2442 2067 2669 2137 σήμερον
2720 2061 2873 2116 αύτὸν
2929 2065 3021 2136 μὲν
3081 2061 3375 2127 ἀκολούθως
3434 2069 3749 2140 προκόπτειν
3809 2069 3909 2119 καὶ

520 2154 839 2230 praagredi,
870 2153 1042 2211 sicuti
1072 2157 1130 2210 et
1171 2152 1322 2208 alios
1350 2150 1457 2225 qui
1492 2150 1719 2207 caeteris
1747 2148 1964 2206 libellis
2009 2148 2155 2205 subs

2293 2147 2592 2225 προοδεύιιν
2641 2150 2726 2206 ἐπὶ
2776 2154 2842 2206 τὰ
2896 2153 3186 2228 ἔμπροσθεν
3233 2153 3408 2229 ὧσπερ
3473 2158 3563 2207 καὶ
3616 2155 3737 2216 τοὺς
3792 2151 3911 2206 λοισι

522 2246 873 2319 cripscrant,
921 2241 1269 2316 versarique
1308 2240 1631 2299 nobiseum
1671 2244 1730 2296 et
1772 2237 1973 2296 ofﬁcio
2012 2237 2160 2309 iung

2292 2244 2423 2303 πούς
2447 2244 2563 2303 τούς
2604 2239 2654 2293 ἓν
2694 2248 2800 2304 τοῖς
2856 2240 3047 2318 ἑτέροις
3094 2241 3408 2319 εἰληταρίοις
3464 2241 3899 2316 ύπογράψαντας·

517 2349 660 2392 cum
680 2339 887 2392 nostra
911 2331 1327 2390 mediocritate
1353 2335 1411 2387 et
1436 2345 1572 2387 cun
1608 2334 1821 2387 sancta
1854 2328 2155 2402 divinaque

2291 2333 2382 2383 καὶ
2438 2339 2501 2404 τῇ
2569 2331 2714 2404 ἡμῶν
2777 2332 3131 2405 συνέρχεσθαι
3175 2336 3265 2385 καὶ
3336 2328 3747 2406 συλλειτουργεῖν
3807 2347 3901 2405 με·

519 2425 776 2499 synodo.
805 2425 1009 2480 Visum
1029 2422 1281 2496 insuper
1304 2425 1415 2488 est,
1431 2425 1648 2493 praeter
1671 2417 1959 2492 capitula,
1986 2433 2157 2491 nupe:

2288 2423 2547 2495 τριότητι,
2590 2424 2688 2473 παὶ
2738 2425 2801 2495 τῇ
2864 2422 2978 2496 ἱερᾷ
3022 2425 3113 2474 καὶ
3168 2422 3281 2495 θείᾳ
3330 2416 3557 2493 συνόδῳ·
3596 2420 3897 2496 προπεθῆο

518 2517 864 2584 constituta,
883 2512 1179 2586 synodico
1204 2515 1391 2583 tomo,
1416 2511 1521 2584 qui
1547 2511 1608 2566 in
1635 2508 2006 2566 orthodoxiae
2028 2507 2156 2564 fest¢

2286 2528 2373 2562 ναι
2437 2505 2498 2563 δὲ
2553 2514 2645 2564 καὶ
2694 2516 2802 2573 τοῖς
2865 2510 3092 2582 ἔναγχος
3155 2508 3400 2564 ἕντιθείσι
3464 2508 3759 2583 κεφαλαίοις
3820 2513 3896 2581 τῷ

516 2603 615 2661 die
641 2603 934 2675 legendus
964 2605 1140 2670 esset,
1172 2601 1302 2658 haec
1333 2614 1464 2656 esse
1494 2598 1855 2671 adjicienda.
1877 2626 1950 2641 —
1976 2597 2049 2654 lis
2073 2613 2154 2671 qu

2286 2601 2422 2653 κατά
2477 2603 2566 2659 τὴν
2632 2600 2812 2677 ἑορτὴν
2897 2608 2993 2663 τῆς
3076 2596 3383 2665 ὀρθοδοξίας
3455 2599 3896 2674 ἀναγνωσκομίνῳ

513 2698 810 2767 respuunt
847 2696 1197 2749 sanctorum
1243 2691 1486 2747 Patrum
1512 2688 1871 2757 locutiones,
1911 2702 2048 2761 quas
2097 2703 2151 2744 a<

2289 2684 2554 2761 συνοδικῷ
2616 2694 2705 2742 καὶ
2758 2696 2948 2748 ταῦτα.
3006 2721 3076 2731 -—
3117 2695 3239 2767 Ἰξοῐς
3304 2687 3741 2763 ἀποϐαλλομένοις
3797 2690 3898 2751 τὰς

512 2760 813 2839 rectorum
848 2780 1123 2838 Ecclesiae
1144 2779 1241 2836 Dei
1270 2778 1629 2849 dogmatum
1651 2760 2150 2835 conﬁrmationen

2285 2787 2384 2832 τῶν
2432 2777 2594 2852 ἁγίων
2646 2783 2888 2853 Πατέρων
2945 2760 3159 2853 φωνὰςί
3190 2783 3285 2842 της
3344 2777 3430 2833 ἐπὶ
3480 2780 3739 2833 συστάσει
3787 2783 3890 2829 τῶν

513 2870 689 2927 dictas
721 2874 884 2940 sunt,
915 2867 1251 2938 Athanasii,
1281 2865 1502 2941 Cyrilli,
1531 2865 1847 2934 Ambrosii,
1866 2863 2146 2938 Amphilo

2284 2868 2449 2942 ὀρθῶν
2506 2875 2601 2931 τῆς
2652 2876 2745 2922 τοῦ
2790 2875 2925 2923 Θεοῦ
2983 2867 3281 2932 Εκκλησίας
3334 2863 3613 2941 δογμάτων
3670 2865 3891 2940 ἐκφωνη·

513 2960 652 3028 chii,
683 2958 959 3033 inspirati
1006 2973 1044 3015 a
1088 2961 1208 3015 Deo
1239 2957 1455 3014 Leonis
1502 2959 1677 3030 Papae
1707 2956 1917 3012 veteris
1946 2957 2150 3011 Romae

2287 2959 2485 3026 θείσας,
2551 2957 2888 3027 Ἀθανασίὸυ,
2959 2956 3236 3033 Κυρίλλου,
3293 2956 3634 3033 Ἀμϐροσίου,
3704 2954 3896 3028 Ἀμφῖ-

514 3048 932 3121 aliorumque;
962 3062 1075 3104 nec
1116 3063 1243 3103 non
1280 3045 1741 3120 repudiantibus
1776 3043 2151 3101 oecumenica

2281 3046 2491 3119 λοχίου,
2544 3054 2638 3100 τοῦ
2687 3048 2939 3123 θεηγόρου
2996 3051 3217 3109 Λίνοτος
3256 3048 3448 3101 πάππα
3491 3053 3587 3109 τῆς
3613 3043 3902 3122 πρεσϐυτὲ-

512 3153 651 3194 rum
677 3135 1053 3209 synodorum
1084 3140 1278 3204 actus,
1323 3139 1577 3208 quartae,
1608 3134 1882 3208 inquam,
1909 3138 1967 3190 et
1995 3137 2150 3190 sexta

2282 3156 2374 3211 ρας
2426 3134 2649 3210 Ῥώμης,
2715 3141 2806 3190 καὶ
2860 3145 2961 3189 τῶν
3016 3135 3228 3190 λοιπῶν·
3289 3135 3366 3190 ἔτι
3421 3133 3481 3189 δε
3536 3140 3627 3189 καὶ
3672 3136 3738 3188 τά
3797 3141 3897 3188 τῶν

2318 3225 2330 3239 ς
2593 3234 2614 3241 -
2827 3221 2884 3241 ,ι
3263 3227 3274 3241 .
3418 3234 3439 3241 -
3637 3226 3650 3240 .
3886 3226 3897 3241 .

515 3227 842 3284 anathema.
869 3225 962 3282 sit.

2282 3225 2649 3299 οὶκουμενικῶν
2717 3221 2954 3279 συνόδων
3022 3227 3305 3300 πρακτικὰ,
3376 3234 3470 3286 τῆς
3531 3226 3780 3300 τετάρτης
3843 3226 3898 3276 τὲ

2285 3335 2419 3390 φημι
2456 3320 2547 3368 καὶ
2596 3322 2692 3378 τῆς
2750 3314 2904 3378 ἕκτης
2962 3318 3034 3388 μὴ
3071 3313 3581 3388 κατασπαζομένοις,
3641 3311 3894 3386 ἀνάθεμα.

588 3408 640 3461 ὅ.
683 3403 785 3461 His
814 3402 1122 3471 omnibus,
1157 3407 1452 3476 tanquam
1483 3401 1694 3460 domui
1734 3417 1917 3477 super
1943 3406 2178 3477 petram

2357 3423 2397 3460 ε.
2465 3406 2671 3458 Τούτων
2735 3403 2997 3472 ἁπάντων,
3053 3405 3120 3466 ὡς
3180 3407 3271 3477 μὶν
3332 3402 3503 3465 οἰκίας
3550 3400 3636 3456 ἐπὶ
3676 3404 3773 3462 τὴν
3808 3407 3884 3455 πέ-

514 3492 800 3561 fundatae,
828 3491 1304 3567 pulcherrimum
1326 3497 1552 3549 tectum
1583 3492 1851 3563 accessit,
1873 3507 2061 3567 quam
2078 3507 2152 3565 pe

2284 3512 2409 3571 τραν
2437 3492 2868 3567 τεθεμελιωμένης
2892 3491 3354 3569 περικαλλέστατος
3386 3494 3587 3569 ὄροφος,
3615 3492 3679 3552 ἣν
3706 3494 3898 3567 πέτραν

517 3588 675 3641 tram
714 3598 848 3640 esse
882 3581 1184 3639 Christum
1227 3596 1490 3653 magnus
1538 3580 1758 3638 Paulus
1797 3581 2093 3649 docuit";
2125 3597 2155 3638 e

2289 3579 2420 3637 εἶναι
2472 3602 2561 3637 τον
2609 3587 2839 3658 Χριστόν
2884 3584 2910 3636 ὁ
2959 3585 3123 3657 μέγας
3182 3581 3382 3645 Παῦλος
3426 3579 3687 3647 ἐδίδαξεν·
3729 3584 3800 3644 ὡς
3839 3576 3900 3636 δί

517 3674 815 3744 tanquam
847 3670 999 3728 fonti
1018 3669 1441 3727 orthodoxiam
1466 3684 1694 3744 aquam
1719 3670 1994 3727 fundenti
2028 3669 2155 3741 sigil

2289 3681 2464 3746 πηγῆς
2501 3676 2560 3727 τὸ
2589 3681 2681 3734 τῆς
2728 3672 2988 3736 εύσεϐείας
3037 3669 3183 3747 ὕδωρ
3228 3667 3613 3737 ἀναδιδούσης,
3673 3675 3901 3747 σφραγίς

519 3759 645 3817 lum
680 3776 921 3818 sacrum
945 3764 1002 3817 et
1031 3759 1384 3831 genuinum;
1407 3759 1670 3834 denique
1690 3763 1985 3834 tanquam
2009 3760 2157 3817 horti

2296 3765 2406 3838 ἱερά
2443 3767 2534 3817 καὶ
2582 3761 2872 3825 ἀνόθευτοςο
2916 3764 2985 3824 ὡς
3025 3758 3085 3816 δε
3130 3766 3303 3821 κήπου
3340 3764 3398 3816 τὸ
3436 3771 3535 3825 τῆς
3571 3765 3709 3826 ζωῆς
3751 3759 3902 3825 ξύλον

519 3849 760 3921 lignum
790 3851 927 3908 vitae
951 3849 1199 3907 habenti
1220 3853 1394 3922 porta
1420 3850 1909 3923 inexpugnabilis
1937 3851 2157 3908 accessi

2294 3853 2513 3925 ἔχοντος
2589 3850 2725 3910 πύλη
2805 3850 3244 3924 ἀκαταμάχητος,
3320 3853 3378 3903 τὸ
3450 3858 3542 3904 τοῦ
3614 3868 3903 3925 κρατιστου

520 3938 927 4014 potentissimi
953 3939 1266 4014 sanctique
1295 3940 1487 3997 nostri
1515 3941 1672 4012 regis
1702 3941 1985 4013 edictum,
2020 3956 2158 4014 qum

2295 3944 2441 4015 ἡμῶν
2465 3945 2556 3994 καὶ
2595 3939 2749 4012 ἁγίου
2790 3938 3051 4014 βασιλέως
3097 3944 3302 4013 γέγονεν
3352 3934 3582 4012 ἵδικτον,
3628 3938 3793 4003 οὕτως
3823 3938 3906 3994 ἐπ’

523 4030 609 4087 ita
634 4044 696 4086 se
732 4028 937 4086 habet.

2297 4030 2466 4085 αὐτῶν
2500 4024 2536 4084 δ
2542 4028 2857 4103 ιαξαμϐάνον
2883 4037 2984 4082 τῶν
3008 4027 3206 4093 λέξεων.

600 4122 653 4175 6.
693 4116 926 4176 Manuel
951 4117 1015 4174 in
1045 4118 1274 4177 Christo
1292 4120 1412 4178 Deo
1435 4118 1630 4176 ﬁdelis
1657 4134 1763 4176 rex
1782 4118 2189 4192 Porphyroge-

2370 4105 2436 4181 θ’.
2468 4119 2716 4178 Μανουὴλ
2742 4116 2790 4172 ἓν
2821 4126 3040 4191 Χριστῷ
3065 4126 3138 4191 τῷ
3177 4126 3292 4192 Θεῷ
3321 4121 3509 4182 πιστὸς
3551 4116 3804 4194 βασιλεύς
3849 4136 3906 4178 κ.

527 4207 710 4278 nitus,
740 4209 851 4263 etc.

787 4210 851 4262 te.
2297 4227 2346 4264 τ.
2376 4208 2425 4267 λ.

607 4331 933 4404 (Manuelz's
963 4332 1219 4388 edictum
1233 4334 1370 4405 jam
1395 4333 1691 4391 edidimus
1721 4335 1785 4389 in
1817 4338 1972 4390 tomo
1991 4339 2191 4407 nostra
2225 4333 2570 4401 CXXXIII,
2584 4347 2720 4392 cum
2747 4334 2891 4392 aliis
2923 4334 3187 4406 eiusdem
3214 4333 3596 4407 imperatoris
3623 4332 3834 4393 consti-

1817 4400 2148 4462 tutionibus
2163 4400 2592 4470 ecclesiasticiS)
2604 4447 2619 4462 .

606 4529 747 4584 Erat
769 4530 971 4585 autem
1002 4527 1119 4586 hoc
1144 4527 1662 4601 religiosissimum
1689 4529 1951 4587 edictum
1993 4529 2191 4589 subsi-

2368 4530 2463 4586 Ἢν
2493 4527 2554 4585 δὲ
2592 4534 2651 4586 τὸ
2687 4539 2918 4586 τοιοῦτον
2970 4530 3339 4587 εὐσεϐέστατον
3385 4529 3590 4587 ἶδικτον
3641 4530 3911 4593 ύποσεση-

536 4621 789 4690 gnatum
818 4617 1018 4675 rubris
1044 4618 1254 4676 litteris
1281 4635 1472 4677 manu
1508 4621 1753 4694 propria
1789 4621 2174 4694 potentissim

2297 4627 2561 4697 μασμένον
2614 4629 2676 4696 τῇ
2730 4622 3024 4697 αύτοχείρω
3070 4622 3440 4700 ίρυθρογράφῳ
3488 4624 3763 4698 ὑπογραφῇ
3809 4629 3912 4677 τοῦ

536 4715 596 4767 et
621 4709 815 4766 sancti
854 4708 1042 4765 nostri
1083 4709 1485 4783 imperatoris,
1528 4726 1737 4768 mense
1783 4710 1992 4785 Aprili,
2041 4713 2174 4771 indi

2297 4719 2579 4790 κρατίστου
2628 4717 2716 4767 καὶ
2769 4713 2924 4787 ἁγίου
2970 4716 3116 4788 ἡμῶν
3155 4713 3538 4790 αύτοκράτορος
3582 4716 3718 4767 κατά
3763 4721 3917 4788 μῆνα

536 4797 737 4856 ctione
762 4801 916 4866 XIV;
950 4798 1266 4873 sigilloque
1295 4816 1480 4859 aureo
1506 4801 1832 4859 munitum.

2300 4802 2601 4877 Ἀπριλλίου
2635 4800 2938 4859 ἰνδικτιῶνα
2966 4799 3062 4876 ιδ’,
3109 4809 3200 4859 καὶ
3247 4812 3430 4881 χρυσῆ
3479 4799 3753 4879 σφραγῖδα
3789 4802 3913 4859 ἑπι-

2301 4899 2594 4971 φερόμενον.

1085 4999 1293 5057 ACTIO
1335 5000 1648 5061 SEPTIMA.

1632 5043 1648 5061 .
2758 5066 2765 5073 ,
2936 5007 3171 5061 ΠΡΑΞΙΣ
3195 5002 3266 5061 z'.

610 5104 638 5161 1
656 5148 669 5161 .
709 5103 853 5164 Post
876 5106 993 5164 hoc
1020 5105 1242 5163 lectum
1270 5107 1614 5166 venerabile
1642 5108 1906 5167 edictum
1937 5109 2188 5185 regium,

2370 5108 2435 5167 α’.
2511 5118 2615 5167 Τοῦ
2657 5108 2719 5168 δὲ
2755 5115 2992 5168 τοιούτου
3032 5111 3318 5188 βασιλικοῦ
3363 5115 3454 5166 καὶ
3512 5110 3649 5166 θείου
3698 5105 3919 5165 ἰδίκτου

539 5193 765 5266 prodiit
787 5195 1152 5268 synodicum
1180 5196 1488 5256 decretum
1516 5198 1718 5257 verbis
1748 5199 1842 5256 his
1870 5213 1883 5258 :

2301 5200 2734 5275 ἀναγνωσθέντος,
2759 5207 3039 5277 σημείωμα
3060 5201 3254 5277 προέϐη
3288 5195 3590 5268 συνοδικόν,
3617 5195 3747 5254 τάδε
3770 5202 3920 5255 κατά

2300 5292 2449 5371 ῥῆμα
2474 5287 2720 5356 διεῦξιόν·

612 5485 657 5523 ετ
700 5484 723 5542 I
763 5489 896 5562 Cor,
923 5489 1054 5559 x,4.

613 5687 727 5765 (45)
767 5686 1051 5748 Videlicet
1074 5685 1155 5749 ob
1183 5689 1416 5749 metum
1444 5680 1777 5751 Nestoriani
1802 5678 2039 5753 erroris.
