4148 6384
249 323 354 379 2‘73

289 454 454 524 Mm}.
481 448 763 526 ’Δπριλλίῳ
785 447 854 522 δ’,
884 451 1054 525 ἡμέρα
1091 445 1313 526 δευτέρα
1353 443 1678 511 ἰνδικτιῶνος
1705 443 1794 506 ιδ’.

1587 318 1936 379 THESAURI
1975 320 2102 378 LIB.
2143 321 2300 380 XXV.
3535 336 3642 392 274

1885 452 1934 507 Α
1962 445 2185 504 Mensis
2236 446 2470 519 Aprilis
2520 449 2617 507 die
2671 456 2914 522 quarta,
2969 452 3314 511 indic-tionis
3393 455 3635 515 decimas

2460 527 2694 594 quartae
2722 523 2817 579 die
2853 524 3138 582 secunda.

2037 626 2394 685 Praesidente
2449 629 2610 686 Luca
2640 630 3020 687 sanctissimo
3049 635 3254 690 nostro
3288 634 3536 692 domino
3569 634 3630 694 et

1966 716 2344 774 (Bcumenico
2395 718 2737 790 patriarcha
2766 719 2828 775 in
2855 719 3100 776 dextero
3150 721 3424 780 alexiano
3471 730 3628 782 catc-

1965 805 2337 875 chumeneo;
2361 807 2767 864 assidentibus
2792 824 3031 879 magnae
3054 811 3352 868 sanctitati
3374 813 3502 884 ejus
3533 832 3625 871 sa-

1965 894 2312 952 cratissimis
2333 895 2657 969 episcopis,
2693 898 3004 970 Cyziceno,
3037 898 3496 968 Nicomediensi,
3531 905 3624 959 Ni-

1964 999 2156 1051 caeno,
2241 984 2629 1055 Melitenensi,
2704 988 3053 1060 Gangrensi,
3133 991 3619 1060 Neocaesariensi,

1964 1073 2245 1146 Myrensi,
2300 1075 2488 1146 Cario,
2551 1075 2870 1140 Iconiensi,
2920 1077 3241 1146 Corinthio,
3301 1081 3616 1154 Mocesino,

1961 1165 2328 1234 Atheniensi,
2353 1165 2746 1239 Philippensi,
2780 1166 3378 1240 Hadrianopolitano,
3423 1171 3623 1244 Smyr-

1960 1256 2159 1320 nensi,
2216 1257 2625 1329 Neopatrensi,
2692 1257 3088 1324 Euchaitensi,
3157 1260 3614 1334 Amastridensi,

1959 1344 2266 1413 Thebano,
2314 1345 2580 1412 xEnensi,
2637 1347 3008 1418 Corcyrensi,
3061 1347 3377 1420 Abydeno.
3435 1353 3618 1407 Paro-

1959 1435 2162 1497 naxio,
2184 1434 2422 1504 Milesio,
2452 1436 2804 1502 Maronensi,
2838 1435 3386 1509 Arcadiopolitano,
3419 1440 3613 1510 Pario,

1959 1525 2398 1596 Prmconnesio,
2460 1525 2847 1598 Salybriensi,
2917 1526 3207 1592 Nicensi;
3269 1529 3610 1588 astantibus

1961 1615 2142 1672 etiam
2173 1615 2275 1672 Dei
2303 1615 2734 1673 amantissimis
2763 1615 3024 1673 dominis
3049 1617 3408 1690 praepositis.

331 628 735 706 Προϐαθημίνου
791 635 884 682 τοῦ
950 633 1130 682 Λουκᾶ
1191 634 1285 681 τοῦ
1348 627 1642 701 ἁγιωτάτου
1709 627 1856 700 ἡμῶν

257 717 522 774 δεσπότοῦ
558 724 646 772 καὶ
679 718 1039 792 οἰκουμενικοῦ
1099 718 1437 793 πατριάρχου
1489 714 1537 769 ἐν
1589 722 1696 777 τοῖς
1765 712 1856 770 δε-

259 809 396 874 ξιοῖς
442 807 724 873 ἂλεξιακοῖς
763 811 1231 882 κατηχουμενείοις
1255 827 1268 841 ο
1300 801 1748 880 συνεδριαζόντων
1786 813 1851 880 τῇ

257 899 458 974 μεγάλη
518 899 778 972 ἁγιωσύνῇ
838 897 1000 952 αὐτοῦ
1065 899 1348 973 ἱερωτάτων
1412 895 1718 969 ἀρχιερέων,
1762 900 1855 947 τοῦ

258 989 518 1057 Κυζίκου,
569 995 658 1042 τοῦ
704 984 1087 1061 Νικομηδείας,
1118 993 1213 1039 τοῦ
1269 989 1520 1053 Νικαίας,
1559 991 1653 1038 τοῦ
1693 983 1853 1038 Μελι-

256 1087 438 1145 τηνῆς,
486 1084 578 1132 τοῦ
631 1083 897 1152 Γαγγρῶν,
949 1083 1043 1130 τοῦ
1095 1079 1530 1151 Νεοκαισαρείας,
1590 1080 1682 1127 τοῦ
1738 1076 1854 1127 Μύα-

253 1188 379 1242 ρων,
417 1174 510 1220 τοῦ
567 1170 785 1242 Καρίας,
847 1173 940 1220 τοῦ
998 1165 1236 1231 Ἰκονίου,
1289 1171 1382 1217 τοῦ
1444 1165 1720 1236 Κορίνθου,
1759 1168 1852 1215 τοῦ

251 1264 542 1322 Μωκησοῦ,
592 1265 685 1310 τοῦ
724 1255 974 1328 Ἀθηνῶν,
1029 1262 1122 1308 τοῦ
1161 1253 1446 1325 Φιλίππων,
1507 1261 1598 1306 τοῦ
1638 1249 1853 1327 Ἀδρια-

245 1346 556 1413 νουπόλεως,
577 1353 672 1400 τοῦ
698 1347 953 1421 Σμύρνης,
983 1351 1076 1398 τοῦ
1105 1343 1402 1416 Εὐχαίτων,
1436 1350 1527 1396 τοῦ
1559 1343 1851 1416 Ἀμάστριο

252 1432 364 1504 δος,
394 1443 487 1489 τοῦ
527 1434 739 1502 Θηϐῶν,
769 1443 860 1488 τοῦ
906 1437 1086 1502 Αἴνου,
1114 1440 1206 1486 τοῦ
1249 1435 1540 1508 Κερκύρων,
1572 1439 1664 1485 τοῦ
1690 1431 1853 1485 Ἀϐύ-

251 1521 370 1596 δου,
410 1532 503 1579 τοῦ
544 1525 883 1601 ιιαροναξίας,
932 1530 1025 1577 τοῦ
1064 1522 1323 1591 Μιλήτου,
1377 1528 1469 1575 τοῦ
1521 1525 1848 1595 Μαρωνείας,

244 1622 342 1669 τοῦ
373 1611 878 1690 ’Λρκαδιουπόλεως,
918 1620 1011 1667 τοῦ
1043 1617 1265 1688 Παρίου,
1305 1617 1397 1664 τοῦ
1437 1615 1848 1686 Προικοννήσου,

241 1712 341 1759 τοῦ
370 1704 660 1780 Σηλυϐρίας
684 1709 776 1757 καὶ
808 1711 901 1758 τοῦ
938 1707 1104 1764 Νίκης
1128 1723 1142 1737 ο
1177 1705 1578 1777 παρισταμένων
1629 1706 1718 1754 καὶ
1743 1703 1849 1756 θεο-

242 1793 564 1868 φιλεστάτων
591 1791 625 1846 δ
630 1801 916 1848 εσποτικῶν
941 1791 1230 1867 ἀρχόντων.
1881 1803 1922 1858 Β

317 1882 390 1958 β’.
429 1880 583 1937 Ὀδοὶ
638 1884 796 1952 ζωῆς,
853 1879 1117 1954 διανόημα
1150 1888 1251 1934 τῶν
1314 1887 1534 1934 συνετῶν
1569 1896 1581 1910 ·
1640 1884 1732 1933 καὶ
1798 1879 1847 1934 ἓν

242 1969 446 2049 καρδίᾳ
476 1970 670 2048 ἀνδρὸς
709 1971 880 2046 ἀγαθῇ
939 1979 1098 2046 σοφῖα
1135 1967 1269 2025 Θεοῦ
1301 1987 1315 2001 ·
1356 1971 1524 2024 ταῦτά
1566 1975 1698 2044 φησί
1742 1990 1843 2025 που

243 2061 295 2117 ἕν
353 2067 670 2138 Παροιμίαις
726 2064 752 2115 ό
791 2060 1025 2135 Σολομῶν
1057 2078 1072 2093 ⁶
1128 2061 1301 2122 αὐτοῖς
1359 2057 1418 2114 δε
1454 2061 1761 2136 πράγμασιν
1817 2062 1844 2114 ὁ

243 2150 593 2217 Θεοδίδακτος
620 2155 768 2225 ἡμῶν
815 2152 1150 2227 αὐτοκράτωρ
1205 2150 1280 2224 ἐφ’
1334 2150 1498 2222 ἐαυτῷ
1535 2150 1840 2224 τετελεσμέ-

242 2261 310 2294 να
345 2242 606 2308 ὑπέδειξε,
645 2244 738 2303 τὰς
783 2241 855 2304 εἰς
891 2245 985 2301 τὴν
1039 2239 1203 2300 ἀληθῆ
1240 2240 1378 2302 ζωὴν
1415 2244 1505 2292 καὶ
1561 2238 1842 2315 ἀνώλεθρον

244 2329 550 2404 ἐπαγούσας
607 2328 761 2393 ὁδοὺς
811 2337 922 2394 τοῖς
968 2329 1128 2383 αὐτοῦ
1169 2329 1581 2404 θεοκυϐερνὴτοις
1621 2326 1843 2389 διανοή-

246 2439 382 2492 μασι
408 2426 501 2474 καὶ
529 2424 782 2494 νόημασι,
815 2424 906 2473 καὶ
959 2427 1067 2482 τοῖς
1117 2427 1212 2482 τῆς
1266 2421 1566 2477 θεοκινήτου
1605 2418 1842 2490 γλώττης

246 2508 412 2564 αὐτοῦ
445 2511 644 2585 ῥήμασι
693 2515 857 2562 πᾶσιν
896 2508 1300 2582 ἑτοιμασάμενος
1336 2529 1348 2542 ·
1417 2508 1507 2561 οἶτε
1557 2513 1628 2581 μὴ
1688 2512 1841 2580 μόνον

241 2600 316 2650 τὰ
381 2595 429 2649 ἐν
492 2603 635 2670 μέσῳ
692 2597 870 2652 σκῶλα
938 2605 1216 2673 περιαιρῶν
1268 2601 1380 2658 καὶ,
1430 2601 1838 2672 προσκόμματα,

242 2685 377 2740 ἃ).λὰ
416 2693 508 2740 καὶ
566 2690 634 2741 τὰ
680 2695 788 2750 τοῖς
843 2687 1051 2750 πολλοῖς
1106 2688 1373 2763 προσάντη
1427 2691 1516 2738 καὶ
1573 2683 1844 2744 δυσνόητα

238 2774 584 2849 ἐξομαλίζειν,
617 2781 705 2830 καὶ
747 2776 896 2830 εὐθέα
933 2783 1040 2840 τοῖς
1100 2783 1341 2829 συνιοῦσι
1389 2779 1480 2828 καὶ
1535 2776 1842 2850 εὑρίσκουσι

237 2875 462 2938 γνῶσιν,
502 2864 916 2940 ἀπεργαζόμενος
948 2882 960 2896 ·
1018 2870 1110 2919 καὶ
1146 2867 1248 2941 γὰρ
1304 2866 1372 2918 τὰ
1408 2867 1545 2927 κατᾲ
1580 2868 1674 2922 τὴν
1725 2860 1842 2916 δευ-

245 2959 402 3027 τέραν
477 2961 572 3007 τοῦ
634 2963 907 3030 προσεχῶς
976 2954 1318 3031 παρελθόντος
1381 2959 1618 3030 Μαρτίου
1683 2959 1842 3027 μηνὸς

242 3044 583 3118 πραχθέντα,
643 3047 732 3096 καὶ
775 3051 1055 3102 τηνικαῦτα
1100 3047 1190 3117 μεν
1237 3047 1300 3097 τό
1342 3046 1498 3118 κύρος
1542 3064 1606 3118 τῃ
1653 3063 1708 3096 τε
1744 3052 1840 3104 τῆς

2025 1886 2080 1939 2.
2111 1885 2229 1942 Vix
2258 1884 2416 1954 vitae,
2455 1885 2737 1956 cogitatio
2766 1885 3200 1956 prudentium;
3236 1891 3291 1943 et
3336 1887 3401 1943 in
3430 1889 3611 1945 corde

1957 1972 2106 2030 bono
2150 1974 2285 2041 viri,
2315 1975 2614 2044 sapientia
2654 1975 2766 2031 Dei
2786 1975 2854 2029 ³⁸.
2890 1977 3010 2031 Hoc
3058 1975 3142 2030 ait
3176 1976 3240 2030 in
3276 1977 3610 2047 proverbiis

1957 2062 2271 2131 Salomon;
2294 2078 2356 2119 re
2378 2066 2582 2120 autem
2597 2079 2756 2134 vera,
2775 2080 2812 2120 a
2833 2065 2951 2120 Deo
2971 2063 3187 2120 doctus
3202 2068 3405 2121 noster
3419 2065 3607 2138 impe—

1951 2156 2115 2207 rator
2138 2151 2198 2207 in
2221 2167 2283 2208 se
2302 2152 2631 2224 perfectum
2653 2151 3087 2208 demonstravit
3105 2169 3121 2219 ;
3137 2152 3285 2210 dum
3300 2153 3381 2209 ad
3400 2169 3609 2211 veram

1951 2240 2480 2313 immortalemque
2494 2242 2682 2298 vitam
2708 2241 2997 2298 ducentes
3026 2242 3270 2298 semitas
3289 2243 3411 2298 suis
3431 2258 3468 2299 a
3487 2244 3608 2300 Deo

1951 2330 2127 2386 rectis
2151 2331 2514 2402 cogitatibus
2544 2335 2601 2387 et
2620 2331 2910 2398 consiliis,
2955 2331 3201 2405 suisque
3224 2348 3261 2388 a
3282 2334 3401 2389 Deo
3429 2337 3607 2390 mota)

1949 2418 2172 2490 linguai
2186 2421 2381 2476 verbis
2395 2420 2623 2476 cunctis
2633 2420 2982 2477 hominibus
2992 2421 3368 2493 praeparavit:
3381 2423 3609 2495 quippe

1951 2508 2057 2582 qui
2081 2525 2205 2566 non
2235 2509 2432 2566 solum
2461 2510 2897 2583 impedimenta
2927 2510 3002 2565 de
3051 2509 3253 2566 medio
3282 2511 3521 2567 sustulit
3552 2517 3610 2567 et

1951 2597 2332 2666 offendicula,
2364 2615 2577 2654 verum
2628 2600 2812 2655 etiam
2867 2614 2938 2655 ea
2991 2615 3127 2671 quae
3174 2599 3378 2656 multis
3415 2601 3608 2657 ardua

1951 2693 2124 2746 erant
2143 2693 2324 2760 atque
2346 2705 2563 2760 aspera
2577 2693 2633 2744 et
2645 2689 2946 2745 intellectu
2963 2688 3228 2745 difﬁcilia
3243 2689 3603 2761 explanavit,

1949 2777 2270 2850 faciliaque
2316 2778 2577 2834 reddidit
2602 2778 2673 2833 iis
2702 2779 2808 2850 qui
2843 2778 3158 2834 inveniunt
3203 2779 3606 2850 comprehen-

1950 2866 2223 2940 duntque
2249 2867 2662 2923 eruditionem.
2679 2869 2906 2922 Etenim
2930 2883 3021 2934 ea,
3049 2883 3186 2938 quae
3213 2865 3309 2921 die
3338 2867 3608 2923 secunda.

1949 2957 2222 3028 proxime
2246 2956 2526 3029 praeteriti
2547 2955 2734 3012 Martii
2762 2955 2989 3010 mensis
3018 2958 3263 3026 peracta
3282 2954 3538 3024 fuerant,
3556 2971 3588 3011 e

1951 3049 2093 3103 tunc.
2141 3044 2662 3102 conﬁrmationem
2688 3059 2725 3100 θ,
2753 3049 2961 3100 nostra
2985 3043 3393 3100 mediocritate
3423 3048 3604 3115 atque

238 3133 396 3204 ἡμῶν
449 3136 786 3206 μετριότητος
843 3138 934 3187 καὶ
980 3140 1098 3196 ταῖς
1141 3141 1242 3186 τῶν
1304 3133 1482 3210 ἑτέρων
1540 3133 1840 3206 ἁγιωτάτων

1964 3149 1986 3191 ι
2001 3139 2352 3190 caeterorum
2371 3133 2883 3190 sanctissimorum
2897 3133 3376 3205 patriarcharum
3393 3148 3605 3188 sacrae-

230 3229 596 3296 πατριαρχῶν
645 3227 735 3276 καὶ
785 3230 876 3284 τῆς
935 3225 1072 3298 ἱερᾶς
1139 3219 1364 3276 συνόδου
1415 3227 1643 3297 γνώμαις
1692 3220 1838 3287 δεξά-

1964 3240 2067 3297 ]ue
2084 3223 2301 3297 synodi
2327 3223 2624 3294 suffragiis
2655 3227 3044 3295 acceperant;
3063 3227 3283 3279 sanctae
3300 3237 3437 3278 vero
3453 3223 3502 3292 ej
3515 3239 3607 3277 us-

226 3330 381 3384 μενα,
414 3313 555 3364 κατά
583 3307 644 3364 δι
698 3317 793 3370 τὴν
841 3313 991 3371 ἕκτην
1044 3319 1136 3366 τοῦ
1177 3312 1337 3366 αὐτοῦ
1385 3315 1568 3385 μηνός,
1625 3317 1714 3365 καὶ
1773 3331 1836 3385 τῃ

1964 3314 2085 3370 iem
2116 3313 2339 3369 mensis
2361 3312 2456 3368 die
2493 3312 2893 3385 imperatoriae
2919 3317 3140 3370 sanctas
3161 3327 3380 3368 manus
3408 3311 3606 3366 rubris

229 3400 652 3474 αὐτοκρατορικη
696 3399 821 3475 ἁγίᾳ
875 3406 1019 3474 χειρὶ
1071 3401 1540 3476 ἕρυθρογραφέντα,
1594 3409 1704 3463 τοῖς
1745 3399 1841 3453 ἀνὰ

1968 3404 2153 3460 itteris
2183 3403 2522 3476 subscripta
2546 3402 2786 3458 fuerant
2810 3421 2822 3470 ;
2850 3418 2990 3458 cum
3015 3402 3300 3458 omnibus
3329 3400 3601 3468 urbibus,

227 3494 412 3543 πᾶσαν
441 3488 591 3542 πόλιν
634 3494 724 3542 καὶ
753 3496 935 3566 χώραν
979 3495 1069 3544 καὶ
1097 3499 1255 3551 νῆσον
1298 3496 1388 3544 καὶ
1439 3494 1650 3565 ἤπειρον
1700 3487 1840 3549 δῆλα

1964 3493 2319 3564 regionibus,
2351 3492 2585 3562 insulis,
2619 3492 2966 3559 continenti,
3018 3491 3222 3564 palam
3251 3490 3378 3549 ﬁeri
3408 3491 3604 3560 vellet,

223 3579 474 3650 γενέσθαι
523 3576 859 3651 βουλόμενος,
913 3580 996 3632 ἶνα
1038 3581 1226 3642 πάντες
1275 3583 1365 3632 καὶ
1407 3582 1544 3632 κατὰ
1585 3583 1679 3638 τήν
1721 3598 1837 3632 τοι-

1964 3589 2014 3640 it
2062 3584 2292 3640 cunctis
2319 3583 2596 3639 homines
2625 3581 2959 3638 secundum
3003 3581 3160 3638 hanc
3194 3581 3606 3652 dogmaticam

223 3671 389 3726 αὐτην
450 3663 786 3742 δογματικὼ
846 3670 1076 3741 κύρωσιν
1141 3665 1436 3743 ὀρθοδοξείν
1493 3671 1704 3742 ἔχωσιο
1745 3672 1832 3720 καὶ

1964 3673 2356 3730 ieﬁnitionem
2386 3676 2548 3728 recta
2567 3670 2686 3727 tida
2715 3677 3040 3735 uterentur,
3074 3687 3270 3742 neque
3296 3671 3354 3726 in
3377 3685 3607 3727 errores

225 3761 302 3830 μή
378 3765 495 3818 ταῖς
568 3767 666 3821 τῆς
738 3756 935 3820 πλάνης
1010 3755 1250 3822 ἀνοδίαις
1325 3761 1832 3832 συμπεριφίρωνται,

1966 3761 2267 3835 mpervios
2321 3760 2711 3828 deferrentur,
2754 3759 3026 3816 divinum
3069 3759 3607 3832 venerandumque

229 3848 372 3900 θεῖον
429 3849 784 3921 προσκυνητον
842 3847 1035 3911 ἐξέθετο
1111 3847 1334 3917 ἳδικτον,
1392 3853 1482 3901 καὶ
1555 3851 1686 3923 πρὸς
1739 3852 1834 3906 τὴν

1964 3853 2258 3924 proposuit
2286 3849 2569 3918 edictum,
2603 3854 2785 3921 atque
2821 3850 2900 3903 ad
2930 3852 3196 3905 nostram
3226 3848 3607 3904 mediocrita~

224 3938 386 4008 ἡμῶν
415 3941 746 4011 μετριότητα,
788 3941 876 3988 καὶ
902 3942 996 3996 τὴν
1038 3940 1175 4012 ἱερὰν
1206 3943 1297 3990 καὶ
1326 3939 1463 3991 θείαν
1513 3935 1836 4001 ἐξαπέστειλε

1964 3958 2061 3998 ,em
2105 3955 2461 4011 sacramque
2491 3943 2548 3994 et
2574 3939 2843 3994 divinam
2870 3938 3025 3994 misit
3052 3937 3398 4009 synodum;
3440 3937 3607 4009 quod

226 4021 461 4080 σύνοδον
485 4046 498 4059 ο
526 4026 551 4079 ὃ
576 4030 667 4080 καὶ
697 4025 1008 4099 ἀπηνώσθη
1043 4026 1126 4080 ἐπὶ
1149 4034 1345 4095 κοινοῦ,
1391 4030 1514 4100 ἔχον
1545 4025 1629 4080 ἐπὶ
1658 4026 1834 4091 λέξεων

1964 4036 2003 4089 at
2022 4046 2226 4088 coram
2248 4028 2531 4085 omnibus
2560 4028 2782 4084 lectum
2813 4026 2942 4099 fuit,
2971 4031 3151 4100 atque
3181 4027 3265 4082 ita
3294 4043 3356 4082 se
3390 4022 3608 4082 habet:

228 4136 373 4170 ουτω
397 4137 411 4151 ⁸

297 4205 369 4279 γ’.
413 4204 664 4264 Μανουήλ
718 4205 768 4260 ἕν
810 4215 1026 4281 Χριστῷ
1064 4215 1138 4280 τῷ
1187 4212 1293 4280 Θεῷ
1338 4211 1528 4272 πιστὸς
1570 4207 1843 4282 βασιλεὺς,

222 4299 750 4371 Πορφυρογὲννητος,
824 4296 1086 4370 Ῥωμαίων
1180 4297 1537 4372 αὐτοκράτωρ,
1637 4295 1845 4352 εὐσεϐέ-

224 4405 454 4454 στατος,
499 4383 855 4453 ἆεισίϐαστος,
910 4391 1234 4460 Αὔγουστος,
1265 4387 1578 4464 Ἰσαυρικὸς,
1638 4387 1845 4440 Κιλικι-

2019 4209 2076 4268 3.
2110 4207 2342 4264 Manuel
2366 4207 2427 4264 in
2459 4205 2691 4265 Christo
2723 4209 2842 4262 Deo
2883 4205 3077 4262 ﬁdelis
3133 4221 3234 4262 rex
3270 4205 3606 4278 Porpher-

1955 4297 2214 4371 genitus,
2232 4300 2640 4354 Romanorum
2661 4296 3006 4369 imperator,
3019 4295 3346 4368 piissimus,
3371 4309 3610 4367 semper

1956 4389 2252 4455 sebastus,
2283 4390 2608 4458 Augustus,
2631 4385 2949 4455 Isauricus,
2979 4383 3271 4454 Cilicicus,
3300 4385 3608 4440 Armenia-

220 4479 340 4543 κὸς,
409 4475 731 4550 ’Δρμε-νικὸς,
808 4474 1152 4550 Δαλματικὸς,
1233 4477 1550 4552 Οὐγγρικός,
1636 4478 1848 4530 Βοσθνι·

1964 4495 2086 4545 cus,
2121 4477 2504 4546 Dalmaticus,
2538 4476 2889 4546 Ungaricus,
2926 4473 3306 4541 Bosthnicus,
3349 4474 3609 4530 Chrova-

225 4569 350 4633 κὸς,
419 4562 771 4640 Χροϐατικός,
822 4565 1078 4633 Λαζικὸς,
1125 4562 1411 4630 Ἰλϐηδικός,
1470 4566 1844 4638 Βουλγαρικὸς,

225 4651 508 4728 Σερϐικός,
584 4657 860 4726 Ζεκχικός,
936 4656 1260 4730 Χαζαρικὸς,
1335 4657 1603 4725 Γοτθικός,
1662 4657 1846 4709 θεοκυ-

223 4741 504 4819 ϐέρνητος,
563 4741 880 4817 κληρονόμος
945 4751 1039 4797 τοῦ
1113 4748 1403 4817 στίμματος
1458 4752 1550 4798 τοῦ
1624 4743 1847 4818 μεγάλου

222 4835 664 4895 Κωνσ-ταντίνου,
714 4837 801 4885 καὶ
834 4831 988 4905 ψυχῇ
1024 4837 1296 4906 νεμόμενος
1336 4835 1508 4887 πάντα
1560 4835 1626 4886 τὰ
1662 4835 1849 4885 τούτου

217 4921 433 4979 δίκαιοι
459 4937 474 4952 ⁸
553 4924 624 4983 ὡς
696 4942 849 4976 τινων
923 4921 1402 4983 ἀποστατησάντων
1476 4930 1568 4978 τοῦ
1633 4925 1852 4998 κράτους

216 5016 413 5087 ἡμῶν,
453 5018 564 5072 τοῖς
617 5019 710 5065 τοῦ
767 5012 1116 5086 φιλοχρίστου
1156 5016 1302 5088 ἡμῶν
1347 5017 1540 5076 παντὸς
1579 5013 1706 5067 λαοῦ
1762 5020 1852 5074 τῆς

225 5100 602 5172 θεοφυλάκτου
667 5103 815 5176 ἡμῶν
891 5100 1174 5175 βασιλίδος
1229 5103 1445 5175 πόλεως,
1502 5107 1575 5158 ἔτι
1639 5099 1699 5157 δὲ
1762 5108 1853 5156 καὶ

223 5198 385 5247 πᾶσι
408 5197 517 5254 τοῖς
563 5198 669 5244 τῶν
710 5193 814 5245 ὑπὸ
858 5195 953 5252 τὴν
980 5201 1070 5254 τῆς
1107 5194 1358 5269 ἡμετέρας
1400 5192 1674 5268 βασιλείας
1704 5191 1853 5258 ἐξου-

225 5301 364 5336 σιαν
413 5288 612 5356 χωρῶν
648 5280 1009 5357 ἠπειρωτικῶν
1054 5301 1110 5336 τε
1158 5287 1249 5337 καὶ
1303 5284 1580 5339 θαλαττίων
1611 5282 1857 5358 οἰκήτορ-

223 5391 346 5430 σιν.

310 5456 389 5515 ὃν.
431 5458 494 5513 Εἰ
543 5462 837 5534 μακαρίζει
893 5463 1086 5536 Πέτρον
1135 5466 1372 5537 Χριστὸς
1411 5467 1500 5519 τόν
1539 5462 1587 5518 ἰν
1630 5463 1860 5521 ἀποστὸο

312 5655 368 5692 ³⁸
399 5657 578 5716 Prov.
601 5667 684 5726 γι,
712 5655 783 5711 23
807 5666 823 5723 ;
847 5655 1083 5726 x:v,_33.

1956 4571 2131 4634 ticus,
2163 4568 2402 4639 Iazicus,
2433 4566 2712 4637 Ibericus,
2748 4565 3114 4635 Bulgaricus,
3145 4564 3440 4633 Servicus,
3477 4567 3612 4620 Zec-

1958 4658 2180 4726 chicus,
2215 4655 2593 4723 Chazaricus,
2626 4653 2927 4720 Gothicus,
2967 4669 3004 4709 a
3035 4656 3153 4709 Deo
3183 4652 3464 4721 directus,
3491 4652 3611 4708 hae-

1957 4764 2052 4806 res
2073 4762 2310 4803 corona:
2341 4744 2546 4816 magni
2563 4743 2950 4812 Constantini,
2967 4743 3171 4800 animo
3199 4747 3441 4812 gestans
3469 4757 3612 4798 cun-

1960 4841 2054 4895 cta
2081 4836 2262 4907 hujus
2276 4836 2810 4907 jura,quanquam
2829 4832 3105 4888 nonnulli
3135 4849 3172 4888 a
3192 4835 3396 4888 nostro
3425 4832 3614 4903 impe-

1959 4927 2047 4984 rio
2063 4925 2434 4992 defecerunt;
2454 4923 2731 4979 universo
2753 4927 2961 4980 nostro
2982 4921 3373 4994 philochristo
3386 4920 3612 4993 populo

1959 5015 2139 5086 regiae
2184 5018 2403 5070 nostrae
2440 5028 2476 5069 a
2523 5015 2642 5068 Deo
2674 5011 2988 5067 custoditaa
3036 5009 3224 5075 urbis,
3256 5008 3614 5079 cunctisque

1960 5103 2212 5178 imperio
2228 5106 2433 5160 nostro
2461 5100 2750 5172 subjectis
2763 5099 3128 5158 terrestrium
3149 5096 3615 5155 maritimarum-

1962 5209 2082 5268 que
2101 5192 2420 5264 regionum
2447 5189 2679 5248 incolis.

2040 5464 2095 5519 4.
2135 5461 2192 5519 Si
2215 5461 2462 5521 beatum
2487 5458 2776 5533 praedicat
2798 5459 3035 5515 Petrum
3079 5457 3342 5516 Christus
3377 5458 3620 5531 aposto-
