4148 6384
498 260 604 317 275

1833 256 2110 327 mam;
2166 252 2537 331 CHONIATE

3762 256 3872 337 37“

498 383 698 441 lorum
736 400 1048 442 summum
1096 386 1354 463 apicem,
1377 384 1703 458 propterea
1742 380 1911 456 quod
1946 395 2160 443 omnes

2269 378 2378 443 λοις
2427 382 2860 454 κορυφαιότατον,
2915 378 3025 433 ἐπεί
3079 379 3361 457 προφθάνει
3388 378 3582 442 πάντας
3634 387 3708 441 τῶ
3749 375 3873 445 δια-

499 474 801 547 praecessit
828 473 1056 531 fervore
1080 474 1328 543 amoris,
1344 479 1400 529 et
1414 473 1618 546 ipsum
1634 475 1880 527 testatus
1903 470 2013 525 fuit
2031 485 2161 524 esse

499 562 822 635 Christum,
858 563 961 620 Dei
988 564 1241 619 viventis
1270 563 1516 628 Filium;
1550 554 1757 632 utpote
1786 575 1824 615 a
1848 561 1967 615 Deo
1992 561 2162 625 Patre

496 653 857 723 mysterium
881 652 951 708 de
971 651 1073 708 illo
1102 651 1382 717 edoctus;
1411 649 1709 722 quidnam
1735 647 1899 704 aliud
1927 647 2161 703 beatius

498 740 631 795 erit.
667 771 721 781 -ο
757 739 1136 814 Sequebatur
1163 740 1381 795 deinde
1402 739 1753 794 universum
1787 752 1973 810 supra
1998 728 2034 792 a
2059 752 2163 792 no-

498 829 592 885 bis
623 829 915 902 scriptum
955 829 1239 886 edictum.
1274 832 1581 885 Postremo
1610 827 1742 883 haec
1781 826 2163 883 addebantur

495 918 782 974 verba.—
814 922 1143 995 Postquam
1174 918 1353 991 igitur
1372 917 1575 990 palam
1607 917 2022 972 venerandum
2046 916 2160 972 hoc

498 1006 765 1063 edictum
795 1007 1017 1064 lectum
1062 1008 1190 1076 fuit,
1241 1012 1530 1064 consueta
1561 1005 1640 1062 ab
1673 1005 1960 1061 omnibus
2001 1004 2162 1062 facta

498 1101 589 1151 est
619 1096 994 1167 acclamatio,
1026 1097 1259 1152 invictae
1284 1096 1583 1167 majestati
1618 1095 1750 1166 ejus
1776 1093 2159 1150 stabilitatem

495 1183 685 1239 vitam
740 1185 1337 1258 incolumitatemque
1385 1184 1685 1240 diutinam
1724 1182 2161 1255 comprecanti-

494 1272 642 1418 bulis:
662 1361 799 1416 Hac
826 1358 1009 1431 igitur
1041 1359 1126 1416 ita
1151 1361 1320 1430 gesta
1341 1362 1486 1415 sunt
1507 1360 1687 1432 atque
1708 1359 2015 1417 absoluta.
2051 1361 2159 1415 Ve»

494 1456 841 1507 rumtamen
871 1464 998 1504 non
1022 1448 1279 1505 cessavit
1305 1452 1584 1519 tentator,
1613 1448 1942 1522 quominus
1967 1449 2160 1505 Eccle-

495 1540 599 1595 sia
628 1537 943 1594 moliretur
982 1536 1539 1610 perturbationem;
1572 1553 1770 1611 neque
1819 1554 1883 1595 se
1911 1538 2155 1605 victum,

492 1626 776 1702 quamvis
795 1642 904 1701 per
929 1642 1116 1700 supra
1136 1626 1298 1683 dicta
1320 1630 1492 1696 gesta
1512 1625 1776 1698 fugatus,
1799 1626 2000 1683 fassus
2028 1631 2118 1684 est
2140 1643 2154 1682 :

2271 473 2427 541 πείρῳ
2456 477 2549 531 τῆς
2581 466 2912 540 ἀγαπήσεως,
2967 473 3059 521 καὶ
3097 472 3279 520 τοῦτον
3337 464 3467 520 εἶναι
3508 472 3595 521 τόν
3638 472 3874 541 Χριστόν

2272 555 2586 612 διατείνει-αι
2638 563 2724 612 τόν
2754 566 2847 612 τοῦ
2898 567 3042 612 Θεοῶ
3085 565 3178 611 τού
3205 558 3392 619 ζῶντος
3439 560 3577 627 Υίόν,
3611 558 3700 611 άτε
3728 560 3878 632 παρὰ

2271 654 2362 701 τοῦ
2390 651 2591 721 Πατρός
2628 646 3010 720 ἀποκαλυφθεὶς
3038 650 3096 699 τό
3123 646 3237 699 κατ’
3263 645 3450 699 ἐκεῖνον
3478 651 3796 721 μυστήριον,
3822 666 3877 699 τι

2273 733 2464 794 δήποτ’
2493 735 2553 788 ἆν
2586 738 2662 794 εἴη
2694 741 3141 811 μακαριστότερον
3169 754 3182 802 ;
3214 762 3278 771 —
3306 722 3403 788 καὶ
3431 733 3611 809 ἐφεξῆς
3637 728 3876 810 περιεῖχε

2269 828 2406 877 κατὰ
2423 826 2571 901 ῥῆμα
2594 828 2652 877 τό
2681 830 2973 901 προγραφὲν
3003 825 3139 878 άπαν
3172 822 3394 878 ῖδικτον⁸
3428 829 3518 877 καὶ
3540 812 3669 897 μετά
3695 833 3850 879 τοῦτο
3858 878 3873 905 ⁹

2268 922 2438 967 ταῦτα
2459 915 2650 990 ῥητῶς.
2685 946 2752 954 —
2782 914 2871 978 Ὠς
2909 910 2997 967 οὖν
3027 914 3100 977 εἰς
3139 914 3361 973 ἐπήκοον
3387 916 3444 966 τό
3474 921 3707 967 τοιοῦτον
3743 933 3876 991 προτ⁹

2273 1007 2527 1061 σκυνητόν
2556 1000 2760 1056 ἲδικτον
2793 1000 3118 1076 ἀνεγνώσθη,
3150 1005 3178 1061 ἡ
3216 1004 3448 1065 συνήθης
3486 1006 3631 1077 παρὰ
3668 996 3877 1056 πάντων

2268 1095 2472 1165 γέγονεν
2512 1091 2764 1164 εὐφημία,
2799 1096 3083 1165 συμφώνως
3113 1090 3464 1164 ἓπευξαμένων
3512 1098 3585 1162 τῷ
3632 1089 3877 1164 ἀηττήτῳ

2268 1184 2448 1257 κράτει
2501 1179 2662 1232 αὑτοῦ
2720 1177 2976 1253 διαμονὴν
3024 1185 3116 1233 καὶ
3173 1180 3313 1241 ζωὴν
3366 1184 3457 1232 καὶ
3509 1181 3686 1252 ὑγείαν
3733 1201 3875 1254 μακ-

2264 1254 2481 1345 ραίωνα.
3756 1254 3759 1259 ’

2338 1358 2391 1413 ε’.
2436 1365 2613 1413 Ταῦτα
2818 1355 2906 1411 οὖν
2969 1359 3134 1420 οὕτως
3199 1361 3392 1418 ἤνυστο
3445 1362 3537 1411 καὶ
3585 1356 3871 1411 τετέλεστοο

2267 1424 2427 1502 Ἀλλὰ
2454 1450 2557 1525 γὰρ
2608 1444 2733 1500 οὐδὲ
2788 1446 2945 1500 πάλιν
2994 1446 3193 1505 ἀπέστη
3227 1449 3253 1500 6
3305 1451 3616 1522 πειραστὴς,
3657 1450 3744 1499 τόν
3786 1445 3876 1499 ἐκ-

2265 1535 2642 1595 κλησιαστικὸν
2699 1533 3133 1609 διαμελετώμενος
3198 1538 3434 1609 τάραχον
3462 1551 3476 1565 ⁸
3521 1532 3646 1588 οὐδὲ
3702 1535 3879 1599 εἰςτά

2268 1626 2438 1678 ὀπίσω
2498 1628 2767 1700 πεμφθεὶς,
2837 1624 2939 1678 ἀπό
2989 1635 3089 1679 τῶν
3154 1624 3515 1699 προλαϐόντων
3570 1629 3664 1684 τὴν
3712 1625 3877 1683 ἧτταν

490 1732 705 1774 verum
720 1715 945 1788 quibus
956 1715 1573 1788 actibus‘primitivam
1591 1717 1721 1789 ipse
1738 1715 1992 1787 gloriam
2009 1717 2159 1772 ami-

2267 1715 2745 1789 προσωμολόγησεν
2777 1731 2791 1745 ⁸
2849 1713 2956 1767 ἀλλ’
3000 1706 3090 1776 ὀἷς
3165 1715 3317 1776 αύτός
3376 1723 3473 1777 τῆς
3536 1711 3878 1788 πρωτοδότον

493 1805 811 1873 sit,iisdem
838 1804 1104 1861 maxime
1134 1804 1427 1861 adversus
1457 1805 1735 1862 homines
1766 1811 1992 1862 struere
2013 1806 2162 1862 solet

490 1892 792 1951 insidias:
835 1892 990 1949 laeva
1039 1892 1289 1965 quidem
1346 1908 1587 1966 semper
1641 1899 1809 1965 parte
1866 1894 2162 1951 hostiliter

493 1982 856 2054 aggrediens
883 2001 897 2049 ;
924 1982 1185 2039 dexterae
1212 1986 1414 2039 autem
1456 1983 1841 2040 simulatione
1880 1982 2159 2041 fraudem

490 2073 802 2144 obtegens,
828 2088 968 2129 esca
998 2070 1243 2129 scillicet
1268 2071 1543 2140 hamum,
1578 2072 1918 2130 mortiferas
1938 2072 2160 2130 herbas

490 2161 685 2219 mellis
730 2161 1145 2234 perunctione.
1187 2160 1280 2217 Sic
1336 2176 1481 2231 ergo
1536 2161 1644 2217 iste
1674 2162 2160 2218 sacratissimum

489 2266 739 2325 quoque
757 2250 966 2307 Nicaeae
994 2250 1441 2322 metropolitam
1472 2266 1691 2323 parum
1714 2250 1909 2308 abfuit
1931 2253 2076 2324 quin
2099 2251 2159 2307 in

490 2340 670 2398 fatale
697 2340 1019 2413 projiceret
1055 2340 1412 2412 periculum,
1441 2340 1524 2396 ita
1552 2345 1619 2396 ut
1655 2356 1732 2396 ne
1757 2354 1995 2396 sacram
2026 2339 2160 2412 qui-

490 2430 632 2487 dem
655 2443 986 2502 personam
1016 2429 1411 2486 stationemve
1441 2429 1582 2486 huic
1601 2428 1898 2501 reliquam
1920 2429 2157 2517 faceret,

491 2518 815 2593 profundis
844 2518 1020 2591 aquis
1041 2534 1267 2584 merso,
1292 2518 1457 2574 unde
1487 2533 1734 2591 prorsus
1763 2521 2005 2574 enatare
2036 2533 2159 2574 non

490 2612 719 2681 posset.
748 2609 806 2663 Is
837 2608 998 2665 enim
1028 2607 1361 2678 gloriosum
1394 2607 1513 2663 sibi
1536 2607 1901 2663 existimavit
1930 2608 1978 2663 si
2010 2623 2160 2680 pras-

490 2696 678 2754 fracte
703 2697 766 2752 in
812 2696 1031 2753 divinis
1057 2696 1239 2752 rebus
1273 2696 1575 2753 resisteret
1599 2714 1614 2764 ;
1638 2695 1928 2767 ignorans
1959 2695 2161 2752 videli-

490 2790 584 2842 cet
606 2785 823 2853 zelum,
847 2785 954 2858 qui
980 2785 1313 2841 secundum
1348 2784 1661 2841 scientiam
1690 2800 1810 2841 non
1830 2785 2161 2853 est,divina

493 2874 799 2947 Scriptura
819 2879 986 2937 teste,
1001 2873 1081 2931 ab
1106 2873 1367 2931 Ecclesia
1389 2888 1523 2930 esse
1546 2874 2162 2946 respuendum.Quod

491 2968 695 3021 autem
724 2963 856 3020 haec
885 2964 974 3020 ita
999 2979 1062 3018 se
1092 2962 1380 3034 habeant,
1405 2963 1713 3019 decretum
1745 2964 1961 3036 synodi
1983 2967 2162 3035 jussu

489 3053 801 3111 conditum
824 3052 1034 3125 palam
1064 3052 1261 3121 faciet,
1293 3053 1460 3126 quod
1491 3058 1581 3111 est
1616 3044 1991 3125 hujusmodi.

1048 3336 1254 3392 ACTIO
1305 3336 1580 3392 OCTAVA
1593 3378 1606 3391 .

492 3425 715 3482 Mensis
740 3423 895 3480 Maii
920 3423 1017 3481 die
1050 3429 1240 3498 sexta,
1267 3424 1617 3481 indictionis
1645 3424 1886 3481 decima
1929 3431 2165 3498 quartae

1169 3496 1266 3553 die
1291 3502 1487 3554 sexta.

569 3608 625 3660 1.
657 3601 1019 3659 Ρι-ωεὶᾶθῐιΐθ
1048 3603 1207 3660 Luca
1250 3602 1631 3660 sanctissimo
1675 3606 1884 3660 nostro
1914 3603 2166 3661 domino

495 3695 554 3749 et
574 3691 951 3749 mcumenico
981 3691 1332 3765 patriarcha
1376 3692 1438 3748 in
1477 3692 1724 3749 dextero
1756 3691 2035 3749 alexiano
2074 3680 2168 3750 ca-

494 3783 928 3849 techumeneo;
980 3780 1386 3839 assidentibus
1438 3798 1679 3854 magnae
1711 3783 2009 3840 sanctitati
2038 3784 2167 3854 ejus

495 3870 914 3929 sacratissimis
975 3871 1277 3945 episcopis
1337 3872 1711 3938 Caesariensi,
1782 3872 2166 3941 Heracliensi,

500 3961 808 4039 Cyziceno,
863 3961 1323 4034 Nicomediensi,
1380 3961 1766 4033 Melitenensi,
1820 3963 2167 4034 Gangrensi,

497 4051 692 4118 Cario,
750 4050 1070 4117 Mocesino,
1139 4050 1426 4113 Cretensi,
1483 4049 1899 4123 Trapezuntio,
1952 4052 2168 4124 Philip-

487 4139 682 4210 pensi,
714 4137 1536 4217 Mitylenensi,Neopatrensi,
1568 4140 1967 4206 Euchaitensi,
1993 4146 2169 4215 Ama-

492 4226 796 4290 stridensi,
846 4227 1134 4293 Serrensi,
1162 4227 1471 4296 Thebano,
1512 4226 1774 4298 Enensi,
1828 4232 2164 4299 Apameen-

490 4313 562 4385 si,
585 4313 905 4386 Abydeno.
933 4313 1408 4386 Lacedaemonio,
1424 4315 1784 4383 Paronaxio,
1804 4320 1837 4371 Α
1852 4315 2166 4388 rcadiopo-

2218 1804 2223 1809 ¹
2270 1801 2433 1867 δόξης
2497 1807 2757 1857 ἔκπτωσιν
2811 1806 3208 1877 κατακέκριται,
3271 1804 3478 1867 τούτοις
3526 1807 3619 1855 καὶ
3681 1801 3878 1875 μᾶλλον

2267 1897 2362 1952 τὴν
2413 1896 2551 1945 κατὰ
2610 1900 2711 1944 τῶν
2778 1891 3058 1965 ἀνθρώπων
3128 1889 3405 1949 ἐπιϐουλὴν
3459 1894 3881 1962 συγκατεσκευά-

2271 1986 2414 2046 ζεται
2447 2000 2459 2013 ⁸
2516 1979 2571 2032 ἐκ
2621 1989 2720 2032 τῶν
2783 1978 3071 2054 ἀριστερῶν
3109 1981 3200 2052 μὲν
3235 1980 3404 2038 πάντη
3449 1997 3505 2031 τε
3543 1983 3632 2031 καὶ
3669 1981 3882 2043 πάντως

2268 2068 2607 2143 προσϐάλλων
2642 2090 2654 2102 -
2695 2076 2759 2141 τῇ
2795 2064 2855 2120 δε
2882 2075 2982 2119 τῶν
3038 2063 3220 2130 δεξιῶν
3278 2070 3541 2139 φαντασίᾳ
3591 2067 3882 2141 περικαλύ-

2267 2177 2408 2210 πτων
2451 2160 2510 2209 τό
2552 2159 2968 2231 σκαιωρούμενον
2998 2173 3011 2186 ⁸
3062 2159 3131 2219 ὡς
3185 2151 3389 2209 δελέατι
3428 2157 3583 2228 φάναι
3616 2158 3676 2207 τὸ
3726 2156 3887 2226 ἄγκι-

2271 2265 2445 2321 στρον,
2483 2246 2514 2306 ἣ
2584 2247 2676 2307 τὰς
2740 2247 3063 2317 θανασίμους
3129 2248 3259 2306 πόας
3317 2252 3380 2318 τῇ
3445 2249 3749 2319 περιχρίσει
3786 2250 3885 2297 τοῦ

2268 2334 2475 2409 μελιτος
2507 2356 2519 2368 ο
2563 2334 2697 2386 οὕτω
2727 2342 2850 2405 γοῦν
2902 2334 3039 2386 οὕτω
3091 2337 3182 2386 καὶ
3231 2336 3322 2386 τόν
3355 2334 3629 2406 ἱερώτατον
3681 2351 3885 2408 μητρο-

2267 2423 2487 2481 πολίτην
2558 2428 2804 2484 Νικαίας,
2865 2430 3057 2497 μικροῦ
3127 2418 3256 2491 δεῖν,
3323 2429 3391 2484 εἰς
3465 2420 3882 2485 ἀνυπεξάλυκτον

2269 2516 2569 2583 κατήνεγκεν
2654 2509 2917 2581 κίνδυνον,
2993 2515 3063 2574 ὡς
3135 2507 3276 2585 μηδὲ
3349 2510 3641 2563 ὑπόστασιν
3714 2512 3883 2582 τούτῳ

2267 2601 2678 2675 περιλειφθῆναι,
2735 2600 2940 2675 βαθέων
2995 2605 3190 2676 μέχρις
3245 2596 3455 2654 ὑδάτων
3494 2600 3876 2671 κατενεχθέντι,

2269 2696 2360 2744 καὶ
2397 2690 2758 2754 ἀνανηξασθαι
2806 2690 2949 2752 τέλος
2985 2690 3080 2743 οὐκ
3110 2692 3291 2764 ἔχοντι
3323 2711 3336 2723 ·
3370 2689 3458 2742 οἵτε
3505 2686 3572 2747 δὴ
3614 2691 3882 2761 νομίζοντι

2268 2779 2547 2833 κάλλιστον
2622 2777 2752 2833 εἶναι
2809 2783 2903 2838 τὴν
2958 2778 3043 2832 ἰπὶ
3089 2785 3199 2842 τοῖς
3259 2780 3412 2839 θείοις
3468 2779 3561 2830 ούκ
3615 2772 3877 2830 εύένδότον

2270 2872 2552 2922 ἔνστασιν
2596 2867 2867 2941 ἀγνοοῦντι
2911 2865 2971 2921 δὲ
3000 2870 3142 2941 ὅμως
3189 2871 3255 2929 ὡς
3292 2868 3319 2919 6
3365 2872 3436 2940 μὴ
3493 2867 3611 2918 κατ’
3664 2864 3851 2935 ἐπίγνω

2273 2977 2358 3010 σιν
2412 2956 2566 3018 ζῆλος
2638 2960 2783 3033 παρά
2853 2965 2915 3029 τῇ
2996 2959 3110 3029 θείᾳ
3166 2963 3366 3033 Γραφῇ,
3421 2963 3518 3018 τῆς
3572 2953 3884 3014 Ἐκκλησίας

2189 3071 2233 3125 ο
2272 3045 2581 3109 ἀπόϐλητος.
2609 3045 2733 3099 Ὀτι
2763 3042 2821 3099 δε
2863 3053 3033 3098 ταῦτα
3060 3052 3242 3098 τοῦτον
3291 3048 3404 3117 ἔχει
3450 3047 3539 3097 τόν
3568 3046 3777 3118 τρόπον,
3824 3044 3883 3094 τὸ

2271 3131 2566 3198 συνοδικῶς
2597 3133 2795 3188 ἐκτεθὲν
2843 3131 3223 3209 παραδηλὼσει
3264 3138 3581 3208 σημείωμαο
3630 3134 3746 3204 ἔχει
3781 3132 3884 3205 γὰρ

2273 3226 2430 3283 οὕτω.

2880 3331 3117 3384 ΠΡΑΞΙΣ
3179 3328 3258 3384 H'.

2484 3424 2625 3477 Μηνὶ
2653 3421 2808 3493 Μαΐῳ
2851 3416 2920 3489 ς’,
2945 3410 3116 3493 ἡμέρᾳ
3232 3414 3553 3479 ἱνδικτιῶνος
3580 3413 3637 3470 ιδ
3655 3460 3668 3473 .

2347 3598 2412 3653 α’.
2481 3600 2889 3675 Προκαθημένου
2964 3603 3146 3655 Λουκᾶ
3216 3603 3310 3649 τοῦ
3384 3596 3677 3669 ἁγιωτάτου
3737 3597 3889 3668 ἡμῶν

2278 3685 2538 3741 δεσπότου
2598 3692 2688 3740 καὶ
2748 3687 3106 3760 οἰκουμενικοῦ
3167 3688 3505 3762 πατριάρχου
3545 3683 3594 3737 ἐν
3646 3691 3757 3747 τοῖς
3805 3680 3891 3736 δε-

2277 3778 2404 3841 ξιοῖς
2482 3775 2773 3841 ἀλεξιακοῖς
2846 3779 3314 3849 κατηχονμενείοις
3345 3792 3359 3806 ⁸
3440 3770 3892 3849 συνεδριαζόντων

2276 3874 2340 3942 τῇ
2404 3866 2600 3940 μεγάλη
2671 3865 2937 3938 ἁγιωσύνῃ
3016 3864 3177 3916 αὐτοῦ
3236 3864 3524 3936 ἱερωτάτων
3602 3861 3893 3941 ἀρχιερέων

2276 3964 2370 4008 τοῦ
2430 3960 2767 4029 Καισαρείας,
2819 3961 2913 4006 τοῦ
2977 3952 3298 4029 Ἡρακλείας,
3366 3958 3461 4004 τοῦ
3522 3956 3739 4026 Καρίας,
3797 3958 3894 4003 τοῦ

2276 4050 2565 4109 Μωκησοῦ,
2616 4050 2708 4096 τοῦ
2768 4046 3000 4116 Κρήτης,
3060 4048 3153 4093 τοῦ
3202 4040 3617 4115 Τραπεζοῦντος,
3655 4046 3746 4091 τοῦ
3802 4044 3896 4092 Φι-

2275 4133 2497 4188 λίππων.
2561 4139 2653 4183 τοῦ
2728 4130 3042 4200 Μιτυλήνης,
3096 4136 3189 4182 τοῦ
3263 4133 3404 4182 Νέων
3482 4135 3720 4205 Πατρῶν,
3796 4134 3894 4181 τοῦ

2275 4222 2575 4294 Εὐχαῐτων,
2631 4227 2724 4272 τοῦ
2783 4215 3155 4293 Ἀμάστριδος,
3211 4225 3305 4271 τοῦ
3355 4216 3570 4294 Σερῥών,
3625 4224 3717 4270 τοῦ
3778 4223 3894 4276 Θη-

2278 4310 2399 4381 ϐῶν,
2423 4316 2515 4360 τοῦ
2544 4311 2718 4373 Αἴνου,
2747 4316 2839 4360 τοῦ
2860 4307 3164 4381 Ἀπαμείας,
3191 4314 3283 4359 τοῦ
3314 4298 3566 4373 Ἀϐύδου,
3600 4314 3692 4359 τοῦ
3722 4310 3917 4359 Λακε-’

488 4402 696 4469 litano,
732 4403 922 4472 Pario,
975 4402 1356 4476 Selybriensi,
1408 4403 1666 4470 Nicensi,
1704 4403 2001 4473 Brysensi,
2034 4405 2161 4460 Der-

2278 4395 2575 4470 δαιμονίας,
2615 4404 2707 4448 τοῦ
2740 4396 3083 4470 Παροναξίας,
3113 4403 3205 4448 τοῦ
3251 4390 3757 4470 Ἀρκαδιουπόλεως,
3792 4402 3888 4447 τοῦ

491 4491 688 4560 censi;
724 4491 1064 4547 astantibus
1091 4491 1272 4548 etiam
1306 4492 1407 4548 Dei
1447 4492 1877 4549 amantissimis
1903 4492 2165 4549 dominis

491 4576 855 4649 praepositis.

563 4757 618 4812 2.
659 4757 913 4826 Tempus
964 4757 1208 4813 tacendi
1234 4763 1288 4814 et
1320 4764 1552 4828 tempus
1582 4758 1889 4831 loquendi,
1922 4757 2165 4831 sapiens

492 4845 879 4902 Ecclesiastes
899 4844 1135 4912 dicit";
1162 4846 1257 4902 his
1287 4847 1484 4903 verbis
1515 4846 1790 4903 sobrium
1823 4846 2164 4903 cordatum‘

491 4951 611 5009 que
625 4934 962 4991 auditorem
977 4935 1320 4993 admonens
1339 4951 1413 4992 ne
1429 4935 1577 5008 quid
1598 4937 1773 4991 incon
1784 4937 1875 4993 sul
1887 4940 1939 4992 te
1958 4936 2163 5009 loqua-

490 5029 589 5081 tur
632 5038 831 5097 neque
855 5023 1327 5096 intemperanter
1350 5023 1525 5081 labiis
1550 5022 1785 5081 eﬂutiat
1810 5068 1823 5091 ,
1854 5036 2064 5080 verum
2095 5030 2161 5081 ut

493 5118 671 5169 antea
690 5112 954 5186 exploret
984 5113 1409 5185 discernatque
1439 5113 1608 5185 quod
1655 5119 1856 5170 mente
1887 5112 2152 5184 revolvit,

494 5201 828 5273 seduloque
858 5200 1220 5263 consideret,
1252 5217 1329 5257 ne
1378 5202 1631 5259 vitiosus
1688 5219 1886 5259 sermo
1931 5219 2001 5258 ex
2055 5218 2157 5259 ore

490 5292 699 5345 nostro
746 5288 1051 5360 procedat,
1086 5289 1193 5344 sed
1233 5294 1438 5348 contra
1470 5293 1518 5348 si
1547 5292 1684 5365 quis
1710 5298 1797 5349 est
1844 5292 2045 5349 bonus
2099 5299 2157 5348 et

494 5377 794 5445 salutaris,
828 5381 1009 5450 atque
1047 5376 1256 5436 alienae
1285 5380 1669 5439 asdiﬁcationi
1709 5382 1983 5438 idoneus.
2022 5384 2154 5453 Haec

562 5573 611 5611 δ’
649 5574 788 5648 Ecc,
817 5571 955 5640 lien,
983 5577 1040 5647 7,

2277 4480 2497 4562 Παρίου,
2526 4492 2617 4537 τοῦ
2648 4483 2958 4558 Σηλυϐρίας,
2990 4491 3080 4537 τοῦ
3125 4488 3314 4547 Νίκης,
3347 4492 3440 4536 τοῦ
3482 4486 3733 4558 Βρύσεως,
3790 4491 3888 4536 τοῦ

2274 4580 2464 4650 Δέρκου
2499 4592 2513 4607 ⁸
2549 4576 2950 4651 παρισταμένων
2980 4578 3073 4626 καὶ
3114 4573 3520 4641 θεοφιλεστάτων
3557 4569 3889 4626 δεσποτικῶν
3918 4562 3925 4589 ⁷

2274 4664 2569 4739 ἀρχόντων.

2346 4751 2414 4827 β’.
2486 4754 2681 4827 Καιρός
2729 4757 2823 4803 τοῦ
2883 4755 3037 4823 σιγᾷν
3111 4753 3202 4802 καὶ
3273 4752 3455 4825 καιρός
3524 4756 3617 4802 τοῦ
3689 4748 3885 4818 λαλεῖν,

2271 4844 2298 4895 6
2367 4845 2520 4916 σοφός
2591 4840 3014 4902 Ἐκκλησιαστὴς
3091 4838 3472 4911 ἀναφθέγγεται
3515 4858 3529 4872 ⁸
3608 4835 3707 4892 διὰ
3778 4847 3887 4891 τῶν

2267 4932 2515 5007 ῥημάτων
2580 4932 2775 4983 τούτων
2843 4925 3108 4981 παιδεύων
3166 4927 3428 5003 ἀκροατὴν
3494 4931 3583 4981 τὸν
3635 4926 3887 5001 νηφάλιον

2268 5026 2359 5074 καὶ
2398 5020 2704 5095 ἀρτίφρονα,
2735 5022 2807 5091 μὴ
2860 5016 3228 5079 ἀϐασανίστως
3274 5037 3328 5070 τι
3376 5019 3714 5093 φθέγγεσθαι,
3746 5013 3884 5090 μηδ’

2269 5110 2643 5185 ἀσυντηρητως
2716 5115 2817 5160 τῶν
2891 5106 3106 5178 χειλέων
3179 5111 3450 5179 προφέρειν
3509 5106 3675 5171 ἐκτὸς,
3753 5105 3888 5159 ἀλλά

2268 5198 2578 5273 δοκιμάζειν
2629 5202 2720 5250 καὶ
2772 5200 2963 5269 κρίνειν
3017 5204 3202 5270 πρῶτα
3246 5200 3303 5249 τό
3336 5194 3703 5270 διανοούμενον
3733 5193 3884 5249 ἔνδο-

2268 5293 2349 5343 θεν
2407 5288 2455 5341 ἄν
2496 5287 2652 5360 ψυχῇ
2702 5290 2793 5338 καὶ
2856 5290 3079 5358 συνορᾷν
3134 5285 3469 5359 ἐμμερίμνως,
3516 5289 3601 5338 ἵνα
3649 5289 3723 5358 μὴ
3785 5304 3884 5338 σα-

2263 5382 2394 5454 πρὸς
2447 5378 2600 5461 λόγος
2674 5376 2731 5427 ἐκ
2804 5382 2897 5427 τοῦ
2957 5380 3214 5447 στόματώ
3293 5378 3441 5448 ἡμῶν
3508 5374 3872 5449 ἐκπορεύηται,

2286 5464 2289 5467 ’
2304 5482 2309 5489 .
2379 5472 2387 5479 ⁸
2516 5468 2525 5489 r
3056 5476 3061 5485 ι
3333 5464 3339 5489 λ
3637 5470 3640 5474 ‘
