4148 6408
254 341 366 415 277

262 553 484 629 ἑταίρων
508 557 596 605 καὶ
638 550 825 609 ἐπιστή
831 551 988 626 ριξιν·
1017 560 1197 608 Ταῦτα
1222 561 1316 606 τοῦ
1363 553 1781 614 Ἐκκλησιαστοῦ
1806 561 1872 611 τὰ

259 643 482 718 ῥήματα
500 646 571 716 μὴ
603 643 738 693 κατὰ
767 660 887 693 νουν
912 643 1117 715 θέμενος
1134 644 1159 695 ὁ
1185 644 1461 718 ἱερώτατος
1480 647 1870 721 μητροπολίτης

260 735 494 793 Νικαίας
522 734 787 804 Γεώργιος,
819 726 962 809 μηδὲ
991 738 1083 783 τοῦ
1106 734 1275 807 Σιρὰχ
1296 732 1447 806 λόγον
1469 733 1867 808 ἐνωτισάμενος,

260 819 630 894 ὑποτιθέμενον
648 821 737 872 τὸν
755 821 848 893 μὲν
871 817 1053 877 εἰδότα
1074 820 1242 875 λαλεῖν
1264 827 1354 875 καὶ
1369 822 1543 899 παῤῥη
1553 825 1837 886 σιάζεσθαι
1853 847 1866 859 ·

256 912 354 962 τόν
382 907 443 963 δὲ
471 914 542 983 μὴ
566 904 746 962 εἰδότα
765 910 964 962 τιθέναι
983 915 1079 969 τὴν
1099 917 1261 985 χεῖρα
1278 913 1362 964 ἐπὶ
1390 916 1635 986 στόματι,
1660 912 1870 978 ἀνοίξας

254 1001 323 1051 τό
357 1003 528 1071 στόμα
552 996 656 1069 οὐχ
684 996 893 1051 εἵλκυσε
931 1006 1113 1073 πρῶτα
1142 1006 1344 1073 πνεῦμα
1377 1021 1388 1033 ·
1431 1006 1522 1053 καὶ
1562 1001 1700 1055 οὕτω
1737 1005 1871 1077 μετά

255 1093 359 1140 τοῦ
386 1089 689 1161 πνεύματος,
722 1086 978 1161 ἠρεύξατο
1007 1089 1073 1140 τὰ
1103 1096 1195 1140 τού
1232 1090 1541 1161 πνεύματος,
1572 1089 1679 1142 ἀλλ’
1707 1088 1867 1144 ἀσυν-

255 1180 500 1253 τηρήτως
523 1180 810 1250 προήνεγκε
834 1196 848 1209 ο
899 1178 1069 1238 καθὼς
1100 1173 1255 1235 δηλοῖ
1280 1180 1340 1230 1'6
1384 1180 1522 1231 κατὰ
1564 1182 1660 1237 τὴν
1715 1180 1868 1239 ἕκτην

253 1273 350 1317 τοῦ
378 1264 720 1339 παρελθόντος
741 1263 1047 1341 Ἀπριλλίου
1068 1268 1227 1338 μηνὸς
1242 1274 1337 1329 τῆς
1364 1264 1657 1330 ἐνεστώσης
1676 1286 1869 1320 τεσσα-

249 1349 674 1427 ρεσκαιδεκάτης
700 1351 913 1427 ἐπινεμή
922 1371 1052 1416 σεως
1083 1352 1283 1407 ἐκτεθὲν
1329 1350 1607 1407 συνοδικόν
1637 1360 1866 1428 σημείω-

252 1462 332 1515 μα
349 1463 362 1475 ·
391 1439 571 1514 ἀμέλει
588 1461 672 1493 τοι
691 1446 782 1494 καὶ
807 1444 945 1495 κατὰ
956 1445 1017 1495 1'6
1040 1450 1272 1495 τοιοῦτον
1295 1439 1574 1496 συνοδικόν
1590 1448 1869 1518 σημείωμα

252 1534 372 1606 τότε
396 1522 668 1604 καταδίκη
696 1528 947 1605 ἐνομίσθη
972 1529 1104 1584 εἶναι
1126 1533 1436 1595 ὑπεύθυνος.

325 1698 395 1772 γ’.
425 1697 585 1752 Ὀθεν
609 1703 702 1751 καὶ
736 1700 871 1773 πρὸς
916 1702 1012 1758 τὴν
1050 1697 1419 1763 ἂνεξάντλητόν
1447 1707 1540 1754 τοῦ
1569 1699 1738 1765 ἐλέους
1763 1721 1863 1761 πη·

245 1793 377 1862 γὴνς
395 1787 589 1862 μᾶλλον
612 1785 673 1840 δὲ
706 1786 1032 1863 θαρρούντως
1063 1788 1240 1861 εἰπεῖν,
1264 1796 1361 1852 τῆς
1400 1792 1735 1863 συμπαθείας
1769 1795 1864 1851 τὴν

245 1877 511 1945 ἄϐυσσον,
542 1880 629 1929 τὸν
662 1878 909 1949 θεοστεφῆ
942 1882 1316 1950 κραταιότατον
1345 1877 1495 1949 οἷγιον
1525 1880 1672 1952 ἡμῶν
1701 1879 1861 1932 αύτο-

245 1971 484 2041 κράτορα
510 1968 874 2038 καταπέφευγε
895 1986 910 1999 ·
943 1970 1033 2018 καὶ
1065 1967 1274 2039 θερμοῖς
1292 1971 1385 2026 τὴν
1408 1966 1668 2039 φίλοικτον
1699 1967 1861 2021 αὐτοῦ

247 2060 339 2109 καὶ
366 2058 508 2109 θείαν
534 2054 724 2127 ψυχὴν
745 2058 874 2130 πρὸς
902 2050 1074 2107 οἶκτον
1101 2053 1437 2117 ἐξεκαλέσατο
1466 2051 1728 2130 δάκρυσιν
1753 2077 1767 2090 ο
1790 2058 1861 2119 ὡς

244 2149 337 2198 καὶ
365 2148 588 2218 μήνυμα
618 2145 752 2196 θεῖον
776 2145 1146 2216 προαυνητόν
1172 2141 1360 2196 ἐκεῖθεν
1389 2147 1524 2219 πρὸς
1568 2149 1663 2202 τὴν
1712 2147 1860 2218 ἡμῶν

253 2238 583 2307 μητριότητα
609 2237 699 2285 καὶ
722 2236 819 2291 τὴν
843 2234 983 2307 ἱερὰν
1021 2234 1458 2306 καταπεμφθῆναι
1500 2229 1663 2286 σύνοδ
1665 2252 1741 2303 ον,
1765 2230 1860 2286 διὰ

252 2330 345 2375 τοῦ
364 2321 947 2396 μεγαλεπιφανεστάτου
966 2320 1540 2396 πρωτοκουροπαλάτου
1568 2329 1662 2375 τοῦ
1696 2320 1856 2396 βασι-

251 2412 399 2465 λικοῦ
424 2420 796 2488 γραμματικοῦ
818 2418 982 2486 κυροῦ
1011 2416 1274 2486 Γεωρφίου
1314 2418 1406 2464 τοῦ
1436 2411 1694 2474 Σκυλίτζη
1721 2434 1733 2445 ·
1762 2431 1854 2465 κα-

256 2504 361 2562 θὼς
385 2504 442 2553 τὸ
475 2503 612 2555 κατὰ
664 2505 763 2559 τήν
812 2496 881 2552 ιδ’
929 2507 1022 2553 τοῦ
1071 2496 1505 2575 παραδραμόντος
1554 2500 1854 2576 Ἀπριλλίου

251 2593 423 2665 μηνός
440 2599 535 2652 τῆς
558 2586 1143 2664 τεσσαρεσκαιδεκάτης
1174 2585 1500 2651 ἰνδικτιῶνος
1543 2587 1739 2643 ἕκτεθέν
1768 2589 1856 2643 ἐπὶ

251 2686 317 2755 τῇ
345 2686 439 2731 τοῦ
466 2681 699 2732 τοιούτου
732 2676 1017 2752 βασιλικοῦ
1050 2681 1143 2730 καί
1194 2679 1332 2730 θείου
1379 2681 1685 2751 μηνύματος
1724 2681 1857 2753 πρὸς

248 2772 391 2844 ἡμᾶς
441 2765 859 2844 διαπορθμεύσει
922 2764 1202 2821 συνοδικὸν
1246 2771 1526 2842 σημείωμα
1580 2774 1844 2843 παριστᾷ.

242 2857 368 2912 Ὀτι
404 2865 533 2929 γοῦν
561 2862 652 2909 καὶ
684 2860 909 2932 σήμερον
936 2858 1092 2908 πάλιν
1119 2853 1215 2910 διὰ
1241 2863 1335 2909 τοῦ
1381 2856 1539 2909 αὐτοῦ
1567 2854 1853 2929 βασιλίκοῦ

250 2953 632 3022 γραμματικοῦ
660 2944 911 3020 ἆνηγγέλη
944 2952 1009 3019 τῇ
1043 2947 1191 3018 ἡμῶν
1211 2950 1514 3019 μετριότητι
1536 2950 1628 2999 καὶ
1647 2954 1710 3020 τῇ
1742 2948 1855 3022 ἱερᾷ

250 3041 347 3089 καὶ
381 3037 494 3106 θείᾳ
528 3029 732 3106 συνόδῳ
764 3037 829 3097 ὡς
851 3034 910 3087 ού
940 3043 1365 3108 προστακτικῶς,
1396 3034 1506 3087 ἀλλ’
1545 3038 1614 3096 ὡς
1643 3034 1692 3087 ἐν
1723 3033 1854 3089 εῖδει

250 3122 530 3197 συμϐουλῆ
540 3144 563 3185 ς
591 3124 617 3175 ό
647 3124 921 3198 κράτιστος
951 3125 982 3182 ἠ
992 3130 1103 3197 μῶν
1122 3123 1274 3196 ἅγιος
1302 3122 1547 3197 βασιλεὺς
1567 3125 1855 3199 φιλανθρω-

342 344 366 417 7
1664 344 1856 421 ruas

1967 348 2018 423 μ
2060 350 2199 423 us.
2242 350 2401 421 xxv.

257 462 374 517 ἀλλ’
401 465 448 516 εἴ
469 483 547 525 τις
573 460 775 535 ἀγαθὸς
806 466 897 515 καὶ
949 467 1206 540 σωτήριος
1261 468 1353 519 καὶ
1395 466 1529 538 πρὸς
1581 463 1856 545 οἰκοδομὴη

1979 473 2345 532 Ecclesiastes
2371 475 2534 534 dicta
2562 476 2811 536 minime
2852 495 3062 539 secum
3106 485 3398 557 reputans
3437 500 3643 553 sacra-

3536 362 3644 441 37,8

1979 561 2244 619 tissimus
2270 564 2479 621 Niciam
2511 566 2893 639 metropolita
2923 570 3209 642 Georgius
3234 591 3248 641 ;
3277 576 3334 629 et
3369 589 3446 630 ne
3479 574 3642 632 Sira-

1979 651 2129 708 cidis
2160 653 2409 727 quidem
2440 655 2647 712 audito
2676 658 2929 728 monito,
2960 660 3272 718 suadentis
3301 667 3366 719 ut
3396 664 3643 741 sapiens

1978 741 2145 816 loqui
2165 743 2409 816 audeat,
2438 744 2731 820 insipiens
2759 753 2966 805 autem
2997 766 3180 825 super
3206 768 3274 808 os
3295 758 3483 826 ponat
3511 772 3641 813 ma-

1978 846 2129 888 num
2161 849 2338 890 suam
2368 835 2416 870 ‘0
2444 853 2458 903 ;
2496 835 2548 890 is
2578 835 2779 908 igitur,
2810 837 3080 896 resoluto
3110 855 3234 911 ore,
3265 841 3432 900 haud
3462 848 3640 903 antea

1979 922 2276 979 contraxit
2305 923 2622 998 spiritum;
2656 931 2838 1000 atque
2867 927 2953 985 ita
2977 944 3119 986 cum
3164 930 3379 1002 spiritu
3407 936 3639 991 eructa-

1978 1010 2062 1066 vit
2088 1026 2226 1083 quae
2262 1017 2436 1070 erant
2485 1014 2757 1087 spiritus,
2798 1016 2908 1073 sed
2954 1017 3400 1076 inconsiderate
3428 1021 3638 1097 profu-

1977 1099 2100 1169 dit;
2130 1100 2303 1157 sicuti
2333 1102 2539 1174 palam
2564 1102 2630 1160 ﬁt
2658 1104 2721 1160 in
2751 1105 3048 1178 synodico
3076 1107 3319 1165 decreto
3351 1112 3521 1167 sexta
3540 1110 3638 1168 die

1976 1188 2258 1261 praeteriti
2286 1190 2502 1264 Aprilis
2526 1193 2757 1249 mensis
2802 1194 3043 1251 condito
3086 1197 3403 1267 praesentis
3445 1196 3637 1255 indic-

1977 1277 2154 1333 tionis
2177 1282 2408 1351 quartae
2447 1279 2737 1351 decimae;
2777 1297 2902 1354 quo
2943 1284 3164 1355 synodi
3204 1284 3446 1344 decreto
3492 1302 3635 1345 reus

1974 1380 2294 1441 poenaeque
2324 1366 2625 1424 obnoxius
2647 1369 2955 1442 judicatus
2983 1374 3093 1430 est.

2044 1699 2099 1753 3.
2157 1696 2570 1764 Quamobrem
2618 1699 2699 1757 ad
2734 1699 3161 1759 inexhaustum
3199 1701 3629 1762 misericordiae

1971 1784 2223 1857 fontem,
2253 1787 2378 1843 imo
2407 1792 2472 1843 ut
2497 1787 2895 1845 conﬁdentius
2925 1790 3149 1861 dicam,
3174 1793 3256 1849 ad
3292 1792 3626 1850 clementiae

1971 1872 2286 1946 abyssum,
2313 1873 2378 1930 id
2408 1880 2496 1932 est
2524 1876 2605 1932 ad
2634 1881 2993 1934 coronatum
3017 1894 3056 1935 a
3074 1881 3196 1936 Deo
3224 1878 3626 1937 fortissimum

1971 1966 2372 2034 sanctumque
2397 1967 2675 2021 nostrum
2698 1964 3127 2038 imperatorem
3168 1967 3474 2039 confugit;
3515 1966 3630 2024 fer-

1967 2050 2244 2124 vidisque
2270 2052 2476 2108 mitem
2506 2053 2638 2124 ejus
2665 2053 2997 2128 divumque
3026 2055 3302 2112 animum
3331 2056 3414 2113 ad
3442 2055 3627 2113 mise-

1966 2138 2289 2196 ricordiam
2320 2140 2653 2196 commovit
2674 2140 2962 2214 lacrymis
2984 2159 2998 2198 :
3024 2142 3109 2200 ita
3139 2146 3202 2200 ut
3229 2143 3443 2201 divum
3470 2159 3623 2217 quo-

1967 2243 2086 2300 que
2115 2230 2532 2286 venerandum
2559 2230 2920 2304 rescriptum
2948 2231 3029 2289 ad
3069 2236 3343 2290 nostram
3391 2232 3624 2290 medio-

1968 2319 2234 2374 critatem
2264 2318 2406 2375 inde
2433 2318 2688 2375 missum
2712 2319 2891 2378 fuerit
2905 2336 3266 2395 sacramque
3291 2321 3622 2395 synodum,

1966 2421 2074 2478 per
2094 2420 2385 2475 magnum
2413 2411 2595 2479 atque
2618 2407 3096 2466 illustrissimum
3118 2409 3622 2483 protocuropala-

1966 2500 2091 2551 tam
2153 2495 2387 2565 regium
2440 2497 2707 2553 scribam
2752 2497 3073 2556 dominum
3120 2498 3442 2571 Georgium
3480 2502 3624 2572 Sey-

1966 2584 2176 2651 litzen;
2210 2584 2381 2640 sicuti
2408 2591 2691 2642 narratur
2716 2586 2779 2643 in
2813 2587 3112 2660 synodico
3153 2587 3420 2657 decreto,
3450 2587 3625 2661 quod

1963 2672 2061 2729 die
2094 2676 2159 2729 14
2179 2673 2455 2746 prmteriti
2484 2674 2700 2746 Aprilis
2735 2675 2985 2746 mensis,
3005 2677 3321 2749 praesentis
3368 2677 3622 2734 decimae

1963 2768 2196 2836 quartas
2221 2762 2589 2830 indictionis,
2621 2763 2702 2820 ob
2730 2763 2913 2835 hujus
2940 2764 3090 2836 regii
3113 2765 3319 2838 diique
3346 2765 3622 2839 rescripti

1962 2851 2042 2907 ad
2072 2867 2185 2906 nos
2212 2851 2569 2908 missionem
2588 2851 2902 2909 conditum
2927 2852 3057 2910 fuit.
3091 2855 3245 2920 Quia
3272 2870 3417 2911 vero
3436 2853 3620 2913 hodie

1962 2955 2205 3014 quoque
2257 2956 2365 3014 per
2403 2940 2687 2997 eumdem
2728 2941 2962 3011 regium
3003 2942 3267 2999 scribam
3304 2942 3509 2999 denuo
3547 2942 3622 2999 si-

1962 3028 2270 3098 gniﬁcavit
2299 3028 2696 3086 mediocritati
2741 3034 2963 3087 nostrae
3006 3046 3316 3105 sacraeque
3358 3035 3416 3088 et
3461 3030 3619 3087 diva:

1962 3118 2220 3189 synodo,
2256 3134 2381 3175 non
2422 3119 2776 3191 imperative
2814 3120 3066 3193 quidem
3110 3120 3218 3177 sed
3262 3119 3441 3193 quasi
3483 3135 3622 3177 sua-

321 3178 331 3197 .
512 3178 560 3185 --
676 3178 685 3198 ι
904 3178 920 3187 υ
967 3178 1002 3197 τι
1165 3178 1179 3196 ι
1259 3178 1312 3197 -ι
1532 3178 1586 3194 -ι
1753 3185 1762 3199 .

241 3219 458 3287 πότερον
491 3208 796 3271 διατεθῆναι
829 3217 949 3288 περὶ
993 3215 1081 3266 τὸν
1118 3217 1341 3274 Νικαίας
1382 3214 1508 3285 ἡμῖν
1539 3215 1849 3280 ὑποτίθησι,

1967 3207 2131 3279 dens,
2187 3209 2719 3280 praestantissimus
2769 3213 2974 3266 noster
3002 3215 3371 3283 sanctusque
3398 3225 3525 3278 rex,
3555 3213 3625 3266 ut

238 3303 374 3361 πλὴν
416 3309 519 3355 τῶν
548 3306 773 3353 κανόνων
804 3301 1130 3373 σωζομένων,
1175 3303 1205 3360 ἠ
1238 3305 1513 3376 μετριότης
1562 3304 1707 3374 ἡμῶν
1756 3322 1852 3355 συ-

243 3394 388 3463 νάμα
412 3398 473 3463 τῇ
509 3392 624 3464 ἱερᾷ
648 3387 986 3462 ἀδελφότητι,
1021 3389 1440 3462 ἀναγνωσθέντος
1467 3398 1560 3443 τοῦ
1598 3393 1731 3443 κατὰ
1757 3395 1853 3449 τὴν

248 3479 295 3546 ς’
326 3487 420 3532 τοῦ
437 3480 782 3555 παρελθόντος
815 3478 1114 3553 Ἀπριλλίου
1146 3482 1309 3552 μηνὸς
1336 3487 1436 3542 τῆς
1464 3478 1752 3543 ἐνεστώσης
1784 3478 1853 3533 ιδ’

249 3565 575 3631 ὶνδικτιῶνος
617 3574 891 3640 γεγονότος
942 3565 1225 3621 συνοδικοῡ
1277 3573 1664 3643 ημειὼματος,
1715 3567 1765 3621 ἕν

243 3662 334 3710 καὶ
396 3653 666 3730 καταδίκῃ
716 3658 1006 3718 ὑπεύθυνος
1051 3658 1078 3708 ό
1124 3661 1350 3718 Νικαίας
1398 3653 1530 3709 εἶναι
1578 3656 1848 3729 ἐνομίσθη,

255 3748 584 3806 σκοπηθῆναι
612 3743 726 3799 δεῖν
766 3748 916 3817 ἔγνω,
965 3747 1122 3799 ὁποία
1164 3765 1249 3808 τις
1291 3754 1365 3818 τῷ
1411 3751 1640 3809 Νικαίας
1669 3745 1724 3798 ἐκ
1748 3753 1851 3798 τῶν

250 3839 474 3887 κανόνων
497 3832 759 3893 καταδίκη
788 3833 1038 3906 ἐπάγεται
1062 3857 1073 3868 ·
1106 3843 1259 3888 τοῦτο
1279 3838 1377 3909 γὰρ
1405 3832 1467 3894 ἧν
1488 3839 1547 3887 1'6
1579 3837 1655 3888 ἔτι
1681 3835 1852 3888 λειπό-

248 3943 428 3998 μῦον,
456 3928 512 3976 τό
541 3931 626 3979 καὶ
653 3930 749 3983 τὴν
776 3929 1036 3982 ποιότητα
1053 3933 1149 3986 τῆς
1174 3924 1491 3997 ἐπαγομένης
1521 3924 1664 3995 αὐτῷ
1694 3943 1853 3976 κατα-

250 4011 417 4074 δίκης
447 4009 864 4084 διαγνωσθῆναι·
901 4014 983 4066 ὃτι
1009 4020 1134 4084 γοῦν
1169 4014 1227 4066 οὐ
1253 4015 1564 4088 καθαίρεσις
1589 4014 1719 4066 εἶναι
1744 4008 1851 4065 διε-

247 4104 459 4174 γνώσθη
490 4106 652 4175 τούτῳ
676 4106 737 4155 τὸ
769 4106 1050 4175 ἓπιτίμιον,
1085 4101 1360 4178 ἀφορισμῷ
1376 4110 1559 4155 τοῦτον
1578 4101 1848 4175 ἀλειτουρ-

242 4196 443 4263 γησίας
472 4190 556 4244 ἐπὶ
587 4189 762 4263 διετίᾳ
804 4190 1076 4259 ὑπέϐαλλε,
1108 4195 1241 4266 πρὸς
1277 4195 1335 4244 τὸ
1370 4192 1850 4267 φιλανθρωπότερον

239 4279 605 4336 ἁπονεύσασα.
629 4279 754 4333 Ὀτι
781 4276 840 4333 δὲ
867 4279 1074 4343 πολλοῖς
1105 4280 1190 4333 ἐπὶ
1231 4280 1446 4342 πολλαῖς
1488 4288 1608 4343 ταῖς
1636 4282 1796 4355 ὥραις
1823 4282 1849 4332 ό

236 4374 491 4436 Νικαίας,
515 4372 653 4423 κατὰ
678 4378 781 4441 γῆς
810 4369 992 4422 ἑαυτὸν
1019 4369 1204 4445 ῥίψας,
1235 4373 1295 4422 τό
1330 4372 1464 4445 ἱερὸν
1483 4377 1595 4431 τοῖς
1617 4366 1850 4443 δάκρυσι

234 4457 560 4533 κατέϐρεχεν
590 4454 803 4530 ἔδαφος,
827 4462 919 4510 καὶ
951 4462 1276 4530 σκεναγμούς
1306 4456 1361 4510 ἐκ
1402 4457 1603 4531 βάθους
1632 4457 1848 4530 ἀνέπεμ-

1964 3295 2314 3353 clementius
2338 3312 2483 3369 erga
2509 3297 2819 3355 Nicaenum
2839 3302 3080 3355 nosmet
3101 3312 3409 3369 geramus,
3437 3296 3623 3355 salvis

1962 3393 2169 3441 tamen
2198 3387 2562 3457 canonibus,
2589 3386 2976 3444 mediocritas
3025 3391 3235 3445 nostra
3275 3403 3419 3444 cum
3446 3401 3623 3444 sacra
3658 3452 3661 3455 ,

1961 3466 2346 3541 fraternitate,
2390 3480 2527 3548 post
2584 3475 2806 3533 lectum
2855 3475 3219 3548 synodicum
3263 3475 3386 3532 diei
3438 3478 3623 3532 sextae

1961 3564 2243 3636 praeteriti
2265 3564 2483 3636 Aprilis
2514 3566 2744 3622 mensis
2763 3566 3085 3638 praesentis
3113 3565 3366 3622 decimae
3388 3568 3621 3637 quartas

1960 3653 2324 3721 indictionis,
2347 3654 2659 3711 decretum
2682 3671 2807 3726 quo
2824 3669 3024 3728 pcenze
3049 3655 3353 3713 obnoxius
3379 3653 3620 3726 judica-

1962 3746 2059 3799 tus
2086 3742 2361 3798 Nicaenus
2388 3743 2535 3813 fuit;
2566 3744 2964 3821 querendum
2991 3743 3240 3810 censuit,
3278 3758 3623 3817 quemnam

1961 3832 2318 3888 canonicam
2349 3838 2674 3887 mereretur
2705 3832 2979 3888 Nicasnus
3026 3847 3308 3905 poenam;
3351 3832 3418 3888 id
3456 3832 3622 3888 enim

1961 3919 2376 3975 deﬁniendum
2403 3924 2735 3991 supererat,
2780 3935 3002 3992 nempe
3039 3924 3106 3976 ut
3148 3919 3225 3976 de
3276 3918 3621 3992 inﬂigendaa

1961 4024 2156 4081 pcenae
2183 4008 2472 4079 qualitate
2491 4008 2792 4080 judicium
2819 4009 3094 4065 ferretur.
3139 4012 3411 4081 Cumque
3437 4022 3623 4079 poma

1961 4099 2256 4154 canonica
2279 4113 2403 4154 non
2441 4105 2599 4154 esset
2643 4102 2955 4172 comperta
3002 4097 3328 4172 depositio,
3377 4097 3621 4154 Nicmno

1960 4202 2069 4259 per
2095 4187 2411 4243 biennium
2440 4187 2771 4245 ministerio
2794 4187 3119 4255 interdixit,
3152 4187 3484 4244 clementia
3521 4201 3620 4244 ra-

1957 4277 2121 4333 tione
2145 4276 2372 4333 habita.
2400 4277 2548 4333 Cum
2578 4282 2784 4333 autem
2815 4276 2895 4335 ad
2928 4276 3274 4349 complures
3320 4276 3506 4333 horas
3529 4274 3623 4333 Ni-

1960 4382 2170 4423 camus
2199 4366 2369 4422 humi
2413 4370 2638 4423 stratus
2688 4382 2930 4423 sacrum
2971 4365 3289 4439 permultis
3332 4363 3622 4438 lacrymis

1959 4459 2378 4531 pavimentum
2431 4455 2674 4526 rigaret,
2723 4455 2985 4529 suspiria
3032 4454 3338 4529 profundo
3378 4457 3620 4528 pectore

238 4566 359 4612 πεν,
389 4549 461 4609 ὡς
490 4552 579 4599 καὶ
611 4550 824 4620 σύμπαν
855 4547 923 4607 εἰς
956 4544 1127 4600 οἶκτον
1156 4550 1214 4599 τό
1248 4549 1380 4620 ἱερὸν
1411 4544 1683 4624 συνέδριον
1712 4566 1849 4622 προ-

1967 4547 2223 4612 mittens,
2254 4545 2337 4601 ita
2358 4547 2421 4601 ut
2445 4544 2524 4601 ad
2565 4544 3046 4602 misericordiam
3093 4543 3444 4617 synedrium
3489 4542 3621 4599 uni-

240 4634 590 4706 καλέσασθαι,
639 4641 734 4689 καὶ
782 4643 1103 4707 συγκινῆσαι
1147 4638 1346 4698 πάντας
1398 4636 1472 4698 εἰς
1519 4632 1749 4711 δάκρυα,
1781 4638 1851 4698 ὡς

237 4720 402 4777 οὐδὲν
420 4724 571 4782 ἦττον
597 4727 794 4778 ἐκείνου
821 4725 1140 4798 παρακαλεῖν
1169 4725 1245 4786 εἰς
1271 4724 1407 4779 ἔλεον
1436 4730 1530 4783 τὴν
1576 4727 1607 4784 ἡ
1614 4734 1723 4798 μῶν
1753 4745 1850 4797 με-

228 4817 515 4889 τριότητα,
547 4815 578 4872 ἠ
608 4818 886 4888 μετριότης
917 4815 1059 4886 ἡμων
1082 4815 1293 4886 συνάμα
1313 4821 1376 4886 τῇ
1405 4815 1518 4885 ἱερᾷ
1535 4812 1854 4887 ἀδελφότητι

228 4902 311 4965 εἰς
336 4903 430 4955 ἕνα
455 4907 548 4954 καὶ
576 4908 732 4975 μόνον
763 4902 996 4955 ἐνιαυτὸν
1025 4905 1093 4954 τὰ
1128 4910 1222 4963 τῆς
1250 4900 1682 4977 ἀλειτουργησίας
1710 4902 1852 4974 αὐτῷ

225 4994 515 5064 περιέστη,
545 4988 630 5043 ἐπὶ
659 4998 913 5042 τοσοῦτον
943 4990 1085 5062 αὐτῷ
1114 4994 1206 5042 καὶ
1232 4994 1326 5048 τὴν
1377 4988 1461 5043 ἐπὶ
1506 4998 1623 5052 ταῖς
1658 4989 1854 5063 ψήφοις

232 5078 544 5132 συνέλωσιν
585 5077 971 5147 ἀποκλείσασα.
1001 5078 1088 5140 Ὠς
1132 5076 1221 5131 οὖν
1264 5079 1325 5132 οὐ
1375 5083 1531 5152 μόνον
1581 5083 1852 5149 κωονική,

236 5166 490 5220 ἀλλὰκαὶ
519 5156 881 5244 φιλάνθρωπος
912 5169 942 5226 ἡ
984 5170 1201 5225 τοιαύτη
1249 5174 1413 5221 πᾶσιν
1462 5165 1635 5231 ἔδοξεν
1685 5167 1854 5222 ἐπιτί-

232 5276 432 5331 μησις,
463 5254 691 5316 ἐπεδόθη
730 5256 874 5328 αὐτῷ
902 5256 1183 5315 αἰτήσαντι
1207 5262 1297 5309 καὶ
1320 5266 1377 5310 το
1414 5260 1562 5331 παρὰ
1590 5254 1856 5333 διαφόρων

229 5349 540 5421 ὑπογραφὲν
588 5346 886 5420 εἰλητάριον
938 5366 953 5379 ·
1006 5350 1098 5398 καὶ
1144 5345 1415 5421 ὑπέγραψε
1460 5352 1551 5400 καὶ
1599 5347 1756 5411 αὐτὸς
1804 5345 1855 5399 ἕν

237 5454 390 5493 αυτω
402 5478 416 5493 .
1364 5456 1377 5478 -'

302 5652 351 5687 ⁸ο
370 5620 571 5710 ⁴Ιῖοιιιὶ.
613 5665 677 5721 v,
716 5650 800 5705 14.

1958 4650 2202 4690 versum
2266 4634 2467 4702 cieret,
2533 4632 2958 4707 lacrymasque
3033 4632 3265 4690 cunctis
3327 4631 3616 4702 eliceret;

1958 4727 2354 4795 nostramque
2384 4722 2539 4779 adeo
2582 4723 3062 4780 mediocritatem
3108 4722 3189 4780 ad
3235 4721 3622 4779 clementiam

1959 4827 2132 4885 atque
2157 4815 2606 4881 commoveret;
2636 4816 2866 4880 nostra,
2912 4812 3190 4885 inquam,
3236 4809 3623 4868 mediocritas

1960 4917 2100 4958 cum
2127 4915 2299 4958 sacra
2338 4900 2702 4961 fraternitate
2728 4915 2851 4957 uno
2879 4899 3309 4958 tantummodo
3338 4915 3501 4957 anno
3528 4898 3623 4955 Ni—
3718 4948 3719 4951 η

1962 5005 2199 5047 caenum
2243 4988 2575 5045 ministerio
2620 4988 2951 5062 prohibuit,
2999 4989 3266 5061 itemque
3318 4986 3622 5058 suffragiis

1962 5078 2377 5136 conventiciis.
2410 5079 2556 5143 Quae
2606 5093 2747 5135 cum
2792 5093 2981 5150 piens.
3023 5091 3149 5134 non
3202 5075 3400 5133 solum
3443 5089 3624 5131 cano-

1963 5170 2102 5226 nica
2151 5183 2367 5223 verum
2423 5166 2605 5223 etiam
2658 5166 2822 5223 mitis
2871 5166 3156 5223 omnibus
3218 5164 3351 5222 visa
3409 5167 3620 5233 esset;

1963 5256 2222 5314 traditus
2253 5255 2371 5329 ipsi
2401 5266 2650 5328 quoque
2683 5255 2912 5328 petenti
2946 5254 3187 5312 libellus
3220 5253 3336 5312 fuit
3375 5269 3415 5312 a
3460 5267 3600 5311 com

1964 5345 2243 5422 pluribus
2302 5345 2433 5416 jam
2490 5344 2902 5423 subscriptus,
2977 5343 3298 5418 eidemque
3375 5346 3438 5401 et
3494 5343 3625 5416 ipse

1968 5434 2300 5508 suscripsit.
2572 5442 2575 5449 '
2661 5429 2669 5435 ’
2739 5462 2744 5469 ο
2888 5438 2895 5467 ξ
3206 5450 3210 5457 ’
3419 5440 3422 5444 ’
