4148 6426
565 390 674 451 279

1909 381 2181 442 ΝΙΟΕἸῈ
2224 380 2595 441 CHONIATE

3821 387 3920 445 280

636 519 694 576 4.
720 517 890 575 Hunc
917 514 1073 573 Deus
1104 513 1290 571 ﬁnem
1341 510 1765 589 suprascriptis
1805 507 1990 568 rebus
2029 510 2211 582 impo-

2407 504 2475 562 δ’.
2506 514 2751 562 Τοιοῦτον
2782 510 2912 573 Θεὸς
2930 511 2989 562 τὸ
3027 512 3183 586 πέρας
3210 515 3319 574 τοῖς
3361 510 3684 587 προτιθεῖσιν
3718 510 3921 585 ἐπήνεγ-

568 606 729 677 suit;
764 605 847 663 sic
884 619 1113 675 magna
1155 601 1428 660 Ecclesiae
1475 606 1804 675 tempestas
1844 599 2051 657 sedata
2083 603 2215 671 est;

567 696 656 751 sic
679 695 830 766 regii
858 693 1075 768 sceptri
1101 692 1324 763 dignus
1359 690 1724 757 moderator,
1772 689 1850 747 ab
1893 686 2221 746 universali

566 784 973 857 gubernatore
998 786 1118 840 Deo
1147 782 1447 856 impulsus
1493 786 1675 856 atque
1716 779 1994 851 directus,
2039 777 2221 836 tradi-

564 879 659 933 tos
709 873 825 930 sibi
870 872 1158 930 subditos
1200 871 1534 937 custodivit,
1591 884 1893 943 nemoque
1945 867 2216 929 omnino.

563 963 759 1038 periit,
790 978 973 1020 nemo
999 962 1060 1019 in
1092 960 1464 1036 profundum
1505 959 1769 1016 haeretici
1810 956 2008 1014 cordis
2052 971 2219 1013 mare

561 1053 872 1129 projectus
897 1051 1007 1108 fuit
1035 1069 1049 1120 ;
1079 1051 1203 1107 imo
1242 1050 1478 1106 lucente
1521 1048 1685 1105 velut
1743 1046 2043 1120 speculari
2088 1045 2218 1103 face

564 1140 728 1199 ducti
755 1140 833 1198 ad
869 1144 1045 1197 rectae
1085 1138 1226 1195 tidei
1274 1142 1517 1211 portum
1558 1136 1756 1193 cuncti
1800 1139 2214 1209 pervenerant.

566 1232 660 1289 Sic
682 1246 847 1287 nunc
876 1232 1058 1286 etiam
1092 1229 1192 1285 Dei
1231 1226 1553 1301 sapientia,
1603 1225 1912 1283 novellum
1961 1224 2217 1282 alterum

562 1320 677 1378 sibi
698 1317 1113 1377 habitaculum
1143 1317 1205 1373 in
1241 1317 1360 1373 hoc
1398 1332 1538 1387 rege
1576 1315 1919 1385 aediﬁcavit,
1962 1319 2216 1387 septem-

2326 616 2411 651 κεν
2440 618 2454 633 ο
2483 597 2644 660 οὕτως
2674 600 2704 657 ἠ
2739 597 2938 672 μεγάλη
2969 599 3099 662 ζάλη
3144 608 3237 662 τῆς
3276 599 3586 667 Ἐκκλησίας
3615 599 3920 674 ἔγκατεστό-

2327 706 2511 763 ρεσται
2534 708 2547 722 ο
2581 689 2744 752 οὕτως
2769 690 2795 741 ό
2828 696 2929 742 τῶν
2951 688 3242 763 βασιλικῶν
3262 695 3542 767 σκήπτρων
3559 690 3919 764 οἰακοστρόφος

2327 775 2560 847 ἐπάξιος,
2582 785 2656 849 τῷ
2678 784 2770 831 τοῦ
2798 781 2989 841 παντός
3028 778 3315 853 κυϐερνήτῃ
3344 784 3451 851 Θεῷ
3495 782 3791 854 κινούμενος
3835 784 3920 833 καὶ

2329 866 2771 940 οἰκονομούμενος,
2799 867 2920 931 τούς
2948 867 3085 939 αὐτῷ
3135 865 3448 941 δεδομένους
3486 873 3575 922 καὶ
3606 867 3918 943 ἀρχομένους

2328 954 2561 1028 ἐφύλαξε,
2576 962 2667 1010 καὶ
2693 953 2868 1020 οὐδεὶς
2892 965 2990 1010 τῶν
3012 958 3213 1011 πάντων
3239 956 3470 1013 ἀπώλετο
3495 978 3508 994 ·
3542 955 3669 1013 οὐδὲ
3686 958 3757 1021 εἰς
3779 956 3914 1031 βάθη

2327 1042 2554 1120 καρδίας
2583 1042 2884 1121 ἑτεροδόξου
2919 1046 3190 1112 θαλάσσης
3213 1045 3527 1123 ἀπέρριπται
3556 1069 3569 1083 ι
3591 1047 3698 1101 ἀλλ’
3711 1050 3778 1110 ὡς
3795 1050 3918 1124 πύρ-

2324 1156 2403 1208 γῳ
2434 1143 2818 1210 φρυκτωροῦντι
2846 1138 3013 1208 τούτῳ
3042 1133 3493 1211 καθοδηγούμενοι
3520 1145 3630 1201 τοῖς
3651 1146 3746 1201 τῆς
3777 1137 3919 1212 ὀρθο-

2327 1223 2525 1287 σεϐείας
2548 1222 2726 1297 λιμέσι
2751 1226 2939 1288 πάντες
2969 1223 3477 1300 ἐγκαθωρμίσθησαν
3501 1247 3515 1261 ·
3552 1228 3691 1280 οὕτω
3719 1232 3810 1280 καὶ
3832 1235 3915 1280 νῦν

2326 1319 2357 1374 ἡ
2389 1321 2481 1367 τοῦ
2512 1321 2647 1368 Θεοῦ
2678 1319 2838 1388 σοφία
2865 1318 3156 1388 καινότερον
3182 1318 3350 1392 ἕτερον
3381 1320 3571 1392 τρόπον
3602 1314 3744 1371 οἶκον
3768 1315 3911 1389 ἑαυτῇ

2322 1408 2410 1457 τόν
2433 1402 2661 1478 βασιλέα
2687 1412 2869 1457 τοῦτον
2901 1400 3277 1478 ἀνῳκοδόμησε
3301 1426 3314 1439 ο
3346 1414 3455 1469 τοῖς
3488 1402 3796 1468 ἑπταδικοῖς
3830 1412 3917 1458 τοῦ

2326 1493 2462 1545 θείου
2494 1495 2791 1565 Πνεύματος
2819 1498 3212 1567 πεπυκασμένον
3256 1498 3565 1571 χαρίσμασι
3591 1516 3604 1528 ·
3654 1499 3748 1548 καὶ
3772 1523 3780 1533 -
3794 1495 3922 1567 μετά

2321 1589 2413 1635 τοῦ
2444 1585 2644 1657 Πατρός
2670 1581 2893 1635 ἐλθοῦσα
2916 1586 3008 1640 τὴν
3033 1586 3194 1655 μονὴν
3238 1580 3286 1635 ἐν
3333 1582 3470 1655 αὐτῷ
3498 1588 3747 1655 ποιεῖται,
3792 1585 3923 1636 κατὰ

559 1409 699 1483 plici
728 1408 915 1465 divini
945 1407 1196 1480 Spiritus
1224 1422 1475 1463 munere
1506 1411 1862 1462 exornatum
1889 1422 1901 1460 :
1953 1420 2215 1477 cumque

557 1501 727 1557 Patre
753 1497 1105 1564 adveniens,
1136 1496 1516 1552 mansionem
1544 1494 1658 1551 sibi
1686 1497 1748 1551 in
1768 1510 1840 1551 eo
1890 1493 2103 1563 effecit,
2149 1499 2217 1551 ut

554 1588 619 1647 in
640 1586 959 1658 Evangelio
984 1584 1377 1658 promittitur:
1407 1589 1464 1641 et
1483 1584 1745 1641 scientias
1770 1583 1988 1657 poculo
2016 1583 2214 1639 eidem

553 1676 795 1743 tradito,
823 1674 1053 1731 cunctis
1082 1673 1225 1730 inde
1250 1672 1492 1729 haurire
1519 1671 1934 1729 insatiabiliter
1963 1687 2211 1728 conces-

2329 1675 2410 1730 ι-ὴν
2440 1669 2489 1723 ἐν
2514 1670 2850 1744 Εὑαγγελίοις
2886 1672 3183 1743 ὑπόσχεσιν
3215 1691 3229 1707 ⁸
3272 1676 3363 1726 καὶ
3408 1675 3500 1725 τὸν
3540 1680 3637 1734 τῆς
3682 1677 3923 1744 γνώσεως

555 1764 632 1822 sit
653 1784 667 1835 ;
688 1780 812 1838 qua
837 1763 1030 1835 gratia
1059 1777 1275 1835 reapse
1304 1761 1537 1835 repleti,
1566 1777 1724 1817 verte
1759 1760 1887 1817 vitis
1930 1760 2210 1834 palmites

2329 1770 2561 1837 κρατῆρα
2596 1763 2764 1833 τούτῳ
2806 1765 3119 1837 χειρίσασα,
3166 1767 3329 1814 πᾶσιν
3378 1759 3653 1814 ἀπαντλείν
3693 1765 3924 1815 ἀκένωτα

555 1854 755 1910 cuncti
793 1856 1133 1918 evaserunt,
1183 1852 1245 1907 in
1292 1851 1410 1909 hac
1472 1850 1747 1907 videlicet
1789 1854 2102 1907 manentes
2153 1855 2209 1907 et

2329 1845 2548 1903 δίδωσιν
2574 1872 2586 1884 ο
2615 1850 2676 1904 οὖ
2705 1855 2794 1903 καὶ
2821 1852 3043 1923 χάριτος
3080 1848 3324 1923 κλήματα
3346 1858 3439 1911 τῆς
3482 1849 3734 1911 ἀληθινῆς
3764 1848 3922 1922 ἀμπέ-

552 1941 1002 2011 fructiﬁcantes,
1035 1939 1365 2013 vinumque
1394 1940 1791 2012 propinantes
1816 1938 1983 2013 quod
2012 1939 2208 1997 ortho-

2329 1939 2407 1991 λου
2434 1940 2612 1999 πάντες
2637 1940 2943 2012 εὑρέθησαν,
2988 1936 3037 1990 ἐν
3082 1940 3245 2011 ταύτῃ
3292 1942 3537 2010 μείναντα
3588 1934 3928 2012 καρποδοτήο

553 2030 719 2088 doxa
746 2029 932 2088 corda
958 2029 1241 2086 laetiﬁcat.
1274 2031 1403 2086 Haec
1432 2033 1521 2085 est
1546 2028 1832 2085 nimirum
1880 2029 2208 2101 praeterito-

2329 2046 2503 2093 σαντα,
2537 2032 2625 2079 καὶ
2649 2030 2736 2079 τὸν
2765 2028 2858 2088 τάς
2883 2022 3199 2101 ὀρθοδόξους
3222 2022 3448 2099 καρδίας
3470 2025 3820 2100 εὐφραίνοντα
3839 2035 3931 2089 τῆς

550 2136 690 2180 rum
716 2119 1101 2193 imperatoris
1138 2119 1489 2175 meritorum
1524 2117 1797 2184 coronis;
1829 2117 1946 2175 hoc
1993 2122 2083 2174 est
2120 2118 2209 2174 in-

2329 2116 2581 2179 εὗσεϐείας
2610 2113 2742 2169 οἶνον
2772 2116 3080 2188 πηγάζοντα
3098 2136 3111 2149 ο
3139 2122 3293 2169 τοῦτο
3323 2122 3423 2167 τῶν
3442 2113 3819 2189 προλαϐόντων
3834 2136 3932 2170 κα-

551 2208 1058 2282 comparabilium
1086 2213 1453 2281 tropaeorum
1473 2207 1605 2279 ejus
1655 2206 1893 2263 culmen
1921 2225 1935 2275 ;
1962 2207 2091 2263 haec
2121 2211 2209 2264 est

2329 2207 2660 2280 τορθωμάτων
2720 2201 2813 2258 τοῦ
2876 2205 3256 2279 αὐτοκράτορος
3294 2205 3511 2280 ἄριστον
3580 2202 3884 2279 ἀκροθίνιον
3910 2226 3924 2241 ο

548 2299 891 2357 futurorum
918 2297 1191 2370 ejusdem
1212 2296 1621 2354 maximorum
1641 2295 1979 2353 facinorum
2003 2296 2202 2354 arrha.

2329 2303 2469 2347 τοῦτο
2534 2302 2634 2346 τῶν
2703 2292 3072 2369 ἀπαραμίλλων
3140 2294 3301 2346 αὐτοῦ
3357 2297 3622 2367 τροπαίων
3676 2292 3925 2367 μὲλιστον

551 2389 645 2447 Sic
675 2390 829 2444 Deus
857 2387 1217 2444 imitatorem
1252 2402 1430 2442 suum
1458 2399 1688 2456 regem,
1709 2391 1775 2442 ut
1802 2401 1940 2442 cum
1980 2400 2205 2456 magno

2329 2381 2724 2457 ἔγκαλλὼπισμα
2746 2405 2760 2418 ο
2787 2390 2939 2457 τοῦτο
2961 2382 3246 2457 μελλόντων
3275 2382 3528 2456 μειζόνων
3555 2381 3923 2459 μεγαλουργη-

545 2477 805 2535 Jeremia
863 2476 1208 2549 loquamur,
1270 2474 1448 2547 quasi
1513 2474 1811 2531 munitam
1872 2472 2086 2530 urbem
2140 2474 2205 2531 in

2329 2474 2490 2525 κάτων
2522 2471 2775 2545 ἐχέγγυον
2810 2494 2822 2507 ·
2858 2473 2992 2525 οὕτω
3022 2475 3149 2534 Θεὸς
3174 2475 3261 2526 τὸν
3296 2471 3456 2524 αὐτοῦ
3485 2475 3729 2544 μιμητὴν
3763 2471 3920 2546 βασι-

547 2582 730 2625 omne
761 2571 1000 2638 tempus
1024 2563 1247 2636 statuit,
1283 2567 1339 2619 et
1367 2563 1543 2637 quasi
1570 2562 1849 2619 columen
1891 2562 2087 2620 cuncti
2116 2579 2203 2620 re-

2329 2568 2419 2635 ts'a,
2453 2566 2586 2616 κατά
2610 2567 2697 2616 τόν
2725 2568 2888 2636 μέγαν
2916 2563 3164 2637 Ἰερεμίαν
3195 2561 3372 2629 εἰπεῖν,
3405 2564 3475 2623 ὡς
3512 2560 3665 2614 πόλιν
3717 2562 3919 2639 ὀχυρὰν

546 2656 902 2727 gnatoribus
926 2660 1095 2711 terrae
1145 2658 1325 2727 atque
1372 2652 1745 2727 potentibus,
1782 2656 1840 2709 et
1885 2652 2203 2709 sacerdoti-

2329 2652 2362 2704 ἓν
2388 2658 2544 2706 παντὶ
2567 2660 2734 2725 καιρῷ
2764 2654 2960 2706 τέθεικε
2988 2672 3001 2687 ο
3034 2656 3126 2705 καὶ
3149 2653 3220 2715 ὡς
3252 2649 3436 2703 στῦλον
3466 2651 3642 2705 ἅπασι
3673 2659 3782 2715 τοῖς
3801 2670 3920 2728 κρα-

542 2744 679 2814 bus,
708 2749 887 2818 atque
917 2743 1146 2817 populo
1177 2743 1363 2800 orbis.
1391 2744 1585 2809 Quare
1615 2742 1799 2799 etiam
1829 2756 1902 2798 ea
1947 2758 2084 2815 quas
2114 2759 2202 2799 se-

2329 2750 2465 2795 τοῦσι
2492 2750 2589 2805 τῆς
2615 2750 2680 2814 γῆ
2692 2764 2732 2809 ς,
2766 2746 2856 2795 καὶ
2881 2748 2990 2804 τοῖς
3028 2742 3285 2815 ἄρχουσι,
3319 2744 3409 2793 καὶ
3449 2746 3557 2801 τοῖς
3608 2742 3806 2814 ἱερεῦσι
3828 2744 3914 2794 καὶ

541 2836 814 2907 quuntur
866 2831 972 2902 ibi,
1014 2830 1386 2888 conﬁdenter
1447 2829 1779 2903 praedicare
1826 2829 2001 2897 licet;
2048 2846 2201 2887 nun-

2329 2838 2382 2902 τῷ
2411 2830 2517 2902 λαῷ
2547 2839 2638 2892 τῆς
2661 2838 2758 2904 γῆς
2788 2852 2801 2864 ·
2834 2833 2898 2892 ὡς
2945 2832 3171 2884 ἐντεῦθεν
3212 2828 3541 2904 θαρρούντως
3584 2834 3679 2883 καὶ
3708 2832 3772 2884 τὰ
3798 2828 3879 2892 ἐξῆ
3891 2847 3911 2890 ς

540 2938 730 2996 quam
756 2922 980 2979 scilicet
1015 2921 1142 2978 fore
1172 2925 1237 2978 ut
1262 2921 1551 2978 adversus
1594 2936 1737 2978 eum
1769 2920 1969 2993 quivis
2013 2920 2201 2976 hostis

2329 2920 2727 2994 ὶναφθέγγεσθαι
2760 2940 2773 2955 ο
2811 2918 2871 2973 οὐ
2894 2923 2965 2993 μὴ
3000 2916 3258 2973 δύνωνται
3286 2921 3413 2993 πρὸς
3444 2917 3608 2973 αὐτὸν
3653 2922 3838 2983 πάντες
3868 2920 3916 2972 οἱ

539 3011 884 3084 praevaleat,
914 3010 1060 3084 quia
1089 3010 1380 3066 Dominus
1409 3026 1548 3066 cum
1570 3009 1704 3083 ipso
1749 3015 1854 3066 est.
1906 3008 2049 3066 Huic
2090 3007 2201 3080 igi-

2329 3009 2652 3084 ὶντικείμενοι
2675 3031 2687 3044 ·
2724 3005 2865 3063 διότι
2893 3011 3084 3083 Κύριος
3110 3008 3223 3082 μετ’
3254 3007 3415 3062 αὐτοῦ
3436 3005 3609 3063 ἐστιν.
3633 3016 3828 3065 Τοῦτον
3850 3005 3914 3070 δὴ

539 3105 637 3159 tur
660 3101 930 3159 maximo
959 3099 1307 3173 imperatori
1334 3103 1544 3155 nostro
1575 3099 1703 3172 (qui
1751 3099 1814 3155 in
1843 3115 1915 3154 eo
1957 3113 2202 3171 quoque

2329 3101 2397 3152 τὸν
2445 3103 2690 3172 μέγιστον
2737 3101 2879 3172 ἡμῶν
2924 3098 3287 3174 αὐτοκράτορα
3333 3102 3421 3151 τὸν
3468 3097 3578 3152 κάν
3618 3102 3790 3174 τούτῳ
3831 3103 3921 3159 τὴν

542 3189 1000 3247 similitudinem
1030 3204 1169 3244 cum
1192 3190 1313 3245 Deo
1342 3191 1560 3256 servat,
1581 3187 1748 3259 quod
1774 3186 1939 3243 aliud
1964 3186 2197 3243 nullum

2329 3191 2436 3262 τρός
2465 3191 2594 3242 Θεὸν
2624 3187 2892 3264 ἐμφέρειαν
2919 3187 3174 3260 σώζοντα,
3206 3188 3287 3241 ὅτι
3315 3183 3482 3260 μηδὲν
3532 3188 3651 3246 ἐστι
3678 3193 3849 3243 κοινόν
3877 3208 3925 3242 τι

541 3293 616 3335 ex
640 3278 873 3335 usitatis
896 3292 1120 3333 nomen
1165 3281 1272 3346 est,
1322 3275 1737 3349 praerogativis
1779 3276 1910 3346 ejus
1958 3277 2196 3347 mentis,

2329 3277 2804 3351 τροσαρμοζόμενον
2834 3281 2995 3350 ὄνομα
3024 3276 3138 3348 (46)
3163 3282 3272 3338 τοῖς
3302 3278 3439 3329 κατά
3471 3286 3607 3333 νοῦν
3635 3278 3922 3352 καὶψυχήν

543 3366 753 3436 animi,
809 3380 1048 3431 manus,
1101 3368 1283 3438 atque
1348 3364 1683 3436 prudentiae
1720 3365 2201 3433 convenientius)

2329 3370 2402 3419 ιαὶ
2430 3373 2589 3443 χεῖρα
2617 3370 2708 3419 καὶ
2743 3369 2948 3420 σύνεσιν
2979 3365 3139 3419 αὐτοῦ
3178 3371 3603 3440 προτερήμασιν,
3639 3368 3796 3443 ἑτέρῳ
3835 3370 3920 3440 μὲν

540 3472 725 3514 nemo
753 3469 1006 3528 prorsus
1027 3454 1262 3511 debitas
1290 3454 1509 3511 referre
1540 3454 1762 3525 gratias
1789 3455 2026 3528 poterit.
2045 3458 2200 3533 A-tta-

2329 3440 2486 3508 ινδενῖ
2514 3458 2715 3517 πάντως
2741 3453 3048 3529 ἀμείϐεσθαι
3077 3459 3253 3529 τρόπῳ
3282 3463 3383 3507 τῶν
3412 3474 3501 3521 τις
3546 3457 3794 3512 ἁπάντων
3826 3453 3923 3511 δυ-

541 3561 683 3604 men
714 3544 920 3602 effusis
975 3560 1049 3600 ex
1094 3544 1218 3601 imo
1261 3543 1441 3600 corde
1487 3543 1769 3617 precibus
1815 3544 2013 3600 cuncti
2059 3544 2201 3600 huic

2329 3548 2522 3603 ιὴσεται
2552 3565 2564 3578 ·
2598 3541 2781 3617 εὐχαῖς
2814 3540 2873 3598 δὲ
2905 3544 3194 3618 ξύμπαντες
3225 3539 3539 3618 ἕγκαρδίοις
3568 3551 3662 3600 καὶ
3706 3545 3923 3620 υτγγλι-

542 3635 822 3691 favemus
847 3638 1029 3706 atque
1073 3633 1460 3706 plaudimus:
1509 3638 1568 3690 et
1606 3649 1746 3689 cum
1791 3649 1930 3705 rege
1977 3633 2200 3690 Davide

2329 3635 2520 3707 ίόμεθα
2547 3639 2637 3687 καὶ
2666 3630 3077 3707 συνδεξιούμεθα
3100 3655 3113 3669 ο
3147 3636 3279 3706 μετά
3304 3638 3485 3687 τοίνυν
3531 3644 3629 3691 τοῦ
3673 3636 3928 3712 βασιλέως

543 3723 842 3795 canimus,
866 3726 1053 3781 Ponat
1083 3726 1237 3781 Deus
1269 3725 1557 3781 thronum
1588 3725 1718 3796 ejus
1755 3725 1908 3781 sicut
1928 3723 2058 3781 dies
2084 3741 2200 3781 coe-

2329 3720 2498 3793 ὶαϐὶδ,
2532 3728 2660 3783 Θείη
2696 3725 2903 3797 Κύριος,
2929 3720 3147 3796 ᾄδομεν,
3173 3726 3260 3776 τόν
3289 3724 3473 3797 θρόνον
3518 3726 3688 3780 αὐτοῦ
3739 3730 3809 3790 ὡς
3838 3728 3929 3787 τὰς

534 3812 598 3885 li,
633 3817 814 3885 atque
852 3812 915 3869 in
963 3812 1401 3886 sempiternum
1439 3817 1738 3886 praeparet
1783 3829 1991 3870 semen
2042 3814 2197 3885 ejus,

2329 3814 2506 3888 ὴμέρας
2534 3820 2624 3866 τοῦ
2654 3812 2874 3888 οὐρανοῦ
2905 3832 2917 3847 ο
2948 3817 3039 3866 καὶ
3064 3812 3136 3875 εἰς
3166 3812 3331 3865 αἰῶνα
3359 3811 3660 3888 ἑτοιμάσαι
3681 3821 3743 3870 τό
3779 3820 3931 3889 σπέρ-

540 3918 878 3976 omnesque
904 3902 1106 3960 cordis
1128 3903 1257 3974 ejus
1280 3902 1593 3975 petitiones
1624 3902 2196 3975 compleat;cunctm

2329 3923 2384 3956 ια
2410 3904 2570 3957 αὐτοῦ
2600 3923 2613 3937 ·
2643 3908 2733 3956 καὶ
2757 3902 3034 3976 πληρῶσαι
3060 3905 3232 3956 πάντα
3259 3904 3326 3955 τὰ
3354 3910 3458 3966 τῆς
3502 3906 3672 3960 αὐτοῦ
3703 3904 3933 3980 καρδίας

537 3996 745 4063 gentes
775 3992 1038 4050 serviant
1058 3992 1110 4049 ei
1136 4009 1149 4058 ;
1181 3995 1240 4048 et
1266 3992 1541 4062 ejusdem
1562 3991 1790 4048 fructus
1814 4008 1998 4064 supra
2030 3992 2197 4049 Liba-

2329 3993 2572 4066 ιίτήματα
2595 4014 2609 4027 σ
2640 3997 2731 4045 καὶ
2762 3994 2932 4045 πάντα
2959 3995 3025 4044 τὰ
3049 3993 3165 4049 ἔθνη
3202 3987 3603 4049 δουλεύσουσιν
3626 3996 3774 4068 αὐτῷ
3801 4019 3812 4031 ·
3842 3999 3931 4049 καὶ

534 4096 689 4138 num
751 4081 1062 4145 exaltetur,
1105 4085 1162 4136 et
1206 4096 1312 4136 rex
1361 4095 1682 4154 nunquam
1726 4080 2015 4154 appellari
2044 4081 2196 4138 desi-

2329 4110 2332 4129 .
2361 4086 2558 4156 καρπὸς
2590 4082 2749 4134 αὐτοῦ
2774 4082 3085 4156 ὑπεραρθείη
3118 4080 3245 4156 ὑπὲρ
3272 4084 3358 4133 τόν
3376 4082 3623 4139 Λίϐανον
3644 4108 3658 4120 ·
3683 4091 3778 4140 καὶ
3796 4085 3932 4146 τελος

534 4173 680 4226 nat:
715 4168 910 4227 donec
960 4185 1034 4226 ex
1092 4168 1210 4225 hoc
1258 4168 1536 4237 terrestri,
1586 4174 1725 4242 post
1780 4170 1997 4240 longos
2053 4170 2194 4226 solis

2329 4179 2396 4233 ’ἧς
2425 4170 2711 4244 βασιλικῆς
2740 4175 3108 4244 προσωνυμὶας
3133 4172 3298 4241 τούτῳ
3344 4174 3416 4243 μὴ
3459 4178 3675 4245 γένοιτο
3711 4197 3725 4211 ο
3758 4174 3815 4230 ἐκ
3845 4182 3932 4236 τῆς

537 4256 865 4329 anfractus,
912 4260 992 4316 ad
1038 4257 1274 4317 caeleste
1324 4256 1665 4316 immortale
1721 4274 1977 4330 regnum
2029 4274 2193 4317 com-

2329 4266 2529 4333 πιγείου
2558 4262 2748 4320 ταύτης
2778 4260 2910 4330 μετὰ
2937 4264 3172 4334 μακροὺς
3200 4259 3348 4319 ἡλίου
3379 4264 3644 4333 κύκλους,
3696 4265 3780 4321 ἐπὶ
3833 4269 3925 4324 τὴν

531 4345 769 4419 migret.
2303 4350 2352 4403 ἐν
2380 4350 2617 4424 οὖρανοις
2639 4348 2959 4403 ἀκατάλυτον
2987 4348 3260 4423 βασιλείαν
3285 4360 3587 4430 μεταχωρή
3599 4376 3780 4415 σαντι,

1559 4523 1910 4597 Sequuntur
1944 4527 2409 4599 subscriptiones
2440 4527 2860 4600 autographa.

595 4701 848 4760 Humilis
890 4701 1230 4760 monachus
1279 4702 1468 4759 Lucas
1517 4700 1903 4760 miseratione
1946 4704 2047 4761 Dei
2094 4720 2184 4762 ar-

2361 4704 2419 4759 Ὀ
2444 4708 2678 4769 ταπεινός
2704 4708 2943 4779 μόναχός
2968 4711 3171 4768 Λουκᾶς
3185 4710 3275 4759 καὶ
3300 4704 3425 4780 ἐλέῳ
3450 4717 3597 4768 Θεοῦ
3631 4711 3924 4791 ἀρχιεπίσ-

522 4791 942 4865 chiepiscopus
973 4791 1579 4866 Constantinopoleos
1607 4806 1782 4848 nova
1814 4796 2036 4851 Romae.

2329 4815 2445 4859 οπος
2476 4795 3062 4859 Κωνσταντινουπόλεως
3092 4799 3210 4859 νίας
3237 4796 3467 4870 Ῥώμης,

592 4882 846 4940 Humilis
900 4882 1396 4956 archiepiscopus
1449 4881 1855 4955 metropoleos
1897 4887 2181 4944 Cmsareae

519 4972 923 5046 Cappadociae
954 4970 1314 5045 Stephanus.
1380 5043 1384 5046 ς

588 5063 992 5119 Sanctissimae
1022 5060 1424 5134 metropoleos
1450 5058 1665 5133 Ephesi
1687 5061 2176 5139 archiepiscopus

509 5147 758 5207 humilis
780 5151 965 5207 Nilus.

583 5239 836 5295 Humilis
863 5237 1250 5311 metropolita
1279 5238 1572 5295 Heracleae
1602 5239 1867 5297 Michael.

580 5328 838 5385 Humilis
869 5328 1256 5402 metropolita
1289 5330 1460 5386 Cizici
1492 5330 1760 5386 Basilius.

580 5417 831 5474 Humilis
862 5418 1248 5492 metrOpolita
1273 5420 1634 5476 Nicomedia:
1662 5420 1926 5478 Michael.

576 5506 834 5564 Humilis
856 5508 1239 5582 metropolita
1267 5509 1477 5568 Nicaea:
1503 5511 1812 5582 Georgius.

2357 4885 2416 4939 '0
2447 4886 2654 4950 εὐτελὴς
2679 4885 3096 4960 ἀρχιεπίσκοπος
3141 4894 3203 4946 τῆ
3216 4906 3239 4949 ς
3278 4889 3667 4964 μητροπόλεως
3710 4900 3919 4948 nam“-

2282 4980 2427 5051 ρείας
2457 4972 2842 5038 Καππαδοκίας
2869 4979 3132 5048 Στέφανος.

2352 5064 2411 5118 "O
2440 5073 2536 5127 τῆς
2567 5065 2860 5137 ἁγιωτάτης
2887 5064 3250 5140 μητροπόλεως
3290 5065 3521 5137 Ἐφέσου
3549 5072 3919 5148 ἁρχιεπίσκο-

2278 5174 2371 5217 πος
2388 5158 2624 5216 ταπεινὸς
2651 5162 2689 5208 Ν
2702 5153 2774 5206 ἵλο
2785 5175 2826 5217 ς.

2345 5244 2405 5297 Ὀ
2434 5244 2635 5307 εὐτελὴς
2664 5243 3054 5318 μητροπολίτης
3075 5243 3382 5321 Ἡρακλείας
3423 5252 3691 5323 Μιχαὴλ,

2343 5333 2402 5424 ῖΟ
2433 5333 2637 5424 εὐτελὴς
2657 5332 3036 5424 μητροπολίτης
3071 5333 3649 5424 Κυζίκου-βασίλειος.

2342 5423 2402 5476 Ὀ
2431 5423 2635 5485 εὐτελὴς
2663 5422 3050 5499 μητροπολίτης
3078 5420 3448 5497 Νικομηδείας
3476 5420 3735 5505 Κῃχαήλ.

2341 5512 2400 5565 '0
2432 5512 2641 5577 εὐτελὴς
2666 5512 3050 5589 μητροπολίτης
3079 5518 3307 5577 Νικαίας
3336 5512 3640 5591 Γεώρᾷτος,

572 5686 689 5761 (46)
715 5686 1076 5747 Emmanuel
1105 5687 1442 5762 signiﬁcare
1469 5689 1631 5749 Deus
1659 5689 1966 5749 nobiscum
1995 5704 2177 5749 nemo
2203 5689 2467 5764 ignorat.
