4148 6386
279 277 388 351 235
1787 275 2156 356 RECENSIQ.
3555 289 3664 366 28g

280 403 454 458 κοστὴ
515 394 680 470 ὀγδόη
729 398 759 458 ἡ
810 405 912 450 τῶν
965 397 1204 451 Ἰκετῶν·
1256 401 1540 472 τριακοστή
1589 395 1768 457 ἓννάτη
1827 401 1858 458 ἡ
1913 409 2012 453 τῶν
2071 405 2478 478 Γνωσιμάχων·
2531 410 2930 478 τεσσαρακοστὴ
2989 407 3020 465 ἡ
3075 415 3176 458 τῶν
3243 407 3610 483 Θνητοψύχων
3644 432 3658 444 ο

287 492 732 562 τεσσαρασιοστὴ
784 493 967 563 πρώτη
1022 490 1051 545 ἡ
1109 494 1208 538 τῶν
1263 485 1670 560 Χριστολυτῶν·
1730 497 2125 564 τεσσαρακοστή
2179 489 2399 568 δευτέρα
2453 496 2483 552 ἡ
2543 502 2642 546 τῶν
2703 495 3066 570 Ἐθνοφρόνων,
3118 494 3165 546 ἐν
3295 503 3384 549 καὶ
3434 496 3665 575 διάφορα

293 583 416 650 περὶ
462 577 851 650 ἀστρονομίας·
908 579 1309 650 τεσσαρακοστὴ
1369 581 1518 650 τρίτη
1571 579 1598 635 ἡ
1653 586 1750 629 τῶν
1809 586 2291 653 Παρερμηνευτὼν·
2349 587 2746 656 τεσσαρακοστη
2799 586 3016 657 τετάρτη
3069 586 3099 641 ἡ
3164 593 3262 636 τῶν
3320 587 3659 644 Μελιτιανών.

297 671 376 722 Ex
410 673 768 737 argumento
802 682 943 722 vero
974 665 1111 721 libri
1141 667 1268 721 XXV
1299 665 1517 720 desunt
1546 667 1606 722 in
1637 673 1846 725 ucstro
1877 686 1935 725 cc

1637 673 1846 725 nostro
1877 671 2080 726 codice
2112 671 2321 727 ultima
2348 672 2552 742 verba,
2587 673 2763 744 Ἡμεῖς
2791 677 2892 748 γὰρ
2924 681 3105 740 ταῦτα,
3137 694 3188 728 κ.
3220 674 3266 730 λ.

369 756 632 812 lndicem
678 761 1179 825 argumentorum
1229 756 1503 826 sequitur
1548 756 1858 828 inscriptio
1903 758 2002 814 toti

2023 774 2078 813 Js
2126 761 2348 830 operis,
2398 760 2514 816 hoc
2565 766 2790 832 pacto:
2844 760 3071 833 Συλλογὴ
3125 770 3226 813 τῶν
3278 761 3402 814 ὅλων
3461 762 3661 836 σχεδὸν

295 842 467 910 δοξῶν
506 850 594 898 καὶ
632 847 898 920 αἱρέσεων,
945 849 1036 896 καὶ
1081 846 1290 916 ἱστορία
1336 852 1435 896 τῶν
1486 843 1835 897 ἀποτεκόντων
1884 847 2048 909 αὐτὰς
2091 845 2297 921 ἀνδρῶν
2327 870 2339 883 ·
2388 852 2463 902 ἔτι
2503 847 2562 903 δὲ
2614 855 2703 903 καὶ
2747 849 3077 925 ἀντιῤῥήσεις
3125 849 3206 902 ἐπ’
3252 851 3408 912 ἐνίαις
3443 857 3660 922 τούτων,

293 941 389 988 καὶ
436 935 666 1006 μάλιστα
714 941 828 994 ταῖς
880 933 1220 1006 παλαιτέραις
1250 950 1262 963 ’
1319 937 1411 986 καὶ
1467 934 1610 1007 ἕτερα
1672 954 1790 986 τινα
1849 941 2102 1009 χρήσιμα
2165 945 2274 999 τοῖς
2341 937 2581 992 εὐσεϐέσι
2603 979 2622 1008 ,
2687 941 2978 998 πονηθέντα
3040 941 3186 1011 παρὰ
3249 947 3340 992 τοῦ
3403 940 3662 994 σεϐαστοῦ

293 1029 505 1082 Νικήτα
541 1030 632 1076 τοῦ
673 1024 966 1087 Χωνιάτου,
995 1029 1089 1074 τοῦ
1137 1019 1196 1074 δὲ
1233 1027 1506 1094 γεγονότος
1542 1030 1722 1096 κριτοῦ
1770 1031 1866 1076 τοῦ
1899 1025 2085 1089 Βήλου,
2125 1023 2213 1078 ἐπὶ
2243 1033 2343 1078 τῶν
2391 1031 2612 1100 κρίσεων
2643 1029 2848 1102 ἐφόρου,
2884 1034 3092 1099 γενικοῦ
3120 1027 3204 1080 ἐπὶ
3242 1035 3334 1080 τοῦ
3379 1028 3662 1101 βασιλικοῦ

294 1120 539 1174 κοιτῶνος
571 1113 672 1183 (1),
713 1115 891 1164 ἔπειτα
934 1107 993 1163 δὲ
1040 1115 1131 1163 καὶ
1160 1111 1384 1183 μεγάλου
1428 1111 1702 1182 λογοθέτου
1745 1120 1844 1164 τῶν
1893 1132 1932 1165 σι

2025 1123 2164 1167 ετῶν.
2201 1115 2488 1170 Collectio
2533 1118 2797 1172 omnium
2826 1117 2958 1185 fere
2995 1118 3346 1184 opinionum
3375 1121 3432 1173 et
3478 1118 3663 1175 haere-

291 1217 477 1266 seum,
509 1206 563 1257 et
597 1200 854 1256 historia
880 1201 1189 1256 hominum
1217 1201 1319 1270 qui
1348 1201 1491 1256 illas
1525 1201 1920 1256 instituerunt
1945 1225 1964 1271 ,-
1990 1204 2238 1271 insuper
2261 1204 2765 1260 contradirtiones
2795 1205 3082 1260 adversus
3110 1206 3402 1275 quasdam
3432 1221 3663 1274 earum,

288 1295 346 1347 et
391 1290 659 1346 maxime
701 1289 1106 1360 antiquiores;
1134 1293 1192 1344 et
1225 1289 1354 1344 alia
1399 1289 1672 1360 quadam
1706 1290 1824 1359 piis
1871 1291 2202 1347 hominibus
2248 1293 2440 1357 utilia,
2469 1291 2780 1348 elaborata
2823 1307 2860 1348 a
2900 1293 3232 1349 venerabili
3270 1295 3483 1350 Nieela
3511 1296 3664 1352 Cho-

287 1380 482 1438 niata.
513 1379 698 1433 electo
721 1377 934 1446 judice
961 1377 1116 1443 Beli,
1140 1377 1518 1446 judiciorum
1547 1379 1789 1447 ephoro,
1818 1393 1889 1434 ac
1916 1381 2192 1450 generali
2218 1382 2545 1448 imperantis
2572 1381 2706 1448 ﬁsci
2722 1382 3039 1450 praefecto,
3071 1382 3286 1438 deinde
3315 1397 3452 1438 vero
3481 1385 3662 1440 etiam

292 1481 511 1536 magno
550 1469 916 1522 secretorum
966 1466 1272 1535 logotheta
1303 1465 1402 1536 (2).
1447 1466 1669 1522 Deinde
1700 1469 1928 1522 Prooem

2025 1485 2080 1534 n,
2110 1468 2282 1538 cujus
2324 1469 2583 1535 initium,
2609 1485 2670 1541 p.
2703 1473 2735 1524 3
2765 1487 2778 1524 :
2808 1477 2924 1539 Θεῷ
2965 1474 3056 1521 καὶ
3099 1470 3384 1541 θεοφιλέσιν
3432 1469 3663 1544 ἀνδράσι

288 1575 372 1616 τις
417 1554 479 1607 διν
528 1552 654 1616 ἀξία
702 1559 1024 1628 προσαγωγὴ
1067 1558 1267 1624 γένοιτο
1292 1571 1306 1620 ;
1333 1554 1391 1606 Ὀ
1420 1558 1511 1626 μὲν
1541 1558 1642 1627 γὰρ
1681 1558 1738 1608 τό
1787 1554 2072 1628 ἀκρότατον
2113 1557 2180 1607 ὠν
2220 1556 2459 1608 ἁπάντων
2488 1566 2588 1609 τῶν
2641 1556 2823 1629 ἐφετῶν
2870 1554 3085 1620 οὐδενὸς
3119 1567 3222 1611 τῶν
3261 1563 3418 1611 ὄντων
3447 1562 3662 1632 ὶφίεται.

287 1643 485 1700 Finis:
532 1641 716 1705 Ὀπως
751 1647 876 1714 μίαν
923 1641 1192 1695 ἀνελίττων
1235 1641 1418 1715 βίϐλον
1465 1651 1538 1713 τῷ
1583 1640 1850 1696 πολυειδεῖ
1891 1652 1983 1696 τοῦ
2033 1648 2440 1719 συγγράμματος
2483 1651 2700 1720 χαίρῃς,
2750 1645 2850 1698 κάκ
2888 1649 3075 1700 τούτου
3120 1645 3330 1722 ἐρανίζῃ
3381 1650 3664 1702 πανάκειαν

283 1741 398 1794 τοῖς
446 1731 699 1804 ὀλεθρίοις
732 1730 1025 1804 ἀντίμαχον
1077 1727 1342 1804 δόγμασιν
1367 1753 1381 1765 ο
1422 1733 1558 1784 ἔνθεν
1588 1751 1670 1784 τοι
1708 1735 1795 1784 καὶ
1836 1741 1921 1784 τοι]

2024 1753 2151 1804 γειν,
2182 1731 2383 1787 ἐνθένδε
2428 1734 2674 1809 ἄρξομαι.
2720 1737 2864 1790 Tum
2904 1734 3056 1791 liber
3103 1736 3333 1807 primus
3363 1752 3502 1808 pag.
3537 1742 3568 1793 3
3600 1736 3662 1804 b,

282 1822 405 1884 inc.
452 1817 632 1892 ’Δδὰμ
677 1828 878 1892 πρῶτος
927 1819 1178 1882 πλασθεὶς
1219 1818 1320 1872 ἀπὸ
1359 1828 1456 1890 γῆς
1485 1822 1585 1872 ὑπό
1631 1828 1786 1887 Θεοῦ,
1814 1825 1905 1873 καὶ
1945 1820 2114 1874 λαϐὼν
2154 1824 2210 1874 τό
2262 1821 2516 1892 ζωογόνον
2565 1824 2852 1894 ἐμφύσημα
2899 1825 3057 1894 ἔσχεν
3087 1821 3142 1877 εκ
3179 1829 3308 1896 μιᾶς
3353 1831 3453 1878 τῶν
3502 1825 3666 1877 αὐτοῦ

282 1909 522 1984 πλευρῶν
553 1913 689 1964 Εὔαν
727 1909 894 1980 ἑαυτῷ
933 1911 1116 1982 ὁμοίαν
1143 1930 1155 1942 ·
1207 1908 1414 1981 βιώσας
1455 1906 1516 1962 δε
1547 1906 1724 1983 ’Δδὰμ
1763 1913 1850 1968 ἔτη
1897 1910 2177 1963 ἐννακόσια
2217 1913 2517 1984 τριάκοντα,
2557 1915 2831 1982 γεγέννηκε
2871 1913 3000 1974 ﬁdis
3043 1915 3175 1984 μετά
3222 1911 3522 1986 παράϐασιν
3569 1921 3665 1975 τῆς

281 1998 514 2067 ἕντολῆς,
536 2004 628 2051 καὶ
652 2002 748 2056 τὴν
773 1996 830 2049 ἐκ
868 2005 960 2050 τοῦ
999 1994 1326 2071 παραδείσου
1367 1996 1688 2070 ἀπόπεμψιν.
1721 1999 1891 2056 Liber
1921 1998 2166 2060 ultimus
2195 1999 2324 2055 des.
2356 1999 2419 2054 Ἃ
2449 1996 2519 2058 δὴ
2550 2004 2722 2052 πάντα
2758 1998 3013 2073 ἐμώρανεν
3054 2001 3083 2058 ἠ
3117 2008 3211 2061 τῆς
3239 2007 3366 2072 μιᾶς
3409 2002 3622 2060 θεότητο
3642 2021 3664 2064 ς

283 2087 332 2140 ἐν
365 2091 545 2163 τρισὶν
573 2088 905 2140 ὑποστάσεσι
937 2083 1162 2158 δύναμις
1190 2094 1252 2160 τῇ
1286 2089 1474 2161 χάριτι
1505 2093 1593 2140 καὶ
1623 2087 1880 2146 ἁπλότητι
1904 2096 1997 2141 τοῦ
2029 2087 2366 2159 εὐαγγελικοῦ
2397 2092 2753 2162 κηρύγματος.

351 2180 418 2244 ll,
451 2193 514 2249 p.
549 2180 674 2248 362,
716 2176 780 2244 b,
819 2177 1034 2233 Nicetes
1076 2178 1447 2233 Thesaurum
1499 2177 1719 2249 excipit
1765 2193 1905 2249 pars
1944 2177 2241 2249 posterior
2288 2177 2680 2234 Historiarum
2730 2177 2882 2250 ejus,
2913 2177 2974 2233 in
3006 2176 3193 2232 libros
3242 2175 3397 2246 duos
3443 2177 3665 2248 divisa,

287 2281 418 2340 que
458 2283 600 2323 cum
646 2266 727 2323 ab
766 2265 1130 2324 editionibus
1160 2281 1283 2322 non
1316 2266 1502 2322 modo
1547 2266 1752 2338 quoad
1796 2267 2090 2328 librorum
2115 2265 2583 2332 distinctionem,
2616 2265 2724 2322 sed
2771 2265 2953 2322 etiam
2983 2265 3044 2322 in
3085 2265 3310 2338 phrasi,
3342 2271 3400 2322 et
3426 2267 3489 2322 in
3518 2266 3666 2340 ipsis

286 2371 532 2430 quoque
570 2355 782 2420 rebus,
815 2355 970 2411 libro
1017 2355 1348 2428 praesertim
1381 2356 1730 2428 posteriore,
1774 2355 2090 2427 discrepet,
2123 2354 2312 2424 digna
2357 2355 2625 2426 profecto
2669 2359 3012 2427 essetque,
3046 2355 3096 2410 si
3140 2370 3304 2411 nova
3351 2359 3670 2427 pararetur

291 2445 467 2513 huius
515 2444 826 2516 scriptoris
870 2443 1070 2509 editio,
1101 2459 1241 2504 cum
1271 2443 1444 2500 editis
1486 2444 1872 2501 conferretur.
1907 2448 1929 2500 Ι

2033 2443 2192 2500 cedit
2219 2443 2454 2500 titulus:
2484 2444 2740 2503 Ἐνταῦθα
2768 2446 2798 2502 ἠ
2831 2442 3024 2506 ἅλωσις
3052 2452 3146 2507 τῆς
3189 2443 3404 2512 πόλεως,
3432 2449 3522 2498 καί
3551 2465 3668 2499 τινα

291 2541 393 2584 τῶν
422 2536 547 2605 μετὰ
574 2541 745 2594 ταῦτα
778 2531 1106 2605 συμϐάντων.
1131 2533 1246 2589 Hic
1276 2535 1600 2602 captivitas
1625 2533 1816 2602 urbis,
1846 2538 1902 2590 et

2030 2532 2208 2590 edam
2233 2547 2309 2589 ea:
2335 2533 2406 2590 iis
2429 2548 2562 2604 quae
2587 2539 2795 2603 postea
2822 2533 3200 2592 acciderunt.
3237 2532 3406 2589 Liber
3433 2536 3668 2604 primus

290 2622 497 2694 incipit
526 2638 560 2680 a
598 2637 738 2694 cap.
777 2625 810 2678 8
853 2622 956 2678 lib.
990 2637 1050 2678 Ill
1100 2621 1286 2678 Alexii
1315 2622 1628 2686 Comneni,
1662 2621 1804 2678 edit.
1851 2622 2036 2678 Paris.
2075 2636 2215 2693 pag.
2258 2623 2382 2686 345,
2417 2623 2636 2678 Genev.
2673 2637 2734 2691 p.
2779 2624 2903 2690 582,
2937 2635 2975 2677 a
3017 2619 3252 2678 verbis:
3300 2620 3457 2676 Ἀλλὰ
3501 2625 3669 2696 μέχρι

287 2716 383 2784 μὲν
429 2707 495 2769 δὴ
543 2713 738 2766 τούτων
785 2706 1039 2784 εὕδρομος
1068 2712 1193 2782 ἡμῖν
1231 2711 1258 2762 ὁ
1296 2709 1468 2781 λόγος,
1500 2714 1589 2762 καὶ
1613 2707 1648 2763 δ
1655 2713 1708 2763 ιὰ
1735 2710 1874 2770 λείας
1915 2715 2078 2784 φέρων
2107 2705 2258 2764 ὁδοῦ.
2298 2711 2428 2765 Des.
2457 2717 2556 2762 τῶν
2596 2705 2647 2762 δ’
2683 2708 2976 2768 ἠλπικότων
3016 2707 3100 2762 ἐπὶ
3134 2711 3322 2783 Κύριον
3352 2717 3414 2782 τῇ
3447 2707 3668 2782 παιδείᾳ

285 2797 589 2874 σύνδρομος
617 2802 646 2859 ἡ
682 2800 1017 2872 παράκλησίς
1047 2819 1101 2852 τε
1130 2804 1220 2852 καὶ
1251 2799 1625 2860 ἐπανάκλησις.
1671 2798 1840 2857 Liber
1871 2814 1923 2854 SE

2024 2797 2180 2854 udus
2209 2812 2350 2868 pag.
2394 2801 2496 2853 372
2538 2797 2744 2868 incipit
2787 2813 2824 2853 a
2871 2796 3071 2854 verbis
3110 2797 3322 2869 capitis
3352 2799 3533 2870 primi
3558 2798 3662 2858 lib.

284 2889 365 2946 de
397 2887 947 2960 Constantinopolis
980 2892 1140 2944 statu
1175 2887 1318 2945 edit.
1346 2888 1528 2944 Paris.
1561 2901 1700 2959 pag.
1736 2893 1861 2950 377.
1895 2889 1922 2945 ε

2023 2901 2113 2942 ev.
2138 2901 2280 2958 pag.
2312 2889 2437 2952 634,
2460 2885 2746 2944 nimirum
2773 2902 2785 2946 ;
2814 2882 2944 2957 Εἶχε
2987 2888 3079 2957 μὲν
3109 2886 3244 2938 οὕτω
3288 2895 3474 2950 ταῦτα.
3503 2891 3592 2940 καὶ
3631 2887 3661 2945 ἠ

293 2981 689 3030 Κωνσταντίνου
717 2976 1017 3036 καλλίπολις
1045 2981 1104 3029 τό
1134 2980 1304 3028 κοινόν
1344 2975 1581 3028 ἁπάντων
1622 2975 1773 3027 ἐθνῶν
1815 2975 2116 3048 ἐνυρῦφημά
2161 2994 2215 3027 τε
2245 2981 2334 3026 καὶ
2364 2974 2712 3050 περιλάλημα,
2746 2995 2797 3031 κ.
2829 2975 2877 3032 λ.
2922 2977 3054 3030 Des.
3097 2974 3192 3035 ⁴⁸ος
3220 2980 3311 3028 καὶ
3341 2971 3548 3030 δίκαιον
3585 2974 3664 3030 ἐπ’

296 3061 515 3120 ἀσπίδα
542 3070 631 3117 καὶ
659 3064 970 3138 βασιλίσκον
1001 3062 1269 3118 δείκνυσιν
1310 3064 1653 3135 ἐπιϐαίνοντα,
1688 3071 1778 3118 καὶ
1811 3063 1990 3118 λέοντα
2018 3071 2419 3118 καταπατοῦντα
2466 3069 2556 3116 καὶ
2601 3060 2883 3138 δράκοντα.
2924 3063 3033 3119 Ubi
3077 3063 3416 3122 notandum
3447 3080 3522 3122 ex
3550 3064 3666 3122 hoc

286 3155 623 3228 posteriore
661 3154 809 3210 libro
853 3155 1260 3225 fragmentum
1307 3155 1447 3210 satis
1478 3154 1750 3223 longum,
1782 3153 1843 3208 in
1881 3169 2005 3225 quo
2028 3153 2104 3209 de
2135 3152 2300 3208 urbis
2348 3151 2705 3224 direptione,
2735 3158 2792 3208 et
2819 3152 2895 3208 de
2933 3155 3122 3208 status
3153 3167 3225 3208 ac
3254 3153 3665 3210 monumentis

281 3250 425 3319 post
453 3248 699 3316 captam
731 3259 838 3324 per
885 3244 1123 3300 Latinos
1153 3243 1380 3322 CPolim
1424 3243 1648 3299 eversis
1688 3249 1744 3298 et
1786 3241 2058 3298 conﬂatis
2090 3241 2307 3312 agitur,
2332 3246 2536 3316 utpote
2570 3240 2738 3316 quod
2776 3242 2837 3296 in
2861 3240 3171 3314 impressis
3200 3240 3596 3308 desideratur,
3630 3257 3668 3297 a

284 3334 561 3391 Fabricio
590 3334 798 3392 referri
829 3333 944 3390 loc.
977 3333 1077 3390 cit.
1110 3348 1146 3388 a
1178 3347 1318 3405 pag.
1352 3335 1456 3388 4Οὸ
1487 3332 1566 3387 ad
1598 3347 1659 3405 p.
1691 3333 1815 3386 418.

358 3423 625 3479 Tandem
680 3438 791 3496 pro
839 3421 1206 3478 recensionis
1247 3421 1429 3492 hujus
1473 3420 1779 3489 coronide,
1813 3435 1950 3474 cum
1992 3418 2297 3476 Fabricius
2345 3417 2384 3474 l.
2427 3435 2480 3475 ο.
2521 3434 2669 3492 pag.
2725 3423 2850 3494 435.
2894 3419 3160 3476 Iudicem
3216 3418 3599 3494 scriptorum,
3632 3434 3670 3476 a

284 3512 485 3569 Niceta
533 3511 825 3567 Choniata
871 3511 933 3566 in
980 3511 1231 3566 Historia
1278 3509 1601 3582 Byzantina
1643 3508 2028 3564 laudatorum
2074 3507 2374 3574 exhibeat,
2415 3523 2528 3563 nos
2571 3524 2816 3581 quoque
2854 3507 3014 3564 illius
3063 3507 3408 3580 exemplum
3459 3508 3665 3574 secuti,

282 3601 473 3658 alium
507 3603 613 3657 SS.
652 3603 894 3656 Patrum
921 3604 976 3654 et
1005 3599 1263 3654 aliorum
1301 3602 1619 3653 auctorum
1667 3597 2032 3666 catalogum,
2060 3612 2323 3668 quorum
2355 3597 2416 3651 in
2449 3597 2724 3666 ejusdem
2752 3597 2964 3652 Nicetes
2989 3597 3295 3651 Thesauro
3328 3595 3668 3651 referuntur

283 3690 420 3746 loca
447 3695 631 3761 atque
663 3689 997 3751 sententiae,
1025 3689 1086 3742 in
1117 3687 1389 3742 medium
1420 3685 1684 3759 proferre
1711 3685 2038 3752 voluimus,
2059 3685 2165 3757 qui
2196 3699 2455 3758 sequens
2487 3690 2612 3740 est:

362 3779 613 3847 Agatho.
647 3794 707 3850 p.
743 3781 869 3835 343.

363 3865 714 3923 Ambrosius
761 3865 992 3922 Mediol.
1025 3880 1167 3938 pag.
1213 3867 1341 3932 233,
1381 3863 1448 3920 b.
1497 3865 1620 3920 343.
1673 3863 1762 3923 Ἐκ
1804 3869 1897 3916 τοῦ
1935 3861 2001 3914 λόι

2027 3882 2092 3915 κου
2136 3869 2229 3915 τοῦ
2270 3861 2422 3915 κατὰ⁹
2472 3859 2874 3934 Απολλιναρίου,
2916 3877 2978 3934 p.
3030 3865 3130 3916 178
3178 3860 3240 3916 b.
3290 3861 3378 3913 Ἐκ
3415 3869 3479 3920 τῆ
3540 3864 3665 3935 πρὸξ

292 3958 568 4030 Γρατιανόν
594 3960 682 4008 τὸν
715 3953 960 4028 βασιλέα.
992 3954 1141 4010 Ibid.

361 4044 812 4116 Amphilochius
855 4043 1182 4116 lconiensis
1209 4043 1298 4096 Ἐκ
1341 4051 1433 4102 τῆς
1470 4043 1596 4116 πρὸς
1626 4040 1884 4094 Σελεύκιον
1915 4039 1999 4093 ἔπι

2025 4039 2210 4110 ττολῆς,
2249 4055 2308 4112 p.
2343 4043 2444 4096 178
2471 4039 2533 4102 b.
2571 4039 2662 4092 Ἐκ
2698 4046 2792 4090 τοῦ
2821 4040 2957 4091 κατά
2995 4037 3273 4113 Ἀρειανῶν
3311 4037 3490 4110 λόγου,
3521 4054 3663 4111 pag.

286 4135 408 4191 340.
439 4136 528 4188 Ἐκ
557 4142 652 4194 τῆς
681 4133 892 4206 ὁμιλίας
929 4133 998 4194 εἰς
1025 4137 1104 4203 τὸ,
1138 4155 1165 4183 ‹‹
1194 4131 1252 4184 Ὀ
1279 4131 1588 4194 ἀποστείλας
1617 4151 1680 4204 με
1706 4135 1882 4202 Πατὴρ
1909 4130 2100 4203 μείζων
2139 4132 2240 4202 μοῦ
2264 4128 2426 4184 ἐστιν.
2462 4150 2490 4179 ››
2520 4130 2665 4198 Pag.
2696 4127 2831 4184 ead.
2855 4127 2918 4184 b.

351 4223 712 4280 Anastasius
741 4222 966 4278 Sinaita
995 4221 1044 4274 ἐν
1075 4228 1171 4282 τῆς
1199 4220 1383 4294 βίϐλου
1407 4229 1502 4282 τῆς
1531 4221 1805 4292 λεγομένης
1829 4216 1989 4290 Ὀδηγ

2027 4226 2082 4286 ιῦ,
2121 4234 2182 4290 p.
2219 4218 2316 4272 177
2348 4216 2412 4282 b,
2446 4221 2564 4288 178,
2602 4217 2697 4272 188
2728 4215 2789 4284 b,
2823 4220 2925 4273 233
2946 4215 3008 4273 b.
3044 4215 3133 4269 Ἐκ
3160 4223 3262 4268 τῶν
3295 4214 3348 4276 ις’
3375 4215 3665 4288 κεφαλαίων

277 4321 381 4366 τῶν
420 4315 560 4366 κατά
597 4318 971 4383 Μονοφυσιτὼν
1010 4313 1068 4362 τό
1112 4309 1175 4379 ζ’,
1206 4327 1266 4382 p.
1301 4311 1400 4366 341
1433 4309 1495 4366 b.

354 4402 631 4456 Andreas
663 4399 957 4456 Cretensis
985 4397 1039 4450 ἐκ
1069 4407 1161 4451 τοῦ
1199 4398 1353 4469 λόγου
1383 4405 1476 4450 τοῦ
1501 4397 1569 4458 εἰς
1597 4402 1690 4456 τὴν
1730 4401 1992 4470 Βαῑοφόροπ

663 4399 957 4456 Cretensis
985 4397 1039 4450 ἐκ
1069 4407 1161 4451 τοῦ
1199 4398 1353 4469 λόγου
1383 4405 1476 4450 τοῦ
1501 4397 1569 4458 εἰς
1597 4402 1690 4456 τὴν
1730 4401 2031 4470 Βαῑοφόρον,
2061 4411 2126 4468 p.
2163 4399 2287 4452 330.

356 4488 721 4552 Athanasius
764 4504 904 4562 pag.
955 4492 1058 4544 342
1104 4490 1165 4552 b,
1217 4491 1319 4544 341
1368 4487 1430 4542 b.
1478 4487 1566 4548 Εἰς
1606 4490 1683 4558 τὸ,
1728 4508 1755 4535 ‹‹
1802 4487 1911 4538 Οὐκ
1959 4489 1991 4538 ἀ

2026 4493 2038 4539 ὶ
2087 4483 2147 4544 ἦν
2197 4488 2338 4551 Υἱὸς,
2384 4506 2411 4534 »
2465 4499 2606 4557 pag.
2659 4488 2756 4547 105
2799 4483 2860 4540 b.
2913 4486 3056 4538 Κατά
3114 4493 3212 4537 τῶν
3257 4484 3568 4558 εἰσαγόντων
3605 4486 3664 4540 τό

286 4580 610 4651 ὁμοιοῦσιον,
643 4593 782 4652 pag.
826 4581 918 4633 107
964 4577 1025 4634 b.
1057 4576 1145 4631 Ἐκ
1187 4585 1280 4629 τοῦ
1322 4582 1442 4650 περὶ
1471 4581 1700 4638 πίστεως
1744 4574 1922 4648 λόγου,

2025 4591 2097 4648 lg.
2132 4575 2237 4630 178
2281 4573 2341 4630 b.
2379 4579 2608 4647 Χρήσεις
2655 4575 2792 4628 κατά
2843 4578 3244 4644 Θεοπασχιτῶν,
3277 4589 3416 4648 pag.
3457 4576 3552 4628 187
3601 4571 3663 4627 b.

290 4670 432 4742 Πρός
478 4671 596 4730 τοῦς
645 4665 902 4737 λέγοντας,
930 4663 1156 4719 Ἐπαθεν
1195 4667 1221 4716 ό
1261 4669 1392 4726 Θεὸς
1437 4664 1731 4731 ὡςεῆθελεν,
1763 4678 1903 4735 pag.
1942 4667 2061 4720 188.
2111 4665 2196 4716 Ἐκ
2233 4669 2326 4714 τοῦ
2377 4666 2492 4734 περὶ
2533 4669 2631 4724 τῆς
2659 4662 3095 4738 ένανθρωπήσεως
3135 4661 3311 4732 λόγου,
3343 4675 3488 4734 pag.
3527 4664 3659 4716 332.

283 4758 376 4810 Ἐκ
425 4764 515 4820 τῆς
546 4755 796 4830 ἑρμηνίας
841 4762 932 4815 τῆς
960 4755 1032 4816 εἰς
1062 4757 1120 4808 τό
1156 4753 1437 4828 βασιλικόν
1486 4755 1784 4827 ἱεράτευμα,
1817 4768 1956 4826 pag.
1985 4755 2109 4808 333.
2141 4752 2228 4804 Ἐκ
2265 4758 2358 4804 τοῦ
2403 4747 2736 4802 διαλεκτικοῦ
2784 4749 2960 4822 λόγου,
2996 4750 3049 4804 ὃν
3098 4749 3384 4810 ἐποιήσατο
3423 4753 3549 4826 πρὸς
3578 4753 3665 4802 τόν

279 4846 514 4922 Ἀρειον,
548 4861 693 4920 pag.
720 4847 826 4901 340
839 4889 850 4901 .

350 4933 749 5005 Augustinus,
780 4949 843 5016 p.
884 4935 979 4988 341
1013 4931 1071 4990 b.
1104 4932 1200 5003 (3).

350 5022 610 5092 Basilius
657 5011 926 5096 Magnus,
974 5037 1113 5098 pag.
1172 5023 1270 5078 104
1318 5020 1377 5092 b,
1435 5025 1534 5078 407
1571 5020 1632 5089 b,
1675 5023 1796 5089 £08,
1840 5023 1961 5085 122,

2024 5022 2134 5075 I90.
2179 5019 2271 5070 Ἐκ
2316 5025 2411 5080 τῆς
2455 5019 2582 5091 πρὸς
2622 5019 2907 5090 Γρηγόριον
2962 5018 3048 5067 τόν
3097 5011 3317 5088 ἀδελφόν
3361 5013 3662 5081 ἐπιστολῆς,

270 5129 422 5188 pag.
457 5117 516 5169 11
552 5113 614 5177 b,
645 5116 770 5168 240.
815 5111 903 5173 Εἰς
930 5114 1009 5182 τὸ,
1037 5133 1065 5159 ‹‹
1099 5110 1207 5164 Ἀεὶ
1239 5111 1264 5162 ὁ
1297 5108 1428 5173 Θεὸς
1476 5115 1676 5184 Πατὴρ,
1712 5125 1853 5182 pag.
1889 5111 1908 5164 1

2026 5107 2086 5164 b.
2130 5108 2219 5164 Ἐκ
2244 5114 2335 5167 τῆς
2373 5109 2499 5180 πρὸς
2542 5105 2903 5167 Σωζοπολίτας
2946 5102 3246 5166 ἐπιστολῆς.
3280 5118 3420 5178 pag.
3470 5106 3568 5158 178
3599 5102 3660 5160 b.

351 5347 434 5417 (1)
474 5349 681 5400 Χοιτών
721 5342 892 5417 apud
945 5344 1185 5417 Graecos
1211 5341 1392 5417 medii
1428 5340 1730 5417 etinﬁmi
1759 5340 1893 5417 aevi.
2058 5337 2400 5417 ﬁalu‘siana,
2447 5340 2512 5417 ut
2549 5335 2888 5417 _videre__est
2932 5333 2995 5390 in
3034 5332 3444 5406 Palaeograph.
3478 5335 3665 5390 Graec.

277 5408 393 5488 pro
417 5408 590 5485 ﬁsco,
626 5431 734 5470 seu
764 5408 974 5488 "domo
997 5414 1189 5488 aerarii
1228 5413 1552 5488 imperialis
1584 5411 1893 5488 accipitur.
2058 5409 2515 5488 Montisfalconii
2545 5408 2666 5488 loc.
2707 5408 2802 5463 cit.
2947 5475 2984 5488 υ

356 5489 443 5565 (2).
471 5475 602 5565 ρυρ
644 5485 922 5565 classies!
972 5485 1175 5565 φρενίε.
1197 5475 1567 5565 θιεὲηρὲειῑίᾷ
1595 5475 1896 5565 haliae?!"
2131 5481 2211 5565 (3).
2247 5482 2296 5562 ᾼ
2327 5478 2733 5565 munitm???
2760 5475 3186 5565 sum?!“
3233 5491 3434 5550 Pam
3464 5477 3520 5535 ε·
3554 5477 3669 5565 Αιη·

283 5557 344 5614 in
363 5548 644 5618 Biblioth.
664 5548 842 5628 Regis
859 5548 1263 5613 Christianiss.
1279 5561 1336 5612 et
1354 5548 1518 5644 aliud
1537 5555 1600 5611 in
1619 5553 1891 5610 Biblioth.
2057 5548 2280 5622 gu'stini
2309 5565 2496 5623 opera
2525 5551 2728 5606 Graeca
2755 5548 2920 5605 fuere
2943 5563 3136 5606 versa.
