4148 6376
497 309 603 367 287
1791 302 2064 362 CODICIS
2101 302 2381 362 MEDICEI
2415 302 2574 362 XXIV
3765 307 3874 364 288

497 431 587 488 Ἐκ
622 438 716 488 τοῦ
756 432 884 510 πρὸς
911 429 1161 505 Εὐνόμιον
1197 434 1409 504 πρώτου
1449 429 1630 504 λόγου,
1659 443 1805 504 pag.
1831 428 1955 488 231.
1993 428 2084 482 Ἐκ
2133 434 2226 482 τοῦ
2259 431 2396 484 κατά
2421 429 2628 506 Ἀρείου
2667 427 2844 503 λόγου,
2874 427 3025 488 ibid.
3057 428 3187 484 Ἀπό
3222 437 3324 484 τῶν
3363 430 3496 507 πρὸς
3523 428 3874 506 Ἀμφιλόχιον

490 524 579 576 :60
605 521 820 577 Ἰκονίου
860 523 1142 596 τριάκοντα
1169 519 1483 594 κεφαλαίων,
1515 535 1658 594 pag.
1691 521 1796 577 245
1841 518 1911 578 b.
1951 519 2041 574 Ἐκ
2069 526 2162 580 τῆς
2192 518 2263 582 εἰς
2305 522 2393 574 τόν
2434 523 2708 594 προφήτην
2736 518 2958 574 Ἠσαίαν
2997 517 3316 592 ἐξηγήσεως,
3345 535 3490 595 pag.
3519 524 3623 578 330
3667 519 3735 579 b.
3782 521 3874 579 Ἐκ

495 620 586 674 τῆς
615 612 801 685 εὐχῆς,
832 613 896 675 ἧς
933 613 964 672 ἠ
1000 609 1169 686 ἀρχὴ,
1194 607 1382 672 Οὐδεὶς
1413 610 1576 680 ἄξιος,
1601 630 1652 664 κ.
1685 610 1760 680 λ.,
1793 626 1934 685 pag.
1971 614 2100 667 332.
2137 607 2230 671 Εἰς
2255 609 2334 679 :6,
2362 629 2390 659 ιι
2425 607 2557 682 Ἐγώ
2596 608 2703 682 εἰμι
2733 610 2763 668 ἡ
2805 607 3056 683 ἄμπελος,
3093 629 3121 659 ››
3151 623 3292 683 pag.
3325 612 3449 667 344.
3481 632 3511 661 »

567 719 815 776 Cosmus
835 717 1252 792 lndopleustes
1281 716 1338 772 ἐκ
1363 725 1456 772 τοῦ
1479 717 1551 782 εἰς
1577 720 1663 772 τόν
1695 716 1944 792 ψαλτῆρα
1968 719 2216 792 προιμίου
2238 713 2582 789 ἐξηγουμένου
2605 715 2673 778 ὣς
2705 712 2754 768 ἐν
2777 710 2998 789 παρόδῳ
3025 717 3106 784 :6,
3127 739 3155 768 (ι
3179 717 3366 790 Ηγάπη
3377 735 3474 780 σας
3500 712 3866 786 δικαιοσύνην,

493 811 585 862 καὶ
616 806 878 882 ἐμίσησας
908 806 1146 882 ἀνομίαν,
1181 828 1209 858 ››
1241 811 1332 862 καὶ
1363 809 1431 862 τὰ
1459 807 1543 872 ἐξῆ
1557 829 1597 875 ς,
1625 822 1768 881 pag.
1801 811 1930 864 333.

564 913 815 987 Cyrinus
841 913 1300 982 Alexandrinus,
1330 929 1469 988 pag.
1508 917 1628 980 105,
1665 917 1766 970 106
1808 929 1866 983 a,
1902 916 2002 970 106
2030 912 2096 984 b,
2131 915 2202 970 10'

2228 917 2229 926 “
2273 925 2331 976 a,
2371 908 2471 966 107
2498 907 2560 977 b,
2599 912 2698 967 109
2733 908 2798 982 b,
2833 913 2930 968 147
2975 909 3040 980 b,
3079 914 3178 968 190
3215 909 3284 970 b.
3317 910 3409 965 Ἐκ
3445 917 3536 966 τοῦ
3583 910 3762 985 λόγου,
3802 912 3866 967 οὗ

492 1005 523 1062 ἡ
581 1001 865 1079 ἐπιγραφὴ,
928 1000 1221 1068 ’Λπόδειξις
1279 999 1375 1058 διὰ
1430 1011 1529 1057 τῶν
1585 1001 1820 1078 ἀρχῆθεν
1867 1006 2216 1077 γεγενημένων
2275 1001 2422 1053 θείων
2472 1007 2740 1075 χρησμῶν
2801 1007 2910 1061 τοῖς
2965 1001 3262 1064 θεσπεσίοις
3317 1002 3678 1078 πατριάρχαις
3741 1007 3863 1078 περὶ

489 1098 580 1152 τῆς
633 1089 891 1164 ἀμείψεως
939 1097 1030 1146 καὶ
1087 1093 1408 1166 μεταθέσεως
1459 1099 1560 1146 τῶν
1609 1087 1881 1145 Ἰουδαίων
1931 1095 2022 1144 καὶ
2067 1097 2170 1143 τῶν
2209 1087 2383 1160 ἐθνῶν,
2446 1102 2590 1161 pag.
2649 1091 2734 1145 18.
2797 1091 2935 1163 Πρὸς
2988 1092 3106 1152 τοὺς
3156 1089 3414 1163 λέγοντας,
3470 1091 3552 1144 6:1
3602 1091 3686 1152 Εἰς
3723 1098 3866 1167 τρεῖς

493 1181 640 1241 θεοὺς
685 1184 1014 1255 πιστεύομεν.
1072 1183 1130 1238 Ρ.
1188 1180 1326 1238 ead.
1374 1180 1436 1237 b.
1496 1182 1642 1236 Κατά
1705 1189 1804 1234 τῶν
1861 1179 2175 1252 εἰσαγόντων
2230 1181 2292 1232 :6
2351 1176 2561 1231 ἔλαττον
2617 1185 2690 1249 τῷ
2739 1180 2845 1249 Υὲῷ
2907 1176 2962 1232 ἐκ
3016 1185 3111 1232 τοῦ
3165 1183 3253 1232 τόν
3313 1181 3548 1254 Χριστόν
3591 1179 3756 1252 λέγειν
3811 1179 3862 1234 ἐν

488 1267 846 1342 Εύαγγελίοις,
899 1269 1010 1323 «'0
1064 1274 1245 1346 Πατήρ
1284 1289 1387 1344 μου
1429 1270 1625 1344 μείζων
1669 1272 1772 1343 μού
1819 1268 1982 1339 ἐστιν,
2027 1290 2056 1320 ››
2100 1283 2126 1341 ι

2225 1308 2240 1324 .
2275 1269 2396 1323 108.
2431 1270 2556 1340 Περὶ
2603 1273 2696 1328 τῆς
2741 1275 3010 1342 προκοπῆς
3056 1275 3150 1321 τοῦ
3188 1275 3444 1344 Χριστοῦ,
3477 1283 3620 1342 pag.
3663 1273 3758 1326 111
3795 1268 3860 1328 b.

487 1355 579 1410 Ἐκ
644 1365 744 1411 τῶν
787 1361 920 1412 κατά
964 1367 1065 1412 τῶν
1109 1361 1571 1432 Πνευματομάχων
1621 1358 1998 1434 ἀντιρῥητικῶν
2040 1355 2246 1429 λόγων,
2286 1371 2427 1430 pag.
2484 1357 2584 1414 123
2641 1355 2704 1428 b,
2762 1360 2886 1426 124,
2945 1358 3068 1427 125,
3125 1359 3247 1415 126.
3305 1357 3426 1412 Ὀτι
3479 1360 3506 1412 ό
3566 1363 3860 1432 Μονογενὴς

487 1449 604 1509 Υἱός
656 1454 747 1501 τοῦ
797 1455 929 1502 Θεοῦ
982 1447 1388 1524 ἐνανθρωπῆσας
1436 1448 1624 1522 ψυχὴν
1679 1451 1812 1523 μετά
1862 1454 2098 1522 σώματος
2160 1444 2417 1514 ἀνέλαϐεν,
2471 1467 2500 1497 ››
2553 1459 2694 1518 pag.
2752 1449 2846 1502 131
2905 1445 2966 1503 b.
3016 1449 3165 1500 Κατά
3218 1454 3578 1524 Νεστοριανῶν
3638 1447 3694 1502 ἐκ
3757 1457 3860 1502 τῶν

488 1535 720 1608 σχολίων
765 1545 866 1590 τῶν
905 1542 1025 1614 περὶ
1077 1538 1300 1600 ἐνώσεως
1351 1547 1452 1592 τῶν
1502 1535 1601 1593 δύο
1649 1541 1850 1612 φύσιων
1902 1545 1996 1591 τοῦ
2051 1543 2311 1612 Χριστοῦ,
2355 1549 2494 1608 pag.
2546 1536 2646 1592 133
2691 1533 2753 1592 b.
2811 1533 2898 1589 Ἐκ
2934 1543 3028 1598 τῆς
3077 1539 3209 1610 πρὸς
3264 1537 3506 1591 Ἀκοίκιον
3554 1537 3857 1608 ἐπιστολῆς,

483 1638 624 1696 pag.
685 1626 810 1696 134,
867 1630 968 1683 135
1013 1625 1074 1685 b.
1123 1625 1212 1682 Ἐκ
1254 1635 1347 1691 τῆς
1397 1627 1608 1702 ὁμιλίας
1655 1637 1746 1689 τῆς
1798 1631 1919 1704 περὶ
1967 1627 2072 1688 ἐνὸς
2121 1627 2268 1688 Υὶοῦ,
2317 1639 2458 1698 pag.
2510 1627 2614 1681 134
2666 1623 2731 1692 b,
2791 1629 2910 1682 135.
2965 1626 3055 1679 Ἐκ
3105 1632 3198 1680 τοῦ
3251 1631 3371 1702 περὶ
3421 1625 3859 1704 ἐνανθρωπήσεως

487 1712 666 1786 λόγου,
715 1730 777 1788 p.
828 1715 929 1772 135
982 1715 1044 1772 b.
1093 1715 1186 1772 Ἐκ
1231 1724 1323 1772 τοῦ
1379 1719 1516 1770 κατά
1560 1723 1746 1771 πεῦσιν
1789 1721 1880 1770 καὶ
1924 1714 2125 1791 ἀπόκρι

2253 1713 2433 1786 λόγου,
2482 1728 2626 1786 pag.
2679 1717 2800 1785 136,
2848 1718 2948 1771 137
2995 1713 3058 1782 b,
3112 1719 3214 1772 138
3255 1714 3318 1773 b.
3369 1716 3457 1771 Ἐκ
3503 1725 3599 1780 τῆς
3638 1722 3855 1791 πρώτης

482 1802 691 1873 ὁμιλίας
737 1812 854 1871 τῆς,
906 1803 1028 1858 Ὀτι
1079 1804 1138 1858 οῦ
1203 1810 1313 1880 χρὴ
1373 1806 1537 1878 λέγειν
1593 1807 1863 1881 ἄνθρωπον
1914 1807 2176 1880 θεοφόρον,
2227 1800 2355 1855 ἀλλά
2413 1803 2543 1855 Θεὸν
2596 1799 3086 1878 ἐνανθρωπῆσαντα,
3135 1819 3277 1878 pag.
3339 1807 3440 1862 140
3491 1805 3554 1862 b.
3613 1805 3700 1860 Ἐκ
3757 1815 3853 1870 τῆς

482 1894 616 1965 πρὸς
663 1896 946 1966 Νεστόριον
990 1891 1285 1964 ἐπιστολῆς,
1325 1909 1469 1967 pag.
1517 1897 1639 1952 141.
1689 1894 1778 1947 Ἐκ
1827 1902 1922 1957 τῆς
1975 1891 2179 1967 ὁμιλίας
2224 1899 2336 1962 τῆς,
2376 1889 2498 1944 Ὀτι
2546 1891 2613 1952 εἷς
2662 1893 2852 1967 Κύριος
2898 1891 3102 1954 Ἰησοῦς
3142 1897 3396 1969 Χριστός,
3441 1909 3587 1967 pag.
3638 1897 3734 1952 141
3783 1893 3846 1951 b.

483 1978 572 2032 Ἐκ
628 1987 720 2034 τοῦ
776 1984 905 2056 1:96;
961 1985 1057 2042 τὴν
1118 1981 1493 2042 εὐσεϐεστάτην
1547 1979 1812 2056 βασιλίδα
1872 1987 2331 2059 προσφωνητικοῦ,
2392 1993 2536 2052 pag.
2603 1982 2697 2036 141
2760 1979 2819 2036 b.
2877 1981 2965 2034 Ἐκ
3016 1987 3108 2034 τοῦ
3171 1980 3326 2054 λόγου
3391 1989 3484 2035 τοῦ
3537 1985 3671 2056 πρός
3725 1986 3849 2046 τοὺς

482 2067 887 2144 πρεσϐυτέρους,
943 2075 1033 2124 καὶ
1087 2067 1384 2139 διακόνους,
1434 2077 1526 2125 καὶ
1575 2075 1862 2146 μοναχοὺς,
1911 2086 2055 2144 pag.
2108 2073 2228 2136 142,
2280 2069 2406 2137 143,
2459 2071 2558 2124 146
2595 2067 2659 2125 b.
2715 2068 2805 2121 Ἐκ
2851 2076 2944 2123 τοῦ
2992 2069 3059 2131 εἰς
3109 2072 3204 2134 τὰς
3259 2067 3537 2133 δεσποίνας
3591 2091 3846 2146 προσφω-

479 2165 714 2229 νητικοῦ,
773 2174 920 2232 pag.
976 2163 1096 2218 143.
1153 2161 1241 2215 Ἐκ
1289 2181 1381 2215 του
1442 2163 1592 2216 ἕκτου
1642 2160 2094 2234 ἀναθεματισμου,
2149 2158 2298 2216 ibid.
2357 2159 2447 2211 Ἐκ
2485 2177 2577 2210 του
2624 2154 2851 2233 ἐϐδόμου
2906 2161 3355 2235 αναθεματισμου,
3401 2160 3548 2218 ibid.
3603 2161 3695 2214 Ἐκ
3748 2170 3846 2224 τῆς

477 2250 611 2321 πρός
667 2250 945 2302 Σούκενσον
1002 2249 1302 2319 ἐπιστολῆς,
1361 2265 1504 2324 pag.
1565 2255 1686 2306 179.
1747 2250 1834 2304 Ἐκ
1885 2270 1978 2304 του
2039 2252 2170 2323 πρὸς
2226 2244 2584 2324 Ἀλεξανδρεῖς
2644 2267 3078 2321 προσφωνητικου
3143 2249 3334 2323 λόγον,
3386 2249 3532 2308 ibid.
3597 2251 3687 2304 Ἐκ
3749 2260 3847 2314 τῆς

479 2335 746 2410 ἑρμηνείας
797 2346 892 2401 τῆς
919 2341 1052 2412 πρός
1093 2339 1364 2416 Ἐκραίους
1415 2337 1708 2408 ἐπιστολῆς,
1754 2339 1902 2396 ibid.
1953 2340 2042 2394 Ἐκ
2088 2347 2188 2392 τῶν
2225 2340 2362 2390 κατά
2401 2341 2714 2413 Νεστορίου,
2755 2353 2897 2411 pag.
2947 2341 3045 2395 188
3092 2338 3154 2395 b.
3202 2341 3291 2393 Ἐκ
3331 2359 3420 2393 του
3472 2342 3608 2393 κατά
3642 2342 3846 2414 Ἀρεια-

475 2434 574 2479 νῶν
620 2428 865 2503 τετάρτου
913 2427 1092 2500 λόγου,
1142 2443 1286 2502 pag.
1333 2432 1460 2498 204,
1507 2431 1598 2483 Ἐκ
1644 2449 1736 2483 του
1788 2434 1968 2505 τρίτου
2011 2427 2221 2502 βιϐλίου
2263 2435 2363 2481 τῶν
2408 2429 2546 2480 κατά
2591 2425 2874 2482 Ἰουλιανου
2913 2424 3214 2501 δογμάτων,
3246 2429 3394 2485 ibid.
3427 2431 3519 2484 Ἐκ
3547 2437 3642 2492 τῆς
3686 2430 3848 2503 ἑρμη-

476 2519 615 2578 νείας
646 2515 854 2588 βιϐλίου
882 2513 1098 2589 ὀγδόου,
1131 2533 1276 2590 pag.
1303 2517 1438 2574 ead.
1473 2517 1534 2575 b.
1567 2521 1704 2594 Πρὸς
1733 2519 1972 2591 Ἑρμείαν
2000 2524 2120 2593 περὶ
2147 2524 2240 2579 τῆς
2266 2516 2416 2588 ἁγίας
2445 2513 2676 2592 Τριάδος
2702 2519 2838 2570 κατά
2865 2536 3049 2570 πευσιν
3077 2523 3169 2572 καὶ
3211 2517 3512 2594 ἀπόκρισιν,
3542 2534 3684 2592 pag.
3715 2523 3847 2578 233.

477 2603 566 2658 Ἐκ
613 2613 710 2669 τῆς
743 2609 872 2681 πρός
902 2606 1211 2666 Ἐπίκτητον
1251 2605 1551 2674 ἐπιστολῆς,
1585 2622 1729 2680 pag.
1760 2610 1884 2664 234.
1920 2608 2006 2662 Ἐκ
2043 2627 2136 2661 :00
2188 2609 2317 2683 πρὸς
2356 2602 2646 2660 Θεοδόσιον
2696 2625 3152 2680 προσφωνητικου,
3184 2607 3332 2664 ibid.
3365 2608 3453 2669 Εἰς
3490 2611 3548 2661 τό
3586 2614 3844 2682 μυστικόν

481 2687 710 2764 δεῖπνον,
739 2709 883 2766 pag.
915 2697 1020 2752 332
1048 2693 1112 2751 b.
1144 2695 1234 2747 Ἐκ
1271 2703 1372 2748 τῶν
1405 2694 1477 2768 ιβ’
1504 2695 1790 2768 κεφαλαίων
1823 2703 1924 2748 τῶν
1960 2697 2098 2748 κατά

2202 2692 2500 2770 οδωρητου,
2532 2694 2683 2752 ibid.
2714 2695 2843 2750 Ἀπὸ
2872 2715 2964 2749 του
2994 2699 3124 2770 1:96;
3163 2693 3448 2770 βασιλίδας
3476 2697 3653 2770 λόγου,
3694 2699 3839 2756 ibid.

473 2785 531 2838 et
558 2797 698 2854 pag.
729 2786 833 2839 343
863 2781 924 2839 b.
955 2784 1084 2838 Ἀπὸ
1124 2791 1225 2836 τῶν
1250 2788 1368 2860 περὶ
1413 2785 1652 2847 ὑπακοῆς
1675 2804 1765 2837 του
1798 2792 2054 2858 Χριστόν,
2087 2799 2111 2858 ι

2198 2802 2229 2853 ς.
2271 2788 2374 2841 332
2403 2783 2464 2841 b.
2500 2787 2590 2840 Ἐκ
2626 2804 2718 2838 του
2750 2784 2816 2847 εἰς
2859 2788 2926 2839 τά
2955 2787 3086 2839 Βάῑα
3120 2785 3300 2859 λόγου,
3331 2801 3472 2859 pag.
3512 2789 3617 2844 340
3644 2787 3706 2844 b.
3748 2790 3836 2840 Ἐκ

478 2889 572 2925 του
598 2869 643 2924 α’
673 2870 885 2946 βιϐλίου
914 2881 1016 2926 τῶν
1061 2881 1381 2948 Θησαυρῶν,
1415 2871 1463 2926 ἐν
1493 2892 1584 2926 του
1617 2872 1683 2927 ια’
1713 2873 2012 2948 κεφαλαίου,
2045 2889 2187 2948 pag.
2217 2873 2344 2931 342.
2371 2875 2504 2928 Ἀπὸ
2532 2893 2626 2928 του
2672 2873 2712 2928 θ’
2751 2874 2910 2948 λόγου
2947 2884 3043 2940 τῆς
3073 2873 3122 2929 ἐν
3162 2878 3420 2949 πνεύματι
3461 2875 3704 2953 λατρείας
3739 2873 3837 2931 δύο

471 2974 615 3034 pag.
648 2961 783 3018 ead-
810 2961 873 3018 b.

543 3067 796 3140 Cyrinus
851 3068 1432 3144 Hierosolymitanus
1495 3067 1595 3124 ἀπὸ
1656 3090 1750 3125 του
1803 3069 1875 3135 εἰς
1923 3074 2017 3130 τὴν
2066 3070 2181 3126 ’Υπο

2195 3075 2391 3131 ιπαντῆν
2435 3070 2628 3145 λόγου,
2678 3071 2739 3126 οὗ
2791 3073 2822 3132 ἠ
2884 3071 3071 3150 ἀρχὴ,
3138 3080 3301 3151 Χαῖρε
3367 3070 3614 3150 σφόδρα,
3667 3093 3719 3131 κ.
3785 3073 3833 3131 1.

469 3170 614 3230 pag.
642 3161 745 3214 322
765 3157 827 3215 b.

542 3263 865 3334 Dionysius
903 3267 1264 3339 Areopagita
1309 3269 1364 3321 ἐκ
1392 3286 1486 3321 :00
1518 3263 1764 3343 δευτέρου
1794 3267 2074 3342 κεφαλαίου
2105 3286 2180 3321 :01

2220 3271 2340 3344 περὶ
2364 3269 2627 3342 ἡνωμένον
2667 3274 2754 3323 καὶ
2785 3265 2822 3324 δ
2825 3274 3206 3344 ιακεκριμένου,
3231 3285 3373 3341 pag.
3404 3275 3488 3328 11.
3523 3271 3612 3326 Ἐκ
3641 3292 3733 3326 του
3768 3276 3840 3346 ιγ’

469 3351 751 3426 κεφαλαίου
782 3373 873 3407 του
907 3359 1027 3428 περὶ
1067 3374 1160 3410 του
1191 3355 1384 3410 τελείου
1412 3361 1502 3410 καὶ
1526 3356 1655 3422 ἑνός,
1684 3372 1824 3433 pag.
1859 3357 1994 3414 ead.
2028 3356 2091 3414 b.
2124 3362 2250 3432 Περὶ
2292 3365 2449 3426 Θεοδ,
2479 3373 2623 3432 pag.
2655 3359 2740 3415 15.
2785 3361 2874 3413 Ἐκ
2913 3379 3006 3413 του
3036 3365 3244 3436 πρώτου
3274 3361 3553 3433 κεφαλαίου
3596 3369 3692 3424 τῆς
3720 3368 3846 3436 περὶ

471 3441 617 3494 θείων
639 3441 924 3517 ὀνομάτων,
951 3459 1091 3518 pag.
1127 3449 1196 3502 59
1222 3445 1292 3502 b.
1331 3445 1420 3500 Ἐκ
1443 3453 1541 3508 τῆς
1561 3449 1694 3521 πρὸς
1725 3449 1877 3500 Γάϊον
1905 3450 1992 3501 τόν
2021 3448 2339 3525 θεραπευτὴν
2365 3446 2662 3520 ἐπιστολῆς,
2685 3448 2831 3507 ibid.
2864 3451 2957 3503 Ἐκ
2987 3458 3085 3504 τῶν
3119 3449 3424 3524 θεολογικὼν
3455 3458 3846 3526 στοιχειώσεων

465 3547 559 3585 :00
585 3531 739 3605 ἁγίου
771 3533 1039 3610 Ἰεροθίου,
1062 3549 1206 3609 pag.
1234 3538 1318 3592 40.

533 3644 637 3692 T00
680 3639 837 3711 ἁγίου
871 3640 1095 3716 Ἐφραὶμ
1143 3641 1570 3716 ἀρχιεπισκόπου
1605 3641 1951 3716 Ἀντιοχείας,
1985 3641 2037 3708 ἐξ
2079 3644 2142 3708 ἧς
2190 3645 2476 3703 ἐποιήσατο
2516 3642 2804 3718 ἀπολογίας
2841 3646 2967 3722 ὑπὲρ
3010 3655 3107 3710 τῆς
3149 3645 3198 3700 ἐν
3238 3643 3490 3706 Χαλκηδό
3526 3667 3544 3701 ι
3587 3645 3843 3720 συνόδου,

464 3730 556 3780 καὶ
583 3745 675 3780 του
705 3731 869 3802 τόμον
897 3748 990 3783 :00
1023 3729 1174 3803 ἁγίου
1207 3733 1446 3799 Λέοντος,
1471 3745 1616 3804 pag.
1647 3733 1756 3789 207
1784 3731 1844 3788 b.

534 3835 870 3894 Eustratins
924 3837 1310 3911 metropolita
1363 3837 1637 3895 Nicmnus
1682 3837 1783 3892 ἀπό
1831 3858 1924 3894 του
1975 3839 2132 3914 λόγου

2203 3861 2277 3895 του
2325 3845 2457 3920 πρὸς
2499 3842 2818 3918 Γροσολάνον
2867 3843 3151 3898 ἐπίσκοπον
3197 3842 3522 3900 Μεδιολόνων
3573 3867 3693 3916 περι
3743 3856 3841 3911 τῆς

460 3942 553 3977 του
586 3923 740 3998 ἀγίου
771 3929 1072 4000 Πνεύματος
1120 3925 1494 4002 ἐκπορεύσεως,
1521 3943 1663 4002 pag.
1696 3932 1822 3985 266.
1856 3929 1944 3983 Ἐκ
1970 3934 2063 3984 τόυ
2107 3930 2268 3985 αὐτου
2310 3935 2442 4006 πρὸς
2486 3933 2641 3986 αὐτόν
2672 3932 2953 3988 ἐπίσκοπον
2996 3931 3329 3989 Μεδιολάνων
3367 3934 3609 4011 δευτέρου
3653 3937 3834 4010 λόγου,

458 4028 606 4086 pag.
649 4017 756 4072 268
803 4015 864 4072 b.
903 4017 996 4070 Ἐκ
1038 4035 1130 4070 του
1176 4015 1337 4070 αὐτου
1387 4017 1558 4090 ἐτέρου
1606 4017 1781 4090 λόγου,
1813 4034 1958 4092 pag.
1986 4023 2090 4077 273
2135 4019 2200 4079 b.
2239 4028 2337 4075 T00
2385 4022 2546 4076 αὐτου
2594 4022 2848 4096 κεφάλαια
2891 4022 3275 4098 ἐπιστημονικὰ
3325 4022 3398 4078 δι’
3446 4026 3513 4077 ὧν
3562 4023 3834 4080 δείκνυται

461 4098 720 4156 ἀδύνατον
759 4102 890 4157 εἶναι
931 4103 986 4158 ἐκ
1025 4124 1117 4158 :00
1151 4108 1357 4180 Πατρός
1395 4110 1484 4159 καὶ
1514 4125 1605 4160 του
1654 4110 1777 4162 Υἱου
1816 4111 1874 4162 τό
1920 4115 2131 4182 Πνευμα
2155 4112 2213 4163 :6
2242 4111 2391 4183 ἅγιον
2439 4109 2830 4188 ἐκπορεύεσθαι,
2858 4128 3001 4187 pag.
3032 4119 3156 4171 275.
3201 4115 3288 4169 Ἐκ
3314 4134 3405 4168 του
3435 4112 3680 4191 δευτέρου
3710 4123 3831 4192 περὶ

459 4199 561 4245 τῶν
589 4191 830 4265 ’Δζύμων
856 4191 1036 4266 λόγου,
1064 4209 1204 4267 pag.
1231 4197 1334 4252 333
1363 4193 1426 4253 b.

532 4297 800 4372 Εύθυμίοῦ
828 4308 1067 4374 μοναχοῦ
1105 4299 1400 4374 Ζιγαϐηνοῦ
1443 4305 1580 4356 κατά
1626 4311 1726 4356 τῶν
1755 4311 1852 4366 τῆς
1887 4303 2112 4366 παλαιᾶς
2138 4302 2361 4378 Ῥώμης,
2387 4307 2504 4364 ῆτοι
2553 4305 2781 4377 Ἰταλῶν,
2810 4307 3066 4380 κεφάλαια
3111 4308 3183 4384 ιβ’
3209 4307 3492 4380 δηλοῦντα,
3522 4313 3588 4375 ὡς
3630 4313 3725 4367 οῦκ
3767 4311 3824 4367 ἐκ

458 4394 553 4443 τοῦ
591 4389 716 4441 Υἱου
746 4387 1079 4464 ἐκπορεύεται
1116 4393 1175 4443 :6
1215 4396 1425 4464 Πνευμα
1453 4395 1512 4444 τό
1543 4392 1712 4463 οῖγιον,
1739 4407 1880 4466 pag.
1903 4396 2030 4450 206.

531 4495 853 4566 Gregorius
881 4495 1285 4554 Nazianzenus
1328 4495 1384 4552 ἐκ
1412 4517 1505 4553 του
1535 4503 1651 4573 περὶ
1699 4501 1821 4552 Υἱου
1850 4505 2058 4574 πρώτου
2087 4499 2169 4574 λόγ

2184 4520 2264 4566 ου,
2302 4517 2443 4576 pag.
2479 4503 2564 4570 12,
2603 4503 2725 4574 105,
2764 4508 2864 4563 108
2901 4505 2965 4574 b,
2996 4510 3118 4577 109,
3150 4508 3275 4566 342.
3307 4507 3395 4563 Ἐκ
3428 4517 3520 4564 τοῦ
3552 4515 3672 4588 περὶ
3699 4513 3822 4567 Υἱοῦ

461 4579 706 4658 δευτερου
736 4584 918 4658 λόγου,
947 4600 1090 4659 pag.
1121 4587 1191 4644 40
1215 4586 1280 4658 b,
1309 4588 1409 4644 106
1447 4587 1510 4656 b,
1544 4592 1640 4645 109
1679 4587 1743 4659 b,
1774 4593 1895 4653 110,
1927 4590 2030 4647 178
2060 4589 2099 4647 b

2191 4594 2278 4662 90,
2307 4591 2434 4648 340.
2465 4592 2554 4646 Ἐκ
2582 4612 2672 4646 του
2696 4592 2854 4666 λόγου
2883 4615 2976 4648 του
3005 4600 3124 4671 περὶ
3151 4593 3414 4670 δόγματος
3441 4604 3531 4652 καὶ
3559 4579 3825 4654 καταστά-

462 4691 591 4736 σεως
635 4671 952 4747 ἐπισκόπων,
997 4692 1140 4749 pag.
1183 4678 1273 4733 12.
1319 4677 1407 4730 Ἐκ
1451 4697 1543 4731 του
1579 4677 1736 4750 λόγου
1781 4697 1872 4732 του
1911 4682 2036 4754 πρὸς
2083 4682 2400 4753 Ἀρειανοῦς,
2439 4686 2529 4734 καὶ
2565 4682 2632 4744 εἰς
2667 4681 2868 4755 ἐαυτὸν,
2919 4700 3060 4757 pag.
3114 4687 3179 4744 12
3221 4686 3284 4743 b.
3327 4689 3420 4742 Ἐκ
3464 4709 3557 4743 του
3595 4689 3826 4764 μεγάλου

458 4761 864 4852 ἀπολογητικοῦ,
903 4780 1046 4852 pag.
1083 4770 1172 4824 16.
1201 4767 1291 4822 Ἐκ
1329 4787 1421 4820 του
1459 4767 1618 4840 λόγου
1643 4787 1735 4821 του
1775 4767 1847 4830 εἰς
1888 4772 1955 4822 τά
1981 4769 2237 4841 γενέθλια,
2266 4786 2408 4844 pag.
2444 4774 2535 4827 40.
2565 4771 2657 4826 Ἐκ
2698 4791 2787 4826 του
2823 4773 2892 4836 εἰς
2937 4776 3004 4826 τὰ
3033 4781 3184 4829 Φώτα
3210 4776 3385 4849 λόγου,
3419 4793 3558 4852 pag.
3759 4781 3826 4838 b.

453 4850 545 4906 Ἐκ
592 4871 684 4906 του
717 4857 850 4929 1:96;
889 4851 1176 4914 Κληδόνιον
1215 4853 1462 4930 δευτέρου
1507 4857 1686 4929 λόγου,
1719 4856 1867 4914 ibid.
1895 4857 1985 4912 Ἐκ
2014 4879 2105 4912 του
2137 4858 2209 4923 εἰς
2239 4863 2297 4913 τό
2338 4861 2540 4932 Πάσχα
2579 4857 2823 4935 δευτέρου
2860 4861 3038 4935 λόγου,
3078 4863 3225 4924 ibid.
3268 4865 3357 4921 Ἐκ
3393 4850 3484 4922 του
3533 4867 3683 4942 λογον
3730 4889 3826 4923 του

455 4961 836 5018 προτρεπτικόν
875 4944 948 5008 εἰς
975 4947 1034 4999 :6
1075 4944 1381 5020 βάπτισμα,
1409 4945 1556 5003 ibid.
1593 4946 1681 5001 Ἐκ
1705 4967 1798 5001 του
1826 4946 1984 5020 λόγοῦ
2018 4968 2110 5002 του
2141 4947 2215 5012 εἰς
2237 4953 2332 5008 τῆν
2376 4957 2476 5003 τῶν
2503 4949 2576 5025 ρν⁸
2607 4948 2902 5005 ἐπισκόπων
2927 4959 3242 5029 παρουσίαν,
3275 4972 3416 5030 pag.
3449 4960 3571 5016 107.
3610 4961 3703 5014 Ἐκ
3731 4979 3827 5014 του

453 5030 612 5122 λόγου
649 5052 741 5088 του
770 5038 890 5108 περὶ
917 5032 1290 5122 ἀκαταλῆπτου
1317 5041 1604 5108 γεννήσεως
1631 5055 1723 5090 του
1752 5038 1879 5091 Υἱου
1908 5043 1999 5091 και
2029 5046 2184 5108 Θεοῦ,
2215 5054 2358 5112 pag.
2391 5040 2520 5097 108.
2559 5045 2682 5117 Περὶ
2712 5059 2804 5094 του
2844 5040 2998 5115 ἀγίου
3024 5047 3338 5120 Πνεῦματος,
3368 5062 3509 5122 pag.
3546 5053 3666 5118 121,
3703 5053 3826 5121 122,

453 5121 576 5179 123.
608 5123 695 5177 Ἐκ
731 5143 822 5178 του
847 5127 977 5199 1:96;
1004 5119 1294 5182 Κληδόνων
1323 5128 1533 5199 πρώτου
1564 5129 1743 5198 λόγου,
1770 5140 1913 5200 pag.
1941 5127 2045 5184 127
2074 5128 2136 5185 b.
2165 5132 2288 5188 128.

525 5229 844 5320 ϐτοεοιιίιιε
869 5233 1209 5320 _Nyssenus,
1248 5246 1393 5305 pag.
1438 5235 1540 5320 105
1581 5231 1644 5289 b.
1688 5237 1815 5309 Περὶ
1852 5243 1950 5320 τῆς
1982 5236 2122 5299 θείας

2186 5234 2608 5311 ἑνανθρωπῆσεως
2653 5237 2710 5293 ἐκ
2739 5258 2831 5294 του
2869 5259 3239 5314 κατηχητικου
3281 5243 3461 5317 λόγου,
3494 5260 3636 5320 pag.
3667 5249 3736 5305 40
3760 5246 3824 5305 b.

451 5317 578 5373 246.
620 5315 732 5412 Ἐκ-
749 5336 841 5412 :00
869 5317 1028 5412 λόγου
1057 5337 1153 5412 :00
1191 5322 1325 5395 1:96;
1353 5319 1603 5412 Θεόφιλον
1633 5318 2058 5412 βΑλεξανδρείας,
2080 5339 2225 5400 pag.
2269 5328 2393 5386 129.
2421 5329 2513 5383 Ἐκ
2549 5347 2642 5384 του
2668 5333 2800 5407 πρός
2827 5331 3220 5406 Ἀπολλινάριον
3249 5315 3616 5412 ὼτιρῥητικου
3643 5335 3826 5411 λόγου,

449 5420 592 5478 pag.
621 5405 770 5502 ead.
797 5406 862 5466 b.
905 5409 1028 5479 130,
1065 5409 1184 5482 131,
1232 5413 1352 5467 179.
1392 5408 1480 5466 Ἐκ
1509 5430 1602 5466 :00
1632 5411 1790 5485 λόγου
1834 5431 1930 5467 του
1969 5419 2088 5490 περὶ
2119 5415 2364 5482 θεότητος
2400 5417 2526 5473 Υίου
2557 5423 2649 5474 καὶ
2678 5405 2833 5493 ἁγίου
2873 5405 3192 5496 Πνεύματος,
3222 5428 3314 5478 καὶ
3345 5405 3416 5488 εἰς
3447 5428 3532 5480 τόν
3563 5405 3824 5502 ’Δϐραάμ,

447 5509 590 5569 pag.
623 5498 719 5552 341
752 5494 816 5554 b.

521 5605 709 5668 Πίστις
761 5602 1192 5682 ἀποκαλυφθείοα
1243 5615 1318 5684 τῷ
1375 5608 1511 5685 ἁγίῳ
1559 5614 1833 5688 Γρηγορίῳ
1883 5619 1958 5686 τῷ
2013 5619 2446 5689 Θαυματουργῷ,
2502 5616 2568 5679 ὡς
2624 5614 2674 5672 ἐν
2735 5612 2981 5692 διδαχῆς
3035 5627 3133 5685 τῆς
3182 5620 3464 5698 ῦπεραγίας
3516 5627 3780 5680 Θεοτόκου
3803 5665 3824 5685 .
