4148 6382
497 313 599 387 291'
689 341 691 344 ‘
1563 327 1835 394 CODlCIS
1866 337 2150 395 MEDICEI
2178 323 2335 396 XXIV
2367 339 2729 400 RECENSIO.
3701 349 3806 416 292‘

571 454 806 529 Πρόκλου
826 460 1074 529 χρήσεις,
1105 471 1249 528 pag.
1271 461 1374 514 235
1397 458 1457 514 b.

568 544 940 616 Sophronius
971 546 1317 616 patriarcha
1339 547 1917 620 Hierosolymitanus
1945 549 2002 602 ἐκ
2029 559 2125 614 τῆς
2152 571 2206 603 σι.

1660 549 1917 605 mitanus
1945 549 2002 602 ἐκ
2029 559 2125 614 τῆς
2152 549 2440 616 συνοδικῆς
2470 554 2766 629 ἐπιστολῆς,
2801 575 2861 631 p.
2886 565 2991 619 206
3015 562 3078 634 ὲ),
3104 568 3206 623 343
3235 567 3298 623 b.

567 631 920 705 Συλλογισμός
944 641 1037 685 τοῦ
1073 634 1298 706 μεγάλου
1335 631 1693 712 δρουγγαρίου
1727 643 1909 711 κυρίου
1941 643 2216 712 Στεφάνου,
2248 658 2395 714 pag.
2436 648 2538 702 333
2568 645 2629 701 b.

566 721 654 773 Ἐκ
683 741 775 774 του
811 718 1092 774 συνοδικοῦ
1123 730 1214 774 τού
1246 727 1735 799 άναγινωσκομὲνου
1769 726 1816 778 ἐν
1847 735 1909 799 τῇ
1941 729 2139 800 μεγάλη
2173 731 2482 801 Ἐκκλησία,
2507 750 2650 805 pag.
2684 739 2807 792 334.

561 807 799 869 Ἕκθεσις
824 815 1133 882 Σωτηρίχου
1154 818 1246 862 τοῦ
1275 814 1778 884 παντευγενεστάτου
1808 823 2142 888 παριστῶσα,
2175 817 2312 878 ὅπως
2339 816 2535 892 ἐφρόνει
2563 825 2682 894 περί
2712 830 2802 873 τού
2825 820 3154 896 δόγματος,ὃ
3179 851 3329 903 φησι,
3361 837 3427 886 Σύ
3459 830 3506 886 εἷ
3527 836 3552 886 ό
3582 840 3806 907 προσφέ-

491 917 613 968 ρων,
642 902 732 949 καὶ
760 903 1186 972 προσφερόμενος,
1224 915 1364 971 pag.
1397 904 1499 957 327
1522 901 1582 958 b.
1615 905 1685 955 Τό
1716 901 1802 954 ἐπὶ
1831 910 1903 972 τῷ
1935 901 2209 976 ἀναφυέντι
2236 901 2465 978 δόγματι
2495 911 2630 960 κατὰ
2656 918 2746 962 τοῦ
2772 901 3275 987 παντευγενεστάτου
3310 928 3619 998 Σωτηρίχου
3649 943 3808 997 γεγο-

491 989 578 1046 νός
602 991 899 1058 σημείωμα,
927 1001 1068 1059 pag.
1100 991 1204 1044 334-
1232 989 1291 1044 b.

562 1075 967 1131 Theodoretus
997 1077 1084 1129 Ἐκ
1114 1084 1205 1128 τοῦ
1235 1074 1317 1130 κδ’
1347 1076 1625 1150 κεφαλαίου
1655 1086 1755 1129 τῶν
1786 1078 1852 1139 εἰς
1872 1083 1938 1131 τὰ
1976 1078 2248 1155 ἀπόρρητα
2275 1091 2368 1146 τῆς
2405 1082 2618 1148 Ἐξόδου
2659 1088 2960 1163 ἑρμηνειών,
2994 1095 3055 1146 οὗ
3083 1097 3114 1154 ἡ
3149 1095 3316 1170 ἀρχὴ,
3358 1105 3508 1154 Διατί
3528 1104 3807 1174 φεύγουσιν

492 1162 784 1217 ἐπιτελέσαι
808 1165 1094 1239 προσέταξε
1123 1174 1214 1217 τοῦ
1243 1169 1443 1238 Πάσχα
1471 1171 1566 1225 τὴν
1593 1167 1796 1240 ἑορτὴν.
1829 1182 1968 1238 pag.
1994 1173 2098 1224 330
2128 1169 2194 1225 b.

562 1252 652 1304 Ἐκ
695 1260 785 1304 τοῦ
825 1258 943 1327 περὶ
990 1261 1090 1305 τῶν
1130 1254 1371 1327 ’Λζύμων
1414 1259 1505 1306 καὶ
1534 1275 1626 1307 του
1672 1257 1970 1327 Πνεύματος
2005 1255 2158 1328 λόγου
2189 1278 2302 1314 του.
2385 1302 2398 1316 .
2479 1302 2494 1317 .
2573 1304 2587 1318 .
2669 1309 2680 1320 .
2761 1290 2944 1346 ,κυρου
2975 1270 3253 1352 Θεοδώρου
3293 1285 3605 1354 Σμυρναίου,
3663 1296 3804 1354 pag.

489 1344 594 1398 293
618 1341 680 1398 b.

560 1430 904 1488 Theodorus
934 1431 1187 1488 Studita.
1232 1432 1375 1489 Vide
1411 1448 1599 1502 supra
1626 1433 1687 1487 in
1716 1447 1855 1488 voce
1879 1431 2146 1489 Photius.

559 1519 1041 1593 Theophylactus
1075 1519 1570 1618 archiepiscopus
1600 1519 1892 1589 Bulgariae
1925 1518 1980 1572 ἐκ
2007 1529 2197 1620 τῶν-πε

2165 1528 2267 1596 τερὶ
2291 1543 2381 1576 του
2416 1531 2734 1602 Πνεύματος,
2761 1551 2901 1607 pag.
2947 1541 3072 1596 275.
3107 1541 3196 1595 Ἐκ
3224 1551 3318 1606 τῆς
3361 1565 3453 1598 του
3482 1553 3803 1620 Τετραευαγ-

485 1609 636 1680 γέλου
663 1609 948 1682 ἑρμηνείας,
971 1624 1117 1681 pag.
1159 1613 1261 1665 332
1291 1607 1357 1665 b.
1402 1602 1486 1670 Εἰς
1513 1611 1570 1660 τὸ
1600 1609 1758 1683 ῥητόν
1781 1617 1876 1670 τῆς
1896 1614 2020 1684 πρὸς
2045 1611 2356 1674 Κολοσσαεῖς
2379 1615 2690 1685 Ἐπιστολῆς
2710 1602 2802 1676 τόν
2832 1602 3060 1698 μεγάλου
3093 1630 3300 1683 Παύλου
3330 1637 3390 1686 τὸ
3421 1602 3639 1707 φάσκόν,
3667 1602 3804 1688 «καὶ

489 1695 522 1750 δ
529 1698 561 1750 ι’
593 1698 752 1750 αὐτου
784 1697 1209 1761 ἀποκαταλλάξαι
1234 1699 1300 1750 τὰ
1328 1699 1500 1749 πάντα
1538 1697 1608 1759 εἰς
1635 1697 1811 1762 αὑτὸν,
1841 1719 1868 1747 ››
1896 1713 2036 1770 pag.
2066 1702 2190 1755 333.

558 1790 641 1843 Ex
666 1787 918 1859 synodis
953 1785 1303 1856 afferuntur,
1320 1785 1518 1858 prima
1542 1783 1840 1856 generalis
1871 1801 2009 1857 pag.
2044 1790 2142 1841 178
2172 1786 2234 1843 b.
2252 1787 2536 1861 Synodus
2562 1813 2621 1852 iv
2644 1801 3150 1864 Chalcedonensis
3171 1825 3312 1882 pag.
3331 1816 3430 1869 152
3451 1811 3518 1882 b,
3539 1816 3595 1868 et
3620 1828 3802 1885 syno-

485 1875 602 1930 dus
633 1880 801 1931 sexta
828 1890 968 1946 pag.
1007 1876 1126 1930 193.

559 1966 648 2019 ΠΙ.
684 1963 748 2018 In
779 1963 990 2019 ultima
1015 1961 1262 2019 tandem
1283 1961 1509 2035 pagina
1532 1959 2050 2062 iambiciﬁquidam
2073 1980 2282 2062 versus
2310 1965 2614 2062 leguntur,
2642 1981 2867 2050 quibus
2894 1984 3081 2042 instar
3103 1986 3248 2042 tituli
3270 1989 3399 2044 haec
3428 1989 3798 2062 praecedunt.

481 2060 585 2105 Του
641 2052 1029 2106 Θεσσαλονικου
1077 2054 1515 2125 Μεσοποταμίτου
1567 2055 1702 2111 τινός
1761 2047 2051 2113 διελθόντος
2095 2057 2187 2111 τὴν
2236 2053 2419 2128 βίϐλον
2473 2059 2681 2137 ἑτοίμου
2737 2079 2998 2149 στιχηρὸν
3046 2083 3406 2151 προσφώνημα
3462 2082 3528 2140 ὡς
3576 2076 3626 2130 ἐν
3670 2077 3800 2132 εῖδει

482 2141 894 2216 ἐπιγράμματος.
979 2184 993 2197 .
1085 2185 1100 2198 .
1193 2184 1206 2196 .
1300 2186 1313 2198 .
1407 2185 1420 2198 .
1514 2183 1527 2196 -
1613 2141 1712 2210 (4).
1751 2147 1854 2192 Του
1887 2140 2327 2212 φιλοπονήσαντος
2373 2153 2466 2207 τὴν
2505 2157 2771 2216 συνθήκην
2818 2169 2908 2222 τῆς
2965 2162 3152 2235 βίϐλου
3190 2170 3548 2239 προκειμένης,
3605 2163 3800 2226 διπλῆν

480 2236 865 2304 πραγματείαν,
913 2236 1007 2289 τήν
1050 2249 1105 2282 τε
1147 2231 1544 2303 προταχθείσαν
1596 2227 2038 2288 ἐκκλησιαστικὴν
2094 2233 2348 2305 ἱστορίαν,
2395 2244 2484 2292 καὶ
2536 2247 2630 2301 τὴν
2684 2253 2808 2320 πρὸς
2857 2255 2916 2302 τό
2975 2252 3131 2315 τέλος.
3213 2296 3225 2310 .
3307 2297 3320 2310 .
3401 2298 3415 2310 .
3497 2297 3513 2314 ,
3595 2297 3607 2310 .
3689 2299 3704 2313 .
3783 2297 3798 2312 .

491 2362 504 2375 .
593 2361 605 2374 .
687 2363 702 2378 .
781 2363 794 2374 .
875 2319 1305 2376 .Thessalonici
1332 2318 1803 2388 Mesopotamitce
1832 2319 2148 2388 cujusdam
2176 2321 2240 2376 in
2267 2323 2509 2413 tibi-um,
2533 2318 3469 2413 quem—legeranextemporanea
3490 2359 3565 2400 ex
3590 2345 3801 2400 iambis

478 2410 840 2466 acclamatio
870 2411 1065 2464 instar
1089 2409 1559 2478 epigrammatis.
1640 2448 1654 2462 .
1735 2449 1747 2462 .
1829 2447 1842 2460 .
1920 2409 1982 2462 in
2003 2424 2122 2505 qaa
2140 2412 2375 2505 staauit
2406 2417 2657 2488 hujusce
2683 2423 2826 2480 libri
2853 2409 3356 2500 cmnpositioizem,
3384 2433 3804 2505 duplicemque

481 2499 858 2554 tractationis
885 2513 1128 2566 scopum
1155 2497 2197 2566 exprimere,videticetpraepositam
2220 2498 2530 2563 historiam
2547 2513 3102 2589 ecclesiasticam,et
3131 2538 3261 2592 qua:
3282 2524 3343 2578 in
3371 2523 3512 2592 ﬁne.
3593 2565 3609 2582 .
3688 2565 3705 2581 .
3783 2563 3800 2578 .

551 2586 799 2643 lambici
821 2602 961 2641 vero
982 2602 1190 2641 versus
1209 2586 1293 2640 ita
1313 2585 1540 2641 habent
1562 2603 1575 2640 :

477 2677 824 2748 Εύαγγελικὸς
852 2675 998 2735 ἄλλος
1036 2670 1384 2732 οἰκοδεσπότη
1397 2695 1418 2736 ς

2190 2669 2588 2751 Evangelicus
2617 2688 2766 2746 alter
2795 2695 3227 2765 paterfamilias

477 2765 982 2840 Θησαυροφυλάκιον
1009 2763 1231 2835 ἠνοίχθη
1268 2766 1457 2834 στόμα·

2190 2767 2266 2820 Os
2292 2769 2607 2844 adaperuit
2635 2763 2986 2840 thesaurum
3013 2787 3331 2846 continens
3360 2807 3373 2858 ;

487 2856 744 2927 Εξάγεται
776 2851 953 2922 δεικαὶ
982 2853 1182 2906 παλαια
1208 2858 1300 2905 καὶ
1327 2856 1435 2921 νέα,

2186 2856 2570 2920 Proferuntur
2590 2873 2791 2925 autem
2819 2887 2981 2929 nova
3009 2880 3065 2931 et
3091 2882 3315 2947 vetera,

473 2945 740 3017 Ἀρχαῐκὰ
766 2940 1012 3016 δόγματα
1034 2946 1124 2994 καὶ
1148 2946 1318 2993 καινοὶ
1341 2940 1507 3012 λόγοι.

2185 2945 2447 3020 Antiqua
2467 2951 2774 3028 dogmata,
2807 2965 2865 3016 et
2893 2979 3051 3020 nova
3079 2940 3345 3023 oracula.

471 3033 530 3086 Ἡ
555 3031 802 3106 βιϐλιακὴ
838 3033 1080 3093 σύνθετος
1102 3027 1321 3104 διαρτία

2189 3037 2322 3125 liceo
2348 3035 2482 3094 libri
2507 3040 2656 3099 bone
2682 3027 2914 3116 digesta
2934 3054 3293 3125 compositio

471 3122 821 3196 Ἃνθρωπικόν
853 3123 1120 3193 σύγκριμα
1149 3122 1330 3192 μικτὸν
1358 3115 1601 3183 δεικνύει,

2189 3123 2526 3184 Humanam
2558 3143 2946 3205 repraeseth
2975 3115 3228 3197 miitam
3259 3142 3575 3213 fabricam,

475 3217 634 3284 Ψυχὴ
670 3208 928 3264 δοκεῖκαὶ
955 3218 1127 3282 σῶμα,
1149 3217 1338 3280 γνῶσις
1367 3213 1456 3261 καὶ
1485 3209 1681 3280 φθίσις,

2187 3212 2405 3305 Anima
2434 3216 2668 3276 videtur
2704 3230 2762 3279 et
2792 3241 3034 3300 corpus,
3065 3231 3350 3300 cognitio,
3379 3237 3436 3288 et
3467 3208 3788 3305 corruptio,

478 3299 583 3354 Κᾶν
615 3300 830 3373 ούρανός
862 3302 987 3372 πρὸς
1008 3297 1160 3369 ὕψος,
1183 3295 1242 3348 ἆν
1272 3294 1330 3350 δὲ
1354 3307 1418 3370 γῆ
1448 3299 1610 3366 κάτω,

2187 3303 2269 3355 Ac
2293 3302 2341 3356 si
2372 3305 2591 3362 caelum
2621 3327 2888 3380 sursum,
2926 3321 3079 3374 terra
3107 3333 3245 3376 vero
3274 3319 3575 3394 deorsum,

477 3394 689 3462 Κόσμου
714 3393 931 3462 μίμημα
957 3384 1132 3448 δελτος
1164 3391 1192 3444 ἡ
1217 3391 1550 3459 προκειμένη,

2187 3389 2341 3446 Vera
2372 3395 2585 3451 mundi
2609 3398 2814 3470 imago
2843 3409 2931 3460 est
2959 3421 3226 3478 praesens
3249 3407 3506 3478 libellus,

471 3481 550 3531 Τὰ
576 3480 686 3531 θεῖα
708 3486 928 3550 πρῶτον,
965 3475 1181 3548 ὕστερον
1211 3477 1276 3527 τὰ
1295 3479 1548 3549 πρακτέα.

2188 3479 2252 3532 In
2283 3494 2406 3551 quo
2437 3482 2642 3542 divina
2669 3475 3045 3563 primum,—et
3069 3495 3289 3554 deinde
3317 3475 3613 3556 humana.

475 3573 577 3621 Καὶ
605 3570 847 3640 μετρικόν
876 3568 966 3639 μὲν
991 3567 1213 3640 γράμμα
1239 3569 1335 3622 τὴν
1359 3560 1564 3618 Ἰλιάδα

2186 3571 2269 3622 Ac
2290 3570 2604 3629 metricum
2625 3578 2874 3648 quidem
2896 3560 3045 3639 illud
3071 3600 3224 3658 opus
3255 3585 3474 3644 Iliados

473 3653 956 3729 Σμαραγδογλυφης
985 3652 1314 3726 ἐνθαλαμεύει
1345 3651 1491 3743 θίϐη·

2187 3659 2480 3717 Recubuit
2502 3661 2562 3717 in
2590 3666 2794 3724 arcula
2824 3651 3254 3743 smaragdina:

473 3742 819 3818 Ἀλεξάνδρου
849 3749 940 3796 καὶ
967 3761 1121 3796 τουτο
1149 3750 1241 3803 τῆς
1271 3740 1550 3814 εὐψυχίας,

2189 3747 2359 3837 Quod
2385 3749 2706 3810 Alexandri
2734 3759 2994 3816 ostendit
3021 3740 3210 3818 animi
3248 3765 3683 3837 praestantiam,

475 3833 1047 3906 Βασιλικῆςγνώρισμα
1078 3826 1415 3906 φιλοδωρίας,
1467 3916 1485 3923 Δ

2187 3836 2253 3890 Et
2273 3838 2450 3908 regiae
2481 3839 2589 3897 fuit
2615 3845 3037 3904 muniﬁcentia
3067 3826 3376 3923 indiciam,

472 3926 838 4000 Ἀνακτορικῆς
869 3917 1062 3995 δεῖγμα
1089 3920 1325 3995 λαμπρᾶς
1350 3916 1596 3994 καρδίας,

2187 3925 2421 3995 Regalis
2450 3934 2507 3984 et
2532 3947 2670 3988 vere
2700 3935 3000 4007 splendidi
3028 3940 3224 3996 cordis
3244 3916 3681 4011 testimonium,

468 4014 660 4088 Χλωρὰ
688 4013 850 4078 λίθος,
885 4010 1174 4084 βλάστημα
1197 4009 1462 4082 λειμώκως
1479 4009 1658 4083 λόγου,

2185 4011 2399 4070 Vivens
2418 4016 2594 4090 lapis,
2623 4036 2869 4092 germen
2899 4027 3076 4098 prati,
3109 4033 3175 4085 ut
3201 4035 3294 4086 est
3317 4046 3537 4098 sermo,

469 4109 633 4176 Σαφὴς
661 4099 890 4175 διόπτρα
914 4119 1005 4151 του
1036 4102 1166 4173 πρός
1194 4097 1428 4173 ’Όμηρον
1450 4101 1636 4155 πόθου.

2188 4099 2409 4160 Lucida
2434 4106 2670 4180 dioptra
2692 4110 2752 4165 in
2786 4097 3107 4172 Homerum
3134 4116 3403 4176 aﬁ‘ectus.

467 4192 591 4250 ’Υλη
624 4187 682 4243 δέ
711 4210 792 4251 τις
822 4187 1093 4261 καλύπτρα
1120 4190 1316 4250 ταύτης
1344 4185 1623 4250 πυκτίδοςο

2189 4191 2303 4246 Sed
2323 4195 2608 4266 quaedam
2628 4198 2983 4260 abscondita
3002 4207 3281 4263 materies
3305 4215 3397 4266 est
3417 4207 3601 4282 hujus
3630 4210 3789 4281 libri;

468 4284 570 4341 Τὰς
598 4275 897 4354 καρδιακὰς
919 4279 1129 4348 πτύχας
1151 4275 1488 4346 ἐξανοικτέον,

2190 4284 2514 4357 Cordisque
2534 4293 2676 4344 sunt
2702 4290 3048 4350 evolvenda:
3076 4297 3335 4368 paginae,

473 4373 576 4424 Καὶ
605 4373 691 4426 τὴν
719 4365 912 4440 μεταξύ
943 4371 1124 4441 χώραν
1152 4365 1505 4438 ύφαπλωτέον.

2183 4375 2486 4446 Totusque
2506 4377 2740 4433 medius
2768 4365 3370 4451 explicandus-locus.

474 4459 663 4518 Κλίνην
693 4457 1062 4528 Σολομὼντειον
1092 4455 1291 4527 εύτυχη
1303 4459 1465 4508 σάς-ω’

2185 4463 2338 4518 Bene
2369 4463 2423 4519 ei
2450 4463 2638 4521 lectus
2673 4467 3015 4526 Salomonis
3044 4476 3356 4531 convenit:

468 4555 715 4608 Τοιουτος
743 4546 878 4604 οἶκος
907 4543 1047 4606 ἄξιος
1075 4546 1271 4606 ταύτης
1295 4550 1468 4611 τόπος,

2183 4555 2318 4608 Haec
2345 4555 2474 4624 ejus
2503 4554 2687 4627 digna
2715 4556 2957 4628 domus,
2981 4560 3079 4617 hic
3102 4562 3323 4635 dignus
3340 4564 3535 4623 locus.

467 4644 614 4697 Ζωῆς
642 4637 831 4708 ἔμαθον
863 4631 1068 4706 βίϐλον,
1100 4631 1207 4684 ἀλλ’
1242 4629 1360 4686 ἰδού
1393 4632 1590 4706 βλεπω,

2182 4643 2324 4698 Vita:
2347 4643 2568 4700 librum
2593 4646 2838 4717 perlegi,
2863 4653 2919 4705 et
2943 4664 3080 4708 ecce
3103 4629 3302 4712 video.

467 4728 546 4780 Τὰ
575 4725 772 4786 ζωτικά
799 4724 1014 4799 ῥήματα
1039 4723 1326 4794 γράμματα
1355 4725 1515 4796 φέρει,

1478 4742 1515 4790 ι,
2180 4731 2323 4788 Vitae
2348 4732 2536 4790 verba
2558 4735 2864 4794 continent
2888 4737 3116 4804 litterae,

471 4814 578 4870 Κᾶν
609 4816 790 4884 θνητὰ,
821 4809 982 4885 μικτοὶ
1010 4819 1121 4873 τοῖς
1152 4809 1424 4873 ἀθανάτοις
1449 4810 1643 4884 λόγοις,

2182 4820 2338 4876 Licet
2356 4822 2653 4891 mortalia,
2676 4823 2865 4882 mixta
2885 4826 3054 4883 dictis
3074 4829 3533 4899 immortalibus,

469 4911 806 4978 Προφητικῆς
834 4896 1092 4975 πληρωμα
1123 4896 1467 4972 θεσπιῳδίας,
1509 4985 1526 4992 Δ

2180 4909 2544 4982 Propheticne
2569 4910 3027 4984 implementum
3050 4919 3510 4992 vaticinationis,

466 5001 569 5056 Τῆς
599 4989 823 5054 ἐπτάδος
849 4994 1085 5066 μέρισμα
1112 4996 1202 5042 καὶ
1240 4999 1336 5052 τῆς
1365 4985 1610 5060 όκτάδος,

2179 4998 2509 5071 Septenarii
2526 4997 2905 5070 divisionem,
2928 5009 2985 5060 et
3015 5009 3321 5079 octenarii,

467 5087 618 5159 Εἰμή
647 5104 726 5146 τις
751 5081 908 5140 οἷλλην
935 5079 1087 5140 ἄλλος
1115 5075 1321 5169 ἐπτάδα
1348 5078 1484 5152 λέγει

2182 5088 2302 5144 Nisi
2329 5087 2464 5160 quis
2484 5088 2636 5144 alius
2661 5089 2848 5147 alium
2868 5093 3038 5151 malit
3061 5075 3472 5168 septenarium
3491 5099 3710 5169 dicere,

465 5179 565 5232 Τὴν
597 5170 914 5226 ἑπτάκαυλον
936 5165 1222 5225 συνοδικὴν
1249 5166 1493 5240 λυχνίαν,

2185 5175 2643 5250 Septemplicem
2667 5177 2834 5236 illam
2863 5165 3221 5254 synodicam
3249 5186 3619 5261 lampadem,

463 5267 611 5322 Ἠτις
641 5258 834 5329 ἀνῆψεν
864 5254 969 5309 ὧδε
999 5259 1259 5309 σωστικόν
1291 5260 1457 5319 σέλας.

2183 5267 2327 5332 Quae
2353 5281 2534 5339 super
2556 5283 2669 5324 nos
2689 5271 2964 5328 accendit
2987 5272 3070 5329 ita
3093 5274 3351 5332 salutare
3377 5254 3606 5335 lumen.

540 5347 736 5405 Codex
767 5349 1005 5402 Graecus
1029 5345 1380 5402 chartaceus
1408 5363 1527 5405 ms.
1563 5349 1628 5406 in
1651 5341 1754 5408 fol.
1779 5368 1917 5412 saec.
1945 5353 2157 5426 XIIl,in
2185 5355 2360 5426 cujus
2382 5355 2594 5412 ultima
2624 5359 2870 5429 pagina,
2898 5353 3122 5418 codicis
3141 5363 3560 5436 integumento
3580 5365 3788 5439 δῶκα,

469 5439 550 5496 ab
579 5436 815 5501 eadem,
848 5437 914 5490 ut
939 5433 1192 5500 videtur,
1224 5450 1416 5493 manu
1443 5442 1719 5498 notatum
1745 5441 2001 5516 legitur:
2031 5441 2107 5499 Bt!

2159 5453 2231 5498 ίον
2254 5463 2348 5497 του
2371 5451 2522 5498 ποιποὶ
2549 5451 2737 5520 κυρίου
2755 5450 2972 5521 Μάρκου
3002 5471 3096 5504 του
3125 5463 3507 5528 πνευματικόν.
3538 5457 3795 5531 Constat

473 5527 632 5586 foliis
655 5523 893 5598 scriptis
916 5527 1040 5579 385.

539 5616 620 5693 (4)
659 5613 773 5675 Ubi
800 5618 1028 5689 puncta
1053 5612 1158 5673 illa
1173 5613 1522 5689 interposita
1545 5619 1743 5693 vides,
1769 5621 1858 5683 ibi
1876 5623 2065 5685 verba
2084 5624 2262 5686 tineis
2299 5640 2550 5685 corrosa
2578 5631 2719 5685 sunt
2742 5643 2815 5688 ac
2841 5631 3140 5692 mutilata.
