4148 6446
1583 527 1743 570 ClRCA
1782 527 1992 570 INITIUM
2032 529 2244 570 SECULI
2280 530 2379 570 XIII

1425 747 2535 900 GKR/ECORUM

291 1073 499 1259 Al)
565 1073 1608 1260 INNOCENTIUM
1665 1079 1836 1260 Ill
1904 1079 2824 1264 PONTIFICEM
2891 1075 3662 1264 ROMANUM

1633 1435 2333 1560 EPISTOLA

612 1647 904 1704 SCRIPTA
940 1648 1118 1705 POST
1155 1648 1429 1706 CAPTAM
1465 1652 1513 1704 A
1554 1650 1915 1778 LATlNlthlptét

2026 1651 2578 1779 FBAEETINOPOLIM,
2616 1653 2986 1709 REGNANTE
3024 1654 3326 1710 HENRICO

1038 1897 1147 1968 (Ex
1170 1899 1339 1953 Joan.
1375 1900 1544 1970 Bapt.
1574 1898 1838 1955 Cotelerii
1865 1901 2124 1956 Monum.
2160 1899 2314 1956 Eccl.
2349 1901 2587 1969 Graeca,
2623 1905 2768 1957 tom.
2797 1902 2914 1973 Ill).

364 2271 624 2335 Δέσποτα,
693 2267 736 2320 εὶ
792 2273 865 2340 μὴ
916 2273 1010 2328 τὴν
1049 2277 1144 2323 τοῦ
1194 2270 1458 2343 μέλλοντος
1513 2273 1650 2324 θείου
1695 2270 1904 2325 Σαϐϐά-

2085 2273 2355 2340 Domine,
2403 2271 2522 2329 nisi
2575 2273 2866 2329 sciremus
2923 2277 3278 2345 praesentem
3325 2274 3510 2331 vitam
3536 2291 3669 2332 esse

295 2375 389 2409 του
450 2361 802 2433 Παραπωῆν
857 2363 952 2416 τὴν
1001 2367 1276 2433 παροῦσαν
1341 2361 1482 2422 ζωὴν
1534 2359 1904 2436 ἐγινώσκομεν,

293 2449 482 2519 γοερὰν
583 2445 646 2498 ἂν
721 2445 996 2520 έπλέξαμεν
1065 2454 1195 2524 πρὸς
1292 2469 1350 2503 σε
1416 2450 1740 2524 τραγῳδίαν,
1816 2460 1907 2507 καὶ

293 2537 501 2610 θρήνοις
558 2542 780 2608 μακροῖς
816 2543 910 2588 τοῦ
973 2542 1086 2590 νέου
1151 2538 1278 2592 λαοῦ
1325 2546 1420 2600 τὴν
1493 2543 1688 2595 ἅλωσιν
1759 2539 1907 2596 ὠδυ-

293 2627 520 2698 ράμεθα.
587 2625 730 2677 Ἐπεὶ
781 2621 844 2678 δὲ
906 2627 1075 2689 καλῶς
1125 2628 1522 2703 ἐπιστεύσαμεν,
1575 2635 1642 2694 ὡς
1690 2635 1910 2685 πάντοτε

295 2718 590 2788 συμπαρὼν
646 2715 772 2786 ἡμῖν
816 2716 842 2765 ὁ
889 2719 1135 2789 Χριστος,
1185 2722 1281 2776 τὴν
1321 2722 1553 2790 φθαρτὴν
1592 2723 1739 2793 ἡμῶν
1777 2725 1908 2773 ταύ-

291 2823 387 2860 την
447 2804 588 2863 ζωὴν
644 2806 778 2876 πρὸς
825 2805 920 2862 τὴν
979 2807 1244 2880 ἄφθαρτον
1306 2807 1501 2867 ἐκείνην
1566 2811 1909 2882 μεταπλάττει

295 2898 391 2944 καὶ
442 2896 732 2964 κρείττονα,
786 2889 906 2945 ἰδοὺ
959 2895 1354 2969 συντριϐόμενοι
1415 2895 1510 2951 διὰ
1571 2904 1666 2958 τὴν
1723 2900 1792 2961 εἰς
1849 2903 1912 2952 τὸ

303 2988 542 3052 κρεῖττον
601 2980 892 3033 ἂνοὲπλασιν
959 2989 1218 3057 χαίρομεν
1251 3007 1264 3020 ·
1345 2987 1759 3062 εὐχαριστοῦμεν
1851 2985 1912 3042 δὲ

304 3072 403 3120 καὶ
480 3066 614 3137 αὐτῷ
682 3076 758 3138 τῷ
821 3071 937 3141 μεθ’
1012 3073 1178 3144 ἡμῶν,
1247 3079 1338 3126 καὶ
1393 3075 1548 3128 πάλιν
1606 3078 1732 3148 ὑπὲρ
1764 3079 1910 3148 ἡμῶν

306 3158 492 3209 παθεῖν
561 3155 773 3230 ἂομένῳ
829 3167 1082 3233 Χριστῷ·
1147 3162 1208 3214 οῦ
1271 3165 1372 3236 ’γὰρ
1433 3164 1708 3238 ἁρπαγμὸν
1767 3169 1908 3236 ἡγή-

301 3265 438 3298 σατο
463 3249 522 3298 τό
561 3250 974 3320 προσκυνεῖσθαι
1024 3254 1120 3302 ἶσα
1156 3260 1229 3323 τῷ
1269 3260 1383 3324 Θεῷ
1414 3259 1506 3306 καὶ
1537 3259 1735 3327 Πατρί·
1780 3253 1910 3306 ἀλλὰ

295 3341 390 3389 καὶ
469 3335 628 3388 πάλιν
695 3336 820 3388 ἑκὼν
885 3335 1181 3413 παρεδόθη,
1240 3347 1333 3394 καὶ
1405 3346 1498 3394 σὺν
1564 3344 1690 3415 ἡμῖν
1755 3341 1912 3405 ἁλοὺς

300 3424 592 3483 ἑσκυλεῦθη
675 3431 766 3478 καὶ
847 3425 1125 3500 ἀπηνέχθη
1197 3436 1288 3482 καὶ
1360 3428 1653 3504 παρεδόθη,
1711 3438 1802 3485 καὶ
1852 3436 1910 3484 τό

307 3523 461 3588 σῶμα
501 3515 669 3569 αὐτοῦ
724 3523 816 3570 καὶ
854 3521 912 3570 τὸ
972 3521 1107 3592 αἷμα
1158 3523 1293 3592 πρὸς
1337 3525 1432 3580 τὴν
1472 3530 1572 3593 ’γῆν
1626 3526 1784 3575 πεσὸν
1823 3527 1913 3574 καὶ

2013 2364 2195 2421 futuri
2233 2361 2420 2418 divini
2461 2362 2708 2419 Sabbati
2737 2366 3124 2429 Parasceven,
3157 2362 3477 2434 lugubrem
3502 2364 3582 2420 ad
3613 2368 3670 2421 te

2014 2451 2374 2523 tragoediam
2389 2452 2929 2507 concinnassemus
2939 2495 2952 2516 ,
2965 2451 3285 2524 longisque
3295 2451 3672 2509 lamentatio-

2014 2540 2198 2598 nibus
2213 2540 2352 2596 novi
2377 2538 2585 2612 populi
2611 2538 3015 2611 captivitatem
3037 2537 3506 2597 deﬂevissemus.
3521 2539 3674 2606 Quia

2015 2645 2158 2686 vero
2195 2630 2350 2684 bene
2385 2628 2769 2684 credidimus.
2813 2628 3133 2698 Christum,
3165 2629 3270 2701 qui
3300 2629 3476 2686 nobis
3520 2645 3674 2685 sem-

2016 2734 2124 2793 per
2163 2719 2417 2784 adsistit,
2467 2716 2782 2773 mortalem
2839 2717 2998 2772 hanc
3049 2723 3322 2774 nostram
3367 2720 3554 2774 vitam
3593 2718 3673 2775 ad

2016 2806 2418 2864 immortalem
2443 2806 2608 2862 illam
2633 2810 2690 2861 et
2709 2806 3185 2876 praestantiorem
3211 2807 3672 2876 transformare;

2017 2912 2154 2954 ecce
2201 2895 2457 2961 contriti,
2513 2898 2757 2966 propter
2801 2895 3288 2952 reformationem
3333 2898 3394 2952 in
3434 2897 3671 2962 melius,

2017 2986 2329 3053 laetamur;
2380 2983 2486 3040 sed
2515 2987 2572 3040 et
2614 2985 2852 3054 agimus
2883 2984 3105 3055 gratias
3143 2985 3256 3057 ipsi
3289 2985 3536 3056 Christo,
3567 2985 3675 3058 qui

2017 3074 2334 3131 nobiscum
2387 3079 2496 3136 est,
2542 3073 2882 3145 itcrumque
2932 3088 3043 3145 pro
3092 3072 3269 3129 nobis
3296 3074 3419 3145 pati
3464 3071 3671 3130 voluit.

2019 3167 2148 3221 Non
2171 3164 2330 3220 enim
2358 3163 2636 3234 rapinam
2659 3162 2982 3218 arbitratus
3004 3167 3091 3218 est
3106 3162 3347 3219 adorari
3367 3153 3679 3235 aequaliter

2019 3269 2160 3310 cum
2190 3253 2309 3308 Deo
2339 3257 2398 3308 et
2422 3253 2627 3317 Patre;
2672 3265 2881 3307 verum
2915 3251 3130 3307 iterum
3170 3257 3384 3324 sponte
3424 3251 3678 3308 traditus

2020 3349 2140 3413 est;
2172 3347 2229 3398 et
2256 3341 2579 3398 nobiscum
2613 3340 3154 3413 captus,spoliatus
3184 3347 3274 3398 est
3300 3343 3339 3410 ¹,
3375 3340 3677 3398 abductus

2019 3447 2092 3490 ac
2147 3431 2444 3504 proditus,
2485 3430 2795 3502 ipsiusque
2843 3445 3064 3503 corpus
3114 3435 3172 3487 et
3209 3430 3568 3501 sanguinem
3616 3430 3681 3486 in

2019 3525 2241 3577 terram
2273 3518 2623 3589 dejecerunt
2647 3533 2719 3574 ac
2747 3517 3107 3589 effuderunt,
3146 3523 3328 3592 atque
3361 3517 3680 3574 conculca-

298 3606 364 3680 ῥυ
417 3609 470 3659 ἓν
507 3603 768 3673 ἐπατήθη,
813 3611 904 3659 καὶ
940 3610 1112 3662 πάντα
1156 3611 1440 3683 ὑπέμεινεν,
1501 3611 1584 3663 ἶνα
1655 3616 1774 3673 τοὺς
1816 3609 1914 3665 δύο

2027 3613 2266 3675 verunt;
2297 3621 2535 3664 necnon
2565 3613 2782 3664 cuncta
2812 3607 3112 3676 sustinuit,
3145 3611 3212 3663 ut
3239 3607 3394 3664 duos
3420 3605 3684 3679 populos

305 3693 513 3766 συνάψῃ
592 3693 772 3761 λαοὺς,
827 3693 1134 3760 ἀποκτείνας
1181 3703 1275 3757 τὴν
1327 3701 1599 3774 ἔχθραν,ἣ
1629 3699 1819 3773 μᾶλλον
1853 3704 1914 3752 τὸ

312 3782 384 3842 εἰς
426 3779 520 3835 δύο
564 3785 794 3855 σχισθεν
859 3785 1017 3838 αὐτοῦ
1095 3796 1267 3860 σῶμα,
1327 3788 1492 3862 ἐνώσῃ
1548 3789 1702 3842 πάλιν
1729 3790 1801 3850 εἰς
1829 3790 1910 3842 ἓν·

314 3893 344 3920 ιι
398 3875 484 3930 Τίς
544 3876 723 3944 σοφὸς,
801 3879 892 3926 καὶ
961 3875 1172 3947 φυλάξει
1222 3884 1407 3930 ταῦτα.
1479 3883 1568 3940 Τίς
1634 3881 1828 3947 ἱκανὸς,
1883 3899 1914 3928 ››

308 3963 406 4041 οιαὶ
473 3963 562 4018 τὴν
608 3962 680 4022 εἰς
746 3963 886 4035 ἡμᾶς
959 3966 1284 4038 θαυμάσεται
1343 3969 1481 4020 θείαν
1542 3970 1912 4041 προμήθειαν;

310 4033 566 4104 Ἐντεῦθεν
606 4053 734 4124 ἡμῖν
803 4052 968 4124 γλυκύ
1040 4059 1100 4107 τό
1164 4056 1375 4124 ἁλῶναι,
1433 4054 1542 4116 ἡδὺ
1596 4062 1655 4110 τὸ
1710 4060 1913 4123 παθεῖν,

308 4143 400 4191 καὶ
454 4144 515 4192 τὸ
562 4141 1066 4213 αἰχμαλοηισθῆναι
1104 4145 1248 4218 φίλον
1285 4153 1376 4199 καὶ
1413 4150 1620 4222 χάριεν.
1663 4154 1782 4210 Πῶς
1813 4150 1916 4219 γὰρ

302 4229 581 4301 ἑμεἋλομεν
630 4237 739 4293 τοῖς
795 4228 1038 4305 ἀδελφοῖς
1107 4237 1253 4307 ἡμῶν
1316 4236 1586 4305 ἑνωθῆναι,
1653 4238 1726 4297 οἷς
1795 4233 1921 4289 οὐδὲ

301 4318 710 4390 προσομιλῆσαι
777 4325 901 4393 πρὶν
975 4323 1340 4396 ἠνεσχόμεθα;
1423 4324 1578 4378 Ἀλλὰ
1647 4322 1794 4377 δεινὰ
1854 4327 1922 4377 τὰ

304 4407 382 4469 εἰς
442 4410 584 4481 ἡμᾶς
637 4413 926 4480 γεγονότα;
984 4417 1090 4465 Ναὶ
1134 4414 1270 4466 πάνυ
1310 4410 1478 4482 δεινὰ,
1544 4417 1615 4476 ὡς
1677 4424 1778 4466 τῶν
1809 4421 1920 4468 Λα-

303 4502 462 4548 τίνων
529 4501 624 4570 μὲν
667 4501 761 4561 τὰς
816 4499 1004 4572 ψυχὰς
1048 4501 1402 4576 λυμηνάμενα,
1435 4512 1535 4557 τῶν
1576 4501 1636 4557 δέ
1657 4503 1922 4577 Ῥωμαίων

310 4587 384 4637 τὰ
445 4593 686 4659 σώματα.
755 4587 896 4648 Πλὴν
939 4591 966 4642 ὁ
993 4591 1313 4664 παρακύψας
1343 4592 1414 4655 εἰς
1456 4595 1523 4646 τὰ
1563 4595 1675 4646 θεῖα
1716 4597 1922 4665 μυστή-

310 4693 414 4748 ρια
455 4675 635 4745 ὄψεται
658 4679 728 4730 τὰ
753 4683 988 4752 κρίμασα
1022 4687 1118 4733 τοῦ
1149 4689 1304 4747 Θεοῦ,
1339 4680 1626 4755 ἀμέτρητον
1664 4680 1921 4735 ἄϐυσσον.

309 4762 506 4817 Πολλοὶ
555 4768 893 4840 πατριάρχαι
962 4773 1054 4822 καὶ
1109 4769 1348 4844 βασιλεῖς
1397 4770 1731 4842 ἐπεθύμησαν
1794 4767 1929 4823 ἰδεῖν

301 4860 403 4914 τὴν
427 4857 626 4928 ἡμέραν
652 4859 870 4925 ταύτην,
905 4857 1033 4912 ἀλλὰ
1061 4865 1158 4919 τὴν
1185 4864 1349 4934 χάριν
1377 4863 1574 4920 ταύτην
1603 4861 1697 4914 οὐκ
1724 4859 1922 4913 ἔλαϐον.

2024 3701 2423 3761 connecteret,
2467 3694 2830 3751 interﬁciens
2875 3695 3219 3752 inimicitias
3249 3697 3292 3762 ³,
3330 3711 3438 3752 seu
3482 3693 3684 3768 potius

2025 3801 2246 3858 corpus
2276 3799 2455 3840 suum
2484 3785 2546 3839 in
2575 3783 2699 3839 duo
2726 3785 2986 3839 scissum
3007 3799 3215 3840 rursus
3235 3783 3297 3839 in
3318 3789 3508 3840 unum
3539 3797 3684 3840 con-

2021 3876 2300 3947 jungeret
2327 3878 2385 3929 et
2411 3873 2744 3929 adunaret:
2779 3895 2808 3923 α
2842 3873 2986 3938 Quis
3020 3873 3284 3944 sapiens,
3318 3877 3375 3929 et
3393 3867 3693 3929 custodiet

2025 3965 2251 4020 haec“?
2307 3962 2450 4028 Quis
2496 3961 2816 4029 idoneus‘,
2867 3983 2896 4012 η
2949 3966 3006 4018 et
3046 3960 3318 4017 divinam
3375 3976 3521 4031 erga
3572 3975 3704 4016 nos-

2027 4052 2465 4126 providentiam
2495 4049 2890 4108 admirabitur
2909 4052 2936 4107 ?
2966 4051 3190 4107 Dehinc
3209 4049 3386 4107 nobis
3410 4049 3584 4106 dulce
3600 4053 3692 4105 est

2029 4147 2240 4212 captos
2293 4140 2500 4207 fuisse,
2543 4154 2726 4195 suave
2780 4140 2928 4210 pati,
2977 4139 3040 4195 in
3084 4139 3494 4211 captivitatem
3549 4136 3691 4193 duci

2029 4243 2238 4289 carum
2284 4235 2344 4286 et
2392 4233 2650 4302 gratum.
2685 4229 2815 4294 Quo
2847 4229 3009 4284 enim
3034 4227 3220 4284 modo
3246 4241 3385 4284 cum
3408 4225 3691 4283 fratribus

2029 4319 2252 4377 nostris
2305 4318 2593 4374 unionem
2631 4316 3005 4387 fecissemus,
3050 4333 3190 4372 cum
3239 4315 3463 4390 quibus
3490 4329 3567 4371 ne
3595 4313 3692 4371 vel

2031 4409 2292 4482 colloqui
2313 4413 2494 4465 antea
2511 4407 3001 4464 sustinebamus?
3022 4406 3136 4464 Sed
3161 4406 3372 4477 gravia
3393 4409 3535 4462 sunt
3551 4419 3704 4477 quae

2033 4498 2328 4556 adversus
2349 4511 2462 4553 nos
2492 4501 2628 4552 acta
2657 4495 2820 4551 fuere
2837 4495 2866 4550 ?
2893 4494 3162 4552 Profecto
3178 4494 3358 4567 plane
3383 4495 3695 4565 gravia,ut

2032 4603 2172 4661 quae
2195 4586 2539 4643 Latinorum
2558 4585 2806 4658 quidem
2837 4584 3092 4651 animas,
3108 4586 3521 4640 Romanorum
3548 4596 3696 4638 vero

2035 4693 2144 4735 seu
2172 4679 2515 4735 Graecorum
2566 4689 2824 4747 corpora
2861 4673 3297 4732 labefactarint.
3343 4673 3562 4729 Verum
3590 4669 3698 4745 qui

2035 4770 2098 4824 in
2145 4766 2356 4823 divina
2410 4768 2639 4821 secreta
2676 4764 3122 4836 introspexerit,
3167 4763 3399 4835 judicia
3431 4761 3556 4832 Dei,
3581 4761 3696 4817 im-

2035 4867 2314 4912 mensam
2339 4852 2636 4926 abyssum
2665 4856 3100 4925 conspecturus
3129 4857 3238 4908 est.
3263 4850 3425 4908 Multi
3448 4849 3699 4923 patriar-

300 4948 406 5014 Σὺ,
443 4940 702 5013 δέσποτα,
743 4947 874 5019 μετὰ
897 4947 1087 5010 πολλὰς
1120 4952 1294 5020 ’γενεὰς
1324 4950 1555 5012 ἠξιώθης
1596 4951 1797 5011 ταύτης
1830 4955 1915 5010 τῆς

2037 4944 2168 5000 chae
2196 4947 2256 5000 et
2283 4943 2676 5016 imperatores
2705 4941 2868 4998 diem
2905 4941 3069 4997 hunc
3095 4939 3298 4996 videre
3319 4939 3706 4996 desiderave-'

302 5036 556 5108 χάριτος,
584 5035 777 5088 ἐνῶσαι
789 5039 887 5095 τὴν
914 5037 1196 5097 Ἀνατολὴν
1221 5043 1312 5092 καὶ
1344 5043 1441 5097 τὴν
1471 5042 1651 5103 Λύσιν,
1679 5043 1772 5091 καὶ
1795 5036 1926 5091 6M6-

313 5123 503 5186 στολος
569 5123 1012 5200 τρισκαιδέκατος
1075 5131 1319 5200 γενέσθαι
1387 5134 1478 5181 καὶ
1551 5128 1923 5200 ὀνομάζεσθαι.

2036 5039 2196 5101 runt,
2239 5032 2347 5089 sed
2392 5048 2530 5088 eam
2587 5031 2844 5103 gratiam
2891 5045 3014 5087 non
3054 5034 3195 5086 sunt
3231 5028 3557 5085 consecuti.
3589 5027 3709 5095 Tu,

2037 5125 2302 5191 domine,
2368 5128 2508 5196 post
2569 5123 2792 5179 multas
2865 5121 3281 5194 generationes
3333 5119 3452 5176 hac
3504 5118 3700 5190 gratia

310 5211 539 5284 dignus
561 5215 811 5273 habitus
867 5231 954 5286 es,
1018 5221 1083 5272 ut
1115 5217 1417 5275 Orientem
1453 5231 1527 5274 ac
1575 5215 1960 5274 Occidentem
2015 5215 2211 5283 unias,
2270 5217 2329 5270 et
2390 5212 2666 5270 decimus
2713 5212 2921 5269 tertius
2968 5208 3281 5285 apostolus
3335 5203 3448 5266 ﬁas
3484 5223 3556 5268 ac
3583 5223 3698 5266 no-

306 5304 580 5362 mineris.

385 5393 552 5458 Οἶὸας
613 5393 690 5470 δὲ,
739 5402 883 5472 τίμιε
937 5393 1193 5467 δέσποτα,
1254 5401 1315 5450 τὸ
1379 5398 1524 5471 παρὰ
1583 5401 1719 5449 Θεοῦ
1777 5391 1926 5447 δοθὲν

314 5493 430 5547 τοῖς
504 5485 800 5562 ἀνθρώποις
871 5492 1132 5560 φρόνημα,
1186 5492 1276 5540 καὶ
1345 5488 1426 5540 ὅτι
1473 5483 1820 5559 βουλομένων,
1867 5483 1927 5535 οὐ

2106 5392 2268 5450 Nosti
2314 5394 2539 5453 autem,
2591 5387 2948 5446 honorande
3005 5387 3274 5458 domine,
3304 5386 3443 5462 quis
3486 5401 3701 5446 sensus

2035 5480 2387 5538 hominibus
2412 5495 2450 5536 a
2470 5481 2590 5535 Deo
2605 5479 2784 5535 datus
2806 5477 3000 5550 fuerit,
3033 5477 3322 5550 quodque
3347 5476 3696 5547 volentium,

392 5623 408 5658 ¹
446 5621 700 5697 Philipp.
736 5636 800 5691 ιι,
835 5620 890 5674 6.
971 5615 994 5651 ³
1032 5607 1247 5686 Ephes.
1276 5627 1338 5684 ιι,
1370 5611 1569 5683 15,16.
1647 5609 1670 5644 ³
1707 5606 1860 5667 Psal.
1884 5623 1915 5665 c

2027 5609 2122 5665 43.
2196 5606 2219 5641 ⁸
2257 5607 2305 5662 Π
2334 5605 2466 5664 Cor.
2487 5619 2552 5674 n,
2576 5607 2666 5661 16.
