4148 6376
508 229 614 298 2ῧῦ

1992 221 2396 289 ῧΒΑΞΟΟΒΗᾺί

3775 229 3883 290 296

511 375 636 421 non
665 357 1048 434 tyrannicam
1085 347 1209 414 vim
1247 367 1574 432 passorum
1606 345 1683 414 sit
1709 345 1944 430 pietatis
1971 370 2167 412 sacra-

2280 351 2699 428 τυραννουμένῶν
2767 354 2827 406 τὸ
2908 358 3000 415 τῆς
3073 341 3332 416 εύσεϐείας
3416 357 3730 432 μυστήριον.
3822 356 3888 411 Εἰ

512 454 806 509 mentum.
841 451 961 506 Hoc
981 446 1141 505 enim
1172 447 1222 504 si
1255 447 1340 506 ita
1367 463 1492 506 non
1530 450 1706 518 esset,
1727 446 1894 520 ipsos
1924 459 2171 519 quoque

509 540 750 598 Judteos
770 537 1217 611 baptizaremus
1235 537 1469 594 invitos.
1489 535 1827 606 Quiaigitur
1847 534 1905 592 in
1923 534 2172 605 dogma-

511 630 673 687 tibus
703 644 950 703 pcenam
976 627 1226 700 quidem
1239 627 1503 698 irrogare
1517 632 1573 684 et
1593 641 1804 697 cogere
1835 623 2171 682 absurdum

511 725 621 792 est,
685 718 1040 776 facillimum
1091 717 1342 792 quippe,
1401 733 1471 774 ac
1510 716 1768 791 potentis
1810 713 2168 787 cujuslibet;

509 809 875 884 persuadere
913 813 1139 870 autem,
1179 807 1538 879 dogmatum
1567 805 1875 879 principiis
1923 802 2170 872 utendo,

511 899 659 956 boni
689 897 798 955 viri
837 901 927 954 est
954 901 1012 953 et
1040 895 1289 953 colentis
1313 896 1657 966 veritatem;
1687 894 2061 953 electurusne
2085 909 2171 962 es,

511 987 778 1055 domine,
826 985 1004 1043 nobis
1058 985 1182 1042 vim
1246 985 1478 1058 absque
1532 986 1808 1041 examine
1860 981 2171 1049 adhibere,

510 1083 806 1149 tanquam
856 1073 1050 1132 brutis
1104 1073 1533 1141 animantibus,
1590 1078 1656 1130 ut
1711 1077 2033 1142 mutemur,
2092 1083 2172 1127 an

510 1167 712 1240 potius
750 1179 1058 1221 sermones
1110 1170 1348 1219 nostros
1397 1162 1730 1234 admittere,
1770 1167 1828 1220 et
1875 1163 2172 1220 rationem

511 1256 964 1326 orationemque
992 1252 1170 1309 nobis
1197 1252 1510 1325 impertiri,
1541 1268 1664 1326 quo
1694 1253 2039 1308 divinarum
2077 1270 2171 1312 re-

511 1360 647 1401 rum
698 1342 916 1398 veritas
966 1341 1342 1414 expendatur
1402 1346 1462 1398 et
1525 1346 1946 1412 cognoscatur.
2016 1345 2172 1401 Scito

511 1447 799 1504 namque,
825 1446 862 1487 a
890 1429 1066 1487 nobis
1082 1429 1380 1504 posterius
1407 1430 1652 1502 probari
1677 1435 1735 1487 et
1771 1431 1982 1504 quaeri,
2005 1433 2173 1505 quod

508 1519 894 1576 illidivinitus
919 1518 1136 1576 tradito
1155 1518 1341 1575 verbo
1371 1517 1861 1590 obtemperemus
1895 1535 1908 1576 :
1948 1543 1968 1572 ε
2007 1523 2176 1579 Scru-

510 1608 720 1667 tamini
761 1608 1153 1682 Scripturas‘.
1181 1630 1209 1659 »
1249 1610 1356 1664 Per
1376 1607 1719 1665 violentiam
1752 1614 1955 1666 autem
1990 1627 2174 1668 nemo

2277 446 2380 518 γὰρ
2447 447 2518 517 μὴ
2581 450 2750 514 τοῦτο,
2820 447 2911 495 καὶ
2979 441 3168 507 αύτούς
3245 447 3366 507 τοὺς
3442 444 3713 518 Ἐϐραίους
3777 445 3886 518 οὐχ

2281 532 2486 594 ἑκόντας
2541 531 2602 585 ἂν
2656 531 3029 606 ἐϐαπτίσαμεν.
3120 532 3260 587 Ἐπιὶ
3328 542 3602 608 τοιγαροῦν
3667 538 3726 587 τὸ
3791 538 3884 608 μεν

2281 621 2522 696 ἐπιτιμᾷν
2570 625 2619 675 ἐν
2670 629 2778 685 τοῖς
2845 619 3081 696 δόγμασι
3139 629 3228 676 καὶ
3299 622 3582 696 βιάζεσθαι
3640 626 3831 678 ἄτοπον
3864 638 3880 655 ⁸

2278 711 2470 785 ῥᾷστον
2489 713 2588 786 γὰρ
2620 715 2709 764 καὶ
2740 718 2832 764 τοῦ
2865 708 3152 782 δυναμένου
3194 717 3384 774 παντός
3405 733 3419 747 ο
3479 715 3537 766 τὸ
3589 709 3648 766 δε
3690 715 3884 766 πείθειν

2278 806 2548 875 χρώμενον
2585 809 2701 863 ταῖς
2751 809 2849 853 τῶν
2905 798 3184 874 δογμάτων
3224 801 3420 875 ἀρχαῖς
3463 799 3654 877 ἀνδρὸς
3682 802 3884 875 ἀγαθοῦ

2279 895 2370 944 καὶ
2428 889 2660 952 σέϐοντος
2700 894 2794 949 τὴν
2837 888 3112 948 ἀλήθειαν·
3169 896 3384 966 πότερον
3430 891 3582 961 ἕλοιο,
3625 889 3884 964 δέσποτα,

2279 981 2338 1031 τὸ
2409 976 2698 1052 βιάζεσθαι
2759 980 2896 1052 ἡμᾶς
2951 979 3319 1048 ἀνεξετάστως,
3381 983 3450 1044 ὡς
3510 981 3698 1054 ἄλογα,
3755 985 3886 1057 πρὸς

2279 1069 2577 1140 μετάθεσιν,
2626 1069 2656 1128 ἣ
2711 1064 3109 1143 προσδέξασθαι
3173 1073 3288 1132 τοὺς
3353 1071 3632 1144 ἡμετέρους
3697 1070 3886 1144 λόγους

2279 1161 2370 1211 καὶ
2411 1153 2729 1231 μεταδοῦναι
2799 1157 2948 1230 λόγον
3026 1159 3172 1232 ἡμῖν,
3239 1162 3310 1222 ὡς
3347 1161 3717 1232 γυμνασθῆναι
3793 1166 3886 1214 καὶ

2279 1249 2582 1319 γνωσθῆναι
2651 1251 2746 1305 τὴν
2809 1255 2907 1299 τῶν
2972 1249 3118 1300 θείων
3193 1251 3513 1324 πραγμάτων
3587 1248 3880 1318 meum;

2282 1335 2424 1389 Ἱσθι
2490 1339 2592 1409 γάρ
2646 1338 2728 1389 ότι
2781 1339 2840 1388 τὸ
2895 1339 2986 1409 μὲν
3035 1333 3272 1410 δεύτερον
3313 1337 3616 1412 ἐπαινοῦμεν
3653 1343 3744 1391 καὶ
3789 1339 3885 1400 ζη-

2281 1434 2488 1499 τοῦμεν,
2547 1433 2619 1496 τῷ
2665 1422 3035 1500 θεοπαραδότῳ
3092 1429 3202 1480 ἔπει
3262 1429 3576 1500 πειθόμενοι,
3636 1427 3834 1501 λέγοντι
3870 1446 3884 1462 ο

2285 1539 2313 1565 «
2381 1515 2646 1590 Ἐρευνᾶτε
2709 1517 2798 1576 τὰς
2847 1518 3091 1589 Γραφάςο
3151 1537 3180 1565 ››
3246 1523 3307 1589 τῇ
3375 1515 3474 1590 βία
3530 1514 3589 1570 δε
3627 1514 3796 1579 οὐδεὶς
3835 1515 3892 1581 ἐξ

2283 1606 2428 1678 ἡμῶν
2477 1603 2702 1666 ἀλωτόςο
2769 1603 2896 1656 ἀλλά
2941 1607 3128 1666 πάντες
3183 1606 3248 1666 ὡς
3302 1606 3428 1680 ὑπερ
3481 1613 3717 1682 Χριστοῦ
3773 1626 3894 1659 κιν-

507 1703 782 1756 nostrum
812 1698 948 1771 capi
974 1703 1203 1771 potest;
1253 1697 1360 1754 sed
1392 1699 1591 1754 cuncti
1615 1698 1791 1770 quasi
1812 1713 1922 1771 pro
1945 1700 2167 1758 Christo

2286 1690 2622 1767 δυνεύσομεν.
2675 1693 2905 1766 Οἰόμεθα
2952 1691 3011 1746 δὲ
3062 1699 3153 1747 καὶ
3195 1693 3312 1746 λίαν
3358 1694 3646 1768 εὐστόχως,
3683 1697 3764 1748 ὃτι
3800 1701 3898 1748 καὶ

505 1786 1007 1862 periclitabimur.
1030 1790 1208 1844 Porro
1226 1787 1646 1844 existimamus
1661 1787 1996 1846 admodum
2019 1791 2175 1847 veri-

511 1876 800 1944 similiter,
832 1877 1110 1949 spiritum
1160 1877 1471 1949 sapientiae
1513 1881 1628 1932 tuae
1652 1877 1786 1949 jure
1812 1879 2025 1936 merito
2062 1895 2175 1937 nos

509 1982 583 2024 ea
635 1967 698 2023 in
753 1983 816 2023 re
867 1965 1280 2023 laudaturum.
1312 1963 1656 2022 Laudabilis
1703 1968 1862 2024 enim
1907 1974 2000 2026 est
2035 1969 2174 2043 qui-

509 2061 772 2130 cumque
801 2055 880 2112 ad
911 2056 1273 2128 synodicum
1296 2054 1617 2126 judicium,
1659 2055 1942 2130 illincque
1967 2074 2174 2132 proce-

509 2144 750 2203 dentem
785 2145 1145 2201 sententiam
1171 2143 1456 2217 appellat.

582 2235 787 2308 itaque
818 2232 1318 2307 quandoquidem
1345 2233 1632 2306 exiguum
1656 2233 2040 2294 interstitium
2071 2239 2176 2296 La-

511 2322 668 2381 tinos
720 2323 875 2380 inter
917 2326 976 2379 et
1027 2324 1261 2380 Graacos
1316 2327 1429 2394 est,
1461 2323 1629 2397 quod
1677 2324 1859 2381 unius
1900 2326 2173 2384 Ecclesiae

510 2411 964 2470 continuitatem
978 2410 1176 2482 solvit,
1199 2415 1392 2468 statue
1404 2412 1709 2484 synodum
1736 2415 2174 2473 mcumenicam

509 2501 884 2574 congregari,
937 2505 996 2557 et
1050 2501 1386 2572 majestatis
1439 2507 1554 2558 ture
1608 2503 1866 2560 vicarios
1932 2505 2169 2574 mittito,

507 2591 734 2664 ﬁatque
779 2589 1172 2663 colloquium,
1198 2590 1598 2664 omniumque
1653 2598 2172 2652 controversorum

509 2679 745 2737 solutio.
777 2681 836 2737 Si
872 2684 940 2736 tu
967 2695 1231 2753 quoque,
1272 2679 1448 2752 juxta
1501 2696 1796 2752 magnum
1825 2683 2169 2756 apostolum

507 2769 765 2827 Paulum
805 2771 848 2836 ⁸,
909 2769 1011 2826 Dei
1060 2769 1242 2826 fueris
1285 2769 1550 2841 adjutor.
1608 2773 1874 2844 prompti
1932 2789 2166 2838 sumus.

506 2856 773 2924 domine,
786 2873 899 2915 nos
927 2873 1172 2932 quoque
1185 2874 1222 2914 a
1238 2857 1483 2915 dicecesi
1508 2861 2170 2934 Constantinopolitana

505 2947 832 3016 discedere,
882 2952 1064 3020 atque
1121 2947 1546 3019 migrationem
1599 2947 1660 3003 in
1719 2949 2017 3007 Orientem
2072 2953 2170 3009 vel

505 3037 886 3094 Occidentem
921 3035 1246 3108 suscipere.
1289 3035 1402 3093 Sed
1433 3041 1490 3092 et
1524 3041 1818 3110 putamus
1849 3038 2167 3097 dominum
2197 3067 2239 3123 η

504 3124 727 3184 habere
747 3125 1172 3198 imperatorem
1198 3128 1472 3180 nostrum
1517 3125 1812 3192 Sirerrim,
1845 3133 2026 3202 atque
2055 3129 2169 3186 sub

506 3214 641 3286 ejus
669 3213 890 3270 umbra
909 3215 1127 3283 vivere,
1160 3212 1438 3270 mercede
1470 3214 1712 3278 servire,
1742 3231 1921 3287 agros
1951 3218 2168 3287 colere,

505 3317 775 3376 pascere,
795 3317 963 3358 mare
986 3301 1312 3373 navigare:
1349 3302 1584 3376 absque
1609 3304 1786 3360 nobis
1815 3311 2018 3363 autem
2045 3325 2168 3366 non

505 3389 855 3463 implebitur
884 3406 1046 3460 area,
1077 3405 1275 3464 neque
1323 3392 1604 3461 torcular,
1661 3409 1785 3450 non
1821 3398 2171 3455 comedetur

506 3480 705 3555 panis,
754 3495 880 3537 non
931 3496 1096 3551 caro,
1147 3495 1270 3537 non
1313 3481 1517 3554 piscis,
1544 3498 1665 3539 non
1697 3484 1862 3556 olus;
1923 3488 2028 3544 sed
2055 3505 2169 3546 nec

509 3569 696 3627 stabit
720 3571 842 3628 vita
863 3574 920 3627 et
957 3571 1334 3628 conversatio
1358 3570 1650 3628 humana.
1679 3575 1745 3629 Et
1763 3574 1894 3631 haec
1917 3577 2168 3650 quidem

507 3657 894 3716 elaboramus
924 3659 1210 3716 fratribus
1253 3661 1471 3716 nostris
1508 3662 1746 3731 Latinis,
1769 3668 1950 3738 atque
1970 3667 2169 3723 confe-

506 3747 719 3816 rimus,
760 3764 831 3805 ex
873 3747 1154 3805 deteriori
1183 3749 1318 3806 vitae
1347 3756 1570 3807 nostrae
1605 3753 1900 3825 portione,
1927 3756 2168 3813 mortali

505 3836 794 3894 nimirum
815 3837 918 3895 illa
932 3843 992 3894 et
1015 3836 1438 3908 dissolvenda;
1470 3840 1751 3913 cupimus
1771 3849 1972 3901 autem
1983 3845 2167 3901 etiam

501 3925 678 3999 juxta
701 3927 998 4000 potiorem
1025 3927 1241 3984 eadem
1266 3929 1504 4000 sentire,
1549 3935 1673 3988 tum
1717 3932 1990 4004 quandiu
2025 3933 2168 3990 vivi-

503 4032 663 4086 mus,
723 4021 851 4073 tum
899 4021 1036 4089 post
1077 4023 1357 4087 mortem,
1413 4023 1479 4075 ut
1527 4019 1631 4092 qui
1672 4021 1950 4078 membra
1977 4022 2166 4079 simus

503 4106 686 4163 unius
734 4104 1002 4177 corporis
1058 4105 1418 4163 immortalis
1476 4125 1490 4164 :
1550 4109 1809 4182 ideoque
1846 4111 2166 4168 scribimus

503 4191 772 4266 quotidie
826 4194 906 4249 ad
966 4193 1375 4252 Occidentales
1431 4211 1532 4267 per
1587 4198 1896 4267 regionem
1951 4200 2164 4257 fratres

503 4285 769 4348 nostros,
797 4281 1248 4339 comministros
1268 4288 1326 4340 et
1345 4284 1757 4358 coepiscopos,
1777 4292 2023 4359 paratos
2037 4304 2166 4346 esse

504 4368 587 4428 ad
638 4369 1227 4443 Constantinopolim
1279 4375 1619 4430 convenire.
1669 4375 1820 4440 Quin
1873 4376 2054 4434 etiam
2102 4378 2162 4435 in

503 4473 894 4533 quacumque
949 4459 1258 4532 provincia
1306 4461 1521 4533 positis
1569 4465 2061 4536 suggerimus,ut
2100 4468 2162 4526 in

500 4546 706 4605 locum
725 4547 1143 4604 defunctorum
1174 4550 1552 4622 pontiﬁcum,
1593 4551 1736 4608 alios
1767 4553 1942 4626 juxta
1978 4573 2160 4615 cano-

500 4651 653 4693 num
679 4636 1030 4709 praescripta
1053 4637 1372 4704 ordinent;
1405 4639 1789 4714 maximeque
1820 4659 1944 4717 prae
1973 4648 2162 4704 omni.

499 4723 641 4795 bus,
659 4724 720 4782 in
747 4725 896 4782 urbe
922 4725 1108 4796 regia.
1125 4727 1367 4798 Oportet
1385 4727 1546 4784 enim
1562 4736 1808 4788 cunctos
1829 4733 1891 4789 in
1922 4737 2161 4808 synodo

499 4814 835 4884 considere,
864 4819 993 4872 tum
1022 4819 1298 4871 nostrum
1326 4817 1754 4894 patriarcham,
1791 4827 1919 4880 tum
1942 4832 2159 4884 metro-

498 4903 735 4978 politas,
766 4903 1038 4977 aliosque
1080 4903 1417 4977 pontiﬁces,
1447 4907 1716 4983 nihilque
1745 4913 2025 4972 mutilum
2050 4915 2160 4973 im-

499 4993 955 5068 perfectumque
981 4993 1234 5052 inveniri
1259 4994 1428 5068 apud
1453 5012 1587 5055 nos.

569 5173 736 5244 Opus
763 5174 966 5228 autem
993 5168 1172 5226 nobis
1201 5174 1290 5228 est
1316 5174 1497 5233 etiam
1537 5182 1674 5236 ante
1719 5182 2024 5255 synodum
2054 5199 2156 5257 pa-

497 5257 760 5318 triarcha
804 5258 1080 5331 ejusdem
1133 5264 1438 5322 sententia:
1482 5281 1554 5325 ac
1599 5271 1784 5340 vocis,
1811 5272 1918 5346 qui
1942 5272 2156 5331 doceat

569 5383 592 5420 5
621 5382 796 5442 Joan.
823 5397 885 5455 v,
912 5385 1000 5442 39.
1044 5385 1065 5420 ο
1094 5386 1116 5440 Ι
1148 5385 1276 5444 Cor.
1299 5403 1380 5460 ιιι,
1412 5395 1468 5449 9.

559 5507 643 5603 Ω.)
669 5506 1172 5603 Ξὶἑρξῇίνοηξίὶνίὲίὶ
1180 5512 1470 5603 fuerit”,
1495 5521 1598 5576 aut
1619 5518 1886 5603 ξερερῥῆἓι
1913 5529 2149 5603 Σιρερῆν»

494 5579 632 5642 sm
653 5579 889 5656 Henry.
936 5579 1042 5644 Est
1077 5582 1243 5646 enim
1265 5579 1468 5666 ’Ἑῤῥῆξ
1498 5605 1606 5651 seu
1639 5579 2148 5675 imiimi-italis;

2281 1787 2340 1836 τό
2395 1791 2597 1856 πνεῦμα
2649 1791 2741 1844 τῆς
2795 1791 2890 1844 σῆς
2931 1788 3116 1855 σοφίας
3155 1779 3377 1846 δικαίως
3424 1783 3509 1837 ἐπὶ
3538 1787 3722 1838 τούτου
3752 1785 3900 1858 ἡμᾶς

2284 1871 2628 1927 ἐπαινέσεται.
2690 1871 2984 1934 Ἐπαινετός
3030 1874 3132 1945 γὰρ
3194 1873 3328 1934 ἄπας
3367 1874 3393 1926 ὁ
3452 1872 3743 1932 συνοδικην
3775 1872 3901 1926 ἐπι-

2281 1961 2594 2037 καλούμενος
2623 1967 2797 2037 κρίσιν
2836 1967 2926 2014 καὶ
2947 1966 3040 2021 τὴν
3070 1960 3258 2016 ἐκεῖθεν
3280 1958 3588 2036 διάγνωσιν.

2351 2234 2535 2284 Τοίνυν
2579 2227 2687 2283 ἐπεὶ
2737 2231 2924 2305 μικρόν
2973 2226 3085 2282 ἐστι
3138 2231 3200 2284 τὸ
3248 2227 3442 2304 μεταξὺ
3490 2237 3591 2283 τῶν
3649 2229 3894 2284 Λατίνων

2280 2324 2370 2394 xui
2436 2328 2536 2372 τῶν
2625 2318 2889 2392 Ῥωμαίων
2945 2323 3286 2392 μεταίχμιον,
3353 2318 3380 2372 ὃ
3459 2317 3568 2373 λύει
3639 2322 3734 2378 τὴν
3789 2327 3892 2384 τῆς

2279 2416 2405 2482 μιᾶς
2467 2407 2780 2470 Ἐκκλησίας
2831 2412 3130 2481 συνέχειαν,
3186 2409 3400 2468 θέλησον
3448 2405 3670 2462 σύνοδον
3707 2407 3891 2463 οἰκον-

2280 2503 2492 2572 μενικήν
2560 2496 2923 2572 ἀθροισθῆναι,
2979 2497 3336 2562 έξαποστελείς
3401 2494 3462 2552 δε
3524 2500 3890 2574 τοποτηρητάς

2279 2597 2370 2651 τῆς
2437 2597 2532 2650 σῆς
2559 2586 2980 2662 μεγαλειότητος,
3028 2592 3120 2642 καὶ
3173 2587 3470 2658 λαληθήτω,
3535 2593 3625 2641 καὶ
3675 2587 3888 2647 λυθὴτω

2278 2685 2380 2732 πᾶν
2426 2682 2484 2732 τὸ
2540 2677 3042 2752 ἀμφισϐητούμενον.
3105 2677 3223 2731 Ἐὰν
3278 2680 3387 2739 εἴης
3425 2683 3515 2730 καὶ
3563 2677 3722 2740 αὐτὸς
3759 2696 3886 2730 συνο

2278 2773 2420 2844 εργός
2478 2776 2632 2839 Θεοῦ,
2693 2769 2827 2820 κατά
2894 2766 3094 2820 Παῦλον
3177 2769 3264 2820 τὸν
3341 2772 3502 2841 μέγαν
3575 2766 3877 2834 ἀπόστολον,

2277 2859 2504 2932 εὐχερῶς
2567 2859 2778 2929 ἔχομεν,
2841 2851 3096 2926 δέσποτα,
3155 2861 3245 2908 καὶ
3317 2855 3467 2909 αὐτοὶ
3532 2854 3730 2932 ἀπᾶραι
3785 2861 3884 2915 τῆς

2280 2945 2590 3008 διοικήσεως
2650 2943 3257 3016 Κωνσταντινουπόλεως,
3287 2950 3376 2997 καὶ
3428 2950 3693 3018 μετοικίαν
3751 2962 3886 2997 στα·-

2277 3035 2428 3096 λῆναι
2465 3038 2596 3109 πρὸς
2651 3039 2746 3093 τὴν
2785 3032 3058 3104 ἀνατολὴν,
3120 3034 3149 3093 ἣ
3215 3037 3309 3092 τὴν
3379 3030 3556 3090 δύσιν.
3611 3032 3765 3086 Ἀλλά
3827 3049 3890 3105 γε

2279 3125 2493 3199 οἰόμεθα
2535 3123 2784 3181 αὐθέντην
2855 3125 2996 3196 ἔχειν
3071 3126 3158 3176 τόν
3225 3121 3452 3196 βασιλέα
3492 3125 3640 3195 ἡμῶν
3707 3121 3886 3198 Σιρῥε-

2276 3221 2360 3292 ρὶν
2386 3215 2485 3287 (1),
2522 3219 2611 3267 καὶ
2655 3214 2756 3266 ὑπὸ
2819 3217 2912 3272 τὴν
2963 3215 3117 3265 σκιὰν
3164 3215 3350 3266 τούτου
3387 3212 3503 3285 ζῇν,
3537 3217 3627 3266 καὶ
3654 3213 3884 3270 θητεύειν

2277 3311 2367 3358 καὶ
2409 3310 2672 3377 γηπονεῑν,
2712 3307 2803 3355 καὶ
2862 3306 3177 3374 ποιμαίνειν,
3235 3306 3324 3354 καὶ
3367 3300 3534 3354 πλέειν
3579 3299 3879 3354 θάλασσαν’

2277 3399 2450 3471 χωρὶς
2510 3390 2568 3447 δι
2620 3395 2766 3466 ἡμῶν
2823 3391 2882 3444 ού
2933 3391 3339 3467 πληρωθήσεται
3385 3390 3542 3456 ἄλως,
3579 3386 3703 3444 ούδε
3729 3388 3883 3452 ληνός

2277 3482 2402 3538 οὐδὲ
2462 3482 2799 3559 βρωθησεται
2847 3483 3020 3555 ἄρτος,
3079 3482 3137 3534 ού
3176 3485 3344 3556 κρέας,
3399 3480 3492 3533 οῦκ
3542 3480 3717 3553 ἰχθῦς,
3757 3475 3885 3533 ούδὶ

2275 3574 2506 3646 λάχανον
2539 3594 2552 3606 ·
2623 3572 2730 3625 ἀλλ’
2806 3568 2929 3625 οὐδὲ
2977 3569 3270 3644 ἀνθρωπίνη
3326 3570 3434 3631 ζωὴ
3503 3575 3592 3623 καὶ
3648 3569 3886 3623 πολιτεία

2281 3665 2624 3722 σταθήσεται.
2679 3666 2780 3715 Καὶ
2834 3668 3003 3714 ταῦτα
3042 3665 3218 3732 μέντοι
3274 3667 3526 3732 πονοῦμεν
3576 3667 3686 3722 τοίς
3733 3655 3885 3711 ἀδελο

2279 3761 2391 3826 φοῖς
2448 3754 2594 3826 ἡμῶν
2650 3758 2758 3813 τοῖς
2822 3754 3085 3816 Λατίνοις,
3141 3753 3232 3801 καὶ
3287 3753 3698 3822 συγκομίζομεν,
3747 3751 3886 3802 κατά

2277 3846 2336 3896 τό
2383 3849 2564 3917 χεῖρον
2630 3849 2726 3902 τῆς
2792 3839 2932 3902 ζωῆς
2997 3840 3142 3911 ἡμῶν
3199 3842 3372 3911 μέρος,
3423 3841 3482 3890 τό
3546 3839 3727 3895 θνητὸν
3793 3842 3886 3890 καὶ

2276 3932 2516 4006 λυόμενον
2551 3949 2566 3965 ο
2623 3930 2854 4002 ἐθέλομεν
2919 3925 2980 3981 δε
3029 3932 3120 3980 καὶ
3174 3929 3311 3979 κατά
3367 3929 3423 3978 τό
3471 3935 3703 4002 κρεῖττον
3759 3928 3884 3999 ὁμοο

2279 4029 2537 4094 φρονῆσαι
2592 4025 2683 4072 καὶ
2729 4019 2938 4088 ζῶντες,
3005 4021 3094 4070 καὶ
3147 4019 3278 4089 μετά
3351 4017 3586 4084 θάνατον,
3636 4018 3706 4077 ὡς
3751 4015 3880 4089 μέλη

2281 4117 2522 4183 σώματος
2584 4110 2692 4171 ἑνός
2743 4107 3003 4162 ἀθανάτου
3042 4107 3431 4178 τυγχάνοντες·
3486 4109 3577 4158 καὶ
3617 4101 3710 4158 διὰ
3727 4113 3889 4159 τοῦτο

2277 4201 2537 4274 γράφομεν
2583 4200 2913 4255 καθεκάστην
2973 4200 3064 4248 καὶ
3119 4198 3252 4269 πρὸς
3299 4198 3550 4258 Δντικοῦς
3577 4203 3673 4256 τῆς
3699 4200 3890 4271 χώρας

2278 4285 2531 4362 ἀδελφοὺς
2587 4290 2734 4361 ἡμῶν
2789 4291 2880 4338 καὶ
2943 4283 3371 4358 συλλειτουργοῦς
3408 4288 3499 4336 καὶ
3560 4287 3886 4336 συνεπισκό-

2273 4397 2423 4445 πους,
2493 4378 2727 4451 ἑτοίμους
2783 4374 2911 4428 εἶναι
2962 4373 3218 4426 συνελθεῖν
3262 4373 3329 4434 εἰς
3387 4375 3882 4426 Κωνσταντινούπο-

2271 4467 2367 4521 λιν.
2432 4467 2589 4523 Ἀλλὰ
2656 4471 2748 4518 καὶ
2804 4471 2910 4525 τοίς
2965 4464 3102 4515 κατά
3162 4468 3335 4516 πᾶσαν
3379 4459 3640 4538 ἐπαρχίαν
3698 4463 3880 4514 ὑποτι-

2274 4562 2473 4633 θέαμεν,
2530 4555 2644 4609 ἀντὶ
2693 4562 2792 4607 τῶν
2851 4552 3266 4611 τελευτησάντων
3307 4550 3616 4626 ἀρχιερέων,
3674 4550 3880 4625 ἐτέρους

2267 4654 2644 4724 χειροτονῆσαι
2694 4651 2974 4705 κωονικῶς
3004 4657 3017 4671 ⁸
3079 4645 3170 4694 καὶ
3217 4639 3454 4714 μάλιστά
3505 4657 3566 4710 γε
3600 4643 3702 4715 πρὸ
3746 4641 3882 4693 πάν-

2268 4759 2368 4792 των
2443 4735 2513 4798 εἰς
2589 4739 2684 4793 τὴν
2734 4741 2832 4786 τῶν
2896 4730 3089 4784 πόλεων
3148 4729 3558 4803 βασιλεύουσαν.
3625 4736 3710 4782 Δεῖ
3765 4730 3875 4802 γὰρ

2266 4829 2450 4887 πάντος
2487 4825 2536 4877 ἐν
2583 4831 2645 4898 τῇ
2682 4818 2889 4894 συνόδῳ
2929 4816 3309 4890 συνεδριάζειν,
3365 4823 3454 4872 καὶ
3488 4821 3576 4871 τόν
3627 4821 3880 4894 ἡμέτερον

2265 4917 2630 4990 πάτριάρχην,
2676 4914 2914 4974 καὶτοὺς
2953 4907 3361 4984 μητροπολίτας,
3405 4910 3494 4960 καὶ
3526 4909 3650 4970 τοὺς
3686 4904 3884 4971 ἄλλους

2268 5004 2553 5080 ἀρχιερεῖς,
2581 5007 2672 5056 καὶ
2709 4996 2876 5074 μηδὲν
2906 5001 3032 5071 ἡμῖν
3063 4996 3261 5059 ἐλλιπὴς
3283 4997 3572 5070 εὑρεθῆναι.

2334 5189 2500 5260 Χρεία
2551 5179 2610 5237 δε
2659 5183 2784 5254 ἡμῖν
2832 5182 2921 5231 καὶ
2971 5177 3072 5254 πρὸ
3103 5183 3199 5239 τῆς
3238 5172 3465 5230 συνόδου
3507 5175 3878 5250 όμογνώμονος

2262 5276 2600 5352 πατριάρχου
2679 5276 2770 5325 καὶ
2822 5269 3114 5343 όμοφὼνον,
3183 5263 3498 5330 διδάξαντος
3552 5267 3621 5321 τὰ
3667 5266 3872 5326 συνήθη

2262 5527 2516 5595 Erricus,
2549 5523 2840 5595 Herricus,
2869 5519 3093 5579 Ericus.
3126 5520 3336 5596 Γέρικος
3364 5519 3428 5578 in
3456 5519 3614 5579 Hist.
3643 5515 3861 5581 comit.

2259 5602 2639 5673 Florent.,p.
2660 5599 2751 5666 20,
2780 5597 2872 5655 40.
