4148 6380
263 262 375 323 297
1445 260 1660 322 EPIST.
1698 260 1799 320 AD
1843 258 2322 322 INNOCENTIUI!
2367 260 2467 324 Ill.
3529 268 3642 329 298

257 392 355 444 καὶ
403 381 828 463 μεταδώσοντος,
881 388 976 442 καὶ
1035 383 1423 463 ὑποδεξαμένου
1473 388 1569 450 τὰς
1624 388 1879 462 ἡμετέρας

2006 390 2279 444 :onsueta
2306 392 2362 444 et
2377 384 3070 464 impertiat,nostrasqne
3094 390 3387 466 suscipiat
3409 393 3644 451 confes-

263 477 592 556 ἰξαγορείας.
644 480 742 532 Διὰ
797 484 968 531 ταῦτα
1021 479 1125 553 γὰρ
1190 483 1281 533 καὶ
1341 478 1415 541 εἰς
1469 482 1564 539 τὴν
1619 480 1878 551 Ἰερουσα-

2005 477 2206 534 siones.
2240 479 2572 550 Eapropter
2590 492 2857 553 namque
2887 480 3317 555 Hierosolymis
3345 487 3403 541 et
3434 484 3643 542 Antio-

264 566 400 642 λήμ,
453 572 544 620 καὶ⁵
595 566 662 629 εἰς
729 570 826 626 τήν
884 566 1232 641 ’Δντιόχειαν,
1306 567 1411 629 ἑνός
1478 567 1642 642 ῥηγός
1711 570 1874 638 ὄντος,

2003 565 2159 634 :hize,
2198 582 2339 623 cum
2381 581 2540 623 unus
2579 582 2684 624 rex
2721 572 2897 639 esset,
2929 568 3054 627 duo
3100 576 3269 628 erant
3300 571 3641 646 pontiﬁces.

271 653 376 710 δύο
424 653 558 715 ἦσαν
613 654 907 733 ἀρχιερεῖς,
963 660 1055 710 καὶ
1097 657 1172 720 εἰς
1246 658 1368 719 τοὺς
1420 654 1731 729 Ῥωμαίους,
1786 659 1879 708 καὶ

2003 657 2271 726 Rommis,
2334 656 2504 720 alter,
2553 656 2703 714 alter
2756 657 2999 729 Latinis,
3038 659 3315 732 ejusdem
3363 677 3503 720 cum
3566 662 3641 720 iis

274 745 352 809 εἰς
378 748 498 809 τοὺς
550 749 825 813 Λατίνους,
881 747 1199 820 ὁμογνώμων
1246 746 1424 808 αὐτοῖς
1467 752 1558 799 καὶ
1610 744 1878 819 ὁμόγλωτ-

2000 745 2289 818 opinionis
2331 751 2388 803 et
2431 745 2676 819 linguae,
2723 747 3046 823 adhucque
3086 750 3233 824 ipsis
3283 750 3638 813 consimilis.

273 855 388 906 τος,
454 834 625 897 αὐτοῖς
667 834 825 888 πάλιν
891 836 1089 909 ὅμοιος.
1156 832 1298 890 Ούδε
1359 838 1459 910 γὰρ
1518 832 1580 895 ἦν
1646 836 1876 908 θεμιτόν,

2001 836 2191 908 N’eque
2216 835 2377 892 enim
2417 835 2507 894 fas
2537 842 2629 893 est
2660 841 2726 895 ut
2766 837 3074 911 quispiam
3102 854 3212 912 per
3252 839 3639 915 interpretem

274 921 356 978 δι’
418 924 667 998 ἑρμηνέως
726 926 861 1000 πρὸς
927 924 1308 1000 ἕτερόγλωσσον
1363 925 1707 999 πατριάρχην
1766 922 1872 987 ἆξο-

2002 923 2224 982 >οουιιο
2282 925 2637 984 conﬁteatur
2684 927 3042 1001 patriarchae
3088 928 3333 987 alterius
3393 930 3640 1003 linguae,

268 1013 609 1088 μολογείσθαι
645 1031 766 1067 τινα
792 1016 861 1067 τὰ
907 1016 1124 1089 κρύφια,
1181 1015 1278 1068 κᾶν
1326 1016 1454 1078 ῖσως
1508 1019 1599 1067 καὶ
1638 1015 1875 1087 όμογνωο

2002 1013 2271 1086 quamvis
2324 1015 2528 1072 forsan
2579 1016 3013 1075 sententiarum
3067 1033 3401 1077 consensus
3460 1019 3640 1083 adsit.

268 1105 476 1177 μοσύνη
532 1111 724 1180 παρῆν.
806 1108 923 1180 Χρὴ
991 1111 1271 1178 τοιγαροῦν
1344 1112 1513 1158 ταῦτα
1567 1107 1733 1179 μέχρι
1784 1111 1881 1166 τῆς

2004 1103 2237 1176 Oportet
2275 1103 2456 1177 igitur
2483 1103 2614 1162 haec
2651 1119 2844 1180 usque
2898 1105 2979 1164 ad
3015 1106 3304 1166 unionem
3348 1123 3492 1182 erga
3526 1126 3642 1169 nos

267 1190 492 1254 ἔνώσεως
552 1198 644 1246 καὶ
706 1191 774 1255 εἰς
829 1195 966 1266 ἡμᾶς
1023 1193 1380 1267 φυλαχθῆναι.
1441 1192 1708 1267 Ἐθίλομεν
1776 1194 1877 1267 γὰρ

2000 1189 2299 1249 observari
2319 1208 2588 1267 quoque.
2604 1193 2895 1251 Volumus
2916 1195 3216 1269 siquidem
3244 1201 3300 1255 et
3331 1203 3638 1273 optamus,

258 1288 356 1336 καί
384 1282 658 1357 εὐχόμεθα
704 1287 801 1343 τὴν
859 1284 1052 1337 οἰκείαν
1100 1285 1371 1340 αὐθεντίαν
1416 1288 1557 1358 ἔχειν
1609 1283 1762 1339 πάλιν
1813 1287 1882 1337 τὰ

2000 1285 2055 1337 ut
2094 1281 2310 1339 iterum
2349 1299 2464 1342 sua
2517 1283 2871 1342 auctoritate
2913 1285 3222 1358 potiantur
3267 1288 3638 1363 apostolicae,

262 1371 598 1426 ἀποστολικὰ
626 1376 719 1426 καὶ
766 1371 1027 1427 συνοδικὰ
1075 1380 1167 1428 καὶ
1216 1372 1474 1447 βασιλικὰ
1538 1380 1627 1428 καὶ
1683 1376 1874 1447 νομικόι

1998 1371 2321 1442 synodicae,
2338 1371 2771 1447 imperatorum
2792 1373 3122 1450 legumque
3146 1378 3636 1450 constitutiones,

268 1456 633 1535 διατάγματα,
704 1462 827 1515 ὅσον
877 1466 996 1526 τούς
1047 1471 1142 1526 τῆς
1193 1460 1452 1536 ἐπαρχίας
1503 1463 1726 1524 ἑκάστης
1778 1462 1878 1536 ἆρ-

2003 1462 3143 1540 ;uatenuspraecipiuutuniuscujusque
3153 1464 3481 1540 provinciae
3492 1483 3641 1544 pon-

268 1558 470 1626 χιεριῖς
525 1555 674 1626 παρά
742 1560 836 1606 τοῦ
913 1558 1124 1628 πρώτου
1198 1561 1291 1615 τῆς
1374 1552 1539 1616 αὐτῆς
1617 1550 1882 1628 ἐπαρχίας

2005 1549 2176 1606 ilices
2206 1567 2242 1607 ιι
2288 1553 2483 1625 primo
2509 1552 2784 1625 ejusdem
2811 1553 3141 1628 provinciae
3170 1555 3309 1628 eligi
3339 1560 3522 1631 atque
3549 1574 3643 1617 ore

270 1638 577 1714 ἂλέγεσθαι
651 1646 745 1695 καὶ
819 1644 1241 1718 χειροτονεῖσθαι
1306 1639 1709 1698 διακελεύονται.
1781 1642 1879 1697 Αἰ-

2003 1636 2206 1696 linari.
2256 1640 2522 1699 Petimus
2553 1642 2737 1699 etiam
2789 1658 2826 1700 a
2860 1647 2964 1701 tua
3003 1645 3333 1718 pontiﬁcali
3358 1644 3641 1718 magniﬁ‘

272 1732 506 1804 τούμεθα
565 1727 649 1787 δὲ,
690 1736 784 1785 καὶ
854 1735 912 1785 τὸ
993 1735 1085 1785 σὸν
1162 1730 1538 1808 ἀρχιερατικὸν
1612 1731 1881 1806 μεγαλεῖον

2003 1729 2204 1801 centia,
2251 1734 2318 1787 ut
2366 1746 2638 1804 prmsens
2686 1731 2991 1789 tenuitatis
3036 1738 3257 1791 nostra:
3295 1734 3641 1809 epistolium

276 1816 679 1892 προσδέξασθαι
728 1824 790 1875 τό
831 1823 998 1896 παρόν
1051 1830 1149 1885 τῆς
1195 1821 1342 1896 ἡμῶν
1408 1821 1662 1885 εὐτελείας
1708 1842 1878 1895 γραμο

2005 1818 2292 1890 1dmittat,
2322 1818 2578 1894 velitque
2608 1820 2916 1894 synodum
2946 1822 3289 1894 generalem
3319 1824 3475 1897 cogi,
3518 1837 3643 1899 quo

279 1909 487 1981 μάτιον,
525 1914 617 1963 καὶ
669 1908 889 1971 θελῆσαι
936 1906 1155 1964 σύνοδον
1200 1910 1563 1984 οἰκουμενικήν
1610 1911 1883 1985 συναχθῆ-

2007 1907 2335 1965 iivinorum
2364 1909 2724 1981 dogmatum
2782 1910 3004 1967 veritas
3071 1911 3454 1982 dijudicctur.
3497 1915 3645 1971 Cum

282 2018 384 2067 ναι,
446 1999 582 2052 ὥστε
635 1995 1035 2071 διαγνωσθῆναι
1085 2003 1182 2058 τὴν
1242 2008 1343 2053 τῶν
1395 2001 1538 2054 θείων
1604 1997 1882 2074 δογματων

2009 1997 2121 2054 ieri
2139 2003 2401 2072 nequeat
2420 2004 2741 2072 utramque
2758 2004 2993 2072 partem
3013 2000 3076 2057 in
3098 2014 3246 2057 vera
3264 2016 3396 2059 esse
3412 2006 3647 2060 sentené

274 2084 550 2147 ἀλήθειαν.
618 2084 903 2142 Ἀδύνατον
957 2091 1059 2165 γὰρ
1117 2087 1384 2148 ἀληθεύειν
1439 2091 1595 2163 ἄμφω
1635 2093 1699 2143 τὰ
1749 2094 1881 2165 μέρη

2004 2087 2074 2142 tia
2093 2103 2107 2155 ;
2130 2087 2423 2159 quoniam
2444 2103 2581 2160 quae
2608 2086 2909 2145 contraria
2928 2092 3089 2157 sunt,
3105 2104 3231 2146 non
3248 2094 3388 2147 sunt
3407 2090 3642 2149 eadem.

274 2180 410 2230 κατὰ
488 2180 548 2230 τό
620 2181 861 2253 φρόνημα
917 2198 932 2214 ο
1013 2180 1096 2232 ὅτι
1157 2174 1298 2252 μηδὶ
1370 2176 1638 2247 τάναντία,
1694 2181 1882 2236 ταντα.

2009 2173 2363 2231 3eometrica
2392 2175 2549 2232 enim
2593 2174 2948 2233 necessitate
2973 2192 3130 2233 unus
3155 2177 3458 2237 invenitur
3491 2174 3647 2254 lapis

282 2271 661 2341 Γεωμετρικαῖς
760 2270 864 2343 γὰρ
968 2265 1218 2340 ἆνὰγκαις
1325 2265 1398 2330 εἷς
1511 2268 1887 2342 ἁκροφωνιαῖος

2018 2279 2155 2319 mus
2205 2263 2542 2335 angularis,
2573 2264 2964 2338 obliquorum
3005 2281 3335 2335 connexor,
3368 2282 3650 2342 unusque

281 2355 444 2426 λίθος,
505 2353 765 2419 συνδίτης
816 2365 917 2409 τῶν
978 2356 1212 2429 πλαγίων
1270 2358 1586 2431 εὑρίσκεται,
1639 2364 1730 2412 καὶ
1786 2364 1890 2432 μία

2013 2353 2227 2410 exsistit
2253 2358 2452 2410 rectus
2485 2354 2773 2426 angulus,
2804 2354 2911 2427 qui
2965 2370 3165 2428 neque
3212 2356 3413 2428 majus
3452 2369 3651 2431 neque

285 2443 427 2498 ἔστὶν
491 2447 521 2505 ἡ
573 2445 703 2521 ὀρθὴ
775 2451 963 2518 γωνία,
1015 2451 1088 2518 μὴ
1142 2443 1553 2521 παραδεχομένη
1631 2453 1764 2521 μήτε
1828 2451 1888 2501 τὸ

2017 2443 2202 2499 ninus
2238 2442 2515 2501 admittit.
2545 2443 2856 2517 Siquidem
2883 2443 2945 2499 in
2976 2443 3181 2517 majus
3221 2450 3511 2515 mutatus,
3543 2448 3655 2503 erit

284 2539 465 2609 μεῖζον
515 2540 646 2608 μήτε
691 2538 751 2588 τό
808 2535 1034 2592 ἔλαττον,
1087 2535 1439 2612 Ἐκτραπείσα
1490 2540 1579 2610 μὲν
1616 2539 1718 2613 γὰρ
1760 2541 1890 2612 πρὸς

2016 2532 2278 2604 )btusus,
2324 2532 2385 2589 in
2438 2533 2640 2590 minus
2688 2549 2853 2605 vero,
2904 2538 3149 2606 acutus;
3200 2538 3383 2609 atque
3431 2534 3654 2594 horum

283 2627 346 2677 τό
412 2625 609 2698 μεῖζον,
667 2627 818 2679 ἔσται
884 2623 1105 2698 ἀμϐλεῖα
1138 2642 1152 2657 '
1227 2629 1357 2700 πρὸς
1428 2622 1487 2679 δε
1541 2630 1602 2679 τό
1659 2627 1887 2695 ἰλαττον,

1000 2625 1105 2679 λεῖα
1138 2642 1152 2657 ο
1227 2629 1357 2700 πρὸς
1428 2622 1487 2679 δε
1541 2630 1602 2679 τό
1659 2627 1887 2695 ἔλαττον,
1999 2626 2252 2694 uterque
2272 2620 2638 2679 indeﬁnitus.

283 2713 436 2766 ἔσται
457 2711 597 2775 ὀξεῖα
621 2731 636 2746 '
679 2713 874 2770 ἑκάστη
909 2709 970 2766 δε
994 2715 1213 2784 τούτων,
1245 2711 1513 2787 ἀόριστος.

355 2802 498 2856 Ἐπεὶ
560 2799 620 2855 δὲ
684 2804 710 2855 ὀ
768 2801 1145 2878 θεοπρόϐλητος
1206 2808 1297 2856 καὶ
1350 2802 1687 2879 φιλόχριστος
1742 2805 1891 2877 ἡμῶν

2074 2800 2364 2856 Caeterum
2394 2800 2688 2874 quoniam
2732 2815 2769 2856 a
2816 2802 2936 2857 Deo
2987 2805 3305 2874 promotus
3352 2806 3412 2859 et
3439 2798 3660 2860 Christi

287 2888 542 2965 βασιλεὺς
588 2892 798 2945 ὑπέθετο
845 2893 994 2965 ἡμῖν,
1047 2897 1142 2951 τὴν
1208 2890 1498 2952 ἀνήκουσαν
1542 2898 1703 2967 τιμὴν
1751 2893 1896 2968 εύμε-

2019 2889 2311 2946 studiosus
2334 2889 2663 2963 imperator
2686 2894 2892 2947 noster
2909 2892 3193 2964 prtecepit
3221 2891 3495 2959 nobis,ut
3512 2906 3657 2948 con-

283 2989 384 3042 νῶς
410 2988 725 3055 προσνεῖμαι
773 2989 841 3052 τῷ
878 2980 1003 3053 ὕψει
1044 3001 1162 3053 σου,
1220 2977 1520 3055 ᾖδέσθημεν
1573 2991 1667 3046 τῆς
1708 2984 1896 3059 ἡμερό-

2022 2979 2343 3036 renientem
2373 2979 2669 3036 honorem
2698 2978 3042 3036 celsitudini
3080 2984 3199 3037 tua:
3237 2980 3529 3038 benevole
3557 2980 3660 3038 tri-

283 3086 445 3130 τητος
502 3068 661 3122 αὐτοῦ
706 3074 761 3122 τὸ
802 3068 1092 3144 ἐπίταγμα,
1144 3076 1235 3125 καὶ
1297 3073 1674 3145 κατετιθίμεθα
1738 3077 1897 3147 τιμήν

2019 3070 2291 3134 buamus,
2329 3068 2563 3125 reveriti
2596 3084 2810 3127 sumus
2841 3067 3172 3125 clementiae
3202 3072 3333 3141 ejus
3369 3069 3657 3142 edictum,

283 3178 371 3214 σοι
426 3166 618 3233 νεζααι,
672 3156 925 3227 δέσποτα,
977 3164 1301 3236 πρέπουσαν,
1361 3163 1479 3224 ἣτις
1532 3160 1678 3216 ἐστὶν
1738 3162 1894 3236 εὐφη-

2023 3165 2066 3216 at
2084 3157 2505 3215 constituimus
2534 3156 2660 3230 tibi,
2694 3156 2960 3221 domine,
2992 3172 3333 3230 congruum
3361 3159 3661 3216 honorem

273 3254 394 3323 μία,
460 3257 583 3311 ταῖς
647 3246 952 3322 βασιλικαῖς
1018 3249 1292 3323 εὐφημίαις
1360 3250 1662 3327 ἰσόρροπος,
1728 3255 1891 3315 οὕτως

2024 3246 2370 3320 ieferre,qui
2398 3253 2491 3304 est
2517 3245 2785 3304 laudatio
2799 3251 2857 3304 et
2878 3246 3239 3305 acclamatio
3260 3247 3662 3322 imperatoriis

282 3337 370 3392 ἰπὶ
418 3337 599 3401 λέξεως
638 3341 847 3411 ἔχουσα
888 3360 901 3373 '
953 3361 983 3389 ‹‹
1039 3339 1341 3394 Ἰνοκεντίου
1390 3338 1653 3395 δεσπότου
1702 3343 1897 3396 πάππα

2025 3337 2291 3395 audibus
2321 3336 2986 3410 acclamationibusque
3006 3337 3282 3411 mqualis,
3303 3337 3389 3396 ita
3408 3337 3490 3395 ad
3532 3353 3663 3396 ver-

286 3432 387 3489 τῆς
440 3426 795 3502 πρεσϐυτέρας
859 3427 1078 3503 Ῥώμης,
1145 3429 1312 3484 πολλὰ
1368 3432 1436 3483 τὰ
1487 3432 1596 3491 ἔτη*
1652 3451 1681 3482 »
1754 3430 1898 3505 ὀφεί-

2024 3427 2199 3483 bum:
2235 3449 2264 3479 ‹‹
2311 3426 2639 3483 Innocentii
2686 3425 2920 3483 domini
2961 3442 3141 3500 papae
3180 3427 3397 3484 veteris
3436 3429 3662 3497 Romae,

288 3514 458 3569 λουσα
521 3516 764 3589 λέγεσθαι
838 3517 964 3592 παρ’
1032 3519 1180 3592 ἡμῶν
1239 3520 1371 3592 μετὰ
1441 3524 1535 3579 την
1605 3519 1899 3573 τελευταίαν

2028 3517 2237 3573 multos
2266 3531 2463 3573 annos
2486 3533 2499 3584 ;
2525 3538 2554 3566 ν
2585 3531 2723 3588 quae
2751 3531 2787 3572 a
2815 3515 2994 3572 nobis
3021 3515 3274 3589 proferri
3290 3515 3666 3589 debeatpost

287 3607 453 3680 εὐχὴν
520 3616 623 3659 τῶν
704 3607 986 3675 συνάξεων,
1053 3612 1247 3684 μέχρις
1299 3608 1361 3662 ἂν
1433 3613 1493 3663 τό
1578 3617 1789 3684 Πνεῦμα
1841 3613 1901 3663 τό

2027 3606 2287 3663 illimam
2326 3603 2711 3661 collectarum
2758 3605 3129 3675 orationem;
3169 3604 3363 3662 donec
3413 3603 3665 3678 Spiritus

288 3695 435 3768 ἅγιον
497 3693 719 3751 σύνοδον
792 3700 1087 3772 συναγάγῃ,
1148 3704 1239 3752 καὶ
1299 3704 1705 3772 μυσταγωγήσῃ
1780 3702 1901 3774 ἡμῖν

2030 3702 2291 3752 sanctum
2346 3693 2665 3750 concilium
2733 3694 3014 3765 coegerit,
3066 3709 3302 3767 nosque
3366 3694 3447 3752 ad
3511 3693 3668 3752 sacri

293 3792 388 3838 τοῦ
443 3782 703 3858 δόγματος
764 3791 861 3846 τὴν
919 3785 1205 3860 ἀκρίϐειαν.
1264 3793 1391 3842 Τότε
1454 3792 1557 3863 γὰρ
1607 3796 1777 3862 γυμνῇ
1836 3796 1898 3863 τῇ

2030 3783 2317 3855 iogmatis
2372 3783 2703 3856 perfectam
2756 3782 2993 3839 duxerit
3047 3782 3475 3852 cognitionem.
3504 3785 3668 3839 Tunc

296 3873 486 3947 κεφαλῇ
537 3874 618 3929 ἐπὶ
669 3874 927 3948 ἄμϐωνος,
980 3881 1071 3930 καὶ
1114 3875 1190 3929 ἐπ’
1242 3877 1407 3938 αὐτῆς
1472 3886 1567 3938 τῆς
1618 3877 1898 3950 ἀναφορᾶς,

2029 3873 2174 3931 enim
2198 3872 2365 3930 nudo
2386 3871 2680 3944 capite,ex
2705 3871 2988 3937 ambone,
3016 3872 3172 3927 inter
3199 3872 3397 3944 ipsam
3427 3887 3667 3929 sacram

295 3962 355 4016 ού
411 3967 557 4037 μόνον
608 3967 783 4038 ἡμεῖς,
846 3963 955 4017 ἀλλ’
1039 3965 1282 4030 Αἰθίοπες
1360 3966 1471 4040 ἅμα
1526 3971 1617 4020 καὶ
1684 3965 1897 4035 Λίϐυες,

2031 3961 2404 4030 ὼὶειιὶοιιοω,
2443 3974 2568 4015 non
2599 3958 2797 4016 solum
2837 3974 2973 4029 nos,
3017 3959 3123 4015 sed
3151 3958 3455 4031 [Ethiopes
3486 3954 3669 4016 simul

297 4051 573 4123 Αἰγύπτιοί
634 4072 689 4106 τε
756 4058 845 4107 καὶ
909 4056 1085 4129 Σύροι,
1142 4055 1347 4123 Ῥῶσοι,
1400 4055 1628 4125 Ἀλανοὶ,
1690 4057 1896 4123 Γότθοι,

2026 4067 2083 4107 ιο
2113 4050 2346 4123 Libyes,
2372 4047 2639 4122 Egyptii
2677 4051 2736 4104 et
2765 4046 2915 4120 Syri,
2970 4047 3165 4115 Russi,
3209 4046 3403 4117 Alani,
3449 4047 3664 4115 Gotthi,

292 4140 515 4215 Ἴϐηρες,
565 4147 659 4196 καὶ
686 4144 855 4197 πάντα
896 4145 964 4196 τὰ
1001 4145 1117 4202 ἔθνη
1157 4147 1223 4197 τὰ
1268 4152 1379 4206 τοῖς
1437 4140 1701 4219 δόγμασιν
1753 4146 1900 4218 ἡμῶν

2039 4140 2185 4210 beri,
2212 4154 2547 4212 omnesque
2571 4142 2778 4207 gentes
2805 4150 2944 4211 quae
2973 4134 3260 4193 doctrinae
3288 4140 3509 4195 nostrae
3533 4131 3672 4193 sub-

286 4231 627 4305 ὗποκείμενα,
684 4234 742 4285 τὸ
798 4235 889 4286 σὸν
942 4231 1361 4308 ἁνακηρύξουσιν
1419 4237 1598 4308 ὄνομα,
1658 4238 1747 4286 καὶ
1801 4236 1901 4308 πρό

2038 4229 2314 4298 iciuntur,
2328 4232 2497 4284 tuum
2521 4241 2745 4282 nomen
2759 4226 3255 4299 proclamabunt;
3278 4240 3515 4282 necnon
3533 4230 3669 4282 ante

285 4337 345 4393 γε
398 4322 628 4393 πάντων,
689 4324 843 4383 αὐτὸς
900 4322 926 4375 ό
991 4326 1223 4398 Χριστός
1271 4330 1388 4387 ταῖς
1447 4322 1625 4397 ἁγίαίς
1694 4321 1902 4397 βίϐλοις

2034 4324 2262 4376 iunctos
2290 4317 2421 4390 ipse
2451 4314 2719 4373 Christus
2747 4313 2971 4372 sanctis
2996 4313 3163 4370 libris
3193 4313 3478 4372 inscribet
3503 4330 3517 4382 ;
3567 4308 3672 4388 qui

287 4408 620 4486 ἐγγράφεται
677 4428 692 4443 ο
745 4410 801 4472 ὃς
860 4414 938 4470 ε’ίη
988 4414 1192 4488 μάρτυς
1240 4412 1388 4487 ἡμίν,
1442 4415 1523 4466 ὅτι
1579 4412 1638 4467 οὐ
1686 4419 1903 4473 νικῆσαι

2035 4407 2190 4464 iobis
2218 4406 2385 4464 testis
2417 4406 2510 4475 sit,
2536 4404 2705 4479 quod
2742 4404 2980 4461 vincere
3017 4418 3141 4460 non
3184 4404 3533 4475 gestiamus,
3564 4398 3673 4459 sed

289 4500 576 4571 ποθοῦμεν,
635 4496 746 4552 ἀλλ’
811 4498 1122 4564 ἡττηθέντες
1178 4504 1248 4563 ὡς
1308 4506 1420 4576 χρη
1493 4503 1851 4578 χαρησόμεθα
1883 4523 1897 4536 ·

2035 4501 2196 4554 )rout
2240 4498 2478 4568 oportet
2513 4494 2673 4563 victi,
2726 4491 2993 4564 gavisuri
3052 4493 3282 4565 simus;
3333 4492 3673 4551 dummodo

300 4591 452 4661 μόνον
504 4588 550 4641 εἰ
601 4589 699 4649 τὴν
754 4590 951 4666 ἡμέραν
1009 4588 1372 4665 ἆθροίσαιμεν.
1433 4590 1491 4645 Ὀ
1557 4595 1657 4667 γὰρ
1728 4590 1777 4644 ἄν
1838 4599 1903 4667 τῇ

2039 4601 2214 4643 ucem
2239 4583 2758 4658 conspexerimus.
2782 4584 2933 4639 Nam
2955 4580 3139 4656 quiin
3166 4582 3350 4640 haece
3379 4581 3504 4640 vita
3530 4594 3677 4653 erga

299 4680 539 4753 παρούσῃ
582 4680 691 4752 ζωῇ
741 4679 835 4733 οὐκ
868 4678 1105 4753 ἀσφαλὴς
1158 4679 1208 4734 ἕν
1257 4688 1364 4743 τοῖς
1416 4677 1678 4756 δόγμασιν
1707 4684 1909 4735 οἴσεται

2039 4675 2310 4746 logmata
2338 4677 2554 4731 cautus
2589 4675 2876 4745 tutusque
2928 4686 3054 4728 non
3099 4676 3210 4735 est,
3260 4671 3559 4729 damnum
3613 4671 3677 4728 in

298 4766 466 4820 θανὼν
509 4772 605 4827 τὴν
654 4768 869 4841 ζημίαν,
916 4778 1022 4845 πῦρ
1091 4774 1182 4825 καὶ
1232 4774 1418 4833 σκότος
1490 4770 1907 4846 κληρονομήσας,

2035 4770 2212 4821 morte
2258 4762 2424 4830 feret,
2471 4761 2675 4835 ignem
2709 4772 2781 4819 ac
2824 4761 3106 4818 tenebras
3154 4761 3216 4818 in
3263 4760 3673 4817 hereditatem

293 4854 413 4912 ἀνθ’
464 4856 533 4909 ὧν
599 4860 659 4910 τό
724 4864 830 4930 φῶς
903 4857 997 4912 ούκ
1054 4857 1324 4935 ἐγνώρισε,
1392 4862 1596 4919 Ταύτην
1649 4862 1740 4934 μεν
1819 4856 1910 4914 οὖν

2039 4857 2405 4927 recepturus,
2450 4867 2560 4926 pro
2616 4866 2689 4908 eo
2730 4850 2896 4925 quod
2927 4849 3135 4908 lumen
3170 4865 3295 4908 non
3341 4851 3677 4922 agnoverit.

291 4949 449 5021 ἡμεῖς
500 4949 596 5006 τὴν
645 4945 842 5020 ζημίαν
883 4949 1281 5024 προῦποθίντες,
1330 4955 1422 5003 καὶ
1470 4947 1768 5013 ἐλεήσαντες
1817 4951 1913 5013 τὰς

2042 4946 2144 5001 loc
2193 4959 2307 5001 nos
2351 4942 2531 5015 igitur
2568 4941 2797 4999 damno
2840 4940 3311 5015 praesupposito,
3366 4940 3680 5013 multaque

292 5035 491 5100 πολλὰς
583 5033 861 5111 μμριοίδας
944 5046 1045 5091 τῶν
1136 5036 1497 5113 ἀπολλυμένων
1579 5035 1865 5115 ἀνθρώπων
1892 5084 1908 5110 ,

2043 5032 2345 5092 nominum
2399 5030 2783 5107 pereuntium
2829 5030 2991 5088 dena
3021 5029 3210 5086 millia
3257 5028 3543 5096 miserati,
3601 5026 3681 5086 ad

298 5126 564 5201 γράφομεν
618 5125 668 5179 ἐν
716 5125 853 5201 ἁγίῳ
920 5129 1186 5201 Πνεύματι
1262 5126 1729 5203 ἐπιφωνηματικῶς
1784 5130 1915 5204 πρὸς

2046 5124 2403 5184 sanctitatem
2429 5128 2598 5181 tuam
2630 5122 2693 5179 in
2724 5125 2934 5179 sancto
2960 5120 3181 5194 Spiritu
3211 5135 3352 5176 cum
3376 5118 3684 5178 exclama-

300 5218 392 5274 τὴν
436 5219 533 5275 σήν
590 5215 854 5290 ἁγιότητα
909 5235 923 5251 ο
978 5216 1063 5271 ἴνα
1115 5218 1309 5291 τάχιον
1364 5222 1649 5295 φροντίσῃς
1697 5213 1918 5273 σύνοδον

2047 5217 2187 5274 ,ione
2234 5214 2586 5282 scribimus;
2645 5217 2713 5270 ut
2758 5211 2936 5270 citius
2983 5208 3322 5268 universale
3359 5209 3685 5269 concilium

298 5304 672 5381 οἰκουμενεκην
738 5306 1113 5381 ἀθροισθῆναι,
1179 5310 1312 5383 πρὸς
1377 5310 1435 5360 τὸ
1503 5309 1763 5382 συμφέρον
1819 5316 1921 5361 τῶν

2046 5305 2384 5378 :ongregari
2444 5318 2639 5366 cures,
2694 5300 2775 5359 ad
2829 5299 3144 5357 utilitatem
3186 5299 3684 5367 Christianorum,

302 5403 658 5471 Χριστιανῶν,
714 5402 809 5451 καὶ
868 5400 1131 5474 σωτηρίαν
1190 5403 1284 5459 τῆς
1354 5395 1508 5471 ἁγίας
1557 5395 1744 5472 ψυχῆς
1802 5412 1919 5456 σου.

1436 5400 1508 5461 [ας
1557 5395 1744 5472 ψυχῆς
1802 5412 1919 5456 σου.
2036 5401 2384 5469 sanctisque
2410 5392 2770 5453 animatum
2801 5388 3074 5448 salutem.

589 5590 856 5656 Ριτιοι..
900 5592 1006 5653 αι.
1044 5581 1202 5656 CXL.
3338 5590 3411 5650 to
