4148 6396
1845 443 2028 486 ANNO
2073 443 2312 488 DOMINI
2356 443 2580 486 MCCXX

685 640 1841 828 MICHAEL
2007 640 3670 831 ACOMINATUS

1051 1280 2021 1388 ATHENIENSIS
2107 1282 3339 1392 ARCHIEPISCOPUS

1957 1659 2433 1742 NOTITIA.

1278 1860 1663 1917 MICHAELIS
1699 1861 2074 1918 ACOMINATI
2110 1862 2269 1931 VITA,
2298 1861 2430 1917 RES
2471 1860 2726 1932 GEST/E,
2756 1860 3100 1916 SCRIPTA'.

577 2202 820 2262 Graeciaa
848 2219 958 2276 per
994 2203 1266 2260 medium
1296 2219 1491 2260 sevum
1513 2204 1767 2260 historia
1796 2204 2058 2260 tenebris
2087 2204 2306 2262 obruta
2337 2207 2545 2263 tandiu
2573 2207 2701 2278 fuit,
2745 2208 2939 2264 donec
2979 2205 3067 2261 vir
3113 2205 3219 2261 cel.
3253 2204 3598 2274 Ducangius
3638 2201 3888 2259 decimo

503 2293 761 2366 septimo
791 2293 1030 2364 sreculo,
1072 2294 1245 2365 isque
1273 2293 1392 2349 fere
1421 2293 1607 2363 solus,
1635 2293 1840 2349 lumen
1871 2294 1923 2348 ei
1949 2294 2200 2366 aliquod
2221 2297 2480 2367 aspersit
2512 2314 2524 2358 ;
2560 2296 2908 2352 novissimis
2948 2299 3150 2350 autem
3191 2292 3569 2365 temporibus
3599 2291 3886 2346 Villema-

502 2382 605 2452 nii,
641 2381 1077 2454 Fallmereyeri,
1112 2382 1336 2450 Tafelii,
1368 2382 1747 2449 Zinkeisenii,
1793 2383 2310 2455 Paparrhigopuli.
2347 2390 2403 2440 et
2441 2386 2771 2456 praesertim
2813 2383 3116 2453 Buchonii,
3162 2383 3362 2454 ejusce
3397 2381 3630 2451 generis
3661 2379 3885 2436 studiis

501 2475 872 2543 praematura
901 2475 1092 2527 morte
1124 2473 1330 2543 erepti,
1361 2471 1564 2526 utilem
1596 2487 1847 2543 operam
1870 2477 2115 2544 experta
2136 2478 2244 2529 est.
2279 2473 2372 2529 Sic
2391 2474 2572 2542 igitur
2592 2480 2829 2530 noctem
2857 2473 2984 2528 dies
3015 2472 3264 2543 excepit,
3295 2477 3351 2527 et
3383 2487 3582 2543 operae
3615 2470 3886 2542 pretium

503 2560 611 2616 erit
638 2560 713 2616 de
734 2561 874 2615 viris
904 2560 1148 2629 ingenio
1187 2565 1291 2616 aut
1340 2561 1552 2617 virtute
1604 2561 1782 2617 claris
1842 2563 2212 2617 mentionem
2257 2561 2469 2628 facere,
2509 2567 2808 2634 quantum
2855 2577 2962 2632 per
3000 2575 3342 2615 coaevorum
3396 2559 3743 2616 testimonia
3780 2557 3888 2613 vel

503 2649 672 2704 aliter
693 2649 912 2705 licebit.
946 2649 1148 2705 Melius
1175 2649 1336 2705 enim
1368 2649 1442 2704 de
1483 2650 1689 2721 p0puli
1718 2651 1973 2720 alicujus
2006 2650 2227 2714 indole,
2259 2651 2502 2719 ingenio
2533 2650 2976 2720 judicabimus,
3012 2650 3115 2705 ubi
3163 2649 3343 2704 unius
3394 2665 3620 2717 mores,
3655 2647 3884 2718 agendi

501 2738 798 2794 rationem
831 2743 967 2793 ante
998 2738 1206 2794 oculos
1228 2738 1546 2794 habemus.
1581 2740 1869 2804 Quocirca
1902 2755 2099 2811 operae
2126 2740 2382 2811 pretium
2414 2756 2511 2795 me
2534 2741 2834 2795 facturum
2867 2739 3142 2802 arbitror,
3178 2738 3226 2794 si
3252 2738 3326 2793 de
3356 2737 3877 2793 nobilissimorum

503 2825 706 2898 aliquo
737 2827 918 2881 medii
959 2827 1069 2882 aevi
1092 2829 1436 2882 Graecorum
1465 2827 1650 2882 verba
1677 2826 1896 2895 fecero,
1924 2827 2113 2898 probe
2137 2843 2364 2897 gnarus
2388 2830 2573 2884 hocce
2605 2845 2808 2884 meum
2836 2827 3198 2900 opusculum
3227 2833 3552 2894 tantorum,
3586 2842 3738 2899 quos
3765 2841 3875 2880 no-

502 2916 748 2981 minavi,
783 2916 1051 2972 virorum
1082 2917 1435 2972 auctoritate
1474 2917 1721 2971 minime
1753 2917 2007 2987 dignum
2041 2932 2195 2973 esse.
2243 2921 2304 2971 In
2352 2934 2474 2988 quo
2529 2922 2729 2972 tamen
2771 2917 2831 2972 id
2863 2917 3014 2972 mihi
3054 2933 3300 2971 assumo
3340 2915 3558 2983 dicere,
3607 2914 3883 2970 libellum

503 3019 686 3076 quem
715 3005 1047 3061 litterarum
1077 3005 1407 3060 cultoribus
1455 3005 1695 3072 offerro,
1744 3005 1944 3075 majus
1999 3005 2228 3076 aliquid
2259 3006 2664 3077 praestiturum
2706 3005 2907 3070 fuisse,
2955 3005 3004 3060 si
3047 3006 3108 3060 in
3140 3005 3509 3060 bibliotheca
3537 3003 3886 3060 Florentina

507 3109 577 3148 ac
608 3093 926 3149 Parisiensi
953 3093 1190 3149 codices
1221 3093 1529 3148 Michaelis
1563 3094 1865 3148 Choniatae
1897 3096 2344 3165 manuscriptos
2369 3094 2560 3149 oculis
2594 3095 2848 3150 lustrare
2873 3095 3018 3149 mihi
3045 3093 3410 3163 contigisset.
3436 3093 3550 3149 Sed
3577 3099 3701 3148 tum
3729 3098 3882 3148 tem-

505 3181 674 3252 poris
709 3186 836 3247 (cur
874 3182 1036 3236 enim
1066 3182 1263 3236 dicere
1293 3181 1648 3237 erubescam
1676 3181 1843 3253 quod
1867 3181 2010 3236 mihi
2035 3198 2174 3237 cum
2197 3183 2332 3237 viris
2371 3183 2740 3238 doctioribus
2771 3199 3095 3238 commune
3124 3183 3234 3238 fuit
3260 3184 3309 3254 ?)
3341 3183 3524 3253 hujus
3571 3181 3882 3253 scriptoris

507 3284 583 3324 ne
621 3283 844 3324 nomen
872 3269 1120 3340 quidem
1143 3285 1453 3324 noveram.

583 3358 809 3413 Nostris
838 3357 1088 3428 quidem
1118 3357 1493 3429 temporibus
1522 3356 1798 3426 Tafelius,
1831 3357 1984 3428 prof.
2020 3359 2423 3416 universitatis
2453 3360 2728 3430 Tubing.,
2757 3361 3102 3433 reipublicae
3130 3361 3423 3416 litterariae
3472 3359 3708 3430 egregie
3738 3375 3885 3416 con-

509 3446 694 3502 suluit
723 3462 904 3519 opere
925 3446 1021 3501 cui
1041 3445 1248 3502 titulus
1285 3464 1298 3501 :
1334 3447 1684 3503 Dissertatio
1710 3448 1780 3503 de
1820 3448 2232 3505 Thessalonica
2261 3452 2506 3520 ejusque
2551 3465 2719 3521 agro,
2752 3467 2941 3523 quam
2977 3451 3040 3506 in
3079 3467 3262 3506 usum
3293 3449 3693 3506 convertimus
3736 3464 3885 3504 nos-

508 3541 690 3607 trum,
725 3541 792 3591 ut
817 3540 874 3592 et
892 3535 1070 3609 plura
1099 3535 1217 3592 alia
1235 3552 1373 3608 quae
1403 3535 1524 3591 huc
1556 3540 1828 3607 spectant
1860 3552 2070 3608 opera.

892 3701 929 3762 §
951 3695 998 3753 Ι.
1040 3697 1220 3752 Varia
1246 3695 1648 3765 Athenarum,
1680 3697 1939 3754 durante
1957 3699 2152 3755 medio
2183 3714 2328 3767 aevo,
2355 3699 2613 3768 fortuna
2641 3715 2828 3770 usque
2841 3699 2923 3757 ad
2951 3701 3136 3770 ﬁnem
3160 3701 3370 3757 saeculi
3393 3717 3491 3755 xu.

582 3829 824 3886 Athenae
858 3831 1147 3902 Cecropia
1177 3829 1412 3900 civitas,
1450 3846 1637 3902 quam
1696 3830 1958 3886 Theseus
2000 3831 2203 3885 Atticae
2249 3828 2654 3902 metropolim,
2714 3828 2900 3885 Solon
2951 3829 3114 3886 orbis
3163 3829 3395 3901 antiqui
3439 3827 3888 3899 legislatricem,

509 3919 935 3977 Themistocles
959 3919 1221 3975 marium
1256 3921 1598 3975 Graecorum
1637 3919 1954 3975 dominam
1987 3919 2449 3984 constituerant;
2480 3935 2616 3990 quae
2643 3935 2716 3973 ex
2757 3918 2944 3973 ruinis
2973 3935 3128 3990 quas
3159 3935 3195 3974 a
3232 3917 3390 3974 bello
3429 3919 3663 3973 Persico
3691 3922 3892 3973 traxe—

516 4014 632 4074 rat,
657 4009 894 4065 Periclis
917 4013 973 4065 et
999 4009 1302 4065 sociorum
1325 4025 1511 4080 opera
1545 4009 1918 4080 splendidior
1948 4013 2384 4074 resurrexerat;
2409 4008 2579 4078 cujus
2599 4007 2869 4063 favorem
2897 4013 3034 4080 post
3061 4008 3348 4080 Lysandri
3381 4023 3450 4063 ac
3481 4007 3737 4078 Philippi
3767 4006 3897 4061 vic-

508 4099 656 4155 toris
693 4104 970 4169 tempora
1010 4114 1274 4168 magnus
1312 4097 1497 4167 hujus
1545 4097 1705 4152 ﬁlius
1747 4097 1979 4152 ambire
2032 4114 2156 4152 non
2203 4097 2546 4162 erubuerat,
2588 4112 2778 4168 quam
2809 4097 3168 4168 posteriores
3195 4113 3226 4152 e
3256 4096 3601 4153 Macedonia
3630 4094 3890 4162 demini,

512 4202 702 4258 quam
731 4185 1032 4241 Ptolemaei
1056 4185 1327 4241 libertate
1359 4185 1514 4240 ultro
1537 4185 1743 4241 oblata
1765 4192 1821 4240 et
1846 4185 2178 4256 splendidis
2207 4183 2474 4238 aedificiis
2504 4183 2921 4250 honorabant;
2953 4185 3126 4255 cujus
3149 4185 3386 4240 civibus
3419 4183 3892 4240 contumacibus

515 4272 727 4330 consul
757 4273 930 4329 Rom.
963 4274 1173 4342 victor,
1201 4279 1468 4344 paternae
1497 4273 1703 4344 gloriae
1735 4273 1942 4328 habita
1981 4273 2229 4338 ratione,
2265 4272 2501 4328 veniam
2529 4272 2752 4339 dabat;
2786 4274 2882 4328 cui
2933 4274 3273 4329 Hadrianus
3312 4281 3370 4330 et
3396 4273 3668 4329 Julianus
3697 4273 3888 4344 impe-

515 4367 764 4425 ratores,
798 4368 1048 4433 uterque
1071 4361 1315 4416 Athenis
1347 4362 1658 4428 educatus,
1694 4377 1985 4431 magnam
2013 4361 2274 4432 pristinae
2297 4362 2499 4432 gloriae
2525 4367 2757 4434 partem
2789 4364 3172 4420 restituerant
3201 4381 3374 4437 ;qu£e
3395 4380 3576 4437 porro
3611 4363 3882 4421 Gallieno

513 4455 828 4520 regnante,
853 4451 1120 4522 Dexippo
1143 4450 1320 4511 duce,
1353 4451 1682 4506 Gothorum
1713 4450 2090 4505 invasionem
2117 4450 2436 4522 repulerat,
2465 4457 2522 4506 et
2555 4467 2690 4524 quae
2721 4452 2933 4508 Alarici
2975 4457 3243 4526 tempore
3274 4453 3572 4510 classibus
3611 4450 3887 4524 Byzanti-

515 4540 610 4597 nis
642 4541 1036 4596 commodum
1062 4540 1404 4612 praebuerat
1428 4540 1752 4612 refugium,
1788 4556 1922 4607 quae
1957 4539 2252 4595 solidioris
2280 4539 2561 4595 doctrinae
2600 4544 2657 4595 et
2689 4556 2930 4596 morum
2952 4543 3267 4613 puriorum
3291 4543 3483 4612 gloria
3511 4542 3666 4598 inter
3699 4540 3886 4597 urbes

518 4630 770 4687 Orientis
801 4629 1130 4695 refulserat,
1164 4629 1356 4685 donec
1383 4630 1754 4685 Justinianus
1777 4628 2278 4701 philosophorum
2309 4629 2546 4684 scholas
2579 4629 2778 4686 claudi
2804 4631 2984 4700 jussit
3005 4631 3065 4686 in
3093 4631 3350 4688 Palladis
3371 4631 3688 4705 urbequae,
3707 4646 3892 4703 paga-

515 4720 715 4775 nismo
744 4718 977 4774 imbuta
1008 4735 1077 4774 ac
1094 4718 1568 4788 nutrita,diutlus
1589 4735 1778 4790 quam
1809 4723 2037 4774 caetera).
2069 4719 2308 4774 Graeciae
2331 4718 2509 4773 urbes
2541 4719 2973 4775 Christianismi
2997 4720 3506 4777 introductoribus
3525 4721 3753 4777 restitit:
3769 4720 3891 4777 illae

517 4808 766 4864 Athenae
793 4808 1057 4880 antiquae
1085 4824 1222 4881 quae
1245 4824 1351 4880 per
1365 4807 1574 4877 viginti
1591 4808 1812 4863 saecula
1840 4807 1900 4862 in
1921 4807 2088 4864 varia
2102 4807 2360 4878 fortuna,
2378 4807 2427 4862 si
2447 4824 2569 4863 non
2597 4809 2930 4881 potentiam
2943 4809 3599 4881 aclibertatem,saltem
3617 4810 3890 4866 indolem

515 4897 939 4972 particularem
957 4902 1011 4952 et
1024 4897 1281 4953 nationis
1298 4897 1484 4952 robur
1497 4899 1922 4961 servaverantJ
1931 4897 2212 4953 ustiniani
2226 4897 2466 4953 illustris
2482 4902 2749 4970 tempore
2763 4898 3076 4955 Slavorum
3089 4900 3245 4956 ferro
3261 4901 3466 4970 etigne
3481 4901 3710 4972 ubique
3722 4915 3893 4970 gras-

517 4988 781 5045 santium
794 4987 1206 5043 invasionibus
1219 4987 1649 5043 occubuerant.
1667 4990 1735 5042 At
1749 4986 2017 5058 quidem,
2030 4991 2088 5041 ut
2107 4990 2420 5042 Persarum
2435 4991 2724 5060 tempore,
2740 4994 2876 5044 ante
2893 4991 3032 5045 1000
3043 5005 3260 5055 annos,
3278 4991 3666 5046 Athenienses
3677 4997 3894 5046 contra

514 5077 781 5134 hostium
819 5076 1086 5133 furorem
1113 5077 1174 5132 in
1204 5076 1396 5132 vicina
1433 5075 1731 5131 Salamine
1753 5073 1950 5130 insula
1979 5075 2278 5145 refugium
2303 5077 2798 5148 quaerebant,sed
2826 5077 2993 5133 vario
3028 5082 3427 5135 eventu.Tum
3451 5081 3609 5136 enim
3643 5083 3702 5135 in
3734 5079 3892 5136 mari

589 5234 608 5252 "
648 5231 943 5287 Michaelis
974 5230 1309 5286 Acominati
1332 5229 1512 5284 vitam
1543 5234 1600 5284 et
1623 5245 1718 5284 res
1748 5233 1952 5298 gestas
1984 5229 2220 5298 egregie
2250 5228 2565 5285 illustravit
2587 5231 2835 5301 ejusque
2864 5229 3087 5301 scripta
3107 5232 3405 5286 recensuit
3426 5233 3498 5286 D'
3525 5230 3704 5288 Adolf
3728 5230 3892 5286 Ellis-

520 5317 627 5356 sen
657 5302 720 5356 in
749 5302 900 5356 libro
928 5303 1219 5369 Gottingae
1262 5316 1423 5356 anno
1451 5301 1584 5355 1846
1625 5302 1946 5355 vernaculo
1967 5316 2243 5356 sermone
2274 5301 2435 5356 edito
2466 5303 2562 5356 cui
2599 5301 2837 5356 titulum
2860 5302 3029 5357 fecit:
3056 5303 3314 5359 Michael
3341 5305 3734 5359 Akominatos
3770 5318 3888 5359 von

521 5373 752 5436 Chona,
783 5373 1141 5442 Erzbz‘schof
1155 5388 1270 5445 von
1295 5373 1514 5433 Athen.
1559 5373 1972 5445 Nachrtchten
1999 5373 2140 5428 iiber
2169 5375 2293 5445 sein
2317 5373 2527 5445 iLeben
2559 5373 2687 5428 und
2709 5375 2869 5445 seine
2898 5373 3225 5442 Schriften,
3257 5377 3364 5430 mit
3399 5375 3745 5445 Beifz'igung
3777 5375 3889 5432 der

520 5445 785 5517 letztern,
809 5445 1016 5517 souveit
1042 5445 1122 5517 sie
1154 5444 1414 5517 (ge/carint
1436 5445 1596 5517 sinet,
1633 5447 1711 5498 im
1747 5444 2026 5517 Orzginal
2051 5444 2178 5517 und
2201 5445 2264 5498 in
2287 5444 2605 5517 deutscher
2635 5444 3066 5517 Ubersetzung,
3113 5448 3208 5500 ein
3239 5447 3482 5517 Beitrag
3521 5444 3628 5502 zur
3652 5447 3884 5517 politis-

519 5515 661 5591 ghen
693 5514 821 5591 und
851 5514 1268 5591 literarz'schen
1302 5515 1651 5591 Geschichte
1678 5515 1891 5591 Athens
1921 5516 2001 5591 im
2027 5516 2406 5571 Mittetatter.
2426 5516 2479 5570 Is
2509 5519 2601 5571 est
2623 5515 2760 5571 fons
2795 5531 2942 5571 sane
2973 5516 3314 5573 uberrimus
3334 5534 3409 5574 ex
3427 5514 3550 5591 quo
3573 5514 3884 5591 sequentia

517 5585 831 5642 Latinitate
851 5584 1080 5642 donata
1114 5585 1179 5642 in
1204 5601 1385 5642 usum
1408 5590 1682 5643 nostrum
1703 5587 2136 5643 derivavimus.
