4148 6376
278 321 377 373 301
1343 313 1648 370 MICHAEL
1683 315 2163 375 ACOMINATUS.
2195 350 2255 360 --
2293 322 2571 378 NOTITIA
3553 333 3657 388 302

269 441 482 498 vicino
526 439 863 509 victoriam,
912 438 1202 496 libertatis
1232 442 1290 493 et
1319 437 1515 494 cultus
1544 439 1917 512 praecipuam
1965 457 2218 500 causam
2247 444 2433 512 vidit;
2469 450 2682 518 postea
2707 449 2910 503 autem
2941 447 3162 518 exigua
3190 449 3407 507 eadem
3452 452 3658 511 insula

275 547 390 603 per
417 530 894 602 quadringentos
915 543 1108 584 annos
1133 527 1322 582 exsilii
1343 527 1544 583 locum
1575 527 1780 596 dabat,
1797 546 1905 602 per
1929 548 2084 603 quos
2113 539 2398 590 custodes
2415 535 2725 608 Acropolis
2754 537 3059 607 Byzantini
3086 553 3209 593 non
3231 539 3656 612 impediebant

286 619 496 676 Slavos
514 635 636 692 quo
665 618 870 674 minus
899 617 1152 673 Atticam
1183 617 1245 672 in
1280 616 1610 685 desertum,
1642 619 1905 674 Athenas
1937 626 2140 677 autem
2168 623 2232 677 in
2278 623 2666 680 desolationis
2701 623 3220 682 abominationem
3269 631 3652 687 mutaverint.

287 709 644 781 Ampelaciae
673 724 920 780 quoque
952 706 1272 764 Salaminis
1303 707 1362 761 in
1391 707 1539 762 urbe
1560 707 1707 762 dum
1735 714 2114 766 morarentur
2141 712 2554 774 Athenienses.
2578 729 2674 770 res
2702 714 3100 783 gravissimas
3121 717 3285 786 passi
3317 725 3482 775 sunt:
3503 720 3655 776 iram

285 797 688 869 imperatoris,
709 796 847 850 dein
870 795 1400 867 anathema,quod
1432 810 1553 852 una
1575 813 1713 851 eum
1736 797 1919 866 Α]εωὶ
1951 799 2135 854 maris
2162 801 2372 855 insulis
2402 801 2868 874 imperatoribus
2899 803 3175 859 Isauricaa
3202 804 3421 861 domus
3452 811 3656 865 Icono-

288 887 492 942 elastis
513 887 783 941 resistere
812 885 946 942 ausi
979 885 1235 940 fuerant.
1273 887 1396 940 Huc
1428 885 1659 940 accedit
1687 886 1854 957 quod
1885 887 2138 956 morbis,
2169 889 2348 955 fame,
2373 891 2602 962 piratis,
2622 891 2866 961 ignibus
2900 891 3330 959 subterraneis,
3357 896 3461 967 qui
3492 913 3656 953 eam-

287 991 404 1047 pos
433 976 490 1030 in
514 975 698 1031 Attica
729 980 887 1030 terra
917 974 1072 1030 foede
1103 974 1446 1043 vastabant,
1473 975 1695 1028 mirum
1725 974 1786 1029 in
1812 975 2065 1032 modum
2091 984 2466 1034 vexarentur.
2489 983 2622 1036 Post
2648 981 2754 1036 ubi
2783 981 3062 1037 exsulum
3084 983 3539 1041 Athenienisum
3568 1002 3657 1042 re-

279 1065 488 1137 liquire
513 1080 648 1119 cum
695 1063 827 1120 aliis
853 1063 1092 1135 imperii
1113 1063 1345 1120 colonis
1375 1065 1634 1135 patriam
1665 1063 1967 1120 desertam
2006 1073 2358 1138 repeterent,
2384 1085 2572 1124 novas
2597 1086 2629 1124 e
2655 1070 2847 1126 ruinis
2889 1071 3110 1126 domus
3137 1072 3472 1139 excitaturi,
3502 1091 3653 1146 pau-

279 1154 434 1208 citas
456 1169 665 1208 corum
691 1153 906 1208 urbem
933 1151 1130 1225 qualis
1157 1157 1213 1207 et
1241 1159 1473 1224 quanta
1497 1151 1688 1207 fuerat
1710 1153 1868 1208 circa
1894 1155 2235 1227 Acropolim
2265 1158 2576 1213 restituere
2608 1174 2733 1214 non
2762 1159 2967 1214 valuit.
2999 1160 3397 1216 Athenienses
3435 1163 3515 1218 ad
3545 1180 3659 1220 sua

271 1242 600 1298 redeuntes
627 1242 794 1313 (saec.
834 1244 873 1298 X
899 1246 955 1297 et
983 1241 1226 1296 ineunte
1254 1241 1342 1312 XI)
1367 1241 1521 1296 dura
1549 1256 1585 1296 a
1617 1241 1888 1310 Bulgaris
1910 1244 2255 1315 rapacibus,
2287 1246 2542 1303 Atticam
2568 1246 2693 1302 imo
2715 1251 2906 1303 totam
2938 1249 3226 1304 Graeciam
3253 1249 3410 1306 ferro
3441 1257 3496 1308 et
3518 1252 3656 1321 igne

269 1331 688 1400 vastantibus,
746 1332 1014 1403 perpessi
1055 1336 1212 1386 sunt.
1261 1333 1340 1386 Ea
1372 1335 1727 1403 tempestate
1771 1347 1969 1386 annus
2020 1337 2153 1390 1019
2201 1335 2262 1390 in
2292 1335 2626 1391 Annalibus
2664 1336 2864 1392 Atticis
2895 1337 3332 1411 aliquantisper
3381 1341 3656 1410 refulget,

275 1435 403 1493 quo
434 1420 693 1475 Basilius
723 1420 770 1475 ll
815 1421 1161 1492 imperator,
1207 1419 1649 1494 Βουλγαροκτόνος
1689 1421 2174 1491 cognominatus,
2221 1423 2534 1480 debellatis
2582 1424 2662 1480 ad
2690 1425 3014 1482 Achridam
3055 1427 3351 1493 hostibus,
3385 1429 3656 1502 Deiparai

278 1510 546 1565 ecclesia;
577 1509 824 1565 Athenis
855 1509 1018 1565 dona
1039 1509 1532 1581 splendidissima
1557 1508 1772 1564 obtulit
1804 1511 1902 1581 (1).

359 1601 610 1655 Uzorum
635 1614 785 1669 gens
811 1599 1294 1670 septentrionalis
1341 1614 1501 1670 quae,
1535 1599 1928 1655 Constantino
1977 1600 2033 1653 X
2060 1602 2240 1666 Duca,
2283 1616 2444 1658 anno
2484 1601 2637 1672 1065,
2665 1603 3077 1659 Macedoniam
3109 1608 3166 1660 et
3195 1605 3482 1661 Graeciam
3523 1623 3655 1681 sep-

278 1693 458 1744 tentr.
512 1687 755 1758 invasit,
806 1693 1007 1743 utrum
1041 1687 1290 1742 Atticam
1335 1687 1627 1760 populata
1677 1687 1768 1752 sit,
1821 1687 1985 1758 apud
2041 1690 2130 1743 Jo.
2187 1689 2478 1760 Scylitzen
2523 1693 2740 1764 Cur0p.
2775 1693 2963 1748 altum
2996 1693 3320 1750 silenti-1m.
3374 1697 3511 1750 Utut
3541 1702 3648 1768 est,

277 1777 653 1831 Athenarum
694 1776 1092 1847 municipium
1120 1777 1513 1847 Byzantinum
1542 1792 1598 1830 X1
1625 1782 1680 1831 et
1709 1791 1789 1829 xu
1818 1775 2051 1831 saeculis
2085 1777 2311 1833 tristem
2340 1778 2556 1834 faciem
2587 1781 2920 1852 praebuisse
2947 1786 3003 1837 et
3030 1783 3263 1853 majore
3291 1783 3425 1854 jure
3464 1801 3653 1856 quam

285 1864 523 1920 Arcadii
554 1870 822 1936 tempore
855 1861 1026 1938 δέρμα
1061 1865 1224 1917 πάλαι
1261 1868 1386 1916 ποτὲ
1425 1865 1561 1924 ζώου
1592 1871 1922 1937 ρΓξΒΞΘΠῐᾶΒ

2022 1865 2271 1922 videtur.
2297 1868 2425 1923 Vid.
2473 1871 2684 1940 Synes.
2714 1887 2806 1943 ep.
2843 1872 2966 1928 135.
2997 1871 3078 1927 Cf.
3111 1873 3472 1944 Zygomalas
3503 1877 3653 1932 etM.

287 1955 479 2010 Crusii
509 1956 988 2010 Turco-Graecza.

358 2043 552 2098 Vellus
578 2060 830 2100 aureum
860 2043 966 2113 (ita
1013 2043 1175 2098 enim
1205 2043 1469 2098 Athenas
1492 2043 1990 2114 appellitaverim)
2022 2060 2144 2116 quo
2173 2051 2441 2118 tempore
2469 2048 2818 2118 Crucigeris,
2851 2066 3012 2106 novo
3040 2055 3527 2121 Argonautarum
3560 2069 3658 2122 ge-

277 2133 430 2198 neri,
456 2134 851 2188 succumbere
883 2132 1221 2201 videbatur,
1244 2133 1516 2203 dynastis
1543 2132 1878 2203 Byzantinis
1909 2147 2030 2188 non
2057 2135 2513 2202 restituendum,
2540 2137 2664 2193 imo
2687 2139 3092 2195 barbarorum
3120 2141 3480 2196 Asianorum
3500 2141 3656 2198 ferro

282 2221 715 2291 subigendum,
748 2223 811 2277 in
834 2223 969 2294 ipsa
993 2222 1363 2278 Athenarum
1395 2222 1543 2277 urbe
1571 2223 1766 2276 virum
1798 2222 2048 2276 obvium
2075 2223 2374 2279 habemus
2405 2227 2530 2297 qui,
2575 2227 2708 2282 licet
2730 2227 3088 2299 alienigena,
3125 2229 3278 2285 adeo
3307 2228 3382 2286 de
3413 2231 3657 2286 Athenis

283 2311 519 2377 meruit,
554 2317 619 2367 ut
647 2315 800 2367 inter
836 2311 1022 2367 medii
1072 2312 1180 2366 aevi
1222 2311 1614 2366 Athenienses
1644 2317 1984 2367 memoratu
2015 2311 2256 2384 dignos,
2288 2329 2411 2369 una
2439 2330 2578 2370 cum
2609 2315 2775 2371 Irene
2813 2317 3212 2390 imperatrice,
3243 2335 3380 2390 quae
3425 2324 3480 2375 et
3523 2319 3658 2392 ipsa

282 2407 528 2455 externa
550 2400 880 2461 Ἀτζαῑωλῶν
910 2399 1138 2456 familia
1163 2399 1440 2462 oriunda,
1465 2400 1840 2471 praecipuum
1860 2399 2064 2455 locum
2086 2417 2385 2474 occupare
2407 2404 2626 2474 dignus
2656 2406 2767 2473 sit;
2797 2407 2872 2462 de
2918 2407 3201 2462 Michaele
3233 2408 3522 2465 Choniate
3557 2425 3654 2465 ar-

285 2489 669 2562 chiepiscopo
692 2489 1022 2561 loquimur.

776 2589 804 2659 ς
833 2589 898 2641 ΙΙ.
937 2587 1243 2643 Michaelis
1273 2589 1517 2659 ejusque
1532 2588 1754 2656 fratris
1776 2589 2042 2656 pueritia
2097 2589 2320 2646 Chonis
2360 2597 2416 2647 et
2448 2592 2978 2664 Constantinopoli
3005 2602 3162 2652 acta.

356 2675 883 2738 Quemadmodum
910 2674 1122 2730 fratres
1155 2674 1397 2730 Michael
1445 2681 1501 2731 et
1544 2675 1777 2731 Nicetas
1811 2677 2148 2732 Acominati
2181 2677 2330 2733 dum
2368 2681 2656 2736 vivebant
2703 2687 2916 2737 mutua
2963 2683 3201 2754 pietate,
3253 2683 3453 2756 qualis
3508 2685 3662 2741 inter

274 2764 643 2834 magistrum
666 2769 722 2820 et
749 2762 1114 2835 discipulum
1143 2779 1271 2818 esse
1302 2762 1582 2831 debebat,
1611 2769 1667 2818 et
1690 2763 2073 2820 intellectuali
2105 2769 2468 2824 commercio
2484 2769 2676 2838 juncti
2706 2775 2897 2838 erant,
2929 2771 3012 2827 ita
3037 2770 3183 2827 alter
3209 2773 3449 2828 alterius
3475 2773 3660 2829 vitam

278 2859 338 2910 et
358 2854 566 2910 studia
594 2855 653 2908 in
693 2854 882 2911 lucem
908 2852 1144 2908 edendo
1170 2854 1286 2908 hoc
1313 2869 1472 2909 novo
1504 2853 1745 2909 vinculo
1777 2852 1925 2908 uniti
1952 2853 2252 2925 videntur,
2287 2861 2350 2912 ut
2377 2857 2438 2912 in
2460 2858 2575 2913 hoc
2605 2864 2812 2914 nostro
2839 2864 3094 2915 tractatu
3119 2860 3194 2915 de
3221 2861 3502 2916 Michaele
3533 2877 3660 2917 non

283 2944 597 3014 possimus
626 2943 828 2997 Nicetes
847 2943 1031 2997 vitam
1072 2941 1302 2997 silentio
1325 2942 1640 3014 praeterire,
1672 2943 1895 3016 quippe
1926 2943 2031 3014 qui
2051 2945 2112 2999 in
2153 2961 2334 3017 opere
2361 2947 2436 3002 de
2466 2947 2647 3002 rebus
2679 2964 2814 3020 quae
2845 2953 2981 3020 post
3027 2949 3237 3020 Cpolin
3270 2965 3378 3020 per
3420 2949 3661 3006 Latinos

285 3036 537 3102 captam
568 3036 881 3086 evenerunt
907 3031 1103 3085 fratris
1132 3046 1270 3085 eum
1323 3031 1535 3086 merita
1564 3030 1743 3086 laude
1780 3035 2148 3094 mentionem
2191 3033 2349 3102 facit,
2401 3035 2507 3108 qui
2534 3037 2662 3108 ipse
2693 3041 2997 3108 superstes
3025 3036 3273 3094 fratrem
3308 3037 3662 3094 defunctum

280 3121 344 3175 in
375 3116 736 3187 biographia
766 3124 821 3172 et
849 3118 1147 3190 panegyri
1176 3117 1395 3173 debitis
1436 3119 1644 3188 elogiis
1673 3120 2018 3181 honoravit.
3630 3109 3632 3116 ’

344 3203 597 3262 Michael
619 3207 1008 3260 Acominatus
1037 3206 1196 3262 circa
1224 3205 1766 3277 quadragesimum
1797 3213 2001 3268 saeculi
2022 3229 2103 3268 xu
2128 3229 2381 3282 annum,
2409 3213 2578 3268 initio
2608 3214 2780 3284 regni
2800 3214 3087 3272 Manuelis
3113 3215 3403 3272 Comneni
3441 3214 3662 3271 Chonis

271 3295 373 3351 vel
396 3294 664 3352 Colossis
690 3294 964 3365 Phrygiae
998 3295 1144 3350 urbe
1169 3302 1350 3351 natus
1401 3301 1508 3361 est,
1542 3312 1727 3368 quam
1757 3300 1938 3357 frater
1964 3306 2093 3375 ejus
2123 3302 2354 3357 Nicetes
2393 3302 2573 3372 (Hist.
2607 3301 2704 3358 ed.
2738 3305 2866 3358 Par.
2900 3319 2961 3375 p.
2994 3303 3114 3375 115)
3146 3303 3367 3376 opibus
3416 3302 3661 3358 divitem

277 3389 335 3440 et
363 3383 713 3438 hominibus
740 3383 1116 3455 frequentem
1147 3396 1321 3440 vocat
1342 3386 1464 3455 (3').
1497 3387 1661 3441 Patre
1693 3390 1978 3448 eumdem
2008 3406 2187 3447 usum
2209 3389 2396 3445 fuisse
2439 3389 2748 3462 opulento,
2773 3390 2918 3447 nulli
2943 3391 3314 3449 dubitamus.
3358 3391 3470 3458 Qui
3502 3394 3664 3447 enim

282 3472 437 3528 ﬁlios
482 3473 830 3544 Byzantium
873 3474 936 3529 in
965 3475 1194 3529 artibus
1227 3473 1574 3530 liberalibus
1608 3476 1687 3532 ibi
1723 3479 1981 3536 misisset
2029 3479 2428 3536 educandos?
2480 3495 2604 3552 qua
2657 3479 2796 3536 dein
2827 3481 3059 3536 ratione
3089 3481 3273 3537 iidem
3314 3481 3392 3537 ad
3424 3479 3662 3552 imperii

279 3562 599 3631 dignitates
628 3561 744 3616 nisi
771 3562 1026 3633 pecunia
1075 3563 1228 3618 aulae
1261 3565 1632 3635 corruptibili
1655 3566 1818 3630 data,
1845 3569 2033 3624 evecti
2064 3569 2324 3623 fuissent
2349 3568 2377 3623 ?
2403 3564 2720 3624 Afﬁnitatis
2749 3569 3022 3640 quodam
3046 3569 3367 3641 splendore
3409 3583 3534 3624 non
3567 3584 3663 3624 ea-

278 3657 543 3720 ruerunt,
573 3650 875 3722 siquidem
925 3651 1157 3707 Nicetas
1196 3652 1482 3708 clericum
1513 3653 1779 3726 aliquem
1812 3656 2180 3722 Choniatem,
2215 3655 2389 3727 cujus
2432 3656 2667 3713 Manuel
2714 3658 3041 3729 imperator
3084 3659 3289 3714 utilem
3316 3673 3567 3730 operam
3600 3657 3662 3712 in

282 3741 440 3796 bello
468 3748 673 3798 contra
689 3742 910 3798 Turcos
931 3747 1211 3815 expertus
1236 3749 1345 3808 est,
1370 3745 1802 3802 consobrinum
1823 3747 2086 3820 appellat
2109 3751 2166 3801 et
2185 3745 2352 3800 urbis
2383 3745 2846 3817 metropolitano
2867 3751 3036 3818 patre
3064 3746 3360 3819 spirituali
3383 3763 3531 3802 usus
3550 3750 3662 3802 est.

358 3832 552 3905 Pauca
593 3836 832 3888 tantum
858 3831 932 3887 de
969 3832 1210 3887 ineunte
1243 3831 1538 3888 Michaelis
1569 3839 1741 3890 astate
1763 3842 2070 3909 comperta
2091 3835 2408 3904 habemus,
2435 3850 2626 3907 eaque
2656 3834 2718 3889 in
2746 3834 2877 3891 sola
2905 3836 3323 3907 parentatione
3371 3835 3434 3889 in
3459 3835 3661 3890 fratris

279 3918 541 3975 defuncti
570 3921 932 3976 memoriam
957 3920 1117 3976 dicta
1136 3922 1266 3976 haec
1290 3922 1352 3976 in
1384 3922 1571 3977 verba
1602 3924 1875 3994 exposita
1907 3939 1916 3977 :
1955 3947 1981 3974 «
2018 3928 2182 3980 Pater
2216 3939 2405 3993 meus,
2431 3923 2536 3994 qui
2563 3923 2791 3979 litteras
2817 3938 2943 3979 non
2974 3924 3176 3978 minus
3197 3939 3388 3995 quam
3435 3923 3658 3978 liberos

274 4024 420 4064 suos
447 4009 751 4080 diligebat,
794 4025 889 4065 me
920 4010 1443 4066 adolescentulum
1469 4011 1574 4083 qui
1613 4012 1675 4067 in
1707 4014 2107 4081 grammatica
2133 4019 2187 4068 et
2220 4011 2456 4084 poetica
2487 4012 2631 4067 satis
2662 4017 2984 4084 provectus
3019 4028 3208 4081 cram,
3251 4028 3324 4067 ex
3354 4012 3490 4068 Asia
3541 4012 3661 4084 By-

267 4099 530 4155 zantium
557 4099 898 4155 traductum
930 4099 1149 4155 artium
1201 4099 1549 4156 liberalium
1583 4105 1639 4156 et
1678 4102 2078 4175 philosophiae
2105 4101 2410 4171 magistris
2437 4101 2879 4156 instituendum
2910 4101 3180 4158 tradidit.
3211 4125 3238 4151 ››
3272 4102 3499 4156 Horum
3532 4117 3658 4156 ma-

262 4189 593 4258 gistrorum
639 4189 701 4244 in
751 4205 1002 4245 numero
1032 4192 1295 4244 Joannes
1349 4194 1406 4244 et
1445 4189 1613 4245 Isaac
1667 4194 1883 4248 Tzetzaa
1917 4193 2174 4257 fuerunt,
2208 4205 2470 4263 quorum
2521 4190 2642 4245 vita
2690 4189 2752 4245 in
2814 4192 3116 4246 1130-1160
3154 4190 3380 4246 incidit.
3416 4189 3662 4247 Michael

262 4277 533 4333 Nicetam
562 4277 806 4332 fratrem
849 4284 1103 4350 utroque
1133 4284 1386 4349 parente
1412 4285 1732 4351 κασίγηντον
1761 4296 2120 4352 germanum
2152 4280 2265 4335 sibi
2304 4295 2645 4335 novennem
2677 4295 2749 4335 ea
2773 4279 2904 4349 lege
2936 4280 3226 4334 traditum
3266 4295 3301 4334 a
3331 4284 3500 4350 patre
3530 4295 3660 4335 esse

266 4367 415 4423 dicit
437 4371 505 4422 ut
535 4367 858 4434 nutritoris,
892 4368 1264 4437 institutoris,
1293 4369 1418 4424 imo
1468 4369 1653 4440 patris
1697 4370 1831 4426 loco
1857 4372 1910 4426 ei
1937 4375 2112 4426 esset.
2141 4369 2386 4426 Michael
2433 4370 2562 4440 ipse
2594 4367 2854 4424 afﬁrmat
2903 4385 3044 4424 eum
3076 4369 3306 4440 majore
3354 4385 3438 4433 se,
3472 4384 3659 4440 quam

268 4458 515 4513 fratrem
546 4456 738 4522 decet,
764 4458 1001 4529 pietate,
1024 4457 1238 4530 triplex
1277 4456 1427 4513 illud
1457 4457 1725 4514 ofﬁcium
1758 4460 2115 4533 explevisse.
2156 4458 2392 4514 Pietatis
2426 4465 2482 4513 et
2510 4457 2699 4514 animi
2732 4459 2883 4528 grati
2916 4464 3221 4514 certamen
3254 4459 3409 4514 inter
3446 4458 3660 4514 fratres

273 4547 701 4618 intercedebat,
734 4547 816 4602 ita
843 4551 1044 4603 tamen
1074 4553 1140 4603 ut
1177 4547 1424 4603 Michael
1453 4549 1717 4621 arehiep.
1742 4551 1958 4606 Athen.
1986 4550 2180 4604 factus
2204 4563 2314 4619 pro
2356 4547 2654 4602 modestia
2682 4563 2794 4603 sua
2817 4562 2878 4602 se
2910 4547 3073 4603 fratri
3106 4549 3184 4603 ad
3218 4546 3544 4603 altissimas
3573 4545 3661 4601 di-

280 4637 538 4705 gnitates
567 4641 775 4692 evecto
807 4635 1136 4691 multorum
1166 4637 1228 4692 in
1261 4652 1326 4692 se
1358 4635 1714 4693 eollatorum
1743 4637 2176 4694 beneﬁciorum
2214 4636 2547 4692 debitorem
2581 4637 2846 4691 evasisse
2893 4641 3145 4692 asserat.
3179 4639 3279 4692 Est
3326 4633 3506 4690 etiam
3557 4634 3663 4694 ubi

273 4725 525 4782 Michael
543 4725 706 4782 fratri
739 4725 944 4798 quoad
969 4726 1194 4796 ingenii
1222 4726 1417 4798 dotes,
1452 4741 1512 4782 se
1542 4726 1884 4783 inferiorem
1933 4727 2170 4792 fatetur,
2207 4724 2314 4780 ubi
2343 4724 2419 4780 de
2447 4724 2879 4780 communibus
2927 4725 3200 4797 ipsorum
3234 4723 3448 4780 siudiis
3494 4739 3660 4779 men-

269 4816 499 4871 tionem
528 4815 687 4871 facit.
731 4819 883 4871 Dum
914 4815 1072 4871 enim
1111 4816 1240 4887 ipse
1267 4815 1347 4871 ad
1375 4817 1667 4889 μαθήματα
1691 4819 1964 4873 animum
1987 4814 2339 4883 attenderet,
2373 4814 2638 4869 Nicetam
2668 4814 2808 4869 inde
2839 4830 2876 4870 a
2899 4831 3090 4886 puero
3114 4831 3320 4870 rerum
3353 4814 3660 4884 majorum

257 4904 682 4962 exercitationi
711 4919 782 4961 ac
814 4904 1025 4960 studiis
1051 4904 1325 4961 deditum
1353 4921 1421 4961 eo
1448 4905 1810 4976 pervenisse,
1841 4911 1905 4962 ut
1928 4904 2238 4962 audaciori
2267 4903 2476 4961 volatu
2505 4904 2567 4959 in
2592 4903 2871 4974 regiones
2893 4913 2993 4956 τῶν
3023 4907 3365 4978 θεωρημάτων
3387 4902 3660 4959 evolave-

257 4995 367 5064 rit,
397 4994 461 5050 id
487 4998 599 5064 est,
626 4994 874 5066 proprio
897 4998 1088 5051 marte
1120 4993 1448 5050 meditatus
1477 4994 1571 5050 sit.

343 5092 425 5161 (1)
472 5096 573 5144 Καὶ
618 5090 668 5143 ἐν
712 5091 956 5151 Ἀθήναις
996 5095 1261 5164 γενόμεεέος
1317 5095 1406 5144 καὶ
1457 5094 1524 5143 τὰ
1579 5100 1671 5151 τῆς
1736 5097 1886 5152 νίκης

2065 5092 2141 5162 (2)
2170 5091 2796 5164 Chonarumhomini
2849 5093 3062 5163 postea
3104 5086 3657 5164 ColossarumAsub:

269 5158 669 5237 E§Z_dptﬂtipta
731 5170 796 5234 τῇ
875 5158 1142 5237 ΘεοτίόκςτίΔ
1183 5159 1331 5237 ὃορς,
1413 5167 1502 5214 καὶ
1581 5164 1886 5236 ἀναθήμασι

2029 5158 2269 5237 titutum
2290 5178 2430 5237 esse
2460 5162 2630 5237 urbis
2659 5158 3106 5237 Phrygiae,un
3130 5159 3464 5237 praesertim
3491 5158 3667 5237 Pauli

262 5231 504 5309 *ιτιόλλόῐςΔ
545 5231 810 5309 Man-poi;
887 5239 977 5286 καὶ
1059 5231 1365 5287 τέολυτελέσι
1398 5308 1404 5309 7
1440 5231 1759 5309 κᾳσμὴσοες”
1796 5238 1884 5286 τὸν

2020 5235 2460 5309 td_C_hristianos
2493 5234 2544 5304 ej
2557 5250 2623 5309 u_s
2649 5231 2906 5309 civitatis
2932 5231 3188 5309 epistola
3203 5231 3493 5309 innotuit,
3510 5236 3658 5309 citra

260 5309 413 5373 νὰὸν,
477 5302 801 5378 ὗπέσέτρέψεν
871 5325 941 5369 ει,
1021 5302 1585 5378 Κωνσταντινούπολιύ.
1668 5306 1881 5377 Georg.

2019 5305 2249 5378 lubiﬁum
2298 5311 2405 5360 est.
2464 5302 2536 5378 in
2582 5305 2773 5378 lexico
2827 5302 2999 5378 Mich’.
3042 5303 3216 5358 Pselli
3247 5302 3657 5378 geographico

266 5378 443 5435 Cedr.
477 5379 574 5434 ed.
608 5375 736 5434 Par.
767 5393 828 5450 p.
862 5378 988 5432 747'.
1023 5378 1336 5450 Templum
1371 5377 1664 5440 Minervas,
1692 5375 1887 5450 Erich-
1993 5377 2161 5449 quod
2213 5380 2271 5430 P.
2304 5376 2578 5450 Morellus
2630 5376 2792 5440 citat,
2840 5375 3096 5444 legimus
3131 5392 3163 5450 :_
3184 5375 3470 5450 Κολοσᾳαι,
3511 5375 3660 5450 acii;

269 5450 462 5522 thonii
491 5450 723 5515 matris,
757 5446 1098 5522 Parthenon
1128 5446 1278 5503 illud
1314 5449 1377 5502 in
1424 5451 1481 5503 S.
1508 5449 1761 5522 Virginis
1813 5464 1885 5522 ac

2029 5446 2240 5522 ίρυγῗίῂας,
2275 5450 2327 5500 αἱ
2357 5455 2445 5500 νῦν
2461 5447 2747 5522 ,λε-γὸμεναι.
2779 5454 2977 5522 Χῷναι,
3012 5451 3070 5501 et
3104 5447 3334 5522 Nicetas
3359 5446 3667 5522 ipsedicit

273 5521 540 5594 Dciparae
597 5521 927 5594 ecclesiam
980 5523 1435 5594 est_mutatum,
1488 5524 1553 5594 ut
1572 5516 1639 5594 et
1678 5521 1885 5574 Thesei
1992 5516 2052 5574 in
2098 5516 2401 5576 Thesauro
2437 5520 2582 5585 ﬁdei
2625 5519 2863 5574 orthod.
2891 5535 2992 5594 _1v,
3043 5523 3156 5594 22_:
3189 5518 3272 5578 Ὠς
3313 5516 3576 5594 anguis;
3607 5516 3666 5568 ἐν·

272 5589 566 5666 teaiplum
595 5590 1102 5666 ecclesia-sancti
1143 5590 1378 5661 Georgii
1419 5590 1524 5662 qui
1552 5590 1884 5648 draconem

2023 5595 2212 5666 parpar
2233 5595 2351 5652 τοὺς
2373 5595 2672 5665 πατριώτας
2696 5608 2786 5661 μοι
2819 5589 3102 5650 Κολοσσείς
3125 5589 3405 5661 Ἐπιστολῇ
3434 5589 3660 5658 θεολογεῐ

265 5661 587 5737 interemit,
606 5665 820 5722 locum
848 5662 1048 5720 cessit.
1440 5661 1457 5662 ί
1993 5661 2112 5716 κτλ.
