4148 6380
477 238 580 294 303
1331 229 1641 290 MICHAEL
1677 227 2130 289 ACOMINATUS
2177 227 2616 288 ATHENARUM
2662 229 2992 288 ARCHIEP.
3743 229 3852 288 304

550 361 680 426 Quo
707 360 976 430 tempore
1003 354 1239 413 Nicetas
1278 356 1729 431 ὑπογραμματέως
1777 354 2062 428 βασιλικοῦ
2091 355 2188 411 ῑὶῐῑ

2212 354 2261 411 lo
2317 358 2420 412 aut
2467 349 2580 409 sub
2625 352 2892 412 Manuele
2923 354 3232 410 Comneno
3279 348 3418 404 ante
3462 362 3518 405 a.
3546 347 3708 419 1180,
3741 354 3850 409 aut

476 448 679 504 Alexio
711 447 756 503 ΙΙ
785 449 1094 517 regnante,
1128 460 1321 518 usque
1369 444 1448 501 ad
1473 461 1530 502 a.
1571 445 1708 501 1183
1735 445 1814 501 ad
1843 460 2046 501 rerum
2076 443 2656 501 administrationem
2699 442 2966 511 accessit,
3023 439 3128 497 ubi
3180 440 3391 512 postea
3420 436 3500 494 ad
3529 439 3840 497 maximos

475 537 738 594 honores
767 539 1086 607 provectus
1131 540 1240 606 est,
1275 533 1568 598 Michaeli,
1602 534 1804 590 minus
1858 549 2150 606 prospera
2199 550 2314 590 uso
2357 532 2618 600 fortuna,
2658 531 3146 604 archiepiscopus
3189 527 3614 585 tantummodo
3668 529 3849 586 Athe-

475 643 693 683 narum
745 632 807 682 ut
835 626 1003 682 tieret
1029 625 1298 695 contigit.
1335 624 1450 682 Sed
1499 628 1564 680 ut
1589 624 1854 680 nominis
1907 624 2076 680 Attici
2107 623 2362 694 gloriam
2393 626 2840 695 praetereamus,
2875 617 3370 692 archiepiscopus
3401 616 3782 675 Atheniensis
3813 634 3847 676 e

471 732 725 771 numero
751 715 1197 788 praecipuorum
1249 714 1388 770 inde
1415 729 1451 770 a
1484 730 1543 770 1x
1583 714 1802 770 saeculo
1833 713 2433 786 metropolitanorum
2476 710 2756 766 dioecesis
2811 708 3023 782 lllyriae
3063 710 3209 778 erat,
3259 709 3316 762 et
3344 704 3555 762 decem
3589 707 3846 779 quidem

473 805 738 878 episcopi
762 803 1008 860 Aulonis
1037 803 1099 859 in
1126 802 1403 872 Phocide,
1437 803 1659 859 Dauliie
1685 807 1740 859 et
1781 805 2061 859 Coroneae
2090 802 2152 859 in
2198 801 2442 870 Boeotia,
2475 799 2626 867 Orei,
2658 798 2880 871 Euripi,
2916 796 3203 865 Porthmi,
3236 794 3472 868 Carysti
3500 795 3563 851 in
3591 796 3842 868 Eubtea,

472 899 528 950 et
555 893 894 950 insularum
926 893 1110 965 Scyri,
1145 893 1328 949 Andri
1359 897 1416 948 et
1440 895 1603 966 Syrte
1634 893 1686 948 ei
1718 896 1782 949 ut
1808 890 2174 964 suffraganei
2199 889 2452 962 subjecti
2480 891 2673 946 erant.
2703 887 2813 960 (Cf.
2861 889 2936 944 Le
2967 887 3176 954 Quien,
3221 884 3429 941 Oriens
3457 885 3844 944 Christianus

471 985 538 1050 ll,
559 998 620 1052 p.
657 983 755 1037 167
775 983 950 1052 sqq.).

471 998 538 1050 ιι,
607 1025 620 1040 .
657 998 750 1037 itit
775 999 800 1036 s
897 998 950 1052 .).

469 1089 497 1161 §
525 998 616 1146 Illi.
640 999 906 1147 Mz'chctiZl
927 1089 1300 1146 Athenarum
1318 1088 2028 1162 archiep.—Byzantium
2056 1103 2259 1146 rerum
2287 1093 2509 1144 statum
2531 1091 2875 1159 permutat;
2896 1087 3093 1158 legum
3111 1101 3220 1157 per
3243 1086 3541 1146 Grieciam
3571 1083 3842 1142 abolitio.

539 1197 802 1264 Michael,
825 1197 874 1253 si
897 1197 1112 1253 asserit
1143 1213 1205 1252 se
1237 1212 1343 1269 per
1374 1196 1613 1267 triginta
1643 1212 1836 1253 annos
1869 1213 2118 1254 munere
2145 1194 2502 1252 sacerdotali
2524 1195 2798 1250 functum
2828 1209 2982 1261 esse,
3012 1193 3127 1249 sub
3157 1194 3339 1251 ﬁnem
3373 1193 3560 1266 (1175)
3589 1209 3723 1250 saec.
3757 1201 3847 1248 xu

472 1286 586 1342 sub
635 1287 955 1342 Charitone
998 1286 1346 1358 patriarcha
1395 1301 1621 1342 munus
1679 1286 1881 1343 iniisse
1930 1285 2183 1342 videtur-
2237 1285 2458 1340 Casim.
2500 1283 2768 1341 Oudinus
2810 1287 3147 1349 (Comment.
3199 1284 3270 1341 de
3307 1285 3590 1353 scriptor.
3624 1284 3832 1340 eccles.

468 1393 526 1447 p.
562 1375 698 1431 1536
727 1379 782 1431 et
804 1375 968 1446 1712)
997 1374 1151 1431 duos
1182 1375 1243 1430 in
1292 1392 1371 1430 xu
1403 1374 1623 1431 saeculo
1655 1375 2066 1447 metropolitas
2100 1375 2514 1444 Athenienses,
2547 1373 2846 1431 Michaelis
2877 1374 3125 1430 nomine
3168 1373 3514 1445 designatos
3544 1375 3848 1430 memorat

464 1479 727 1536 quorum
757 1465 1018 1536 priorem
1049 1480 1211 1520 anno
1264 1465 1401 1521 1170
1431 1461 1720 1535 assignat,
1757 1469 1815 1519 et
1841 1463 2037 1519 Const-
2073 1465 2365 1522 Manassis
2419 1470 2474 1520 et
2510 1463 2810 1522 Simeonis
2840 1465 3252 1537 Metaphrastae
3305 1470 3846 1538 contemporaneos

462 1552 638 1622 facit;
667 1569 788 1625 quo
819 1568 1016 1609 errore
1048 1552 1345 1608 Harlesius
1372 1569 1617 1626 quoque
1637 1553 2026 1622 obstringitur
2057 1555 2330 1625 (Fabricii
2353 1555 2515 1612 Bibl.
2548 1557 2652 1612 Gr.
2679 1555 2772 1612 ed.
2806 1571 2946 1611 nov.
2980 1558 3065 1622 XI,
3099 1570 3159 1628 p.
3193 1554 3318 1622 188,
3350 1559 3529 1623 not.),
3564 1553 3845 1628 quamvis

460 1653 648 1713 Opera
674 1641 752 1698 ab
784 1641 1020 1698 Oudino
1050 1643 1268 1713 majori
1296 1642 1560 1698 Michaeli
1590 1641 1892 1710 attributa,
1915 1647 2124 1698 nostro
2155 1645 2422 1701 Michaeli
2461 1645 2838 1714 Acominato,
2859 1644 3042 1716 idque
3064 1645 3217 1715 jure,
3251 1643 3514 1700 ascribit.
3549 1645 3705 1700 Inter
3726 1643 3843 1700 ista

459 1746 646 1803 opera
671 1732 1007 1788 orationem
1035 1731 1229 1787 habes
1285 1732 1532 1787 Athenis
1585 1732 1856 1788 muneris
1902 1731 2026 1788 initi
2060 1732 2156 1788 die
2205 1733 2501 1800 habitam,
2533 1739 2589 1788 et
2617 1733 2788 1804 cujus
2816 1733 3002 1789 verba
3032 1730 3471 1790 introductoria
3502 1731 3633 1789 sola
3676 1731 3842 1804 apud

461 1820 820 1875 Bandinium
865 1821 1061 1890 (Epist
1093 1821 1166 1876 de
1195 1820 1494 1878 Michaele
1521 1821 1920 1892 Acominato),
1955 1825 2052 1873 Τὸν
2083 1842 2099 1894 ε

2223 1819 2290 1880 δὴ
2325 1827 2684 1896 προσήκοντα,
2715 1828 2772 1878 et
2803 1822 3012 1879 ultima
3041 1840 3053 1876 :
3087 1820 3197 1874 Ἵνα
3222 1827 3312 1874 καὶ
3360 1819 3509 1875 αὐτοὶ
3551 1825 3673 1884 ναὸς
3708 1827 3843 1874 Θεοῦ

461 1911 634 1982 εἴημεν
657 1907 705 1960 ἐν
733 1909 872 1980 αὐτῷ
897 1917 1137 1983 Χριστῷ,
1173 1914 1308 1978 etc.,
1341 1909 1618 1980 legimus.
1653 1909 1897 1967 Michael
1925 1909 2061 1967 licet
2087 1927 2099 1966 ε

2215 1928 2336 1984 quo
2367 1928 2534 1968 more
2574 1912 2886 1979 educatus,
2916 1911 2978 1967 in
3004 1912 3119 1968 ista
3142 1911 3350 1984 phrasi
3371 1911 3578 1967 divina
3608 1916 3672 1967 ut
3702 1915 3757 1968 et
3781 1911 3846 1966 in

460 2000 690 2054 caeteris
715 1997 999 2054 omnibus
1024 2015 1161 2070 quas
1196 1999 1421 2070 scripta
1467 1999 1725 2071 reliquit,
1759 1999 2183 2055 orthodoxiam
2214 2017 2286 2056 ex
2344 2001 2535 2058 oculis
2568 2016 2690 2057 non
2723 2000 2957 2068 amittit,
2991 2017 3128 2073 quas
3157 1999 3544 2072 καλοκαγαθίας
3581 2000 3846 2073 antiquae

456 2085 592 2144 loco
625 2084 809 2144 Graeci
835 2082 1158 2159 cujuslibet
1181 2103 1529 2160 supremam
1559 2083 1805 2144 laudem
1837 2089 2160 2144 constituit.
2191 2091 2419 2157 Quodsi
2443 2091 2789 2149 Michaelem
2815 2095 3093 2148 nostrum
3129 2091 3334 2148 Atticis
3365 2091 3719 2147 innutritum
3751 2105 3848 2146 ar-

457 2173 619 2232 tibus
646 2181 702 2232 et
730 2177 937 2232 litteris
968 2177 1214 2234 Athenis
1247 2192 1380 2248 quae
1412 2175 1673 2250 templis,
1709 2177 1920 2234 statuis
1946 2178 2368 2248 abundabant,
2403 2179 2641 2237 Periclei
2662 2180 2774 2237 aevi
2805 2183 3203 2237 monumenta
3231 2179 3627 2252 inspirabant,
3659 2178 3845 2251 idem,

457 2279 582 2337 qua
624 2265 997 2323 Christianus
1031 2281 1101 2322 ac
1133 2266 1436 2335 sacerdos,
1477 2265 1664 2322 divini
1693 2267 1868 2338 quasi
1901 2267 2137 2323 aatheris
2185 2267 2436 2324 ﬂamina
2477 2267 2918 2340 experiebatur.
2952 2272 3100 2324 Ante
3131 2284 3271 2324 eum
3303 2267 3367 2323 D.
3412 2266 3635 2324 Paulus
3675 2265 3850 2323 Athe.

457 2351 774 2412 niensibus
805 2356 866 2413 in
898 2365 1216 2430 Areopago
1247 2373 1482 2430 pacem,
1513 2362 1570 2414 et
1607 2355 1668 2413 in
1699 2358 1924 2431 templo
1948 2358 2048 2414 Dei
2077 2358 2365 2426 incogniti
2395 2361 2584 2413 Deum
2614 2357 2673 2413 in
2708 2357 2940 2414 Christo
2971 2357 3424 2413 manifestatum
3455 2357 3848 2413 annuntiave-

457 2449 590 2510 rat;
622 2449 677 2501 et
705 2442 932 2501 ibidem
966 2443 1291 2519 Dionysius
1322 2445 1686 2518 Areopagita
1716 2446 1948 2518 primus
1980 2446 2303 2519 episcopus
2336 2451 2726 2510 memoratur,
2759 2446 2922 2502 idem
2951 2451 3184 2519 martyr
3205 2449 3460 2508 Graecus,
3488 2461 3674 2518 quem
3717 2444 3848 2502 Gal-

459 2534 543 2590 lia
571 2551 816 2607 quoque
848 2535 1194 2607 apostolum
1235 2540 1291 2590 et
1321 2539 1650 2607 patronum
1682 2552 1862 2592 suum
1891 2541 2176 2593 venerata
2197 2540 2284 2592 est
2308 2551 2378 2592 eo
2411 2541 2699 2609 tempore,
2733 2552 2856 2608 quo
2879 2535 3012 2608 ipsa
3036 2535 3175 2592 novi
3204 2534 3503 2607 Evangelii
3533 2533 3844 2607 apostolos

461 2638 568 2697 per
593 2640 839 2680 omnem
861 2624 1090 2688 orbem,
1117 2621 1445 2697 praesertim
1476 2621 1536 2680 in
1563 2640 1700 2680 eam
1730 2625 2037 2695 regionem
2068 2625 2284 2694 emisit,
2306 2624 2468 2682 unde
2498 2630 2714 2698 praeter
2735 2623 3264 2681 Christianismum
3292 2623 3848 2697 perantiqualiber-

463 2709 599 2769 tatis
632 2711 815 2768 civilis
846 2713 1084 2769 traditio
1111 2711 1163 2767 ei
1191 2717 1460 2783 venerat,
1497 2713 1559 2768 in
1593 2712 1883 2769 Graeciam
1920 2713 2055 2770 dico
2085 2717 2183 2786 (1).

535 2800 780 2858 Michael
809 2803 1071 2858 Athenas
1099 2818 1304 2859 sacras
1330 2802 1601 2858 oratione
1631 2802 1892 2860 celebrat
1920 2801 1982 2859 in
2014 2803 2336 2860 Leonidam
2367 2809 2698 2878 martyrem
2731 2809 2787 2861 et
2818 2804 3014 2861 socios
3045 2801 3250 2860 habita
3275 2821 3287 2867 ;
3317 2800 3539 2859 heroici
3569 2799 3838 2874 ejusdem

464 2890 714 2948 civitatis
735 2892 869 2961 aevi,
891 2890 950 2948 in
975 2889 1333 2948 allocutione
1365 2891 1442 2948 ad
1469 2896 1786 2964 praetorem
1819 2893 2182 2949 Demetrium
2205 2894 2549 2962 Drimetem,
2581 2894 2845 2950 Athenas
2877 2893 3183 2964 reducem,
3205 2893 3479 2948 meminit
3503 2909 3515 2947 :
3539 2895 3637 2945 Τὸν
3665 2895 3848 2949 Θησέα

465 2985 621 3054 φασὶν
644 2979 850 3037 ἐκεῖνον.
879 2982 1169 3038 Eustathii
1193 2986 1404 3054 postea
1449 2981 1885 3054 archiepiscopi
1912 2981 2288 3051 Thessalon.,
2317 2981 2657 3056 interpretis
2683 2983 2790 3040 cel.
2838 2982 3178 3040 carminum
3230 2981 3490 3050 Homeri,
3519 2997 3641 3054 quo
3670 2981 3850 3037 fami-

463 3066 782 3127 liarissime
808 3067 1104 3140 utebatur,
1132 3087 1296 3127 mors
1347 3071 1737 3143 profanarum
1780 3086 1951 3143 aeque
1990 3088 2060 3128 ac
2107 3073 2577 3131 Christianarum
2622 3073 3086 3131 meditationum
3133 3089 3348 3130 ansam
3389 3072 3682 3145 praebuit;
3719 3068 3852 3144 ejus

468 3161 830 3217 memoriam
860 3160 1131 3216 oratione
1183 3159 1421 3216 funebri
1447 3161 1786 3229 honoravit,
1818 3160 1992 3231 cujus
2037 3161 2106 3216 in?

2213 3179 2273 3218 m
2303 3180 2314 3218 :
2344 3160 2416 3216 Ὠ
2444 3167 2661 3236 στυγνός
2692 3165 2835 3227 αἰὼν,
2877 3164 2917 3215 ὡ
2943 3164 3151 3236 τλήμων
3183 3162 3335 3235 ἡμεῖς
3372 3163 3538 3234 γενεά,
3573 3161 3712 3217 ﬁnis
3760 3166 3847 3214 καὶ

470 3245 816 3321 λατρεύοντες.
848 3250 1058 3305 Paucae
1083 3248 1177 3304 hee
1203 3264 1383 3304 voces
1414 3248 1490 3304 de
1522 3250 1825 3305 monodite
1855 3249 2044 3322 pretio
2093 3255 2351 3310 statuere
2384 3269 2506 3310 non
2537 3253 2932 3326 permittunt;
2964 3257 3026 3309 at
3059 3253 3246 3308 hocce
3273 3251 3566 3308 saeculum
3596 3254 3653 3306 et
3701 3265 3850 3306 nos-

471 3343 629 3394 trum
653 3354 844 3407 genus
874 3353 1158 3395 accusare
1186 3337 1387 3394 licebit
1414 3334 1813 3409 negligentiae,
1838 3339 1933 3395 cui
1963 3339 2126 3396 solus
2157 3342 2410 3399 Tafelius
2437 3343 2776 3398 remedium
2804 3342 3167 3415 apportavit,
3201 3341 3305 3415 qui
3331 3342 3394 3398 in
3420 3341 3852 3398 Dissertatione

470 3425 560 3484 De
591 3427 1016 3484 Thessalonica
1043 3429 1289 3498 ejusque
1317 3443 1468 3498 agro
1499 3427 1679 3484 etiam
1711 3427 2053 3486 Monodiam
2075 3430 2135 3486 in
2169 3432 2547 3488 Eustathium
2571 3431 2796 3504 publici
2823 3431 2976 3503 juris
3012 3430 3166 3487 fecit.

544 3517 837 3575 Eustathii
862 3515 1204 3573 Thessalon.
1237 3534 1402 3574 mors
1431 3517 1508 3590 (a.
1535 3515 1697 3591 1198)
1719 3535 1823 3574 sex
1853 3522 2028 3575 annis
2054 3521 2478 3591 catastrophen
2504 3521 2841 3588 antecessit,
2875 3536 3012 3594 quae
3043 3518 3309 3577 Michaeli
3334 3519 3720 3577 occasionem
3741 3519 3850 3576 de-

473 3603 562 3665 dit
598 3608 954 3665 ostendendi
984 3623 1045 3663 se
1076 3623 1200 3663 non
1226 3607 1423 3663 solum
1449 3608 1683 3664 bonum
1729 3610 1935 3666 ovium
1984 3615 2293 3682 pastorem
2319 3611 2486 3682 pacis
2536 3615 2805 3682 tempore
2838 3625 2990 3678 esse,
3025 3610 3131 3666 sed
3157 3610 3282 3682 qui,
3308 3614 3558 3680 urgente
3588 3608 3848 3666 necessi-

475 3700 617 3770 tate,
648 3694 861 3769 lupum
902 3697 1245 3767 Argolicum
1276 3696 1506 3754 fortiter
1535 3713 1571 3753 a
1597 3713 1776 3768 grege
1799 3699 2067 3771 repellat,
2095 3699 2229 3756 licet
2258 3715 2400 3755 mox
2431 3699 2569 3755 feris
2600 3699 3074 3756 occidentalibus
3107 3698 3317 3755 cedere
3357 3703 3600 3755 coactus
3648 3698 3846 3754 fuerit.

549 3783 743 3859 Atque
789 3785 906 3841 hoc
953 3785 1201 3858 quidem
1239 3785 1373 3841 loco
1413 3785 1742 3842 dicendum
1793 3793 1884 3843 est
1926 3788 2027 3859 qui
2073 3787 2250 3844 fuerit
2295 3789 2792 3845 Acominatorum
2845 3804 3042 3844 sermo
3068 3789 3232 3858 justo
3263 3788 3458 3858 magis
3489 3787 3853 3859 metaphori-

477 3893 583 3934 cus
616 3879 709 3948 (2).
738 3876 918 3946 Cujus
948 3875 1034 3931 rei
1083 3879 1149 3932 ut
1173 3870 1469 3946 majorem
1519 3873 1703 3932 ﬁdem
1733 3873 2050 3946 faciamus,
2084 3878 2296 3934 Nicetae
2326 3880 2515 3935 verba
2546 3878 2852 3951 quibusin
2881 3877 3189 3934 Michaelis
3239 3877 3437 3933 fratris
3469 3877 3598 3933 Vita
3643 3877 3850 3943 utitur,

477 3972 841 4040 repetamus,
874 3965 1331 4037 usurpationem
1379 3969 1559 4022 antea
1589 3970 1998 4022 memorantes
2028 3967 2263 4040 imperii
2288 3968 2601 4040 Byzantini
2630 3984 2738 4041 per
2783 3967 3058 4023 Alexium
3113 3969 3183 4022 ΠΙ
3225 3965 3521 4036 Angelum
3553 3971 3630 4034 (a.
3667 3971 3850 4032 H93),

478 4070 666 4129 quam
693 4058 827 4110 octo
858 4054 1034 4109 annis
1053 4059 1266 4126 postea
1293 4050 1590 4126 expeditio
1622 4054 1903 4111 Italorum
1934 4055 2358 4128 Gallorumque
2393 4056 2953 4129 Constantinopolin
2981 4072 3212 4119 versus,
3247 4059 3304 4112 et
3326 4060 3463 4128 post
3489 4054 3856 4125 redintegra-

478 4147 705 4201 tionem
727 4142 941 4198 lsaacii
969 4143 1170 4199 caecati
1203 4159 1340 4198 cum
1365 4143 1488 4199 ﬁlio
1510 4144 1640 4214 ejus
1667 4144 1869 4200 Alexio
1900 4145 2496 4219 lVimpotentemque
2523 4146 2704 4203 Alexii
2737 4149 2776 4202 V
2799 4149 2975 4202 Ducee
2998 4145 3321 4218 Murzuphli
3351 4144 3853 4215 dominationem,

482 4233 751 4288 secunda
779 4231 976 4303 Cpolis
1024 4232 1392 4304 expugnatio
1421 4249 1528 4305 per
1557 4231 1821 4288 Francos
1855 4235 1942 4301 (12
1997 4237 2106 4305 Ap.
2153 4235 2311 4298 1204)
2341 4239 2397 4290 et
2432 4235 2668 4308 imperii
2711 4234 2900 4291 Latini
2953 4234 3228 4290 fundatio
3260 4239 3464 4291 secuta
3493 4238 3599 4290 est.
3637 4233 3854 4290 Nicetes

480 4321 818 4380 Acominati
850 4321 1116 4377 Historite
1145 4321 1280 4378 libri
1309 4339 1348 4378 v
1373 4321 1564 4378 ultimi
1592 4322 1878 4392 (xvn-xxi)
1906 4325 1964 4376 et
1983 4324 2034 4379 J.
2061 4322 2458 4379 Villharduini
2478 4323 2740 4380 Annales
2775 4323 2990 4381 Gallice
3022 4323 3350 4396 conscripti
3381 4339 3671 4394 magnam
3697 4322 3858 4379 circa

483 4427 584 4468 eas
612 4427 708 4466 res
740 4411 1155 4468 auctoritatem
1180 4411 1427 4468 habent.
1456 4412 1685 4466 Nicetas
1729 4410 1978 4482 quidem
2001 4427 2194 4483 usque
2223 4413 2300 4468 ad
2331 4428 2386 4469 a.
2421 4417 2554 4468 1206
2585 4413 2985 4486 progreditur,
3034 4413 3314 4486 quamvis
3340 4414 3401 4468 in
3431 4413 3552 4468 ﬁne
3597 4411 3733 4468 libri
3751 4426 3853 4466 xxx

483 4494 649 4559 dicat
682 4519 695 4557 :
721 4502 831 4554 Οὐκ
861 4498 920 4553 ἂν
968 4499 1200 4575 ᾀσαὶμην
1225 4504 1292 4554 τὰ
1336 4497 1617 4576 βαρϐάρων
1647 4499 1826 4567 αὐτὸς,
1861 4495 1975 4551 οὐδ’
1999 4499 2216 4574 ἐσοίμην
2243 4499 2602 4576 παραπέμπων
2633 4509 2744 4565 τοῖς
2783 4505 2958 4556 ἔπειτα
3002 4502 3219 4578 πράξεις
3263 4500 3564 4575 πολεμικὰς,
3591 4500 3638 4553 ἐν
3679 4503 3848 4573 αἷςμὴ

482 4599 698 4644 νικῶσιν
720 4590 981 4654 Ἕλληνες,
1007 4595 1072 4644 Οἱ
1100 4595 1202 4666 γὰρ
1231 4589 1494 4664 βάρϐαροι
1532 4591 1667 4640 κατὰ
1695 4592 1782 4640 τὸν
1809 4589 2155 4662 ἐμπρήσαντα
2183 4595 2268 4642 τὸν
2310 4590 2357 4643 ἐν
2386 4591 2580 4664 Ἐφέσῳ
2602 4595 2721 4645 ναὸν
2751 4601 2842 4654 τῆς
2874 4588 3187 4666 Ἀρτέμιδος
3225 4591 3561 4664 οἰχέσθωσαν
3590 4592 3770 4643 οἴῑστοι
3799 4609 3857 4644 τε

482 4686 573 4734 καὶ
599 4683 846 4748 οἵπυστοι,
875 4679 1015 4757 μηδὲ
1043 4686 1415 4758 προσρήματος
1439 4685 1563 4752 γοῦν
1587 4697 1741 4750 τινος,
1773 4679 1856 4752 ὑφ’
1879 4681 2024 4752 ἡμῶν
2047 4679 2360 4754 ἀξιούμενοι,
2385 4681 2478 4743 ἕως
2509 4681 2569 4734 οὗ
2597 4682 2846 4759 παρέλθοι
2874 4684 2904 4741 ἡ
2931 4681 3123 4755 ἀνομία
3150 4679 3282 4734 κάπὶ
3307 4686 3418 4743 τοῖς
3449 4677 3655 4744 δούλοις
3691 4679 3856 4733 αὐτοῦ

557 4861 638 4936 (1)
679 4859 901 4942 Contra
943 4855 1820 4942 Gregorium‘iljurontedam
1851 4861 1916 4940 .et
1957 4875 2142 4942 quos-
2250 4860 2620 4942 Prggﬁatione
2644 4862 2753 4942 _ad
2802 4861 3141 4942 Historiam
3193 4859 3300 4942 ubi
3338 4860 3606 4942 maxime
3635 4864 3855 4942 monet

483 4927 630 4993 dam
661 4935 810 4991 alios
839 4927 1512 5006 DionysiumGallicum
1539 4927 1998 5006 abLAtheniensi
2025 4932 2142 4987 dis-
2250 4927 2464 4990 nullibi
2495 4934 2690 5006 magis
2719 4948 2921 5006 quam
2947 4929 3045 4990 hic
3071 4933 3338 4989 claritate
3387 4937 3445 4988 et
3467 4931 3858 5006 simplicitate

483 5006 887 5077 tinguendum
907 5000 1149 5078 etter_tio
1175 5001 1423 5056 demum
1444 5004 1585 5078 post
1608 5000 1906 5078 Christum
1930 5007 2143 5078 natum
2250 5019 2405 5078 opus
2440 5000 3010 5078 esse.'IndéAversus
3060 5012 3380 5078 sequentes
3407 5003 3486 5060 ad
3516 5000 3858 5078 marginem

486 5071 708 5134 saeculo
740 5073 1359 5149 accensendum__esse
1387 5071 2144 5149 arbitrantes,auctoritati
2251 5071 2384 5149 cod.
2403 5079 2654 5149 Fugger.
2685 5076 2891 5149 scripti
2917 5080 2972 5133 et
3001 5092 3038 5133 a
3068 5071 3278 5133 Wolﬁo
3307 5075 3648 5134 Alexandro
3674 5071 3861 5134 Char-

483 5151 630 5205 Sim.
666 5147 1084 5220 Metaphrastaa
1114 5148 1170 5198 et
1195 5143 1362 5220 Mich.
1387 5143 1846 5220 _Syngeli,_-ab_b.
1877 5145 2142 5203 Hilduini
2250 5143 2559 5220 tophyla‘c’i
2589 5143 2899 5220 attributi:

483 5214 1184 5292 etmultoruinvirorum
1207 5214 1337 5270 sine
1367 5214 1556 5292 dubio
1582 5216 2060 5292 ortliodoxorum
2087 5234 2117 5274 e

1847 5233 2060 5292 xorum
2087 5222 2145 5275 et
2317 5214 2335 5220 ’
2401 5214 2412 5220 ’
2467 5219 2577 5271 Οὐκ
2599 5216 2724 5272 οἶδα
2749 5225 2801 5272 τί
2832 5223 2933 5292 φῂς
2961 5216 3166 5285 ἕνθάδε,
3193 5220 3485 5292 Χωξειάιξα,

482 5289 822 5369 doctorum_
855 5287 1369 5369 obtemperamus,
1387 5287 1507 5368 .qui
1522 5356 1539 5369 ῃ
1553 5302 1746 5369 unum
1783 5288 2120 5369 Dionysiun

1966 5290 2141 5369 fsium
2265 5343 2268 5346 ,
2463 5295 2622 5369 Σοφὸν
2641 5294 2700 5344 τὸ
2730 5287 2885 5369 σαρὲέ
2918 5293 3234 5369 συγγράφῳν
3266 5289 3395 5369 εἶναι
3424 5290 3604 5369 λέγεις,

483 5363 846 5429 agnoscunt.
898 5356 1257 5438 Persuasum
1306 5356 1466 5438 enim
1517 5356 1823 5438 habemus
1871 5356 2121 5438 critical:

1981 5361 2141 5438 ica"!
2365 5433 2419 5438 __
2463 5356 2593 5438 Εῖέα
2616 5356 2867 5438 reirei!)
2900 5356 3348 5438 καῖβάρδξθρώδη
3382 5356 3619 5438 7995m-

481 5428 673 5510 quam
702 5428 1288 5511 vocanthistoricam
1316 5430 1396 5487 ad
1424 5435 1569 5488 Acta
1597 5434 1944 5489 sanctorum
1972 5432 2142 5490 haud
2354 5433 2588 5511 Nescio,
2613 5428 3102 5511 _Choniata,_qu'id
3121 5428 3323 5511 dicere
3351 5428 3522 5511 υἷιξᾲ

481 5501 744 5573 impune,
767 5501 1077 5573 applicari.
2353 5501 2649 5562 Dictionis
2675 5501 3103 5564 claritudinem
3124 5507 3408 5564 virtutem
3438 5506 3613 5562 dicis.

549 5571 630 5647 (Ξ)
680 5571 898 5631 Nicetis
945 5573 1195 5647 quidem
1247 5573 1428 5636 dictio
1476 5574 1918 5637 obscurissima
1955 5577 2044 5635 est
2073 5575 2137 5634 in
2354 5577 2434 5634 Et
2461 5579 2623 5637 nihil
2646 5582 2714 5636 tu
2738 5579 2863 5651 ipse
2881 5578 3002 5637 nisi
3021 5594 3137 5652 per
3157 5579 3466 5652 ampullas
3493 5574 3817 5650 componis;
