4148 6400
361 399 474 457 305
1907 398 1999 457 ΝΟ

2109 399 2186 457 ἸΑ
3644 417 3747 474 360

361 526 424 578 τὸ
458 528 606 578 esto»
631 519 1128 597 παρακληθήσεται.
1153 521 1329 582 Absit
1358 529 1424 580 ut
1451 538 1557 595 ego
1588 522 1681 580 res
1700 527 1898 595 gestas
1927 526 2356 584 Barbarorum
2383 527 2717 602 decentem,
2746 536 2854 589 aut
2886 547 2956 590 ea
2988 533 3140 593 bella
3163 537 3462 594 memoriae
3480 544 3747 609 postero-

365 630 507 671 rum
525 612 802 684 prodam,
831 612 897 668 in
923 612 1141 684 quibus
1166 628 1285 670 non
1313 613 1567 672 vincunt
1588 614 1794 671 Graeci.
1822 614 1947 671 Imo
1973 615 2089 684 illi,
2133 622 2199 673 ut
2227 618 2278 674 is
2307 620 2413 691 qui
2435 620 2711 690 Ephesiae
2744 622 2956 678 Diana:
2987 627 3275 694 templum
3303 628 3582 698 incendit,
3639 647 3745 700 pe-

369 707 545 762 reant
569 702 761 774 ignoti
785 706 840 759 et
871 701 1142 772 obscuri;
1169 717 1274 760 nec
1295 704 1424 760 ulto
1455 703 1629 760 verbo
1655 704 1972 776 quisquam
2003 711 2273 764 nostrum
2303 722 2399 764 eos
2419 708 2724 780 dignetur,
2753 712 2940 769 donec
2991 715 3300 771 transierit
3349 718 3641 788 iniquitas
3690 724 3744 776 et

371 795 532 851 Deus
551 807 748 850 servos
771 806 910 849 suos
941 793 1264 850 clementer
1291 794 1643 863 respexerit.
1668 793 1902 850 Nicetas
1939 793 2132 850 fusius
2165 795 2342 853 refert
2368 813 2439 854 ea
2471 814 2608 872 quae
2637 800 2768 872 ipse
2792 805 2929 873 post
2972 808 3217 875 captam
3267 805 3475 876 Cpolin
3520 822 3744 878 passus

372 883 474 951 sit,
509 898 579 940 ae
603 885 904 938 memorat
923 897 987 937 se
1012 881 1308 953 virginem
1340 881 1675 955 quamdam
1706 880 1999 939 ebarbari
2020 883 2274 955 alicujus
2299 886 2607 954 manibus,
2654 890 2987 946 asserendo
3018 907 3154 948 eam
3187 891 3301 947 sibi
3321 899 3576 965 nuptam
3614 911 3744 953 esse

373 972 687 1046 eripuisse,
709 974 1019 1044 repetente
1040 970 1200 1029 idem
1235 971 1516 1030 Michaele
1549 970 1647 1044 (1),
1680 987 1806 1029 non
1838 971 1967 1029 sine
1995 972 2278 1030 laudibus
2304 975 2464 1046 justo
2485 977 2840 1050 majoribus,
2878 979 3180 1051 siquidem
3207 980 3453 1038 fratrem
3511 985 3744 1041 Herculi

371 1066 431 1121 et
455 1062 694 1127 Theseo,
723 1060 1100 1128 Abrahamo,
1133 1063 1338 1120 Isaaco
1370 1077 1441 1118 ac
1473 1060 1630 1130 Levi,
1659 1060 1942 1131 Simeoni,
1975 1062 2185 1120 Davidi
2211 1079 2282 1120 ac
2310 1063 2536 1122 Danieli
2557 1067 2873 1140 praeponit,
2896 1068 3019 1126 imo
3060 1084 3201 1125 cum
3233 1069 3460 1127 Christo
3492 1087 3739 1146 compa-

366 1155 483 1224 rat,
515 1151 619 1226 qui
638 1166 750 1224 pro
773 1151 1054 1218 Ecclesia,
1085 1166 1313 1224 sponsa
1343 1167 1476 1219 sua,
1500 1153 1776 1208 mortuus
1799 1154 1907 1208 est.

429 1292 666 1351 Nicetas
698 1297 1028 1368 postquam
1058 1293 1133 1350 de
1163 1293 1344 1350 rebus
1375 1292 1807 1350 abominandis
1828 1308 2090 1366 quarum
2121 1298 2301 1369 capta
2322 1296 2518 1369 Cpolis
2548 1299 2712 1356 testis
2764 1298 2895 1370 fuit,
2935 1301 3152 1374 retulit,
3202 1302 3277 1359 de
3322 1303 3655 1376 provinciis
3706 1321 3744 1363 a

360 1382 587 1440 Latinis
624 1383 992 1456 expugnatis
1043 1400 1114 1440 ac
1142 1383 1296 1441 inter
1325 1383 1511 1439 duces
1544 1382 1838 1440 exercitus
1868 1381 2200 1441 distributis
2254 1386 2543 1459 loquitur.
2587 1389 2731 1444 Dein
2770 1391 2850 1447 ad
2893 1406 3150 1460 regnum
3208 1393 3742 1452 Thessalonicense

363 1471 671 1529 Bonifacio
699 1472 1209 1529 Monteferratensi
1239 1474 1288 1544 (ὁ
1329 1477 1535 1536 Μόντης
1567 1475 2001 1546 Φεράντηςμαρκέ

2105 1495 2119 1536 ;
2156 1478 2481 1549 Βονιςράτιος)
2511 1477 2624 1534 sub
2665 1479 3112 1536 conditionibus
3144 1481 3308 1537 feudi
3336 1483 3643 1551 traditum,
3686 1491 3743 1541 et

364 1577 439 1619 ea
463 1577 599 1636 quae
626 1561 759 1634 ipse
789 1567 1004 1619 contra
1021 1563 1306 1620 Graeciam
1341 1566 1595 1620 conatus
1622 1566 1711 1621 est
1751 1561 1942 1618 facere
1969 1565 2266 1634 procedit.
2308 1566 2395 1622 lbi
2424 1567 2606 1634 enim,
2633 1568 2815 1624 rebus
2844 1569 2972 1640 jam
2999 1569 3233 1626 dudum
3257 1572 3514 1628 turbatis
3550 1573 3742 1644 adjuti

358 1650 428 1708 in
447 1650 566 1707 ﬁne
587 1650 761 1721 regni
791 1650 978 1707 Alexii
1003 1653 1073 1707 Ill
1103 1651 1164 1707 in
1181 1651 1386 1708 multis
1409 1651 1662 1707 urbibus
1692 1653 2082 1724 usurpatores
2114 1655 2298 1711 Graeci
2327 1661 2712 1714 surrexerant
2740 1659 2845 1730 qui
2875 1663 3085 1716 contra
3108 1663 3361 1717 Francos
3383 1677 3509 1717 non
3537 1664 3740 1718 minus

360 1739 751 1814 pertinaciter
770 1756 962 1813 quam
994 1744 1202 1798 contra
1229 1741 1658 1814 imperatorem
1681 1742 1950 1796 Graecum
1980 1738 2318 1801 libertatem
2351 1762 2529 1802 suam
2558 1745 2986 1804 defendebant.
3012 1749 3096 1806 Ex
3116 1748 3209 1806 his
3242 1749 3302 1804 in
3327 1749 3542 1806 Attolia
3572 1754 3628 1805 et
3675 1751 3740 1806 in

367 1830 553 1902 Epiro
589 1829 833 1886 australi
866 1829 1030 1886 circa
1057 1830 1372 1902 Nicopolin
1393 1834 1451 1887 et
1487 1830 1890 1903 Epidamnum
1921 1830 2144 1887 nothus
2175 1833 2390 1908 aliquis
2420 1851 2488 1890 ex
2517 1833 2744 1892 familia
2774 1839 3038 1893 Ducasna
3081 1836 3374 1894 oriundus
3403 1837 3736 1909 regnabat;

374 1917 507 1975 dux
537 1920 768 1975 Grmcus
798 1919 1053 1994 quidam
1078 1919 1142 1977 in
1183 1919 1446 1992 Dolopiae
1474 1919 1781 1976 montibus
1807 1933 1820 1983 ;
1843 1917 1905 1973 in
1929 1921 2216 1979 Messenia
2241 1923 2460 1983 Theod.
2492 1923 2838 1980 Melissenus
2872 1941 2902 1981 e
2951 1929 3126 1994 gente
3158 1928 3644 1994 Comnenorum;
3679 1927 3740 1984 in

366 2008 629 2070 Laconia
663 2011 823 2069 Leon
852 2010 1246 2069 Chamaretus
1280 2026 1405 2067 non
1429 2010 1632 2066 minus
1665 2006 1973 2082 tyrannice
1997 2026 2186 2082 quam
2218 2011 2398 2067 Nabis
2419 2011 2547 2084 ipse
2574 2029 2586 2069 :
2619 2012 2680 2066 in
2719 2013 2998 2083 Argolide
3031 2017 3086 2069 et
3127 2014 3390 2071 Corinthi
3449 2017 3561 2072 Leo
3596 2016 3741 2084 Sgu-

358 2111 468 2156 rus
499 2098 803 2158 saeviebat.
839 2099 1025 2172 Hujus
1056 2115 1197 2159 cum
1227 2099 1693 2159 Atheniensibus
1725 2101 1839 2158 sub
1865 2101 2036 2159 Mich.
2062 2100 2434 2169 Acominato,
2459 2105 2517 2157 et
2545 2117 2684 2158 cum
2712 2102 2951 2158 Francis
2993 2101 3107 2158 sub
3138 2103 3488 2159 marchione
3521 2106 3742 2159 Monte-

358 2184 680 2245 ferratensi
698 2204 938 2262 pugnas
967 2189 1236 2249 Nicetam
1261 2188 1455 2250 fusius
1477 2193 1825 2250 narrantem
1852 2191 1996 2248 hinc
2017 2190 2157 2248 inde
2181 2191 2624 2248 introducimus
2654 2191 2860 2263 (Hist.,
2891 2191 2985 2248 ed.
3019 2194 3202 2264 Paris,
3230 2209 3302 2266 p.
3330 2197 3431 2250 390
3456 2193 3628 2268 sqq.)

728 2368 756 2436 §
795 2368 848 2422 4.
889 2366 1153 2425 Michael
1192 2383 1326 2425 cum
1363 2368 1562 2425 Leone
1597 2369 1798 2441 Sguro
1838 2375 2141 2429 certamen
2181 2369 2314 2440 init,
2353 2371 2555 2440 fratre
2586 2370 2771 2440 ipsius
2808 2371 3022 2429 Niceta
3062 2371 3380 2442 referente.

449 2573 480 2602 α
521 2550 632 2605 Leo
660 2548 908 2618 Sgurus,
942 2546 1195 2620 Nauplio
1227 2551 1416 2618 ortus,
1448 2548 1805 2623 aliquandiu
1828 2548 1889 2605 vi
1911 2550 2109 2620 magis
2137 2563 2326 2620 quam
2359 2547 2662 2606 voluntate
2691 2549 3082 2623 pepulerium
3112 2550 3520 2624 principatum
3549 2551 3741 2607 tenuit

369 2664 394 2693 ι
442 2641 664 2712 apatre
687 2641 1059 2709 susceptum,
1085 2637 1162 2694 ad
1183 2638 1358 2709 cujus
1378 2637 1777 2695 imitationem
1815 2654 1939 2695 non
1971 2639 2102 2694 sine
2134 2637 2430 2706 sanguine
2450 2637 2786 2711 imperavit.
2824 2638 2937 2694 Sed
2971 2639 3325 2695 confusione
3365 2655 3566 2695 rerum
3601 2657 3738 2695 auc-

358 2750 392 2781 ‹‹
436 2733 553 2797 tus,
586 2731 640 2782 et
672 2725 1030 2782 turbulentis
1051 2726 1450 2798 temporibus,
1487 2731 1550 2782 ut
1577 2731 1864 2782 torrentes
1889 2726 2186 2782 imbribus
2218 2730 2274 2782 et
2295 2725 2637 2782 turbinibus
2670 2727 2872 2794 undae,
2901 2727 3285 2799 tumefactus,
3321 2744 3352 2784 e
3386 2744 3569 2802 parvo
3599 2744 3739 2785 ma-

354 2841 388 2873 α
429 2832 595 2889 gnus
614 2814 853 2870 exstitit.
875 2819 1066 2885 Argos
1097 2814 1263 2886 dolo,
1284 2815 1631 2871 Corinthum
1685 2815 2001 2871 latrocinio
2025 2815 2212 2888 cepit:
2237 2819 2292 2870 et
2319 2815 2660 2885 grassando
2693 2815 2953 2871 subinde
2975 2831 3332 2888 progressus
3363 2817 3534 2889 ipsas
3562 2817 3737 2872 Athe-

368 2930 394 2961 ι
435 2922 553 2963 nas
573 2920 714 2960 cum
741 2903 967 2961 bellicis
989 2904 1249 2961 navibus
1280 2909 1337 2961 et
1368 2904 1628 2962 exercitu
1659 2919 1766 2979 per
1804 2904 2096 2960 Isthmum
2144 2903 2420 2960 traducto
2451 2911 2541 2959 est
2585 2903 2852 2974 adortus,
2887 2920 2957 2960 ea
2987 2919 3094 2976 spe
3127 2920 3190 2959 se
3219 2905 3371 2960 arcis
3409 2904 3582 2960 facile
3621 2922 3736 2978 po-

370 3017 402 3048 ‹‹
443 2995 719 3059 titurum,
751 2998 850 3050 aut
874 2993 1174 3050 machinis
1203 2993 1481 3050 adductis
1504 2993 1744 3050 imbelle
1766 2993 2116 3065 praesidium
2148 2992 2320 3049 facile
2348 2992 2707 3049 territurum.
2738 2995 3030 3048 Caeterum
3053 3008 3125 3048 ea
3155 2993 3426 3062 agitabat
3446 2993 3652 3050 animo
3680 2998 3739 3050 et

369 3106 402 3137 «
439 3085 667 3141 frustra
695 3083 1044 3153 conabatur,
1067 3099 1206 3156 quae
1235 3083 1314 3140 ad
1343 3083 1570 3141 exitum
1597 3081 1846 3156 perduci
1872 3098 1996 3139 non
2028 3085 2324 3155 poterant.
2359 3085 2509 3139 Nam
2539 3083 2909 3138 Athenarum
2934 3098 3210 3138 summus
3237 3086 3444 3156 pastor
3494 3081 3738 3138 Michael

365 3197 397 3226 ‹‹
442 3171 783 3239 Choniates,
816 3172 999 3230 frater
1019 3189 1193 3230 meus
1223 3173 1422 3244 (meus
1443 3173 1728 3246 inquam:
1758 3188 1904 3228 nam
1931 3172 2099 3228 laudi
2128 3171 2279 3227 mihi
2309 3171 2465 3228 duco
2497 3172 2922 3242 cognationem
2946 3172 3096 3242 ejus,
3122 3177 3178 3227 et
3203 3172 3256 3227 ei
3295 3187 3392 3227 me
3442 3171 3737 3241 sanguine

357 3286 388 3314 α
430 3262 856 3335 propinquum
895 3277 1026 3318 esse
1055 3261 1314 3333 gaudeo,
1347 3261 1484 3318 licet
1512 3277 1549 3318 a
1576 3262 1794 3323 virtute
1833 3265 1888 3317 et
1918 3260 2260 3332 eloquentia
2287 3261 2416 3332 ejus
2450 3261 2940 3333 remotissimus),
2974 3277 3113 3316 cum
3151 3260 3243 3316 sui
3285 3261 3555 3316 muneris
3604 3276 3737 3315 esse

364 3374 394 3403 α
433 3351 790 3422 intelligeret
810 3350 1061 3408 consilio
1088 3355 1146 3407 et
1163 3351 1445 3424 precibus
1473 3365 1600 3406 rem
1626 3350 1936 3423 publicam
1957 3350 2189 3421 juvare,
2224 3349 2394 3418 Sguri
2428 3351 2636 3406 castris
2666 3350 2832 3418 visis,
2865 3350 2962 3422 pie
2993 3365 3132 3405 cum
3157 3365 3227 3405 eo
3249 3365 3428 3418 agere
3458 3349 3734 3420 instituit,

365 3463 397 3493 κ
441 3456 523 3497 an
551 3441 888 3510 hominem,
914 3441 1247 3512 praesertim
1261 3455 1384 3496 non
1404 3440 1679 3511 ignotum
1708 3439 1816 3495 sed
1841 3454 2002 3511 saepe
2023 3439 2406 3506 collocutum,
2433 3455 2714 3496 amovere
2757 3443 2982 3512 posset.
3038 3441 3243 3512 Itaque
3293 3454 3366 3493 ex
3405 3438 3554 3494 urbe
3603 3444 3737 3494 tan-

364 3554 394 3584 «
434 3547 626 3606 quam
658 3530 966 3603 superiore
1003 3530 1136 3586 loco
1177 3529 1548 3587 monitorum
1603 3529 1851 3600 sagittas
1879 3528 2230 3600 ejaculatur,
2265 3532 2322 3584 et
2372 3528 2661 3600 pastorali
2698 3527 2892 3584 funda
2938 3527 3147 3584 divina
3186 3527 3371 3583 verba
3397 3527 3566 3598 jacit.
3621 3527 3737 3582 Ali-

360 3644 391 3674 α
434 3620 689 3695 quando
718 3620 902 3676 etiam
935 3620 1346 3693 spiritualibus
1368 3619 1546 3675 minis
1591 3623 1888 3690 tanquam
1941 3616 2228 3673 arietibus
2272 3618 2546 3674 animum
2581 3617 2739 3674 illius
2771 3622 3034 3672 sternere
3073 3616 3346 3672 instituit.
3401 3617 3530 3671 Non
3577 3615 3740 3670 enim

365 3732 395 3763 κ
434 3712 649 3768 decere
687 3725 830 3766 eum
855 3710 963 3782 qui
993 3709 1368 3766 Christianus
1393 3708 1467 3764 sit
1495 3713 1552 3764 et
1575 3707 1729 3763 inter
1777 3708 2085 3763 Romanos
2111 3721 2334 3762 nomen
2367 3722 2544 3762 suum
2575 3707 2946 3779 proﬁteatur,
2998 3708 3304 3761 Romanos
3348 3704 3508 3761 bello
3535 3708 3736 3774 petere

367 3820 398 3850 κ
437 3800 554 3856 nisi
581 3799 735 3856 forte
762 3799 904 3856 solis
924 3799 1102 3856 labiis
1127 3798 1529 3856 Christianum
1550 3801 1712 3868 agat,
1738 3801 1799 3852 ut
1823 3799 1880 3852 et
1895 3801 2058 3852 veste
2087 3799 2144 3852 et
2170 3794 2378 3864 lingua
2397 3796 2692 3852 duntaxat
2713 3799 3072 3860 Romanum,
3107 3795 3285 3850 corde
3315 3809 3453 3850 vero
3479 3810 3515 3850 a
3544 3793 3738 3849 Chris-

368 3909 400 3939 «
440 3890 611 3946 tianis
642 3891 717 3946 sit
745 3888 1210 3946 remotissimus.
1243 3890 1438 3955 Quam
1462 3903 1605 3944 vero
1637 3901 1888 3943 causam
1919 3885 2145 3941 habeat
2169 3885 2569 3955 oppugnandi
2599 3885 2864 3940 Athenas
2883 3884 2910 3939 ?
2941 3899 3087 3939 nam
3117 3883 3348 3953 Argivis
3389 3882 3467 3938 ob
3524 3881 3734 3937 vicini-

368 3999 400 4030 a
441 3982 619 4035 tatem
639 3983 846 4052 posset
876 3978 1127 4036 forsitan
1158 3978 1389 4051 aliquid
1419 3975 1657 4033 crimini
1686 3975 1852 4040 dare,
1885 3990 2008 4046 quo
2037 3973 2281 4029 illorum
2311 3975 2676 4046 expugnatio
2717 3978 3056 4042 excusetur,
3097 3970 3621 4044 quemadmodum
3678 3974 3736 4026 et

367 4088 396 4120 α
439 4069 752 4126 Corinthiis
779 4083 973 4141 nuper
997 4067 1438 4139 archiepiscopi
1468 4081 1678 4122 eorum
1704 4064 1946 4121 crebras
1973 4061 2224 4118 insidias
2276 4063 2579 4134 objecerit,
2618 4063 2777 4118 unde
2813 4067 3153 4119 Romanum
3211 4059 3537 4117 exercitum
3579 4062 3733 4116 Nau-

362 4179 393 4209 «
431 4159 628 4232 plium
658 4174 970 4214 accurrere
997 4162 1052 4214 et
1071 4173 1260 4214 naves
1289 4156 1534 4213 hostiles
1565 4153 1866 4228 appellere
1880 4168 2199 4226 nunquam
2226 4153 2533 4222 recusarit,
2564 4157 2617 4209 et
2655 4153 2950 4209 suavitate
3003 4151 3292 4208 orationis
3344 4151 3476 4222 ejus
3536 4149 3732 4219 magis

355 4269 386 4298 α
429 4247 737 4305 afﬁciatur
755 4263 944 4320 quam
965 4246 1160 4304 mellis
1191 4245 1534 4314 dulcedine,
1553 4259 1746 4316 eaque
1771 4259 2008 4314 semper
2027 4241 2142 4297 frui
2164 4241 2391 4314 cupiat,
2419 4241 2515 4298 hic
2543 4259 2687 4299 vero
2726 4243 2926 4314 ipsum
2957 4241 3018 4296 in
3063 4239 3466 4312 spiritualium
3520 4237 3734 4294 libero-

357 4360 387 4389 κ
427 4353 572 4394 rum
601 4352 926 4394 numerum
947 4335 1236 4392 retulerit.
1263 4339 1345 4390 Ac
1370 4331 1725 4406 hujusmodi
1755 4331 1943 4388 armis
1967 4347 2115 4387 usus
2145 4330 2390 4388 Michael
2417 4332 2782 4405 precabatur
2817 4336 2882 4386 ut
2934 4329 3075 4386 inde
3117 4329 3439 4386 recederet.
3501 4331 3729 4399 Sgurus

353 4448 384 4480 α
423 4443 575 4483 vero
596 4442 722 4482 non
748 4426 1200 4483 dissimulanter
1221 4423 1606 4498 praetendens
1642 4437 1706 4478 se
1738 4421 1860 4478 vim
1892 4436 2071 4494 posse
2095 4420 2312 4487 facere,
2347 4424 2404 4477 et
2429 4426 2706 4494 tempora
2734 4419 2951 4476 intueri
2994 4418 3218 4488 jubens
3247 4434 3386 4490 quae
3445 4432 3554 4490 pro
3595 4417 3729 4471 viri-

355 4536 385 4566 α
424 4517 547 4572 bus
577 4531 882 4588 quemque
913 4531 1090 4587 agere
1113 4515 1449 4580 monerent,
1483 4527 1625 4568 cum
1654 4511 1928 4566 omnium
1947 4509 2190 4566 urbium
2204 4510 2484 4584 princeps
2513 4507 3373 4579 afﬂictissimaesset,denique
3388 4505 3734 4578 postulabat

361 4626 391 4657 ε
429 4612 495 4662 ut
518 4605 771 4679 quidam
802 4605 1156 4662 adolescens
1188 4603 1270 4660 ad
1294 4618 1506 4658 necem
1533 4600 1646 4657 sibi
1674 4599 2013 4656 dederetur.
2057 4600 2248 4665 Quem
2278 4599 2389 4654 etsi
2413 4598 2566 4654 alius
2591 4598 2807 4671 aliquis
2837 4597 3018 4653 etiam
3048 4612 3173 4652 non
3216 4595 3441 4668 petenti
3468 4595 3733 4651 libentis-

365 4719 397 4747 α
441 4696 587 4752 sime
637 4694 984 4764 dedidisset,
1034 4697 1100 4750 ut
1146 4708 1353 4749 semen
1385 4690 1686 4764 uniquum
1718 4693 1776 4744 et
1822 4687 2023 4744 multis
2050 4691 2358 4743 auctorem
2379 4687 2670 4751 interitus,
2699 4686 2969 4759 pessima
3016 4701 3276 4757 quasque
3334 4687 3389 4740 et
3444 4700 3634 4740 manu
3677 4687 3734 4738 et

372 4808 394 4838 ι
441 4785 685 4842 consilio
716 4790 927 4840 contra
953 4783 1208 4857 patriam
1236 4780 1570 4839 machinari
1603 4779 1866 4846 solitum,
1897 4778 1993 4834 ille
2015 4781 2291 4850 apertum
2322 4776 2526 4850 patrias
2551 4781 2996 4850 persecutorem
3026 4778 3083 4829 et
3127 4772 3452 4845 spiritualis
3480 4773 3728 4828 nutricis

371 4898 395 4927 ι
441 4875 711 4931 Ecclesiae
743 4875 1093 4930 violatorem
1125 4880 1181 4929 et
1206 4871 1641 4934 insidiatorem,
1663 4868 1836 4939 cujus
1858 4867 2150 4922 violentos
2182 4870 2433 4921 conatus
2467 4867 2686 4937 saepius
2707 4871 2762 4920 et
2789 4865 2915 4936 ipse
2945 4867 3226 4934 expertus
3253 4866 3400 4929 erat,
3433 4862 3493 4917 in
3519 4877 3729 4916 eorum

368 4988 399 5018 α
440 4981 688 5022 numero
717 4965 935 5021 habuit
959 4981 1114 5037 quos
1135 4961 1480 5032 evangelica
1509 4958 1800 5028 diligeret,
1832 4956 2228 5028 neglectaque
2259 4956 2447 5023 Sguro
2478 4953 2810 5027 supplicem
2843 4950 3128 5008 defendit.
3166 4950 3282 5006 Sed
3320 4966 3458 5005 cum
3490 4950 3731 5006 leonem

364 5078 395 5108 ιι
436 5055 602 5112 illum
625 5054 1004 5127 sapientibus
1034 5053 1198 5109 hisce
1229 5051 1472 5108 monitis
1497 5047 1736 5121 placare
1763 5062 1883 5104 non
1917 5050 2139 5119 posset,
2175 5043 2402 5116 aspidis
2423 5044 2485 5100 in
2530 5060 2760 5099 morem
2797 5042 2948 5096 ultro
2998 5054 3174 5096 aures
3233 5039 3615 5094 obturantem
3675 5041 3732 5092 et

366 5169 396 5198 α
434 5146 628 5203 omnis
659 5126 898 5215 generis
932 5143 1047 5200 tela
1075 5143 1138 5199 in
1168 5157 1371 5198 arcem
1401 5137 1842 5210 eonjicientem,
1868 5140 2042 5191 orato
2073 5137 2190 5189 Deo
2244 5137 2308 5188 ut
2353 5133 2414 5188 in
2465 5133 2764 5188 nefarium
2794 5129 3106 5187 hominem
3139 5131 3194 5182 et
3233 5126 3730 5182 subnascentium

353 5258 386 5288 ιι
429 5214 737 5291 malorum
777 5237 1084 5289 auctorem
1117 5231 1353 5288 cladem
1384 5242 1630 5285 omnem
1665 5228 2052 5290 converteret,
2085 5221 2399 5278 machinas
2421 5227 2471 5277 et
2494 5221 2622 5295 ipse
2649 5222 2712 5276 in
2743 5218 3050 5274 mcenibus
3071 5215 3352 5287 disponit,
3385 5214 3734 5287 ibidemque

350 5348 382 5376 ‹‹
424 5323 772 5396 sagittarios
798 5327 858 5378 et
878 5321 1208 5377 funditores
1231 5320 1503 5376 collocat.
1529 5318 1677 5372 Nam
1699 5314 1848 5386 quid
1869 5314 1964 5369 ille
1995 5312 2070 5368 ad
2099 5311 2545 5384 propulsandos
2570 5310 2772 5366 hostes
2801 5323 2923 5363 non
2952 5304 3264 5396 effecisset,
3291 5304 3735 5396 viriomni-dom

352 5438 385 5468 α
423 5393 580 5472 trina
601 5428 926 5471 sacrarum
948 5416 1005 5467 et
1024 5411 1420 5484 profanarum
1450 5407 1781 5462 litterarum
1799 5402 2128 5476 perpolitus
2161 5415 2525 5472 summaque
2550 5397 2839 5454 facundia
2869 5394 3170 5451 ornatus?
3201 5394 3304 5467 qui
3346 5395 3398 5450 si
3429 5393 3733 5459 voluisset,

356 5526 384 5556 α
421 5506 544 5578 igni
571 5506 795 5580 pluere
828 5516 1012 5573 super
1027 5482 1387 5557 temerarios
1413 5499 1518 5555 aut
1546 5493 1873 5552 crabrones
1893 5492 1956 5548 in
1980 5491 2308 5548 exercitum
2338 5489 2632 5548 immitere
2654 5486 2972 5560 potuisset,
3017 5488 3122 5541 aut
3175 5484 3407 5557 aliquid
3445 5483 3618 5542 aliud
3650 5482 3736 5538 eis

412 5688 494 5762 (1)
532 5686 601 5744 In
627 5679 956 5747 Monodia,
977 5677 1152 5749 infra,
1174 5677 1290 5736 col.
1321 5681 1445 5736 373.
