4148 6398
485 303 588 356 307
1366 299 1674 357 MICHAEL
1712 299 2164 357 ACOMINATUS
2205 302 2635 358 ATHENARUM
2673 303 2978 360 ARCHIEP
3747 311 3855 367 308

485 445 516 475 ‹‹
555 425 963 496 perniciosum
1002 424 1287 480 divinitus
1314 426 1658 498 impetrare.
1692 425 1895 496 Neque
1922 424 2083 479 enim
2115 429 2428 481 cunctatus
2472 432 2629 482 esset
2671 430 2844 494 Deus,
2901 431 2951 485 si
2999 448 3221 488 manus
3258 432 3354 490 ille
3390 435 3706 490 sustilisset
3747 439 3857 490 aut

484 535 515 564 α
553 513 720 570 labia
739 513 817 569 ad
841 513 1290 570 invocationem
1313 514 1580 570 numinis
1603 513 1960 586 aperuisset.
1989 513 2104 568 Sed
2132 529 2168 569 a
2187 514 2285 570 tali
2317 514 2409 570 vel
2440 516 2821 586 cogitatione,
2854 519 3080 576 nedum
3112 521 3292 591 facto,
3317 540 3456 579 eum
3503 524 3759 580 abduxit
3800 525 3852 580 is

483 621 515 656 ‹
553 603 657 674 qui
688 602 810 658 ﬁlio
843 603 1086 659 tonitrui
1108 605 1507 675 compescuit,
1533 620 1609 659 ne
1647 603 1850 673 ignem
1873 601 2022 658 coelo
2052 601 2352 671 elicerent,
2375 621 2515 660 cum
2573 605 2798 663 diceret
2832 625 2845 662 :
2903 631 2930 658 «
2959 615 3049 664 An
3101 613 3343 668 nescitis
3381 614 3555 684 cujus
3607 613 3852 686 spiritus

485 712 514 741 αι
553 692 679 746 sitis
699 693 726 747 ?
758 715 786 742 »

555 802 584 832 ι(
627 783 856 850 Sgurus
895 786 1124 846 autem,
1155 782 1480 854 desperata
1503 781 1770 849 victoria,
1809 780 2141 836 adversarii
2167 781 2317 838 aciei
2344 782 2713 840 instruendae
2763 790 2885 842 tam
2920 789 3115 859 periti,
3146 795 3273 846 tam
3320 791 3543 856 diserti,
3603 797 3728 847 tam
3757 793 3848 848 in-

487 890 510 919 ι
555 869 956 940 comparabili
985 870 1203 926 virtute
1224 870 1481 942 praditi,
1515 874 1572 925 et
1594 870 1756 925 irrita
1784 869 2237 942 oppugnatione
2265 872 2507 943 rupium
2521 875 2676 929 arcis
2703 875 3020 946 intellecta,
3050 879 3203 934 iram
3235 897 3408 935 suam
3457 885 3667 937 contra
3709 897 3847 937 eam

487 979 507 1006 ι
549 957 765 1014 urbem
791 959 1141 1014 exstimulat
1161 960 1333 1030 cujus
1361 975 1562 1014 arcem
1593 974 1944 1031 expugnare
1975 973 2096 1013 non
2117 963 2368 1030 poterat,
2400 961 2569 1016 villas
2606 962 2890 1030 incendit,
2951 981 3164 1035 greges
3225 975 3620 1041 armentaque
3665 971 3843 1042 rapit.

481 1067 512 1095 «
553 1049 620 1103 Et
634 1052 772 1119 post
797 1048 926 1102 dies
949 1047 1181 1120 aliquot
1209 1048 1404 1104 soluta
1433 1047 1750 1103 obsidione
1779 1047 2016 1103 Thebas
2044 1053 2360 1119 oppugnat
2387 1067 2400 1115 ;
2423 1050 2645 1121 quibus
2662 1053 2859 1121 primo
2891 1054 3116 1126 impetu
3143 1057 3353 1129 captis,
3403 1058 3652 1114 ulterius
3701 1075 3846 1114 con-

479 1158 508 1186 ‹‹
547 1137 754 1205 tendit,
789 1152 857 1190 ac
886 1136 1298 1208 Thermopylis
1325 1137 1619 1207 superatis
1644 1152 1749 1206 per
1779 1136 1982 1191 OEtam
2007 1139 2274 1190 montem
2301 1137 2728 1196 descendendo
2764 1143 3008 1200 Larissa
3037 1160 3175 1200 cum
3223 1146 3430 1202 Alexio
3483 1148 3846 1220 imperatore

479 1246 508 1274 «
553 1240 616 1280 se
644 1226 972 1297 conjungit.
999 1229 1051 1279 ls
1087 1226 1248 1281 enim
1281 1241 1316 1281 a
1338 1225 1910 1297 septentrionalibus
1934 1224 2220 1279 lateribus
2248 1225 2494 1281 avulsus
2518 1233 2572 1283 et
2598 1230 2744 1284 urbe
2767 1231 3142 1303 imperatrice
3179 1251 3474 1290 excussus
3497 1237 3553 1290 in
3583 1236 3846 1291 Thessa-

480 1334 510 1363 ‹‹
551 1312 664 1369 lica
691 1317 909 1385 Tempe
936 1318 1306 1386 pervenerat.
1340 1315 1420 1368 Ac
1441 1314 1630 1369 ﬁliam
1661 1312 1818 1368 illius
1856 1312 2180 1368 Eudociam
2217 1329 2465 1370 uxorem
2500 1317 2683 1384 ducit,
2717 1336 2773 1392 q:
2803 1337 2852 1375 a
2885 1321 3048 1391 prius
3109 1324 3414 1394 Stephano
3444 1325 3843 1381 Triballorum

477 1423 506 1452 ‹‹
549 1402 689 1458 duci
716 1408 928 1473 nupta,
951 1403 1030 1458 ab
1060 1418 1250 1475 eoque
1268 1402 1588 1475 repudiata
1623 1408 1680 1458 et
1713 1402 2064 1474 Byzantium
2113 1411 2538 1476 reversa,post
2574 1414 2812 1479 captam
2877 1409 3086 1465 urbem
3149 1418 3206 1466 et
3262 1412 3586 1479 desertam,
3639 1413 3847 1470 Alexio

482 1513 505 1540 ι
547 1493 724 1546 Duca
750 1496 1154 1562 cognomento
1187 1493 1491 1560 Murzuﬂo,
1518 1491 1624 1564 qui
1652 1494 1989 1546 Romanum
2029 1490 2349 1561 imperium
2391 1500 2728 1563 postremus
2753 1496 2990 1562 invasit,
3021 1506 3328 1570 nupserat.
3368 1499 3480 1556 Sed
3511 1517 3587 1556 ne
3619 1501 3670 1555 is
3716 1502 3845 1573 qui-

476 1601 504 1628 κ
545 1580 684 1635 dem
705 1580 868 1636 illam
897 1586 976 1636 ad
999 1586 1366 1636 senectutem
1395 1597 1587 1653 usque
1614 1581 1822 1636 tenuit.
1845 1584 1994 1635 Nam
2017 1579 2292 1634 Eudocia
2325 1587 2489 1650 pater
2514 1582 2770 1651 Alexius,
2798 1584 2959 1640 haud
2995 1587 3119 1640 scio
3137 1605 3258 1659 qua
3287 1604 3346 1642 re
3368 1588 3685 1660 impulsus,
3706 1589 3845 1646 dolo

477 1690 500 1718 ι
546 1685 683 1723 eum
711 1670 1219 1744 comprehensum
1249 1669 1582 1724 luminibus
1609 1669 1862 1737 orbavit,
1886 1684 2016 1723 erro
2052 1669 2250 1724 erroni
2279 1670 2724 1738 infestissimus,
2759 1682 2814 1728 et
2846 1675 3097 1746 imperio
3127 1677 3394 1746 dejectus
3452 1678 3632 1733 simili
3686 1679 3841 1734 cala-

474 1778 502 1805 ‹‹
545 1758 749 1814 mitate
788 1759 1131 1815 conﬂictato
1157 1759 1634 1814 inimicissimus.
1662 1762 1862 1830 Neque
1895 1757 2085 1813 multo
2119 1765 2254 1830 post
2286 1761 2744 1816 excacationem
2771 1779 2806 1817 a
2831 1764 3048 1818 Latinis
3108 1767 3588 1837 comprehensus
3644 1769 3834 1826 Ducas

472 1867 501 1895 «
543 1847 898 1918 Byzantium
925 1849 1250 1913 reducitur,
1275 1854 1332 1903 et
1363 1848 1442 1904 ob
1469 1849 1786 1903 dominum
1814 1848 2316 1919 etimperatorem
2350 1866 2528 1904 suum
2553 1852 3060 1923 comprehensum
3092 1859 3148 1909 et
3194 1854 3414 1926 laqueo
3458 1862 3732 1911 enectum
3777 1857 3840 1911 in

475 1956 500 1983 ι
540 1935 840 2004 judicium
868 1936 1186 2006 adductus,
1219 1952 1330 2009 pro
1360 1937 1453 1991 sui
1483 1936 1833 1991 defensione
1859 1935 2072 2006 attulit,
2102 1936 2270 1991 illum
2303 1940 2508 2008 patria
2532 1940 2898 2010 proditorem
2922 1943 3217 1998 exstitisse
3249 1951 3305 1998 et
3335 1944 3551 2013 dignas
3575 1961 3686 1999 suo
3714 1961 3837 1999 sce-

472 2041 501 2075 ‹
540 2023 660 2079 lere
710 2025 950 2080 dedisse
976 2041 1206 2098 panas.
1241 2029 1442 2098 Neque
1470 2041 1533 2080 se
1571 2041 1762 2080 unum
1793 2024 1854 2080 id
1881 2024 2111 2087 fecisse,
2149 2025 2253 2080 sed
2302 2031 2357 2080 et
2389 2026 2650 2098 reliquos
2681 2028 2837 2084 illius
2870 2036 3179 2100 cognatos.
3228 2034 3442 2087 Verum
3483 2032 3584 2097 illi,
3637 2037 3841 2104 spreta

476 2133 498 2162 ι
544 2113 675 2183 ejus
710 2114 1001 2184 oratione,
1023 2119 1079 2169 et
1108 2115 1178 2169 iis
1199 2131 1336 2186 qua
1364 2113 1695 2184 adjungere
1723 2113 2004 2185 cupiebat
2036 2113 2212 2184 plane
2240 2115 2588 2184 repudiatis,
2614 2118 2826 2188 capitis
2857 2118 3167 2174 hominem
3207 2120 3635 2192 condemnant,
3671 2137 3834 2178 novo

472 2222 500 2250 ‹‹
542 2206 600 2257 et
621 2202 1052 2259 violentissimo
1086 2202 1365 2275 supplicii
1391 2218 1629 2273 genere.
1662 2206 1809 2258 Nam
1845 2203 1907 2257 in
1953 2202 2309 2258 altissimam
2341 2203 2710 2273 columnam,
2740 2221 2876 2276 qua
2932 2206 2990 2260 in
3046 2209 3239 2263 Tauro
3284 2213 3418 2273 stat,
3473 2208 3835 2279 perductum

471 2311 500 2339 ‹‹
541 2291 934 2362 praecipitant.
969 2297 1021 2347 Is
1052 2308 1195 2348 vero
1235 2291 1665 2364 aliquandiuin
1688 2291 1875 2364 pedes
1906 2291 2304 2361 descendens,
2337 2292 2556 2347 deinde
2587 2294 2648 2347 in
2693 2300 2876 2364 caput
2928 2294 3255 2350 subversus
3295 2302 3351 2351 et
3401 2297 3571 2352 humi
3629 2296 3836 2352 allisus

469 2396 502 2431 ‹
543 2380 961 2436 miserabiliter
990 2381 1231 2437 interiit.
1257 2382 1483 2450 Sgurus
1514 2386 1716 2436 autem
1738 2380 1920 2435 ducta
1946 2381 2225 2449 Eudocia,
2261 2381 2607 2436 marchione
2637 2381 2698 2435 in
2725 2380 3014 2438 Graeciam
3039 2385 3378 2451 transituro,
3402 2390 3468 2440 ut
3486 2384 3670 2456 paulo
3697 2390 3835 2439 ante

470 2489 499 2517 ι(
540 2469 684 2536 dixi,
715 2470 1256 2544 Thermopylarum
1290 2470 1601 2539 angustias
1631 2474 1687 2524 et
1718 2470 1907 2524 altum
1941 2474 2211 2524 montem
2246 2469 2328 2524 eis
2355 2469 2790 2537 imminentem,
2823 2477 3156 2544 cateraque
3215 2472 3348 2528 loca
3401 2490 3538 2545 qua
3599 2473 3835 2528 Graecia

469 2577 498 2605 «
539 2557 771 2613 aditum
801 2559 1222 2620 intercludunt.
1266 2563 1544 2614 accurate
1564 2557 1960 2614 custodiebat.
2005 2560 2221 2612 Verum
2252 2557 2646 2613 nihilominus
2671 2558 2765 2613 ille
2796 2559 2867 2614 iis
2905 2559 3054 2614 locis
3082 2559 3362 2616 facillime
3389 2562 3610 2633 potitus
3642 2567 3728 2617 est
3754 2562 3835 2617 ob

474 2666 496 2694 ε
541 2653 890 2704 nostrorum
913 2649 1218 2718 ignaviam
1247 2665 1319 2704 ac
1349 2648 1678 2717 degeneres
1710 2647 2102 2720 abjectosque
2135 2647 2393 2713 animos,
2419 2645 2674 2701 subinde
2707 2649 3071 2719 potentiores
3101 2648 3295 2704 colere
3325 2649 3652 2705 volentium
3677 2669 3690 2718 ;
3745 2650 3836 2705 id-

473 2757 492 2783 ι
538 2751 656 2808 que
679 2753 818 2793 cum
850 2754 972 2794 non
1000 2755 1291 2808 magnum
1340 2738 1667 2794 adduceret
1710 2737 2032 2792 exercitum
2078 2752 2189 2791 nec
2240 2737 2393 2790 inter
2423 2751 2485 2789 se
2512 2735 3005 2800 consentientem,
3049 2737 3152 2791 sed
3202 2737 3505 2809 plerisque
3538 2739 3597 2792 in
3629 2738 3828 2804 rebus,

476 2846 496 2872 ι
542 2825 770 2898 quippe
801 2843 874 2881 ex
904 2827 1106 2882 multis
1137 2827 1391 2882 urbibus
1423 2826 1761 2893 collectum,
1785 2825 2195 2881 dissidentem.
2231 2827 2453 2879 Etcum
2484 2825 2682 2895 ipsam
2712 2825 3001 2880 Baotiam
3054 2826 3380 2897 invaderet,
3442 2834 3562 2882 tam
3617 2825 3828 2898 cupide

463 2934 490 2960 «
535 2920 846 2987 susceptus
877 2922 962 2971 est
982 2932 1166 2988 quam
1199 2915 1525 2987 quisquam
1556 2915 1660 2987 qui
1688 2931 1758 2969 ex
1791 2915 2122 2985 longinqua
2149 2913 2506 2969 etdiuturna
2533 2915 3014 2985 peregrinatione
3045 2915 3299 2971 domum
3329 2920 3661 2972 revertitur.
3699 2919 3830 2971 Pro-

463 3023 492 3050 (ι
529 3017 769 3071 gressus
796 3005 976 3060 etiam
1007 3005 1196 3060 Attica
1215 3004 1440 3072 potitur
1465 3009 1521 3058 et
1551 3004 1672 3058 arci
1705 3003 2052 3074 prasidium
2079 3003 2352 3073 imponit.
2384 3005 2530 3059 Cum
2553 3009 2754 3058 autem
2784 3003 2945 3058 idem
2969 3004 3480 3077 archiepiscopus,
3507 3012 3570 3060 ut
3593 3005 3830 3078 pridem

460 3112 490 3141 (ί
535 3092 817 3162 Sgurum,
839 3094 922 3150 ita
943 3099 1157 3149 ettunc
1178 3092 1590 3149 marchionem
1613 3093 1967 3165 propulsare
1997 3099 2221 3164 posset,
2255 3101 2456 3149 tamen
2488 3098 2726 3162 tempus
2759 3108 2794 3147 a
2825 3093 3160 3150 resistendo
3193 3094 3460 3150 alienum
3486 3110 3618 3150 esse
3642 3101 3828 3159 ratus,

465 3201 491 3228 ιι
531 3182 756 3254 quippe
786 3183 936 3238 urbe
966 3183 1343 3254 imperatrice
1371 3188 1715 3254 expugnata
1737 3187 1932 3237 ettam
1952 3180 2348 3237 Orientalibus
2369 3197 2554 3252 quam
2584 3181 3068 3236 Occidentalibus
3098 3184 3420 3253 provinciis
3453 3185 3670 3239 Latina
3696 3184 3829 3239 has-

467 3288 488 3316 ι
535 3273 608 3324 ta
648 3271 933 3326 umbram
961 3271 1383 3340 subeuntibus,
1421 3271 1563 3326 citra
1593 3271 2045 3326 dimicationem
2083 3269 2412 3324 munitione
2444 3270 2618 3324 cedit.
2655 3270 2966 3326 Postremo
3008 3271 3234 3327 Eubaa
3275 3289 3541 3344 quoque.
3603 3273 3830 3328 omissa

462 3377 490 3406 ‹‹
533 3357 904 3429 defensione,
937 3361 1243 3433 supplices
1276 3361 1352 3415 ad
1383 3361 1797 3416 marchionem
1828 3376 2047 3414 manus
2079 3358 2284 3425 tendit,
2318 3365 2373 3414 et
2403 3359 2687 3414 exercitui
2723 3360 2936 3430 Euripo
2968 3362 3342 3416 concitatiori
3373 3368 3619 3434 pontem
3647 3362 3828 3417 subs-

461 3468 490 3497 «
530 3448 707 3503 ternit
751 3466 764 3514 ;
832 3455 889 3504 et
935 3451 996 3504 in
1037 3451 1167 3521 ipso
1216 3449 1363 3504 freto
1433 3449 1742 3506 castellum
1795 3448 2184 3511 aedificatum,
2243 3447 2304 3502 in
2345 3462 2537 3518 eoque
2595 3447 2901 3502 sedentem
2961 3450 3280 3504 exercitum
3333 3451 3536 3512 cernit,
3595 3467 3631 3505 a
3705 3467 3830 3522 quo

463 3558 492 3586 ιι
534 3537 856 3593 mutabiles
886 3539 1243 3594 insularium
1272 3539 1456 3594 animi
1479 3546 1535 3594 et
1561 3537 1778 3593 callida
1808 3536 2057 3592 consilia
2087 3553 2122 3591 a
2150 3536 2478 3592 delectione
2512 3544 2942 3592 coercerentur.
2981 3538 3254 3610 Sedquid
3279 3555 3477 3594 meam
3495 3542 3830 3595 orationem

461 3648 489 3676 «
527 3625 771 3682 barbari
802 3632 1180 3683 antevertunt
1201 3633 1258 3684 et
1286 3628 1547 3683 historia
1577 3642 1821 3681 cursum
1861 3631 2180 3695 occupant,
2237 3640 2347 3680 nec
2377 3625 2455 3679 ab
2505 3625 2624 3679 ullo
2655 3625 3000 3682 adversario
3048 3625 3461 3682 destinentur?
3516 3643 3658 3683 nam
3699 3629 3830 3683 hac

459 3734 489 3763 «
531 3720 596 3768 ut
618 3715 832 3769 Thebis
856 3715 1121 3787 spoliatis
1148 3722 1204 3770 et
1230 3716 1474 3771 Athenis
1503 3715 1812 3784 occupatis
1846 3715 1904 3767 in
1931 3717 2221 3768 Eunaam
2249 3715 2607 3780 transierint,
2640 3715 2838 3771 adhuc
2870 3717 3044 3771 refert
3071 3735 3082 3770 :
3123 3717 3202 3771 illi
3236 3733 3396 3786 vero,
3429 3733 3552 3774 non
3575 3725 3639 3772 ut
3661 3718 3824 3789 pedi

465 3825 486 3853 α
532 3808 638 3872 tes,
667 3804 772 3859 sed
793 3811 850 3860 ut
881 3808 1054 3861 aeria
1084 3807 1382 3874 volucres,
1415 3805 1525 3860 alis
1558 3820 1743 3875 supra
1771 3804 2080 3859 historiam
2113 3804 2318 3868 evecti,
2343 3803 2419 3859 ad
2457 3804 2747 3859 Isthmum
2776 3805 3049 3866 tendunt,
3088 3807 3435 3877 oppositum
3475 3806 3558 3861 ibi
3614 3809 3831 3862 Roma-

461 3913 490 3941 ‹‹
529 3909 676 3948 num
709 3896 1034 3951 exercitum
1059 3895 1403 3967 proﬂigant,
1437 3894 1650 3949 urbem
1678 3894 1738 3948 in
1766 3894 1990 3948 Isthmo
2022 3894 2199 3947 sitam
2237 3893 2594 3964 locupletem
2639 3892 2780 3948 olim
2823 3893 3170 3949 Corinthum
3198 3897 3437 3949 intrant.
3459 3895 3621 3950 Unde
3636 3901 3829 3966 Argos

465 4004 486 4030 ι
531 3989 877 4051 transeunt;
915 3986 1233 4040 Laconiam
1257 3985 1566 4057 pervagati
1590 3985 1882 4054 impetum
1904 3985 1960 4038 in
1993 3982 2498 4037 Achiamtaciunt.
2535 3982 2678 4036 inde
2700 3983 3032 4038 Methonem
3065 3989 3311 4054 petunt;
3345 3983 3424 4038 ad
3450 3983 3656 4056 Pylum
3687 3987 3827 4039 Nes-

465 4093 486 4122 ‹
531 4073 693 4138 toris,
721 4074 979 4140 patriam
1007 4075 1396 4130 contendunt.
1428 4072 1516 4128 Ad
1545 4073 1840 4144 Alpheum
1868 4073 2046 4126 etiam
2077 4088 2424 4126 accessuros
2458 4071 2733 4139 arbitror,
2761 4089 2831 4126 ex
2871 4089 3062 4143 eoque
3093 4078 3269 4143 potos
3300 4079 3354 4127 et
3382 4073 3537 4128 lotos
3570 4079 3826 4129 veterem

457 4182 486 4209 «
521 4161 861 4229 jucundam
888 4163 1157 4219 fabulam
1188 4163 1518 4229 audituros,
1554 4162 1806 4215 ﬂuvium
1829 4177 1967 4215 eum
1998 4161 2298 4214 Arethusa
2315 4159 2491 4214 fontis
2509 4160 2704 4225 Siculi,
2730 4177 2910 4231 quem
2930 4162 3325 4216 ltalorumﬁlii
3346 4162 3585 4229 bibunt,
3618 4179 3826 4218 amore

463 4270 491 4298 ‹‹
529 4249 962 4321 liquescentem
985 4251 1173 4307 vereri
1202 4267 1274 4306 ne
1303 4267 1428 4305 sua
1457 4266 1631 4321 aqua
1664 4265 1976 4303 successus
2011 4248 2352 4302 Latinorum
2387 4255 2445 4302 et
2478 4265 2572 4303 res
2601 4265 2753 4320 quas
2768 4256 2976 4304 contra
3004 4250 3238 4306 Graecos
3257 4251 3549 4319 gesserint
3576 4251 3825 4322 inscrip-

460 4358 488 4388 (ι
529 4343 619 4393 tas
652 4339 729 4394 ad
755 4341 1080 4411 populares
1102 4355 1313 4395 eorum
1347 4338 1604 4409 perferre
1631 4342 1899 4405 cogatur.
1936 4337 2171 4403 Verum,
2196 4352 2232 4391 ο
2256 4338 2454 4392 Grace
2484 4337 2663 4391 ﬂuvie
2686 4337 2928 4408 Aiphee,
2959 4339 3114 4394 latex
3151 4356 3254 4410 per
3286 4340 3664 4409 salsuginem
3691 4357 3825 4395 ma-

466 4449 488 4476 ι
532 4443 686 4483 nans
713 4429 1010 4500 potabilis,
1042 4445 1137 4484 res
1161 4428 1373 4484 auditu
1404 4427 1578 4492 mira,
1607 4426 1832 4480 amoris
1877 4424 2249 4493 incendium,
2302 4441 2443 4480 cave
2495 4429 2829 4482 Graecorum
2865 4431 3238 4484 calamitates
3293 4430 3502 4486 Siculis
3549 4429 3825 4485 barbaris

462 4537 489 4564 κ
533 4517 807 4588 explices,
836 4525 940 4574 aut
967 4532 1407 4574 commemores
1438 4520 1702 4586 quantas
1731 4529 1826 4568 res
1856 4513 2180 4584 populares
2219 4530 2428 4569 eorum
2461 4522 2670 4571 contra
2697 4519 2926 4572 Gracos
2974 4518 3286 4583 gesserint,
3334 4535 3408 4572 ne
3437 4519 3672 4574 chorea
3708 4519 3825 4574 du-

462 4626 491 4654 ‹‹
532 4612 762 4672 cantur,
786 4622 861 4662 ne
885 4623 1128 4678 paanes
1162 4611 1499 4668 cantentur,
1529 4619 1602 4656 ne
1627 4601 1826 4673 plures
1849 4601 2052 4656 hostes
2084 4602 2406 4673 appellant.
2433 4606 2742 4676 Paulisper
2763 4613 3068 4678 eXspecta.
3110 4607 3300 4662 Multa
3316 4613 3453 4661 sunt
3477 4607 3613 4662 belli
3641 4609 3823 4675 vices;

463 4717 490 4744 ‹‹
530 4700 770 4750 tessera
798 4696 987 4751 instar
1016 4695 1342 4750 volvuntur
1367 4709 1462 4748 res
1491 4690 1859 4746 mortalium.
1891 4693 2056 4772 Nunc
2083 4691 2197 4757 his,
2228 4708 2388 4747 nunc
2416 4694 2529 4749 illis
2563 4695 2716 4750 favet
2742 4697 3020 4763 victoria;
3065 4712 3138 4750 ne
3192 4695 3532 4751 Alexandro
3578 4697 3824 4768 quidem

467 4805 487 4832 α
532 4783 728 4839 ferunt
751 4784 958 4838 omnia
988 4782 1355 4838 successisse
1387 4797 1460 4835 ex
1490 4776 1806 4844 sententia,
1833 4792 1941 4831 nec
1969 4779 2219 4835 Casaris
2249 4781 2490 4838 fortuna
2522 4785 2711 4838 caruit
2740 4783 3195 4839 offensionibus.
3229 4788 3331 4839 Per
3355 4785 3556 4857 ipsam
3578 4786 3826 4840 Arethu-

463 4894 492 4923 ‹‹
533 4889 664 4928 sam
695 4878 750 4929 te
780 4872 1066 4928 obtestor.
1105 4893 1127 4922 ι

532 4965 655 5018 Huc
686 4977 878 5033 usque
898 4961 1147 5025 Nicetas,
1169 4977 1242 5015 ex
1272 4959 1445 5030 cujus
1474 4956 1814 5012 narratione
1846 4956 2085 5012 traditio
2115 4958 2189 5013 de
2221 4961 2567 5030 regionibus
2609 4964 2821 5018 Gracis
2855 4979 2889 5017 a
2919 4963 3141 5017 Latinis
3192 4963 3549 5035 expugnatis
3603 4979 3710 5034 per
3754 4966 3821 5019 41

458 5052 698 5108 iambos
728 5051 1026 5107 trimetros
1051 5052 1110 5105 in
1133 5049 1487 5104 chronicum
1518 5046 1831 5102 metricum
1861 5046 1938 5100 ab
1965 5047 2188 5115 Angelo
2221 5051 2367 5105 Maio
2403 5067 2500 5106 an.
2531 5055 2663 5106 1828
2705 5052 2930 5106 editum
2965 5052 3236 5122 transiit;
3271 5053 3672 5123 compositum
3722 5069 3827 5107 au-

457 5145 578 5196 tem
603 5146 695 5196 est
715 5139 1066 5195 chronicum
1096 5138 1239 5193 illud
1278 5137 1356 5193 ad
1385 5138 1685 5209 Ephraim,
1706 5135 2007 5190 monacho
2043 5139 2387 5208 Byzantino,
2421 5143 2523 5212 qui
2554 5141 3028 5212 Thermophylas
3053 5141 3112 5195 in
3155 5140 3554 5212 municipium
3613 5143 3822 5197 Attica

460 5228 768 5292 convertit,
801 5230 859 5281 et
879 5231 1181 5281 certamen
1213 5225 1432 5282 ducem
1455 5225 1835 5297 Naupliotam
1860 5224 2013 5279 inter
2042 5234 2098 5280 et
2123 5228 2645 5301 archiepiscopum
2668 5229 3090 5284 Atheniensem
3143 5230 3203 5284 in
3262 5230 3448 5285 hocce
3485 5231 3830 5286 tetrasticho

460 5316 750 5373 absolvit:

528 5405 680 5465 Τέλος
711 5401 1108 5477 προσαρῥάσσει
1141 5401 1199 5456 δὲ
1223 5410 1311 5457 καὶ
1341 5412 1451 5465 ταῖς
1481 5405 1747 5465 Ἀθήναις·

1735 5421 1747 5432 ·
2244 5410 2546 5462 Postremo
2579 5407 2841 5462 Athenas
2881 5407 3047 5478 ipsas
3081 5407 3372 5462 adoritur.

529 5492 666 5545 Ἀλλ’
694 5489 1072 5563 ἀποκρουσθεὶς
1101 5492 1473 5568 ἀρχιποιμένος
1502 5494 1673 5564 λόγοις

2242 5495 2352 5549 Sed
2377 5495 2652 5567 repulsus
2679 5496 3106 5566 sapientissimi
3128 5496 3407 5552 antistitis

527 5587 629 5633 Τοῦ
660 5583 953 5632 Χωνειάτου
981 5583 1203 5652 Μιχαὴλ
1228 5591 1319 5635 τοι)
1349 5583 1639 5654 navo-690v,

1611 5604 1639 5649 ι,
2239 5584 2537 5639 Michaelis
2571 5584 2874 5641 Choniata
2890 5585 3249 5657 eloquentia,

529 5667 731 5729 Θήϐαις
757 5667 956 5742 ἓφορμᾷ
982 5676 1189 5743 ταχέώς
1227 5673 1560 5734 ἑπταπύλοις.

2235 5672 2468 5727 Thebas
2498 5672 2811 5728 confestim
2843 5675 3096 5730 Boatias
3125 5673 3375 5730 invadit.

525 5755 770 5828 Brevius
799 5757 940 5816 dein
958 5757 1034 5827 de
1062 5761 1270 5818 Attica
1294 5765 1354 5818 et
1379 5760 1700 5832 regionum
1725 5756 2065 5816 vicinarum
2095 5760 2568 5833 expugnatione:
