4148 6380
291 303 398 366 309
1837 305 1929 360 ΝΟ

2030 307 2139 362 ἸΑ.
3563 313 3668 366 840

362 429 660 498 Μαρκέσιος
701 421 886 482 δὲτὴν
926 428 1174 476 Βοιωτίαν
1214 426 1440 496 φθάσας,

1383 445 1440 490 ις,
2088 427 2348 484 Marchio
2378 427 2666 484 Boeotiam
2695 429 3021 500 ingressus,

367 521 573 572 Ταυτην
598 517 969 586 παρεστήσατο
996 521 1108 573 ταῖς
1144 519 1509 587 στρατηγίαις·

1101 534 1108 572 ;
1144 519 1509 587 στρατηγίαις·
2085 517 2281 572 Armis
2309 531 2446 572 eam
2468 517 2739 586 subegit:

375 609 564 677 Κρατεῖ
598 595 793 676 προῖὼν
827 601 1072 664 Ἀττικῆς
1101 606 1195 654 σὺν
1225 601 1438 675 Εὐϐοίᾳ.

2087 605 2337 661 Atticam
2369 622 2509 661 cum
2531 606 2758 662 Euboea
2788 624 2912 664 sua:
2941 608 3183 664 ditionis
3200 607 3361 666 fecit.

1081 726 1108 798 ξ
1148 729 1211 781 ν.
1247 727 1390 794 Quae
1415 727 1671 784 Athenis
1701 735 1834 798 post
1870 729 2183 786 Michaelis
2211 737 2482 800 (mpera
2511 731 2883 788 acciderunt.

376 835 574 891 Niceta
601 837 846 889 auctore
872 834 1098 904 Sgurus
1117 838 1254 906 post
1274 834 1508 890 cladem
1541 835 1620 891 ad
1641 835 2076 908 Thermopylas
2109 841 2423 908 acceptam
2449 837 2944 892 Acrocorinthum
2967 853 3030 892 se
3053 838 3297 911 recepit,
3314 839 3419 894 ubi
3446 843 3514 894 ut
3541 839 3665 896 bel-

285 925 406 982 -lua
429 924 490 979 in
519 927 689 979 antro
721 937 786 976 se
812 921 1070 990 abdidit,
1093 938 1435 995 corpusque
1460 929 1670 981 contra
1699 925 1936 980 Latinos
1965 925 2251 980 defendit.
2281 925 2542 980 Athenas
2571 925 2788 980 deinde
2820 926 3002 996 (unde
3031 925 3274 982 Michael
3305 933 3664 995 excesserat,

285 1018 360 1070 et
379 1013 550 1083 cujus
568 1027 675 1066 arx
703 1027 742 1066 a
762 1010 966 1068 multis
995 1012 1365 1068 Francorum
1393 1012 1581 1084 copiis
1612 1013 2085 1083 custodiebatur)
2115 1020 2170 1070 et
2202 1016 2484 1071 Boeotiam
2511 1015 2865 1082 Bonifacius,
2899 1031 3005 1071 rex
3024 1016 3481 1087 Thessalonicae,
3515 1017 3668 1073 emi-

293 1100 654 1159 nentissimo
691 1116 724 1156 e
747 1099 1103 1156 consiliariis
1133 1101 1281 1168 suis,
1313 1103 1511 1158 Ottoni
1541 1101 1616 1156 de
1637 1102 1808 1173 Rupe
1839 1103 2240 1170 gubernanda
2273 1103 2546 1167 tradidit;
2578 1103 2891 1176 utriusque
2939 1109 3144 1160 autem
3170 1105 3496 1176 provinciae
3518 1105 3671 1160 sicut

285 1190 532 1247 Euboeae
561 1193 624 1244 et
648 1187 988 1244 Bodonitzte
1016 1189 1355 1245 dominium
1383 1189 1696 1246 Guillelmo
1724 1190 1799 1245 de
1831 1191 2185 1264 Champlitte
2217 1192 2413 1258 cessit,
2443 1192 2589 1264 quia
2609 1207 2682 1248 ex
2708 1193 2930 1250 Achaia
2964 1198 3021 1249 et
3050 1193 3208 1249 Elide
3235 1194 3546 1266 profectus
3570 1197 3670 1250 Pe-

269 1280 656 1351 loponesum
684 1276 1015 1348 subjugare
1045 1283 1326 1348 caeperat.

277 1391 390 1440 Καὶ
421 1385 616 1446 ἐκεῖνος
652 1387 757 1457 γὰρ
788 1387 858 1446 ὡς
888 1384 1096 1456 εὐγενὴς
1123 1390 1214 1437 καὶ
1249 1387 1415 1460 ῥήγας
1437 1387 1566 1437 ὀποῦ
1595 1383 1738 1452 ἦτον,

1518 1393 1566 1437 r3
1595 1383 1738 1452 ἦτον,
2013 1387 2111 1443 Ille
2134 1392 2334 1443 autem
2363 1401 2756 1457 genererosus
2783 1392 2848 1442 ut
2876 1403 2980 1442 rex
3009 1393 3156 1454 erat,

276 1485 391 1531 Τοῦ
419 1475 584 1531 ἔδωκε
607 1481 700 1528 καὶ
732 1474 981 1550 ἓχάρισεν
1007 1485 1100 1538 τῆς
1125 1477 1349 1534 Ἀθηνοῦ
1368 1480 1427 1529 τὸ
1455 1479 1693 1550 ὁμάτξιο.

1413 1480 1427 1528 5
1455 1479 1693 1550 ὁμάτξιο.
2017 1477 2077 1530 ln
2109 1475 2465 1545 homagium
2491 1475 2544 1530 ei
2575 1475 2738 1530 dedit
2758 1476 3051 1542 Athenas;

281 1572 464 1638 Μέγαν
488 1570 668 1640 Κύρην
695 1567 786 1617 τὸν
816 1565 1010 1636 aqua,
1043 1565 1205 1628 οὕτως
1229 1569 1317 1617 τὸν
1347 1567 1620 1638 ὠνομάζαν

2013 1567 2083 1620 Ut
2101 1567 2351 1633 Magnus
2380 1565 2670 1620 Dominus
2700 1564 2920 1620 sultani
2949 1579 3173 1620 nomen
3203 1565 3452 1638 accepit,

283 1660 512 1710 Ἐκεῖνον
533 1657 666 1707 ὀποῦ
698 1654 996 1706 αὐθέντευεν
1033 1653 1170 1707 erde
1197 1659 1291 1712 τὴν
1333 1655 1576 1713 Ἀθήναιον

2013 1653 2124 1718 Qui
2153 1653 2254 1708 illo
2284 1659 2555 1724 tempore
2591 1653 2852 1709 Athenas
2885 1653 3136 1725 imperio
3156 1653 3342 1721 rexit;

284 1747 384 1800 "Ex
409 1755 509 1798 τῶν
542 1743 796 1801 Ἑλλήνων
825 1747 885 1794 τὸ
915 1747 1102 1815 εἷχασι
1139 1747 1196 1794 τὸ
1227 1745 1388 1816 ὄνομα
1424 1747 1525 1818 γὰρ
1557 1743 1734 1798 ἐκεῖνο.

1623 1745 1734 1798 εἷνο.
2013 1745 2240 1797 Nomen
2269 1746 2470 1796 autem
2502 1757 2539 1796 a
2570 1742 2788 1797 Grmcis
2822 1743 3080 1797 mutuati
3103 1747 3261 1798 sunt.

287 1835 562 1893 Ὡσαύτως
595 1836 694 1905 γὰρ
734 1840 828 1884 τοῦ
855 1828 1017 1884 ἔδωκε
1045 1837 1168 1905 τρία
1205 1834 1432 1904 ὁμάτξια
1456 1841 1548 1885 τοῦ
1579 1834 1828 1906 Εὐρίπου,

1495 1841 1548 1885 οὐ
1579 1834 1828 1906 Εὐρίπου,
2013 1831 2159 1885 Item
2184 1831 2294 1886 tria
2314 1830 2602 1900 homagia
2633 1847 2816 1902 super
2846 1831 3133 1904 Euripum

293 1932 408 1986 ’Τῆς
441 1919 776 1982 Πονδενίτζας
803 1917 998 1990 ἁλαδὴ,
1033 1925 1092 1972 τὸ
1123 1920 1406 1993 ἐκράτησεν
1438 1923 1462 1974 ὁ
1493 1922 1794 1993 Μαρκέζης,

2030 1922 2078 1975 3t
2109 1935 2291 1992 super
2321 1920 2736 1986 Bodonitzam,
2763 1922 3058 1977 concessit
3078 1921 3351 1978 marchio
3379 1919 3510 1991 lege
3531 1936 3668 1977 san-

289 2018 377 2067 Νὰ
437 2015 499 2065 τὰ
558 2019 844 2086 κρατοῦσιν
912 2009 1002 2062 ἀπ’
1059 2011 1215 2062 αὐτὸν
1288 2017 1379 2063 καὶ
1433 2011 1650 2068 αὐθέντῃ
1707 2013 1770 2062 νὰ
1815 2014 1902 2062 τὸν

2582 2067 2592 2074 ,
3081 2007 3268 2084 [ciens
3293 2015 3357 2066 ut
3385 2009 3596 2066 incolae

1695 2098 1897 2172 [ἔχουν.
2011 2101 2156 2154 Eum
2188 2114 2298 2171 pro
2328 2099 2577 2156 domino
2608 2115 2718 2154 suo
2745 2105 3159 2169 agnoscerent.

288 2199 334 2244 0
373 2192 626 2250 αὐθέντης
669 2186 730 2242 δὲ
775 2197 874 2249 τῆς
926 2190 1147 2246 Ἀθηνοῦ
1199 2187 1302 2241 ἀπὸ
1351 2191 1698 2264 Βουργουνιάν
1755 2189 1900 2257 ἦτον,

2029 2187 2312 2243 )riundus
2357 2194 2558 2245 autem
2611 2193 2739 2244 erat
2781 2188 3151 2244 Athenarum
3183 2187 3551 2259 gubernator
3594 2204 3667 2244 ex

1651 2277 1784 2348 [κτλ.
1828 2280 1844 2347 (
1855 2279 1900 2348 1)
3061 2279 3289 2349 [Burguj

3061 2277 3453 2349 [Burgundia,
3481 2283 3591 2334 etc.

363 2388 453 2440 Ab
485 2387 699 2441 Ottone
730 2384 805 2439 de
835 2385 1000 2457 Rupe
1033 2383 1222 2454 (Ὀθών
1242 2385 1326 2435 ντέ
1351 2383 1416 2435 λὰ
1446 2383 1675 2453 Ῥῶτζε),
1701 2383 2001 2453 Burgundi

2023 2399 2150 2448 one,
2174 2383 2544 2440 Athenarum
2570 2383 2975 2453 moderatore,
2999 2385 3173 2455 cujus
3203 2384 3409 2456 nepoti
3430 2400 3501 2440 ac
3532 2401 3661 2441 suc-

293 2475 512 2531 cessori
546 2473 884 2529 Ludovicus
907 2477 1173 2540 sanctus,
1203 2489 1304 2528 rex
1340 2473 1622 2536 Franciaa,
1656 2473 1944 2545 principis
1977 2473 2212 2527 Achaiae
2243 2472 2595 2541 dignitatem
2629 2473 2948 2541 concessit,
2977 2472 3015 2528 i.
3035 2490 3088 2528 e.
3111 2489 3273 2528 anno
3311 2477 3461 2538 l205,
3482 2473 3667 2530 series

291 2563 502 2636 incipit
524 2563 867 2634 principum
900 2562 1270 2615 Francorum
1292 2561 1396 2633 qui
1429 2577 1534 2634 per
1565 2562 1858 2616 ducentos
1888 2562 2332 2634 quinquaginta
2366 2578 2560 2617 annos
2579 2561 2656 2616 ad
2692 2565 2826 2618 1453
2851 2578 3041 2634 usque
3071 2563 3337 2618 Athenas
3355 2561 3666 2633 regebant,

291 2669 419 2726 qua
446 2652 506 2706 in
533 2651 677 2706 urbe
715 2649 857 2705 inde
889 2666 924 2705 a
957 2649 1149 2705 Codro
1189 2654 1244 2705 et
1277 2650 1659 2705 Pisistratinis
1690 2665 1790 2704 rex
1836 2649 2036 2705 nullus
2066 2650 2322 2711 sederat.
2365 2656 2420 2706 et
2453 2650 2557 2706 ubi
2597 2651 2864 2723 quinque
2897 2650 3131 2706 saeculis
3155 2655 3297 2724 post
3324 2650 3493 2706 illum
3523 2653 3667 2707 Bur-

288 2741 689 2811 gundionem,
727 2738 893 2794 alteri
926 2738 1169 2793 cuidam
1203 2739 1422 2804 Ottoni,
1458 2739 1736 2794 Germani
1765 2738 2095 2809 sanguinis,
2124 2745 2493 2794 reservatum
2540 2743 2685 2805 erat,
2717 2745 2778 2794 ut
2809 2755 3098 2811 magnam
3148 2739 3386 2795 Graeciae
3428 2744 3666 2812 partem

289 2846 433 2885 cum
458 2828 746 2897 dignitate
776 2832 831 2882 et
850 2827 1080 2882 honore
1111 2827 1228 2881 leni
1261 2832 1497 2899 sceptro
1521 2826 1860 2896 subjecerit.

369 2921 504 2973 Una
533 2932 673 2971 cum
700 2916 944 2970 domino
975 2915 1250 2970 saeculari
1283 2931 1475 2987 eoque
1516 2921 1876 2987 usurpatore
1900 2917 2292 2978 Athenarum,
2325 2916 2617 2971 Michaelis
2647 2916 2882 2988 expulsi
2903 2916 3105 2972 sedem
3140 2916 3405 2988 archiep.
3440 2917 3658 2973 Roma-

298 3020 442 3073 nus,
472 3003 718 3059 nomine
740 3003 1031 3058 Berardus
1059 3003 1398 3074 occupavit,
1426 3019 1606 3076 quem
1651 3019 1773 3058 non
1820 3004 1932 3058 nisi
1957 3020 2029 3058 ex
2056 3005 2320 3076 epistolis
2348 3022 2502 3078 quas
2531 3005 2911 3060 Innocentius
2943 3006 3013 3060 IIl
3045 3006 3151 3061 PP.
3180 3006 3232 3060 ei
3260 3005 3514 3076 scripsit,
3557 3021 3665 3062 no-

301 3094 521 3149 vimus.
549 3095 609 3147 ln
635 3093 784 3147 notis
814 3108 969 3164 quas
993 3091 1187 3147 editor
1207 3093 1298 3148 Fr.
1333 3093 1689 3164 Bosquetius
1719 3092 1936 3163 adjecit
1959 3095 2079 3163 (ed.
2102 3094 2321 3160 Tolos.,
2346 3099 2470 3151 not.
2503 3111 2561 3166 p.
2587 3095 2639 3162 9)
2675 3093 2969 3149 Michaelis
2985 3094 3282 3150 Choniatze
3299 3093 3667 3150 mentionem

288 3182 434 3238 facit
461 3183 543 3238 ita
569 3181 910 3236 duriuscule
943 3180 1214 3236 scribens
1242 3198 1254 3232 :
1282 3203 1308 3229 ‹‹
1332 3181 1545 3236 Graecis
1577 3197 1777 3236 rerum
1805 3181 2068 3236 dominis
2092 3183 2435 3238 Atheniensi
2465 3182 2734 3237 Ecclesiae
2768 3187 3022 3254 praeerat
3049 3181 3293 3239 Michael
3323 3182 3662 3254 Choniates,

283 3272 392 3344 qui
421 3272 613 3343 captis
644 3269 890 3325 Athenis
921 3285 956 3324 a
986 3270 1336 3324 marchione
1369 3269 1779 3325 Montisferrati
1802 3269 1950 3324 urbe
1972 3271 2168 3334 cessit,
2199 3277 2262 3326 ut
2290 3277 2493 3327 narrat
2522 3273 2652 3341 ejus
2682 3271 2863 3327 frater
2893 3272 3149 3340 Nicetas,
3177 3272 3280 3345 qui
3325 3288 3466 3326 eum
3490 3271 3670 3327 nobis

292 3362 503 3416 Graca
545 3359 665 3426 ﬁde
702 3365 760 3414 et
787 3358 1049 3414 fraterno
1077 3356 1295 3412 aﬂ‘ectu
1335 3364 1616 3414 sanctum
1661 3358 1978 3427 praedicat.
2007 3380 2034 3408 ››
2059 3359 2456 3414 Nihilominus
2497 3359 2659 3414 idem
2704 3359 2821 3414 alio
2848 3360 2909 3415 in
2939 3359 3095 3426 loco,
3129 3359 3293 3415 hunc
3324 3359 3671 3416 Michaelem

289 3464 431 3504 cum
464 3446 922 3518 archiepiscopo
975 3449 1247 3502 Romano
1278 3447 1645 3501 confundere
1675 3446 1930 3512 videtur,
1986 3447 2062 3502 ad
2108 3463 2290 3519 quem
2325 3449 2704 3504 Innocentius
2747 3448 2974 3504 litteras
3021 3448 3276 3521 scripsit.
3307 3451 3390 3504 Ex
3415 3450 3671 3505 istarum

286 3537 680 3609 epistolarum
712 3551 839 3590 una
871 3540 1050 3606 patet,
1076 3545 1143 3589 ut
1176 3534 1558 3590 Schlosserus
1586 3551 1831 3607 quoque
1863 3536 2040 3605 (Hist.
2075 3537 2268 3604 δωρεά
2290 3537 2534 3607 Crucz’g.
2571 3539 2635 3603 ll,
2667 3552 2726 3608 p.
2755 3538 2845 3606 63)
2869 3537 3156 3606 declarat,
3182 3553 3218 3592 a
3241 3537 3459 3592 Latinis
3482 3553 3513 3591 e
3542 3536 3672 3608 plu-

283 3626 457 3682 ribus
477 3624 868 3691 dimcesibus,
901 3623 1264 3691 civitatibus,
1288 3629 1423 3691 etc.,
1447 3625 1731 3694 expulsos
1752 3623 1940 3679 fuisse
1968 3626 2204 3680 Grascos
2231 3625 2446 3680 eadem
2478 3625 2880 3693 inclementia,
2906 3641 3028 3698 qua
3049 3630 3264 3698 postea
3285 3641 3320 3681 a
3341 3624 3543 3680 Turcis
3567 3627 3670 3693 (2).

287 3714 504 3770 Videre
534 3714 717 3768 etiam
747 3728 781 3768 e
811 3712 1053 3766 duobus
1084 3711 1214 3767 aliis
1237 3710 1506 3782 epistolis
1536 3712 1749 3784 Papeae
1783 3713 1859 3767 ad
1882 3713 2146 3782 archiep.
2178 3711 2536 3768 Thebanum
2570 3713 2630 3788 (l.
2662 3730 2696 3783 ι,
2722 3728 2816 3786 ep.
2856 3716 2980 3785 110)
3013 3720 3073 3769 et
3092 3713 3355 3785 archiep.
3383 3711 3670 3785 Amyclae-

293 3818 498 3859 ensem
523 3802 586 3873 (l.
620 3818 694 3864 iv,
730 3816 828 3873 ep.
858 3804 968 3869 98),
1009 3803 1283 3857 Ottonem
1314 3801 1374 3855 in
1397 3801 1826 3856 certaminibus
1853 3801 2241 3857 saecularibus
2263 3806 2319 3856 et
2341 3801 2751 3858 ecclesiasticis
2773 3801 3100 3858 anathema
3127 3801 3474 3869 incurrisse,
3497 3801 3670 3872 cujus

292 3892 382 3948 rei
412 3897 719 3962 pertaesus,
763 3890 1056 3960 dignitate
1103 3888 1340 3955 abdica,
1395 3905 1557 3945 anno
1590 3891 1721 3944 1221
1774 3896 2054 3961 nepotem
2088 3889 2420 3946 Guidonem
2453 3889 2564 3944 sibi
2596 3890 2916 3945 succedere
2945 3889 3133 3945 voluit
3161 3895 3220 3944 et
3247 3889 3308 3944 in
3354 3888 3670 3946 Franciam

290 3996 571 4038 reversus
597 3986 706 4036 est.

1422 4071 1448 4136 §
1488 4069 1576 4121 Vl.
1620 4068 1935 4124 Michaelis
1951 4075 2220 4124 senectus
2241 4073 2295 4124 et
2325 4068 2539 4124 obitus.

355 4166 608 4224 Michael
634 4166 804 4222 exsul
828 4183 950 4223 non
982 4166 1182 4221 minus
1224 4165 1448 4236 tragice
1480 4181 1667 4237 quam
1695 4165 1923 4221 Nicetas
1947 4165 2195 4237 aulicus,
2229 4165 2408 4222 totius
2441 4166 2674 4238 imperii
2708 4168 3091 4222 Romaeorum
3111 4166 3519 4222 miserrimum
3549 4168 3669 4222 sta-

272 4264 432 4329 tum,
469 4256 672 4326 gregis
695 4255 1033 4312 custodiam
1065 4260 1334 4326 ereptam
1365 4258 1421 4310 et
1451 4253 1727 4310 exsilium
1759 4253 2036 4325 deplorat
2063 4255 2178 4325 (3):
2217 4255 2722 4311 «Lamentationis
2748 4255 2996 4327 copiosa
3027 4254 3173 4310 mihi
3217 4253 3469 4310 materia
3493 4253 3670 4310 adest

276 4356 415 4404 tum
442 4346 526 4401 ob
557 4361 946 4401 communem
979 4344 1384 4399 calamitatem
1411 4348 1536 4398 tum
1562 4350 1809 4415 propter
1838 4359 2035 4398 meam
2061 4344 2271 4415 ipsius,
2300 4349 2620 4415 eaprOpter
2644 4343 2810 4415 quod
2834 4343 3127 4415 templum
3143 4343 3392 4414 illustre,
3422 4341 3671 4414 opulen-

273 4442 438 4504 tum,
471 4433 630 4507 proh
656 4435 836 4489 Deum
864 4432 1266 4489 immortalem
1293 4433 1304 4488 !
1339 4431 1504 4503 quod
1532 4433 1792 4502 majores
1818 4432 2006 4488 nostri
2024 4433 2290 4504 Deiparaa
2322 4438 2768 4500 consecrarant,
2791 4433 2965 4503 cujus
2993 4433 3182 4489 altare
3201 4447 3354 4488 mea
3379 4430 3670 4487 custodia;

282 4525 588 4580 creditum
617 4528 761 4590 erat,
787 4528 922 4578 ante
951 4523 1159 4577 oculos
1190 4537 1358 4577 meos
1384 4521 1461 4575 ab
1483 4521 1832 4576 hominibus
1857 4521 2157 4590 sacrilegis
2185 4521 2508 4593 spoliatum
2537 4526 2964 4594 vastatumque
2990 4527 3100 4577 est.
3136 4523 3268 4593 lpse
3306 4525 3508 4576 autem
3533 4523 3674 4593 post

287 4613 533 4682 triginta
564 4627 760 4666 annos
791 4627 945 4683 quos
990 4610 1215 4666 ibidem
1266 4626 1639 4682 percgeram,
1676 4615 1738 4664 ut
1768 4615 2012 4665 truncus
2042 4611 2266 4672 aridus,
2300 4608 2545 4673 inutilis,
2591 4609 2650 4665 vi
2701 4615 3021 4666 ventorum
3062 4626 3091 4665 e
3124 4609 3387 4666 sacrario
3434 4609 3670 4665 Domini

288 4706 551 4773 ereptus,
585 4707 796 4756 contra
819 4701 1003 4772 ripas,
1036 4705 1242 4755 contra
1275 4715 1476 4769 rupes,
1509 4697 1569 4752 in
1600 4699 1791 4753 imum
1824 4714 1988 4754 mare
2011 4698 2297 4770 abreptus
2321 4697 2416 4752 vix
2429 4698 2559 4768 jam
2578 4698 2735 4753 vivo.
2771 4700 2914 4754 Ecce
2943 4698 3155 4754 exsilio
3175 4697 3670 4764 damnatus,sine

290 4789 652 4858 sacerdotio,
687 4789 815 4845 sine
842 4789 1134 4846 festorum
1167 4787 1565 4855 solemnitate,
1603 4787 1730 4841 sine
1759 4786 1926 4858 urbe,
1964 4787 2089 4842 sine
2121 4786 2369 4857 civibus,
2397 4786 2660 4841 bubonis
2692 4787 2883 4843 instar
2908 4787 2983 4844 de
3013 4787 3352 4844 calamitate
3393 4786 3671 4842 omnium

290 4885 355 4936 et
386 4878 444 4933 in
465 4895 534 4934 eo
561 4879 748 4951 ipsius
775 4877 1101 4934 infortunio
1142 4892 1348 4933 amare
1376 4875 1691 4932 lamentor.
1722 4897 1748 4924 »
1802 4878 1879 4931 Ex
1910 4875 2294 4948 inscriptione
2325 4891 2506 4948 porro
2539 4875 2890 4946 nonaginta,
2915 4891 3072 4949 quas
3098 4880 3288 4932 codex
3307 4873 3460 4932 Bibl.
3493 4877 3670 4930 Laur.

289 4972 583 5038 asservat,
614 4967 1010 5041 epistolarum
1039 4967 1335 5033 videmus,
1369 4964 1630 5043 insulam
1655 4967 1813 5021 Ceon
1837 4980 1927 5037 ρι’(

2031 4964 2205 5033 :fugio
2235 4980 2373 5018 eum
2404 4963 2688 5018 habuisse
2715 4981 2727 5019 :
2763 4972 2854 5016 τοῦ
2877 4964 3037 5016 αὐτοῦ
3059 4963 3330 5017 ἐπιστολαὶ
3360 4962 3417 5023 ἃς
3447 4961 3669 5034 ἔγραψεν

286 5061 402 5113 άπὸ
431 5065 525 5118 τῆς
547 5062 712 5116 νήσου
757 5065 846 5117 τῆς
879 5061 1007 5110 Κέω·
1060 5055 1119 5111 ld
1152 5055 1322 5128 quod
1371 5059 1572 5110 tenore
1605 5053 1924 5126 cpistolaru

2037 5052 2450 5120 conﬁrmatur,
2503 5051 2802 5124 siquidem
2835 5053 2895 5107 P.
2931 5051 3206 5107 Morellus
3237 5049 3669 5107 monasterium

286 5151 351 5207 S.
381 5132 690 5203 Prodromi
721 5148 782 5202 in
814 5147 933 5201 ista
957 5145 1156 5200 insula
1191 5150 1252 5199 ut
1282 5143 1520 5214 asylum
1557 5143 1685 5213 ejus
1717 5143 2017 5212 designat.

361 5236 488 5292 Hoc
517 5237 580 5291 in
602 5236 738 5290 loco
770 5250 978 5291 senem
1003 5233 1238 5289 exulem
1266 5232 1624 5288 annuntiata
1653 5229 1848 5287 fratris
1871 5246 2036 5286 mors
2065 5231 2289 5286 mirum
2314 5229 2376 5285 in
2409 5229 2661 5285 modum
2691 5228 2901 5286 afﬂixit
2921 5246 3105 5302 quem
3144 5229 3257 5285 sibi
3283 5228 3671 5301 superstitem

357 5365 440 5434 (1)
471 5360 678 5414 Βιϐλίαν
729 5370 821 5420 τῆς
878 5377 1200 5434 κουγκεᾳτας
1236 5376 1359 5434 *γηςι
1393 5356 1674 5434 Ῥωδιέιᾳγίας
1725 5361 1815 5408 καὶ
1865 5373 1952 5406 τον

2061 5354 2386 5434 duodecim
2453 5354 2646 5434 Latini
2696 5353 3076 5434 abundantes
3114 5357 3304 5434 certas
3350 5353 3673 5434 habuerint

280 5425 576 5505 Μώρὰίως,
598 5449 664 5506 ρ.
695 5437 784 5496 59,
817 5425 1207 5506 Ed,__B'ucho_n.
1236 5429 1419 5506 Paris,
1444 5425 1611 5506 _18t5.
1689 5498 1703 5506 _
1819 5497 1831 5506 _
2064 5426 2724 5506 mansiones_,proprios
2747 5425 3108 5506 sacerdotes,
3124 5425 3347 5506 quibus
3366 5425 3612 5506 integrae
3636 5441 3674 5482 a

364 5495 440 5570 (Ξ)
501 5529 528 5556 α
562 5495 841 5560 ’ῡὶιθοῑιιε
901 5501 1059 5556 ﬁlius
1129 5502 1261 5557 Otto
1314 5499 1387 5554 de
1444 5501 1620 5567 Roca,
1668 5497 1955 5554 dominus
2070 5497 2318 5570 Latinis
2349 5495 2517 5552 laicis
2564 5495 2836 5552 'decimae
2877 5495 3320 5570 persolvantur,
3367 5496 3672 5570 instituere

287 5568 696 5642 Atheniensis,
724 5589 835 5645 per
876 5572 1099 5645 litteras
1129 5575 1392 5645 vestram
1441 5570 1607 5645 petiit
1637 5570 1957 5645 providen-
2067 5568 2375 5645 curaretis,
2397 5575 2555 5645 n‘et‘c.
2589 5571 2772 5645 Ianos.
2805 5568 2895 5638 Ill,
2925 5569 3118 5639 Epist.
3140 5569 3242 5625 lib.
3275 5584 3399 5637 xm,
3424 5584 3515 5641 ep.
3545 5569 3670 5624 418.

288 5648 438 5706 tiam
467 5639 813 5713 admoneri,
839 5644 980 5702 utin
1008 5643 1216 5700 castris
1244 5642 1370 5698 suis
1399 5639 1459 5700 et
1483 5639 1712 5710 villis'in
1731 5641 1958 5713 quibus
2140 5640 2220 5710 (3)
2251 5641 2392 5695 Vide
2419 5639 2594 5708 intra,
2623 5639 2739 5696 col.
2771 5645 2894 5697 371.
3458 5639 3473 5641 “
3637 5653 3644 5666 ι
