4148 6408
476 349 578 407 311
1355 337 1663 400 MICHAEL
1701 335 2156 398 ACOMINATUS
2191 334 2624 398 ATHENARUM
2658 333 2977 400 ARCHIEP.
3749 341 3860 400 312

477 471 604 530 fore
631 468 1109 529 desideraverat.
1135 465 1370 526 Nicetes
1398 464 1810 538 Acominatus,
1843 468 1981 539 post
2025 466 2268 538 captam
2298 461 2552 538 Cpoiim,
2579 464 2650 521 ut
2673 477 2888 522 omnes
2919 461 2959 520 ti
2987 461 3094 537 qui
3125 461 3395 534 ingenio,
3424 462 3764 536 virtutibus,
3791 466 3863 524 in

475 561 737 635 patriam
771 574 979 617 amore
1008 556 1434 627 excelluerunt,
1467 571 1608 612 cum
1633 569 1820 612 uxore
1845 560 1903 611 et
1927 554 2131 612 liberis
2159 555 2420 612 Nicmam
2451 552 2738 626 Bithyniae
2771 569 2833 609 se
2861 553 3105 627 recepit,
3144 552 3250 610 ubi
3280 553 3445 626 apud
3474 555 3862 614 Theodorum

477 649 758 707 Lascarin
781 648 1209 722 imperatorem
1238 661 1366 703 non
1389 645 1594 702 minus
1624 661 1812 718 quam
1857 643 2021 718 apud
2055 645 2395 701 Comnenos
2435 643 2788 700 auctoritate
2813 642 3071 715 valebat,
3106 642 3169 700 id
3195 659 3435 717 semper
3460 660 3650 716 agens
3691 650 3758 702 ut
3781 646 3865 704 ci-

474 737 654 795 vibus
688 737 932 797 Bizantii
963 735 1278 793 exsulibus
1317 733 1543 791 auxilio
1571 749 1642 791 ac
1668 733 1974 806 praesidio,
2007 732 2172 791 fratri
2201 737 2405 790 autem
2432 733 2561 790 seni
2585 731 2777 788 exsuli
2803 731 3017 790 solatio
3041 731 3209 789 foret.
3240 732 3486 790 Michael
3515 734 3764 807 quidem
3793 735 3862 793 in

473 827 760 885 Monodia
803 827 1003 883 hmcce
1033 825 1212 883 dicit:
1251 845 1280 874 α
1312 824 1471 880 Licet
1516 823 1731 897 procul
1760 839 1798 880 a
1838 839 1936 882 me
1989 823 2230 894 viveret,
2276 823 2507 896 quoties
2536 837 2675 879 eum
2707 821 2904 878 vivere
2932 836 3006 878 ac
3039 821 3235 878 valere
3268 821 3461 879 nuntii
3495 823 3860 893 attulissent,

473 915 652 989 quasi
680 931 843 973 novo
875 915 1092 988 spiritu
1120 914 1391 972 afﬂatum
1426 929 1522 970 me
1549 913 1804 970 sensi.Et
1833 918 1898 971 ut
1928 911 2118 970 David
2147 911 2366 969 animm
2409 927 2532 968 sum
2561 910 2833 968 solamen
2861 910 3109 984 reperiri
3139 925 3264 968 non
3291 926 3468 985 posse
3497 911 3659 981 dicit,
3691 913 3866 970 exhi-

471 989 656 1062 larari
682 1009 888 1064 autem
911 1003 1016 1060 ubi
1032 1004 1300 1078 primum
1325 1003 1430 1061 Dei
1458 1003 1754 1060 memoria
1771 1002 1887 1077 ipsi
1916 1003 1978 1059 in
1998 1007 2262 1059 mentem
2293 1001 2519 1058 venerit
2541 1019 2554 1070 ;
2580 1001 2664 1058 ita
2686 1015 2801 1072 ego
2824 1017 3071 1075 quoque
3091 1000 3196 1058 ubi
3220 1001 3613 1075 prmsentium
3643 1018 3861 1061 erum-

474 1109 698 1152 narum
733 1093 1004 1168 pondere
1029 1093 1401 1163 molestarer,
1432 1092 1656 1150 mirum
1689 1093 2096 1150 solamentum
2123 1092 2283 1149 sensi
2311 1091 2419 1149 ubi
2447 1091 2694 1148 fratrem
2735 1090 2931 1149 valere
2961 1091 3188 1164 accepi.
3221 1091 3727 1167 Quotiescumque
3750 1093 3865 1151 ita-

474 1198 593 1258 que
620 1182 874 1257 epistola
898 1183 1164 1240 fraterna
1200 1197 1388 1238 manu
1428 1181 1665 1253 signata
1691 1180 2079 1254 efferebatur,
2102 1180 2308 1238 vultus
2338 1197 2409 1240 ac
2439 1180 2740 1238 sermonis
2772 1182 2906 1253 ejus
2935 1181 3143 1238 intime
3168 1197 3406 1239 memor
3427 1187 3611 1256 caput
3644 1187 3704 1241 et
3729 1199 3864 1242 ma-

474 1289 592 1330 nus
623 1277 870 1345 tangere
899 1277 956 1329 et
980 1272 1243 1328 osculari
1268 1271 1416 1328 mihi
1441 1270 1692 1328 videbar
1717 1289 1730 1340 ;
1761 1275 1821 1328 et
1846 1270 2149 1343 extemplo
2174 1277 2304 1328 atra
2333 1286 2481 1328 cura
2511 1285 2583 1326 ex
2608 1270 2814 1327 animo
2843 1271 3095 1328 excessit
3121 1277 3177 1328 et
3198 1271 3424 1341 gaudio
3457 1287 3620 1329 novo
3651 1271 3860 1332 locum

473 1361 659 1419 dedit.
697 1383 718 1412 ι
755 1365 890 1418 Htec
916 1376 1055 1418 cum
1081 1361 1295 1430 legeris
1323 1361 1549 1416 amoris
1579 1361 1701 1418 fere
1723 1360 1857 1433 plus
1877 1376 2066 1433 quam
2095 1359 2343 1418 fraterni
2383 1359 2743 1429 testimonia,
2761 1361 2892 1431 jam
2922 1375 3047 1416 non
3076 1359 3417 1426 miraberis,
3446 1361 3498 1417 si
3527 1360 3688 1418 idem
3711 1361 3863 1420 dicit

475 1465 539 1506 se
587 1449 808 1507 umbra
831 1449 1043 1506 mortis
1073 1449 1368 1518 obstringi
1416 1449 1496 1506 ob
1549 1449 2031 1522 gubernaculum
2061 1449 2118 1505 vi
2155 1449 2274 1522 ipsi
2303 1453 2575 1523 ereptum
2613 1455 2804 1506 morte
2852 1448 3052 1505 fratris
3095 1449 3330 1519 Nicetes,
3374 1450 3480 1523 qui
3510 1449 3778 1509 Michaeli
3801 1456 3865 1510 et

470 1540 683 1596 Joanni
719 1538 1096 1596 consobrinis
1126 1554 1299 1611 teque
1328 1537 1633 1595 ﬂebilibus
1659 1542 2040 1596 Romaaorum
2068 1538 2321 1611 imperio
2350 1538 2410 1595 in
2436 1544 2626 1594 morte
2649 1538 3020 1594 successerit.
3051 1560 3080 1590 ‹‹
3116 1537 3175 1594 Si
3203 1539 3352 1596 tanti
3375 1538 3485 1595 viri
3510 1539 3730 1610 obitus,
3757 1541 3865 1600 Mi-

474 1627 645 1684 chael
675 1627 899 1699 adjicit,
932 1630 1234 1700 Europam
1263 1632 1320 1685 et
1350 1628 1558 1684 Asiam
1586 1644 1759 1702 sequo
1787 1627 1996 1684 dolore
2024 1643 2095 1683 ac
2143 1627 2443 1684 desiderio
2469 1627 2704 1694 afﬂixit,
2758 1626 2914 1684 adeo
2962 1631 3030 1684 ut
3073 1631 3332 1684 mortem
3358 1632 3553 1698 tuam,
3582 1645 3618 1685 ο
3649 1631 3865 1688 animo.

473 1715 851 1784 charissima,
885 1716 1037 1773 ferre
1062 1731 1188 1774 non
1218 1717 1575 1778 sustineant.
1608 1717 1746 1791 quis
1779 1716 2024 1774 tandem
2069 1721 2419 1773 nostrarum
2462 1716 2874 1789 lacrymarum
2913 1731 2983 1773 ac
3024 1716 3359 1788 gemituum
3390 1718 3611 1774 modus
3640 1717 3796 1776 erit?
3827 1739 3861 1770 ιο

474 1805 754 1878 Sequitur
775 1805 852 1862 de
876 1803 1046 1861 luctu
1074 1807 1384 1862 communi
1411 1805 1606 1876 gentis
1646 1806 2141 1862 Acominatorum
2180 1821 2287 1879 per
2334 1808 2636 1880 Europam
2667 1809 2724 1863 et
2743 1806 2945 1864 Asiam
2972 1805 3406 1872 disseminatus,
3437 1807 3610 1879 cujus
3635 1807 3862 1865 indivi-

472 1893 578 1950 dui
607 1893 878 1950 defuncti
903 1893 1226 1966 splendore
1248 1894 1710 1960 illustrarentur,
1731 1899 1790 1951 et
1809 1894 1914 1968 qui
1943 1895 2074 1966 ejus
2105 1894 2397 1951 auxilium
2428 1893 2819 1952 multifariam
2860 1894 3091 1968 experti
3120 1899 3279 1952 sunt.
3315 1894 3607 1968 Deinceps
3637 1896 3713 1953 de
3742 1897 3865 1954 do-

471 1981 598 2040 lore
632 1982 824 2039 viduas
847 1981 1134 2056 loquitur,
1168 1989 1346 2056 nepte
1377 1984 1586 2054 magni
1615 1983 1898 2048 Belisarii.
1926 1999 2115 2057 quam
2145 1999 2397 2042 uxorem
2427 1984 2719 2041 ducturus
2747 1984 2998 2052 Nicetas,
3031 1985 3182 2040 sicut
3209 1984 3271 2040 in
3301 1984 3588 2041 omnibus
3621 1986 3866 2058 gravio-

471 2073 642 2128 ribus
671 2070 852 2127 rebus
880 2070 1081 2128 fratris
1118 2070 1436 2129 consilium
1466 2072 1829 2146 expetierat;
1859 2071 1934 2128 de
1954 2071 2117 2129 luctu
2136 2072 2466 2131 liberorum
2494 2077 2714 2130 tenerae
2739 2073 2950 2141 astatis,
2985 2088 3016 2130 e
3045 2072 3269 2147 quibus
3297 2089 3454 2130 unus
3473 2073 3863 2134 errabundus

472 2159 816 2230 vagabatur
840 2177 853 2226 ;
879 2159 954 2216 de
989 2160 1239 2233 proprio
1267 2176 1378 2217 suo
1404 2159 1572 2216 luctu
1601 2166 1659 2217 et
1684 2160 1864 2234 plaga
1889 2161 2318 2219 irremediabili
2349 2179 2537 2237 quam
2559 2163 2757 2220 fratris
2784 2178 2949 2220 mors
2980 2163 3200 2220 acerba
3220 2162 3456 2221 inﬂixit.
3475 2166 3607 2220 iam
3629 2163 3835 2226 sibila

474 2264 716 2322 crymas
747 2264 872 2322 prin
903 2247 1131 2305 doloris
1163 2249 1584 2319 magnitudine
1615 2250 1828 2307 deesse
1857 2250 2147 2323 queritur,
2181 2251 2343 2308 unde
2368 2252 2482 2309 sibi
2512 2252 2887 2309 calamitates
2925 2252 3062 2308 vitae
3101 2252 3334 2309 futuras
3367 2253 3539 2311 siccis
3559 2253 3750 2311 oculis
3771 2254 3862 2312 fe~

472 2337 695 2394 rendas
715 2335 860 2407 fore,
893 2337 1088 2394 donec
1116 2338 1248 2410 ipse
1274 2338 1336 2394 in
1361 2343 1594 2395 remoto
1632 2343 1802 2394 terrae
1830 2339 2052 2409 angulo
2085 2345 2188 2398 aut
2213 2341 2274 2398 in
2307 2342 2509 2398 medio
2531 2343 2686 2399 mari
2710 2342 3035 2414 projectus,
3068 2357 3252 2400 senex
3277 2343 3502 2414 juniori
3527 2341 3692 2402 fratri
3722 2360 3864 2402 suo-

473 2427 735 2484 cesserit.
763 2426 868 2482 Vir
896 2427 1032 2500 pius
1061 2444 1202 2484 cum
1224 2433 1400 2500 esset,
1436 2428 1559 2484 Deo
1584 2428 1699 2502 ipsi
1721 2428 1881 2485 diem
1909 2428 2074 2498 dicit,
2115 2430 2269 2488 adeo
2295 2430 2470 2488 dolor
2498 2435 2765 2488 mentem
2790 2437 3149 2490 occaecarat:
3183 2454 3211 2486 ‹‹
3240 2431 3420 2491 Dolor
3447 2433 3600 2490 adeo
3625 2448 3722 2491 me
3754 2434 3860 2492 sti-

474 2515 666 2573 mutat
695 2518 761 2572 ut
778 2531 955 2572 voces
981 2517 1286 2590 proferam
1324 2533 1461 2590 quas
1492 2517 1784 2590 impietati
1813 2533 1886 2574 ac
1915 2519 2237 2576 temeritati
2283 2521 2433 2577 forte
2462 2520 2793 2578 dabuntur.
2845 2521 2960 2578 Cur
2989 2521 3149 2580 enim
3195 2536 3308 2592 ego
3334 2537 3556 2580 canum
3593 2527 3778 2600 caput
3802 2527 3864 2584 et

474 2605 652 2662 annis
684 2604 903 2677 gravis,
926 2605 1133 2662 inutile
1166 2605 1412 2663 tandem
1441 2611 1608 2663 terrae
1641 2606 1882 2680 pondus
1913 2622 1984 2663 ac
2016 2607 2187 2664 ulcus
2219 2607 2442 2666 diutius
2471 2610 2532 2666 in
2563 2609 2679 2669 hoc
2708 2625 2946 2667 carcere
2977 2610 3282 2669 retineor?
3309 2633 3338 2663 ››

548 2698 613 2750 In
637 2699 924 2767 promptu
945 2711 1067 2752 non
1093 2700 1183 2753 est
1230 2695 1430 2752 dicere
1461 2711 1584 2768 quo
1629 2711 1791 2752 anno
1839 2697 2086 2755 Michael
2112 2697 2360 2754 vinculis
2386 2698 2654 2774 corporis
2683 2698 2970 2756 liberatus
2999 2697 3322 2757 decesserit
3345 2715 3360 2766 ς
3381 2699 3512 2773 jam
3543 2701 3703 2758 enim
3730 2701 3862 2760 vita

476 2784 673 2843 otiosa
694 2785 755 2841 in
781 2786 1147 2842 monasterio
1179 2785 1575 2856 transigenda
1599 2786 1860 2856 graviter
1885 2786 2279 2846 incommoda
2305 2787 2417 2844 sub
2441 2787 2624 2846 ﬁnem
2657 2804 2790 2844 esse
2817 2786 3096 2846 debebat.
3131 2790 3280 2846 Eum
3305 2793 3506 2846 tamen
3530 2804 3689 2847 anno
3710 2793 3854 2848 12t5

474 2875 537 2932 in
568 2875 720 2931 vivis
745 2875 929 2931 fuisse
960 2876 1212 2950 epistola
1240 2891 1429 2949 quam
1477 2875 1557 2932 ad
1605 2877 1936 2933 Manuelem
1987 2878 2396 2952 patriarcham
2426 2877 2590 2936 dedit
2632 2877 2893 2950 probare
2919 2877 3182 2936 videtur:
3217 2878 3295 2934 ad
3324 2879 3506 2935 alium
3545 2878 3860 2937 neminem

473 2962 637 3020 enim
669 2963 889 3037 scripta
914 2980 1043 3021 esse
1064 2969 1261 3039 potest
1279 2965 1395 3021 nisi
1416 2965 1494 3021 ad
1524 2964 1855 3022 Manuelem
1888 2966 2341 3041 Charitopulum
2375 2966 2473 3023 illo
2493 2967 2626 3040 ipso
2653 2983 2814 3024 anno
2843 2966 2922 3023 ad
2953 2967 3428 3040 patriarchatum
3455 2970 3856 3042 evectum.(V.

475 3055 551 3110 Le
578 3054 788 3119 Quien.
814 3054 1023 3111 Oriens
1056 3055 1279 3112 Christ.
1315 3058 1357 3111 t.
1386 3058 1428 3126 1,
1457 3071 1517 3127 p.
1548 3056 1695 3125 278).
1729 3057 1861 3112 Haec
1895 3056 2110 3114 eadem
2133 3055 2387 3130 epistola
2409 3061 2466 3112 et
2493 3056 2695 3130 plures
2722 3055 2854 3112 aliae
2881 3072 3037 3129 quas
3070 3057 3132 3112 in
3154 3059 3264 3113 Ceo
3287 3057 3486 3114 insula
3511 3059 3864 3131 composuit

473 3142 735 3216 probare
762 3149 1023 3216 possunt
1067 3144 1431 3214 Michaelem,
1462 3145 1746 3218 quamvis
1797 3145 2151 3213 solitarium,
2181 3149 2244 3202 ut
2283 3147 2411 3221 ipse
2459 3146 2707 3218 quidem
2751 3145 2895 3201 dicit
2941 3145 3332 3204 nihilominus
3359 3147 3472 3203 sub
3512 3148 3700 3204 ﬁnem
3723 3148 3861 3206 vitae

475 3233 987 3305 praestantissimis
1015 3234 1253 3306 imperii
1277 3234 1418 3290 viris
1461 3249 1568 3308 per
1609 3233 1833 3290 litteras
1853 3236 2069 3294 saltem
2097 3235 2488 3306 conjunctum
2516 3234 2720 3306 fuisse,
2745 3235 3069 3308 ipsumque
3102 3235 3404 3292 Lascarim
3430 3237 3860 3309 imperatorem

477 3321 542 3377 in
571 3320 702 3391 ejus
734 3321 1070 3378 amicorum
1102 3338 1356 3379 numero
1388 3322 1592 3380 fuisse.
1628 3323 1743 3380 Sed
1770 3340 1961 3399 quare
1993 3340 2116 3381 non
2145 3324 2466 3382 orthodoxi
2494 3324 2676 3397 hujus
2706 3330 2763 3381 et
2809 3324 2987 3380 amici
3035 3325 3323 3398 principis
3345 3325 3596 3382 domum
3627 3326 3866 3384 habita-

478 3407 607 3465 vit?
635 3411 747 3466 Cur
771 3425 895 3467 non
925 3411 1132 3467 Nicaeae
1163 3412 1362 3469 vivere
1381 3412 1596 3470 maluit
1621 3429 1809 3486 prope
1832 3413 2178 3485 Phrygiam,
2209 3413 2314 3470 ubi
2335 3413 2514 3472 frater
2534 3413 2956 3471 dilectissimus
2995 3429 3134 3470 cum
3161 3415 3285 3471 suis
3309 3415 3456 3472 vixit
3481 3421 3538 3471 et
3563 3415 3624 3472 in
3657 3415 3865 3475 medio

480 3498 706 3572 populo
733 3499 1087 3557 demortuus
1113 3508 1222 3571 est,
1256 3518 1444 3575 quam
1472 3502 1533 3558 in
1563 3503 1680 3558 Ceo
1711 3501 1910 3560 insula
1940 3509 2180 3576 petrosa
2209 3505 2389 3575 )Egaei
2419 3505 2624 3568 maris,
2656 3502 3069 3576 haereticisque
3100 3503 3333 3560 vicinus
3363 3504 3864 3575 occidentalibus,

481 3587 558 3645 de
589 3589 814 3661 quibus
867 3589 927 3646 in
955 3590 1208 3664 epistola
1248 3590 1326 3647 ad
1353 3591 1745 3665 Euthymium
1773 3591 1994 3665 scripta
2018 3596 2288 3666 queritur
2307 3593 2334 3649 ?
2365 3592 2454 3648 Ad
2480 3592 2638 3648 hanc
2677 3591 2729 3648 is
2759 3592 2878 3649 fere
2917 3592 3314 3665 quaestionem
3343 3594 3732 3667 respondebit
3755 3597 3870 3668 qui

481 3678 544 3734 in
574 3678 768 3752 patria
798 3679 1175 3753 Bacchylidis
1204 3696 1275 3738 ac
1308 3681 1632 3739 Simonidis
1683 3679 2023 3751 Hymettum
2054 3687 2111 3739 et
2140 3682 2458 3739 Brilessum
2503 3681 2618 3738 sub
2665 3697 2945 3740 auroram
2989 3689 3376 3739 coruscantes
3405 3683 3589 3751 vidit;
3613 3683 3719 3757 qui
3757 3685 3865 3744 Mi-

485 3767 754 3825 chaelem
784 3769 846 3824 in
885 3770 1092 3827 Thesei
1140 3771 1286 3827 urbe
1335 3787 1441 3844 per
1494 3769 1945 3840 generationem
1993 3771 2221 3846 pedum
2268 3771 2536 3845 Dionysii
2587 3776 2805 3845 Areop.
2839 3772 3122 3830 manibus
3152 3777 3425 3846 portasse
3468 3778 3522 3831 et
3551 3778 3868 3850 postremo

483 3857 736 3931 Dexippi
766 3856 1036 3928 gladium
1063 3875 1187 3918 non
1219 3859 1348 3916 sine
1374 3859 1565 3930 gloria
1587 3857 1894 3916 strinxisse
1924 3860 2282 3917 meminerit.

482 3988 518 4052 §
556 3986 670 4046 νη.
711 3987 1094 4059 Scriptorum
1119 3988 1435 4047 Michaelis
1489 3989 1828 4059 catalogus,
1864 3987 1928 4043 in
1961 3985 2325 4043 bibliotheca
2348 3986 2708 4043 Florentino
2734 3987 3055 4044 secundum
3091 3987 3496 4044 Bandintum.
3537 3988 3855 4060 Pt'wﬁztio.

557 4111 789 4185 Scripta
818 4127 855 4168 a
879 4110 1153 4168 Michaele
1172 4127 1379 4185 opera,
1423 4127 1543 4167 non
1578 4111 1785 4167 minus
1811 4126 1996 4183 quam
2020 4125 2160 4166 ossa
2183 4109 2243 4165 in
2274 4109 2371 4166 Cei
2388 4110 2555 4183 ripis,
2583 4111 2644 4166 in
2670 4110 3003 4168 Occidentis
3019 4110 3392 4171 bibliothecis
3413 4113 3701 4171 oblivioni
3719 4114 3869 4171 data

483 4213 617 4256 esse
654 4198 1034 4257 videbantur.
1066 4202 1189 4256 Huc
1220 4215 1416 4272 usque
1446 4215 1570 4256 non
1599 4199 1714 4256 nisi
1763 4198 2106 4256 orationum
2158 4197 2300 4254 satis
2344 4198 2672 4255 multarum
2707 4201 3056 4272 summaria,
3093 4207 3397 4272 tractatus,
3428 4202 3712 4274 epistolae,
3737 4220 3868 4261 car-

484 4289 654 4345 mina
681 4305 942 4364 quorum
973 4305 1167 4364 pauca
1197 4288 1402 4364 aliqua
1432 4290 1651 4361 Graece,
1685 4288 1809 4345 duo
1837 4285 2086 4344 maximi
2123 4286 2414 4343 momenti
2445 4288 2644 4344 Latine
2674 4293 2907 4347 tantum
2948 4305 2984 4348 a
3031 4290 3308 4349 Michaele
3339 4292 3625 4350 Choniata
3656 4309 3866 4366 super-

485 4383 645 4435 sunt.

554 4474 728 4526 Anno
763 4472 896 4526 1767
929 4467 1306 4526 bibliothecae
1332 4467 1745 4524 Laurentianus
1766 4482 1902 4539 quas
1933 4463 2238 4522 Florentiae
2261 4467 2371 4530 est,
2404 4470 2626 4535 custos,
2650 4470 2716 4522 A.
2735 4469 2806 4525 Μ.
2829 4467 3158 4525 Bandinius
3187 4467 3527 4526 Academiae
3553 4469 3861 4527 Parisiensi

483 4555 754 4615 libellum
788 4559 954 4616 misit
985 4558 1102 4614 sub
1130 4557 1302 4615 titulo
1328 4559 1611 4627 Epistola
1650 4557 1724 4616 de
1773 4554 2066 4612 Michaele
2112 4555 2467 4612 Acoma‘nato
2507 4559 2755 4631 ejusque
2784 4560 3045 4629 scriptis,
3081 4575 3265 4630 quem
3309 4575 3471 4615 anno
3500 4559 3771 4633 sequenti
3797 4563 3865 4617 in

484 4647 761 4720 catalogo
790 4648 1070 4706 codicum
1123 4650 1465 4705 Graecorum
1509 4645 1890 4703 bibliothecae
1938 4644 2354 4700 Laurentianus
2397 4645 2768 4718 reproduxit.
2816 4651 2931 4703 Nos
2963 4647 3308 4717 catalogum
3359 4649 3723 4706 collectionis
3767 4651 3865 4708 Mi-

485 4737 706 4796 chaelis
739 4739 1103 4813 scriptorum
1133 4738 1402 4807 integrae,
1437 4751 1698 4810 quorum
1732 4751 2039 4790 summum
2064 4734 2188 4805 jam
2217 4732 2690 4790 Montfaucouius
2719 4735 2780 4790 in
2814 4736 3190 4792 Bibliotheca
3209 4736 3701 4795 bibliothecarum
3725 4755 3860 4795 ma-

482 4833 961 4901 nuscriptorum,
985 4829 1028 4884 1.
1063 4845 1123 4901 p.
1157 4831 1259 4886 355
1285 4844 1456 4901 seqq.
1485 4826 1672 4895 dedit,
1713 4841 1744 4882 e
1778 4823 2150 4880 Bandiniano
2191 4822 2466 4894 catalogo
2489 4829 2841 4894 extractam,
2875 4825 3040 4881 nulla
3066 4825 3273 4882 habita
3303 4827 3606 4883 titulorum
3639 4828 3862 4884 latino-

480 4933 618 4976 rum
649 4919 901 4985 ratione,
947 4918 1193 4985 damus,
1225 4922 1283 4974 et
1331 4916 1605 4974 Bandinii
1645 4913 1990 4987 exemplum
2033 4912 2238 4981 secuti,
2271 4912 2467 4968 titulos
2500 4912 2737 4983 eodem,
2767 4931 2892 4989 quo
2913 4915 2970 4970 in
2999 4917 3203 4972 couice
3232 4915 3531 4988 leguntur,
3559 4917 3768 4973 ordine
3798 4919 3860 4974 in

482 5009 751 5065 medium
779 5007 1168 5082 proferimus,
1203 5007 1520 5080 prtemissa
1547 5005 1848 5077 Anonymi
1874 5003 1951 5058 ad
1985 5001 2280 5062 Michaelis
2301 5002 2594 5074 opuscula
2625 5003 2994 5069 Praefatione,
3031 5021 3219 5078 quam
3241 5022 3475 5080 primus
3501 5007 3687 5064 edidit
3719 5006 3859 5064 doc«

481 5099 754 5157 tissimus
781 5095 1035 5155 Tatclius
1060 5096 1121 5152 in
1152 5096 1573 5153 Dissertationc
1595 5096 1682 5152 De
1710 5094 2137 5151 Thessalonica
2168 5094 2410 5164 ejusque
2431 5107 2602 5162 agro.

1363 5225 1404 5277 Ι.
1437 5236 1496 5294 p.
1537 5226 1584 5276 1.
1616 5221 1917 5296 Προοεωρία
1943 5222 2017 5279 εἰς
2041 5219 2135 5276 τὴν
2173 5225 2445 5293 παροῦσαν
2477 5216 2659 5290 βίϐλον
2697 5226 2792 5272 τοῦ
2823 5263 2836 5276 .
2869 5260 2883 5276 .
2915 5260 2927 5275 .
2964 5261 2981 5279 .

855 5341 1015 5406 (Nihil
1040 5344 1306 5407 amplius;
1342 5346 1620 5408 scriptoris
1652 5358 1848 5395 nomen
1875 5343 1928 5391 in
1965 5341 2159 5392 lacuna
2185 5343 2470 5394 intercidit.
2523 5345 2605 5408 (V.
2638 5344 2800 5404 Tafel,
2837 5343 2874 5398 ι.
2908 5346 2968 5410 Ζ.,
2996 5361 3054 5411 p.
3089 5349 3179 5398 376
3209 5350 3267 5402 et
3297 5350 3482 5415 seqq.)

553 5457 826 5532 Φιλόλογος
865 5461 890 5512 ὁ
928 5467 1020 5512 τοῦ
1063 5458 1273 5535 βιϐλίου
1318 5459 1474 5515 τοῦδε
1524 5466 1720 5534 πατὴρ,
1773 5465 1862 5513 καὶ
1904 5461 2086 5530 σοφίας

2267 5459 2618 5517 Litterarum
2668 5465 2723 5518 et
2753 5462 2950 5519 omnis
2981 5463 3288 5537 sapientiae
3314 5482 3448 5522 vere
3481 5465 3715 5523 amicus
3746 5465 3851 5522 hu-

479 5554 704 5627 ἑρασνὴς
762 5549 1022 5627 ἑκατέρας,
1073 5561 1170 5615 τῆς
1209 5554 1462 5628 ἡμετέρας
1520 5557 1656 5626 φημὶ
1695 5555 1785 5604 καὶ
1836 5558 1932 5611 τῆς
1991 5548 2082 5600 θύ-

2223 5564 2360 5604 usce
2405 5548 2543 5606 libri
2584 5554 2796 5607 auctor
2842 5557 2950 5620 est,
2981 5553 3147 5626 quod
3183 5552 3371 5611 lector
3397 5553 3732 5612 benevolus
3777 5570 3850 5610 ex

467 5644 651 5744 ραθεν,
701 5644 770 5705 ὡς
817 5643 958 5696 ἔστιν
997 5640 1084 5697 ἀπ’
1136 5642 1307 5699 αὐτῶν
1353 5652 1453 5698 τῶν
1507 5644 1903 5717 συγγαμμάτων
1952 5645 2084 5713 γνῶ.

2206 5637 2327 5711 ipso
2357 5638 2583 5711 scripto
2601 5637 2776 5700 facile
2804 5639 3181 5714 dijudicabit.
3219 5642 3336 5700 Sed
3363 5642 3703 5716 longiorem
3729 5643 3844 5702 hac
