4148 6382
281 361 388 421 313

1824 352 1872 414 Ν
1877 347 2125 415 ΟΤΙΤῙΑ.

3552 355 3660 414 314

279 503 376 540 ναι
402 484 492 540 τὸν
521 479 930 558 ἓντυγχάνοντὰ.
976 479 1134 538 Ἀλλὰ
1158 487 1314 537 τοῦτο
1349 481 1441 558 μὶν
1492 479 1587 536 οὐκ
1621 479 1683 535 ἂν
1726 476 1895 536 δέοιτο

2008 481 2084 540 de
2129 495 2194 539 re
2222 477 2565 539 sermonem
2605 480 2970 542 concinnare
3009 497 3208 557 operae
3250 495 3376 540 non
3405 482 3498 540 est
3523 492 3657 555 pre-

286 576 544 647 πλείονος,
566 572 736 648 οἶμαι,
766 572 946 645 λόγου,
975 571 1132 627 ἐκεῖνο
1163 569 1224 628 δε
1260 571 1450 647 μᾶλλον
1473 568 1896 646 προδιοριστέον,

293 668 364 729 ὡς
393 673 491 719 τῶν
518 664 680 737 λόγων
718 664 844 716 ἔνιοι
880 660 973 737 μέν
1013 665 1114 734 πρὸ
1143 670 1235 726 τῆς
1277 663 1559 737 ἱερωσύνης
1600 661 1900 736 ἐγράφησαν

294 756 346 828 (ό
376 762 574 830 πρῶτος
603 749 870 821 δηλονότι,
894 753 920 806 ό
949 756 1074 828 πρὸς
1095 756 1213 816 τοὺς
1231 752 1570 827 αἰτιωμένους
1594 753 1676 824 (1)
1697 755 1756 805 1'6
1779 751 1899 826 ἀφει-

289 842 578 902 λένδεικτον
608 861 621 876 ·
649 847 740 896 καὶ
777 844 803 896 ό
843 844 990 914 ἑφεξῆ
1002 864 1043 910 ς,
1066 846 1092 898 ὁ
1111 851 1204 898 τοῦ
1235 843 1528 920 μακαρίτου
1553 843 1898 917 ἁρχιεπισκό·

287 955 396 989 που
420 943 592 990 Χονῶν
611 933 1031 1007 ἕγκωμιαστικός
1057 950 1070 964 ⁸
1097 938 1189 988 καὶ
1211 935 1236 987 ό
1256 934 1369 1008 μετ’
1395 933 1612 1004 αύτὸν,ό
1635 953 1900 1010 πατριαρ-

284 1025 501 1098 χικός)·
535 1025 582 1077 οἱ
607 1018 666 1076 δι
689 1022 863 1076 λοιποὶ
878 1024 1066 1085 πάντες
1081 1025 1215 1096 μετὰ
1242 1027 1332 1083 τὴν
1361 1025 1665 1099 ἱερωσύνην.
1692 1026 1788 1078 Καὶ
1819 1019 1906 1078 δεῖ

281 1119 363 1188 μὴ
394 1113 591 1187 ἀγνοεῖν
617 1120 771 1167 τοῦτο
801 1116 891 1166 τὸν
918 1116 1014 1167 σὺν
1051 1112 1317 1189 ἐπιστήμῃ
1349 1119 1456 1177 τοῖς
1481 1113 1651 1186 λόγοις
1676 1111 1900 1178 ἄντευξό-

273 1223 435 1276 μενον
459 1208 551 1258 καὶ
579 1207 1014 1276 συγγνωσόμενον
1043 1211 1116 1276 τῷ
1147 1199 1246 1258 ἁνδ
1246 1207 1322 1278 9‘1,
1355 1204 1398 1259 εἰ
1435 1210 1523 1257 νῦν
1551 1205 1642 1277 μὶν
1678 1206 1806 1276 πρὸς
1841 1205 1898 1257 τό

268 1299 649 1368 νεανικώτερον
689 1290 1132 1369 ἁποθρασύνεται,
1190 1297 1278 1348 καὶ
1338 1299 1448 1356 τοῖς
1506 1293 1561 1347 ἐκ
1619 1302 1899 1356 ποιητικῆς

276 1384 534 1456 ὀνόμασιν
566 1382 872 1456 ὡραΐζεταί,
893 1382 1171 1458 κουρίζων,
1197 1385 1262 1444 ὡς
1282 1384 1344 1435 ἄν
1381 1397 1463 1446 τις
1499 1381 1654 1450 εἴποι,
1687 1388 1778 1436 καὶ
1797 1384 1898 1435 ὑπὸ

282 1474 599 1547 θερμότητος
637 1470 970 1547 ἐκφερόμενος
992 1491 1006 1505 '
1052 1479 1136 1525 νῦν
1176 1468 1236 1525 δε
1260 1472 1542 1544 ὕπαυχμος
1573 1477 1804 1544 φαίνεται
1835 1473 1900 1524 τὰ

275 1561 465 1633 πολλὰ,
524 1565 616 1614 καὶ
668 1564 727 1614 τό
783 1559 1026 1632 ἁγλευκές
1073 1563 1510 1634 περιπτύσσεται·
1577 1561 1732 1614 Αἰτίαι
1795 1563 1896 1636 γὰρ

273 1651 343 1704 οὐ
380 1657 632 1704 τοσοῦτον
689 1652 719 1709 ἡ
773 1649 868 1710 ῦλη
913 1659 1015 1703 τῶν
1044 1652 1359 1718 ὑποθέσεων,
1393 1651 1514 1704 ὅσον
1553 1653 1583 1709 ἡ
1626 1659 1726 1704 τῶν
1767 1650 1897 1725 βίων

278 1737 536 1816 διαφορά.
588 1739 729 1799 Πλὴν
769 1744 858 1793 καὶ
898 1741 1058 1803 οὕτως
1117 1743 1146 1800 ἠ
1206 1742 1453 1816 ὁμοιότης
1510 1738 1746 1795 ἁπάντων
1782 1737 1897 1794 δια-

283 1833 544 1904 φαίνεται,
566 1833 654 1882 καὶ
674 1833 770 1881 τόῦ
792 1827 954 1882 αὐτοῦ
984 1833 1182 1904 πατρὸς
1213 1837 1366 1905 φῦναι
1393 1831 1604 1893 τούτους
1627 1831 1896 1895 κάκεινους
1929 1859 1967 1914 Β

285 1924 584 1993 κατηγορεῖ.
637 1916 758 1972 ”Ετι
817 1916 1024 1974 κάκεῖνο
1082 1919 1388 1993 προθεωρεῖν
1443 1915 1741 1992 ἀναγκαῖον,
1804 1921 1892 1984 ὡς,

284 2011 444 2069 ἡνίκα
467 2011 556 2080 μὲν
583 2004 679 2080 ἦγε
699 2007 923 2082 σχολὴν,
947 2013 1036 2062 καὶ
1065 2012 1185 2083 περὶ
1211 2012 1396 2080 μόνους
1419 2005 1532 2083 εἶχε
1551 2011 1672 2072 τοῦς
1688 2007 1892 2080 λόγους,

278 2094 586 2165 ἐπιδείξεως
635 2103 819 2174 χώραν
877 2095 995 2152 οὐδ’
1044 2097 1129 2152 ἰπὶ
1189 2101 1481 2174 κοινοτέρου
1546 2097 1895 2174 ἀκροατηρίου

282 2188 626 2264 ξθεατρίσατο
652 2208 664 2222 ο
694 2191 739 2242 εἶ
765 2207 818 2242 τι
850 2183 910 2241 δε
936 2185 1249 2257 ἐπονήσατο,
1281 2188 1398 2241 καθ’
1432 2187 1633 2254 ἑαυτὸν,
1666 2189 1692 2240 ὃ
1718 2207 1893 2261 φασιν,

282 2273 427 2331 ἄδων
458 2276 750 2337 ἐπονήσατο
781 2291 795 2306 ⁸
823 2283 976 2330 τοῦτο
1009 2273 1062 2331 δ’
1094 2280 1214 2330 ὅσον
1234 2275 1437 2330 κολούει
1473 2282 1568 2337 τὴν
1607 2275 1687 2330 ἐπὶ
1727 2277 1898 2349 λόγοις

285 2365 552 2441 ἀκρίϐειαν
580 2367 694 2439 οἶμα
724 2370 816 2419 καὶ
845 2365 1164 2439 φιλοτιμίαν,
1204 2369 1388 2419 ἴσασιν
1419 2368 1466 2419 οἱ
1509 2363 1725 2429 εἰδότες.
1756 2365 1898 2420 Ἐπεὶ

287 2451 351 2509 δὲ
379 2457 653 2531 ἱερωσύνης
684 2454 841 2516 ἐπέϐη
881 2459 972 2510 καὶ
1003 2458 1144 2528 παρά
1179 2462 1270 2510 τοῦ
1301 2455 1686 2530 ἕπαγγίλματος
1718 2459 1776 2509 τὸ
1805 2463 1896 2510 τοῦ

290 2543 460 2616 λέγειν
488 2550 572 2598 καὶ
610 2547 825 2618 γράφειν
865 2541 1141 2618 ἐνδόσιμον
1189 2544 1385 2614 ἔλαϐεν,
1427 2541 1542 2598 οὐδ’
1583 2545 1804 2599 ἐνταῦθα
1830 2548 1898 2599 τὰ

278 2641 378 2694 τῆς
408 2630 704 2696 ἐπιδείξεως
734 2630 849 2707 εἶχε
876 2633 1181 2709 προϐάλλειν
1203 2633 1570 2710 φιλοτιμότεραι
1593 2650 1605 2664 ·
1629 2642 1782 2688 τοῦτο
1803 2638 1894 2709 μὲν

275 2731 373 2783 τῆς
404 2724 683 2797 ἱερωσύνης
708 2723 766 2777 ού
797 2727 1254 2801 προσποιουμένης
1274 2720 1397 2778 οὐδὲ
1418 2725 1509 2787 τὰς
1540 2722 1588 2777 ἂν
1619 2724 1755 2796 λόγῳ
1781 2723 1892 2778 ἔπι-

274 2808 493 2881 δείξεις,
523 2815 698 2888 ὥσπερ
726 2809 851 2868 ούδε
870 2815 964 2876 τὰς
987 2812 1035 2868 ἰν
1063 2813 1216 2887 ἑτέρῳ
1247 2810 1607 2886 οἱῳδηποτοῦν
1628 2817 1892 2889 κατορθώ-

281 2923 438 2976 ματι,
465 2904 548 2955 ὅτι
577 2908 646 2976 μη
679 2909 769 2956 καὶ
797 2903 988 2977 μᾶλλον
1010 2899 1235 2968 κηλῖδας
1263 2903 1588 2977 νομιζούσης
1606 2908 1697 2957 καὶ
1718 2923 1894 2978 μειρα-

279 2987 458 3048 κιώδη
507 2991 798 3064 ἀθύρματα,
844 2995 874 3054 ἦ
960 2989 1354 3066 σπουδάσματα
1408 3008 1421 3023 ⁸
1492 3001 1646 3046 τοῦτο
1691 2990 1750 3047 δὲ
1792 3001 1891 3046 τῶν

292 3079 634 3154 ἀκροωμένων
684 3081 961 3157 Ἀθήνησιν
999 3081 1165 3136 οὐκέτ’
1225 3087 1382 3135 ὄντων
1421 3081 1739 3156 φιλομαθὼν,
1770 3079 1894 3137 οὐδὲ

279 3176 734 3244 προσεκκαιόντων
770 3176 866 3231 τὴν
919 3180 1012 3226 τοῦ
1049 3172 1205 3245 λόγου
1262 3174 1569 3248 θερμότητα,
1603 3173 1792 3246 μᾶλλον
1834 3169 1892 3227 δὲ

269 3263 563 3314 ποιούντων
596 3261 978 3330 ἔπινυστάζειν,
1007 3263 1086 3326 οἷς
1115 3263 1387 3336 ὑπόκωφον
1427 3258 1776 3317 ἐνδείκνυνται
1799 3267 1892 3323 την

278 3349 559 3421 ἀκρόασιν,
603 3351 687 3403 ἱνα
714 3355 784 3425 μὴ
818 3350 973 3422 λέγω,
1006 3353 1086 3406 ὅτι
1125 3352 1227 3405 ὅσα
1273 3355 1362 3406 καὶ
1401 3351 1560 3426 λύρας
1591 3356 1724 3422 ὄνος,
1757 3356 1894 3406 κατὰ

272 3445 372 3497 την
401 3444 709 3513 παροιμίαν,
733 3448 827 3493 τοῦ
847 3444 1099 3514 περισσόν
1130 3460 1180 3494 τι
1208 3439 1438 3512 λέγοντος
1474 3438 1889 3517 ἐπιστρέφονταιο

270 3527 337 3583 Ἥ
375 3547 439 3600 γε
475 3533 579 3601 μὴν
603 3527 837 3602 ἀσχολία
865 3532 1036 3583 καὶτὸ
1076 3530 1176 3582 ύπό
1207 3531 1530 3606 πραγμάτων
1553 3529 1892 3584 ἀνθέλκεσθαι

267 3617 364 3672 οὐκ
385 3616 582 3670 ἐώντων
622 3616 1032 3692 ἐξακριϐοῦσθαι
1062 3621 1125 3673 τὰ
1157 3627 1248 3672 τοῦ
1279 3618 1456 3691 λόγου,
1489 3619 1679 3692 μᾶλλον
1713 3616 1772 3672 δε
1801 3625 1891 3673 καὶ

273 3706 513 3780 πάρεργα
575 3704 1039 3782 προσϐιαζομένων
1101 3706 1432 3780 λογίζεσθαι,
1502 3711 1677 3783 τρίτον
1717 3706 1771 3762 ὃν
1821 3716 1885 3784 τῇ

281 3793 659 3868 ἀπαριθμήσει,
681 3806 885 3872 πρῶτον
911 3806 973 3873 τῇ
1008 3793 1231 3870 δυνάμει
1262 3802 1520 3870 φαίνεται.

349 3891 529 3940 Ταῦτα
548 3895 860 3941 συννοοῦντα
895 3890 982 3940 τόν
1007 3886 1380 3962 ἐντευξόμενον,
1414 3891 1585 3962 χρεὼν
1617 3891 1688 3960 μὴ
1720 3886 1889 3961 βαρὺν

275 3973 532 4046 λογιστην
568 3977 913 4046 καθέζεσθαι,
943 3975 1153 4048 ἀγάπης
1176 3973 1234 4031 δὲ
1265 3975 1473 4049 μᾶλλον,
1505 3976 1549 4030 εἰ
1574 3981 1645 4049 μὴ
1678 3978 1812 4029 πάνυ
1837 3996 1889 4028 τι

275 4071 370 4118 τοῦ
411 4061 652 4139 ἀκριϐοῦς
709 4068 776 4117 τὰ
814 4066 950 4119 οὕτω
987 4070 1316 4139 πεπονημένα
1373 4064 1714 4136 ἐκπέπτωκεν,
1782 4063 1888 4118 ἀλλ’

271 4156 415 4208 ἔστιν
463 4151 522 4207 οὗ
567 4160 660 4208 καὶ
691 4162 785 4218 τῆς
832 4161 1021 4228 τέχνης
1061 4155 1316 4228 ἐξέχεται,
1349 4161 1440 4208 καὶ
1483 4158 1576 4219 τὰς
1625 4153 1768 4219 ἰδέας
1797 4164 1890 4210 τοῦ

266 4243 549 4298 πολιτικοῦ
586 4244 747 4315 λόγου
788 4250 1126 4320 συγκίρνησι,
1155 4251 1246 4298 καὶ
1277 4249 1394 4298 οὔτε
1430 4248 1488 4298 1'6
1520 4247 1746 4321 καθαρόν
1778 4248 1890 4317 ἔχει

267 4351 476 4394 πεπατη
485 4338 636 4406 μένον
677 4339 767 4385 καὶ
799 4334 870 4397 εἰς
897 4331 1282 4407 χυδαιολογίαν
1313 4333 1757 4408 καταϐεϐλημένον
1775 4338 1890 4388 οὔτε

271 4425 332 4475 τό
375 4421 808 4496 περιϐεϐλημένον
841 4421 1048 4497 σφόδρα
1074 4428 1580 4496 περιηγκωνισμένον
1619 4428 1707 4477 καὶ
1735 4422 1891 4476 λαϐυ-

272 4509 547 4585 ρινθῶδες,
591 4511 720 4564 ἀλλὰ
760 4517 850 4565 καὶ
899 4515 930 4572 ἡ
973 4511 1216 4588 περιϐολὴ
1269 4509 1650 4586 διευκρίνηται,
1701 4517 1791 4566 καὶ
1832 4516 1888 4566 τό

280 4603 440 4670 σαφὶς
466 4599 857 4676 περιϐέϐληται,
888 4608 978 4655 καὶ
1008 4607 1227 4675 μετρίως
1267 4600 1551 4676 ἀμφότερα.
1593 4601 1890 4677 Ἧρμοσται
1924 4580 1966 4634 D

281 4685 344 4742 δὲ
373 4695 462 4741 καὶ
486 4689 583 4742 ἀπὸ
613 4699 714 4743 τῶν
744 4691 934 4744 λοιπῶν
966 4689 1137 4762 ἰδεῶν,
1167 4690 1216 4754 ἐς
1248 4693 1370 4744 ὅσον
1399 4691 1515 4755 ἐξῆν
1541 4709 1552 4720 ·
1587 4691 1816 4764 μάλιστα
1838 4689 1890 4745 δ’

279 4776 357 4839 εἰς
395 4780 604 4850 μέγεθος
643 4783 862 4854 αἴρεται,
903 4785 993 4833 καὶ
1022 4780 1193 4844 πλέον,
1227 4784 1358 4854 ἤπερ
1409 4782 1434 4832 ὁ
1488 4789 1580 4833 τοῦ
1619 4780 1888 4834 πολιτικοῦ

280 4867 517 4927 θεσπίζει
550 4875 737 4920 κανὼν.
772 4873 874 4922 Καὶ
904 4869 964 4921 ού
988 4874 1152 4921 κακία
1185 4877 1339 4922 τοῦτο
1372 4866 1548 4927 δήπου
1577 4877 1668 4921 τοῦ
1707 4869 1885 4940 λόγου,

273 4957 365 5008 ὅτι
393 4953 529 5027 μηδὲ
555 4954 764 5030 σφόδρα
791 4956 1088 5030 βουλομένῳ
1111 4959 1217 5011 οἶόν
1251 4978 1303 5011 τε
1328 4959 1412 5025 ἦν,
1437 4960 1557 5011 ὅσον
1575 4957 1659 5010 ἐπὶ
1682 4967 1890 5030 σεμναῖς

270 5043 496 5107 ἐννοίαις
528 5052 599 5118 μὴ
645 5045 969 5119 διαίρεσθαι,
1017 5049 1094 5108 αἷς
1133 5053 1282 5100 πᾶσα
1327 5051 1668 5121 χριστιανικὴ
1711 5047 1890 5120 ὁμιλία

262 5142 545 5207 κοσμεῖται
576 5154 588 5166 ⁶
632 5138 692 5189 ού
734 5141 888 5208 μόνον
915 5135 963 5188 ἐν
1001 5135 1393 5210 λογογραφίαις,
1428 5135 1532 5190 ἀλλ’
1567 5133 1674 5196 ἤδη
1717 5142 1807 5188 καὶ
1839 5136 1886 5188 ἐν

255 5231 332 5298 τῇ
365 5225 804 5299 απλῶςκοινωνίᾳ
831 5233 922 5278 τοῦ
947 5226 1130 5297 λόγου.
1162 5223 1305 5278 Ὀσα
1331 5228 1457 5298 γὰρ,
1481 5231 1641 5298 φησὶν
1669 5226 1884 5301 τωρ

245 5321 356 5377 τῆς
390 5314 733 5376 Ἐκκλησίας,
777 5317 958 5386 σεμνὰ,
995 5316 1037 5367 εἱ
1060 5334 1140 5376 τις
1180 5313 1334 5389 ἁρετὴ
1369 5318 1458 5367 καὶ
1487 5317 1632 5376 εἴτις
1662 5317 1883 5382 ἔπαινος,

248 5411 423 5457 ταῦτα
459 5411 551 5459 καὶ
583 5404 889 5477 λογίζεσθε.
939 5402 998 5458 Εἰ
1051 5400 1110 5459 δὲ
1175 5407 1264 5456 καὶ
1303 5405 1435 5477 μετά
1475 5407 1566 5462 τὴν
1601 5405 1883 5480 ἱερωσύνην

2008 574 2193 638 tium;
2224 571 2288 629 id
2326 587 2516 629 unum
2563 571 2901 630 notandum
2940 577 3046 646 est,
3094 573 3296 646 plures
3340 587 3480 630 eum
3524 581 3660 629 ora~

2006 663 2240 721 tionum
2271 678 2520 719 suarum
2537 666 2867 735 antequam
2893 662 3207 722 sacerdotii
3236 677 3462 720 munus
3490 661 3659 719 iniis-

2009 754 2116 818 set,
2147 751 2478 824 scripsisse,
2514 755 2572 808 et
2597 751 2858 825 primam
2887 751 3164 827 quidem:
3194 752 3284 809 Ad
3307 767 3410 810 eos
3439 751 3545 824 qui
3571 751 3660 807 in-

2008 837 2418 910 dignabantur
2436 840 2604 914 quod
2622 840 2829 898 lumen
2852 858 3034 898 suum
3063 841 3176 898 sub
3202 841 3406 898 modio
3421 841 3660 915 posuis-

2009 933 2126 998 set;
2149 929 2288 986 dein
2305 929 2641 988 orationem
2660 930 3066 990 laudatoriam
3091 934 3153 989 in
3172 930 3420 990 beatum
3439 929 3663 989 archic-

2007 1019 2324 1095 piscopum
2357 1019 2730 1093 Chonarum;
2762 1021 2998 1079 tertiam
3035 1019 3297 1095 denique
3325 1019 3387 1076 in
3416 1017 3664 1092 patriar-

2009 1108 2222 1178 cham;
2274 1113 2518 1166 caeteras
2550 1114 2752 1166 autem
2801 1125 3014 1168 omnes
3043 1114 3179 1185 post
3223 1109 3429 1166 initum
3464 1122 3661 1165 sacer:-

2008 1197 2208 1255 dotale
2256 1213 2480 1255 munus
2541 1199 2730 1256 editas
2787 1199 3007 1269 fuisse;
3055 1214 3212 1273 quas
3269 1208 3408 1256 cum
3458 1195 3666 1269 legerit

2009 1288 2224 1362 aliquis
2261 1294 2461 1347 mente
2493 1289 2776 1358 candida,
2811 1289 3040 1346 auctori
3070 1290 3358 1360 ignoscet,
3388 1288 3494 1344 ubi
3523 1303 3663 1345 cum

2009 1378 2338 1436 temeritate
2360 1378 2634 1449 juvenili,
2675 1378 2942 1436 ﬂosculis
2973 1379 3224 1451 poeticis
3251 1377 3554 1450 pueriliter
3577 1377 3663 1433 in-

2007 1467 2206 1536 haeret,
2238 1475 2294 1525 et
2314 1469 2454 1525 alibi
2485 1473 2785 1526 oratorem
2817 1485 2878 1525 se
2899 1468 3133 1526 aridum
3151 1473 3209 1526 et
3232 1467 3466 1525 nudum
3489 1467 3660 1537 gerit;

2009 1558 2181 1629 cujus
2222 1559 2306 1614 rei
2353 1573 2540 1615 causa
2569 1573 2693 1616 non
2722 1558 3216 1615 dissertationum
3245 1557 3519 1628 materia,
3554 1555 3662 1613 sed

2006 1647 2345 1705 differentia
2397 1663 2701 1706 annorum
2756 1647 3041 1705 habenda
3094 1651 3202 1720 est,
3261 1645 3484 1723 quibus
3528 1644 3661 1703 illas

2006 1737 2363 1812 composuit.
2417 1739 2637 1798 Omnes
2685 1741 2886 1795 tamen
2920 1737 3002 1792 sic
3051 1751 3297 1810 quoque
3328 1733 3664 1792 similitudi-

2004 1842 2145 1883 nem
2168 1825 2435 1900 aliquam
2456 1841 2581 1899 prte
2605 1843 2667 1882 se
2689 1826 2947 1883 ferentes
2971 1825 3050 1882 ab
3064 1825 3278 1882 eodem
3296 1841 3358 1881 se
3374 1824 3661 1896 scriptore

2005 1921 2244 1974 exortas
2278 1933 2407 1973 esse
2439 1917 2584 1973 satis
2609 1917 2895 1973 clamant.
2923 1921 2984 1972 ln
3005 1932 3128 1990 quo
3153 1916 3211 1971 id
3241 1930 3487 1989 quoque
3506 1929 3661 1986 prac-

2002 2012 2213 2064 notare
2235 2007 2406 2079 juvat
2437 2007 2624 2080 quod,
2658 2008 2706 2063 si
2738 2006 2956 2062 decoro
3005 2022 3144 2062 cum
3184 2006 3303 2062 otio
3331 2004 3536 2061 litteris
3563 2018 3661 2062 so-

2003 2096 2074 2153 lis
2107 2096 2393 2166 studeret,
2421 2112 2544 2152 non
2574 2096 2914 2152 auditorum
2939 2093 3419 2151 benevolentiam
3458 2097 3660 2166 capta-

2003 2189 2109 2259 ret,
2134 2187 2196 2243 id
2213 2202 2403 2243 unum
2425 2202 2612 2257 agens
2634 2189 2697 2242 ut
2722 2185 2834 2242 sibi
2860 2185 2974 2258 ipsi
3005 2184 3449 2242 sufﬁceret.Hoc
3465 2199 3662 2257 quan-

2007 2279 2135 2332 tum
2166 2280 2384 2332 noceat
2431 2275 2598 2348 operi
2652 2274 3048 2346 conﬁciendo,
3081 2289 3282 2331 rerum
3313 2271 3666 2344 hujusmodi

2005 2364 2178 2438 periti
2207 2364 2397 2438 probe
2419 2367 2666 2420 norunt.
2693 2363 2807 2421 Sed
2835 2368 2972 2437 post
2989 2361 3394 2420 sacerdotium
3418 2376 3664 2436 quoque

2005 2453 2242 2524 initum,
2300 2453 2406 2510 ubi
2454 2451 2695 2510 dicendi
2743 2452 3120 2509 scribendive
3169 2451 3339 2508 locus
3386 2454 3529 2519 erat,
3573 2449 3665 2508 vir

2005 2559 2222 2617 parum
2283 2543 2640 2600 ambitiosus
2706 2542 2885 2612 longe
2928 2543 3006 2600 ab
3055 2541 3224 2599 omni
3263 2540 3662 2598 ostentatione

2007 2632 2214 2690 abfuit.
2248 2632 2365 2689 Nec
2402 2632 2658 2701 mirum;
2692 2631 3034 2688 sacerdotes
3074 2630 3234 2686 enim
3263 2630 3340 2686 de
3375 2628 3660 2702 operibus

2004 2737 2040 2778 a
2085 2737 2149 2777 se
2206 2721 2437 2794 scriptis
2484 2737 2607 2778 non
2648 2722 2844 2792 magis
2889 2735 3078 2793 quam
3107 2719 3184 2775 de
3213 2733 3576 2792 quacunque
3600 2732 3664 2774 re

2002 2811 2316 2868 mundana
2365 2811 2606 2885 spiritus
2661 2825 2898 2867 sumere
2941 2809 3114 2864 decet
3157 2825 3170 2876 ;
3226 2823 3359 2880 qua
3392 2807 3598 2864 omnia
3630 2821 3662 2862 e

2003 2905 2211 2958 contra
2254 2917 2365 2973 pro
2408 2900 2588 2970 nugis
2642 2917 2712 2956 ac
2756 2898 3100 2972 quisquiliis
3153 2895 3440 2954 habenda
3498 2899 3660 2952 sunt.

2003 2992 2126 3046 Huc
2154 2989 2312 3046 adde
2355 2990 2522 3063 quod
2553 2988 2943 3046 Athenienses
2984 2987 3173 3043 nostri
3201 2983 3516 3058 temporis,
3548 2999 3660 3040 au-

2002 3079 2206 3136 diendi
2232 3095 2452 3153 parum
2477 3079 2703 3152 cupidi,
2733 3083 2859 3134 arte
2881 3077 3136 3134 oratoris
3161 3073 3479 3132 difficulter
3510 3073 3663 3130 exci'

2003 3172 2222 3230 tantur.
2266 3169 2389 3226 imo
2445 3170 2598 3226 inter
2647 3168 3003 3226 concionem
3053 3164 3399 3223 obdormire
3448 3162 3660 3232 solent,

2001 3264 2060 3316 et
2082 3260 2254 3333 parvi
2279 3260 2542 3334 pendere
2568 3275 2707 3316 eum
2737 3259 2840 3332 qui
2885 3257 3190 3329 egregiam
3237 3255 3505 3328 aliquam
3533 3269 3661 3308 rem

2000 3349 2262 3424 protulit,
2291 3367 2328 3407 a
2356 3366 2481 3424 qua
2504 3365 2627 3406 non
2658 3349 2859 3407 minus
2889 3364 3078 3421 quam
3108 3347 3314 3404 asinus
3344 3361 3381 3401 a
3406 3344 3538 3418 lyra
3560 3343 3665 3401 ab-

2000 3438 2260 3496 horrent.
2294 3439 2352 3497 δὶ
2383 3440 2619 3496 tertium
2650 3438 2788 3494 dein
2817 3436 3321 3509 impedimentum
3346 3433 3660 3491 admittere

1998 3528 2188 3595 voles,
2239 3533 2564 3600 memento,
2611 3527 2714 3584 otii
2747 3526 3110 3589 absentiam,
3141 3522 3521 3594 negotiorum
3560 3535 3658 3577 ur-

2000 3618 2263 3688 gentiam
2290 3618 2487 3674 facere
2504 3621 2568 3673 ut
2596 3618 2820 3689 stylum
2843 3621 2899 3672 et
2919 3615 3266 3683 dictionem,
3294 3611 3476 3670 rebus
3489 3608 3664 3686 parvi

1999 3707 2293 3766 momenti
2324 3707 2503 3765 nimis
2530 3707 2812 3777 intentus,
2841 3705 3044 3764 minus
3074 3719 3267 3761 cures.

2072 3884 2249 3958 Cujus
2287 3884 2374 3941 rei
2419 3899 2652 3940 memor
2688 3883 2875 3939 lector
2928 3896 3050 3938 non
3081 3879 3312 3951 rigidus
3351 3877 3542 3948 judex
3571 3893 3660 3934 se-

1999 3973 2180 4044 debit,
2230 3974 2338 4030 sed
2389 3972 2722 4043 indulgebit
2761 3972 2929 4044 operi
2975 3969 3176 4027 minus
3224 3966 3504 4040 expolito,
3555 3965 3660 4026 ubi

2000 4064 2140 4119 artis
2183 4064 2442 4133 vestigia
2487 4061 2692 4136 aliqua
2739 4061 2801 4116 in
2846 4059 3120 4130 vocibus,
3161 4057 3266 4114 ubi
3315 4055 3659 4112 orationum

1999 4158 2358 4209 ornamenta
2384 4167 2506 4208 non
2537 4150 2984 4208 contemnenda
3022 4145 3494 4220 comprehendet
3521 4159 3659 4200 cum

2000 4243 2264 4301 claritate
2285 4241 2638 4297 sufficiente.
2670 4239 3010 4311 Saepissime
3043 4237 3203 4292 enim
3235 4237 3424 4308 stylus
3455 4233 3532 4289 ad
3561 4249 3657 4288 su-

1998 4335 2181 4391 blime
2204 4349 2395 4406 usque
2423 4330 2689 4387 ascendit
2713 4328 2868 4386 ultra
2892 4345 3079 4402 quam
3100 4327 3192 4382 fas
3221 4331 3309 4382 est
3335 4329 3392 4382 et
3407 4339 3503 4380 ars
3524 4338 3658 4379 ora-

1999 4422 2538 4496 toriapermittit.ld
2559 4435 2806 4492 quoque
2829 4418 2993 4474 nullo
3009 4419 3191 4473 modo
3210 4432 3348 4473 cum
3369 4413 3660 4486 vituperio

1999 4511 2338 4568 notandum
2360 4515 2447 4566 est
2469 4509 2515 4564 si
2535 4513 2734 4565 orator
2750 4508 2809 4563 in
2833 4506 3082 4563 edendis
3095 4505 3314 4562 divinis
3328 4502 3661 4559 meditatio-

2000 4602 2182 4656 nibus
2206 4600 2632 4655 sublimitatem
2649 4595 2970 4665 atiectat,id
2989 4594 3157 4669 quod
3177 4609 3287 4650 nec
3307 4593 3368 4649 in
3380 4591 3662 4663 eloquen-

2000 4693 2080 4748 tia
2111 4690 2463 4758 Christiana,
2487 4704 2597 4743 nec
2618 4688 2679 4743 in
2700 4687 2970 4742 oratione
2989 4684 3247 4758 pedestri
3265 4681 3657 4755 displicuerit.

1999 4783 2267 4852 Namque
2285 4777 2554 4834 Ecclesiae
2574 4792 2849 4832 summus
2871 4779 3072 4831 orator
3088 4774 3256 4830 dicit:
3274 4774 3661 4843 Quaecunque

1998 4869 2269 4943 pulchra.
2297 4867 2343 4923 si
2373 4883 2496 4939 qua
2517 4866 2721 4936 virtus,
2757 4865 2951 4937 siqua
2988 4863 3122 4919 laus
3161 4860 3508 4933 disciplinae,
3530 4859 3662 4914 hmo

1998 4959 2252 5028 cogitate
2281 4957 2575 5028 (Philipp.
2599 4957 2686 5023 ιν,
2711 4957 2785 5011 8·.
2817 4954 2873 5008 Si
2899 4968 3042 5008 vero
3074 4956 3212 5024 post
3232 4963 3661 5006 munussacer-

1997 5047 2198 5104 dotale
2240 5046 2476 5114 initum,
2509 5044 2810 5099 orationes
2841 5041 3201 5110 elegantiam
3241 5037 3534 5110 poeticam
3566 5051 3660 5091 re-

1996 5135 2217 5200 dolent,
2266 5134 2493 5206 quippe
2525 5149 2661 5204 quir-
2695 5131 2864 5186 aliter
2910 5127 3110 5202 politte
3142 5142 3271 5181 esse
3303 5124 3657 5197 nequibant,

1993 5241 2118 5281 non
2144 5225 2424 5295 estquod
2453 5223 2739 5276 lectorum
2775 5219 3013 5274 veniam
3036 5221 3280 5289 expetas
3301 5213 3467 5270 haud
3491 5213 3657 5283 igno-

1992 5315 2255 5370 rantium
2288 5313 2717 5368 hodiernarum
2756 5307 3269 5365 declamationum
3300 5303 3659 5362 bacchicum

1993 5404 2255 5461 furorem
2297 5419 2331 5460 a
2378 5401 2505 5459 sola
2563 5400 2823 5471 Calliope
2887 5395 3236 5468 oriundum,
3281 5399 3343 5453 ut
3374 5394 3650 5454 omittam

317 5698 398 5773 (1)
435 5699 505 5755 In
536 5689 952 5766 inscriptione
977 5689 1161 5765 hujus
1192 5707 1280 5754 or.
1311 5691 1476 5780 apud
1507 5690 1717 5772 baud”
1746 5693 1884 5766 Πρός

2003 5711 2024 5756 ς
2052 5688 2384 5765 ἀχθομένους
2423 5684 2516 5742 διὰ
2553 5689 2610 5741 τὸ
2644 5679 3049 5760 ἀφιλένδεικτον,
