2074 3189
128 159 179 187 317
899 158 946 186 ΝΟ

994 158 1048 185 .‘IA.
1761 161 1813 187 318

126 222 157 256 (ι.
190 220 324 253 πολιτῶν),
359 222 406 246 καὶ
433 221 556 257 παράπαν
585 219 768 256 ἂφαντωθῆναι
797 218 932 246 κινδυνεύ-

997 227 1083 247 nanu
1093 219 1256 247 auxiliante
1267 220 1402 255 spiritum
1419 223 1585 256 recuperat.
1600 222 1675 249 Nam
1687 228 1748 248 non
1757 221 1816 248 nisi

127 275 208 298 ουσα,
242 264 321 300 εἰμὴ
363 268 408 290 νῦν
440 263 569 299 ἀνειέγκοι
607 265 700 300 μικρὸν
734 266 778 290 καὶ
818 264 933 295 συλλέξαι

995 273 1058 292 :um
1073 272 1165 300 regno
1176 266 1352 292 renascente
1366 264 1433 300 ipsa
1447 265 1565 293 renasci
1580 273 1672 301 posse
1687 265 1814 293 videtur.

127 314 241 346 πνεῦμα,
267 310 339 345 παρὰ
371 312 416 339 τῆς
439 308 631 344 με’ναλουργοῡς
656 310 701 334 καὶ
725 306 933 339 πλουτοδότιδος

129 354 358 391 ἁναλαμϐανομένη
397 351 494 388 δεξιᾶς,
526 356 571 379 καὶ
595 354 660 389 μετὰ
681 357 729 383 τῆς
757 357 846 384 κοινῆς
870 353 933 379 ἁνα-

129 401 236 431 ζώσεως
251 399 396 425 ἁπολαύσοι
408 401 453 425 καὶ
470 397 542 429 ἰδίας
556 398 727 435 ἓμπνεύσεως.

169 446 249 472 Hanc
259 443 428 480 panegyrin
439 443 580 471 undecim
592 442 726 479 epistolae
741 444 919 479 sequuntur.

168 490 233 521 XIV,
254 497 284 524 p.
307 490 352 515 73.
376 487 529 523 Ἐπιταφίος
543 487 576 517 εἰς
595 489 638 513 τὸν
654 490 801 524 μακαρίτην
821 485 1033 523 ἀρχιμανὸρίτην
1053 490 1103 512 τῶν
1115 486 1139 512 ἐν
1158 486 1278 517 Ἀθήναις
1293 488 1476 524 μοναστηρίων
1490 488 1579 521 κύριον
1593 489 1733 523 Νέοφυτον.
1746 489 1808 515 lnc.

125 534 160 559 Εἰ
175 536 220 559 καὶ
235 532 352 568 Σολομῶν
367 533 414 568 ἔφη
430 542 481 557 που
496 533 678 567 γνωματεύων.
693 532 755 559 Fin.
772 531 806 557 Ἦ
819 534 940 568 πρότερον
956 531 1109 567 ὶλεούμενος,

162 578 233 605 Post
247 577 312 605 haec
328 576 424 604 codex
434 576 600 604 orationem
612 576 770 604 funebrem
781 576 814 604 in
828 576 1089 612 archiepiscopum
1104 576 1402 603 Thessalonicensem
1416 576 1603 604 Eustathium
1617 576 1746 604 exhibet.
1755 576 1813 605 Sed

117 630 160 650 ne
172 622 313 650 ordinem
328 623 500 656 temporum
519 620 741 656 perturbemus,
759 620 902 656 epistolas
914 628 966 647 sex
978 620 1016 648 ad
1026 620 1259 648 illustrissimum
1270 620 1354 648 illum
1368 620 1505 648 Ecclesiae
1521 621 1683 649 antistitem
1699 621 1812 649 missas

115 667 192 695 huic
208 666 277 694 loco
288 665 460 694 inserimus.
476 668 557 694 textu
568 666 669 693 Graeco
683 673 698 693 e
708 665 828 693 Tafellio
845 667 968 700 sumpto
986 665 1040 700 (a).

159 712 216 747 Χν,
232 719 264 747 p.
279 712 327 744 78,
342 710 374 739 Ι).
388 708 512 745 Move-idid:
527 710 564 741 εἰς
575 712 619 736 τόν
633 710 778 745 ἁγιώτατον
790 710 978 738 Θεσσαλονίκηι

422 708 512 745 modia:
527 710 564 741 εἰς
575 712 619 736 τόν
633 710 778 745 ἁγιώτατον
790 710 985 739 Θεσσαλονίκης
994 710 1072 746 κύρον
1089 709 1241 736 Εὗστάθιον,

160 757 226 790 XVI,
240 763 273 791 p.
289 756 335 784 86.
351 754 559 790 Ὑπομνηστικὸν
575 755 611 785 εἰς
624 756 668 780 τὸν
679 754 792 790 βασιλέα
804 756 863 792 κύρ.
876 753 989 785 Ἀλεξιον
1001 755 1044 779 τὸν
1065 756 1207 789 Κομνηνόν.

160 799 326 828 Monendus
339 800 397 829 erit
410 799 503 828 lector
518 802 551 827 ut
566 799 659 827 hocce
672 800 816 835 scriptum
831 799 870 827 ad
886 798 1021 826 Alexium
1043 800 1076 825 lll
1092 798 1238 832 Angelum
1261 798 1471 829 tantummodo
1491 798 1607 831 referat,
1624 799 1675 829 qui
1693 800 1815 827 auctore

119 844 227 873 Niceta
236 844 327 879 (Hist.
338 851 369 880 p.
384 846 437 871 295
454 844 495 879 B),
512 846 677 880 postquam
692 843 814 871 fratrem
831 851 925 879 regno
939 842 1108 878 spoliasset,
1126 843 1188 869 sive
1197 842 1333 877 ejusdem
1349 842 1430 876 odio,
1447 843 1510 870 sive
1523 842 1606 878 quod
1616 850 1727 870 nomen
1743 850 1814 876 gen-

120 890 176 922 tis,
190 897 257 926 quae
271 897 325 925 per
342 896 443 917 annos
461 896 557 924 supra
571 891 692 917 centum
711 896 880 924 purpuram
895 889 1074 923 gestaverat,
1104 889 1133 914 et
1152 886 1233 914 unde
1252 888 1316 922 ipse
1331 894 1385 922 per
1399 890 1526 914 matrem
1547 889 1630 914 ortus
1642 890 1715 921 erat,
1728 886 1814 915 nobi-

122 934 185 961 lius
200 933 321 965 ducens,
336 933 481 960 Comneni
495 940 608 960 nomen
624 932 810 968 adoptasset.
827 934 861 960 Ut
872 939 978 959 verum
989 931 1136 960 dicamus.
1153 931 1190 958 de
1207 930 1308 958 Alexio
1320 932 1341 958 ll
1351 931 1436 966 imp.,
1447 931 1500 967 qui
1516 939 1596 958 anno
1612 931 1679 958 1183
1694 933 1812 958 sextum

125 978 280 1006 decimum
297 985 392 1012 agens
410 984 526 1005 annum
550 976 723 1005 interfectus
742 979 796 1011 est,
825 977 883 1004 hoc
904 976 970 1004 loco
988 975 1119 1009 cogitare
1147 975 1230 1002 haud
1255 975 1332 1010 licet,
1358 975 1441 1011 quod
1464 975 1539 1002 ordo
1567 975 1811 1011 chronologicus,

121 1030 216 1059 quem
232 1021 354 1051 Michael
363 1029 522 1057 nunquam
532 1029 593 1049 non
608 1021 748 1056 religiose
763 1021 902 1053 servavit,
916 1019 1337 1055 ejusmodimonogrammate
1348 1019 1528 1047 turbaretur.
1541 1021 1581 1047 De
1593 1019 1695 1047 Alexio
1710 1022 1811 1047 autem

119 1068 208 1099 yaut
222 1066 255 1093 Vl
272 1074 371 1094 sermo
386 1073 456 1093 esse
468 1073 530 1093 non
550 1067 657 1101 potest,
674 1065 747 1101 quia
759 1073 912 1101 nusquam
922 1063 1065 1092 Comneni
1080 1072 1192 1092 nomen
1211 1066 1451 1099 assumpserunt,
1465 1064 1561 1099 gentis
1575 1064 1698 1091 nomine
1709 1063 1813 1099 Angeli

121 1113 153 1138 et
173 1111 259 1138 Ducas
280 1109 427 1142 contenti;
444 1109 506 1136 imo
517 1117 587 1137 vero
602 1109 698 1138 simile
713 1112 759 1137 est
777 1109 814 1136 de
833 1109 969 1144 ipsorum
979 1116 1073 1143 regno
1087 1108 1171 1136 brevi
1181 1116 1278 1144 eoque
1291 1108 1484 1136 tumultuario
1499 1108 1693 1136 Athenienses
1703 1115 1813 1144 parum

122 1162 255 1186 curasse.
273 1154 340 1181 Pius
357 1156 458 1183 noster
469 1154 725 1189 archiepiscopus,
739 1161 831 1190 quem
841 1152 1072 1182 Atheniensibus
1082 1160 1102 1180 a.
1112 1152 1205 1180 feroci
1215 1153 1311 1187 Sguro
1336 1152 1469 1180 obsessis
1483 1160 1699 1188 quamcunque
1712 1154 1815 1187 posset

126 1206 217 1234 opem
232 1205 286 1233 pro
302 1197 379 1225 virili
396 1200 480 1233 parte
504 1198 606 1225 tulisse
621 1197 765 1231 vidimus,
791 1197 849 1224 hoc
873 1197 939 1233 ipso
966 1196 1077 1224 christo
1101 1196 1290 1223 demonstrat
1304 1203 1335 1223 se
1348 1203 1365 1223 a
1382 1196 1475 1223 sacris
1491 1195 1554 1223 suis
1568 1195 1815 1224 meditationibus

122 1250 190 1277 non
202 1242 309 1270 eumin
321 1241 450 1270 modum
462 1241 644 1277 absorptum
659 1242 763 1275 fuisse,
785 1243 816 1269 ut
838 1241 950 1269 civium
969 1248 1092 1271 suorum
1109 1240 1236 1268 salutem
1251 1248 1286 1268 ac
1297 1240 1527 1276 prosperitatem
1541 1248 1576 1267 ex
1591 1240 1688 1268 oculis
1703 1240 1814 1268 amise-

120 1286 177 1314 rit.
191 1285 274 1318 Quod
289 1285 453 1314 dictionem
481 1285 614 1319 auctoris
638 1285 733 1315 nostri
747 1285 861 1318 attinet,
878 1287 906 1312 et
927 1293 1021 1320 quam
1042 1284 1124 1319 justo
1147 1284 1333 1312 devotiorem
1347 1284 1456 1320 aliquis
1469 1284 1587 1317 dixerit,
1601 1284 1773 1312 memineris
1784 1285 1815 1312 in

123 1329 269 1358 omnibus
289 1338 357 1365 quin
387 1329 427 1356 ad
449 1329 646 1365 imperatores
666 1329 841 1365 suppliciter
872 1328 1081 1362 scriberentur,
1098 1336 1251 1355 summam
1275 1336 1394 1363 semper
1416 1328 1614 1356 humilitatem
1637 1328 1814 1364 requisitam

119 1374 228 1402 fuisse.
243 1373 277 1401 1d
291 1376 393 1401 autem
405 1372 531 1402 minime
547 1372 663 1401 silentio
677 1373 731 1401 erit
745 1373 987 1409 praetereundum
1004 1372 1177 1400 Michaelem
1192 1380 1243 1400 ore
1265 1372 1418 1400 liberrimo
1431 1372 1644 1407 imperatorem
1657 1372 1694 1400 de
1709 1375 1815 1408 praeto-

119 1427 192 1451 rnm
207 1426 245 1446 ac
260 1418 493 1453 magistratuum
508 1418 760 1453 concussionibus
777 1421 805 1445 et
820 1417 907 1445 malis
919 1417 1035 1445 artibus
1048 1416 1214 1449 monuisse,
1231 1416 1260 1444 id
1276 1416 1360 1452 quod
1372 1416 1481 1444 nostris
1491 1416 1616 1451 quidem
1628 1416 1813 1451 temporibus

122 1461 328 1497 iniquioribus
340 1465 416 1489 certe
432 1461 556 1489 auribus
567 1462 766 1497 acciperetur.
777 1461 820 1488 Ad
830 1462 982 1497 politicam
999 1461 1122 1497 quidem
1134 1461 1317 1489 Athenarum
1334 1461 1489 1488 historiam
1504 1459 1713 1487 illustrandam
1726 1459 1813 1488 libel-

121 1506 174 1533 lus
189 1513 325 1542 prazsens
336 1506 402 1541 plus
416 1514 508 1542 quam
526 1505 564 1533 ad
579 1506 722 1533 Eustathii
737 1505 911 1534 litterariam
932 1505 1158 1533 dilucidandam
1179 1504 1382 1536 contribuerit,
1406 1504 1518 1540 quippe
1533 1512 1601 1539 quae
1614 1504 1702 1532 nobis
1711 1512 1812 1532 mons—

123 1552 192 1586 trat,
210 1553 306 1577 certas
322 1550 440 1577 Athenis
456 1550 663 1578 immunitates
675 1550 767 1580 fuisse
779 1557 841 1577 non
860 1550 1049 1585 spernendas
1063 1557 1131 1585 quae
1144 1549 1172 1576 vi
1181 1551 1344 1585 pratorum
1362 1549 1534 1585 usurpativa
1544 1548 1656 1577 nefarie
1668 1548 1812 1577 laederen-

121 1597 178 1631 tur.
203 1594 344 1630 Dictionis
358 1594 467 1622 deinde
485 1593 661 1622 Michaelicae
681 1594 838 1623 barbaries
863 1597 893 1621 .et
913 1594 1081 1622 obscuritas
1095 1593 1274 1628 gravissima
1286 1593 1316 1621 in
1331 1593 1420 1621 aliam
1436 1593 1572 1627 linguam
1587 1593 1813 1621 traducentibus

118 1638 281 1675 obstacula
290 1639 440 1678 praebent.
456 1640 538 1677 lianc
554 1638 801 1674 scriptiunculam
812 1639 843 1666 in
860 1638 963 1666 codice
984 1637 1182 1666 Laurentiano
1198 1638 1364 1665 octodecim
1379 1637 1511 1673 epistolae
1526 1640 1705 1673 sequuntur.

159 1683 240 1718 XVII,
256 1691 287 1718 p.
299 1685 345 1711 93.
357 1686 546 1719 Προσφώνημα
561 1683 595 1712 εἰς
610 1685 653 1708 τὸν
668 1681 874 1718 γυναικάὸε).φον
901 1687 947 1709 τοῦ
965 1682 1096 1718 βασιλέως
1118 1682 1250 1710 Βασίλειον
1266 1685 1309 1708 τὸν
1331 1685 1473 1718 Κομνηνον.
1492 1682 1551 1709 Inc.
1572 1684 1622 1708 Τὸν
1635 1681 1813 1718 μεγαλουργὸν

120 1726 263 1762 ξΗρακὶῆν.
280 1727 342 1754 Fin.
359 1731 410 1757 Τῆς
426 1730 553 1763 μετεώρου
561 1727 669 1762 λυχνίας
679 1731 729 1752 τῶν
743 1726 900 1763 ἀνακτόρων,

157 1771 252 1804 XVIII,
263 1779 296 1807 Ρ.
310 1773 353 1807 98,
366 1771 399 1800 b.
417 1774 601 1808 Προσφώνημα
616 1771 652 1802 εἰς
666 1773 709 1797 τὸν
729 1773 810 1807 μέγαν
825 1773 922 1797 Δούκαν
937 1773 981 1804 τὸν
996 1774 1135 1807 Στρυφνόν.
1152 1772 1212 1799 lnc.
1231 1769 1305 1798 Ἔδει
1318 1772 1363 1807 μὲν
1378 1769 1595 1807 διαμεμενηκέναι
1610 1770 1731 1800 Ἀθήνας.
1749 1770 1811 1797 Fin.

120 1819 172 1848 Καὶ
181 1818 248 1852 πρὸς
263 1818 321 1846 τοὺς
337 1815 420 1842 ἐκεῖσε
432 1816 568 1852 γαληνίους
579 1816 683 1851 λιμένας
699 1816 911 1853 μεθορμίζοντος.
925 1816 939 1842 1⁵

994 1823 1075 1843 rema
1087 1815 1179 1850 huius
1190 1816 1383 1843 allocutiom's
1399 1816 1559 1844 recentiori
1567 1823 1660 1843 manu
1672 1814 1811 1848 suppleta

121 1863 191 1887 sunt
205 1864 331 1895 propter
344 1862 433 1888 unius
442 1861 515 1896 folii
529 1860 678 1895 defectum
703 1863 773 1893 ante
781 1868 853 1894 pay.
873 1862 932 1891 104.

992 1860 1034 1887 ius
1045 1863 1206 1895 propterea
1217 1861 1319 1894 prima
1339 1859 1428 1887 verba
1443 1863 1473 1895 τῇ
1492 1858 1573 1893 δόξῃ·
1591 1857 1772 1895 δεδοξασμένα
1782 1856 1811 1884 a“:

122 1904 195 1939 ὅμως
208 1905 292 1930 πάντα
303 1904 360 1931 κτλ.
377 1913 435 1940 quo
446 1906 619 1939 pertineant
633 1906 825 1940 ignoramus;
841 1905 949 1932 ultima
965 1907 1064 1931 tamen
1079 1911 1139 1931 esse
1157 1904 1289 1938 alicujus
1305 1904 1448 1937 homiliae,
1463 1906 1546 1938 patet
1560 1911 1598 1933 ex
1610 1903 1809 1935 conclusione,

121 1956 190 1984 quae
204 1949 247 1976 ita
260 1949 348 1977 habet
366 1958 372 1976 :
384 1950 432 1975 Ὧν
446 1949 469 1975 ἐν
480 1949 580 1985 μεθέξει
594 1951 639 1975 καὶ
655 1950 729 1984 ἡμείς
744 1950 905 1986 εὑρεθείημεν
916 1946 940 1973 δι

694 1952 729 1979 είς
744 1950 905 1986 εὑρεθείημεν
916 1946 963 1974 διὰ
977 1948 1066 1976 Ἰησοῦ
1079 1952 1207 1984 Χριστοῦ,
1219 1948 1275 1974 κτλ·
1291 1950 1404 1981 BANDIN,
1420 1956 1451 1983 p.
1467 1950 1510 1976 15.

155 1993 391 2025 Quatuordecim
408 1984 542 2029 epistolae
563 2001 624 2021 non
640 1993 724 2030 parvi
744 1984 898 2025 momenti,
922 1992 1073 2028 siquidem
1094 2000 1194 2021 rerum
1220 1984 1433 2021 maximarum.
1446 2000 1575 2028 quarum
1592 1991 1715 2020 Michael
1726 1991 1809 2019 testis

120 2036 186 2071 fuit,
203 2040 234 2065 ut
245 2037 519 2073 Constantinopolis
535 2040 640 2073 captaa,
654 2037 724 2066 belli
738 2039 843 2065 contra
859 2038 986 2072 Sgurum
999 2039 1027 2064 et
1041 2037 1159 2064 Latinos
1172 2037 1258 2071 gesti,
1273 2037 1402 2064 auctoris
1416 2036 1511 2067 exsilii
1525 2044 1621 2072 usque
1634 2036 1671 2065 ad
1683 2038 1811 2064 mortem

118 2081 217 2109 fratris
229 2081 414 2110 documenta
427 2082 579 2109 exhibent.

153 2127 220 2160 XIX,
236 2135 267 2162 p.
286 2128 347 2159 116,
363 2126 394 2154 b.
409 2125 536 2153 Μονωδία
561 2126 597 2156 εἰς
619 2128 663 2152 τὸν
679 2124 788 2162 ἀδελφὸν
805 2125 884 2151 αὐτοῦ
901 2127 990 2162 κύριον
1010 2127 1128 2154 Νικήταν
1143 2126 1186 2151 τὸν
1206 2125 1355 2153 Χωνιάτην.
1376 2125 1436 2153 Inc.
1452 2124 1488 2155 Ὢ
1507 2127 1622 2161 πονηρᾶς
1646 2123 1779 2160 ἀγγελίας,
1791 2124 1812 2149 ὡ

122 2174 217 2207 πικρᾶς
230 2170 322 2204 ἀκοῆς,
332 2171 364 2201 ἧς
380 2169 515 2201 ἀδοκήτως
528 2181 574 2207 μοι
590 2170 766 2200 ἐπιπεσούσης
782 2169 837 2196 ὦτα
851 2172 896 2206 μεν
913 2170 1012 2207 ἀθρόως
1030 2169 1254 2206 περιϐομϐηθέντα
1267 2168 1400 2206 ἀμφοτέρα
1411 2169 1517 2205 ἧχησεῐ
1544 2169 1567 2197 0
1582 2169 1722 2197 acerbum
1736 2176 1811 2197 mm-

118 2216 193 2242 tium
207 2223 246 2243 ac
259 2216 472 2250 tristissimum,
490 2223 549 2251 quo
565 2223 654 2244 aures
670 2222 742 2243 meae
756 2215 833 2242 mire
848 2218 1001 2242 resonant.

156 2260 297 2295 Superest
311 2259 376 2288 haec
392 2259 488 2287 oratio
499 2259 634 2287 funebris
649 2259 679 2286 in
701 2259 838 2287 Latinum
857 2258 964 2287 tradita
989 2267 1159 2286 sermonem
1176 2267 1194 2286 a
1215 2260 1299 2286 Petro
1313 2258 1453 2290 Morellio,
1470 2260 1497 2286 et
1509 2258 1618 2292 legitur
1629 2258 1658 2286 in
1677 2258 1814 2285 Historia

121 2310 222 2330 rerum
238 2304 268 2331 in
285 2304 407 2331 Oriente
418 2307 585 2340 gestarant,
603 2303 740 2331 Francof.
756 2305 824 2331 1568
840 2304 908 2331 etin
922 2303 1110 2331 Bibliothecis
1128 2304 1178 2330 PP.
1193 2304 1260 2331 Post
1273 2303 1443 2331 Monodiam
1459 2304 1494 2330 78
1507 2302 1638 2338 epistolae
1648 2302 1788 2336 leguntur
1804 2310 1810 2329 :

158 2348 245 2383 XX,p.
258 2348 318 2376 164.
327 2349 479 2385 Προθεωρία
494 2349 528 2378 εἰς
542 2352 603 2378 τοὺς
614 2347 664 2374 ἀπὸ
675 2347 769 2383 ψυχῆς
780 2350 824 2373 καὶ
841 2350 959 2383 σώματος
969 2347 1073 2383 λόγους.
1091 2349 1147 2375 Inc.
1164 2350 1216 2376 Τὴν
1227 2351 1272 2373 τοῦ
1285 2347 1392 2382 λογικοῦ
1407 2349 1501 2384 μέρους
1513 2351 1558 2377 τῆς
1565 2346 1659 2382 ψυχῆς
1672 2345 1811 2384 διαφοράν.

121 2392 185 2421 Fin.
200 2396 287 2418 Ταῦτα
301 2392 356 2419 ἔδει
370 2394 597 2430 προθεωρηθῆναι,
613 2395 658 2419 καὶ
673 2391 705 2421 δὴ
720 2394 938 2428 προτεθεώρηται.

991 2401 1002 2420 ς
1024 2395 1099 2420 orat.
1112 2392 1220 2419 animae
1239 2400 1244 2418 :
1261 2391 1291 2418 Εἰ
1312 2393 1357 2427 μὲν
1379 2391 1440 2429 παρ’
1466 2391 1552 2421 αλλοις
1579 2391 1626 2417 οὐκ
1649 2389 1749 2429 εἰδόσιν
1771 2390 1810 2416 ἄπ’

118 2436 234 2474 ἀκριϐὲς,
252 2440 298 2466 τὴν
306 2438 364 2463 κατ’
380 2437 443 2473 ἐμοῦ
455 2437 575 2475 ἐπήρειαν
590 2441 636 2463 τοῦ
651 2437 784 2472 συζυγοῡς
797 2439 854 2462 τότε
870 2440 937 2472 σὼμι

991 2458 996 2463 .
1018 2437 1078 2464 Fin.
1096 2436 1134 2466 Δι’
1153 2437 1223 2472 ὑμῶν
1239 2435 1296 2464 κτλ.
1315 2451 1343 2455 -
1365 2436 1395 2462 Ρ.
1416 2437 1476 2463 169.
1489 2437 1528 2463 Ex
1548 2438 1623 2463 orat.
1650 2435 1783 2472 corporis
1803 2442 1809 2462 :

114 2482 202 2510 Ὀσην
271 2481 345 2519 ὓϐριν
357 2484 403 2508 καὶ
418 2480 552 2519 λοιδορίαν
562 2483 605 2507 καὶ
615 2481 691 2510 ἡλίκα
703 2484 850 2517 σκώμματα
856 2481 972 2518 ξυμφορή
979 2491 1049 2507 σασα
1055 2482 1219 2516 κατέχεέμοο
1228 2480 1242 2509 ἡ
1255 2482 1334 2516 σεμνὴ
1345 2479 1590 2516 ψυχή.ι⁴“ίΠ.Ψῆφος
1596 2480 1811 2515 καὶτὰπρακτέα,

117 2528 164 2553 καὶ
177 2529 212 2562 μὴ
231 2525 402 2563 διορίζουσα.
418 2542 453 2546 -
468 2527 498 2554 Ρ.
516 2528 575 2553 176.
592 2526 621 2552 Ἠ
639 2524 775 2555 διαίτησις
790 2529 840 2551 τῶν
851 2523 994 2552 δικαστῶν.
1016 2526 1074 2553 Inc.
1093 2523 1251 2561 Ἐπειδήπερ
1265 2527 1310 2550 καὶ
1322 2523 1472 2561 ἀμφοτέρων
1487 2526 1547 2555 τοὺς
1562 2524 1652 2558 λόγους
1663 2523 1812 2558 ἠκούσαμεν

119 2570 170 2596 ἀνὰ
183 2573 269 2606 μέρος.
288 2571 350 2599 Fin.
365 2571 410 2601 Εἰς
424 2572 472 2599 τὴν
488 2573 582 2607 χώραν
594 2574 643 2596 τῶν
656 2569 757 2596 ἀσεϐῶν
771 2569 948 2605 ἀπενεχθῆναι
963 2569 988 2595 ἐν
999 2573 1108 2606 Χριστῷ
1125 2569 1214 2598 Ἰησοῦ
1227 2569 1282 2596 κτλ.

155 2616 270 2643 Prolixa
289 2616 356 2643 haec
371 2619 400 2643 et
414 2615 548 2643 absurda
573 2615 798 2649 Prosopopm’a,
821 2622 914 2650 quam
937 2613 1083 2642 MorelliUs
1105 2614 1255 2648 nominat,
1281 2621 1343 2641 non
1358 2613 1530 2641 Michaelem
1542 2615 1695 2641 auctorem
1710 2611 1813 2644 habet,

115 2660 170 2688 sed
186 2661 364 2695 Gregorium
379 2659 545 2694 Palamam,
563 2659 698 2695 archiep.
718 2658 862 2692 Thessal.,
884 2658 936 2694 qui
957 2658 1038 2694 apud
1064 2658 1233 2686 Catholicos
1255 2659 1406 2685 Romanos
1426 2657 1576 2686 haereseos
1595 2659 1750 2694 promotor
1763 2665 1814 2684 au-

117 2704 228 2732 diebat:
241 2705 327 2733 Tales
339 2704 422 2733 enim
440 2704 624 2736 Michaelem,
642 2711 744 2731 senem
757 2703 978 2737 calamitosum,
1004 2703 1035 2730 in
1063 2702 1167 2730 animo
1195 2701 1324 2737 pueriles
1350 2701 1439 2729 ludos
1466 2702 1595 2736 agitasse
1608 2702 1697 2738 longe
1712 2709 1731 2729 a
1743 2709 1814 2729 vero

119 2747 269 2777 abhorret.

154 2794 217 2829 XXI,
235 2802 267 2830 p.
291 2797 354 2821 177.
367 2796 420 2819 Τοῦ
430 2793 510 2819 αὑτοῦ
527 2790 637 2828 σχέδος.
654 2794 712 2819 Inc.
728 2792 759 2818 Εἰ
774 2794 819 2817 καὶ
840 2794 875 2828 μὴ
891 2793 973 2829 χρόνω

995 2801 1002 2826 ;
1016 2789 1047 2820 ἦν
1058 2790 1126 2827 ἐνγῇ
1144 2790 1295 2828 βαρϐάρων.
1313 2790 1396 2818 Adde
1411 2789 1510 2818 locum
1527 2790 1667 2819 mutilum
1682 2799 1688 2818 :
1706 2791 1812 2816 Οὑτωσὶ

115 2837 278 2875 εἰσεκώμασε
290 2842 323 2875 τῇ
342 2834 469 2874 βασιλίδι
479 2840 528 2862 τῶν
539 2836 645 2871 πόλεων,
658 2839 702 2862 καὶ
716 2838 745 2863 τὸ
762 2838 876 2872 μήπω...

140 2882 171 2911 (α)
184 2883 306 2905 Michaelis
320 2882 410 2910 scripta
423 2880 485 2909 intra
495 2880 650 2909 colligemus:
665 2880 717 2902 ideo
732 2880 814 2907 titulos
826 2880 863 2902 hic
875 2882 966 2902 tantum
975 2879 1124 2908 exhibemus.
1138 2880 1207 2901 Enn.
1218 2880 1293 2908 Pan.
