4148 6380
262 239 370 298 321
1809 231 2109 292 ΝΟΤῙΤΙΑ.
3542 243 3574 302 3
3585 243 3657 301 22

253 369 332 434 τῷ
371 359 660 436 Εἰρηναῷ.
681 386 758 402 -
779 363 863 432 Τῷ
890 357 1123 435 Εὐρίπου
1161 375 1280 432 acup.
1318 353 1597 432 Θεοδώρῳ.
1621 386 1690 398 -
1718 361 1802 430 Τῷ
1825 361 2096 434 κρατίστῳ
2134 376 2253 433 acup.
2281 353 2542 434 Θεοδώρῳ
2569 357 2640 432 τῷ
2671 360 2861 434 Δούκᾳ.
2888 388 2957 403 -
2976 365 3060 434 Τῷ
3096 358 3490 439 Βιλισσαριώτῃ
3531 384 3651 442 acup.

256 451 509 525 Ἰωάννῃο
532 481 602 493 -
628 455 715 521 Τῷ
738 447 930 509 Θηϐῶν
969 468 1090 523 κυρ.
1118 447 1354 521 Ἰωάννῃ.
1375 477 1446 488 —-
1475 452 1558 519 Τῷ
1584 446 1978 512 Θεσσαλονίκης
2004 467 2126 522 acup.
2150 449 2382 523 Ἰωάννῃ.
2418 477 2485 491 -
2521 447 2606 522 Τῷ
2647 455 3094 526 παρακοιμωμένῳ
3127 452 3263 526 (10⁵)
3294 473 3413 528 acup.
3445 454 3650 530 Ἰωάννῃ

262 549 347 612 τῷ
377 543 570 600 ἡονοπό
606 540 778 610 (ντῳ).
811 569 882 580 -
920 543 1005 610 Τῷ
1025 536 1166 609 καλῷ
1195 544 1363 611 καιρῷ
1391 554 1510 610 acup.
1529 535 1779 610 .’1ωάννῃ.
1803 544 1970 610 -Τῷ
1998 540 2320 592 Ναυπάκτου
2358 559 2478 614 acup.
2509 539 2740 613 Ἰωάννῃ.
2764 573 2833 582 —-
2861 547 2944 613 Τῷ
2973 543 3348 616 καθηγουμένῳ
3383 552 3475 598 τοῦ
3496 545 3653 618 ἁγίου

268 634 527 685 Μελιτίαν
555 648 673 704 acup.
710 629 1030 700 'Ioaacvucacc’cp.
1056 659 1127 670 —
1149 633 1234 699 Τῷ
1272 628 1646 700 καθηγουμένῳ
1668 634 1764 689 τῆς
1793 635 1952 700 μονῆς
1991 629 2101 700 (Η)
2124 635 2216 681 τοῦ
2241 647 2369 687 acan
2394 627 2555 702 (7iou)
2580 637 2679 681 τῶν
2716 627 3028 702 φιλοσόφων.
3058 661 3127 672 -
3157 637 3242 703 Τῷ
3270 635 3653 707 καθηγουμένῳ

273 727 381 772 τῶν
420 717 574 791 ἁγίων
602 716 943 791 ὀμολογιτῶν.
971 746 1042 757 —
1065 723 1150 788 Τῷ
1179 717 1554 788 καθηγουμένῷ
1585 724 1682 777 τῆς
1713 714 2004 790 σεϐασμίοις
2041 727 2203 792 μονῆς
2223 726 2320 781 τῆς
2351 725 2730 794 Καισαριανῆς.
2760 749 2829 758 -
2856 726 2940 790 Τῷ
2963 725 3510 798 πανιντιμονπερτάτῳ
3535 725 3652 796 θείῳ

277 815 376 862 τοῦ
419 806 672 880 βασιλέως
697 809 1099 879 Κασταμονίτῃ.
1139 835 1208 846 -
1235 811 1319 877 Τῷ
1360 808 1623 877 Πηγονίτῃ
1655 823 1770 880 acup.
1810 812 2206 880 Κωνστοιντίνῳ.
2237 837 2306 850 --
2329 814 2413 878 Τῷ
2445 807 2820 881 θεοφιλεστάτῳ
2869 811 3146 883 σπαύαρίῳ
3185 809 3298 883 (12)
3343 830 3461 886 acup.
3506 819 3653 866 Κων-

278 900 566 968 στοιντίνῳ.
587 927 654 936 -
697 903 781 968 Τῷ
822 894 907 950 ἐπὶ
931 904 1028 957 τῆς
1054 896 1194 969 ἱερᾶς
1223 893 1477 956 σακίλλης
1518 892 1637 967 (13)
1665 913 1788 971 acup.
1831 900 2204 969 Κωνσταντίνῳ
2234 905 2306 967 τῷ
2349 901 2780 971 Μισοποταμίτῃ.
2810 928 2878 938 -
2907 904 2990 969 Τῷ
3019 896 3266 972 λογοθέτῃ
3320 907 3410 952 τοῦ
3456 896 3655 975 δρόμου

273 1005 405 1061 acup.
432 990 805 1058 Κωνσταντίνῳ
833 993 906 1057 τῷ
943 989 1195 1060 Τορνίκῃ.
1219 1015 1288 1026 -
1323 989 1408 1056 Τῷ
1440 987 1655 1059 Κρήτης
1687 982 1944 1060 ἀρχιερεῖ.
1975 1016 2044 1026 -
2072 992 2156 1057 Τῷ
2199 984 2411 1059 βασιλιί
2438 993 2529 1048 τῆς
2559 985 2837 1048 Ἀνατολῆς
2856 994 2929 1059 τῷ
2960 990 3249 1063 Acca-accipit.
3275 1019 3342 1030 -—
3361 995 3445 1043 Τῶ
3482 989 3658 1044 οἰκον-

274 1085 474 1150 μενικῷ
496 1077 804 1151 πατριάρχῃ
831 1093 954 1150 acup.
979 1077 1206 1147 Λεοντίῳ
1230 1073 1376 1147 (14).
1410 1103 1480 1117 —-
1507 1080 1592 1144 Τῷ
1624 1074 1899 1147 ὁσιωτάτῳ
1923 1082 2145 1148 μοναχῷ
2171 1094 2290 1150 acup.
2335 1081 2536 1146 Λουκᾷ.
2564 1107 2632 1118 —
2672 1082 2756 1148 Τῷ
2784 1073 3182 1151 ἀρχιμανδρίτςτ
3206 1095 3326 1153 acup.
3354 1084 3651 1151 Λουκιανῷ.

273 1196 350 1206 -
374 1171 457 1237 Τῷ
485 1167 865 1237 καθηγουμὲνῳ
896 1173 989 1225 τῆς
1012 1171 1172 1236 μονῆς
1196 1171 1290 1216 τοῦ
1319 1158 1597 1216 στουδείου
1647 1183 1766 1239 acup.
1801 1169 2097 1236 Λουκιανῷ.
2131 1194 2192 1206 -κ
2223 1171 2307 1238 Τῷ
2339 1164 2527 1224 Θηϐῶν
2575 1184 2694 1242 acup.
2733 1165 3006 1224 Μανουήλ.
3041 1197 3110 1207 -
3138 1173 3221 1238 Τῷ
3272 1165 3512 1240 σεϐαστῷ
3539 1187 3662 1244 acup.

270 1253 524 1313 Μανονήλ
553 1258 642 1306 τὸν
672 1252 874 1308 Ὑαλία.
915 1283 984 1294 ——
1021 1259 1106 1324 Τῷ
1136 1251 1352 1327 Βιριϐὁῃ
1381 1271 1501 1328 acup.
1536 1253 1806 1313 Μανουὴλ.
1833 1285 1902 1296 --
1926 1260 2011 1326 Τῷ
2040 1257 2345 1331 πατριάρχης)
2388 1275 2509 1330 acup.
2541 1255 2810 1315 Μανουήλ.
2835 1287 2904 1298 —-
2951 1262 3034 1327 Τῷ
3085 1257 3462 1330 πανοσιωτάτῳ
3490 1260 3662 1316 καθη-

267 1347 510 1417 γουμένω
536 1352 632 1405 τῆς
667 1342 964 1416 σεϐασμίοις
989 1349 1154 1416 μονῆς
1181 1349 1274 1396 τοῦ
1309 1338 1625 1418 Προδρόμου
1665 1362 1784 1417 κυρ.
1817 1350 2174 1418 Μαρτινιανῷ.
2199 1374 2269 1385 -—
2313 1351 2396 1416 Τῷ
2435 1343 2773 1420 Αὐτωριιανῷ
2817 1363 2936 1420 acup.
2978 1347 3220 1418 Μιχαὴλ.
3250 1376 3319 1386 -
3347 1351 3430 1417 Τῷ
3469 1345 3664 1418 ἀνεψιῷ

274 1433 439 1486 αὐτοῦ
467 1452 588 1508 acup.
630 1432 882 1506 Μιχαήλ.
911 1461 982 1474 -
1021 1435 1155 1508 Πρὸς
1174 1435 1264 1485 τὸν
1302 1428 1524 1505 ἀδελφὸν
1564 1432 1724 1486 αὐτοῦ
1750 1435 1929 1506 κύριον
1959 1439 2194 1494 Νικήτοιν
2214 1437 2303 1487 τὸν
2335 1434 2618 1492 Χονιάτην.
2649 1465 2714 1475 -
2737 1440 2820 1506 Τῷ
2847 1433 3040 1505 ἀνεψιῷ
3079 1433 3240 1486 αὐτοῦ
3278 1452 3397 1510 acup.
3429 1440 3660 1507 Νικὴτᾳ.

277 1552 352 1564 -—
374 1528 493 1583 Τοῖς
530 1520 761 1592 ἀνεψιοῖς
790 1520 952 1574 αὐτου
990 1529 1064 1593 τῷ
1089 1539 1146 1575 τε
1173 1540 1294 1595 acup.
1334 1525 1546 1594 Νικήτᾳ
1573 1526 1664 1575 καὶ
1691 1529 1763 1592 τῷ
1793 1541 1912 1596 acup.
1936 1522 2271 1596 Μιχαήλο-
2300 1529 2384 1595 Τῷ
2416 1523 2628 1597 Βεριϐὁῃ
2661 1532 2803 1598 κνρῷ
2833 1528 3139 1596 Νικηφόρῳ.
3160 1555 3229 1563 -
3257 1530 3342 1594 Τῷ
3372 1523 3662 1596 μιγαλυπι-

277 1616 437 1688 ρόχῳ
461 1615 864 1686 πρωτονοταρίῳ
893 1616 982 1664 καὶ
1029 1615 1284 1686 προιίτωρι
1313 1629 1432 1686 acup.
1464 1611 1706 1683 Νικολάῳ
1735 1620 1808 1683 τῷ
1835 1612 2120 1687 Τριψύχῳ.
2151 1643 2219 1653 ——
2247 1616 2330 1683 Τῷ
2361 1612 2520 1686 ἰατρῷ
2566 1631 2684 1686 acup.
2731 1610 2970 1684 Νικολάῳ
2999 1620 3072 1683 τῷ
3105 1600 3437 1686 Καλοδούκῃ.
3471 1640 3538 1654 η-
3573 1619 3658 1666 Τῶ

282 1701 591 1774 Πιστοφίλῳ
633 1720 779 1775 κυρῳ
817 1700 1076 1774 Νικολάῳ.
1110 1731 1182 1742 --
1225 1703 1359 1776 Πρὸς
1388 1704 1475 1754 τὸν
1497 1705 1639 1754 Νέων
1670 1707 1887 1775 Πατρῶν
1926 1705 2015 1754 τὸν
2040 1706 2482 1774 Μεσοποταμίτην
2512 1706 2604 1754 καὶ
2646 1706 2991 1775 Κοστομήρην
3019 1699 3310 1774 λεγόμενον.
3339 1732 3408 1741 -
3435 1707 3520 1773 Τῷ
3561 1719 3660 1754 σοι·

277 1790 536 1865 κιλλαρίῳ
554 1799 627 1862 τῷ
655 1789 883 1866 Πλευρῇ.
905 1821 974 1832 —-
1003 1797 1088 1863 Τῷ
1119 1788 1385 1863 ἑπισκόπῳ
1415 1791 1471 1866 ps
1499 1790 1824 1861 (superscr.
1859 1786 2050 1856 δς).-
2087 1798 2172 1862 Τῷ
2198 1789 2406 1864 μεγάλῳ
2435 1786 2592 1843 δουκί
2617 1799 2688 1862 τῷ
2715 1797 2978 1865 Στρυφνῷ.
3001 1819 3070 1830 -
3107 1795 3190 1862 Τῷ
3214 1787 3531 1864 σακελλοιρίῳ
3559 1797 3662 1864 τῷν

278 1879 528 1939 Ἀθηνῶν
551 1888 622 1951 τῷ
661 1885 837 1951 Φωκᾲ.

273 2060 305 2128 §
353 2059 420 2116 X.
460 2057 607 2116 Alia
650 2055 969 2116 Michaelis
997 2057 1229 2130 scripta
1281 2072 1414 2132 qua
1465 2058 1530 2115 in
1581 2057 1974 2118 Bibliothecis
2031 2058 2354 2118 Oxoniensi
2385 2075 2455 2117 ac
2495 2059 2781 2118 Parisina
2832 2063 3246 2117 asservantur.
3297 2058 3556 2117 Carmen
3594 2057 3669 2117 de

1637 2149 1926 2207 Athenis.
1968 2149 2308 2208 Conclusio.

359 2291 500 2347 Post
527 2288 930 2363 Epistolarum
982 2289 1278 2348 Michaelis
1336 2287 1681 2362 catalogum
1710 2291 2038 2349 Bandinius
2067 2291 2120 2365 (ἓ
2146 2293 2215 2349 44
2255 2287 2416 2365 sqq.)
2467 2287 2645 2364 plura
2685 2287 2762 2348 de
2792 2288 2983 2348 tribus
3012 2293 3182 2362 Greg.
3215 2290 3347 2348 Naz.
3378 2289 3665 2364 epistolis,

279 2383 419 2437 tum
446 2379 520 2436 de
549 2379 1000 2453 Theophylacti,
1035 2379 1435 2450 Bulgarorum
1478 2381 1932 2454 archiepiscopi,
1962 2381 2196 2454 scriptis
2236 2382 2296 2438 in
2328 2381 2478 2438 Bibl.
2510 2383 2766 2439 Floreat.
2794 2381 3113 2439 asservatis
3148 2381 3210 2438 in
3239 2379 3507 2438 medium
3534 2396 3671 2453 pro-

285 2467 425 2536 fert,
450 2482 583 2540 quas
608 2468 791 2540 hujus
811 2468 930 2524 loci
957 2483 1081 2524 non
1125 2473 1284 2525 sunt.
1315 2471 1642 2526 Memoratu
1671 2474 1873 2526 autem
1899 2470 2087 2541 digna
2105 2469 2384 2527 videntur
2403 2470 2630 2544 aliquot
2651 2469 2950 2528 Michaelis
2979 2470 3223 2542 scripta,
3256 2485 3394 2543 qua:
3425 2469 3574 2525 dum
3604 2469 3668 2525 in

284 2556 653 2614 Bibliotheca
702 2557 982 2618 Medicina
1028 2557 1267 2625 desunt,
1295 2559 1356 2614 in
1387 2559 1716 2615 Oxoniensi
1759 2559 2056 2625 visuntur,
2091 2575 2210 2616 sec.
2242 2558 2596 2630 Catalogum
2627 2557 2760 2616 libr.
2807 2575 2954 2615 mss.
2989 2558 3219 2629 Angliae
3270 2563 3329 2614 et
3373 2556 3668 2614 Hiberniae

287 2647 509 2718 (Oxon.
555 2649 730 2718 1697),
753 2646 978 2720 quibus
1011 2645 1158 2704 tituli
1187 2663 1200 2703 :
1240 2646 1565 2705 Catechesis
1593 2649 1831 2717 prima;
1865 2648 2135 2706 Homitia
2160 2650 2232 2706 de
2251 2651 2552 2707 creatione
2578 2649 2853 2716 hominis,
2882 2655 2938 2705 et
2972 2648 3349 2706 Lamentatio
3373 2645 3672 2704 demortui

285 2736 608 2807 Adyep/zi;
641 2736 858 2794 deinde
888 2736 950 2792 in
977 2735 1345 2794 Bibliotheca
1373 2737 1640 2794 Parisma
1679 2737 1998 2794 Tractatus
2027 2738 2101 2795 de
2139 2753 2334 2803 cruce,
2367 2754 2550 2810 quem
2573 2737 2878 2794 Fabricius
2907 2752 3227 2810 perperam
3253 2735 3316 2792 in
3344 2737 3671 2793 orationem

280 2825 680 2899 permutavit,
708 2830 764 2882 et
790 2826 895 2898 qui
924 2825 1174 2883 forsitan
1197 2826 1416 2882 rectius
1442 2841 1686 2883 carmen
1723 2825 2055 2883 iambicum
2101 2827 2175 2884 de
2201 2827 2460 2897 pristina
2503 2827 2670 2882 urbis
2689 2825 3069 2883 Athenarum
3103 2825 3399 2896 dignitate
3429 2839 3559 2881 esse
3582 2823 3671 2880 vi-

305 2915 510 2985 detur,
540 2913 825 2987 quodque
850 2915 1273 2972 Boissonadius
1303 2915 1366 2971 in
1396 2919 1559 2972 tomo
1592 2917 1634 2971 V
1663 2916 2109 2973 Anecdotorum
2137 2915 2361 2988 publici
2386 2915 2538 2988 juris
2563 2915 2721 2972 fecit.

369 3003 460 3062 Ob
491 3003 736 3059 ultimos
765 3004 941 3075 hujus
968 3005 1254 3062 carminis
1291 3021 1500 3062 versus
1531 3020 1656 3062 non
1675 3005 1976 3063 immerito
2003 3003 2321 3063 exordium
2350 3005 2640 3076 longioris
2673 3003 2973 3077 poematis
3000 3001 3346 3076 suspiceris.
3375 3002 3445 3060 Ut
3467 3004 3534 3059 ut
3562 3003 3673 3074 est,

291 3098 454 3152 certe
486 3092 976 3152 lamentationem
998 3094 1137 3152 licet
1164 3093 1442 3151 mutilam
1472 3094 1664 3152 habes
1697 3095 1986 3169 scriptam
2011 3095 2087 3152 de
2119 3097 2490 3153 Athenarum
2515 3094 2682 3151 fatali
2713 3098 2869 3151 sorte
2897 3093 2976 3151 ab
3006 3092 3218 3150 ultimo
3248 3091 3512 3150 antistite
3542 3091 3675 3163 ejus

286 3183 482 3252 urbis,
507 3183 614 3256 qui
661 3183 912 3252 cantico,
963 3188 1030 3241 ut
1075 3185 1160 3242 ita
1182 3182 1462 3253 dixerim,
1499 3184 1733 3242 olorino
1771 3185 1964 3242 fatum
1990 3185 2120 3257 ejus
2153 3184 2320 3242 urbis
2358 3183 2539 3242 fatale
2570 3184 2878 3242 memoriae
2908 3181 3196 3258 prodidit.
3237 3185 3437 3239 Restat
3456 3187 3522 3238 ut
3549 3196 3680 3237 car-

279 3286 431 3332 men
489 3272 732 3342 Morelli,
759 3271 946 3331 ﬁnem
990 3274 1158 3331 haud
1187 3274 1600 3345 spernendum
1652 3274 2060 3333 dissertationi
2102 3280 2323 3333 nostrce
2367 3274 2728 3348 imposituri,
2767 3273 3096 3332 lectoribus
3129 3275 3330 3330 mente
3383 3268 3681 3328 benevola

284 3362 716 3436 impertiamur
749 3380 763 3419 :

295 3469 699 3543 Cecropidum
719 3470 943 3545 praesul
968 3471 1236 3542 Michael,
1264 3472 1413 3531 dum
1440 3472 1628 3532 tristia
1656 3472 1855 3532 fratris
2074 3470 2472 3541 Occidit,heul
2497 3475 2695 3530 tecum
2713 3469 3138 3541 tumulumque
3154 3464 3380 3525 subivit
3396 3464 3680 3523 eumdem

365 3561 586 3618 Nicette
605 3562 876 3634 queritur
900 3563 1116 3621 funera
1145 3563 1470 3636 Choniatsa,
2148 3563 2444 3636 Fcedaque
2472 3553 2762 3618 successit
2793 3575 2907 3616 nec
2935 3574 3108 3616 mora
3127 3555 3461 3614 barbaries.

295 3654 542 3724 Cygnea
568 3657 818 3709 testatur
839 3659 943 3710 tua
963 3670 1103 3718 vox,
1126 3670 1163 3711 ο
1190 3656 1432 3722 Graecia,
1465 3670 1751 3728 quaenam
2077 3655 2190 3721 Qui
2213 3652 2378 3709 volet
2405 3666 2548 3720 ergo
2581 3655 2716 3707 tuas
2741 3663 3127 3719 cognoscere,
3169 3645 3411 3713 Graecia,
3433 3643 3610 3713 vires,

372 3741 610 3796 Viribus
643 3741 853 3813 effetis,
887 3759 1027 3800 cum
1072 3759 1393 3816 morerere,
1428 3744 1558 3800 fuit.
2153 3744 2303 3798 Cum
2333 3739 2719 3811 Xenophonte
2743 3738 2904 3807 legat
2921 3737 3137 3792 funera
3162 3733 3504 3792 Choniatas:

305 3829 535 3886 Atticus
564 3830 658 3887 ille
686 3831 879 3904 lepos,
913 3833 1243 3906 Xenophon
1269 3849 1392 3906 quo
1425 3832 1650 3890 scilicet
1677 3832 1821 3890 olim
2081 3831 2183 3887 Ille
2205 3835 2340 3886 tuas
2371 3844 2562 3885 cunas
2597 3825 2896 3885 nascentis
2916 3825 3167 3881 ﬂoribus
3187 3828 3384 3894 ornat,

380 3917 604 3976 Nobilis
633 3936 668 3976 a
695 3922 916 3978 teneris
945 3921 1158 3978 claruit
1183 3921 1548 3994 unguiculis,
2152 3919 2258 3976 Hic
2295 3923 2402 3975 tua
2432 3917 2696 3975 fraterno
2723 3914 2932 3972 funere
2953 3914 3078 3972 fata
3107 3912 3312 3984 gemit.

381 4099 522 4180 ςίος)
572 4098 1479 4180 Hapaxocpaapgaog,praepositus
1533 4097 1800 4180 cubiculi
1829 4111 1842 4165 ;
1879 4111 1973 4180 ‘ac

2081 4169 2121 4180 “
2154 4095 2264 4165 (13)
2283 4093 2340 4147 Ὁ
2363 4091 2447 4180 hic.
2476 4103 2538 4153 τῆ
2552 4091 2850 4180 ς’σαξιέλλης
2871 4090 3034 4180 idem
3059 4088 3214 4180 valet
3233 4104 3305 4180 ale
3331 4082 3686 4168 σακελλάριος.

303 4158 611 4242 prioribus
647 4158 1181 4241 saeculis'dignitas
1212 4158 1338 4226 erat
1381 4171 1674 4242 eunuchis
1708 4158 1969 4242 tributa;
2081 4158 2258 4239 pr.’
2281 4171 2371 4223 26.
2405 4165 2759 4222 Sacellarius
2800 4167 2926 4242 erat
2971 4160 3386 4242 ecclesiasticae
3419 4158 3692 4242 pecunias

304 4229 593 4315 extremis
642 4257 789 4297 vero
833 4229 1207 4314 tempbribus
1237 4242 1496 4313 duplicis
1543 4240 1656 4297 fuit
1697 4229 1970 4315 generisi
2083 4229 2324 4315 cur-ator
2362 4243 2419 4293 et
2454 4241 2676 4315 custos.
2720 4235 2941 4315 Σακέλλη
2967 4233 3134 4315 enim
3167 4232 3291 4288 sive
3316 4229 3582 4311 σακξλλιον
3609 4229 3697 4284 di-

308 4314 462 4387 alius
485 4313 658 4387 enim
691 4316 817 4368 erat
861 4305 1345 4387 στοιρίιοιοιμῶμενος⁵
1373 4332 1463 4365 του
1512 4305 1776 4376 κοιτῶνος,
1810 4309 1946 4367 cubi

2083 4310 2332 4387 cebatur
2364 4308 2644 4387 sacculus
2673 4305 3076 4380 pecuniarius,
3111 4305 3171 4387 hl.
3205 4319 3256 4359 e.
3279 4305 3572 4387 aerarium
3599 4317 3693 4387 ec-

310 4367 578 4457 calarius
603 4367 974 4457 imperatoris
989 4403 1006 4454 ;
1033 4367 1186 4457 allus:
1213 4367 1679 4457 παροικοιμὼμινος
1701 4367 1796 4443 ria];
1829 4401 1948 4455 σφιν

2083 4381 2453 4457 οιθεὶφηᾳυο
2476 4367 2876 4457 eleemosynm
2898 4367 3391 4457 asservabantur:
3409 4372 3490 4457 Id.
3524 4376 3689 4444 p.21.

312 4453 436 4514 δόνη
449 4476 491 4524 ς,
522 4443 737 4511 annuli
759 4443 1069 4525 signato’rii
1101 4443 1320 4525 custos.
1350 4459 1408 4511 Β.
1445 4443 1456 4456 ⁸
1529 4443 1539 4456 ’
1665 4443 1676 4446 ’
1839 4524 1846 4525 ί
1872 4443 1882 4455 ’
2104 4523 2117 4525 ,
2159 4453 2273 4524 (14)
2290 4443 2538 4525 βέρῐεμη
2570 4443 2804 4506 tantum
2832 4462 3076 4525 menses
3106 4443 3586 4525 patriarchalem
3605 4459 3696 4525 se-

387 4516 503 4601 (1
547 4530 694 4601 Μονὴ
755 4516 844 4601 est
899 4533 1274 4601 youacq‘rﬁpcov.
1413 4529 1502 4583 Du
1528 4529 1728 4596 Bange
1754 4525 1797 4583 1.
1829 4524 1873 4583 Ῑ.
1911 4541 1974 4599 p.

2083 4516 2228 4601 dem
2253 4516 2512 4601 ob_t_ihui_t
2561 4518 3077 4601 Constantinopoli
3111 4516 3410 4601 ‘_Leo.ntius
3439 4532 3496 4571 a.
3533 4517 3691 4601 1199,

319 4590 442 4660 94‘s,
473 4590 544 4654 ae
574 4590 968 4670 καθηγούμενος
989 4590 1238 4670 (Αἰὼὶιε,
1261 4597 1467 4665 Prior),
1493 4613 1552 4670 p.
1575 4590 1707 4670 472:.
1908 4590 1957 4670 ᾗ

2087 4595 2283 4670 dictus
2310 4592 2738 4670 Theotocisltes,
2762 4590 2930 4670 quod
2949 4590 3061 4664 per
3079 4593 3371 4670 emrtua,
3405 4600 3593 4670 quam
3621 4590 3697 4639 si-

393 4647 1556 4747 gla;ganeaggaaﬁiéstisa"aas’gz;
1583 4647 1850 4742 armis,
1892 4666 1976 4725 cc.

2087 4647 2815 4747 bi'apparuisse'diceba‘t
2830 4647 3169 4747 .imp‘eraﬁor
3193 4659 3288 4732 (ls.
3311 4647 3512 4730 A'ng'.),
3544 4655 3691 4747 elec—

322 4726 499 4799 ϐόεινί
536 4744 575 4799 1.
607 4726 857 4816 i.p229';
887 4756 953 4797 n.
995 4726 1085 4798 34".
1125 4726 1166 4727 “
1391 4726 1399 4727 ί
1465 4726 1499 4740 ν
1543 4726 1604 4742 ’⁵
1835 4726 1849 4739 ’
2088 4743 2188 4794 tus
2217 4726 3016 4808 fuissec.B.(Ct.Nicec.2so.
3049 4732 3157 4804 ρο).
3201 4726 3210 4732 ·
3410 4726 3435 4730 '
3469 4726 3501 4729 ’ί
3552 4726 3579 4751 ⁶
