4148 6384
514 298 618 363 323

513 458 806 470 —-—-—

513 473 806 485 _————

973 633 2108 788 MIGHAELIS

1390 288 1760 358 MICHAELIS
1797 297 2181 358 ACOMINATI
2218 297 2648 355 ATHENARUM
2684 295 3004 354 ARCHIEP.

3773 299 3882 354 324

807 448 3885 484 Μ

2287 632 3441 784 ACOMINATI

1814 929 2582 1039 CHONIAT/E

1276 1160 1829 1226 SANCTISSIMI
1884 1160 2429 1222 ATHENARUM
2475 1159 3118 1224 METROPOLIT/E

2009 1357 2414 1440 ORATIO

1596 1559 1850 1614 HABITA
1889 1558 1957 1612 IN
2000 1555 2114 1609 DIE
2154 1556 2368 1612 FESTO
2412 1557 2814 1613 PALMARUM.

1404 1733 1750 1808 (Combeﬁs.
1785 1731 2055 1788 Biblioth.
2085 1729 2448 1799 concionat.,
2471 1735 2618 1787 tom.
2642 1731 2734 1796 Ill,
2758 1747 2820 1804 p.
2850 1730 3000 1803 417).

587 1969 1087 2026 Praaclarissimus
1117 1984 1329 2040 regum
1357 1967 1655 2040 propheta
1686 1963 1884 2026 David,
1920 1963 2176 2018 immen-
2206 1962 2253 2012 A
2287 1961 2571 2016 comitatu
2600 1965 2832 2030 vectus,
2881 1961 3175 2016 adversus
3205 1959 3505 2015 infernum
3544 1959 3893 2016 velitatione

518 2074 652 2114 sam
684 2058 829 2114 solis
860 2055 1394 2129 pulchritudinem,
1449 2051 1937 2122 indefessamque
1976 2049 2178 2105 celeri-

515 2152 700 2203 tatem
748 2146 1079 2211 admirans,
1113 2150 1171 2200 et
1221 2145 1349 2216 ipse
1396 2144 1523 2199 ait:
1558 2145 1869 2212 Tanquam
1923 2156 2174 2208 sponsus

507 2238 838 2307 procedens
868 2236 941 2291 de
963 2235 1227 2290 thalamo
1257 2248 1362 2288 suo
1392 2249 1404 2286 :
1429 2231 1748 2288 exsultabit
1777 2237 1843 2284 ut
1881 2231 2054 2310 gigas
2093 2230 2174 2284 ad

513 2326 874 2381 currendum
901 2325 1061 2380 viam
1083 2338 1287 2378 suam:
1317 2328 1370 2377 et
1403 2335 1684 2376 occursus
1725 2322 1852 2388 ejus
1882 2333 2067 2388 usque
2092 2317 2176 2373 ad

513 2427 794 2468 summun
834 2411 988 2480 caeli,
1023 2425 1131 2465 nec
1161 2415 1247 2466 est
1286 2410 1391 2480 qui
1426 2423 1488 2464 se
1536 2406 1864 2462 abscondat
1896 2421 1932 2462 a
1971 2406 2172 2461 calore

513 2505 644 2572 ejus
668 2504 708 2556 '.
731 2501 972 2558 Miratus
996 2499 1222 2572 quippe
1245 2499 1332 2553 vir
1353 2497 1838 2570 sapientissimus
1869 2500 1978 2563 est,
2002 2495 2170 2549 sidus

511 2592 628 2648 hoc
659 2591 1022 2658 maximum,
1041 2593 1270 2661 quanta
1294 2587 1617 2659 praanitens
1640 2584 2085 2658 pulchritudine
2109 2584 2168 2638 in

513 2697 748 2737 morem
782 2678 990 2751 sponsi
1013 2679 1073 2733 in
1097 2676 1368 2732 orientali
1397 2675 1700 2731 horizonte
1722 2675 1930 2736 oritur,
1961 2673 2166 2743 gigan-

512 2775 728 2841 teaque
760 2769 1054 2824 celeritate
1086 2771 1267 2839 atque
1296 2766 1501 2838 vigore
1533 2765 1610 2820 ad
1634 2764 2006 2820 horizontem
2039 2777 2168 2835 per-

510 2859 727 2915 vadite
754 2857 1052 2914 diametro
1077 2855 1445 2928 oppositum,
1477 2853 1625 2909 nihil
1643 2853 1964 2909 obscurato
1991 2852 2168 2908 tantis

509 2947 623 3004 illis
645 2963 946 3004 annorum
966 2944 1380 3001 voluminibus
1409 2943 1601 3014 ipsius
1617 2943 1833 2998 decore
1850 2957 1921 2996 ac
1947 2941 2165 3013 specie,

511 3052 707 3109 neque
737 3038 791 3092 vi
818 3034 1243 3100 dissoluta,sed
1274 3033 1489 3089 eodem
1507 3048 1745 3103 semper
1759 3031 1944 3087 modo
1973 3030 2168 3085 exsul-

510 3131 657 3197 tare,
717 3140 1044 3197 rerumque
1104 3123 1550 3178 universitatem
1602 3121 1768 3176 nullo
1817 3121 2027 3176 labore
2076 3119 2164 3174 lu-

513 3219 728 3282 strare,
778 3229 888 3268 nec
919 3228 1042 3268 non
1080 3211 1243 3267 vitali
1288 3210 1739 3266 micantissima:
1776 3209 1928 3264 lucis
1965 3208 2167 3264 deﬂuo

2284 2055 2525 2112 functus
2551 2060 2669 2114 Rex
2699 2057 2926 2127 gloriae,
2948 2058 3163 2113 inferni
3192 2058 3464 2130 proxime
3481 2057 3752 2130 praedam
3785 2073 3895 2128 ag-

2283 2159 2528 2214 gressus
2539 2147 3004 2218 est,primasque
3016 2147 3156 2202 inde
3169 2146 3593 2202 charissimum
3608 2148 3894 2201 Lazarum

2281 2235 2413 2290 tulit
2440 2235 2784 2291 manubias.
2821 2236 3004 2292 Unius
3036 2236 3202 2292 vocis
3222 2251 3372 2292 sono
3395 2236 3636 2307 tyranni
3664 2240 3895 2307 perter-

2279 2324 2397 2379 ruit
2419 2339 2806 2396 arces,exque
2830 2324 3042 2379 mediis
3065 2330 3281 2380 cuncta
3305 2325 3572 2380 vorantis
3599 2323 3734 2379 feras
3757 2323 3863 2380 fau

2280 2412 2474 2479 cibus,
2503 2428 2680 2468 ovem
2713 2429 2889 2468 suam
2913 2413 3111 2469 bonus
3141 2413 3352 2470 Pastor
3375 2412 3646 2469 extraxit.
3680 2415 3803 2469 Sua
3821 2413 3886 2468 in

2279 2517 2465 2573 specu
2493 2507 2834 2573 correptum
2862 2502 3012 2558 latro
3047 2505 3334 2558 Lazarum
3365 2501 3706 2558 detinebat:
3739 2519 3888 2559 mox

2278 2595 2483 2646 tamen
2503 2591 2709 2646 audita
2732 2591 3039 2647 Dominica
3065 2607 3207 2647 voce
3233 2591 3559 2657 infremuit,
3593 2596 3772 2663 atque
3802 2592 3886 2648 ad

2276 2678 2427 2734 lucis
2477 2695 2688 2734 auram
2745 2679 3081 2735 redivivum
3112 2695 3418 2749 emergere
3461 2679 3705 2735 dimisit.
3747 2682 3880 2734 Non

2279 2768 2438 2822 enim
2461 2767 2551 2822 fas
2583 2773 2710 2824 erat
2746 2767 3092 2824 obdormire
3112 2768 3173 2823 in
3201 2773 3456 2824 mortem
3485 2768 3639 2824 velut
3667 2772 3878 2823 natum

2278 2872 2351 2912 ex
2372 2856 2642 2921 muliere,
2675 2857 2776 2911 sed
2808 2857 3140 2928 expergisci
3171 2857 3275 2928 qui
3306 2857 3421 2929 ipsi
3451 2857 3585 2912 vita:
3611 2855 3881 2912 charissi-

2277 2961 2416 3000 mus
2441 2946 2670 3001 esset.0
2702 2945 2960 3014 ingentis
2991 2945 3240 3014 virtutis,
3273 2944 3420 3016 quin
3452 2945 3576 3000 imo
3605 2944 3886 3016 omnipo-

2276 3040 2369 3090 ten
2379 3039 2494 3089 tem
2509 3049 2720 3089 vocem
2739 3033 2750 3088 !
2766 3049 2889 3105 qua
2901 3038 3087 3104 portae
3102 3034 3313 3088 mortis
3327 3039 3492 3089 metu
3508 3033 3884 3105 panduntur,

2274 3121 2610 3194 infernique
2627 3122 2920 3192 janitores
2941 3127 3184 3194 stupore
3213 3121 3626 3192 obriguerunt,
3646 3137 3717 3177 ac
3737 3138 3884 3194 qua-

2275 3211 2587 3266 triduanus
2617 3209 2833 3266 exsiliit
2883 3215 3184 3268 mortuus.
3217 3212 3363 3266 Vere
3417 3210 3653 3266 catulus
3690 3210 3878 3266 leonis

512 3301 782 3374 implere.
838 3301 991 3366 Quin
1045 3300 1224 3355 etiam
1260 3313 1371 3368 ego
1417 3298 1521 3370 qui
1568 3297 1768 3369 ipsum
1793 3297 2036 3368 justitiae
2072 3312 2165 3352 so-
2195 3306 2242 3360 Β
2277 3299 2542 3356 Christus
2568 3301 2620 3364 ⁸;
2647 3313 2931 3371 nuncque
2955 3298 3083 3354 solo
3103 3299 3302 3369 rugitu
3329 3297 3521 3355 feram
3552 3299 3834 3355 exterruit
3865 3315 3879 3354 :

513 3391 634 3446 lem
684 3389 1002 3458 Christum,
1033 3395 1214 3461 atque
1266 3388 1530 3444 siderum
1584 3389 1976 3452 conditorem,
2006 3402 2168 3442 nova

509 3493 742 3552 pompa
786 3477 1219 3550 procedentem
1238 3476 1501 3544 videam,
1532 3475 1745 3531 eadem
1777 3491 1916 3530 cum
1948 3473 2166 3529 Davide

507 3574 578 3624 ut
596 3583 815 3624 canam
844 3566 1363 3638 adducor,nempe
1388 3566 1554 3637 quod
1575 3565 1702 3636 ipse
1729 3563 1938 3635 sponsi
1957 3563 2017 3619 in
2043 3579 2168 3619 mo-

504 3674 633 3714 rem
665 3655 1000 3728 procedens
1033 3654 1108 3711 de
1138 3655 1406 3710 thalamo
1429 3669 1539 3709 suo
1565 3652 1871 3708 exsultarit
1902 3658 1968 3708 ut
1992 3652 2165 3724 gigas

506 3746 586 3802 ad
613 3743 973 3801 currendam
997 3744 1159 3800 viam
1181 3759 1377 3814 suam,
1395 3757 1502 3814 per
1529 3740 1792 3796 mediam
1811 3740 2165 3825 Jerusalem,

506 3834 765 3890 inauditi
799 3833 1033 3890 saeculis
1062 3832 1350 3889 omnibus
1372 3831 1660 3902 triumphi
1687 3846 1757 3887 ac
1805 3831 2168 3887 miraculum

504 3941 684 3980 omne
715 3923 1010 3980 vincentis
1040 3922 1238 3994 specie
1285 3926 1792 3992 extemporaneus
1825 3937 2040 3977 ovans.
2085 3926 2168 3977 Ac

503 4014 750 4087 quidem
785 4013 977 4069 exitus
1008 4012 1137 4082 ejus
1166 4027 1201 4067 a
1223 4026 1464 4065 summo
1497 4009 1675 4066 cmlo:
1697 4009 1838 4065 inde
1869 4010 2168 4082 siquidem

502 4108 728 4159 nostrae
760 4101 971 4155 salutis
997 4115 1187 4155 causa
1216 4099 1366 4154 nihil
1394 4099 1528 4154 loco
1567 4099 1852 4167 dimotus,
1888 4099 2050 4154 viam
2081 4115 2168 4154 se-

502 4205 640 4246 care
670 4188 885 4259 coepit;
920 4194 978 4243 et
1023 4203 1308 4243 occursus
1366 4187 1496 4257 ejus
1549 4203 1742 4259 usque
1791 4186 1867 4241 ad
1899 4192 2167 4243 extrema

503 4277 658 4343 caeli,
713 4276 956 4332 inﬁmas
997 4275 1222 4331 scilicet
1244 4274 1462 4330 inferni
1493 4280 1691 4346 partes
1718 4293 1732 4342 ;
1757 4273 1875 4329 illic
1899 4290 2164 4347 namque

501 4365 969 4437 dispensationis
1014 4381 1230 4420 cursus
1279 4365 1604 4420 terminum
1655 4363 1889 4431 habuit,
1934 4369 1998 4419 ut
2053 4380 2164 4420 nec

501 4455 736 4512 inferna
762 4454 864 4510 illa
900 4454 1036 4511 loca
1084 4454 1162 4511 ab
1211 4455 1342 4526 ejus
1381 4469 1446 4510 se
1487 4453 1684 4510 calore
1715 4452 2113 4510 absconderet
2145 4471 2158 4508 :

499 4544 762 4616 indeque
786 4559 997 4598 rursus
1026 4542 1189 4598 velut
1213 4543 1292 4598 ab
1323 4541 1650 4607 occidente,
1692 4541 2022 4597 matutinus
2060 4558 2158 4598 ex-

2275 3389 2392 3444 Leo
2441 3389 2596 3444 enim
2640 3389 2860 3456 rugiet,
2893 3387 3111 3459 inquit,
3145 3393 3201 3443 et
3251 3389 3382 3459 quis
3412 3403 3530 3443 non
3558 3389 3886 3457 pavebit‘?

2275 3476 2444 3531 Brevi
2475 3481 2674 3531 autem
2697 3480 2834 3548 post
2849 3475 2978 3547 ipse
3003 3491 3250 3548 quoque
3275 3475 3575 3532 recubans
3593 3476 3880 3532 dormiet:

2279 3571 2339 3622 at
2354 3565 2456 3621 ubi
2478 3571 2754 3621 conserto
2771 3564 2948 3619 veluti
2975 3564 3129 3636 pede
3148 3580 3288 3620 cum
3305 3569 3495 3620 morte
3515 3581 3883 3636 congressus

2276 3653 2470 3719 fuerit,
2485 3653 2724 3725 penitus
2753 3652 3121 3724 proﬂigabit.
3152 3654 3322 3708 Nunc
3352 3651 3600 3724 quidem
3629 3658 3886 3709 tremen-

2277 3747 2425 3798 dum
2456 3758 2527 3798 ac
2571 3743 2878 3811 ingentem
2920 3747 3116 3797 cetum
3166 3740 3296 3797 solo
3339 3741 3573 3796 eminus
3621 3740 3887 3798 clamore

2279 3831 2517 3900 subegit
2545 3851 2556 3889 :
2592 3847 2732 3887 mox
2777 3845 2916 3886 vero
2941 3833 3106 3886 Jonas
3136 3830 3199 3884 in
3246 3845 3479 3885 morem
3505 3830 3638 3900 ejus
3671 3835 3888 3902 sponte

2275 3920 2425 3976 rictu
2455 3919 2878 3976 absorbendus
2895 3924 3000 3985 est,
3016 3934 3140 3991 quo
3157 3919 3346 3990 ipsius
3366 3919 3640 3990 disrupto
3658 3925 3886 3988 ventre,

2277 4024 2433 4080 quos
2463 4025 2500 4063 a
2531 4009 2748 4064 saeculo
2780 4007 3084 4080 absorpsit
3113 4023 3327 4064 omnes
3370 4008 3690 4064 extraxerit
3709 4010 3752 4061 θ.
3783 4011 3889 4064 Ta-

2279 4097 2451 4153 metsi
2481 4103 2636 4153 terra
2665 4103 2808 4164 erat,
2833 4103 2891 4153 et
2917 4099 2978 4153 in
3011 4104 3230 4155 terram
3264 4098 3497 4155 abierat
3527 4099 3805 4164 Lazarus,
3826 4103 3890 4154 at

2277 4186 2540 4242 Christus
2571 4192 2698 4242 erat
2721 4187 2826 4259 qui
2851 4187 3162 4243 hominem
3192 4202 3224 4242 e
3255 4193 3408 4242 terra
3447 4185 3801 4242 condiderat
3822 4188 3842 4220 ⁷
3869 4205 3884 4254 ;

2273 4293 2346 4332 ex
2376 4291 2499 4348 quo
2545 4278 2725 4332 etiam
2757 4277 3041 4344 clamore,
3072 4277 3155 4333 uti
3182 4282 3240 4333 et
3291 4276 3612 4348 spiraculo,
3646 4281 3890 4333 mortuo

2271 4365 2488 4421 iterum
2533 4364 2824 4437 ﬁgmento
2855 4366 3128 4422 animam
3165 4365 3406 4422 refudit.
3460 4367 3593 4421 Jam
3633 4364 3882 4438 quidem

2268 4454 2514 4510 fmtebat
2563 4455 2708 4511 tabo
2753 4453 3084 4510 resolutum
3143 4455 3408 4512 cadaver
3455 4458 3638 4527 atque
3683 4467 3888 4512 corru-

2267 4549 2476 4616 ptum;
2526 4549 2588 4600 at
2618 4543 2829 4600 Christi
2871 4559 2988 4599 vox
3035 4543 3168 4600 vita:
3224 4543 3310 4599 illi
3342 4543 3495 4599 odor
3525 4543 3653 4598 fuit.
3706 4541 3883 4606 Quod

501 4636 694 4702 ortus,
716 4631 930 4688 iisdem
961 4631 1094 4688 coeli
1120 4631 1367 4688 sedibus
1393 4629 1737 4688 restituitur.
1761 4631 1926 4686 Prius
1957 4635 2158 4688 tamen
2202 4652 2242 4707 ς,
2268 4632 2478 4688 mortis
2507 4632 2743 4688 vinctus
2782 4631 2999 4688 institis
3027 4632 3305 4688 astrictus
3334 4637 3478 4699 erat,
3511 4631 3697 4687 vetuit
3733 4617 3889 4686 nihil

501 4736 691 4794 quam
710 4721 771 4776 in
793 4720 1095 4778 infernum
1117 4720 1493 4776 descendens
1507 4719 1662 4774 inter
1679 4723 1950 4775 mortuos
1967 4720 2161 4792 splen-

501 4809 661 4877 deat,
694 4810 965 4866 divinam
1010 4809 1348 4882 quamdam
1395 4809 1560 4864 velut
1595 4808 1885 4879 praemisit
1928 4825 2156 4873 vocem,

501 4914 574 4955 ea
629 4898 1106 4972 quatriduanum
1165 4914 1201 4953 a
1249 4895 1503 4952 mortuis
1561 4897 1929 4967 suscitans’,
1975 4913 2157 4970 quem

499 5004 692 5044 unum
721 5004 796 5044 ex
823 4989 1168 5044 animarum
1186 4985 1440 5041 extraxit
1455 4986 1673 5048 caveis,
1689 4986 1862 5058 cujus
1886 4986 2158 5056 victoria,

499 5093 730 5150 pompa
760 5077 935 5133 hodie
967 5074 1260 5148 procedit,
1287 5089 1358 5129 ac
1388 5080 1746 5146 praesentem
1787 5091 1859 5131 ex
1889 5081 2160 5148 tempore

497 5167 876 5236 triumphum
909 5162 1196 5234 instituit;
1221 5178 1440 5235 nempe
1476 5164 1668 5220 Sionis
1709 5167 1830 5221 Rex
1860 5163 1954 5219 ille
1985 5180 2158 5220 man-

499 5259 704 5310 suetus
725 5255 768 5320 ⁸,
801 5269 924 5309 non
968 5253 1166 5308 aureis
1220 5253 1481 5325 phaleris
1531 5255 1786 5310 instrato
1830 5271 2007 5327 equo,
2051 5272 2158 5311 seu

495 5342 649 5398 alias
681 5357 865 5398 curru
902 5357 1107 5409 aureo,
1152 5342 1261 5399 sed
1291 5343 1668 5415 pauperculo
1696 5343 1884 5400 asello
1909 5359 2184 5416 paupere

579 5519 592 5593 ξ
632 5516 788 5573 Psal.
819 5534 981 5593 xxiii,
1000 5522 1045 5593 _6
1075 5536 1244 5593 seqq.

501 5588 521 5622 ’³
553 5589 699 5645 Gen.
729 5604 792 5657 ιι,
817 5595 870 5645 7.

1322 5521 1344 5554 ²
1383 5521 1557 5577 Joan.
1588 5537 1644 5594 ιι,
1672 5522 1761 5576 41.
1839 5521 1862 5553 ³
1891 5521 2071 5594 Zach.
2098 5537 2175 5594 IX,
2204 5526 2256 5594 9.
2336 5523 2358 5557 ‘
2399 5524 2543 5578 Gen.
2578 5525 2812 5594 xux,‘9.

948 5591 970 5625 ⁸
989 5591 1251 5664 λοαιιῖιι,
1285 5595 1374 5648 44.
1452 5594 1472 5628 ⁸
1495 5591 1655 5648 Psal.
1681 5607 1869 5656 vaui,
1897 5597 1948 5648 7.
2032 5593 2080 5629 ιο
2107 5591 2210 5651 Psa

2289 5610 2344 5666 v,
2382 5598 2465 5650 l0.
2545 5595 2588 5629 ιι
2621 5592 2774 5650 Psal.
2797 5608 2934 5658 xxx,
2970 5596 3052 5649 13.

2266 4721 2415 4793 quin
2446 4720 2626 4789 longe
2656 4719 3135 4791 progrederetur,
3168 4720 3419 4792 jubente
3444 4719 3666 4775 scilicet
3685 4718 3886 4774 Chris-

2267 4815 2326 4866 to
2358 4827 2370 4864 :
2429 4810 2574 4866 Veni
2619 4809 2790 4878 foras
2811 4810 2853 4880 ⁸,
2900 4809 3007 4881 qui
3037 4809 3240 4866 educit
3266 4810 3498 4865 vinctos
3531 4808 3594 4864 in
3649 4807 3886 4864 fortitu-

2266 4898 2405 4954 dine
2430 4917 2442 4967 ;
2477 4897 2745 4954 similiter
2775 4914 2878 4954 eos
2906 4899 3010 4970 qui
3031 4899 3307 4955 habitant
3326 4915 3388 4954 ιιι
3410 4896 3697 4970 sepulcris
3717 4899 3758 4952 ν.

2342 4987 2561 5044 Psallat
2583 4987 2711 5058 jam
2741 4990 2993 5043 Lazarus
3019 5005 3158 5044 cum
3185 4988 3404 5044 Davide
3433 5005 3446 5042 :
3487 4987 3626 5043 Non
3667 4988 3889 5043 dereli-

2267 5078 2451 5149 quisti
2469 5078 2735 5132 animam
2755 5092 2945 5133 meam
2987 5079 3052 5133 in
3083 5078 3344 5147 inferno,
3376 5092 3482 5133 nec
3507 5076 3727 5132 dedisti
3744 5090 3890 5132 san-

2269 5170 2426 5222 ctum
2449 5172 2618 5221 tuum
2640 5166 2839 5222 videre
2859 5169 3304 5236 corruptionem
3327 5168 3390 5233 ιο,
3405 5172 3481 5235 et,
3499 5166 3771 5236 Implesti
3790 5181 3889 5222 me

2269 5257 2482 5312 lmtz'tz’a
2503 5272 2635 5311 cum
2658 5257 2832 5311 vultu
2851 5267 2978 5312 tuo:
3001 5271 3122 5312 non
3141 5255 3302 5311 enim
3320 5255 3608 5311 oblivioni
3628 5253 3884 5310 traditus

2268 5361 2425 5408 sum,
2454 5344 2605 5400 sicut
2629 5349 2907 5400 mortuus
2938 5361 2975 5401 a
2999 5348 3180 5400 corde
3201 5347 3243 5379 “
3265 5363 3284 5415 ;
3320 5345 3428 5400 sed
3457 5349 3698 5400 mortuo
3731 5341 3884 5398 mihi

2890 5522 2911 5555 ⁵
2953 5521 3158 5576 Amos.
3191 5535 3276 5591 ιιι,
3317 5523 3372 5576 3.
3448 5520 3470 5553 ⁸
3505 5521 3677 5576 Joan.
3720 5534 3779 5588 ιι,
3826 5522 3878 5576 1.
