4148 6406
243 346 355 398 325

1443 339 1731 397 HOMILIA
1760 336 1830 393 IN
1856 333 2093 392 RAMOS
2126 338 2505 397 PALMARUM

3575 352 3680 405 326

238 465 438 522 fecisti
463 463 767 521 mirabilia
798 466 865 517 ".
902 466 1058 520 Sane
1085 463 1332 537 quidem
1364 464 1680 537 complura
1709 458 1910 517 Chris-
1945 460 1995 511 A
2028 456 2206 513 dibus
2227 466 2459 517 essent:
2484 463 2647 519 unde
2673 479 2871 536 neque
2899 466 2959 521 in
2982 466 3274 525 calorum
3304 484 3563 539 regnum
3592 472 3683 529 in-

244 561 347 611 tus
376 553 647 609 exhibuit
671 552 1005 622 magniﬁca
1034 568 1240 624 Opera,
1282 553 1504 624 quibus
1531 567 1710 606 sensu
1733 548 1913 603 desti-

252 643 396 699 tutis
416 642 633 697 ludais
658 656 837 696 suam
862 640 1243 697 manifestam
1271 639 1400 696 ﬁeri
1423 640 1676 710 gloriam
1698 636 1912 704 voluit;

253 732 599 803 multusque
625 737 897 785 mortuos
925 731 1250 797 suscitavit,
1271 746 1490 802 nempe
1518 744 1755 785 servum
1780 740 1916 781 cen-

258 822 540 888 turionis,
560 820 669 875 lari
698 818 908 886 ﬁliam,
940 819 1141 874 vidua
1163 819 1409 875 unicum
1428 819 1640 875 ﬁlium.
1670 824 1750 872 Ac
1780 814 1913 887 qui-

254 911 405 967 dem
435 908 675 976 mortui,
702 907 936 977 audito,
960 908 1197 975 Puella,
1243 924 1423 978 surge
1441 909 1505 975 ¹³,
1555 913 1634 977 et,
1660 905 1913 961 Adoles-

254 1015 420 1065 cens,
445 999 553 1053 tibi
571 998 723 1063 dico,
755 998 1020 1066 surge".
1054 996 1367 1052 confestim
1404 996 1565 1052 dicto
1601 995 1914 1052 audientes

253 1092 449 1154 erant,
478 1087 805 1157 lumenque
832 1084 1083 1140 redivivi
1114 1087 1471 1151 cernebant;
1503 1085 1564 1141 hi
1591 1089 1812 1153 autem,
1838 1097 1916 1136 ne

258 1177 345 1233 sic
380 1175 626 1248 quidem
658 1173 928 1229 videntes
965 1173 1272 1244 videbant,
1319 1189 1430 1228 nec
1461 1173 1774 1229 audientes
1805 1187 1914 1226 au-

253 1264 521 1322 diebant.
547 1260 777 1319 Idcirco
799 1263 981 1319 etiam
1013 1262 1092 1318 ad
1122 1267 1459 1318 extremum
1501 1262 1700 1317 Lazari
1730 1259 1915 1316 susci-

250 1353 494 1412 tationis
518 1352 886 1425 opus,quod
916 1351 1177 1424 prodigii
1200 1352 1463 1408 novitate
1481 1356 1698 1407 cuncta
1717 1350 1916 1405 vince-

255 1447 368 1510 ret,
407 1457 516 1498 ceu
544 1441 720 1511 cujus
751 1441 840 1496 vis
870 1441 1067 1511 major
1106 1445 1278 1507 esset,
1321 1440 1657 1496 remedium
1702 1439 1914 1495 admo-

258 1532 370 1588 vit.
400 1534 547 1587 Nam
570 1529 707 1586 illos
741 1529 989 1602 quidem
1030 1534 1302 1586 mortuos
1331 1530 1537 1585 statim
1568 1528 1912 1593 suscitavit;

252 1623 421 1678 hunc
449 1636 593 1676 vero
646 1636 789 1675 cum
838 1620 963 1687 iam
992 1619 1337 1691 putruisset,
1387 1620 1571 1691 inque
1620 1618 1918 1674 elementa

252 1711 481 1784 quibus
509 1713 791 1765 concreta
839 1708 1108 1779 corporis
1155 1708 1387 1764 fabrica
1420 1712 1566 1773 erat,
1598 1706 1914 1763 difﬂueret.

2024 548 2214 615 gressi
2267 556 2427 608 sunt.
2496 554 2677 608 Erant
2728 554 2889 609 enim
2960 570 3122 611 utres
3172 562 3405 614 veteres
3451 576 3522 615 ac
3568 576 3681 633 pu-

2022 639 2142 689 tres
2168 638 2237 705 1‘,
2262 653 2373 693 nec
2413 641 2617 709 gratia
2655 641 2867 697 vinum
2900 648 3195 715 tanquam
3222 647 3382 712 novi,
3407 663 3479 703 ac
3504 649 3684 720 Spiri-

2022 728 2119 778 tus
2143 741 2422 796 capaces,
2445 734 2728 801 poterant
2756 746 2991 801 capere.
3022 732 3180 789 Proh
3205 735 3685 801 cacitatem,cal-

2021 813 2270 884 lumque
2295 816 2306 870 ι
2329 816 2606 888 Cognovit
2637 819 2733 874 bos
2748 835 3143 889 possessorem
3165 839 3361 887 suum,
3390 831 3443 881 et
3475 828 3683 883 asinus

2016 915 2278 973 praesepe
2306 905 2537 962 domini
2558 909 2657 961 sui
2685 910 2767 975 ’5;
2802 910 2986 964 Israel
3016 915 3220 966 autem
3251 914 3473 985 Regem
3502 930 3685 972 suum

2023 1005 2147 1046 non
2172 995 2473 1062 cognovit,
2506 995 2611 1051 sed
2652 995 3066 1068 deprehensus
3121 1004 3210 1056 est
3237 999 3391 1056 bove
3438 1001 3686 1058 demen-

2024 1079 2157 1145 tior,
2189 1086 2246 1136 et
2300 1083 2475 1139 asino
2525 1085 2843 1157 stupidior,
2886 1088 3311 1157 cognoscendo
3353 1091 3677 1147 Dominum

2025 1184 2204 1223 suum
2231 1188 2244 1237 ;
2273 1169 2455 1243 idque
2486 1188 2630 1228 cum
2651 1173 2911 1230 infantes
2950 1176 3202 1233 minime
3232 1177 3455 1234 bovem
3482 1179 3544 1235 in
3572 1179 3683 1235 lin-

2024 1271 2145 1326 gua
2174 1258 2413 1329 ferrent,
2431 1261 2537 1317 sed
2560 1261 2784 1333 Regem
2809 1263 2992 1320 asello
3022 1265 3685 1342 insidentem,pompa-

2022 1360 2140 1416 que
2151 1346 2331 1402 hodie
2341 1350 2789 1421 procedentem,
2805 1367 2876 1407 ac
2894 1353 3064 1424 quod
3086 1354 3233 1410 olim
3247 1357 3529 1414 vaticinia
3548 1373 3686 1431 pro-

2022 1434 2215 1491 ditum
2237 1442 2412 1502 esset,
2436 1437 2806 1510 implentem,
2838 1441 3270 1512 praedicarent;
3297 1443 3542 1515 alligare
3574 1446 3685 1502 sci-

2020 1521 2157 1577 licet
2184 1522 2263 1579 ad
2282 1523 2466 1580 vitem
2487 1525 2721 1597 pullum
2746 1544 2924 1583 suum
2947 1530 3018 1597 ’5,
3040 1529 3209 1601 quod
3230 1538 3343 1598 est,
3360 1547 3589 1589 novum
3611 1549 3688 1589 ex

2023 1611 2301 1680 gentibus
2321 1614 2828 1688 populum,quem
2849 1618 3113 1673 necdum
3134 1620 3273 1690 quis
3290 1620 3441 1691 jugo
3457 1621 3688 1678 manci-

2022 1706 2214 1772 parat,
2239 1704 2317 1757 ad
2349 1703 2528 1758 vitem
2553 1720 2625 1759 ex
2656 1708 2914 1777 Aigypto
2931 1707 3291 1764 translatam
3313 1709 3687 1781 colligare”.

254 1805 454 1872 Atque
497 1799 611 1854 illic
659 1797 910 1871 quidem
956 1796 1223 1853 defuncti
1257 1797 1526 1853 loculum
1583 1797 1790 1866 tetigit,
1846 1811 1917 1851 ac
1946 1804 1992 1857 Β
2100 1789 2436 1853 Enimvero.
2469 1808 2680 1848 eorum
2719 1810 2857 1866 quae
2909 1796 3197 1867 mysterio
3244 1798 3475 1867 insunt,
3510 1800 3685 1856 mira-

255 1887 481 1962 puella
511 1903 761 1943 manum
816 1885 1217 1958 apprehendit
1246 1886 1321 1941 ad
1363 1886 1549 1941 vitam
1580 1885 1925 1941 instaurans

256 1982 545 2035 contactu
598 1974 822 2031 vivifici
872 1975 1146 2046 corporis
1184 1992 1197 2029 :
1243 1974 1343 2029 hic
1387 1979 1589 2030 autem
1621 1973 1749 2029 sola
1778 1989 1927 2029 voce

255 2068 450 2123 vitam
491 2064 817 2136 reparavit,
868 2079 1012 2119 voce
1061 2063 1374 2133 nimirum,
1405 2079 1593 2135 quam
1638 2062 1927 2118 Judaicus

250 2154 527 2230 populus
558 2170 686 2209 non
720 2152 972 2222 audivit,
1006 2157 1072 2207 ut
1118 2168 1298 2225 quos,
1334 2154 1508 2223 juxta
1551 2151 1922 2217 Davidemu,

255 2260 431 2301 mors
461 2247 767 2316 pasceret;
804 2258 940 2315 qua
984 2242 1270 2297 nimirum
1310 2241 1473 2297 velut
1511 2257 1677 2309 oves,
1720 2257 1844 2313 qua
1886 2239 1927 2296 ii

260 2332 631 2389 laborabant
656 2330 943 2397 caecitate,
971 2331 1030 2385 in
1061 2331 1295 2386 inferno
1326 2331 1491 2402 ipsos
1515 2334 1795 2402 poneret:
1825 2332 1928 2385 La-

261 2438 446 2478 zarus
472 2437 611 2477 vero
651 2427 948 2492 tanquam
978 2418 1109 2474 ovis
1139 2419 1377 2486 Christi,
1400 2424 1785 2473 revocantem
1818 2433 1926 2490 pa-

265 2510 452 2567 storis
480 2525 685 2566 vocem
707 2508 1029 2564 confestim
1059 2507 1611 2579 sensit,infernique
1641 2506 1928 2562 barathro

263 2599 561 2656 dimissus
576 2599 652 2654 ad
682 2602 1001 2653 vocantem
1024 2597 1215 2651 rediit.
1243 2596 1536 2667 Quodque
1559 2597 1783 2650 Mosem
1801 2595 1929 2667 qui-

263 2688 415 2745 dem
465 2704 527 2741 se
577 2686 746 2753 scire,
799 2686 1120 2741 Dominum
1170 2690 1371 2740 autem
1408 2685 1637 2739 nescire
1668 2700 1731 2739 se
1755 2684 1930 2739 incir-

262 2774 533 2834 cumcisi
578 2773 1012 2841 asserebant”,
1044 2773 1424 2829 manifestius
1458 2773 1723 2844 seipsum
1751 2772 1931 2827 hodie

269 2864 567 2931 ostendit,
594 2863 776 2918 libere
796 2862 1202 2932 triumphans,
1235 2862 1521 2933 regioque
1546 2860 1740 2930 magis
1771 2860 1932 2915 cultu

265 2951 619 3026 procedens
645 2967 660 3015 ;
688 2950 970 3006 lactentes
994 2950 1255 3022 denique
1284 2949 1543 3004 infantes
1570 2949 1930 3021 producens,

264 3043 379 3116 qui
408 3040 737 3097 Dominum
764 3055 931 3095 suum
974 3044 1328 3108 agnoscant,
1364 3053 1434 3093 ac
1464 3042 1643 3094 testes
1675 3038 1812 3106 sint,
1843 3037 1931 3110 ip-

2034 1877 2305 1933 culorum
2337 1880 2460 1935 vim
2490 1882 2925 1953 intelligamus;
2957 1884 3107 1955 quin
3146 1886 3344 1957 potius
3379 1887 3688 1944 celebrita-

2034 1966 2107 2021 tis
2140 1967 2431 2024 miracula
2455 1968 2515 2023 in
2545 1970 2723 2026 nobis
2754 1971 2870 2042 ipsi
2900 1973 3313 2029 exhibeamus.
3345 1974 3691 2033 Efﬁciamur

2034 2054 2239 2110 Lazari
2268 2056 2479 2112 Christi
2501 2058 2677 2114 amici
2704 2076 2717 2125 ;
2752 2075 2988 2116 sorores
3013 2061 3191 2117 nobis
3222 2063 3585 2135 sapientiam
3606 2069 3691 2121 at-

2033 2159 2153 2215 que
2182 2144 2464 2200 virtutem
2494 2146 2789 2203 faciamus
2815 2166 2827 2215 ;
2858 2164 2929 2205 ac
2956 2149 3005 2203 si
3035 2151 3286 2222 quando
3317 2151 3479 2208 velut
3497 2153 3691 2209 homi-

2034 2247 2142 2287 nes
2171 2231 2464 2289 inﬁrmari
2494 2236 2825 2307 contigerit,
2861 2254 2967 2293 seu
2998 2240 3179 2295 etiam
3208 2240 3269 2295 in
3299 2247 3557 2299 mortem
3586 2242 3692 2299 ob-

2035 2320 2318 2388 dormire,
2350 2321 2762 2396 fuerimusque
2792 2331 3083 2399 tanquam
3112 2329 3171 2384 in
3203 2344 3391 2402 specu
3418 2331 3695 2403 quadam

2036 2411 2098 2465 in
2129 2412 2411 2482 prasenti
2459 2413 2675 2485 sepulti
2725 2416 2967 2481 saculo,
3008 2416 3217 2485 aderit,
3260 2419 3365 2491 qui
3418 2425 3507 2476 est
3546 2420 3690 2491 vita,

2038 2500 2673 2574 Christus,magnaque
2689 2519 2841 2559 evan
2850 2505 3177 2574 gelicorum
3189 2507 3694 2566 documentorum

2037 2604 2183 2643 voce
2214 2588 2539 2646 clamabit:
2579 2593 2779 2649 Venite
2796 2595 2967 2663 foras
2987 2597 3033 2629 "
3065 2611 3101 2651 a
3123 2596 3324 2652 saculi
3344 2603 3573 2666 morte;
3605 2603 3693 2655 at-

2038 2694 2157 2749 que
2178 2684 2243 2734 ut
2260 2678 2377 2734 alio
2399 2681 2669 2752 quodam
2687 2682 2819 2738 loco
2840 2683 3462 2755 dicit,Surgiteeamus
3475 2688 3693 2758 hinc",

2038 2782 2150 2821 nos
2186 2768 2327 2822 inde
2375 2770 2758 2841 transferens,
2793 2777 2974 2844 atque
3020 2789 3055 2828 a
3088 2774 3291 2830 saeculi
3322 2782 3513 2832 morte
3552 2777 3695 2833 edu-

2040 2870 2223 2921 cens;
2259 2872 2328 2911 ac
2355 2860 2555 2913 statim
2601 2875 2631 2913 e
2684 2861 2905 2915 saculo
2959 2861 3360 2930 egrediemur,
3402 2864 3694 2936 nulloque

2039 2945 2394 3016 prohibente
2416 2947 2496 3001 ad
2521 2948 2707 3003 vitam
2736 2949 3167 3021 procedemus,
3200 2952 3440 3007 tametsi
3472 2954 3693 3010 institis

2040 3033 2412 3106 ligari,quod
2438 3036 2699 3092 maxime
2721 3054 2948 3093 novum
2978 3055 3049 3094 ac
3077 3039 3418 3096 inauditum
3441 3059 3453 3109 ;
3474 3057 3695 3114 nempe

280 3146 426 3185 sum
468 3126 789 3184 Dominum
837 3144 965 3183 esse
1016 3128 1121 3199 qui
1174 3126 1433 3182 custodit
1460 3126 1744 3198 parvulos
1768 3128 1834 3195 Π,
1862 3143 1932 3182 ac
1962 3152 2003 3205 ρ
2043 3122 2222 3178 etiam
2254 3125 2451 3178 carnis
2502 3125 2757 3180 vinculis
2810 3126 3075 3182 astricti:
3106 3128 3184 3183 ab
3222 3144 3293 3185 eo
3324 3131 3483 3186 enim
3529 3131 3699 3203 quod

275 3234 464 3292 quem
496 3214 691 3273 David
713 3216 1074 3271 vaticinatus
1105 3220 1197 3271 est
1220 3215 1540 3287 perfecisse
1570 3214 1817 3270 laudem
1864 3232 1937 3271 ex

268 3326 379 3365 ore
435 3306 761 3363 infantium
816 3311 873 3361 et
921 3305 1369 3373 lactentium”;
1425 3304 1741 3359 Zacharias
1795 3321 1937 3363 vero

264 3397 474 3454 Sionis
509 3399 734 3465 Regem
764 3395 1064 3468 praedixit,
1088 3398 1477 3450 mansuetum
1505 3399 1561 3449 et
1582 3393 1935 3467 salvantem,

266 3503 344 3542 ac
388 3485 494 3558 qui
546 3484 735 3541 asello
784 3484 1039 3539 vehatur
1067 3486 1132 3537 1°.
1186 3486 1334 3540 Cum
1384 3481 1541 3537 enim
1603 3483 1825 3538 Scriba
1884 3488 1942 3539 et

269 3574 557 3630 Pharisai
586 3572 867 3629 velamen
918 3572 1085 3628 cordi
1122 3571 1478 3642 impositum
1512 3572 1583 3637 ὀ,
1616 3570 1765 3626 dum
1798 3587 1939 3643 pro-

266 3665 468 3737 pheta
489 3678 562 3719 ac
585 3664 777 3718 Moses
793 3661 1095 3731 leguntur,
1110 3659 1397 3724 habeant,
1413 3674 1481 3715 ac
1495 3658 1726 3715 clavem
1755 3662 1942 3716 scien-

273 3754 375 3809 tia
400 3757 672 3809 tenentes
703 3751 930 3807 nedum
964 3750 1075 3823 ipsi
1112 3765 1236 3805 non
1278 3748 1715 3818 ingrediantur,
1746 3750 1851 3805 sed
1886 3754 1943 3806 et

274 3839 517 3912 ingredi
532 3839 798 3897 volentes
827 3839 1190 3912 prohibeant
1210 3842 1281 3905 ³³,
1307 3837 1626 3894 infantium
1651 3854 1776 3905 ora,
1803 3854 1941 3911 qua

272 3931 356 3987 de
384 3929 613 3986 Christo
642 3934 801 3999 sunt,
830 3928 1130 3985 vaticiniis
1161 3927 1516 4001 promendis
1541 3927 1842 3993 laxantur,
1872 3944 1942 3983 ac

270 4018 507 4093 quibus
537 4017 756 4089 lingua
800 4035 946 4073 usus
989 4024 1266 4087 negatus,
1312 4016 1484 4090 pueri
1516 4016 1940 4083 balbutientes,

277 4109 725 4181 Scripturarum
743 4108 1004 4163 obscura
1016 4106 1453 4162 dilucidissime
1467 4105 1823 4176 explanant;
1839 4106 1943 4161 do-

275 4202 537 4269 centque
585 4196 807 4251 surdos
852 4201 1156 4267 parentes,
1205 4211 1274 4250 ac
1317 4194 1422 4266 qui
1462 4209 1629 4249 more
1660 4194 1941 4266 aspidum

277 4303 460 4343 aures
508 4287 801 4343 obturant
829 4287 895 4338 ²².
934 4285 1094 4340 Docti
1129 4300 1165 4339 a
1196 4287 1317 4340 Deo
1344 4284 1533 4356 pueri,
1562 4288 1804 4356 sumpto
1836 4283 1944 4341 Da-

271 4376 473 4432 vidico
526 4374 839 4447 psalterio,
870 4373 1180 4446 lectisque,
1213 4389 1351 4445 qua
1403 4372 1520 4427 sint
1566 4378 1711 4444 apta
1764 4376 1942 4443 atque

2046 3216 2134 3266 est
2162 3212 2384 3267 vincire
2413 3213 2708 3280 animam,
2735 3217 2938 3272 Graca
2968 3232 3116 3273 voce
3145 3214 3309 3290 ὃέμας
3354 3222 3451 3289 (ac
3494 3221 3539 3275 si
3574 3221 3699 3275 vin-

2047 3300 2249 3356 culum
2275 3301 2462 3374 dicas)
2492 3303 2865 3375 sapientibus
2891 3321 3113 3378 corpus
3159 3314 3571 3381 nuncupatur.
3608 3310 3699 3365 Ni-

2045 3389 2131 3444 hil
2151 3394 2353 3445 tamen
2380 3390 2526 3445 illud
2560 3397 2739 3462 vetat,
2780 3394 2929 3465 quin
2958 3395 3172 3450 mundi
3218 3397 3402 3467 hujus
3442 3402 3701 3455 mortem

2048 3476 2349 3533 aﬂ'erentis
2368 3480 2807 3535 necessitudine
2823 3483 3364 3549 excedamus,dum
3380 3485 3577 3541 solum
3592 3488 3700 3542 Do-

2048 3567 2197 3622 mini
2249 3582 2462 3623 vocem
2504 3569 2899 3635 audierimus,
2945 3576 3125 3643 atque
3172 3572 3253 3628 ad
3302 3573 3503 3645 ipsum
3535 3580 3703 3632 extra

2049 3660 2249 3711 castra
2277 3671 2591 3725 exeamus,
2624 3656 2782 3713 velut
2808 3659 2913 3730 qui
2967 3665 3316 3717 manentem
3363 3662 3459 3717 hic
3504 3661 3705 3718 civita—

2049 3749 2191 3813 tem,
2224 3750 2289 3800 ut
2316 3745 2558 3801 divinus
2588 3748 2909 3818 Apostolus
2955 3748 3220 3821 loquitur
3237 3751 3305 3817 ³ο,
3334 3767 3457 3808 non
3482 3752 3709 3809 habea-

2048 3848 2207 3898 mus,
2231 3849 2342 3888 nec
2370 3834 2507 3889 vita
2532 3836 2888 3906 reparanda
2920 3853 3090 3909 spem
3122 3837 3506 3909 abjiciamus,
3534 3839 3632 3895 vel
3656 3840 3707 3897 si

2049 3922 2262 3977 mundi
2282 3921 2528 3977 libidine
2550 3923 2939 3995 quatriduani
2956 3925 3234 3981 fatemus
3259 3945 3270 3993 ;
3291 3927 3397 3999 qui
3416 3927 3705 3983 nimirum

2050 4016 2311 4083 quatuor
2332 4017 2555 4082 atates,
2573 4014 2911 4083 pueritiam,
2936 4014 3431 4086 adolescentiam,
3449 4016 3703 4085 virilem,

2051 4117 2121 4158 ac
2161 4106 2529 4156 senectutem
2559 4102 2776 4157 mortui
2803 4105 3130 4177 egerimus,
3174 4110 3358 4177 atque
3389 4105 3465 4161 ad
3508 4105 3705 4178 ipsam

2050 4190 2514 4247 dissolutionem
2565 4191 2961 4248 venerimus:
3020 4193 3247 4266 quippe
3287 4194 3551 4269 Christus
3601 4194 3707 4267 qui

2049 4279 2269 4335 mortui
2296 4278 2414 4335 sint
2438 4278 2669 4335 delictis
2689 4281 2733 4314 ⁸¹
2765 4282 3056 4337 suscitare
3086 4282 3270 4338 novit.
3325 4283 3418 4339 Ad
3460 4284 3588 4339 hac
3614 4286 3709 4354 ju-

2050 4368 2236 4424 menti
2257 4367 2522 4423 indolem
2559 4368 2725 4441 apud
2748 4369 3117 4426 Salvatorem
3153 4371 3377 4428 Davide
3398 4377 3641 4428 auctore
3659 4373 3707 4407 ³²

273 4468 638 4534 congruant,
662 4463 793 4534 ejus
810 4462 1079 4527 canticis,
1113 4461 1308 4517 Solem
1325 4460 1571 4532 justitia
1602 4459 1941 4533 aquilarum
1974 4502 2019 4556 Β
2050 4457 2397 4524 induamus,
2428 4462 2493 4513 ut
2523 4473 2749 4529 pompa
2774 4475 2885 4531 pro
2916 4459 3093 4515 nobis
3124 4461 3418 4517 adversus
3450 4467 3707 4556 mortem

274 4551 442 4607 visus
467 4552 749 4609 acumine
773 4550 929 4607 clare
952 4550 1348 4623 prospiciunt,
1370 4564 1440 4604 ac
1461 4548 1812 4621 parentibus
1831 4549 1935 4621 qui

280 4644 456 4695 acute
486 4656 728 4696 cernere
777 4639 989 4703 nolint,
1021 4654 1135 4693 nec
1175 4638 1388 4711 aquila
1419 4638 1734 4708 juventute
1763 4653 1939 4693 reno-

278 4734 511 4795 ventur,
527 4729 627 4785 sed
644 4729 857 4785 littera
878 4731 1177 4783 vetustate
1199 4727 1535 4795 cacutiant,
1557 4726 1937 4798 adaperiunt:

276 4818 591 4881 Hosanna,
630 4819 836 4885 aiunt;
882 4815 1244 4871 Benedictus
1273 4815 1379 4886 qui
1417 4816 1578 4871 venit
1609 4816 1673 4870 in
1703 4816 1943 4872 nomine

274 4910 535 4980 Domini,
574 4912 698 4966 Rea:
744 4906 1045 4964 Israel”.
1072 4905 1185 4959 Vix
1224 4921 1348 4961 non
1376 4904 1565 4975 digito
1603 4908 1945 4961 monstrant

267 4998 567 5068 infantes,
626 5004 818 5073 atque
877 4994 1197 5067 predicant
1251 4994 1445 5051 Sionis
1512 4996 1732 5063 Regem
1789 5008 1939 5061 esse,

259 5094 657 5147 mansuetum
678 5088 864 5144 illum
895 5099 967 5139 ac
1000 5082 1357 5139 salvantem.
1392 5082 1558 5138 Idem
1591 5082 1753 5138 enim
1782 5082 1944 5139 valet

246 5182 563 5250 Hosanna,
597 5197 692 5245 ac,
732 5177 962 5241 Salva,
998 5187 1216 5243 quaso.
1253 5172 1424 5230 Haud
1452 5179 1653 5227 tamen
1687 5172 1945 5229 miracu-

236 5275 366 5334 lum
413 5274 479 5331 in
531 5284 775 5347 pueros
832 5262 1133 5319 convertit
1174 5263 1278 5334 qui
1317 5261 1724 5318 incircumcisi
1754 5261 1947 5318 cordi-

1078 5420 1123 5455 ¹³
1154 5418 1297 5479 Luc.
1355 5437 1473 5489 vni,
1505 5425 1591 5476 54.

1145 5493 1190 5526 ¹⁹
1223 5493 1400 5550 Zach.
1446 5509 1523 5561 ιχ,
1567 5498 1619 5548 9.

1130 5564 1177 5597 ³⁵
1209 5568 1324 5619 lsa.
1360 5580 1397 5629 1,
1428 5567 1479 5619 5.

1060 5634 1107 5669 ³¹
1141 5634 1368 5691 Coloss.
1390 5650 1450 5704 ιι,
1486 5638 1570 5691 13.

304 5441 350 5473 ¹²
381 5436 548 5494 Psal.
580 5440 867 5490 Lxxxvn,
912 5426 994 5477 ll.

232 5493 475 5582 cxrv,i6.r
545 5507 593 5542 ¹⁸
632 5498 811 5582 Psal.
849 5493 1063 5582 vin,

227 5568 319 5652 cn,
350 5568 403 5639 ἑ.
485 5582 535 5616 ἰ
567 5572 809 5652 _Matth.
845 5568 1051 5652 1x337.

224 5640 317 5716 31.
394 5656 446 5690 ³ο
467 5650 674 5711 Hebr.
718 5654 861 5709 xm,
891 5640 981 5692 13.

1671 5422 1716 5455 ¹¹ο
1747 5421 1884 5476 Luc.
1918 5436 2015 5491 vn,
2066 5423 2151 5475 14.

1699 5493 1747 5527 ²⁰
1776 5492 1822 5546 II
1874 5492 2005 5546 Cor.
2057 5507 2141 5559 ιιι,
2194 5494 2276 5545 15.

1557 5565 1605 5598 ³⁸
1636 5565 1777 5619 Gen.
1805 5578 1960 5629 xm,
1993 5567 2080 5619 ll.

1648 5634 1696 5670 ³³
1734 5633 1897 5691 Psal.
1926 5651 1965 5704 ι,
1996 5637 2054 5691 3.

2054 4546 2479 4619 procedentem
2506 4548 2707 4618 ipsum
2739 4548 3053 4603 vehamus.
3084 4551 3432 4605 Sternamus
3460 4550 3510 4605 ei
3529 4551 3706 4607 vesti-

2044 4639 2271 4701 menta,
2302 4649 2523 4705 nempe
2567 4650 2810 4691 carnem
2861 4637 3095 4708 spiritui
3141 4638 3548 4709 subjicientes,
3599 4638 3710 4694 hu-

2047 4723 2360 4779 militatem
2377 4724 2737 4781 colamus.Si
2758 4725 3019 4781 necdum
3035 4725 3174 4782 licet
3187 4727 3249 4782 in
3269 4727 3515 4783 arbores
3534 4727 3711 4799 juxta

2052 4829 2351 4886 aquarum
2407 4815 2599 4869 exitus
2654 4814 2919 4871 consitas
2940 4817 3009 4882 '3,
3066 4822 3217 4889 puta
3258 4818 3550 4890 palmam,
3604 4823 3715 4877 aut

2052 4902 2295 4958 cedrum
2330 4902 2559 4971 Libani,
2588 4903 2711 4959 sive
2738 4904 2962 4961 olivam
2988 4903 3357 4962 fructiferam
3382 4906 3708 4979 (cujusmo-

2053 4992 2115 5048 di
2141 4991 2322 5048 arbor
2350 4991 2459 5047 Job
2511 4991 2608 5047 ille
2636 4993 2833 5063 justus
2883 4998 3030 5063 erat,
3077 4994 3426 5064 cujusmodi
3469 4995 3709 5050 divinus

2053 5081 2244 5136 David
2266 5080 2611 5137 adolescere
2648 5098 2662 5135 :
2694 5081 2791 5137 vel
2814 5098 3020 5139 ramos
3043 5099 3114 5139 ex
3132 5084 3354 5138 sanctis
3381 5082 3495 5138 illis
3527 5082 3708 5139 arbo-

2051 5170 2240 5237 ribus,
2271 5169 2561 5225 virtutum
2612 5170 2835 5226 scilicet
2866 5171 3148 5238 stolones,
3179 5170 3405 5243 quibus
3446 5170 3531 5226 illi
3583 5187 3710 5229 sca-

2052 5264 2243 5317 tentes
2288 5258 2734 5329 eluxuriabant,
2766 5258 3073 5330 tollamus,
3104 5260 3445 5335 plausuque
3467 5262 3709 5319 venien-

2233 5419 2278 5454 15
2322 5418 2479 5475 Psal.
2531 5435 2728 5485 vam,
2769 5424 2850 5477 15.
2931 5421 2977 5456 ¹⁶
2996 5421 3173 5477 Joan.
3200 5437 3275 5489 ix,
3310 5425 3399 5477 29.
3479 5423 3523 5458 ¹⁷
3555 5422 3708 5479 Psal.

2356 5492 2401 5562 ξι
2454 5493 2593 5545 Luc.
2627 5507 2688 5559 ll,
2731 5494 2822 5548 52.
2898 5493 2947 5527 ²²
2986 5492 3141 5549 Psal.
3173 5510 3307 5562 Lvu,
3342 5498 3394 5548 ὅ.
3470 5494 3520 5528 ³⁸
3548 5495 3709 5550 Psal.

2159 5561 2202 5596 ³⁷
2240 5560 2394 5618 Psal.
2424 5577 2612 5631 me,
2641 5566 2693 5617 9.
2772 5562 2821 5596 ’⁸
2843 5563 3017 5621 Joan.
3046 5579 3112 5636 ιι,
3136 5567 3230 5622 44.
3291 5560 3356 5601 ’³ο
3387 5567 3566 5625 Joam
3592 5580 3721 5632 xxv,
