4148 6382
510 268 614 329 327

1394 265 1762 326 MICHAELIS
1799 256 2186 323 ACOMINATI
2221 255 2665 318 ATHENARUM
2699 257 3028 321 AFCHIEP.

3820 263 3928 322 328

508 397 630 452 tem
655 393 1042 468 accipientes,
1085 391 1377 452 Salvatori
1423 391 1895 466 praetendamus.
1945 387 2001 445 Si
2039 387 2158 442 fue-
2187 386 2236 441 Α
2275 384 2634 456 loquebatur
2685 388 2767 444 ad
2817 389 3017 445 eos“:
3062 397 3175 444 nec
3218 382 3378 442 velut
3424 383 3509 442 illi
3554 384 3638 442 dii
3687 401 3930 459 sumus,

507 482 698 540 rimus
722 483 866 555 justi
903 482 1207 548 homines,
1247 497 1514 551 veraces,
1576 481 1702 537 sine
1745 477 2016 546 crimine,
2059 475 2160 531 Dei

509 571 880 640 cultores,ab
901 572 1070 628 omni
1100 588 1164 629 re
1181 571 1345 629 mala
1372 586 1485 627 nos
1511 570 1901 636 abstinentes,
1926 565 2010 622 sic
2028 563 2161 621 lobi

508 674 676 716 more
695 661 743 696 ³⁸
771 660 1052 733 perfectae
1083 660 1490 717 exstiterimus
1535 658 1802 729 arbores,
1852 655 1957 730 qui
1983 653 2159 710 nimi-

505 763 642 806 rum
657 753 722 806 ut
740 749 1015 806 sublimis
1028 749 1438 822 frondosaque
1454 748 1660 821 palma
1671 745 1946 812 efﬂoruit;
1961 742 2160 801 aiebat

507 837 670 893 enim
719 837 844 894 fore
886 841 951 893 ut
993 842 1332 895 senesceret
1375 841 1522 894 mtas
1553 853 1682 905 sua,
1715 835 1868 893 sicut
1913 839 2159 891 truncus

506 925 764 999 palmae:
805 941 1138 1000 rursusque
1171 925 1394 983 erimus
1432 927 1517 982 uti
1566 924 1752 982 David
1801 923 1961 981 oliva
2006 923 2158 979 fruc-

507 1014 678 1072 tifera
706 1015 776 1083 ⁸⁸,
805 1015 857 1071 si
877 1015 1007 1088 ejus
1041 1015 1260 1088 pariter
1284 1015 1672 1084 fortitudinis,
1706 1030 1778 1070 ac
1809 1017 2158 1070 mansuetu-

507 1103 666 1161 dinis
697 1105 1076 1162 aemulatores
1103 1106 1411 1177 fuerimus,
1437 1122 1560 1178 quo
1591 1105 1678 1160 vir
1698 1103 1863 1161 cordi
1888 1103 2154 1176 placens,

509 1207 702 1266 exque
733 1194 860 1265 ejus
892 1195 1163 1250 moribus
1213 1209 1249 1250 a
1296 1197 1413 1250 Deo
1461 1195 1861 1250 inveniamur.
1895 1192 2065 1258 Quod
2110 1191 2158 1246 si

508 1289 716 1340 nostra
736 1283 982 1354 segnitie
1010 1299 1132 1340 non
1161 1299 1488 1356 possumus
1511 1299 1756 1339 omnem
1775 1282 2015 1338 illorum
2041 1279 2154 1336 vir-

507 1375 697 1428 tutem
755 1373 997 1437 imitari,
1066 1373 1244 1429 ﬂores
1300 1371 1457 1443 illos,
1524 1373 1826 1429 fructuum
1893 1371 2154 1444 copiam,

506 1460 882 1532 patientiam,
900 1460 1179 1518 laborum
1202 1462 1662 1532 certamina,vel
1684 1461 1922 1519 Davidis
1947 1461 2158 1517 saltem

505 1550 1053 1622 mansuetudinem,
1084 1557 1188 1607 aut
1217 1551 1582 1608 modestiam
1609 1553 1883 1608 colamus
1913 1553 1983 1621 3°,
2012 1566 2160 1624 qua-

506 1641 678 1695 tenus
710 1639 894 1696 etiam
927 1655 992 1696 se
1021 1656 1312 1710 vermem,
1345 1657 1471 1697 non
1518 1657 1658 1698 vero
1710 1640 2020 1697 hominem
2053 1656 2156 1713 ap-

2269 488 2464 546 neque
2489 475 2595 532 ﬁlii
2617 477 2850 534 Excelsi
2869 479 2952 544 ‘5;
2981 476 3087 533 sed
3118 475 3272 532 sicut
3289 473 3567 532 homines
3607 476 3929 546 morimur,

2269 568 2326 621 et
2359 566 2511 624 sicut
2567 583 2725 624 unus
2763 583 2795 624 e
2844 567 3222 640 principibus
3252 565 3546 622 cadimus.
3589 553 3748 622 Versa
3795 567 3932 624 haec

2267 654 2500 726 objicis,
2533 672 2565 713 ο
2590 657 2788 727 bone;
2821 673 2892 715 ac
2923 673 3035 713 nos
3067 656 3337 730 quidem,
3370 656 3585 729 inquit,
3630 656 3777 713 tales
3826 673 3931 713 su-

2267 760 2443 814 mus;
2494 751 2559 802 tu
2604 762 2743 804 vero
2789 747 2952 804 unde
2989 745 3164 803 nobis
3202 761 3395 802 novus
3433 749 3678 818 repente
3717 744 3932 805 Daniel

2267 839 2431 892 ortus
2461 840 2550 892 est
2569 835 2654 890 ‘7?
2673 837 2812 904 Quis
2845 837 2953 895 tibi
2984 836 3429 911 presbyterium
3458 835 3646 902 dedit,
3677 840 3742 893 ut
3765 836 3930 909 judi-

2267 923 2434 981 cibus
2459 924 2755 996 judicium
2799 943 3016 1000 ponas,
3051 942 3122 984 ac
3171 926 3475 983 illuminas
3518 925 3784 997 oculum,
3817 925 3932 1000 qui

2268 1028 2395 1085 pes,
2421 1019 2523 1071 aut
2548 1031 2790 1084 manus,
2816 1015 2908 1072 vel
2947 1016 3111 1074 auris
3141 1015 3410 1087 exsistas,
3444 1019 3624 1088 atque
3664 1013 3790 1071 ovis
3821 1030 3935 1088 pa-

2267 1108 2488 1160 storem
2511 1120 2728 1178 pascas
2750 1121 2821 1162 ac
2845 1121 3042 1176 regas,
3071 1105 3420 1177 doctorique
3443 1103 3774 1178 discipulus
3791 1119 3935 1162 san-

2267 1191 2392 1250 cias
2412 1194 2440 1247 ?
2461 1209 2722 1266 quorum
2771 1193 3020 1251 leonum
3050 1209 3156 1251 ora
3184 1193 3490 1250 frenasti"
3511 1193 3540 1249 ?
3570 1193 3744 1265 cujus
3785 1192 3932 1251 dra-

2267 1281 2458 1348 conis,
2489 1283 2614 1338 sine
2648 1298 2796 1338 saxo
2835 1299 2907 1339 ac
2950 1282 3103 1338 fuste
3147 1282 3417 1338 medium
3465 1286 3734 1338 ventrem
3765 1280 3933 1338 diru-

2268 1371 2408 1442 pisti
2425 1373 2470 1406 δ’
2491 1371 2518 1427 ‘I
2541 1373 2828 1437 Quzenam
2851 1371 2958 1428 tibi
2974 1371 3310 1427 futurorum
3329 1369 3590 1427 revelata
3605 1370 3934 1444 mysteria?

2269 1460 2422 1516 Proh
2451 1460 2800 1525 caecitatem,
2828 1475 2952 1532 qua
2981 1460 3273 1516 festucam
3315 1459 3374 1515 in
3403 1460 3599 1516 fratris
3629 1459 3806 1516 oculo
3846 1459 3935 1517 vi-

2267 1550 2398 1618 des,
2430 1565 2543 1606 nec
2573 1549 2635 1606 in
2667 1555 2720 1606 te
2760 1549 3095 1607 maximam
3120 1549 3350 1606 trabem
3381 1549 3642 1605 advertis
3663 1547 3744 1604 5°!
3792 1551 3933 1606 Non

2270 1655 2482 1694 sumus
2521 1638 2780 1710 Samuel,
2813 1654 3012 1712 neque
3049 1645 3276 1706 Aaron;
3329 1653 3527 1711 neque
3571 1637 3732 1694 enim
3771 1637 3937 1694 sicut

501 1726 768 1800 pellebat
790 1729 859 1764 ³³·
891 1746 906 1784 :
945 1727 1041 1785 vel
1068 1745 1266 1786 mores
1309 1730 1599 1802 paciﬁcos
1626 1747 1764 1786 cum
1789 1731 1885 1797 iis,
1917 1730 2021 1803 qui
2049 1745 2153 1803 pa-
2185 1739 2225 1795 Β
2264 1727 2345 1784 illi
2363 1727 2466 1784 Dei
2491 1727 2835 1785 testimonia
2860 1727 3333 1792 custodimus,et
3359 1725 3648 1784 mandata
3664 1725 3767 1783 Dei
3783 1742 3933 1800 quae

504 1830 636 1873 cem
655 1817 913 1874 oderunt
933 1819 1003 1885 ³⁷,
1021 1819 1295 1875 animum
1319 1819 1465 1875 nihil
1484 1819 1542 1874 in
1545 1819 1842 1891 juriarum
1858 1824 2154 1884 tenacem,

501 1905 828 1973 lenitatem,
859 1923 1196 1981 rursusque
1234 1907 1366 1965 Jobi
1405 1910 1466 1965 in
1499 1909 1929 1967 tentationibus
1967 1909 2154 1966 invic-

503 1998 630 2052 tam
655 1996 1080 2064 constantiam,
1113 1997 1366 2055 liberare
1386 2014 1717 2072 pauperem
1749 1999 1824 2055 de
1847 2016 2033 2056 manu
2053 2015 2158 2072 po-

502 2084 699 2154 tentis,
717 2085 1013 2159 pupillum
1032 2087 1247 2158 juvare
1269 2088 1364 2144 cui
1383 2088 1536 2144 desit
1555 2089 1627 2144 ad
1631 2089 1794 2160 jutor
1815 2089 1884 2158 ³³,
1906 2089 2156 2145 induere

498 2173 813 2246 justitiam,
842 2189 914 2230 ac
945 2178 1235 2248 tanquam
1263 2174 1530 2248 diploide
1561 2192 1623 2232 se
1649 2177 1859 2233 vestire
1885 2177 2113 2249 judicio
2137 2193 2152 2244 ;

502 2261 748 2319 oculum
781 2278 909 2320 esse
963 2279 1285 2333 caecorum,
1318 2264 1674 2321 claudorum
1699 2265 1940 2338 pedem,
1989 2267 2154 2323 inva-

499 2350 758 2408 lidorum
788 2357 1045 2424 patrem.
1076 2355 1297 2410 Harum
1342 2354 1631 2411 virtutum
1676 2371 1862 2428 opera
1902 2356 1952 2412 si
1991 2356 2155 2412 exhi-

500 2439 836 2509 buerimus,
869 2457 940 2497 ex
973 2443 1297 2499 arboribus
1329 2459 1366 2500 a
1398 2447 1515 2500 Deo
1539 2445 1682 2501 satis
1707 2462 1910 2502 ramos
1940 2446 2156 2502 excidi-

500 2545 663 2599 mus,
696 2547 766 2587 ac
788 2530 1112 2588 Salvatoris
1144 2532 1337 2589 cultus
1361 2533 1760 2604 gestavimus.

571 2618 663 2676 Ad
692 2619 822 2676 haec
863 2636 976 2677 nos
1017 2638 1054 2677 a
1109 2622 1284 2679 malis
1341 2622 1790 2680 abstineamus:
1834 2623 2154 2682 infantium

500 2707 945 2781 simplicitatem
991 2709 1314 2782 imitemur,
1351 2712 1564 2768 talium
1605 2714 1760 2768 enim
1791 2719 1873 2768 est
1904 2728 2155 2784 regnum

500 2799 786 2856 calorum
799 2799 867 2855 ³⁸.
890 2801 971 2855 Ex
991 2799 1210 2856 horum
1241 2801 1422 2857 etiam
1439 2816 1539 2857 ore
1556 2817 1720 2858 nunc
1736 2804 1889 2858 Deus
1908 2803 2153 2859 laudem

497 2888 760 2961 perfecit.
798 2889 855 2946 Si
886 2890 1156 2946 Ecclesiae
1178 2889 1336 2946 ﬁlius
1358 2891 1775 2954 es,humiliare
1798 2894 1948 2948 sicut
1978 2893 2144 2950 abla-

497 2982 690 3034 ctatus
721 2994 905 3052 super
930 2983 1119 3035 matre
1159 2995 1270 3036 sua
1291 2981 1357 3034 ‘0.
1379 2980 1504 3036 Noli
1553 2979 1795 3036 malitiae
1827 2981 2052 3037 haerere
2085 2998 2154 3037 ac

2266 1816 2433 1874 dedit
2446 1817 2622 1874 nobis
2639 1834 2652 1869 :
2671 1833 2794 1874 non
2819 1822 3020 1874 tamen
3047 1822 3366 1891 propterea
3380 1815 3484 1889 qui
3501 1831 3625 1872 non
3646 1831 3930 1889 spernas,

2267 1923 2372 1964 seu
2401 1907 2548 1964 alias
2573 1907 2829 1978 judices,
2851 1906 3282 1979 justiticaberis
3307 1925 3320 1975 ;
3343 1910 3464 1978 aut,
3481 1905 3651 1978 quod
3677 1905 3935 1962 misera-

2264 1996 2509 2065 bilius,a
2527 2011 2712 2070 poena
2726 1996 3014 2052 immunis
3031 1995 3164 2060 eris,
3183 1994 3402 2068 partim
3423 1995 3675 2050 docente
3691 1994 3934 2052 Christo

2265 2091 2330 2143 ut
2375 2102 2509 2158 quae
2559 2085 2765 2142 dicunt
2813 2087 3158 2142 sacerdotes
3203 2083 3498 2156 sequaris,
3539 2099 3738 2157 neque
3784 2098 3933 2156 quae

2265 2181 2454 2246 agunt
2468 2175 2765 2231 curiosius
2785 2173 3054 2248 inquiras
3075 2174 3118 2210 ⁵¹
3149 2189 3162 2239 ;
3189 2173 3411 2246 partim
3432 2178 3718 2230 monente
3737 2171 3933 2230 Paulo

2269 2269 2332 2321 ut
2351 2263 2688 2338 praepositis
2708 2262 2983 2331 obedias,
2997 2279 3066 2319 ac
3087 2261 3200 2318 illis
3226 2260 3537 2332 subjectus
3555 2261 3636 2318 sis
3657 2276 3670 2328 ;
3688 2260 3928 2334 quippe

2264 2355 2370 2426 qui
2391 2353 2637 2424 vigilent
2659 2358 2952 2425 tanquam
2982 2352 3279 2408 rationem
3312 2367 3424 2424 pro
3455 2351 3778 2412 animabus
3811 2367 3934 2406 no-

2268 2444 2404 2500 stris
2431 2443 2719 2500 reddituri
2738 2445 2807 2498 ".
2827 2442 3029 2512 Vides,
3054 2443 3261 2513 jussus
3283 2442 3410 2515 ipse
3431 2457 3568 2498 sum
3592 2445 3658 2497 ut
3681 2440 3935 2513 vigilem

2265 2549 2336 2590 ac
2361 2550 2496 2606 quae
2525 2539 2576 2590 te
2609 2531 3265 2605 spectant,diligentius
3288 2537 3540 2603 scruter,
3568 2529 3724 2587 velut
3745 2531 3936 2588 ratio-

2264 2637 2406 2678 nem
2445 2638 2555 2694 pro
2604 2626 2659 2678 te
2707 2621 3051 2678 redditurus
3086 2639 3098 2690 ;
3144 2636 3267 2677 non
3299 2620 3405 2676 tibi
3447 2626 3820 2694 praeceptum
3857 2625 3938 2678 ut

2265 2712 2512 2768 easdem
2533 2711 2593 2767 in
2615 2727 2713 2767 me
2736 2715 2936 2783 partes
2960 2709 3336 2782 exsequaris.
3357 2711 3506 2780 Lege
3519 2710 3934 2766 mihicautum

2268 2807 2330 2858 ut
2349 2801 2558 2875 populi
2587 2801 2820 2874 lepram
2841 2800 3185 2873 dispiciam,
3210 2815 3282 2856 ac
3304 2799 3410 2872 qui
3425 2800 3541 2855 hac
3573 2797 3931 2869 aegritudine

2264 2891 2497 2948 laboret
2526 2890 2620 2947 vel
2643 2890 2962 2961 mundum,
2983 2888 3078 2945 vel
3100 2888 3484 2945 immundum
3506 2887 3894 2960 pronuntiem
3916 2902 3932 2944 :

2263 2996 2446 3054 parce
2465 2981 2645 3052 igitur
2669 2979 2965 3050 dignitati,
2989 2980 3164 3052 eique
3188 2978 3585 3035 reverentiam
3603 2975 3936 3050 habe,quae

497 3067 818 3140 superbiae,
846 3068 1062 3124 nutrici
1089 3068 1148 3123 in
1168 3068 1378 3140 spiritu
1405 3067 1665 3124 adhaere.
1685 3071 1987 3135 Quorsum
2011 3087 2150 3128 cum
2193 3096 2232 3151 ς
2269 3070 2563 3126 Aaronico
2590 3085 2662 3126 ac
2692 3068 2986 3126 Samuelis
3017 3067 3352 3124 sacerdotio
3384 3072 3564 3140 atque
3593 3066 3804 3122 ordine
3833 3081 3938 3122 ve-

497 3156 617 3212 Deo
646 3171 905 3229 pugnas,
923 3156 1026 3228 qui
1051 3157 1342 3212 adversus
1371 3157 1579 3212 Christi
1602 3173 1892 3230 sponsam
1923 3159 2161 3219 insania

495 3244 707 3300 feraris
724 3245 752 3298 ?
778 3244 1122 3300 Maledictio
1143 3248 1355 3301 matris
1377 3246 1532 3302 eruit
1551 3247 1957 3315 fundamenta
1984 3251 2158 3308 “.Sin

498 3338 702 3388 autem
721 3331 823 3388 illa
847 3332 1027 3388 etiam
1049 3333 1261 3389 Christi
1284 3349 1515 3406 sponsa
1535 3335 1786 3406 est,ejus
1814 3337 2156 3396 maledictio

496 3421 645 3493 quid
674 3437 797 3478 non
826 3422 1182 3494 praestabit?
1220 3423 1348 3480 Noli
1385 3424 1488 3497 qui
1539 3440 1647 3497 per
1687 3425 1996 3497 baptisma
2042 3429 2143 3486 Dei

496 3510 656 3567 ﬁlius
685 3511 879 3569 factus
896 3528 979 3579 es,
1010 3512 1069 3567 in
1093 3512 1293 3584 vipere
1310 3513 1495 3569 fetum
1515 3514 1978 3580 demutari,eam
1999 3534 2156 3574 mor-

498 3599 743 3657 dentem
773 3617 845 3657 ac
862 3600 1215 3658 exedentem
1233 3619 1366 3675 quae
1389 3609 1443 3659 te
1469 3603 1761 3677 spirituali
1784 3611 1957 3677 partu
1979 3608 2156 3664 enixa

497 3695 617 3752 est:
645 3705 842 3764 neque
873 3691 1143 3761 ingratus
1186 3692 1676 3765 deprehenderis,
1700 3695 1806 3767 qui
1847 3695 2010 3752 velut
2039 3698 2153 3754 asi-

495 3793 612 3836 nus
643 3778 795 3836 lacte
825 3780 1118 3837 distentus
1157 3781 1219 3837 in
1264 3781 1533 3838 altricem
1588 3783 1877 3840 calcitres.
1919 3787 2156 3842 Terreat

495 3865 822 3940 ﬂagellum,
841 3885 965 3943 quo
989 3870 1166 3943 plexo
1194 3871 1373 3927 hodie
1391 3872 2146 3946 Christus,contemptores,

495 3975 568 4016 ac
589 3960 689 4032 qui
705 3959 1100 4032 profanarent
1114 3960 1370 4016 domum
1388 3961 1698 4029 orationis,
1713 3961 2002 4019 credendo
2016 3963 2153 4020 abe-

495 4047 580 4118 git
597 4049 666 4105 ".
687 4051 922 4104 Terreat
947 4052 1001 4103 te
1022 4047 1344 4120 proditoris
1363 4049 1557 4115 restis,
1582 4065 1656 4105 nc
1677 4054 1735 4106 et
1764 4050 1890 4123 ipse
1917 4051 1976 4107 in
2011 4068 2146 4108 eam

492 4137 747 4203 incidas,
799 4137 905 4208 qui
950 4136 1145 4192 locelli
1187 4153 1373 4194 causa
1435 4139 1792 4209 magistrum
1858 4141 2147 4210 tradidit;

493 4236 643 4281 neve
670 4225 879 4281 nefarii
904 4241 1114 4281 eorum
1139 4223 1367 4282 consilii
1395 4227 1595 4284 socius
1607 4228 1905 4299 efficiaris,
1923 4229 2151 4301 quibus

495 4329 634 4370 cum
668 4313 893 4386 Caipha
921 4318 978 4369 et
1007 4313 1188 4370 Pilato
1214 4319 1519 4387 pastorem
1551 4323 1860 4388 percutere
1899 4333 1970 4373 ac
2001 4334 2145 4374 oves

2270 3160 2597 3216 nerabilior
2627 3161 2899 3216 exsistat.
2950 3158 3300 3216 Serviebant
3354 3158 3436 3214 illi
3484 3157 3716 3214 umbrae
3767 3155 3934 3213 futu-

2269 3266 2498 3316 rorum,
2530 3265 2641 3305 nos
2681 3255 2882 3306 autem
2909 3248 3120 3304 Christi
3152 3248 3468 3305 sacerdotii
3506 3248 3785 3304 unctione
3823 3245 3931 3302 de-

2267 3337 2439 3395 libuti
2490 3355 2718 3395 sumus.
2755 3337 2897 3404 Quis
2945 3337 3164 3408 majori
3209 3337 3436 3410 Caipha
3476 3337 3933 3393 abominatione

2267 3428 2613 3496 habendus,
2645 3427 2751 3501 qui
2789 3427 3093 3484 Christum
3132 3427 3670 3484 condemnavit”?
3701 3425 3798 3482 ille
3835 3425 3927 3482 ni-

2266 3518 2594 3574 hilominus
2624 3517 2760 3573 talis
2791 3533 2900 3573 ceu
2939 3517 3209 3590 pontifex
3249 3517 3392 3572 anni
3420 3516 3576 3572 illius
3606 3515 3935 3589 prophetia

2264 3607 2557 3677 fungitur,
2591 3606 2866 3679 ceditque
2909 3605 3118 3676 lingua
3153 3605 3254 3662 illa
3297 3605 3537 3678 Spiritui
3597 3621 3923 3678 organum,

2265 3713 2403 3769 quae
2435 3697 2612 3752 morti
2665 3697 2965 3753 Christum
2998 3695 3248 3752 addixit.
3293 3696 3385 3753 Sic
3441 3697 3596 3752 Deus
3637 3695 3928 3751 sacerdo-

2267 3787 2414 3842 tium
2443 3786 2746 3842 honorare
2773 3785 2961 3854 novit,
2993 3789 3058 3841 ut
3105 3784 3236 3856 ejus
3268 3800 3455 3841 causa
3485 3785 3662 3841 etiam
3699 3783 3931 3857 Spiritu

2265 3874 2428 3932 ai’ﬂet
2451 3873 2555 3947 qui
2585 3873 2753 3946 impii
2795 3879 2962 3929 sunt:
3015 3877 3077 3928 tu
3105 3889 3248 3930 vero
3297 3889 3438 3928 cum
3465 3877 3520 3928 te
3551 3873 3790 3929 deceret
3819 3889 3930 3930 sa—

2266 3963 2602 4020 cerdotium
2629 3961 2929 4031 vereri,ac
2958 3968 3177 4017 nostrae
3197 3961 3562 4034 propensius
3588 3961 3930 4019 infirmitati

2261 4067 2552 4124 parcere;
2585 4066 2757 4106 secus
2804 4065 2948 4106 vero
2980 4049 3111 4121 ejus
3156 4050 3474 4106 occasione
3523 4065 3594 4106 ac
3633 4055 3933 4122 praetextu

2261 4142 2616 4197 inconcessa
2652 4139 2973 4212 praesumis
3012 4139 3252 4212 illisque
3289 4140 3490 4212 pueris
3521 4141 3931 4198 succenturie-

2261 4231 2361 4301 ris,
2391 4229 2495 4302 qui
2527 4229 2717 4285 Elisaei
2764 4229 3004 4286 calvum
3056 4234 3242 4301 caput
3273 4229 3750 4300 subsannarunt,
3783 4245 3932 4286 cum

2261 4319 3114 4393 nescirent,quotquantisque
3127 4319 3463 4392 caputillud
3477 4318 3655 4376 donis
3672 4319 3934 4391 Spiritus

493 4397 839 4474 dispergere
869 4404 1162 4460 convenit.
1192 4406 1486 4461 Hactenus
1520 4407 1681 4462 enim
1708 4406 1918 4462 omitto
1952 4406 2148 4463 dicere
2179 4448 2222 4501 Β
2265 4413 2578 4466 ornaretur
2597 4409 2665 4463 ⁵⁵.
2719 4407 2870 4464 Vide
2911 4409 3114 4478 igitur,
3147 4424 3220 4465 ne
3275 4413 3339 4464 tu
3380 4425 3625 4482 quoque
3658 4408 3933 4465 ferarum

494 4490 569 4546 de
597 4495 762 4560 Core,
796 4491 1051 4549 Datham
1071 4497 1129 4550 et
1154 4493 1399 4560 Abiron,
1423 4511 1685 4567 quorum
1728 4494 2012 4552 seditiosa
2037 4496 2146 4552 ad-

492 4594 698 4637 versus
717 4585 1018 4638 Aaronem
1040 4582 1237 4652 coitio,
1265 4582 1613 4640 dehiscente
1643 4589 1800 4640 terra
1831 4601 1902 4641 ac
1931 4585 2144 4643 absor-

489 4668 671 4727 bente
700 4667 967 4728 viventes
991 4687 1129 4728 cum
1155 4671 1460 4730 familiain
1490 4673 1794 4730 infernum
1811 4673 2061 4732 detrusit
2079 4676 2149 4734 ‘3.

491 4755 611 4815 Nec
637 4759 766 4831 jam
793 4757 940 4816 mihi
995 4759 1287 4818 Samuelis
1317 4761 1426 4818 erit
1465 4764 1710 4827 mentio,
1765 4764 1937 4835 cujus
1970 4762 2153 4837 spreti

491 4846 778 4919 injuriam
802 4848 1142 4922 inseipsum
1158 4853 1314 4907 Deus
1336 4851 1720 4923 recepit.Non
1743 4854 1919 4921 enim,
1935 4852 2151 4926 inquit,

491 4940 546 4996 te
575 4945 948 5011 spreverunt,
965 4941 1070 4998 sed
1093 4955 1184 4998 me
1202 4941 1268 4995 ⁸⁸.
1301 4944 1373 4996 At
1401 4955 1514 4998 nos
1535 4956 1734 5014 neque
1757 4942 2019 5010 Samuel,
2051 4959 2151 5000 ne-

490 5038 610 5098 que
635 5027 814 5100 Elias,
839 5043 1038 5102 neque
1057 5032 1255 5086 Aaron
1275 5044 1505 5102 sumus,
1521 5030 1626 5103 qui
1647 5032 2010 5089 invocabant
2030 5030 2145 5087 Do-

489 5117 740 5186 minum,
782 5123 838 5174 et
864 5118 988 5188 ipse
1013 5117 1372 5176 exaudiebat
1410 5133 1528 5190 eos,
1560 5123 1626 5177 in
1665 5121 1949 5180 columna
1973 5120 2150 5178 nubis

2260 4497 2470 4573 praeda
2484 4497 2694 4568 factus,
2709 4498 2985 4554 docearis
3012 4498 3323 4570 prophetae
3341 4514 3463 4554 non
3481 4497 3936 4569 illudere,quod

2261 4588 2468 4660 glaber
2494 4588 2567 4644 sit
2613 4603 2685 4644 ac
2732 4587 2985 4660 depilis;
3035 4588 3336 4658 juvenum
3381 4587 3602 4645 scilicet
3639 4586 3934 4660 capillitio

2262 4693 2497 4747 carens,
2527 4676 2635 4734 sed
2663 4678 2937 4734 venerari
2959 4690 3031 4733 ac
3053 4677 3267 4749 colere,
3297 4679 3466 4752 quod
3493 4683 3710 4735 unctus
3743 4677 3932 4752 Spiri-

2264 4771 2360 4824 tus
2382 4771 2489 4833 est,
2517 4765 2683 4823 velut
2708 4766 2890 4824 etiam
2913 4772 3224 4837 unguento
3253 4767 3421 4840 quod
3449 4767 3512 4823 in
3533 4767 3786 4824 Aaronis
3829 4783 3936 4827 ca-

2261 4856 2405 4929 pite,
2433 4855 2495 4912 in
2515 4855 2927 4912 venerabilem
2956 4856 3123 4914 illam
3141 4855 3396 4914 barbam
3427 4855 3826 4913 descendit“.

2263 4944 2401 5000 Haec
2421 4959 2459 5001 a
2489 4960 2585 5000 me
2608 4948 2857 5017 paterne
2899 4960 2970 5002 ac
2995 4944 3332 5017 disciplina:
3363 4959 3549 5001 causa
3578 4943 3740 5000 dicta
3764 4945 3934 5010 sunt,

2261 5047 2386 5090 non
2398 5033 2878 5106 reprehendendi
2894 5038 2997 5091 aut
3010 5033 3335 5090 ulciscendi
3349 5031 3752 5090 libidine.Non
3765 5031 3936 5088 enim

2262 5125 2500 5179 tantum
2531 5121 2731 5181 valeat
2761 5121 3028 5180 fraterna
3054 5122 3300 5195 injuria,
3331 5127 3398 5180 ut
3437 5120 3651 5180 Christi
3687 5120 3938 5194 penitus

562 5274 623 5357 βξ
633 5275 746 5357 19b
772 5290 918 5348 xxxv,
944 5278 1071 5357 ,1.8..
1095 5276 1166 5357 ’³³
1192 5277 1462 5357 Psal.}.g,
1491 5282 1574 5337 10.
1653 5281 1701 5317 ³ο
1731 5280 1892 5339 Psal.
1918 5295 2168 5357 Lxxxvin

2259 5286 2296 5339 Il
2333 5286 2500 5352 ;Act.
2525 5287 2773 5356 xm,22;
2850 5285 2895 5319 ³⁷
2933 5283 3089 5342 Psal.
3117 5293 3267 5354 crux,
3301 5287 3355 5340 7.
3431 5283 3480 5321 ⁸⁸
3504 5282 3657 5342 Psal.
3690 5290 3840 5357 cxrx,
3873 5284 3935 5340 7.

491 5344 568 5380 ³³·
596 5346 708 5420 Job
732 5344 913 5420 xxix,
938 5351 1018 5418 t2,
1052 5351 1138 5418 14,
1185 5353 1270 5406 1ὄ.
1347 5352 1395 5387 ³9
1422 5344 1742 5420 Luc.xvm,
1779 5357 1864 5410 16.

1944 5355 1992 5389 ⁴⁰
2025 5354 2472 5428 Ρεδιρςχιιῃξ.
2550 5358 2592 5392 ¹ο¹
2621 5354 2798 5415 Eccli.
2835 5372 2916 5426 ιιι,
2968 5362 3051 5413 11.
3132 5358 3179 5392 “
3201 5359 3374 5414 Joan.
3401 5372 3463 5428 ιι,
3503 5361 3590 5412 15.

3676 5356 3726 5390 ⁸³
3747 5357 3935 5411 Num.

489 5431 608 5500 Περ
640 5418 731 5476 33.
808 5419 856 5453 “
883 5420 1210 5500 [Beggqy
1234 5421 1302 5500 7_._
1369 5421 1416 5459 ⁸⁸
1442 5423 1592 5500 Psal.
1621 5418 1929 5500 Lxxxxvu},
1962 5428 2017 5492 6,
2047 5430 2101 5481 7.
2182 5427 2229 5463 “
2271 5418 2430 5484 Psal.
2462 5441 2654 5500 LXXXI,
2684 5433 2735 5485 6.
2813 5428 2857 5464 ‘7
2901 5418 3052 5485 Dan.
3083 5443 3204 5500 xm,
3238 5430 3292 5486 4.
3375 5426 3421 5464 ⁸³
3447 5418 3466 5485 ἰ
3498 5429 3644 5499 Reg.
3673 5439 3811 5494 xvn,
3833 5424 3935 5484 34.

491 5489 714 5572 1039:
737 5491 979 5572 3"“.26-
1018 5489 1104 5528 ⁷⁶⁰
1147 5494 1348 5572 Matth.
1390 5510 1489 5568 vn,
1521 5498 1579 5556 3.
1656 5497 1703 5536 ⁵⁸
1738 5489 1941 5555 Matth.
1991 5489 2128 5569 xxu,
2167 5508 2171 5549 λ

2301 5500 2349 5536 ⁸³
2389 5499 2564 5559 Hebr.
2604 5489 2724 5571 xm,
2769 5503 2855 5558 l7.
2932 5501 2982 5538 ⁵³
3009 5489 3201 5562 Joan.’
3224 5515 3307 5572 ιι,
3339 5501 3428 5558 49.
3507 5499 3556 5536 ³⁸
3583 5489 3659 5557 iv
3689 5489 3833 5572 Reg.
3866 5512 3935 5572 ιι,

495 5561 587 5618 23.
664 5560 714 5639 ξε
736 5560 895 5623 Psal.
921 5578 1122 5640 cxxxu,
1150 5569 1204 5626 2.
