4148 6380
252 242 358 299 329

1747 224 2132 298 ΕΡΙΒΤΟΙΑΕς

3525 264 3632 325 330

243 362 606 437 patientiam
656 360 966 456 explodet,
998 347 1229 456 quibus
1246 345 1416 456 nulla
1438 350 1562 456 alia
1578 360 1732 456 ratio
1762 378 1861 456 ea-
1893 367 1944 422 Α
1971 379 2105 456 cem
2141 356 2405 436 egissent
2445 351 2802 444 interpellat,
2832 374 2901 431 ut
2927 377 3149 435 cuncta
3176 383 3539 456 reconciliet,
3572 394 3632 448 et

242 469 389 510 rum
428 468 585 527 quas
633 468 801 509 nunc
854 453 1097 524 agimus
1144 450 1559 508 celebritatum
1590 452 1862 523 exsistat,

246 558 443 616 quam
464 542 649 613 longa
672 542 779 600 illa
809 541 1019 599 Christi
1063 540 1376 600 tolerantia
1400 544 1582 615 atque
1619 541 1860 613 lenitas,

248 646 380 704 qua
408 631 632 688 nedum
680 631 928 704 patitur,
975 630 1207 705 fertque
1235 629 1628 704 impertubati
1673 622 1863 689 animi

249 719 536 779 ﬁrmitate
564 721 918 795 turpissima
964 724 1161 795 sputa,
1194 719 1470 787 verbera,
1502 719 1734 795 alapas,
1760 736 1862 779 ve-

250 825 397 867 rum
424 810 603 868 etiam
630 813 823 868 Deum
850 826 924 869 ac
953 810 1216 879 Patrem,
1239 825 1353 884 pro
1377 809 1449 867 iis
1483 810 1590 885 qui
1624 811 1688 869 in
1731 826 1865 870 cru-

243 996 3023 1024 Ἥ

974 1186 1856 1319 MIGHAELIS

1971 453 2035 544 in
2057 470 2248 512 unum
2277 457 2616 544 concordiae
2655 460 2967 520 vinculum
3014 470 3238 536 cogat:
3294 473 3402 544 qui
3431 479 3489 533 et
3514 453 3629 535 nos

1970 542 2035 599 in
2059 558 2185 600 uno
2210 543 2420 617 spiritu
2449 561 2694 639 unoque
2729 548 2936 607 animo
2985 542 3449 632 coagmentatis,
3476 564 3629 639 idip‘

1972 648 2108 690 sum
2137 650 2350 708 sapere
2379 640 2559 710 atque
2586 637 2787 696 dicere
2813 641 3149 701 secundum
3197 648 3494 711 Christum
3540 637 3630 714 1h.

1971 721 2173 782 ducat.
2200 725 2320 799 lpsi
2339 724 2530 799 gloria
2557 725 2622 785 in
2649 728 2875 788 saecula
2897 731 3278 795 saeculorum.
3304 742 3513 801 Amen.

3029 1009 3624 1035 Μ

1964 1163 2906 1333 ACOMINATI

1645 1451 2228 1541 CHONIAT/E

737 1658 1095 1718 EPISTOLIE
1129 1657 1224 1715 AD
1264 1654 1709 1716 EUSTATHIUM
1746 1656 2469 1725 THESSALONICENSEM
2501 1667 3134 1733 ARCHIEPISCOPUM.

491 1945 564 2003 A'.
597 1952 682 2018 Τῷ
706 1943 1068 2005 Θεσσαλονίκη
1081 1962 1121 2017 ς,
1149 1940 1292 2018 κυρῷ
1316 1940 1617 2016 Εὖσταθίῳ.

311 2053 479 2124 Ὤμοι
508 2052 655 2126 ἐγώῑ
705 2057 758 2107 τί
794 2072 921 2107 ποτε
950 2059 1198 2116 τοσοῦτος
1247 2049 1477 2127 ὑπεῤῥύη
1517 2054 1728 2125 χρόνος,
1765 2055 1857 2104 καὶ

227 2147 466 2219 ’γράμμα
489 2153 586 2207 τῆς
618 2151 718 2205 σῆς
754 2143 852 2198 οὐκ
881 2141 1138 2217 ἐδεξάμην
1164 2142 1458 2216 ἁγιότητος,
1492 2147 1857 2217 μακαριώτατε

236 2228 498 2304 δέσποτα,
523 2233 589 2287 ἵν’
630 2232 862 2308 ἀκριϐῶς
888 2230 1107 2303 εἰδείην,
1129 2234 1265 2294 ὅπως
1292 2236 1520 2290 ἣνυοταί
1551 2251 1638 2285 σοι
1664 2234 1730 2284 τὰ
1759 2239 1854 2295 τῆς

240 2319 575 2397 ὁδοιπορίας,
602 2325 740 2385 ὅπως
769 2321 822 2386 ἐς
858 2327 956 2382 τήν
987 2321 1410 2377 Θεσσαλονικέων
1465 2319 1653 2394 ἀφίκου
1679 2339 1692 2391 ;
1732 2327 1851 2380 Μή-

236 2413 358 2466 ποτ⁹
381 2414 413 2471 ἡ
454 2416 859 2486 νυμφευσαμένη
890 2430 949 2465 σε
976 2411 1126 2474 πόλις
1154 2411 1287 2470 αὕτη
1315 2413 1452 2464 κατὰ
1477 2413 1570 2474 τὰς
1604 2409 1851 2484 βαρυζή-

245 2498 373 2564 >ους
396 2509 496 2554 τῶν
519 2509 783 2573 γυναικῶν
813 2503 909 2554 οὐκ
948 2499 1189 2572 ἀνέχεται
1215 2498 1617 2573 ἐπιστρέφεσθαι
1645 2517 1702 2552 σε
1724 2502 1851 2574 πρὸς

233 2594 339 2650 τὴν
372 2595 767 2644 Κωνσταντίνοα
797 2594 893 2649 τὴν
944 2586 1226 2663 βασιλίδα,
1276 2590 1394 2641 οὔτε
1422 2593 1525 2662 μὴν
1571 2586 1849 2652 ἐπιστολὰς

237 2680 351 2733 οἷον
384 2678 708 2752 μηλοϐολιῖν,
752 2677 858 2732 ἀλλ’
894 2678 1060 2741 αὐτῆς
1084 2677 1197 2732 ὅλον
1230 2684 1380 2747 εἶναι,
1407 2682 1499 2730 καὶ
1522 2680 1693 2731 πάντα
1719 2673 1849 2750 τῇδε

229 2769 607 2846 χαρίζεσθαι;
635 2768 707 2822 Ἠ
736 2776 894 2822 τοῦτο
932 2771 1023 2841 μὲν
1061 2767 1192 2840 οὐχί
1215 2783 1228 2798 ’
1257 2770 1354 2821 οἴει
1380 2763 1459 2837 δὲ,
1482 2769 1656 2841 ὥσπερ
1685 2764 1848 2821 τᾶλλα

234 2866 331 2911 τοῦ
348 2863 615 2933 παρόντος
629 2859 831 2911 οῖπιστα
844 2864 1054 2932 καιροῦ,
1070 2856 1206 2911 οὕτω
1229 2859 1398 2910 καὶτὸ
1418 2860 1538 2930 περὶ
1560 2859 1617 2909 σε
1637 2855 1845 2929 φίλτρον

237 2946 341 2999 οὐκ
379 2942 632 3018 ἔμπεδον,
656 2949 903 3020 καὶπαρά
930 2952 1083 3000 τοῦτο
1111 2942 1226 2999 οὐδ’
1258 2944 1414 3009 αὐτὸς
1442 2943 1626 3006 ἐθέλεις
1657 2943 1844 3017 φυλάτ-

232 3055 346 3090 τειν
380 3036 570 3108 θερμόν
595 3038 682 3088 τόν
711 3033 1003 3111 ἀντέρωτας
1045 3034 1179 3088 Ἀλλ’
1211 3034 1307 3087 οὐκ
1332 3037 1448 3087 ἔστι
1467 3041 1637 3103 τοῦτο,
1671 3033 1731 3086 οὗ
1769 3035 1847 3107 μὰ

230 3129 334 3185 τὴν
366 3129 467 3183 σὴν
510 3126 649 3201 ἱεράν
675 3125 918 3198 κεφαλήν.
951 3124 1156 3179 Μᾶλλον
1185 3126 1277 3198 μεν
1315 3120 1403 3177 οὖν
1430 3131 1519 3177 νῦν
1542 3125 1592 3177 οἱ
1628 3125 1846 3177 ποθοῦν-

224 3234 313 3278 τες
339 3213 496 3268 πλέον
536 3223 609 3287 τῷ
660 3216 806 3286 πόθῳ
836 3216 1119 3287 κάμνουσι,
1167 3217 1401 3287 παρόσον
1429 3221 1492 3287 τῇ
1551 3211 1845 3275 ἆποστάτες

1890 1942 1933 2001 Β
1965 1946 2006 2002 Ι.
2038 1942 2293 2006 Domino
2312 1941 2651 2024 Eustathio,
2686 1954 3127 2018 Thessataniees
3156 1947 3621 2038 ανοόίοριῖςεοροι

2033 2052 2118 2109 Me
2143 2052 2429 2113 miserum
2458 2057 2470 2113 l
2503 2064 2803 2131 quantum
2831 2067 3069 2138 tempus
3097 2064 3378 2140 elapsum
3406 2074 3517 2138 est,
3550 2087 3624 2128 ex

1959 2152 2089 2231 quo
2104 2140 2484 2231 epistolamﬁ
2507 2149 2824 2208 sanctitate
2855 2156 2959 2209 tua
2982 2169 3104 2211 non
3129 2156 3499 2231 accepi,quee
3523 2176 3623 2217 me

1959 2223 2037 2281 de
2074 2225 2281 2286 itinere
2313 2235 2417 2288 tuo
2448 2237 2506 2291 et
2532 2234 2597 2292 in
2625 2237 2842 2296 urbem
2872 2223 3325 2301 Thessalonices
3357 2223 3624 2304 adventu

1958 2315 2272 2374 certiorem
2310 2319 2553 2380 faceret.
2609 2324 2780 2384 Nunc
2835 2327 2988 2386 forte
3045 2330 3211 2400 urbs,
3255 2348 3468 2391 recens
3515 2335 3624 2393 tibi

1955 2409 2167 2495 nupta,
2199 2423 2370 2466 more
2404 2410 2773 2473 feminarum
2812 2433 2949 2490 quae
2974 2419 3274 2494 zelotypia
3301 2413 3620 2495 vexantur,

1955 2506 2082 2550 non
2112 2494 2219 2553 tibi
2246 2499 2534 2569 permittit
2556 2503 2765 2561 oculos
2805 2505 2871 2562 in
2918 2509 3292 2567 Constantini
3345 2494 3622 2583 reginam

1956 2589 2319 2655 convertere,
2350 2587 2579 2647 nedum
2600 2607 2787 2664 poma
2810 2594 3033 2653 favoris
3074 2598 3129 2654 ei
3156 2599 3389 2657 mittere
3414 2601 3467 2659 ci
3504 2601 3617 2660 soli

1952 2670 2131 2765 unice
2155 2672 2466 2765 deditum?
2485 2681 2696 2737 Nonne
2725 2687 2818 2740 est
2844 2684 2926 2741 ita
2941 2686 2969 2742 ‘I
2999 2687 3073 2744 At
3090 2686 3165 2745 de
3186 2690 3442 2760 perﬁdia
3470 2707 3616 2765 que-

1952 2757 2141 2829 ritur;
2191 2767 2246 2821 te
2296 2763 2499 2837 ipsum
2550 2767 2971 2830 inconstantiae
3011 2776 3073 2831 in
3102 2757 3312 2835 amore
3341 2757 3614 2841 accusat.

1953 2850 2018 2904 In
2066 2866 2190 2923 quo
2221 2851 2469 2925 fallitur,
2501 2872 2609 2929 per
2638 2874 2880 2917 sacrum
2910 2867 3083 2920 tuum
3111 2867 3331 2939 caput!
3384 2872 3615 2930 Interea

1952 2943 2156 2996 autem
2182 2941 2361 2998 amici
2382 2943 2467 3000 tui
2486 2944 3112 3021 desideriolaborant;
3138 2969 3210 3010 ex
3230 2954 3424 3013 oculis
3449 2959 3613 3017 enim

1952 3027 2261 3086 sublatum
2312 3035 2368 3088 te
2417 3049 2775 3108 recuperare
2803 3041 3087 3110 gestiunt.
3122 3043 3215 3101 Sic
3244 3044 3353 3115 sol,
3395 3046 3481 3104 sic
3519 3063 3614 3106 sa-

1950 3119 2108 3176 nitas
2137 3123 2265 3176 tum
2295 3123 2550 3180 maximi
2601 3127 2906 3200 penditur,
2932 3130 3039 3188 ubi
3066 3131 3261 3191 hiems
3289 3134 3467 3205 dura,
3506 3142 3615 3198 aut

1949 3206 2202 3299 morbus
2221 3213 2325 3266 aut
2341 3210 2507 3269 aliud
2528 3215 2759 3272 malum
2780 3218 3194 3295 quodcunque
3211 3223 3612 3299 irruperit.Sic

219 3304 376 3358 1:150»
406 3312 480 3374 τῷ
508 3305 654 3374 πόθῳ
683 3306 971 3377 κάμνουσι,
1024 3306 1258 3378 παρόσον
1295 3312 1359 3376 τῇ
1393 3301 1687 3357 ἀποστάσει
1715 3323 1843 3377 μαν.

1956 3296 2342 3388 Athenienses
2401 3304 2706 3362 Socratem
2745 3306 3276 3370 calumniabantur
3311 3296 3612 3388 quamdiu

226 3397 499 3461 θάνουσιν,
527 3396 631 3448 οἷον
656 3398 865 3468 ἔχοντες
903 3392 1102 3466 ἀγαθόν
1132 3393 1403 3448 ἐλάνθανον
1451 3393 1662 3454 ἑαυτούς
1683 3414 1699 3430 ο
1734 3392 1840 3446 ἐπιὶ

225 3488 320 3536 καὶ
344 3482 536 3554 θάλψις
562 3483 834 3553 ἡλίου,καὶ
860 3486 1032 3556 ὑγεία,
1061 3487 1147 3537 καὶ
1178 3484 1317 3536 ἅπαν
1344 3481 1500 3537 καλὸν
1518 3488 1635 3536 τότε
1649 3482 1839 3556 μᾶλλον

226 3573 578 3645 θαυμάζεται,
602 3575 761 3632 ἡνίκα
791 3572 965 3647 βαρὺς
995 3571 1297 3646 ἐμπεσεῖται
1317 3579 1538 3646 χειμὼν,
1578 3578 1668 3626 καὶ
1688 3577 1841 3635 νόσος

225 3662 509 3737 εἰσφθαρῇ,
550 3667 643 3715 καὶ
671 3664 740 3714 τὰ
766 3671 864 3724 τῆς
894 3661 1126 3725 ἐναντίας
1163 3661 1292 3725 ὅλως
1317 3668 1633 3735 συστοιχίας
1671 3660 1838 3716 ἀντει-

233 3753 442 3823 σαχθῇ.
498 3753 651 3804 Οὖτω
708 3757 801 3805 καὶ
834 3752 1104 3810 Ἀθηναῖοι
1152 3753 1429 3826 Σωκράτην
1486 3753 1693 3824 ἔχοντες
1747 3755 1838 3824 μὲν

231 3838 565 3905 ἐϐάσκαινον,
594 3844 727 3914 μετὰ
753 3837 813 3895 δὲ
841 3844 937 3899 τὴν
971 3840 1161 3893 κύλικα
1195 3843 1261 3902 ὡς
1297 3843 1453 3913 σοφὸν
1496 3839 1790 3913 ἐθαύμαζον
1821 3857 1835 3871 ⁸

228 3933 329 3982 καὶ
375 3929 499 4002 ὅπερ
522 3925 720 4002 ᾔδεσαν
761 3931 969 4002 ἔχοντες
999 3927 1213 4001 ἀγαθόν,
1256 3936 1411 3983 τοῦτο
1441 3927 1837 4002 ἀποϐαλόμινοι,

230 4017 461 4070 ἐπόθουν
491 4015 916 4090 ἀνσααλούμενοι,
944 4024 1045 4070 Σοῦ
1084 4014 1142 4070 δὲ
1170 4021 1261 4070 καὶ
1304 4022 1551 4092 πρότερον
1579 4023 1843 4091 περιειχό-

226 4108 388 4179 μεθα,
433 4110 521 4159 καὶ
576 4114 667 4159 νῦν
718 4109 795 4159 ἔτι
853 4104 1044 4179 μᾶλλον
1090 4107 1341 4164 ποθήσειν
1381 4104 1670 4179 ἐμέλλομεν.
1697 4106 1841 4160 Ἐπεὶ

223 4200 405 4248 τοίνυν
440 4197 586 4267 ἔχεις
614 4195 796 4268 μαθὼν
837 4199 931 4255 τὴν
972 4199 1092 4268 περὶ
1123 4198 1180 4248 σε
1205 4202 1294 4247 νῦν
1332 4193 1553 4248 ἐνταῦθα
1581 4190 1843 4261 διάθεσιν,

228 4282 520 4352 ἐπίστελλε,
557 4288 846 4357 σόφὼτατε.
897 4291 1079 4339 Φεῖσαι
1129 4282 1301 4357 κάμοῦ
1342 4280 1844 4358 διατεθρυλλημένου

224 4376 293 4425 τὰ
317 4369 425 4433 ὧτὴ
459 4376 611 4448 παρὰ
638 4381 739 4426 τῶν
764 4376 1155 4448 πυνθανομένων
1180 4376 1248 4428 τὰ
1272 4378 1388 4450 περὶ
1420 4380 1536 4428 σοῦ.
1560 4376 1842 4449 Διατηροίη

229 4481 289 4515 σε
318 4466 455 4526 Θεὸς
478 4461 861 4537 πολυχρόνιόν.

482 4568 555 4625 Β’.
582 4576 669 4640 Τῷ
699 4570 1112 4640 Θεσσαλονίκης,
1135 4577 1278 4645 κυρῷ
1299 4569 1598 4645 Εὖσταθίῳ.

1949 3402 2091 3479 cum
2118 3387 2192 3479 iis
2221 3389 2500 3463 vivebat;
2533 3410 2769 3452 veneno
2806 3396 3101 3472 absorpto
3125 3387 3351 3461 mortui
3373 3406 3611 3479 sapien-

1946 3475 2096 3567 tiam
2121 3476 2185 3535 in
2230 3479 2452 3538 coelum
2477 3483 2788 3557 tollebant,
2819 3491 2877 3543 et
2905 3489 3104 3547 virum
3133 3497 3311 3550 antea
3337 3475 3609 3567 spretum

1947 3580 2022 3623 ex
2065 3566 2278 3626 inﬁmo
2308 3571 2514 3626 animo
2560 3571 2905 3632 desiderare
2951 3593 3076 3636 non
3120 3566 3455 3640 cessarunt.
3488 3587 3609 3644 Nos
3644 3622 3647 3627 ›

1947 3672 2192 3747 quoque
2222 3674 2494 3716 amorem
2531 3677 2658 3734 quo
2703 3667 2759 3720 te
2799 3681 3038 3740 semper
3067 3670 3331 3743 amplexi
3369 3689 3605 3747 sumus,

1945 3744 2009 3800 in
2037 3746 2215 3837 nobis
2229 3747 2453 3837 jugiter
2481 3765 2747 3808 crescere
2773 3755 3086 3814 sentimus.
3115 3761 3283 3817 Nunc
3310 3744 3609 3837 igitur,vir

1898 3874 1921 3898 η,
1948 3836 2412 3908 sapientissime,
2455 3855 2595 3896 cum
2625 3844 2681 3897 te
2737 3841 2891 3900 adeo
2921 3844 3088 3916 diligi
3128 3848 3319 3920 vides,
3359 3852 3608 3911 tandem

1948 3922 2127 4014 nobis
2157 3925 2445 3986 rescribe.
2477 3930 2678 4000 Parce,
2710 3945 2941 4003 quaeso,
2991 3935 3245 3993 auribus
3274 3940 3426 3996 meis
3452 3956 3609 4014 quas

1950 4011 2457 4088 circumstrepunt
2521 4016 2816 4076 clamores
2874 4036 3086 4081 eorum
3149 4026 3256 4099 qui
3295 4011 3608 4100 quomodo

1950 4101 2654 4247 valeaslperscrutantur.
2687 4111 2844 4168 Deus
2874 4114 2928 4170 te
2952 4118 3230 4189 protegat
3256 4133 3365 4191 per
3384 4119 3608 4185 multos

1953 4205 2147 4247 annos

1953 4205 2147 4249 annos

1956 4566 2028 4624 II.
2056 4568 2310 4627 Domino
2337 4569 3126 4652 Eustathio,archiepiscopo
3146 4576 3609 4650 Thessalonica.

312 4671 592 4748 Εὐδαίμων
622 4676 772 4739 οὗτος
802 4676 952 4754 ἀνὴρ,
981 4683 1071 4733 καὶ
1102 4681 1147 4732 εἴ
1199 4698 1284 4741 τις
1340 4677 1509 4741 ἀλλος.
1550 4677 1721 4733 Πάλαι
1756 4679 1847 4752 μὶν

2027 4676 2388 4735 Fortunatus
2413 4678 2584 4738 hicce
2632 4682 2726 4740 vir
2780 4683 2937 4743 inter
2964 4702 3204 4748 omnes.
3242 4692 3412 4752 Prius
3451 4698 3614 4757 enim

234 4770 339 4824 τῆς
362 4767 489 4837 πρὸς
510 4769 602 4826 τὴν
630 4772 729 4826 σὴν
776 4767 1035 4840 ἁγίότητα
1082 4770 1358 4830 συνηθείας
1393 4768 1551 4841 ἔσχεν
1590 4768 1846 4841 εὐτυχῶς,

240 4857 512 4924 σοφώτατε
541 4851 779 4908 δέσποτα
810 4872 824 4885 ·
884 4853 999 4910 εἶτα
1051 4852 1103 4910 δ’
1142 4855 1229 4910 ἐπὶ
1265 4861 1457 4934 χρόνον
1485 4858 1604 4910 τινα
1639 4864 1731 4911 τοῦ
1761 4861 1852 4911 καὶ

241 4939 490 5014 ἀγγέλοις
544 4943 721 5008 αὐτοῖς
770 4942 1053 5020 αἰδεσίμου
1091 4966 1379 5020 προσωπου
1429 4944 1674 5017 διαστὰς,
1704 4947 1852 5010 αὖθις

233 5034 337 5089 τὴν
405 5030 655 5103 αὐτο-,θίαν
706 5030 867 5088 τοῦδε
930 5037 1070 5090 κατὰ
1128 5037 1260 5088 θεῖον
1300 5036 1598 5110 ηὐτύχησε,
1643 5039 1851 5113 σκιερὰν

235 5116 293 5174 δ’
340 5122 443 5175 ὑπὸ
496 5126 687 5196 φηγὸν,
729 5122 903 5179 ἀελίου
960 5126 1267 5201 φρύγοντος,
1306 5122 1588 5203 όδοιπόρος
1630 5123 1852 5203 ἔδραμεν

227 5212 300 5272 ὥς
340 5231 441 5275 τις.
475 5219 627 5287 Ἡμῖν
675 5208 737 5266 δὲ
776 5221 884 5275 τοῖς
913 5219 1033 5290 περὶ
1077 5222 1172 5268 τοῦ
1229 5222 1324 5269 σοῦ
1349 5217 1515 5270 πόθου
1563 5217 1852 5289 κάμνουσιν

222 5298 509 5375 ἀμήχανον
558 5305 620 5356 τό
676 5298 871 5372 διινόν,
901 5303 991 5364 ἕως
1024 5304 1051 5355 ό
1098 5304 1218 5357 καθ’
1263 5307 1403 5378 ἡμᾶς
1453 5308 1519 5357 σὺ
1569 5308 1726 5379 μόνος
1772 5306 1854 5368 ζέ-

226 5409 388 5464 φυρος
444 5397 545 5452 τὴν
598 5394 695 5465 μὲν
758 5396 858 5452 σὴν
895 5389 1292 5468 πανευδαίμονα
1320 5393 1713 5454 Θεσσαλονίκην
1744 5398 1854 5460 εἴης

235 5490 527 5557 περιηχῶν,
565 5483 715 5555 ἡμᾶς
764 5477 815 5533 δ’
856 5479 1030 5535 οὐκέτι
1088 5483 1342 5556 ζωογόνον
1393 5486 1707 5560 περιπνέοις,
1761 5490 1852 5540 καὶ

228 5571 291 5625 τὸ
318 5569 513 5631 λυποῦν
566 5572 714 5627 ἅπαν
776 5568 1078 5646 ἀναψύχοις
1134 5575 1201 5639 ὡς
1242 5577 1511 5650 ποότερον.
1540 5570 1671 5635 Εἶτα
1704 5579 1850 5644 τίνας

517 5667 786 5741 PAIROL,
824 5663 930 5726 Gn.
969 5664 1121 5727 CXL.

1960 4764 2015 4823 ei
2064 4780 2206 4822 cum
2255 4768 2569 4827 sanctitate
2619 4774 2724 4829 tua
2769 4774 2970 4833 vivere
2999 4779 3265 4852 contigit,
3296 4798 3460 4842 nunc
3512 4802 3617 4846 aue

1959 4859 2080 4913 tem
2103 4859 2435 4930 postquam
2466 4859 2666 4918 vultus
2688 4861 2776 4920 tui
2819 4863 2969 4938 ipsis
2997 4869 3228 4940 angelis
3254 4876 3616 4935 venerabilis

1958 4948 2208 5018 aspectu
2225 4960 2334 5019 per
2350 4952 2594 5022 tempus
2617 4949 2868 5026 aliquod
2894 4955 3166 5027 privatus
3188 4959 3479 5032 fuisset,te
3499 4966 3619 5024 for-

1959 5039 2109 5093 tuna
2132 5036 2218 5094 sic
2242 5037 2500 5128 volente,
2516 5040 2719 5101 denuo
2746 5045 3078 5117 aspiciendi
3098 5050 3338 5122 copiam
3359 5054 3619 5128 adeptus

1961 5129 2067 5198 est,
2117 5130 2185 5183 ut
2209 5141 2319 5200 per
2351 5127 2579 5187 calores
2608 5131 2851 5191 aestivos
2876 5134 3073 5194 viator
3121 5138 3185 5195 in
3221 5138 3346 5213 fagi
3399 5127 3622 5208 umbra

1960 5214 2228 5313 quietem
2276 5217 2446 5313 petit.
2498 5221 2618 5313 Nos
2649 5225 2874 5313 autem,
2924 5224 3010 5282 tui
3059 5226 3355 5288 desiderio
3398 5241 3618 5313 vexati,

1961 5304 2130 5364 omni
2153 5304 2286 5378 jam
2319 5307 2619 5402 solamine
2671 5312 2894 5402 privati
2943 5330 3175 5390 sumus,
3232 5333 3306 5378 ex
3360 5336 3481 5396 quo
3533 5304 3622 5402 tu,

1960 5409 2085 5469 quo
2110 5409 2237 5453 uno
2274 5396 2543 5472 zephyro
2574 5400 3020 5473 gaudebamus,
3051 5404 3334 5468 dilectam
3385 5396 3625 5476 habitas

1960 5485 2446 5561 Thessalonicen,
2474 5488 2771 5563 nihiljam
2789 5491 2968 5551 nobis
2993 5496 3274 5570 aspirans
3292 5500 3623 5568 lenimenti.

1958 5575 2051 5638 Ad
2088 5593 2270 5656 quos,
2306 5578 2428 5649 nisi
2475 5578 2558 5646 ad
2606 5595 2744 5660 nos,
2796 5583 3248 5654 calamitatibus
3274 5609 3627 5743 1(ἔρριοθινρεμιηι
