4148 6380
532 245 637 302 331
1411 245 1786 301 HICHAELIS
1821 243 2206 302 ACOMINATI
2242 244 2672 301 ATHENARUM
2709 246 3029 303 ARCHIEP.
3801 250 3914 305 332

530 367 721 425 verba
756 365 961 439 aliqua
989 365 1395 423 consolatoria
1442 369 1714 424 miseris?
1745 370 1937 434 Quam
1993 368 2157 438 regio

2292 368 2414 443 παρ’
2463 371 2603 441 ἡμᾶς
2664 373 2731 431 ὡς
2797 371 3292 445 ὑπερεκκαιομένους
3345 375 3492 446 ἡμῶν
3549 375 3575 425 ὁ
3625 376 3914 446 συμπαθὴς

529 474 695 526 nem,
722 456 840 513 nisi
863 461 1135 512 nostram
1166 457 1306 526 igne
1323 457 1658 525 ardentem,
1677 460 1872 528 magis
1901 463 2157 514 vexatan

2294 456 2442 510 ἐλεεῖν
2482 460 2712 532 ἔγραφες,
2769 460 2797 517 ἢ
2841 465 2956 511 τίνα
3018 463 3160 533 παρά
3198 465 3265 514 τὰ
3310 464 3427 514 καθ’
3468 466 3604 535 ἡμᾶς
3657 469 3912 537 πυρφόρα

527 547 773 618 ignibus
784 545 1110 618 appellaris
1123 561 1308 618 quam
1330 546 1792 603 Thessalonicen
1806 548 1834 602 τ’
1861 547 2157 618 Liquefact

2293 545 2488 608 ἐκάλεις
2544 548 2790 619 κλίματα,
2852 551 2922 608 ὡς
2973 558 3064 601 τοῦ
3122 553 3260 603 κατὰ
3323 553 3716 614 Θεσσαλονίκης
3763 573 3906 604 καυ-

526 651 640 693 nos
685 651 935 709 prorsus
966 635 1155 690 nimio
1180 635 1398 704 calore,
1431 636 1492 690 in
1519 637 1777 692 cinerem
1816 637 2179 707 redigemur,

525 725 776 798 quando
804 724 1074 796 epistolis
1113 724 1231 779 tuis
1261 724 1416 780 ultra
1452 725 1666 797 privati
1704 725 1946 782 erimus.
1982 727 2025 781 Ο
2083 742 2182 780 me

523 812 847 870 miserum!
884 813 1170 878 Quamvis
1208 813 1369 869 enim
1409 815 1674 869 Euxinus
1702 814 1952 870 boream
1977 815 2181 870 laetum

523 903 702 960 mittit
739 918 861 976 quo
921 907 1044 958 tota
1089 904 1255 973 regio
1305 903 1653 973 refrigescit.
1685 904 1927 959 animus
1976 910 2180 960 tamen

522 992 672 1048 mihi
701 991 780 1048 ob
811 992 1141 1047 sanctitatis
1190 997 1306 1047 tuae
1359 991 1698 1048 absentiam
1728 994 1865 1061 igne
1896 993 2182 1047 inexstin-

523 1081 736 1153 guibili
789 1081 1133 1136 devoratur.
1169 1081 1352 1137 Crede
1390 1081 1539 1136 mihi
1578 1099 1591 1136 :
1639 1083 1872 1153 quoties
1903 1083 2178 1137 animum

521 1187 780 1229 maerore
804 1185 1163 1242 oppressum
1191 1169 1460 1226 relaxare
1489 1171 1704 1242 cupio;
1734 1171 1969 1242 quoties
2007 1171 2081 1226 de
2108 1171 2178 1226 iis

521 1277 661 1333 quae
691 1260 844 1315 inter
870 1258 1197 1328 legendum
1254 1259 1459 1314 minus
1501 1258 1658 1314 bene
1701 1258 2173 1330 comprehendo,

521 1366 662 1406 cum
691 1350 887 1405 amico
915 1347 1116 1420 aliquo
1145 1347 1309 1418 loqui
1340 1347 1496 1418 volo,
1518 1347 1747 1404 vicinos
1773 1349 2043 1420 quidem,
2069 1349 2174 1403 sed

518 1440 741 1494 frustra
765 1452 990 1510 quaero.
1027 1435 1178 1500 Quid
1208 1436 1433 1504 igitur?
1475 1436 1563 1491 Ad
1595 1452 1888 1506 magnum
1931 1437 2175 1495 Thessa-

514 1525 740 1582 lonices
767 1529 1073 1597 pastorem
1124 1524 1332 1579 oculos
1364 1530 1669 1590 converto,
1701 1531 1757 1580 et
1787 1528 2018 1580 Patrem
2050 1527 2172 1597 spi-

511 1613 807 1683 ritualem,
842 1611 1302 1678 consolatorem,
1332 1611 1761 1679 consiliarium,
1794 1613 1856 1667 in
1886 1613 2171 1669 omnibus

513 1701 929 1759 auxiliatorem
977 1716 1117 1755 cum
1181 1699 1406 1756 ﬁducia
1456 1701 1699 1756 invoco.
1767 1703 1911 1756 Hinc
1967 1701 2157 1757 fumus

2278 1724 2375 1774 γαν
2438 1712 2535 1754 τῶν
2603 1704 3022 1756 Θεσσαλονικέων
3087 1712 3308 1778 ποιμένα
3373 1710 3472 1760 ὑπὸ
3526 1717 3620 1770 τῆς
3658 1713 3883 1781 ποίμνης

510 1791 846 1862 gemituum
895 1806 926 1844 e
974 1794 1214 1860 pectore
1266 1789 1602 1844 ascendens
1636 1789 1838 1859 ignem
1869 1791 2028 1845 intus
2076 1807 2157 1845 ar-

2278 1791 2556 1864 ἀνάγομαι,
2589 1797 2679 1843 καὶ
2721 1797 2906 1844 στένων
2948 1793 3307 1868 ἀνακαλοῦμαι
3352 1801 3438 1848 τὸν
3497 1800 3633 1849 κατά
3677 1807 3882 1870 πνεῦμα

507 1881 752 1937 dentem
798 1883 1064 1944 accusat,
1093 1878 1197 1950 qui
1245 1878 1509 1949 epistolis
1558 1881 1675 1934 tuis
1730 1879 2165 1952 aliquantisper

2291 633 2707 710 ματωδέστερα;
2767 637 2942 709 Ἡμεῖς
3001 658 3081 690 τοι
3147 639 3242 691 κᾶν
3315 638 3640 702 διατακέντες
3715 641 3906 700 ἐλύθη-

2291 744 2403 796 μεν,
2446 724 2542 776 κᾶν
2599 726 2668 787 εἰς
2721 730 2906 798 τέφραν
2958 729 3395 802 ἀπῃθαλῶθημεν,
3429 731 3471 783 εἰ
3516 736 3588 803 μὴ
3637 734 3902 806 γραμμά-

2289 833 2391 865 των
2449 818 2631 888 αὔραις
2669 814 2912 887 ἐζώγρεις
2966 815 3308 880 ἐκλείποντας.
3356 818 3427 871 Ὠ
3468 819 3600 891 μοιὶ
3644 827 3744 872 Καὶ
3787 823 3898 894 γὰρ

2292 903 2335 956 εἰ
2384 903 2619 975 λαμπρὸν
2670 903 2959 978 ἀπαρκτίαν
3013 908 3038 956 ὁ
3091 908 3325 969 Εὔξεινος
3382 912 3616 980 κατάγει,
3685 913 3775 961 καὶ
3830 913 3896 960 τὸ

2289 997 2533 1063 περιέχον
2596 992 2905 1065 περιψύχει,
2968 1003 3071 1066 πῦρ
3150 993 3200 1047 δ’
3257 996 3378 1048 ἄλλο
3444 999 3750 1070 ὑπονέμεται
3824 1001 3898 1050 τὰ

2290 1080 2568 1151 σπλάγχνα
2609 1083 2913 1156 θερμότερον
2965 1080 3058 1135 διὰ
3094 1087 3153 1135 τὸ
3211 1093 3308 1146 τῆς
3361 1085 3655 1156 ἁγιωσύνης
3687 1083 3896 1144 ἀπόδη-

2287 1188 2402 1241 μον.
2450 1176 2535 1227 Μή
2568 1189 2657 1240 μοι
2688 1167 3080 1244 διαπιστήσῃς,
3120 1177 3304 1226 Εἲποτε
3337 1173 3624 1246 βουλοίμην
3661 1185 3896 1226 κενῶσαι

2285 1267 2379 1318 τῆς
2414 1257 2598 1328 ψυχῆς
2635 1263 2695 1309 τὸ
2751 1259 3086 1332 λυπούμενον,
3132 1259 3238 1320 ἤδη
3289 1267 3500 1334 γεγονὸς
3537 1264 3887 1338 ὑπεραντλῶν,

2286 1349 2315 1405 ἡ
2371 1357 2470 1399 τῶν
2527 1346 2940 1420 ἀνεγνωσμένων,
3000 1352 3100 1402 ὅσα
3150 1357 3508 1424 προσίσταταί
3566 1373 3676 1425 μοι,
3753 1357 3892 1427 πρὸς

2285 1438 2749 1509 ἐπιστατικωτερον
2800 1436 3256 1492 ἀνακοινῶσασθαι
3321 1450 3457 1508 νοῦν,
3523 1443 3552 1500 ἦ
3623 1444 3890 1494 πυθέσθαι

2283 1546 2351 1584 τι,
2398 1526 2426 1583 ἦ
2475 1525 2986 1597 ξυμϐουλεύσασθαι,
3027 1534 3116 1581 καὶ
3163 1526 3268 1581 ὦδε
3320 1529 3531 1583 κάκεῖσε
3578 1539 3639 1603 τῇ
3675 1528 3891 1604 διανοίᾳ

2280 1614 2712 1688 περικλεψάμενος
2741 1612 2929 1668 οὐδένα
2985 1618 3108 1690 ὁρῶ,
3161 1627 3495 1694 παραχρῆμα
3550 1619 3598 1681 ἐς
3647 1623 3732 1671 τόν
3790 1624 3881 1691 μέ-

2275 1887 2493 1954 πατέρα,
2537 1885 2624 1932 τόν
2682 1883 3008 1952 καθηγητὴν,
3043 1887 3127 1935 τόν
3178 1889 3498 1958 παρήγορον,
3555 1891 3640 1937 τόν
3681 1885 3877 1957 ἀγαθόν

505 1968 745 2034 lenitur,
789 1981 1107 2037 nunquam
1158 1981 1302 2020 vero
1341 1965 1520 2037 plane
1578 1967 1990 2036 exstinguitur.
2045 1968 2162 2023 Has

505 2058 792 2132 epistolas
859 2056 912 2110 si
973 2055 1110 2127 quis
1170 2070 1244 2110 ex
1299 2055 1510 2112 ordine
1567 2061 1978 2128 componeret.
2032 2057 2159 2112 toti-

503 2148 644 2204 dem
675 2144 900 2216 gradus
930 2148 1180 2199 strueret
1225 2158 1334 2215 per
1361 2159 1517 2216 quos
1573 2149 1637 2200 tu
1684 2161 1796 2200 nos
1823 2145 2160 2200 consolatu-

501 2253 608 2293 rus
639 2233 1004 2290 descendere
1046 2232 1352 2302 dignaris;
1385 2237 1466 2302 tu,
1510 2235 1783 2306 inquam,
1819 2235 1923 2306 qui
1972 2236 2159 2290 maxi-

501 2341 636 2382 mas
665 2324 906 2380 virtutes
937 2321 1105 2378 omni
1137 2326 1407 2392 tempore
1445 2338 1722 2389 exerces;
1755 2325 2156 2396 quamobrem

503 2415 553 2470 si
597 2428 723 2469 non
779 2409 1132 2481 angelorum
1171 2411 1356 2466 choro
1385 2413 1825 2481 annumeraris,
1857 2417 1916 2468 at
1946 2412 2155 2469 saltem

2274 1969 2588 2042 σύμϐουλον,
2620 1973 2706 2021 τόν
2756 1973 2800 2030 ἐς
2831 1971 2986 2037 άπαν,
3020 1971 3096 2043 ἐφ’
3128 1975 3228 2044 ὅτῳ
3284 1974 3344 2024 ἄν
3388 1994 3467 2036 τις
3512 1971 3703 2040 δέοιτο,
3765 1978 3879 2028 ἱκα-

2270 2065 2515 2112 νώτατον.
2575 2065 2675 2110 Καὶ
2729 2057 2812 2110 ἐπὶ
2858 2062 3060 2121 τούτοις
3123 2071 3416 2133 στεναγμοῦ
3455 2066 3648 2124 καπνὸς
3680 2063 3735 2115 ἐκ
3773 2073 3875 2115 τῶν

2273 2153 2492 2222 στέρνων
2561 2146 2911 2221 ἀναθρώσκων
2985 2155 3075 2201 καὶ
3139 2154 3198 2200 τὸ
3267 2152 3652 2224 ὑποτυφόμενον
3728 2150 3875 2205 ἔνδον

2268 2238 2641 2308 ὑποσημαίνων
2690 2244 2793 2309 πῦρ
2827 2249 2841 2264 ⁸
2899 2238 3021 2308 ὅπερ
3077 2240 3145 2297 ὡς
3198 2234 3292 2290 διά
3342 2259 3491 2290 τινων
3547 2241 3876 2313 σϐεστηρίων

2270 2325 2522 2400 ὁργάνων,
2587 2334 2686 2376 τῶν
2747 2333 2851 2376 σῶν
2906 2329 3250 2398 γραμμάτων,
3313 2328 3549 2400 ῦπολέγει
3613 2333 3723 2401 μὲν,
3766 2329 3881 2382 ἀλλ’

2267 2414 2325 2465 οὐ
2383 2419 2472 2465 καὶ
2539 2417 2786 2488 παράπαν
2846 2413 3245 2473 ἀποσϐέννυται.
3299 2416 3367 2468 Ὢ
3420 2421 3765 2490 γραμμάτων,
3843 2419 3880 2470 ἃ

501 2503 684 2576 paulo
737 2501 810 2556 iis
864 2499 1108 2555 inferior
1161 2499 1483 2556 habendus
1521 2516 1604 2568 es,
1644 2502 1871 2573 quippe
1911 2503 2012 2573 qui
2053 2519 2157 2573 per

2269 2500 2363 2554 διὰ
2415 2507 2472 2553 τὸ
2523 2511 2755 2574 συνεχῶς
2816 2502 2947 2554 ἄλλα
3013 2503 3090 2555 ἐπ’
3147 2505 3326 2567 ἄλλοις
3373 2507 3728 2580 ἁρμόττεσθαι
3782 2500 3882 2560 καὶ

501 2591 715 2649 eadem
754 2605 894 2646 cum
924 2587 1038 2643 illis
1083 2588 1310 2643 scalam
1360 2589 1637 2644 ascendis
1687 2607 1756 2645 ac
1809 2591 2153 2648 descendis.

499 2685 622 2753 Ego
651 2684 862 2736 contra
884 2678 960 2733 de
988 2676 1170 2733 rebus
1197 2679 1347 2734 meis
1392 2678 1722 2750 desperans
1750 2681 2037 2735 timebam
2081 2697 2155 2735 ne

500 2787 575 2827 ex
610 2769 800 2826 oculis
830 2767 1215 2823 Providentiae
1263 2768 1588 2839 abriperer,
1630 2769 1876 2839 ignarus
1917 2776 1970 2824 te
2010 2770 2155 2824 mihi

500 2860 782 2930 angelum
811 2857 1122 2913 custodem
1150 2857 1391 2912 ﬁdelem
1419 2858 1693 2913 additum
1723 2874 1879 2924 esse,
1907 2861 2009 2930 qui
2031 2875 2155 2915 non

497 2955 756 3014 tantum,
815 2951 882 3003 ut
934 2946 1125 3018 prius,
1174 2961 1268 3002 res
1328 2962 1498 3002 meas
1555 2947 2035 3016 administrabat,
2094 2948 2155 3003 in

498 3039 706 3096 litteris
756 3036 920 3092 viam
950 3035 1349 3104 monstrabat,
1395 3036 1606 3091 omnia
1634 3052 1771 3108 quae
1820 3037 1899 3092 ad
1928 3037 2154 3092 cultum

2268 3035 2452 3109 βραχύ
2505 3055 2556 3087 τι
2613 3034 2955 3087 ἐλαττοῦσθαι
3001 3041 3091 3087 καὶ
3125 3041 3200 3105 σε,
3251 3038 3341 3090 ἂτε
3386 3044 3479 3096 τὴν
3533 3039 3696 3098 αὐτὴν
3743 3040 3872 3093 ἐκεί-

499 3125 845 3186 necessaria
869 3123 1320 3196 suppeditabat,
1351 3124 1574 3196 quibus
1612 3141 1770 3198 opus
1807 3131 1952 3181 erat.
1989 3127 2157 3181 Deni-

2267 3145 2367 3184 νοις
2433 3123 2774 3175 ἀναϐαίνοντα
2837 3129 2926 3176 καὶ
2991 3125 3372 3178 καταϐαίνοντα
3443 3127 3696 3200 κλίμακα,
3739 3131 3871 3201 Ἐγὼ

501 3233 622 3291 que
675 3229 876 3285 neque
934 3211 1223 3284 temporis
1267 3227 1378 3268 nec
1437 3214 1612 3285 spatii
1667 3214 1896 3270 ratione
1950 3214 2160 3270 habita

503 3304 872 3363 desiderium
893 3303 984 3358 sui
1007 3302 1071 3357 in
1090 3301 1268 3358 nobis
1299 3309 1572 3372 renovat,
1586 3303 1720 3359 libri
1740 3304 1930 3360 instar
1950 3304 2154 3360 divini.

503 3395 610 3452 ubi
637 3393 891 3451 nomina
917 3395 1124 3447 nostra
1153 3391 1506 3448 referuntur.
1535 3392 2158 3448 'l‘hessalonicensium

499 3485 711 3542 lumen
739 3481 894 3538 bene
924 3479 1040 3536 sibi
1069 3480 1292 3537 habeat
1336 3481 1638 3553 nobisque
1682 3493 1790 3553 per
1833 3486 2162 3537 nocturnas

499 3575 684 3646 hujus
707 3572 838 3628 vitae
876 3585 1116 3644 pugnas
1142 3569 1340 3626 lucem
1371 3586 1549 3627 suam
1577 3569 1897 3642 impertiat.

499 3683 638 3724 κισις
664 3677 680 3694 .
709 3665 740 3720 ἡ
772 3663 904 3714 κατὰ
927 3668 1130 3732 πνεῦμα
1157 3659 1451 3720 εἰσποίησις
1479 3677 1492 3689 ·
1544 3661 1570 3710 ό
1603 3663 1880 3732 πορισμὸς,
1913 3661 2118 3712 ὁπόσων
2147 3656 2320 3720 ἐνδεὴς
2359 3658 2457 3729 ἐγὼ
2506 3659 2796 3732 ἄνθρωπος,
2834 3664 2945 3711 Οὺκ
2998 3658 3273 3735 ἀπέχρησε
3318 3671 3506 3732 ταῦτα,
3549 3663 3656 3715 ἀλλ’
3684 3667 3758 3717 ἔτι
3798 3672 3876 3738 μὴ

499 3760 700 3823 τοπικῷ
747 3751 777 3810 ἦ
805 3757 1038 3825 χρονικῷ
1071 3745 1404 3820 διαστήματι
1444 3744 1820 3821 διειργόμενος,
1849 3753 1943 3807 τὴν
1992 3751 2137 3821 ἡμῶν
2179 3748 2360 3802 θάλπει
2412 3753 2640 3819 μνήμην,
2668 3753 2758 3799 καὶ
2786 3756 2879 3808 τῆς
2901 3753 3020 3820 περὶ
3048 3751 3187 3820 ἡμᾶς
3232 3748 3552 3822 ἐπιστροφῆς
3598 3752 3884 3828 ἐμπυρεύει

499 3841 751 3895 ἄσϐεστον
799 3841 1055 3911 ἔναυσμα.
1083 3837 1152 3890 Ὠ
1189 3845 1306 3899 νοῦς
1332 3833 1640 3908 πανδεχὴςι
1670 3838 1710 3888 ὦ
1741 3834 1914 3898 δέλτος
1937 3837 2120 3909 ψυχῆς
2145 3835 2440 3910 μνήμονοςῐ
2477 3835 2680 3909 βιϐλίον
2712 3836 2940 3908 ἀτεχνῶς
2971 3845 3125 3906 Θεοῦ,
3157 3837 3205 3889 ἐν
3298 3845 3478 3912 μυρίοι
3514 3845 3878 3915 γεγράμμεθα,

497 3930 655 3987 Ἀλλὰ
675 3927 710 3984 δ
716 3930 1023 4004 ιατηρηθείη
1051 3930 1110 3978 τὸ
1140 3935 1240 3978 τῶν
1273 3926 1694 3979 Θεσσαλονικέων
1724 3927 2124 3999 εὐφεγγέστατον
2155 3936 2258 4000 φῶς
2285 3926 2563 3992 ἄσϐεστον,
2593 3929 2661 3988 ὡς
2698 3929 2800 3978 ὑπὸ
2840 3927 3002 3998 λοιπῷ
3044 3931 3211 3999 τούτῳ
3258 3938 3444 4002 πυρσῷ
3469 3934 3606 3983 κατά
3651 3937 3741 3990 τὴν
3781 3953 3880 4001 τοῦ

494 4022 619 4096 βιου
643 4023 1008 4091 νυκτομαχίαν
1031 4015 1378 4088 λαμπώμεθα.
2471 4013 2478 4017 ’

2269 2593 2606 2643 συντίθεσθαι
2655 2588 2925 2663 βαθμίδας
2966 2593 3059 2644 οὐκ
3118 2594 3370 2666 ἀκόμψως
3400 2598 3512 2653 θείη
3540 2615 3622 2658 τις
3673 2595 3753 2663 ἂν,
3797 2593 3876 2649 δι’

2266 2681 2333 2731 ὧν
2398 2684 2529 2754 πρὸς
2587 2682 2832 2750 χθονίους
2886 2682 3023 2752 ἡμᾶς
3081 2685 3316 2734 καθιέναι
3367 2693 3719 2757 προνοητικῶς
3775 2686 3873 2737 οὐκ

2267 2765 2449 2835 ὀκνεῖς,
2483 2771 2508 2819 ὸ
2548 2772 2640 2829 τὰς
2697 2766 2999 2838 ἀναγωγους
3049 2778 3147 2821 τῶν
3189 2770 3379 2843 ἀρετῶν
3431 2772 3594 2824 πάλαι
3647 2778 3735 2824 καὶ
3775 2782 3866 2824 νυν

2266 2857 2610 2930 ἀνερχόμενος
2642 2871 2656 2886 ’
2713 2860 2782 2918 ὡς
2820 2856 3064 2922 ἐντεῦθεν,
3100 2858 3144 2911 εἰ
3193 2866 3282 2911 καὶ
3327 2865 3397 2932 μὴ
3450 2869 3522 2932 τῷ
3575 2871 3719 2934 χορῴ
3763 2870 3866 2913 τῶν

2266 2947 2492 3018 ἀγγέλων
2551 2945 2905 3009 ἐντάττεσθαι,
2968 2947 3090 3018 παρ’
3147 2947 3398 3018 ἀγγέλους
3457 2959 3582 3020 γοῦν
3641 2947 3794 3004 οὐδὲν
3831 2953 3865 3010 ἦ

2269 3211 2329 3266 δε
2359 3216 2383 3265 ὁ
2422 3210 2669 3273 δύσελπις
2711 3213 2788 3266 ἀεὶ
2836 3218 2981 3285 ᾤμην
3017 3224 3116 3266 τῶν
3147 3224 3238 3276 τῆς
3278 3222 3529 3287 Προνοίας
3564 3216 3869 3291 πανδερκῶν

2268 3303 2530 3376 ϐλεφάρων
2576 3305 2674 3364 ἔξω
2737 3322 2838 3354 που
2891 3307 3115 3370 πίπτειν,
3173 3304 3268 3356 οὐκ
3319 3303 3494 3374 εἰδὼς,
3554 3311 3624 3368 ὡς
3671 3307 3872 3380 ἀγγελῳ

2270 3389 2460 3461 τοιῷδε
2501 3397 2868 3463 πεπίστευμαι,
2990 3395 3056 3443 τὰ
3092 3395 3208 3444 κατ’
3257 3394 3346 3466 ἐμὲ
3395 3398 3704 3467 θαυμασίως
3740 3398 3879 3450 οἰκο-

2271 3489 2568 3552 νομοῦνται.
2618 3480 2729 3532 Οὐκ
2785 3479 3061 3554 ἀπέχρησε
3103 3485 3169 3534 τά
3219 3492 3316 3544 τῆς
3363 3490 3615 3559 προτέρας
3673 3506 3880 3559 προμη-

2277 3572 2412 3630 θείας
2433 3569 2677 3642 φιλότιμα
2699 3587 2711 3599 ·
2744 3574 2802 3622 τό
2830 3575 2946 3642 περὶ
2978 3570 3160 3642 λόγους
3189 3581 3290 3643 φῶς
3308 3587 3322 3602 ⁸
3347 3575 3376 3630 ἡ
3407 3574 3520 3625 κατ’
3543 3575 3683 3626 οἰκον
3711 3575 3880 3628 εἰσοί-

490 4171 836 4230 IIl.Domino
853 4165 1193 4231 Eustathio,
1209 4167 1656 4235 archiepiscopo
1686 4166 1900 4222 Thessa
1909 4166 2146 4221 lonices.

2491 4167 2566 4225 1".
2599 4175 2682 4239 Τῷ
2712 4166 3072 4226 Θεσσαλονίκη
3085 4188 3124 4239 ς,
3159 4175 3300 4240 κυρῷ
3329 4169 3627 4242 Εὐσταθίῳ.

2328 4309 2548 4382 ’Υψωσω
2609 4332 2685 4379 σε,
2745 4315 2973 4365 θειότατε
3024 4308 3276 4382 δέσποτα,
3336 4314 3417 4365 ὅτι
3466 4312 3717 4376 ὑπέλαϐές
3752 4335 3817 4386 με

2259 4402 2356 4451 εἶτε
2413 4406 2565 4452 τοῦτό
2629 4400 2739 4452 ἐστι
2799 4405 2857 4452 τὸ
2924 4398 3216 4469 ὑπολαϐεῖν,
3261 4406 3688 4474 περιτρεπόμενον
3745 4399 3856 4458 ἤδη

2256 4491 2373 4540 τινὰ
2407 4490 2657 4562 μεγάλαις
2709 4495 2900 4562 χερσὶν
2943 4485 3304 4550 ὑποδέξασθαι
3359 4494 3449 4541 καὶ
3497 4489 3735 4564 ἀπεῖρξαι
3763 4499 3860 4542 τοῦ

563 4310 816 4367 Maxime
845 4311 900 4364 te
931 4307 1114 4363 effero
1137 4307 1443 4371 laudibus,
1479 4307 1858 4364 sanctissime
1879 4305 2146 4372 domine,
2176 4347 2222 4400 Β

487 4401 654 4475 quod
676 4414 774 4454 me
794 4397 1151 4453 sustinueris
1173 4397 1553 4452 vacillantem
1577 4395 1861 4450 manibus
1880 4411 1953 4450 ne
1975 4395 2147 4451 cade-

485 4506 637 4556 rem,
657 4492 762 4545 aut
789 4486 1031 4558 lapsum
1053 4483 1318 4551 elevasti,
1341 4486 1491 4540 sicut
1512 4485 1648 4556 quis
1670 4499 1929 4555 puerum
1960 4485 2146 4540 nandi

482 4579 586 4636 vix
624 4593 696 4632 ac
724 4591 800 4631 ne
837 4575 938 4629 vix
965 4573 1213 4647 quidem
1236 4574 1490 4646 peritum
1521 4572 1806 4628 manibus
1838 4578 2143 4644 arreptum

483 4682 666 4740 super
684 4680 878 4738 aquas
909 4663 1076 4730 tollit,
1109 4678 1184 4718 ne
1210 4662 1288 4719 ab
1328 4663 1508 4718 undis
1531 4661 1944 4718 absorbeatur.
1975 4665 2146 4735 Equi-

479 4758 622 4814 dem
643 4755 694 4810 si
714 4771 787 4811 ex
812 4752 1098 4822 voragine
1125 4767 1325 4808 rerum
1352 4750 1766 4820 emergebam,
1810 4757 1876 4807 ut
1914 4768 2141 4824 aquam

476 4846 700 4905 salsam
720 4841 1232 4917 pusillanimitatis
1258 4839 1758 4907 biberem,littora
1773 4845 1973 4897 tamen
2004 4843 2140 4898 vitae

473 4936 674 5007 legere
719 4930 986 5005 nequivi.
1026 4933 1110 4986 Tu
1146 4945 1292 4985 vero
1331 4928 1565 4985 bonum
1613 4929 1942 5002 pretiosum
1985 4931 2139 4987 creli-

469 5032 568 5085 tus
621 5025 896 5090 missum,
937 5019 1150 5077 oculus
1194 5018 1409 5075 Christi
1445 5018 1818 5076 illuminator
1855 5020 1982 5090 ubi,
2011 5037 2135 5093 quo

469 5118 534 5174 in
583 5120 741 5172 statu
781 5126 982 5169 essem
1019 5123 1416 5178 cognoveras,
1459 5109 1778 5181 epistolam
1817 5111 2133 5181 porrexisti

469 5205 830 5268 salutarem;
857 5204 916 5255 et
939 5197 1240 5269 extemplo
1267 5199 1371 5270 qui
1389 5198 1600 5271 lapsus
1619 5205 1747 5256 erat
1767 5200 2127 5270 erigebatur,

467 5299 526 5351 et
563 5292 668 5364 qui
705 5289 887 5345 undis
927 5291 1162 5344 tantum
1218 5303 1341 5344 non
1396 5289 1724 5362 absorptus
1764 5294 1891 5346 erat
1927 5288 2129 5345 valida

463 5398 655 5441 manu
691 5378 1076 5436 retinebatur.
1121 5383 1260 5434 lnus
1288 5378 1536 5450 quidem
1575 5378 1780 5434 velum
1817 5393 1942 5434 non
1977 5378 2122 5448 vidi,

460 5469 629 5544 quod
659 5467 883 5540 Ulyssis
922 5482 1028 5539 per
1057 5481 1226 5523 mare
1264 5466 1548 5522 ﬂuctibus
1583 5465 1793 5536 jactati
1832 5465 2124 5522 membris

458 5573 794 5634 expansum
849 5555 1072 5614 mirum
1126 5554 1189 5612 in
1227 5554 1483 5614 modum
1523 5553 1950 5616 auxiliabatur.
1990 5556 2120 5627 Epi-

2255 4584 2554 4650 πτώματος,
2609 4582 2708 4630 εἴτε
2772 4579 3123 4648 ὑποκουφίσαι
3179 4573 3567 4649 κάταδυόμενον
3597 4595 3610 4607 ⁸
3681 4581 3751 4639 ως
3818 4583 3864 4631 εἰ

2253 4687 2335 4728 τις
2382 4666 2744 4720 ἀθαλάττωτον
2796 4663 2969 4719 παῖδα
2997 4671 3083 4718 καὶ
3133 4685 3226 4718 του
3269 4669 3532 4737 νήχεσθαι
3563 4666 3857 4742 ἀρτιμαθῆ,

2251 4759 2346 4817 τὰς
2391 4763 2578 4831 χεῖρας
2617 4755 2906 4820 ὑπολαϐὼν,
2960 4757 3282 4828 μετεωρίζει,
3321 4761 3411 4807 καὶ
3469 4759 3563 4807 οῦκ
3621 4761 3720 4828 εῲη
3762 4761 3860 4809 πί-

2249 4864 2394 4898 πτειν
2468 4845 2771 4920 ὐπόϐρυχα.
2840 4843 3040 4915 Ἔγωγε
3112 4846 3212 4918 γὰρ
3287 4842 3383 4895 κᾶν
3457 4847 3861 4917 ἀνατετραμμαι

2251 4931 2658 4994 σκοτοδινιάσας
2697 4932 2751 4985 ἐκ
2804 4940 2895 4992 τῆς
2949 4931 3178 4984 ἀστάτου
3240 4951 3340 4984 των
3392 4934 3717 5005 πραγμάτων
3769 4954 3860 4988 πε-

2245 5022 2658 5096 ριστροϐήσεως,
2711 5021 2806 5074 κᾶν
2872 5017 3015 5095 ὕδωρ
3081 5020 3442 5091 ὀλιγοπιστίας
3499 5019 3697 5083 ἐξέπιον
3769 5023 3859 5075 αλ-

2244 5115 2428 5184 μυρὸν,
2469 5112 2575 5182 οὐχ
2614 5112 2715 5172 οἷος
2773 5129 2827 5163 τε
2860 5111 2927 5161 ῶν
2984 5105 3109 5162 οὐδε
3164 5117 3281 5170 ταῖς
3337 5128 3428 5161 του
3490 5108 3614 5182 βίου
3673 5109 3858 5172 ἀκταῖς

2242 5198 2611 5271 ἐπινήχεσθαι.
2657 5197 2811 5252 Ἀλλά
2861 5202 2948 5266 σὺ,
3002 5195 3042 5249 ὦ
3093 5199 3224 5250 θεῖον
3281 5203 3373 5250 καὶ
3411 5202 3581 5250 κοινὸν
3631 5197 3854 5269 ἀγαθὸν,

2240 5286 2280 5340 ὦ
2337 5294 2608 5363 φωσφόρον
2668 5292 2812 5360 ὄμμα
2887 5295 3133 5362 Φριστου,
3193 5289 3258 5347 ὡς
3333 5283 3490 5353 εἶδες,
3569 5289 3639 5348 ὡς
3693 5290 3855 5359 ἔγνως

2237 5379 2397 5439 οὕτως
2469 5383 2682 5450 ἔχοντα,
2757 5379 2845 5431 οἷα
2907 5385 3068 5450 χεῖρα
3123 5381 3360 5447 γενναίαν
3420 5377 3575 5430 καλὸν
3627 5380 3856 5450 γράμμα

2235 5468 2524 5540 ὑπώρεξας.
2583 5473 2684 5521 Καὶ
2741 5475 3084 5540 παραχρῆμα
3128 5467 3301 5541 ὄρθιος
3358 5467 3384 5518 ὁ
3427 5471 3652 5533 πίπτων,
3694 5471 3784 5520 καὶ
3824 5469 3853 5519 ὁ

2233 5576 2423 5632 μικρου
2483 5553 2716 5618 καταδὺς
2766 5565 2866 5610 τῶν
2895 5557 3141 5628 κυμάτων
3181 5560 3596 5629 κατωχρήσατο.
3651 5560 3754 5610 Καὶ
