4148 6388
262 297 371 373 333

1785 318 2150 380 EPISTOLE

3537 345 3643 401 334

259 441 356 512 μὲν
395 434 694 511 κρήδεμνον
735 446 830 498 τῆς
885 438 1046 502 Ἰνοῦς
1092 441 1185 492 οῦκ
1238 437 1384 508 οἶδα,
1439 442 1465 494 ὃ
1517 447 1571 495 τί
1625 464 1750 497 ποτε
1803 466 1841 497 τι

1987 446 2140 536 stola
2162 447 2416 536 quidem
2449 451 2572 518 tua,
2595 466 2781 524 quam
2804 458 3095 530 tanquam
3115 465 3416 534 pectorale
3437 471 3640 536 gestas

262 529 490 601 τλήμονι
549 523 812 580 Ὀδυσσεί
902 535 1311 601 συνεισήνεγκεν,
1384 534 1468 584 ὅτε

265 619 497 690 χθοῦντι
545 623 653 678 τοῖς
720 619 956 691 στέρνοις
1012 618 1135 670 αὐτὸ
1189 621 1501 672 ὑπετείτετο.
1544 626 1613 674 Τό
1669 642 1729 694 γε
1775 627 1878 694 μὴν

272 710 367 759 σόν
397 704 690 780 γράμμα,ὃ
740 706 789 757 ἐν
846 713 952 767 τοῖς
1017 711 1244 780 στέρνοις
1291 713 1444 782 φέρω,
1499 713 1558 762 τὸ
1611 717 1712 763 πᾶν
1751 713 1877 782 ἡμῖν

1421 803 1512 850 καὶ
1549 795 1738 865 ταῦτα,
1794 801 1877 853 ὅτε

266 799 442 847 καὶτὸ
474 794 586 847 ὅλον
614 801 709 856 τῆς
742 799 1009 869 σωτηρίας
1041 799 1319 871 εῖργασται
1354 819 1366 830 ·

262 883 366 935 οὐκ
424 881 485 940 ἦν
535 887 656 955 ἡμῖν
688 882 828 943 ἐλπὶς
852 880 1064 936 τοιοῦδε
1094 884 1277 951 καλοῦ,
1308 890 1366 937 τό
1420 887 1654 960 ἄσχολον
1703 885 1873 941 εἰδόσι

260 980 361 1032 τῆς
396 981 492 1033 σῆς
543 972 822 1043 ἁγιότητος
859 989 872 1002 ’

262 1062 577 1113 Αἰθιοπικὸν
614 1081 819 1113 τουτονι
858 1068 1405 1135 γραμματοκομιστὴν
1459 1065 1528 1127 εἰς
1577 1065 1872 1138 λευκοχρῶ-

255 1171 330 1203 τα
357 1150 683 1224 μεταϐαλεῖν,
741 1152 772 1210 ἢ
819 1155 1040 1225 γράμμα
1085 1161 1177 1213 τῆς
1229 1155 1512 1228 ἱερωτάτης
1553 1175 1647 1207 σου
1687 1156 1872 1228 ψυχῆς

252 1243 392 1311 μετὰ
423 1247 614 1311 χεζοας
657 1241 781 1314 οἶρτι
833 1239 1006 1292 λαϐεῖν
1039 1259 1052 1272 ·
1116 1241 1169 1292 ὃν
1223 1244 1358 1294 πάνυ
1408 1243 1746 1306 καταλλήλως
1801 1245 1869 1306 εἰς

250 1335 454 1388 Μωσῆν
488 1325 728 1394 ἐξεδέξω,
765 1325 862 1382 διὰ
903 1333 963 1382 τό
1015 1330 1120 1382 οἷον
1159 1330 1216 1382 ἐκ
1262 1337 1457 1404 γνόφου
1509 1336 1867 1408 κατέρχεσθαι

255 1417 374 1468 ὅλον
410 1419 694 1489 ὑπόζοφον.
736 1417 870 1489 Ἐγὼ
911 1415 970 1471 δὲ
1016 1423 1109 1470 καὶ
1147 1423 1205 1470 τὸ
1255 1419 1494 1492 ἑπόμενον
1555 1421 1864 1493 συλλογίζο-

255 1527 379 1578 μαι,
431 1509 510 1558 ὅτι
552 1513 648 1559 καὶ
700 1507 768 1567 ὡς
821 1505 876 1558 ἐκ
909 1515 1042 1560 Θεοῦ
1097 1507 1302 1570 πλάκας
1348 1514 1556 1582 κομίζει
1619 1513 1688 1564 τὰ
1721 1515 1866 1583 παρά

931 975 1004 1034 ὡς
1055 973 1246 1045 μᾶλλον
1300 977 1361 1026 ἄν
1415 973 1733 1049 ἐπεπείσμην
1784 981 1872 1029 τόν

253 1603 356 1645 σοῦ
396 1597 701 1669 γράμματα.
749 1600 967 1653 Μήποτε
1006 1591 1084 1665 δὲ,
1139 1593 1178 1647 ὦ
1241 1601 1498 1662 Δέσποτα,
1553 1604 1644 1651 καὶ
1714 1597 1862 1671 βάτῳ

246 1689 501 1756 καιομένῃ
561 1704 663 1737 που
715 1683 992 1758 ὀρειϐατῶν
1037 1683 1390 1757 ἐντετύχηκεν,
1462 1683 1552 1739 εἶτ’
1584 1691 1678 1738 ούκ
1709 1687 1861 1748 ἐνόη-

248 1792 338 1825 σεν
367 1773 698 1844 ἀποστρέψαι
729 1775 825 1834 τὰς
879 1773 1048 1843 ὄψεις.
1081 1779 1172 1826 καὶ
1219 1779 1362 1847 παρά
1407 1776 1560 1828 τοῦτο
1591 1779 1650 1827 τό
1680 1795 1851 1848 προσ-
1895 1800 1932 1853 Β

247 1879 393 1913 ωπον
454 1860 872 1928 κατησϐόλωτο;
925 1862 1065 1915 Ἀλλ’
1123 1865 1148 1914 6
1199 1867 1290 1936 μὲν
1346 1865 1437 1925 ἕως
1496 1865 1621 1939 ἡμῖν
1688 1887 1860 1941 γραμ-

245 1959 536 2024 ματοφορεῖ
595 1955 688 2002 καὶ
750 1954 940 2023 μηνύει
1011 1952 1194 2014 λευκὰς
1254 1959 1374 2029 περὶ
1432 1956 1528 2007 σοῦ
1597 1955 1857 2028 ἀπελίας,

241 2045 338 2092 καὶ
391 2042 458 2100 εἰς
505 2039 731 2111 ἄγγελον
787 2044 955 2112 φωτὸς
1005 2048 1095 2094 καὶ
1153 2045 1352 2117 ἡμέρας
1409 2047 1520 2096 υἱόν
1569 2046 1878 2116 τετάξεται,;

237 2128 337 2179 κᾶν
388 2125 704 2201 ἐπιδερμίδι
755 2134 955 2203 σαρκός
1021 2130 1268 2203 μελαίνης
1324 2134 1618 2194 σκιάζεται.
1677 2139 1744 2187 Σὺ
1798 2132 1858 2187 δὲ

242 2219 356 2277 εἴης
410 2216 488 2269 ἀεὶ
534 2223 826 2279 πίπτοντας
881 2218 975 2281 ἔξω
1021 2227 1114 2271 τοῦ
1159 2219 1318 2272 καλοῦ
1373 2220 1643 2293 ἐπανάγων
1691 2219 1855 2276 διδα-

244 2304 511 2367 σκαλικῶς
567 2306 682 2378 οἶμα
725 2307 818 2358 καὶ
873 2316 1167 2381 πατρικῶς.
1235 2313 1306 2361 Τό
1356 2308 1708 2384 ἐπιτείχισμα
1761 2320 1855 2365 τοῦ

245 2392 425 2448 δεινοῦ
480 2401 570 2449 καὶ
611 2394 880 2449 δυσκόλου
930 2402 1157 2469 γείτονος
1208 2403 1411 2470 τῳτέως
1451 2403 1540 2472 μὲν
1594 2401 1668 2463 εἰς
1714 2405 1854 2455 κενόν

244 2487 459 2555 ἔσχασε
507 2491 596 2538 καὶ
668 2491 861 2559 μυρίαι
921 2496 1147 2559 κορῶναι
1229 2488 1371 2558 αὐτῷ
1447 2488 1850 2564 ἐπικρώζουσιν.

1554 533 1880 606 θαλαττομο-

1988 535 2264 591 beneﬁca
2292 536 2401 592 fuit
2430 536 2488 592 in
2530 555 2628 629 me
2659 541 2972 617 salvando,
3005 549 3191 622 idque
3218 535 3487 626 tempore
3513 573 3638 629 quo

1987 629 2052 680 tu
2081 625 2329 680 minime
2354 626 2474 682 otio
2497 627 2876 688 abundabas.
2911 637 3224 695 Hominem
3255 625 3398 699 sane
3417 625 3638 702 Ethio-

1988 712 2188 784 picum
2212 729 2334 770 non
2361 715 2714 788 suspicabar
2728 720 2952 779 litteras
2974 725 3083 782 abs
3103 731 3156 783 te
3177 729 3353 786 nobis
3374 739 3632 804 portare;

1983 815 2168 873 quem
2194 819 2334 858 cum
2364 806 2562 876 Moyse
2580 813 3062 881 comparaverim
3083 817 3187 888 qui
3217 817 3369 875 facie
3392 821 3636 879 umbra-

1983 888 2113 946 tilie
2144 891 2404 947 tenebris
2435 896 2728 983 prorupit,
2763 904 2819 954 et
2848 899 2896 954 si
2929 903 3167 960 tabulas
3199 905 3437 964 divinas
3477 911 3632 983 Moy-

1983 994 2096 1045 ses,
2125 983 2260 1035 tuus
2283 981 2566 1052 epistolas
2594 983 2830 1042 divinas
2855 992 3131 1060 portavit.
3148 996 3300 1050 Num
3327 996 3390 1051 in
3417 981 3610 1055 monti

1978 1068 2094 1124 bus
2124 1084 2334 1160 errans
2355 1071 2579 1160 rubum
2618 1073 2765 1131 vidit
2797 1079 3107 1136 ardentem
3140 1084 3244 1154 qui
3275 1085 3400 1155 ejus
3429 1087 3632 1160 palpe-

1977 1157 2121 1213 bras
2138 1158 2518 1214 combussit?
2544 1164 2659 1217 Nos
2678 1177 2817 1219 eum
2836 1165 3174 1226 dummodo
3187 1157 3475 1244 epistolas
3496 1157 3632 1234 tuas

1977 1245 2148 1302 aﬂ‘ert
2177 1261 2520 1318 prosperas,
2538 1248 2781 1308 luminis
2803 1257 3082 1313 nuntium
3112 1264 3168 1316 et
3187 1261 3303 1316 diei
3322 1261 3510 1321 ﬁlium
3532 1282 3632 1322 ve-

1974 1351 2279 1405 neramur,
2298 1334 2586 1394 licetcum
2618 1345 2751 1397 cute
2775 1343 3058 1415 nigra.Tu
3076 1353 3274 1405 autem
3297 1367 3479 1423 perge
3495 1371 3630 1411 stuc-

1974 1439 2212 1479 currere
2242 1430 2306 1480 ut
2334 1430 2504 1497 pater
2528 1431 2586 1482 et
2632 1437 2964 1503 praeceptor
2992 1437 3280 1494 omnibus
3324 1441 3431 1512 qui
3468 1443 3628 1500 circa

1973 1512 2252 1568 virtutem
2280 1513 2342 1568 in
2372 1531 2572 1572 errore
2601 1517 3156 1590 deprehenduntur.
3184 1528 3357 1592 Quod
3392 1531 3626 1588 vicinus

1971 1601 2159 1656 hostis
2187 1607 2395 1657 contra
2412 1619 2526 1659 nos
2549 1611 3077 1678 propugnaculum
3108 1613 3328 1670 fecerat
3352 1616 3622 1676 dirutum

1972 1696 2079 1754 est,
2120 1691 2501 1760 graculorum
2549 1696 2969 1754 crocitantium
3012 1701 3384 1760 domicilium
3409 1709 3619 1765 evasit.

1972 1780 2213 1850 Opusne
2257 1786 2544 1851 praeterea
2593 1783 2758 1840 aliud
2803 1787 3157 1845 conﬁciatur
3209 1791 3444 1861 ignoro.
3500 1799 3622 1867 Ego

1968 1867 2216 1940 quidem
2243 1884 2446 1924 senem
2479 1871 2660 1927 istum
2688 1889 2760 1928 ex
2789 1875 2995 1931 animo
3042 1877 3438 1950 deplorabam
3489 1886 3618 1956 qui,

1967 1957 2207 2013 nescius
2233 1973 2294 2012 se
2325 1965 2582 2015 mortem
2627 1961 2740 2017 sibi
2782 1969 3112 2035 maturare,
3141 1975 3352 2026 contra
3386 1972 3616 2030 vicinos

1965 2045 2182 2102 domos
2211 2053 2498 2103 ventosas
2529 2055 2588 2105 et
2617 2051 2811 2107 aerias
2838 2059 3181 2113 construere
3202 2059 3446 2116 studuit.
3474 2063 3622 2119 Ora-

1965 2134 2190 2190 tionem
2223 2140 2390 2192 tuam
2417 2137 2492 2192 de
2514 2138 2746 2209 jejunio
2766 2142 3043 2198 nondum
3063 2149 3322 2216 gustavi,
3347 2155 3404 2206 et
3425 2153 3620 2207 Mono-

1965 2223 2132 2278 diam
2162 2225 2263 2280 vix
2315 2225 2612 2300 inchoavi,
2645 2229 2698 2284 ei
2729 2229 2909 2302 plane
2949 2232 3160 2290 similis
3207 2236 3314 2308 qui
3349 2239 3622 2298 tabulam

1963 2311 2142 2369 lautis
2169 2313 2320 2370 cibis
2365 2316 2668 2384 refertam,
2711 2319 3072 2394 priusquam
3099 2328 3347 2395 tangere
3399 2331 3620 2402 possis,

1961 2407 2232 2459 removet
2260 2409 2316 2459 et
2356 2404 2657 2478 hospitem
2696 2408 2868 2465 falsis
2901 2411 3056 2467 escis
3088 2412 3272 2486 illicit,
3312 2423 3619 2487 postremo

1964 2490 2204 2564 decipit.
2237 2494 2389 2548 Deus
2421 2498 2476 2550 te
2495 2494 2843 2568 longaevum
2875 2499 3124 2557 reddat!

238 2569 391 2627 135.6“
423 2572 810 2632 ἐπιτεκτήναιτό
866 2595 917 2628 τι
959 2581 1050 2627 καὶ
1099 2578 1193 2636 ἔτι,
1229 2577 1323 2628 οὐκ
1367 2573 1510 2632 οῖδα.
1558 2578 1889 2642 Ἐταλάνισα,
1929 2583 2005 2652 μὰ
2041 2585 2134 2638 τὴν
2182 2585 2280 2638 σὴν
2325 2587 2528 2654 σοφίαν,
2557 2588 2614 2635 τό
2661 2591 2860 2638 σαπτὸν
2909 2593 3192 2661 γερόντιον,
3243 2594 3319 2654 οἷς
3347 2595 3420 2666 (Ῡ)
3462 2615 3614 2671 σορο-

238 2671 434 2734 πηγεῖν
463 2662 623 2734 ἐαυτῷ
645 2664 946 2738 λαθόμενον,
969 2663 1330 2738 ἐποικοδομεῖν
1355 2671 1490 2719 κατὰ
1518 2676 1616 2719 τῶν
1642 2672 2003 2739 γειτονούντων
2034 2667 2302 2722 ἐπεϐάλετο
2323 2674 2525 2746 μέγαρα
2570 2672 2847 2746 ἠνεμόεντα
2879 2675 3059 2748 ἄλλως,
3094 2679 3167 2740 οἷς
3199 2678 3442 2754 ἀνεμιαῖα
3466 2685 3617 2758 ὴλέγ.

231 2753 480 2824 χθησαν,
510 2757 600 2805 καὶ
662 2754 731 2814 ὡς
757 2750 918 2827 αὖραι
952 2752 1170 2806 λυθέντα
1199 2751 1620 2826 ὃιεφυσηθησαν.
1649 2764 1750 2810 Τοῦ
1804 2763 1922 2832 περὶ
1964 2762 2201 2818 νηστείας
2243 2757 2396 2830 λόγου
2442 2762 2586 2812 οὔπω
2634 2766 2942 2835 γεγεύμεθα,
2983 2774 3078 2827 τῆς
3126 2764 3185 2820 δὲ
3226 2750 3490 2842 μονῳδίας
3531 2750 3614 2826 τὸ.

237 2849 451 2905 σοῦτον,
493 2843 616 2894 ὅσον
661 2842 706 2894 εἰ
732 2847 822 2895 καὶ
859 2844 1122 2916 τράπεζαν
1160 2847 1469 2916 παραφέρων
1499 2864 1594 2917 τις,
1627 2845 1768 2917 ὄψων
1820 2846 2017 2900 πολλῶν
2065 2852 2155 2898 καὶ
2195 2846 2364 2898 καλῶν
2403 2851 2686 2920 γέμουσαν,
2730 2856 2852 2925 πρὶν
2898 2852 2928 2909 ἦ
2974 2859 3064 2906 καὶ
3106 2864 3296 2930 χεῖρας
3324 2856 3607 2931 ἐπιϐαλεῖν,

233 2928 393 2989 εὐθὺς
420 2932 755 3002 ἧρπασε,τὸν
785 2927 1076 3004 δαιτυμόνα
1114 2930 1258 3004 ἀφεὶς
1283 2931 1643 3005 ἐπιχαίνοντα,
1689 2939 1780 2988 καὶ
1816 2941 1946 3009 μόνη
1975 2943 2036 3009 τῇ
2071 2935 2189 3007 ὄψει
2228 2934 2448 3010 ἀνιαρῶς
2493 2937 2942 3012 παραψαύσαντα.
2983 2948 3106 3002 Δοίη
3168 2964 3252 2998 σοι
3294 2951 3419 3010 Θεὸς
3465 2950 3606 3011 ζωὴν

226 3023 653 3091 μακροχρόνιον.

447 3123 517 3182 Δ’.
555 3129 694 3198 Πρός
720 3128 806 3177 τὸν
832 3127 990 3180 αὐτὸν
1019 3127 1175 3180 αὐτὸν
1205 3129 1615 3192 Θεσσαλονίκης.

295 3231 353 3284 Ὁ
428 3228 487 3284 δ’
560 3229 628 3284 αὖ
692 3233 848 3284 πάλιν
915 3236 1166 3309 ἕμφορτος
1230 3235 1430 3287 πολλῶν
1507 3241 1833 3311 γραμμάτων

219 3327 450 3386 καπνοῦ,
507 3321 638 3392 τάχ’
695 3321 758 3372 ἆν
816 3326 950 3398 πρὸς
993 3327 1081 3375 τὸν
1141 3331 1688 3399 γραμματοκομιστὴν
1743 3331 1831 3380 τὸν

220 3413 465 3484 παρόντα
492 3410 822 3483 κομψεύσαιο
855 3432 869 3445 ·
922 3416 1015 3464 καὶ
1064 3413 1184 3485 μάλ’
1239 3412 1460 3475 ἀληθῶς.
1513 3411 1681 3468 Οὐδὲν
1726 3420 1828 3491 γὰρ

223 3499 294 3548 τὰ
335 3498 564 3572 ἡμέτερα
608 3507 773 3550 ταῦτα
816 3500 846 3558 ἦ
902 3505 1097 3560 καπνός
1129 3515 1144 3530 ·
1197 3505 1480 3576 τεκμήριον
1531 3508 1684 3575 μόνον
1738 3512 1829 3556 τοῦ

220 3586 350 3657 παρ’
405 3588 532 3658 ἡμῖν
608 3586 907 3649 ἀσϐέστους
961 3590 1291 3642 ὺποκάεσθαι
1369 3592 1446 3642 ἔτι
1509 3595 1632 3654 τοὺς
1709 3598 1830 3655 σοὺς

223 3677 449 3746 θερμοὺς
478 3678 669 3748 ἔρωτας
692 3697 706 3709 ·
739 3680 807 3729 τὰ
849 3673 911 3729 δι
939 3696 997 3749 γε
1036 3677 1167 3730 ἀλλα
1197 3685 1268 3740 εἰς
1309 3677 1436 3753 ἀέρα
1483 3677 1828 3754 σκιδνάμενος

217 3767 318 3814 καὶ
345 3762 608 3834 λυόμενός.
641 3765 702 3818 Εἰ
740 3761 802 3817 δέ
837 3785 924 3818 σοι
975 3772 1066 3818 καὶ
1123 3767 1382 3839 φίλτατος,
1431 3771 1512 3822 ὅτι
1564 3777 1659 3831 τῆς
1687 3770 1824 3843 λόγῳ

213 3872 282 3905 σε
339 3853 658 3925 θρεψαμένης
713 3853 1066 3930 ἀποθρώσκει,
1123 3864 1277 3909 τοῦτο
1334 3859 1499 3930 λέγοις
1569 3863 1661 3931 μεν
1732 3865 1824 3912 αὐ-

206 3945 311 4002 τός
352 3955 365 3967 ⁶
427 3939 672 4015 ἀκούομεν
729 3940 788 3996 δὲ
855 3947 1019 4016 ἡμεῖς.
1079 3945 1220 4005 Πλὴν
1287 3954 1376 4000 καὶ
1428 3949 1559 4000 οὕτω
1605 3955 1815 4011 καπνός.

207 4033 326 4081 Καὶ
346 4032 492 4103 παρὰ
532 4040 706 4104 τοῦτο,
753 4031 922 4105 οἶμαι,
961 4039 1052 4086 καὶ
1081 4037 1108 4086 6
1137 4036 1370 4107 κομίζων
1400 4042 1668 4110 καπνηρός
1702 4038 1820 4102 ὅλος

202 4123 305 4171 καὶ
359 4123 491 4192 γρηῖ
537 4128 754 4192 καμινοῖ
797 4124 927 4182 ἶσος.
983 4122 1114 4175 Ἀλλ’
1145 4125 1170 4176 6
1223 4123 1436 4178 τοιόσδε
1483 4131 1573 4179 καὶ
1619 4128 1686 4178 ὢν
1725 4134 1816 4182 καὶ

198 4209 348 4264 ἧκων
399 4206 610 4262 ἐνθένδε
658 4210 904 4274 στιλπνὸς
957 4213 1084 4283 ἡμῖν
1128 4215 1377 4272 ἐπανήκοι
1405 4246 1476 4254 —
1502 4223 1614 4276 πῶς
1654 4219 1814 4278 εἴποις

194 4328 274 4337 -
304 4303 395 4351 καὶ
423 4295 560 4351 ἰδεῖν
601 4295 825 4363 ἣδιστός
867 4306 959 4354 καὶ
985 4298 1203 4376 φαιδρός
1241 4303 1494 4376 λάμποντι
1526 4311 1809 4378 προσώπῳ,

1870 3131 1912 3186 C
1997 3133 2092 3188 IV.
2121 3133 2219 3187 Ad
2246 3133 2514 3190 eumdem
2554 3135 2994 3194 Thessalonice:
3015 3141 3564 3215 archiepiscopum.

2016 3241 2160 3294 Ecce
2197 3239 2413 3295 iterum
2445 3240 2758 3297 hominem
2795 3259 3023 3316 vapore
3054 3249 3361 3319 epistolari
3392 3253 3602 3311 admo-

1941 3326 2088 3382 dum
2105 3333 2440 3399 oneratum,
2457 3329 2641 3399 dices,
2664 3329 3047 3390 tabellarium
3070 3342 3344 3395 nostrum
3363 3342 3599 3414 videns,

1941 3421 1998 3472 et
2020 3417 2187 3474 omni
2211 3417 2365 3489 jure.
2401 3419 2705 3492 Quidquid
2748 3423 2910 3479 enim
2948 3426 3270 3484 scribimus
3293 3447 3488 3504 vapor
3510 3434 3601 3490 ina

1939 3507 2071 3562 anis
2092 3513 2180 3563 est
2205 3508 2505 3581 simulque
2529 3510 2755 3566 amoris
2775 3515 2965 3569 nostri
2991 3513 3260 3573 ardentis
3279 3519 3592 3579 indicium.

1939 3597 2128 3660 Quem
2159 3598 2209 3651 si
2250 3612 2424 3654 amas
2465 3598 2611 3670 quia
2640 3615 2712 3655 ex
2742 3600 2891 3657 urbe
2923 3605 3192 3661 ascendit
3219 3622 3358 3680 quae
3385 3609 3594 3668 litteris

1938 3689 1990 3739 te
2019 3684 2236 3740 imbuit
2255 3685 2354 3740 dic
2377 3684 2556 3742 nobis
2583 3703 2600 3753 ;
2624 3687 2844 3760 volupe
2872 3690 3035 3747 enim
3063 3692 3242 3751 nobis
3271 3701 3380 3753 est.
3395 3701 3595 3773 Vapor

1933 3772 1996 3828 id
2024 3773 2188 3845 quod
2227 3789 2356 3829 esse
2378 3789 2502 3830 non
2541 3775 2777 3844 desinit,
2810 3793 2999 3850 quare
3032 3781 3214 3838 etiam
3234 3786 3340 3857 qui
3365 3772 3586 3859 portat,

1931 3861 2102 3931 niger
2122 3867 2211 3918 est
2235 3866 2301 3917 ut
2327 3865 2816 3924 atramentarius.
2842 3869 3153 3942 Utcunque
3177 3872 3240 3926 id
3271 3873 3363 3946 sit,
3395 3878 3589 3934 redux

1931 3950 2106 4005 nobis
2136 3950 2433 4006 candidus
2461 3951 2597 4008 visu
2633 3969 2705 4008 ac
2745 3953 3101 4026 splendidus
3145 3968 3398 4032 apparet
3426 3971 3586 4037 post-

1927 4054 2113 4112 quam
2145 4043 2201 4095 te
2232 4039 2381 4095 facie
2419 4041 2861 4114 contemplatus
2891 4049 2980 4100 est
3008 4046 3120 4102 abs
3149 4053 3328 4120 teque
3358 4053 3582 4124 episto-

1923 4126 2033 4183 lari
2053 4143 2206 4183 zona
2217 4128 2447 4184 cinctus
2469 4127 2666 4186 fuerit.
2696 4130 2785 4187 Ab
2805 4147 2874 4188 eo
2905 4134 3269 4194 sciscitando
3290 4143 3580 4198 sanctitas

1922 4223 2026 4274 tua
2055 4217 2367 4290 quomodo
2394 4233 2507 4274 nos
2537 4219 2652 4292 ipsi
2673 4220 2987 4278 valeamus
3007 4227 3356 4298 comperiet.
3383 4233 3579 4289 Domi-

1921 4322 2038 4362 nus
2062 4307 2343 4378 precibus
2367 4307 2483 4363 tuis
2513 4309 2814 4365 exauditis
2841 4312 3134 4384 propitius
3165 4317 3314 4373 mihi
3345 4322 3504 4377 esto!

195 4384 258 4436 ἐκ
279 4394 378 4449 τῆς
405 4395 503 4448 σῆς
531 4384 796 4448 δήποῦθεν
835 4391 1227 4462 αῦτοπτήσεως,
1255 4397 1343 4445 καὶ
1372 4401 1465 4446 τοῦ
1493 4402 1682 4446 κεστοῦ
1707 4405 1806 4447 τῶν
1836 4397 2158 4470 γραμμάτων
2193 4415 2286 4448 σου
2313 4392 2784 4468 ἐπισχεδιάξοντος
2821 4400 2962 4470 αὐτῷ
2991 4405 3050 4454 τὸ
3090 4401 3313 4480 ἐπιχαρι
3345 4425 3358 4438 ⁸
3392 4409 3442 4469 ὂς
3489 4417 3581 4465 καὶ

194 4481 268 4545 τῇ
307 4483 374 4547 σῇ
406 4476 658 4548 ἁγιότητι
687 4474 840 4541 αὖθις
877 4477 1143 4553 ἀναγγελεὶ
1189 4484 1256 4535 τὰ
1297 4482 1416 4535 καθ’
1458 4484 1617 4556 ἡμᾶς,
1651 4485 1786 4546 ὅπως
1815 4487 2053 4556 ἔχουσιν,
2088 4483 2255 4545 Ὶλεως
2286 4491 2361 4542 εἴη
2387 4505 2478 4557 μοι
2525 4491 2674 4560 Θεὸς,
2721 4483 2756 4539 δ
2762 4489 2816 4540 ιὰ
2839 4497 2939 4541 τῶν
2969 4499 3071 4542 σῶν
3105 4474 3392 4567 ἱερ-ωτάτων
3412 4499 3580 4552 ἐντεύ-

197 4559 357 4624 Eam.

431 4687 501 4740 Ε.
538 4696 620 4761 Τῷ
665 4693 1079 4766 Θεσσαλονίκης,
1120 4703 1264 4769 κυρῶ
1303 4696 1596 4770 Εὐσταθίῳ.

278 4792 568 4866 ’Δγιώτατε
646 4795 902 4871 δέσποτα,
991 4799 1115 4855 οἶδα
1191 4808 1281 4862 τὴν
1348 4807 1631 4880 ἱερωτάτην
1717 4824 1813 4859 σου

193 4881 402 4954 ψυχὴν
435 4889 529 4942 τήν
559 4887 718 4946 αὐτὴν
744 4886 928 4960 οὖσαν,
971 4891 1030 4944 οὐ
1059 4891 1252 4966 μᾶλλον
1292 4892 1340 4945 ἐν
1373 4903 1444 4966 τῷ
1488 4894 1813 4968 ἀναλλοιώτῳ

188 4990 306 5023 των
355 4971 545 5026 λοιπῶν
595 4977 762 5030 καλῶν
808 4979 837 5038 ἦ
899 4987 962 5052 τῇ
1017 4986 1137 5055 περὶ
1186 4983 1326 5054 ἡμᾶς
1384 4979 1620 5037 διαθέσει
1667 5004 1761 5036 σου
1794 5001 1808 5016 ⁸

179 5057 412 5122 οὐδενός
456 5066 559 5139 γὰρ
602 5066 765 5120 καλοῦ
814 5075 1160 5141 μεταπίπτειν
1215 5073 1544 5145 μεμάθηκας,
1593 5071 1702 5126 ἀλλ’
1759 5072 1810 5136 ἐς

181 5150 567 5226 ακριϐέστερον
620 5155 816 5228 μᾶλλον
874 5155 1177 5228 ἐγκάεσθαι.
1227 5165 1329 5213 Καὶ
1393 5163 1677 5234 γράμμασι
1720 5164 1811 5234 μὲν

178 5238 344 5294 οὐδὲν
391 5242 420 5301 ἦ
467 5252 644 5316 μικρῷ
691 5249 981 5318 προσέχεις
1027 5243 1122 5299 διὰ
1159 5248 1332 5320 φιλίαν
1372 5254 1806 5324 χαραττομένοις,

183 5330 253 5391 εἰς
299 5331 493 5404 ψυχὴν
566 5329 626 5386 δὲ
677 5334 876 5407 μᾶλλον
919 5339 1254 5410 προκύπτεις,
1310 5341 1546 5392 κάκεῖθεν
1610 5337 1810 5412 λαμϐά-

188 5436 289 5478 νεις
316 5424 374 5471 τὸ
402 5431 498 5484 τῆς
559 5422 780 5496 ἀγάπης
837 5422 1114 5495 ἐχέγγυον.
1164 5423 1328 5492 Οἶδα,
1359 5429 1440 5480 ὅτι
1490 5436 1578 5480 νῦν
1618 5429 1807 5501 μᾶλλον

196 5505 228 5564 ἦ
302 5513 543 5583 πρότερον
610 5515 683 5566 τὰ
735 5511 860 5565 καθ’
915 5513 1058 5584 ἡμᾶς
1121 5512 1270 5578 ἐλεεῖς
1335 5518 1361 5568 6
1410 5516 1768 5592 φιλάνθρωπος
1791 5535 1803 5548 ·

190 5601 278 5652 καὶ
335 5598 485 5655 πλέον
549 5601 708 5658 ἐλεῶν
767 5603 1148 5680 προσπάσχεις
1206 5600 1518 5684 δριμύτερον
1545 5621 1560 5637 ⁸
1629 5609 1692 5661 τὸ
1747 5603 1810 5661 δὲ

1840 4700 1886 4755 D
1925 4700 2256 4757 V.Domino
2285 4699 2610 4758 Eustathio
2647 4702 3087 4764 Thessalonices
3108 4709 3578 4786 archiepiscopo.

1995 4806 2383 4865 Sanctissime
2398 4808 2663 4876 domine,
2677 4811 2864 4882 probe
2879 4814 3041 4886 novi,
3061 4817 3388 4876 candidam
3408 4825 3579 4880 tuam

1921 4895 2193 4952 animam
2217 4904 2350 4952 tum
2379 4898 2546 4970 quod
2576 4897 2812 4956 bonum
2836 4907 3184 4977 rectumque
3216 4912 3308 4963 est
3339 4925 3579 4984 semper

1920 4985 2113 5057 sequi,
2130 5001 2366 5057 nosque
2385 4986 2602 5043 eodem
2624 5005 2862 5061 semper
2882 5007 3090 5048 amore
3104 4996 3574 5067 amplecti.Nun-

1919 5088 2108 5146 quam
2159 5074 2238 5130 ab
2267 5073 2534 5131 honestis
2571 5076 2805 5134 artibus
2833 5082 3150 5150 recessisti,
3191 5084 3316 5140 imo
3364 5101 3573 5144 earum

1917 5161 2170 5233 vestigia
2199 5178 2441 5237 semper
2468 5166 2759 5236 pressisti.
2784 5169 3226 5227 Commercium
3256 5174 3574 5246 epistolare

1917 5250 2070 5307 inter
2101 5251 2330 5308 amicos
2361 5258 2415 5308 te
2445 5269 2666 5325 parum
2696 5261 2922 5322 movet,
2959 5259 3065 5330 qui
3105 5275 3180 5315 ex
3209 5261 3340 5318 sola
3369 5267 3576 5324 anima

1918 5339 2143 5396 amoris
2169 5340 2392 5413 pignus
2419 5347 2476 5398 et
2515 5344 2934 5401 certitudinem
2962 5347 3188 5403 hauris.
3233 5350 3299 5406 Id
3328 5369 3574 5429 quoque

1919 5431 2041 5486 scio
2062 5435 2117 5486 te
2143 5447 2253 5502 pro
2274 5432 2651 5490 humanitate
2670 5438 2776 5490 tua
2792 5450 2886 5490 res
2903 5442 3140 5494 nostras
3157 5441 3324 5497 cordi
3347 5443 3572 5503 habere

1917 5523 1975 5575 et
2001 5535 2114 5576 nos
2135 5535 2344 5576 amore
2368 5521 2655 5578 continuo
2684 5523 2966 5596 amplecti
2988 5541 3059 5582 ac
3084 5527 3307 5589 fovere.
3341 5534 3401 5589 Si
3430 5534 3572 5591 dein

1916 5611 2160 5668 amatus
2178 5608 2484 5683 redamas,
2511 5624 2624 5682 ego
2651 5609 2762 5670 tibi
2789 5611 3003 5672 similis
3046 5631 3174 5676 non
3201 5635 3374 5693 sum;
3405 5625 3575 5694 quod
