4148 6384
535 298 638 353 335

1413 275 1786 338 MICHAELIS
1815 266 2201 333 ACOMINATI
2229 266 2660 329 ATHENARUM
2682 267 3002 326 ARCHIEP.

3787 269 3896 325 336

536 423 699 480 enim
726 413 1037 492 publicani
1077 411 1327 474 faciunt,
1354 405 1667 482 quomodo
1697 419 1794 463 res
1824 400 2033 474 magni
2058 415 2187 458 mo-
2213 427 2225 454 Α

2314 399 2648 472 ἱφοονώτερον
2699 397 2871 469 τρέφει
2921 395 2981 446 τὸ
3044 399 3135 454 τῆς
3185 389 3374 464 ψυχῆς
3431 387 3772 464 διακείμενον.
3832 391 3901 445 Εἰ

536 510 720 568 menti
753 521 886 564 esse
913 501 1180 579 poterit?
1206 503 1291 558 Me
1326 496 1673 556 amantibus
1703 510 1774 552 eo
1813 508 1936 567 quo
1965 506 2077 565 par
2101 492 2194 547 est

540 600 728 662 animi
755 598 976 655 aﬂ'ectu
1010 591 1332 651 sanitatem
1361 592 1419 645 et
1444 585 1892 658 longaevitatem
1918 586 2081 654 opto.

610 695 878 746 Praesens
906 681 1248 741 monachus
1280 675 1595 734 timidioris
1625 672 1843 731 indolis
1877 670 2056 728 frater
2103 671 2194 724 est

537 775 904 838 venerabilis
932 769 1217 831 Demetrii
1245 765 1642 838 Thessali,cui
1666 761 1887 822 auxilio
1907 766 2010 818 tuo
2035 773 2191 832 opus

538 875 650 929 est.
697 869 949 926 Fruatur
1003 862 1184 933 igitur
1247 857 1616 928 benignitate
1654 859 1757 911 tua
1799 868 1872 910 ac
1922 847 2192 924 paterni-

537 965 684 1019 tate.
714 988 783 1000 -
803 959 960 1014 Deus
981 951 1132 1010 mihi
1157 947 1452 1025 propitius
1473 949 1600 1004 esto
1633 944 1714 1002 ob
1743 957 1948 1002 sacras
1983 952 2194 1014 preces

539 1055 701 1109 tuas.

2301 484 2360 541 δε
2387 489 2445 540 τὸ
2478 490 2548 552 μὴ
2582 483 2781 556 ἀγνοεῖν
2811 481 3147 555 ἀγαπώμενον
3203 477 3316 534 οἶδε
3371 483 3563 533 τίκτειν
3612 479 3897 555 ἀντέρωτα,

2299 584 2451 630 τοῦτο
2499 575 2630 628 ὀκνῶ
2672 574 2961 646 κομπάζειν
3015 571 3145 644 ἐγὼ,
3190 571 3269 623 ὅτι
3325 566 3466 642 μηδε
3523 571 3656 622 πάνυ
3712 573 3902 642 σεμνὸν

2299 671 2389 718 καὶ
2440 668 2500 717 τό
2545 665 2689 736 παρά
2739 662 2980 723 τελώναις
3027 661 3206 723 αὐτοῖς
3251 661 3698 736 κατορθούμενονο
3755 661 3910 712 ἐπεύ-

2297 774 2471 829 χομαι
2514 748 2573 806 δε
2620 759 2692 823 τῶ
2751 750 3090 824 ἀγαπήσαντι
3135 751 3276 822 ἡμᾶς
3333 750 3398 810 ὡς
3456 747 3604 820 αἰτὶῳ
3657 751 3747 800 καὶ
3801 755 3904 809 τῆς

2301 842 2712 916 ἀνταγαπὴσεως
2787 842 3018 913 ὑγιεινὴν
3102 838 3240 900 ζωὴν
3314 842 3404 891 καὶ
3468 835 3774 913 μακρόϐιον.
3843 842 3908 890 Ὁ

2302 929 2516 993 εὐλαϐὴς
2560 931 2706 992 οὗτος
2743 933 2981 1003 μοναχός
3029 924 3248 996 ἀδελφός
3295 925 3408 980 ἐστι
3473 934 3564 981 τοῦ
3603 930 3908 1001 μακαρίτου

2305 1024 2569 1095 Δημτρίου
2624 1027 2716 1072 τοῦ
2767 1017 3050 1084 Θετταλοῦ,
3107 1020 3195 1070 καὶ
3242 1011 3413 1069 δεῖται
3456 1024 3551 1078 τῆς
3604 1022 3699 1078 σῆς
3754 1017 3913 1068 άντι-

540 1135 866 1210 ληψεωςηίη
890 1129 1264 1186 Ἀπολαυσάτω
1301 1135 1426 1200 γοῦν
1454 1132 1543 1186 τῆς
1570 1125 1665 1186 σὴς
1694 1119 2038 1194 ἀγαθότητος,
2071 1115 2145 1172 δι’
2167 1118 2228 1177 ἦν
2247 1131 2301 1167 τε
2334 1108 2476 1184 εἶχες
2507 1111 2578 1174 εἰς
2617 1109 2806 1162 ἐκεῖνον
2834 1111 3095 1184 πατρικὴν
3117 1102 3376 1173 διάθεσιν,
3409 1109 3499 1159 καὶ
3537 1099 3572 1160 δ
3578 1107 3633 1160 ta
3659 1107 3753 1164 τὴν
3778 1105 3912 1177 ἡμε·

542 1233 696 1302 τέραν
731 1225 969 1288 ἀξίωσιν.
993 1217 1160 1281 Ἲλεως
1182 1223 1258 1276 εἵη
1286 1235 1378 1290 μοι
1418 1218 1549 1277 Θεὸς
1579 1209 1672 1267 διὰ
1699 1219 1799 1265 τῶν
1829 1219 1932 1264 σῶν
1965 1209 2252 1284 ἱερωτάτων
2285 1204 2499 1275 εὑχιῶν.

539 1350 898 1413 VLDomino
918 1339 1708 1413 Eustathio,Thessalonices
1719 1335 2194 1410 archiepiscopo.

612 1463 834 1518 Tecum
862 1470 998 1513 esse
1024 1451 1228 1523 velim,
1250 1447 1488 1508 domine
1513 1444 1939 1513 sacratissime,
1968 1442 2195 1499 luctus-

542 1565 662 1626 que
689 1545 871 1605 vestri
903 1542 1207 1618 particeps
1242 1555 1397 1608 esse,
1429 1541 1487 1596 et
1533 1535 1849 1594 concinere
1875 1548 2015 1590 cum
2043 1531 2197 1588 Jere-

2545 1322 2611 1389 ς’.
2633 1329 2717 1395 Τῷ
2749 1320 3160 1390 Θεσσαλονίκης,
3187 1327 3331 1396 κυρῷ
3360 1318 3658 1394 Εὖσταθίῳ.

2392 1431 2609 1486 Ἥθελον
2681 1429 2835 1492 αὐτὸς
2915 1425 3267 1505 συμπαρεῖναι
3347 1448 3460 1499 σοι,
3541 1432 3921 1503 μακαριώτατε

2307 1519 2560 1590 δέσποτα,
2602 1525 2699 1594 μαὶ
2740 1518 3014 1584 ξυναυλίαν
3067 1521 3290 1593 θρηνεῖν,
3329 1523 3420 1572 καὶ
3470 1525 3565 1572 τοῦ
3608 1517 3916 1591 ὀλοφυρμοῦ

541 1605 666 1698 mia
677 1640 780 1696 aut
794 1605 975 1692 etia‘m
989 1605 1286 1688 Ezechiele
1302 1605 1679 1699 no’stro,quia
1688 1622 1834 1681 urbs
1845 1627 1950 1679 tua
1960 1618 2196 1690 eadem,

2314 1617 2564 1666 κοινωνεῖν
2589 1618 2662 1682 τῷ
2727 1610 2844 1663 καθ’
2891 1611 3031 1678 ἡμᾶς
3082 1607 3304 1682 Ἱερεμίᾳ
3358 1607 3447 1661 εἶτ’
3495 1607 3584 1661 οὖν
3633 1605 3913 1675 Ἰεζεκιὴλ,

539 1743 666 1803 qua
702 1725 848 1784 olim
868 1722 1076 1780 civitas
1108 1723 1338 1788 sancta,
1368 1714 1708 1774 calamitate
1736 1713 2048 1786 premitur.
2083 1707 2199 1764 Sed

541 1796 682 1874 cum
712 1814 830 1871 hoc
874 1809 1140 1868 maxime
1181 1811 1452 1879 tempore
1502 1801 1763 1875 separati
1805 1815 2036 1870 sumus,
2087 1796 2199 1854 has

540 1905 650 1964 tibi
679 1904 909 1961 litteras
958 1899 1156 1955 luctus
1181 1895 1304 1953 mei
1330 1898 1511 1952 testes
1539 1891 1733 1948 mitto.
1757 1890 1900 1956 Quae
1938 1886 2083 1944 urbs
2119 1885 2198 1942 ab

540 1992 818 2052 hostibus
839 1992 1020 2063 capta
1040 1991 1128 2044 est
1151 1986 1164 2042 !
1193 1983 1391 2042 Prima
1408 1980 1688 2039 videlicet
1708 1981 1847 2052 post
1865 1976 2127 2050 primam
2143 1978 2202 2031 et

542 2083 818 2142 omnium
849 2094 985 2136 vere
1014 2075 1287 2147 reginam
1314 2073 1327 2128 l
1351 2075 1650 2146 quantum
1687 2071 2069 2125 Romaeorum
2106 2063 2200 2120 in-

543 2171 876 2232 fortunium
907 2167 998 2224 sol
1017 2163 1199 2223 vidit!
1226 2163 1408 2234 Eheu,
1443 2174 1751 2219 armorum
1771 2155 2053 2214 Italorum
2073 2153 2200 2210 vim

539 2261 950 2337 perniciosam
980 2257 992 2312 !
1023 2257 1180 2322 Quot
1203 2269 1390 2311 naves
1422 2266 1560 2308 cum
1601 2247 1748 2322 ipsis
1795 2245 1995 2304 nautis
2031 2258 2200 2301 mare

543 2333 811 2410 Siculum
841 2345 1148 2418 absorpsit
1176 2342 1188 2400 Ξ
1223 2345 1415 2409 Quam
1463 2339 1680 2396 urbem
1720 2333 2070 2393 inundavit!
2103 2335 2200 2388 Vas

540 2437 868 2498 Telchinis!
926 2434 1085 2492 Proh
1149 2431 1461 2497 invidiam,
1515 2443 1651 2501 quae
1700 2425 1868 2482 urbis
1913 2420 2200 2479 secundis

540 2530 725 2588 rebus
771 2523 1120 2585 adversaria
1159 2527 1318 2578 terra
1371 2517 1648 2590 marique
1697 2513 1872 2587 repit,
1921 2511 2201 2584 utrinque

540 2624 876 2694 protectam
917 2613 1190 2671 funditus
1235 2607 1518 2683 perdidit.
1552 2605 1737 2694 Cujus
1779 2600 2024 2659 tandem
2056 2599 2202 2657 urbs

543 2690 758 2767 sancta
787 2704 1055 2762 criminis
1085 2715 1189 2758 rea
1212 2713 1413 2772 neque
1442 2693 1685 2769 patroni
1712 2690 1952 2761 urbani,
1979 2704 2092 2746 nec
2112 2704 2204 2746 ar-

541 2795 908 2870 chiepiscopi
935 2788 1314 2859 venerabilis,
1343 2801 1456 2843 nec
1479 2783 1758 2842 omnium
1788 2780 2030 2854 piorum
2065 2793 2204 2851 sup-

539 2869 972 2962 plicationibus
1004 2880 1224 2938 salvari
1255 2876 1498 2951 potuit?
1527 2872 1665 2948 quis
1698 2871 1860 2928 enim
1888 2885 1999 2943 pro
2027 2869 2205 2925 Thes-

2305 1703 2489 1755 καθότι
2511 1699 2880 1774 παραπλήσιον
2935 1697 3144 1761 ἐκείνοις
3197 1704 3309 1760 τοῖς
3345 1697 3510 1751 πάλαι
3559 1705 3651 1758 τῆς
3704 1696 3921 1770 αἰχμα-

2305 1789 2499 1853 λωσίας
2559 1797 2655 1851 τῆς
2723 1797 2820 1852 σῆς
2881 1786 3307 1863 παραπηλαυσας
3353 1785 3562 1847 πόλεως.
3631 1785 3773 1839 Ἐπεὶ
3852 1780 3922 1837 δε

2309 1878 2508 1952 ἀνάγκη
2574 1874 2867 1946 διεστάναι,
2906 1877 3182 1952 γράμματι
3229 1879 3429 1948 τῳτέως
3486 1874 3805 1948 ἀφοσιοῦμαι
3852 1877 3921 1926 1'6

2311 1969 2620 2041 συμπενθεῖν
2672 1970 2763 2020 καὶ
2809 1962 3146 2041 δακρύουσαν
3197 1969 3286 2018 καὶ
3328 1966 3354 2017 ὅ
3403 1983 3560 2037 φασιν
3604 1961 3920 2036 ἀχνυμένην

2305 2059 2503 2114 ταύτην
2548 2059 2736 2129 πέμπω
2777 2054 3062 2112 σκυτάλην.
3112 2053 3184 2106 Ὠ
3221 2055 3308 2106 οἵα
3353 2051 3503 2115 πόλις
3543 2051 3693 2120 ἑάλω,
3725 2056 3918 2126 πρώτη

2309 2148 2442 2219 μετὰ
2481 2150 2576 2204 τὴν
2616 2151 2830 2220 πρώτην
2881 2149 2971 2197 καὶ
2999 2149 3105 2205 τοῖς
3156 2141 3371 2215 ἀγαθοῖς
3401 2141 3619 2196 ἀπασῶν
3657 2139 3922 2215 βασιλεύ-

2309 2235 2514 2291 ουσανῐ
2568 2236 2680 2288 οἵαν
2749 2233 3013 2306 Ῥωμαίων
3086 2233 3356 2306 συμφορὰν
3432 2227 3567 2285 εἶδεν
3634 2232 3660 2282 ό
3720 2229 3920 2293 ἣλιοςι

2311 2330 2408 2379 Φεῦ
2457 2322 2634 2382 ἡλίκον
2673 2326 2900 2396 ἴσχυσεν
2951 2321 3176 2380 Ἰταλικὴ
3239 2321 3411 2394 αἰχμή
3437 2320 3450 2377 l
3480 2320 3641 2373 Ὅσον
3679 2318 3924 2379 Σικελικὴ

2313 2409 2713 2490 ἀνερῥοίϐδησεν
2757 2412 3036 2486 οἶμπωτιςῐ
3089 2412 3202 2465 οἵαν
3261 2409 3410 2465 πόλιν
3465 2409 3751 2465 ἐπέκλυσεὲ
3815 2416 3925 2463 Φεῦ

2310 2511 2402 2559 τοῦ
2468 2506 2676 2577 φθόνου,
2746 2511 2837 2576 φεῦ
2891 2510 2990 2556 τῶν
3046 2501 3347 2575 Τελχίνωνῑ
3401 2502 3585 2562 Φθόνος
3624 2497 3687 2559 ἧν
3729 2501 3755 2552 ό
3803 2507 3927 2563 τοῖς

2313 2593 2530 2666 ἀγαθοῖς
2579 2590 2858 2666 βασκὴνας
2906 2599 2997 2652 τῆς
3051 2589 3240 2652 πόλεως
3290 2606 3306 2620 ⁸
3362 2591 3548 2664 φθόνος
3611 2591 3748 2642 κατὰ
3811 2597 3925 2661 γῆν

2315 2685 2606 2757 στρατεύει,
2637 2685 2728 2735 καὶ
2779 2683 2916 2734 κατά
2959 2679 3218 2733 θάλατταν
3257 2680 3422 2755 ἕρπει,
3462 2684 3554 2732 καὶ
3600 2683 3693 2738 τὴν
3750 2675 3926 2754 δορυ-

2315 2775 2634 2846 φορουμένην
2719 2769 2843 2844 παρ’
2923 2769 3171 2844 ἑκατέρων
3263 2772 3542 2841 στοιχείων
3607 2767 3920 2843 ἑκατέρωθεν

2317 2863 2502 2937 πορθεῖ
2529 2864 2620 2913 καὶ
2665 2861 2932 2935 κατάκρας
2976 2863 3130 2934 αίρεῖ.
3176 2861 3334 2930 Οἶμοι
3363 2857 3376 2914 !
3407 2862 3460 2911 τί
3488 2864 3731 2910 τοσοῦτον
3763 2855 3922 2920 πόλις

543 2945 808 3035 salonice
832 2973 936 3047 pia
962 2976 1124 3036 vota,
1150 2965 1463 3025 communi
1483 2945 1747 3036 hospitio
1773 2975 1900 3017 non
1926 2955 2205 3015 fecisset?

2318 2949 2748 3024 πεπλημμέληκεν
2802 2949 3034 3014 εὐσεϐὴς,
3091 2949 3173 3000 ἶνα
3222 2951 3314 3000 καὶ
3379 2949 3646 3022 μάρτυρος
3706 2945 3926 3000 πολιού-

541 3069 756 3124 Preces
786 3065 1009 3120 nostris
1041 3073 1218 3115 vanae
1247 3055 1524 3125 fuerunt;
1554 3055 1712 3108 Deus
1740 3049 1901 3106 enim
1929 3047 2211 3104 amaritu-

543 3155 704 3212 dinis
747 3151 999 3208 calicem
1029 3146 1317 3204 omnibus
1360 3140 1772 3200 hauriendum
1800 3135 2020 3195 obtulit
2048 3141 2107 3192 et
2134 3134 2211 3190 ci-

541 3245 788 3302 vitatem
809 3237 1182 3296 luxuriosam
1209 3231 1489 3307 perdidit.
1519 3232 1710 3296 Quem
1736 3241 2012 3299 unquam
2029 3224 2208 3280 Thes-

545 3330 815 3390 salonice
845 3331 950 3384 aut
979 3322 1261 3398 Byzantio
1283 3320 1708 3379 advenientem
1734 3315 1912 3374 autin
1932 3311 2211 3386 quemvis

546 3420 752 3479 locum
779 3415 1263 3490 proﬁciscentem
1307 3409 1569 3483 hospitio
1607 3422 1731 3464 non
1756 3401 2036 3476 excepit?
2073 3416 2211 3474 quae

547 3512 738 3566 instar
755 3503 958 3563 cordis
977 3504 1038 3559 in
1062 3500 1316 3574 imperio
1351 3498 1464 3556 sita
1484 3502 1611 3554 erat
1628 3495 1729 3552 uni
1749 3491 2032 3565 Byzantio
2050 3494 2214 3563 post-

548 3591 1074 3672 ponenda,multis
1102 3590 1165 3646 in
1186 3588 1373 3645 rebus
1405 3581 2034 3660 aequiparanda,nunc
2054 3593 2215 3634 com-

549 3671 724 3744 muni
749 3683 931 3758 plaga
958 3679 1263 3751 ﬂagellata
1282 3678 1462 3750 jacet.
1506 3678 1624 3731 Nec
1652 3671 1902 3736 mirum,
1933 3672 2010 3738 te,
2045 3681 2216 3723 sanc-

551 3775 802 3843 tissime,
823 3771 962 3845 plus
980 3785 1170 3843 quam
1201 3771 1454 3824 caeteros
1484 3775 1850 3836 perpessum
1882 3773 2036 3814 esse.
2061 3758 2217 3812 Deus

554 3865 716 3924 enim
740 3861 846 3936 qui
886 3859 1162 3918 omnium
1189 3857 1343 3913 vires
1379 3852 1642 3920 metitur,
1680 3849 2072 3922 adaequatum
2097 3845 2219 3902 cui-

554 3971 674 4030 que
704 3933 860 4010 onus
908 3947 1186 4022 imponit,
1237 3948 1296 4002 et
1322 3945 1470 4000 dum
1503 3939 1738 3998 homini
1763 3937 2106 3995 efieminato
2134 3933 2220 3990 nil

555 4028 798 4120 portare
824 4038 1048 4097 valenti
1074 4035 1286 4109 parcit,
1319 4029 1662 4088 fortissimis
1699 4028 2044 4102 quibusque
2071 4039 2221 4098 quo-

554 4115 693 4193 rum
739 4135 805 4188 tu
853 4143 1110 4186 numero
1167 4121 1562 4182 ascribendus
1609 4117 1848 4182 videris,
1887 4115 2214 4173 durissima

557 4221 845 4299 pericula,
878 4221 1088 4292 utpote
1119 4215 1414 4272 honorem
1447 4209 1589 4266 inde
1629 4205 2039 4265 consecuturis
2069 4201 2214 4258 obe-

2319 3059 2425 3113 χου
2485 3038 2709 3101 ἔντευξις
2757 3037 3048 3111 αἰσχυνθῇ,
3100 3041 3189 3090 καὶ
3244 3043 3405 3110 σοφοῦ
3459 3035 3742 3111 ἀρχιερέως
3798 3037 3929 3091 όσία

2318 3131 2480 3204 εὐχὴ,
2519 3129 2712 3203 μᾶλλον
2763 3125 2822 3182 δε
2860 3147 3065 3182 παντων
3130 3127 3351 3180 εὐσεϐῶν
3403 3124 3630 3198 δέησιςς
3674 3130 3768 3190 Τίς
3822 3130 3925 3204 γὰρ

2321 3219 2416 3272 οὐκ
2468 3215 2637 3272 ἐδεῖτο
2677 3219 2806 3290 ὑπὲρ
2849 3216 3244 3279 Θεσσαλονίκης
3284 3215 3586 3281 θεοκλυτῶν,
3628 3219 3700 3279 ὡς
3743 3215 3924 3277 κοινῆς

2319 3303 2575 3382 πατρίδος
2618 3311 2710 3359 καὶ
2755 3310 3092 3378 καταγωγίου
3144 3312 3358 3372 κοινοῦ;
3403 3303 3539 3357 Ἀλλ’
3588 3303 3924 3377 ἠλέγχθημεν

2323 3399 2492 3471 μάτην
2534 3395 2838 3469 εὐξάμενον
2877 3401 3010 3447 πᾶσι
3064 3396 3186 3469 γὰρ,
3240 3392 3406 3467 οἶμαι,
3459 3399 3681 3467 κερᾶσαι
3713 3398 3931 3468 πικρίας

2322 3491 2574 3558 ποτήριον
2603 3487 2736 3547 Θεὸς
2786 3480 3091 3553 ἐδικαίωσε,
3123 3488 3213 3536 καὶ
3264 3486 3411 3558 παρὰ
3445 3491 3599 3536 τοῦτο
3646 3487 3705 3537 τὸ
3757 3487 3934 3536 κοινὸν

2325 3575 2627 3649 ἐντρύφημα
2683 3570 2979 3649 προῦδωκε.
3034 3577 3161 3626 Τίνα
3208 3581 3308 3625 τῶν
3366 3573 3608 3626 ἀπάντων
3669 3572 3760 3626 οὐκ
3812 3569 3930 3625 ἐδε-

2327 3664 2501 3728 ξιοῦτο
2556 3663 2935 3731 Θεσσαλονίκη,
2996 3661 3054 3714 ἐκ
3102 3663 3388 3722 Βυζαντίου
3454 3663 3484 3722 ἢ
3544 3661 3590 3723 ἐς
3647 3661 3934 3722 Βυζάντιον

2326 3756 2356 3814 ἡ
2423 3750 2758 3812 ὁπουδήποτε
2809 3747 3210 3826 παροδεύοντα;
3267 3753 3370 3804 Οἷα
3437 3753 3539 3828 γάρ
3597 3771 3674 3813 τις
3729 3749 3938 3826 καρδία

2327 3853 2419 3904 τῆς
2461 3842 2753 3916 Ῥωμαῖκῆς
2798 3840 2971 3916 ἀρχῆς
3025 3845 3119 3900 τὴν
3181 3845 3347 3914 μέσην
3403 3841 3568 3902 αὐτῆς
3626 3841 3787 3914 ἔλαχε
3815 3849 3934 3915 ’χὼ-

2327 3953 2442 4008 ραν,
2474 3937 2565 3985 καὶ
2601 3949 2738 3984 πασι
2784 3935 2953 3984 κοινόν
2993 3929 3185 4003 ἀγαθόν
3228 3930 3448 3994 ἐξέκειτο
3476 3947 3489 3960 ·
3535 3935 3626 3984 καὶ
3671 3939 3735 4004 τῇ
3782 3939 3937 3985 Κων-

2333 4027 2628 4091 σταντίνου,
2661 4023 2764 4076 ὅσα
2811 4020 3000 4094 κεφαλῇ
3061 4026 3152 4074 καὶ
3189 4021 3333 4075 πόλει
3383 4029 3474 4074 τοῦ
3519 4023 3764 4096 κράτους,
3809 4023 3941 4095 ὑφι-

2333 4113 2586 4180 ζάνουσα,
2647 4120 2747 4164 τῶν
2803 4110 2994 4165 λοιπῶν
3057 4110 3262 4184 ἀγαθῶν
3313 4109 3654 4184 ἡμφισϐήτει.
3713 4111 3792 4165 Οὐ
3829 4115 3937 4186 γὰρ

2324 4201 2473 4255 πλέον
2529 4221 2582 4254 τι
2623 4200 2788 4275 λέγειν
2845 4203 2874 4260 ἠ
2925 4206 3045 4276 περὶ
3100 4206 3196 4260 τὴν
3227 4199 3614 4274 βασιλεύουσαν
3654 4197 3821 4263 αἰδὼς
3853 4199 3941 4254 δί’

559 4288 730 4370 unda
753 4288 1058 4384 proponit.
1091 4305 1285 4366 Quare
1315 4299 1656 4358 absurdum
1683 4299 1842 4353 esset
1862 4295 2058 4351 virum
2079 4306 2219 4348 con-

2333 4288 2518 4344 δωσιν.
2552 4290 2668 4344 Ἐπὶ
2715 4299 2859 4364 κοινῇ
2911 4299 3058 4363 γοῦν,
3110 4294 3176 4352 ὡς
3213 4293 3358 4365 ἔφην,
3398 4293 3622 4364 μάστιγι
3654 4294 3712 4343 τό
3763 4294 3942 4346 κοινόν

561 4380 1030 4460 solari—voluisse
1068 4393 1174 4467 qui
1214 4407 1328 4448 nos
1353 4390 1524 4462 ipsos
1574 4400 1822 4444 omnem
1856 4380 2217 4455 sapientiam

561 4493 794 4558 edocet,
820 4493 879 4545 et
894 4501 1078 4561 quem
1095 4487 1252 4540 Deus
1278 4495 1386 4553 per
1405 4477 1628 4534 multos
1652 4489 1847 4532 annos
1873 4470 2210 4529 conservet!

2326 4380 2456 4434 ἑάλω
2495 4382 2846 4454 παραμύθιον.
2880 4379 2942 4434 Εἰ
2987 4377 3048 4433 δε
3097 4380 3248 4434 πλέον
3302 4380 3481 4449 αὐτὸς,
3540 4381 3800 4453 ἀγιὼτατε
3839 4387 3942 4434 καὶ

2327 4474 2590 4543 σοφώτατε
2629 4467 2880 4534 δέσποτα,
2911 4478 3002 4531 τῆς
3039 4476 3255 4544 πικρίας
3281 4469 3498 4542 ἐγεύσω,
3549 4472 3721 4523 καινὸν
3755 4465 3942 4525 οὐδέν.

565 4581 705 4637 Φιλεῖ
769 4580 872 4652 γὰρ
921 4577 980 4628 τὸ
1025 4579 1171 4626 Οεῐον
1222 4571 1314 4631 τὰς
1359 4564 1609 4640 δυνάμεις
1648 4570 1870 4637 μετρεῖν,
1910 4566 2000 4614 καὶ
2049 4567 2166 4622 ταῖς
2207 4555 2490 4632 δυνάμεσιν
2540 4559 2748 4632 ἐπάγειν
2794 4563 2854 4612 τό
2905 4557 3066 4635 βάρος
3120 4569 3218 4623 τῆς
3267 4563 3448 4634 πείρας
3513 4558 3784 4632 ἀνάλογον.
3838 4564 3947 4614 Καὶ

565 4673 739 4743 ὥσπερ
779 4670 867 4720 τὸν
923 4663 1155 4738 μαλακόν
1184 4663 1274 4712 καὶ
1307 4653 1412 4710 οἷον
1443 4653 1608 4730 μηδὲν
1658 4657 1822 4729 φέρειν
1855 4648 1981 4704 οὐδὲ
2018 4652 2113 4708 τήν
2145 4648 2319 4724 ἀρχὴν
2355 4651 2580 4709 καθῆκεν
2611 4648 2681 4711 εἰς
2711 4645 2862 4702 οὐδὲν
2895 4644 3176 4725 δυσχερὲς,
3228 4651 3312 4702 ἵνα
3357 4651 3490 4725 πρὸς
3543 4657 3614 4720 τῷ
3668 4645 3838 4722 μηδέν
3891 4669 3947 4702 τι

564 4755 816 4833 κερδᾶναι
841 4759 930 4808 καὶ
959 4760 1021 4826 τῇ
1045 4751 1181 4823 λύπῃ
1210 4747 1507 4818 καταποθῇ,
1540 4745 1673 4798 ούτω
1715 4749 1785 4813 τῷ
1811 4745 2024 4815 γενναίῳ
2055 4742 2191 4793 κατά
2236 4742 2294 4792 σε
2322 4743 2412 4792 καὶ
2445 4743 2536 4798 τήν
2564 4745 2746 4813 πεῖραν
2773 4745 2874 4790 τῶν
2905 4733 3204 4797 ἀϐουλήτων
3235 4743 3324 4790 καὶ
3374 4737 3498 4796 ύλην
3523 4742 3820 4790 ποιουωένω
3852 4738 3946 4791 εύ-

1805 4829 1821 4833 _
1988 4830 1998 4833 _
2315 4832 2320 4833 γ
2557 4828 2570 4833 _
2839 4825 2853 4833 Α
2991 4821 3014 4833 -
3226 4824 3244 4833 Α
3321 4825 3334 4833 .
3389 4823 3408 4833 _
3791 4794 3801 4810 .

571 4794 816 4833 ηιρυυυνι.
841 4794 930 4808 ην..
968 4794 1019 4826 η,
1048 4794 1179 4823 ..η-η,
1545 4794 1588 4798 --
1612 4794 1648 4796 ρ
1725 4794 1764 4813 κ,
1818 4794 1832 4815 ,
1855 4794 1862 4795 η
1997 4798 2007 4814 ⁸
2493 4794 2502 4798 _
2651 4794 2662 4813 .
3084 4794 3093 4797 _
3457 4794 3464 4796 _

571 4847 908 4920 δοκιμὴσεως
939 4843 1246 4915 θερμοτέραν
1273 4840 1368 4896 τὴν
1406 4853 1550 4911 παρα
1586 4842 1686 4886 τῶν
1706 4829 1958 4885 κινδύνων
1981 4830 2228 4902 ἐπήνεγκε
2257 4832 2514 4903 πύρωσιν·
2557 4825 2924 4902 Ἀπειρόκαλον
2956 4821 3045 4880 οὖν
3083 4824 3273 4900 τοιῷδε
3311 4823 3468 4902 ἀνδρὶ
3499 4794 3946 4902 παραμυθητικὸν

569 4933 914 5003 ἐπιστέλλειν,
948 4931 1001 4988 ὃν
1021 4933 1208 5005 ἔχομεν
1239 4926 1389 4983 αύτοὶ
1410 4926 1588 4989 πάσης
1621 4923 1922 4999 φιλοσοφίας
1950 4916 2296 4992 διδάσκαλον,
2331 4917 2409 4973 ἀεὶ
2432 4917 2807 4992 φυλαττόμενον
2837 4919 2982 4991 παρὰ
3011 4925 3146 4973 Θεοῦ
3162 4917 3527 4993 πολυχρόνιον.
