4148 6380
220 371 330 432 337

1265 368 1587 429 MONODIA
1624 369 1695 428 IN
1733 366 2177 428 EUSTATHIUM
2213 365 2551 428 THESSAL.

3499 367 3602 423 338

1567 643 2270 765 ΜΟΝΩΔΙΑ

852 889 1031 979 ΕΙΣ
1089 892 1331 982 TON
1389 889 2054 981 ΑΓΙΩΤΑΤΟΝ
2112 864 3004 982 ΘΕΣΣΑΛΟΝΙΚΗΣ

719 1105 1536 1284 ΚΥΡΟΝ
1709 1107 3121 1287 ΕΥΣΤΑΘΙΟΝ

1606 1550 2265 1661 MONODIA

1884 1749 1953 1793 IN

565 1874 1492 1962 SANCTISSIMUM
1547 1876 2536 1961 THESSALONICES
2595 1875 3288 1960 EPISCOPUM

687 2099 1694 2256 DOMINUM
1786 2101 3161 2260 EUSTATHIUM

314 2567 387 2623 ⁴Ω
425 2569 640 2642 στυγνὸς
661 2566 812 2639 αἰὼν,
839 2568 879 2621 ὦ
904 2567 1110 2642 τλήμων
1158 2570 1305 2644 ἡμεῖς
1332 2570 1479 2641 γενεά
1503 2569 1515 2625 !
1549 2569 1635 2623 οἶα
1659 2572 1850 2624 πεπόν-

2030 2571 2075 2627 O
2093 2569 2382 2628 saeculum
2397 2570 2781 2628 exsecrabile!
2803 2573 2846 2629 Ο
2868 2571 3266 2630 infortunatos
3285 2587 3399 2629 nos
3421 2571 3611 2645 ipsos!

245 2658 437 2734 θαμενῐ
483 2666 596 2722 Πῶς
637 2656 1032 2734 ἐκτραγῳδήσω
1078 2655 1358 2718 τηλικοῦδε
1400 2667 1563 2713 κακοῦ
1595 2661 1846 2733 μέγεθος;

239 2756 360 2810 Πῶς
408 2748 782 2824 ὀλοφύρωμαι;
828 2754 1008 2824 Μέχρι
1049 2753 1149 2824 γὰρ
1187 2753 1326 2813 τινὸς
1357 2748 1558 2823 ἀφασίᾳ
1581 2754 1763 2803 πέσσω
1791 2753 1850 2803 τὸ

237 2839 402 2910 ἄλγος
443 2843 537 2893 καὶ
564 2847 752 2911 κωφοῖς
790 2834 1044 2914 δάκρυσι,
1088 2844 1252 2914 μέχρι
1299 2842 1438 2902 τινὸς
1491 2839 1851 2913 ύπομινυρίζω

251 2924 521 3002 θρηνῶδες
577 2928 689 2980 κατ’
743 2927 960 3000 ἐμαυτόν
989 2949 1003 2963 ·
1049 2931 1117 2982 τὰ
1161 2933 1252 3001 μεν
1293 2933 1478 3001 αἴφνης
1503 2928 1853 3001 ἐκπεπληγμέ-

244 3035 338 3077 νος
367 3019 431 3077 ὡς
462 3020 587 3088 ἤχῳ
615 3018 952 3094 σκληροτέρας
984 3017 1206 3094 βροντῆς
1223 3027 1295 3089 τῷ
1320 3015 1566 3091 ἀδοκήτῳ
1592 3026 1688 3079 τῆς
1719 3037 1853 3070 σκυ-

252 3109 439 3182 θρωπῆ
451 3126 473 3167 ς
523 3105 704 3176 ἀκοῆς,
735 3109 902 3167 ἦοκαὶ
943 3110 1012 3171 ὡς
1043 3107 1339 3181 καταιϐάτῃ
1374 3107 1685 3182 βεϐλημένος
1717 3126 1854 3166 σκη-

244 3204 384 3267 πτῷ,
435 3199 526 3248 καὶ
571 3200 850 3270 στεναγμὸν
897 3202 1049 3271 μόνον
1095 3202 1294 3270 τῳτέως
1333 3201 1404 3259 ὡς
1448 3201 1641 3250 καπνὸν
1670 3197 1854 3270 ἀφιεὶς,

238 3293 341 3348 τῆς
397 3284 746 3360 ἐμπιπρὼσης
797 3283 992 3350 ὀδύνης
1047 3286 1259 3363 ἐναργὲς
1311 3292 1603 3360 σήμαντρον
1635 3307 1648 3322 ·
1701 3289 1768 3339 τὰ
1799 3283 1858 3339 δὲ

247 3381 321 3448 μή
373 3376 524 3428 θέλων
575 3378 708 3430 οὕτω
752 3374 952 3453 ῥᾳδίως
1008 3377 1278 3453 βαρυτάτῃ
1329 3379 1594 3431 πιστεύειν
1643 3375 1860 3450 ἀγγελίᾳ

252 3469 326 3529 ὡς
366 3466 636 3540 ἀϐουλήτῳ
687 3488 800 3541 μοι,
829 3467 1044 3522 ἐπιπολὺ
1078 3464 1129 3521 δ’
1172 3469 1399 3521 ἀπειθεῖν
1426 3472 1518 3520 καὶ
1561 3464 1858 3520 διαπιστειν

251 3559 322 3620 ὡς
383 3557 444 3610 ἂν
509 3561 678 3632 μάτην
745 3560 882 3612 οὕτω
943 3560 1134 3634 ῥεούσῃ
1204 3557 1418 3612 κάκείνα
1481 3557 1858 3631 λογοποιούση,

1961 2661 2280 2727 Quomodo
2299 2661 2482 2732 hujus
2511 2662 2864 2720 calamitatis
2899 2663 3383 2734 magnitudinem
3413 2662 3618 2735 deplo-

1958 2763 2088 2805 rem
2107 2750 2135 2805 ?
2161 2748 2326 2804 Unde
2356 2749 2544 2806 verba
2571 2749 2801 2805 luctum
2829 2751 2976 2808 satis
3002 2752 3285 2808 testantia
3315 2766 3563 2806 sumam
3587 2750 3615 2806 ?

1961 2839 2165 2908 Longo
2191 2854 2228 2894 a
2251 2842 2519 2911 tempore
2544 2839 2816 2896 dolorem
2846 2855 3052 2896 meum
3085 2839 3199 2896 edo
3220 2881 3234 2907 ,
3275 2840 3456 2895 mutis
3487 2844 3620 2896 tan-

1961 2932 2091 2985 tum
2114 2927 2398 3000 lacrymis
2415 2927 2642 2987 effusis.
2661 2929 2943 2986 Nuntium
2960 2929 3207 3003 quidem
3233 2929 3308 2986 de
3330 2927 3619 2985 Eustathii

1961 3022 2155 3074 morte
2192 3023 2460 3074 mentem
2499 3022 2566 3074 ut
2610 3019 2852 3087 tonitru,
2903 3024 2970 3075 ut
3006 3018 3261 3075 fulmina
3291 3018 3623 3090 improvisa

1964 3107 2276 3180 percussit,
2321 3123 2432 3164 nec
2474 3107 2640 3164 aliud
2688 3108 2802 3164 nisi
2848 3108 3108 3178 fumum,
3157 3107 3380 3164 doloris
3426 3105 3624 3162 intimi

1965 3212 2089 3269 quo
2123 3197 2358 3254 crucior
2377 3197 2640 3254 indicem
2668 3198 2895 3254 emitto.
2930 3198 3132 3254 Primo
3157 3197 3409 3270 quidem
3437 3196 3625 3252 ﬁdem

1966 3287 2052 3344 rei
2087 3303 2258 3344 novae
2293 3287 2518 3344 habere
2555 3304 2667 3344 nec
2704 3288 2874 3361 potui
2908 3303 3020 3344 nec
3055 3287 3241 3358 volui,
3274 3291 3336 3344 at
3363 3303 3472 3360 per
3499 3285 3628 3342 lon-

1969 3392 2114 3449 gum
2135 3377 2824 3450 tempuslucidissimam
2846 3377 3082 3434 stellam
3101 3377 3176 3435 de
3210 3377 3364 3434 ccelo
3403 3375 3618 3449 delap-

1971 3483 2102 3522 sam
2151 3467 2524 3524 Eustathium
2571 3467 2846 3540 sepulcro
2885 3467 3198 3525 conditum
3237 3482 3372 3524 esse
3433 3465 3628 3523 increv

1971 3557 2152 3613 dulus
2183 3574 2562 3631 acceperam.

249 3650 352 3702 ὅσα
376 3652 448 3722 μή
484 3651 633 3723 θέμις
655 3653 928 3725 προφέρειν
955 3652 1053 3702 εἴτε
1084 3651 1417 3722 προσίεσθαι·
1442 3647 1595 3711 Ἵσης
1614 3650 1716 3722 γὰρ
1750 3647 1970 3712 ἀτοπίας
1999 3651 2098 3702 εἴτε
2123 3653 2453 3721 καινοτομίας
2477 3647 2713 3721 ἐνόμιζον
2742 3649 3098 3702 πυνθάνεσθαι
3117 3652 3207 3702 καὶ
3236 3649 3498 3702 πιστεύειν
3526 3645 3622 3702 ἀσ-

253 3741 513 3814 τέρατινά
539 3737 954 3812 διαφανέστατον
981 3739 1253 3812 οὐρανόθεν
1284 3744 1462 3811 χαμαὶ
1490 3745 1684 3806 πεσεῖν,
1719 3743 1808 3791 καὶ
1835 3741 1923 3791 τὸν
1952 3742 2114 3812 μέγαν
2146 3737 2434 3791 Εύσταθιον
2462 3735 2723 3790 ὖποδύναι
2743 3747 2862 3810 γῆν.

333 3827 484 3880 Ούτω
534 3832 621 3901 μὲν
676 3825 764 3881 οὖν
818 3834 908 3881 καὶ
951 3824 1046 3881 διὰ
1089 3835 1259 3881 ταῦτα
1288 3825 1411 3889 αὖος
1442 3829 1593 3886 ἔστην
1623 3825 1673 3890 ἐς
1701 3823 1856 3902 δεῦρο

253 3922 351 3972 καὶ
400 3915 574 3984 ἓννιὸς,
623 3918 666 3973 εἰ
712 3924 805 3972 xui
854 3917 1038 3988 άλλως,
1097 3921 1167 3979 ὡς
1223 3918 1366 3991 ἔφην,
1410 3915 1683 3977 ἀλαλήτοις
1736 3935 1858 3969 στε-

248 4016 476 4080 ναγμοῖς
539 4006 852 4082 ἓκοπτόμην,
926 4012 1018 4060 καὶ
1083 4007 1560 4081 περιελιμναζόμην
1628 4005 1858 4081 ὑποδρο-

250 4104 404 4172 χίοις
477 4094 710 4174 δάκρυσι
778 4103 870 4151 καὶ
943 4101 1044 4173 πρὸ
1107 4117 1294 4173 καιρου
1370 4096 1700 4169 ϐιαζομένοις
1763 4099 1858 4156 τὴν

247 4187 477 4264 ἔκρηξιν.
523 4195 634 4242 Νῦν
681 4183 741 4241 δε
784 4187 913 4241 ἀλλά
957 4193 1048 4241 καὶ
1072 4192 1380 4260 πέπεισμαι,
1415 4189 1480 4248 ὡς
1511 4186 1605 4239 ούκ
1645 4185 1855 4259 ὤφελον,

245 4278 583 4352 ἀληθευούσῃ
642 4285 706 4350 τῇ
752 4283 918 4351 πικρᾷ
965 4275 1204 4350 ἀγγελίᾳ,
1251 4280 1343 4329 καὶ
1396 4283 1508 4337 πῶς
1540 4277 1727 4349 μικρὸν
1768 4284 1859 4337 τῆς

247 4367 546 4433 ὶκπλήξεως
636 4366 955 4440 ἀνενεγκὼν,
1062 4367 1318 4420 ἔκπυστον
1405 4363 1678 4440 ἀνοιμώξω
1769 4369 1859 4418 καὶ

245 4462 453 4532 γοερὸν,
535 4460 630 4512 xui
705 4462 875 4529 φωνήν
941 4454 1131 4530 ἀφίημι
1206 4455 1457 4530 κλαυθμῷ
1531 4457 1850 4528 σύμμικτον.

249 4549 414 4619 Τάχα
457 4550 588 4620 γὰρ,
637 4545 775 4600 ούτὼ
821 4553 915 4600 τοῦ
967 4545 1158 4619 ἄλγους
1196 4553 1258 4620 τῇ
1318 4548 1640 4619 γεγωνοτέρᾳ
1698 4563 1861 4618 προσ-

255 4636 578 4692 ακακλαύσει
651 4641 955 4710 κενουμένου
1014 4637 1209 4710 θύραζε
1255 4639 1383 4712 πρὸς
1427 4633 1634 4711 βραχὺ,
1684 4653 1863 4708 κουφι-

261 4729 400 4799 σμὸν
454 4745 567 4779 τινα
619 4732 714 4780 τοῦ
765 4725 1048 4789 λυποῦντος
1101 4726 1232 4799 ιύρω
1265 4741 1280 4758 ο
1341 4729 1430 4778 καὶ
1477 4723 1589 4797 οἶμα
1630 4731 1702 4795 τῷ
1750 4742 1864 4776 κει-

257 4819 401 4891 μένῳ
453 4819 643 4889 κόσμον
696 4814 883 4869 οἰκεῖον
942 4810 1208 4868 ἀποδώσω
1255 4820 1436 4867 τοῦτον
1501 4817 1593 4866 καὶ
1661 4809 1697 4865 δ
1701 4816 1864 4866 ικαιὸ-

257 4925 418 4960 τατον
468 4905 690 4979 ὄφλημα.
743 4910 845 4960 Καί
896 4909 980 4959 τοί
1026 4924 1086 4978 γε
1138 4903 1306 4968 ἄλλως
1360 4902 1436 4957 ἐπ’
1489 4902 1756 4977 ἀμφοτέρα
1797 4909 1858 4976 τῇ

255 5001 442 5071 γνώμη
505 4996 851 5070 ῥιπτάξομαι,
915 4991 1202 5070 διαπορῶν,
1265 4998 1495 5067 ποτέρως
1550 4991 1610 5045 ἂν
1668 4991 1861 5065 μᾶλλον

254 5085 548 5159 τηλικούτῳ
615 5087 773 5140 πάθει
839 5084 1136 5143 κατάλληλα
1202 5087 1481 5157 φαινοίμην
1544 5081 1859 5156 ἀφοσιούμε-

251 5196 341 5241 νος
388 5171 491 5251 ἇρα
541 5183 606 5250 τῇ
656 5177 788 5250 χθες
844 5173 1036 5248 βαθείᾳ
1085 5180 1256 5248 σιωπῇ
1311 5177 1402 5226 xui
1462 5180 1572 5234 τοῖς
1637 5170 1859 5246 ἀφώνοις

2044 3826 2135 3883 Sic
2159 3826 2313 3882 inter
2339 3826 2644 3898 lacrymas
2670 3827 3000 3898 etgemitus
3019 3826 3256 3883 haerens
3277 3841 3426 3882 voce
3450 3826 3568 3883 inte
3579 3842 3632 3882 r-

1972 3915 2140 3972 clusa
2177 3915 2297 3972 mei
2335 3931 2586 3988 compos
2626 3930 2749 3971 non
2803 3916 2910 3984 fui,
2951 3915 3055 3971 ubi
3096 3915 3377 3972 nuntium
3415 3931 3630 3972 verum

1971 4021 2123 4072 esse,
2155 4005 2309 4078 proh
2343 4003 2516 4060 dolor
2549 4005 2560 4059 !
2604 4008 2979 4077 compertum
3009 4005 3217 4062 habui.
3253 4003 3366 4061 Sed
3397 4009 3455 4060 et
3487 4021 3629 4061 cum

1972 4097 2244 4168 apertam
2299 4093 2704 4151 calamitatem
2743 4109 2866 4150 non
2916 4094 3117 4150 minus
3165 4093 3424 4168 plango;
3469 4110 3629 4151 nunc

1970 4199 2215 4258 quoque
2241 4182 2527 4256 lacrymae
2559 4199 2773 4240 vocem
2811 4183 3166 4240 occludunt.
3208 4185 3490 4240 Attamen
3525 4183 3630 4240 ubi

1969 4273 2144 4331 dolor
2169 4289 2378 4330 vocem
2417 4289 2544 4330 non
2603 4273 2982 4347 impediverit
3037 4273 3345 4330 lenimenti
3397 4272 3630 4347 aliquid

1969 4361 2274 4433 invenero,
2325 4365 2383 4420 et
2437 4362 2633 4419 amico
2694 4362 2979 4420 defuncto
3022 4363 3294 4420 officium
3353 4361 3627 4419 debitum

1969 4450 2345 4525 persolvero.
2386 4450 2502 4508 Sed
2538 4450 2688 4524 quid
2735 4451 2984 4508 tandem
3025 4450 3302 4508 faciendo
3347 4450 3626 4508 dolorem

1969 4557 2176 4598 meum
2214 4540 2429 4597 melius
2453 4540 2842 4598 manifestare
2861 4540 3149 4598 videbor?
3174 4540 3628 4598 Obmutescam-

1971 4645 2047 4688 ne
2071 4633 2138 4686 ut
2155 4629 2281 4687 heri
2301 4645 2509 4688 eorum
2534 4630 2612 4686 ad
2640 4629 2832 4688 instar
2855 4630 2961 4704 qui
2990 4629 3326 4687 secundum
3352 4628 3627 4686 fabulam

1971 4737 2091 4795 prie
2110 4721 2298 4778 nimio
2313 4719 2520 4778 dolore
2542 4720 2605 4776 in
2625 4720 2874 4778 arbores
2893 4725 2997 4778 aut
3019 4736 3170 4778 saxa
3193 4719 3407 4778 mutati
3443 4724 3584 4778 sunt
3607 4737 3622 4790 ;

1975 4815 2078 4869 aut
2093 4825 2334 4882 gemam
2361 4810 2737 4883 fremamque
2747 4814 2814 4867 ut
2836 4811 3042 4877 modo,
3073 4809 3151 4867 ad
3163 4809 3506 4882 exemplum
3519 4825 3626 4866 eo-

1972 4916 2109 4958 rum
2120 4899 2569 4974 quisecundum
2585 4899 2947 4973 Prophetam
2960 4899 3272 4972 planctum
3291 4897 3519 4955 faciunt
3530 4914 3626 4955 ve-

1970 4989 2398 5048 lutdraconum
2410 5031 2423 5057 ,
2437 4989 2732 5046 etluctum
2745 4989 2922 5064 quasi
2936 4988 3338 5045 struthionum
3351 4988 3380 5044 ‘I
3394 4989 3625 5044 Utrum-

1970 5095 2090 5154 que
2114 5079 2263 5137 mihi
2285 5094 2319 5137 e
2343 5094 2407 5137 re
2426 5095 2564 5138 esse
2584 5078 2818 5137 videtur
2845 5077 2926 5136 ob
2948 5075 3431 5151 magnitudinem
3460 5075 3624 5134 cala-

1969 5169 2216 5229 mitatis.

246 5269 580 5342 στενάγμασι
629 5269 692 5320 τὸ
749 5263 1066 5339 ὑπερϐάλλον
1117 5271 1208 5318 τοῦ
1257 5265 1454 5326 πάθους
1491 5258 1862 5337 παραδεικνὺς,
1905 5262 1970 5322 ὡς
1998 5261 2049 5314 οἱ
2075 5262 2222 5335 παρὰ
2241 5279 2352 5326 τοες
2379 5261 2566 5333 μύθοις
2590 5254 3066 5335 ἀποδενδρούμενοι
3091 5261 3182 5310 καὶ
3204 5256 3501 5332 λιθούμενοι
3527 5273 3543 5290 ο
3588 5259 3620 5319 ἣ

243 5357 437 5432 μᾶλλον
472 5355 784 5430 ἀνοιμώξων
813 5358 903 5407 καὶ
935 5355 1125 5428 θρήνου
1154 5354 1439 5427 κατάρχων
1466 5356 1690 5427 σήμερον
1718 5354 1856 5406 κατά
1883 5353 2004 5414 τοὺς
2031 5353 2372 5424 ποιουμένους
2399 5353 2544 5426 παρὰ
2571 5357 2642 5422 τῷ
2667 5355 2908 5424 προφήτῃ
2940 5349 3156 5402 κοπετὸν
3192 5349 3260 5411 ὡς
3293 5343 3617 5423 δρακόντων,

248 5451 343 5500 καὶ
391 5449 575 5510 πένθος
627 5447 702 5510 ὡς
755 5445 1052 5518 θυγατέρων
1107 5447 1394 5520 cupiam;
1449 5441 1622 5495 Ἐοικε
1670 5443 1773 5516 γὰρ
1831 5441 2088 5517 ἑκάτερον,
2142 5439 2236 5494 ούκ
2288 5440 2384 5505 ἔξω
2435 5443 2624 5494 πίπτον
2676 5445 2886 5517 καιροῦ,
2942 5433 3290 5514 παραμετρεῖν
3346 5457 3620 5516 συμφορας

256 5537 484 5610 μέγεθος.

330 5631 424 5681 Φεῦ
477 5633 572 5681 τοῦ
637 5629 822 5679 κοινοῦ
885 5621 1142 5686 πάθουςῑ
1212 5628 1303 5697 φεῦ
1367 5628 1461 5677 τοῦ
1520 5623 1860 5696 παγκοσμίου

2046 5623 2143 5678 Vae
2169 5634 2494 5679 commune
2526 5617 2923 5677 infortunium
2951 5617 2965 5676 ἰ
2999 5633 3087 5676 va;
3122 5619 3363 5691 jactura
3398 5617 3634 5674 univer-

255 5721 742 5796 κακοπραγήματος
790 5712 807 5770 1
879 5708 970 5776 Εἷς
1020 5711 1354 5768 ὑπολέλειπτο
1419 5710 1542 5787 βίου
1596 5710 1856 5787 λαμπτὴρ,

1977 5708 2148 5769 salis!
2183 5711 2311 5770 Una
2347 5712 2662 5784 supererat
2691 5707 2827 5768 vitae
2869 5707 3060 5776 stella,
3098 5707 3202 5768 tax
3243 5722 3372 5768 una
3401 5703 3632 5776 litteris,
