4134 6380
561 312 666 374 339

558 451 751 492 unum
778 435 1075 492 luminare
1104 435 1338 504 mundi,
1363 450 1520 491 unus
1548 434 1637 490 sol
1664 435 1815 490 sacri
1846 435 2218 493 ordinis.Sed

559 541 744 582 resne
768 525 952 580 fando
975 526 1222 598 quidem
1240 525 1481 580 audita:
1513 524 1606 579 hic
1626 540 1866 596 quoque
1889 525 2214 580 exstinctus

561 618 668 685 est,
694 630 804 669 nos
826 613 887 668 in
914 619 1209 670 internum
1232 613 1514 670 deseruit.
1545 613 1926 678 Quomodo,o
1960 613 2068 681 sol,
2087 631 2217 670 sus-

556 703 790 760 tinuisti
821 703 1010 759 solem
1037 707 1379 758 terrestrem
1411 701 1672 773 amplius
1703 717 1826 757 non
1857 702 2081 772 videre,
2111 704 2216 775 qui

559 792 714 848 inter
757 792 1041 848 mortales
1078 791 1189 848 fuit
1223 791 1391 862 quod
1434 796 1499 846 tu
1535 791 1689 846 inter
1728 792 1930 846 astra?
1957 796 2027 847 At
2052 809 2216 848 nunc

560 883 690 934 atra
705 879 898 948 caligo
911 879 1190 935 universo
1206 879 1433 936 mundo
1453 879 1721 947 incubat,
1737 878 1996 936 tenebrae
2018 886 2075 936 et
2096 896 2215 938 nox

560 965 762 1022 illunis
789 968 975 1024 vitam
993 969 1402 1040 persequitur;
1435 984 1546 1023 nos
1568 972 1834 1024 errantes
1857 969 2009 1024 sicut
2027 986 2216 1041 quon-

560 1053 707 1109 dam
747 1055 1005 1127 Egyptii
1041 1060 1347 1128 pastorem
1369 1060 1640 1127 ereptum
1658 1054 2076 1112 desideramus
2111 1057 2214 1130 qui

563 1143 856 1216 sapientia
881 1144 1189 1214 pastoritia
1212 1143 1365 1202 inter
1391 1158 1623 1209 omnes,
1667 1145 1818 1199 sicut
1843 1151 2048 1214 pastor
2065 1145 2218 1201 inter

559 1247 804 1304 pecora,
837 1233 1166 1304 eminebat;
1208 1249 1322 1288 nos
1373 1232 1774 1304 philosophiae
1801 1233 1980 1288 amici
2011 1249 2213 1303 regem

564 1321 971 1392 scientiarum,
1003 1326 1314 1394 parentem
1345 1321 1702 1393 eloquentiae
1732 1321 2048 1377 deflemus.
2079 1326 2215 1378 Jure

562 1409 722 1465 enim
753 1411 972 1480 majori
1004 1410 1346 1465 Eustathius
1375 1410 1450 1465 de
1493 1410 1741 1466 nomine
1780 1411 1946 1480 regio
1975 1411 2212 1480 gloriari

560 1502 796 1570 poterat
824 1515 1012 1571 quam
1042 1499 1310 1570 sophista
1336 1497 1431 1553 ille
1461 1498 1713 1565 Atticus;
1748 1499 2018 1570 synodus
2043 1515 2216 1556 sacra

557 1602 804 1659 quoque
832 1587 1076 1642 oculum
1113 1603 1294 1642 suum
1325 1591 1382 1642 et
1407 1602 1622 1642 vocem
1651 1586 1814 1642 illam
1847 1587 2058 1657 quaerit
2076 1604 2213 1659 quae

556 1674 743 1731 verba
771 1690 910 1747 rege
937 1675 1123 1746 digna
1149 1675 1329 1745 longe
1356 1675 1595 1746 lateque
1621 1676 2137 1747 pronuntiaverat.

1423 308 1797 367 MICHAELIS
1834 308 2224 370 ACOMINATI
2259 310 2694 370 ATHENARUM
2729 313 3058 370 ARCHIEP.

3819 313 3937 390 340

2325 433 2392 498 εἷς
2451 436 2609 508 λόγου
2671 440 2892 510 πυρσὸς,
2956 436 3004 490 ἓν
3065 439 3268 508 κόσμου
3339 439 3477 508 μέγα
3540 442 3666 507 φῶς,
3703 432 3776 496 εἷς
3838 444 3939 497 τῆς

2324 525 2440 578 καθ’
2489 528 2628 598 ἡμᾶς
2685 529 2967 598 ῖερωσύνης
3019 525 3184 587 ἣλιος.
3257 530 3356 578 Καὶ
3421 531 3509 576 νῦν
3569 525 3632 594 (ὦ
3697 532 3792 584 τῆς
3838 533 3937 576 τοῦ

2323 617 2510 675 παντὸς
2560 617 2877 685 συγχύσεως
2920 615 2960 686 Ξ)
3007 619 3093 666 καὶ
3143 615 3292 675 οὗτος
3348 613 3504 686 (ἀλλὰ
3560 621 3671 674 πῶς
3722 613 3938 683 γλῶττα

2327 705 2565 777 θρασεῖα,
2614 707 2672 755 1'0
2724 712 2970 755 τοσοῦτον
3028 703 3087 754 ἂν
3136 702 3383 775 φθέγξαιο
3408 701 3449 773 ;)
3509 700 3737 766 ἀπέσϐη,
3787 721 3935 775 παρ-

2322 797 2536 863 ῴχετο*
2609 795 2668 843 1'0
2733 789 2955 864 φροῦδος
3020 794 3144 863 ἡμῖν
3208 798 3298 843 τοῦ
3359 790 3568 844 λοιπου.
3635 786 3760 842 Εἶτα
3824 799 3938 852 πῶς

2323 878 2545 951 ἁνέσχις
2576 880 2751 949 αὐτὸς,
2803 881 2843 930 ὦ
2885 880 3016 945 ἣλιε,
3060 880 3223 932 οὐκέτ’
3278 879 3540 952 ὀψόμενος
3597 881 3681 930 τόν
3721 877 3936 931 ἀντανί-

2325 971 2528 1039 σχοντά
2581 989 2660 1020 σοι
2717 971 2874 1040 γῆθεν
2925 968 3164 1027 ἀνθὴλιον
3213 974 3302 1020 καὶ
3344 968 3486 1020 τοῦτ’
3538 971 3661 1019 ὄντα
3684 975 3793 1029 τοῖς
3827 969 3933 1020 ὑπὸ

2325 1060 2400 1123 σε,
2429 1059 2552 1131 ὅπερ
2607 1061 2672 1109 σὺ
2719 1065 2826 1119 τοῖς
2863 1058 3067 1119 λοιποῖς
3119 1057 3402 1132 ἀστράσι;
3457 1061 3622 1129 Ζόφος
3674 1054 3761 1108 οὖν
3804 1055 3935 1108 ἀκο-

2325 1150 2485 1217 σμίας
2533 1145 2845 1218 ἐπικέχυται
2889 1155 2960 1218 τῷ
3009 1151 3166 1198 παντὶ
3221 1143 3315 1198 διὰ
3366 1153 3552 1212 ταῦτα,
3591 1150 3681 1197 καὶ
3741 1149 3937 1207 σκότος

2323 1233 2554 1307 ἀλαμπὲς
2606 1238 2693 1287 τόν
2737 1237 2984 1306 ἡμέτερον
3039 1233 3155 1307 βίον
3211 1239 3462 1305 κατέσχε,
3513 1240 3604 1286 καὶ
3663 1253 3937 1307 συμφορας

2321 1323 2580 1397 άναστρος
2651 1323 2763 1386 νύξ’
2845 1329 2934 1375 καὶ
3000 1326 3071 1386 ὡς
3145 1324 3426 1395 Αἰγύπτιοι
3499 1328 3748 1398 πρότερον
3832 1324 3936 1375 ὑπὸ

2320 1411 2612 1483 ψηλαφητῷ
2672 1417 2839 1482 σκότῳ
2898 1412 3232 1484 πλαζόμενοι,
3278 1413 3536 1484 ποθοῦμεν
3597 1415 3646 1464 οἱ
3710 1433 3940 1484 ποιμαι-

2320 1520 2486 1562 νοντες
2539 1500 2758 1568 λογικῶς
2829 1505 2910 1552 τόν
2982 1499 3244 1572 ἐπιστήμη
3307 1509 3622 1574 ποιμαντικῇ
3691 1504 3940 1574 τοο-ούτῳ

2320 1591 2518 1648 πάντας
2582 1588 2950 1663 ὑπερϐαλόντα,
3012 1591 3114 1641 ὅσα
3185 1594 3274 1641 καὶ
3339 1593 3522 1662 νομεύς
3585 1588 3941 1662 βοσκήματα,

2322 1678 2370 1727 οἰ
2407 1682 2524 1751 περὶ
2561 1677 2743 1748 λόγους
2781 1682 2867 1729 τὸν
2909 1677 3134 1750 βασιλέα
3172 1687 3270 1730 τῶν
3299 1677 3462 1748 λόγων
3491 1683 3581 1730 καὶ
3612 1683 3813 1753 πατέρα
3845 1688 3942 1740 τῆς

555 1762 871 1834 λογιότητος.
905 1767 1223 1838 Δικαιότερος
1250 1767 1352 1838 γὰρ
1384 1765 1409 1815 ό
1436 1768 1599 1836 μέγας
1619 1764 1908 1826 Εύστάθιος
1939 1773 2000 1837 τῇ
2037 1763 2289 1836 βασιλείῳ
2319 1764 2410 1823 κλὴ
2425 1773 2504 1817 σεῖ
2537 1768 2900 1837 σεμνύνεσθαι,
2937 1771 3069 1840 ἤπερ
3095 1774 3282 1828 εκείνος
3314 1768 3339 1817 0
3373 1767 3611 1828 Ἀττικὸς
3644 1774 3936 1838 σοφιστής,

558 1855 745 1904 καθότι
787 1857 876 1904 καὶ
924 1857 1016 1910 τὴν
1064 1857 1250 1925 σοφίαν
1281 1853 1428 1913 οὗτος
1458 1852 1650 1905 ἐκείνου
1681 1852 1813 1905 πολύ
1840 1853 2230 1926 βασιλευτερος.
2259 1860 2418 1912 Ζητεῐ
2441 1859 2531 1906 καὶ
2564 1852 2781 1915 σύνοδος
2815 1857 2926 1928 ἱερὰ
2953 1859 3040 1906 τόν
3069 1854 3256 1918 ἑαυτῆς
3288 1852 3702 1927 διαφανέστατον
3731 1855 3936 1928 ὀφθαλ-

558 1944 675 2014 μὸν,
706 1947 797 1993 καὶ
820 1945 886 1994 τὰ
912 1941 1160 2014 βασίλεια
1187 1941 1564 2014 περιλαλοῦσαν
1593 1948 1759 1992 ταῦτα
1796 1946 1964 2013 φωνὴν
1993 1947 2083 1993 καὶ
2111 1945 2518 2015 περιαγνυμένην
2546 1950 2652 2004 τοῖς
2683 1947 2926 2016 πέρασιν,

633 2030 850 2087 Civitas
875 2030 1294 2087 Thessalonice
1320 2031 1448 2086 heri
1477 2030 1844 2098 felicissima,
1875 2030 2055 2086 hodie
2085 2047 2212 2102 per-
2245 2033 2285 2086 Β

558 2135 747 2192 quam
775 2119 1166 2185 infortunata,
1196 2119 1341 2192 quia
1378 2123 1544 2176 tanto
1573 2118 1697 2175 filio
1727 2120 1958 2192 privata
1987 2125 2214 2191 quanto

558 2224 699 2264 cum
722 2208 886 2264 luctu
927 2224 1244 2279 sponsum,
1276 2213 1582 2281 pastorem
1610 2207 1864 2268 bonum.
1885 2215 2210 2281 praecepto-

557 2313 688 2353 rem
746 2297 1100 2369 sapientem,
1158 2297 1537 2364 salvatorem,
1587 2297 1832 2366 genium
1879 2298 2211 2363 tutelarem,

557 2390 1066 2458 popugnatorem,
1126 2402 1248 2442 uno
1294 2385 1477 2442 verbo
1536 2385 1905 2453 columnam,
1958 2392 2020 2441 ut
2074 2402 2210 2441 cum

561 2474 819 2531 Pindaro
849 2475 1084 2546 loquar,
1122 2475 1521 2542 immobilem,
1555 2480 1613 2531 et
1642 2476 1689 2530 si
1719 2475 1867 2547 quid
1896 2475 2059 2531 aliud
2088 2475 2212 2531 lau-

561 2565 766 2622 dabile
791 2569 848 2622 et
869 2564 1135 2622 salutare
1151 2565 1402 2635 cogitari
1425 2569 1644 2638 potest,
1662 2571 1914 2637 quanto,
1936 2566 2210 2637 inquam,

557 2670 699 2710 cum
742 2654 899 2710 lectu
940 2655 1230 2726 reposcit!
1271 2655 1364 2710 Sic
1406 2654 1585 2723 igitur
1635 2670 1893 2710 maerore
1941 2655 2215 2711 confecta

557 2743 734 2815 quasi
767 2742 1038 2800 secunda
1057 2743 1187 2799 vice
1213 2747 1392 2816 capta
1421 2749 1477 2798 et
1504 2742 1813 2799 destructa
1842 2743 2011 2806 foret,
2043 2743 2212 2799 humi

551 2833 715 2904 jacet
741 2838 797 2890 et
821 2833 1034 2890 metuit
1069 2849 1147 2890 ne
1185 2834 1394 2905 pejora
1433 2833 1798 2905 experiatur.
1846 2834 2008 2889 Prius
2039 2849 2211 2890 nam-

555 2937 696 2994 que,
742 2921 902 2979 Italis
949 2928 1105 2978 terra
1147 2921 1420 2994 marique
1471 2921 1836 2977 irruentibus
1886 2939 1956 2977 ac
2003 2939 2210 2978 muros

480 3028 484 3032 '
554 3011 1025 3078 destruentibus,
1056 3028 1090 3067 e
1114 3011 1400 3068 manibus
1430 3011 1696 3067 hostium
1727 3016 1932 3084 erepta
1977 3013 2088 3068 fuit
2133 3011 2212 3068 ab

554 3101 865 3157 Eustathio
895 3105 1103 3157 nostro
1135 3101 1238 3172 qui
1267 3101 1556 3156 virtutum
1589 3116 1836 3156 suarum
1877 3101 2039 3158 fama
2059 3101 2212 3158 adeo

551 3186 758 3245 hostes
799 3191 968 3262 ipsos
1006 3191 1339 3247 commovit
1379 3196 1443 3246 ut
1491 3191 1724 3246 vultum
1773 3193 1904 3261 ejus
1945 3193 2212 3264 aspicere

553 3290 679 3332 non
710 3278 841 3333 ausi
868 3277 1007 3346 sint,
1032 3278 1158 3334 imo
1185 3279 1481 3335 exercitus
1508 3278 1674 3335 ferox
1700 3280 1777 3336 ad
1805 3281 1998 3352 ipsius
2025 3280 2211 3352 pedes

2393 2030 2459 2084 Ἦ
2519 2051 2578 2103 γε
2641 2036 2743 2103 μὴν
2801 2029 3064 2104 εὐδαίμων
3111 2034 3241 2104 χθὲς
3298 2029 3374 2085 δι’
3429 2031 3614 2093 ἐκεῖνος
3657 2033 3934 2086 Θεσσαλο-

2323 2124 2462 2186 νίκη,
2530 2119 2620 2172 καί
2669 2127 2759 2172 νῦν
2805 2121 2900 2173 οὐκ
2951 2117 3199 2194 εὐδοκίμου
3248 2119 3440 2174 ἐκείνου
3487 2127 3657 2195 χήρα.
3706 2127 3934 2193 γεγωνό-

2321 2228 2465 2283 τερον
2497 2209 2821 2281 οἰμὼςουσα,
2855 2214 3086 2284 παρόσον
3133 2216 3221 2262 καὶ
3249 2207 3596 2284 διαφερόντως
3625 2219 3724 2262 τῶν
3765 2211 3936 2263 ἄλλων

2322 2306 2414 2358 τῆς
2495 2305 2765 2370 συμφορᾶς

2322 2387 2437 2458 μεθ’
2500 2389 2635 2439 ὅσων
2724 2394 2812 2440 και
2891 2389 3010 2440 οἵων
3088 2396 3187 2439 τῶν
3269 2386 3512 2462 δακρύων
3597 2388 3936 2442 ἀνακαλεῖται

2857 2301 3071 2371 ᾔσθετο,
3149 2297 3233 2351 οἶα
3323 2299 3751 2373 κατολοφύρεται,
3842 2307 3937 2354 καὶ

2322 2480 2409 2526 τόν
2465 2479 2652 2552 ὡραῖον
2710 2482 2950 2549 νυμφίον,
3002 2480 3092 2528 τόν
3131 2477 3286 2529 καλὸν
3340 2481 3577 2551 ποιμένα,
3627 2483 3713 2531 τὸν
3770 2483 3936 2538 καθη-

2320 2569 2508 2636 γητὴν,
2569 2585 2654 2617 τον
2736 2569 2914 2637 σοφὸν.
2979 2569 3066 2618 τὸν
3135 2574 3391 2641 σωτῆρα’
3461 2571 3548 2618 τὸν
3618 2567 3933 2639 πολιοῦχον,

2321 2658 2408 2706 τὸν
2461 2654 2709 2728 πρόϐολον
2751 2660 2841 2706 καὶ
2894 2659 3061 2714 κίονα,
3111 2659 3245 2708 κατὰ
3288 2652 3571 2728 Πίνδαρον,
3627 2655 3869 2732 ἀστραϐῆ
3918 2680 3931 2691 ·

2319 2748 2410 2795 καὶ
2453 2747 2496 2794 εἴ
2543 2763 2594 2795 τι
2645 2743 2766 2795 ἄλλο
2819 2742 3069 2816 ἐράσμιον
3121 2749 3212 2796 καὶ
3265 2749 3524 2820 σωτήριον
3573 2751 3787 2817 πρᾶγμα
3835 2750 3930 2797 καὶ

2320 2836 2497 2904 ὄνομα.
2539 2832 2690 2884 Οὕτω
2735 2829 2794 2884 δὲ
2823 2834 2926 2904 οἱρα
2957 2834 3144 2898 πενθεῖ,
3169 2839 3258 2886 καὶ
3282 2838 3408 2906 πρὸς
3433 2842 3524 2886 τοῦ
3554 2836 3762 2895 πένθους
3789 2833 3928 2886 ἁπά-

2317 2941 2484 2992 γεται,
2539 2924 2606 2983 ὡς
2673 2921 2732 2973 ἂν
2801 2921 2843 2974 εἰ
2897 2924 3160 2995 κατάκρας
3222 2922 3371 2988 ἑάλω,
3428 2928 3519 2974 καὶ
3584 2930 3738 2975 τοῦτο
3798 2920 3928 2976 δεύ-

2317 3030 2460 3085 τερον
2517 3010 2902 3084 ἐκπεπόρθηται
2949 3032 2960 3044 ·
3014 3013 3044 3069 ἢ
3114 3017 3204 3064 καὶ
3273 3013 3628 3086 σχετλιώτερα
3692 3016 3928 3085 πάσχειν

2320 3103 2503 3155 οἴεται.
2573 3107 2781 3174 Πρῶτον
2838 3103 2928 3172 μὲν
2993 3103 3118 3172 γὰρ,
3189 3100 3397 3153 Ἰταλῶν
3457 3100 3511 3153 ἐκ
3571 3109 3671 3172 γῆς
3715 3107 3807 3153 καὶ
3839 3105 3927 3154 θα-

2319 3189 2510 3250 λάττης
2565 3187 3007 3260 ἐπικωμασάντων
3075 3190 3204 3262 αύτῇ
3267 3194 3357 3242 καὶ
3419 3193 3780 3264 καθυπερτέρα
3835 3199 3925 3252 τῆς

2319 3276 2560 3334 ἁλώσεως
2615 3278 2798 3329 ἵστατο
2860 3285 2932 3347 τῷ
2981 3283 3294 3351 φρονήματι,
3335 3286 3428 3330 τοῦ
3461 3279 3750 3351 πολιούχου
3801 3282 3896 3331 ταύ

555 3370 768 3436 sponte
807 3365 1214 3437 procubuerit.
1257 3371 1425 3424 Nunc
1468 3384 1611 3424 vero
1640 3368 1754 3424 hoc
1785 3374 1950 3425 tanto
1989 3386 2210 3442 propu-

2320 3387 2412 3427 της
2454 3365 2646 3418 ἐκεινου
2689 3371 2975 3440 περιόντος,
3027 3372 3116 3418 καὶ
3160 3366 3410 3426 πλείστην
3463 3370 3592 3426 ὅσην
3642 3374 3732 3421 καὶ
3789 3366 3925 3421 δυσ-

553 3454 814 3523 gnaculo
864 3454 1153 3512 destituta
1206 3457 1425 3513 misere
1483 3457 1655 3512 humi
1697 3457 1876 3528 jacet,
1923 3459 2099 3530 quasi
2157 3460 2209 3514 vi

552 3547 733 3615 capta
770 3543 948 3599 nullis
966 3545 1094 3614 jam
1126 3546 1422 3601 mmnibus
1461 3546 1848 3604 defendatur.

2321 3455 2677 3509 αντίϐλεπτον·
2706 3463 2821 3516 ποῖς
2894 3455 3264 3530 πολιορκηταῖς
3343 3457 3762 3530 προϐαλλομένου
3834 3464 3928 3518 τὴν

2317 3544 2373 3598 ἐκ
2417 3553 2508 3605 τῆς
2560 3543 2738 3617 ἀρετὴς
2781 3541 2938 3607 αἱδὼ,
2971 3550 3061 3597 καὶ
3101 3550 3252 3618 μόνον
3311 3547 3417 3619 οὐχ
3471 3549 3572 3599 ὑπὸ
3623 3544 3790 3607 πόδας
3836 3552 3927 3600 τόν

553 3630 824 3704 ἀγέρωχον
868 3637 1086 3707 στρατὸν
1132 3635 1500 3708 ῥιπτάςοντας.
1535 3644 1641 3689 Νῦν
1673 3633 1731 3690 δε
1757 3634 1966 3689 τοιοῦδε
1994 3636 2251 3710 προϐόλου
2281 3638 2646 3707 γεγυμνωμέη,
2683 3633 3068 3691 καταϐέϐληται
3097 3643 3159 3706 τῇ
3193 3640 3372 3708 γνώμῃ
3406 3639 3552 3708 παρὰ
3575 3645 3666 3689 τοῦ
3701 3637 3929 3721 πάθους,

554 3722 618 3780 ὡς
647 3729 732 3772 νῦν
761 3725 917 3784 όντως
947 3721 1425 3797 ἐκπεπελὶορκεκένη
1450 3731 1539 3777 καὶ
1562 3728 1731 3778 πάντα
1765 3732 2171 3800 περικεκαρμένη
2205 3722 2498 3800 κρήδεμνα.

626 3810 776 3876 Quid
793 3811 1038 3868 tandem
1060 3813 1302 3868 urbium
1328 3815 1537 3884 regina
1555 3815 1617 3871 in
1640 3817 1754 3870 hoc
1781 3833 1980 3871 rerum
2007 3817 2212 3871 discri-

552 3898 715 3955 mine
743 3898 931 3956 facit?
959 3900 1268 3959 faciliusne
1294 3918 1374 3959 an
1405 3904 1622 3972 aegrius
1649 3905 2041 3961 infortunium
2070 3922 2208 3977 por-

552 3987 722 4056 tabit,
777 3989 870 4045 cui
933 3992 1277 4047 Eustathius
1326 3991 1621 4048 beneﬁcia
1681 3995 1743 4049 in
1802 4009 1942 4049 eum
1994 3995 2211 4051 collata

552 4075 726 4146 largo
791 4077 1007 4134 {cenare
1073 4084 1130 4134 et
1189 4095 1330 4135 cum
1399 4081 1550 4149 grati
1609 4081 1798 4137 animi
1854 4083 2210 4154 pignoribus

555 4161 860 4220 reddidit?
907 4166 1296 4239 Quaecunque
1340 4169 1498 4223 enim
1547 4169 1694 4224 dum
1741 4170 1802 4224 in
1843 4187 1914 4225 ea
1967 4171 2208 4238 viveret,

555 4251 860 4323 sapientiae
885 4253 1199 4310 thesauros
1219 4255 1609 4313 honestarum
1627 4258 1847 4314 artium
1864 4259 2208 4314 amantibus

553 4336 812 4410 benigne
862 4338 1112 4408 largitus
1143 4346 1258 4405 est;
1291 4341 1401 4397 fuit
1442 4343 1603 4400 enim
1651 4344 2009 4416 eloquentiae
2067 4361 2208 4418 pry.

554 4429 778 4496 tanem,
813 4428 1118 4498 sapientiae
1167 4429 1338 4485 focus
1371 4431 1750 4499 universalis,
1795 4433 2008 4489 hortus
2059 4434 2208 4490 nulli

551 4531 674 4572 non
725 4523 988 4589 apertus,
1023 4533 1166 4588 ager
1212 4519 1417 4576 fertilis
1466 4521 1579 4576 sub
1630 4523 1916 4594 auspiciis
1968 4523 2204 4592 divinis,

551 4603 904 4676 eloquentiae
935 4605 1070 4661 fons
1100 4609 1406 4679 perennis.
1441 4609 1583 4665 Hinc
1612 4610 1807 4666 evenit
1865 4617 1928 4667 ut
1957 4611 2202 4683 dicipuli

549 4692 732 4764 gratis
761 4700 984 4750 metere
1020 4697 1203 4765 gratis
1248 4696 1489 4753 haurire
1528 4705 1776 4770 possent
1801 4715 1911 4755 nec
1941 4701 2203 4771 amplius

547 4782 765 4840 artium
806 4799 876 4839 ac
914 4783 1242 4841 litterarum
1295 4785 1677 4857 disciplinam
1737 4788 1982 4845 sitirent.
2035 4789 2202 4854 Brevi

547 4871 706 4927 enim
739 4876 1007 4945 tempore
1053 4874 1178 4930 sine
1208 4874 1534 4946 praeludiis,
1568 4875 1696 4932 sine
1731 4877 2196 4948 prolegomenis,

545 4960 671 5017 sine
699 4962 1126 5019 certaminibus
1153 4967 1257 5019 aut
1288 4963 1500 5020 studiis
1530 4965 1765 5036 praeviis
1809 4967 2199 5039 philosophia

541 5067 604 5104 se
635 5050 937 5107 imbutum
977 5051 1164 5107 sensit
1190 5052 1541 5124 quicunque
1571 5053 1738 5109 illum
1771 5055 1997 5121 adibat,
2020 5057 2196 5128 quasi

539 5153 610 5194 ex
639 5139 829 5210 ipsius
853 5140 1178 5196 Aristotelis
1201 5139 1408 5196 schola
1429 5141 1682 5198 exiisset.
1722 5145 2008 5208 Quamvis
2033 5145 2193 5201 enim

537 5228 780 5297 torpore
837 5226 1144 5298 profundo
1187 5226 1604 5297 languesceret
1649 5230 2029 5302 ignorantiae,
2092 5233 2191 5288 ubi

535 5313 800 5383 primum
844 5313 938 5369 ille
979 5315 1182 5370 cibum
1234 5316 1604 5386 spiritualem
1644 5320 1978 5387 obtulisset,
2020 5322 2193 5380 disci-

533 5399 710 5472 pulus
757 5401 933 5474 quasi
960 5417 996 5458 a
1035 5403 1211 5459 Musis
1268 5404 1413 5476 ipsis
1459 5407 1696 5463 afﬂatus
1739 5409 2032 5467 discessit.
2076 5412 2191 5468 Sed

529 5505 654 5544 non
702 5490 892 5546 amari
923 5496 986 5546 ut
1014 5490 1156 5547 folia
1181 5491 1335 5548 lauri
1398 5495 1560 5550 fuere
1613 5497 1836 5553 fructus
1873 5500 2055 5570 hujus
2100 5518 2188 5556 ar-

525 5577 692 5635 boris
717 5577 1020 5651 sapientiaa
1038 5595 1050 5645 ;
1070 5581 1192 5636 imo
1212 5581 1510 5639 dulciores
1539 5585 1688 5641 sicut
1709 5586 1963 5659 epistola
1998 5605 2185 5660 quam

2398 3814 2473 3865 ’Τί
2505 3810 2553 3865 δ’
2587 3815 2616 3870 η
2647 3813 2838 3865 πόλεων
2871 3812 3089 3885 βασιλίς
3123 3829 3135 3878 ;
3179 3817 3399 3887 Πότερον
3442 3818 3753 3887 κουφότερον
3783 3817 3933 3868 ὑποί-

2322 3920 2402 3953 σει
2457 3906 2548 3960 τὴν
2587 3908 2763 3959 κοινὴν
2823 3900 3182 3976 δυσπραγίαν,
3232 3903 3260 3960 ἦ
3321 3903 3482 3976 πολλῇ
3540 3903 3931 3979 ἐπαχθεστερον

2320 3991 2398 4052 οἶς
2439 3990 2841 4064 ἐλευθεριώτατα
2891 3995 2982 4042 καὶ
3036 3991 3294 4043 κάλλιστα
3340 3993 3468 4066 παρ’
3509 3993 3641 4066 αὐτῇ
3707 3996 3932 4068 τεθραμο

2319 4083 2488 4151 μένος,
2529 4081 2598 4141 ὡς
2647 4078 2694 4131 ἐν
2745 4077 2998 4132 ἀποδόσει
3054 4085 3300 4152 τροφείων
3355 4085 3528 4142 πάσας
3565 4086 3800 4157 χάριτας
3850 4105 3932 4152 φι-

2317 4166 2535 4239 λοτίμως
2580 4167 2798 4230 ἐξέτισεν
2825 4187 2836 4198 ·
2888 4169 2994 4240 οὐχ
3033 4171 3168 4229 ὅπως
3205 4174 3406 4242 κόσμος
3451 4171 3612 4234 οῐξιως
3668 4173 3796 4243 αὐτῇ
3830 4178 3924 4224 καὶ

2315 4254 2675 4330 λαμπρότατον
2724 4261 2988 4330 γινόμενος
3044 4260 3225 4331 ὄνομα,
3285 4257 3413 4311 ἀλλὰ
3467 4265 3578 4325 καὶ,
3633 4262 3687 4312 ὃν
3739 4258 3928 4335 ἱδρῶτι

2316 4345 2484 4414 πολλῷ
2517 4345 2817 4408 συνελέξαθο
2863 4348 2986 4421 παρ’
3037 4348 3167 4421 αὐτῇ
3223 4347 3442 4402 πλοῦτον
3489 4356 3693 4423 σοφίας,
3732 4352 3925 4402 τούτου

2315 4431 2633 4506 μεταδιδούς
2691 4434 2922 4507 ἀφθόνως
2972 4445 3083 4499 τοῖς
3140 4437 3450 4509 φιλοπόνοις,
3502 4439 3669 4491 κοινόν
3714 4457 3920 4512 πρυταο

2312 4531 2443 4575 νεῖον
2493 4522 2670 4596 λογου,
2712 4529 2801 4576 καί
2849 4531 3031 4597 σοφίας
3073 4523 3346 4598 πανδεχὴς
3393 4527 3561 4598 ἑστία,
3613 4532 3701 4580 καὶ
3757 4527 3926 4589 ἄλλως

2316 4611 2525 4665 Ἐλικὼν
2587 4619 2920 4686 προκείμενος
2979 4631 2992 4681 ;
3079 4622 3255 4676 Κῆπος
3345 4619 3444 4691 γὰρ
3521 4618 3583 4675 ἧν
3646 4616 3924 4679 ἄκλειστος

2317 4706 2520 4772 σοφίας,
2571 4722 2660 4754 και
2702 4701 2904 4777 πλήρης
2958 4701 3136 4775 ἀγρὸς,
3183 4703 3236 4755 ὃν
3293 4705 3543 4775 εύλόγησε
3594 4709 3778 4778 Κύριος
3824 4711 3922 4759 καὶ

2310 4795 2454 4860 πηγὴ
2521 4790 2685 4860 λόγων
2738 4791 3120 4865 ασφράγιστος,
3182 4798 3282 4846 Καὶ
3329 4802 3501 4866 παρῆν
3564 4802 3676 4855 τοῖς
3731 4797 3918 4864 μαθη-

2307 4888 2460 4932 τιώσι
2512 4876 2798 4952 δρέπεσθαι
2850 4887 3064 4954 προῖκα,
3120 4887 3210 4933 καὶ
3270 4881 3541 4954 ἀρύεσθαι,
3597 4888 3687 4935 καὶ
3716 4902 3916 4956 κατεμ-

2306 4971 2596 5042 φορεῖσθαι,
2650 4974 2741 5022 καὶ
2783 4975 2954 5040 μεκέτι
3003 4975 3180 5028 πείνῆν
3243 4972 3273 5030 ἦ
3327 4967 3489 5043 δίψῇν
3533 4980 3626 5023 τοῦ
3683 4970 3919 5025 ἀκοῦσαι

2301 5056 2451 5128 λόγον
2503 5062 2743 5129 τεχνικὸν
2792 5058 2881 5111 εἴτ’
2939 5058 3361 5132 ἐπιστημονικόν.
3431 5061 3512 5114 Ἐν
3561 5060 3762 5133 βραχεῖ
3808 5065 3914 5135 γὰρ

2299 5152 2499 5220 χρόνῳ,
2547 5153 2637 5200 καὶ
2689 5150 2810 5200 ὅσον
2858 5147 3134 5218 ἐγκυκλίου
3160 5147 3508 5221 προπαιδείας
3545 5153 3849 5221 γεύσασθαι
3880 5154 3911 5210 ἦ

2303 5243 2632 5306 σοφιστικοῖς
2682 5235 3019 5306 παλαίσμασι
3083 5239 3616 5312 προσγυμνάσασθαι,
3675 5239 3706 5297 ᾖ
3775 5259 3910 5312 προ-

2300 5325 2465 5398 θύρων
2528 5322 2768 5383 ἐπιϐῆναι
2829 5326 3154 5398 φιλοσοφίας,
3209 5330 3253 5379 εἶ
3307 5347 3384 5388 τις
3439 5333 3714 5399 πεφοίτηκε
3779 5329 3908 5403 παρ’

2297 5412 2504 5481 ἐκεῖνον,
2571 5414 2727 5475 εὐθύς·
2776 5415 2802 5465 0
2853 5418 2996 5489 παρὰ
3043 5423 3114 5486 τῷ
3179 5423 3479 5490 Σταγειρίτη
3540 5413 3906 5490 πεπαιδευμέ-

2294 5521 2379 5562 νος
2427 5501 2641 5576 ἑωρᾶτο,
2686 5507 2775 5555 καὶ
2823 5504 2849 5554 ό
2913 5508 3055 5578 παρα
3121 5513 3219 5556 τῶν
3277 5512 3499 5557 Μουσῶν
3564 5505 3905 5578 ἐμπνευσθεκ

2299 5595 2389 5650 τὴν
2451 5597 2687 5650 ποίησιν.
2763 5592 2824 5644 Εἰ
2889 5596 2991 5668 γὰρ
3055 5594 3142 5646 ὑπ’
3211 5593 3483 5669 ἀγροικίας
3540 5593 3700 5667 βαθεῖ
3751 5599 3900 5669 κάρῳ
