4134 6386
315 381 420 437 341

1365 371 1690 429 ΜΟΝΟΠῘΑ
1727 371 1799 428 ΙΝ
1836 369 2280 429 ΕΗΞΤΛΤΗΠῙΜ
2313 369 2649 426 THESSAL.

3589 372 3698 427 342

317 497 600 563 καθεύδοι,
641 498 749 557 ἀλλ’
796 498 913 572 ἅμα
957 497 1106 571 μίκρ’
1143 497 1279 549 ἅττα
1315 493 1609 568 ἇψωμίζετο
1643 495 1769 571 παρ’
1799 494 1918 550 ἐκεί-

2039 493 2308 552 Ezechiel
2336 508 2443 566 per
2473 493 2779 549 somnium
2807 491 3013 553 edidit.
3046 492 3153 550 Mel
3182 491 3346 551 enim
3386 493 3695 553 Eustathio

322 611 443 654 νου,
510 595 597 643 καὶ
666 595 1009 662 παραχρῆμα
1070 580 1395 648 διυπνίζετο,
1463 590 1724 655 μουσικοῦ
1789 603 1928 646 τινος

323 683 562 751 κάτοχος
606 678 899 750 οἶσθματος.
956 675 1099 734 Πλὴν
1154 674 1250 729 οὐκ
1307 675 1538 747 ἔμπικρα
1584 668 1664 742 ἦν,
1737 673 1803 734 ὠς
1861 675 1930 726 τὰ

328 766 532 841 δάφνης
577 766 788 837 πέταλα,
853 767 921 818 τὰ
966 764 1313 837 ψωμιζόμενα
1364 761 1489 835 παρ’
1559 760 1776 831 ἐκείνου,
1832 771 1928 823 τῆς

322 866 432 911 τῶν
463 865 631 929 σοφῶν
669 851 1023 928 έπιφυλλίδος,
1063 858 1154 906 καὶ
1199 858 1288 904 νῦν
1331 849 1509 923 οἵμοιί
1538 854 1925 926 τετρυγημένης

326 949 551 1001 θανάτου
598 952 751 1018 τομῇ,
791 943 1127 1016 γλυκάζοντα
1173 938 1232 994 δε
1279 939 1495 1014 μᾶλλον,
1532 942 1598 1001 ὡς
1645 941 1676 998 ἡ
1722 940 1928 1012 κεφαλὶς

322 1037 357 1095 ἡ
445 1032 741 1110 βεϐρωμένη
823 1040 896 1104 τῷ
978 1030 1227 1093 Ἰεζεκιήλ
1298 1037 1631 1103 προφητικῶς
1691 1028 1923 1103 ὀνειρώτ-

317 1145 486 1180 τοντι.
534 1123 755 1185 Μέλιτος
797 1124 900 1196 γὰρ
948 1120 1245 1181 ἀπέσταξον
1295 1121 1351 1172 αἱ
1396 1126 1497 1172 τῶν
1547 1117 1761 1190 ὁμιλιῶν
1818 1118 1925 1171 Εὐ-

318 1217 542 1268 σταθίου
598 1215 842 1287 χάριτες,
892 1214 960 1273 ὡς
1015 1210 1249 1282 ἀτεχνῶς
1298 1206 1600 1283 ἀπορῥῶγές
1651 1226 1782 1268 τινες
1839 1211 1921 1261 νέ-

308 1322 505 1378 κταρος
538 1323 553 1335 ·
623 1302 737 1355 ὅθεν
802 1304 893 1353 καὶ
959 1299 1032 1363 εἰς
1091 1299 1251 1373 οἶκρον
1315 1297 1507 1368 ψυχῆς
1563 1295 1747 1368 μυελὸν
1812 1303 1924 1359 τοῖς

312 1392 601 1466 ἀκροαταῖς
654 1386 973 1460 εἰσδυόμενα
1021 1390 1089 1441 τὰ
1140 1383 1475 1459 διδάγματα,
1532 1390 1624 1437 καὶ
1680 1386 1922 1459 ἄντικρυς

313 1479 624 1552 ἐγκαιόμενοι,
694 1474 1031 1550 διετηροῦντο
1093 1474 1387 1529 ἀνέκπλυτα
1450 1473 1613 1535 λήθης
1675 1475 1917 1549 ῥεύματι.

310 1573 383 1623 Τὸ
413 1571 516 1642 γὰρ
560 1565 729 1639 ἡδονῇ
784 1566 969 1639 ψυχῆς
1011 1565 1391 1637 έκτυπούμενον
1446 1565 1672 1637 μάθημα
1722 1582 1918 1636 μηνμο-

301 1661 564 1732 νικωτέρᾳ
608 1653 775 1727 δέλτῳ
828 1659 1003 1730 φρενὸς
1054 1653 1449 1726 ἰγκολάπτεται,
1503 1654 1574 1714 ὡς
1623 1654 1808 1705 θᾶττον
1856 1651 1918 1705 ἂν

302 1743 597 1800 ὑπιδέσθαι
669 1749 764 1797 καὶ
831 1747 952 1818 περὶ
1007 1746 1196 1797 τούτου
1264 1744 1290 1796 ό
1342 1747 1434 1795 καὶ
1484 1746 1602 1814 περὶ
1662 1749 1916 1814 σοφιστοῦ

302 1854 449 1896 τινος
496 1834 655 1887 παλαι
708 1833 859 1904 λόγος
913 1830 1125 1908 διέρρει,
1180 1834 1246 1894 ὡς
1299 1832 1406 1905 ἄρα
1444 1827 1777 1894 Χαλδαῖκαῖς
1802 1850 1916 1885 τισι

304 1929 653 1997 μαγγανείαις
732 1926 856 1984 τοὺς
937 1923 1188 1994 ὁμιλητάς
1267 1921 1541 1997 ἐργάζοιτο
1626 1925 1913 1993 μνήμονας.

2037 584 2265 654 lingua,
2288 582 2544 639 ﬂumina
2567 587 2808 639 nectare
2821 586 3092 639 saturata
3112 580 3440 639 distillabat
3463 601 3477 651 ;
3500 597 3693 655 quare

2037 676 2341 745 praecepta
2376 671 2507 742 ejus
2542 670 2606 726 in
2642 671 2923 727 intimum
2961 670 3361 743 penetrabant
3414 671 3691 729 animum

2036 777 2233 834 neque
2262 760 2384 817 ulla
2410 759 2467 816 vi
2495 759 2789 817 eradicari
2822 758 3122 815 valebant.
3189 758 3472 817 Omnium
3526 760 3690 818 enim

2034 854 2290 918 mentes,
2320 865 2474 922 quas
2503 847 2776 905 doctrina
2804 864 2876 904 ac
2896 846 3215 920 disciplina
3234 863 3346 903 sua
3366 847 3689 921 adimples-

2035 942 2141 1007 set,
2194 937 2429 1010 philtris
2475 935 2838 1006 Chaldaicis,
2878 941 2946 994 ut
2990 937 3073 994 ita
3121 936 3343 1003 dicam,
3396 935 3691 995 imbuisse

2032 1027 2370 1085 videbatur.
2416 1028 2500 1081 Tu
2531 1025 2854 1083 Castellum
2904 1025 3258 1093 Gratiarum,
3290 1024 3555 1081 artiﬁciis
3586 1025 3690 1096 ju-

2034 1115 2241 1173 cundis
2281 1114 2612 1188 discipulos
2654 1114 2941 1186 docebas,
2987 1118 3045 1171 et
3084 1130 3232 1171 voce
3257 1118 3363 1170 tua
3410 1113 3690 1173 Sirenum

2030 1221 2243 1263 vocem
2272 1207 2595 1277 superante
2623 1219 2696 1260 eo
2716 1203 3045 1276 perduxisti
3073 1206 3139 1259 ut
3156 1219 3296 1277 qua;
3326 1201 3688 1261 anteafabu-

2029 1295 2146 1355 losa
2170 1293 2380 1350 habita
2405 1292 2661 1364 fuerant,
2689 1308 2852 1349 nunc
2878 1307 2988 1364 pro
3009 1292 3163 1350 veris
3206 1291 3516 1350 ducerent.
3540 1292 3689 1359 Quo-

2028 1389 2246 1443 !actum
2262 1388 2347 1440 est
2373 1387 2438 1439 ut
2465 1382 2809 1440 felicissima
2846 1383 2997 1440 alios
3027 1382 3376 1439 instituendi
3398 1381 3689 1439 methodo

2028 1473 2225 1533 multis
2254 1471 2446 1528 multa
2473 1470 3041 1528 communicaveris.
3083 1473 3214 1527 Non
3270 1469 3433 1527 enim
3460 1469 3687 1528 librum

2027 1562 2270 1635 aliquod
2298 1577 2441 1618 cum
2469 1560 2603 1616 aliis
2654 1560 2864 1631 legens
2903 1575 2976 1617 ea
3026 1575 3165 1632 quae
3202 1559 3548 1616 necessario
3597 1559 3689 1616 in-

2025 1650 2407 1724 terpretanda
2453 1653 2769 1717 venerunt,
2826 1648 3177 1723 explicuisti,
3227 1648 3418 1719 locos,
3474 1647 3527 1704 si
3577 1651 3687 1721 qui

2026 1744 2197 1797 erant
2246 1738 2522 1796 difﬁciles
2595 1739 3005 1807 dilucidando,
3069 1737 3177 1794 sed
3231 1736 3352 1795 alia
3422 1737 3688 1810 plurima

2025 1833 2233 1896 sponte
2301 1826 2701 1884 immiscendo
2738 1843 2878 1900 quas
2945 1826 3026 1884 ad
3087 1842 3219 1883 rem
3293 1825 3489 1883 facere
3516 1825 3682 1884 vide-

2022 1917 2266 1975 bantur.

302 2016 535 2085 Τοιούτῳ
602 2013 864 2087 φαρμάκῳ
922 2015 982 2064 τὸ
1046 2018 1250 2084 μνῆμον
1312 2011 1385 2073 εἰς
1453 2010 1616 2084 βάθος
1679 2016 1790 2071 τοῖς
1852 2009 2118 2080 μαθηταῖς
2178 2006 2540 2082 ἐνεχάραττες,
2568 2001 2610 2058 ὦ
2676 2009 2919 2080 Χαρίτων
2975 2005 3218 2059 ἀπασῶν.
3253 2003 3535 2080 ἀνάκτορον
3593 2008 3683 2076 σὺ,

296 2108 390 2156 καὶ
458 2102 681 2174 ’ἰύγγων
735 2105 826 2153 καὶ
883 2105 1136 2175 Σειρήνων
1189 2099 1563 2175 έπαγωγότερε,
1611 2103 1703 2152 καὶ
1748 2098 1940 2151 πείθων
1986 2099 2053 2149 τὰ
2107 2100 2274 2171 μέχρι
2329 2102 2426 2148 σοῦ
2484 2097 2830 2168 μυθευόμενα,
2872 2097 2940 2158 ὡς
2995 2093 3162 2153 ἀληθῆ
3223 2100 3316 2148 τοῦ
3372 2093 3556 2148 λοιποῦ
3596 2112 3686 2148 m-

303 2194 586 2246 στεύεσθοιι
622 2212 636 2224 ο
695 2192 871 2264 ὥσπερ
938 2194 1029 2242 καὶ
1093 2193 1150 2242 τὸ
1213 2190 1508 2263 πολυμαθὴς
1567 2195 1659 2242 καὶ
1717 2187 1916 2241 πολλῶν
1973 2184 2261 2258 ἐπιστῆμον
2325 2183 2642 2248 ἐναπετίθεις
2709 2188 2892 2257 σφίσιν
2954 2183 3006 2237 ἐν
3072 2187 3251 2258 χρόνῳ
3320 2182 3524 2259 βραχεῖ
3588 2179 3624 2236 δ
3631 2185 3687 2237 ιά

306 2289 408 2335 τῶν
462 2283 533 2341 ὡς
576 2279 827 2332 ἑκάστοτε
884 2279 1098 2352 ὁμιλιῶν
1149 2298 1245 2332 σου
1297 2288 1398 2332 τῶν
1470 2277 1909 2350 ἀποϐαπτομένων
1961 2275 2034 2338 εἰς
2074 2281 2250 2327 πᾶσαν
2315 2273 2532 2345 λογικὴν
2589 2269 2836 2346 μέθοδον.
2895 2272 2972 2325 Oti
3021 2271 3122 2348 γάρ
3190 2280 3287 2334 τῆς
3347 2279 3530 2347 χεροῖν
3597 2271 3686 2345 βί-

309 2368 434 2422 ϐλου
488 2373 648 2443 μόνης
698 2371 787 2421 τὸν
841 2376 961 2421 νοῦν
1017 2368 1371 2433 ἀνέπτυασσες
1412 2368 1462 2422 ἐν
1514 2375 1623 2430 ταῖς
1688 2369 1949 2441 ὁσημέραι
2011 2368 2478 2435 συναναγνώσεσιν,
2543 2365 2644 2416 εἴτε
2710 2362 2778 2416 τὰ
2841 2369 2935 2423 τῆς
2999 2361 3296 2437 ἑρμηνείας,
3356 2360 3401 2415 εἰ
3470 2363 3570 2415 ὑπό
3633 2380 3686 2414 τι

312 2458 622 2531 μελαίνοιτο,
702 2453 1048 2519 διελεύκαινες
1099 2479 1111 2491 ·
1190 2457 1317 2512 ἀλλά
1389 2478 1450 2531 γε
1523 2462 1614 2510 καὶ
1679 2465 1778 2510 τῶν
1853 2453 2018 2507 ἄλλων
2081 2452 2245 2506 πολλά
2311 2452 2601 2527 ξυνεφόρεις
2665 2454 3016 2526 παραμιγνὺς,
3084 2449 3179 2504 ούκ
3246 2450 3457 2526 έξώροις
3516 2470 3687 2526 παρα-

314 2544 544 2621 δρομαῖς
604 2555 701 2600 τῶν
762 2551 1111 2621 προκειμένων
1178 2547 1634 2621 φιλοτιμούμενος,
1718 2545 1865 2616 παρὰ
1932 2538 1991 2595 δὲ
2055 2550 2147 2603 τῆς
2214 2542 2426 2594 αὐτόθεν
2490 2543 2896 2616 προκυπτούσης
2964 2539 3199 2614 ἀφορμῆς
3267 2536 3552 2613 δεχόμενος
3624 2542 3684 2593 τὸ

314 2633 616 2708 ἐνδόσιμον,
656 2641 747 2688 καὶ
790 2640 887 2696 τήν
923 2635 1251 2709 παρέκϐασιν
1280 2638 1339 2691 ού
1366 2641 1511 2709 παρὰ
1541 2639 1702 2710 θύραν
1735 2636 1813 2705 (τὸ
1844 2639 1935 2685 τοῦ
1960 2631 2139 2703 λόγου)
2170 2633 2499 2703 ποιούμενος,
2543 2632 2613 2691 ὡς
2642 2628 2702 2682 ἂν
2728 2629 2773 2684 εἰ
2801 2633 2893 2683 καὶ
2923 2632 3311 2705 παραφανέντος
3340 2633 3538 2703 ὄνυχος
3570 2628 3688 2691 ὅλος

310 2726 437 2779 λέων
462 2727 599 2778 κατὰ
622 2730 717 2783 τήν
747 2729 1032 2798 παροιμίαν
1060 2722 1095 2778 δ
1101 2727 1150 2783 ιή
1157 2727 1379 2800 ρθρωτο.

384 2813 522 2869 Ἀλλ’
565 2813 662 2866 οὐκ
710 2812 931 2866 ἀκλαυτὶ
976 2819 1132 2866 ταυτὶ
1176 2810 1486 2886 διηγεῖσθαι
1531 2814 1639 2876 οἶός
1683 2815 1737 2864 τέ
1783 2810 1910 2883 εἰμι·

313 2906 505 2978 μικρὸν
546 2905 649 2977 γὰρ
696 2910 788 2954 τοῦ
825 2903 1027 2965 πάθους
1078 2902 1367 2974 ἀνανήψας,
1427 2903 1466 2954 ὦ
1521 2905 1789 2975 παρόντες,
1845 2899 1917 2963 εἰς

315 2992 628 3064 ὀλοφύρσεις
707 2989 964 3066 καταρῥέω
1038 2993 1213 3045 πάλιν.
1301 2999 1412 3045 Τῶν
1490 2994 1593 3067 γὰρ
1656 2989 1916 3063 ὁμιλητῶν

313 3078 516 3133 ἐκεινου
568 3081 655 3131 τόν
708 3079 887 3132 κύκλον
945 3078 1254 3155 ἀναπληρῶν
1321 3086 1412 3133 καὶ
1480 3081 1659 3153 αὐτὸς,
1726 3077 1917 3151 φιλοτι-

2097 2807 2235 2878 Sed,
2276 2823 2313 2864 ο
2344 2806 2509 2864 chari
2538 2806 2737 2872 amici,
2770 2805 2942 2863 siccis
2981 2807 3100 2864 hoc
3121 2806 3311 2864 oculis
3324 2805 3543 2864 referre
3562 2821 3688 2865 non

2023 2897 2218 2966 valeo,
2258 2902 2316 2953 et
2339 2896 2402 2951 in
2430 2895 2749 2968 pristinum
2791 2910 3112 2952 maerorem
3156 2911 3395 2969 semper
3425 2895 3684 2952 relabor.

2026 2987 2263 3045 Memini
2282 2986 2445 3043 enim
2476 2989 2705 3058 quanta
2727 2985 3010 3041 comitate
3030 2999 3144 3056 ego
3164 2985 3316 3059 ipse,
3337 2985 3445 3059 qui
3472 2985 3535 3041 in
3556 2984 3688 3057 ejus

2028 3074 2467 3148 discipulorum
2492 3089 2748 3129 numero
2796 3089 2984 3142 eram,
3007 3078 3293 3147 exceptus
3340 3073 3418 3131 ab
3462 3089 3535 3130 eo
3570 3072 3688 3143 fui,

305 3173 530 3243 μότερον
571 3166 1005 3242 ἐφιλοφρονούμην
1056 3171 1178 3243 παρ’
1228 3169 1391 3240 αύτῷ,
1430 3171 1649 3223 καὶὺπὸ
1693 3176 1916 3243 κρατῆρι

2030 3169 2093 3221 ut
2153 3162 2405 3236 plenum
2461 3161 2769 3235 sapientiae
2823 3161 3072 3219 calicem
3125 3162 3530 3220 exhaurirem.
3599 3165 3687 3220 Me

304 3264 500 3332 σοφίας
544 3257 749 3330 μείζονι
781 3278 795 3290 ·
836 3260 1003 3331 ταύτῃ
1052 3263 1144 3311 καὶ
1192 3260 1221 3317 ἡ
1278 3261 1456 3331 μνήμη
1506 3261 1703 3311 τούτων
1754 3276 1917 3331 προσ-

306 3352 585 3400 πίπτουσα
631 3350 839 3421 στρέφει
885 3366 987 3419 μου
1026 3352 1120 3406 τήν
1167 3345 1415 3423 καρδίαν,
1466 3353 1555 3401 καὶ
1598 3350 1657 3400 τὸ
1693 3345 1742 3400 ἐν
1786 3348 1913 3419 αὐτῇ

316 3435 689 3506 συμπιέζουσα
743 3430 878 3508 αἷμα
926 3434 998 3497 εἰς
1047 3431 1257 3509 δάκρυα
1298 3434 1724 3510 προσαναθλίϐει,
1783 3437 1920 3488 κατά

317 3522 582 3598 θρόμϐους
653 3524 878 3595 αἳματος
953 3523 1337 3597 συλλειϐόμενα.
1426 3524 1567 3583 Πλὴν
1650 3523 1919 3598 πειρατέον

309 3618 401 3666 καὶ
468 3608 623 3673 αὖθις
680 3610 969 3684 ἀναφέρειν,
1025 3618 1116 3666 καὶ
1167 3616 1236 3676 ὡς
1292 3613 1402 3676 ἆξον
1450 3612 1805 3685 ἀνακωχεύειν
1858 3615 1918 3666 τὸ

314 3697 568 3775 δάκρυον,
597 3701 680 3753 ἶνα
734 3706 807 3773 μὴ
852 3705 1006 3774 μόνον
1068 3701 1488 3775 ἀφοσιωσώμεθα
1541 3710 1615 3772 τῷ
1665 3698 1820 3775 ἀνδρὶ
1858 3706 1916 3755 τὸ

317 3788 769 3862 ἀπολοφύρασθαι,
829 3788 958 3843 ἀλλά
1023 3797 1112 3844 καί
1186 3812 1238 3843 τι
1317 3799 1419 3845 τῶν
1489 3790 1684 3843 ἐκείνου
1740 3789 1911 3842 καλῶν

316 3880 728 3951 θαυμασὼμεθα.
783 3884 899 3955 Χρὴ
954 3882 1057 3953 γὰρ
1116 3879 1384 3933 κάνταῦθα
1433 3885 1643 3953 μνήμην
1699 3876 1911 3932 δικαίου

2029 3251 2350 3310 miserum!
2385 3250 2822 3308 Praeteritorum
2858 3254 3205 3324 temporum
3242 3251 3689 3309 reminiscentia

2029 3357 2130 3402 cor
2149 3347 2408 3413 occupat
2431 3350 2485 3396 et
2508 3339 2812 3413 lacrymas
2831 3357 2973 3396 cum
2991 3341 3287 3411 sanguine
3308 3339 3685 3408 miscet.Sed,

2030 3432 2182 3488 Mitte
2221 3431 2560 3502 lacrymari,
2604 3428 2753 3485 mihi
2782 3428 2898 3503 ipsi
2935 3429 3094 3500 dico,
3135 3433 3201 3487 ut
3250 3430 3450 3487 virum
3479 3428 3687 3486 defun-

2028 3524 2188 3576 ctum
2219 3533 2341 3574 non
2374 3516 2694 3587 lugeamus
2732 3520 2988 3587 tantum,
3030 3517 3138 3574 sed
3177 3517 3596 3575 admirationis
3632 3515 3688 3574 ei

2027 3607 2297 3664 debitum
2313 3605 2581 3661 ofﬁcium
2612 3604 2691 3661 ob
2721 3604 2916 3662 claras
2947 3606 3078 3677 ejus
3110 3606 3354 3663 virtutes
3380 3605 3686 3679 persolva-

2027 3713 2186 3753 mus.
2204 3698 2229 3751 J
2240 3699 2509 3750 ustorum
2531 3693 2691 3749 enim
2715 3694 3009 3751 memoria
3028 3695 3270 3751 modica
3289 3694 3470 3752 laude
3490 3710 3686 3768 eaque

2026 3782 2282 3856 simplici
2293 3788 2351 3838 et
2365 3783 2472 3837 rite
2492 3781 3130 3848 limitata,honorauda
3146 3786 3483 3840 est.Musica
3493 3783 3682 3851 enim,

2023 3873 2278 3941 inluctu,
2303 3870 2636 3927 secundum
2654 3870 3372 3944 Sapientem,importuna
3394 3871 3681 3944 narratio,

308 3967 560 4039 γενέσθαι
586 3968 692 4040 μετ’
731 3968 998 4042 ἐγκωμίου
1027 3974 1240 4044 μετρίου
1266 3974 1356 4022 καὶ
1385 3965 1420 4022 δ
1426 3968 1792 4041 ιαπλεκομένον
1821 3974 1928 4030 τοῖς
1948 3965 2158 4019 πένθεσι
2192 3983 2203 3994 ·
2237 3965 2328 4013 καὶ
2355 3966 2510 4013 τοῦτο
2535 3958 2594 4011 ού
2624 3960 2756 4031 μετά
2782 3958 2985 4034 ῥυθμοῦ
3014 3959 3223 4033 κομψοῦ
3268 3980 3408 4024 τινος
3444 3961 3475 4020 ἢ
3506 3962 3683 4035 περιᾴ-

310 4053 500 4117 δοντος
518 4056 695 4132 ἔξωρα.
731 4064 979 4111 Μουσικα
1001 4060 1100 4132 γὰρ
1133 4058 1183 4111 ἐν
1213 4060 1403 4128 πένθει,
1428 4059 1564 4112 κατὰ
1586 4061 1673 4109 τὸν
1705 4060 1882 4129 σοφὸν,
1917 4052 2174 4125 διήγησις
2199 4050 2436 4123 ἄκαιρος.

378 4146 444 4199 Ὃ
495 4154 621 4216 γοῦν
663 4145 918 4218 ἐλέγομεν,
978 4150 1145 4220 μικρά
1201 4150 1290 4220 μὲν
1346 4148 1459 4221 ἅμα
1513 4147 1775 4200 τελεῖσθαι
1821 4151 1913 4199 καὶ

298 4236 509 4310 μεγάλα
571 4240 846 4308 μυστήρια
909 4240 1029 4299 τοὺς
1092 4238 1280 4299 αὐτοὺς
1326 4237 1420 4291 οὐκ
1478 4233 1539 4295 ἧν
1596 4254 1720 4289 ποτε
1775 4238 1913 4310 θεμι-

297 4329 413 4389 τόν,
444 4328 568 4378 οὔτε
614 4329 721 4397 μὴν
764 4328 1004 4399 χορεύειν
1050 4322 1342 4398 δᾳδουχεῖν
1385 4345 1439 4378 τε
1481 4330 1570 4378 καὶ
1615 4325 1912 4378 ἐποπτεύειν

297 4416 439 4467 κατά
490 4418 704 4467 ταυτὸν.
762 4413 985 4486 Ἀμαθες
1057 4417 1159 4488 γὰρ
1226 4419 1314 4466 καὶ
1375 4413 1625 4487 σφαλερὸν
1681 4411 1821 4467 οἶδεν
1878 4417 1907 4472 η

2091 4143 2222 4196 iam
2263 4136 2404 4194 alidi
2444 4136 2708 4193 diximus
2746 4140 2957 4195 contra
2992 4153 3275 4195 normam
3305 4154 3436 4197 esse
3463 4138 3684 4199 initiari

2022 4228 2102 4289 ad
2139 4242 2364 4297 magna
2397 4224 2576 4282 simul
2607 4229 2663 4282 et
2691 4240 2881 4298 parva
2917 4227 3245 4299 mysteria;
3267 4227 3399 4299 jam
3427 4228 3589 4285 enim
3617 4229 3683 4287 in

2021 4316 2343 4392 proverbio
2382 4319 2472 4371 est
2510 4314 2671 4372 stulti
2708 4331 2840 4371 esse
2875 4315 2940 4372 in
2975 4332 3123 4373 vase
3171 4317 3435 4390 pretioso
3490 4322 3682 4376 artem

2022 4407 2338 4478 ﬁgulinam
2362 4405 2587 4461 discere
2611 4404 2781 4463 velle.
2814 4405 2938 4463 Sub
2964 4405 3157 4479 ipsius
3173 4411 3376 4463 autem
3398 4408 3682 4480 auspiciis

300 4506 569 4575 παροιμίᾳ
625 4505 684 4553 τὸ
732 4498 780 4552 ἓν
837 4504 974 4573 πίθῳ
1032 4507 1128 4562 τήν
1194 4507 1469 4575 κεραμείαν
1532 4499 1910 4557 διδάσκεσθαι.

2030 4496 2131 4570 qui
2178 4499 2243 4552 ut
2279 4493 2560 4551 sacerdos
2599 4493 2861 4552 initiator
2899 4495 3209 4568 sapientiae
3261 4496 3550 4568 mysteria
3609 4513 3682 4554 ac

311 4590 446 4661 Παρ’
499 4588 674 4661 ἐκείνῳ
731 4586 783 4643 δ’
835 4591 958 4663 ὅμος
1014 4592 1393 4665 ἱεροφαντοῦντι
1444 4594 1509 4643 τά
1559 4591 1779 4662 λογικῶν
1832 4611 1912 4644 τε-

312 4685 462 4749 χνῶν
517 4680 668 4749 ὄργια
718 4678 830 4751 οἶμα
879 4681 946 4731 τὰ
1000 4686 1225 4733 Μουσων
1277 4681 1545 4737 πεπάτηκέ
1595 4699 1673 4740 τις
1718 4683 1917 4752 προπύ-

310 4765 464 4831 λαια,
511 4772 598 4818 καὶ
644 4776 981 4843 παραχρῆμα
1027 4773 1117 4820 καὶ
1172 4771 1240 4821 τὰ
1301 4776 1400 4821 τῶν
1447 4769 1743 4842 ἀνακτόρων
1790 4767 1917 4822 ἐπώ-

311 4872 500 4908 πτευεν
576 4851 771 4926 ἄδυτα,
849 4860 940 4909 καὶ
1006 4864 1100 4918 τῆς
1164 4854 1362 4917 τελετῆς
1427 4852 1578 4909 οὐδὲν
1644 4852 1729 4925 ἦν,
1794 4857 1915 4932 ὅπερ

311 4941 614 4996 ὑπελείπετο
667 4946 837 5002 πάντη
887 4951 996 5007 τοῖς
1051 4944 1330 5023 νεοτελέσιν
1399 4942 1693 5020 ἀνέκφορον.
1763 4943 1918 4997 Ἀλλά

304 5051 394 5094 τις
444 5039 543 5083 τῶν
594 5038 885 5104 φοιτώντων
939 5029 1175 5086 πυκτίδα
1235 5037 1518 5092 ποιητικήν
1576 5034 1676 5087 ὑπὸ
1747 5033 1916 5107 μα’λην

309 5124 500 5196 φέρων,
574 5117 742 5175 ἐδεῖτο
811 5126 1012 5196 μέτρων
1236 5127 1433 5195 νόμους
1498 5124 1767 5191 μυεῖσθαι,
1829 5126 1918 5176 καὶ

299 5210 543 5288 ῥυθμοὺς
610 5210 885 5284 ἁρμονίας,
941 5216 1032 5262 καὶ
1093 5218 1184 5267 τοῦ
1254 5208 1445 5283 ἐτύμου
1506 5218 1606 5263 τῶν
1657 5210 1919 5282 ὀνομάτων

300 5297 616 5363 ἀνάπτυξιν,
688 5298 1144 5371 ψυχαγωγεῖσθαί
1217 5318 1272 5352 τε
1341 5298 1573 5374 πράξεων
1639 5298 1920 5374 ἀρχαιολο-

299 5392 569 5461 γουμένων
642 5390 981 5461 μυθεύμασιν
1032 5404 1043 5415 ·
1103 5382 1195 5440 εἶθ’
1263 5389 1546 5460 ὑπέστρεφε
1608 5391 1801 5440 τούτων
1867 5406 1922 5440 τε

313 5476 494 5549 θεωρὸς
550 5475 757 5539 ἐντελής
810 5480 903 5528 καὶ
950 5469 1050 5528 τῶν
1107 5481 1510 5551 μυστικωτέρων
1564 5476 1622 5529 οὐ
1674 5480 1920 5549 παράπαν

308 5562 596 5629 ἀτέλεστος.
654 5563 805 5619 οὐδέ
856 5567 958 5640 γὰρ
1018 5561 1436 5627 διεσπουδάζετο
1485 5568 1534 5619 οἱ
1585 5569 1781 5620 τούτων
1826 5570 1921 5625 τήν

306 5659 478 5729 ἔφεσιν
537 5657 857 5720 ἀποπλῆσαί
900 5658 1056 5732 μόνον
1098 5662 1204 5718 τοῖς
1255 5656 1501 5732 μύσταις,
1543 5653 1673 5709 ἀλλά
1723 5674 1783 5728 γε
1833 5660 1923 5708 καὶ

2023 4584 2358 4643 rhetoricen
2395 4582 2671 4655 docebat,
2715 4582 2992 4656 discipuli
3030 4587 3333 4643 Musarum
3369 4584 3681 4658 propylaea

2024 4670 2534 4753 ingrediebantur,
2581 4672 2787 4744 palatii
2825 4673 3275 4731 sanctissimum
3314 4674 3683 4748 contempla-

2024 4764 2265 4829 bantur;
2298 4760 2464 4816 nulla
2486 4761 2647 4817 enim
2674 4762 2983 4834 provincia
2994 4764 3421 4837 mysteriorum
3436 4763 3684 4822 occlusa

2024 4855 2151 4911 erat
2178 4849 2521 4921 neophytis.
2543 4849 2731 4916 Quid?
2745 4850 2913 4923 quod
2927 4853 2977 4907 si
2990 4851 3427 4925 discipulorum
3457 4852 3681 4926 aliquis

2026 4938 2481 4996 versiﬁcationis
2512 4938 2867 5011 rhythmum
2907 4944 2964 4995 et
2990 4940 3379 4998 harmoniam
3409 4941 3680 4998 ediscere

2027 5027 2308 5103 cupiebat
2338 5033 2442 5084 aut
2456 5045 2674 5085 vocum
2693 5028 3149 5102 etymologiam,
3179 5029 3557 5086 Eustathium
3571 5030 3681 5087 ha-

2025 5118 2210 5175 bebat
2238 5116 2456 5181 ducem
2488 5117 2743 5190 peritum
2773 5118 2835 5174 in
2865 5118 3156 5174 docendis
3170 5117 3544 5190 antiquitatis
3560 5122 3681 5176 tra-

2026 5205 2356 5263 ditionibus
2413 5211 2470 5263 et
2526 5207 2587 5263 in
2644 5206 2813 5265 brevi
2868 5208 3159 5280 temporis
3220 5212 3528 5264 momento
3587 5224 3684 5267 so-

2026 5296 2320 5355 lutionem
2360 5296 2805 5369 problematum
2846 5296 3280 5371 desideratam
3346 5296 3680 5358 obtinebat.

2030 5386 2094 5442 Id
2125 5386 2286 5441 enim
2312 5385 2449 5443 fecit
2477 5390 2542 5443 ut
2579 5385 3055 5443 adolescentium
3077 5385 3289 5443 studiis
3320 5386 3582 5445 favendo
3604 5389 3687 5447 ad

2029 5491 2232 5533 rerum
2253 5475 2621 5532 multitudini
2638 5475 3014 5533 occultarum
3035 5477 3445 5548 cognitionem
3461 5478 3687 5549 januas

2030 5568 2343 5621 reseraret.
2387 5565 2874 5637 Quotusquisque
2912 5580 3037 5621 non
3081 5564 3257 5638 lacte,
3304 5565 3413 5623 sed
3460 5566 3687 5625 fortiori

2034 5652 2168 5727 cibo
2206 5656 2263 5710 et
2301 5652 2524 5724 ingenii
2563 5654 2906 5712 maturitate
2966 5659 3269 5714 saturatus
3303 5654 3445 5712 inde
3481 5654 3682 5712 rediit!
