4134 6382
516 376 628 435 343

518 591 615 648 tia
640 588 953 660 fastigium
971 603 1038 646 se
1053 593 1292 647 evectos
1310 589 1713 648 autumabant
1736 587 2181 662 atqueidoneos

518 678 603 738 ad
620 678 971 736 docendum
993 678 1143 737 alios
1159 678 1328 753 quod
1345 680 1463 754 ipsi
1482 679 1634 737 scire
1654 694 1718 735 se
1738 676 2056 752 putabant,
2074 677 2180 735 do.

516 783 630 826 nec
672 766 788 824 sub
828 767 1117 825 Eustathii
1163 768 1450 843 auspiciis
1498 770 1796 844 quantum
1833 767 2182 839 ignorarent

517 856 937 930 intelligerent.
976 856 1136 915 Multi
1174 858 1237 915 in
1277 858 1612 916 Gratiarum
1643 873 1709 914 se
1747 857 2035 930 mysteria
2069 855 2180 912 ini-

515 947 698 1005 tiatos
738 946 1087 1017 credebant,
1141 946 1335 1005 donec
1381 947 1515 1022 ipso
1561 949 1867 1017 monente,
1913 960 2181 1002 errorem

518 1050 701 1093 suum
725 1039 1178 1106 cognoscerent.
1195 1036 1475 1093 Pluresin
1488 1034 2177 1109 philosophiamaximo-

515 1123 995 1199 pereprofecisse
1008 1124 1728 1195 sibi,videbantur,donec
1756 1138 1885 1181 sese
1912 1140 2051 1181 cum
2077 1123 2179 1181 illo

516 1215 650 1272 viro
680 1213 898 1271 artium
911 1228 981 1270 ac
996 1213 1331 1271 litterarum
1349 1213 1718 1287 peritissimo
1737 1230 1799 1271 se
1817 1212 2178 1271 conferrent.

518 1303 705 1375 Igitur
733 1306 1063 1375 postquam
1093 1302 1519 1373 cognovissent
1548 1318 1613 1359 se
1632 1302 1716 1359 nil
1735 1303 1904 1369 scire,
1935 1303 2016 1360 ad
2043 1303 2182 1376 ipsa

517 1391 867 1450 rudimenta
892 1391 1087 1449 redire
1132 1407 1254 1449 non
1292 1391 1737 1450 erubescebant
1771 1395 1830 1450 et
1864 1391 1928 1448 in
1968 1392 2183 1465 optimi

516 1480 794 1551 magistri
861 1479 1071 1538 schola
1104 1481 1235 1553 jam
1275 1484 1447 1539 atate
1485 1481 1892 1555 provectiores
1931 1480 2183 1539 meliora

516 1569 735 1626 melius
766 1568 1101 1626 addiscere.
1139 1570 1435 1643 Equidem
1473 1570 1863 1628 alumnarum
1893 1571 2180 1627 omnibus

515 1658 685 1716 horis
707 1659 955 1715 domum
978 1659 1029 1731 ej
1039 1674 1110 1716 us
1130 1658 1642 1733 frequentantium
1656 1660 1904 1731 agmina
1919 1666 2184 1716 contem-

515 1747 577 1822 pl
585 1746 771 1813 ando,
782 1748 1025 1805 Homeri
1035 1748 1112 1805 de
1125 1762 1313 1821 apum
1326 1748 1712 1806 examinibus
1735 1749 2038 1823 loquentis
2062 1764 2187 1806 me-

1401 369 1775 431 MICHAELIS
1811 367 2197 430 ACOMINATI
2232 365 2669 427 ATHENARUM
2704 361 3022 434 ARCHIEP.

521 499 639 559 Sed
653 497 890 572 majora
911 499 1510 558 memoremus.Multi
1523 498 1773 574 quidem
1795 497 1876 556 ad
1895 497 2180 571 eloqueno
2206 506 2255 560 Α

3789 377 3907 434 344

2292 497 2361 551 τὰ
2405 502 2507 548 τῶν
2555 494 2732 567 μύθων
2783 493 3244 570 παραπετάσματα
3291 492 3565 571 διασχεῖν,
3624 501 3716 553 καὶ
3770 495 3905 554 δοῦ-

2289 604 2376 639 ναι
2429 584 2555 638 είσω
2605 590 2879 659 χωρῆσαι,
2932 588 3023 637 καί
3073 604 3125 638 τε
3180 593 3280 640 τῶν
3345 586 3555 650 πολλοῖς
3619 586 3905 663 ἁνεφικτων

2290 673 2612 729 ἐποπτεῦσαι
2676 674 2862 746 θέαμα.
2918 677 3085 728 Πόσοι
3148 680 3455 751 προσίοντες
3515 682 3696 737 νήπιοι
3755 677 3905 733 ἑλάν-

2291 765 2442 816 θανον
2518 761 2632 816 ἀντὶ
2681 761 2942 835 γάλακτος
2991 762 3348 840 στεῤῥοτέραις
3402 769 3726 842 μαθημάτων
3773 788 3902 843 τρο⁴

2291 859 2413 925 φαῖς
2463 847 2864 925 ἕξανδρούμενοι
2928 853 2997 906 τὰ
3051 852 3378 932 αἰσθητήρια
3428 864 3521 910 τοῦ
3585 864 3675 911 νοῦ
3739 856 3907 912 ἔπαν-

2289 943 2503 1003 ἠκοντες
2536 958 2551 972 ⁸
2597 945 2688 994 καὶ
2738 942 2870 1013 χθες
2922 944 3013 1016 μὲν
3054 950 3169 1006 ταῖς
3224 943 3482 1018 γλώτταις
3528 945 3908 1019 ὑποψελλίζον-

2289 1049 2394 1101 τες,
2458 1033 2694 1105 ἔντρανον
2753 1026 2814 1084 δε
2881 1035 2971 1084 καὶ
3027 1035 3177 1107 τορὸν
3239 1036 3577 1108 φθεγγόμενοι
3644 1040 3908 1110 σήμερον.

2289 1122 2434 1173 Εἴπω
2481 1122 2540 1173 τὸ
2587 1123 2918 1195 καινότερον·
2974 1124 3134 1175 πόσοι
3179 1127 3345 1198 μέχρι
3403 1127 3593 1179 τούτου
3648 1146 3909 1200 γραμμα-

2288 1211 2443 1268 τικήν
2493 1207 2826 1282 ἠκριϐῶσθαι
2888 1219 3139 1265 τοσοῦτον
3210 1216 3390 1285 ᾤοντο,
3458 1215 3525 1275 ὡς
3585 1213 3908 1288 ἐπαγγέλλε-

2293 1300 2419 1352 σθαι
2470 1303 2561 1353 καὶ
2614 1297 2790 1361 ἄλλοις
2845 1301 3198 1373 καθηγεῖσθαι
3244 1312 3343 1367 τῆς
3370 1306 3579 1377 τέχνης,
3605 1304 3694 1366 ἕως
3724 1304 3908 1378 ἐκείνῳ

2289 1392 2466 1442 κανόνι
2524 1393 2613 1443 καὶ
2653 1393 2777 1442 ποτὶ
2821 1392 3051 1464 σπάρτον
3102 1396 3232 1463 φασὶ
3282 1390 3425 1445 λίθον
3475 1395 3787 1468 παραθεῖναι
3839 1396 3911 1448 τὰ

2290 1476 2407 1531 καθ’
2453 1477 2669 1540 ἑαυτοὺς
2719 1480 2972 1550 ἔγνωσαν.
3022 1482 3187 1532 Πόσοι
3234 1485 3399 1555 μέχρι
3454 1485 3642 1536 τούτου
3687 1483 3911 1559 ῥήτορες

2289 1573 2404 1628 καῖς
2467 1561 2673 1642 χάρισί
2734 1569 2871 1621 θύειν
2947 1566 3208 1641 ἰνόμιζον,
3284 1571 3376 1633 ἕως
3441 1578 3541 1624 τῶν
3598 1572 3909 1627 Εὐσταθίου

2292 1661 2541 1730 Σειρήνων
2588 1658 2936 1731 ἠκροάσαντο.
2991 1663 3157 1712 Πόσοι
3207 1658 3514 1734 φιλοσοφίαν
3560 1666 3725 1736 μέχρι
3783 1666 3914 1716 τού-

2289 1765 2381 1799 του
2443 1745 2745 1820 πρεσϐεύειν
2807 1742 3043 1819 ἂδόκουν,
3105 1748 3197 1811 ἕως
3261 1751 3435 1822 ἑκεινῳ
3497 1759 3772 1824 τεχνοῦντι
3823 1758 3911 1806 τέ-

516 1836 688 1905 mini,
720 1851 986 1909 quarum
1008 1836 1090 1894 ad
1110 1836 1304 1894 instar
1320 1837 1626 1895 innumeri
1645 1837 1919 1895 omnium
1940 1840 2185 1895 atatum

2293 1855 2432 1909 χνας
2486 1840 2577 1889 καὶ
2640 1836 2816 1898 πάσας
2875 1835 3174 1910 ἐπιστήμας
3238 1836 3613 1912 ἕπιστημοῦντι
3676 1841 3916 1917 παρέϐα-

408 1981 423 1987 ,
516 1923 796 1981 homines
816 1924 949 1996 ejus
967 1924 1258 1982 audiendi
1278 1940 1465 1983 causa
1484 1925 1754 1999 quotidie
1775 1928 2186 1983 convenerunt

527 2013 609 2070 ad
637 2028 780 2070 eum
808 2012 916 2086 qui
943 2013 1178 2070 virtutis
1206 2029 1489 2072 normam
1502 2018 1560 2072 et
1578 2013 1820 2086 regulas
1841 2028 1967 2071 non
1995 2014 2183 2073 verbo

520 2101 966 2174 tantummodo,
1002 2102 1109 2158 sed
1133 2102 1383 2176 proprio
1422 2103 1700 2178 exemplo
1754 2102 1901 2161 dare
1949 2109 2180 2176 posset.

2288 1924 2396 1978 λον’
2437 1928 2508 1979 Τὸ
2551 1920 2602 1978 δ’
2656 1924 2880 1979 ἐντεῦθεν
2941 1930 3145 1999 γνόντες
3192 1926 3431 2000 ἑαυτούς,
3493 1928 3698 1983 κάκεῖνο
3763 1940 3918 2006 πρῶ-

2288 2033 2376 2068 τον
2432 2014 2598 2076 καλῶς
2650 2015 2983 2088 σοφιζόμενοι
3033 2019 3093 2069 τό
3161 2021 3281 2090 περὶ
3339 2017 3553 2089 ἑαυτῶν,
3622 2021 3691 2080 ὡς
3752 2016 3916 2074 οὐδὲν

2291 2101 2528 2173 εὶδότων,
2588 2101 2778 2159 εἰδέναι
2838 2113 3038 2178 σαφῶς,
3100 2109 3161 2160 τὸ
3228 2104 3359 2161 εἶναι
3422 2115 3516 2161 τοῦ
3581 2110 3787 2162 οἴεσθαι
3845 2114 3914 2165 τὸ

518 2190 699 2245 λοιπὸν
764 2189 1191 2249 ἁντηλλάττοντο.
1257 2194 1432 2266 Ταύτῃ
1498 2211 1582 2246 τοι
1644 2196 1736 2247 καὶ
1803 2196 2134 2267 στρεφόμενοι
2196 2196 2287 2246 καὶ
2344 2196 2415 2257 ὡς
2469 2189 2659 2255 παῖδες
2724 2192 3034 2270 ἁρτιμαθεῖς
3091 2199 3372 2269 γινόμενοι,
3424 2197 3664 2269 ἠγάπων,
3718 2199 3748 2259 ἣ
3812 2206 3912 2252 νῦν

518 2288 647 2354 γοῦν
731 2279 1017 2355 ἀρχόμενοι
1096 2280 1222 2355 παρ’

1306 2280 1482 2354 ἐκείνῳ
1558 2279 2011 2356 μεταδιδάσκοντι
2088 2284 2488 2357 μαθητεύοιντο,
2569 2286 2660 2335 καὶ
2724 2290 2924 2357 γηρῷεν
3003 2286 3368 2356 μανθάνοντες.
3439 2291 3567 2340 Ὅτε
3625 2292 3717 2341 καὶ
3776 2291 3911 2352 τοὺς

522 2368 602 2423 ἀεὶ
662 2378 1094 2446 προσφοιτῶντας
1152 2375 1243 2424 καὶ
1308 2369 1693 2444 ἀποφοιτῶντας
1760 2372 2026 2444 θεώμενος,
2086 2379 2179 2433 τῆς
2243 2371 2537 2445 Ὁμηρικῆς
2606 2369 3068 2446 ἀνεμιμνησκόμην
3131 2372 3343 2436 εἰκόνος·
3411 2373 3499 2436 Ὠς
3561 2377 3666 2450 γὰρ
3711 2379 3917 2450 πέτρης

520 2458 578 2512 ἐκ
659 2458 927 2536 γλαφυρῆς
995 2460 1113 2520 ἓθνη
1197 2459 1459 2533 μελισσῶν
1535 2461 1743 2529 ἔξεισιν,
1815 2459 1951 2514 οὕτω
2012 2465 2102 2513 καὶ
2165 2468 2239 2533 τῷ
2304 2461 2602 2515 Εὐσταθίου
2668 2459 2953 2534 μελισσῶνι
3015 2466 3377 2538 προσίπταντο
3447 2468 3539 2517 καὶ
3607 2463 3911 2538 ἀφίπταντο

522 2543 787 2623 βοτρυδόν
835 2550 1095 2623 ὁσημέραι
1136 2549 1416 2623 φιλολόγων
1473 2555 1647 2623 σμήνη
1694 2555 1879 2625 μυρία,
1920 2554 2011 2604 καὶ
2059 2553 2104 2603 εἷ
2126 2569 2260 2613 τινες
2285 2549 2453 2613 ἄλλως
2484 2549 2671 2624 ἀρετῆς
2701 2570 2753 2603 τι
2782 2558 3167 2623 μετεποιοῦντο,
3198 2556 3289 2605 καὶ
3328 2553 3671 2627 ῥυθμίσοντος
3709 2574 3912 2631 προσε-

522 2634 721 2693 δέοντο.
752 2642 927 2712 Νόμος
955 2641 1057 2713 γὰρ
1089 2635 1151 2699 ἦν
1181 2638 1424 2713 ἔμψυχος
1456 2638 1656 2714 ἀρετῆς,
1690 2645 1781 2694 καὶ
1808 2645 2033 2714 μεγίστη
2064 2643 2189 2715 πρὸς
2210 2638 2397 2715 ἀρετήν
2421 2638 2775 2715 παράκλησις,
2808 2640 2867 2693 ού
2893 2644 3045 2712 μόνον
3068 2643 3431 2715 φθεγγόμενος,
3458 2640 3584 2696 ἀλλὰ
3622 2647 3709 2697 καὶ
3743 2648 3909 2718 μόνον

524 2724 860 2801 βλεπόμενος.

601 2817 645 2871 Ο
676 2816 933 2886 vultum,
965 2832 1002 2873 ο
1045 2820 1339 2894 staturam
1358 2818 1559 2889 magis
1604 2818 1969 2875 veerandam
1987 2833 2177 2891 quam

517 2902 777 2972 Periclis,
803 2919 992 2977 quam
1016 2906 1589 2979 Xenocratis,utpote
1619 2922 1755 2980 qua
1777 2922 2011 2962 morum
2034 2906 2179 2962 inte.

515 2992 793 3063 gritatem
822 2993 1022 3066 primo
1051 2994 1271 3051 intuitu
1296 2995 1619 3052 revelabat!
1645 2997 1688 3052 Ο
1712 3010 2022 3051 sermones
2035 3010 2179 3051 acu-

515 3086 610 3138 tos
652 3082 835 3138 simul
873 3086 930 3139 et
990 3087 1299 3153 venustos,
1342 3084 1568 3141 facetiis
1604 3101 1675 3142 ac
1713 3084 1891 3155 nugis
1954 3084 2181 3157 pariter

516 3169 748 3227 alienos
774 3187 846 3228 ac
871 3187 907 3228 ιι
935 3187 1132 3241 rigore
1162 3177 1220 3230 et
1239 3173 1455 3230 duritie
1491 3173 1838 3244 verborum,
1888 3173 2013 3230 imo
2056 3172 2180 3230 sale
2211 3196 2251 3252 ρ

515 3258 741 3327 divino,
770 3263 838 3315 ut
869 3260 1193 3332 Apostolus
1241 3262 1596 3333 prascribit,
1658 3261 1944 3319 suffusos!
2000 3264 2179 3319 Totos

520 3360 668 3402 sane
706 3347 834 3403 dies
866 3363 1007 3404 eum
1039 3349 1269 3420 audire,
1310 3351 1388 3407 ab
1429 3366 1501 3408 eo
1539 3350 1773 3408 discere
1806 3350 2080 3422 juvabat,
2123 3354 2183 3407 et

516 3435 728 3508 patria
757 3436 968 3510 ipsius,
997 3441 1064 3494 ut
1087 3438 1169 3494 illi
1198 3440 1363 3513 apud
1392 3441 1798 3515 Lotophagos,
1838 3439 2060 3497 oblitus
2092 3455 2184 3496 es-

519 3539 636 3580 ses.
668 3527 810 3591 Qua
838 3526 1062 3596 ingenii
1078 3527 1260 3595 acies,
1291 3544 1429 3602 qua
1454 3530 1516 3586 in
1535 3528 1822 3586 omnibus
1840 3529 2022 3585 rebus
2039 3544 2182 3601 pru-

525 3612 753 3682 dentia,
786 3630 924 3688 qua
947 3618 1289 3674 constantia
1332 3619 1521 3675 animi
1559 3619 1624 3675 in
1664 3617 2179 3690 rebusadversis,

518 3716 657 3774 qua
682 3704 1003 3761 strenuitas
1030 3705 1091 3762 in
1125 3706 1396 3779 agendo!
1429 3707 1634 3774 Qualis
1664 3707 1801 3764 fons
1838 3706 2074 3764 virtutis
2127 3710 2185 3764 et

523 3791 833 3864 sapientia
862 3792 923 3848 in
965 3794 1145 3851 unius
1181 3800 1373 3853 morte
1405 3796 1697 3854 exstincta
1732 3796 1821 3854 est
1849 3796 2022 3868 cujus
2054 3811 2181 3852 me-

519 3882 715 3940 moria
745 3897 814 3938 ac
838 3881 1205 3941 desiderium
1232 3885 1508 3943 omnium
1532 3886 1742 3944 oculos
1779 3885 2067 3957 lacrymis
2091 3901 2185 3942 re-

519 3971 661 4044 plet!
710 3970 850 4036 Quis
880 3971 1027 4028 mihi
1066 3973 1358 4044 linguam,
1399 3976 1536 4048 quis
1584 3976 1865 4032 virtutem
1896 3974 2187 4031 Eustathii

521 4060 693 4117 dabit
721 4065 786 4115 ut
814 4076 955 4115 eum
977 4076 1088 4133 pro
1110 4062 1402 4133 dignitate
1419 4063 1790 4121 collaudem?
1817 4065 1939 4120 sine
1962 4062 2186 4137 quibus

521 4148 794 4206 laudatio
818 4164 958 4205 mea
976 4150 1343 4222 vituperium
1370 4167 1499 4208 esse
1526 4153 1675 4209 mihi
1693 4153 1951 4209 videtur.

2365 2815 2434 2870 Ὠ
2488 2822 2777 2893 προσώπου
2839 2818 3068 2891 σεμνοῦέ
3115 2818 3154 2870 ὦ
3216 2819 3553 2895 εὐσχήμονος
3619 2825 3906 2894 σχήματος

2291 2910 2383 2959 καὶ
2470 2906 2779 2981 Περικλέους
2860 2912 2952 2960 καὶ
3042 2910 3389 2982 Ξενοκράτους
3468 2907 3907 2987 αἱδεσιμὼτερον,

2290 2999 2431 3068 μόνῳ
2503 3003 2575 3067 τῷ
2647 2998 2920 3068 φαίνεσθαι
2992 2993 3403 3070 σωφρονίζοντος
3459 3002 3578 3061 τοὺς
3644 3001 3908 3075 ὁρῶντας,

2293 3088 2423 3160 πρὸς
2471 3089 2567 3144 τήν
2610 3084 2730 3157 ὄψιν
2782 3082 3257 3159 μεταϐαλλομένους
3319 3091 3482 3147 αύτήν
3547 3093 3638 3142 καὶ
3702 3109 3906 3145 τυπου-

2290 3178 2475 3248 μένους
2524 3173 2574 3238 ἐς
2625 3176 2765 3233 ἠθῶν
2819 3174 3218 3249 ἕπεκόσμησινι
3276 3176 3346 3229 Ὢ
3402 3175 3675 3242 διαλέξεων
3707 3178 3905 3233 ἀποϐα-

2289 3267 2554 3336 πτομένων
2606 3266 2697 3336 μὲν
2741 3265 2809 3324 εἰς
2860 3271 3000 3334 νοῦν,
3037 3261 3403 3329 παντοδαπαῖς
3462 3263 3521 3320 δε
3568 3267 3898 3341 σταζομένων

2290 3352 2553 3427 χάρισινῐ
2605 3352 2673 3405 Ὠ
2718 3352 2882 3424 λόγων
2930 3352 3156 3421 ἐκεινων,
3187 3359 3320 3426 μήτε
3351 3354 3687 3429 βωμολόχοις
3718 3355 3906 3430 εὐτρα-

2290 3441 2495 3504 πελίαις
2566 3440 2940 3513 γελοιαζόντων
3004 3449 3405 3519 σκηνικάπερον,
3467 3449 3600 3517 μήτε
3652 3442 3908 3509 ἀηδιζόν-

2293 3548 2393 3581 των
2455 3534 2843 3604 στρυφνότητος
2909 3529 3308 3603 ὀμφακιζούσης
3367 3531 3654 3606 βαρύτητι,
3710 3535 3906 3588 ὑποσέ-

2293 3638 2403 3691 μνῳ
2483 3616 2544 3672 δὲ
2617 3623 2940 3693 κεκραμένων
3023 3619 3357 3695 ἀστειοσύνη,
3444 3626 3535 3675 καὶ
3607 3624 3740 3675 κατὰ
3802 3626 3905 3682 τήν

2295 3707 2648 3768 αποστολικήν
2731 3709 3003 3767 ὑποθήκην
3079 3711 3197 3782 θείῳ
3260 3715 3670 3785 παρηρτυμένων
3726 3710 3906 3766 ἆλατυ

2295 3798 2365 3859 ὡς
2412 3801 2500 3851 τόν
2555 3795 2876 3871 ἀκροώμενον
2922 3794 3247 3873 διημερεύειν
3305 3798 3561 3873 ἁσμένως,
3618 3808 3721 3853 τῶν
3767 3804 3911 3855 οἶκοι

2293 3886 2431 3937 κατά
2492 3888 2614 3947 τοὺς
2661 3884 3090 3958 λωτοφαγοῦντας
3141 3885 3464 3960 λαθόμενονέ
3516 3887 3584 3940 Ὠ
3624 3893 3911 3965 σωφροσύ-

2294 3994 2389 4037 νης
2415 3973 2613 4046 ἄκραςι
2662 3974 2701 4025 ὢ
2746 3979 3043 4049 φρονήσεως
3080 3974 3346 4048 ἐντεχνοῦς
3377 3976 3389 4031 !
3438 3977 3477 4028 ὣ
3509 3976 3692 4049 ψυχῆς
3722 3976 3773 4030 ἔν
3799 3986 3913 4041 τοῖς

2297 4059 2491 4125 δεινοις
2541 4061 2818 4138 ἀτρέπτου,
2880 4068 2970 4116 καὶ
3029 4062 3348 4137 βεϐαιούσης
3405 4070 3498 4124 τήν
3556 4065 3745 4126 κλῆσιν
3799 4076 3913 4131 τοῖς

2287 4151 2625 4226 πράγμασινέ
2668 4150 2830 4215 Ὀσος
2889 4149 3077 4226 ἁρετης
3130 4153 3374 4223 πλοῦτος,
3425 4156 3546 4207 ὅσον
3600 4162 3757 4228 χῦμα
3815 4176 3911 4210 σο-

525 4243 647 4312 φίας
678 4238 749 4290 ἑνὶ
776 4237 1164 4298 τετελευτηκότι
1194 4236 1349 4313 ἀνδρὶ
1376 4241 1779 4317 συναπέῤῥευσε,
1812 4245 2023 4314 μνήμην
2052 4239 2436 4295 κατελελοιπότι
2462 4245 2623 4315 μόνην
2644 4242 2791 4313 ἡμῖν,
2823 4244 2914 4292 καὶ
2943 4245 3002 4293 τό
3038 4240 3123 4295 ἔπι
3151 4250 3214 4316 τῇ
3248 4248 3425 4317 μνήμῃ
3453 4246 3629 4317 θαῦμα
3653 4249 3743 4297 καὶ
3770 4241 3806 4297 δ
3809 4247 3906 4298 άκ-

520 4347 645 4400 ρυον
670 4326 682 4381 ι
724 4331 811 4388 Τίς
839 4328 901 4379 ἄν
928 4345 1019 4399 μοι
1052 4325 1173 4386 δοίη
1205 4328 1438 4399 γλῶτταν
1470 4331 1788 4393 Εύσταθίου,
1812 4336 1902 4384 καὶ
1931 4336 2027 4389 τήν
2059 4329 2242 4406 ἀρετήν
2265 4335 2356 4384 καὶ
2382 4330 2613 4404 γλῶτταν
2644 4329 2941 4383 Εὐσταθίου
2969 4332 3311 4407 θαυμάσομαι
3339 4333 3462 4387 ὅσον
3484 4330 3629 4397 ἀξιον
3653 4350 3668 4400 ;
3698 4332 3781 4394 Ὠς
3807 4342 3907 4386 νῦν

521 4435 583 4490 γε
603 4419 723 4477 τούς
755 4414 996 4479 ἆπαίνους
1024 4419 1242 4480 τούτους
1272 4421 1369 4471 ἶσα
1398 4425 1488 4472 καὶ
1509 4419 1710 4492 ψόγους
1739 4418 2084 4495 αἰσχύνομαι.

596 4503 939 4561 Eustathius
958 4506 1086 4561 vita
1107 4505 1506 4579 integerrima
1538 4509 1815 4583 exemplo
1852 4514 1909 4567 et
1947 4526 2188 4568 summa

524 4592 820 4651 sermonis
834 4593 986 4650 inter
1001 4610 1213 4652 omnes
1229 4597 1626 4669 prafulgebat
1640 4614 1920 4671 ;magnus
1944 4600 2105 4657 enim
2124 4600 2187 4658 in

523 4686 781 4755 utroque
795 4683 1009 4752 tuit;ad
1021 4699 1202 4758 quem
1224 4690 1555 4762 comparati
1581 4705 1694 4745 nos
1722 4690 1941 4747 umbra
1954 4706 2189 4750 sumus.

526 4770 667 4837 Quis
681 4770 833 4827 alius
846 4774 1238 4845 praterillum
1254 4775 1653 4852 philosophia
1670 4795 1740 4837 ac
1759 4779 2070 4851 theologia
2087 4795 2191 4836 an-

526 4859 690 4918 tistes
723 4876 900 4933 aquo
927 4861 1155 4921 lumine
1186 4863 1392 4923 fulsit?
1440 4867 1717 4926 Israelitis
1746 4869 1887 4927 olim
1902 4872 2057 4926 Deus
2082 4883 2191 4943 per

525 4949 687 5007 diem
718 4949 782 5006 in
802 4949 1086 5010 columna
1110 4953 1310 5023 nubis,
1347 4960 1402 5014 et
1424 4972 1532 5030 per
1550 4966 1789 5015 noctem
1819 4958 1880 5016 in
1907 4958 2191 5016 columna

525 5039 684 5111 ignis
707 5038 869 5097 viam
900 5042 1178 5099 ostendit:
1214 5046 1554 5103 Eustathius
1585 5062 1709 5105 non
1735 5048 1920 5106 altero
1943 5062 2191 5104 munere

529 5128 918 5200 fungebatur,
938 5146 1060 5203 qua
1081 5135 1659 5209 oratorignivomus,
1686 5154 1809 5211 qua
1829 5138 1956 5195 dux
1992 5138 2053 5193 in
2103 5152 2190 5193 se-

528 5216 944 5290 mitavirtutis,
960 5219 1084 5276 imo
1096 5220 1235 5278 hinc
1246 5235 1446 5282 orator
1467 5226 1801 5284 altisonans
1822 5225 1965 5284 inde
1992 5241 2189 5282 sacer-

529 5304 642 5361 dos
654 5319 843 5377 purus
854 5310 912 5364 et
931 5306 1218 5382 eloquens
1231 5314 1517 5372 omnibus
1529 5316 1867 5374 errantibus
1884 5319 1949 5372 ut
1962 5314 2190 5387 pharus

529 5391 690 5449 viam
704 5398 1224 5466 praemonstrabat:
1248 5404 1480 5476 quoties
1516 5404 1677 5462 enim
1706 5420 1817 5478 pro
1832 5417 2036 5460 rerum
2059 5417 2192 5474 gra-

529 5482 710 5539 vitate
733 5482 920 5541 verba
942 5485 1219 5547 facienda
1248 5498 1437 5565 erant,
1450 5509 1569 5567 qua
1593 5493 1651 5550 vi
1671 5491 2045 5551 audientium
2066 5490 2190 5549 ani-

531 5584 667 5627 mos
703 5572 1006 5643 movebat,
1042 5576 1423 5639 adversarios
1457 5582 1624 5656 ipsos
1662 5580 2078 5650 convincebat,
2106 5582 2190 5639 ita

531 5658 857 5734 antiquitas
931 5667 1056 5727 tota
1108 5666 1211 5728 vix
1265 5670 1476 5730 similis
1526 5671 1781 5731 oratoris
1840 5668 2188 5748 exemplum

2368 4511 2526 4583 Ἀνήρ
2579 4510 2681 4583 γὰρ
2741 4507 2927 4572 ἐκεῖνος
2976 4514 3151 4583 μόνος,
3179 4513 3249 4573 ὡς
3304 4514 3485 4577 ἔοικεν,
3542 4508 3909 4587 ἀπαράμιλλον

2296 4598 2470 4660 ἄλλοις
2527 4594 2835 4662 ἀπεδείξατο
2885 4598 3024 4672 βίον,
3076 4604 3167 4653 καὶ
3221 4598 3324 4674 βίῳ
3363 4600 3595 4673 γλῶτταν
3642 4599 3913 4674 ἁνθάμιλ-

2295 4687 2402 4757 λον,
2434 4691 2525 4740 καὶ
2563 4688 2671 4749 οἷός
2714 4706 2798 4740 τοι
2840 4689 2956 4742 κατ’
3004 4686 3266 4763 ἀμφότερα
3305 4694 3551 4743 πίπνυτο’
3584 4691 3633 4743 οἱ
3663 4686 3722 4744 δὲ
3755 4696 3914 4746 σκιαὶ

2298 4775 2570 4850 ἆίσσομεν.
2616 4775 2819 4849 Ἀμέλει
2874 4782 2964 4831 καὶ
3032 4779 3102 4839 ὡς
3158 4779 3313 4852 ἄμφω
3369 4780 3500 4852 φάεα
3557 4778 3711 4848 καλὰ,
3778 4777 3911 4853 βίου

2296 4870 2388 4920 καὶ
2445 4865 2623 4939 λόγου,
2683 4866 3113 4941 προϐεϐλημένος,
3172 4870 3240 4931 ὡς
3299 4866 3382 4921 ἐπὶ
3433 4873 3696 4942 περιωπήν
3752 4864 3912 4922 δυοῖν

2295 4954 2578 5028 λυχνίαιν,
2661 4963 2973 5029 σοφιστικοῦ
3045 4960 3137 5011 καὶ
3219 4955 3593 5031 ἀρχιερατικοῦ
3676 4958 3863 5033 θρόνου
3893 5002 3911 5029 ,

2297 5045 2666 5120 μετεωρίζεται
2708 5063 2722 5077 ’
2776 5052 2849 5116 τῷ
2913 5048 3003 5119 μεν
3062 5042 3352 5117 ἔνιδρυθεὶς
3406 5065 3578 5122 μικρῳ
3630 5050 3910 5121 πρότερον,

2298 5143 2372 5206 τῷ
2418 5131 2470 5187 δ’
2516 5137 2755 5209 ὕστερον.
2807 5138 2909 5189 Καὶ
2950 5143 3042 5189 τοῦ
3089 5134 3317 5189 παλαιοῦ
3371 5138 3463 5209 μὶν
3512 5135 3727 5209 Ἰσραὴλ
3786 5134 3912 5209 ἐρη-

2298 5223 2552 5297 μάζοντος
2597 5225 2799 5298 ἡμέρας
2846 5227 3023 5296 ήγεῖτο
3083 5224 3265 5287 στῦλος
3318 5225 3541 5298 νεφέλης,
3594 5227 3778 5287 νυκτός
3843 5222 3913 5280 δὲ

2301 5312 2482 5376 στῦλος
2524 5314 2727 5388 πυρός’
2779 5313 3072 5378 Εὐστάθιος
3110 5310 3170 5367 δὲ
3216 5314 3311 5367 ούκ
3361 5312 3457 5367 ἁνά
3503 5318 3652 5390 μέρος
3698 5315 3907 5387 ἠγεῖτο,

2295 5411 2367 5463 πῆ
2418 5405 2510 5476 μεν
2568 5404 2634 5464 ὡς
2677 5402 2852 5479 ῥήτωρ
2905 5408 3205 5481 περίπνονς,
3254 5410 3327 5463 πῆ
3386 5399 3511 5468 δ’ὡς
3569 5412 3906 5477 πνευματικῷ

2298 5490 2403 5565 βίῳ
2476 5490 2795 5568 προλάμπων
2849 5491 3164 5566 (πνεύματος
3200 5492 3300 5568 γὰρ
3357 5492 3534 5566 νεφέλη
3592 5490 3900 5566 σύμϐολον).

2297 5579 2438 5633 Ἀλλ’
2486 5581 2570 5634 ὅτε
2629 5581 2920 5659 ῥητορικῶς
2975 5585 3056 5649 (τό
3115 5588 3209 5636 τοῦ
3272 5580 3453 5654 λόγου)
3522 5577 3597 5636 δι’
3670 5580 3905 5655 ἅρματος

2296 5671 2587 5748 ἤστραπτε,
2634 5673 2726 5726 καὶ
2766 5678 3131 5745 πνευματικῶς
3182 5669 3585 5749 προσεπέλαμπε
3607 5685 3623 5703 ο
3673 5673 3764 5727 καὶ
3814 5670 3905 5726 ὅτε
