4134 6388
294 391 406 452 343

1370 383 1692 445 MONODIA
1726 383 1799 443 IN
1834 382 2276 445 EUSTATHIUM
2310 387 2643 448 THESSAL.

3576 400 3680 456 346

304 513 596 590 ὃιηύγαζιν
642 513 1055 589 ἀρχιερατικῶς,
1111 513 1202 567 καὶ
1238 494 1531 590 ῥητορικῶς
1585 507 1915 586 διεπύρσευε,

2033 510 2243 570 offerre
2273 515 2481 586 possit.
2517 515 2626 582 Qui
2652 514 2757 572 ubi
2787 529 2999 589 regum
3026 518 3313 593 praeclare
3348 520 3532 593 facta,
3577 526 3685 582 aut

308 612 412 663 καὶ
475 613 572 660 τῶν
650 606 769 659 κατ’
850 606 1120 680 άμφότερα
1194 602 1533 677 πλανωμένων
1615 602 1917 674 ἡγεμόνευεν

312 696 688 774 ἀμφοτέρωθεν·
748 693 837 759 Ὠς
874 696 980 770 γάρ
1027 697 1128 771 πρὸ
1187 700 1283 747 τοῦ
1339 690 1728 766 ἑπαγγὲλματος
1778 689 1918 764 eury—

313 792 457 840 τείτο
507 788 599 843 τήν
649 786 1054 860 πομπικωτέραν
1102 790 1202 836 τῶν
1264 781 1426 855 λόγων
1475 776 1746 851 ἐπίδειξιν,
1808 785 1921 842 πῶς

312 876 379 930 ἄν
436 877 646 948 εἴποιμι,
724 873 868 936 ὅσοις
933 877 1024 927 καὶ
1081 874 1209 935 οἵοις
1261 871 1534 948 ἐχειροῦτο
1588 873 1648 925 τὸ
1709 871 1919 948 θέατρον

309 967 557 1034 πάθεσιν,
600 963 896 1023 ἐκπλήττων
944 962 1055 1037 ἅμα
1099 966 1189 1016 καὶ
1238 961 1423 1035 θέλγῶν
1479 964 1571 1014 καὶ
1621 960 1921 1035 συμπείθων

310 1058 428 1118 τοῖς
466 1054 583 1107 καθ’
613 1052 812 1122 ἑαυτὸν,
857 1056 929 1116 ὡς
956 1049 1081 1106 ούδᾶ
1122 1054 1189 1106 τά
1232 1058 1334 1106 τῶν
1360 1049 1597 1105 παλαιῶύ
1641 1049 1746 1124 ἄρα
1789 1049 1921 1101 θαύ-

309 1164 461 1219 ματα
520 1142 764 1208 καθάπαξ
827 1145 1121 1216 μεμύθευτο
1173 1159 1188 1210 ;
1244 1139 1398 1196 Αειδε
1459 1143 1550 1214 μεν
1622 1136 1725 1212 γάρ
1799 1137 1924 1191 κλέα

303 1232 576 1307 βασιλέων
664 1232 1056 1306 μεγαλουργῶν,
1122 1235 1214 1286 καὶ
1300 1230 1594 1307 ὑψιθρόνων
1665 1230 1922 1303 πατριάρ-

301 1330 442 1396 χῶν·
508 1323 581 1375 τὰ
626 1318 680 1376 δ’
734 1320 969 1398 ἔπέρῥεον
1022 1324 1167 1376 ἔθνεα
1217 1328 1478 1394 σοφιστῶν
1533 1323 1624 1373 καὶ
1665 1323 1921 1374 παντοίων

306 1412 494 1487 ἑτέρων
591 1410 885 1484 ἀκροατῶν,
972 1413 1042 1474 ὡς
1135 1412 1238 1464 ύπὸ
1319 1411 1624 1486 κρουμάτων
1695 1408 1921 1482 Ὀρφέως

310 1500 580 1573 ἑλκόμενα.
629 1499 934 1564 Ἐξέπληττε
991 1497 1045 1553 δ’
1117 1506 1184 1553 αῦ
1242 1501 1552 1575 ἀπράκτων
1599 1503 1690 1552 καὶ
1758 1497 1920 1573 βρον-

298 1598 407 1643 τῶν
438 1591 565 1664 ὑπὲρ
629 1592 721 1643 τόν
779 1589 1121 1662 ξυγκυκῶντα
1159 1592 1285 1643 ποτε
1335 1593 1430 1648 τήν
1476 1585 1702 1642 Ἐλλάδα
1746 1584 1922 1662 δημη-

292 1683 459 1756 γορίᾳ
536 1678 816 1752 Περικλῆν,
899 1681 973 1740 οἷς
1067 1681 1377 1755 ὑπερεφώνει
1475 1682 1563 1738 τὴν
1644 1679 1920 1752 ύπερτονον

296 1770 669 1842 Δημοσθένους
704 1773 825 1841 ὴχώ
880 1773 973 1822 καὶ
1023 1770 1110 1822 τὸν
1161 1768 1430 1843 ύψήγορον
1457 1768 1633 1842 ῥοῖζον
1681 1766 1921 1841 Ηολέμω-

297 1876 407 1923 νος,
461 1856 552 1911 καὶ
587 1858 663 1919 οἷς
704 1853 862 1910 οὐδέν
905 1876 960 1910 τι
1020 1865 1120 1911 τῶν
1174 1857 1356 1910 κοινῶν
1421 1860 1661 1929 ἠνείχετο
1722 1860 1794 1929 μη
1862 1859 1921 1908 οὐ

300 1954 498 2011 καινῶς
550 1946 765 2023 φραζειν
813 1949 871 2001 ὶκ
913 1953 1010 2009 τῆς
1055 1954 1149 2000 τοῦ
1203 1946 1414 2023 φράζειν
1460 1945 1654 2007 πολλῆς
1707 1965 1923 2021 περιου-

302 2041 426 2100 σίας
481 2041 573 2090 καὶ
638 2042 1021 2112 καινοπρεποῦς
1078 2039 1323 2109 ἀφθονὶας
1381 2040 1474 2089 καὶ
1534 2039 1921 2110 περιττότητος,

302 2131 404 2184 οὐκ
464 2125 729 2181 ἀλλόκοτα
802 2129 1210 2201 όνοματοθετῶν,
1297 2126 1329 2186 ἢ
1414 2126 1708 2203 μεταφίρὼν
1765 2127 1925 2180 άνασε

309 2236 564 2291 συρμενα,
625 2216 657 2276 ἣ
714 2217 1068 2291 παφλάσμάσι
1124 2214 1462 2291 διθυράμϐων
1532 2216 1923 2290 ἰκτραχυνόμε-

308 2326 416 2373 νος,
469 2310 502 2367 ἦ
592 2311 992 2382 παρακρημνοις
1047 2305 1548 2381 ἑκτραχηλίζόμενος
1600 2303 1916 2380 δριμυτησι.

310 2395 495 2451 Ταῦτα
546 2398 652 2471 γὰρ
703 2404 804 2449 τῶν
843 2395 1137 2455 τηνικαῦτα
1188 2401 1538 2471 παρανομίαις
1587 2404 1680 2458 τῆς
1731 2399 1927 2469 τέχνης

322 2504 604 2559 χρωμενων
656 2485 1086 2559 πλημμελήματα
1140 2487 1190 2538 οἳ
1224 2492 1314 2539 τοῦ
1363 2488 1453 2559 μὲν
1502 2485 1723 2548 ἀληθοῦς
1759 2485 1926 2558 ὕψους

316 2582 423 2628 τῶν
470 2574 633 2647 λόγων
680 2578 777 2629 οὐκ
834 2574 1206 2648 ἐφικνούμενοι,
1268 2578 1353 2628 επὶ
1403 2578 1491 2628 τόν
1537 2576 1783 2628 ὑπόκενον
1833 2579 1924 2628 καὶ

314 2659 708 2735 πομφολυγώδη
800 2659 1227 2736 κενεμϐατοῦντες
1326 2666 1478 2735 ὄγκον
1586 2663 1924 2718 κατέπιπτον.

312 2752 431 2807 εἶτα
480 2756 573 2811 τὴν
621 2754 945 2825 ἡνιοχοῦσαν
994 2752 1089 2805 οὐκ
1134 2751 1342 2825 ἔχοντες
1389 2751 1705 2824 ἐπιστήμην,
1755 2751 1926 2825 α’λογι-

315 2861 456 2903 στως
500 2844 714 2913 ἧγοντό,
744 2861 799 2896 τε
839 2846 932 2894 καὶ
980 2841 1233 2914 ἐφέροντο,
1287 2842 1411 2894 κειν’
1458 2843 1591 2912 ὄχεα
1617 2840 1732 2895 καθ’
1757 2841 1899 2915 Ὀμη

319 2949 409 3004 ρον
457 2933 771 3001 κροτέοντες.
819 2936 880 2985 Εἰ
933 2927 993 2984 δὲ
1048 2936 1138 2984 καὶ
1176 2930 1393 2993 κάλλους
1443 2928 1534 2985 τοῦ
1584 2936 1700 3007 περὶ
1743 2931 1929 3004 λόγους

320 3015 614 3091 ἐρασθείεν,
671 3025 762 3070 τοῦ
818 3022 907 3092 μὲν
966 3019 1127 3088 ὄντος,
1194 3023 1260 3082 ὡς
1315 3022 1340 3073 ό
1396 3020 1561 3084 Ἰξίῶν
1617 3028 1710 3083 τῆς
1763 3019 1929 3097 Ἤρας

316 3112 414 3160 καὶ
496 3114 591 3167 τῆς
669 3107 969 3172 Πηνελόπης
1033 3110 1084 3162 οἱ
1147 3118 1456 3184 φνηστῆρες,
1522 3109 1925 3183 άπεσφάλλοντο·

2026 601 2349 660 illustrium
2368 605 2850 678 patriarcharum
2871 608 3127 679 gloriam
3146 609 3512 682 celebrabat,
3546 629 3679 671 om-

2025 691 2120 748 nis
2143 693 2374 762 generis
2395 694 2648 754 studiosi
2668 697 2847 773 quasi
2868 698 3126 774 Orphica
3140 699 3271 775 lyra
3295 700 3488 761 allecti
3508 703 3681 762 undi-

2026 796 2143 855 que
2172 781 2558 842 conﬂuebant
2583 784 2661 844 ad
2690 802 2850 856 eum,
2880 788 3052 861 cujus
3072 788 3135 847 in
3163 788 3338 847 labiis
3360 793 3586 848 tonitru
3610 807 3682 851 ac

2027 867 2255 930 fulmen
2275 868 2415 945 plus
2440 888 2628 951 quam
2650 874 2713 931 in
2739 874 2932 948 ipsius
2954 875 3195 934 Periclis
3216 878 3541 949 residebat,
3577 881 3683 954 qui

2028 959 2447 1019 Demosthenis
2461 962 2583 1021 vim
2604 967 2662 1022 et
2681 963 3020 1023 Polemonis
3044 967 3487 1025 vehementiam
3511 984 3683 1044 aeque
3751 1010 3759 1019 .

2030 1049 2386 1123 superabat;
2424 1053 2530 1126 qui
2557 1053 2821 1127 antiquis
2850 1055 3181 1113 novitatem
3210 1056 3357 1114 dare
3387 1057 3681 1128 callebat;

2030 1139 2135 1212 qui
2156 1155 2536 1214 quaecunque
2557 1141 2798 1200 dicebat
2830 1144 3016 1201 decus
3063 1146 3484 1203 conservando
3524 1162 3684 1204 novo

2029 1227 2233 1302 aliquo
2257 1229 2443 1287 modo
2471 1247 2543 1288 ac
2568 1231 2766 1289 colore
2796 1232 3153 1292 eﬂ'ormabat
3176 1234 3686 1310 obingeniiparti-

2030 1316 2249 1375 cularis
2271 1318 2731 1387 abundantiam,
2747 1338 2920 1395 aeque
2936 1322 3167 1381 alienus
3184 1324 3262 1380 ab
3284 1326 3686 1383 ostentatione

2029 1422 2100 1463 ac
2123 1407 2359 1475 duritie,
2381 1408 2537 1466 vitiis
2561 1425 2698 1484 quin
2726 1410 3055 1483 peculiaria
3085 1415 3224 1469 sunt
3248 1412 3321 1468 iis
3344 1413 3451 1486 qui
3471 1430 3682 1474 veram

2029 1497 2315 1553 orationis
2353 1497 2778 1556 sublimitatem
2813 1500 3104 1572 attingere
3133 1516 3259 1559 non
3295 1501 3564 1559 valentes
3603 1504 3685 1562 ad

2029 1585 2331 1659 ampullas
2352 1586 2744 1659 descendunt,
2771 1594 2827 1647 et
2844 1588 3058 1647 laxatis
3081 1589 3359 1662 habenis,
3392 1591 3681 1649 omnibus

2029 1674 2344 1743 fastidiosi,
2375 1677 2650 1734 curribus
2687 1678 2802 1735 illis
2833 1678 3118 1736 inanibus
3161 1680 3328 1753 apud
3354 1683 3682 1743 Homerum

2030 1763 2253 1820 similes
2266 1769 2498 1823 tantum
2511 1767 2822 1840 crepitant.
2839 1771 2910 1825 Ut
2922 1768 3082 1824 enim
3097 1769 3392 1825 sermonis
3403 1773 3685 1827 venusta-

1953 1870 1992 1925 Β
2029 1857 2149 1911 tem
2173 1869 2269 1911 am
2278 1858 2446 1912 entet
2463 1856 2671 1926 magni
2694 1856 2938 1927 faciant,
2956 1857 3319 1930 peculiarem
3336 1862 3537 1914 tamen
3550 1859 3683 1931 ejus

2034 1957 2304 1999 amorem
2318 1958 2443 1999 non
2465 1944 2660 2015 magis
2681 1960 2870 2017 quam
2889 1945 3059 2002 Ixion
3078 1947 3379 2002 lunonem
3404 1950 3509 2002 aut
3530 1948 3685 2004 Pene

2029 2031 2233 2104 lopem
2261 2032 2428 2105 proci
2459 2033 2759 2104 attingunt
2789 2050 2938 2103 ;nec
2969 2034 3175 2092 vident
3202 2051 3262 2092 se
3293 2050 3331 2093 a
3360 2035 3685 2093 simulacro

2032 2119 2237 2194 aliquo
2266 2121 2362 2178 vel
2406 2121 2686 2180 lenocinii
2731 2123 2964 2180 artibus
3013 2123 3298 2197 deceptos
3327 2139 3476 2181 esse.
3502 2127 3687 2182 Fuere

2032 2211 2213 2268 etiam
2241 2211 2347 2284 qui
2366 2211 2630 2270 tironum
2650 2228 2817 2272 more
2835 2213 3134 2272 inusitatis
3153 2213 3353 2271 verbis
3389 2230 3461 2272 ac
3494 2214 3686 2288 tropis

2030 2303 2359 2368 uterentur,
2387 2315 2497 2357 nec
2518 2306 2720 2358 tamen
2747 2301 2918 2376 quod
2942 2302 3254 2360 tentabant
3278 2317 3391 2359 nec
3424 2303 3487 2359 in
3517 2302 3686 2375 poesi

2032 2403 2145 2445 nec
2190 2403 2373 2462 prosa
2408 2389 2678 2447 oratione
2716 2390 2795 2446 ab
2832 2390 2905 2447 iis
2949 2395 3225 2462 tractata,
3270 2391 3376 2448 ubi
3411 2406 3687 2466 pannum

2031 2478 2251 2537 vilibus
2298 2480 2651 2552 corporibus
2697 2495 3073 2555 purpureum
3117 2481 3466 2549 assuebant,
3499 2496 3605 2538 nec
3623 2481 3688 2537 in

2033 2568 2329 2627 rhetorica
2365 2569 2771 2627 obtinuerunt.
2824 2573 2891 2626 In
2916 2571 3030 2627 hac
3075 2571 3236 2627 enim
3278 2569 3541 2643 proprias
3583 2569 3687 2627 vili

2034 2659 2242 2717 forma
2290 2666 2522 2717 vestem
2575 2675 2700 2716 non
2748 2659 3135 2718 vernaculam
3170 2659 3687 2735 circumimpone-

2036 2742 2190 2805 bant
2225 2748 2400 2820 (sicut
2445 2749 2780 2806 Alexander
2825 2749 3260 2823 paludamento
3303 2748 3688 2806 Macedonico

2034 2843 2264 2895 vestem
2302 2839 2598 2894 Persicam
2644 2838 3187 2910 superimposuisse
3222 2836 3450 2908 fertur),
3494 2837 3687 2894 donec

2036 2928 2380 2984 Eustathius
2412 2927 2638 2984 fortiter
2669 2927 2903 2983 orando
2950 2927 3091 2983 artis
3128 2927 3403 2983 oratoriae
3434 2926 3686 2999 sospita-

2036 3021 2130 3074 tor
2171 3018 2407 3087 exstitit,
2447 3032 2584 3090 quae
2633 3020 2759 3073 tum
2809 3015 3076 3073 maxime
3113 3016 3175 3072 in
3215 3032 3287 3073 eo
3333 3020 3478 3083 erat,
3514 3019 3579 3072 ut
3613 3030 3689 3070 ex

2037 3106 2254 3162 artium
2281 3106 2465 3163 choro
2493 3105 2807 3175 deleretur,
2840 3119 2976 3178 quia
3005 3105 3321 3179 hucusque
3344 3103 3488 3161 artis
3517 3103 3686 3177 prin-

310 3191 531 3250 εἴδωλον
598 3191 661 3249 δέ
712 3216 765 3249 τι
833 3197 1110 3271 ἀνεμώλιον
1174 3199 1203 3258 ἦ
1275 3195 1664 3271 θεραπαινίδιον
1706 3206 1924 3273 πορνικῇ

2038 3196 2195 3269 cipia
2218 3194 2495 3253 docendo
2516 3198 2574 3252 et
2591 3194 2670 3251 ad
2689 3195 3125 3267 exemplarium
3143 3195 3530 3268 antiquorum
3552 3192 3687 3250 imi-

306 3293 624 3358 κομμωτικῇ
730 3282 1167 3360 διεσκευασμένον
1266 3296 1539 3362 πειρῶντες
1660 3288 1928 3342 ἐλάνθανον

315 3373 551 3435 ἑαυτούς.
598 3374 801 3451 Ὠσπερ
850 3380 962 3445 καὶ,
1036 3378 1119 3430 ὅτε
1175 3375 1477 3451 βουληθεῖεν
1543 3376 1928 3442 ἐξαλλάττοντες

320 3463 521 3517 ἀλλοῖοί
566 3484 699 3527 τινες
746 3469 1041 3539 φαίνεσθαι,
1091 3467 1185 3520 τοῦ
1231 3471 1321 3541 μεν
1366 3472 1667 3544 καινοτέρου
1709 3471 1926 3544 τρόπου,

316 3557 411 3606 καὶ
454 3557 577 3606 ὅσον
628 3556 659 3612 ἦ
708 3563 904 3628 σχῆμα
947 3553 1071 3628 γοῦν
1109 3557 1138 3617 ἦ
1191 3558 1354 3630 ὄνομα
1399 3556 1454 3610 ἔκ
1490 3565 1583 3611 τοῦ
1620 3558 1928 3632 καθωμιληι

316 3646 473 3714 μένου
521 3642 597 3705 εἰς
650 3647 711 3696 τό
768 3643 1099 3720 ἀθικτότερον
1167 3649 1655 3721 μεθαρμόσασθαι,·
1684 3644 1821 3710 εἶδες
1867 3647 1928 3700 ἂν

320 3735 445 3793 τοὺς
499 3729 699 3809 ἄνδρας
755 3731 870 3788 οὐδ’
929 3735 1082 3809 ἐγγὺς
1128 3738 1512 3805 ἧκοντας,’ίτῆς
1562 3746 1821 3800 ποητικῆς
1869 3734 1929 3792 δὲ

326 3824 481 3893 μόνον
533 3827 623 3882 τὴν
678 3829 1008 3898 τραχυτέραν
1068 3830 1455 3901 συμφορούντας
1513 3828 1760 3900 άμαξαις,
1856 3835 1928 3880 τῶ

325 3908 689 3981 καταλογάδην
786 3918 876 3966 καὶ
949 3914 1257 3989 πεζαιτέρῳ,
1326 3935 1416 3968 και
1489 3914 1593 3969 οἷον
1669 3915 1929 3989 ἐπίϐλημα

324 3999 595 4075 πορφύρας
677 4004 895 4076 φαύγοις
980 4002 1379 4079 ἐπιρῥίπτοντας
1451 4006 1660 4079 ῥάκεσί,
1737 4006 1926 4079 μᾶλλον

324 4083 387 4141 δὲ
450 4096 541 4149 τῆς
606 4087 797 4151 ἑθάὸος
862 4096 952 4144 καὶ
1006 4090 1249 4154 Ἕλληνος
1325 4094 1628 4168 ῥητορικῆς,
1709 4095 1976 4168 ἓκφυλόν”

314 4196 438 4229 τινα
497 4184 692 4238 σκευὴν
735 4186 1287 4255 μεταμπισχόμενους,
1331 4181 1415 4235 ἐπὶ
1451 4191 1524 4255 τῷ
1578 4192 1718 4257 σφῶν
1757 4187 1926 4238 αὐτῶν

312 4267 412 4319 ούκ
465 4269 786 4340 εὐσχήμονι,
841 4271 910 4333 ὡς
971 4275 1061 4323 καὶ
1116 4274 1206 4330 τὴν
1263 4275 1524 4346 Περσικὴν
1573 4277 1779 4345 στοχὴν
1834 4280 1927 4337 τῆς

314 4354 694 4420 Μακεδονικῆς
744 4379 873 4432 φασι
931 4356 1355 4433 μετενδύσασθαι
1414 4364 1502 4414 τόν
1562 4359 1922 4436 Ἀγέξανδροψ

315 4450 414 4512 ἕως
461 4450 488 4501 ὁ
526 4447 687 4510 πολύς
732 4454 826 4508 τὴν
871 4449 1105 4522 γλῶτταν
1152 4451 1446 4516 Εύστάθιος
1496 4454 1803 4527 προστάτης
1839 4456 1926 4506 καὶ

327 4542 505 4613 σωτὴρ
569 4536 787 4611 ἀνεφάνη
854 4547 945 4601 τῆς
1018 4544 1207 4613 τέχνης
1277 4537 1709 4611 κινδυνευούσης,
1785 4544 1924 4616 εἴπερ

328 4630 461 4679 ποτε
484 4628 792 4700 τηνικαῦτα,
825 4632 962 4682 κατὰ
1023 4634 1117 4689 τὴν
1168 4630 1500 4691 Πλατωνικὴν
1558 4627 1809 4691 διαϐολὴν
1835 4638 1925 4686 τοῦ

331 4724 503 4789 χοροῦ
525 4726 623 4771 τῶν
663 4727 862 4792 τεχνῶν
893 4715 1302 4795 διαγράφεσθαι,
1354 4724 1444 4773 καὶ
1481 4717 1623 4793 μηδὲ
1659 4720 1926 4775 πολιτικοῦ

330 4827 469 4869 τινος
520 4808 793 4864 καλεῖσθαι
851 4815 1038 4886 μορίου
1095 4806 1330 4866 εἴδωλον.
1389 4810 1465 4863 Ού
1518 4809 1621 4884 γὰρ
1678 4815 1926 4886 πρότερον

331 4896 517 4957 ἀνῆκεν
572 4897 889 4975 ἐπιστρέφων
944 4904 1035 4953 καὶ
1089 4898 1522 4975 μεταρῥυθμίζων
1592 4902 1767 4972 (τοῦτο
1832 4903 1924 4975 μεν

327 4985 411 5053 οἷς
452 4989 769 5063 εθεμίστευεν
820 4992 923 5043 ἀπὸ
956 4996 1211 5061 τεχνικῶν
1254 4987 1465 5054 ἀξόνων·
1531 4996 1683 5044 τοῦτο
1728 4987 1807 5058 δὲ,
1850 4989 1929 5056 οἷς

2038 3287 2328 3344 tationem
2366 3284 2744 3343 exhortando
2787 3301 2890 3342 eos
2926 3285 3033 3358 qui
3082 3285 3408 3342 rhetorices
3448 3284 3687 3356 regulas

2035 3376 2449 3450 imprudenter
2466 3374 2868 3447 neglexerant,
2890 3375 2966 3432 ad
2988 3390 3217 3432 novum
3236 3375 3405 3433 brevi
3421 3378 3689 3447 tempore

2038 3466 2265 3522 cultum
2302 3465 2539 3521 reduxit
2579 3464 2710 3536 ejus
2753 3465 2893 3521 artis
2930 3481 3056 3538 qua
3094 3464 3430 3536 majoribus
3468 3462 3689 3520 nostris

2035 3556 2178 3613 nihil
2216 3555 2519 3628 antiquius
2558 3559 2703 3611 erat.
2746 3554 3055 3626 Ejusmodi
3093 3554 3274 3625 igitur
3312 3552 3593 3625 discipuli
3639 3550 3689 3607 si

2036 3645 2313 3719 proprias
2378 3644 2865 3701 declamationes
2897 3659 3036 3699 cum
3103 3642 3391 3700 Eustathii
3448 3640 3690 3715 scriptis

2037 3736 2478 3807 compararent,
2508 3748 2633 3789 non
2661 3731 2864 3789 videre
2887 3732 3222 3805 nequibant
3248 3732 3555 3803 ingentem
3595 3731 3689 3787 di-

2038 3825 2321 3881 stantiam
2341 3822 2538 3896 qualis
2562 3825 2652 3878 est
2682 3837 2857 3894 aqute
2889 3821 3224 3892 stagnantis
3255 3835 3294 3877 a
3315 3819 3556 3877 Pactolo
3584 3819 3689 3892 qui

2030 3913 2302 3985 jucundo
2328 3926 2467 3967 cum
2496 3911 2745 3983 strepitu
2782 3926 2813 3966 e
2843 3925 3083 3966 summo
3115 3909 3339 3965 Libano
3370 3907 3686 3976 delabitur,

2035 4008 2102 4060 ut
2124 4019 2264 4058 cum
2292 4001 2609 4060 Salomone
2632 4000 2956 4073 loquamur
2984 4000 2999 4035 ¹
3037 4016 3051 4068 ;
3085 3998 3168 4055 ita
3216 3997 3562 4071 quicunque
3593 3995 3686 4052 elo

2035 4091 2345 4165 quentiam
2400 4090 2662 4147 auctoris
2712 4088 2900 4146 nostri
2960 4087 3349 4161 sophisticam
3413 4091 3686 4156 censent,

2034 4181 2227 4254 iniqui
2254 4180 2648 4238 aestimatores
2679 4178 2830 4236 mihi
2857 4178 3104 4251 quidem
3136 4179 3327 4234 erunt.
3359 4179 3490 4232 Non
3519 4176 3683 4232 enim

2036 4272 2190 4329 sicut
2206 4269 2556 4329 Macedones
2574 4269 2636 4325 in
2654 4268 2878 4341 Pyrrho
2894 4267 3134 4341 Epirota
3148 4265 3557 4323 Alexandrum
3574 4263 3688 4320 sibi

2035 4362 2338 4419 redditum
2380 4359 2706 4417 credebant
2745 4362 2991 4432 propter
3036 4356 3395 4415 celeritatem
3451 4356 3512 4412 in
3561 4370 3682 4428 pu-

2039 4451 2286 4523 gnando
2325 4456 2381 4507 et
2407 4449 2797 4507 stremitatem
2824 4463 3106 4516 morum;
3140 4447 3225 4504 sic
3253 4446 3333 4503 ab
3380 4443 3687 4503 Eustathio

1956 4574 2001 4628 D
2036 4540 2240 4614 imago
2268 4539 2516 4596 illustris
2556 4538 2811 4609 alicujus
2855 4536 3106 4594 oratoris
3157 4535 3237 4628 ob
3253 4534 3471 4628 oculos
3501 4546 3688 4628 pone-

2036 4631 2215 4688 batur
2238 4628 2612 4687 audientium
2640 4648 2656 4696 ;
2679 4629 2802 4685 imo
2830 4642 2952 4684 una
2976 4625 3267 4684 Eustathii
3286 4625 3488 4698 ﬁgura
3514 4624 3690 4698 quid-

2038 4720 2182 4794 quid
2208 4718 2736 4793 praaclarissimum
2755 4720 2843 4774 est
2865 4732 2937 4774 ac
2956 4720 3172 4790 typum
3198 4714 3528 4772 venustatis
3559 4729 3692 4771 ora~

2037 4811 2203 4870 torius
2249 4808 2625 4883 praeferebat,
2680 4812 2745 4864 ut
2798 4805 3010 4864 artifex
3052 4804 3269 4878 aliquis
3321 4820 3360 4861 a
3412 4802 3690 4877 pluribus

2036 4900 2278 4959 feminis
2307 4897 2476 4973 quod
2498 4913 2755 4971 quaeque
2783 4895 2984 4953 eximii
3031 4893 3345 4962 offerebat,
3384 4890 3685 4949 sumendo

2036 4992 2331 5064 picturam
2378 4987 2633 5046 confecit
2673 4985 2957 5043 omnibus
3002 4983 3271 5042 numeris
3320 4982 3690 5040 absolutam.

319 5077 737 5153 ἕπιστημονικῶς
811 5079 1094 5144 ἐξεπονεῖτο
1185 5081 1316 5154 πρὸς
1387 5081 1453 5133 τά
1534 5087 1632 5142 τῆς
1712 5080 1901 5153 τέχνης
1975 5080 2291 5161 ἀρχέτυπα),
2361 5077 2456 5140 ἓως
2516 5082 2637 5139 τοῦς
2694 5074 2855 5136 οὕτως
2941 5072 3150 5133 ἀτόπως
3218 5069 3680 5143 ἕκτετοπίσμένους

319 5171 602 5244 συμφύλων
664 5175 833 5245 νόμων
898 5170 1185 5245 ῥητορικῆς
1257 5169 1527 5242 ἐπανάγων
1599 5172 1735 5223 κατά
1798 5171 2008 5247 βραχὺ,
2072 5174 2203 5247 πρὸς
2265 5170 2332 5221 τά
2387 5174 2488 5229 τῆς
2558 5169 2752 5238 τέχνης
2818 5163 3062 5217 τελευτῶν
3126 5165 3394 5247 κατήγαγε
3457 5162 3684 5237 πάτρια,

307 5260 441 5316 ’Λτε
494 5265 588 5314 καὶ
636 5257 779 5314 οὗτοι
824 5266 1087 5321 ποιοῦντες
1146 5265 1201 5312 εῦ
1261 5257 1678 5330 ἀνεκαλύπτοντο,
1736 5265 1970 5336 παρόσον
2024 5263 2093 5315 τά
2148 5261 2238 5333 μεν
2292 5254 2406 5309 κατ’
2461 5255 2650 5316 αὐτούς
2703 5252 2759 5305 ἐκ
2795 5252 3135 5328 παραθέσεως
3200 5246 3566 5312 ἐξουδενοῦντο
3625 5252 3693 5313 ὡς

300 5348 455 5426 ὕδωρ
487 5351 601 5411 εἰκῆ
637 5347 1094 5423 διαπορευόμενον,
1138 5350 1208 5402 τά
1237 5344 1289 5402 δ’
1330 5348 1623 5403 Εὐσταθίου
1663 5350 2172 5426 ύπερεθαυμάξοντο,
2223 5349 2295 5409 ὡς
2331 5344 2562 5419 ἀτεχνῶς
2591 5342 2802 5395 ἐοικότα
2844 5345 3072 5417 χρυσίου
3117 5347 3337 5413 ποταμῷ
3383 5339 3555 5416 ῥὲοντι
3601 5344 3694 5394 καὶ

307 5443 579 5520 ῥοιζοῦντι
623 5437 679 5495 δ’
705 5469 782 5485 —-
813 5439 876 5492 οἷν
902 5440 1085 5492 εἴποιεν
1130 5468 1200 5481 —
1234 5437 1327 5492 ἀτὸ
1362 5445 1456 5493 τοῦ
1508 5425 1923 5494 Λιϐάνουγκατά
1950 5443 2010 5494 τό
2055 5437 2422 5511 Σολομώντειον
2466 5427 2636 5507 ᾇσαα,
2692 5430 2809 5486 ὅσοι
2855 5433 2915 5483 τὸ
2963 5430 3168 5506 ῥεῖθρον
3213 5437 3312 5482 τῶν
3357 5435 3451 5483 τοῦ
3502 5425 3694 5520 ἀνδρός

314 5535 474 5607 λόγων
536 5534 610 5597 ὡς
696 5530 770 5593 εἰς
839 5532 1017 5602 πηγήν
1081 5526 1368 5606 ἀρχέγονον
1444 5530 1532 5583 τὸν
1607 5527 1795 5584 ἐκεῖθεν
1874 5528 2242 5603 ἐπωνυμοῦντα
2325 5529 2415 5580 καὶ
2498 5525 2682 5599 ῥέοντα
2761 5522 3040 5595 σοφιστὴν,
3126 5522 3492 5595 ἠναφέρουσιν,
3595 5519 3692 5573 ούκ

381 5680 398 5719 ¹
428 5682 607 5744 Cant.
638 5693 722 5749 ιν,
765 5676 860 5734 15.
