4134 6408
471 361 578 418 347
1327 351 1697 412 MlCHAELIS
1734 350 2113 406 ACOMINATI
2147 346 2594 407 ATHENARUM
2630 349 2960 407 ARCHIEP.
3713 356 3832 410 348

475 483 698 560 ἀκριϐῶς
734 491 882 557 οἶμαι
911 483 1329 559 φυλοκρινούντες
1376 483 1464 532 τόν
1507 474 1678 550 ἄνδρα
1705 481 1795 528 καὶ
1835 469 2337 534 διακωδωνίζοντες.
2393 477 2470 525 Οὐ
2499 476 2624 548 γὰρ,
2674 477 2848 549 ὥσπερ
2901 477 2952 528 οἱ
3001 471 3298 538 Μακεδόνες
3341 479 3391 529 ἓν
3432 483 3508 548 τῷ
3535 477 3835 553 Ἠπειρώτῃ

474 573 661 648 Πύρρῳ
690 577 972 647 μαχομένῳ
1026 572 1233 646 βλέπειν
1281 571 1438 642 ᾤοντο
1478 567 1597 638 ὄψιν
1644 570 1734 618 καὶ
1776 566 1946 635 τάχος
1999 559 2340 635 Ἀλεξάνδρου
2406 567 2495 615 καὶ
2547 567 2742 636 κίνημα
2789 569 2878 618 καὶ
2925 573 3022 626 τῆς
3078 567 3220 638 παρά
3265 569 3388 636 τούς
3433 568 3630 639 άγῶνας
3674 587 3841 640 φορας

471 662 663 716 ἐκείνου
694 666 847 726 σκιὰς
865 667 954 715 καὶ
983 667 1284 736 μιμήματα,
1327 663 1461 711 οὕτω
1491 661 1581 708 καὶ
1611 659 1659 708 εν
1689 653 1761 727 τῷ
1791 653 2066 724 Εύσταθίῳ
2095 650 2504 725 λογογραφοῡντι
2527 661 2626 704 τῶν
2652 652 2735 705 ἐπὶ
2762 653 2932 724 λόγοις
2961 656 3351 727 ὀνομασθέντων
3381 658 3487 716 ενός
3526 658 3840 709 οὑτινοσοῦν

471 759 792 828 χαρακτῆρα
814 759 924 813 τοῖς
962 750 1246 824 ἀκροαταῖς
1275 748 1434 800 ἐποίει
1464 744 1841 819 φαντάζεσθαι.
1891 740 2019 792 ἀλλά
2065 745 2190 813 μίαν
2220 743 2310 812 μὲν
2351 737 2496 792 ἰδέαν
2523 743 2666 816 όρᾷν,
2701 743 2938 795 ἁπάντων
2988 739 3047 796 δὲ
3094 763 3388 819 κρατιστων
3437 744 3838 818 ἐκμεμαγμένην

470 843 538 893 τὰ
623 844 887 917 κράτιστα
976 845 1062 892 καὶ
1155 836 1626 909 διαπεπονημένην
1703 832 1770 894 εὶς
1853 831 1902 884 ἓν
1975 850 2025 884 τι
2095 828 2248 901 λόγου
2323 827 2509 891 κάλλος
2597 830 2892 903 ἀμήχανον.
2983 834 3051 894 ὡς
3134 852 3224 890 και
3309 853 3391 896 τις
3475 842 3573 885 τῶν
3661 841 3839 906 σοφῶν

470 933 618 1002 χειρὶ
658 915 791 981 ἡτῶν
852 929 970 982 καθ’
1035 929 1214 982 ἑαυτὸν
1279 926 1508 1000 ἀρίστων
1571 931 1826 996 γοναικῶν
1892 920 2119 981 ἑκάστης
2194 915 2365 990 μέλος,
2442 920 2626 972 καθότι
2693 927 2791 972 τῶν
2854 919 3045 973 λοιπῶν
3113 929 3318 997 περιῆν,
3384 921 3838 996 ἀπομιμούμενος,

474 1017 647 1070 εἰκόνα
683 1018 970 1076 καλλίστην
1002 1017 1245 1092 ἔγραψεν.

547 1143 1077 1208 Quemadmodum
1129 1141 1311 1212 igitur
1360 1141 1412 1196 is
1438 1139 1545 1212 qui
1571 1136 1820 1210 picturas
1851 1133 2118 1208 pulchri-

2302 1129 2391 1192 Ὧς
2445 1139 2570 1203 γοῦν
2609 1136 2655 1184 εἰ
2701 1152 2778 1195 τις
2819 1132 2920 1187 ἕκιὶ
2967 1137 3099 1208 πρὸς
3151 1139 3277 1207 μίαν
3326 1138 3562 1194 ἡντινοῦν
3619 1136 3735 1190 ὢ.ον
3772 1142 3838 1191 τὸ

472 1231 745 1288 tudinem
771 1231 829 1287 in
858 1247 979 1287 una
1007 1231 1137 1300 ejus
1165 1233 1333 1302 parte
1364 1229 1620 1302 positam
1643 1228 1884 1288 diceret,
1919 1237 2122 1295 perpe-

473 1336 608 1378 ram
631 1321 929 1390 judicaret
951 1320 1012 1376 in
1061 1320 1348 1392 pingendi
1391 1323 1554 1386 arte;
1603 1318 1686 1374 ita
1723 1317 1838 1372 hoc
1876 1327 2122 1387 quoque

471 1409 607 1465 loco
629 1409 733 1481 qui
760 1410 1064 1478 egregium
1093 1414 1393 1464 oratorem
1424 1409 1606 1463 unius
1629 1410 1862 1462 tantum
1892 1402 2121 1458 virtutis

473 1497 664 1567 gratia
718 1513 854 1553 eum
911 1497 1177 1554 maximo
1211 1495 1432 1568 ‘aliquo
1494 1499 1761 1551 veterum
1810 1499 2121 1548 oratorum

468 1591 787 1658 comparat
806 1585 962 1642 male
984 1585 1318 1642 admodum
1340 1585 1415 1641 de
1435 1585 1568 1657 ipso
1589 1585 1718 1640 viro
1744 1580 2122 1653 judicaverit,

470 1679 665 1730 utnec
693 1673 880 1730 solem
899 1675 1198 1744 integrum
1214 1672 1682 1746 contemplando
1699 1671 1843 1727 satis
1863 1670 2124 1725 admira-

468 1766 631 1819 retur
663 1762 769 1834 qui
798 1779 935 1818 cum
956 1779 1030 1818 ex
1065 1779 1186 1818 uno
1221 1763 1393 1819 radio
1432 1759 1888 1817 mensuraverit.
1925 1757 2125 1815 Melius

470 1854 675 1908 autem
716 1851 935 1923 aliquis
1000 1857 1306 1907 auctorem
1353 1855 1628 1907 nostrum
1681 1848 1976 1920 judicaret
2021 1844 2127 1918 qui

471 1943 716 2012 poetam
743 1939 1037 1996 imitando
1062 1940 1166 2012 qui
1211 1939 1654 2009 Agamemnoni
1704 1936 1911 1994 oculos
1939 1935 2123 2000 Jovis,

471 2027 666 2085 Martis
695 2032 1008 2095 staturam,
1048 2033 1256 2100 pectus
1283 2027 1538 2100 Neptuni
1563 2025 1848 2092 attribuit,
1881 2025 2006 2098 qui,
2040 2025 2126 2079 in-

471 2132 677 2189 quam,
695 2133 833 2173 eum
846 2132 1030 2189 quem
1045 2133 1208 2174 nunc
1218 2117 1560 2181 laudamus,
1575 2115 1714 2171 huic
1726 2118 2123 2186 compararet,

473 2205 694 2262 deinde
723 2205 820 2262 alii
861 2206 941 2262 ob
967 2205 1150 2262 aliam
1187 2206 1631 2272 virtutem,cum
1664 2204 1832 2260 tertio
1863 2203 2126 2274 denique

2232 1219 2416 1280 κλλλος
2464 1228 2556 1278 τῆν
2615 1222 2809 1285 εἰκόνος
2865 1222 3069 1298 ἀνέφερε
3095 1221 3189 1276 διὰ
3226 1229 3320 1282 τὴν
3368 1229 3498 1298 πρὸς
3541 1228 3590 1278 ἓν
3631 1246 3682 1278 τι
3729 1235 3834 1278 τῶν

2231 1307 2430 1372 ἐκείνης
2487 1312 2755 1383 ὁμοίωσιν,
2820 1312 3016 1383 γελοίος
3065 1314 3126 1364 ἄν
3201 1311 3373 1366 ἐδόκει
3428 1322 3523 1377 τῆς
3575 1321 3840 1389 γραφικῆς

2231 1403 2432 1471 κριτὴς,
2485 1403 2618 1450 οὕτω
2655 1398 2942 1472 κάνταῦθα,
2995 1401 3038 1453 εἰ
3091 1405 3162 1454 ενι
3199 1423 3259 1474 γε
3314 1412 3387 1475 τῷ
3441 1413 3542 1456 τῶν
3597 1405 3837 1458 παλαιῶν

2230 1489 2572 1559 προσεικάζω
2596 1490 2716 1541 καθ’
2746 1492 2794 1541 ἓν
2832 1510 2884 1542 τι
2937 1499 3035 1543 τῶν
3083 1500 3175 1544 τοῦ
3223 1491 3380 1564 λόγου
3425 1502 3590 1567 μερῶν
3637 1499 3724 1546 τὸν
3774 1495 3836 1556 ἐξ

2232 1577 2468 1631 ἀπάντων
2509 1580 2706 1652 ἄριστα
2759 1584 3107 1655 ἡρμοσμένον,
3165 1586 3270 1654 ούχ
3309 1583 3466 1655 ἑώρκε
3507 1588 3594 1636 τόν
3641 1583 3836 1661 ἄνδρα,

2233 1675 2302 1728 ῶς
2349 1669 2493 1740 θέμις
2523 1669 2670 1741 όρᾷν,
2725 1672 2839 1722 οὔτε
2868 1674 2956 1722 τόν
3008 1672 3151 1729 ἥλιον
3199 1671 3313 1723 ὅλον
3362 1671 3564 1745 βλὲψας
3611 1675 3844 1746 ἐθούμα-

2236 1775 2319 1807 σεν
2369 1755 2540 1809 ἀκτῖνι
2582 1778 2949 1832 παραμετρῶν.
3005 1765 3206 1813 Γένοιτο
3257 1757 3307 1813 δ’
3333 1762 3394 1813 ἄν
3444 1767 3694 1826 εὶκαστὴς
3747 1771 3844 1817 τοῦ

2235 1843 2422 1920 ἀνδρὸς
2477 1848 2572 1900 οὐκ
2624 1847 2850 1914 ἀνάξιος,
2899 1854 2943 1902 εὶ
3002 1850 3184 1913 ζηλοίη
3239 1854 3326 1903 τόν
3383 1855 3540 1924 σοφὸν
3592 1859 3842 1912 ποιητήν·

2235 1939 2326 1988 καὶ
2400 1941 2470 1999 ὡς
2527 1937 2719 1999 ἐκεῖνος
2792 1941 2880 1991 τόν
2949 1940 3308 2013 Ἀγαμέμνονα
3378 1943 3694 2015 ὑπογράφων
3749 1947 3845 2015 ὄμ-

2235 2043 2376 2097 ματα
2421 2027 2535 2098 μεν,
2583 2032 2736 2098 φησὶ,
2785 2033 2877 2080 καὶ
2907 2027 3131 2100 κεφαλὴν
3186 2029 3349 2081 ἴκελον
3399 2035 3501 2096 Διὶ,
3575 2029 3728 2104 ’Ἄρεϊ
3784 2029 3846 2085 δὲ

2236 2113 2424 2180 ζώνην,
2466 2119 2653 2189 στέρνα
2678 2112 2738 2168 δε
2787 2114 3134 2182 Ποσειδάωνι,
3191 2122 3326 2170 οὕτω
3363 2123 3454 2171 καὶ
3524 2115 3676 2182 οὗτος
3717 2125 3848 2195 πρὸς

2237 2199 2388 2254 τόνδε
2446 2205 2537 2276 μεν
2605 2203 2938 2268 ἀντεξεταζος
3003 2209 3091 2258 τόν
3155 2213 3243 2258 νῦν
3300 2209 3660 2280 ἐπαινούμενον
3707 2229 3846 2264 κατα

472 2294 555 2351 ob
575 2294 808 2351 tertiam
840 2295 1140 2357 virtutem,
1167 2300 1225 2350 et
1261 2295 1341 2349 ob
1371 2310 1506 2350 eam
1552 2309 1679 2349 rem
1724 2293 1898 2364 cujus
1941 2305 2127 2348 causa

2235 2288 2378 2358 τόδε,
2424 2295 2556 2366 πρὸς
2603 2291 2788 2346 ἐκεῖνον
2822 2290 2882 2346 δε
2923 2295 3036 2346 κατ’
3083 2295 3228 2365 ἄλλο,
3279 2300 3369 2348 καὶ
3416 2297 3535 2350 καθ’
3589 2300 3762 2373 ἔτερόν
3791 2318 3845 2352 τι

473 2382 774 2456 perfectus
799 2399 930 2438 esse
954 2382 1328 2450 credebatur,
1360 2383 1441 2438 ad
1472 2382 1748 2438 ultimum
1783 2397 1921 2453 quae
1951 2379 2128 2436 fuerit

2235 2384 2361 2453 πρὸς
2404 2383 2587 2455 ἕτερον,
2649 2388 2739 2435 καὶ
2790 2384 2907 2435 καθ’
2962 2383 3180 2436 ἕκαστον
3244 2394 3344 2436 τῶν
3388 2388 3582 2459 ἄκρων,
3641 2387 3760 2440 καθ’
3815 2388 3842 2440 ὃ

476 2471 767 2528 Eustathii
788 2471 1071 2544 perfectio
1089 2472 1372 2540 oratoria,
1407 2475 1784 2543 compertum
1815 2468 2124 2526 habueris.

2235 2478 2336 2522 τῶν
2385 2470 2574 2522 λοιπῶν
2622 2473 2782 2546 οῐκρος
2820 2468 3087 2525 ἐδέδοκτοο
3134 2479 3224 2526 καὶ
3271 2475 3398 2547 τάχ’
3455 2475 3515 2526 οἶν
3565 2479 3702 2528 οὕτω
3749 2483 3842 2536 τὴν

2235 2564 2585 2631 παναρμόνιον
2645 2561 2971 2634 πολυφωνίαν
3044 2562 3337 2616 Εύσταθίου
3413 2565 3640 2617 ὁποσοῦν
3713 2567 3842 2619 ύπο-

2235 2648 2554 2720 γράψαιμεν.

2306 2739 2435 2810 Ἐγὼ
2477 2735 2525 2792 δ”
2563 2743 2646 2791 ἵνα
2693 2742 2778 2792 τὸν
2820 2745 2938 2815 περὶ
2985 2749 3085 2793 τῶν
3128 2741 3292 2813 λόγων
3343 2741 3495 2814 λόγον
3535 2743 3723 2796 συνέλω
3753 2744 3838 2814 (οὔ

2234 2828 2336 2900 γὰρ
2415 2827 2619 2899 ἐφίησιν
2666 2830 2692 2880 ό
2749 2833 2932 2904 καιρὸς
2989 2828 3282 2900 ἐπεξιέναι)⁸
3315 2835 3435 2883 ὅσον
3465 2835 3555 2904 μὲν
3595 2835 3650 2884 τό
3681 2834 3834 2884 ἐνθυ-

2236 2920 2532 2988 μηματικὸν
2573 2917 2766 2970 ἐκείνου
2797 2924 2886 2971 καὶ
2927 2923 3138 2992 γόνιμον
3171 2919 3182 2973 Ῑ
3226 2923 3347 2982 ὅσος
3378 2917 3438 2973 δὲ
3476 2925 3502 2972 ὀ
3531 2925 3674 2982 τόνος
3706 2920 3720 2974 1
3754 2925 3844 2972 οἷα

2239 3001 2298 3057 δὲ
2345 3010 2375 3063 ὴ
2428 3008 2579 3080 φορὰ,
2633 3011 2714 3060 ὅτε
2764 3007 3071 3062 πνεύσειε-νέ
3122 3008 3277 3066 ἡλίκη
3329 3007 3443 3067 divi
3479 3007 3712 3070 δεινότης
3749 3016 3843 3063 καὶ

2238 3095 2267 3153 ἦ
2339 3096 2618 3166 ἀμήχανος
2673 3101 2784 3171 ὧρα
2852 3106 2925 3149 τῶ
2985 3098 3288 3170 στρογγύλῳ
3353 3103 3443 3151 xui
3507 3099 3695 3171 κομψῷ
3740 3109 3841 3152 τῶν

2236 3187 2355 3256 περὶ
2407 3187 2500 3240 την
2551 3183 2821 3258 ἐρμηνειαν
2870 3183 3224 3258 ἐπιμειδιῶσα
3270 3190 3402 3259 μετά
3445 3195 3538 3250 τῆς
3573 3188 3840 3260 γλαφυρᾶς

2237 3279 2336 3323 τῶν
2392 3274 2662 3343 νοημάτων
2713 3275 2939 3349 χάριτος
2989 3273 3222 3327 ῙἘκεῖνο
3275 3280 3428 3347 φημί·
3487 3278 3574 3346 ὡς,
3623 3279 3669 3328 εἴ
3714 3295 3765 3328 τι
3801 3279 3831 3334 ἧ

2236 3363 2354 3432 περὶ
2382 3359 2535 3431 λόγου
2584 3364 2774 3431 τέχνην
2811 3368 3044 3421 ἡντινοῦν
3073 3367 3104 3422 ἣ
3155 3365 3450 3436 ἐπιστήμην
3497 3363 3673 3436 ὄφελός
3725 3364 3841 3417 ἐστι

2237 3457 2324 3500 νῦν
2371 3458 2442 3519 τῷ
2489 3449 2606 3502 καθ’
2659 3453 2794 3522 ἡμᾶς
2843 3450 2963 3524 βίῳ,
3013 3461 3114 3514 τῶς
3165 3455 3460 3505 Εύσταθίου
3517 3459 3703 3525 σοφίας
3748 3460 3841 3506 καὶ

2235 3546 2483 3609 περιττῆς
2525 3539 2764 3609 γλώττης
2815 3540 3070 3612 ὁμιλητὴς
3127 3545 3265 3594 εστιν
3318 3542 3349 3600 ἢ
3415 3546 3506 3594 καὶ
3577 3541 3834 3603 ζηλωτὴς.

544 2742 573 2796 J
578 2755 675 2797 am
697 2741 908 2813 paucis
924 2741 1330 2814 eloquentiam
1348 2741 1478 2809 ejus
1499 2739 1696 2797 verbis
1716 2738 2124 2808 designemus.

476 2831 607 2896 Qua
634 2829 909 2886 idearum
957 2830 1356 2900 abundantia,
1403 2847 1524 2903 qua
1561 2829 1806 2887 creandi
1844 2827 2127 2885 facultate

471 2917 822 2976 laetabatur!
877 2922 1000 2976 Vox
1046 2921 1176 2991 ejus
1219 2937 1408 2993 quam
1453 2935 1693 2984 sonora,
1741 2919 1899 2974 actio
1939 2932 2128 2989 quam

479 3007 699 3064 virilis!
749 3024 885 3080 quae
949 3009 1454 3066 lineamentorum
1504 3007 1929 3066 concinnitas!
1989 3021 2129 3077 quae

473 3112 696 3153 vocum
727 3097 788 3154 in
832 3097 968 3154 loco
1023 3098 1245 3155 idoneo
1297 3098 1756 3172 opportunitasl
1816 3111 1953 3169 quae
2007 3095 2127 3150 oris

476 3185 852 3242 rotunditas!
890 3187 1183 3258 Equidem
1229 3203 1464 3257 censeo,
1498 3186 1546 3242 si
1577 3186 1722 3258 quid
1765 3186 1825 3243 in
1857 3184 2129 3252 scientia,

479 3273 529 3329 si
563 3274 626 3329 in
665 3273 1008 3346 eloquentia
1037 3275 1248 3332 deesse
1297 3275 1584 3343 videatur,
1639 3274 1978 3331 auditorem
2027 3279 2132 3328 aut

479 3361 894 3419 aemulatorem
961 3365 1274 3435 sapientius
1323 3369 1380 3422 et
1419 3365 1714 3420 sermonis
1763 3361 2130 3420 Eustathiani

478 3448 760 3504 deﬁcere.
803 3449 952 3506 Satis
979 3452 1196 3524 cuique
1217 3451 1326 3508 erit
1349 3452 1602 3521 decoris,
1638 3452 1784 3508 satis
1824 3449 2130 3520 dignitatis

479 3537 585 3593 ubi
643 3539 908 3594 sermoni
949 3556 1062 3596 suo
1102 3540 1473 3597 Eustathiani
1517 3539 1745 3612 aliquid
1792 3538 2130 3594 immiscere

478 3631 780 3699 poterunt,
823 3628 1102 3700 quamvis
1139 3629 1443 3685 levidense
1483 3629 1676 3685 fuerit.
1719 3627 1814 3682 Sic
1856 3625 2128 3682 omnium

2241 3627 2482 3698 Ἀπόχρη
2531 3631 2632 3700 γὰρ
2684 3635 2844 3682 πᾶσιν
2883 3635 2950 3690 εὶς
2997 3629 3144 3701 λόγον
3197 3629 3708 3704 ἀπολαμπρύσματος
3743 3636 3837 3683 καὶ

480 3715 680 3771 studia
697 3731 769 3771 ex
791 3732 862 3772 eo
877 3723 930 3772 ta
939 3732 1165 3790 nquam
1179 3718 1535 3791 eloquentiae
1548 3718 1663 3772 deo
1680 3715 2128 3788 dependebant.

2241 3721 2573 3787 σεμνώματος
2620 3715 2733 3770 ἀντὶ
2781 3727 2956 3771 ποσῶν
3008 3716 3178 3785 ἰδεῶν,
3227 3724 3272 3772 εὶ
3304 3723 3434 3792 πρὸς
3482 3722 3531 3772 ἓν
3560 3725 3620 3791 γέ
3655 3740 3708 3772 τι
3737 3728 3840 3772 τῶν

480 3801 635 3858 adeo
652 3805 916 3878 utquidq
926 3806 1020 3861 uid
1042 3807 1395 3879 profabatur
1408 3807 1570 3862 vocis
1586 3805 1800 3861 divinae
1815 3821 1884 3860 ac
1897 3819 2127 3860 normae

2239 3801 2389 3856 ἰδίων
2434 3803 2624 3857 ἐκείνου
2655 3811 2747 3858 xui
2806 3803 3057 3880 ἀμυδρῶς
3100 3815 3226 3879 γοῦν
3279 3807 3598 3882 ἀναφέροιτο,
3659 3811 3843 3871 Οὕτως

476 3890 611 3948 loco
633 3899 809 3957 esset,
833 3909 942 3950 nec
963 3895 1226 3952 absurde
1246 3896 1320 3952 de
1340 3897 1441 3952 illo
1464 3895 1976 3967 Pythagoreorum
1994 3891 2128 3966 Idic-

2238 3894 2374 3944 οἰπαν
2399 3897 2458 3945 τὸ
2490 3893 2788 3965 φιλολογοῡν
2810 3898 2875 3956 ὡς
2897 3896 2967 3958 εἰς
3003 3899 3112 3950 θεόν
3143 3915 3259 3948 τινα
3287 3896 3460 3967 λόγιον
3485 3895 3846 3972 ἐπέστραπται

478 3985 537 4036 to
561 3998 574 4036 :
609 3984 737 4054 lpse
762 3982 1185 4054 dixit,cogites.

2244 3985 2442 4034 τουτονί
2507 3987 2596 4034 καὶ
2644 3984 2670 4035 ὃ
2719 4004 2770 4036 τι
2820 3984 2883 4036 ἂν
2937 3985 3231 4057 φθέγξοιτο,
3272 3990 3409 4057 φωνή
3461 3989 3543 4047 τίς
3570 3984 3684 4039 ἔστι
3732 3989 3846 4040 θεία

476 4075 567 4122 καὶ
595 4071 785 4142 θεσμός
816 4078 1094 4144 τεχνογὶας
1148 4072 1363 4135 ἀπάσης
1391 4074 1836 4146 ὑπερανεστηκὼς,
1867 4076 1958 4123 καὶ
1988 4073 2216 4123 κανόνων
2263 4076 2430 4124 κανὼν
2460 4076 2529 4143 μὴ
2574 4075 2896 4146 κινούμενος,
2941 4079 3031 4127 καὶ
3070 4078 3138 4137 ὡς
3186 4083 3294 4136 τοῖς
3348 4076 3734 4151 Πυθαγορικοῖς
3786 4080 3845 4129 τὸ

476 4159 645 4221 Αύτὸς
667 4162 820 4233 ἔφατο
849 4161 1279 4237 προϐαλλόμενος.

549 4282 637 4338 Nil
680 4285 901 4340 mirum
933 4285 1112 4356 igitur
1132 4286 1180 4340 si
1207 4285 1344 4342 dum
1373 4289 1543 4341 terras
1567 4287 1767 4356 partes
1793 4283 1976 4340 talem
2017 4281 2132 4338 vir-

477 4371 616 4427 tutis
639 4375 1062 4446 sapientiteque
1098 4389 1299 4431 arcem
1327 4374 1438 4430 sibi
1460 4373 1786 4429 vindicant.
1812 4375 1948 4428 Jam
1969 4371 2130 4426 enim

476 4461 607 4517 hac
649 4469 854 4520 nostra
881 4463 1024 4518 urbs
1061 4479 1098 4519 a
1124 4463 1396 4535 pluribus
1421 4463 1534 4519 diis
1570 4463 1786 4518 dilecta
1817 4462 1967 4529 fuit;
2003 4461 2132 4531 jam
2149 4504 2158 4512 μ

477 4551 559 4606 ob
588 4549 650 4605 id
675 4556 978 4607 certamen
1003 4552 1286 4608 olivetum
1313 4557 1368 4608 et
1396 4552 1590 4607 Pirteei
1619 4552 2128 4624 amphitheatrum

475 4645 923 4710 nuncupantur.
973 4641 1145 4706 Quod
1180 4639 1343 4696 idem
1374 4641 1494 4696 fere
1537 4641 1700 4713 apud
1728 4656 1840 4696 nos
1883 4655 2128 4713 quoque

2317 4283 2429 4334 Οὐκ
2481 4284 2542 4335 ἂν
2573 4285 2660 4336 οὖν
2717 4287 3044 4359 θαυμάζοιμι
3091 4287 3287 4358 λοιπόν,
3321 4292 3365 4340 εὶ
3411 4285 3593 4341 τοιάδε
3627 4293 3716 4341 καὶ
3759 4289 3844 4340 οὖ-

2241 4389 2339 4434 τως
2401 4375 2589 4447 άρετῆς
2658 4379 2747 4426 καὶ
2811 4381 2995 4448 σοφίας
3048 4375 3326 4451 ἀκρόπολις
3394 4373 3543 4429 δυοῖν
3607 4382 3840 4449 ἠπείροιν

2243 4459 2570 4536 ἀμφήρευτος
2611 4469 2834 4535 γέγονεν’
2886 4468 2955 4524 ὡς
3002 4469 3092 4517 xui
3150 4467 3179 4523 ἡ
3234 4465 3354 4517 καθ’
3401 4467 3536 4539 ἡμᾶς
3567 4465 3694 4522 αὕτη
3735 4464 3837 4516 πό-

2241 4550 2318 4614 λις
2382 4555 2508 4613 θεοῖς
2565 4573 2676 4606 τισι
2735 4552 2964 4606 παιδικά
3029 4574 3151 4607 ποτε
3207 4558 3448 4626 γενέσθαι
3495 4556 3839 4628 μεμύθευται,

2239 4647 2328 4694 καὶ
2385 4641 2620 4714 σύμϐολα
2671 4648 2908 4705 τῆςκατ’
2946 4645 3112 4719 ἔρωτα
3165 4649 3321 4716 φασὶν
3379 4641 3552 4718 ἔριδος
3605 4648 3692 4696 τόν
3745 4651 3837 4704 τῆς

479 4725 749 4794 contigit.
787 4728 974 4796 Lycia;
1006 4735 1188 4799 caput
1208 4745 1385 4783 suum
1439 4733 1495 4784 te
1546 4728 1892 4797 vindicavit,
1954 4744 1990 4783 o
2039 4727 2130 4783 vir

478 4813 714 4885 egregie
725 4857 738 4878 ,
755 4815 857 4887 qui
869 4815 1087 4872 animas
1102 4816 1362 4872 candore
1374 4833 1586 4872 omnes
1599 4832 1836 4872 coaevos
1850 4833 2121 4889 superas;

479 4909 537 4960 te
562 4903 722 4960 enim
755 4905 1033 4961 Ecclesiae
1065 4906 1143 4961 ad
1180 4905 1389 4961 Christi
1418 4905 1607 4961 instar
1633 4907 1956 4961 antistitem
1978 4921 2126 4977 prae-

477 4991 676 5050 lucere
719 4993 989 5060 decebat,
1045 4995 1148 5066 qui
1189 4995 1319 5064 jam
1362 4999 1540 5050 antea
1585 4995 1812 5064 justitia
1856 5001 1919 5050 ut
1967 4999 2128 5051 veste

481 5079 838 5163 sacerdotali
863 5085 1113 5140 indutus
1139 5099 1296 5139 eras.
1354 5084 1466 5138 Sed
1497 5089 1822 5156 antequam
1845 5084 2129 5157 epithala-

479 5167 671 5231 inium
693 5174 1061 5231 sacerdotale
1076 5173 1449 5243 inchoasses,
1466 5174 1880 5231 Thessalonice
1892 5175 2127 5240 dilecta,

479 5261 789 5332 recognita
817 5269 871 5319 et
894 5259 1128 5318 aemqu
1151 5261 1328 5317 talem
1352 5255 1644 5334 sponsum
1666 5263 1940 5320 invidens
1961 5263 2130 5318 vidu-

2239 4730 2408 4792 ἐλαίας
2467 4731 2646 4784 θαλλόν
2698 4737 2788 4783 καὶ
2842 4739 2933 4784 τοῦ
2989 4739 3242 4806 Πειραιῶς
3294 4736 3352 4785 τὸ
3425 4729 3698 4806 μηνοειδὲς
3750 4738 3841 4784 καὶ

2237 4825 2450 4892 νήνεμον
2493 4821 2687 4895 ῥόθιον·
2732 4824 2834 4872 Οἷα
2887 4823 2988 4895 γὰρ
3044 4827 3132 4873 καὶ
3163 4823 3193 4880 ἡ
3248 4841 3367 4897 περι
3418 4829 3572 4874 τοῦτο
3610 4839 3842 4873 καινοτο-

2237 4914 2354 4982 μία.
2411 4909 2782 4982 Ἐμνηστεύετο
2831 4914 2920 4982 μέν
2978 4929 3082 4977 σοι,
3138 4908 3177 4961 ὦ
3228 4910 3351 4963 κάλὲ
3409 4912 3475 4962 τὰ
3529 4912 3702 4962 πάντα
3755 4913 3844 4960 καὶ

2237 4999 2411 5052 κάλλει
2439 4999 2622 5069 ψυχῆς
2674 5001 2830 5070 ὼραῖε
2876 5003 2941 5050 σύ
2973 5001 3120 5070 παρά
3173 5001 3371 5060 πάντας
3410 5003 3532 5061 τοὺς
3573 5007 3661 5050 νῦν
3691 5000 3834 5058 υἱοὺς

2237 5096 2337 5140 τῶν
2398 5088 2702 5162 ἀνθρώπων,
2765 5089 2794 5144 ἡ
2845 5094 2935 5148 τῆς
2991 5091 3193 5148 Λυκίας
3252 5087 3588 5161 μητρόπολις·
3634 5087 3716 5138 ὅτε
3754 5090 3847 5137 καὶ

2238 5184 2330 5236 τῆς
2397 5178 2704 5247 ίερωσύυης,
2776 5178 2843 5236 ὡς
2909 5174 3064 5226 ἄλλον
3104 5175 3264 5226 καλοῦ
3305 5179 3519 5242 παντὸς,
3569 5175 3720 5249 έκρῆν
3791 5193 3854 5227 σε

2239 5273 2302 5337 τῇ
2372 5261 2657 5336 Ἐκκλησία
2723 5268 3034 5337 προκεῖσθαι
3117 5268 3246 5337 μετᾶ
3324 5269 3556 5338 Χριστὸν
3641 5264 3853 5317 ἐκτυπὶν

479 5346 579 5406 am
603 5350 988 5406 simulavit‘ut
1009 5364 1233 5422 sponso
1257 5353 1558 5423 potiretur.
1579 5354 1938 5424 Acreitaque
1950 5357 2128 5408 certa-

2242 5352 2559 5428 ἀρχέτυπον,
2599 5356 2684 5405 τόν
2731 5358 2821 5405 καὶ
2872 5358 2973 5426 πρὸ
3026 5361 3118 5405 τοὺ
3173 5362 3361 5426 σεμνοῦ
3419 5351 3688 5426 ποδὴρους
3739 5357 3833 5410 τὴν

479 5446 619 5498 men
638 5437 787 5495 inter
812 5445 1127 5510 utramque
1155 5441 1471 5497 Ecclesiam
1495 5441 1733 5506 exarsit,
1750 5456 2006 5512 vereque
2023 5441 2130 5496 ali-

479 5528 619 5602 quis
641 5527 852 5587 dixerit
875 5530 1172 5603 Europam
1190 5535 1368 5602 atque
1391 5531 1593 5586 Asiam
1638 5535 1897 5585 certasse
1922 5534 2054 5585 utra
2076 5535 2132 5586 te
2169 5548 2175 5564 ί

2241 5443 2470 5494 καπόλου
2555 5439 2897 5500 δικαιοσύνην
2983 5439 3318 5514 ἐνδεδυμένον
3412 5445 3848 5516 ἱεροθρεπέστατα

2192 5534 2199 5564 ³
2244 5537 2406 5606 Πρινὴ
2467 5528 2526 5584 δέ
2557 5587 2559 5589 ,
2589 5526 2716 5584 ἆσαι
2780 5535 2866 5583 τὸν
2920 5535 3269 5604 πνευματικὸν
3321 5534 3581 5605 ὑμέναιονε
3625 5533 3653 5583 ὗ
3694 5530 3851 5582 πολυ-

479 5633 838 5693 possessura
864 5618 1034 5674 foret.
1067 5620 1194 5700 Una
1227 5620 1386 5676 enim
1414 5619 1518 5676 tibi
1561 5618 1997 5700 studetutpote
2026 5620 2128 5694 qui

2242 5625 2458 5695 ἐραστος
2511 5636 2521 5672 .·
2541 5624 2629 5672 καὶ
2701 5618 3047 5691 πολυμνήστη
3131 5619 3491 5679 Θεσσαλονίκη
3564 5621 3848 5691 αἰσθομένη
