4134 6384
301 348 410 406 349
1373 343 1688 408 MONODIA
1721 343 1792 398 IN
1821 342 2262 414 EUSTATHIUM
2298 341 2634 401 THESSAL.
3573 350 3685 421 350

305 477 403 524 τοῦ
459 470 753 542 γενομένου,
797 470 890 520 καὶ
927 469 997 531 ὡς
1035 466 1224 542 βαρεῖά
1279 487 1360 530 τις
1417 466 1689 529 ἀντίζηλος
1749 463 1915 520 δεινόν

2045 465 2173 522 )lim
2202 465 2318 540 ipsi
2349 482 2610 539 sponsus
2638 483 2794 537 eras,
2826 473 2883 528 et
2914 487 3071 544 aegre
3098 487 3347 547 prorsus
3379 472 3611 531 ferebat
3629 473 3677 529 si

309 561 661 631 ἡγησαμένη,
719 556 764 610 εἰ
821 553 1031 610 τοιοῦδε
1104 561 1327 630 νυμφίου
1383 552 1533 632 ἑτέρᾳ
1593 561 1924 630 παραχωρή-

2049 572 2258 628 sponsa
2299 562 2361 612 ut
2395 556 2607 624 fuerat,
2663 575 2732 615 ac
2772 566 3062 632 praeterea
3100 562 3250 619 coelo
3290 563 3563 620 orientali
3611 579 3681 619 ac

317 669 444 714 σειε,
501 650 719 724 χηρεύει
784 666 841 699 τε
896 657 1235 720 παραχρῆμα
1284 648 1456 722 ὥσπερ
1507 641 1772 711 ἐπίτηδες,
1833 650 1923 697 καὶ

2046 645 2280 715 myrrha
2309 646 2631 708 vernacula
2662 649 2936 717 gaudens
2981 650 3150 707 alteri
3194 657 3678 725 postponeretur.

315 737 577 810 μεθέλκειν
623 743 870 811 πειρᾶται
921 741 1053 809 πρός
1109 736 1317 795 ἑαυτήν.
1393 739 1538 794 Δεινὴ
1601 731 1661 788 δέ
1699 754 1781 796 τις
1819 735 1924 808 οἰρα

2049 732 2244 799 Utera,
2268 735 2602 792 secundum
2637 737 2846 794 urbem
2888 739 3261 811 imperialem
3297 741 3491 814 prima
3530 740 3681 797 inter

317 815 432 903 ἔρις
459 830 587 884 αῦτη
645 834 759 878 ταῖν
803 824 1138 883 Ἐκκλησίαιν
1188 823 1500 900 ἀμφοτέραιν
1534 845 1546 858 ·
1615 823 1806 875 ταύτόν
1864 811 1924 875 δὲ

2046 822 2298 878 :ivitates
2342 823 2675 880 Occidentis
2706 831 2763 882 et
2793 829 3062 899 pretioso
3103 811 3438 900 martyrum
3470 845 3678 886 cruore

320 917 502 980 εἰπεῖν,
561 916 714 969 Ἀσία
765 920 857 967 καὶ
921 913 1145 986 Εὐρώπη
1207 913 1508 990 άνέῤῥωγεν,
1566 912 1625 965 Ἠ
1681 915 1772 985 μὲν
1820 914 1919 986 γὰρ

2048 910 2370 967 nadefacta
2417 917 2471 968 te
2511 912 2753 985 privari,
2801 915 2903 971 tali
2942 920 3230 990 tantoque
3264 917 3394 974 viro
3429 917 3680 973 moleste

318 1008 392 1068 ὡς
446 1001 551 1063 ἤδη
600 1013 903 1077 μνηστῆρος
945 1002 1109 1077 ἀπρὶξ
1135 1007 1433 1077 περιείχετο
1480 1021 1596 1073 σου,
1647 1007 1738 1052 καὶ⁵
1777 997 1924 1052 δεινὰ

2049 999 2275 1055 'erebat.
2324 1001 2515 1066 Quare
2566 1002 2712 1058 nihil
2755 1003 3048 1062 intactum
3096 1021 3207 1062 nec
3256 1005 3514 1062 dicendo
3570 1021 3681 1060 nec

314 1097 549 1166 πάσχειν
579 1098 726 1165 ᾤετο,
787 1095 928 1166 εἰπερ
979 1092 1301 1165 ἐγγυηθεῐσά
1343 1111 1449 1158 σοι,
1499 1089 1665 1152 ἄλλως
1718 1085 1777 1142 δὲ
1832 1093 1922 1140 καὶ

2049 1086 2264 1157 igendo
2302 1087 2537 1160 reliquit
2562 1089 2756 1146 donec
2785 1096 2888 1149 tua
2915 1091 3082 1150 ﬁeret
3121 1109 3366 1166 sponsa.
3391 1093 3681 1166 Equidem

311 1185 680 1257 ὑπερκειμένη,
758 1187 850 1235 καὶ
903 1183 1083 1244 πάσας
1139 1184 1230 1242 τὰς
1295 1179 1382 1254 ἀφ’
1447 1179 1596 1238 ἡλίου
1661 1174 1920 1231 ἀνατολῶν

2049 1182 2403 1248 :ompertum
2447 1178 2645 1236 habeo
2701 1196 3019 1254 nunquam
3061 1182 3186 1239 fore
3227 1188 3292 1239 ut
3319 1183 3550 1240 meliori
3579 1183 3681 1238 ad-

301 1267 362 1323 εὖ
404 1275 684 1342 γεγονυίας
730 1272 1088 1345 ὑπεραίρουσα
1133 1273 1350 1344 προσέτι
1403 1264 1463 1321 δὲ
1510 1271 1600 1319 καὶ
1653 1273 1919 1340 πατρικῶν

2055 1273 2340 1336 ungatur;
2393 1283 2711 1342 nunquam
2744 1271 2901 1326 enim
2950 1279 3094 1328 aetas
3119 1272 3320 1328 futura
3351 1273 3546 1328 virum
3576 1271 3681 1328 tibi

299 1362 483 1434 μύρων
544 1358 827 1420 ἀπόζουσα
874 1357 1049 1427 ἣδιον,
1104 1358 1216 1412 εἶτα
1271 1357 1769 1433 παραγκωνισθεῐσα
1819 1374 1918 1422 κα-

2049 1354 2282 1410 similem
2316 1355 2478 1412 feret.
2518 1360 2582 1413 Ut
2623 1358 2782 1414 enim
2815 1359 2959 1416 olim
2996 1361 3406 1432 Philopoemen
3437 1361 3681 1417 ultimus

300 1448 402 1501 λοῦ
454 1457 756 1524 μνηστῆρος
814 1445 1200 1520 διαζυγήσεται
1231 1465 1243 1477 ⁸
1290 1449 1321 1507 ἡ
1391 1444 1445 1498 δ’
1494 1441 1558 1497 αὖ
1596 1443 1771 1518 πάλιν,
1830 1442 1920 1495 ἅτε

2048 1443 2252 1499 lucum
2285 1447 2623 1501 Graecorum
2655 1449 2911 1519 insignis
2951 1449 3080 1516 fuit,
3106 1449 3188 1506 sic
3220 1455 3276 1506 te
3318 1449 3594 1506 ultimum
3618 1450 3680 1505 in

301 1540 441 1612 μετά
471 1543 564 1596 την
594 1523 862 1610 βασιλίδα
889 1540 1036 1591 πόλιν
1073 1544 1254 1612 πρώτη
1307 1523 1570 1610 δυσμόθεν
1616 1532 1920 1605 ἀνίσχουσα

2048 1531 2252 1587 jhristo
2277 1533 2601 1590 antistitem
2624 1540 2860 1608 tempus
2893 1536 3056 1593 ferax
3087 1554 3288 1594 rerum
3321 1539 3599 1612 edaxque
3619 1537 3680 1593 in

301 1624 715 1700 πανευδαίμων,
801 1633 892 1679 καὶ
979 1623 1290 1700 όσφραδίοις
1367 1629 1710 1700 μαρτυρικοίς
1773 1620 1916 1692 ἀντι-

825 1633 892 1679 ιαὶ
979 1623 1290 1700 όσφραδίοις
1367 1629 1710 1700 μαρτυρικοίς
1773 1620 1916 1692 ἀντι·
2025 1619 2221 1676 lucem
2254 1621 2457 1679 edidit.

302 1721 541 1769 πνέουσα
595 1717 691 1769 ούκ
748 1715 1042 1789 ἀνασχετόν
1104 1719 1280 1786 ἡγεῖτο
1332 1713 1830 1791 παρευημερηθῆναι
1905 1713 1994 1760 καὶ
2074 1707 2438 1784 ἀποσφαλῆναι
2490 1709 2698 1765 τοιοῦδε
2779 1719 2870 1766 καὶ
2935 1716 3098 1778 οὕτως
3170 1714 3427 1790 ἐρασμίου
3496 1713 3678 1769 καλοῦ.

307 1809 519 1858 Οὔκουν
551 1806 709 1865 ἀνῆκε
728 1806 957 1877 λέγουσα
986 1808 1158 1858 πάντα
1196 1811 1285 1857 καὶ
1309 1806 1636 1879 πράττουσα,
1663 1800 1756 1860 ἕως
1784 1807 1854 1870 τῷ
1885 1797 2022 1868 καλῷ
2051 1817 2134 1850 σοι
2153 1805 2375 1872 νυμφίῳ,
2409 1806 2498 1853 καὶ
2518 1803 2608 1874 οἵῳ
2631 1799 2836 1855 οὐδέπω
2861 1808 3129 1878 πρότερον,
3181 1805 3439 1877 ἢρμοστο,
3470 1804 3618 1875 οἶμαι
3660 1844 3673 1856 .

311 1893 508 1967 μᾶλλον
563 1891 622 1947 δὲ
676 1891 803 1947 οἶδα
852 1903 1049 1968 σαφῶς,
1101 1897 1166 1955 ὡς
1204 1890 1320 1947 οὐδ’
1369 1893 1586 1952 ἐσαῦθις
1635 1888 2034 1963 ἀρμοσθὴσεται
2091 1907 2236 1958 ποτε,
2295 1891 2376 1941 ὅτι
2429 1888 2562 1962 μηδ’
2613 1893 2640 1943 ό
2691 1891 2930 1964 ἐσόμενος
2981 1897 3196 1968 χρόνος,
3251 1894 3358 1964 οἷός
3399 1911 3450 1944 τε
3507 1894 3681 1944 ἔσεται

312 1989 481 2058 φῦσαι
503 1981 778 2060 ἀνθρώπου
806 1981 1010 2038 τοιόνδε
1038 1993 1249 2059 χρῆμα,
1281 1985 1457 2036 ὁποῖον
1498 1983 1554 2033 σε
1575 1978 1862 2032 τελευταῖον
1887 1982 1985 2026 τῶν
2008 1979 2142 2028 κατά
2171 1981 2400 2041 Χριστόν
2428 1977 2713 2055 ἀρχιερέων
2746 1990 2915 2053 σοφῶν
2969 1985 3034 2049 ὡς
3064 1981 3114 2033 ἐν
3137 1987 3280 2056 γήρᾳ
3311 1985 3401 2033 καὶ
3434 1979 3678 2051 ὀψίγονον

306 2074 479 2124 ἔτεκεν
535 2074 563 2124 6
628 2076 803 2132 πάντα
848 2082 1034 2146 γεννῶν
1083 2077 1173 2126 καὶ
1242 2074 1460 2146 φθείρων
1494 2087 1506 2100 ·
1562 2071 1628 2129 ὡς
1690 2070 1782 2118 καὶ
1839 2071 1939 2116 τῶν
1994 2063 2298 2144 Ἑλληνικῶν
2358 2078 2662 2142 στρατηγῶν
2705 2070 2927 2122 ὕστατον
2977 2073 3150 2146 εἴρηκέ
3197 2091 3276 2131 τις
3313 2073 3400 2122 τόν
3455 2069 3680 2142 ἀρχαῖον

305 2159 679 2235 Φιλοποίμενα.

383 2252 477 2313 Τίς
531 2253 654 2324 γὰρ,
724 2252 832 2314 οἷος
875 2255 963 2320 σὺ,
1021 2259 1114 2304 τοῦ
1158 2252 1341 2304 λοιποῦ
1391 2248 1595 2321 ὑψηλὸς
1640 2250 1727 2300 τὸν
1777 2245 1914 2320 βίον,
1955 2241 2001 2294 Β

2110 2243 2253 2309 Quis
2283 2246 2444 2302 enim
2495 2247 2646 2304 alius
2688 2252 2904 2320 praeter
2944 2252 2999 2306 te
3048 2253 3326 2306 nascetur
3364 2264 3503 2304 cum
3552 2245 3684 2320 pari

309 2342 400 2391 τὸν
465 2339 623 2411 λόγου
691 2346 967 2414 μετέωρος,
1030 2347 1124 2400 τὴν
1184 2341 1466 2416 ἱερωσύνην
1528 2339 1777 2411 αἰθέριος,
1831 2342 1922 2388 καὶ

2053 2348 2270 2390 norum
2289 2335 2596 2408 dignitate,
2613 2336 2840 2394 fulmen
2867 2337 3240 2412 eloquentiae,
3264 2343 3485 2408 orator,
3495 2335 3685 2407 judex

314 2430 387 2490 ὡς
436 2427 524 2481 ἀπ’
555 2430 716 2483 αὐτοῦ
747 2438 840 2483 τοῦ
874 2432 1056 2506 θρόνου
1115 2438 1350 2506 Χριστοῦ
1402 2431 1714 2502 θεμιστεύων
1769 2428 1919 2479 ἄντι-

2050 2427 2295 2489 sanctus,
2329 2427 2495 2482 utita
2523 2425 2746 2498 dicam,
2781 2428 2957 2500 quasi
2987 2443 3018 2484 e
3040 2426 3252 2485 Christi
3289 2426 3525 2497 throno,
3563 2428 3625 2481 ut
3653 2439 3682 2480 e

315 2536 465 2590 κρυς,
516 2521 639 2571 εἰπω
689 2516 740 2572 δ’
767 2518 848 2587 ἂν,
895 2525 986 2573 καὶ
1041 2522 1112 2583 ὡς
1153 2519 1235 2573 ἔπ’
1284 2519 1448 2579 αὐτῆς
1497 2527 1590 2580 τῆς
1642 2517 1922 2590 ἀκρωρείας

2049 2527 2273 2568 summo
2302 2513 2462 2569 Sinai
2489 2513 2735 2570 oracula
2760 2515 3021 2580 reddens
3040 2517 3068 2573 ?
3088 2516 3228 2582 Quis
3260 2521 3310 2572 te
3340 2515 3477 2572 vitae
3509 2527 3681 2570 sanc-

315 2614 413 2657 τοῦ
462 2614 579 2659 Σινᾶ
639 2609 994 2684 χρηματίζων
1049 2608 1402 2682 λογιζόμενος,
1465 2609 1604 2669 ὅπως
1665 2605 1788 2680 βίον
1829 2609 1920 2678 μὲν

2048 2599 2213 2668 :itate,
2241 2603 2375 2675 quis
2401 2603 2755 2676 eloquentiae
2797 2605 2855 2660 vi
2903 2621 3178 2677 unquam
3210 2604 3479 2678 aequabit
3503 2603 3531 2660 ?
3571 2603 3680 2659 Co-

312 2702 408 2748 τοῦ
451 2700 585 2749 κατά
637 2701 694 2750 σε
730 2697 994 2772 προϐῆναι
1029 2707 1280 2774 περιωτῇ,
1325 2698 1356 2757 ἣ
1407 2697 1484 2752 ἐπ’
1527 2697 1682 2750 αὐτὸν
1739 2693 1921 2747 ἐλάσαι

2053 2688 2387 2758 ςὶῐειιίοηιιω
2419 2707 2600 2764 porro
2652 2699 2895 2749 tuarum
2963 2709 3208 2754 cursum
3257 2693 3450 2766 sequi,
3488 2696 3544 2750 te
3579 2691 3685 2748 do-

309 2789 402 2837 τόν
465 2784 680 2862 βατῆρα
742 2796 833 2840 τοῦ
876 2788 1052 2861 λόγου,
1095 2784 1214 2841 οὐδ’
1271 2787 1332 2839 ἂν
1398 2788 1470 2840 ἐνὶ
1511 2793 1612 2840 τῶν
1680 2785 1920 2837 ἁπάντων

2052 2784 2264 2834 :entem
2320 2781 2528 2837 audire
2563 2781 2776 2852 paucis
2829 2781 3165 2838 admodum
3205 2781 3484 2851 dabatur,
3530 2796 3684 2853 quos

317 2873 625 2944 ἐγγένοιτο;
687 2879 830 2932 Εἶσω
880 2875 942 2931 δε
991 2874 1147 2930 δῦναι
1207 2877 1418 2950 νεφέλης
1477 2884 1574 2928 τῶν
1631 2877 1775 2948 παρά
1835 2877 1920 2924 σοὶ

2051 2866 2121 2924 rel
2149 2867 2224 2924 ad
2257 2869 2474 2924 montis
2515 2869 2750 2936 radices
2774 2871 2939 2926 vocis
2960 2870 3174 2926 divinae
3206 2886 3426 2926 sonum
3474 2868 3683 2926 audire

323 2965 622 3034 νοημάτων,
676 2971 762 3017 καὶ
787 2965 1008 3040 λογικῶν
1038 2965 1266 3020 ἀκοῦσαι
1295 2962 1551 3040 μεθόδων,
1600 2960 1724 3017 οὐδὲ
1767 2969 1921 3014 τοῦτο

2058 2954 2298 3012 uvabat.
2339 2957 2468 3022 Quo
2508 2959 2703 3027 magis
2747 2956 2925 3028 igitur
2955 2963 3008 3014 te
3032 2962 3325 3030 praesente
3354 2972 3536 3015 nemo
3560 2971 3684 3012 non

324 3056 742 3123 προστυχόντος,
783 3057 857 3108 ὃτι
888 3061 960 3130 μὴ
1011 3061 1301 3111 Μωσαῑκοῦ
1338 3075 1474 3117 τινος
1525 3051 1586 3113 ἦν
1626 3049 1815 3128 ἀνδρὸς
1839 3073 1851 3084 ’
1895 3053 1921 3104 ὁ

2053 3044 2458 3112 lelectabatur,
2487 3047 2534 3102 si
2566 3045 2715 3102 forte
2736 3046 2965 3102 animal
2994 3063 3184 3121 rapax
3202 3045 3685 3120 apparebat,sive

323 3137 390 3193 δέ
407 3160 471 3211 γε
500 3145 788 3214 σύμμικτος
823 3151 916 3198 καὶ
962 3145 1123 3208 πολύς
1160 3147 1302 3198 κάτω
1353 3165 1454 3198 που
1493 3148 1612 3218 περὶ
1658 3147 1720 3196 τά
1759 3144 1925 3217 κράσσ

2053 3149 2124 3188 eo
2156 3134 2515 3213 tributorum
2546 3141 2788 3190 exactor
2812 3133 3096 3191 intestina
3126 3140 3334 3190 nostra
3373 3134 3685 3191 devoratu-

310 3226 457 3282 πεδα
516 3238 610 3282 τοῦ
669 3236 821 3306 ὅρους
884 3237 1141 3305 εἱστήκει,
1230 3236 1394 3307 μόνης
1469 3240 1564 3294 τῆς
1645 3231 1923 3292 θεσπεσίας

2029 3237 2151 3292 rus,
2195 3221 2318 3278 sive
2361 3223 2658 3296 panthera
2687 3223 3010 3293 maculata,
3052 3223 3113 3279 id
3144 3229 3233 3278 est
3275 3221 3538 3296 dynasta
3582 3221 3661 3277 do

310 3320 494 3390 ἠχοῦς
545 3317 832 3392 ἀγαπητῶς
881 3321 1221 3397 ἀκροώμενος.
1281 3321 1478 3375 Πολλοῦ
1521 3341 1577 3392 γε
1625 3319 1815 3393 μᾶλλον
1863 3315 1922 3372 δὲ

2055 3311 2339 3379 nesticus,
2375 3313 2500 3368 sive
2534 3313 2717 3384 lupus
2747 3313 2943 3384 gregis
2972 3313 3255 3369 inimicus
3287 3320 3343 3368 et
3373 3311 3687 3368 insidiator

315 3415 413 3459 τοῦ
452 3413 636 3470 παντὸς
683 3407 790 3464 ἔδει
856 3417 952 3470 τὴν
1003 3417 1100 3470 σὴν
1146 3414 1501 3486 καταθαρσεῖν
1561 3407 1783 3472 ἔντευξιν
1825 3409 1920 3464 θη-

2055 3401 2406 3456 )rocesserit.
2425 3401 2487 3457 Hi
2510 3418 2724 3458 omnes
2750 3401 2911 3457 enim
2941 3406 2993 3458 te
3016 3407 3308 3476 prasente
3333 3400 3687 3459 abscondito

309 3500 430 3570 ρίον
487 3498 780 3570 όϊιποτοῦν9
843 3503 910 3562 ὡς
961 3500 1112 3574 ἐγγύς
1177 3503 1420 3572 γενέσθαι
1470 3504 1542 3572 μὴ
1603 3501 1732 3571 μετὰ
1799 3517 1922 3570 φρι’

2054 3490 2443 3546 :onsistebant
2466 3491 2620 3553 loco.
2655 3506 2729 3546 ne
2759 3491 2959 3546 verbis
2985 3491 3101 3547 tuis
3131 3489 3306 3562 quasi
3337 3489 3686 3546 totidemla—

309 3604 412 3646 κης
441 3591 533 3638 καὶ
584 3583 848 3660 δείματος,
918 3593 1017 3642 εἶτε
1063 3610 1143 3652 τις
1189 3589 1524 3662 φορολογικὸς
1572 3585 1633 3646 ἧν
1677 3586 1800 3638 λέων
1830 3591 1920 3638 καὶ

2055 3577 2270 3634 iidibus
2311 3585 2716 3650 tangerentur.
2753 3578 2903 3644 Quid
2943 3576 3214 3634 mirum?
3261 3578 3557 3650 siquidem
3612 3592 3687 3631 ne

311 3676 514 3744 ἔγκατα
575 3680 747 3730 πάντα
819 3677 1122 3750 λαφύσσων,
1183 3682 1282 3732 εἴτε
1367 3675 1631 3738 δυνάστης
1698 3672 1920 3738 ἐνδαπός

2056 3683 2199 3738 ’8888
2231 3669 2478 3741 quidem
2507 3667 2622 3741 ipsi
2651 3675 2702 3724 te
2743 3683 2949 3724 coram
2979 3665 3234 3724 immoto
3256 3667 3425 3723 vultu
3442 3681 3688 3738 aequave

317 3765 531 3837 ποικίλῃ
569 3772 796 3840 πονηρία
855 3771 1060 3830 στικτὸς
1111 3771 1234 3821 ὡσεὶ
1281 3763 1568 3840 πάρδαλις,
1630 3768 1724 3817 εἴτε
1767 3764 1922 3824 λύκος

2055 3761 2231 3812 nente
2249 3757 2514 3828 aspicere
2543 3757 2974 3821 sustinuerunt,
2999 3757 3141 3825 imo,
3162 3760 3226 3812 ut
3247 3755 3500 3817 alumni,
3529 3755 3687 3810 dicto

323 3849 500 3925 ἅρπαξ
567 3863 635 3924 τῷ
709 3861 939 3928 ποιμνίῶ
1021 3855 1287 3929 ἐμπίπτων
1366 3859 1454 3907 καὶ
1528 3854 1918 3926 λυμαινόμενος.

2055 3846 2342 3901 ιυιϋθηῑεεε
2369 3850 2426 3900 et
2450 3846 2759 3902 modestos
2783 3861 2846 3901 se
2877 3843 3185 3916 gerebant.
3229 3843 3444 3899 Psalmi
3465 3857 3687 3898 nomen

327 3941 596 4013 Πεφόϐπτο
624 3948 726 4021 γὰρ
785 3945 923 3997 ἅπαν
962 3953 1168 3998 τοιοῦτο
1225 3949 1316 3997 καὶ
1373 3948 1681 4018 περιίστατο
1730 3940 1922 4014 φυλατ-

2057 3935 2134 3990 )ei
2166 3940 2230 3990 ut
2273 3939 2575 3999 sanctum,
2626 3939 2689 3990 ut
2718 3935 2945 4000 lumen,
2993 3933 3118 3989 imo
3176 3938 3240 3987 ut
3275 3933 3478 4002 ignem
3509 3929 3689 3985 devo-

324 4033 556 4102 τόμενον,
595 4039 668 4106 μὴ
696 4019 826 4095 Ἵτοίς
875 4041 984 4095 σοῖς
1033 4034 1206 4105 λόγοις
1258 4036 1323 4093 ὡς
1371 4033 1533 4093 λίθοις
1591 4029 1920 4104 βεϐλήσεται.

2057 4028 2263 4078 antem
2278 4021 2627 4094 praedicant.
2661 4021 2972 4096 Seraphim
2985 4020 3295 4078 multoculi
3313 4019 3541 4076 vultum
3559 4019 3689 4091 ejus

326 4124 510 4172 Καίτοι
540 4142 591 4174 τι
645 4129 800 4175 τοῦτο
838 4125 904 4184 ὦς
958 4143 1012 4175 τι
1067 4123 1367 4194 θαυμαστόν
1420 4124 1644 4195 εἴρηται,
1703 4119 1784 4171 ὅτε
1834 4122 1925 4169 καὶ

2057 4127 2154 4168 ion
2193 4110 2434 4180 directe,
2475 4111 2580 4166 sed
2611 4127 2679 4166 ex
2715 4110 2966 4183 obliquo
2993 4115 3051 4167 et
3087 4110 3278 4166 oculis
3316 4107 3689 4180 semiapertis

317 4206 640 4282 βασιλεῦσιν
687 4215 866 4276 αύτοῖς
917 4211 1011 4264 ούκ
1050 4207 1310 4264 ἀσπουδεὶ
1365 4217 1536 4282 παρῆν
1589 4206 1924 4279 ἐντυγχάνειν

2058 4206 2413 4270 :ontuentur,
2447 4206 2504 4256 et
2541 4217 2757 4273 parum
2819 4200 2948 4256 alas
2997 4216 3140 4256 suas
3193 4199 3515 4272 explicant.
3555 4195 3690 4253 Pari

319 4317 426 4364 σοι,
459 4304 552 4351 καὶ
598 4303 668 4362 ὡς
716 4307 825 4363 τοῖς
878 4300 1070 4371 ἄλλοις,
1113 4298 1168 4352 ἐκ
1206 4306 1298 4351 τοῦ
1338 4300 1674 4372 ὑπέρφρονος,
1718 4300 1810 4348 σύν
1841 4299 1922 4347 αἰ-

2058 4289 2218 4346 nodo
2249 4288 2337 4346 sol
2359 4289 2453 4345 hic
2483 4289 2736 4344 visibilis
2759 4288 2831 4345 iis
2864 4294 3098 4345 tantum
3129 4294 3359 4344 astrum
3380 4285 3690 4358 jncundis-

315 4376 407 4439 δοῖ
445 4382 508 4440 δι
547 4387 740 4460 μᾶλλον
789 4393 879 4440 καὶ
926 4387 1212 4460 ύποστολῇ,
1279 4387 1460 4439 ὁποίαν
1516 4392 1666 4458 σχῖεν
1719 4386 1779 4435 ἄν
1836 4389 1925 4456 καὶ

2055 4381 2255 4436 ιὶωιιω
2288 4379 2520 4450 eritqui
2552 4377 2740 4434 radiis
2772 4377 2905 4449 ejus
2929 4377 3192 4433 fruentes
3218 4374 3483 4432 contenti
3531 4377 3687 4429 sunt.

315 4478 558 4546 μαθηταὶ
599 4480 727 4548 πρὸς
766 4471 1129 4543 διδάσκαλον;
1162 4465 1365 4548 θ’Λγιον
1419 4477 1508 4548 μὲν
1552 4473 1640 4525 οὗν
1693 4476 1780 4524 καὶ
1828 4491 1924 4544 φο-

2056 4470 2140 4534 )ui
2175 4473 2376 4523 autem
2399 4467 2576 4524 rectis
2604 4466 2753 4522 illud
2801 4466 2994 4523 oculis
3019 4465 3236 4538 intueri
3268 4481 3457 4521 ausus
3495 4463 3688 4530 fuerit,

319 4561 464 4636 ϐερὸν
497 4563 790 4637 ἀνυμνοῦσι
829 4570 888 4618 τὸ
929 4570 1090 4639 ὄνομα
1135 4571 1269 4618 Θεοῦ
1323 4565 1371 4616 οἱ
1422 4562 1643 4634 ψαλμοὶ,
1675 4564 1764 4612 καὶ
1795 4563 1924 4613 Θεὸν

2059 4557 2196 4614 ιιιυά
2228 4556 2476 4626 impune
2505 4561 2562 4610 et
2591 4572 2723 4610 cum
2750 4555 3018 4610 maximo
3041 4554 3204 4608 visus
3229 4553 3588 4608 detrimento
3609 4549 3691 4605 fe-

322 4651 479 4702 αύτόν
535 4654 593 4704 ού
651 4659 806 4726 μόνον
863 4675 984 4727 φως,
1053 4653 1182 4706 ἀλλὰ
1239 4657 1330 4704 καὶ
1393 4660 1497 4726 πῦρ
1544 4649 1923 4702 καταναλίσκον

2059 4647 2193 4703 :erit.
2227 4646 2317 4701 Sic
2350 4645 2453 4701 tibi
2483 4659 2728 4726 quoque
2771 4659 2951 4700 nemo
2980 4644 3094 4698 nisi
3125 4642 3306 4716 plane
3336 4638 3691 4716 imprudens

319 4735 564 4809 ᾄδουσι⁹
620 4748 711 4795 καὶ
764 4743 1153 4816 πολυόφθαλμοι
1205 4745 1456 4817 Σερᾳφεὶμ
1509 4739 1767 4813 βλέπουσι
1833 4741 1923 4810 μὲν

2059 4742 2089 4792 εἰ
2109 4736 2482 4800 temerarius,
2512 4735 2618 4790 tibi
2632 4733 2735 4806 qui
2754 4733 2939 4789 solem
2959 4732 3234 4788 divinum
3248 4731 3474 4797 reddis,
3488 4728 3691 4785 inania

321 4824 604 4891 διαπαντὸς
650 4834 837 4884 τούτου
899 4835 958 4884 τὸ
1044 4836 1325 4905 πρόσωπον
1381 4851 1394 4863 ·
1455 4829 1548 4880 οῦκ
1602 4827 1923 4899 ἀτενέσι-ερον

2056 4841 2287 4898 oquens
2316 4828 2421 4879 aut
2445 4823 2782 4893 incongrua
2812 4822 3039 4878 faciens
3073 4819 3688 4894 appropinquaverit:

320 4912 383 4970 δὲ
439 4920 899 4992 κατεμϐλέπουσιν,
948 4925 1065 4974 οὔτε
1129 4920 1244 4973 ὅλον
1287 4923 1376 4972 καὶ
1431 4919 1565 4979 ὅλοις
1623 4915 1920 4968 ἀναπεπτα-

2060 4915 2260 4988 [uicun
2288 4929 2383 4985 lue
2409 4911 2569 4968 enim
2598 4910 2708 4966 abs
2735 4915 2788 4967 te
2813 4901 3548 4983 reprehendebaturidem
3568 4905 3692 4979 pati

313 5010 492 5080 μένοις
534 5014 619 5061 καὶ
673 5015 924 5083 quaem,
973 5011 1058 5083 ὑφ’
1111 5011 1232 5063 ὅσον
1285 5012 1340 5062 αἱ
1394 5013 1660 5080 πτέρυγες,
1721 5007 1912 5068 αἰτιυές

2058 5002 2277 5059 ιυιεώειι
2288 5017 2472 5074 quam
2487 5000 2534 5055 si
2553 5005 2713 5056 terra
2727 5004 2864 5055 ante
2882 4997 3066 5070 pedes
3077 4997 3463 5052 dehisceret.'l
3481 5011 3518 5049 u
3531 4993 3690 5049 enim

308 5101 442 5150 ποτέ
469 5098 596 5151 εἰσιν
626 5101 681 5152 αἱ
719 5104 973 5175 πτέρυγες
1010 5095 1186 5165 αὗται,
1241 5097 1678 5171 παρεσταλμένοις
1731 5089 1790 5147 δὲ
1817 5114 1913 5146 πα-

2060 5109 2084 5150 1
2118 5089 2430 5149 tradendis
2468 5092 2770 5146 Musarum
2799 5087 3029 5143 artibus
3068 5101 3208 5142 vera
3247 5089 3302 5140 et
3341 5083 3615 5140 doctrina
3636 5083 3692 5137 et

297 5195 527 5263 ρορῶσι,
579 5194 673 5241 καὶ
726 5194 1134 5263 παρανοίγουσι.
1200 5193 1300 5240 Καὶ
1356 5189 1500 5248 ἣλιος
1572 5181 1631 5237 δε
1683 5182 1830 5244 οὗτος
1882 5183 1908 5234 ό

2053 5179 2341 5253 ἓίεοίριίηδ.
2367 5177 2658 5247 utebaris,
2707 5176 2877 5233 aliter
2901 5192 2971 5231 ac
2996 5176 3102 5231 ille
3132 5175 3228 5230 vir
3256 5177 3534 5229 strenuus
3565 5170 3685 5242 qui,

293 5277 582 5342 αἰσθητὸς,
634 5276 720 5338 οἷς
747 5295 838 5349 μεν
881 5275 1094 5351 ἀπόχρη
1136 5281 1301 5350 μόνων
1351 5273 1626 5326 ἀπολαύειν
1667 5270 1906 5337 ἀκτίνων,

2059 5279 2166 5327 este
2186 5271 2466 5334 Homero,
2486 5269 2782 5324 insontem
2801 5280 3036 5338 quoque
3049 5263 3244 5333 culpa:
3257 5259 3691 5318 accusarit.Ra-

290 5365 526 5431 ἥδιστος
583 5370 820 5444 ἀστέρων
873 5373 965 5420 καὶ
1003 5365 1106 5419 οἶον
1161 5365 1438 5438 ὀφθαλμοῖς
1491 5364 1632 5416 ἐστιν
1695 5362 1860 5433 ὄψεως
1893 5383 1906 5394 ·

2057 5359 2484 5425 ιοῐιθίιθωωοη
2509 5354 2885 5412 vehementia
2899 5354 3075 5423 duce,
3091 5351 3352 5407 sontium
3368 5366 3436 5406 ac
3449 5365 3689 5405 reorum

297 5459 344 5508 εἰ
381 5476 459 5519 τις
511 5455 572 5511 δὲ
635 5453 1004 5532 ἀναιδέστερον
1053 5454 1369 5508 ἀντιϐλέπειν
1401 5453 1531 5526 αὐτῇ
1581 5461 1642 5526 τῇ
1703 5455 1910 5523 πηγαίᾳ

2059 5451 2256 5506 nimos
2300 5447 2543 5520 culpam
2589 5444 3006 5501 confitentium
3056 5447 3113 5499 et
3158 5439 3689 5516 reprehensionem

295 5551 398 5596 τῶν
451 5545 676 5599 ἀκτίνων
738 5542 938 5618 σφαίρᾳ
993 5541 1385 5616 φιλονεικήσειε,
1455 5543 1638 5594 θᾶττον
1696 5538 1757 5590 ἂν
1812 5540 1908 5611 ύφ-

2046 5538 2153 5594 ritas
2184 5535 2632 5594 admittentium
2664 5533 2740 5589 ad
2784 5531 3204 5604 pcenitentiam
3248 5527 3678 5618 compellebas.

293 5633 396 5704 ἐξει
452 5633 616 5695 δίκην
674 5615 790 5697 τῆς-
831 5615 1167 5706 ἀσυμμέτρου
1231 5639 1346 5694 ταῖς
1389 5635 1569 5706 κόραις
1625 5628 1906 5701 ἀντοφθαλ-

2058 5628 2118 5684 ιὶο
2149 5624 2376 5698 tibi,vir
2395 5623 2661 5696 maxime
2680 5621 3221 5690 venerande,casta
3247 5623 3534 5703 venustas
3547 5615 3660 5696 ade
3673 5643 3690 5657 -
