4134 6394
475 381 578 438 351

1345 371 1719 433 MICHAELIS
1753 370 2135 431 ACOMINATI
2172 365 2613 433 ATHENARUM
2648 365 2982 429 ARCHIEP.

3735 367 3849 423 352

476 507 588 571 rat,
620 504 677 560 et
697 501 1214 559 incantamentum
1241 498 1644 558 honoriﬁcum
1671 501 1728 556 te
1753 501 1818 556 ut
1847 499 2128 556 sanctita-

2250 499 2470 560 μύσεως.
2523 495 2670 550 Κατὰ
2703 495 2874 553 ταυτα
2928 496 3019 548 καὶ
3072 497 3172 552 τῶν
3223 492 3548 572 προσιόντων
3596 509 3702 562 σοι,
3767 499 3849 566 τῷ

479 593 552 650 tis
573 589 1098 667 propugnaculum
1119 589 1345 663 ubique
1367 589 1841 664 sequebatur.’l‘u
1852 588 2130 645 homines

479 681 584 757 qui
613 697 650 737 a
670 680 964 754 principio
996 679 1198 736 minus
1221 683 1276 736 te
1297 678 1463 750 digni
1492 677 1873 749 videbantur,
1886 677 2133 734 rationis

479 774 538 827 et
565 769 854 827 orationis
885 767 1132 837 auxilio,
1168 783 1238 825 ac
1264 781 1709 840 nonnunquam
1731 780 1905 839 aquae
1921 761 2133 837 puriﬁ-

480 859 719 916 catoriee
737 873 851 932 ope
867 857 947 915 ad
969 857 1450 931 resipiscendum
1468 853 1924 930 perduxistiJlle
1947 853 2134 910 Clear-

481 948 654 1015 chus,
689 950 840 1004 Laco
870 947 1134 1020 natione,
1155 947 1560 1022 Xenophonte
1591 949 1760 1011 teste,
1781 943 2130 1013 vultutetro,

480 1051 666 1094 rauca
686 1035 1022 1092 admodum
1039 1051 1183 1093 voce
1202 1035 1519 1108 erat,quod
1530 1039 1732 1092 tamen
1744 1046 2136 1109 nequaquam

481 1124 797 1182 obstaculo
822 1123 931 1181 fuit
959 1125 1107 1197 quin
1128 1124 1416 1181 militibus
1461 1123 1584 1180 suis
1605 1123 1666 1180 in
1694 1137 1902 1196 pugna
1932 1120 2134 1194 splen-

482 1212 662 1270 didus
691 1212 1017 1285 hilarisque
1045 1213 1482 1283 antesignanus
1519 1211 1713 1268 fuerit.
1744 1213 1867 1267 Tua
1894 1224 2136 1266 morum

480 1303 693 1360 lenitas
718 1303 993 1374 jucundo
1023 1319 1261 1376 semper
1289 1307 1493 1360 tenore
1514 1299 1966 1358 occurrentibus
1994 1299 2136 1356 arri-

484 1393 577 1460 sit,
597 1392 779 1465 idque
812 1397 937 1449 tum
964 1392 1355 1466 quoque,ubi
1380 1393 1544 1464 justa
1567 1391 1655 1448 ira
1671 1391 1732 1447 in
1759 1390 1952 1447 malos
1968 1405 2136 1446 exar-

482 1482 944 1548 descebas.0uis
964 1486 1166 1540 autem
1187 1483 1297 1540 abs
1314 1487 1370 1540 te
1386 1483 1778 1554 vituperatus,
1800 1479 2136 1537 dummodo

480 1586 606 1628 non
633 1587 773 1627 cum
827 1571 1033 1628 anima
1074 1571 1177 1628 vili
1209 1575 1388 1641 esset,
1420 1587 1544 1628 non
1598 1573 1913 1627 contentus
1941 1569 2135 1635 fuerit,

479 1659 666 1717 verba
687 1659 942 1717 audiens
970 1661 1382 1722 consolatoria
1405 1660 1602 1731 magis
1635 1675 1821 1732 quam
1841 1659 2137 1733 vitupera-

480 1750 653 1816 toria,
683 1765 855 1806 rosas
880 1749 1018 1824 plus
1047 1766 1236 1824 quam
1264 1751 1468 1824 spinas
1499 1765 1572 1807 ea
1614 1748 2014 1806 aestimando?
2045 1747 2139 1805 Sic

2241 587 2360 646 καθ’
2402 587 2542 659 ἡμᾶς
2583 581 2953 661 θεοειδεστάτῳ
2992 583 3139 659 ἡλίῳ,
3188 582 3283 640 οὐκ
3319 579 3558 662 ἀνδρεῖος
3605 578 3687 654 ἦν,
3737 580 3853 636 ἀλλ’

2242 678 2398 738 ἄνους
2429 679 2520 734 καὶ
2582 674 2780 748 ἰταμὸς,
2846 672 3060 751 ἀγνοῶν,
3109 673 3228 728 ὅποι
3282 676 3405 730 ποτε
3459 667 3706 728 κινδύνου
3749 674 3851 739 cpi-

2240 785 2408 844 ρεται,
2440 767 2466 818 6
2496 769 2568 839 μὴ
2621 765 2758 818 πάνυ
2804 783 2858 817 τι
2889 763 3112 828 εὐλαϐῶς
3158 767 3390 837 προσιὼν
3432 766 3529 817 παὶ
3569 760 3852 837 πεφυλαγ-

2243 860 2411 930 μένος,
2489 859 2666 928 μήπου
2727 874 2780 907 τι
2857 852 3057 930 έκμελὶς
3113 853 3526 930 παραφέγξαιτο,
3584 852 3612 918 ᾖ
3675 850 3854 919 ἄλλως

2243 944 2704 1021 ύπαγροικίσαιτο.
2772 945 2842 997 Τὸ
2912 945 3013 1025 γὰρ
3081 941 3455 1017 έπετιμηθῆναι
3528 943 3674 1020 παρὰ
3747 946 3851 995 σοῦ

2242 1035 2357 1091 ἴσον
2416 1029 2445 1092 ἦ
2497 1040 2570 1104 τῷ
2627 1051 2685 1106 γε
2748 1035 3060 1107 μαινομένῳ,
3118 1036 3208 1086 καὶ
3269 1035 3359 1093 τὴν
3406 1034 3506 1104 γὴν
3555 1027 3854 1094 διαστῆναί

2243 1124 2294 1178 οἱ
2362 1123 2546 1180 αὑτήν.
2603 1122 2679 1176 Οὑ
2730 1125 2832 1198 γὰρ
2885 1121 3292 1199 ψυχαγωγῆσαι
3346 1125 3500 1195 μόνον
3565 1119 3852 1195 έμμούσως

2245 1209 2642 1284 έπαγωγότατος
2688 1208 2832 1271 ἦσθα
2868 1217 2958 1264 καὶ
3001 1215 3373 1286 χαριέστατος,
3417 1208 3546 1263 ἀλλὰ
3593 1214 3684 1262 καὶ
3731 1209 3854 1262 έπε-

2242 1300 2438 1364 πλῆξαι
2492 1297 2840 1364 παιδευτικῶς
2905 1299 3311 1376 ἐμϐριθέστατος
3353 1315 3370 1332 ο
3436 1299 3496 1353 ού
3564 1299 3700 1351 κατὰ
3755 1300 3852 1350 τὸν

2243 1389 2367 1465 παρ’
2403 1389 2611 1464 Ὁμήρῳ
2660 1385 2827 1443 δεινὸν
2875 1386 3066 1463 ἄνδρα,
3116 1389 3167 1451 ὃς
3217 1391 3363 1462 τάχα
3409 1407 3514 1456 κεν,
3559 1392 3710 1461 φησὶ,
3753 1389 3853 1440 καὶ

2245 1476 2474 1532 ἀναίτιον
2505 1478 2765 1552 αἰτιόῳτο.
2799 1481 2869 1532 Τὸ
2923 1481 3023 1553 γὰρ
3070 1478 3264 1551 εὑλόγῳ
3321 1482 3412 1532 καὶ
3459 1480 3651 1552 καιρίῳ
3690 1475 3852 1529 πλέον

2245 1567 2275 1626 ἧ
2310 1574 2380 1638 τῷ
2427 1563 2642 1642 σφοδρῷ
2699 1566 2925 1641 βάλλων,
2959 1565 3259 1642 έπέστρεφες
3317 1570 3407 1620 τὸν
3462 1568 3724 1632 ὑπαίτιον,
3776 1567 3855 1628 ὡς

2246 1653 2377 1731 μηδ’
2444 1656 2503 1708 ἂν
2583 1656 2739 1709 αὑτὸν
2795 1660 2880 1710 τὸν
2946 1655 3316 1730 ἐπιτιμώμενον
3379 1653 3727 1731 ἀπαρνεῖσθαι
3789 1656 3855 1709 τὸ

2247 1750 2319 1820 μὴ
2353 1745 2411 1798 ού
2453 1741 2674 1808 δικαίως
2733 1746 3054 1800 εὐθύνεσθαι.
3121 1747 3302 1806 Οὑτως
3349 1746 3379 1804 ἦ
3421 1747 3473 1798 τι
3525 1744 3860 1817 ἁγιοπρεπής

479 1855 594 1896 nec
621 1839 1031 1896 mansuetudo
1060 1844 1165 1896 tua
1195 1839 1324 1895 sine
1363 1839 1573 1896 aculeo
1617 1843 1762 1906 erat,
1819 1854 1942 1912 quo
1985 1853 2140 1912 opus

2250 1835 2412 1908 χάρις
2443 1831 2715 1908 ἐπεμειδία
2781 1853 2886 1905 σοι,
2944 1839 3312 1909 μακαριώτατα
3365 1829 3588 1904 ἀνδρῶν,
3648 1836 3737 1885 καὶ
3795 1836 3860 1889 τὸ

480 1927 746 1985 habebat
811 1927 890 1984 ad
936 1928 1062 1984 vim
1113 1927 1628 1985 admonitionibus
1674 1927 1978 1994 dandam;
2028 1942 2139 1984 nec

483 2017 814 2073 acrimonia
829 2017 1206 2088 jucunditate
1228 2017 1472 2074 carebat
1496 2035 1508 2074 :
1534 2021 1859 2090 utrumque
1881 2015 2040 2072 enim
2061 2016 2144 2072 fe-

481 2104 768 2162 licissima
797 2105 1050 2164 mistura
1079 2107 1497 2164 consociatum
1529 2111 1676 2163 erat.
1696 2109 1780 2162 Tu
1809 2106 1937 2179 ipse
1955 2105 2144 2178 probe

483 2193 642 2250 nosti
660 2193 807 2249 nihil
832 2210 1044 2251 eorum
1073 2211 1212 2272 quae
1242 2199 1348 2252 aut
1375 2212 1516 2252 cum
1547 2194 1766 2252 sudore
1797 2194 2139 2267 elaborasti,

487 2285 591 2339 aut
625 2295 734 2354 per
770 2281 987 2339 ludum
1017 2283 1433 2357 composuisti,
1480 2282 1812 2340 litterarum
1844 2281 2144 2339 studiosos

483 2369 713 2440 fugere,
755 2370 1055 2444 siquidem
1084 2387 1180 2430 res
1222 2376 1340 2428 tuae
1378 2372 1439 2428 in
1487 2371 1618 2428 foro
1649 2376 1706 2428 et
1734 2371 1846 2428 viis
1884 2369 2142 2446 publicis

484 2456 671 2514 fando
693 2459 956 2530 repetitae
981 2460 1044 2516 in
1072 2460 1465 2533 proverbium
1493 2460 1788 2517 abierunt.

489 2545 550 2606 ἦν
577 2549 699 2622 ὁρᾲν
725 2553 816 2600 καὶ
844 2553 1050 2623 τραχύς
1087 2559 1150 2624 τῇ
1209 2558 1345 2624 φωνῇ
1385 2572 1398 2585 ο

488 2634 733 2708 ἐφαίνετο.

2250 1922 2460 1997 φοϐερὸν
2523 1925 2694 1999 ὥσπερ
2748 1943 2800 1978 τι
2847 1925 2978 1977 θεῖον
3030 1923 3310 1996 ἁγιότητος
3359 1928 3640 1999 παρείπετο
3695 1918 3858 1998 δορυ-

2254 2017 2510 2088 φόρημα⁶
2573 2014 2641 2074 ὡς
2700 2016 2822 2075 τούς
2893 2012 3296 2086 ἐντευξομένους,
3358 2014 3715 2086 ὑφορωμένους
3781 2015 3856 2084 μὴ

2251 2109 2352 2155 τῶν
2415 2109 2518 2154 σῶν
2577 2107 2816 2178 χαρίτων
2862 2101 3142 2170 ἐκπέσοιεν,
3198 2103 3228 2162 ἣ
3282 2108 3394 2164 ταῖς
3435 2107 3554 2165 σαῖς
3603 2100 3861 2173 ἐπιτιμή-

2256 2210 2373 2244 σεσι
2429 2195 2778 2268 περιπέσοιεν,
2849 2194 3092 2264 συνάγειν
3161 2191 3348 2264 εὐλόγῳ
3407 2187 3514 2245 δέει
3569 2193 3655 2243 τὸν
3715 2196 3858 2256 νοῦν,

2251 2283 2515 2333 καὶκατά
2565 2284 2682 2343 τούς
2735 2279 3206 2354 τελεσθησομένους
3252 2283 3404 2354 μόνον
3471 2281 3529 2332 οὑ
3577 2277 3857 2354 περιρραν-

2251 2375 2444 2446 τηρίων
2513 2366 2723 2424 δεῖσθαι
2775 2372 3107 2446 καθάρσεων.
3174 2374 3276 2424 Καὶ
3337 2369 3602 2444 Κλέαρχος
3659 2370 3750 2443 μὲν
3829 2368 3856 2421 6

2256 2464 2578 2528 Λακωνικὸς,
2643 2462 2711 2522 ὦς
2767 2479 2868 2514 που
2898 2464 3126 2534 Ξενοφῶν
3169 2463 3433 2535 ἱστόρηκε,
3484 2463 3572 2512 καὶ
3629 2460 3857 2530 στυγνὸς

1455 2549 1583 2604 ἀλλὰ
1629 2554 1687 2604 τό
1744 2556 1977 2603 τοιοῦτον
2035 2551 2248 2621 στυγνὸν
2301 2548 2348 2601 ἐν
2400 2556 2510 2612 τοῖς
2572 2546 2782 2616 δεινοῖς,
2839 2554 2992 2622 φησὶ,
3052 2545 3274 2623 φαιδρὸν
3332 2554 3440 2612 τοῖς
3501 2552 3856 2621 στρατιώταις

813 2645 910 2690 Σοῦ
966 2635 1025 2692 δε
1074 2643 1166 2691 καὶ
1218 2643 1305 2692 τὸν
1362 2638 1440 2693 ἀεὶ
1487 2642 1576 2713 μεν
1629 2643 1819 2713 χρόνον
1875 2641 2134 2714 ὁρωμένου
2197 2642 2287 2690 καὶ
2344 2640 2713 2712 φθεγγομένου,
2768 2635 2990 2712 φαιδραὶ
3055 2647 3165 2700 τοῖς
3235 2636 3626 2714 προσομιλοὺσι
3679 2654 3856 2710 προσ-

489 2725 668 2796 εγέλων
718 2729 773 2778 αἱ
820 2729 1072 2801 χάριτες·
1127 2725 1448 2801 διεφαίνοντο
1504 2725 1562 2782 δε
1633 2725 1784 2782 οὐδὲν
1850 2730 2024 2797 ἧττον,
2084 2732 2173 2780 καὶ
2229 2730 2311 2781 ὅτε
2365 2727 2507 2800 ζήλῳ
2573 2725 2764 2800 δικαίῳ
2821 2729 3230 2804 παρεθερμαίνου
3287 2730 3420 2780 κατὰ
3474 2735 3572 2780 τῶν
3624 2726 3850 2799 μοχθη-

486 2817 706 2888 ροτέρων
767 2822 857 2868 καὶ
920 2814 1170 2890 δεομένων
1223 2823 1552 2894 τραχυτέρας
1614 2826 1708 2878 τῆς
1765 2816 2150 2890 ἐμϐριμήσεως.
2204 2822 2304 2870 Καί
2368 2820 2466 2870 πού
2537 2837 2614 2878 τις
2667 2815 3115 2891 ἐπιπληττόμενος,
3185 2821 3256 2890 μὴ
3321 2821 3458 2875 πὴνυ
3515 2836 3564 2868 τι
3632 2809 3853 2876 συὼδης

499 2907 550 2954 ὗν
632 2909 726 2963 τὴν
808 2905 1014 2978 ψυχὴν,
1083 2909 1236 2965 ἧττον
1304 2905 1475 2960 ἐδόκει
1535 2904 1822 2960 δάκνεσθαι
1893 2907 1922 2966 ᾖ
1980 2903 2227 2972 ἣδεσθαι,
2309 2906 2550 2979 μέμψεων
2608 2905 2871 2959 ἐπακούων
2959 2907 3302 2980 γλυκυθύμων
3358 2905 3508 2959 πλέον
3607 2901 3703 2958 διὰ
3791 2906 3856 2955 τὸ

484 2907 550 2954 ὤν
632 2909 726 2963 τὴν
808 2905 1014 2978 ψυχὴν,
1083 2909 1236 2965 ἧττον
1304 2905 1475 2960 ἐδόκει
1535 2904 1822 2960 δάκνεσθαι
1893 2907 1922 2966 ᾖ
1980 2903 2227 2972 ἣδεσθαι,
2309 2906 2550 2979 μέμψεων
2608 2905 2871 2959 ἐπακούων

1811 3001 1901 3047 καὶ
1960 2992 2142 3070 ῥόδοις
2199 3000 2436 3070 χαρίτων
2493 2999 2708 3049 πνέουσι
2753 2997 3064 3067 πάττεσθαι,
3124 2996 3154 3054 ἢ
3208 3000 3432 3072 κέντροις
3483 2993 3863 3067 ἐπιστρέφουσι

487 2995 697 3065 εὔχαρι,
757 2994 787 3053 ἢ
843 2991 1149 3068 δακεθύμων
1201 2994 1294 3049 διὰ
1341 3000 1400 3049 τὸ
1455 2995 1700 3068 ἐπίχολον
1743 3013 1756 3025 ⁶

489 3080 795 3154 βάλλεσθαι.
825 3086 1000 3146 Οὑτως
1031 3089 1146 3137 οὔτε
1193 3089 1251 3138 τὸ
1283 3088 1470 3159 χάριέν
1513 3105 1608 3137 σου
1639 3086 1883 3160 ἄκεντρον
1923 3081 1983 3144 ἦν
2015 3083 2294 3156 (ἀνειμένον
2338 3086 2437 3160 γὰρ
2484 3083 2544 3136 ἂν
2577 3082 2657 3153 ἧν,
2708 3089 2797 3138 καὶ
2840 3089 2968 3160 πρὸς
3010 3088 3280 3139 νουθεσίαν
3332 3084 3697 3160 ἀμϐλύτερον),
3740 3086 3862 3136 οὔτε

489 3174 548 3222 τὸ
613 3172 1020 3246 παροξυνόμενον
1077 3175 1248 3248 ἄχαρι
1302 3183 1374 3244 τῷ
1429 3193 1602 3226 παντι·
1658 3173 1929 3248 Ἐκάτερον
1996 3169 2056 3226 δὲ
2137 3169 2210 3226 δι’
2270 3173 2512 3248 ἑκατέρου
2586 3181 2918 3248 περιχωροῦν
2990 3176 3182 3248 ἄριστα
3261 3177 3574 3250 κεκραμένον
3655 3171 3860 3244 ἐγκατε-

489 3264 726 3332 μέμικτο.
769 3263 970 3314 Ούκοῦν
999 3267 1116 3315 τίνα
1144 3271 1243 3314 τῶν
1285 3271 1410 3331 σῶν,
1444 3263 1535 3316 εἴθ’
1573 3265 1673 3316 ὅσα
1702 3259 2057 3324 σπονδάζοντί
2089 3281 2173 3315 σοι
2210 3267 2519 3330 πεπόνηται,
2555 3266 2654 3316 εἴτε
2687 3263 3007 3336 σχολάζοντι
3063 3268 3350 3317 πέπαικται
3395 3266 3712 3338 χαριέντως,
3761 3259 3856 3314 οὑκ

491 3347 588 3400 ἀνὰ
609 3353 777 3422 στόμα
803 3358 909 3414 τοῖς
935 3351 1223 3424 φιλολόγοις
1249 3357 1500 3427 φερόμενα
1529 3350 1867 3426 περιάδονται
1891 3371 1905 3422 ;
1937 3358 2035 3405 *Ων
2058 3351 2150 3404 οὑκ
2183 3351 2332 3424 ὀλίγα
2351 3353 2480 3405 κάπὶ
2502 3358 2613 3414 ταῖς
2645 3351 2861 3426 ἀγοραῖς
2887 3357 2977 3406 καί
3003 3350 3237 3427 τριόδοις
3267 3352 3495 3406 ἀκούσαι
3551 3372 3632 3416 τις
3675 3354 3746 3412 ὡς
3792 3352 3862 3404 τὰ

493 3437 831 3512 παροιμιώδη
856 3440 1280 3516 περιλαλούμενα.

566 3527 733 3584 Tanti
779 3532 836 3584 et
865 3533 987 3586 tam
1035 3529 1184 3587 boni
1213 3531 1324 3586 viri
1367 3534 1626 3587 mortem
1645 3530 1842 3587 luctus
1871 3529 2146 3586 omnium
2179 3531 2219 3586 C

495 3614 712 3672 civium
747 3622 955 3674 secuta
1003 3622 1110 3686 est,
1147 3619 1481 3692 praesertim
1511 3620 1642 3691 ejus
1691 3619 1856 3675 urbis
1891 3634 2048 3692 quae,
2080 3620 2146 3674 ut

492 3719 647 3760 uxor
665 3707 879 3762 marito
896 3707 1318 3780 privata,luctu
1333 3724 1624 3781 oppressa
1643 3708 1814 3764 humi
1827 3707 2012 3774 sedet,
2026 3706 2150 3763 imo

493 3809 674 3851 omne
703 3796 974 3853 solamen
1003 3813 1290 3854 recusans
1317 3798 1377 3854 in
1399 3798 1666 3854 defuncti
1694 3797 1993 3854 tumulum
2010 3812 2151 3870 pro-

489 3883 650 3954 jecta
673 3885 824 3941 adeo
856 3887 1100 3943 maerori
1130 3887 1401 3960 indulget
1423 3893 1489 3943 ut
1515 3887 1801 3959 lacrymaa
1839 3886 2027 3960 ipsius
2055 3900 2152 3955 ge-

492 3987 604 4030 nas
649 3981 978 4046 permeent,
1032 3979 1099 4032 ut
1157 3992 1297 4032 cum
1345 3977 1600 4032 Jeremia
1655 3976 1870 4048 loquar
1904 3977 1945 4032 ³.
2013 3975 2152 4030 Jam

495 4061 657 4117 enim
698 4079 925 4120 corona
945 4065 1024 4120 ab
1057 4065 1187 4135 ejus
1220 4067 1411 4137 capite
1442 4065 1695 4137 delapsa
1721 4068 1867 4134 erat,
1915 4067 1971 4120 et
1997 4079 2151 4120 uxor

492 4149 799 4207 inhumari
837 4169 1022 4226 quam
1054 4155 1311 4225 conjuge
1341 4153 1564 4227 privari
1594 4152 1861 4209 malebat
1887 4171 1900 4221 ;
1933 4153 2056 4208 imo
2097 4152 2151 4208 si

491 4238 754 4307 daretur,
789 4257 852 4296 se
887 4242 1084 4315 ipsam
1122 4243 1340 4298 marito
1391 4242 1728 4298 sacriﬁcare
1755 4245 1969 4314 parata
2000 4245 2144 4307 erat,

491 4332 557 4384 ut
575 4328 740 4400 apud
762 4332 1215 4405 Xenophontem
1243 4331 1509 4390 Panthea
1536 4347 1690 4388 uxor
1719 4330 1919 4387 mariti
1940 4345 2151 4388 aman-

489 4416 744 4474 tissime.

2326 3529 2554 3592 Εἰκότως
2601 3526 2688 3582 οὖν
2727 3529 2810 3583 ἐπὶ
2859 3531 3092 3603 τοσούτῳ
3130 3534 3220 3584 καὶ
3266 3531 3430 3593 οὑτως
3459 3529 3641 3603 ἀγαθῷ
3697 3523 3858 3599 ἀνδρὶ

2253 3623 2344 3672 καὶ
2440 3618 2734 3691 κοινωφελεῖ
2811 3621 3198 3678 τετελευτηκότι
3272 3623 3440 3674 κοινὸν
3519 3623 3610 3672 καὶ
3673 3617 3856 3676 πένθος

2256 3708 2494 3761 ἁπάντων
2540 3711 2816 3762 καθίκετο·
2871 3708 3104 3782 μάλιστα
3169 3706 3228 3763 δε
3283 3717 3379 3772 τῆς
3448 3705 3587 3763 ἴδιον
3659 3706 3858 3779 ἀγαθὸν

2253 3797 2524 3870 λαχούσης
2579 3797 2765 3852 ἐκεῖνον
2822 3797 3034 3866 πόλεως,
3104 3801 3134 3860 ἦ
3203 3804 3293 3852 καὶ
3361 3807 3471 3868 νῦν,
3530 3801 3706 3872 ὥσπερ
3776 3815 3860 3858 τις

2254 3893 2460 3962 γενναία
2537 3893 2666 3962 γυνή
2726 3890 3036 3962 παρθενικόν
3115 3888 3279 3950 αύτῆς
3340 3885 3511 3962 ἄνδρα
3565 3888 3856 3958 πενθοῦσα,

2255 3979 2482 4036 κάθηται
2539 3983 2739 4051 χαμαὶ,
2792 3977 2980 4051 μᾶλλον
3038 3974 3096 4032 δὲ
3140 3982 3260 4055 περὶ
3316 3981 3404 4030 τὸν
3457 3973 3861 4052 πολυδάκρυτον

2253 4068 2412 4140 τάφον
2459 4065 2804 4140 κυλινδομένη
2858 4067 3266 4143 κατολοφύρεται
3328 4065 3704 4142 ἀραράκλητα·
3765 4069 3859 4120 καὶ

2254 4157 2320 4207 τὰ
2395 4151 2604 4227 δάκρυα
2696 4156 2875 4223 αὐτῆς,
2973 4160 3108 4211 εἴποι
3202 4156 3261 4209 ἂν
3343 4156 3591 4231 Ἱερεμίας
3669 4175 3857 4212 κατοι-

2254 4247 2464 4318 κτείρων
2521 4244 2681 4304 αύτῆν
2749 4249 2814 4306 ὡς
2865 4250 2960 4310 τὴν
3024 4245 3185 4302 πάλαι
3239 4250 3386 4314 Σιὼν,
3447 4244 3530 4299 ἐπὶ
3599 4249 3855 4316 σιαγόνων

2255 4332 2436 4396 αὑτῆς.
2484 4332 2674 4388 Ἐτεσε
2720 4335 2818 4409 γὰρ
2874 4336 2900 4387 6
2951 4339 3199 4409 στέφανος
3249 4344 3345 4400 τῆς
3382 4333 3608 4411 κέφαλῆς
3665 4333 3850 4399 αὐτῆς,

2252 4423 2344 4474 καὶ
2403 4425 2498 4480 τὴν
2569 4423 2731 4484 αύτὴν
2791 4420 3050 4477 ὑποδῦναι
3109 4433 3209 4497 γῆν
3266 4427 3368 4501 πρὸ
3423 4431 3514 4478 τοῦ
3579 4429 3846 4498 περιεῖναι,

2973 4160 3108 4211 εἴποι
3202 4156 3261 4209 ἂν

490 4512 804 4580 μονουμένης
843 4507 1054 4579 ἐκείνου,
1078 4512 1295 4565 τίθεται.
1328 4509 1389 4563 Εἰ
1416 4505 1467 4564 δ’
1497 4507 1634 4576 ἐξῆν,
1667 4507 1761 4562 κᾶν
1793 4507 2070 4583 ἐπέσφαξεν
2101 4508 2288 4571 ἑαυτὴν
2313 4517 2385 4583 τῷ
2409 4507 2582 4586 ἀνδρὶ,
2611 4514 2680 4575 ὡς
2718 4514 2748 4572 ἡ
2781 4516 2925 4587 παρὰ
2961 4521 3033 4586 τῷ
3062 4515 3344 4590 Ξενοφῶντι
3372 4513 3509 4575 καλὴ
3543 4518 3634 4568 καὶ
3671 4510 3852 4586 φίλαν·

492 4592 614 4670 δρος
645 4599 890 4656 Πάνθεια.

561 4688 695 4743 Hasc
729 4687 850 4745 fere
870 4691 1069 4745 autem
1085 4688 1301 4759 lugens
1316 4702 1688 4760 gemensque
1707 4685 1939 4743 dixerit:
1961 4708 1988 4736 ‹‹
2008 4687 2149 4753 Quis

2299 4688 2454 4763 .”Αγε
2481 4694 2584 4765 μὴν
2618 4689 2922 4768 ἐξάρχουσα
2971 4701 3064 4746 τοῦ
3114 4695 3302 4768 θρήνου
3353 4697 3488 4751 εἴποι
3517 4695 3579 4749 ἄν
3621 4732 3635 4747 .
3695 4715 3718 4744 ε
3761 4695 3852 4756 Τίς

491 4774 618 4832 sine
641 4777 865 4847 gemitu
897 4778 1221 4850 profundo,
1241 4777 1377 4850 quis
1399 4778 1527 4834 sine
1550 4777 1834 4850 lacrymis
1865 4777 2143 4835 nuntium

2255 4778 2458 4834 ἀκούων
2517 4779 2610 4833 ούκ
2653 4779 2713 4832 ἂν
2761 4779 3086 4846 ἐπιστενάξαι
3134 4781 3304 4860 βαρὺ,
3365 4788 3454 4838 καί
3499 4783 3852 4857 πολύκρουνον

490 4864 741 4923 allatum
763 4866 1060 4924 audiverit
1075 4867 1200 4924 ?Me
1225 4865 1543 4923 miseram!
1571 4866 1726 4923 Obiit
1747 4870 1952 4940 pastor
1981 4882 2144 4938 egre-

491 4954 624 5025 gius
650 4955 756 5027 qui
788 4957 974 5012 vitam
1013 4972 1122 5029 pro
1166 4971 1264 5012 me
1288 4955 1481 5024 dedit;
1509 4954 1765 5013 decessit
1789 4955 1875 5012 vir
1905 4956 2144 5030 sapiens

489 5044 598 5116 qui
627 5043 990 5100 multimoda.
1014 5043 1226 5100 virtute
1247 5042 1765 5110 valebat,antistes
1796 5060 1987 5116 meus,
2015 5061 2144 5104 ma-

492 5146 647 5200 gnus
693 5132 1058 5200 Eustathius,
1087 5147 1312 5188 nomen
1353 5131 1792 5204 venerandum,
1837 5133 2146 5192 celeberri-

491 5221 696 5276 mum!
732 5223 816 5275 Me
865 5221 1154 5276 miseram
1209 5236 1346 5293 quae
1404 5237 1700 5295 sponsum
1747 5223 2002 5297 perdidi,
2048 5223 2147 5281 cui

491 5307 806 5379 quondam
858 5307 1104 5365 feliciter
1145 5313 1338 5382 nupta
1380 5310 1484 5382 fui,
1539 5316 1594 5368 et
1640 5312 1744 5385 qui
1792 5311 1939 5370 mihi
1982 5328 2145 5370 nunc

493 5400 686 5452 morte
715 5401 955 5469 ereptus
986 5401 1075 5454 est
1099 5414 1112 5467 ;
1140 5397 1245 5471 qui
1274 5413 1489 5472 nuper,
1532 5405 1599 5457 ut
1635 5417 1776 5459 cum
1805 5401 2028 5459 Davide
2059 5402 2143 5459 lo-

493 5499 649 5557 quar
670 5485 712 5552 3,
763 5484 1055 5544 vestiebat
1093 5502 1192 5544 me
1223 5490 1468 5546 coccino
1497 5489 1558 5546 in
1583 5489 1808 5549 deliciis
1838 5495 1896 5551 et
1918 5491 2146 5565 praebe-

565 5663 588 5699 ²
615 5664 830 5725 Jerem.
856 5680 936 5736 ix,
973 5669 1058 5727 18.
1174 5668 1198 5706 ³
1227 5666 1384 5728 Psal.
1415 5683 1570 5740 κων,
1600 5671 1688 5728 t0.

2255 4865 2561 4922 έπισπένδοι
2613 4865 2876 4946 δάκρυον;
2931 4870 3160 4925 Τάλαινα
3224 4871 3323 4945 ἐγώ
3355 4889 3368 4903 ⁸
3429 4876 3638 4946 οἴχεταί
3685 4891 3776 4945 μοι
3824 4873 3852 4925 6

2253 4957 2409 5022 καλὸς
2469 4963 2694 5033 ποιμὴν,
2763 4962 2790 5013 6
2856 4965 2951 5020 τὴν
3021 4961 3208 5034 ψυχὴν
3280 4963 3406 5038 ὑπερ
3474 4961 3599 5036 έμοῦ
3665 4963 3851 5024 τιθείς.

2251 5050 2478 5120 Οἵχεταί
2503 5067 2596 5122 μοι
2625 5051 2650 5102 6
2702 5053 2881 5124 σοφὸς,
2912 5051 2938 5104 6
2995 5049 3157 5114 πολύς
3205 5056 3455 5105 παντοίαν
3486 5049 3694 5127 ἀρετὴν,
3735 5050 3855 5124 ἐμὸς

2251 5135 2568 5213 ἀρχιερεύς,
2635 5139 2661 5190 6
2729 5142 2893 5213 μέγας
2945 5139 3255 5212 Εύστάθιος,
3312 5141 3498 5215 οἴμοιὲ
3550 5145 3610 5194 τὸ
3669 5144 3855 5214 σεμνὸν

2249 5230 2337 5279 καὶ
2382 5226 2738 5300 πολυύμνητον
2801 5232 2982 5303 ὄνομα.
3038 5229 3201 5304 Ὠμοι
3239 5239 3302 5304 τῇ
3355 5227 3642 5304 δυστήνῳε
3696 5237 3856 5305 φροῦ-

2253 5311 2396 5377 δοςὸ
2443 5316 2595 5378 καλὸς
2637 5321 2852 5391 νυμφίος
2910 5318 3055 5393 ἐμοῦ,
3195 5319 3360 5374 πάλαι
3399 5323 3489 5395 μὲν
3531 5322 3631 5374 ὑπό
3676 5340 3857 5394 νυμφα

2249 5411 2408 5478 γωγῷ
2455 5414 2528 5478 τῷ
2593 5409 2848 5480 πνεύματι
2893 5408 3132 5482 εὐτυχῶς
3179 5412 3473 5486 ἣρμοσμαι,
3507 5417 3596 5464 νῦν
3645 5407 3706 5463 δὲ
3753 5411 3853 5464 θα-

2250 5495 2387 5568 νάτῳ
2462 5491 2771 5571 διέζευγμαι
2835 5493 3252 5572 δυστυχέστατα
3302 5519 3320 5538 ·
3378 5501 3432 5566 ὃς
3485 5503 3708 5574 ἔναγχος
3762 5501 3856 5574 μὶν
