4134 6384
294 257 398 317 333

1336 248 1657 316 MONODIA
1695 257 1768 316 IN
1814 258 2254 318 EUSTATHIUM
2299 257 2627 320 THESSAL.

3562 260 3673 325 334

289 382 579 456 (χρησάτω
646 382 750 458 γάρ
807 400 900 456 μοι
926 384 1020 436 καὶ
1069 377 1237 436 Δαυῖδ
1279 381 1334 436 ἐκ
1389 391 1490 436 τῶν
1543 383 1728 438 ἑαυτοῦ
1778 386 1903 459 θρή-

2014 384 2120 443 bat
2140 389 2500 444 ornamenta
2525 401 2709 444 aurea
2729 385 2910 443 cultui
2924 401 3084 454 meo,
3103 386 3165 444 id
3186 389 3278 445 est
3296 388 3670 447 orationibus

289 472 420 545 νων)
471 467 783 526 ἓνεδίδυσκέ
828 491 894 547 με
943 476 1179 526 κόκκινον
1236 477 1327 526 καὶ
1387 481 1627 550 χρυσοῦν
1684 479 1903 548 κόσμον,

296 565 418 623 τούς
453 561 840 635 πολυτιμήτους
897 565 1120 624 ἐκείνους
1189 566 1280 615 καὶ
1354 561 1624 640 λαμπρούς
1696 563 1902 636 λόγους*

299 657 391 703 νῦν
466 647 526 704 δὲ
594 659 892 712 σιωπῶντος
964 650 1424 724 ἀποκεκόσμημαι,
1514 657 1604 706 καὶ
1696 656 1906 726 ὀρφνινα

299 738 697 813 περιϐέϐλημαι,
767 745 859 793 καὶ
925 741 1011 793 οἷα
1091 740 1479 815 καταμελαίνειν
1563 738 1701 794 οἶδεν
1775 744 1903 816 ὑπὲρ

299 835 481 882 πᾶσαν
506 827 730 888 ἀσϐόλην
759 831 790 888 ἠ
820 825 1119 902 λιγνυώδης
1155 835 1245 884 καὶ
1269 833 1512 906 καπνηρὰ
1549 839 1644 894 τῆς
1683 835 1905 906 χηρείας

299 920 536 991 κάμινος.
615 922 700 977 Μὴ
787 917 1217 990 εύαγγελισάσθω
1280 938 1363 981 τις
1437 927 1500 992 τῇ
1569 918 1898 994 πρεσϐυτάτῃ

295 1005 470 1079 Ῥώμη
537 1009 622 1060 τὸν
677 1007 974 1061 Εὗσταθίου
1038 1011 1216 1083 μόρον,
1275 1004 1409 1081 μηδ’
1465 1006 1756 1081 ἆηειλάτω
1791 1016 1903 1072 ταῖς

294 1094 390 1148 ὑπ’
441 1095 598 1155 αὐτὴν
649 1095 933 1160 Ἰταλικαῖς
993 1096 1198 1167 πόλεσι,
1243 1101 1443 1170 μήποτε
1500 1096 1798 1170 ἐφησθωσιν
1854 1100 1903 1152 οἱ

294 1185 545 1249 ἀλαζόνες
606 1191 698 1240 καὶ
773 1188 1114 1262 ὑπερήφανοι,
1158 1192 1250 1240 καὶ
1287 1189 1382 1251 τὰς
1427 1185 1510 1241 ἐπὶ
1559 1183 1903 1262 δογματικοῖς

284 1274 637 1350 προϐλήμασι
723 1273 1058 1338 διαλεκτικὰς
1155 1276 1446 1352 προσϐολὰς
1539 1278 1900 1354 θαρσήσωσιν,

283 1363 349 1426 ἃς
389 1369 596 1436 τῳτέως
647 1363 1124 1442 ἁντιπεριίσταντο,
1154 1369 1213 1419 τὸ
1267 1374 1362 1430 τῆς
1419 1365 1612 1420 ἐκείνου
1670 1367 1902 1440 γλώττης

289 1455 507 1527 ἄμαχον
575 1455 916 1530 ὑφορώμενοι.
1001 1459 1272 1509 Πέπτωκεν
1341 1454 1494 1531 ἀνὴρ,
1569 1457 1629 1510 οὔ
1697 1463 1800 1520 πᾶς
1874 1458 1901 1512 ὀ

285 1546 489 1617 κόσμος
527 1543 624 1596 οὐκ
664 1539 726 1603 ἦν
783 1542 948 1607 ἄξιος·
989 1547 1244 1617 πέπτωκε,
1288 1543 1407 1617 φεῦῐ
1441 1546 1467 1597 ό
1509 1545 1784 1620 ὑπανέχων
1814 1566 1897 1620 με,

279 1633 311 1684 ὁ
348 1635 512 1706 φέρων
562 1632 722 1704 ὑψοῦ.
768 1637 866 1686 Καὶ
915 1641 1021 1695 πῶς
1077 1633 1172 1687 οὐκ
1222 1629 1330 1693 ἤδη
1379 1641 1642 1709 πεσοῦμαι
1695 1631 1902 1690 δειλαία

2014 474 2536 547 splendidissimis.
2566 478 2733 532 Nunc
2762 479 2965 532 autem
2995 476 3101 533 ubi
3129 476 3276 546 silet,
3312 485 3669 536 ornamcnto

2014 567 2214 634 exuta,
2278 563 2464 636 nigris
2527 563 2741 622 induta
2775 564 3044 621 vestibus
3093 564 3308 622 incedo
3330 571 3387 624 et
3415 568 3669 639 caligine

2013 651 2315 710 viduitatis
2341 653 2509 709 omni
2546 652 2859 724 nigredine
2888 653 3110 712 atriori.
3140 654 3307 712 Absit
3330 659 3395 713 ut
3410 656 3546 728 quis
3570 672 3668 712 ve-

2010 743 2118 798 teri
2170 746 2370 800 Romae
2428 748 2532 800 aut
2588 743 2815 800 caeteris
2874 743 3052 802 Italize
3099 745 3351 801 urbibus
3381 746 3669 810 Eustathii

2009 838 2268 890 mortem
2295 837 2363 890 ut
2398 833 2609 891 laetum
2639 833 2849 890 afferat
2872 834 3175 904 nuntium,
3217 850 3292 890 ne
3331 835 3575 908 superbi
3613 839 3671 892 et

2009 919 2198 977 invidi
2226 921 2302 978 de
2329 921 2678 979 calamitate
2720 926 2928 980 nostra
2956 921 3261 994 gaudeant
3290 928 3347 979 et
3388 939 3548 980 novo
3579 939 3670 981 ar-

2009 1008 2154 1067 dore
2182 1009 2324 1066 ﬁdei
2370 1011 2674 1084 quosdam
2711 1011 3142 1082 aggrediantur
3171 1010 3472 1078 articulos,
3504 1011 3670 1084 quod

2007 1098 2324 1172 hucusque
2353 1099 2548 1156 facere
2574 1099 2706 1156 ausi
2733 1115 2858 1156 non
2889 1102 3050 1171 sunt,
3068 1100 3360 1157 Eustathii
3389 1100 3672 1173 eloquen-

2011 1187 2154 1244 tiam
2177 1188 2478 1245 victricem
2505 1189 2800 1246 timentes.
2852 1188 2946 1246 Sic
2995 1187 3087 1245 vir
3116 1203 3148 1246 e
3200 1188 3350 1245 vivis
3400 1190 3666 1259 secessit,

2009 1294 2133 1350 quo
2155 1282 2314 1337 totus
2353 1296 2479 1338 non
2500 1281 2719 1352 dignus
2745 1283 2874 1337 erat
2893 1279 3181 1336 mundus.
3215 1281 3377 1337 Eheu
3403 1281 3414 1337 !
3454 1279 3673 1337 occidit

2007 1369 2356 1442 praesidium
2385 1385 2612 1427 meum.
2642 1373 2710 1426 Et
2735 1369 3047 1443 quomodo
3077 1373 3316 1440 egomet
3339 1368 3522 1426 rebus
3569 1369 3671 1426 de-

2009 1459 2261 1532 speratis
2290 1459 2427 1532 ipsa
2460 1475 2584 1517 non
2614 1458 2834 1516 cadam
2854 1459 2882 1513 ?
2914 1458 3030 1516 Diri
3058 1459 3312 1532 posthac
3331 1459 3549 1515 ﬂuctus
3569 1473 3669 1515 me

2007 1549 2468 1621 propugnaculo
2511 1548 2810 1622 privatam
2840 1547 3168 1618 vexabunt,
3189 1547 3296 1622 qui
3327 1551 3504 1605 antea
3542 1563 3670 1605 sco-
3735 1605 3737 1608 ί

2007 1635 2164 1709 pulis
2181 1637 2336 1695 allisi
2353 1637 2416 1695 in
2433 1653 2683 1712 spumas
2707 1637 2982 1694 abierant
2998 1637 3010 1692 ι
3035 1635 3208 1702 Quod
3226 1640 3466 1709 pratum
3484 1652 3669 1693 amoe-

277 1727 379 1774 κοιὶ
440 1720 600 1790 αὕτη,
665 1721 1096 1786 ὑποσπασθέντος
1161 1730 1253 1776 τοῦ
1329 1721 1735 1801 ὑπερείδοντοςς
1810 1730 1898 1789 Τίς

2011 1741 2152 1783 num
2207 1741 2371 1784 mors
2424 1726 2696 1798 vastavit,
2729 1725 2898 1799 quod
2921 1724 3148 1782 bellum
3177 1723 3462 1793 Siculum,
3499 1724 3670 1798 quod

283 1809 388 1863 οὐκ
447 1808 712 1864 ἱπικλύσει
773 1829 838 1884 με
900 1810 1147 1884 φλοῖσϐος
1218 1811 1492 1887 ὑϐριστὴς,
1575 1817 1662 1867 τόν
1735 1819 1898 1888 μέγαν

290 1897 716 1973 ἂποϐεϐλημένην
793 1899 1085 1974 προϐλῆτα,
1167 1906 1288 1976 περὶ
1361 1901 1414 1955 ὃν
1489 1902 1623 1965 ἄπας
1695 1901 1899 1958 κλύδων

292 1992 686 2064 προσαράσσων
753 1990 827 2052 εἰς
892 1989 1053 2065 ἀφρὸν
1119 1987 1386 2060 διελύετο;
1429 1992 1499 2046 Ὤ.
1535 1993 1639 2046 οἷον
1677 1993 1900 2068 λειμῶνα

281 2085 528 2155 χαρίτων
599 2081 818 2143 θάνατος
888 2078 1301 2155 ἐπιστρατεύσας
1371 2079 1602 2156 ἐδῄωσεν
1677 2084 1737 2137 οὗ
1809 2089 1900 2138 καὶ

283 2168 551 2230 Σικελικός
606 2168 850 2242 πόλεμος,
901 2173 1089 2246 καίπερ
1167 2166 1482 2244 διαφθείρων
1561 2173 1733 2227 πάντα
1788 2175 1900 2227 θεῖά

288 2277 346 2312 τε
409 2263 499 2310 καὶ
569 2257 870 2333 ἀνθρώπίνα
953 2260 1264 2335 πράγματα,
1323 2261 1386 2321 ὡς
1470 2258 1744 2332 ἀψαύστου
1809 2267 1900 2316 καὶ

295 2350 436 2422 ἱεροῦ
475 2367 612 2410 τινος
671 2348 864 2410 οἴλσους
912 2345 1188 2421 ἐφείσατοί
1242 2347 1310 2402 Ὢ
1351 2351 1454 2403 οἷον
1501 2353 1663 2426 μύρον
1719 2357 1900 2427 σοφίας

297 2436 372 2498 εἰς
433 2434 602 2510 ἄρδην
661 2436 1020 2512 κατέρρευσεν,
1081 2438 1238 2514 οὗπερ
1301 2446 1376 2510 τῷ
1442 2449 1747 2516 μαρτυρικῷ
1796 2461 1898 2516 μου

296 2528 466 2598 τούτῳ
529 2530 997 2602 προσεπιπνέοντος
1040 2523 1264 2587 ἣδιστον
1321 2527 1394 2591 εἰς
1448 2525 1619 2602 ὀδμὴν
1682 2537 1782 2593 πᾶς
1819 2551 1899 2594 τις

297 2614 570 2688 φιλόκαλος
624 2614 796 2669 ἔθεενῑ
839 2617 973 2688 Ἐγὼ
1026 2611 1086 2669 δὲ
1136 2619 1272 2670 κατὰ
1300 2620 1395 2676 τὴν
1433 2616 1482 2670 ἐν
1520 2619 1730 2692 ἄσμασι
1764 2623 1901 2693 νύμ-

295 2724 401 2778 φην
440 2703 490 2756 ἐν
539 2707 719 2778 μύροις
767 2703 1141 2779 ἐστηριζόμην,
1179 2709 1268 2758 καὶ
1306 2708 1490 2782 μύροις
1544 2704 1769 2781 διπλοῖς,
1827 2717 1901 2782 τῷ

287 2814 344 2848 τε
405 2792 495 2868 ἀφ’
561 2796 794 2867 αἱμάτων
859 2802 1194 2868 μαρτυρικῶν
1260 2799 1344 2849 καὶ
1409 2803 1481 2868 τῷ
1553 2795 1606 2860 ἐξ
1669 2795 1902 2872 ἱδρώτων

299 2880 691 2957 ἀρχιερατικῶν
755 2881 1107 2956 ἁπατμίζοντι
1139 2903 1152 2917 ·
1228 2888 1320 2936 καὶ
1393 2893 1484 2946 τῆς
1550 2883 1638 2938 ἀπ’
1713 2883 1902 2959 ἀμφοῖν

303 2966 538 3032 εὐωδίας
585 2978 830 3045 Χριστοῦ,
860 2974 1001 3025 κατά
1052 2971 1276 3041 Παῦλον,
1324 2975 1453 3046 χθὲς
1507 2976 1576 3036 εἰς
1603 2977 1693 3048 μὲν
1737 2975 1902 3048 ὀσμὴν

2007 1814 2214 1873 omnia
2237 1815 2442 1872 divina
2483 1819 2539 1872 et
2565 1814 2838 1871 humana
2872 1814 3126 1871 aediﬁcia
3170 1813 3486 1884 destruxit,
3541 1818 3668 1870 tan-

2007 1919 2195 1978 quam
2232 1903 2438 1962 lucum
2468 1903 2583 1961 diis
2631 1919 2872 1960 sacrum
2908 1903 3201 1959 intactum
3241 1901 3498 1974 reliquit.
3533 1903 3669 1958 Jam

2005 1995 2336 2067 pretiosum
2358 1993 2666 2066 sepientiae
2681 1992 3032 2050 balsamum
3047 1991 3365 2065 profusum
3381 1994 3486 2062 est,
3503 1989 3668 2063 quod

2007 2083 2211 2140 odoris
2242 2083 2540 2141 suavitate
2570 2097 2783 2140 omnes
2810 2081 2914 2155 qui
2942 2097 3037 2138 res
3061 2083 3418 2154 praestantes
3462 2082 3671 2136 amant

2008 2171 2233 2244 allexit;
2289 2176 2348 2230 et
2398 2187 2471 2229 ex
2499 2175 2757 2244 utroque
2815 2185 2928 2241 ego
2956 2170 3084 2226 heri
3136 2168 3472 2225 secundum
3502 2165 3672 2223 Pauli

2006 2260 2191 2319 verba
2220 2261 2436 2320 Christi
2461 2260 2702 2318 dulcem
2736 2259 2988 2316 odorem
3021 2257 3160 2314 vitae
3201 2255 3475 2328 gustavi;
3508 2270 3672 2311 nunc

2009 2354 2209 2407 autem
2257 2350 2466 2406 mortis
2525 2348 2800 2406 horribili
2843 2347 3028 2404 odore
3083 2345 3366 2402 suifocor.
3409 2344 3561 2400 Cum
3600 2359 3671 2400 eo

2007 2439 2132 2498 vita
2154 2439 2438 2496 defuncto
2461 2455 2530 2495 os
2555 2439 2909 2509 gratiosum,
2937 2437 3407 2492 instrumentum
3431 2449 3672 2506 magnae

2007 2527 2317 2598 libertatis,
2345 2528 2518 2601 periit
2543 2527 2554 2582 !
2611 2525 2796 2584 Labia
2828 2524 3170 2582 balsamica
3198 2524 3670 2592 obmutuerunt;

2008 2617 2219 2689 lingua
2245 2618 2556 2689 ignivoma
2601 2616 2888 2673 exstincta
2927 2619 3040 2672 est.
3072 2615 3115 2671 Ο
3141 2614 3376 2670 vultum
3397 2611 3672 2683 archety-

2009 2721 2158 2779 pum
2189 2720 2426 2762 summe
2459 2703 2898 2774 venerandum,
2930 2717 3254 2774 arcemque
3293 2699 3629 2774 prudentiae
3655 2699 3668 2756 Ξ

2012 2797 2056 2852 Ο
2081 2795 2289 2852 oculos
2312 2798 2634 2867 perpetuos
2663 2808 2820 2850 verae
2848 2790 3063 2848 laetitiae
3091 2789 3344 2860 indices,
3367 2789 3470 2862 qui
3501 2804 3671 2844 vere-

2011 2883 2319 2952 cundiam,
2341 2881 2446 2954 qui
2467 2881 2801 2938 castitatem
2819 2877 3348 2948 demonstrabatis,
3373 2877 3521 2948 quid
3543 2891 3675 2932 eva-

2013 2972 2168 3029 sistis
2189 2973 2217 3029 ‘2
2246 2972 2489 3038 Adesto,
2522 2969 2923 3042 Philosophia,
2961 2967 3190 3032 adesto,
3225 2965 3556 3030 Rhetorica,
3591 2963 3670 3020 ab

303 3059 680 3134 ὠσφραινόμην
737 3060 887 3132 ζωῆς,
927 3068 1017 3114 νῦν
1083 3057 1143 3114 δὲ
1189 3061 1403 3136 ῥιγίστη
1478 3064 1699 3116 θανάτου
1759 3061 1897 3139 ὀδμῇ

2013 3061 2316 3120 Eustathio
2333 3064 2644 3132 tantopere
2665 3057 2970 3132 promota!
2993 3055 3300 3113 Adesdum
3321 3059 3386 3111 tu
3404 3070 3671 3128 quoque,

299 3152 376 3214 εἰς
427 3153 646 3205 θάνατον
693 3150 1068 3226 ἀποπνίγομαι.
1121 3153 1244 3206 Οἴον
1295 3157 1464 3226 στόμα
1491 3157 1688 3230 χάρισι
1718 3154 1900 3231 βρύον,

289 3245 385 3295 καὶ
447 3240 749 3317 παρρησίας
804 3241 1018 3314 εὐλόγου
1075 3242 1304 3314 πέλεκυς,
1365 3243 1571 3298 ὕστατα
1622 3248 1844 3319 μέμυκεν
1886 3246 1898 3301 ι

290 3331 404 3384 Οἷα
468 3334 632 3404 χάρις
684 3330 901 3404 χειλέων
964 3335 1249 3404 μυρίπνους
1295 3334 1520 3405 κέχυται
1565 3336 1702 3388 κατὰ
1753 3335 1899 3408 γῆςι

296 3421 408 3473 Οἰα
457 3419 665 3492 γλῶττα
720 3425 1012 3494 πυρίπνους
1065 3419 1402 3480 ἀπέσϐηκενῐ
1469 3422 1648 3481 Ἡλίκη
1713 3420 1899 3484 διέπτη

297 3509 487 3584 φωνήε
555 3507 624 3561 Ὦ.
689 3517 885 3583 σχῆμα
945 3514 1037 3562 καὶ
1098 3514 1399 3586 πρόσωπον,
1462 3512 1902 3586 αὐτοσεμνότητος

291 3597 532 3672 ἄγαλμα,
603 3597 872 3661 εὐλαϐείας
965 3597 1286 3674 ἀκρόπολιςί
1362 3600 1431 3653 Ὢ.
1502 3606 1731 3676 ὄμματα,
1807 3610 1900 3666 τῆς

297 3686 446 3742 ἔνδον
504 3690 774 3762 σταθηρᾶς
811 3688 1038 3761 γαλήνης
1091 3689 1324 3762 ἄγγελοι,
1365 3689 1405 3742 ὢ
1446 3687 1629 3755 αἰδοῦς
1691 3692 1899 3765 λύχνοι,

303 3777 345 3826 ὣ
401 3779 729 3850 σοφροσύνης
789 3775 1032 3850 θάλαμοι,
1090 3785 1192 3830 ποῦ
1265 3797 1388 3831 ποτε
1461 3781 1716 3851 οἴχεσθε;
1759 3779 1903 3852 Δεῦρ’

303 3863 404 3935 ἷθι,
439 3863 714 3937 φιλοσοφία
740 3871 926 3938 σεμνή.
965 3864 1108 3941 Δεῦρ²
1148 3867 1245 3934 ἴθι,
1299 3863 1552 3939 χλιδῶσα
1600 3865 1674 3920 δι’
1716 3868 1905 3921 ἐκεῖνον

302 3954 581 4029 ῥητορική.
658 3957 994 4030 Παρομάρτει
1060 3959 1150 4008 καὶ
1219 3957 1305 4024 σὺ,
1371 3961 1710 4030 γραμματικὴ
1777 3960 1908 4030 μετὰ

302 4051 498 4118 χοροῦ,
559 4045 681 4106 ὅσος
718 4042 1010 4116 ἐγκύκλιος.
1073 4043 1224 4098 Καλῶ
1284 4047 1386 4120 γὰρ
1438 4047 1572 4120 ὑμᾶς
1603 4049 1668 4108 ὡς
1722 4049 1905 4120 σοφὰς,

300 4136 438 4186 κατὰ
485 4135 572 4186 τὸν
625 4139 917 4210 προφήτην,
950 4138 1041 4187 καὶ
1073 4136 1360 4210 θρηνούσας
1408 4136 1438 4196 ἦ
1492 4139 1903 4212 συνθρηνούσας,

293 4226 360 4285 ὡς
419 4226 870 4298 συγχηρευούσας
936 4222 1050 4297 ἐμοὶ
1102 4229 1325 4298 νυμφίου
1400 4235 1573 4280 κοινοῦ
1607 4249 1621 4262 ·
1697 4229 1777 4280 ὅτι
1833 4231 1904 4300 μὴ

297 4309 449 4366 δυοῖν
501 4309 754 4385 ἁδελφαίν
811 4311 1128 4387 ἐπιστήμαιν
1180 4316 1316 4368 κατὰ
1370 4318 1457 4368 τόν
1511 4319 1642 4370 θεῖον
1699 4316 1908 4388 Ἰακὼϐ,

294 4400 778 4456 ἀλγῶ--.ρ
1015 4400 1906 4437 -τ,.ρ,.,,,

529 4421 696 4454 ιασωδ
755 4402 1072 4466 απαξαπλως
1135 4423 1195 4462 ην
1262 4424 1389 4480 ανηρ
1440 4424 1466 4457 ο
1541 4425 1669 4481 ανηρ
1792 4403 1892 4460 ουδ

298 4493 474 4552 ἔθνους
529 4489 644 4553 ἑνὸς
703 4490 1001 4566 φυλάρχους
1059 4488 1290 4563 δώδεκα,
1331 4501 1430 4546 τῶν
1493 4491 1544 4547 δ’
1605 4497 1908 4568 ἑκασταχοῦ

302 4587 398 4641 τῆς
469 4580 767 4653 Ῥωμαῖκῆς
835 4580 1007 4657 ἀρχῆς
1085 4578 1284 4654 σχεδὸν
1338 4582 1552 4636 ἁπασῶν
1624 4583 1909 4645 ἐκκλησιῶν

305 4670 566 4740 ἡγεμόνας
619 4667 697 4722 δι’
758 4670 912 4723 αὐτὸν
971 4670 1313 4729 ἐτεκνώσατο.
1385 4672 1544 4728 Ὣστε
1607 4680 1698 4729 καὶ
1735 4677 1913 4739 πάσας

310 4754 590 4821 ἐκκλησίας
638 4761 708 4822 ὡς
757 4759 1004 4834 ὀρφανίας
1063 4766 1320 4837 προγόνου
1371 4770 1548 4816 κοινοῦ
1590 4767 1726 4817 κατὰ
1761 4764 1911 4838 λόγον

313 4847 618 4918 συγκαλέσω
673 4856 766 4902 τοῦ
819 4851 1008 4922 θρήνου
1070 4853 1530 4926 συναπάρχεσθαι,
1569 4857 1660 4906 καὶ
1696 4858 1796 4930 πρό
1855 4874 1913 4927 γε

309 4944 496 4989 πασῶν
555 4941 649 4996 τὴν
705 4938 1074 5012 πρεσϐυτάτην
1124 4939 1341 4993 ἁπασῶν
1397 4945 1618 5018 μητέρα,
1650 4947 1744 5002 τὴν
1799 4947 1913 4997 νέαν

309 5031 459 5094 Σιὼν,
497 5027 565 5090 ὡς
626 5036 720 5080 τοῦ
776 5028 1080 5100 καλλίστου,
1113 5031 1165 5083 ὃν
1228 5031 1431 5103 ἠγάπα,
1466 5035 1714 5095 πεσόντος
1779 5035 1914 5087 κατὰ

305 5119 405 5175 τὴν
462 5121 792 5192 προφητικὴν
851 5116 1086 5177 ἀπειλήν.
1165 5119 1317 5172 Οὕτω
1371 5122 1473 5194 γὰρ
1537 5127 1914 5198 τραγικώτερον

303 5212 702 5282 περιστήσομαι
766 5207 954 5260 κύκλον
1012 5208 1083 5271 εἰς
1131 5207 1406 5272 ξυναυλίαν
1474 5211 1684 5272 πένθους
1740 5218 1914 5265 κοινοῦ

288 5301 386 5352 καὶ
463 5302 720 5372 συμφορᾷ
797 5304 944 5371 κοινῇ
1012 5301 1312 5373 πρέποντος.
1380 5298 1448 5353 Ἦ
1522 5319 1622 5353 που
1687 5304 1778 5354 καὶ
1851 5303 1915 5364 ὡς

293 5390 567 5463 Αἴγυπτος
605 5386 697 5442 ἐπὶ
736 5385 870 5442 πολὺ
913 5389 1001 5443 τὸν
1049 5386 1239 5446 Ἰακὼϐ
1281 5396 1391 5456 τοῖς
1419 5393 1538 5467 περὶ
1573 5391 1661 5446 τὸν
1721 5390 1915 5465 Ἰωσὴφ

362 5567 653 5650 μοι-θαι.
683 5581 766 5647 gx,
801 5570 898 5630 17,

1937 4453 1984 4512 D

2014 3151 2435 3221 Grammatica,
2465 3165 2605 3207 cum
2640 3147 2994 3205 satellitibus
3038 3145 3175 3203 tuis.
3211 3144 3674 3201 Lamentatrices

2010 3258 2120 3300 vos
2148 3246 2348 3300 statuo
2371 3240 2694 3312 sapientes,
2716 3237 3052 3294 secundum
3081 3235 3269 3292 verba
3295 3235 3609 3308 prophetes
3629 3233 3672 3301 ‘,

2012 3336 2096 3403 ut,
2135 3330 2337 3387 viduae
2377 3345 2516 3385 cum
2572 3327 2696 3384 sitis
2727 3331 2784 3383 et
2821 3327 2989 3399 ipsae,
3021 3339 3319 3396 magnum
3377 3336 3675 3396 sponsum

2011 3435 2252 3477 mecum
2278 3416 2598 3491 plangatis.
2632 3419 2762 3473 Non
2792 3415 2953 3471 enim
2979 3418 3218 3471 tantum
3255 3411 3335 3469 ad
3361 3411 3549 3469 instar
3586 3413 3678 3468 Ja-

2014 3509 2150 3566 cobi
2179 3507 2558 3581 patriarchas,
2591 3504 2872 3562 scientias
2912 3502 3186 3572 geminas
3232 3516 3452 3556 uxores
3499 3499 3678 3556 duce-

2013 3600 2138 3667 bat,
2162 3597 2268 3653 sed
2297 3596 2573 3653 omnium
2599 3611 2720 3651 una
2743 3592 2995 3650 maritus
3029 3595 3185 3659 erat;
3217 3605 3330 3646 nec
3363 3589 3544 3644 unius
3568 3604 3675 3660 po-

2014 3687 2142 3761 puli
2169 3686 2353 3742 duces
2373 3699 2628 3741 numero
2649 3683 2881 3749 decem,
2913 3681 3018 3737 sed
3042 3679 3318 3736 omnium
3343 3677 3677 3749 provincia-

2013 3793 2150 3834 rum
2183 3779 2592 3831 Romanarum
2622 3771 2806 3827 duces
2837 3769 3191 3843 procreavit.
3226 3771 3389 3823 Hanc
3420 3767 3501 3823 ob
3540 3782 3678 3823 cau-

2015 3881 2149 3923 sam
2161 3879 2370 3921 omnes
2383 3862 2648 3919 civitates
2670 3875 2784 3917 avo
2797 3857 3107 3915 communi
3119 3856 3364 3912 orbatas
3383 3855 3444 3911 in
3463 3854 3677 3928 spiritu

2015 3969 2283 4013 convoco
2325 3957 2392 4009 ut
2439 3950 2749 4024 planctum
2801 3963 3042 4004 mecum
3090 3945 3329 4013 ineant;
3390 3944 3496 3999 sed
3535 3947 3674 4000 ante

2015 4059 2226 4101 omnes
2245 4040 2519 4098 omnium
2543 4039 3022 4103 avitam,novam
3046 4035 3306 4098 Sionem,
3331 4032 3504 4103 cujus
3525 4048 3676 4104 prae-

2018 4131 2421 4190 stantissimus
2483 4127 2645 4184 ﬁlius
2700 4125 3063 4197 (secundum
3110 4121 3421 4196 prophetae
3468 4119 3671 4190 verba)

2016 4237 2200 4295 quem
2229 4220 2402 4276 unice
2456 4215 2762 4286 diligebat,
2789 4212 3064 4270 decessit.
3112 4215 3198 4268 lta
3247 4210 3410 4267 enim
3456 4208 3678 4281 majori

2015 4311 2349 4382 lugentium
2377 4311 2618 4364 caterva
2648 4305 2902 4377 stipatus
2928 4319 3052 4374 ero,
3074 4305 3139 4358 ut
3162 4301 3224 4356 in
3251 4298 3560 4356 communi
3583 4314 3677 4356 ca-

2017 4401 2281 4457 lamitate
2313 4395 2611 4455 convenit.
2643 4391 3169 4459 Quemadmodum
3211 4389 3372 4445 enim
3412 4387 3680 4461 Aﬂgyptii

2019 4506 2158 4548 cum
2185 4487 2444 4559 Josepho
2488 4485 2743 4556 ejusque
2775 4480 3005 4538 familia
3036 4478 3330 4537 Jacobum
3360 4477 3466 4533 diu
3511 4476 3680 4547 luge-

2017 4581 2184 4651 bant,
2212 4579 2294 4634 ita
2319 4575 2489 4632 multi
2518 4572 2700 4630 exteri
2730 4587 2869 4627 cum
2909 4569 3167 4627 Romazis
3199 4567 3389 4624 salem
3439 4570 3680 4639 aposto-

2017 4671 2198 4728 licum
2230 4671 2423 4735 terrae,
2448 4664 2635 4721 solem
2678 4660 2943 4718 universi
2972 4657 3386 4729 evangelicum
3415 4657 3522 4730 qui
3539 4656 3682 4713 hinc

2018 4760 2160 4817 inde
2183 4755 2420 4813 virtutis
2444 4769 2514 4809 ac
2548 4750 2856 4823 sapientiae
2878 4748 3264 4822 splendorem
3286 4746 3560 4814 effundit,
3582 4745 3683 4803 de-

2022 4848 2243 4906 siderio
2274 4860 2384 4901 suo
2437 4843 2904 4916 prosequuntur.
2956 4837 3059 4893 Hic
3103 4836 3264 4893 enim
3305 4835 3398 4892 sol
3441 4850 3563 4891 non
3602 4834 3683 4891 ad

2020 4954 2119 4997 me
2140 4936 2358 5002 solum,
2379 4933 2487 4989 sed
2509 4946 2615 5004 per
2635 4929 2980 4985 universam
2993 4925 3219 4981 almam
3236 4928 3454 4981 terram
3478 4923 3683 4979 radios

2024 5043 2169 5086 suos
2197 5023 2414 5082 emisit.
2446 5024 2614 5078 Nunc
2637 5021 2863 5087 autem,
2891 5013 2997 5070 ubi
3025 5011 3366 5069 communis
3407 5010 3682 5066 omnium

2021 5119 2251 5192 pharus
2309 5111 2601 5170 exstincta
2641 5107 2820 5178 jacet,
2876 5102 3070 5173 caligo
3121 5115 3248 5158 non
3296 5099 3520 5165 brevis,
3572 5099 3683 5155 sed

2022 5209 2327 5276 diuturna,
2355 5203 2480 5260 imo
2501 5203 2724 5256 aeterna
2752 5193 3026 5252 tellurem
3046 5193 3327 5262 occupat,
3347 5193 3679 5262 postquam

1969 5305 1975 5314 '
2024 5295 2369 5371 sepulcrum
2416 5288 2582 5348 sidus
2649 5297 2998 5371 coruscans,
3029 5279 3377 5371 devoravit:
3411 5282 3538 5371 Per
3566 5279 3682 5336 has

2024 5367 2326 5457 tenebras,
2375 5375 2740 5444 animalibus
2775 5369 3100 5447 rapacibus
3145 5385 3216 5430 ac
3243 5368 3478 5430 furibus
3517 5367 3682 5442 justo
