4134 6382
485 281 588 342 355

1337 270 1712 338 MlCi-IAELIS
1750 267 2136 331 ACOMINATI
2173 266 2607 330 ATHENARUM
2641 259 2970 332 ARCHIEP.

3735 275 3838 330 356

481 407 815 474 amiciores,
841 423 962 480 que
990 423 1086 464 me
1118 405 1402 463 miseram
1433 400 1744 459 calamitas
1765 397 1997 454 manet!
2022 397 2133 454 Pu-

2251 398 2638 464 συνεπένθὴσεν,
2707 398 2840 450 οὕτω
2905 400 2996 449 καὶ
3077 404 3176 448 τῶν
3269 395 3598 470 ἑτεροφύλων,
3660 398 3841 452 πολλοὶ

478 498 730 555 blicanis
778 503 836 555 et
880 497 1263 569 vectigalium
1295 491 1674 550 exactoribus
1709 488 1916 562 praeda
1943 488 2134 544 facilis

479 592 535 644 et
556 593 726 657 grata
757 603 880 654 ero,
911 603 1098 660 quam
1154 590 1362 658 pastor
1407 579 1681 652 egregius
1719 594 1841 634 non
1869 577 2131 649 amplius

478 676 756 744 custodit,
790 692 1057 748 curaque
1083 671 1423 744 particulari
1457 687 1527 726 ac
1556 666 1950 724 sollicitudine
1987 681 2131 738 pro-

479 767 769 838 sequitur.
810 767 1103 822 Somnum
1146 765 1308 820 enim
1338 766 1626 818 aeternum
1657 756 1881 814 dormit
1930 759 2132 812 Eusta-

475 853 636 911 thius
667 855 797 911 telis
820 860 1058 920 exutus,
1091 853 1314 926 quibus
1340 867 1451 906 nos
1475 852 1682 905 contra
1713 846 1905 903 malos
1929 845 2132 901 defen-

475 942 693 1011 debat;
727 959 850 1014 qua
876 949 1082 1015 pastor
1101 942 1248 997 alter
1275 937 1527 996 Davides
1552 939 1573 972 5
1609 940 1735 992 erat
1775 934 1880 1006 qui
1925 949 2131 989 ursum

477 1047 549 1087 ac
596 1031 836 1087 leonem
867 1037 1192 1103 raptorem,
1227 1044 1339 1085 ove
1382 1043 1413 1084 θ
1451 1025 1592 1097 gula
1641 1030 1864 1095 erepta,
1895 1022 2132 1090 occidit,

483 1142 504 1170 ε
543 1119 940 1192 sicutpastor,
969 1124 1117 1174 teste
1149 1118 1451 1189 Scriptura
1479 1116 1522 1186 ⁸,
1556 1114 1630 1169 de
1660 1127 1761 1168 ore
1789 1111 1979 1168 leonis
2009 1111 2132 1167 duo

477 1223 654 1264 crura
678 1213 780 1264 aut
810 1213 1144 1263 extremum
1201 1203 1483 1262 auriculae
1512 1202 1682 1258 eruit.
1723 1222 1750 1250 »
1804 1205 1918 1256 Aut
1971 1199 2131 1256 enim

478 1296 556 1352 ad
603 1296 927 1352 Dominum
978 1310 1184 1368 preces
1215 1293 1442 1359 effudit,
1476 1296 1581 1347 aut
1624 1305 1836 1360 regum
1892 1289 2131 1344 animos

477 1385 796 1458 permovit,
855 1389 912 1439 et
963 1383 1126 1438 mala
1156 1383 1396 1439 fortuna
1442 1379 1702 1436 evanuit.
1762 1380 1928 1433 Nunc
1965 1392 2129 1442 vero,

477 1473 628 1546 proh
659 1472 862 1527 dolor!
897 1477 1220 1544 postquam
1248 1469 1433 1544 quieti
1455 1485 1518 1524 se
1546 1467 1797 1523 daturus
1829 1465 1889 1522 in
1915 1465 2132 1520 lectulo

475 1560 866 1622 recubuisset,
891 1575 988 1615 me
1015 1560 1360 1626 insalutato,
1382 1557 1544 1613 diem
1574 1555 1721 1611 obiit
1752 1569 2127 1627 supremum.

475 1653 658 1704 Tanto
686 1649 812 1705 viro
842 1649 1155 1720 quomodo
1190 1648 1407 1703 misera
1440 1661 1552 1715 ego
1590 1651 1895 1717 superstes
1929 1658 2030 1699 ero
2050 1643 2079 1697 ?
2103 1664 2125 1691 ι

470 1755 678 1798 παντως

783 1733 1136 1808 δασμολόγοις
1229 1735 1598 1808 βρωθήσομαι,
1667 1735 1737 1792 ὡς
1825 1732 2006 1803 ἑτοίμη
2082 1735 2173 1783 καὶ
2242 1729 2413 1801 ἀγαθή
2499 1731 2646 1802 θήρα,

2237 485 2508 558 Ῥωμαίοις
2584 486 3017 560 συνολοφύρονται
3084 490 3310 553 τουτονὶ,
3372 489 3433 538 τὸ
3498 485 3840 540 ἁποστολικόν

2240 571 2368 635 ἅλας
2434 582 2525 635 τῆς
2598 583 2720 646 γῆς,
2794 580 2885 628 καὶ
2959 579 3162 647 κόσμου
3245 578 3440 636 παντὸς
3509 575 3841 648 εὕαγγελικὸν

2241 663 2406 732 ἣλιον,
2469 671 2559 717 καὶ
2597 667 2665 726 ὡς
2715 663 2800 717 ἀπ’
2846 666 3009 737 ἄκρου
3065 671 3156 717 τοῦ
3213 664 3432 738 ούρανοῦ
3486 661 3847 739 διὶκνούμενον

2240 755 2330 813 ἓως
2370 754 2533 828 ἄκρου
2577 761 2670 805 τοῦ
2721 753 2941 826 ούρανοῦ
2992 758 3178 825 σοφίας
3227 757 3314 805 καὶ
3365 753 3552 826 ἀρετῆς
3589 755 3847 829 περιλάμ-

2238 840 2414 912 ψεσιν.
2469 841 2526 893 Εἰ
2572 844 2674 916 γὰρ
2713 847 2805 894 καὶ
2852 844 2920 904 ὡς
2960 841 3008 894 ἐν
3053 839 3225 914 δίσκῳ
3263 851 3334 914 τῷ
3399 844 3516 896 κατ’
3569 841 3654 916 ἔμε
3691 864 3846 919 περι-

2240 929 2372 983 ϐόλω
2437 933 2828 1004 περιεγράφετο,
2898 930 3024 984 ἀλλὰ
3087 933 3178 992 τὰς
3261 929 3470 995 ἀκτῖνας
3543 933 3596 994 ές
3671 935 3849 987 πάντα

2239 1016 2568 1092 πολυφόρϐου
2607 1023 2830 1092 πείρατα
2875 1023 3034 1090 γαίης
3079 1019 3311 1079 ἐξέτεινε.
3364 1024 3466 1072 ’Καὶ
3511 1028 3599 1072 νῦν
3644 1024 3849 1092 τούμοῦ

2239 1112 2330 1159 καὶ
2411 1114 2586 1158 κοινοῦ
2672 1105 2976 1181 λαμπτῆρος
3066 1106 3435 1174 ἐκλελοιπότος,
3516 1112 3696 1169 σκότος
3768 1118 3849 1181 τῷ

2238 1200 2396 1249 παντὶ
2462 1191 2832 1266 σχεδιάζεται,
2893 1195 2986 1248 οὕκ
3053 1195 3102 1248 ἐν
3139 1201 3304 1268 μορίῳ
3353 1201 3550 1267 χρόνου
3617 1196 3849 1272 βραχεῖ,

2241 1284 2349 1336 ἀλλ’
2397 1283 2443 1344 ἐς
2497 1286 2584 1335 τὸν
2625 1281 2702 1336 ἀεὶ
2755 1289 2844 1336 καὶ
2884 1284 2955 1344 εἰς
3007 1286 3129 1337 ὅσον
3181 1286 3206 1336 ὁ
3267 1289 3513 1356 στυγερὸς
3563 1286 3708 1347 οὕτος
3747 1295 3848 1340 τοῦ

2238 1377 2402 1446 τάφου
2477 1372 2693 1445 λύχνος,
2760 1376 2825 1433 ὡς
2895 1373 3074 1446 λύχνῳ
3146 1370 3395 1446 μέδιμνος
3461 1372 3843 1448 ἁντιφράττων,

2239 1463 2664 1536 ἐπιπροσθήσειν.
2733 1461 2856 1515 Ὑπὸ
2948 1459 3009 1515 δὲ
3092 1463 3231 1536 ζόφῳ

2239 1557 2330 1604 καὶ
2380 1553 2539 1624 θηρσὶ
2581 1555 2768 1613 νυκτός
2814 1554 3062 1623 ἀμείνονι,
3093 1556 3146 1603 τί
3189 1561 3288 1604 τῶν
3321 1549 3501 1605 δεινῶν
3545 1555 3574 1612 ἡ
3619 1556 3851 1626 σχετλία

2241 1641 2300 1693 ού
2392 1645 2643 1712 πείσομαι
2690 1656 2704 1706 ;

3317 1459 3484 1531 τοὶῷδ
3487 1483 3527 1535 ε,
3595 1465 3849 1530 κλέπταις

2808 1643 3019 1703 Πάντως
3107 1641 3406 1713 φορολόγοις
3481 1648 3782 1716 εκκείσομαι
3831 1668 3846 1680 ο

2733 1735 2824 1782 καὶ
2918 1737 3026 1792 τοῖς
3126 1728 3551 1804 ἁνθρωποφάγοις
3645 1737 3854 1795 τούτοις

477 1827 664 1898 θηρσὶν
740 1822 976 1885 ἔκδοτος·
1055 1826 1246 1876 Οὐκέτι
1317 1825 1421 1896 γὰρ
1497 1821 1888 1896 ἐπαγρυπνήσει
1955 1839 2046 1891 μοι
2110 1818 2299 1879 ἐκεῖνος
2363 1819 2389 1869 ό
2457 1823 2619 1890 μέγας
2681 1817 2804 1890 ἐμὸς
2867 1824 3084 1892 ποιμήν,
3127 1825 3218 1872 καὶ
3278 1825 3490 1892 μυρίοις
3557 1818 3852 1897 διεγρηγο..

473 1917 581 1985 ρὼς
655 1917 888 1984 ὄμμασιν
921 1931 936 1944 ο
997 1912 1055 1964 οὕ
1106 1911 1316 1984 φυλάξει
1379 1913 1559 1971 νυκτὸς
1615 1913 1706 1961 καὶ
1767 1909 1880 1980 μεθ’
1945 1909 2141 1980 ἡμέραν
2179 1906 2257 1960 ἐπ’
2315 1906 2401 1978 ἐμὲ
2464 1906 2694 1978 φυλακὰς
2724 1928 2737 1939 ο
2805 1904 3050 1960 καθεύδει
3105 1910 3207 1981 γὰρ
3267 1909 3424 1961 ὕπνον
3499 1913 3653 1971 ὤτως
3710 1933 3854 1984 παγ-

473 2010 639 2075 κρατῆ
719 2006 809 2052 καὶ
885 2009 977 2053 τοῦ
1054 2003 1308 2060 συνήθους
1363 2004 1701 2072 μακρότερον
1779 1996 2007 2071 ἀτρεμής
2080 1993 2140 2048 δε
2215 1993 2466 2068 σφενδόνη
2541 1994 2708 2077 λόγων
2779 1994 2994 2062 ἐκείνου,
3069 2001 3160 2049 καὶ
3233 1997 3404 2050 οὐκέτι
3479 1998 3627 2071 φοϐεῖ
3684 2001 3854 2072 θηρία

475 2092 680 2163 πονηρὰ
755 2087 1046 2161 βάλλουσα.
1123 2089 1303 2150 Ἀλλος
1377 2090 1479 2160 γὰρ
1571 2084 1634 2145 ἦν
1708 2085 1856 2147 οὗτος
1929 2090 2018 2143 τήν
2115 2088 2463 2157 ποιμαντικήν
2561 2079 2728 2134 Δαυῖδ
2811 2085 3001 2156 ἄρκτον
3100 2087 3306 2137 τύπτων
3389 2091 3479 2140 καὶ
3550 2090 3852 2142 πατάσσων

479 2176 678 2244 λέοντα,
746 2181 916 2231 εἴποτε
978 2177 1130 2230 λάϐοι
1202 2198 1255 2230 τι
1328 2186 1425 2238 τῆς
1496 2175 1614 2228 κατ’
1689 2175 1846 2227 αὐτὸν
1920 2173 2108 2245 ἀγέλης
2147 2173 2325 2240 ἐπιὼν,
2393 2174 2514 2246 ὅπερ
2575 2177 2667 2223 καὶ
2727 2171 2919 2235 ἐξὲσπα
2991 2181 3084 2226 τοῦ
3148 2179 3404 2247 στόματος
3435 2196 3447 2209 ·
3505 2197 3533 2226 ι(
3601 2179 3668 2238 ὡς
3723 2181 3848 2232 ὃτον

479 2263 744 2339 ἐκσπάση,
788 2269 1018 2339 φησὶν,ό
1080 2269 1273 2338 ποιμήν
1314 2261 1412 2318 δύο
1470 2265 1649 2325 σκέλη,
1699 2264 1729 2322 ἣ
1788 2262 1938 2315 λοϐὸν
1986 2263 2145 2314 ὠτίου
2184 2261 2240 2314 ἐκ
2280 2265 2541 2333 στόματος
2593 2260 2805 2322 λέοντος.
2841 2285 2870 2312 ››
2935 2262 3000 2315 Ἣ
3040 2266 3141 2338 γὰρ
3201 2262 3466 2327 ἀλαλήτως
3529 2264 3650 2319 ἐϐόα
3707 2272 3846 2344 πρὸς

482 2357 692 2429 Κύριον,
761 2355 791 2413 ἣ
836 2353 1145 2426 βασιλεῦσιν
1220 2353 1505 2414 ἐπέστελλε,
1546 2357 1637 2404 καὶ
1708 2355 1955 2426 παραυτά
1996 2355 2054 2403 τὸ
2092 2351 2286 2403 λυποῦν
2325 2353 2498 2422 ὥσπερ
2555 2369 2606 2402 τι
2678 2355 2820 2422 νέφος
2893 2357 3212 2424 παρίπτατο.
3260 2360 3366 2405 Νῦν
3435 2350 3494 2406 δὲ
3555 2353 3684 2408 ἀλλὰ
3748 2361 3843 2408 καὶ

469 2445 496 2494 ό
560 2439 772 2495 τοιόσδε
838 2443 977 2515 φεῦέ
1055 2445 1270 2518 ἡρπάγη
1333 2444 1532 2513 θανάτῳ
1591 2445 1777 2502 νυκτὸς
1838 2440 2158 2511 ἐπιπεσόντι,
2203 2441 2286 2492 ὅτε
2339 2442 2472 2513 πρὸς
2534 2437 2720 2511 βραχὺ
2787 2446 2896 2501 τοῖς
2959 2442 3320 2517 μεθημερινοῖς
3382 2445 3607 2514 μόχθοις
3667 2440 3842 2497 ἐπινυ-

471 2531 670 2594 στάξας
741 2532 1078 2590 κατακλιθείη
1146 2531 1230 2584 ἐπὶ
1299 2539 1596 2604 στρωμνῆς,
1663 2527 1789 2582 οὐδὲ
1851 2529 2090 2582 λοισθίου
2161 2524 2423 2601 μεταδούς
2513 2547 2605 2600 μοι
2686 2530 3141 2602 προσφθέγματος,
3231 2531 3325 2582 οῦκ
3384 2529 3689 2604 ἐπισκήψας
3772 2537 3842 2587 τὰ

469 2628 694 2688 ῦσ-τατα,
784 2620 843 2674 οὕ
917 2623 984 2673 τὰ
1055 2621 1296 2696 ἐξιτήρια
1385 2619 1791 2692 συνταξάμενος.
1893 2615 2023 2670 Εἶτα
2105 2613 2315 2670 τοιοῦδε
2401 2613 2588 2691 ἀνδρὸς
2679 2616 2996 2686 ἐκπεσοῦσα,
3067 2617 3339 2671 ἐπιϐιῶναι
3413 2621 3444 2678 ἡ
3524 2617 3837 2694 δυσδαίμων

467 2707 712 2779 ἀνέξομαι
731 2728 749 2780 ς

538 2799 672 2853 Haec
721 2803 776 2853 et
829 2797 948 2855 alia
989 2797 1341 2870 hujusmodi
1384 2814 1526 2854 cum
1574 2797 1800 2868 gemitu
1850 2796 2123 2852 clamans

2306 2793 2477 2848 Πολλὰ
2513 2791 2697 2847 τοιάδε
2749 2795 3110 2854 Θεσσαλονίκη
3166 2797 3416 2859 πολλάκις
3468 2797 3836 2871 ἁνοιμώζουσα

464 2884 878 2942 Thessalonice
902 2891 1209 2943 mortuum
1231 2885 1571 2959 deplorabit
1585 2891 1644 2942 et
1660 2887 1722 2942 in
1743 2901 1968 2942 vanum
1988 2901 2099 2941 evo

461 2974 625 3031 cabit
651 2992 665 3030 :
700 2991 944 3048 semper
971 2976 1132 3032 enim
1163 2981 1288 3032 tam
1319 2976 1486 3032 chari
1523 2976 1757 3047 capitis,
1789 2975 2120 3047 praesertim

461 3062 613 3118 inter
640 3078 736 3119 res
779 3063 1091 3129 adversas,
1127 3080 1364 3120 memor
1392 3065 1517 3120 erit.
1559 3066 1641 3120 Tu
1679 3064 1949 3136 quidem,
1974 3063 2120 3120 bea-

459 3153 691 3210 tissime
709 3169 780 3209 ac
797 3154 1243 3225 sapientissime
1259 3155 1526 3222 antistes,
1539 3170 1677 3210 cum
1701 3171 1943 3211 summa
1960 3159 2120 3211 tran-

461 3241 751 3314 quillitate
780 3257 811 3296 e
836 3242 958 3297 vita
988 3243 1310 3312 excessisti,
1333 3243 1498 3299 nullo
1518 3242 1755 3313 morbo,
1785 3243 1933 3299 nulli
1962 3243 2120 3299 curis

461 3330 838 3386 terrestribus
867 3336 1120 3388 vexatus
1151 3349 1164 3398 ;
1195 3347 1414 3404 corpus
1439 3333 1597 3388 enim
1630 3337 1922 3404 tanquam
1947 3333 2121 3388 indu-

461 3418 620 3473 sium
653 3418 782 3474 sine
835 3419 1024 3475 animi
1079 3419 1285 3476 dolore
1343 3421 1574 3476 exuisti.
1635 3421 1913 3492 Corporis
1957 3422 2119 3478 enim

455 3507 874 3564 membrorum
903 3509 1117 3565 rationi
1138 3516 1611 3566 consentaneum
1634 3509 1864 3580 gessisti
1885 3526 2117 3574 curam,

456 3600 522 3652 ut
551 3601 805 3653 mortem
857 3614 1046 3670 quam
1096 3599 1448 3671 longissime
1497 3599 1992 3674 procrastinares.
2049 3599 2120 3654 Ut

455 3684 619 3740 enim
649 3684 868 3756 globus
893 3703 1017 3743 uno
1041 3692 1277 3744 tantum
1298 3695 1526 3761 puncto
1543 3693 1712 3744 terra
1738 3687 2118 3759 superﬁciem

455 3773 666 3843 tangit,
690 3774 773 3830 sic
800 3790 1047 3849 quoque
1068 3792 1289 3850 corpus
1312 3783 1481 3834 tuum
1509 3793 1695 3850 quam
1723 3776 1972 3833 minime
1993 3777 2116 3832 ani-

454 3875 624 3918 mam
682 3863 1113 3932 contrectabat,
1162 3880 1239 3921 ne
1295 3882 1405 3939 per
1442 3881 1732 3921 sensuum
1783 3865 2117 3938 voluptates

451 3950 748 4007 damnum
779 3953 1112 4010 inferretur.
1147 3957 1295 4012 Cum
1331 3956 1468 4010 dein
1502 3954 1562 4010 in
1582 3971 1866 4011 somnum
1897 3955 2000 4026 qui
2021 3971 2117 4009 cu-

451 4053 552 4095 ras
583 4039 1082 4108 solvitlabereris,
1115 4042 1307 4098 oculis
1329 4043 1823 4116 temporibusque
1851 4043 2114 4114 quietem

2231 2889 2323 2936 καὶ
2387 2887 2690 2952 κωκύουσα,
2740 2886 2964 2943 ποθήσει
3048 2888 3134 2937 τόν
3189 2886 3364 2939 οὐκέτι
3425 2892 3677 2960 παρόντα,
3741 2894 3840 2943 καὶ

2230 2973 2400 3045 μάτην
2467 2971 2860 3037 ἀνακαλέσεται,
2914 2980 3005 3025 και
3077 2974 3313 3046 μάλιστα
3372 2975 3420 3028 ἐν
3481 2983 3589 3038 τοῖς
3645 2973 3840 3042 δεινοῖς

2229 3067 2574 3136 μεμνήσεται.
2615 3066 2683 3115 Σῦ
2721 3065 2844 3136 γὰρ,
2895 3063 2936 3114 ὦ
2988 3071 3088 3116 τῶν
3144 3070 3353 3119 πώποτε
3401 3071 3678 3139 πανσόφων
3736 3067 3838 3144 ἀρ-

2228 3156 2450 3224 χιερέων
2497 3156 2938 3225 μακαριστότατε,
2997 3153 3218 3225 μετέϐης
3271 3151 3471 3208 ἐνθένδε
3524 3155 3689 3223 ἵλεως,
3744 3163 3837 3212 καὶ

2229 3242 2452 3315 ἄτρυτος
2531 3245 2721 3305 νόσοις,
2785 3245 2876 3293 καὶ
2965 3243 3140 3303 πάσης
3238 3245 3427 3305 θνητῆς
3511 3241 3832 3319 δυσχερείας

2231 3328 2641 3402 ἀπηλλαγμένος,
2701 3332 2766 3391 ὡς
2816 3335 3138 3401 χιτωνίσκον
3183 3328 3485 3395 ἐκδεδυκὼς
3533 3337 3592 3385 τὸ
3657 3344 3830 3408 σῶμα,

2228 3418 2318 3472 εἶτ’
2374 3415 2464 3471 οὕν
2531 3418 2863 3490 ἀποθέμενος,
2940 3419 2998 3471 οὕ
3076 3418 3176 3492 βίᾳ
3244 3421 3678 3495 περιπλεκομένου
3741 3430 3836 3477 καὶ

2228 3508 2592 3580 ἐπισπωμένου
2639 3505 2974 3582 ἀπεῤῥωγὼς.
3015 3509 3184 3561 Πάλαι
3256 3513 3359 3580 γὰρ
3419 3513 3508 3571 τὰς
3574 3495 3832 3584 σχετικὰς

2224 3595 2384 3650 τοῦδε
2439 3595 2714 3659 ἁντιλαϐὰς
2771 3595 3159 3668 ἐξαλυσκάξων,
3200 3597 3502 3660 ἁπεστάτεις
3567 3600 3826 3673 φιλοσόφῳ

2225 3685 2408 3759 μελέτη
2489 3687 2712 3737 θανάτου
2750 3700 2766 3714 ⁸
2834 3685 3124 3760 ἁκροθιγῶς
3197 3683 3258 3739 δε
3330 3688 3658 3760 παραψαύων
3737 3695 3833 3744 καὶ

2228 3773 2430 3847 βραχεῖ
2483 3770 2611 3826 ποδὶ
2649 3777 2740 3824 καὶ
2778 3775 2870 3844 οῖῳ
2913 3775 2976 3825 ἄν
3022 3793 3100 3835 τις
3149 3773 3200 3826 ἐν
3247 3772 3478 3846 ἐπιπέδῳ
3534 3775 3835 3850 ἐπιφανείας

2225 3862 2507 3935 ἐφάπτοιτο
2563 3869 2782 3936 σφαῖρα,
2822 3863 3056 3933 τοσούτῳ
3108 3869 3399 3938 περιέκεισο
3437 3865 3468 3924 ἢ
3514 3870 3835 3940 παρήρτησο

2224 3961 2401 4016 τοῦτο,
2458 3953 2565 4022 ὅσῳ
2603 3955 2676 4023 μή
2738 3951 3065 4023 ζημιοῦσθαι
3102 3954 3168 4004 τὰ
3205 3953 3332 4027 παρ’
3387 3953 3546 4006 αὐτοῦ
3596 3956 3836 4033 εἰσφερό-

2223 4060 2352 4114 μενα
2398 4047 2460 4112 τῇ
2513 4039 2670 4111 ψυχῇ
2723 4043 2922 4110 φυσικὰ
2959 4059 3014 4092 τε
3043 4045 3134 4093 καὶ
3168 4041 3421 4113 ὀργανικὰ
3458 4047 3590 4117 πρὸς
3641 4043 3833 4117 ἀρετὴν

452 4127 648 4183 dabas
677 4145 690 4196 ;
723 4127 862 4184 dein
890 4129 1090 4201 primo
1120 4146 1339 4187 somno
1371 4130 1644 4197 alterum,
1679 4147 1896 4187 somno
1932 4132 2114 4186 inter-

2226 4131 2612 4203 ὑπουργήματα
2641 4146 2654 4159 ο
2713 4131 2776 4186 ὡς
2834 4125 2918 4179 ἐπὶ
2977 4127 3246 4200 λυσιμελεῖ
3295 4126 3355 4182 δὲ
3402 4129 3545 4203 ὕπνῳ
3608 4131 3827 4186 ἀνακλι-

450 4219 631 4284 rupto
695 4231 978 4272 somnum
1033 4217 1409 4287 diuturnum,
1467 4218 1636 4274 brevi
1681 4219 1954 4289 longum,
1992 4218 2113 4273 leni

451 4301 666 4358 durum
691 4301 1070 4375 substituisti,
1102 4310 1160 4362 et
1189 4306 1274 4362 sic
1301 4321 1588 4363 somnum
1623 4311 1966 4363 sanctorum
2010 4305 2112 4362 Dei

451 4390 783 4448 dormivisti
803 4392 908 4465 qui
938 4394 1194 4450 Domino
1225 4394 1441 4467 placet.
1473 4396 1683 4452 Manus
1724 4409 1849 4450 non
1891 4399 2111 4452 morta-

447 4477 538 4536 les
566 4480 775 4536 oculos
807 4486 944 4539 tuos
994 4482 1362 4552 clauserunt,
1414 4487 1519 4540 aut
1559 4484 1839 4541 membra
1882 4489 1985 4540 tua
2013 4484 2110 4540 fri-

449 4583 594 4638 gore
624 4574 934 4627 contracta
956 4571 1016 4627 in
1066 4571 1220 4628 lecto
1248 4577 1670 4644 reposuerunt;
1706 4572 1812 4628 sed
1857 4587 2109 4629 somnus

448 4655 642 4715 dulcis
665 4663 845 4732 atque
872 4662 1210 4718 incantator
1233 4665 1289 4718 te
1309 4661 1571 4733 sopitum
1598 4666 1656 4718 et
1679 4661 1885 4720 animo
1902 4662 2108 4720 laetum

447 4760 557 4819 per
582 4749 960 4806 somniorum
991 4754 1196 4822 portas
1234 4749 1315 4806 ad
1343 4755 1623 4820 mortem,
1654 4755 1778 4820 aut,
1815 4757 1882 4808 ut
1907 4753 2108 4809 verius

447 4835 748 4908 dicamus,
781 4853 854 4893 ex
894 4837 1012 4894 hoc
1039 4837 1344 4895 domicilio
1387 4839 1647 4895 terrestri
1691 4839 1755 4896 in
1799 4841 2106 4898 caelestem

444 4921 612 4980 illam
655 4925 916 4996 patriam
966 4925 1252 4991 traduxit,
1295 4925 1818 4998 quemadmodum
1869 4929 2106 5000 Ulysses

444 5017 584 5083 post
613 5013 813 5068 varios
836 5027 1017 5068 casus
1037 5027 1110 5069 ex
1138 5013 1340 5071 insula
1367 5029 1490 5070 non
1521 5031 1632 5072 sua
1661 5031 1878 5072 somno
1907 5017 2105 5090 sepul-

444 5106 544 5157 tus
573 5102 634 5158 in
667 5118 779 5158 sua
807 5102 1054 5174 appellit
1089 5103 1194 5160 ubi
1226 5103 1287 5159 in
1313 5103 1510 5160 lucem
1540 5104 1736 5161 editus
1761 5105 1976 5163 fuerat.
2007 5107 2104 5164 Ad

443 5188 652 5244 Jacobi
681 5187 842 5244 enim
871 5190 1230 5260 patriarchae
1275 5192 1826 5265 exemplum,ﬁnitis
1851 5195 2102 5252 manda-

445 5275 519 5331 tis
571 5274 796 5343 quibus
852 5276 1008 5333 ﬁlios
1060 5279 1429 5345 instruebas,
1485 5281 1670 5354 pedes
1721 5288 1857 5340 tuos
1921 5299 2103 5356 uper

441 5361 730 5420 lectulum
751 5363 1068 5436 collegisti,
1097 5373 1154 5424 et
1182 5368 1384 5426 obiisti
1404 5371 1456 5440 7;
1484 5376 1551 5428 tu
1580 5371 2101 5435 utJacobscalam

515 5505 584 5561 ⁵1
612 5505 754 5578 Reg.
784 5523 919 5578 xm,
948 5511 1037 5566 34.
1095 5511 1118 5548 θ
1141 5515 1326 5570 Amos
1344 5529 1426 5584 Ill,
1460 5518 1546 5572 12.
1611 5516 1632 5550 ⁷
1664 5515 1810 5572 Gen.
1829 5529 1987 5583 xm,
2006 5517 2096 5572 32.

2224 4220 2348 4287 θεὶς,
2401 4211 2641 4276 δέδωκας
2692 4215 2850 4268 ὕπνον
2901 4224 3014 4278 τοῖς
3061 4217 3346 4291 ὀφθαλμοῖς
3392 4225 3483 4272 καὶ
3533 4227 3641 4282 τοῖς
3705 4242 3825 4296 κροο

2218 4310 2398 4380 τάφοις
2452 4303 2746 4358 ἀνάπαυσιν
2779 4323 2793 4335 ·
2845 4305 2937 4358 εἶτ’
2993 4305 3242 4369 ἐλελήθεις
3298 4307 3440 4380 ὕπνῳ
3494 4310 3653 4363 ὕπνον
3709 4311 3822 4363 ἐπι·-

2219 4397 2478 4468 συνάψας,
2557 4403 2629 4466 τῷ
2706 4391 3101 4469 διακοπτομένῳ
3178 4402 3274 4457 τήν
3339 4397 3651 4472 ἐγρήγορσιν
3727 4405 3815 4452 τὸν

2219 4495 2417 4560 συνεχῆ
2459 4493 2532 4557 τῷ
2586 4483 2789 4559 βραχεῖ
2821 4487 2910 4536 τὸν
2951 4490 3300 4558 μακρότατον,
3340 4492 3432 4539 καὶ
3488 4497 3563 4559 τῷ
3593 4487 3816 4562 ἀϐεϐαίῳ

2214 4582 2303 4631 τὸν
2381 4573 2606 4650 χάλκεον
2639 4594 2652 4607 ο
2727 4578 2821 4625 καὶ
2900 4573 3064 4635 οὕτως
3125 4576 3378 4637 ὕπνώσεις
3451 4577 3524 4639 εἰς
3599 4579 3818 4631 θάνατον

2215 4669 2373 4721 ὁσίων
2421 4671 2556 4718 Θεοῦ
2593 4667 2685 4715 καὶ
2717 4670 2832 4734 Θεῷ
2880 4669 3213 4736 τιμιώτατον,
3267 4665 3345 4718 οὐ
3399 4673 3572 4742 χεῖρες
3630 4669 3818 4726 θνηταὶ

2214 4754 2448 4809 καθεῖλον
2503 4757 2716 4825 ὄμματα
2768 4754 2857 4820 σὰ,
2912 4752 2944 4810 ἦ
3010 4752 3160 4826 μέλη,
3208 4752 3294 4807 ἐπὶ
3359 4754 3546 4828 λέχους
3609 4761 3818 4832 νεκρού-

2213 4864 2341 4918 μενα
2393 4842 2631 4915 ἣρμοσαν
2676 4857 2691 4872 ο
2760 4841 2926 4894 ὕπνου
2983 4837 3045 4894 δε
3106 4842 3407 4904 πανάπαλος
3462 4846 3653 4917 ἐπαφὴ,
3709 4854 3820 4909 τοῖς

2213 4934 2376 5008 φίλοις
2431 4931 2617 4990 έαυτής
2695 4928 2998 5004 θελγήτροις
3055 4931 3323 4985 εὐνάσασα
3386 4937 3476 4985 καὶ
3536 4933 3813 4994 κλινοπετῆ

2209 5025 2541 5098 ῥυθμισασα,
2596 5017 2865 5092 ἀτάραχον
2903 5022 3040 5072 οὕτω
3093 5025 3184 5073 καὶ
3225 5021 3420 5093 ἔποχον
3469 5022 3672 5095 ὕπνηλῇ
3719 5044 3817 5094 γα-

2209 5113 2332 5172 λήνη
2405 5114 2496 5162 καὶ
2555 5111 2624 5170 ὡς
2691 5104 2762 5160 δι’
2853 5107 3106 5183 ὄνειρείων
3195 5109 3369 5161 πυλῶν
3448 5110 3521 5172 εἰς
3597 5113 3814 5166 θάνατον

2213 5197 2565 5275 προῦπεμψεν,
2621 5197 2653 5256 ᾖ
2713 5198 3153 5272 (προσφυέστερον
3200 5197 3381 5264 εἰπεῖν)
3445 5201 3516 5261 ὡς
3561 5199 3617 5264 ἐξ
3662 5199 3813 5254 ἀλλο-

2210 5285 2382 5345 δαπῆς
2426 5278 2597 5341 τῆσδε
2635 5289 2728 5342 τῆς
2772 5285 3053 5354 παροικίας
3107 5281 3179 5343 εἰς
3217 5286 3310 5341 τήν
3351 5281 3518 5336 ἐκεῖσε
3570 5281 3813 5360 πατρίδα

2209 5375 2634 5452 διεπόρμθευσεν·
2693 5371 2764 5431 ὡς
2810 5374 2900 5423 καί
2936 5389 3018 5432 τις
3055 5372 3280 5444 ἡρωῖκός
3330 5375 3423 5425 καὶ
3472 5373 3812 5438 πολυπλανὴς

3267 5592 3292 5623 5
