4134 6388
223 265 334 320 357

1279 259 1599 320 MONODIA
1648 263 1719 320 IN
1757 258 2200 322 EUSTATHIUM
2234 247 2565 322 THESSAL.

3495 253 3600 330 358

220 391 386 460 σοφός
428 385 484 448 ἐξ
522 384 796 457 ἀλλοτρίας
839 390 1000 444 νήσου
1019 388 1165 462 παρά
1204 393 1268 458 τῇ
1313 391 1524 444 ποιήσει
1571 385 1840 441 καθεύδων

1962 405 2073 446 non
2103 405 2213 462 per
2236 405 2540 456 somnum,
2560 390 2664 446 sed
2692 406 2899 448 veram
2925 393 3145 462 vidisti,
3173 396 3345 468 cujus
3374 395 3601 468 gradus

219 478 300 540 εἰς
359 480 455 534 τὴν
519 473 862 546 ἐνεγκαμένην
941 483 1098 534 νῆσον
1163 478 1439 548 κομίζεται
1470 516 1483 528 .

223 570 319 619 τόν
388 568 659 618 θεσπέσιον

1536 479 1682 528 Κατά
1737 480 1838 551 γὰρ

746 563 936 616 Ἰακὼϐ
1000 567 1068 624 ὡς
1141 568 1476 626 κατέπαυσας
1544 563 1840 618 ἐπιτάσσων

228 663 342 718 τοῖς
368 657 504 707 κατὰ
538 660 742 726 πνεῦμα
787 656 922 714 υἱοῖς
979 672 1074 706 σου
1101 699 1116 724 ,
1158 653 1344 728 ἐξάρας
1386 654 1470 707 ἐπὶ
1516 661 1610 714 τὴν
1666 655 1841 714 κλίνην

233 749 358 805 τοὺς
403 739 566 802 πόδας
616 739 873 804 ἐξέλιπες·
908 744 991 796 ὅτε
1045 748 1135 796 καὶ
1185 743 1345 816 ύπαρ,
1400 743 1494 795 ούκ
1552 748 1695 818 ὄναρ,
1726 744 1842 797 κατ’

235 834 399 886 αὐτόν
453 833 646 906 ἐώρας,
688 830 744 883 ὃν
795 833 954 892 αὐτὸς
1010 831 1189 884 ἑαυτὸν
1248 829 1680 906 διεϐαθμίδωσας
1736 834 1844 886 κλί-

232 943 388 996 μακα
439 936 455 952 ⁸
503 923 573 982 ὡς
643 917 886 994 κρηπῖδα
959 924 1048 993 μεν
1123 919 1409 994 βαλόμενος
1479 921 1842 980 πολιτευτικήν

231 1012 670 1084 μετριοπάθειαν,
722 1017 786 1082 τῇ
846 1006 906 1062 δὲ
952 1013 1324 1084 μετριοπαθεία
1379 1015 1474 1069 τὴν
1520 1013 1843 1084 καθαρτικήν

231 1096 786 1170 ἐποικοδομησάμενος
841 1096 1093 1151 ἀπάθειαν
1117 1143 1131 1169 ,
1165 1098 1248 1152 ἐπὶ
1275 1097 1334 1152 δὲ
1385 1107 1448 1172 τῇ
1484 1098 1709 1172 ἀπαθείᾳ
1748 1108 1843 1158 τὴν

227 1191 411 1262 νοερὰν
444 1185 694 1258 ἐνέργειαν
720 1187 854 1251 ,ἐπὶ
912 1183 973 1239 δὲ
1017 1194 1080 1258 τῇ
1145 1193 1296 1262 νοερᾷ
1342 1186 1567 1260 ἐνεργείᾳ
1617 1193 1710 1246 τὴν
1760 1186 1843 1240 ἐπὶ

222 1283 360 1328 πᾶσι
435 1273 645 1347 βάθραν
719 1278 815 1336 τὴς
891 1276 1122 1336 θεώσεως
1152 1293 1164 1304 ·
1200 1275 1276 1346 ἐφ’
1338 1279 1400 1334 ἣν
1472 1280 1560 1327 καὶ
1633 1275 1839 1347 ἄγγελοι

218 1366 432 1424 πάντως
475 1361 744 1414 ἀνέϐαινον
796 1367 886 1414 καὶ
943 1362 1244 1416 κατέϐαινον
1274 1407 1288 1431 ,
1348 1360 1710 1426 ὀδοποιοῦντές
1757 1382 1843 1416 σοι

223 1457 322 1510 τὴν
371 1448 562 1504 ἄνοδον
619 1456 711 1503 καὶ
771 1457 1158 1526 προπέμποντες
1210 1451 1418 1505 ἀνιόντα
1469 1451 1523 1505 ἐκ
1578 1457 1668 1525 μεν
1724 1473 1842 1506 συν-

225 1541 579 1613 αγελαστικού
631 1545 724 1592 καὶ
793 1538 1088 1593 σπουδαίου
1152 1538 1345 1616 ἀνδρὸς
1388 1543 1457 1603 εἰς
1499 1544 1716 1617 θεωρίαν
1762 1561 1842 1594 κε-

223 1633 592 1704 καθαρμένον,
655 1629 710 1682 ἐκ
769 1627 829 1683 δὲ
894 1632 1155 1705 θεωρητοῦ
1207 1635 1334 1705 πρός
1398 1635 1606 1704 νοερόν,
1659 1632 1716 1683 ἐκ
1783 1628 1843 1684 δὲ

222 1729 404 1794 νοεροῡ
469 1723 599 1794 πρὸς
663 1725 793 1772 Θεόν
835 1761 848 1774 .

229 1809 517 1883 ἐστηρικτο
583 1811 676 1881 μὲν
715 1806 764 1859 ἐν
812 1815 874 1880 τῇ
907 1817 1000 1878 γῆ,
1038 1814 1132 1866 τὴν
1182 1805 1242 1861 δε
1288 1809 1511 1881 κεφαλήν
1550 1806 1690 1881 εἶχεν
1731 1807 1845 1881 ἀφι-

233 1900 520 1968 κνουμένην
558 1896 631 1956 εἰς
675 1895 913 1970 οὐρανόν,
965 1895 1039 1969 ἐφ’
1079 1893 1141 1958 ἧς
1204 1902 1294 1949 καὶ
1333 1898 1359 1948 ό
1399 1901 1591 1970 Κύριος
1627 1897 1845 1954 ἐπεστή-

232 2004 405 2060 ρικτο,
431 1985 502 2046 εἰς
541 1985 594 2037 ὃν
654 1984 870 2047 ἀνῆλθες
922 1985 978 2048 ἐξ
1014 1987 1160 2057 ἡμῶν
1198 1995 1298 2038 τῶν
1336 1992 1514 2058 χαμαὶ
1553 1985 1844 2059 ἐρχομένων

232 2071 328 2126 διὰ
365 2083 466 2135 τῆς
504 2072 785 2145 ἀναγωγῆς
836 2077 1031 2137 ταύτης
1087 2075 1373 2147 κλίμακος,
1418 2079 1548 2136 Θεὸς
1608 2074 1848 2146 ἀγγέλοις

228 2171 485 2214 κατιοῦσι
523 2167 616 2215 καὶ
657 2171 964 2215 συνανιοῦσι
1021 2160 1481 2238 δορυφορούμενος.
1523 2163 1738 2236 Ἐχοιμ’
1785 2165 1846 2215 ἄν

230 2250 419 2322 λέγειν,
445 2256 537 2304 καὶ
595 2254 660 2312 ὡς
723 2250 1080 2313 ἀποστολικῶς
1144 2256 1232 2304 τόν
1299 2249 1494 2326 δρόμον
1548 2251 1836 2313 τετέλεκας.

237 2339 441 2411 ’Δμέλει
469 2360 552 2392 τοι
591 2346 682 2392 καὶ
725 2342 792 2400 ὡς
829 2339 878 2391 ἐν
923 2339 1148 2412 φυλακῇ,
1181 2349 1254 2411 τῷ
1301 2340 1404 2413 βίῳ
1445 2338 1604 2412 τῷδε,
1635 2346 1726 2393 καὶ
1781 2345 1846 2392 σύ

239 2431 379 2480 κατὰ
440 2432 528 2480 τόν
601 2435 887 2503 κορυφαῖον
955 2434 1146 2501 Πέτρον
1213 2433 1562 2504 τηρούμενος,
1631 2425 1848 2482 ἐδέδεσο

241 2513 404 2568 δυσὶν
477 2516 722 2570 ἁλύσεσιν
749 2557 763 2580 ,
813 2517 957 2590 ὒπνῳ
1030 2524 1120 2571 καὶ
1194 2515 1376 2590 δεσμῷ
1453 2525 1657 2590 φυσικῷ
1691 2539 1703 2551 ⁸
1739 2517 1846 2569 ἀλλ’

236 2604 435 2664 ἐπέστη
512 2625 595 2658 σοι
666 2607 886 2678 ἅγγελος
962 2611 1175 2678 Κυρίου,
1252 2609 1319 2667 ὡς
1391 2605 1562 2678 ἐκείνῳ
1636 2610 1850 2679 κειμένῳ

235 2697 447 2759 νυκτὸς,
489 2699 577 2746 καὶ
613 2703 955 2769 παραχρῆμα
1013 2694 1250 2758 ἐξέπεσον
1317 2694 1417 2746 ἀπὸ
1477 2703 1572 2747 σοῦ
1629 2697 1681 2746 αἱ
1731 2694 1852 2745 ἁλύ-

234 2801 343 2842 σεις
383 2780 562 2849 αὗται,
603 2789 694 2836 καὶ
731 2791 829 2845 τῆς
882 2783 1114 2855 φυλακῆς
1153 2782 1318 2846 ἐξήεις
1368 2781 1570 2853 ἄδετος,
1604 2788 1694 2835 καὶ
1733 2783 1856 2840 ἠκό-

233 2869 450 2932 λούθιις
510 2874 678 2942 τούτῳ
748 2871 1164 2942 ψυχαγωγοῦντί
1242 2891 1317 2926 σε.
1359 2874 1519 2942 Τάχα
1589 2891 1689 2923 που
1765 2886 1854 2933 καὶ

243 2960 426 3033 ὅραμα
490 2960 604 3011 κατ’
659 2960 836 3013 ἐκεῖνον
887 2958 1088 3023 ἐδόκεις
1154 2960 1359 3034 βλέπειν
1417 2960 1751 3034 ἀμφιγνοῶν,
1812 2961 1856 3012 εἰ

244 3049 438 3110 ἀληθές
487 3048 599 3102 ἐστι
659 3055 716 3102 τό
775 3049 847 3104 δι’
900 3052 1063 3104 αὐτοῦ
1118 3057 1380 3124 γινόμενον
1415 3072 1428 3084 ·
1475 3053 1570 3112 ἕως
1623 3060 1720 3113 τῆς
1777 3070 1854 3102 σι-

243 3135 421 3213 δηρᾶς
479 3138 648 3200 πύλης
690 3140 998 3213 αὐτομάτως
1057 3140 1400 3212 ἀνοιχθείσης
1462 3159 1568 3210 σοι,
1619 3149 1715 3202 τῆς
1776 3159 1853 3212 φε-

1951 479 2367 552 pertransiisti,
2403 494 2439 534 a
2468 479 2881 538 moderatione
2929 483 2990 538 in
3045 484 3226 540 rebus
3272 486 3600 543 mundanis

1954 575 2017 626 ut
2040 569 2435 625 fundamento
2467 584 2735 640 exorsus,
2783 572 3049 628 animam
3091 590 3127 629 a
3169 575 3600 647 cupiditatibus

1949 659 2232 726 liberans,
2265 658 2570 730 spirituale
2613 659 2927 716 instituens
2984 677 3257 732 regnum,
3289 682 3600 722 summum

1950 753 2153 804 autem
2198 746 2457 818 gradum
2506 746 2808 804 divinitati
2837 749 3200 820 attribuens;
3229 752 3481 825 scalam,
3508 755 3599 811 in-

1951 852 2158 908 quam,
2178 851 2286 908 per
2329 851 2516 908 quam
2537 835 2735 906 angeli
2756 838 3167 895 ascendebant
3202 845 3258 896 et
3278 840 3601 899 descende-

1951 925 2120 991 bant,
2152 926 2311 982 viam
2366 923 2466 980 tibi
2516 929 2938 994 monstrantes,
2965 931 3022 983 et
3073 928 3466 996 Eustathium,
3498 932 3602 1004 qui

1951 1029 2059 1085 per
2083 1013 2496 1086 episcopatum
2528 1013 2607 1070 ad
2632 1015 3201 1087 contemplationem
3231 1024 3604 1091 praeparatus

1952 1107 2099 1172 erat,
2131 1117 2168 1157 a
2223 1101 2729 1174 contemplatione
2772 1119 2808 1159 a
2838 1104 2937 1159 Dei
2985 1104 3173 1176 ipsius
3227 1107 3601 1164 intuitionem

1951 1189 2467 1262 perducentes.Sic
2490 1205 2735 1262 quoque
2761 1191 2924 1247 scala
2943 1197 3078 1247 ante
3107 1193 3314 1250 oculos
3346 1199 3479 1251 tuos
3500 1211 3605 1269 po-

1951 1280 2065 1335 sita
2111 1279 2329 1334 coelum
2390 1278 2738 1349 attingebat,
2779 1284 2836 1335 et
2883 1281 2944 1336 in
2993 1282 3168 1352 cujus
3226 1284 3394 1355 apice
3448 1287 3604 1341 Deus

1951 1365 2287 1435 residebat;
2335 1381 2444 1435 per
2497 1381 2706 1438 quam,
2756 1367 2932 1423 nobis
2983 1369 3154 1424 humi
3209 1371 3443 1439 relictis,
3496 1388 3606 1446 per

1950 1454 2182 1511 medios
2211 1453 2480 1524 angelos,
2515 1454 2666 1509 deus
2702 1454 2896 1511 factus
2924 1457 3159 1528 ipse,ad
3181 1460 3369 1515 Deum
3400 1476 3606 1517 ascen-

1950 1542 2107 1600 disti.
2131 1547 2188 1597 et
2239 1547 2304 1596 ut
2349 1541 2659 1613 apostolus
2709 1541 2818 1598 iter
2856 1547 3025 1599 tuum
3077 1545 3404 1602 confecisse
3457 1547 3605 1604 mihi

1951 1631 2192 1686 videris.
2225 1633 2372 1686 Nam
2423 1629 2632 1702 procul
2660 1631 2869 1698 dubio,
2897 1632 3048 1687 sicut
3089 1636 3292 1690 Petrus
3320 1636 3602 1709 princeps

898 1719 1050 1771 Ούτω
1105 1726 1194 1772 καὶ
1248 1722 1279 1778 ἡ
1341 1723 1477 1773 κατά
1536 1724 1594 1773 σε
1652 1720 1844 1792 κλίμαξ

1962 1719 2462 1791 apostolorum,tu
2481 1735 2725 1791 quoque
2755 1720 2815 1774 in
2837 1736 3072 1776 carcere
3101 1721 3343 1778 duabus
3373 1725 3605 1781 vinctus

1952 1809 2199 1876 catenis,
2230 1822 2445 1862 somno
2475 1822 2546 1862 ac
2583 1823 2833 1880 corpore
2863 1809 3179 1876 tenebaris,
3223 1811 3329 1866 sed
3355 1812 3606 1882 angelus

1953 1896 2190 1952 Domini
2221 1900 2285 1950 ut
2309 1895 2476 1950 illum
2503 1896 2815 1967 quondam
2838 1901 3040 1965 noctu,
3073 1913 3236 1954 nunc
3261 1904 3315 1954 te
3359 1901 3522 1969 adiit,
3551 1907 3609 1956 et

1954 1984 2270 2041 confestim
2305 1989 2531 2039 catenas
2579 1984 2921 2040 ceciderunt
2964 1984 3039 2040 de
3083 1985 3339 2058 pedibus
3391 1989 3611 2056 tuis,et

1953 2073 2207 2130 vinculis
2227 2076 2542 2144 exemptus
2563 2087 2702 2127 eum
2723 2073 2828 2144 qui
2851 2074 3116 2129 animam
3148 2079 3318 2131 tuam
3339 2077 3610 2134 traduce-

1953 2162 2077 2227 bat,
2119 2161 2470 2233 sequebare.
2520 2162 2602 2216 'l‘u
2659 2177 2899 2232 quoque
2946 2162 3216 2230 fortasse,
3267 2169 3332 2220 ut
3383 2168 3608 2238 Petrus,

1954 2251 2248 2307 visionem
2277 2249 2483 2305 videre
2512 2249 2620 2304 tibi
2648 2248 3041 2319 videbaris,et
3069 2255 3272 2307 utrum
3293 2252 3372 2309 ab
3392 2255 3610 2324 angelo

1954 2337 2113 2395 facta
2149 2353 2289 2394 vera
2319 2342 2515 2394 essent
2570 2336 2914 2405 dubitabas,
2945 2337 3139 2394 donec
3195 2346 3369 2411 porta
3419 2341 3612 2400 ferrea

1956 2430 2168 2498 sponte
2197 2426 2525 2497 aperiretur
2552 2429 2609 2480 et
2631 2425 2693 2480 in
2725 2425 2936 2481 urbem
2966 2427 3201 2498 egregie
3230 2428 3610 2488 obmunitam

1957 2530 2234 2585 egressus
2256 2513 2508 2575 videres.
2542 2514 2862 2569 Dominum
2909 2530 3050 2571 vere
3101 2517 3385 2588 angelum
3430 2535 3611 2576 suum

1958 2603 2193 2659 misisse
2248 2603 2353 2674 qui
2383 2607 2440 2657 te
2481 2609 2512 2656 θ
2541 2605 2749 2658 mortis
2804 2603 3089 2658 manibus
3134 2605 3405 2676 eriperet.
3455 2608 3611 2674 Quin

1961 2691 2282 2748 Dominum
2305 2691 2505 2762 ipsum
2531 2690 2731 2745 media
2753 2695 2925 2747 nocte
2950 2693 3435 2764 expergefactum
3458 2712 3612 2753 zona

1960 2779 2292 2836 honestatis
2312 2783 2366 2834 te
2391 2778 2652 2833 cinctum
2668 2779 2982 2850 reperiisse
3014 2780 3612 2846 crediderim.Quam-

1960 2868 2050 2922 vis
2081 2866 2242 2921 enim
2270 2879 2491 2936 corpus
2524 2871 2695 2920 tuum
2725 2865 3032 2932 dormiret,
3065 2882 3236 2921 mens
3277 2873 3480 2925 tamen
3509 2877 3615 2927 tua

1963 2954 2238 3026 vigilans,
2277 2959 2343 3009 ut
2364 2953 2618 3023 virgines
2646 2953 2992 3026 prudentes,
3021 2953 3371 3026 lampadem
3400 2958 3590 3015 arden

1963 3052 2084 3101 tem
2114 3045 2393 3100 ornabat.
2421 3045 2614 3108 Quare
2651 3043 2732 3100 ad
2760 3043 3004 3100 obviam
3055 3047 3290 3116 Sponso
3343 3049 3614 3106 eundum

1963 3137 2116 3191 hora
2137 3133 2330 3189 noctis
2358 3133 2776 3204 intempestiva
2797 3137 3044 3203 paratus
3065 3149 3218 3190 eras.

230 3233 438 3305 ρούσης
477 3232 552 3292 είς
589 3234 683 3288 τὴν
756 3236 881 3293 τοὺς
957 3230 1218 3303 θεμελίους
1291 3233 1523 3303 ἔχουσαν
1596 3229 1745 3283 πόλιν
1818 3225 2046 3294 ἐξῆλθες,
2087 3227 2246 3283 ὄντως
2281 3225 2374 3273 καὶ
2449 3229 2643 3293 σαφῶς,
2682 3223 2853 3292 ἕγνῶς,
2895 3223 2976 3274 ὅτι
3011 3220 3220 3285 ἀληθῶς
3293 3223 3618 3286 ἐξαπέστειλε

235 3322 435 3390 Κύριος
487 3322 575 3370 τόν
637 3318 857 3390 οἰγγελον
921 3319 1120 3390 αὐτοῦ,
1163 3323 1253 3371 καὶ
1308 3318 1520 3381 ἐξείλετό
1574 3337 1632 3370 σε
1683 3317 1739 3370 ἐκ
1795 3323 1888 3368 τοῦ
1946 3319 2188 3385 σώματος
2249 3318 2342 3363 τοῦ
2409 3312 2631 3362 θανάτου
2687 3313 2869 3363 τούτου
2899 3349 2912 3362 .
2975 3310 3180 3364 Μᾶλλον
3246 3308 3306 3364 δὲ
3344 3314 3370 3365 ό
3428 3318 3619 3388 Κύριος

239 3406 402 3466 αύτός
465 3410 632 3478 μέσης
687 3411 869 3468 νυκτός
925 3407 1104 3473 ἐλθὼν,
1147 3406 1470 3481 ἐγρηγορότα
1537 3427 1594 3460 σε
1653 3409 1755 3459 ύπό
1809 3405 1988 3476 λύχνῳ
2054 3398 2369 3475 διακρίσεως
2411 3402 2669 3470 καιομένῳ
2699 3444 2716 3469 ,
2775 3404 2866 3452 καὶ
2934 3403 3244 3474 σωφροσύνῃ
3302 3406 3397 3461 τὴν
3455 3403 3619 3477 ὀσφύν

239 3496 654 3568 περιεζωσμένον
693 3496 837 3570 εὗρεν
870 3537 885 3554 ,
926 3496 986 3549 Εἰ
1022 3499 1124 3572 γὰρ
1183 3502 1272 3549 καὶ
1303 3505 1532 3568 φυσικῶς
1563 3491 1839 3554 ἐκάθευδες
1867 3534 1881 3560 ,
1923 3490 2034 3542 ἀλλ’
2069 3492 2096 3548 ἡ
2136 3485 2339 3564 καρδία
2383 3507 2478 3540 σου
2507 3488 2673 3549 ἄλλως
2719 3488 2972 3563 ἠγρύπνει
3001 3529 3014 3555 ,
3057 3492 3194 3540 κατὰ
3217 3492 3307 3550 τὰς
3340 3496 3622 3564 φρονίμους

236 3587 530 3658 παρθένους
557 3583 819 3637 ἄσϐεστον
855 3590 950 3644 τὴν
977 3581 1236 3658 λαμπάδα
1264 3590 1590 3658 κοσμήσασα
1609 3626 1624 3642 .
1655 3587 1834 3654 Τούτῳ
1870 3584 2040 3634 τοίνυν
2069 3582 2160 3630 καὶ
2187 3584 2262 3648 τῷ
2298 3575 2439 3646 καλῷ
2464 3580 2672 3648 νυμφίῳ
2698 3574 2827 3650 ἀωρὶ
2853 3584 2948 3638 τῆς
2974 3579 3160 3638 νυκτός
3180 3576 3374 3630 ἐλθόντι
3403 3579 3622 3653 ἑτοίμως

237 3673 558 3732 ἀπήντηκεν.

318 3761 518 3824 Ὀντως
542 3771 636 3816 τοῦ
663 3762 828 3816 πάλαι
883 3770 1095 3836 χρυσοῦ
1133 3767 1309 3834 γένους
1337 3767 1518 3835 κόμμα
1555 3765 1621 3814 σὺ
1649 3761 1849 3814 λοιπόν·

249 3854 348 3902 καὶ
415 3854 556 3923 παρὰ
611 3859 769 3904 τοῦτο
825 3854 962 3904 κατά
1032 3853 1100 3904 τὰ
1169 3852 1366 3924 πάτρια
1416 3849 1609 3904 ἐκείνου
1681 3847 1854 3922 βιοὺς,

252 3940 399 3991 οὕτω
470 3946 558 3993 καὶ
627 3943 880 4002 τέθνηκας
955 3941 1171 4013 μαλακῷ
1247 3937 1576 4012 δεδμημένος

252 4027 453 4101 μᾶλλον
497 4027 554 4081 δὲ
604 4030 866 4093 συζεύξας
921 4027 1184 4103 ξυνωρίδα
1233 4026 1437 4102 ἀδελφὼ
1495 4025 1856 4100 διδυμεύοντε,

250 4119 415 4170 ὕπνον
465 4123 555 4171 καὶ
631 4121 847 4172 θάνατον
876 4161 891 4187 ,
944 4119 1344 4193 ξυνωρικεύσω,
1402 4124 1492 4170 καὶ
1569 4116 1861 4178 ἐπετάσθης

1673 3938 1817 4010 ὕπνῳ
1841 3959 1855 3972 ⁸

244 4208 372 4260 εύθύ
420 4216 515 4260 τοῦ
572 4214 759 4280 χωρου
795 4217 895 4260 τῶν
944 4208 1149 4269 ζώντων
1173 4252 1189 4277 ,
1229 4211 1320 4259 καὶ
1361 4215 1461 4258 τῶν
1501 4205 1720 4281 ούρανοῦ
1767 4225 1863 4257 πυ-

240 4296 345 4348 λῶν
387 4295 740 4368 ἀνοιγομένων
789 4316 874 4349 σοι
920 4301 1124 4370 χαίρων
1184 4293 1427 4366 εἰσέδυς,
1469 4297 1607 4348 κατά
1673 4293 1861 4352 στολὴν

242 4383 641 4460 ἀρχιερατικῆς
705 4382 860 4448 δόξης
922 4386 1304 4458 ἠμφιεσμένος,
1355 4389 1446 4436 καὶ
1482 4391 1588 4444 τοῖς
1635 4382 1862 4455 ἀμφιπο-

238 4479 512 4544 νουμένοις
587 4476 648 4526 τό
716 4472 882 4526 ἐκεῖσε
970 4477 1348 4548 θυσιαστήριον
1439 4473 1857 4547 προστιθέμενος.

245 4561 415 4614 Ἔνθα
476 4571 579 4614 τῶν
637 4565 729 4634 μεν
795 4567 912 4636 περὶ
967 4567 1056 4616 τόν
1124 4563 1325 4636 Ἀαρὼν
1391 4565 1474 4613 καὶ
1533 4559 1774 4632 Σαμουὴλ
1835 4561 1861 4611 ὁ

251 4652 446 4711 θίασος
493 4653 877 4704 ὑπανίστανταί
927 4671 1012 4704 σοι
1059 4671 1151 4704 και
1181 4648 1465 4726 προεδρίας
1513 4656 1865 4725 παραχωροῦ-

253 4758 369 4800 σιν,
403 4735 700 4812 αἰδούμενοι
752 4739 812 4793 ού
859 4746 1012 4812 μόνον
1060 4742 1126 4801 ὡς
1173 4743 1422 4815 ἱεραρχίᾳ
1462 4741 1744 4812 σεμνοτέρῳ
1795 4745 1860 4810 τῇ

251 4830 397 4880 κατά
459 4831 686 4901 Χριστὸν
740 4827 1125 4902 ἐπιπρέποντα,
1169 4827 1299 4881 ἀλλὰ
1343 4833 1434 4881 καὶ
1499 4829 1569 4887 ὡς
1626 4825 1863 4901 λαμπρο-

251 4921 432 4988 τέροις
472 4925 569 4968 τῶν
613 4917 737 4992 παρ’
796 4919 1004 4979 ἐκείνοις
1055 4925 1276 4992 χρυσῶν
1335 4918 1563 4992 ῥοῖσκων
1617 4919 1710 4968 καὶ
1766 4934 1864 4966 κω-

255 5002 441 5058 δώνων
496 5005 834 5078 κυκλούμενον
859 5051 873 5075 ,
914 5009 988 5068 οἶς
1026 5006 1364 5078 εύαγγελικῶς
1418 5006 1529 5077 οἶμα
1575 5008 1664 5056 καὶ
1715 5003 1865 5078 ῥητο-

247 5102 421 5168 ρικῶς
457 5095 880 5170 ὑπερήστραπτές
932 5116 986 5149 τε
1039 5101 1129 5150 καὶ
1188 5093 1559 5170 ὑπερεϐρόντας
1612 5093 1680 5144 τὰ
1730 5094 1867 5144 κατά

246 5188 342 5238 τὸν
433 5185 694 5257 ύπόζοφον
779 5189 934 5258 νόμον
1007 5190 1097 5238 καὶ
1188 5184 1511 5256 ἰσχνόφωνον
1606 5179 1862 5254 σύμϐολα.

241 5282 359 5330 Τῶν
411 5271 465 5328 δ’
513 5273 565 5327 ἐν
618 5282 683 5346 τῇ
735 5277 928 5350 χάριτι
962 5274 1116 5327 πάλιν
1173 5274 1345 5348 ἄκρων
1374 5277 1464 5324 καὶ
1513 5275 1696 5342 σοφίας
1753 5289 1868 5322 στε-

689 5365 955 5438 ίερατικὴν
1070 5361 1557 5434 ἐπικεκοσμηκότων
1654 5355 1866 5433 κίδαριν

249 5455 382 5506 ἔνθεν
436 5456 531 5526 μὲν
599 5453 892 5526 Κλήμεντες
959 5457 1048 5505 καὶ
1122 5455 1383 5503 Διονύσιοι
1455 5455 1868 5523 προσυπαντῶσι

243 5367 388 5436 φάνῳ
480 5368 583 5423 τὴν

249 5547 337 5596 καὶ
391 5545 857 5621 περιπτύσσονταί
914 5561 972 5594 σε
997 5586 1014 5614 ,
1079 5545 1358 5615 χαίροντες
1430 5547 1504 5610 τῷ
1557 5540 1719 5610 ὁμοίῳ
1777 5540 1868 5588 καὶ

2035 3753 2246 3810 ΛΕίειῑὶε
2271 3767 2470 3809 aureae
2491 3755 2554 3808 tu
2576 3765 2782 3808 revera
2803 3757 3110 3825 superstes
3129 3769 3261 3810 esse
3290 3755 3620 3828 videris,et,

1966 3849 2032 3901 ut
2053 3849 2180 3899 tum
2231 3841 2434 3908 ﬁebat,
2466 3840 2628 3897 dulci
2677 3856 2893 3898 somno
2941 3842 3202 3899 irretitus
3230 3849 3504 3902 mortuus
3531 3863 3621 3915 es,

1967 3933 2092 3988 imo
2111 3934 2254 4003 post
2276 3929 2506 3986 obitum
2532 3929 2595 3984 in
2621 3927 2765 3998 biga
2795 3929 2996 3984 somni
3027 3945 3098 3985 ac
3127 3931 3336 3987 mortis
3361 3937 3571 3989 vectus
3590 3951 3624 3991 e

1967 4019 2298 4076 viventium
2325 4021 2482 4074 terra
2502 4016 2810 4081 ferebaris,
2833 4021 2892 4073 et
2919 4032 3027 4088 per
3052 4022 3257 4089 portas
3294 4020 3426 4076 coeli
3455 4037 3627 4094 aper-

1969 4114 2062 4168 tas
2084 4109 2274 4176 laetus,
2306 4106 2510 4179 gloriae
2530 4106 3056 4179 archiepiscopalis
3078 4111 3240 4164 veste
3263 4108 3510 4167 indutus
3533 4113 3625 4170 in-

1970 4214 2236 4268 gressus,
2266 4196 2338 4252 iis
2367 4195 2590 4268 quibus
2645 4210 2820 4251 sacra
2874 4211 3162 4267 peragere
3184 4195 3624 4259 demandatum

1971 4292 2116 4357 erat,
2147 4284 2585 4344 accensebaris.
2611 4283 2696 4338 Ibi
2717 4299 2923 4339 coram
2945 4284 3210 4357 te,inque
3239 4288 3410 4342 tuum
3439 4287 3627 4346 hono-

1969 4392 2100 4433 rem
2153 4377 2400 4445 surgent
2448 4373 2553 4446 qui
2601 4372 2758 4428 circa
2794 4373 3096 4429 Aaronem
3155 4389 3226 4429 ac
3283 4375 3626 4435 Samuelem

1971 4479 2146 4522 sacra
2169 4463 2413 4525 faciunt,
2427 4476 2552 4518 non
2589 4465 2825 4517 tantum
2858 4461 3005 4534 quia
3040 4461 3193 4519 inter
3215 4464 3489 4522 Ecclesiae
3520 4483 3626 4524 an-

1970 4553 2178 4610 tistites
2217 4551 2438 4608 mirum
2457 4550 2519 4606 in
2548 4549 2802 4607 modum
2832 4550 3093 4620 excellis,
3119 4551 3228 4607 sed
3255 4553 3401 4625 quia
3424 4555 3630 4614 tunica

1971 4646 2077 4698 tua
2099 4639 2374 4713 pluribus
2393 4653 2584 4712 quam
2604 4637 2846 4695 illorum
2869 4639 3074 4696 tunica
3096 4640 3271 4696 malis
3301 4644 3537 4714 punicis
3557 4661 3630 4703 ac

1969 4728 2386 4789 tintinnabulis
2415 4727 2616 4784 aureis
2638 4727 3009 4786 interstincta
3027 4733 3174 4798 erat;
3192 4745 3380 4802 quam
3400 4732 3482 4791 ob
3499 4750 3629 4791 rem

1971 4827 2038 4878 ut
2067 4817 2373 4890 Evangelii
2399 4817 2758 4890 praedicator
2785 4822 2843 4874 et
2869 4823 2933 4874 ut
2959 4822 3160 4875 orator
3187 4818 3335 4891 legis
3355 4821 3630 4881 obscurae

1973 4908 2254 4983 symbola
2278 4905 2644 4977 fulgurando
2661 4906 3013 4978 superabas.
3036 4906 3125 4962 lbi
3139 4911 3204 4962 tu
3226 4909 3389 4966 viros
3407 4911 3632 4983 ingenii

1973 5015 2045 5058 ac
2083 4997 2270 5055 animi
2299 4995 2543 5053 dotibus
2571 4995 3010 5067 ornatissimos,
3041 4995 3373 5054 Clementes
3401 5015 3472 5056 ac
3495 5001 3628 5057 Dio-

1973 5089 2182 5162 nysios
2202 5086 2416 5143 obvios
2435 5085 2692 5142 habebis
2719 5085 2870 5141 etde
2895 5089 2951 5141 te
2981 5088 3047 5141 ut
3066 5084 3245 5140 fratre
3270 5088 3630 5158 gaudentes,

1973 5179 2080 5252 qui
2103 5177 2182 5235 ad
2206 5175 2478 5248 ipsorum
2499 5173 2863 5246 exemplum,
2879 5172 3331 5246 philosophiam
3362 5178 3633 5236 Graecam

1977 5265 2324 5326 Christiana:
2353 5262 2776 5336 philosophiae,
2795 5277 3034 5318 servam
3061 5261 3408 5335 diligentem
3440 5267 3634 5326 domi-

1974 5372 2070 5412 nae
2097 5358 2320 5410 sanctae
2350 5351 2678 5423 subjecisti.
2705 5353 2781 5406 Te
2819 5349 3017 5406 Basilii
3046 5354 3104 5406 et
3132 5351 3398 5422 Gregorii
3420 5359 3632 5426 gratis-

1977 5445 2200 5500 simum
2227 5440 2530 5497 advenam
2551 5437 2938 5510 excipiunt,et
2962 5437 3216 5510 dignum
3238 5442 3341 5514 qui
3365 5443 3634 5502 cohaares

1977 5531 2060 5588 sis
2083 5530 2357 5603 judicant
2391 5543 2533 5585 cum
2555 5526 2628 5583 iis
2660 5525 2770 5601 qui
2808 5525 2966 5586 sicut
3004 5531 3074 5588 tu
3117 5529 3490 5592 orationibus
3517 5534 3636 5594 exi-
