4134 6388
491 237 598 303 339
1356 228 1735 299 MICHAELIS
1769 227 2158 297 ACOMINATI
2194 228 2627 296 ATHENARUM
2661 227 2990 293 ARCHIEP.
3752 226 3867 285 360

490 364 627 423 miis
663 365 723 423 et
748 362 884 438 plus
925 377 1114 437 quam
1137 364 1435 438 argenteis
1460 363 1558 423 vel
1594 363 1792 422 aureis
1821 362 2122 421 Ecclesian

2253 362 2392 416 κοιτά
2452 362 2623 415 ταυτά
2663 362 2843 434 σφίσιν
2903 354 3237 413 ὑποκλίναντι
3291 354 3386 414 τὴν
3435 349 3662 411 Ἕλληνα
3713 348 3869 424 φιλο-

492 437 1062 512 οοηάθοοίτενοτιιηι.
1094 437 1329 513 Phinea;
1368 470 1612 529 quoque
1669 453 1987 525 collegium
2017 453 2124 510 sint

2255 457 2440 526 σοφίαν
2492 458 2557 525 τῇ
2602 455 2950 525 Χριστιανικῇ
2993 448 3240 519 θεοσοφίᾳ
3275 447 3367 497 καὶ
3406 449 3564 515 σεμνῇ
3608 437 3864 514 δεσποίνῃ

491 545 631 602 odio
674 549 731 602 et
785 544 1013 601 invidia
1040 548 1097 601 te
1149 544 1230 601 ad
1284 528 1558 617 ipsorum
1608 548 1812 617 partes
1855 543 2099 601 trahunt

2255 538 2553 596 σπουδαίαν
2637 540 2948 612 θεράπαιναν
3006 552 3020 569 ·
3080 536 3215 588 ἔνθεν
3300 528 3360 586 δὲ
3425 530 3688 585 Βασίλειοι
3776 532 3873 581 καὶ

490 634 679 708 probe
709 633 872 690 enim
901 633 1095 691 sciunt
1124 638 1178 691 te
1209 633 1290 691 ad
1318 633 1688 706 impietatem
1715 633 1917 707 lapsos
1946 632 2122 690 verbi:

2254 634 2535 705 Γρηγόριοι
2590 624 2885 692 δεξιοῦνταί
2916 644 2994 693 σε,
3039 628 3130 678 καὶ
3174 631 3275 676 τῶν
3325 621 3452 694 παρ’
3508 619 3688 681 αὐτοῖς
3727 637 3872 690 συγ-

489 723 918 797 reprobatoriis
948 722 1149 779 acrius
1177 738 1363 797 quam
1387 722 1591 795 gladio
1616 723 1982 780 vulnerasse.
1998 722 2121 779 Tan

2252 720 2585 794 κληρονομεῖν
2642 715 2851 780 ἀξιοῦσι
2907 718 3123 789 μόνων,
3161 713 3235 774 οἷς
3299 712 3414 764 κατ’
3480 709 3704 772 ἐκείνους
3768 725 3873 761 πε-

492 812 634 869 dem
664 811 951 879 Christus,
980 811 1238 869 verbum
1275 811 1498 881 vivum,
1531 811 1825 884 sapientia
1869 811 2124 869 omniun

2253 811 2501 886 ριέθηκας
2558 811 2754 879 κόσμον
2819 811 2882 877 τῇ
2953 802 3241 876 Ἐκκλησίᾳ
3303 799 3626 873 πολύτιμον,
3681 797 3874 870 λόγους

493 900 767 968 creatrix,
800 904 857 958 te
885 916 923 958 a
950 900 1173 959 dextris
1195 917 1414 975 propre
1430 902 1716 959 thronum
1740 901 1909 971 sistit,
1923 902 2124 974 majus

2253 898 2518 973 λαμπροὺς
2598 899 2690 949 καὶ
2765 890 3027 967 δόγμασιν
3121 888 3479 964 εὐαγγελικοῖς
3567 889 3873 961 γεγανωμέο

493 1006 613 1065 que
638 990 946 1064 sapientiae
963 991 1254 1066 poculum
1279 991 1555 1065 offerens,
1583 1007 1807 1049 novam
1831 992 1938 1050 tibi
1958 992 2125 1066 potio

2253 1006 2373 1050 νους
2448 987 2793 1059 θαυμασίως,
2853 986 2945 1036 καὶ
3017 982 3086 1044 ὡς
3139 983 3185 1034 εἴ
3247 998 3325 1041 τις
3389 976 3596 1053 ἀργύρῳ
3660 978 3874 1052 χρυσός

494 1064 635 1137 nem
664 1064 1177 1154 propinat,ﬁquam
1225 1096 1365 1138 cum
1406 1064 1756 1138 hominibus
1783 1064 2060 1155 perfectis
2084 1080 2126 1137 ir

2256 1075 2541 1149 ἐπιχέοιτο.
2573 1072 2642 1127 Ἦ
2681 1091 2783 1127 που
2821 1076 2912 1125 καὶ
2957 1077 3064 1132 τοῖς
3117 1072 3238 1142 περὶ
3288 1064 3665 1155 τόνᾲζηλωτὴν
3704 1066 3875 1126 Φινεὶς

494 1151 685 1240 regno
705 1151 957 1242 paterno
987 1151 1229 1240 gustare
1261 1170 1339 1227 ab
1369 1170 1537 1226 omni
1587 1151 1858 1244 tempore
1886 1169 2123 1228 destina

2257 1164 2352 1219 οὐκ
2396 1162 2571 1226 ἄςηλα
2605 1164 2673 1216 τὰ
2716 1162 2853 1214 κατά
2901 1162 2959 1214 σε
3006 1162 3099 1212 καὶ
3141 1156 3303 1219 ἄλλως
3348 1151 3620 1231 ἀδήριτας
3665 1152 3877 1209 Ἀνθὸλ-

497 1263 625 1316 tum
654 1263 780 1316 erat
807 1274 820 1314 :
855 1277 886 1313 ‹
911 1259 1221 1315 Neminem
1251 1259 1412 1316 enim
1438 1258 1651 1330 diligit,
1676 1259 1962 1317 Salomon
1985 1258 2128 1316 dicit

2257 1272 2416 1308 κουσι
2461 1250 2522 1307 δε
2580 1269 2638 1306 σε
2674 1255 2765 1304 καὶ
2815 1246 2961 1303 οὗτοι
2993 1249 3124 1322 πρὸς
3164 1246 3376 1307 ἑαυτοὺς
3441 1249 3532 1299 καὶ
3584 1244 3877 1306 καθίζουσι

495 1346 611 1404 nisi
634 1363 774 1405 eum
802 1346 908 1420 qui
936 1363 1077 1404 cum
1117 1347 1413 1421 sapientia
1447 1347 1742 1405 habitat“.
1779 1370 1808 1400 »
1834 1352 1918 1406 Tu
1947 1354 2127 1406 auten

2256 1339 2521 1418 πάρεδρον
2552 1383 2567 1411 ,
2628 1336 2858 1407 εἰδότες,
2925 1341 2991 1400 ὡς
3048 1336 3254 1398 πλείους
3315 1334 3468 1397 αὐτὸς
3529 1337 3659 1410 ἤπερ
3725 1333 3878 1387 οὗτοι

495 1436 601 1510 qui
622 1419 843 1508 jugiter
871 1451 1010 1492 cum
1049 1435 1153 1493 illa
1192 1419 1429 1507 manes,
1458 1436 1645 1493 solius
1691 1436 2000 1510 sapientia:
2027 1436 2127 1494 ille

2251 1436 2613 1508 παρανομίαις
2684 1428 2915 1503 ἐκφύλοις
2990 1428 3464 1501 συμφθειρομένους
3541 1419 3615 1477 δι’
3681 1421 3876 1497 ἀμφοῖν

497 1524 690 1582 cebris
732 1523 1117 1595 detinebaris,
1139 1524 1264 1582 imo
1294 1541 1435 1582 cum
1472 1541 1546 1583 ea
1574 1528 1750 1600 quasi
1776 1542 1917 1583 cum
1965 1542 2129 1584 uxor:

2260 1525 2474 1585 ὥθησας
2502 1561 2516 1588 ,
2576 1524 2667 1573 καὶ
2725 1523 3011 1591 τομώτερον
3068 1516 3417 1590 σειρομάστου
3484 1515 3674 1574 παντὸς
3729 1510 3875 1586 5M7-

495 1611 851 1684 conjunctus
876 1612 930 1669 ei
957 1611 1228 1681 vivebas,
1258 1613 1311 1670 ei
1331 1618 1606 1671 mortuus
1635 1630 1720 1687 es,
1750 1619 1808 1672 et
1830 1630 1994 1672 nunc
2021 1613 2127 1688 qui

2260 1632 2386 1687 χοις
2416 1608 2698 1672 διήλασας.
2730 1608 2847 1662 Ἐπὶ
2894 1613 3029 1660 πᾶσι
3060 1607 3292 1679 Χριστός
3320 1643 3336 1671 ,
3377 1605 3404 1656 ὁ
3436 1606 3601 1674 Λόγος
3627 1640 3643 1669 ,
3684 1602 3711 1655 ό
3741 1602 3870 1669 ζῶν,

494 1701 636 1758 dem
656 1700 736 1758 ab
763 1700 1049 1758 omnibus
1077 1700 1347 1775 corporis
1372 1702 1632 1759 miseriis
1659 1702 1946 1761 liberatus
1953 1703 2126 1775 ,t'onti

2260 1703 2292 1761 ἠ
2350 1701 2656 1772 αὐτοσοφία,
2695 1699 2725 1757 ἡ
2785 1698 2988 1750 πάντων
3026 1697 3253 1767 γενέτις,
3296 1696 3386 1746 καὶ
3434 1693 3641 1746 πάντων
3688 1698 3875 1763 τεχνί-

497 1789 629 1862 ejus
660 1790 867 1847 aeterni
881 1789 1114 1862 jnstam
1143 1795 1377 1862 partem
1408 1806 1470 1848 es
1495 1796 1828 1848 assecutus.

2261 1811 2361 1862 τις,
2408 1789 2466 1844 ἐκ
2509 1785 2692 1851 δεξιῶν
2738 1789 2829 1839 καὶ
2867 1786 2937 1847 ὡς
2979 1782 3250 1856 ἐγγυτάτω
3297 1789 3399 1834 τῶν
3452 1779 3638 1842 ἑαυτῆς
3678 1781 3874 1854 θρόνων

495 1883 869 1955 παρεστήσατο
934 1897 992 1931 σε
1052 1883 1143 1931 καὶ
1223 1879 1441 1953 μείζονα
1515 1884 1701 1953 σοφίας
1775 1883 1961 1940 ἵστησί
2027 1898 2111 1935 σοι
2180 1887 2455 1955 κρατῆρα,
2520 1881 2612 1930 καὶ
2692 1881 2783 1928 τοῦ
2867 1879 3048 1927 καινοῦ
3128 1875 3366 1946 προπίνει
3451 1889 3538 1923 σοι
3616 1873 3873 1943 πόματος,

498 1969 620 2041 ὅπερ
662 1970 794 2040 μετά
833 1974 932 2019 τῶν
974 1965 1129 2030 ἀξίων
1169 1966 1218 2020 ἐν
1275 1975 1339 2041 τῇ
1398 1977 1627 2043 πατρικῇ
1694 1968 1940 2043 βασιλείᾳ
1996 1974 2158 2024 πίνειν
2224 1965 2471 2042 ἀψευδῶς
2512 1963 2826 2037 ἒπὴγγελτο.
2869 1962 3031 2024 Αὐτός
3070 1979 3129 2015 σε
3179 1963 3279 2037 γὰρ
3327 1955 3480 2013 οὐδέν
3539 1957 3721 2032 ἀγαπᾷ
3746 2000 3760 2027 ,
3803 1959 3875 2022 ὣς

500 2073 633 2129 φησι
680 2054 952 2129 Σολομῶν,
996 2056 1039 2108 εὶ
1094 2060 1166 2129 μὴ
1221 2060 1309 2110 τόν
1379 2063 1538 2131 σοφίᾳ
1594 2066 1935 2112 συνοικοῦντα
1963 2099 1976 2115 .
2038 2064 2140 2114 Καὶ
2196 2062 2261 2112 σὺ
2325 2055 2424 2125 δε,
2485 2062 2749 2130 παροικῶν
2815 2054 2892 2105 ἔτι
2952 2047 3145 2126 δεῦρο,
3178 2054 3337 2123 μόνου
3394 2047 3617 2112 κάλλους
3682 2053 3878 2122 σοφίας

500 2144 660 2207 ἐάλως
686 2186 700 2213 ,
742 2150 833 2197 καὶ
871 2148 1002 2218 μόνῃ
1046 2150 1206 2219 σοφίᾳ
1246 2151 1645 2221 προσετετήκεις
1693 2147 1843 2210 εὐθὺς
1892 2146 1947 2201 ἐκ
2000 2145 2231 2220 παιδός,
2284 2151 2374 2201 καὶ
2417 2141 2866 2205 συνδιαϐεϐίωκας
2915 2142 3076 2214 ταύτῃ
3118 2144 3209 2193 καὶ
3266 2137 3609 2211 ἔπανέψυξας,
3650 2143 3739 2192 καὶ
3782 2146 3875 2192 νῦν

500 2238 595 2293 τὴν
627 2228 800 2286 ἀΐδιον
838 2235 1039 2296 ταύτης
1066 2239 1244 2306 πηγὴν
1272 2275 1288 2303 ,
1328 2235 1646 2295 κατάλληλον
1675 2235 1822 2301 λῆξιν
1845 2278 1861 2306 ,
1898 2235 2266 2313 κεκλήρωσαι,
2307 2243 2408 2289 τῶν
2452 2234 2677 2288 ἐνταῦθα
2711 2235 2832 2305 περὶ
2868 2233 2928 2283 τὸ
2970 2237 3125 2303 σῶμα
3145 2232 3237 2282 καὶ
3262 2226 3312 2281 ἐν
3352 2233 3559 2302 σώματι
3601 2224 3876 2282 δυσκόλων

499 2324 821 2398 ὑπεραρθείς.

572 2412 747 2477 Quod
777 2412 828 2467 si
861 2425 974 2468 nos
1005 2415 1311 2469 terrestres
1337 2412 1566 2471 incolas
1607 2413 1874 2487 respicis,
1900 2431 1937 2472 o
1972 2413 2157 2472 chara

2335 2411 2475 2465 Ἀλλ’
2518 2413 2564 2465 εἴ
2603 2429 2657 2465 τι
2706 2417 2806 2463 τῶν
2845 2404 3068 2462 ἐνταῦθα
3117 2412 3208 2461 καὶ
3251 2398 3340 2460 νῦν
3401 2401 3568 2460 κλύων
3624 2403 3880 2482 ἔπεσσι-ραι·

501 2502 708 2557 anima
734 2506 801 2558 ut
829 2517 972 2558 sane
1001 2501 1184 2574 facis;
1219 2518 1340 2559 vox
1364 2504 1524 2560 enim
1556 2505 1815 2577 mystica
1837 2521 1950 2563 nos
1981 2505 2131 2562 doce

2262 2503 2384 2574 ψαι,
2426 2499 2466 2554 ὦ
2525 2504 2658 2574 σοφὴ
2699 2504 2788 2552 καὶ
2827 2498 2943 2572 φίλη
2982 2497 3161 2570 ψυχὴ,
3213 2498 3387 2570 ὥσπερ
3455 2497 3560 2572 ἄρα
3596 2501 3687 2551 καὶ
3752 2495 3876 2551 ἐπέ-

498 2589 615 2645 hoc
644 2588 963 2662 praemium
987 2590 1391 2648 honoriﬁcum
1433 2607 1573 2649 esse
1613 2593 1808 2665 justis,
1841 2598 1907 2651 ut
1935 2599 2019 2664 tu,
2050 2609 2130 2651 au

2265 2590 2502 2667 στραψαι
2572 2585 2740 2648 δήπου
2816 2589 2991 2660 (γέρας
3067 2588 3210 2660 γὰρ,
3286 2587 3356 2648 ὡς
3423 2582 3472 2637 ἓν
3555 2583 3877 2661 ἀπορῥήτοις

499 2679 721 2751 pignus
745 2678 1048 2736 bonorum
1098 2681 1563 2753 promissorum,
1594 2698 1733 2754 quae
1776 2683 1986 2740 oculus
2030 2698 2131 2740 n01

2263 2682 2585 2755 μανθάνομεν
2615 2721 2631 2751 ,
2690 2684 2845 2730 τοῦτο
2899 2683 3006 2738 τοῖς
3063 2676 3199 2728 κατά
3233 2677 3291 2728 σε
3313 2715 3329 2743 ,
3361 2674 3449 2727 εἶτ’
3493 2670 3582 2727 οὖν
3634 2673 3874 2750 ἀρραϐὼν

497 2767 833 2835 vidit,auris
852 2783 976 2824 non
997 2767 1229 2826 audivit
1255 2769 1313 2825 ef
1337 2785 1473 2843 qua:
1500 2771 1563 2826 in
1582 2786 1687 2827 cor
1704 2771 1970 2829 hominis
1998 2788 2124 2828 nun

2263 2776 2364 2822 τῶν
2394 2768 2443 2821 ἐν
2481 2766 2806 2840 ἐπαγγελίαις
2858 2763 3064 2837 ἀγαθῶν
3087 2806 3102 2833 ,
3135 2771 3234 2817 τῶν
3273 2763 3383 2817 οὔθ’
3437 2764 3632 2837 ὁρατῶν
3680 2762 3872 2836 ὀφθαλ-

497 2872 685 2929 quam
707 2856 1330 2921 descenderunt”,noli
1345 2859 1531 2916 hocce
1546 2859 1954 2933 lacrymarum
1976 2861 2129 2918 sacri

2263 2865 2419 2932 μοῖς,
2471 2857 2580 2910 οὔτ’
2629 2855 2896 2910 ἀκουστῶν
2936 2854 3065 2907 ὧσὶν
3095 2897 3110 2923 ,
3151 2852 3258 2906 οὔτ’
3318 2852 3611 2927 ἀνθρωπίνῃ
3671 2849 3875 2927 καρδίᾳ

498 2945 702 3001 ﬁcium
739 2946 1068 3018 aspernari,
1098 2946 1265 3018 quod
1306 2947 1413 3003 tibi
1438 2949 1725 3020 quamvis
1755 2966 1935 3022 super
1955 2950 2127 3023 sepul

2263 2945 2649 3017 καταληπτῶν),
2692 2941 2877 3017 δίχοιο
2942 2939 3100 3000 τήνδε
3130 2942 3198 2994 ὧν
3244 2939 3453 2995 σπένδω
3505 2961 3589 2995 σοι
3629 2938 3876 3018 δακρύων

498 3052 669 3091 crum
712 3039 885 3091 tuum
933 3051 1058 3091 non
1109 3034 1370 3092 effusum
1409 3036 1596 3095 offero
1620 3039 1812 3112 (quod
1841 3041 2130 3113 complect

2265 3042 2420 3110 χοὴν,
2481 3035 2575 3089 οὐκ
2650 3033 2733 3087 ἐπὶ
2783 3041 2853 3105 τῷ
2915 3031 3183 3105 πολυόλϐῳ
3239 3036 3329 3085 καὶ
3393 3031 3733 3105 πολυκλαύτῳ
3800 3041 3879 3105 σῷ

497 3124 928 3182 consolationis
980 3140 1123 3195 ergo
1178 3141 1303 3182 non
1344 3126 1493 3183 mihi
1544 3128 1816 3201 datum);
1874 3130 2129 3203 quamvi;

2262 3129 2556 3199 κεχυμένην
2620 3120 2802 3197 τύμϐῳ
2842 3124 2943 3194 (ὃτι
3011 3118 3152 3194 μηδὲ
3204 3120 3630 3196 περιπτύξασθαι
3692 3128 3877 3175 τοῦτον

497 3214 624 3271 istae
676 3213 958 3286 lacrymae
1006 3212 1180 3269 melle
1235 3214 1489 3272 laudum
1537 3222 1777 3274 tuarum
1833 3234 1957 3275 non
2011 3219 2124 3276 sati

2264 3218 2431 3269 ἔνεστί
2467 3235 2580 3289 μοι,
2632 3217 2722 3266 καὶ
2760 3231 2877 3265 τινα
2923 3210 3255 3286 παραψυχὴν
3312 3209 3498 3264 ἐκεῖθεν
3531 3209 3872 3281 ἀρύσασθαι),

500 3303 757 3361 condita:
790 3303 1015 3359 sint.Tu
1043 3303 1191 3359 mihi
1206 3320 1450 3378 quoque
1480 3307 1777 3376 guttulam
1806 3308 2012 3379 gratiae
2042 3313 2132 3365 tua

2265 3308 2383 3357 οὔτε
2430 3302 2601 3375 πολλῷ
2674 3306 2763 3355 καὶ
2823 3302 2944 3354 ὅσον
2993 3298 3158 3375 ἐχρῆν
3216 3298 3484 3372 ἐγκωμίων
3526 3308 3630 3351 σῶν
3698 3318 3878 3375 κεκρα-

499 3392 876 3461 committas;
910 3391 1210 3463 ejusmodi
1241 3393 1402 3450 enim
1432 3394 1634 3452 ofﬁcia
1663 3397 2131 3469 prrestare,dum-

2265 3398 2426 3468 μένων
2480 3393 2649 3466 μέλιτι
2702 3408 2715 3422 °
2762 3394 2852 3443 xui.
2892 3409 2980 3446 μοι
3019 3398 3118 3441 τῶν
3160 3396 3264 3441 σῶν
3308 3392 3547 3463 χαρίτων
3601 3387 3883 3452 ἒνσάλαξον

498 3481 683 3538 modo
709 3478 1048 3549 velis,nunc
1071 3481 1335 3538 maxime
1353 3484 1547 3554 magis
1563 3501 1751 3557 quam
1770 3490 1949 3542 antea
1964 3486 2129 3542 vales

2263 3484 2476 3536 ὁσονοῦν
2529 3481 2782 3554 ψίκασμα
2828 3496 2841 3510 ⁶
2885 3478 2995 3541 ἐξόν
3048 3480 3150 3553 γάρ
3193 3495 3276 3530 σοι
3316 3476 3611 3550 βουλομένῳ
3656 3481 3884 3551 χαρίζε-

497 3574 628 3630 Non
653 3574 860 3643 postea
889 3569 1077 3626 oculis
1114 3586 1227 3627 nos
1256 3572 1622 3637 videbimus,
1645 3590 1769 3630 non
1798 3590 1905 3646 per
1931 3574 2129 3632 littera

2265 3575 2425 3642 aeut‘,
2473 3576 2565 3625 καὶ
2629 3570 2793 3644 μείζω
2855 3564 2943 3620 νῦν
2983 3569 3013 3628 ἦ
3053 3572 3303 3644 πρότερον
3345 3604 3358 3618 .
3401 3567 3478 3619 Οὐ
3525 3571 3627 3641 γὰρ
3690 3567 3879 3639 ἅτερος

498 3658 1066 3728 confabulabimur;
1095 3658 1468 3718 immensum
1501 3663 1661 3718 enim
1692 3663 1957 3734 spatium
2003 3663 2130 3720 inte;

2263 3662 2499 3735 ὀψόμεθα
2561 3663 2769 3734 θάτερον
2813 3665 2906 3711 τοῦ
2950 3657 3152 3725 λοιποῦ,
3186 3659 3302 3709 οὔτε
3340 3664 3463 3729 γοῦν
3491 3701 3505 3726 ,
3539 3654 3876 3711 ἀντεπιστέλ-

498 3755 720 3807 terram
750 3754 807 3807 et
832 3748 1051 3806 cmlum
1080 3750 1471 3821 sidereum,id
1490 3756 1579 3808 est
1600 3751 1754 3808 inter
1771 3768 1884 3810 nos
1902 3753 2125 3810 interce

2260 3751 2432 3815 λοντες
2505 3749 2775 3817 ἀλλήλοις,
2847 3753 2943 3807 τὴν
3018 3743 3293 3819 ἀπόδημον
3368 3746 3573 3819 ὁμιλίαν
3659 3751 3880 3819 σοφισό-

496 3837 614 3908 dit;
647 3843 913 3895 attamen
942 3855 1067 3896 non
1096 3839 1493 3913 desperamus
1520 3840 1647 3897 fore
1679 3848 1743 3898 ut
1788 3847 1988 3900 tecum
2032 3859 2128 3900 una

2262 3843 2396 3915 μεθα
2422 3862 2435 3875 ο
2463 3842 2659 3914 χάσμα
2699 3842 2798 3912 γὰρ
2839 3841 2977 3911 μέγα
3000 3880 3014 3907 ,
3041 3841 3132 3889 καὶ
3169 3838 3291 3889 ὅσον
3348 3840 3665 3908 μεταίχμιον
3715 3841 3876 3907 γαίης

497 3927 834 3985 simus.lsta
849 3928 1099 4001 quidem
1118 3928 1505 4002 intercapedo
1529 3928 1708 3986 nobis
1736 3946 1982 4005 quoque
2000 3935 2129 3990 tran

2260 3952 2316 3987 τε
2378 3935 2469 3985 καὶ
2550 3930 2771 4006 οὐρανοῦ
2852 3926 3221 4003 ἀστερόεντος,
3286 3925 3590 4001 ἐστήρικται
3673 3926 3873 3999 μεταξὺ

498 4016 773 4085 silienda,
794 4016 1073 4088 quamvis
1101 4022 1239 4090 post
1262 4022 1527 4090 tempus,
1558 4019 1684 4075 erit.
1720 4020 1834 4077 Sed
1860 4021 1983 4077 alia
2004 4021 2130 4077 mih

2261 4024 2407 4095 ἡμῶν
2436 4040 2490 4073 τε
2528 4024 2617 4072 καί
2668 4025 2784 4071 σοῦ.
2827 4022 2930 4070 Καὶ
2987 4018 3089 4070 εἴθε
3127 4020 3279 4090 μόνον
3319 4012 3381 4073 ἦν
3423 4023 3594 4083 τοῦτο,
3635 4020 3726 4068 καὶ
3771 4015 3872 4068 οὐκ

496 4122 660 4163 nunc
685 4106 1071 4178 intercapedo
1099 4107 1161 4163 in
1200 4111 1467 4163 mentem
1498 4107 1658 4163 venit
1687 4108 1877 4166 multo
1902 4110 2128 4166 horribi

2260 4110 2321 4162 ἂν
2378 4116 2611 4184 κρεῖττον
2650 4112 2681 4166 ἦ
2722 4107 2836 4160 κατ’
2901 4103 3094 4159 ἐλπίδα
3155 4108 3407 4180 ἡμετέραν
3471 4101 3644 4158 ἐδόκει
3680 4108 3740 4157 τό
3777 4110 3867 4158 καὶ

496 4195 628 4262 lior,
657 4209 769 4250 nec
801 4194 999 4251 minor
1027 4211 1216 4268 quam
1247 4196 1530 4253 distantia
1554 4197 1707 4253 inter
1735 4198 1936 4254 sinum
1966 4198 2128 4255 Abra

2260 4198 2476 4260 ἐσαῦθις
2542 4198 2854 4250 συνέσεσθαί
2912 4200 2996 4249 σοί
3065 4214 3189 4248 ποτε
3229 4216 3241 4228 θ
3287 4196 3507 4269 περατόν
3573 4197 3675 4270 γάρ
3729 4193 3866 4247 ἐστιν

497 4282 668 4341 hami
692 4286 748 4338 et
773 4281 990 4339 inferni
1017 4285 1337 4355 gurgitem,
1365 4287 1424 4340 et
1450 4284 1556 4341 ubi
1582 4285 1724 4342 hinc
1768 4285 1908 4342 inde
1955 4290 2129 4344 trans-

2259 4290 2406 4360 ἡμῶν
2464 4285 2758 4359 ἀναγκαίως
2796 4292 2948 4337 τοῦτο
2986 4286 3046 4336 τό
3102 4285 3296 4357 χάσμα
3318 4327 3333 4353 ,
3371 4287 3462 4335 καὶ
3500 4281 3622 4335 ὅσον
3661 4279 3869 4335 οὐδέπω

496 4375 583 4431 ire
632 4389 755 4430 non
796 4373 992 4432 datur.
1014 4377 1100 4431 Tu
1127 4374 1375 4448 quidem
1426 4375 1489 4431 in
1525 4374 1845 4433 beatorum
1896 4392 2128 4435 numeri

2259 4381 2350 4429 καὶ
2389 4376 2538 4429 αὐτοὶ
2593 4378 2720 4449 πρὸς
2756 4377 2824 4427 τά
2860 4373 3044 4426 αὐτόθι
3089 4392 3188 4426 που
3245 4374 3448 4434 πάντως
3503 4368 3702 4426 ἐνθένδε
3749 4367 3870 4423 διας

498 4464 772 4533 versaris,
802 4463 980 4521 nobis
1005 4468 1209 4521 autem
1250 4463 1513 4521 maxime
1543 4465 1938 4523 metuendum
1964 4471 2053 4524 est
2075 4485 2130 4524 n4

2262 4466 2558 4541 βησόμεθα.
2585 4472 2693 4520 Νῦν
2733 4461 2793 4517 δὲ
2833 4459 3073 4539 δεύτερον
3112 4462 3190 4516 ἐπ’
3230 4463 3369 4534 αὐτῷ
3421 4463 3616 4535 χάσμα
3666 4460 3865 4513 πυνθά-

496 4559 564 4613 ut
596 4553 795 4612 divitis
823 4554 981 4610 illius
1009 4554 1071 4610 in
1101 4554 1384 4625 gehenna
1410 4554 1681 4612 ardentis
1707 4556 1852 4613 socii
1881 4556 1961 4614 ad
1984 4574 2128 4615 eam

2258 4577 2413 4630 νομαι
2499 4554 2630 4609 πολὺ
2719 4552 3061 4628 φοϐερώτερον
3093 4594 3107 4619 ,
3185 4553 3371 4605 καθότι
3445 4556 3537 4603 καὶ
3614 4547 3873 4623 ἀποτομία

496 4643 638 4701 dem
666 4660 914 4718 poenam
935 4643 1412 4700 condemnemur
1432 4644 1570 4700 etin
1602 4648 1892 4702 aeternum
1921 4663 1960 4704 a
1991 4652 2043 4704 te
2064 4664 2127 4705 se

2261 4642 2588 4705 διαστάσεως
2662 4640 2925 4717 ἀπέρρωγε
2997 4638 3192 4693 πλείονι
3224 4682 3239 4709 ,
3315 4644 3407 4692 καὶ
3480 4640 3578 4697 ὅση
3654 4657 3737 4701 τις
3808 4638 3871 4689 ἄν

496 4750 776 4809 paremur
794 4752 808 4805 ;
839 4749 976 4806 quae
991 4733 1135 4805 quid
1144 4750 1240 4790 em
1256 4734 1553 4805 separatio
1569 4749 1709 4790 cum
1737 4751 2005 4808 praesens
2025 4741 2128 4794 tun

2257 4738 2458 4808 γένοιτο
2497 4736 2527 4792 ἡ
2577 4731 2676 4785 ἀπὸ
2730 4732 3036 4803 κευθμώνων
3081 4725 3216 4800 ᾅδου
3280 4726 3326 4789 ἐς
3363 4727 3583 4789 κόλπους
3633 4726 3875 4803 Ἀϐραὰμ

494 4824 698 4883 futura
756 4823 1030 4881 animum
1083 4838 1289 4879 meum
1329 4823 1683 4893 gravissime
1742 4827 1926 4897 angit.
1988 4828 2126 4885 Faxi

2260 4823 2485 4896 ἀγομένη
2556 4818 2835 4894 διάμετρος
2875 4839 2889 4852 ·
2931 4820 3000 4882 ὡς
3065 4813 3180 4871 οὐδ’
3240 4817 3458 4890 ἑτέρωσε
3523 4823 3614 4869 τοῦ
3685 4814 3873 4868 λοιποῦ

495 4917 652 4972 Deus
679 4930 789 4988 pro
826 4912 1239 4970 misericordia
1263 4917 1321 4970 et
1348 4913 1432 4969 tui
1462 4914 1656 4984 gratia
1699 4920 1762 4973 ut
1808 4918 2070 4989 Moysem
2094 4933 2127 4976 e

2261 4910 2549 4967 διαϐαίνειν
2606 4910 2792 4973 ἐξεῖναι
2849 4914 2954 4970 τοῖς
3007 4906 3131 4983 παρ’
3180 4907 3415 4983 ἑκάτερα.
3458 4901 3692 4959 Δεδιέναι
3746 4912 3874 4978 γοῦν

495 5005 822 5078 prophetas
839 5002 1163 5059 audiamus
1189 5000 1521 5074 Christique
1545 5002 1781 5060 Domini
1811 5007 2127 5064 testimonit

2259 5003 2425 5074 ἄξιον,
2465 5005 2565 5075 μὴ,
2597 5007 2691 5054 σοῦ
2747 5018 2808 5071 γε
2862 4996 3227 5070 κατειληφότος
3283 4992 3391 5055 ἠδη
3443 5013 3536 5054 την
3588 5003 3689 5047 τῶν
3737 4996 3877 5047 κατὰ

496 5094 816 5151 credamus
837 5091 945 5164 qui
973 5107 1010 5147 a
1034 5089 1288 5147 mortuis
1316 5093 1657 5161 resurrexit,
1688 5099 1746 5152 et
1767 5100 1833 5152 ut
1853 5096 2128 5154 sinceran

2263 5094 2320 5145 σε
2357 5094 2627 5166 μακαρίων
2680 5094 2902 5163 χώραν,
2940 5088 3094 5160 ἡμεῖς
3140 5088 3208 5148 ὡς
3267 5082 3482 5158 ἀδελφοὶ
3526 5090 3618 5137 τοῦ
3676 5082 3725 5135 ἐν
3763 5079 3872 5157 ᾅδῃ

493 5182 793 5240 faciamus
810 5179 1228 5253 paenitentiam
1255 5196 1536 5253 agamus,
1559 5199 1634 5240 ne
1660 5188 1717 5241 et
1743 5185 1858 5258 ipsi
1881 5185 1944 5242 in
1963 5186 2125 5243 istun

2262 5179 2679 5255 βασανιζομένου
2722 5178 2978 5232 πλουσίου
3019 5176 3092 5238 εἰς
3134 5177 3222 5227 τὸν
3276 5173 3433 5227 αὐτὸν
3489 5173 3665 5245 ἐκείνῳ
3716 5176 3875 5225 τόπον

493 5270 698 5326 locum
715 5268 1026 5326 tormentis
1041 5268 1415 5327 horrendum
1438 5271 1966 5344 detrudamur,sed
1985 5275 2125 5348 dign

2262 5268 2690 5343 ἀπαχθησόμεθα
2717 5309 2731 5335 ,
2785 5272 2876 5321 καὶ
2919 5269 3035 5320 τότε
3084 5261 3151 5325 δὴ
3196 5267 3312 5318 τότε
3348 5262 3555 5337 μεγάλῳ
3598 5266 3756 5325 ὅντως
3784 5266 3877 5315 καὶ

494 5358 835 5420 habeamur
861 5357 969 5431 qui
997 5362 1196 5419 tecum
1220 5360 1338 5420 Deo
1368 5362 1766 5437 omnipotenti
1809 5380 1983 5425 sacra
2011 5381 2126 5439 per

2261 5355 2489 5422 οὐδόλως
2545 5365 2751 5437 περατῷ
2804 5354 3208 5429 διαστησόμεθα
3257 5354 3544 5428 χάσματι.
3594 5350 3747 5407 Οὒτω
3785 5355 3879 5407 καὶ

566 5564 591 5642 9
622 5568 761 5641 Sap.
793 5581 895 5642 vn,
926 5569 1017 5632 28.
1052 5590 1057 5597 ·
1094 5571 1119 5649 _°
1156 5570 1334 5632 lCor.
1372 5586 1435 5647 ιι,
1463 5573 1516 5634 9.
