4134 6430
212 273 303 329 361
1391 261 1714 318 MONODIA
1749 265 1818 318 IN
1863 264 2185 320 FRATREM
2227 265 2433 321 SUUM.

3514 275 3619 329 362

206 390 307 454 ἤδη
372 393 601 467 παρόντι
646 394 746 450 τῆς
800 381 1134 446 διαστάσεως
1196 385 1588 459 ὑπεράχθομαι,
1652 392 1743 441 καὶ
1801 390 1861 441 τὸ
1894 393 1940 447 Α

2010 403 2227 459 gamus
2256 394 2313 445 et
2341 389 2403 445 in
2429 391 2880 449 sanctissimum
2900 393 3025 451 veri
3048 394 3425 452 tabernaculi
3444 413 3479 454 a
3501 397 3623 454 Deo

204 482 382 557 μέλλον
457 486 549 533 τοῦ
633 482 920 553 χωρισμοῦ
1002 473 1151 527 πλέον
1216 472 1537 547 πεφόϐημαυ
1611 481 1731 535 Δοίη
1802 474 1863 531 δὲ

2010 493 2123 549 aso,
2153 493 2278 534 non
2303 478 2382 535 ab
2411 478 2762 536 hominibus
2792 484 3073 540 exstructi
3098 484 3468 541 introeamus
3510 502 3629 560 pu—

209 575 359 638 Θεὸς,

442 568 725 641 ἱλεούμενος
799 566 947 640 παρὰ
1021 570 1138 633 σοῦ,
1212 561 1416 616 ἀκουειν
1482 568 1572 638 μὲν
1637 571 1863 628 Μωσέως

2010 566 2301 640 iticaitque
2327 568 2619 626 sacriﬁcio
2649 571 2949 643 supplices
2978 576 3357 630 assistamus.

208 667 301 715 καὶ
376 668 473 713 τῶν
541 663 842 733 προφητῶν,
903 654 1178 706 πείθεσθαι
1247 649 1308 704 δὲ
1374 649 1839 730 διαμαρτυρομένου
1896 657 2022 728 ἡμῖν
2077 662 2169 709 καὶ
2224 664 2296 727 τῷ
2365 657 2420 710 ἐκ
2479 666 2669 734 νεκρῶν
2737 658 3020 713 ἀναστάντι
3083 660 3313 736 δεσπότῃ
3388 672 3625 738 Χριστῷ,

212 756 303 804 καὶ
378 752 609 822 γνησίως
682 749 966 818 μετανοεῖν·
1047 743 1132 794 ἵνα
1206 746 1279 814 μή
1350 748 1441 796 καὶ
1514 743 1661 796 αὐτοὶ
1742 750 1810 805 εἰς
1885 749 2006 806 τοὺς
2079 749 2270 809 τόπους
2344 746 2559 809 ἐκείνους
2640 758 2732 810 τῆς
2798 748 3034 821 βασάνου
3112 750 3434 821 ἁπεῦιθοιμίν.
3522 753 3628 807 ἀλλ’

217 840 552 911 ἀξιωθείημεν
625 838 716 889 σὺν
798 837 884 887 σοὶ
966 833 1126 885 θῦσαι
1201 838 1272 901 τῷ
1355 838 1471 903 Θεῷ
1554 834 1739 887 θυσίαν

1821 833 2076 901 αἰνέσεως,
2149 837 2216 898 εἰς
2279 840 2335 889 τό
2403 835 2667 912 ἐνδότερον
2730 839 2879 911 ἅγιον
2942 849 3032 901 τῆς
3107 839 3350 902 ἀληθινῆς
3414 853 3630 914 σκηνῆς,

212 931 275 991 ἦν
338 927 496 1001 ἔπῃξε
556 926 746 1000 Κύριος
809 924 899 975 καὶ
930 921 1025 976 οὐκ
1089 921 1378 996 ἄνθρωπος,
1444 920 1713 992 εἰσιόντες,
1780 928 1870 976 καὶ
1930 933 2003 996 τῷ
2068 931 2174 979 ἐκεῖ
2233 936 2402 998 νοητῷ
2472 930 2700 1003 θυτηριῳ
2766 932 3129 1004 καθαρώτερον
3190 929 3623 1006 προσεδρεύοντες

209 1024 302 1072 καὶ
321 1018 676 1093 λατρεύοντες.

651 1230 1868 1421 MICHAELIS
1980 1233 3213 1428 ACOMINATI

1576 1554 2107 1667 CHONIA
2121 1559 2349 1666 ΤᾸΕ

558 1802 1362 1901 SANCTISSIMI
1453 1803 2284 1903 ATHENARUM
2368 1809 3321 1909 METROPOLITE

1806 2036 2058 2079 MONODIA

655 2151 725 2204 IN
767 2148 1047 2203 FUNERE
1088 2148 1398 2217 FRATRIS,
1437 2146 1855 2207 JUDlClOBUM
1893 2148 2148 2205 EPHORI
2189 2150 2816 2220 IMPERATORIOQUE
2857 2155 3204 2212 CUBICULO

1116 2238 1524 2315 PBIEPOS‘ITI,
1596 2247 1653 2302 C.
1711 2246 1979 2304 NlCETrE
2038 2247 2436 2321 CHONIATIE,
2481 2250 2754 2309 HABlTA'

221 2378 302 2431 Ex
340 2373 482 2431 edit.
518 2369 781 2430 Morellii.
816 2369 1002 2428 Paris.
1035 2370 1189 2437 1580,
1221 2371 1304 2437 80,
1329 2372 1673 2427 —Gra-.cum
1700 2374 1928 2427 textum
1947 2376 2090 2442 post
2112 2372 2416 2446 impressa
2445 2376 2652 2433 Latina
2672 2377 3013 2435 invenimus
3038 2379 3101 2435 in
3127 2379 3451 2435 cod.Paris.
3489 2383 3647 2448 1234,

295 2461 499 2519 saeculi
522 2459 743 2518 decimi
777 2458 998 2532 quarti,
1029 2458 1424 2531 bombycino,
1457 2458 1565 2515 sed
1593 2458 1828 2515 lacunis
1858 2459 2074 2517 misere
2103 2460 2349 2529 foedata,
2381 2480 2537 2536 quas
2558 2466 2853 2523 Morellius
2877 2468 3169 2541 interpres
3201 2468 3582 2540 conjicienda

1135 2547 1414 2621 explevit.
1457 2551 1660 2604 Exstat
1687 2547 1886 2621 qualis
1915 2549 2117 2623 qualis
2143 2550 2205 2607 in
2232 2552 2352 2609 ﬁne
2378 2553 2564 2625 hujus
2596 2557 2767 2627 tomi)

1915 2702 1987 2713 α..

294 2804 340 2860 0
392 2799 815 2857 calamitosum
880 2797 1202 2854 nuntium!
1254 2813 1291 2854 o
1347 2797 1674 2854 adversum
1732 2796 1887 2853 infe-
1918 2798 1959 2852 Β
2001 2798 2123 2856 sive
2151 2800 2460 2874 lapideam
2486 2805 2812 2879 illam,quae
2832 2807 2925 2880 (ut
2951 2807 3013 2863 in
3042 2807 3265 2864 fabulis
3315 2809 3421 2876 est)
3453 2810 3655 2865 mutas

225 2896 515 2962 stumque
557 2887 904 2945 rumorem!
959 2886 1060 2960 qui
1122 2885 1303 2942 simul
1354 2903 1423 2944 ac
1464 2886 1794 2958 improviso
1834 2889 1893 2942 et

228 2980 548 3052 insperato
609 2977 923 3032 hominum
995 2991 1272 3032 sermone
1335 2992 1505 3032 meas
1562 2975 1641 3032 ad
1713 2991 1891 3032 aures

230 3069 464 3127 allatus
486 3071 601 3133 est;
633 3065 743 3121 illae
773 3082 912 3123 mox
942 3069 1108 3122 tanto
1140 3071 1363 3121 terrore
1385 3066 1697 3122 concitatae
1729 3070 1889 3131 sunt,

230 3162 300 3214 ut
342 3155 496 3212 mihi
541 3153 727 3228 (quod
754 3153 1147 3213 delirantibus
1177 3157 1235 3209 et
1264 3157 1463 3211 mente
1511 3153 1703 3226 captis
1754 3170 1893 3210 usu-

226 3246 434 3304 venire
468 3244 639 3313 solet)
679 3244 894 3300 tinnire
920 3249 1101 3318 atque
1140 3242 1613 3313 circumsonare,
1654 3248 1893 3316 pectus-

224 3351 350 3410 que
392 3334 549 3391 adeo
590 3334 795 3407 ipsum
826 3348 1083 3390 maerore
1115 3331 1571 3400 contabescens,
1604 3348 1895 3389 mucrone

230 3423 355 3499 peti
375 3423 770 3496 transﬁgique
798 3422 1120 3479 videretur.
1156 3421 1321 3479 Unde
1369 3427 1644 3479 cruentas
1688 3422 1895 3494 hasce,

234 3513 473 3587 opinor,
487 3528 642 3585 quas
656 3511 979 3568 effundunt
993 3511 1148 3568 oculi
1162 3510 1468 3583 lacrymas
1489 3516 1897 3584 conceperunt

232 3602 498 3659 cruentis
568 3601 683 3658 illis
745 3602 929 3673 guttis
973 3599 1330 3674 persimiles,
1393 3616 1550 3673 quas
1589 3600 1895 3670 tragoediis

232 3691 608 3765 perappositi
658 3689 899 3747 scenica
949 3689 1132 3761 vulgo
1192 3694 1474 3746 venustas
1521 3688 1785 3760 efﬁngit:
1832 3694 1898 3746 ut

240 3782 462 3837 mirum
492 3782 585 3851 sit,
608 3781 756 3853 quin
783 3784 841 3837 et
868 3781 1000 3853 ipse
1021 3778 1411 3836 attonitorum
1446 3778 1685 3835 illorum
1731 3779 1896 3836 fana-

238 3870 616 3943 ticorumque
638 3885 798 3926 unus
823 3868 1043 3942 aliquis
1065 3868 1382 3937 evaserim,
1404 3868 1693 3941 omnique
1717 3884 1898 3924 sensu

237 3960 520 4035 privatus
556 3960 614 4016 in
671 3959 1021 4016 columnam
1066 3957 1336 4031 aliquam
1377 3957 1749 4029 diriguerim.
1808 3957 1899 4013 Ad

239 4049 607 4107 hodiernum
638 4054 844 4106 tamen
866 4063 1058 4121 usque
1074 4047 1314 4103 diemin
1344 4049 1618 4103 vivorum
1646 4062 1898 4103 numero

236 4156 587 4213 supersum,
619 4153 747 4195 non
787 4138 1037 4208 ignarus
1067 4140 1330 4210 quantas
1367 4136 1428 4192 in
1471 4136 1741 4193 miserias
1785 4136 1894 4192 sim

228 4231 585 4305 prolapsus,
608 4243 870 4301 quarum
891 4226 1230 4298 cognitione
1252 4230 1310 4284 et
1334 4225 1720 4295 conscientia,
1752 4242 1899 4299 que-

228 4320 403 4377 rulas
435 4319 552 4375 has
577 4333 754 4373 voces
780 4322 837 4374 et
856 4315 1155 4389 singultus
1185 4315 1527 4387 reciprocos
1553 4313 1748 4372 elicio.

306 4407 847 4465 Verumenimvero
882 4404 1015 4462 ﬁeri
1041 4408 1259 4478 potest,
1281 4408 1347 4461 ut
1372 4404 1487 4459 hac
1530 4408 1656 4462 arte
1687 4420 1900 4477 poenas

229 4514 271 4555 a.
315 4515 413 4554 me
458 4496 688 4553 vindex
743 4498 975 4551 Numen
1020 4495 1241 4564 exigat,
1283 4508 1361 4550 ne
1404 4492 1552 4549 forte
1591 4497 1791 4549 mente
1840 4493 1903 4549 in

236 4587 602 4643 universum
636 4589 869 4658 captus,
910 4589 967 4642 et
1010 4583 1295 4639 sensibus
1333 4581 1603 4645 orbatus,
1637 4586 1903 4640 extremo

239 4677 370 4733 hoc
452 4675 746 4749 supplicio
814 4673 988 4730 siccis
1031 4672 1241 4741 oculis,
1296 4672 1563 4744 citraque
1632 4671 1903 4728 dolorem

238 4767 645 4837 constringar,
679 4765 788 4822 sed
815 4765 1051 4836 integra
1079 4768 1277 4820 mente
1305 4763 1612 4837 praeditus,
1645 4764 1905 4836 quaeque

237 4854 491 4912 dolores
548 4855 977 4929 persentiscere
1021 4852 1238 4927 possit,
1293 4852 1489 4909 acrius
1532 4851 1672 4907 inde
1730 4852 1907 4908 vivus

234 4945 587 5017 vidensque
613 4944 901 5001 lanciner.
937 4942 1237 5016 quidquid
1262 4957 1407 4998 sane
1430 4940 1686 4998 tristium
1727 4955 1907 4997 sensu

234 5035 542 5110 privatur,
572 5035 630 5091 id
661 5033 914 5090 demum
959 5030 1185 5088 doloris
1215 5046 1429 5103 expers
1463 5045 1592 5086 esse
1622 5029 1905 5087 dicimus.

223 5131 311 5183 At
364 5141 477 5198 ego
524 5123 761 5181 etiamsi
812 5123 875 5179 in
907 5124 1173 5179 statuam
1204 5116 1475 5193 aliquam
1524 5124 1908 5191 transmuter,

305 5254 323 5288 ¹
368 5251 511 5309 Gen.
548 5267 673 5317 XIX,

286 5384 369 5455 (1)
410 5378 665 5438 Αιίιιιίἱι
702 5375 787 5435 ad
804 5374 964 5432 illud
994 5374 1214 5431 Matth.
1238 5389 1296 5442 v,
1333 5376 1431 5429 t3:
1478 5372 1588 5428 Vos
1641 5372 1776 5427 estis
1816 5370 1912 5428 sal

220 5477 429 5543 terra,
462 5476 577 5529 etc.

590 5594 834 5655 PATBOL
876 5588 979 5646 Gn.
1021 5586 1155 5657 CXI,

2001 2888 2245 2947 distillat
2279 2891 2618 2965 lacrymas:
2646 2895 2771 2950 sive
2800 2896 2989 2963 illam,
3024 2897 3200 2967 cujus
3241 2895 3304 2952 iu
3349 2896 3658 2967 Scriptura

2001 2980 2226 3035 mentio
2255 2979 2340 3049 fit,
2373 2998 2634 3054 quaeque
2661 2984 2840 3053 vulgo
2872 2990 3072 3041 statua
3101 2984 3241 3040 salis
3271 2982 3613 3057 appellatur
3635 2984 3652 3018 ¹

2001 3068 2241 3136 (eodem
2287 3077 2441 3127 certe
2488 3088 2730 3130 mecum
2760 3074 3192 3147 communique
3231 3074 3498 3139 nomine,
3549 3072 3659 3145 qui

2001 3160 2150 3215 nihil
2216 3161 2383 3217 aliud
2428 3178 2557 3219 esse
2625 3163 2774 3220 mihi
2824 3164 3053 3233 videor,
3097 3179 3287 3237 quam
3335 3162 3423 3221 sal
3473 3162 3661 3221 insul-

2003 3265 2139 3304 sum
2165 3250 2263 3320 (1),
2294 3249 2643 3325 idcircoque
2672 3251 2834 3309 foras
2861 3254 3222 3326 projectum,
3244 3255 3311 3310 ut
3347 3252 3428 3309 ab
3455 3251 3657 3309 homi-

2002 3337 2182 3394 nibus
2208 3340 2633 3412 conculcetur),
2667 3346 2875 3399 tamen
2896 3359 2974 3400 ne
3003 3343 3088 3399 sic
3124 3343 3372 3417 quidem
3403 3341 3661 3399 vindicis

2001 3427 2321 3483 Adrastaeae
2344 3430 2623 3488 Nemesin
2645 3430 2862 3503 effugi;
2887 3432 3116 3505 quippe
3139 3431 3244 3504 qui
3256 3431 3661 3488 diuturniores

2002 3532 2215 3589 poenas
2261 3517 2449 3585 luam,
2481 3520 2630 3576 dum
2660 3537 2899 3594 semper
2941 3521 3106 3578 idem
3134 3521 3396 3588 futurus,
3445 3518 3661 3576 infesto

2003 3602 2254 3658 numine
2312 3605 2543 3661 cunctis
2594 3605 2938 3662 illudendus
2995 3621 3268 3679 exponor
3316 3606 3413 3675 (2).
3472 3603 3661 3661 Altior

2003 3692 2185 3748 etiam
2227 3693 2417 3750 multo
2458 3693 2552 3751 vel
2594 3695 2765 3766 jecur
2809 3695 2890 3751 ad
2941 3695 3144 3768 ipsum
3185 3694 3357 3751 dolor
3381 3698 3658 3767 penetrat

2004 3782 2152 3838 dum
2240 3784 2515 3839 cominus
2599 3784 2996 3858 contemplor,
3068 3783 3267 3857 qualis
3350 3782 3657 3840 malorum

2004 3871 2300 3943 colophon
2346 3873 2592 3930 misellae
2643 3872 2863 3930 animm
2893 3872 3154 3941 insultet,
3195 3871 3395 3945 qualis
3443 3886 3637 3928 aerum

2004 3976 2218 4016 narum
2250 3961 2487 4018 coronis
2522 3960 2791 4034 pristinis
2821 3961 2998 4017 malis
3040 3963 3364 4027 accrescat,
3397 3959 3660 4033 denique

2006 4066 2195 4122 quam
2224 4050 2562 4122 perniciosa
2580 4050 2761 4107 rebus
2778 4051 2952 4117 meis,
2976 4048 3469 4122 infortunataque
3498 4064 3664 4104 sum-

2010 4153 2111 4195 ma
2131 4141 2473 4197 accesserit:
2489 4156 2623 4214 quas
2644 4140 2814 4212 mihi,
2832 4156 3065 4213 quasso,
3079 4155 3262 4212 poena
3273 4139 3403 4211 jam
3419 4137 3662 4210 gravior

2007 4227 2259 4300 irrogari
2284 4230 2522 4302 potest?

2081 4316 2187 4374 Hei
2236 4318 2421 4375 mihi!
2476 4318 2826 4375 charissime
2887 4318 3088 4389 frater,
3121 4317 3220 4374 hei
3249 4316 3434 4373 mihi!
3477 4329 3664 4385 quam

2009 4406 2282 4479 procula
2310 4407 2487 4465 nobis
2525 4408 2772 4465 dissitus
2804 4408 2903 4464 es!
2940 4423 3066 4464 non
3091 4411 3321 4481 quanto
3353 4410 3509 4463 certe
3536 4404 3670 4463 heri

2010 4495 2309 4553 nudiusve
2378 4497 2583 4555 tertius
2640 4498 2854 4570 spatio,
2938 4496 3225 4553 nimirum
3300 4494 3504 4568 aliquo
3568 4494 3670 4551 illo

2014 4585 2344 4657 chasmate,
2366 4586 2537 4660 quod
2567 4586 2853 4643 Graeciam
2885 4591 2941 4641 et
2962 4585 3308 4656 Bithyniam
3338 4583 3669 4654 interjacet,

2015 4674 2122 4730 sed
2166 4673 2357 4731 multo
2401 4676 2660 4732 vastiore
2685 4679 2743 4731 et
2765 4675 3122 4731 remotiore:
3164 4678 3397 4746 quanto
3448 4672 3674 4729 scilicet

2016 4764 2203 4820 Orcus
2250 4780 2287 4820 a
2318 4765 2647 4821 viventium
2695 4764 2939 4834 regione
2969 4763 3351 4834 disjungitur.
3399 4764 3521 4817 Heu
3573 4776 3672 4818 me

2018 4852 2309 4909 miserum
2338 4853 2351 4908 !
2384 4854 2551 4926 quod
2579 4854 2719 4909 hinc
2745 4853 2825 4909 ad
2844 4853 3256 4910 remotissima
3286 4850 3389 4906 illa
3424 4849 3560 4907 loca
3587 4849 3671 4905 sis

2019 4940 2344 5012 admissus,
2376 4960 2450 4999 ex
2486 4944 2710 5015 quibus
2738 4943 2907 4999 nulla
2951 4942 3181 4998 reditus
3234 4940 3312 4997 ad
3364 4955 3478 4995 nos
3534 4954 3675 5009 spes

2023 5030 2287 5101 effulget.
2330 5032 2507 5089 Omni
2532 5032 2712 5103 igitur
2741 5031 3142 5087 videndorum
3163 5029 3240 5085 de
3278 5033 3492 5084 caitero
3522 5025 3674 5081 libe-

2018 5136 2228 5176 rorum
2269 5125 2533 5193 tuorum,
2573 5121 2670 5178 vel
2708 5120 2787 5177 ab
2829 5120 2978 5193 ipsis
3027 5118 3218 5175 videri
3280 5132 3409 5191 spe,
3464 5114 3672 5189 impri-

2089 5375 2168 5447 (2)
2209 5374 2306 5432 Ad
2332 5374 2493 5445 Tityi
2512 5373 2791 5445 fabulam
2816 5369 3064 5430 alludit.

3371 5580 3436 5633 i2
