2067 3193
255 132 307 160 363

685 123 873 153 MICHAELIS
892 121 1086 151 ACOMINATI
1104 119 1323 150 ATHENARUM
1342 122 1504 151 ARCHIEP.

1907 130 1962 158 364

254 194 376 231 misque
399 191 476 221 adeo
495 190 605 219 sororis
627 187 811 217 charissima?
832 185 1012 214 interclusus
1036 193 1078 231 es.
1096 185 1120 212 A
1135 184 1193 213 .bus
1210 185 1322 231 coierit.
1337 186 1423 219 Quod
1438 186 1462 215 si
1475 187 1544 224 quis
1554 188 1672 226 utrique
1687 190 1717 218 in
1735 198 1897 220 commune
1911 200 1963 221 ca-

255 229 334 274 ρυλέ
350 240 408 267 hoc
429 237 502 266 mihi
514 235 636 269 tribuat,
651 236 684 261 ut
702 235 799 261 morte
819 239 889 260 mea
914 231 1005 259 vitam
1027 229 1081 258 tibi

253 284 450 318 redimam,ut
459 281 569 309 scilicet
578 279 652 307 illud
662 278 762 315 ipsum
773 278 914 313 priestem
922 275 1004 312 quod
1017 277 1080 302 tan-

254 337 344 367 opere
363 328 484 356 divinus
507 325 555 353 ille
574 323 703 352 Davides
726 321 906 367 expectabat
915 321 969 356 (3),
988 320 1080 356 idque

253 366 286 403 in
317 373 468 402 Absalone
487 370 559 403 ﬁlio,
583 369 636 405 qui
663 368 694 395 in
718 374 788 395 eum
814 366 963 394 violentus
977 366 1077 395 insur—

252 421 380 451 rexerat,
395 418 520 453 ejusque
530 415 596 443 vita:
609 413 767 443 insidiatus
780 415 861 443 erat?

290 463 376 498 Quod
404 463 430 491 si
457 461 505 490 ille
533 460 686 497 propriam
714 460 808 488 vitam
821 459 1002 497 profundere
1016 465 1078 486 non

254 506 566 542 detrectaverit,modo
581 505 676 533 ﬁlium
691 505 826 533 moribus
840 507 901 532 tam
916 503 1079 540 deploratis

254 555 398 583 infamem
413 561 431 581 a
445 553 540 580 morte
555 553 713 584 assereret,
728 550 781 586 qui
795 557 857 578 non
872 551 906 577 et'
920 550 985 585 ipse
1004 548 1079 576 votis

254 598 398 628 omnibus
412 595 534 625 nomine
544 596 595 622 tuo
608 594 715 622 lubens
728 594 822 622 vitam
835 596 931 621 morte
945 600 1080 621 commu-

254 646 317 672 tare
341 641 527 679 percupiam,
553 647 622 667 cum
645 641 811 674 praesertim
831 638 906 666 mihi
925 638 964 665 sis
980 637 1080 671 frater,

254 688 451 723 omniumque
484 684 560 712 adeo
589 683 715 711 fratrum
748 683 839 719 longe
870 683 1080 713 charissimus‘.

253 731 393 770 quamvis
405 731 430 758 si
442 729 607 765 disciplinis
622 728 659 755 sit
673 727 815 756 habenda
829 728 915 761 ratio,
932 736 949 755 a
963 736 1011 755 me
1028 735 1081 763 per

251 777 373 807 alterius
402 774 563 810 cujusdam
594 772 768 808 multiplicis
794 772 915 800 habitus
932 775 1080 809 tempera-

249 824 387 852 mentum
404 818 580 856 progenitus
595 817 743 845 videaris?
753 817 852 845 Ambo
864 817 988 853 quidem
1000 820 1078 845 certe

250 876 287 896 ex
314 865 453 900 ejusdem
477 863 571 900 patris
600 862 725 896 semine,
748 862 946 898 ejusdemque
973 862 1078 890 matris

249 911 398 947 sanguine
408 911 507 937 ortum
513 906 690 936 habuimus:
700 909 834 943 natuque
842 907 919 935 adeo
925 908 1079 935 maximus

250 965 307 994 ego
321 954 482 985 nativitatis
498 952 601 981 limine
616 952 727 988 pedem
741 952 824 987 prior
838 952 938 986 extuli,
956 953 1008 988 qui
1024 953 1077 980 uti-

249 1010 323 1031 nam
334 999 433 1029 limini
441 1005 564 1035 quoque
571 996 676 1024 mortis
686 996 951 1032 priorintulissem,
974 997 1078 1034 sicque

249 1048 355 1076 fratres
377 1044 453 1073 alios
466 1045 614 1079 tanquam
629 1049 666 1070 ex
680 1040 781 1069 multis
796 1049 875 1070 unus
895 1042 1077 1071 subsecutus

249 1093 376 1121 fuissem
387 1089 394 1117 l

287 1138 433 1166 Caeterum
445 1141 515 1162 cum
530 1134 626 1169 pater,
639 1131 786 1159 librorum
797 1132 883 1167 juxta
897 1132 1078 1161 liberorum-

250 1189 310 1219 que
332 1178 571 1212 amantissimus,
592 1185 628 1205 ex
650 1177 720 1205 Asia
747 1177 920 1213 Byzantium
943 1178 1078 1207 discendi

251 1226 348 1262 gratia
361 1223 540 1253 adduxisset
559 1230 620 1258 quo
636 1223 770 1258 tempore
791 1222 958 1258 pubertatis
981 1230 1079 1251 annos

252 1269 440 1305 attingebam
467 1266 618 1302 magistris
642 1267 752 1295 artium
775 1266 955 1303 liberalium,
988 1271 1015 1296 et
1037 1268 1079 1296 vi-

250 1314 341 1344 vendi
355 1311 590 1348 praeceptoribus
615 1311 689 1347 (jam
715 1311 796 1339 enim
818 1312 1010 1346 grmmatices
1026 1313 1080 1341 uti-

251 1361 349 1396 lisque
361 1365 503 1386 versuum
520 1356 802 1392 componendorum
821 1356 957 1385 methodi
973 1357 1080 1385 funda-

251 1406 355 1434 menta
374 1401 520 1439 jeceram)
542 1401 573 1429 in
601 1400 793 1437 disciplinam
817 1402 948 1430 tradidit.
974 1404 1081 1432 Postea

253 1457 324 1479 cum
347 1447 389 1477 ibi
412 1446 513 1482 agenti
538 1445 668 1474 multum
691 1446 835 1482 temporis
856 1446 1079 1483 interﬂuxisset,

251 1494 338 1523 illum
354 1499 477 1530 quoque
490 1490 564 1519 mihi
581 1498 677 1518 annos
694 1490 734 1518 ad
750 1498 861 1519 novem
873 1494 979 1520 natum
997 1495 1081 1528 pater

252 1539 286 1568 in
306 1545 401 1566 manu
426 1535 519 1569 dedit,
542 1534 709 1563 obtestatus
738 1536 770 1563 ut
790 1535 928 1564 omnium
950 1537 1080 1570 muneri,

254 1582 358 1620 patris,
368 1581 507 1617 inquam,
521 1579 646 1613 alumni,
661 1579 821 1615 paedagogi
838 1582 866 1608 et
877 1582 1080 1617 praeceptoris,

255 1628 288 1655 in
299 1625 485 1655 instituendo
496 1624 584 1652 fratre
594 1624 723 1652 vicarius
731 1625 932 1653 succederem.
948 1627 1082 1659 Quorum

257 1679 333 1700 sane
362 1669 499 1698 omnium
529 1669 671 1704 ofﬁcium,
706 1669 860 1705 pietatem,
897 1670 1082 1705 diligentiam

255 1715 399 1753 praestiti:
418 1716 508 1750 atque
525 1713 599 1741 dum
621 1721 728 1741 omnes
747 1714 778 1742 in
805 1721 909 1742 eorum
927 1715 1037 1750 vultus,
1056 1718 1085 1744 et

256 1761 317 1790 oris
329 1760 462 1791 habitus,
481 1765 701 1794 mecompono,
719 1760 747 1786 et
763 1758 851 1795 plura
868 1759 958 1787 etiam
972 1762 1083 1796 praesto

255 1812 349 1842 quam
366 1813 385 1832 a
400 1804 490 1832 fratre
516 1803 668 1839 expectari
682 1802 807 1836 soleant,
821 1803 942 1832 illorum
959 1805 1082 1834 tandem

254 1849 480 1878 accessionibus
490 1848 529 1876 ad
541 1855 697 1876 summum
707 1848 824 1883 pietatis
834 1847 972 1878 fraternae
981 1850 1083 1879 officii-

253 1902 315 1932 que
339 1893 468 1930 gradum
485 1892 657 1925 conscendi,
675 1899 731 1920 nec
752 1892 923 1922 remissiore
948 1895 1081 1924 vicissim

253 1939 353 1968 studio
370 1938 409 1967 ad
422 1937 563 1966 eamdem
579 1937 628 1965 ille
645 1937 782 1965 fraternae
799 1937 1014 1968 benevolentiae
1033 1949 1081 1968 ex-

251 1984 421 2013 cellentiam
433 1982 537 2011 animo
546 1982 765 2016 connitebatur,
782 1982 946 2020 laboreque
957 1989 1080 2013 conten-

250 2029 353 2061 debat,
384 2029 588 2064 prieterquam
619 2026 703 2062 quod
732 2026 780 2054 ille
811 2027 859 2056 vel
882 2027 969 2063 longe
991 2030 1079 2065 plura

248 2072 424 2109 perceperit,
452 2078 546 2107 quam
571 2070 728 2099 contulerit
752 2071 907 2105 beneﬁcia,
934 2073 1078 2109 tantisper

249 2117 324 2144 dum
339 2115 421 2152 apud
433 2123 488 2143 nos
502 2115 638 2143 moribus
645 2115 732 2151 juxta
742 2115 978 2153 liberalibusque
990 2117 1075 2146 disci-

246 2161 337 2198 plinis
354 2161 565 2189 informandus
578 2163 785 2189 conversatur.

283 2206 356 2233 Cum
379 2205 512 2241 primum
540 2213 611 2233 vero
626 2205 748 2233 Athenae
767 2212 815 2233 me
835 2213 910 2233 mea;
926 2205 1072 2244 illumque

243 2258 307 2279 non
332 2250 408 2278 inter
439 2250 590 2287 pedarios,
618 2250 671 2278 sed
708 2249 860 2286 primariae
888 2252 1072 2280 auctoritatis

246 2302 334 2328 Viros,
348 2295 537 2331 imperatoris
556 2294 672 2331 excepit
689 2294 769 2328 aula,
788 2294 851 2322 sine
868 2295 929 2323 ulla
941 2304 1027 2324 mora
1045 2300 1073 2325 et

241 2339 397 2368 confestim
419 2340 603 2376 accipiendis
626 2338 889 2375 rependendisque
917 2339 1071 2369 beneﬁciis

239 2384 317 2413 inter
344 2393 401 2413 n05
423 2387 536 2413 certare
552 2383 706 2412 desiimus.
724 2383 815 2411 Nobis
831 2384 911 2412 enim
926 2387 954 2412 et
970 2393 1026 2420 ego
1043 2389 1072 2415 et

238 2429 363 2458 Athena
388 2430 554 2457 multorum
571 2436 625 2456 nec
648 2428 939 2457 contemnendorum
956 2430 1069 2459 beneﬁ-

236 2474 353 2502 ciorum
370 2474 410 2502 ab
427 2474 477 2502 illo
494 2481 704 2509 saepenumero
724 2476 935 2509 perceptorum
957 2477 1067 2504 conscii

235 2526 341 2547 sumus
354 2527 359 2546 :
372 2526 442 2546 cum
458 2521 559 2546 tamen
574 2526 592 2545 a
605 2518 693 2545 nobis
711 2517 759 2546 ille
776 2518 823 2546 vel
834 2518 919 2547 nulla
929 2522 1054 2549 omnino

233 2563 282 2591 vel
295 2563 463 2591 admodum
480 2570 579 2598 panca
593 2562 723 2590 vicissim
740 2564 918 2599 perceperit.
1058 2554 1065 2566 ⁷

266 2607 536 2635 Verumenimvero
562 2609 680 2634 tantum
709 2608 803 2641 abest,
822 2611 854 2636 ut
872 2609 913 2636 sic
939 2609 990 2638 illa
1005 2610 1066 2639 fra-

231 2651 308 2679 terni
326 2652 438 2679 amoris
465 2651 560 2686 gratia
577 2651 729 2687 disjuncta
756 2653 855 2688 fuerit,
876 2662 946 2682 cum
973 2656 1062 2683 etiam

230 2695 411 2724 arctioribus
429 2697 569 2732 utrinque
585 2697 683 2732 nodis,
701 2698 863 2735 minusque
879 2699 1062 2729 dissolubili-

1136 237 1187 257 sus
1212 230 1347 259 infestior
1367 231 1555 260 interveniset
1581 234 1623 268 (ut
1646 235 1791 264 naturalis
1808 236 1859 265 illa
1880 245 1964 273 sym-

1134 275 1237 310 pathia
1250 276 1368 303 animos
1382 276 1541 305 hominum
1558 277 1631 306 laetis
1644 280 1823 314 exhilarare,
1841 284 1964 310 contra-

1133 327 1192 355 que
1210 320 1341 348 tristibus
1351 321 1521 350 exulcerare
1538 322 1632 359 solet),
1647 323 1735 353 facile
1747 325 1847 361 quivis
1865 335 1920 362 per
1932 336 1964 355 se

1133 364 1282 400 conjiciat,
1300 368 1416 401 quanto
1436 366 1524 394 nobis
1540 367 1610 396 inde
1628 377 1663 397 eo
1679 370 1869 405 potissimum
1886 373 1965 400 tem-

1132 416 1215 444 pore,
1238 417 1299 446 quo
1326 410 1402 438 inter
1427 414 1586 440 extraneos
1603 414 1764 447 constituti,
1791 416 1965 445 amicorum

1132 456 1371 491 ceterorumque
1404 456 1596 485 familiarium
1622 459 1843 488 necessitudine
1872 461 1965 490 inter-

1133 498 1342 534 cludebamur,
1361 500 1520 538 alienaque
1539 510 1597 539 ope
1622 503 1753 532 destituti
1772 513 1881 541 operas
1904 506 1965 535 soli

1134 545 1255 572 mutuas
1271 545 1347 572 inter
1362 553 1419 573 nos
1437 547 1677 581 conferebamus,
1694 551 1783 585 atque
1806 550 1883 579 inter
1894 552 1966 587 ipsa

1134 589 1299 623 peregrine
1327 590 1458 625 regionis
1484 591 1690 625 incommoda,
1719 597 1825 622 mutuo
1853 595 1965 624 solatio

1135 632 1336 670 dolorumque
1367 635 1500 664 fomento
1523 636 1712 673 levabamus,
1734 641 1817 668 tanto
1852 640 1968 669 scilicet

1135 685 1238 706 amore
1264 679 1367 715 patrias
1392 680 1603 718 desiderioque
1627 683 1816 718 tenebamur,
1842 685 1872 712 in
1900 694 1968 721 qua

1134 731 1195 751 non
1207 723 1271 751 sine
1286 725 1370 753 varia
1381 725 1520 754 laborum
1531 726 1836 766 lucubrationumque
1848 730 1968 758 vicissi-

1134 768 1245 800 tudine,
1262 769 1371 797 artium
1385 769 1553 799 liberalium
1565 773 1766 807 cognitionem
1778 783 1967 811 concepera-

1134 821 1213 847 mus,
1243 822 1374 849 quarum
1398 816 1521 850 argutiis
1545 819 1574 845 et
1605 818 1797 846 acuminibus
1839 819 1967 855 ingenia

1132 860 1234 886 nostra
1243 859 1423 888 meditantes
1433 868 1674 894 exercueramus,
1684 871 1752 891 cum
1765 864 1908 892 nimirum
1922 865 1965 892 ad

1133 910 1185 931 eos
1201 910 1249 931 me
1269 904 1446 939 conferrem,
1468 906 1520 941 qui
1546 907 1697 942 majorum
1722 908 1856 943 gentium
1871 909 1966 937 disci-

1132 947 1230 983 plinas
1241 951 1267 975 et
1281 948 1466 977 mathemata
1475 951 1706 986 pertractabant,
1719 952 1766 980 ille
1781 961 1853 981 vero
1867 962 1885 981 a
1900 962 1964 987 me,

1131 995 1281 1029 quantum
1296 993 1403 1021 tenella
1427 995 1512 1030 pueri
1535 995 1649 1025 ferebat
1669 999 1753 1031 aetas,
1779 1006 1899 1034 semper
1921 999 1964 1027 ab

1131 1038 1206 1074 ipsis
1221 1038 1411 1066 incunabulis
1437 1040 1477 1067 ad
1507 1040 1631 1069 meliora
1656 1050 1786 1078 quaeque
1816 1046 1845 1070 et
1865 1044 1964 1079 perfe-

1133 1083 1226 1111 ctiora
1262 1084 1452 1119 capessenda
1477 1084 1640 1119 institutus.
1668 1087 1699 1114 in
1726 1087 1784 1115 illis
1812 1089 1964 1124 paulatim

1132 1130 1328 1161 exerceretur,
1355 1128 1458 1164 sicque
1479 1130 1648 1166 proﬁceret,
1678 1134 1710 1159 ut
1734 1132 1858 1160 tandem
1879 1134 1966 1162 velut

1133 1172 1228 1200 enatis
1244 1175 1273 1200 et
1286 1172 1524 1201 coalescentibus
1540 1175 1648 1210 pennis
1673 1184 1727 1212 per
1741 1176 1825 1205 illum
1845 1177 1964 1214 dicipli—

1133 1225 1242 1245 narum
1262 1217 1377 1251 orbem,
1396 1220 1424 1245 et
1437 1218 1466 1246 in
1479 1219 1583 1254 primis
1596 1221 1799 1257 sophistarum
1813 1225 1963 1258 argutias,

1133 1262 1250 1290 alarum
1279 1262 1398 1290 levitate
1425 1263 1595 1300 subvectus,
1623 1265 1687 1300 jam
1703 1266 1845 1303 deinceps
1862 1268 1902 1295 ad
1927 1277 1965 1297 ea

1134 1315 1256 1344 quoque
1264 1307 1462 1340 theoremata,
1472 1317 1540 1344 quae
1552 1310 1734 1339 sublimioris
1741 1313 1769 1339 et
1778 1313 1964 1347 augustioris

1134 1351 1395 1388 contemplationis
1406 1352 1549 1389 indigent,
1563 1355 1721 1384 subvolare
1735 1360 1845 1392 posset.

1170 1396 1434 1425 Verumenimvero
1450 1406 1519 1426 cum
1529 1399 1594 1434 jam
1615 1403 1735 1436 sumpta
1750 1401 1824 1429 virili
1836 1404 1905 1437 toga
1919 1404 1961 1431 ad

1133 1442 1163 1471 id
1193 1442 1288 1470 aetatis
1312 1442 1503 1477 adolevisset,
1542 1452 1604 1480 quo
1636 1445 1760 1481 quidem
1797 1447 1834 1475 de
1858 1448 1963 1476 multis

1134 1487 1227 1523 hujus
1244 1487 1311 1515 vitae
1335 1487 1446 1516 semitis
1469 1496 1532 1516 una
1552 1489 1677 1518 omnino
1705 1490 1858 1525 seligenda
1885 1496 1961 1528 erat,

1135 1539 1229 1568 quam
1242 1531 1399 1564 insisteret,
1414 1535 1466 1560 aut
1480 1532 1693 1568 ingrederetur,
1711 1537 1781 1563 tunc
1805 1537 1961 1573 temporis,

1136 1576 1237 1610 (eheu,
1254 1577 1305 1612 qui
1321 1576 1406 1604 siccis
1419 1577 1513 1605 oculis
1528 1577 1693 1607 obductam
1712 1580 1884 1616 reipublicae
1905 1585 1964 1610 sta-

1136 1623 1195 1655 tus,
1210 1622 1281 1649 tunc
1300 1621 1436 1650 inaudita
1450 1622 1583 1650 novitate
1597 1623 1755 1660 immutati,
1771 1628 1802 1653 et
1820 1626 1906 1654 accisi
1923 1626 1964 1654 ci-

1137 1665 1278 1694 catricem
1306 1666 1445 1694 refricare
1473 1668 1608 1703 potero!)
1636 1670 1707 1697 tunc
1736 1671 1891 1706 temporis,
1922 1671 1966 1700 in—

1138 1719 1241 1746 quam,
1264 1711 1363 1746 prima
1388 1711 1501 1739 dissidii
1531 1713 1648 1740 occasio
1673 1714 1780 1741 exoriri
1809 1722 1885 1743 ausa
1910 1719 1967 1750 est,

1138 1763 1204 1790 qua:
1220 1755 1343 1782 fratrum
1359 1764 1453 1783 unum
1469 1756 1610 1792 idemque
1636 1758 1825 1786 sentientium
1841 1760 1969 1794 conjun—

1138 1800 1265 1828 ctioncm
1305 1801 1423 1828 diversa
1454 1802 1520 1828 vitre
1561 1803 1730 1830 conditione
1769 1804 1968 1839 disjungeret.

1137 1848 1232 1881 Atque
1244 1846 1317 1873 mihi
1330 1846 1454 1881 quidem
1468 1851 1570 1882 tquem
1587 1850 1725 1883 parentes
1742 1857 1759 1876 a
1776 1857 1878 1884 puero,
1898 1852 1968 1878 tan-

1136 1900 1229 1927 quam
1255 1892 1366 1919 sobolis
1383 1901 1445 1919 sum
1470 1893 1626 1928 primitias,
1653 1894 1728 1921 sacri
1757 1894 1858 1922 altaris
1880 1895 1968 1924 mini-

1136 1937 1223 1964 sterio
1239 1937 1504 1972 innuguravcrant)
1522 1938 1583 1965 vita
1609 1939 1725 1974 privata
1741 1938 1786 1967 vel
1814 1939 1964 1975 imprimis

1135 1982 1297 2009 arridebat.
1314 1983 1416 2018 itaque
1438 1991 1527 2010 unam
1544 1983 1613 2019 petii
1631 1991 1648 2010 :1
1661 1983 1796 2019 Domino,
1807 1986 1838 2012 ut
1857 1988 1963 2014 sancto

1134 2029 1198 2062 ejus
1221 2027 1332 2063 templo
1359 2028 1535 2063 pra‘ticerer,
1563 2036 1618 2055 nec
1644 2029 1683 2056 ad
1699 2029 1812 2057 tantula
1828 2031 1960 2065 negotia,

1133 2073 1284 2107 quantulis
1305 2073 1461 2099 hominum
1478 2072 1586 2107 vulgus
1603 2073 1690 2101 obrui
1715 2073 1799 2107 solet,
1820 2076 1959 2104 animum

1132 2117 1322 2152 applicarem,
1341 2118 1393 2144 sed
1408 2118 1507 2153 potius
1524 2117 1622 2145 bonas
1635 2119 1725 2146 horas
1742 2119 1801 2147 otio
1816 2119 1958 2155 literario,

1131 2162 1361 2198 cvolvendisque
1377 2166 1511 2190 veterum
1530 2164 1647 2199 scriptis
1662 2171 1885 2193 consumerem.
1906 2165 1959 2194 Ille

1131 2215 1199 2234 vero
1212 2210 1374 2243 antequam
1390 2211 1503 2236 certum
1516 2209 1609 2237 ullum
1625 2209 1820 2241 scholasticae.
1837 2210 1958 2239 nudave

1129 2261 1232 2280 eorum
1249 2261 1316 2288 quin
1330 2256 1398 2280 sunt
1415 2254 1591 2287 cognitionis
1608 2257 1634 2281 et
1656 2255 1786 2282 scientiae
1803 2255 1960 2290 specimen

1128 2298 1269 2324 dedisset.
1293 2300 1386 2325 totum
1412 2306 1442 2324 sc
1469 2298 1495 2325 iu
1524 2307 1558 2326 eo
1574 2298 1642 2326 vitae
1658 2301 1736 2326 statu
1767 2302 1795 2327 et
1821 2300 1959 2327 instituto

1127 2343 1202 2370 ultro
1219 2343 1383 2375 collocavit,
1408 2344 1490 2379 quod
1507 2344 1545 2371 ad
1560 2344 1712 2371 humanas
1739 2345 1872 2372 actiones
1888 2353 1958 2381 pro-

1126 2388 1257 2423 pensius,
1279 2388 1449 2423 reipublime
1471 2388 1643 2421 studiosius,
1665 2389 1795 2425 denique
1818 2389 1958 2425 pluribus

1126 2433 1293 2467 expositum
1315 2433 1392 2459 curis
1414 2437 1467 2465 est,
1491 2441 1583 2468 quam
1605 2433 1629 2460 ei
1649 2434 1700 2469 qui
1728 2434 1804 2461 serio
1824 2435 1957 2470 philoso-

1125 2478 1210 2513 phari
1240 2477 1314 2512 velit,
1342 2478 1489 2513 expediat.
1522 2479 1556 2505 Ut
1579 2481 1679 2506 autem
1702 2479 1782 2515 quod
1808 2480 1872 2515 ipse
1900 2480 1957 2508 sibi

1124 2523 1303 2557 subjccerat.
1327 2527 1415 2558 atque
1433 2523 1514 2558 apud
1531 2523 1667 2551 animum
1684 2532 1771 2551 suum
1790 2533 1958 2560 proposue-

1123 2571 1177 2599 rat,
1201 2568 1230 2594 in
1254 2567 1427 2594 melioribus
1454 2568 1605 2603 auspiciis,
1630 2569 1789 2605 magisque
1809 2577 1824 2596 e
1847 2578 1876 2596 re
1898 2578 1956 2598 sua

1123 2613 1306 2645 succederet,
1342 2614 1513 2640 cautionem
1542 2621 1663 2648 quoque
1703 2616 1731 2641 et
1765 2614 1955 2647 diligentiam

1121 2658 1268 2685 adhibuit.
1298 2660 1400 2693 Itaque
1421 2658 1592 2685 facultatem
1619 2661 1646 2685 et
1673 2659 1792 2694 copiam
1821 2659 1952 2692 dicendi,

1117 2702 1252 2738 jurisque
1270 2702 1363 2729 civilis
1378 2703 1534 2729 scientiam
1556 2706 1670 2738 quanta.
1684 2703 1778 2739 potuit
1796 2704 1907 2738 agendi
1925 2707 1955 2732 et

263 2780 301 2815 (3)
323 2780 393 2814 Quis
407 2781 484 2809 mihi
497 2781 610 2811 tribuat
627 2786 660 2810 ut
673 2791 726 2819 ego
741 2786 855 2812 moriar
867 2788 973 2820 prole,
989 2785 1123 2815 Absalon
1131 2786 1179 2822 ﬁli
1195 2788 1246 2822 mi,
1260 2788 1309 2822 ﬁli
1327 2788 1369 2815 mi
1383 2787 1538 2816 Absalon?
1554 2789 1575 2816 ll
1590 2788 1662 2824 Reg.
1683 2795 1759 2816 xvm.
