4134 6380
254 277 360 335 365

1449 263 1772 321 MONODIA
1806 263 1876 321 IN
1915 261 2239 322 FRATREM
2278 265 2487 324 SUUM.

3567 272 3674 328 366

248 395 564 467 cogitandi
612 392 1173 464 solertia,tanquam
1218 387 1606 463 perapposita
1644 403 1914 460 percom-
1944 391 1990 445 A
2029 389 2198 462 (quia
2233 405 2328 446 res
2355 390 2700 447 domestica
2721 391 2876 449 bene
2892 393 3288 467 disponenda
3319 396 3673 468 sunt,isque

250 489 563 560 modaque
593 485 673 542 ad
697 482 1139 556 rempublicam
1170 479 1610 552 capessendam
1642 478 1917 536 subsidia

255 586 317 635 et
366 579 764 635 instrumenta
816 572 931 630 sibi
990 570 1387 644 comparavit.
1450 569 1754 640 Siquidem
1820 583 1915 624 me

257 675 624 744 praceptore
666 665 922 739 politicis
969 660 1301 734 disciplinis
1336 660 1396 716 in
1446 659 1913 731 sapientissimo-

256 775 399 816 rum
445 757 1054 825 doctissimorumque
1091 751 1356 807 virorum
1388 763 1611 806 corona
1642 749 1913 805 animum

257 848 522 906 excoluit
581 852 757 918 atque
821 842 1212 908 informavit;
1270 855 1381 894 nec
1403 839 1484 896 ita
1531 838 1718 894 multo
1778 843 1913 910 post

252 954 431 1010 vaga
458 935 849 1008 volubilisque
870 934 1126 990 fortuna
1158 931 1288 988 telis
1319 931 1630 1001 expositus
1657 934 1762 986 est.

332 1032 466 1085 Hac
494 1027 779 1085 nimirum
810 1025 921 1081 fuit
962 1024 1094 1080 dira
1120 1022 1223 1080 illa
1251 1021 1571 1078 Andronici
1611 1019 1906 1093 tyrannis,

250 1135 394 1192 qua
422 1118 581 1174 velut
609 1115 836 1172 hedera
856 1113 1170 1186 multiplici
1198 1113 1569 1184 erraticoque
1591 1110 1769 1184 lapsu
1791 1125 1910 1165 ser-

249 1224 404 1281 pens
433 1207 541 1278 (sic
585 1207 750 1262 enim
793 1202 1133 1278 tyrannidis
1177 1202 1299 1258 vim
1342 1201 1666 1273 depingere
1714 1199 1910 1266 liceat)

241 1297 559 1355 claviculis
606 1296 754 1363 suis,
785 1295 967 1368 quasi
996 1292 1280 1349 manibus
1327 1291 1781 1347 herbescentem
1805 1289 1913 1344 im-

243 1387 397 1460 perii
452 1387 648 1442 nostri
706 1383 1072 1440 viriditatem
1134 1381 1472 1454 complexa,
1521 1381 1802 1452 repressit
1859 1382 1916 1434 et

249 1475 589 1533 suﬁ'ocavit.
641 1473 832 1530 Simul
881 1488 951 1530 ac
999 1472 1160 1528 enim
1199 1477 1360 1526 certa
1389 1486 1529 1525 cum
1570 1468 1912 1541 reipublicae

242 1567 508 1641 pernicie
540 1566 601 1621 in
635 1565 800 1621 ades
831 1566 1122 1634 augustas
1153 1562 1410 1634 irrepsit,
1455 1576 1579 1633 quo
1624 1560 1908 1615 nimirum

237 1664 516 1730 tempore
546 1656 731 1712 frater
768 1670 965 1722 meus,
986 1669 1057 1710 ex
1088 1653 1298 1708 scribis
1332 1653 1390 1708 et
1430 1650 1909 1708 amanuensibus

2026 479 2176 535 adeo
2207 494 2269 534 se
2299 480 2542 551 privatis
2587 481 2647 536 in
2674 481 2906 538 adibus
2947 489 3240 557 tanquam
3291 501 3479 556 parva
3518 501 3673 559 qua-

2023 567 2166 624 dam
2198 568 2508 641 republica
2537 584 2810 627 exercere
2832 571 3026 644 debet,
3060 574 3160 645 qui
3189 574 3268 630 ad
3291 589 3493 632 rerum
3533 591 3671 632 ma-

2017 658 2220 728 jorum
2243 659 2853 735 communiorumque
2884 662 3296 731 gubernacula
3314 664 3666 736 contendit),

2022 747 2098 802 de
2122 745 2349 803 familia
2372 764 2482 804 sua
2507 749 2925 806 constituenda
2952 751 3219 823 primum
3249 753 3532 823 cogitavit
3558 770 3671 810 nu-

2021 835 2157 908 ptiis
2204 854 2341 892 cum
2386 838 2710 908 singularis
2758 841 3017 912 exempli
3069 842 3294 898 femina
3331 845 3667 912 contractis,

2018 941 2276 999 quaque
2322 928 2423 984 Dei
2459 931 2592 1001 Opt.
2623 932 2775 987 Max.
2821 929 2985 987 dono
3025 930 3330 1001 obtigisse,
3362 932 3519 1001 frugi
3568 933 3672 989 do-

2019 1017 2406 1074 mesticarum
2458 1034 2743 1074 curarum
2801 1035 3054 1077 consors
3096 1020 3297 1077 futura
3347 1021 3674 1096 videretur,

2019 1110 2198 1178 atque
2229 1121 2300 1162 eo
2342 1107 2676 1180 prasertim
2708 1109 2954 1165 nomine
2982 1110 3044 1165 in
3089 1125 3279 1166 manu
3310 1109 3418 1166 viri
3459 1125 3676 1167 conve-

2019 1196 2200 1261 nisse,
2242 1201 2307 1253 ut
2351 1198 2549 1252 carnis
2579 1198 2860 1271 utrinque
2905 1199 3357 1272 liberorumque
3396 1215 3671 1257 commu-

2025 1285 2126 1340 nio
2176 1285 2384 1353 coiret,
2422 1302 2558 1358 qua
2600 1287 2768 1342 nullo
2816 1288 3106 1360 temporis
3153 1303 3424 1362 unquam
3475 1293 3669 1346 tractu

2023 1374 2461 1443 dissolveretur,
2485 1382 2542 1432 et
2587 1376 2647 1431 id
2688 1392 2761 1431 ex
2798 1377 3152 1448 hujusmodi
3201 1378 3480 1436 convictu
3519 1395 3675 1452 prse-

2024 1469 2225 1534 staret,
2267 1481 2342 1520 ne
2389 1465 2497 1520 viri
2529 1464 2809 1520 medulla
2837 1466 3029 1522 ullum
3049 1467 3189 1523 inde
3214 1468 3676 1525 incommodum

2021 1558 2125 1608 aut
2141 1554 2562 1610 detrimentum
2576 1558 2877 1627 caperent,
2891 1555 3412 1628 quemadmodum
3427 1558 3676 1629 pulchre

2022 1643 2317 1716 Sapientis
2374 1641 2684 1716 ἀποφθέγμα
2732 1643 2947 1701 suadet
2973 1644 3076 1716 (4).
3130 1645 3304 1710 Quod
3351 1647 3550 1702 fratris
3589 1647 3677 1704 in-

238 1746 629 1821 imperatoris
653 1759 814 1800 unus
840 1747 986 1808 erat,
1039 1747 1167 1799 tum
1211 1741 1462 1798 demum
1509 1739 1724 1797 lethale
1744 1740 1906 1795 virus
1937 1743 1978 1798 Β
2018 1733 2288 1788 stitutum
2309 1749 2448 1788 cum
2469 1733 2768 1806 plerisque
2793 1732 3172 1805 innotuisset,
3221 1735 3323 1807 qui
3368 1749 3676 1794 recensere

241 1837 478 1902 amare,
527 1835 884 1907 majoreque
940 1833 1257 1889 hominum
1296 1831 1457 1898 odio,
1503 1845 1691 1903 quam
1758 1833 1908 1886 tetra

240 1927 370 1984 ulla
394 1927 758 1981 immanisve
796 1923 1001 1979 bellua
1043 1922 1319 1978 laborare
1370 1921 1565 1994 coepit.
1601 1923 1665 1977 Et
1695 1936 1906 1994 quem-

241 2015 585 2074 admodum
654 2013 840 2070 torvis
911 2012 1383 2085 truculentisque
1456 2011 1650 2067 leana
1715 2026 1908 2084 nuper

237 2107 420 2164 enixa
466 2105 780 2162 venaticos
843 2118 1022 2160 canes
1079 2102 1267 2158 oculis
1325 2101 1559 2158 obtueri
1602 2101 1772 2168 solet,
1827 2101 1908 2159 ita

240 2197 542 2270 tyrannis,
585 2196 844 2268 siquem
892 2193 1046 2248 inter
1066 2193 1445 2266 imperatoris
1482 2191 1706 2248 aulicos
1733 2197 1788 2248 et
1814 2191 1905 2248 fa-

243 2287 510 2346 miliares
525 2286 723 2343 ﬁdum
752 2289 807 2342 et
827 2284 1190 2341 industrium
1211 2282 1659 2356 deprehendere
1691 2284 1903 2356 potuit,

245 2396 386 2436 eum
418 2378 617 2435 statim
654 2379 1005 2449 suspectum
1040 2373 1285 2441 habere,
1318 2374 1605 2446 omnique
1636 2373 1712 2430 ad
1739 2373 1908 2430 illum

247 2467 464 2543 procul
516 2464 966 2524 extrudendum
1029 2463 1252 2520 conniti
1318 2463 1523 2519 animo
1589 2468 1646 2520 et
1699 2462 1908 2519 labore

246 2556 608 2615 contendere
667 2553 867 2627 capit.
928 2552 1079 2610 Illud
1135 2568 1278 2609 vero
1348 2553 1554 2626 utique
1619 2552 1904 2625 prastitit,

243 2662 440 2720 quam
484 2645 897 2718 plurimosque
927 2641 1122 2716 potuit
1144 2657 1269 2698 uno
1299 2644 1355 2699 et
1383 2640 1597 2698 eodem
1632 2641 1907 2715 supplicii

238 2752 464 2810 genere
495 2735 788 2792 multavit.

312 2829 459 2894 Qua
489 2842 627 2882 cum
661 2839 932 2899 prasens
959 2822 1055 2880 ille
1085 2826 1510 2895 tyrannorum,
1555 2825 1658 2878 aut
1689 2821 1776 2892 (ut
1804 2836 1904 2891 ge-

244 2916 548 2974 neraliore
570 2913 751 2970 verbo
769 2915 931 2980 utar)
950 2912 1369 2987 improborum
1395 2927 1538 2967 osor
1553 2910 1898 2982 intueretur,

243 3023 284 3063 a
312 3010 577 3078 tyranno
609 3004 907 3060 communi
936 3003 1259 3060 hominum
1293 3001 1546 3072 gurgite,
1575 2997 1901 3056 etimmani
1933 3040 1973 3096 C

241 3094 530 3152 belluone
589 3093 882 3152 secedere.
933 3107 1124 3165 quam
1171 3089 1408 3147 libidini
1448 3089 1902 3160 crudelitatique

233 3184 396 3242 illius
417 3184 704 3240 inservire
732 3182 982 3249 maluit;
1016 3181 1164 3238 illud
1189 3181 1436 3254 quidem
1458 3178 1752 3250 audacia,
1787 3179 1900 3236 hoc

227 3291 379 3332 vero
430 3273 730 3346 impietati
759 3272 1088 3329 ascribens.
1146 3272 1350 3344 Itaque
1400 3269 1610 3342 procul
1652 3269 1730 3326 ab
1757 3273 1900 3327 Jove

237 3370 331 3434 (ut
359 3365 548 3433 aiunt)
571 3368 625 3420 et
650 3362 906 3419 fulmine
952 3361 1233 3419 recedere
1260 3359 1538 3417 decrevit.

312 3452 460 3510 Inde
481 3469 621 3523 ergo
643 3453 747 3510 ubi
769 3452 1092 3526 imperium
1131 3453 1194 3508 in
1224 3449 1605 3524 tyrannidem
1635 3467 1895 3518 versum,

234 3561 350 3602 nec
391 3543 658 3616 amplius
704 3543 809 3599 ulli
849 3547 1056 3615 patere
1105 3542 1271 3598 videt
1315 3541 1441 3614 (qui
1484 3541 1694 3598 saltem
1742 3557 1898 3598 vera

227 3633 542 3704 religionis
574 3634 891 3690 studiosus
931 3632 1048 3703 sit),
1080 3630 1403 3688 obfirmato
1438 3631 1643 3688 animo
1687 3637 1900 3690 contra

233 3725 466 3790 nititur,
507 3723 587 3780 ad
631 3721 1021 3795 studiumque
1069 3721 1223 3792 juris
1256 3719 1441 3776 civilis
1470 3721 1895 3792 transfugiens,

233 3813 562 3886 imperium
617 3811 938 3886 tyrannide
968 3810 1372 3868 deformatum
1417 3811 1618 3884 legum
1650 3813 1896 3881 muscis,

229 3903 688 3976 Themidosque
738 3901 1018 3958 sacrariis
1060 3906 1434 3958 commutat:
1485 3918 1744 3975 quaeque
1789 3900 1898 3958 fre-

228 3992 450 4066 quenti
491 3997 544 4048 et
594 3991 844 4048 assidua
885 3991 1138 4048 lectione
1173 4007 1246 4046 ex
1275 3990 1569 4047 librorum
1609 3991 1895 4047 chartulis

231 4097 562 4154 excerpere
613 4085 834 4154 potest,
900 4097 972 4137 ea
1022 4081 1083 4136 in
1133 4080 1390 4152 pectoris
1437 4081 1528 4136 sui
1575 4079 1898 4153 pugillares

221 4171 794 4243 transcribit,atque
824 4169 976 4228 adeo
1002 4169 1250 4226 tandem
1276 4170 1411 4226 viva
1435 4168 1637 4239 legum
1669 4169 1894 4237 tabula,

217 4264 603 4338 spiransque
635 4261 1110 4317 commentarius
1137 4259 1358 4316 evadit.
1404 4259 1626 4316 Deinde
1658 4259 1899 4317 sublata

217 4351 588 4427 tyrannide,
639 4349 1014 4423 imperioque
1051 4349 1341 4414 redivivo,
1388 4347 1483 4405 ille
1535 4361 1780 4422 quoque
1817 4347 1894 4405 ad

214 4458 316 4498 res
348 4439 713 4512 augustales
756 4438 1098 4509 obeundas,
1121 4438 1286 4495 velut
1308 4437 1674 4512 postliminio
1695 4455 1896 4494 rever-

221 4531 400 4587 titur.
431 4532 600 4602 Opus
639 4544 783 4584 sane
822 4531 990 4585 tanto
1020 4526 1590 4596 commendabilius,
1624 4532 1689 4584 ut
1730 4527 1898 4601 quod

225 4619 524 4689 legitimis
565 4617 914 4692 reipublica
950 4617 1244 4690 gradibus
1275 4617 1638 4686 succederet,
1670 4622 1900 4691 quanto

226 4708 534 4766 remotius
563 4707 849 4765 hesterna
893 4707 1214 4781 tyrannide
1245 4707 1579 4779 secessisse,
1598 4706 1688 4763 vel
1719 4707 1900 4764 etiam

226 4813 312 4855 ex
344 4796 642 4854 diametro
663 4811 1036 4870 repugnasse
1056 4797 1400 4854 videbatur.

308 4887 486 4942 Idem
513 4892 805 4959 praterea
849 4887 966 4943 alio
1008 4887 1366 4958 magistratu
1416 4891 1739 4944 exornatus
1789 4891 1899 4944 est.

223 4977 509 5036 Tametsi
545 4991 685 5033 vero
711 4977 774 5032 in
817 4977 1134 5033 Thraciam
1162 4991 1286 5032 non
1317 4976 1519 5033 statim
1548 4975 1773 5032 missus
1806 4977 1900 5045 sit,

2016 1824 2265 1894 possim,
2297 1827 2446 1895 quot
2474 1822 2742 1894 primarii
2773 1823 3183 1880 adolescentes
3209 1823 3495 1882 affinitate
3544 1841 3677 1882 sese

2014 1912 2333 1968 nobiscum
2347 1912 2650 1968 devincire
2669 1911 3066 1969 studuerunt?
3079 1916 3206 1970 Non
3232 1917 3317 1970 tot
3329 1914 3527 1971 hercle
3538 1931 3677 1988 pro-

2015 2004 2069 2058 ci
2081 2003 2406 2059 temulento
2421 2003 2664 2074 agmine
2686 2003 3162 2059 comessabundi
3193 2003 3273 2060 ad
3287 2005 3673 2078 Penelopem,

2015 2097 2163 2167 quot
2199 2093 2277 2149 ad
2326 2092 2495 2148 illum
2537 2092 2909 2148 matrimonii
2957 2093 3352 2150 contrahendi
3391 2093 3677 2168 interpre-

2015 2189 2127 2252 tes,
2158 2187 2217 2239 et
2251 2185 2429 2256 quasi
2449 2187 2791 2256 proxeneta
2821 2182 3246 2240 conﬂuebant:
3279 2199 3542 2257 quorum
3577 2184 3675 2242 alii

2014 2273 2297 2339 ﬁliarum,
2323 2272 2711 2329 aliisororum
2732 2273 2976 2346 nuptias
3003 2273 3430 2330 moliebantur.
3453 2274 3676 2344 Magni-

2015 2363 2132 2418 ﬁca
2162 2367 2218 2418 et
2247 2362 2509 2432 gloriosa
2552 2363 2948 2419 ostentatione
2975 2362 3074 2419 alii
3104 2362 3252 2419 alios
3273 2379 3558 2436 superare
3581 2379 3676 2421 co-

2015 2457 2250 2520 nantes,
2283 2457 2464 2524 atque
2493 2451 2673 2508 etiam
2705 2452 3115 2508 venditatione
3159 2451 3430 2524 quadam
3459 2469 3671 2511 eorum

2015 2541 2237 2613 quibus
2261 2541 2679 2614 unusquisque
2710 2540 2791 2596 ad
2834 2542 3077 2613 nuptias
3102 2539 3236 2596 illas
3259 2545 3344 2597 tot
3370 2541 3674 2600 nobilium

1936 2639 1941 2644 '
2014 2646 2340 2704 procorum
2405 2630 2562 2687 votis
2619 2634 2677 2686 et
2740 2630 3287 2687 concertationibus
3355 2632 3672 2704 expetitas,

2014 2721 2280 2777 maxime
2308 2719 2472 2787 eniti,
2525 2723 2583 2776 et
2608 2735 2827 2776 nervos
2857 2719 3048 2775 atatis
3080 2719 3513 2793 industriaque
3546 2737 3672 2779 sua

2014 2811 2393 2880 contendere,
2409 2824 2619 2866 earum
2638 2809 2901 2882 denique
2930 2808 3128 2881 potiri,
3153 2810 3674 2882 composqueﬁeri

2011 2905 2241 2975 posset.
2312 2899 2520 2972 Itaque
2588 2899 2688 2956 alii
2735 2898 2832 2954 vel
2890 2898 3145 2968 generis,
3203 2898 3300 2953 vel
3341 2900 3672 2967 l'orma,vcl

2011 2991 2192 3047 etiam
2226 2989 2540 3061 utriusque
2580 2986 2926 3060 praestantia
2966 2985 3305 3059 gloriando,
3337 2986 3438 3043 alii
3461 2992 3673 3047 contra

2013 3079 2446 3138 sententiarum
2469 3077 2779 3148 gravitate,
2802 3078 3249 3149 verborumque
3270 3077 3665 3149 ponderibus,

2010 3177 2301 3243 tanquam
2353 3169 2413 3224 in
2470 3167 2784 3241 procinctu
2828 3182 2890 3223 se
2947 3166 3121 3222 tutati
3169 3171 3350 3223 sunt:
3411 3171 3478 3223 ut
3517 3167 3669 3224 mihi

2010 3263 2192 3318 frater
2212 3259 2500 3316 dubitans
2521 3263 2580 3315 et
2599 3258 2887 3315 hasitans
2904 3272 3028 3314 non
3045 3272 3300 3329 parvum
3321 3257 3499 3314 omcii
3512 3273 3669 3314 onus

2009 3349 2384 3425 imposuerit,
2416 3348 2564 3404 dum
2588 3347 2820 3420 judicio
2849 3361 2990 3403 meo
3020 3361 3369 3404 socerorum
3398 3347 3666 3404 delectus

2009 3439 2343 3504 committit,
2375 3452 2559 3511 seque
2582 3436 2682 3493 vel
2705 3435 3004 3509 imprimis
3044 3433 3470 3508 amplexurum
3501 3435 3664 3494 aﬂir—

2008 3531 2135 3583 mat
2179 3525 2478 3600 quidquid
2510 3539 2692 3598 super
2709 3539 2784 3581 ea
2807 3540 2873 3582 re
2925 3524 3076 3580 mihi
3122 3524 3430 3591 arrideret,
3471 3525 3664 3582 facto-

2005 3633 2124 3691 que
2153 3632 2310 3689 opus
2340 3630 2471 3671 esse
2494 3615 2811 3672 videretur.

2078 3709 2122 3764 Ο
2154 3706 2428 3763 animum
2457 3719 2597 3761 vere
2627 3704 2983 3775 fraternum,
3009 3705 3115 3776 qui
3136 3703 3284 3761 mihi
3308 3706 3519 3762 omnia
3547 3720 3662 3764 sua

2006 3795 2462 3852 commendaret
2491 3798 2549 3851 et
2576 3793 2982 3860 concrederet,
3016 3793 3314 3866 cujusque
3353 3793 3599 3852 consilia
3623 3809 3662 3853 a

2004 3901 2122 3956 me,
2190 3900 2314 3941 non
2362 3899 2535 3940 secus
2599 3889 2780 3956 atque
2825 3883 2905 3940 ab
2961 3882 3168 3956 aliquo
3214 3883 3485 3955 numine,
3535 3884 3660 3941 vim

2007 3991 2184 4031 suam
2231 3979 2287 4031 et
2332 3971 2612 4030 eﬂ‘ectum
2651 3972 2980 4044 caperent!
3024 3974 3152 4037 Quo
3208 3970 3450 4029 hercule
3496 3972 3658 4029 facto

2007 4064 2446 4122 evidentissime
2493 4063 2702 4136 patuit,
2767 4061 3079 4135 quomodo
3131 4077 3305 4118 meus
3351 4061 3469 4130 ille,
3532 4062 3658 4120 imo

2004 4153 2650 4213 bonarumlitterarum
2671 4152 2957 4208 alumnus
2981 4152 3060 4208 ad
3081 4151 3361 4208 virtutem
3403 4151 3657 4208 affectus

2007 4251 2165 4304 esset
2189 4262 2201 4301 :
2234 4260 2357 4317 qua
2383 4243 2631 4317 quidem
2669 4241 2818 4298 nihil
2841 4257 2914 4298 ex
2945 4241 3231 4298 omnibus
3258 4256 3395 4314 quae
3434 4247 3572 4298 sunt
3595 4242 3660 4298 in

2005 4351 2209 4393 rerum
2228 4339 2446 4390 natura
2473 4331 2799 4406 antiquius,
2833 4335 2938 4388 aut
2959 4329 3377 4388 observatione
3414 4330 3661 4402 dignius

2009 4425 2435 4483 arbitraretur:
2477 4437 2602 4479 non
2651 4437 2822 4494 opes,
2862 4437 2986 4478 non
3032 4421 3243 4478 forma
3283 4421 3661 4493 dignitatem,

2008 4531 2133 4573 non
2171 4513 2406 4586 generis
2451 4511 2800 4579 claritatem,
2847 4525 2972 4566 non
2997 4510 3175 4567 fama
3215 4509 3660 4568 celebritatem:

2010 4605 2249 4663 tametsi
2281 4619 2352 4660 ea
2381 4606 2554 4658 atate
2580 4606 2756 4670 esset,
2790 4617 2927 4673 qua
2957 4599 3129 4657 facile
3153 4599 3506 4672 hujusmodi
3546 4600 3666 4658 for-

2009 4699 2166 4751 tuna
2241 4688 2515 4748 ludibriis
2580 4694 2638 4746 et
2697 4688 2992 4746 illecebris
3054 4689 3266 4745 irretiri
3343 4688 3514 4757 solet,
3609 4694 3668 4746 et

2011 4797 2377 4854 coacescere,
2415 4780 2450 4837 d
2462 4795 2562 4836 um
2589 4779 2667 4836 ad
2684 4778 2878 4836 avitas
2894 4782 2951 4836 et
2965 4778 3194 4851 patrias
3211 4793 3308 4836 res
3327 4778 3666 4850 augendas,

2011 4871 2457 4930 nobilitandum
2477 4883 2669 4940 genus
2697 4883 3042 4942 corpusque
3061 4867 3457 4925 reﬁciendum
3482 4872 3541 4925 et
3563 4882 3668 4924 cu-

2012 4962 2277 5020 randum
2309 4959 2723 5031 indulgentius
2754 4973 2944 5031 quam
2973 4971 3085 5029 par
3133 4956 3207 5012 sit
3251 4959 3309 5013 et
3338 4956 3666 5014 ferventius

2013 5049 2328 5110 incumbit.

221 5071 296 5124 ut
350 5064 446 5122 ibi
475 5065 714 5122 arcibus
740 5065 1105 5133 reﬁciendis,
1138 5065 1600 5138 civitatibusque
1636 5082 1906 5122 commu-

215 5154 481 5215 niendis
513 5159 820 5228 praeesset,
853 5160 1034 5227 atque
1065 5153 1219 5212 adeo
1247 5134 1593 5211 militarium
1622 5155 1904 5212 ordinum

2089 5139 2384 5198 Omnibus
2414 5138 2576 5196 enim
2604 5136 2826 5210 procis,
2858 5135 3055 5208 iisque
3080 5134 3412 5208 prasertim
3444 5135 3553 5208 qui
3571 5135 3671 5194 vel

208 5223 810 5307 delectus'haberet.
870 5223 1232 5301 id_muneris
1280 5248 1490 5301 tamen
1538 5246 1720 5318 paulo
1770 5252 1904 5320 post

2018 5244 2327 5287 summam
2385 5228 2590 5284 dotem
2643 5225 2910 5282 dicerent
2967 5227 3027 5280 et
3081 5223 3516 5297 promitterent,
3547 5237 3674 5283 non

206 5339 560 5395 exsecutus
604 5337 715 5390 est.
751 5335 1042 5392 Caterum
1071 5350 1196 5408 quo
1233 5337 1508 5407 tempore
1539 5313 1634 5390 -de
1673 5313 1908 5393 ratione
2022 5321 2152 5377 Sine
2181 5317 2368 5376 animi
2415 5315 2766 5408 eiiceneiliia
2791 5319 2848 5371 θῑ
2893 5313 3241 5408 Ρτθθεξῖξιηῒξᾶ
3280 5314 3670 5408 Ροεηιεὼίῐίεξ

214 5430 361 5484 vim,
439 5423 788 5482 ίηιίιυθηάδ,
844 5403 1113 5482 consim—
1141 5403 1464 5482 nobiscﬁm
1516 5425 1667 5483 inire
1733 5427 1914 5500 coepit
2019 5407 2342 5467 illustrium
2367 5404 2893 5464 Belissariotarum
2923 5403 3206 5477 probitati
3235 5407 3294 5462 et
3317 5403 3678 5476 ingenuitati

304 5553 390 5623 (4)
449 5555 626 5610 Prov.
681 5565 798 5608 xu:
842 5550 1068 5642 Mulier
1118 5552 1378 5624 diligens
1434 5567 1659 5612 corona
1696 5561 1780 5612 est
1838 5553 1969 5611 viro
2015 5568 2145 5626 suo,
2193 5555 2304 5610 etc.
2359 5551 2428 5609 Et
2483 5547 2656 5607 Eccli.
2706 5564 2885 5606 xxvi:
2920 5549 3133 5607 Gratia
3159 5549 3431 5607 mulieris
3454 5549 3680 5607 sedula

230 5650 504 5710 delectat
527 5653 735 5710 virum
766 5663 962 5722 suum,
1004 5653 1116 5708 etc.
