4134 6390
479 273 584 328 367

1384 251 1754 311 MICHAELIS
1793 251 2176 309 ACOMINATI
2213 253 2642 308 ATHENARUM
2678 253 2998 308 ARCHIEP.

3786 258 3896 312 368

477 395 650 453 facile
668 393 1038 464 cessit,quos
1062 387 1223 443 idem
1241 379 1724 445 contubernium,
1753 377 2132 433 earumdem-
2158 380 2204 432 A
2243 377 2433 433 multa
2461 376 2743 432 muniﬁce
2786 381 2844 434 et
2886 377 3052 446 large
3107 376 3320 433 dantes
3348 377 3794 448 promerebant,
3835 387 3899 437 et

477 502 597 559 que
625 485 740 541 sub
769 481 982 538 iisdem
1005 474 1308 546 magistris
1337 471 1555 528 artium
1580 467 1753 541 quasi
1781 466 2131 522 communio

477 556 536 632 et
563 574 816 630 societas
836 569 916 627 ad
928 563 1430 625 necessitudinem
1447 564 1717 616 nostram
1741 556 2128 627 adjunxerat;

478 664 718 720 illorum
763 661 926 717 enim
964 669 1256 721 sororem,
1299 667 1431 722 quae
1476 649 1535 704 in
1575 647 1818 719 optimae
1867 644 2132 718 parentis

477 751 668 808 oculis
703 751 862 806 intra
895 744 1144 804 thalami
1175 741 1430 815 parietes
1456 741 1614 793 caste
1659 739 1714 791 et
1738 733 1954 808 pudice
1983 733 2130 789 edu-

481 845 616 898 cata
661 839 876 907 fuerat,
907 834 1076 891 duxit
1109 833 1283 887 frater
1314 828 1408 883 ille
1434 843 1624 892 meus,
1671 840 1852 896 quem
1887 821 2130 878 Belissa-

479 930 646 987 riotis
679 926 1053 984 simillimum
1076 936 1198 977 non
1226 924 1349 975 tam
1368 913 1748 972 necessitudo
1777 919 1833 969 et
1852 912 2130 980 afﬁnitas,

481 1035 671 1092 quam
712 1031 956 1074 morum
1019 1007 1431 1068 convenientia
1461 1006 1758 1061 effecerat.
1815 1006 2019 1074 Itaque
2072 1004 2137 1056 ut

488 1091 697 1166 fratres
746 1104 965 1162 animis
1007 1117 1128 1158 non
1170 1114 1342 1154 secus
1387 1099 1569 1167 atque
1614 1091 1969 1166 corporibus
2013 1105 2138 1146 una

482 1197 621 1254 unis
642 1196 704 1252 in
735 1193 968 1251 aedibus
993 1188 1367 1251 habitabant,
1392 1185 1604 1240 eadem
1627 1199 1696 1238 ex
1740 1196 1951 1237 mensa
1969 1179 2136 1235 cibos

482 1288 546 1344 in
566 1287 692 1342 dies
720 1281 1135 1356 capessebant,
1169 1276 1379 1333 iisdem
1410 1273 1764 1344 gaudentes,
1804 1270 2014 1325 iisdem
2051 1269 2136 1324 vi-

484 1376 693 1433 cissim
706 1370 1262 1436 commovebantur,
1295 1364 1647 1431 unaforum,
1663 1365 1777 1417 tem
1787 1359 1977 1432 plum,
1996 1374 2137 1414 con-

485 1466 688 1521 ciones
734 1460 1035 1534 publicas,
1078 1454 1372 1530 palatium
1421 1451 1706 1508 adibant:
1753 1449 1892 1504 inde
1931 1463 2138 1502 rursus

487 1571 612 1612 non
642 1551 880 1622 singuli,
911 1548 1016 1604 sed
1055 1562 1165 1620 pro
1215 1559 1384 1600 more
1431 1541 1558 1598 bini
1597 1540 1848 1596 domum
1885 1541 2137 1594 reverte-

485 1646 727 1714 bantur,
765 1640 1084 1697 miriticum
1123 1652 1184 1691 se
1217 1633 1364 1691 alter
1391 1631 1558 1688 alteri
1598 1629 1878 1686 comitem
1910 1626 2137 1701 praebe-

2242 467 2406 522 velut
2428 467 2910 540 sumptuosiores
2929 467 3180 540 quidam
3219 467 3619 537 margaritarii
3640 470 3900 526 uniones

2240 554 2597 625 smaragdos
2608 601 2621 622 ,
2635 554 3055 627 lychnitasque
3069 569 3294 625 magno
3305 555 3496 628 pretio
3508 562 3902 630 comparatos

2241 641 2380 698 inde
2443 643 2698 700 domum
2762 643 3176 716 asportabant,
3237 644 3424 700 satius
3485 661 3613 702 esse
3653 646 3786 716 rati,
3849 647 3904 704 si

2241 732 2605 801 dignitatum
2635 733 3064 805 praerogativas
3094 733 3286 806 pretio
3313 733 3428 790 sibi
3449 741 3900 808 compararent,

2241 837 2429 894 quam
2456 822 2505 877 si
2536 821 2614 878 ab
2654 822 2768 878 illis
2812 821 2966 880 ultro
3006 828 3383 879 ornarentur.
3438 825 3704 888 Quorum
3741 830 3904 884 certe

2243 911 2613 980 singularem
2635 911 3042 985 eximiamque
3067 912 3345 969 virtutem
3365 913 3759 986 imperatores
3794 933 3903 973 ex-

2241 1001 2414 1074 perti,
2454 999 2621 1073 quod
2659 1000 2946 1056 nimirum
2994 1000 3141 1056 lucri
3206 1001 3578 1076 privataeque
3630 1005 3906 1062 utilitatis

2244 1093 2593 1162 contemptu
2634 1089 2978 1158 Aristidem,
3046 1091 3446 1164 temperantia
3485 1093 3905 1166 Hippolytum,

2248 1179 2765 1252 Bellerophontem
2805 1183 2861 1235 et
2887 1180 3241 1252 Josephum,
3283 1181 3432 1250 juris
3473 1182 3737 1256 denique
3782 1183 3907 1240 ob-

2248 1269 2546 1326 servantia
2597 1270 2873 1336 Minoem,
2939 1269 3177 1340 judices
3244 1271 3491 1327 minime
3543 1274 3906 1343 nummarii,

2246 1359 2422 1432 longe
2453 1362 2898 1431 praeverterent,
2936 1358 3118 1414 rebus
3164 1359 3320 1429 illos,
3362 1360 3480 1416 suis
3519 1361 3686 1418 domi
3717 1361 3910 1420 foris-

2246 1464 2365 1521 que
2389 1447 2808 1520 praafecerunt,
2865 1447 3217 1504 aerariorum
3263 1447 3397 1516 illis,
3452 1449 3911 1509 thesaurorum-

2245 1554 2364 1611 que
2389 1541 2448 1593 et
2486 1535 2904 1593 cubiculorum
2934 1553 3182 1593 suorum
3209 1539 3430 1610 januas
3465 1539 3910 1612 patefecerunt,

2247 1627 2606 1686 charissima
2648 1643 2906 1701 quaeque
2936 1643 3062 1684 non
3091 1644 3263 1684 secus
3293 1633 3475 1702 atque
3513 1630 3913 1690 familiarissi-

482 1734 609 1803 bat,
658 1737 722 1788 ut
773 1731 901 1802 jam
961 1725 1376 1783 aemulandum
1445 1719 1821 1790 cognationis
1891 1732 2024 1790 par,
2083 1720 2210 1779 etB
2251 1720 2366 1776 mis
2418 1717 2937 1787 concrediderunt;
2987 1717 3120 1774 illos
3179 1719 3439 1792 denique
3492 1719 3556 1776 in
3599 1727 3811 1794 aperta
3853 1728 3915 1780 et

484 1821 1014 1880 auctoramentum
1044 1810 1466 1870 beatissimum
1498 1809 1559 1865 in
1577 1824 1679 1865 ore
1709 1807 1983 1864 omnium
2013 1821 2140 1862 ver-

487 1915 736 1979 saretur,
790 1913 971 1979 atque
1010 1903 1162 1960 adeo
1228 1900 1492 1957 maxime
1537 1897 1857 1970 perspicua
1919 1901 2141 1968 tempe-

483 2000 695 2060 rantiae
711 1993 1081 2068 exemplaria
1099 1991 1396 2048 audirent.
1421 1987 1701 2056 Quandiu
1717 1992 1872 2043 certe
1901 1985 2140 2042 crelibes

485 2092 757 2162 egerunt,
771 2085 973 2143 nobile
985 2099 1096 2156 par
1107 2082 1358 2138 fratrum
1373 2081 1600 2152 passim
1618 2076 1934 2133 hominum
1951 2076 2139 2130 incre-

483 2182 770 2238 brescens
782 2177 1178 2248 pervagatum
1192 2175 1298 2239 est,
1313 2173 1717 2242 posteaquam
1729 2182 1872 2222 vero
1887 2166 2141 2222 honora-

483 2269 591 2327 bili
652 2263 936 2323 connibio
992 2263 1055 2318 in
1111 2260 1397 2316 omnibus
1451 2262 1510 2314 et
1570 2261 1699 2313 toro
1749 2254 2140 2312 immaculato

481 2356 676 2430 jugati
706 2359 866 2423 sunt,
912 2355 1042 2408 tum
1083 2365 1228 2407 vero
1249 2348 1363 2404 illis
1404 2346 1602 2403 afﬁnis
1650 2345 1811 2401 idem
1855 2345 1960 2416 qui
1991 2342 2140 2399 mihi

482 2448 665 2505 frater
695 2445 824 2501 fuit.
857 2442 926 2498 Hi
963 2441 1064 2498 alii
1103 2440 1358 2496 aliorum
1401 2435 1678 2492 medullis
1709 2440 1767 2491 et
1809 2433 2138 2490 visceribus

484 2537 622 2595 imis
682 2534 844 2591 velut
902 2529 1321 2603 colliquefacti,
1381 2543 1576 2599 usque
1641 2525 1794 2582 adeo
1851 2525 2137 2580 inhaerere

485 2628 816 2700 coeperunt,
844 2627 910 2680 ut
929 2621 1126 2678 statim
1149 2619 1280 2676 illos
1310 2619 1368 2674 in
1399 2634 1584 2674 unam
1603 2632 1871 2672 massam
1898 2631 2136 2670 concre-

483 2722 578 2774 tos
609 2715 822 2772 coiisse
843 2711 1040 2786 quivis
1064 2711 1468 2766 aestimaturus
1511 2711 1690 2772 esset,
1721 2721 1859 2778 quae
1889 2705 2134 2778 quidem

484 2805 652 2863 nullo
701 2801 988 2874 temporis
1034 2805 1220 2857 tractu
1253 2798 1451 2854 dirimi
1483 2802 1587 2852 aut
1616 2795 1957 2852 intersecari
1996 2810 2136 2867 pos-

485 2900 592 2965 set,
633 2910 707 2951 ea
742 2893 1131 2966 potissimum
1183 2889 1258 2944 de
1289 2903 1494 2956 causa,
1527 2885 1694 2958 quod
1740 2885 2136 2941 Belissariotae

484 2985 734 3059 quidem
764 2998 874 3054 pro
907 2981 1030 3037 suis
1077 2977 1470 3049 dignitatibus
1512 2977 1573 3032 in
1618 2975 1764 3031 urbe
1794 2973 2137 3046 reipublicae

487 3072 828 3130 commodis
877 3068 1276 3135 consulerent,
1313 3065 1493 3122 frater
1544 3069 1746 3120 autem
1797 3079 1969 3119 meus
2013 3078 2138 3118 non

485 3163 548 3220 in
578 3163 727 3219 urbe
756 3164 1015 3220 tantum,
1062 3156 1167 3212 sed
1203 3154 1464 3211 etiamin
1500 3152 1840 3226 provincias
1866 3157 1922 3208 et
1943 3151 2139 3207 muni-

487 3251 666 3323 cipia,
698 3253 763 3304 ut
781 3249 910 3320 jam
950 3245 1089 3314 dixi,
1113 3245 1190 3301 ab
1221 3244 1350 3300 aliis
1369 3243 1620 3315 aliisque
1678 3240 2142 3314 imperatoribus

487 3340 736 3405 missus,
767 3353 968 3394 rerum
999 3351 1253 3391 summae
1283 3332 1534 3405 prefuit.

561 3432 822 3500 Tempus
852 3425 1100 3499 quidem
1146 3428 1300 3480 certe
1348 3421 1666 3479 mutationi
1703 3438 2144 3494 usquequaque

493 3523 710 3592 patens
745 3522 803 3574 et
831 3514 1198 3588 expositum,
1225 3511 1690 3586 imperatoribus
1717 3512 1894 3567 etiam
1925 3528 2142 3584 super-

497 3606 736 3664 stitibus
806 3604 1060 3676 imperia
1133 3602 1375 3671 ademit,
1440 3615 1477 3655 a
1549 3599 2145 3672 Sceptuehorumque

493 3695 778 3754 manibus
793 3694 1048 3766 abrepta
1067 3696 1306 3763 sceptra
1326 3690 1402 3746 ad
1425 3689 1594 3758 alios,
1609 3688 1686 3745 ab
1712 3689 1926 3762 hisque
1943 3689 2145 3747 denuo

497 3785 578 3843 ad
612 3785 762 3842 alios
791 3783 1123 3842 transtulit:
1161 3780 1325 3837 fratri
1366 3785 1568 3836 autem
1617 3796 1755 3836 meo
1795 3781 2058 3837 honores
2090 3785 2148 3838 et

491 3875 884 3945 magistratus
911 3872 1198 3930 continua
1215 3871 1650 3942 imperatorum
1673 3869 1970 3926 successio
2001 3870 2146 3925 inte-

493 3979 634 4035 gros
671 3963 1077 4034 illibatosque,
1117 3975 1230 4018 nec
1270 3959 1445 4016 ullius
1489 3959 1865 4015 successione
1887 3959 2144 4015 interru-

490 4057 626 4126 ptos
667 4051 1068 4116 conservavit,
1119 4051 1242 4106 imo
1282 4065 1424 4105 vero
1473 4049 1576 4121 qui
1615 4049 2145 4122 subsequebantur

489 4141 966 4216 praecedentibus
1025 4155 1168 4210 erga
1219 4139 1390 4195 illum
1451 4138 1864 4195 benevolentia
1919 4139 2144 4194 anteire

489 4230 670 4302 quasi
708 4229 1162 4292 contendentes,
1216 4227 1295 4283 ad
1348 4227 1651 4300 pristinos
1679 4227 1836 4282 illius
1881 4227 2141 4283 honores

488 4317 723 4392 aliquid
751 4319 999 4389 insuper
1029 4317 1415 4388 adjiciebant,
1446 4318 1558 4374 viri
1597 4317 1884 4372 nimirum
1924 4317 2139 4372 virtute

489 4407 1008 4481 obstupescentes,
1034 4410 1393 4479 tantumque
1422 4422 1496 4462 ex
1524 4407 1778 4479 imperio
1807 4423 1918 4463 suo
1942 4407 2138 4463 immi-

487 4495 594 4558 nui
639 4496 1069 4566 existimantes,
1129 4501 1426 4568 quantum
1468 4495 1544 4552 de
1593 4495 1927 4553 honoribus
1982 4495 2138 4552 illius

483 4586 963 4643 imminueretur.

557 4679 761 4748 Neque
782 4691 925 4733 vero
963 4675 1242 4746 vulgares
1265 4681 1496 4734 tantum
1523 4681 1580 4732 et
1617 4675 1834 4750 plebeii
1862 4677 2137 4735 homines

484 4764 730 4838 (quibus
779 4765 860 4822 ad
888 4765 1150 4822 honores
1190 4766 1290 4822 vix
1319 4766 1476 4823 ullus
1508 4771 1669 4839 patet
1728 4766 1948 4839 aditus,
1977 4785 2134 4842 quo-

477 4871 695 4912 rumve
767 4856 1085 4914 conatibus
1146 4857 1388 4915 fortuna
1443 4858 1678 4915 tenuior
1719 4863 1776 4914 et
1821 4859 2136 4918 obscurior

475 4945 719 5006 obstare
768 4947 939 5020 solet)
989 4948 1219 5021 palatia
1269 4948 1756 5022 frequentabant,
1814 4952 2134 5024 quantovis

474 5037 666 5109 pretio
707 5037 1002 5095 honorem
1044 5037 1124 5094 ab
1159 5037 1626 5110 imperatoribus
1669 5038 1937 5097 delatum
1982 5042 2133 5097 resti-

473 5125 748 5190 mabant,
803 5127 1172 5200 publicaque
1218 5142 1343 5200 qua
1374 5133 1652 5201 poterant
1698 5134 1822 5186 arte
1852 5147 2127 5198 munera,

469 5211 632 5268 lucto
662 5214 887 5271 addicti
913 5214 1330 5285 venabantur;
1360 5217 1464 5274 sed
1496 5218 1554 5274 hi
1586 5219 1766 5276 etiam
1795 5221 1870 5276 de
1899 5221 2126 5293 quibus

469 5299 618 5354 mihi
649 5317 847 5358 sermo
879 5307 986 5370 est,
1011 5318 1134 5360 una
1158 5320 1297 5360 cum
1314 5306 1544 5364 virtutis
1565 5313 1618 5364 et
1640 5309 1878 5366 honesti
1913 5325 2123 5366 aman-

469 5387 628 5443 tibus
676 5388 778 5444 illo
825 5407 889 5447 se
943 5391 1350 5467 conferebant,
1391 5396 1667 5471 beneque
1722 5397 1797 5454 de
1840 5401 2123 5470 Augustis

2247 1807 2572 1882 propatula
2602 1806 2771 1862 urbis
2803 1806 3321 1865 administratione
3345 1825 3601 1879 magnos
3625 1809 3912 1881 logothe-

2248 1902 2363 1965 tas,
2388 1897 2649 1970 ephoros
2672 1900 2729 1952 et
2747 1896 3109 1969 polyarchas
3139 1896 3630 1969 designaverunt.
3655 1899 3911 1958 Illorum

2249 1989 2409 2044 enim
2440 1987 2675 2053 virtute,
2706 1985 2886 2042 veluti
2917 1985 3187 2058 quodam
3209 2003 3418 2059 regno,
3447 1988 3757 2046 civitatum
3793 2007 3912 2062 gu-

2247 2076 2579 2132 bernacula
2609 2077 2689 2131 ita
2724 2080 3185 2142 exornaverunt,
3216 2081 3280 2132 ut
3317 2092 3389 2133 ea
3417 2078 3618 2150 potius
3649 2079 3728 2136 ab
3759 2079 3905 2154 illis,

2249 2183 2436 2240 quam
2468 2165 2549 2220 illi
2582 2165 2658 2220 ab
2702 2164 2838 2220 ullis
2889 2181 3090 2220 rerum
3131 2165 3513 2238 publicarum
3539 2168 3909 2238 honoribus,

2248 2257 2512 2331 praemiis
2553 2260 2656 2312 aut
2682 2254 3024 2326 splendore.
3051 2259 3456 2326 Augustorum
3490 2257 3914 2318 muniﬁcentia

2249 2345 2478 2402 collatis
2505 2344 2968 2401 illustrarentur.
2999 2347 3125 2400 lmo
3165 2360 3324 2412 vero,
3350 2351 3416 2402 ut
3435 2345 3637 2404 dicam
3657 2347 3714 2404 id
3735 2351 3912 2422 quod

2246 2451 2342 2492 res
2383 2439 2488 2506 est,
2537 2433 2616 2490 ab
2648 2433 2930 2504 Augustis
2955 2433 3016 2488 in
3047 2433 3514 2491 clarissimorum
3558 2441 3912 2512 temporum

2250 2541 2503 2580 suorum
2541 2528 2925 2590 ornamenta,
2993 2522 3463 2596 reipublicaaque
3489 2525 3914 2596 gubernacula

2248 2631 2319 2670 ex
2344 2615 2544 2686 legum
2569 2613 2917 2686 praescripto
2943 2612 3321 2670 moderanda
3344 2615 3522 2686 quasi
3541 2631 3910 2676 communes

2245 2705 2498 2778 quidam
2519 2703 2868 2771 harmostae,
2891 2718 3207 2759 morumve
3228 2704 3519 2774 magistri,
3547 2707 3905 2767 creatisunt:

2247 2791 2593 2864 cujusmodi
2631 2791 2947 2863 quondam
2975 2792 3364 2861 magistratus
3397 2810 3540 2850 suos
3583 2795 3741 2852 nullo
3771 2813 3903 2854 non

2246 2883 2550 2938 honorum
2575 2881 2768 2951 gradu
2789 2897 2928 2936 cum
2949 2881 3217 2937 maxima
3239 2882 3330 2937 sui
3369 2884 3632 2938 nominis
3656 2883 3908 2943 celebri-

2248 2978 2365 3028 tate
2408 2970 2753 3044 perfunctos
2796 2969 3208 3026 vetustissima
3253 2970 3353 3027 illa
3399 2974 3589 3028 Roma
3627 2981 3904 3049 noverat,

2249 3061 2352 3134 qui
2371 3059 2629 3115 vicissim
2662 3059 2825 3114 urbis
2854 3057 3027 3130 illius,
3073 3075 3210 3132 quae
3241 3063 3595 3118 casterarum
3625 3064 3907 3121 omnium

2250 3149 2424 3207 facile
2473 3150 2752 3222 princeps
2803 3153 2944 3205 tunc
2991 3149 3283 3221 temporis
3333 3149 3590 3210 ﬂoreret.
3643 3154 3909 3227 imperii-

2251 3258 2369 3314 que
2427 3243 2519 3296 sui
2566 3239 2718 3295 fines
2759 3239 2936 3309 longe
2980 3239 3217 3312 lateque
3262 3241 3668 3314 protenderet,
3726 3260 3904 3300 orna-

2252 3335 2456 3387 menta
2501 3329 2560 3384 in
2607 3344 2929 3384 commune
2983 3329 3164 3385 totius
3227 3329 3390 3386 orbis
3453 3339 3910 3405 ornamentum,

2251 3435 2764 3491 communemque
2797 3418 3081 3475 humanae
3131 3419 3430 3476 societatis
3472 3421 3784 3480 utilitatem
3812 3439 3911 3480 ce-

2252 3511 2391 3568 dere
2422 3510 2870 3566 arbitrarentur.

2327 3604 2395 3657 Ut
2442 3616 2570 3656 rem
2621 3597 2833 3672 paucis
2876 3599 3218 3672 expediam,
3259 3599 3427 3657 salva
3472 3602 3716 3674 quidem
3764 3609 3914 3662 sunt

2252 3689 2664 3765 prosperitatis
2681 3689 2965 3744 humanae
2978 3689 3457 3761 propugnacula,
3472 3691 3692 3747 Pharos
3705 3696 3916 3750 autem

2252 3787 2310 3837 et
2343 3785 2573 3854 portus,
2619 3795 2879 3852 quorum
2924 3778 3028 3835 illa
3079 3784 3216 3835 sunt
3251 3779 3634 3838 adminiculis
3668 3798 3918 3842 conser-

2251 3877 2413 3940 vata,
2451 3869 2836 3939 naufragium
2864 3868 3040 3925 nobis
3062 3868 3306 3925 abstulit
3340 3874 3438 3942 (5).

2324 3960 2436 4027 Qui
2464 3965 2668 4016 tamen
2709 3959 2825 4014 hoc
2872 3957 3002 4014 fieri
3037 3963 3252 4031 potest,
3294 3963 3358 4015 ut
3395 3963 3704 4018 tantorum
3747 3963 3914 4021 viro-

2250 4067 2387 4106 rum
2418 4051 2662 4105 virtutes
2695 4054 2819 4104 tam
2846 4049 3166 4112 succincte,
3199 4048 3522 4121 verbisque
3554 4055 3680 4107 tam
3701 4054 3914 4124 paucis

2252 4141 2332 4196 ita
2379 4139 2777 4213 percurram?
2821 4143 2886 4193 ut
2939 4137 3200 4209 plurima
3237 4138 3470 4194 silentio
3519 4143 3913 4211 praeteream?

2249 4231 2468 4303 partim
2495 4228 2742 4301 quidem
2782 4227 3068 4284 confusus
3102 4243 3175 4283 ex
3205 4243 3297 4293 eo,
3338 4227 3505 4300 quod
3531 4228 3752 4286 affectu
3790 4231 3912 4289 sim

2250 4320 2585 4377 vehementi
2610 4323 2666 4374 et
2691 4318 2986 4374 concitato
3017 4318 3209 4387 magis
3233 4333 3422 4390 quam
3446 4317 3625 4375 bonis
3656 4319 3770 4376 illis
3802 4321 3914 4378 ad-

2250 4412 2433 4468 ducto
2461 4415 2517 4466 et
2545 4425 2856 4483 persuaso,
2889 4408 3111 4481 quibus
3151 4408 3287 4464 etin
3335 4408 3450 4463 vita
3483 4410 3715 4481 praediti
3753 4415 3809 4466 et
3837 4410 3909 4467 in

2250 4505 2442 4558 morte
2473 4515 2597 4556 non
2645 4499 2771 4554 sine
2821 4513 3046 4567 magno
3079 4497 3282 4554 saeculi
3324 4499 3514 4554 nostri
3544 4499 3912 4557 detrimento

2246 4590 2463 4664 privati
2490 4590 2728 4645 fuerunt
2757 4605 2770 4644 :
2800 4587 3018 4661 partim
3050 4603 3189 4644 vero
3233 4587 3464 4644 cautius
3503 4589 3913 4662 prospiciens,

2245 4699 2320 4739 ne
2347 4683 2484 4754 quis
2515 4681 2674 4736 hanc
2704 4681 3043 4735 orationem
3067 4678 3369 4749 suggillet,
3393 4683 3459 4734 ut
3486 4694 3624 4751 quae
3648 4677 3914 4737 instituti

2245 4772 2584 4844 argumenti
2613 4770 2822 4832 oblita,
2847 4769 3142 4840 majorem
3173 4768 3454 4841 Thylaco,
3487 4773 3553 4824 ut
3581 4768 3641 4824 in
3662 4785 3913 4841 prover-

2243 4863 2346 4920 bio
2373 4867 2478 4932 est,
2519 4860 2928 4916 accessionem
2950 4857 3169 4914 fecerit.

2317 4949 2824 5023 Quandoquidem
2846 4963 3007 5004 nova
3038 4947 3200 5015 Sion,
3234 4963 3360 5003 non
3391 4963 3566 5003 secus
3593 4951 3776 5021 atque
3807 4965 3912 5006 ve-

2242 5047 2340 5100 tus
2363 5041 2484 5109 illa,
2509 5056 2544 5096 a
2575 5039 2698 5095 suis
2728 5042 2894 5095 tanto
2939 5038 3001 5093 in
3025 5053 3225 5093 rerum
3268 5037 3614 5094 discrimine
3633 5035 3908 5106 deserta,

2238 5131 2298 5187 in
2351 5129 2615 5186 hostium
2665 5143 2888 5184 manus
2916 5125 3144 5190 incidit,
3178 5129 3236 5182 et
3263 5125 3532 5182 funditus
3552 5139 3762 5182 eversa
3785 5131 3908 5184 est.

2237 5218 2544 5292 Quidquid
2565 5219 2742 5274 etiam
2767 5217 2826 5272 in
2844 5231 2916 5274 ea
2937 5215 3339 5289 supplementi
3367 5215 3480 5282 ,vel
3498 5214 3904 5283 latebrarum,

2234 5310 2330 5366 vel
2357 5309 2505 5366 levis
2536 5311 2825 5365 armatura
2848 5305 3160 5377 beneﬁcio,
3197 5319 3421 5360 manus
3464 5302 3710 5360 hostiles
3744 5301 3904 5358 sub-

2234 5399 2574 5471 terfugerat,
2607 5398 2868 5454 Nicaeam
2894 5395 3181 5468 Bithyniae
3223 5395 3607 5468 metropolim
3631 5393 3905 5450 commi-

541 5566 621 5638 (5)
642 5567 864 5628 Alludit
887 5571 968 5630 ad
987 5572 1136 5633 illud
1162 5575 1317 5649 Scip.
1349 5577 1577 5641 Nasicae
1611 5577 1777 5655 apud
1799 5578 1864 5636 B.
1886 5583 2042 5652 Aug.
2073 5577 2152 5638 de
2181 5577 2352 5638 Civit.
2375 5579 2478 5636 Dei
2497 5577 2600 5636 lib.
2626 5594 2645 5634 ι
2675 5595 2688 5634 :
2719 5579 2901 5635 Stant
2929 5577 3171 5644 mania,
3201 5582 3390 5632 ruunt
3420 5588 3635 5632 mores.
