4134 6380
225 343 329 398 369

1413 344 1732 402 MONODIA
1769 346 1838 401 ΙΝ
1878 346 2205 404 FRATREM
2249 347 2460 406 SUUM.

3540 349 3649 402 3'70

221 465 440 537 gravit,
493 462 699 534 ibique
729 460 886 518 adeo
907 478 1068 520 nunc
1133 466 1433 536 exsulant,
1473 468 1578 541 qui
1603 469 1882 527 hesterno
1912 479 1962 534 Α
2001 487 2138 544 quae
2169 472 2422 529 civitatis
2451 473 2651 530 unitas
2701 475 2992 531 dissoluta
3043 471 3323 532 concidit!
3383 475 3651 545 quantus

225 554 326 610 die
356 551 696 611 concivium
755 569 1006 609 suorum
1059 554 1275 611 laetitiae
1319 558 1734 630 congratulati,
1781 559 1885 615 ho-

227 643 461 714 dierno,
482 646 636 718 proh
660 645 868 704 dolor!
894 644 1287 701 manentibus
1311 647 1766 717 congemiscunt
1786 667 1798 704 :
1822 652 1886 704 ut

231 734 341 806 qui
367 734 560 791 beatae
579 741 756 792 antea
776 735 1003 792 civitati
1023 738 1382 790 ornamento
1397 734 1669 804 fuerunt,
1703 737 1886 792 iidem

230 823 418 881 hodie
437 825 650 881 infelici
679 824 964 883 solatium
990 823 1262 882 afferant.
1295 825 1369 880 lis
1389 826 1551 881 enim
1583 826 1730 898 ipsis
1750 843 1887 900 quas

230 912 539 984 dicebant,
569 930 826 989 quaeque
857 913 1114 987 sapienti
1141 918 1197 970 et
1226 930 1452 986 magno
1483 916 1688 972 animo
1718 916 1889 972 disci-

226 1003 417 1076 pline
439 1006 636 1062 attenti
653 1004 1062 1077 patiebantur,
1079 1019 1201 1059 non
1219 1020 1437 1076 parum
1458 1005 1888 1062 consolationis

224 1093 820 1164 aﬁ‘erebant,ignavit
833 1108 952 1166 que
964 1093 1222 1165 pectoris
1245 1097 1301 1149 et
1315 1093 1638 1150 hebetioris
1660 1093 1887 1165 ingenii

220 1181 581 1238 hominibus
605 1197 732 1238 non
751 1197 977 1256 parvos
1002 1180 1082 1238 ad
1101 1179 1512 1238 fortitudinem
1570 1198 1887 1256 capessen-

214 1271 367 1326 dam
397 1269 644 1328 aculeos
664 1270 1038 1343 adjiciebant
1064 1312 1079 1328 .

289 1363 501 1433 Itaque
539 1359 1072 1433 quemadmodum
1119 1359 1384 1416 Ezechiel
1431 1364 1483 1417 et
1536 1360 1742 1417 Daniel
1785 1376 1888 1417 eos

213 1449 331 1522 qui
356 1449 522 1522 apud
539 1449 915 1522 Babylonem
932 1450 1137 1506 animo
1156 1449 1890 1519 deﬁciebant,exclaman-

211 1542 315 1595 tes
336 1555 351 1594 :
373 1540 773 1597 Exaruernnt
791 1554 925 1596 ossa
946 1547 1175 1605 nostra,
1193 1554 1321 1609 spes
1350 1545 1558 1595 nostra
1571 1539 1892 1612 desperata

245 1629 448 1686 cilicet
475 1630 727 1686 evanuit
760 1633 778 1684 l
810 1646 826 1683 :
851 1627 1305 1701 perapposisitis
1327 1627 1641 1701 colloquiis
1660 1643 1888 1685 recrea-

210 1717 377 1776 bant
408 1760 423 1786 ,
453 1717 735 1792 quandiu
763 1717 918 1774 vivis
951 1715 1066 1772 illis
1090 1716 1240 1784 frui,
1262 1716 1539 1790 quandiu
1572 1717 1893 1774 condolen-

218 1811 322 1864 tes
352 1810 412 1862 et
448 1809 835 1864 consolantes
889 1805 1144 1879 experiri
1194 1805 1379 1874 licuit,
1425 1805 1654 1862 leviora
1679 1805 1894 1880 procul

223 1895 424 1952 dubio
449 1895 704 1953 fortunae
744 1894 862 1953 tela
888 1894 1246 1964 sentiebant,
1271 1911 1383 1952 nec
1412 1896 1663 1952 omnino
1708 1912 1744 1952 a
1792 1911 1896 1969 pa-

225 1986 348 2043 tria
379 2001 442 2042 se
462 2003 572 2043 sua
594 1985 871 2042 exsulare
903 1984 1372 2055 arbitrabantur,
1402 1990 1466 2041 ut
1495 1985 1599 2058 qui
1617 1985 1894 2058 pulcher-

220 2077 387 2134 rima
411 2076 670 2134 civitatis
701 2093 828 2132 suae
845 2075 1119 2145 donaria,
1149 2075 1469 2148 capitaque
1495 2075 1645 2132 adeo
1666 2075 1892 2149 quibus

221 2165 583 2238 reipublicae
613 2163 976 2236 gubernatio
1003 2163 1294 2232 innititur,
1330 2163 1512 2220 etiam
1533 2168 1662 2220 tum
1691 2168 1895 2220 osten-

228 2259 450 2312 tarent.
485 2258 620 2312 Non
649 2254 815 2311 enim
835 2269 908 2311 ex
937 2253 1262 2322 moenibus,
1295 2253 1629 2326 quamlibet
1658 2253 1762 2310 illa
1789 2254 1895 2310 ho-

232 2343 471 2401 minum
507 2343 799 2401 manibus
825 2343 1056 2400 aﬂ‘abre
1103 2346 1348 2414 structa,
1393 2347 1498 2399 aut
1522 2342 1687 2399 tectis
1709 2342 1894 2399 subli-

235 2433 464 2499 mibus,
498 2439 600 2491 aut
624 2433 982 2506 porticibus,
1015 2437 1119 2489 aut
1133 2433 1263 2490 foro
1284 2437 1574 2489 exornata
1599 2432 1733 2500 sint,
1754 2449 1898 2490 vera

237 2523 494 2580 civitatis
513 2524 708 2582 forma
737 2521 1039 2597 dependet
1061 2526 1160 2590 (6);
1192 2521 1302 2578 sed
1329 2523 1731 2579 exhominum
1757 2537 1897 2594 pro-

233 2614 447 2680 bitate,
515 2613 852 2682 honestate,
913 2611 1240 2682 religione:
1299 2611 1524 2684 quibus
1553 2610 1900 2684 quicunque

237 2702 531 2777 praeditus
551 2707 657 2772 est,
685 2703 870 2760 etiam
901 2701 952 2757 si
972 2701 1088 2757 sub
1126 2716 1355 2774 quercu
1402 2705 1729 2774 pernoctet,
1777 2716 1900 2756 me-

231 2793 401 2850 lioris
425 2793 523 2849 ille
553 2797 784 2849 naturae
811 2790 1037 2864 hospes
1062 2789 1334 2862 efﬁcitur,
1374 2789 1613 2861 dignior
1637 2789 1897 2857 interim,

239 2897 429 2955 quem
453 2881 676 2938 civium
701 2896 955 2938 suorum
985 2880 1260 2952 catalogo
1287 2879 1572 2953 quaelibet
1606 2879 1755 2935 urbs
1802 2895 1899 2935 ac-

246 2974 517 3039 censeat,
539 2985 616 3026 ne
630 2969 820 3026 dicam
850 2969 1152 3026 mundum
1183 2969 1406 3042 ipsum,
1438 2974 1898 3043 quantusquan-

1995 561 2299 618 bonorum
2332 562 2608 618 cumulus
2631 563 2903 620 inversus
2924 565 3032 619 est!
3057 563 3302 636 qualem
3327 559 3647 634 probitatis

1994 651 2451 724 honestatisque
2477 653 2768 724 triplicem
2785 653 3222 722 funiculum(8),
3253 666 3374 706 non
3399 648 3648 706 calami-

1995 745 2188 797 tatum
2217 741 2660 814 quidem,juxta
2682 744 2923 816 sapiens
2952 742 3102 798 illud
3125 741 3433 814 ἀποφθεγμα
3450 740 3648 794 disru-

1995 831 2080 903 pit
2109 836 2516 903 Eﬁta‘raatg,aut
2545 832 3064 889 circumstantium
3095 846 3348 887 casuum
3361 828 3648 885 violentia

1995 920 2256 987 divulsit,
2290 926 2349 978 at
2378 921 2506 978 sola
2533 937 2697 977 mors
2727 937 2975 978 auream
3005 921 3266 976 virorum
3294 918 3532 974 illorum
3548 932 3648 973 ca-

1994 1014 2196 1066 tenam
2222 1010 2577 1076 dissolvens,
2613 1011 3036 1083 sigillatimque
3066 1009 3392 1081 dissipans,
3435 1006 3516 1063 ad
3556 1005 3648 1061 ni-

1995 1098 2184 1154 hilum
2215 1099 2463 1156 tandem
2491 1100 2740 1170 redegit:
2788 1115 3049 1172 cumque
3081 1098 3234 1154 adeo
3263 1094 3651 1152 clementissi-

1996 1204 2132 1244 mus
2156 1188 2252 1244 ille
2282 1189 2392 1258 vir,
2426 1192 2814 1262 optimusque
2835 1188 3080 1246 Michael
3107 1187 3341 1260 primus
3370 1185 3494 1241 fato
3511 1198 3650 1240 con-

1997 1276 2291 1346 cessisset,
2326 1294 2399 1333 ex
2437 1277 2595 1332 facili
2651 1277 2752 1334 illa
2781 1282 2838 1334 et
2888 1276 3142 1348 simplici
3173 1275 3380 1332 anima
3410 1278 3647 1328 tantum

1997 1366 2307 1438 superfuit,
2323 1371 2620 1438 quantum
2642 1365 3141 1438 Megalopolitana
3153 1363 3393 1420 colonia
3423 1378 3566 1417 suos
3587 1361 3651 1416 in

1997 1470 2144 1510 usus
2169 1455 2454 1527 reposuit:
2487 1456 2736 1512 unicum
2764 1455 3001 1510 interim
3032 1453 3314 1510 dolorum
3342 1450 3649 1520 solatium,

1997 1543 2363 1615 locupletem
2393 1544 2562 1600 illum
2593 1544 2814 1600 scilicet
2832 1543 3301 1614 multiscumque
3348 1542 3648 1596 Joannem

2001 1632 2112 1688 sibi
2143 1647 2515 1705 proponens;
2547 1632 3016 1705 illum,inquam,
3040 1630 3146 1704 qui
3167 1629 3416 1686 consilio
3437 1632 3653 1700 etpru-

2001 1720 2202 1777 dentia
2251 1721 2514 1794 reliquos
2567 1720 2917 1778 antecellere
2969 1719 3150 1788 cives,
3182 1716 3651 1790 reipublicaeque

2003 1809 2157 1866 adeo
2173 1811 2398 1883 optime
2411 1811 2750 1867 constitutae
2769 1809 2975 1865 vivum
2986 1806 3295 1879 exemplar
3319 1805 3652 1862 dicebatur.

2075 1902 2291 1955 Verum
2309 1903 2710 1972 posteaquam
2730 1899 2941 1972 paucis
2968 1896 3285 1968 interjectis
3305 1895 3519 1950 diebus
3537 1893 3654 1949 hoc

2003 2005 2246 2062 quoque
2277 1989 2520 2046 fratrem
2542 1988 2863 2046 subsecuto
2893 1991 3102 2044 nostra
3156 1984 3397 2042 colonia
3443 1982 3658 2039 orbata

2003 2085 2115 2143 est,
2148 2083 2328 2152 atque
2334 2080 2502 2150 justa
2522 2077 2716 2134 funeri
2745 2078 2878 2148 ejus
2898 2075 3200 2150 persolvit,
3225 2074 3458 2130 Nicetas
3475 2071 3658 2128 frater

2003 2184 2177 2224 meus
2208 2171 2538 2241 supererat,
2567 2183 2752 2241 quem
2789 2167 2892 2223 illa
2928 2163 3305 2239 praedicaret,
3359 2167 3654 2234 tanquam

2005 2275 2167 2325 eum,
2187 2275 2310 2332 quo
2338 2259 2400 2314 in
2429 2273 2552 2315 uno
2583 2273 2796 2314 omnes
2817 2255 3006 2313 animi
3029 2255 3292 2311 duorum
3313 2250 3661 2326 praeceden-

2006 2350 2155 2406 tium
2175 2349 2345 2405 dotes
2374 2348 2798 2418 elucescerent,
2829 2347 3003 2419 cujus
3051 2345 3232 2403 etiam
3288 2357 3476 2399 causa
3533 2355 3658 2397 non

2005 2455 2260 2511 parvam
2290 2438 2496 2496 animo
2517 2437 3031 2510 exspectationem
3060 2435 3441 2506 conceperat.
3466 2434 3660 2498 Quem

2007 2528 2187 2585 simul
2217 2532 2399 2600 atque
2422 2527 2739 2597 naufragio
2766 2531 3145 2598 postremum
3176 2522 3400 2591 amisit,
3443 2522 3663 2576 immo-

2007 2618 2158 2673 dicis
2179 2617 2358 2674 hodie
2389 2616 2700 2673 doloribus
2731 2615 3036 2684 fatiscens,
3064 2618 3360 2684 tanquam
3382 2609 3664 2666 fluctibus

2009 2705 2328 2769 adobruta,
2357 2703 2437 2761 ad
2466 2705 2780 2777 imumque
2811 2703 3093 2760 demersa
3121 2701 3426 2772 est.Hujus
3455 2698 3666 2756 audita

2010 2801 2221 2864 morte,
2250 2794 2367 2850 dici
2393 2809 2519 2850 non
2548 2797 2745 2866 potest
2772 2796 3033 2865 quantos
3057 2791 3119 2846 in
3144 2790 3342 2846 luctus
3389 2787 3666 2844 inciderit

2009 2885 2169 2955 Asia,
2195 2900 2505 2957 quamque
2534 2883 2801 2956 querulis
2829 2881 3106 2938 lamentis
3153 2878 3473 2952 queritanti
3512 2892 3664 2931 mo:-

2015 2975 2159 3035 stior
2188 2977 2427 3047 Europa
2441 2972 2842 3046 responderit,
2870 2969 3051 3027 simul
3067 2974 3247 3042 atque
3267 2967 3342 3024 de
3359 2980 3654 3022 commun

248 3065 349 3118 tus
382 3063 495 3124 est,
531 3058 692 3116 hisce
719 3061 990 3117 moribus
1019 3059 1220 3115 incola
1257 3074 1505 3132 prorsus
1553 3058 1896 3128 indignum.
1932 3091 1972 3148 Ο
2013 3065 2288 3122 omnium
2317 3063 2546 3120 damno
2577 3063 2791 3119 certior
2819 3061 2980 3118 facta.
3007 3064 3116 3118 est.
3149 3057 3321 3125 Quod
3351 3057 3400 3112 si
3427 3055 3666 3129 utrique

315 3152 460 3216 Quae
479 3147 970 3223 quidemjomnia,
981 3154 1274 3221 tanquam
1291 3147 1407 3221 pias
1421 3147 1675 3205 civitatis
1687 3147 1904 3204 funda-

229 3243 464 3306 menta,
493 3243 820 3312 praesentes
843 3237 926 3295 illi
954 3237 1048 3295 vel
1069 3237 1198 3296 solo
1211 3242 1363 3294 nutu
1376 3237 1814 3310 adimplebant,
1837 3240 1905 3294 ut

229 3345 501 3404 quorum
533 3328 754 3385 animis
782 3327 1130 3401 reipublicae
1166 3327 1322 3384 bene
1351 3326 1686 3383 constitutae
1708 3325 1904 3382 forma

235 3419 424 3476 altius
439 3419 737 3492 impressa
756 3421 931 3491 esset,
958 3433 1030 3474 ac
1053 3416 1102 3472 si
1123 3417 1395 3488 ejusdem
1409 3416 1572 3488 leges
1593 3415 1900 3483 animatas,

233 3507 676 3582 quoddamque
713 3506 878 3564 velut
931 3506 1268 3580 superstitis
1325 3504 1904 3578 Contantinopoleos

231 3596 768 3672 propugnaculum
798 3599 1432 3668 essent.Posteaquam
1453 3611 1593 3651 vero
1615 3610 1728 3667 par
1755 3593 1903 3650 illud

236 3687 493 3767 fratrum
518 3686 928 3744 sanctimonia:
941 3686 1107 3743 fama
1132 3685 1480 3754 celebrium,
1504 3684 1584 3741 ad
1601 3684 1904 3740 caelestem

239 3775 412 3832 illam
439 3778 717 3850 rempub.
761 3776 973 3850 paucis
1005 3781 1142 3832 ante
1186 3775 1402 3832 diebus
1454 3779 1770 3832 evocatum
1793 3779 1902 3844 est,

243 3881 363 3921 nec
385 3865 466 3922 ita
490 3865 680 3923 multo
704 3870 844 3939 post
884 3865 1068 3923 frater
1094 3865 1190 3922 ille
1242 3880 1439 3936 meus,
1489 3863 1596 3937 qui
1643 3863 1906 3920 duorum

236 3953 398 4025 jugo
419 3956 618 4012 tertius
637 3953 1340 4027 accesserat,eodemque
1360 3969 1484 4027 quo
1506 3952 1589 4008 illi
1603 3951 1906 4008 senatorio

241 4059 497 4100 munere
523 4043 912 4116 fungebatur,
938 4058 1062 4100 una
1089 4058 1334 4116 quoque
1362 4057 1504 4098 cum
1539 4041 1653 4098 illis
1674 4057 1908 4098 assum-

242 4138 410 4208 ptus,
439 4134 766 4206 {sternique
792 4137 1036 4190 senatus
1057 4131 1196 4188 albo
1217 4131 1557 4203 adscriptus
1605 4135 1714 4199 est;
1765 4135 1908 4186 tunc

238 4238 382 4280 vero
437 4222 633 4280 nostri
689 4222 771 4277 illi
841 4220 1428 4293 Megalopolitani(7),
1486 4220 1592 4293 qui
1649 4219 1906 4276 Nicaaam

238 4312 816 4383 commigraverant,
842 4309 976 4366 illos
1030 4326 1067 4366 a
1113 4325 1176 4366 se
1223 4309 1519 4366 abductos
1567 4313 1905 4375 senserunt,

2011 3153 2342 3212 continenti
2359 3151 2526 3210 velut
2543 3150 2883 3208 universale
2911 3149 3105 3206 fatum
3143 3151 3375 3204 tantam
3428 3143 3665 3200 cladem

2012 3244 2356 3315 intulit(sive
2385 3243 2749 3316 probitatem
2780 3245 3036 3312 utraque
3066 3242 3234 3294 tuam
3256 3241 3394 3294 ante
3424 3237 3670 3308 experta

2013 3334 2228 3403 fuerat,
2250 3334 2376 3390 sive
2401 3348 2604 3389 rerum
2625 3336 2733 3388 ate
2762 3329 3049 3403 praeclare
3071 3332 3376 3398 gestarum
3396 3324 3564 3381 fama
3589 3323 3671 3380 ad

2013 3423 2367 3482 earumdem
2393 3437 2570 3480 aures
2594 3421 2988 3494 pervenerat),
3013 3422 3079 3475 ut
3097 3422 3222 3475 tam
3239 3431 3396 3488 aegre
3411 3419 3670 3472 mortem

2014 3520 2205 3582 tuam,
2237 3529 2275 3570 o
2327 3511 2687 3569 charissima
2727 3509 2875 3566 mihi
2897 3506 3402 3577 sanctissimaque
3440 3503 3668 3570 anima,

2015 3603 2275 3670 tulerint,
2308 3617 2490 3673 quem
2520 3616 2657 3669 nos,
2687 3614 2918 3672 quaeso,
2950 3595 3268 3667 gemitibus
3299 3598 3355 3649 et
3407 3591 3667 3665 querelis

2015 3692 2269 3750 modum
2297 3693 2608 3764 imponere
2633 3687 2958 3744 debemus?
2987 3685 3090 3758 qui
3111 3685 3160 3740 si
3181 3683 3668 3755 cujusmodicun-

2016 3799 2135 3856 que
2183 3782 2447 3848 habitus,
2480 3785 2584 3838 aut
2629 3777 3026 3849 cognationis,
3059 3780 3124 3832 ut
3148 3775 3281 3845 jam
3310 3774 3456 3839 dixi,
3513 3773 3667 3830 ratio

2015 3873 2314 3929 habeatur
2343 3870 2600 3943 (generis
2648 3868 2812 3925 enim
2861 3866 3030 3937 origo
3077 3864 3294 3920 eadem
3351 3862 3530 3919 nobis
3559 3866 3669 3932 est)

2017 3957 2350 4018 innumeris
2375 3958 2734 4016 aﬂlictamur
2755 3955 2984 4013 modis?
2994 3969 3129 4020 nos,
3147 3953 3419 4025 inquam,
3439 3950 3666 4024 quibus

2017 4056 2131 4107 ate
2160 4049 2499 4107 ofﬁciorum
2520 4047 2894 4104 inﬁnitorum
2923 4041 3204 4100 cumulus
3235 4039 3508 4109 accessit,
3531 4041 3669 4113 qui-

2016 4142 2134 4198 bus
2148 4147 2263 4198 tuae
2279 4141 2507 4198 virtutis
2520 4136 2833 4210 ergonulla
2844 4151 2968 4194 non
2979 4134 3461 4207 honoriSSpecics
3474 4147 3671 4190 accre-

2017 4233 2122 4301 vit,
2150 4231 2255 4304 qui
2280 4246 2401 4287 non
2429 4230 2710 4301 exiguam
2735 4246 2807 4287 ex
2827 4231 3008 4288 rebus
3036 4235 3147 4288 ate
3176 4226 3464 4302 praeclare
3484 4221 3668 4295 gestis

2014 4324 2259 4380 laudem
2290 4327 2494 4379 nostro
2523 4322 2699 4395 quasi
2724 4323 2858 4393 jure
2886 4322 3064 4379 nobis
3094 4319 3509 4379 vendicamus,
3529 4327 3670 4368 cum

239 4407 385 4459 tunc
410 4417 538 4458 uno
560 4401 836 4458 omnium
856 4416 1158 4458 consensu
1188 4399 1386 4455 nudos
1408 4415 1490 4470 se,
1514 4398 1898 4472 pristinaeque

2015 4429 2178 4470 nunc
2207 4413 2454 4470 tandem
2485 4413 2613 4468 sine
2639 4411 2764 4468 ulla
2795 4428 2967 4469 mora
2998 4415 3054 4468 et
3083 4407 3400 4468 confestim
3442 4421 3556 4461 nos
3587 4400 3671 4458 tui

244 4491 454 4562 gloriae
463 4491 842 4549 ornamentis
862 4491 1152 4565 spoliatos
1171 4492 1570 4561 agnoverunt:
1591 4492 1731 4545 tunc
1743 4488 1905 4545 deni-

246 4596 368 4653 que
396 4598 458 4638 se
486 4581 637 4638 nihil
662 4580 829 4638 aliud
848 4596 1037 4654 quam
1062 4579 1318 4636 miseros
1365 4577 1604 4636 exsules
1633 4583 1690 4635 et
1714 4581 1905 4634 extor-

247 4685 372 4737 res,
398 4674 575 4743 atque
604 4670 855 4728 omnino
876 4670 1112 4727 civitate
1134 4669 1340 4742 pulsos
1369 4669 1631 4739 ingenue
1645 4667 1906 4740 professi

250 4761 415 4813 sunt.
449 4760 855 4825 Quamobrem
886 4759 949 4815 in
971 4757 1168 4816 luctus
1217 4758 1399 4814 etiam
1429 4773 1601 4830 aeque
1652 4757 1903 4813 acerbos

249 4847 606 4916 inciderunt,
629 4859 812 4922 atque
829 4849 878 4905 si
907 4849 1040 4922 ipso
1070 4849 1131 4905 in
1163 4847 1450 4921 temporis
1489 4847 1741 4904 articulo
1767 4848 1906 4904 civi-

251 4943 347 4994 tas
377 4937 477 4994 illa
504 4941 810 5011 repentino
834 4939 1099 4995 hostium
1131 4938 1377 4994 incursu
1392 4937 1547 4993 victa
1577 4953 1906 5009 eversaque

249 5027 892 5085 corruisset.Eninvero
907 5043 1048 5084 cum
1065 5025 1551 5100 prastississimis
1567 5025 1908 5098 quibusque

243 5117 433 5175 rebus
462 5118 721 5192 spoliata
745 5122 1070 5188 esset,cum
1100 5133 1212 5174 sua
1239 5117 1342 5174 illa
1361 5115 1656 5173 ditissima
1695 5118 1909 5175 aeraria

237 5209 510 5266 hostium
522 5209 848 5282 direptioni
863 5209 1136 5282 exposita
1159 5207 1909 5280 vidisset,quantum,proh

233 5299 431 5372 dolor,
458 5299 816 5358 Christiana:
836 5297 1072 5372 reipub,
1103 5297 1416 5356 vinculum
1442 5297 1771 5354 dissectum
1798 5299 1904 5355 est!

316 5447 332 5480 ¹
364 5444 575 5502 Ezech.
604 5459 832 5511 xxxvn,
867 5447 922 5500 tl

318 5572 396 5644 (6)
448 5573 686 5634 Alludit
733 5571 817 5632 ad
847 5570 1444 5630 Lacedaemoniorum
1471 5572 1751 5646 rempub.
1777 5588 1910 5645 quae

244 5663 405 5734 viris,
432 5679 557 5726 non
586 5663 906 5724 moenibus
933 5662 1304 5724 inniteretur.

2015 4503 2337 4577 splendore
2346 4501 2611 4558 nominis
2624 4501 2894 4574 privatos
2911 4501 3226 4558 videamus
3239 4498 3503 4568 (gentem
3519 4492 3670 4550 alias

2015 4591 2410 4665 multiplicem
2460 4595 2517 4646 et
2563 4590 2971 4663 proletariam,
3021 4603 3280 4663 quaeque
3311 4601 3419 4658 per
3455 4597 3669 4640 omnes

2015 4683 2167 4740 Asiae
2195 4686 2375 4754 atque
2407 4684 2651 4754 Europa:
2680 4681 2954 4753 regiones
2985 4680 3163 4752 longe
3183 4678 3417 4750 lateque
3451 4672 3674 4731 diffun-

2015 4773 2194 4837 ditur,
2228 4776 2286 4828 et
2314 4771 2398 4827 tui
2421 4771 2686 4827 nominis
2711 4771 2981 4843 auspicio
3011 4768 3377 4836 nobilitatur)
3403 4781 3559 4839 quos
3589 4769 3672 4820 ta-

2015 4879 2157 4919 men
2179 4863 2294 4918 hoc
2312 4867 2580 4933 tempore
2600 4861 2884 4933 separari,
2909 4866 3014 4917 aut
3036 4858 3201 4915 domi
3223 4872 3520 4930 quemque
3544 4869 3670 4909 suae

2017 4967 2293 5010 seorsum
2323 4951 2526 5020 lugere
2555 4951 2798 5006 minime
2827 4949 3098 5017 decebat,
3133 4947 3240 5003 sed
3260 4947 3321 5002 in
3348 4961 3538 5000 unum
3559 4959 3669 5015 po-

2017 5044 2134 5100 tius
2157 5041 2360 5098 locum
2390 5046 2696 5108 coeuntes,
2746 5045 2926 5112 atque
2975 5037 3278 5095 tumulum
3338 5039 3510 5090 tuum
3562 5031 3672 5086 cir-

2018 5137 2410 5198 cumstantes,
2435 5147 2528 5186 me
2550 5130 2771 5186 misero
2792 5128 2988 5185 luctus
3007 5125 3356 5198 coryphzeo,
3374 5120 3672 5193 lugubris-

2019 5243 2138 5301 que
2167 5223 2380 5280 nzeniaa
2402 5225 2794 5294 praecentore,
2825 5216 3176 5275 tristissimis
3202 5212 3594 5272 concentibus
3616 5216 3676 5269 et

2018 5314 2300 5375 lamentis
2331 5311 2603 5368 dolorem
2625 5308 2826 5366 testari
2856 5305 3272 5377 conveniebat,
3294 5303 3394 5361 illo
3415 5318 3538 5360 non
3560 5301 3674 5358 mi-

2092 5460 2171 5533 (7)
2205 5453 2899 5527 Constantinopolitanos
2930 5450 3222 5522 intelligit.

2096 5588 2172 5657 (8)
2203 5586 2470 5642 Nicetam
2501 5585 2558 5639 et
2589 5580 2996 5638 Belissariotas
3027 5579 3182 5635 duos
3201 5577 3493 5650 intelligit.
