4134 6388
477 341 577 393 371

1365 337 1737 395 MICHAELIS
1783 337 2157 395 ACOMINATI
2193 339 2629 396 ATHENARUM
2667 337 2992 393 ARCHIEP.

3799 334 3911 390 372

476 461 707 531 horem,
750 475 872 533 quo
918 460 1160 533 Josephi
1205 461 1514 530 exercitus,
1545 477 1685 519 cum
1713 461 1934 519 Jacobo
1969 463 2130 533 justa
2159 465 2206 524 A
2245 463 2525 530 evadant,
2555 463 2686 519 hac
2716 467 2917 519 autem
2965 467 3174 518 contra
3203 464 3364 516 certo
3394 461 3512 515 ictu
3551 457 3778 514 inﬂicta
3830 454 3912 511 sit

476 549 859 624 persolveret,
892 555 1236 607 commotus
1279 551 1463 607 fuisse
1503 551 1704 608 fertur.
1734 551 1884 607 Nam
1916 551 1964 607 si
2014 553 2131 609 hoc

475 645 652 711 pacto
684 640 880 697 luctus
927 645 1164 697 nostros
1194 640 1845 710 instituissemus,'nihil
1885 642 2132 698 omnino

474 729 708 797 fuisset,
737 729 906 803 quod
931 729 1110 786 nobis
1133 729 1249 786 hac
1273 730 1335 787 in
1359 746 1423 787 re
1449 731 1709 788 defuisse
1737 731 1949 788 merito
1974 731 2134 804 quis-

475 835 665 892 quam
697 819 960 890 objieere
991 820 1307 892 potuisset.

546 911 622 965 At
650 926 794 966 vero
823 926 965 966 cum
1003 926 1168 966 nunc
1208 910 1305 967 alii
1349 910 1428 967 ab
1459 910 1590 967 aliis
1622 911 1873 982 sejuncti
1923 911 2131 978 simus,

478 999 613 1070 conj
623 1015 701 1054 ux
717 999 963 1071 quidem
978 999 1164 1070 digna
1180 1015 1316 1072 qua
1337 1004 1534 1056 tecum
1552 999 1732 1070 vulgo
1752 1000 2134 1058 decantatam

479 1087 734 1144 cornicis
761 1087 949 1144 vitam
980 1088 1352 1158 transigeret,
1387 1088 1593 1161 aliquo
1630 1088 1693 1144 in
1723 1088 1969 1160 angulo,
2012 1105 2134 1145 me-

479 1176 704 1250 diaque
735 1177 907 1233 humi
938 1178 1464 1250 procumbentium
1502 1178 1762 1235 ﬁliorum
1809 1179 2048 1246 scilicet,
2081 1183 2137 1235 et

479 1266 781 1338 puberum
795 1271 851 1322 et
863 1267 1271 1338 impuberum,
1287 1283 1532 1335 corona,
1548 1266 1724 1340 pullis
1741 1267 1953 1324 induta
1963 1268 2137 1325 vesti-

477 1355 597 1412 bus
645 1355 888 1424 sedens,
931 1360 990 1412 et
1038 1357 1300 1429 seipsam
1339 1358 1580 1423 marito,
1612 1361 1668 1415 et
1699 1357 1855 1414 filios
1888 1361 2137 1430 parente

479 1443 746 1514 orbatos,
778 1444 1004 1516 ejulatu
1042 1446 1370 1503 miserabili
1392 1447 1774 1504 lamentatur.
1807 1449 1888 1502 Ex
1933 1447 2138 1503 liberis

478 1537 682 1590 autem
711 1538 878 1591 atate
907 1536 1387 1608 provectioribus
1418 1536 1568 1593 alter
1597 1535 1747 1604 aliis,
1776 1535 1982 1593 nescio
2006 1537 2136 1609 qui-

476 1621 594 1679 bus
623 1636 830 1680 errans
859 1623 922 1679 in
975 1623 1125 1681 locis
1156 1625 1372 1682 tacitus
1419 1625 1586 1696 apud
1633 1641 1695 1681 se
1723 1625 1889 1695 luget
1915 1641 2134 1697 queru-

477 1713 724 1786 Iamque
755 1713 1132 1770 monauliam
1156 1715 1562 1787 prosequitur.
1596 1715 1918 1788 Propinqui
1965 1715 2133 1771 deni-

475 1817 595 1875 que
608 1801 707 1858 alii
727 1803 1284 1875 consanguineique
1303 1807 1602 1876 quotquot
1621 1803 1821 1860 Asiam
1845 1803 2131 1871 incolunt,

473 1889 749 1962 lugubris
773 1891 958 1963 hujus
987 1893 1294 1964 tragadia
1328 1897 1520 1960 actus,
1545 1893 1624 1950 ad
1647 1909 1750 1951 eos
1769 1894 1874 1967 qui
1901 1893 1961 1950 in
1985 1897 2134 1952 Gra-

475 1980 572 2037 cia
598 1980 897 2050 habitant,
929 1982 1414 2039 transmiserunt.

546 2073 670 2143 Ego
681 2087 863 2144 porro
873 2071 1052 2143 longe
1076 2072 1528 2130 infelicissimus
1543 2078 1600 2131 et
1621 2073 1997 2130 miserrimus
2013 2075 2130 2133 l‘ra-

472 2161 849 2219 terhesterno
872 2162 1122 2235 quidem
1144 2163 1612 2238 die,nudiusque
1630 2165 1836 2222 tertius
1859 2166 2131 2238 amplam

473 2251 718 2308 aliunde
746 2251 944 2308 luctus
976 2253 1291 2310 materiam
1310 2258 1545 2322 nactus,
1573 2271 1714 2311 cum
1745 2270 1816 2310 ex
1853 2255 2129 2328 publicis,

471 2344 602 2398 tum
630 2341 882 2414 privatis
914 2343 1065 2399 meis
1088 2344 1281 2416 ipsius
1307 2345 1848 2411 incommodist9):
1882 2362 1953 2402 eo
1984 2362 2132 2418 pra-

471 2430 680 2488 sertim
707 2431 975 2497 nomine,
1008 2432 1178 2505 quod
1202 2433 1731 2506 opulentissimum
1750 2435 1925 2505 juxta
1953 2441 2010 2491 et
2039 2451 2132 2490 ce-

468 2518 857 2578 leberrimum
887 2521 1179 2594 templum
1205 2522 1560 2579 Atheniense
1609 2521 1799 2595 (illud,
1854 2527 2130 2596 inquam,

470 2615 678 2668 sancte
698 2610 964 2681 domine,
974 2611 1373 2682 'augustissim
1383 2629 1485 2668 um
1509 2612 1822 2685 templum.
1847 2614 2014 2687 quod
2031 2614 2134 2671 Dei

471 2700 744 2758 Genitrici
785 2705 1202 2757 consecratum
1233 2705 1344 2770 est,
1378 2702 1598 2775 talique
1629 2701 1883 2774 praside
1905 2703 1967 2758 in
1997 2719 2134 2775 per-

469 2794 721 2863 petuum
782 2791 935 2862 eget)
978 2789 1128 2846 mihi
1174 2792 1597 2857 commissum,
1641 2794 1935 2866 cujusque
1979 2794 2134 2851 adeo

469 2878 766 2952 spirituali
786 2879 956 2936 altari
977 2893 1330 2953 praessem,
1351 2881 1458 2937 ubi
1478 2897 1668 2954 quam
1682 2882 1946 2940 maxime
1968 2889 2134 2956 pote-

469 2985 602 3027 ram
623 2984 797 3026 sacro
813 2968 1146 3026 ministerio
1169 2969 1516 3026 exhibendo
1546 2971 1833 3028 assiduus
1863 2972 2134 3043 invigila-

2243 553 2551 624 animique
2572 566 2845 626 recessus
2876 551 3116 606 intimos
3147 553 3441 622 penetret:
3474 547 3560 603 vel
3593 544 3720 602 ﬁeri
3766 543 3906 616 qui-

2241 643 2382 698 dem
2413 646 2628 714 potest,
2674 646 2739 698 ut
2777 641 3174 698 tentationum
3221 640 3426 696 fumus
3483 634 3909 706 indignatione

2242 731 2511 788 Numinis
2541 730 2893 796 ascenderit,
2924 730 3030 802 qui
3057 729 3326 786 futurum
3348 726 3698 786 incendium
3748 739 3907 796 pra-

2242 821 2560 888 nuntiaret,
2593 825 2651 877 et
2671 820 2913 877 crebras
2937 837 3011 876 ex
3057 819 3249 876 oculis
3291 819 3597 890 lacrymas
3635 814 3902 872 eliceret.

2242 914 2380 983 post
2406 925 2589 982 quem
2619 909 3012 966 afﬂictionum
3039 908 3196 979 ignis
3220 907 3654 966 exardesceret.
3696 906 3904 972 Longe

2242 1017 2386 1057 vero
2415 999 2730 1056 calidiores
2760 1005 2818 1056 et
2843 999 3247 1056 diuturniores
3277 1012 3427 1063 esse,
3451 1011 3606 1070 quas
3630 994 3760 1066 jam
3789 991 3903 1050 luo

2243 1105 2475 1162 panas,
2505 1089 2633 1145 dies
2652 1089 2982 1145 hodiernus
3004 1087 3282 1152 ostendit,
3315 1101 3438 1159 quo
3482 1083 3730 1158 quidem
3770 1097 3904 1138 car-

2243 1179 2436 1236 bones
2467 1185 2837 1250 exarserunt,
2879 1179 2983 1251 qui
3031 1178 3179 1234 mihi
3235 1191 3552 1248 nunquam
3605 1171 3901 1242 restingui

2245 1275 2348 1327 aut
2374 1287 2409 1326 a
2452 1269 2648 1326 cordis
2692 1269 2810 1324 mei
2860 1268 3158 1338 sanguine
3211 1265 3600 1340 depascendo
3630 1261 3903 1318 cohiberi

2245 1375 2430 1432 posse
2458 1358 2757 1414 videntur.
2783 1360 2860 1413 Ex
2889 1373 3013 1430 quo
3043 1357 3262 1421 evenit,
3289 1355 3476 1412 utilia
3491 1369 3587 1410 me
3608 1352 3901 1423 lacryma

2244 1448 2633 1518 destituerint,
2665 1447 2787 1504 sive
2835 1446 3002 1519 quod
3053 1446 3320 1519 pristinis
3371 1444 3521 1501 meis
3580 1439 3752 1498 malis
3800 1455 3904 1496 ex-

2244 1539 2464 1596 hausta
2492 1539 2564 1594 sit
2587 1553 2748 1610 aqua
2779 1536 2899 1604 illa,
2917 1553 3055 1610 qua
3074 1551 3211 1592 meo
3240 1535 3316 1592 de
3332 1535 3525 1606 capite
3546 1529 3902 1598 distillabat,

2245 1629 2369 1684 sive
2398 1625 2567 1700 quod
2585 1629 2815 1696 majore
2843 1640 3008 1680 nunc
3029 1625 3145 1680 sim
3161 1629 3325 1680 metu
3351 1620 3688 1695 perculsus,
3711 1621 3904 1689 atqu'e

2245 1719 2398 1775 adeo
2425 1733 2527 1773 cor
2556 1731 2762 1772 meum
2775 1714 2934 1771 mille
2956 1719 3133 1772 antea
3153 1713 3353 1770 modis
3372 1711 3743 1774 aﬂlictatum,
3768 1713 3904 1764 tan-

2244 1807 2384 1864 dem
2405 1807 2557 1863 sicut
2576 1805 2781 1861 fenum
2813 1805 3104 1866 aruit,nec
3135 1804 3196 1860 in
3227 1806 3535 1875 posterum
3565 1805 3770 1856 tantus
3790 1802 3905 1855 aut

2241 1897 2651 1970 lacrymarum
2673 1895 2857 1962 rivus,
2886 1899 2987 1951 aut
3012 1892 3361 1963 lugubrium
3390 1904 3739 1948 sermonum
3759 1885 3904 1943 fons

2241 2003 2316 2044 ex
2361 1985 2462 2042 illo
2511 1984 2800 2041 scaturire
2853 1984 3060 2056 possit,
3105 1985 3404 2056 quantum
3430 1975 3906 2052 perturbationis

2240 2077 2432 2149 ipsius
2477 2073 2831 2144 magnitudo
2859 2073 3128 2146 requirit,
3182 2077 3248 2128 ut
3295 2086 3418 2144 quo
3447 2069 3672 2126 doloris
3715 2066 3897 2135 illius,

2241 2183 2424 2240 quem
2459 2164 2663 2220 animo
2685 2163 2934 2235 concepi
2961 2161 3369 2231 meo,tandem
3390 2160 3578 2231 ejecto
3605 2156 3902 2230 pondere,

2242 2256 2428 2313 levior
2457 2260 2514 2311 et
2534 2252 2866 2326 expeditior
2888 2252 3168 2308 evadam.
3189 2252 3382 2317 Quare
3397 2249 3529 2320 jam
3549 2247 3698 2304 mihi
3721 2245 3902 2302 siccis

2241 2345 2451 2411 oculis,
2485 2343 2785 2415 mutisque
2813 2341 3174 2408 singultibus
3203 2337 3613 2403 intolerabilis,
3641 2336 3738 2392 hic
3757 2335 3903 2394 alio-

2241 2436 2346 2510 qui
2377 2434 2658 2492 dolorum
2688 2433 2842 2488 fetus
2891 2431 3237 2488 necessario
3285 2429 3633 2486 tolerandus
3665 2431 3774 2495 est,
3807 2426 3911 2483 cui

2242 2527 2425 2582 etiam
2450 2523 2832 2580 breviusculo
2853 2521 3216 2578 miserabilis
3245 2521 3429 2591 hujus
3463 2518 3616 2584 vita,
3661 2517 3711 2574 si
3735 2515 3913 2590 quod

2245 2631 2560 2688 superesse
2592 2615 2650 2668 vi
2680 2616 2847 2681 ietur,
2872 2627 3124 2668 excurso
3151 2612 3370 2683 spatio,
3400 2606 3788 2674 commoriar,
3820 2611 3913 2662 at~

2242 2721 2361 2778 que
2404 2705 2607 2761 nescio
2637 2719 2825 2776 quam
2877 2702 3407 2758 subterraneorum
3452 2697 3907 2763 barathrorum,

2243 2795 2746 2866 marinorumque
2778 2793 3024 2849 sinuum
3068 2791 3130 2846 in
3171 2795 3408 2864 partem
3445 2788 3765 2862 projectus,
3807 2784 3906 2856 ja-

2243 2884 2434 2942 cebo:
2499 2888 2681 2956 atque
2733 2883 2818 2939 ita
2846 2881 3035 2947 fratri,
3065 2881 3267 2937 senior
3286 2878 3530 2952 juniori,
3557 2873 3910 2948 decrepitus

2241 2975 2520 3049 perfecta
2576 2973 2766 3030 atatis
2813 2972 3138 3044 crudaque
3191 2968 3510 3027 senectutis
3550 2968 3702 3036 viro,
3755 2980 3909 3024 con-

465 3059 638 3131 bam,
667 3073 764 3115 me
778 3063 1093 3131 prasente,
1124 3058 1279 3130 proh
1299 3058 1491 3115 dolori
1512 3065 1694 3132 atque
1718 3061 1813 3116 his
1841 3061 2034 3118 oculis
2053 3063 2135 3118 vi-
2165 3079 2206 3136 ο
2240 3065 2481 3137 jungar.

470 3151 650 3208 dente
679 3165 716 3207 a
743 3149 1022 3220 nefangis
1048 3149 1360 3220 sacrilegis
1389 3150 1720 3223 expilatum
1744 3156 1802 3208 et
1828 3156 2134 3210 vastatum

473 3244 584 3298 est.
616 3243 736 3311 Ego
762 3242 965 3296 antem
995 3237 1101 3310 qui
1129 3242 1266 3294 ante
1286 3241 1408 3294 tres
1437 3254 1738 3297 annorum
1765 3240 2031 3298 decadas
2054 3241 2139 3298 ibi

473 3330 640 3388 velut
667 3329 884 3386 insitus
924 3328 1181 3399 fueram,
1225 3343 1297 3384 ex
1328 3327 1471 3385 aula
1510 3331 1746 3386 Domini
1778 3331 2043 3400 avulsus,
2077 3327 2140 3389 ut

478 3421 674 3477 siccus
719 3418 974 3492 quidam
1002 3421 1060 3473 et
1090 3432 1344 3489 prorsus
1372 3417 1599 3474 inutilis
1649 3423 1923 3488 truncus,
1971 3422 2144 3478 vehe-

476 3509 774 3567 mentiore
823 3505 1100 3580 procella
1147 3506 1316 3577 ﬂatu,
1367 3522 1530 3564 nunc
1586 3507 1648 3564 in
1696 3508 1899 3567 littora
1957 3511 2142 3568 variis

477 3597 761 3655 ﬂuctibus
781 3596 1103 3664 adobruta,
1135 3595 1230 3652 vel
1254 3596 1648 3668 confragosos
1676 3598 1912 3672 aliquos
1928 3617 2144 3674 scopu-

479 3687 574 3743 los
602 3686 846 3758 ejectus,
879 3699 1044 3741 nunc
1068 3685 1130 3740 in
1155 3684 1510 3756 depressam
1532 3687 1869 3744 convallem
1889 3694 2144 3746 astuan-

483 3776 560 3833 tis
606 3776 792 3832 maris
837 3773 1245 3832 exundatione
1295 3778 1613 3847 protrusus
1654 3777 1897 3835 fuizhis
1924 3780 2145 3837 scilicet

482 3865 651 3925 exsul
697 3865 760 3922 in
809 3865 976 3934 locis,
1015 3864 1144 3921 sine
1174 3863 1356 3936 clero,
1405 3865 1530 3922 sine
1555 3865 1680 3924 ulla
1707 3868 1942 3926 dierum
1970 3871 2143 3926 festo-

479 3974 618 4016 rum
639 3955 999 4022 celebritate,
1023 3954 1152 4010 sine
1173 3953 1431 4025 civitate,
1457 3954 1718 4029 denique
1743 3959 2143 4016 mediastinus

481 4048 732 4104 deserta
780 4043 963 4100 ulula
1001 4043 1062 4099 in
1113 4059 1367 4112 morem,
1397 4043 1677 4115 lugubre,
1734 4048 1938 4105 nescio
1969 4049 2140 4121 quid,

487 4137 654 4209 apud
669 4151 766 4192 me
786 4134 1003 4190 tacitus
1028 4133 1104 4190 de
1128 4133 1376 4206 publica
1396 4139 1452 4192 et
1479 4135 1714 4208 privata
1728 4138 1988 4210 pernicie
2001 4155 2140 4211 que-

484 4227 648 4283 ritor.
681 4228 850 4281 Nunc
881 4227 1104 4292 autem,
1138 4224 1188 4279 si
1223 4223 1422 4282 luctus
1465 4225 1823 4297 hujusmodi
1850 4228 1926 4284 de
1960 4229 2141 4285 rebus

483 4314 734 4373 ulterius
779 4313 927 4370 mihi
965 4313 1413 4386 protrahendus
1471 4331 1599 4372 non
1627 4316 1718 4389 sit,
1771 4317 1900 4374 sola
1929 4317 2140 4375 saltem

483 4403 780 4463 memoria
802 4418 1120 4476 nunquam
1147 4403 1399 4462 excidet.

555 4498 629 4550 At
679 4509 824 4550 vero
876 4492 972 4550 ille
1029 4493 1370 4551 charissimi
1415 4495 1627 4569 capitis
1673 4493 1894 4564 obitus,
1925 4498 2031 4570 qui
2057 4502 2142 4556 tot

481 4585 633 4642 meis
647 4584 824 4641 malis
835 4583 894 4640 in
903 4588 1025 4641 star
1039 4583 1293 4641 decima
1311 4585 1724 4656 Egyptiorum
1746 4585 2135 4658 plaga,nimi-

481 4691 619 4733 rum
665 4674 1208 4748 primogenitorum
1241 4673 1689 4745 internecionis,
1724 4677 2138 4747 accessit,om-

481 4781 622 4822 nem
645 4764 723 4821 ad
745 4780 807 4820 se
820 4764 1154 4837 planctum,
1178 4777 1359 4819 omne
1382 4761 1742 4834 lamentum,
1764 4765 1994 4822 nanias
2011 4783 2139 4824 om-

475 4871 608 4920 nes,
636 4870 851 4912 omnes
879 4853 1140 4925 denique
1167 4851 1468 4922 lacrymas
1514 4853 1775 4910 attraxit.
1810 4856 1942 4911 Hac
1973 4857 2136 4914 enim

473 4945 570 5002 ille
587 4944 692 5018 qui
711 4961 835 5001 sua
851 4939 1253 5014 indignationi
1269 4939 1457 4998 vitam
1473 4947 1794 5014 praparat,
1813 4946 1990 5016 quasi
2009 4963 2134 5005 ma.

474 5034 691 5092 nifesta
709 5033 996 5107 quadam
1019 5032 1459 5088 tormentorum
1476 5033 1796 5103 gymnasia
1819 5034 1969 5092 mihi
1990 5053 2136 5109 pra-

469 5124 737 5181 tendisse
765 5121 1022 5186 videtur,
1051 5120 1168 5176 hoc
1196 5121 1399 5177 autem
1433 5125 1738 5180 certamen
1767 5123 2015 5198 iusuper
2038 5143 2135 5185 ac-

469 5213 836 5276 cumulasse,
867 5209 1207 5267 maximum
1233 5209 1483 5282 quidem
1513 5211 1658 5269 illud
1691 5218 1748 5270 et
1795 5231 2128 5286 summum,

467 5317 579 5358 nec
599 5301 847 5358 omnino
875 5298 1122 5372 periculi
1142 5313 1376 5371 expers.
1407 5302 1482 5356 Ex
1509 5317 1632 5374 quo
1660 5303 1747 5368 fit,
1771 5309 1836 5362 ut
1865 5305 2129 5379 pristina

464 5389 579 5446 illa
610 5389 807 5462 plaga
837 5388 1020 5458 leves,
1075 5387 1522 5463 tuberculisque
1569 5409 1876 5452 summam
1928 5401 2128 5454 cutem

463 5479 871 5536 delibantibus
893 5477 1140 5544 similes,
1166 5482 1345 5552 atque
1364 5479 1516 5537 adeo
1538 5482 1708 5540 facile
1734 5485 2126 5544 medicabiles

533 5570 612 5640 (9)
688 5569 787 5626 Hic
855 5567 1092 5624 videtur
1158 5570 1414 5628 alterum
1469 5573 1702 5644 periodi
1775 5576 2121 5634 membrum

459 5659 696 5734 deesse,
728 5658 1012 5732 quamvis
1040 5657 1101 5715 in
1131 5660 1462 5733 exemplari
1483 5662 1649 5722 nulla
1675 5662 1898 5724 lacuna
1929 5666 2023 5724 sit.

2320 3157 2364 3211 Ο
2403 3153 2610 3210 divina
2647 3151 3045 3225 providentia,
3086 3166 3276 3224 quam
3313 3147 3536 3207 nullius
3581 3145 3907 3205 hominum

2247 3242 2544 3300 industria
2560 3243 2694 3314 conj
2703 3249 2980 3299 ecturave
2996 3240 3120 3297 ulla
3135 3241 3375 3314 assequi
3390 3242 3608 3312 potest,
3626 3253 3762 3311 qua
3773 3251 3906 3292 mo-

2250 3332 2344 3388 dis
2360 3332 2419 3387 in
2426 3331 2788 3388 enarrabilib
2795 3347 2864 3386 us
2881 3347 2976 3387 res
2992 3329 3231 3386 divinas
3243 3335 3300 3387 et
3313 3329 3617 3386 humanas
3628 3325 3908 3383 modera-

2251 3421 2353 3488 ris,
2385 3435 2522 3493 qua
2563 3436 2757 3489 mens,
2790 3436 3021 3493 quaso,
3053 3419 3219 3478 fatali
3245 3417 3617 3490 judiciorum
3665 3422 3915 3472 tuorum

2254 3510 2482 3584 abysso
2516 3526 2580 3567 se
2601 3510 2842 3567 credere
2868 3511 2929 3566 in
2955 3525 3147 3582 eaque
3171 3512 3382 3566 natare
3409 3505 3661 3564 audeat!
3693 3520 3913 3576 quam-

2253 3600 2399 3656 libet
2439 3599 2540 3656 illa
2568 3599 2972 3672 philosophia
3011 3597 3432 3656 addictissima
3459 3595 3672 3664 studio,
3704 3593 3910 3649 nodos

2253 3691 2602 3762 dissolvere,
2628 3690 3055 3763 implicataque
3076 3689 3375 3762 explicare
3394 3686 3630 3760 possit?
3658 3683 3918 3740 Differor

2254 3781 2536 3854 equidem
2559 3781 2783 3844 dolore,
2811 3780 2916 3853 qui
2941 3796 3039 3837 me
3055 3779 3139 3837 ita
3159 3777 3525 3844 exstimulat,
3544 3780 3610 3832 ut
3630 3773 3744 3830 tale
3763 3773 3922 3846 quid

2253 3870 2478 3944 profari
2504 3887 2710 3942 cogar,
2741 3887 2814 3928 ex
2871 3885 2996 3942 quo
3042 3869 3376 3943 periculum
3407 3872 3517 3937 est,
3555 3880 3633 3922 ne
3675 3864 3920 3920 temeri-

2252 3962 2388 4019 tatis
2430 3961 2577 4018 mihi
2614 3965 2762 4019 nota
2802 3963 3094 4019 inuratur.
3156 3959 3268 4026 Qui
3303 3958 3388 4029 ﬁt,
3422 3961 3488 4014 ut
3531 3970 3724 4012 canus
3771 3969 3911 4024 ego,

2251 4050 2476 4107 telluris
2515 4051 2720 4107 inutile
2750 4051 2994 4124 pondus
3021 4049 3158 4121 (10),
3190 4048 3297 4121 qui
3331 4045 3502 4119 gravi
3550 4045 3721 4101 senio
3768 4059 3913 4116 pre-

2250 4157 2402 4208 mor,
2437 4141 2708 4214 nihilque
2729 4158 2885 4212 sum,
2917 4139 3088 4214 quod
3113 4139 3298 4208 aiunt,
3337 4152 3526 4210 quam
3573 4134 3816 4202 vulnus,
3849 4134 3912 4190 in

2250 4230 2417 4303 quod
2434 4232 2640 4288 omnia
2651 4235 2881 4287 natura
2894 4230 3015 4286 fata
3027 4228 3464 4292 confluxerunt,
3485 4224 3704 4280 diutius
3718 4222 3909 4295 capti-

2248 4336 2360 4375 vus
2382 4320 2497 4377 hoc
2525 4321 2586 4376 in
2611 4325 2848 4378 terreno
2867 4334 3104 4377 carcere
3135 4316 3427 4389 supersim
3441 4316 3470 4371 i’
3490 4311 3908 4387 spectaculum

2170 4408 2215 4463 D
2250 4413 2406 4467 certe
2430 4425 2542 4466 nec
2573 4412 2716 4468 satis
2744 4426 2946 4468 rerum
2980 4405 3353 4466 universitati
3378 4403 3756 4470 conveniens,
3786 4417 3908 4457 nec

2245 4501 2374 4571 jam
2421 4500 2537 4556 tale
2570 4500 2737 4574 quod
2771 4499 2974 4572 jubari
3014 4497 3156 4556 solis
3194 4495 3620 4570 exponendum
3663 4492 3753 4548 sit.
3799 4489 3909 4548 Ille

2247 4606 2388 4648 vero
2424 4591 2530 4663 qui
2568 4590 2844 4647 nondum
2872 4589 3093 4663 pedem
3117 4586 3310 4645 limini
3337 4583 3657 4642 senectutis
3693 4581 3912 4639 intule-

2246 4685 2358 4747 rat,
2389 4680 2569 4751 longe
2613 4680 2852 4750 dignior
2891 4680 2997 4753 qui
3037 4679 3162 4736 vita
3188 4673 3563 4734 diuturniora
3590 4673 3908 4744 frueretur,

2247 4787 2318 4827 eo
2339 4770 2674 4844 praesertim
2696 4769 2963 4839 nomine,
2984 4769 3153 4842 quod
3173 4769 3377 4826 uxoris
3405 4772 3463 4826 et
3484 4764 3748 4824 ﬁliorum
3777 4779 3910 4821 non

2244 4876 2581 4934 paucorum
2639 4865 2926 4929 servator,
2980 4859 3316 4931 majoribus
3367 4861 3490 4918 suis
3529 4873 3640 4915 sua
3686 4856 3909 4912 virtute

2243 4949 2626 5022 praluxerat,
2650 4953 2833 5022 atque
2853 4949 3006 5006 adeo
3026 4948 3217 5007 multa
3233 4950 3295 5006 in
3315 4963 3698 5008 communem
3718 4944 3909 5002 totius

2243 5039 2407 5096 orbis
2434 5039 2744 5096 utilitatem
2773 5038 3126 5109 contulerat,
3157 5043 3451 5114 tanquam
3481 5039 3684 5111 gloria
3702 5034 3910 5108 splen-

2242 5128 2528 5202 dorisque
2556 5129 2676 5185 mei
2706 5144 2949 5199 corona,
2979 5133 3038 5185 et
3061 5128 3165 5203 qui
3196 5131 3276 5187 ad
3304 5130 3462 5188 hanc
3488 5144 3690 5187 meam
3713 5125 3908 5183 vitam

2242 5219 2662 5277 concinnitatis
2689 5218 2918 5292 aliquid
2938 5218 3001 5275 in
3028 5218 3156 5276 dies
3176 5218 3414 5277 afferret
3441 5236 3454 5277 :
3487 5219 3603 5290 ille,
3620 5219 3904 5291 inquam,

2238 5308 2563 5366 immatura
2579 5313 2793 5375 morte,
2820 5309 2986 5381 quod
3008 5323 3105 5365 me
3125 5308 3204 5366 ad
3230 5309 3531 5367 insaniam
3552 5322 3742 5382 prope
3772 5305 3909 5362 adi-

2238 5398 2340 5468 git,
2361 5414 2487 5455 non
2510 5399 2636 5455 sine
2656 5397 2966 5455 communi
2981 5403 3367 5456 externorum
3387 5399 3911 5474 prOpinquorum-

2235 5504 2354 5560 que
2389 5491 2627 5561 jactura
2663 5492 2996 5562 prareptus
3048 5493 3156 5546 est.
3189 5488 3293 5546 lllo
3323 5487 3486 5546 enim
3538 5503 3664 5545 non
3708 5490 3904 5543 exter—

2302 5578 2422 5650 (10)
2463 5578 2686 5636 Alludit
2733 5578 2814 5636 ad
2867 5577 3014 5635 illud
3057 5578 3342 5636 Homeri:
3412 5577 3664 5632 Ἐτώσιον
3723 5576 3908 5648 ἄχθος

2233 5686 2426 5744 αρουρη
2439 5689 2479 5732 ς.
