2067 3192
117 162 170 189 373

712 161 873 191 MONODIA
891 163 926 190 IN
947 161 1108 190 FRATREM
1128 161 1230 191 SUUM.

1779 162 1833 191 3⁵14

117 230 232 251 norum
246 225 368 252 tantum
382 224 508 261 bonum,
521 226 605 262 quod
619 226 657 254 de
665 226 747 262 justo
758 226 820 254 viro
836 225 951 261 sapien-
966 225 990 251 A
1007 223 1071 252 sine
1085 224 1219 252 caedibus
1230 224 1407 258 innumeris,
1419 225 1569 262 totiusque
1578 225 1706 254 civitatis
1716 225 1833 253 excidio

118 269 166 295 tes
181 267 327 300 dictitant.
343 269 396 297 sed
413 272 551 298 nostrum
564 278 687 307 quoque
698 271 864 307 repositum
878 272 950 298 erat.

162 312 216 340 Ubi
227 313 361 347 gentium
369 322 461 349 nunc,
473 323 588 352 quasso,
598 315 722 351 degunt,
730 315 952 352 etquigenuina

122 358 281 393 sanguinis
298 359 480 393 cognatione
490 360 566 394 freti,
586 363 614 389 et
625 361 678 397 qui
689 361 829 389 eamdem
839 359 952 388 conﬁne

124 404 232 438 gentes
251 402 290 431 ad
303 403 387 432 illum
403 405 599 440 accedebant,
622 405 734 442 illoque
750 405 874 441 auspice
885 412 952 440 quas

123 446 166 475 ab
176 447 409 484 imperatoribus
421 450 578 486 petierant,
590 458 626 478 ea
645 450 769 479 celerius
781 451 874 485 gratis
884 457 953 477 con-

123 493 229 526 secuti,
240 493 477 523 tandemhilares
483 495 610 524 domum
617 504 704 525 suam
716 495 950 528 revertebantur,

123 540 154 565 et
177 538 287 572 gratias
307 538 404 567 multo
423 540 577 568 uberiores
599 540 817 569 beneﬁciorum
836 539 951 576 auspici

122 589 217 618 quam
224 582 418 612 collatoribus
424 584 574 619 agebant?
583 585 703 614 Illorum
711 588 790 614 certe
797 585 898 621 plures
904 584 952 612 vel

120 627 209 654 etiam
222 627 295 654 nulli
312 628 371 655 huc
388 637 523 665 unquam
540 631 569 657 in
586 630 719 658 medium
730 631 949 666 processerunt.

156 672 216 699 Huc
232 672 366 700 ehodum
380 682 485 701 omnes
502 675 678 707 concurrite,
699 675 868 711 eodemque
890 681 951 701 me-

121 724 191 744 cum
202 716 283 744 luctu
299 718 417 753 praediti
431 722 541 747 uestrae
558 720 655 754 gentis
675 720 813 748 encomia
829 720 951 755 planeti-

120 760 179 788 bus
187 762 260 788 meis
272 762 484 796 intermiscete,
499 764 609 797 utjusti
624 765 715 800 hujus
731 764 787 792 viri
796 763 949 792 memoria:

117 805 223 832 merita
237 805 366 834 laudum
381 809 530 842 praeconia
543 809 719 844 tribuamus,
732 817 787 837 nec
799 807 871 836 solis
882 816 950 836 eam

116 849 260 885 lacrymis
277 850 467 879 decoremus.
486 855 592 881 Neuter
614 853 693 882 enim
714 853 825 882 modus
840 852 879 881 ab
894 853 949 880 ho-

118 897 206 921 nesto
222 903 274 922 seu
289 895 400 924 decoro
425 897 540 925 alienus
564 901 617 926 est.
636 898 789 935 Siquidem
808 898 880 934 justi
895 898 950 926 viri

120 948 202 966 mors
213 939 363 977 lacrymas
389 946 543 977 provocat,
567 943 715 980 efﬁcitque
735 943 856 971 utillius
871 942 949 971 desi-

118 984 202 1012 derio
220 985 411 1015 laboremus:
427 990 605 1017 memoriam
620 991 720 1018 autem
733 989 875 1017 laudibus
888 997 949 1017 non

117 1030 252 1058 excolere
272 1039 333 1059 non
350 1037 476 1068 possunt
500 1034 529 1063 ii,
551 1035 602 1070 qui
622 1034 661 1062 ab
680 1034 731 1062 illo
750 1042 819 1070 quae
833 1033 950 1061 imiten-

115 1077 174 1107 tur,
189 1075 307 1103 virtutis
320 1078 459 1114 exempla
473 1082 586 1114 petiuit.

158 1119 209 1147 Ubi
223 1129 294 1149 vero
304 1129 387 1150 nunc
398 1124 470 1151 mihi
483 1124 564 1158 virgo
584 1124 634 1152 illa
647 1124 730 1152 vultu
743 1127 803 1153 tam
823 1124 948 1158 liberali,

120 1165 168 1192 cui
182 1165 333 1194 barbarus
348 1167 453 1200 hostis,
471 1177 539 1196 cum
556 1169 686 1204 primum
701 1172 804 1198 nostra
827 1169 952 1204 Megalo-

122 1209 199 1245 polis
209 1214 296 1247 capta
304 1215 358 1247 est,
367 1215 497 1249 utrapta:
505 1215 569 1247 jam
576 1217 713 1250 stuprum
727 1214 863 1243 illaturus
877 1217 949 1249 erat,

124 1255 184 1282 nisi
198 1264 264 1284 acer
278 1257 325 1285 hic
343 1258 509 1286 honestatis
526 1262 553 1286 et
569 1259 719 1295 pudicitiae
734 1262 852 1288 amator
864 1262 897 1288 ut
910 1260 952 1288 vi-

123 1299 178 1334 dit,
204 1303 233 1328 ut
254 1302 391 1331 misertus
406 1304 471 1338 ejus
489 1305 548 1331 est!
570 1304 621 1340 qui
646 1305 708 1333 sine
729 1305 791 1333 ulla
811 1312 897 1333 mora
921 1304 951 1332 in

121 1344 239 1373 hostem
252 1346 376 1383 irruens,
387 1349 503 1376 tametsi
515 1349 749 1377 Pliineeminilla.
761 1348 953 1377 defendenda.

118 1389 230 1418 imitari
253 1399 314 1419 non
330 1393 468 1428 potuerit,
491 1393 656 1429 quamlibet
682 1393 789 1422 eodem
812 1401 874 1430 quo
902 1393 953 1421 illo

122 1434 207 1468 olim,
229 1438 325 1464 noster
345 1437 392 1464 hic
414 1446 538 1474 quoque
563 1438 626 1467 zelo
645 1438 796 1474 ﬂagraret,
820 1437 953 1475 puellam

124 1479 234 1508 saltem
245 1481 300 1508 sibi
309 1482 477 1514 vindicavit,
493 1492 619 1512 uxorem
633 1483 798 1520 legitimam
811 1491 877 1512 esse
892 1483 952 1512 cla-

122 1533 153 1551 m
160 1525 248 1560 itans,
259 1534 349 1562 seque
358 1527 416 1556 ﬁda
428 1530 495 1564 conj
502 1538 557 1561 iure
566 1529 688 1564 privari,
699 1532 788 1566 atque
797 1529 865 1558 ideo
874 1537 955 1557 acer-

120 1569 258 1598 bissimis
265 1571 398 1601 atllictari
407 1562 504 1601 modis
512 1582 530 1609 q
536 1562 674 1603 ueritans.
683 1562 850 1603 Ambarum
855 1574 957 1610 itaque
972 1562 992 1589 ο

118 1616 278 1644 tenacitate
302 1625 450 1646 manuum
476 1620 660 1655 prehensam
685 1619 857 1656 pancratice
887 1627 957 1647 cum

118 1660 207 1688 heste
219 1661 405 1696 colluctatus,
420 1664 507 1699 cujus
518 1664 652 1692 animum
665 1672 768 1693 amore
778 1664 895 1692 ebrium
911 1664 955 1692 fu-

121 1713 173 1733 ror
189 1705 334 1741 efferarat,
349 1708 388 1735 ad
400 1716 430 1735 se
447 1709 577 1741 retraxit,
594 1717 650 1737 nec
665 1709 748 1746 prius
771 1708 955 1745 conquievit;

121 1758 216 1786 quam
231 1759 248 1779 a
258 1752 377 1781 violenti
388 1753 481 1782 hostis
498 1754 641 1782 manibus
652 1754 798 1790 virginem
808 1756 953 1790 ereptam,

118 1795 268 1830 virginem
285 1798 363 1833 patri
379 1799 556 1826 restitueret.
573 1799 687 1828 Praesto
699 1800 735 1828 sit
748 1807 820 1828 vero
831 1806 911 1827 nunc
925 1801 954 1827 et

120 1840 183 1875 illa,
194 1844 228 1869 ut
237 1841 390 1876 lamentis,
403 1844 577 1879 gemituque
586 1847 614 1872 et
623 1843 753 1873 femineo
764 1843 881 1872 ululatu
889 1851 951 1871 sum

123 1885 267 1914 libertatis
276 1887 427 1915 vindicem
437 1889 615 1923 conclamat,
624 1889 880 1926 illum,inquam,a
890 1895 951 1925 quo

122 1934 253 1966 servata,
268 1939 322 1961 nec
341 1941 428 1960 secus
449 1942 466 1962 a
481 1937 583 1969 stupro
596 1934 723 1963 liberata
747 1936 802 1970 est,
815 1936 905 1970 atque
926 1933 951 1961 si

120 1975 274 2010 pudicitiae
293 1978 358 2013 ejus
381 1979 596 2007 conservandze
613 1979 835 2015 integritatique
848 1980 950 2007 custo-

119 2020 241 2049 diendae
254 2022 316 2057 jam
331 2023 403 2051 olim
419 2024 577 2059 prmfectus
592 2024 707 2053 fuisset.

155 2067 177 2093 Ο
186 2066 368 2101 prteclarum
383 2068 500 2096 facinus
514 2069 519 2096 Ι
532 2069 641 2105 cuique
653 2077 689 2098 ex
700 2068 805 2105 priscis
816 2068 873 2097 illis
883 2068 949 2097 nul-

111 2110 181 2138 lum
198 2112 393 2147 respondeat.
416 2114 515 2141 Fertur
531 2113 668 2143 Hercules
679 2114 838 2143 Hesionem
854 2121 949 2150 quon-

113 2155 190 2183 dam
207 2156 394 2192 liberavisse,
410 2167 479 2186 cum
489 2158 597 2187 belluee
611 2159 736 2188 marinas
747 2159 867 2195 objecta.
878 2158 949 2187 fuis-

111 2203 162 2228 set
181 2210 188 2228 :
215 2201 322 2229 itidem
338 2204 366 2230 et
386 2203 510 2230 Perseus
526 2203 762 2232 Andromedam.
787 2206 824 2232 At
847 2203 890 2232 illi
901 2211 945 2232 ar-
961 2195 985 2223 Β

113 2246 201 2279 mati,
226 2246 368 2282 ferroque
383 2248 507 2276 accincti
522 2248 640 2277 belluas
661 2249 795 2285 aggressi
821 2251 900 2285 sunt,
918 2250 947 2277 et

116 2289 252 2324 virgines
258 2291 382 2320 tandem
388 2292 571 2320 matrimonii
579 2292 633 2321 sibi
641 2301 721 2322 nexu
726 2293 793 2329 conj
799 2295 948 2323 unxerunt

117 2334 174 2362 Hic
207 2339 307 2365 autem
327 2336 449 2365 inermis
471 2340 621 2367 armatam
662 2337 794 2368 belluam
824 2339 945 2376 invasit,

118 2387 253 2417 eamque
269 2385 312 2410 tot
334 2383 596 2411 mendaciunculis
611 2384 750 2420 aspersit,
773 2386 816 2413 tot
832 2385 947 2413 astutiis

116 2425 326 2463 circumvenit,
334 2427 495 2464 viralioqui
504 2437 606 2462 verax,
613 2429 798 2465 minimeque
804 2429 946 2459 mendax.

116 2472 155 2498 ut
167 2473 309 2500 intactam
320 2472 453 2509 puellam
467 2474 545 2509 patri
564 2473 687 2503 tandem
696 2474 722 2509 ej
729 2482 762 2502 us
776 2474 946 2503 restituerit.

157 2517 301 2545 Craterum
332 2517 452 2546 Simeon
474 2520 503 2546 et
535 2518 602 2547 Levi
627 2527 761 2548 sororem
775 2519 947 2555 raptoribus

110 2564 319 2594 extorserunt,
340 2564 370 2590 et
399 2563 464 2599 jam
491 2563 635 2593 violatam
660 2566 689 2593 et
707 2566 947 2601 constupratam,

105 2606 206 2644 idque
222 2608 397 2636 certaminis
423 2608 484 2643 vix,
503 2617 537 2637 ac
564 2617 603 2637 ne
613 2609 662 2638 vix
676 2609 799 2646 quidem
815 2610 878 2639 sine
886 2619 948 2639 cre-

104 2654 167 2683 bra
180 2652 214 2682 in
239 2652 408 2689 ancipitem
432 2660 542 2690 gyrum
577 2653 874 2690 circumcursatione,
893 2663 948 2685 nec

150 2744 161 2762 ³
180 2744 294 2781 Ephes.
309 2752 339 2773 γ.
355 2745 390 2773 25
403 2752 410 2778 ;
427 2743 451 2772 II
467 2744 534 2774 Cor.
544 2752 573 2779 ν,
586 2746 633 2779 15,
647 2745 658 2764 ³
669 2746 753 2775 Cant.
765 2754 783 2782 ι,
796 2747 822 2782 4,

1007 272 1195 305 peregerunt.
1221 270 1318 302 Quare
1337 277 1398 298 non
1412 272 1481 299 sunt
1499 270 1541 299 illi
1560 278 1629 298 cum
1651 270 1708 299 hoc
1727 272 1833 298 nostro

1006 313 1189 347 conferendi,
1210 315 1262 350 qui
1275 314 1408 351 puellam
1419 315 1567 350 integram
1582 317 1611 343 et
1627 315 1753 343 illaesam
1769 314 1834 343 sola

1006 362 1124 387 certans
1134 359 1269 388 oratione
1278 359 1342 388 sine
1352 360 1435 388 cmde
1443 364 1595 397 receptam
1605 360 1734 388 reduxit.
1746 359 1833 396 Equi-

1006 403 1076 431 dem
1087 404 1266 440 prseclarum
1273 404 1358 433 illum
1368 405 1489 433 fratrem
1498 413 1600 433 meum
1610 405 1641 433 in
1667 404 1833 433 Abrahami

1006 447 1102 476 ﬁlium
1122 450 1243 485 propter
1256 449 1350 477 ﬁdem
1365 449 1543 486 adoptatum
1555 449 1646 477 fuisse
1659 450 1738 478 certo
1750 448 1811 477 scio
1824 457 1831 475 :

1005 493 1079 528 quin
1094 495 1122 521 et
1141 493 1199 521 hoc
1213 493 1357 522 audacter
1372 502 1408 523 ac
1428 494 1521 522 libere
1540 494 1640 523 dicere
1662 501 1725 522 non
1747 501 1831 522 vere-

1005 537 1070 571 bor,
1104 538 1242 574 patribus
1272 538 1329 566 illis
1358 539 1567 567 Abrahamicis
1590 541 1729 567 nostrum
1752 538 1832 566 hunc

1004 582 1099 610 multo
1124 583 1362 618 praestantiorem
1390 584 1502 612 fuisse:
1537 584 1729 612 Abrahamus
1750 583 1832 611 enim

1005 627 1137 662 primum
1152 628 1235 664 apud
1255 628 1453 663 Pharaonem,
1469 629 1577 657 deinde
1590 629 1673 665 apud
1683 627 1832 656 Abimele-

1004 671 1095 700 chum
1111 673 1215 701 Saram
1240 681 1327 702 suam
1345 681 1410 702 esse
1426 682 1570 708 sororem,
1590 682 1653 702 non
1668 674 1831 709 conjugem

1005 716 1157 752 professus
1172 719 1226 752 est,
1246 721 1278 746 ut
1293 720 1322 746 et
1345 719 1511 748 Rebeccam
1531 721 1662 748 lsaacus.
1681 719 1725 746 Illi
1739 718 1829 746 nimi-

1004 768 1072 788 rum
1095 762 1241 791 terret‘acti
1268 763 1413 799 conjuges
1442 772 1512 792 suas
1527 764 1625 792 dicere
1635 763 1827 798 verebantur,

1005 813 1042 834 ne
1068 809 1189 843 propter
1216 807 1282 836 illas
1308 808 1483 837 interirent:
1510 809 1559 838 hic
1583 816 1654 837 vero
1678 808 1828 843 virginem

1004 851 1135 880 necdum
1149 852 1205 880 sibi
1215 852 1247 881 in
1259 853 1487 882 matrimonium
1497 854 1778 888 collocatam,suam
1786 855 1829 882 ta-

1004 904 1075 924 men
1097 904 1221 925 uxorem
1244 898 1432 931 nominabat,
1457 898 1498 927 ad
1522 907 1554 927 se
1574 898 1757 932 retrahebat,
1772 897 1830 926 sibi

1004 941 1197 971 vindicabat:
1214 943 1282 971 vitas
1301 951 1357 980 pro
1366 943 1418 972 illa
1432 944 1595 973 discrimen
1613 944 1726 977 subire,
1746 943 1771 972 si
1782 951 1830 972 res

1003 980 1128 1024 itat'erat,
1153 988 1395 1026 haudquaquam
1412 989 1592 1020 detrectans.

1041 1033 1128 1065 Quod
1143 1033 1168 1061 si
1183 1035 1354 1063 Susannam
1376 1035 1480 1063 Daniel
1498 1043 1516 1064 a
1535 1035 1735 1064 violentorum
1750 1044 1832 1065 ama-

1005 1079 1104 1106 torum
1119 1080 1148 1106 et
1168 1078 1342 1115 iniquorum
1362 1080 1501 1116 judicum
1522 1080 1622 1109 furore
1647 1081 1784 1117 asseruit,
1801 1083 1833 1110 at

1005 1130 1060 1159 pro
1089 1123 1231 1153 tribunali
1254 1125 1338 1161 prius
1365 1125 1492 1161 sederat,
1520 1126 1644 1155 libidine
1668 1129 1833 1155 excaecatos

1004 1168 1121 1203 judices
1144 1177 1285 1198 seorsum
1295 1170 1473 1203 abduxerat,
1489 1173 1652 1209 utrumque
1667 1172 1833 1208 interroga-

1005 1216 1090 1242 verat
1100 1214 1321 1250 sigillatim,suo
1331 1216 1527 1253 ipsorumque
1540 1217 1655 1253 judicio
1670 1217 1833 1252 convictos,

1006 1261 1036 1287 et
1056 1259 1173 1295 capitis,
1188 1259 1361 1296 damnatos,
1380 1261 1533 1297 lapidibus
1549 1262 1836 1298 cooperirijusserat

1007 1305 1097 1339 atque
1107 1303 1165 1332 hoc
1175 1306 1263 1340 pacto
1273 1305 1417 1341 pudicam
1429 1306 1468 1334 ab
1477 1306 1583 1342 iniqua
1595 1307 1744 1335 sententia
1760 1306 1834 1335 libe-

1007 1355 1135 1381 raverat.
1152 1354 1267 1382 Delicies
1283 1362 1355 1383 vero
1378 1363 1463 1392 meae,
1487 1356 1531 1384 vir
1548 1357 1596 1385 hic
1610 1356 1765 1390 nimirum,
1781 1354 1835 1393 qui

1007 1399 1117 1426 natura
1125 1398 1166 1426 sic
1172 1402 1367 1436 comparatus
1378 1403 1450 1434 erat,
1462 1403 1495 1429 ut
1504 1408 1595 1430 nemo
1606 1403 1746 1430 nostrum
1755 1400 1836 1429 votis

1009 1443 1153 1471 omnibus
1169 1443 1273 1471 similis
1283 1444 1324 1472 illi
1334 1445 1463 1473 evadere
1486 1453 1547 1474 non
1563 1448 1692 1483 expetat,
1714 1453 1777 1474 non
1790 1445 1838 1481 jU<

1010 1487 1127 1521 dicens,
1152 1490 1185 1516 ut
1203 1488 1316 1523 Daniel,
1331 1489 1385 1517 sed
1408 1489 1526 1518 hostem
1550 1490 1688 1519 adulterii
1713 1490 1838 1518 crimine

1011 1541 1169 1561 accersens
1186 1544 1192 1563 :
1214 1541 1277 1562 non
1288 1536 1490 1571 constupratm
1509 1535 1633 1564 fratrem
1660 1535 1788 1571 ﬁngens,
1805 1536 1840 1563 ut

1012 1577 1220 1613 Abrahamus;
1241 1587 1303 1607 non
1317 1579 1347 1607 id
1370 1580 1523 1614 mentitus,
1536 1580 1619 1617 quod
1634 1580 1665 1609 in
1679 1580 1840 1617 reprehen-

1012 1623 1130 1651 sionem
1154 1624 1305 1652 incurrere
1336 1625 1442 1653 merito
1467 1628 1579 1662 posset,
1602 1628 1636 1654 ut
1658 1627 1740 1654 Isaac
1761 1625 1837 1661 (it):

1013 1669 1067 1696 sed
1081 1668 1206 1704 virginis
1222 1670 1389 1698 etiamnum
1414 1669 1477 1699 viro
1502 1670 1603 1698 crudae
1622 1670 1720 1699 virum
1745 1669 1840 1707 (quod

1011 1714 1176 1749 sapientius
1189 1714 1277 1750 juxta
1287 1723 1322 1743 ac
1333 1715 1444 1743 virilius
1455 1715 1519 1750 fuit)
1531 1723 1562 1743 se
1575 1715 1839 1751 dictitans,violen-

1010 1760 1073 1786 tum
1088 1758 1175 1787 illum
1190 1761 1342 1796 raptorem
1358 1759 1460 1788 fefellit
1474 1762 1502 1788 et
1517 1760 1635 1797 repulit.

1045 1803 1117 1831 Hinc
1123 1804 1319 1840 perspicuum
1327 1806 1412 1833 estea
1418 1812 1486 1841 qua:
1492 1812 1574 1832 nunc
1580 1812 1722 1833 recenseo
1728 1804 1836 1841 priscis

1007 1847 1064 1876 illis
1073 1848 1161 1884 longe
1171 1849 1382 1885 praestantiora
1392 1857 1457 1877 esse
1468 1857 1474 1883 ;
1485 1849 1598 1886 quippe
1608 1857 1677 1886 quas
1686 1849 1837 1878 Christum

1005 1893 1170 1927 redoleant,
1196 1896 1286 1930 atque
1306 1894 1349 1922 ita
1369 1893 1458 1929 legali
1484 1893 1535 1922 illa
1553 1894 1669 1930 justitia
1682 1894 1772 1930 longe
1787 1901 1836 1922 ex-

1006 1938 1178 1967 cellentiora
1207 1938 1276 1966 sint.
1302 1938 1569 1971 Quemadmodum
1592 1939 1673 1967 enim
1701 1939 1834 1975 seipsum

1006 1983 1139 2011 Christus
1169 1983 1306 2011 Ecclesiae
1335 1984 1458 2012 nomine
1489 1984 1623 2019 tradidit,
1646 1992 1716 2012 cum
1731 1986 1833 2012 tamen

1005 2027 1105 2056 adhuc
1129 2027 1262 2056 Ecclesia
1290 2036 1443 2065 nusquam
1463 2031 1551 2062 esset,
1578 2029 1692 2057 nedum
1716 2028 1832 2058 Christo

1003 2072 1190 2110 desponsata
1229 2073 1342 2107 (adhuc
1378 2073 1458 2101 enim
1492 2076 1665 2110 peccatores
1699 2081 1831 2110 eramus,

1004 2126 1073 2146 cum
1095 2126 1151 2154 pro
1176 2118 1265 2146 nobis
1295 2120 1431 2146 mortuus
1458 2120 1504 2146 est
1532 2118 1676 2152 Christus,
1705 2120 1736 2146 ut
1753 2121 1831 2155 Apo-

1004 2163 1097 2191 stolus
1116 2163 1156 2191 ait
1171 2164 1211 2199 ²);
1225 2163 1291 2200 ipsa
1306 2171 1427 2200 quoque
1442 2163 1616 2198 ignominiae
1628 2163 1684 2192 sibi
1695 2164 1828 2198 conscia,

1003 2217 1097 2246 quam
1119 2208 1272 2245 impietate
1292 2208 1419 2244 pristina
1431 2208 1488 2236 sibi
1507 2210 1712 2237 contraxerat:
1735 2209 1831 2245 Nigra

1003 2261 1079 2286 sum,
1094 2253 1191 2290 inquit
1210 2252 1330 2285 alicubi.
1353 2252 1433 2288 filia?
1448 2254 1615 2282 Jerusalem
1636 2254 1666 2287 ³;
1683 2253 1724 2282 ita
1738 2253 1829 2281 etiam

1003 2299 1093 2327 frater
1107 2306 1195 2326 meus
1210 2305 1265 2334 pro
1287 2296 1347 2333 illa,
1372 2305 1466 2333 quam
1488 2297 1625 2326 nondum
1648 2297 1678 2326 in
1703 2306 1829 2326 uxorem

1002 2343 1139 2377 duxerat,
1155 2350 1210 2370 nec
1223 2341 1323 2370 adhuc
1335 2341 1459 2369 omnino
1472 2341 1617 2370 ducturus
1631 2344 1703 2377 erat,
1719 2349 1830 2378 parum

1002 2384 1099 2413 abfuit
1110 2382 1185 2419 quin
1199 2382 1291 2410 vitam
1309 2381 1514 2418 profunderet,
1532 2382 1606 2410 dum
1625 2382 1712 2410 certis
1728 2391 1761 2411 se
1780 2390 1830 2418 pe-

1001 2428 1102 2457 riculis
1127 2427 1239 2463 objicit,
1256 2429 1285 2454 et
1312 2427 1364 2463 qui
1381 2427 1478 2455 virum
1508 2427 1713 2461 simulaverat,
1733 2427 1829 2463 patris

1001 2481 1106 2501 revera
1116 2479 1242 2500 munere
1254 2470 1429 2508 perfunctus
1441 2473 1496 2506 est,
1512 2474 1601 2508 atque
1618 2472 1712 2508 patris
1721 2472 1751 2499 in
1766 2479 1829 2508 quo

1002 2518 1147 2547 naturalis
1162 2525 1233 2553 erga
1247 2516 1359 2545 liberos
1375 2525 1472 2552 amor,
1496 2517 1734 2553 eorumdemque
1750 2516 1830 2544 salu-

1003 2564 1039 2592 tis
1051 2563 1253 2601 propugnatio
1266 2583 1273 2596 ,
1299 2561 1395 2590 multo
1416 2562 1514 2597 magis
1535 2569 1629 2598 quam
1656 2562 1687 2589 in
1711 2570 1747 2590 eo
1775 2561 1830 2599 qui

1002 2608 1133 2646 puellam
1157 2609 1309 2644 genuerat,
1333 2606 1523 2635 elucesceret.
1546 2606 1596 2634 ille
1620 2606 1770 2643 siquidem
1790 2607 1830 2635 vi-

1003 2654 1136 2683 ctoribus
1147 2653 1244 2687 cessit,
1255 2652 1387 2689 fugaque
1396 2652 1522 2680 salutem
1532 2652 1670 2689 quaesivit
1681 2660 1688 2681 :
1699 2652 1749 2681 hic
1761 2660 1832 2682 vero

149 2807 206 2844 (tt)
221 2810 255 2837 In
266 2806 375 2837 codice
391 2808 493 2837 Graeco
509 2806 575 2838 δαδ.
594 2815 651 2844 pro
663 2808 741 2836 ’σαὰκ
753 2809 833 2838 male
848 2809 1042 2847 suppositum
1061 2808 1189 2838 videtur.
