4134 6386
451 338 555 391 375

1342 327 1719 388 MICHAELIS
1759 330 2143 387 ACOMINATI
2182 328 2613 385 ATHENARUM
2650 327 2972 383 ARCHIEP.
3124 381 3133 396 ,
3764 322 3875 375 376

450 457 685 530 puellae,
703 472 840 511 cum
872 454 951 510 ad
976 459 1188 527 stupra
1213 454 1557 527 durumque
1580 453 1887 511 servitium
1912 452 2106 510 abdu-
2134 456 2180 509 Α
2212 453 2466 527 illa,quae
2480 453 2683 510 animo
2696 447 3487 522 circumfundebatur,quasi
3501 459 3713 502 serena
3725 458 3877 516 qua-

450 552 697 615 ceretur,
742 544 963 599 vindex
994 543 1205 611 adfuit,
1239 560 1497 616 eamque
1529 546 1796 611 tandem,
1838 548 2105 598 extrema

452 634 719 706 pericula
746 634 915 705 prius
944 637 1247 705 expertus,
1280 632 1574 688 liberavit.

524 726 567 780 Ο
599 723 1040 796 sapientissime
1057 722 1256 788 frater,
1282 728 1345 777 tu
1369 721 1575 793 procul
1614 721 1805 776 dubio
1836 722 1896 775 in
1927 721 2107 777 coelo-

447 829 588 869 rum
644 812 810 881 regia
866 811 1170 867 institutus
1229 828 1315 879 es,
1346 810 1573 866 idcirco
1640 810 1821 865 etiam
1897 809 2108 878 lingua

450 904 556 956 tua
585 898 850 955 subitam
869 899 1118 969 virginis
1146 915 1282 972 quae
1309 898 1726 955 abducebatur
1744 898 2105 965 libertatem,

451 988 637 1044 veluti
661 990 933 1046 calamus
958 989 1170 1044 scriba:
1186 989 1466 1045 velociter
1493 990 1515 1023 ὀ
1544 987 1919 1060 conscripsit.
1955 987 2111 1052 Quin

454 1077 636 1134 etiam
656 1077 820 1134 labia
838 1081 1236 1149 tuatanquam
1278 1076 1583 1133 funiculus
1624 1079 1942 1133 coccineus
1973 1091 2111 1133 con-

456 1169 610 1221 torto
635 1166 927 1238 brevique
974 1180 1275 1236 sermone,
1319 1170 1396 1235 et,
1445 1166 1551 1239 qui
1596 1169 1734 1221 tuus
1771 1169 1897 1221 erat
1924 1164 2109 1229 zelus,

456 1254 881 1310 exardescente
901 1253 1151 1311 barbari
1195 1270 1415 1311 manus
1464 1253 1972 1322 constrinxerunt,
2004 1252 2115 1307 im-

457 1347 786 1416 petumque
808 1342 1134 1399 violentum
1155 1347 1573 1415 represserunt
1599 1359 1612 1397 :
1640 1358 1751 1399 nec
1778 1356 1900 1397 non
1922 1341 2114 1397 oratio

456 1432 560 1488 illa
588 1437 693 1488 tua
722 1433 1095 1504 tempestiva,
1124 1449 1263 1506 quae
1294 1449 1418 1489 non
1462 1432 1882 1505 intempestive
1914 1430 2114 1486 virum

460 1520 727 1588 mentita,
749 1521 856 1576 sed
876 1520 938 1576 in
964 1525 1235 1593 tempore
1274 1525 1620 1578 commenta
1638 1520 1866 1591 injusto
1887 1517 2116 1591 raptori

456 1610 686 1681 justam
734 1609 935 1667 dicam
984 1609 1255 1682 impegit.
1308 1612 1351 1667 Ο
1383 1610 1489 1682 qui
1517 1609 1645 1665 ﬁeri
1676 1608 1891 1682 potuit,
1941 1611 2007 1663 ut
2052 1611 2116 1663 tu

2213 543 2357 600 dam
2380 547 2731 615 tempestate
2749 541 2949 597 subito
2967 545 3191 607 exorta,
3213 537 3642 596 discutiebatur
3660 541 3717 592 et
3734 555 3877 598 eva-

2213 633 2497 688 nescebat
2516 651 2526 685 :
2545 638 2904 703 gratumque
2920 645 3060 686 mox
3075 628 3284 685 laetitiae
3298 629 3501 685 lumen
3516 628 3876 699 aﬂ‘ulgebat.

2216 726 2380 779 Nunc
2412 739 2551 776 vero
2587 726 2775 776 morte
2810 720 2965 776 illius
2994 718 3202 777 audita
3250 719 3485 775 dolores
3517 719 3753 789 inferni
3783 734 3882 775 me

2216 812 2944 881 circumvallantﬁopacae
2958 808 3361 865 anxietudinis
3372 808 3566 879 caligo
3580 808 3879 881 cooperit.

2217 902 2438 957 umbra
2463 900 2673 955 mortis
2703 899 2971 955 adoritur
2996 917 3008 955 :
3032 896 3536 971 quandoquidem
3570 913 3745 953 meus
3775 896 3878 952 ille

2220 992 2428 1048 clavus
2471 988 2650 1045 undis
2703 987 3026 1060 absorptus
3064 991 3171 1043 est.
3203 988 3247 1043 Ο
3297 986 3493 1059 qualis
3547 1002 3659 1057 ego
3687 1000 3884 1043 sacrte

2216 1086 2517 1157 jacturam
2545 1080 2825 1138 anchoras
2868 1078 3007 1134 feci!
3037 1078 3212 1151 cujus
3231 1076 3481 1151 quidem
3504 1075 3883 1135 adminiculo

2221 1179 2400 1231 antea
2428 1169 2879 1229 Atheniensium
2922 1167 3195 1225 Ecclesiae
3238 1167 3628 1238 gubernator,
3657 1166 3885 1223 ﬂuctus

2222 1279 2435 1320 omnes
2466 1260 2876 1334 superabam:
2923 1273 3086 1313 nunc
3127 1261 3332 1313 autem
3374 1272 3512 1312 cum
3561 1254 3887 1328 multiplici

2223 1351 2721 1426 reciprocantium
2732 1348 3025 1404 ﬂuctuum
3038 1362 3217 1403 cursu
3233 1344 3552 1416 naufragio
3562 1344 3885 1418 proximus

2217 1444 2429 1515 jacter,
2478 1440 2643 1496 illam
2700 1438 2848 1494 mihi
2901 1436 3145 1494 abstulit
3192 1440 3250 1492 et
3298 1435 3485 1490 vitam
3548 1433 3877 1491 contraxit.

2223 1539 2401 1593 Totus
2449 1531 2611 1588 enim
2660 1528 2738 1585 ab
2782 1526 2885 1583 illa
2932 1525 3285 1599 dependens
3331 1524 3539 1595 vitam,
3598 1539 3733 1597 qua:
3785 1521 3889 1578 vel

2224 1621 2546 1699 proverbio
2576 1619 2761 1675 fertur
2797 1614 3047 1689 ἀβιωτος,
3081 1614 3162 1671 ad
3206 1613 3324 1670 hoc
3356 1629 3548 1686 usque
3590 1611 3889 1685 temporis

457 1699 852 1789 mfmdacmm
887 1699 984 1789 φῖ
1004 1714 1337 1789 ίηιωίιυξιω
1367 1714 1728 1754 αεευθνθτθιε
1755 1700 1951 1763 antea:
1976 1712 2116 1769 ΡῙὌ·
2145 1735 2188 1789 Β
2228 1714 2320 1785 egi
2342 1710 2642 1783 mortique
2662 1722 2759 1763 me
2772 1703 3139 1778 jampridem
3160 1702 3396 1759 vocanti
3412 1717 3626 1775 parere
3639 1704 3893 1757 cuncta-

459 1787 706 1843 tuleris?
748 1788 1124 1845 Mendacium
1163 1787 1324 1844 enim
1352 1803 1479 1844 non
1522 1803 1698 1844 secus
1730 1791 1911 1860 atque
1951 1801 2118 1842 mor-

460 1882 583 1933 tem
619 1894 860 1950 semper
906 1894 970 1934 es
1008 1877 1360 1934 detestatus.
1400 1876 1789 1950 Perspicuum
1825 1881 1914 1932 est
1952 1873 2121 1932 haud

462 1965 665 2037 dubie,
708 1968 875 2038 quod
900 1966 1423 2039 quemadmodum
1459 1967 1667 2035 vitam,
1698 1966 1747 2021 si
1780 1981 1873 2021 res
1900 1965 1982 2021 ita
2010 1965 2119 2020 fer-

462 2058 687 2126 ret,pro
728 2055 920 2113 salute
950 2054 1345 2128 periclitantis
1375 2055 1589 2128 puellae
1621 2053 1986 2127 profundere
2016 2068 2122 2125 pa-

461 2148 630 2200 ratus
664 2160 819 2210 eras,
846 2145 928 2202 ita
956 2145 1135 2202 etiam
1159 2145 1394 2201 mentiri
1423 2161 1547 2201 non
1569 2144 1927 2211 detrectasti,
1955 2158 2121 2199 men-

464 2232 707 2306 daxque
740 2233 889 2303 ﬁeri,
915 2234 1005 2289 vir
1034 2234 1261 2307 alioqui
1290 2234 1415 2290 veri
1447 2234 1908 2291 amantissimus
1942 2238 1998 2287 et
2018 2231 2123 2304 qui

460 2321 792 2378 mendacio
818 2322 981 2379 labia
996 2339 1314 2396 nunquam
1328 2321 1747 2395 conspurcasti
1759 2363 1772 2376 .
1797 2321 1968 2377 Enim
1979 2335 2122 2377 vero

464 2410 529 2467 id
544 2427 789 2484 quoque
810 2412 1023 2468 Christi
1050 2412 1383 2469 imitatione
1413 2412 1709 2485 perfecisti
1731 2410 1859 2483 :qui
1878 2426 1988 2483 pro
2017 2424 2098 2465 no

464 2497 560 2555 bis
592 2503 904 2571 peccatum
928 2505 985 2561 et
1014 2501 1355 2557 maledictio
1395 2501 1590 2557 factus
1610 2506 1699 2557 est
1723 2515 1917 2572 usque
1946 2499 2118 2569 adeo,

466 2590 755 2645 omnibus
794 2591 1000 2647 omnia
1034 2590 1163 2646 ﬁeri
1204 2590 1521 2647 studebat:
1568 2594 1758 2646 tutore
1780 2588 2123 2646 carentibus

466 2681 645 2747 tutor,
678 2678 872 2734 viduis
902 2684 1257 2752 procurator
1285 2689 1342 2735 et
1367 2680 1640 2746 maritus,
1677 2678 1966 2751 orphanis
2010 2693 2123 2749 pa—

465 2769 573 2835 ter,
604 2769 973 2841 pauperibus
1017 2770 1215 2834 frater,
1249 2768 1459 2825 amicis
1485 2768 1819 2824 ﬁdissimus
1864 2766 2122 2833 amicus,

468 2858 737 2926 cognatis
777 2857 877 2928 jus
915 2857 1293 2927 cognationis
1333 2858 1687 2925 observans,
1733 2861 1800 2913 ut
1837 2856 1944 2929 qui
1994 2871 2125 2911 ma-

466 2946 649 3007 xime.
702 2946 868 3002 fratri
899 2946 1163 3019 denique
1225 2963 1411 3019 supra
1476 2946 1731 3003 modum
1778 2960 2025 3003 omnem
2072 2946 2129 3000 et

469 3050 658 3108 quam
689 3035 817 3091 fieri
846 3040 1097 3107 poterat,
1134 3036 1331 3093 fratris
1361 3035 1841 3093 amantissimus.

545 3125 740 3190 Quare
782 3124 1032 3180 minime
1074 3124 1342 3197 proiecto
1403 3124 1820 3193 conveniebat,
1866 3126 1932 3179 ut
1974 3121 2132 3178 illius

474 3216 667 3270 morte
694 3214 792 3269 vel
835 3213 1056 3284 conjux
1099 3213 1303 3282 vidua,
1354 3213 1449 3271 vel
1480 3213 1737 3286 orphani
1766 3212 1938 3269 liberi
1970 3214 2136 3268 tanta

475 3302 1001 3374 intempestivitate
1048 3302 1260 3360 ﬁerent
1317 3303 1604 3375 (insanire
1646 3302 1796 3359 mihi
1841 3300 2134 3374 quoniam

474 3390 898 3464 rursuslibet),
928 3391 1023 3448 vel
1068 3394 1246 3450 etiam
1270 3391 1452 3450 frater
1477 3408 1590 3463 ego
1622 3391 1799 3459 illius,
1829 3408 1967 3463 qua:
1990 3388 2141 3446 mihi

478 3480 541 3538 in
563 3486 869 3555 posterum
893 3481 1020 3539 sola
1043 3486 1371 3555 supererat,
1396 3481 1807 3539 consolatione
1847 3480 2139 3553 privarer,

486 3573 789 3645 vitamque
826 3572 1198 3629 acerbiorem
1244 3572 1563 3645 experirer,
1590 3587 1784 3645 eoque
1814 3587 1975 3627 nunc
2008 3585 2140 3640 gra-

482 3662 730 3728 viorem,
788 3678 910 3734 quo
946 3661 1231 3719 leviorem
1269 3660 1365 3717 ille
1425 3666 1603 3718 antea
1652 3663 2141 3732 vegetioremque

483 3751 799 3809 reddebat.
829 3751 1109 3817 Quamvis
1140 3752 1303 3807 enim
1352 3766 1476 3807 una
1525 3768 1766 3807 mecum
1810 3767 1935 3807 non
1964 3753 2139 3815 esset,

484 3840 719 3914 quoties
746 3844 948 3896 tamen
992 3840 1087 3896 ille
1126 3840 1323 3897 valere
1373 3846 1553 3913 atque
1586 3841 1785 3896 vivere
1823 3837 2143 3895 nuntiaba-

487 3934 602 3996 tur,
651 3946 748 3987 me
775 3945 898 3985 non
931 3929 1099 3985 aliter
1148 3926 1481 3995 recreabat,
1518 3931 1697 4001 atque
1744 3927 1793 3983 si
1831 3926 2143 3984 mihivita-

485 4019 607 4076 lem
632 4020 992 4092 quampiam
1028 4034 1242 4074 auram
1276 4016 1614 4075 afﬂavisset.
1649 4021 1717 4073 Et
1745 4015 2143 4090 quemadmo-

490 4111 641 4167 dum
692 4109 934 4164 divinus
963 4108 1058 4163 ille
1106 4107 1360 4164 Davides
1410 4124 1584 4165 suam
1643 4107 1833 4180 ipsius
1878 4106 2147 4163 animam

492 4197 816 4256 acerbitate
884 4200 1051 4254 tanta
1110 4200 1401 4270 tantoque
1459 4196 1729 4253 cruciatu
1795 4192 2147 4251 circumval-

492 4288 677 4346 latam
738 4302 867 4343 esse
921 4287 1121 4343 aiebat
1168 4292 1233 4343 ut
1288 4287 1763 4343 consolationem
1818 4287 2148 4357 respueret,

496 4394 635 4451 qute
673 4393 809 4433 cum
848 4376 1112 4450 primum
1145 4376 1205 4432 in
1261 4376 1365 4433 Dei
1405 4376 1777 4433 mentionem
1820 4372 2149 4442 incidisset,

497 4463 812 4524 confestim
863 4466 1330 4522 exhilararetur:
1370 4465 1453 4521 ita
1483 4469 1540 4520 et
1586 4464 1714 4535 ipse
1741 4477 1874 4531 ego,
1918 4460 2151 4535 quoties

496 4556 889 4632 praesentium
913 4556 1211 4612 malorum
1229 4555 1520 4626 gravitate
1541 4553 1879 4625 premebar,
1904 4551 2152 4608 sicunde

500 4648 581 4705 ad
632 4662 730 4704 me
776 4646 1057 4702 nuntium
1110 4643 1357 4716 aliquod
1408 4640 1731 4713 advolaret,
1787 4656 1909 4713 quo
1954 4640 2152 4697 fratris

500 4735 1204 4799 memoriarel‘ricaretur,
1222 4732 1392 4790 illum
1416 4732 1701 4789 nimirum
1726 4730 2150 4803 adhucvivere,

499 4829 778 4900 beneque
807 4842 932 4882 rem
980 4839 1182 4896 gerere
1222 4821 1591 4893 signiﬁcans,
1634 4837 1777 4876 mox
1818 4819 2155 4877 mirabilem

501 4916 839 4993 quamdam
888 4914 1094 4971 animo
1164 4911 1639 4969 consolationem
1710 4909 2151 4982 concipiebam.

505 5006 731 5077 Quodsi
756 5002 1007 5079 quando
1028 5000 1176 5059 mihi
1196 5000 1420 5057 litteras
1438 4999 1800 5056 charissimo
1823 4998 2156 5055 charissimi

501 5096 701 5155 fratris
725 5084 1111 5165 autographo
1138 5088 1529 5159 subsignatas
1556 5088 1820 5162 recipere
1851 5088 2155 5160 continge-

503 5189 613 5253 ret,
662 5189 803 5241 tunc
852 5185 994 5239 tunc
1025 5184 1082 5236 et
1124 5177 1637 5250 jucundissimum
1676 5178 1845 5234 illum
1905 5194 2155 5250 conspe-

504 5282 664 5334 ctum
676 5318 691 5341 ,
704 5275 761 5330 et
772 5268 945 5327 dulce
959 5267 1329 5341 colloquium
1344 5267 1403 5323 in
1418 5268 1772 5325 memoriam
1789 5266 2156 5324 revocabant

507 5369 819 5433 totumque
850 5357 1005 5414 adeo
1029 5358 1355 5414 fraternum
1385 5362 1567 5431 caput
1594 5358 1885 5431 accipere,
1911 5361 1967 5413 et
1987 5356 2155 5413 deos-

504 5451 695 5512 culari
718 5447 1141 5515 miliividebar,
1178 5452 1316 5504 tunc
1342 5449 1521 5506 etiam
1539 5448 1932 5506 atllictionum
1962 5445 2157 5502 nubes

577 5597 598 5632 δ
639 5590 797 5651 Psal.
839 5609 989 5647 xnv.
1034 5598 1085 5651 2.
1128 5595 1148 5627 ⁵
1190 5593 1342 5650 Psal.
1380 5610 1527 5649 cxvr.
1571 5598 1622 5648 3.

2226 1811 2323 1862 tus
2348 1801 2664 1859 sum.Jam
2708 1812 2851 1853 vero
2891 1811 3032 1852 cum
3079 1793 3346 1850 anchora
3388 1791 3489 1849 illa
3532 1807 3667 1848 mea
3706 1805 3894 1847 cassa

2231 1895 2327 1960 sit,
2357 1890 2506 1964 quid
2538 1888 2684 1945 mihi
2709 1902 2848 1943 cum
2878 1886 2993 1941 hac
3014 1883 3179 1939 vita?
3208 1882 3388 1955 quive
3419 1880 3603 1937 ditius
3630 1879 3897 1937 descen-

2231 1999 2366 2038 sum
2399 1980 2474 2037 ad
2520 1978 2743 2034 inferos
2768 1974 2934 2031 omni
2960 1973 3244 2029 dolorum
3290 1986 3507 2041 genere
3532 1969 3892 2027 redundan-

2232 2078 2318 2129 tes
2349 2066 2888 2141 comperendinare
2918 2059 3173 2135 potero?
3211 2059 3513 2132 siquidem
3546 2057 3895 2115 miserrima

2231 2162 2361 2218 haec
2383 2160 2504 2216 vita
2542 2157 2762 2213 idcirco
2800 2153 2947 2210 mihi
3009 2154 3337 2225 prorogata
3378 2148 3637 2220 videtur,
3662 2151 3727 2203 ut
3756 2146 3894 2203 diu-

2230 2249 2529 2307 turniores
2548 2246 2709 2302 luam
2727 2258 2960 2317 poenas,
2981 2240 3309 2312 omniaque
3339 2238 3899 2294 cruciamentorum

2233 2353 2453 2411 genera
2483 2335 2781 2409 perferam
2809 2351 2820 2388 :
2850 2336 3030 2404 atque
3042 2346 3116 2386 ex
3141 2329 3241 2385 illo
3259 2327 3441 2384 calice
3469 2342 3630 2400 srepe
3654 2325 3895 2396 bibam,

2233 2444 2415 2502 quem
2468 2424 2757 2481 Dominus
2803 2436 2972 2477 mero
3017 2419 3156 2476 vino
3206 2416 3453 2491 plenum
3498 2418 3560 2471 in
3604 2414 3901 2471 manibus

2231 2518 2434 2584 habet,
2498 2532 2571 2571 ex
2626 2528 2751 2587 quo
2806 2511 2987 2567 etiam
3035 2510 3384 2582 peccatores
3432 2519 3647 2562 omnes
3682 2503 3900 2561 bibere

2234 2607 2464 2673 solent;
2496 2620 2635 2660 cum
2660 2616 2802 2657 vero
2822 2599 2901 2656 ad
2930 2600 3139 2656 fascem
3181 2611 3373 2669 usque
3420 2594 3732 2659 ebiberim,
3760 2593 3900 2663 jam

2233 2693 2628 2753 commodum
2658 2692 2798 2747 hinc
2829 2686 3092 2745 abeundi
3120 2692 3362 2759 tempus
3399 2684 3613 2741 adesse
3641 2682 3900 2749 videtur,

2235 2801 2377 2842 cum
2406 2782 2738 2857 praesertim
2768 2794 2982 2852 pcenas
3030 2792 3243 2833 omnes
3272 2773 3635 2847 pertulerim,
3683 2785 3822 2843 quae
3855 2784 3900 2825 θ.

2236 2873 2475 2931 mortali
2504 2886 2756 2944 corpore
2787 2867 3045 2941 expendi
3067 2870 3341 2938 possunt.

2316 2967 2432 3021 Nec
2460 2969 2658 3019 tamen
2689 2961 2830 3016 hinc
2857 2958 3062 3014 libenti
3090 2957 3349 3028 laetoque
3388 2953 3594 3011 animo
3622 2950 3900 3016 discedo,

2165 3073 2205 3128 α
2243 3055 2423 3129 quasi
2449 3052 2632 3110 vitam
2653 3066 2793 3107 cum
2813 3048 2978 3105 bono
3008 3046 3212 3119 aliquo
3232 3046 3737 3101 commutaturus.
3770 3043 3907 3097 Ter-

2245 3149 2333 3202 ret
2375 3143 2539 3200 enim
2569 3157 2667 3197 me
2711 3138 2891 3196 timor
2924 3135 3170 3194 aliunde
3214 3149 3572 3207 prorepens,
3621 3146 3698 3188 ne
3720 3129 3904 3187 simul

2245 3240 2427 3307 atque
2471 3231 2613 3287 hinc
2660 3228 2925 3296 abivero,
2965 3223 3343 3297 gravioribus
3393 3220 3708 3279 tormentis
3749 3218 3902 3290 obji-

2245 3325 2388 3391 ciar,
2450 3321 2557 3395 qui
2615 3319 2806 3375 vitam
2867 3315 3050 3373 variis
3107 3312 3463 3371 criminibus
3525 3309 3900 3367 obtriverim.

2226 3417 2432 3470 Grave
2463 3410 2711 3484 quidem
2738 3408 2853 3464 hoc
2905 3409 3015 3474 est,
3061 3403 3208 3460 illud
3228 3418 3368 3459 vero
3404 3400 3668 3472 gravius,
3695 3398 3745 3455 si
3770 3413 3910 3471 pro-

2248 3503 2345 3560 cul
2374 3520 2411 3560 a
2440 3502 2619 3558 fratre
2652 3499 2958 3571 sejungar,
3004 3494 3274 3552 maximo
3296 3492 3413 3550 alio
3450 3490 3908 3547 molestissimo-

2248 3609 2365 3667 que
2387 3592 2719 3660 chasmate,
2746 3604 2870 3661 quo
2926 3583 3285 3643 intermedio
3333 3597 3542 3639 eorum
3591 3579 3691 3652 qui
3731 3577 3905 3650 apud

2248 3683 2472 3739 inferos
2525 3683 2900 3752 torquentur,
2940 3676 3110 3731 locus
3162 3688 3201 3731 a
3252 3671 3411 3729 felici
3452 3670 3769 3727 beatorum
3816 3667 3910 3723 vi-

2248 3789 2455 3831 rorum
2484 3771 2683 3844 quiete
2728 3766 3083 3838 longissime
3138 3762 3545 3835 disjungitur:
3589 3759 3669 3816 ad
3712 3773 3910 3832 quam

2248 3863 2515 3937 profecto
2546 3859 2963 3917 transductum
3008 3854 3149 3910 hinc
3177 3853 3366 3909 fuisse
3407 3851 3651 3907 fratrem
3698 3863 3912 3923 meum

2250 3953 2422 4010 facile
2449 3950 2651 4007 credo.
2687 3948 2858 4003 Illum
2884 3945 3045 4002 enim
3085 3944 3265 4017 plane
3295 3940 3443 3997 mihi
3473 3943 3711 3997 constat
3738 3938 3914 3995 omni

2250 4059 2365 4115 ope
2421 4046 2602 4112 atque
2650 4051 2838 4110 opera
2893 4034 3035 4091 eniti
3093 4033 3355 4104 solitum,
3411 4034 3479 4087 ut
3528 4029 3610 4085 ad
3664 4027 3913 4084 illorum

2252 4133 2581 4202 archetypa
2608 4126 2887 4199 exempla
2916 4126 3051 4183 vitae
3079 4138 3206 4179 suae
3250 4121 3524 4194 regulam
3564 4118 3916 4176 eﬁ'ormaret

2252 4227 2313 4278 et
2354 4219 2669 4281 excoleret,
2726 4215 3133 4287 eumdemque
3194 4212 3343 4269 dum
3399 4212 3460 4268 in
3504 4209 3654 4265 vivis
3708 4206 3916 4263 adhuc

2184 4352 2226 4406 ο
2257 4318 2435 4377 esset,
2475 4307 2681 4383 quoad
2726 4306 2857 4378 ejus
2921 4304 3080 4406 ﬁeri“
3122 4305 3377 4376 poterat,
3433 4298 3720 4406 omnibus
3760 4294 3919 4406 votis

2260 4409 2567 4480 exoptare,
2592 4406 2659 4458 ut
2682 4413 2804 4455 una
2830 4412 2967 4453 cum
3004 4393 3116 4451 illis
3156 4393 3613 4450 conversaretur
3632 4390 3690 4445 et
3716 4383 3920 4480 exsul-

2260 4472 2431 4561 taret,
2472 4472 2611 4551 cum
2654 4488 2989 4564 praesertim
3018 4486 3367 4542 sanctorum
3414 4493 3739 4552 corporum
3781 4472 3925 4531 reli-

2259 4587 2439 4662 quias
2469 4589 2527 4641 et
2557 4580 2852 4651 imagines
2881 4575 3151 4649 undique
3174 4571 3554 4644 conquireret
3581 4573 3640 4624 et
3663 4578 3925 4638 compa-

2260 4660 2439 4740 raret,
2485 4669 2884 4742 extructisque
2910 4664 3141 4738 templis
3176 4660 3496 4735 impositas
3521 4662 3578 4714 et
3606 4669 3926 4714 consecra-

2262 4773 2378 4833 tas,
2432 4763 2689 4821 summis
2743 4756 3077 4815 honoribus
3128 4753 3616 4827 prosequeretur.
3684 4745 3924 4803 Etenim

2263 4861 2611 4915 sanctorum
2653 4847 2952 4913 omnium,
2983 4844 3089 4918 qui
3138 4840 3411 4900 circulari
3454 4838 3691 4895 dierum
3737 4836 3925 4893 totius

2263 4948 2406 5007 anni
2437 4945 2576 5003 albo
2602 4939 2870 5012 inscripti
2909 4940 3069 5003 sunt,
3091 4933 3293 4991 nullus
3327 4934 3416 4987 est
3460 4943 3647 5002 quem
3677 4926 3772 4983 ille
3801 4925 3927 4999 pri-

2262 5041 2451 5097 vatim
2491 5036 2588 5092 die
2647 5024 3216 5089 commemorationi
3262 5022 3394 5098 ejus
3443 5021 3664 5090 dicata,
3707 5016 3927 5074 festivo

2264 5126 2641 5199 solemnique
2668 5122 2807 5189 ritu,
2839 5124 2896 5176 et
2946 5114 3360 5191 spiritualibus
3411 5110 3622 5170 hostiis
3666 5108 3932 5199 faciens,

2266 5226 2321 5278 et
2340 5197 2587 5292 hymnis
2611 5212 3009 5282 omniumque
3029 5207 3334 5263 fructuum
3359 5200 3638 5277 primitiis
3660 5197 3933 5292 cohone-

2265 5287 2453 5380 stans,
2482 5320 2604 5362 non
2637 5302 3034 5359 veneraretur.
3070 5299 3187 5352 Nec
3237 5293 3400 5351 enim
3430 5290 3597 5348 cultu
3642 5287 3928 5380 illocon-

2268 5374 2488 5461 tentus,
2543 5408 2729 5468 quem
2804 5404 2945 5446 cum
3003 5384 3236 5443 caeteris
3284 5381 3517 5440 civibus
3564 5380 3627 5436 in
3676 5374 3932 5451 publico

2267 5465 2918 5550 conventu—tribuebat,
2961 5475 3224 5535 Ecclesia
3272 5487 3520 5548 quoque
3565 5465 3817 5544 privatis
3860 5465 3933 5523 in
