4134 6388
284 337 394 390 377

1155 333 1250 387 AD
1290 331 1596 390 ALEXIUM
1639 331 2026 391 COMNENUM
2063 334 2205 392 PRO
2240 331 2812 392 ATHENIENSIBUS.

3570 336 3676 390 378

295 456 540 514 aedibus
567 457 929 511 consecrata
969 469 1244 510 annuum
1266 454 1318 510 ei
1349 461 1558 512 sancto
1586 455 1806 512 festum
1836 456 1924 512 di-
1955 461 2000 513 A
2027 457 2313 514 audacter
2359 463 2417 514 et
2446 458 2628 514 libere
2671 475 2811 515 cum
2849 459 2979 514 aliis
3013 459 3088 515 de
3117 458 3335 525 causis,
3369 460 3498 513 tum
3529 457 3674 528 quia

299 546 501 614 cabat,
529 560 716 618 quem
749 542 952 599 ubivis
983 543 1252 613 gentium
1294 544 1408 602 coli
1446 544 1674 600 videret
1702 562 1716 600 :
1743 545 1827 601 ita
1857 551 1922 601 ut

305 651 382 692 ex
423 636 552 707 ejus
592 633 848 690 tentorio
888 632 1016 688 sine
1044 632 1489 690 intermissione
1517 650 1634 690 vox
1662 634 1916 690 exsulta-

307 725 488 781 tionis
518 729 575 780 et
615 722 843 789 salutis,
878 720 1143 794 justique
1189 721 1348 778 illius
1404 724 1515 778 viri
1564 723 1916 780 Psalterium

307 813 710 870 exaudiretur.

385 903 481 958 His
505 903 704 974 itaque
721 900 797 956 de
819 901 1019 958 causis
1037 901 1205 957 illum
1226 902 1304 957 ad
1326 901 1553 958 amicos
1569 901 1915 974 pervenisse

304 995 364 1048 et
403 992 466 1046 in
504 989 718 1046 eadem
755 989 858 1046 illa
892 989 1262 1062 sempiterna
1292 991 1566 1058 tentoria,
1590 991 1651 1046 in
1693 990 1914 1062 quibus

297 1080 385 1136 illi
417 1080 758 1154 quiescunt,
795 1080 1100 1136 invectum
1138 1080 1342 1151 fuisse,
1380 1087 1604 1138 aeterna
1633 1097 1770 1137 cum
1801 1081 1914 1137 illis

293 1167 676 1226 beatitudine
701 1167 839 1236 frui,
872 1167 1132 1241 denique
1159 1168 1291 1240 jam
1321 1185 1432 1242 pro
1459 1169 1636 1226 nobis
1667 1185 1912 1242 quoque

2027 546 2225 603 fratris
2255 547 2711 603 amantissimus
2742 551 2846 612 est,
2870 547 3234 603 intercedere
3259 548 3418 602 certo
3444 544 3591 611 scio,
3610 549 3675 600 ut

2025 633 2122 691 ille
2160 635 2265 708 qui
2307 651 2429 691 non
2480 635 2648 692 aliter
2685 641 2864 708 atque
2899 636 3158 692 fusorius
3196 634 3372 705 ignis,
3411 633 3675 690 herbave

2024 725 2400 781 balneatoria
2430 724 2708 780 sordidos
2737 731 3048 797 expurgat,
3081 741 3193 781 nos
3219 738 3462 797 quoque
3484 726 3672 780 tenta-

2025 814 2288 870 tionibus
2317 814 2541 887 quibus
2566 815 2664 870 hic
2690 814 3028 884 objicimur,
3059 815 3221 870 velut
3249 813 3387 882 igne
3427 815 3483 868 et
3513 828 3676 884 aqua

2024 903 2239 974 expiet,
2263 903 2467 974 sicque
2493 903 2736 959 tandem
2767 919 2946 958 suum
2975 902 3035 959 in
3075 900 3450 971 refrigerium
3481 904 3671 956 trans-

2024 992 2224 1060 ducat,
2248 998 2304 1049 et
2324 992 2664 1064 justiﬁcatis
2685 1009 2792 1064 per
2809 992 2994 1049 ﬁdem
3025 991 3336 1054 concedat,
3367 995 3433 1046 ut
3461 989 3676 1046 eodem

2021 1081 2084 1137 in
2103 1081 2258 1149 loco,
2283 1086 2462 1153 atque
2487 1080 2829 1138 admirandi
2859 1081 3016 1138 illius
3044 1080 3279 1138 tentorii
3308 1078 3511 1135 aeterni
3540 1077 3673 1134 loco

2022 1170 2204 1226 simul
2240 1168 2670 1226 inhabitemus.

1645 1381 3671 1414 ω

1337 1529 2634 1646 ΥΠΟΜΝΗΣΤΙΚΟΝ

1698 1769 1795 1816 ΕΙΣ
1833 1770 1968 1816 T03T
2009 1769 2147 1816 ΒΑΣῙ
2159 1769 2286 1817 ΔΕΑ

624 1951 1216 2069 ΚΥΡΙοΝ
1294 1943 1952 2072 ΑΛΕΞΙΟΡ

2073 1958 2368 2070 ΤΟΝ
2451 1955 3350 2071 ΚΟΜΝΗΝΟΝ.

1409 2396 2518 2504 YPOMNESTICON

1674 2631 1769 2684 AD
1809 2629 2306 2688 IMPERATOREM

416 2824 1334 2966 DOMINUM
1441 2775 2338 2966 ALEXIUM
2439 2826 3570 2966 COMNENUM.

361 3301 667 3375 Τολμῶντες
715 3306 764 3356 οἱ
809 3304 1011 3371 ἀνάξιοι
1067 3310 1157 3359 καὶ
1210 3307 1534 3370 πανευτελεῖς
1590 3303 1771 3362 δοῦλοι
1807 3317 1904 3372 τῆς
1932 3307 1976 3361 Β

290 3399 554 3464 κραταιᾶς
604 3398 695 3447 καὶ
737 3394 893 3466 ἁγίας
937 3394 1209 3469 βασιλείας
1249 3417 1342 3450 σου
1394 3394 1634 3471 δεόμετα,
1670 3395 1904 3452 δέσποτα

291 3482 445 3554 ἡμῶν
480 3482 614 3554 ἅγιε.

2084 3306 2319 3379 Indigni
2356 3323 2468 3364 nos
2506 3310 2687 3381 atque
2725 3304 2984 3364 humiles
3015 3305 3336 3380 Maiestatis
3381 3309 3490 3364 tua:
3521 3302 3678 3362 servi

2009 3397 2200 3454 hocce
2241 3397 2352 3454 abs
2392 3401 2445 3453 te
2476 3402 2675 3470 petere
2706 3396 3030 3455 audemus.

362 3574 434 3623 Τὸ
466 3571 586 3624 καθ’
616 3574 751 3646 ἡμᾶς
783 3575 921 3647 ὄριον
942 3583 1042 3628 τῶν
1075 3575 1322 3648 Ἀθηνῶν,
1356 3575 1518 3631 πάλαι
1555 3584 1647 3630 τοῦ
1669 3577 1901 3641 πλήθους

283 3668 390 3712 τῶν
439 3659 662 3713 ἐποίκων
712 3662 874 3716 αὑτοῦ
924 3661 1017 3717 διὰ
1078 3667 1169 3728 τὰς
1210 3665 1622 3728 ἁλλεπαλληλους
1659 3666 1903 3743 ἐπηρείας

2079 3581 2234 3648 Ager
2251 3576 2630 3634 Atheniensis
2656 3593 2841 3650 quem
2869 3575 3242 3643 habitamus,
3271 3573 3410 3630 inde
3433 3589 3468 3630 a
3488 3572 3674 3643 longo

2009 3675 2278 3742 tempore
2309 3666 2542 3723 civibus
2583 3665 2690 3739 qui
2733 3665 2878 3722 olim
2908 3664 3152 3738 plurimi
3181 3664 3366 3732 fuere,
3408 3661 3680 3734 privatus

2002 3744 2162 3816 jacet
2190 3762 2246 3813 et
2275 3756 2474 3814 omnis
2507 3755 2742 3826 generis
2760 3754 2936 3811 malis
2961 3759 3230 3815 vexatur,
3252 3753 3376 3808 imo
3403 3751 3464 3808 in
3494 3767 3564 3808 eo
3588 3755 3676 3807 est

2009 3849 2076 3903 ut
2110 3847 2347 3903 deserto
2384 3844 2662 3917 bcythico
2710 3842 3057 3916 comparari
3107 3841 3314 3916 possit.
3359 3841 3553 3910 Hujus
3591 3839 3678 3897 rei

2010 3951 2198 3992 causa
2226 3939 2319 3991 est
2345 3933 2510 4007 quod
2539 3931 2933 4003 vectigalibus
2960 3930 3343 4002 gravioribus
3371 3944 3562 4002 quam
3587 3927 3676 3984 vi-

2012 4027 2162 4081 cinas
2189 4028 2395 4095 gentes
2420 4022 2776 4097 premimur,
2801 4021 3102 4094 siquidem
3132 4018 3441 4093 publicani
3468 4021 3526 4074 et
3544 4032 3680 4073 vec-

2013 4104 2285 4187 tigalium
2327 4117 2632 4170 exactores
2682 4111 3016 4184 triplicibus
3075 4109 3360 4166 molestiis
3403 4111 3620 4164 vexant
3662 4125 3676 4176 ;

2015 4221 2194 4276 agros
2215 4207 2376 4261 enim
2395 4208 2632 4260 nostros
2657 4218 2941 4259 arenosos
2967 4218 3037 4258 ac
3067 4216 3286 4273 parum
3316 4198 3533 4256 fertiles
3555 4212 3679 4254 non

2012 4295 2307 4366 humana,
2327 4293 2432 4350 sed
2458 4293 2733 4366 pulicosa
2759 4306 3045 4348 mensura
3061 4305 3130 4346 ac
3147 4288 3535 4363 proportione
3553 4303 3679 4344 me-

2016 4384 2283 4452 tiuntur;
2317 4383 2440 4440 imo
2478 4387 2542 4438 ut
2582 4380 2835 4454 capillos
2880 4379 3148 4452 capitum
3186 4382 3555 4442 nostrorum,
3600 4375 3682 4432 ita

284 4474 382 4522 καὶ
422 4465 630 4540 σχεδὸν
682 4474 771 4521 καὶ
808 4473 902 4532 τὰς
941 4475 1133 4546 τρίχας
1172 4471 1334 4534 αὑτὰς
1363 4481 1462 4525 τῶν
1491 4473 1719 4546 κεφαλῶν
1760 4476 1907 4548 ἡμῶν

2026 4474 2150 4531 vitis
2188 4472 2329 4530 folia
2372 4475 2714 4529 numerant.
2745 4469 2910 4526 Adde
2959 4467 3126 4542 quod
3171 4473 3397 4524 caeteras
3429 4466 3676 4537 insuper

293 4554 776 4632 διαριθμουμένων,
829 4565 978 4631 πόσῳ
1015 4581 1076 4633 ’γε
1115 4561 1306 4634 μᾶλλον
1357 4560 1588 4635 ἀμπέλου
1646 4563 1830 4636 φύλλον
1874 4565 1903 4624 ἦ

2026 4564 2358 4621 exactiones
2399 4563 2551 4618 ﬁsco
2589 4558 2902 4616 destinatae
2949 4558 3011 4614 in
3062 4559 3290 4616 caateris
3328 4555 3680 4627 regionibus

296 4648 460 4720 φυτοῦ
499 4667 662 4711 τινος.
699 4649 855 4703 Ἀλλά
883 4656 973 4703 καὶ
999 4652 1055 4704 αἱ
1090 4653 1420 4712 καθεκάστην
1448 4652 1626 4706 λοιπαὶ
1653 4657 1909 4726 κοσμικαὶ
1939 4680 1952 4731 ς

2026 4651 2338 4710 commode
2376 4667 2448 4708 ac
2483 4651 2611 4706 sine
2640 4648 3064 4706 vexationibus
3103 4648 3470 4714 efﬁciuntur,
3500 4644 3682 4717 siqui-

298 4734 538 4811 ἐπήρειαι
566 4737 615 4790 ἐν
644 4742 735 4812 μὲν
763 4747 874 4801 ταῖς
902 4739 1105 4802 λοιπαῖς
1143 4747 1352 4815 χώραις
1379 4743 1409 4802 ἦ
1453 4739 1577 4795 οὐδὲ
1606 4746 1700 4801 τὴν
1731 4741 1906 4816 ἀρχὴν

2026 4742 2156 4800 clem
2186 4743 2471 4814 prmtores
2501 4737 2833 4812 saepissime
2861 4737 3064 4795 debita
3093 4735 3466 4802 condonant,
3507 4731 3679 4789 aliter

299 4824 644 4899 ἐνεργοῦνται,
673 4829 702 4888 ἡ
728 4831 874 4904 παρὰ
900 4839 1000 4882 τῶν
1020 4836 1329 4906 πραιτὼρων
1359 4832 1716 4904 κουφίζονται,
1747 4851 1909 4907 χαρι-

2026 4848 2087 4888 ac
2117 4829 2278 4903 apud
2319 4844 2431 4886 nos
2461 4827 2586 4901 qui,
2621 4831 2680 4884 et
2702 4826 2944 4883 ultimos
2969 4826 3219 4899 quidem
3257 4823 3495 4881 Graeciaa
3525 4822 3680 4878 ﬁnes

301 4915 531 4986 ζομένων
552 4916 736 4979 αὑταῖς
754 4920 822 4972 τὰ
848 4926 1088 4986 τοιαῦτα,
1111 4919 1201 4972 ἅτε
1215 4924 1306 4973 καὶ
1327 4923 1422 4983 τὰς
1450 4919 1695 4994 ἐπηρείας
1710 4923 1905 4981 ταυτας

2026 4919 2360 4987 incolentes,
2393 4915 2720 4972 durissima
2748 4931 3005 4987 quaeque
3033 4913 3428 4986 perpetimur.

296 5003 637 5080 ἐνεργούντων
668 5006 837 5060 αὐτῶν
875 5011 917 5060 ὠ
945 5010 1012 5061 τὰ
1032 5007 1216 5078 πολλὰ,
1256 5011 1287 5069 ἣ
1320 5029 1702 5084 συνεργουντων
1740 5012 1945 5072 πάντως
1973 5017 2084 5071 τοῖς
2113 5007 2410 5080 ἐνεργοῦσιν
2443 5022 2456 5036 ⁸
2496 5004 2545 5058 ἐν
2576 5007 2702 5079 ἡμῖν
2734 5001 2794 5058 δὲ
2820 5011 2990 5058 πᾶσαι
3014 5002 3361 5074 ἐνεργοῦνται,
3389 5005 3479 5054 καὶ
3503 4999 3682 5054 ἐπιϐα-

291 3747 653 3824 ἑκκενούμενον
681 3754 780 3824 ἀεὶ,
813 3759 900 3805 νῦν
931 3750 1220 3808 κινδυνεύει
1245 3760 1334 3808 καὶ
1353 3756 1423 3819 εἰς
1453 3757 1615 3816 αὐτὴν
1644 3765 1900 3832 περιστῆ-

292 3858 386 3889 ναι
414 3843 506 3897 τὴν
535 3846 1016 3915 παροιμιαζομένην
1039 3843 1255 3918 ἐρημίαν
1277 3847 1548 3905 Σκυθικήν.
1567 3849 1637 3899 Τὸ
1662 3843 1720 3899 δὲ
1737 3849 1902 3898 αἴτιον

293 3931 383 3979 ὅτι
422 3929 632 3993 πολλαῖς
675 3931 942 4007 ἐπηρεὶαις
981 3931 1332 4008 βαρυνόμεθα,
1374 3934 1563 4008 μᾶλλον
1604 3931 1664 3988 δὲ
1699 3935 1904 3988 πλείοσι

292 4021 391 4070 καὶ
427 4016 761 4095 βαρυτέραις,
790 4025 920 4094 ἤπερ
952 4024 1002 4075 οἱ
1019 4031 1359 4096 γειτονοῦντες
1388 4026 1513 4097 ἡμῖν
1537 4023 1709 4078 λοιποὶ
1738 4045 1904 4077 κατω-

288 4113 455 4160 τικοί.
491 4108 565 4161 0'3
608 4115 762 4182 μόνον
790 4113 892 4186 γὰρ
939 4114 1089 4184 ἡμεῖς
1132 4109 1216 4175 ὃὶς
1255 4118 1344 4166 καὶ
1383 4118 1491 4188 τρὶς
1526 4119 1616 4166 καὶ
1657 4113 1904 4176 πολλάκις

280 4200 437 4273 παρά
481 4202 572 4260 τὰς
611 4205 844 4272 γείτονας
885 4203 1029 4274 ἡμῶν
1059 4209 1240 4278 χώρας
1278 4205 1572 4277 ὑπέστημεν
1605 4203 1907 4281 ἀναγραφὰς

281 4293 378 4340 καὶ
407 4288 751 4362 ἐπιτηρήσας
782 4289 1048 4367 ἁναφορῶν
1077 4301 1480 4366 γεωμετρουσῶν
1501 4297 1679 4365 ἴχνεσι
1698 4293 1904 4366 ψυλλῶν

284 4381 544 4455 ἄντικρυς
565 4382 633 4432 τὰ
653 4379 949 4453 ὑπόψαμμα
975 4386 1127 4435 ταυτὶ
1156 4387 1247 4435 καὶ
1265 4381 1529 4457 λυπρόγεα
1549 4385 1694 4456 ἡμῶν
1715 4381 1826 4457 γήδ
1831 4405 1904 4452 ια,

291 5101 406 5168 ρῶς
434 5096 640 5150 ᾱπασαι
667 5101 759 5150 καὶ
788 5105 888 5150 τῶν
917 5097 1082 5151 ἄλλων
1113 5103 1411 5174 πρώτιστα,
1442 5104 1534 5154 καὶ
1573 5107 1741 5154 ταῦτα
1765 5100 1813 5153 ἐν
1844 5108 1907 5172 τῇ
1939 5107 2000 5159 τῆ
2011 5120 2033 5161 ς
2059 5094 2308 5160 Ἑλλάδος
2332 5100 2578 5170 κειμένοις
2603 5095 2856 5168 ἐσχατιᾷ.

2093 5207 2216 5263 Ηοο
2236 5204 2319 5261 ita
2339 5219 2467 5262 esse
2483 5218 2682 5260 annus
2701 5201 2974 5274 proxime
2991 5199 3232 5273 elapsus
3249 5201 3518 5255 testatur.
3533 5200 3678 5256 Cum

2023 5295 2182 5353 enim
2228 5293 2475 5351 navium
2507 5291 2871 5350 constructio
2901 5289 3236 5362 juberetur,
3270 5289 3682 5360 grandissima

2023 5384 2200 5442 nobis
2236 5381 2496 5455 pecunia
2533 5394 2776 5437 summa
2822 5377 3258 5451 imperabatur,
3307 5392 3420 5436 nec
3477 5383 3679 5436 tamen

2026 5474 2232 5532 classis
2274 5472 2569 5529 aedificata
2597 5471 2728 5528 fuit.
2773 5472 2920 5527 Cum
2951 5469 3091 5526 dein
3115 5469 3362 5527 Pansias
3392 5469 3680 5528 Stirionos

2024 5580 2194 5622 mare
2242 5563 2537 5634 lustraret,
2585 5576 2760 5618 nova:
2819 5558 3000 5618 nobis
3049 5559 3320 5632 pecuniae
3374 5560 3683 5633 imperatas

2026 5657 2185 5718 sunt.
2208 5656 2402 5728 Sguro
2426 5665 2675 5728 quoque
2697 5666 2772 5712 ac
2799 5649 3046 5726 praetori
3073 5651 3157 5713 ad
3177 5648 3352 5709 navis
3382 5648 3683 5709 (adiﬁcan-

370 5208 473 5257 Καὶ
536 5211 797 5280 μαρτυρεῖ
853 5208 912 5258 τὸ
979 5215 1256 5282 προσεχῶς
1316 5207 1570 5282 παρελθὸν
1637 5209 1770 5279 ἔθος,
1833 5209 1917 5260 ὅτε

280 5297 517 5354 κτίσεως
577 5299 842 5368 κατέργων
935 5297 1255 5369 ὁρισθείσης,
1317 5299 1469 5370 ἡμεῖς
1539 5305 1732 5370 πρῶται
1823 5301 1914 5350 καὶ

284 5387 440 5455 μόνοι
489 5391 592 5436 τῶν
649 5383 838 5454 ἄλλων,
876 5389 1064 5460 καίπερ
1125 5391 1196 5459 μὴ
1253 5388 1552 5456 κισθέντων,
1619 5385 1917 5462 ἐζημιώθη-

291 5492 383 5544 pm
416 5491 430 5503 ο
473 5475 560 5527 ὅτε
599 5481 693 5527 τοῦ
743 5481 976 5528 Πανσίου
1033 5477 1299 5547 (Παυσίου
1328 5477 1382 5547 Ῡ)
1419 5482 1709 5552 Στειριόνου
1754 5497 1914 5531 κατα-υ

292 5563 661 5634 πεπλευκότος,
738 5569 890 5638 μόνοι
957 5565 1112 5620 πάλιν
1169 5570 1358 5641 ἡμεῖς
1457 5569 1585 5646 ὑπερ
1673 5567 1916 5642 πλωίμων

286 5651 690 5728 κατεϐαλόμεθα
741 5675 756 5690 ο
825 5655 985 5714 ἡνίκα
1052 5656 1208 5716 παλιν
1282 5657 1412 5735 imi?
1501 5657 1749 5733 πλωΐμων
1844 5665 1918 5733 τῷ
