4134 6382
488 307 594 364 879

1365 312 1734 373 MICHAELIS
1771 314 2155 372 ACOMINATI
2192 311 2622 370 ATHENARUM
2657 308 2976 368 ARCHIEP.

3744 313 3856 368 380

488 430 602 487 das
621 434 884 505 majores
899 452 1083 509 quam
1105 438 1340 510 Thebae,
1353 455 1541 512 quam
1559 439 1833 512 Euripus,
1851 439 2140 512 pecunias

2249 439 2515 515 Σγο[υ]ρῷ
2545 442 2635 492 καὶ
2663 446 2736 510 τῷ
2773 442 3034 512 πραίτωρι
3062 441 3335 499 ποσότητα
3360 436 3663 510 δεδώκαμεν
3694 433 3857 488 ἀπαι-

487 522 906 596 persolvimus,
937 528 1042 599 qui
1072 546 1144 584 ex
1165 545 1380 585 norma
1401 531 1651 602 antiqua
1676 530 1754 585 ab
1783 530 2140 602 imperatore

487 608 624 681 ipso
653 616 1005 688 praescripta
1024 617 1226 674 minus
1253 619 1381 674 sine
1408 618 1594 674 dubio
1633 618 2007 675 debebamus
2029 618 2140 675 sol-

487 714 624 758 vere
632 742 647 758 .

563 983 678 1041 Sed
702 987 865 1043 censi
895 991 1182 1061 pecunias
1222 993 1644 1065 expostulatas,
1684 994 2014 1067 piratarum
2035 1011 2137 1050 ex-

489 1074 786 1132 torsiones
823 1079 1148 1149 patiamur.
1186 1084 1501 1148 Quomodo
1558 1089 1760 1142 autem
1813 1090 2138 1158 praetorum

487 1161 835 1222 arbitrarias
890 1171 1236 1227 vexationes
1280 1173 1451 1228 siccis
1498 1174 1686 1230 oculis
1748 1177 2075 1232 referemus
2111 1175 2140 1230 ?

488 1252 727 1309 Praetori
751 1255 1017 1329 quidem,
1037 1276 1220 1331 quem
1249 1278 1411 1318 nunc
1444 1263 1762 1328 habemus,
1789 1265 2021 1320 nullum
2038 1265 2139 1335 jus

489 1343 597 1405 est,
631 1344 916 1413 pecunias
942 1347 1142 1404 tributi
1179 1349 1349 1406 titulo
1387 1352 1688 1423 exigendi,
1715 1353 1940 1410 nedum
1963 1353 2140 1424 juris-

489 1426 810 1487 dictionem
838 1433 899 1488 in
940 1450 1051 1491 nos
1089 1439 1426 1509 exercendi,
1459 1441 1756 1517 siquidem
1785 1441 2137 1515 chrysobul-

485 1513 613 1572 lum
643 1518 1094 1592 imperatorium
1123 1543 1260 1582 eum
1294 1527 1372 1582 ab
1402 1513 1590 1586 Attica
1615 1513 1910 1603 prohibet.
1949 1533 2139 1590 Nihilo

487 1606 679 1662 secius
690 1609 852 1666 idem
867 1628 1115 1670 censum
1132 1624 1670 1690 supererogaturus
1695 1637 1831 1677 cum
1855 1623 2140 1679 omnibus

487 1696 614 1749 suis
637 1699 819 1766 venit,
851 1701 1225 1760 nebulonum
1247 1707 1426 1763 turba
1445 1724 1515 1764 ac
1534 1708 1849 1766 hominum
1872 1728 2141 1786 nequam

2245 531 2476 588 τηθέντες
2505 547 2594 580 και
2624 529 2854 596 ἄκοντες,
2888 529 3085 585 ὁπόσην
3125 525 3332 582 οὐδὲτὸ
3363 531 3501 603 ὃριον
3524 524 3732 593 Θηϐῶν,
3762 529 3860 578 καὶ

2247 617 2477 692 Εὐρίπου
2507 615 2816 671 κατεϐάλετο
2841 639 2852 652 ·
2882 622 2972 670 καὶ
2999 624 3168 670 ταῦτα
3194 626 3286 672 τοῦ
3314 618 3434 672 καθ’
3459 620 3593 690 ἡμᾶς
3617 617 3763 691 ὁρίου
3797 617 3860 668 ἔκ

2245 726 2300 760 τε
2333 707 2558 760 παλαιοῦ
2582 708 2749 774 ἔθους,
2777 705 2906 760 ἀλλά
2935 703 3002 765 δὴ
3045 711 3134 760 καὶ
3165 707 3266 762 ἀπὸ
3297 716 3392 769 τῆς
3429 710 3701 780 γενομένης
3733 704 3861 758 καθ’

2245 798 2465 872 ὁρισμὸν
2531 796 2835 872 ἀπογραφῆς
2875 795 3318 871 πολλοστημόριον
3358 795 3734 863 ἐπιϐάλλοντος,
3784 795 3860 846 ὧν

2246 884 2414 939 ἂκεῖνα
2450 885 2836 939 καταϐαλέσθαι
2873 885 3104 958 ὤφειλον.

2321 1010 2509 1084 Ἐῶμεν
2553 1009 2818 1086 ἀναφέρειν
2863 1015 2956 1070 τήν
3003 1019 3096 1064 τοῦ
3133 1016 3330 1070 κήνσου
3380 1010 3689 1078 ἀπαίτησιν,
3760 1013 3861 1068 τὴν

2243 1098 2525 1156 λεηλασίαν
2582 1108 2680 1153 τῶν
2737 1100 3022 1154 θαλαττίων
3059 1100 3284 1174 λῃστῶν.
3319 1099 3473 1153 Ἀλλά
3500 1105 3594 1158 τὴν
3623 1118 3862 1176 πραιτω-

2244 1194 2399 1263 ρικήν
2443 1188 2685 1264 ἐπήρειαν
2748 1195 2837 1243 καὶ
2903 1187 3216 1244 δυναστείαν
3281 1199 3390 1252 πῶς
3456 1189 3516 1241 ἀν
3587 1185 3862 1262 ἀδακρυτὶ

2245 1283 2337 1330 καὶ
2395 1275 2795 1352 διηγησαίμεθα
2845 1298 2858 1344 ;
2915 1276 3196 1352 Μηδεμιᾶς
3271 1281 3373 1354 γὰρ
3441 1283 3601 1338 οὔσης
3666 1276 3860 1348 ἔνοχῆς

2247 1369 2375 1440 ὑπὲρ
2407 1376 2497 1420 τοῦ
2543 1370 2688 1442 ὁρίου
2727 1371 2874 1441 ἡμῶν
2919 1377 2992 1440 τῷ
3035 1371 3172 1421 κατά
3208 1370 3424 1442 καιρούς
3466 1371 3747 1440 πραίτωρι,
3794 1367 3859 1418 οὗ

2247 1465 2608 1532 πραιτωρικῆς
2665 1456 2937 1534 ἐνεργείας,
3020 1457 3079 1509 ού
3154 1464 3515 1532 πραιτωρικῆς
3583 1451 3862 1508 δικαιοδο-

2250 1550 2386 1616 σίας,
2441 1547 2622 1599 καθότι
2674 1548 3036 1622 προσκυνητὼ
3086 1544 3481 1619 χρυσόϐουλλον
3534 1549 3624 1598 καὶ
3690 1545 3859 1602 αὐτὴν

2249 1634 2493 1708 ἀπεῖγρον
2558 1639 2650 1693 τήν
2710 1635 2782 1697 εἰς
2846 1636 3071 1698 Ἀθήνας
3124 1635 3265 1706 αύτῷ
3303 1631 3538 1710 πάροδον
3587 1665 3656 1674 -
3713 1635 3738 1686 ὁ
3797 1630 3860 1686 δὲ

2251 1729 2542 1782 σκήπτεται
2620 1727 2709 1797 μὲν
2763 1729 2856 1783 τήν
2918 1726 3063 1778 ἕνεκά
3132 1744 3192 1796 γε
3256 1730 3657 1799 προσκυνήσεως
3722 1723 3858 1776 εἰσέ-

486 1785 759 1859 stipatus,
783 1790 886 1860 qui
916 1797 1090 1863 rapto
1115 1793 1322 1851 vivunt
1341 1797 1518 1868 quasi
1541 1798 1745 1856 hostes
1768 1785 1986 1858 terram
2006 1803 2139 1858 bar-

2248 1812 2420 1866 λευσιν
2465 1809 2613 1866 αἰδοῖ
2662 1817 2812 1886 τάχα
2849 1822 2947 1866 τῶν
2985 1813 3412 1888 χρυσοϐούλλων,
3465 1812 3746 1888 ἐπέρχεται
3800 1810 3862 1865 δὲ

483 1873 701 1932 baram
729 1876 1110 1938 invasissent.
1140 1883 1315 1941 Aliud
1344 1893 1651 1960 raptorum
1677 1907 1889 1961 genus,
1913 1892 2138 1967 subpu-

484 1961 867 2026 blicanorum
883 1968 1152 2042 inquam,
1175 1974 1536 2046 quingentos
1559 1979 1779 2050 singuli
1799 1961 2141 2038 medimnos

485 2053 752 2124 quotidie
784 2057 1058 2131 exigunt;
1089 2060 1230 2118 item
1260 2071 1670 2123 armentorum
1695 2085 1765 2125 ac
1806 2071 2140 2127 volatilium

485 2155 718 2212 greges,
731 2144 986 2216 piscium
1007 2156 1298 2221 quantum
1317 2170 1482 2211 mare
1503 2156 1627 2224 dat,
1649 2157 1772 2214 vini
1795 2159 1932 2232 plus
1953 2177 2142 2234 quam

484 2229 676 2287 vineae
694 2239 909 2291 nostrae
926 2239 1288 2311 producunt,
1303 2259 1425 2299 non
1447 2245 1572 2303 sine
1593 2248 1771 2304 minis
1789 2229 2139 2320 efﬂagitant.

486 2320 622 2376 Haec
667 2322 950 2382 facientes
991 2331 1352 2401 mercedem,
1398 2339 1690 2409 tanquam
1727 2337 2141 2397 benefactores

490 2413 680 2467 nostri
725 2422 944 2480 essent,
988 2435 1245 2493 eamque
1289 2425 1434 2481 satis
1483 2427 1799 2496 grandem,
1843 2429 1966 2487 imo
2013 2431 2142 2487 auri

485 2500 730 2570 pondus
757 2506 1065 2576 postulant
1102 2511 1269 2582 quod
1298 2513 1571 2585 ipsorum
1602 2517 1866 2573 avaritiae
1895 2535 2005 2591 par
2045 2521 2139 2577 sit.

485 2589 572 2644 En
594 2599 910 2680 praetorem
927 2598 1125 2669 ipsum
1153 2601 1279 2673 qui,
1296 2609 1623 2678 antequam
1645 2589 1960 2680 Deiparam
1981 2610 2140 2667 salu-

487 2677 650 2786 tavit,
665 2681 828 2739 hunc
843 2684 944 2757 obj
955 2694 1128 2759 urgat
1143 2691 1310 2762 quod
1329 2708 1454 2749 non
1474 2695 1720 2753 obviam
1739 2677 1803 2754 se
1823 2700 1875 2754 ei
1891 2699 2143 2786 dederit,

486 2764 654 2827 illum
684 2771 765 2828 ob
794 2773 977 2831 aliam
1002 2792 1253 2837 causam
1272 2781 1334 2836 in
1354 2782 1596 2842 vincula
1624 2787 1867 2857 conjicit
1889 2791 1944 2845 et
1967 2764 2145 2861 pecu:

483 2856 599 2914 niis
622 2861 858 2950 multat.
881 2865 975 2920 Sic
1003 2867 1273 2939 quotidie
1301 2869 1377 2928 de
1398 2878 1608 2930 nostro
1631 2856 1864 2946 vivens,
1891 2856 2146 2950 vectigal

484 2947 960 3008 ecclesiasticum
992 2971 1028 3010 a
1057 2956 1234 3013 nobis
1264 2959 1448 3030 exigit
1475 2961 1656 3033 plane
1684 2963 1911 3034 ignaris
1940 2947 2143 3024 utrum

482 3033 545 3090 in
563 3039 955 3097 sanctissimae
971 3043 1239 3117 Deiparw
1254 3046 1548 3106 honorem
1560 3067 1639 3107 an
1659 3033 1737 3108 ad
1754 3053 1938 3110 alium
1957 3056 2143 3115 ﬁnem

485 3129 931 3198 extorqueatur.
951 3134 1066 3188 Nec
1085 3133 1249 3191 solus
1268 3153 1281 3192 :
1299 3135 1652 3209 logariastes
1673 3141 1853 3208 enim,
1873 3147 2143 3214 protove-

487 3213 746 3284 stiarius,
769 3223 1304 3290 protocentarchus
1330 3230 1386 3282 et
1414 3227 1514 3283 alii
1536 3228 1761 3286 similes
1786 3213 2138 3300 succedunt,

484 3316 610 3360 non
632 3305 799 3375 prius
817 3323 1007 3380 quam
1028 3314 1352 3382 pecuniam
1372 3314 1758 3392 obtinuerint,
1772 3336 1834 3377 se
1860 3321 1998 3378 inde
2019 3339 2141 3379 ces-

486 3407 660 3448 suros
681 3393 1078 3456 declarantes.
1104 3400 1413 3462 Postremo
1433 3405 1899 3479 deprecantibus
1927 3427 1998 3468 ac
2036 3428 2140 3470 ne-

487 3482 770 3552 gantibus
792 3487 989 3562 nobis,
1017 3506 1145 3548 rem
1167 3492 1294 3551 sine
1315 3497 1587 3554 maxima
1613 3497 1960 3559 difﬁcultate
1991 3503 2141 3560 obti-

483 3573 614 3630 neri
639 3590 836 3649 posse,
880 3581 1269 3655 condonavit,
1298 3590 1375 3655 et,
1406 3587 1624 3646 relictis
1652 3593 1971 3664 exacturis,
2000 3611 2141 3652 cum

483 3663 694 3756 praeda
708 3667 1009 3740 profectus
1025 3676 1133 3729 est.
1158 3675 1333 3740 Quod
1352 3677 1698 3748 jumentum
1728 3681 1809 3738 ad
1831 3663 2140 3756 publicam

485 3753 827 3813 servitutem
858 3774 983 3816 non
1014 3762 1494 3836 rapitur‘muam
1529 3785 1690 3845 saepe
1719 3753 1984 3845 raptum,
2015 3789 2142 3833 non

486 3843 673 3900 semel
699 3846 805 3902 sed
841 3846 937 3904 bis
973 3865 1010 3906 a
1039 3866 1389 3924 possessore
1416 3843 1809 3934 redemptum
1825 3864 2138 3931 est?Quaa-

483 3946 724 4008 cunque
745 3939 1134 4010 possedimus
1151 3944 1286 4018 rapi
1315 3949 1372 4004 et
1399 3947 1497 4020 agi
1527 3948 1606 4008 ab
1628 3950 1755 4008 istis
1784 3951 2139 4014 inhumanis

481 4022 767 4082 vidimus.
853 4028 863 4037 '

2249 1910 2582 1977 πανστρατιᾷ
2632 1907 2762 1977 μετὰ
2803 1913 2902 1955 τῶν
2962 1904 3171 1975 ἑαυτοῦ,
3227 1908 3316 1957 καὶ
3379 1905 3502 1966 τοὺς
3565 1902 3864 1976 ἐγχωρίους

2248 1999 2486 2065 κηφῆνας
2544 1999 3019 2066 συνεπισπώμενος,
3087 1989 3329 2068 ἀνδράρι’
3402 1994 3538 2048 ἄττα
3605 1992 3860 2066 τριοϐολιο

2250 2089 2402 2154 μαῖα,
2465 2086 2556 2134 καὶ
2606 2087 2698 2140 τὴν
2762 2080 3012 2156 ἐφήμερον
3077 2087 3272 2156 τροφήν
3337 2081 3392 2145 ἐξ
3453 2081 3696 2156 ἀρπαγῆς
3768 2087 3861 2134 καὶ

2248 2169 2443 2231 κλοπῆς
2485 2174 2843 2244 ποριζόμενος,
2886 2173 3059 2248 ὥσπερ
3092 2171 3151 2223 ἂν
3191 2172 3236 2224 εἰ
3273 2173 3407 2224 κατά
3445 2171 3691 2245 πολεμίας
3720 2175 3862 2234 τινός

2249 2265 2338 2313 καὶ
2385 2258 2714 2334 βαρϐαρικῆς
2751 2267 2936 2335 χώρας
2975 2261 3228 2314 εἰσϐαλεῖν
3268 2259 3484 2334 ἔμελλεν.
3527 2260 3862 2335 ’Ἐμπροσθεν

2251 2345 2312 2402 δε
2349 2347 2511 2403 αὐτοῦ
2547 2350 2628 2424 (τὸ
2658 2357 2752 2412 τῆς
2787 2357 2995 2424 Γραφῆς
3034 2351 3206 2423 εἰπειν)
3247 2355 3425 2427 τρέχει
3454 2349 3701 2416 ἀπώλεια,
3734 2352 3864 2403 ὑπο-

2252 2433 2546 2514 δοχάτορές
2622 2459 2750 2500 τινες
2841 2439 3167 2514 καλούμενοι,
3257 2437 3862 2514 πεντακοσιομεδίμνους

2253 2526 2525 2590 ζητοῡννες
2573 2526 2796 2590 ἑκάστης
2841 2525 3043 2603 ἀνδρῶν
3081 2548 3135 2583 τε
3172 2534 3263 2582 καὶ
3318 2531 3486 2583 ἳππων
3516 2532 3727 2604 τροφὰς,
3768 2534 3862 2582 καὶ

2255 2617 2560 2691 θρεμμάτων
2618 2617 2710 2671 ὅλα
2773 2623 2992 2692 ποίμνια
3055 2625 3144 2672 καὶ
3209 2620 3424 2693 ὀρνίθων
3480 2619 3600 2682 ὅλας
3650 2619 3859 2692 ἀγέλας,

2252 2709 2312 2758 τὸ
2354 2709 2564 2778 σύμπαν
2608 2717 2702 2770 τῆς
2755 2709 3015 2772 θαλάττης
3062 2709 3188 2782 ὄψον
3228 2709 3671 2786 εἰσπραττόμενοι,
3714 2714 3858 2764 οἴνου

2252 2813 2308 2848 τε
2343 2804 2554 2872 χρῆμα,
2607 2797 2726 2852 ὅσον
2771 2793 2888 2852 οὐδ’
2917 2797 2978 2852 ἂν
3017 2800 3074 2856 αἱ
3109 2799 3228 2855 καθ’
3266 2801 3403 2872 ἡμᾶς
3431 2800 3648 2872 ἄμπελοι
3681 2818 3854 2876 γεωρ-

2251 2888 2488 2955 γήσαιεν,
2544 2887 2632 2938 καὶ
2695 2885 2778 2938 ἶνα
2841 2889 2914 2958 μὴ
2969 2895 3404 2963 μακρηγορῶμεν,
3450 2895 3562 2950 τοῖς
3592 2890 3726 2943 κατά
3772 2892 3861 2960 μὲ-

2252 2991 2338 3047 ρος
2380 2972 2676 3036 ἐπεξιόντες.
2749 2979 2849 3027 Καὶ
2897 2978 3087 3048 μισθόν
3155 2976 3239 3029 ἐπὶ
3289 2980 3496 3038 τούτοις
3544 2975 3862 3030 ἀπαιτοῦσιν

2253 3064 2322 3123 ὡς
2370 3061 2630 3138 εὐεργέται
2693 3066 2845 3135 τινες,
2911 3069 3001 3118 καὶ
3047 3067 3239 3137 μισθὸν
3285 3065 3343 3118 ού
3384 3066 3574 3138 φαῦλόν
3613 3087 3732 3120 τινα
3772 3071 3865 3120 καὶ

2250 3157 2459 3224 κοῦφον,
2516 3150 2624 3204 ἀλλ’
2681 3154 2836 3211 ὁλκήν
2897 3158 3152 3228 χρυσίου,
3205 3156 3334 3213 ὅσην
3387 3155 3448 3207 ἆν
3492 3156 3674 3218 αὐτοῖς
3718 3175 3865 3232 περι-

2253 3246 2426 3317 στήσῃ
2486 3244 2545 3296 τὸ
2611 3251 2704 3305 τῆς
2772 3241 3043 3301 ἀπλήστου
3105 3243 3288 3318 ψυχῆς
3351 3245 3518 3300 αὐτῶν
3581 3246 3854 3324 ἐφιέμενον.

2249 3335 2367 3386 Ἐπὶ
2412 3332 2616 3394 τούτοις
2678 3333 2873 3386 ἔπεισιν
2940 3334 2966 3385 ό
3022 3337 3258 3410 πραίτωρ
3308 3335 3463 3399 αύτὸς
3501 3356 3514 3370 ·
3571 3341 3661 3390 καὶ
3703 3339 3858 3414 πρινὴ

2247 3419 2497 3481 πολλάκις
2550 3425 2646 3480 τὴν
2692 3424 3052 3495 προσκύνησιν
3111 3421 3465 3497 ἀφοσιώσεται
3528 3431 3592 3499 τῇ
3673 3427 3864 3500 θεομή-

2250 3527 2386 3586 τορι,
2430 3515 2523 3561 τοῦ
2574 3511 2664 3586 μεν
2703 3514 2998 3588 κατέχυρος
3055 3512 3123 3584 (ῐ.
3163 3515 3464 3590 κατηκορεῖ)
3512 3517 3585 3589 μή
3628 3511 3854 3573 ἀπαντήο

2253 3617 2458 3667 σαντος,
2525 3597 2678 3654 ἄλλον
2754 3597 2814 3653 δε
2874 3601 2992 3655 κατ’
3067 3601 3224 3662 ἀλλην
3277 3603 3450 3657 αἰτίαν
3515 3605 3857 3678 καθείργνυσι

2250 3691 2340 3740 καὶ
2383 3690 2568 3761 ζημιοῖ
2604 3709 2617 3720 ·
2651 3692 2741 3742 καὶ
2779 3689 2914 3741 οὕτω
2967 3693 3363 3765 κατευωχηθεὶς
3401 3695 3568 3768 ἡμῶν,
3619 3690 3690 3765 ἐφ’
3731 3692 3860 3745 ὅσον

2250 3775 2310 3828 ἀν
2367 3776 2610 3852 βούλοιτο
2672 3785 2786 3842 ταῖς
2840 3781 3075 3857 ἡμέραις,
3137 3781 3284 3842 ζητεῖ
3339 3786 3782 3859 προσκυνητίκιον
3842 3803 3857 3817 ·

2249 3867 2345 3921 ούκ
2401 3865 2638 3946 οἴδαμεν,
2689 3873 2789 3924 εἴτε
2832 3872 2897 3932 ὡς
2940 3877 3318 3950 προσκυνήσας
3354 3878 3449 3933 τὴν
3503 3876 3798 3949 θεομήτορα
3845 3890 3862 3906 ’

2248 3963 2340 4012 καὶ
2401 3959 2461 4012 ού
2515 3965 2669 4034 μόνον
2738 3961 2915 4034 αὐτὸς,
2985 3962 3113 4016 αλλά
3171 3968 3262 4017 καὶ
3325 3963 3680 4040 λογαριαστής
3769 3969 3867 4019 καὶ

2248 4047 2723 4128 πρωτοϐεστιάριος
2754 4054 2846 4105 καὶ
2893 4057 3383 4130 πρωτοκένταρχος,
3432 4058 3522 4107 καὶ
3559 4053 3781 4118 καθεξῆς
3811 4057 3864 4107 οἱ

482 4119 828 4190 παρεπόμενοι
857 4117 1080 4183 ἅπαντες
1099 4141 1112 4156 θ
1145 4127 1235 4177 καὶ
1266 4121 1303 4176 δ
1307 4131 1597 4199 ιατείνεται,
1630 4134 1702 4204 μὴ
1731 4135 1978 4209 πρότερον
2018 4131 2245 4192 ἐντεῦθεν
2276 4117 2586 4206 ἀναστῆναι,
2615 4139 2800 4216 πρὶνᾶν
2838 4142 2888 4194 ἂν
2917 4148 3030 4203 ταῖς
3058 4142 3217 4196 αὖτοῧ
3241 4148 3404 4218 χερσὶ
3433 4150 3586 4196 τοῦτο
3621 4138 3858 4207 δέξαιτο·

482 4197 546 4218 Ἀ
770 4205 816 4218 ιι
840 4210 850 4218 ι
915 4205 937 4218 Α
1049 4214 1058 4218 -
1196 4215 1208 4218 -
1508 4214 1525 4218 _

481 4197 663 4274 Ὅμως
701 4205 864 4260 πολλά
902 4205 1154 4284 δεομένων
1184 4215 1332 4288 ἡμῶν
1373 4221 1464 4270 καὶ
1495 4197 1972 4297 διομνυμένων,’μὴ
2015 4223 2182 4288 ἄλλως
2213 4223 2475 4282 δύνασθαι
2503 4197 2665 4284 τούτο⁸
2695 4228 3024 4302 καταϐαλεῖν,
3057 4232 3098 4284 εἰ
3135 4236 3208 4308 μὴ
3240 4197 3410 4295 ζοίνός
3435 4235 3613 4312 ἔρανος
3634 4236 3856 4308 γένοιτο,

483 4292 716 4346 πείθεται
758 4295 929 4370 μόλις,
973 4305 1063 4353 καὶ
1121 4305 1209 4356 τὸν
1263 4303 1663 4383 εἰσπραξόμενον
1694 4309 1876 4384 ἐάσας,
1918 4311 2159 4390 ἀπαίρειν
2188 4319 2666 4393 παρασκευάζεται.
2703 4315 2832 4374 Εἶτα
2853 4327 3001 4376 ποῖον
3031 4322 3319 4396 ὑποζύγιον
3346 4323 3441 4377 οὐκ
3471 4322 3853 4401 ἀγγαρεύεται;

483 4386 533 4401 ιι
545 4379 621 4401 -Ακ
639 4400 644 4401 ,
729 4379 763 4401 Is
880 4393 901 4401 ..
993 4387 1007 4401 ι
1233 4398 1240 4401 .
1470 4396 1482 4401 -
1645 4399 1654 4401 _
1817 4397 1832 4401 _

1385 4379 1393 4380 κ
1515 4379 1524 4383 ,
1862 4379 1870 4384 .
2051 4379 2063 4390 ,
2263 4379 2274 4393 ι
2512 4379 2522 4381 ν
3146 4379 3164 4384 '
3213 4379 3226 4396 Ι
3511 4379 3526 4401 ο
3548 4379 3562 4398 σ
3613 4379 3624 4399 Ι
3836 4379 3850 4390 ’

480 4379 685 4435 Μᾶλλον
716 4379 776 4438 δὲ
805 4393 953 4440 ποῖον
984 4387 1396 4469 ἀγγαρευὸμενον
1426 4396 1486 4450 ού
1514 4405 1588 4474 τῷ
1607 4399 1781 4474 οἰκείῳ
1803 4397 2034 4482 δεσπότῃ
2067 4407 2451 4487 πιπράσκεται,
2475 4408 2581 4484 οὐχ
2601 4408 2764 4480 ἅπαξ,
2795 4409 2925 4463 ἀλλά
2942 4409 3189 4480 πολλάκις
3211 4417 3300 4467 καὶ
3323 4409 3559 4490 δεύτερον
3583 4429 3599 4485 ;
3621 4411 3686 4468 Ἥ
3705 4419 3850 4465 ποῖον

489 4468 531 4490 1L
547 4486 561 4490 Α
578 4489 585 4490 ,
720 4474 732 4490 ν
807 4471 831 4490 ι
1011 4487 1029 4490 μ
1108 4478 1163 4490 ο.
1299 4485 1311 4490 -
1361 4481 1380 4490 -
1563 4488 1571 4490 μ
1867 4489 1875 4490 ,

484 4468 654 4547 ἕτερον
685 4471 1060 4536 οίονδηποτοῦν
1082 4478 1218 4545 εἶδος
1251 4468 1315 4538 ού
1348 4481 1384 4539 δ
1389 4488 1702 4564 ιαρπάζιται
1726 4494 1816 4544 καὶ
1857 4468 2231 4569 ἀπεμπολεῑται
2257 4497 2478 4554 ἕκαστον
2508 4498 2696 4572 αὐτῶν,
2725 4499 2756 4560 ἦ
2789 4499 3058 4576 αἰρόμενος
3095 4503 3304 4578 οἴχεται
3338 4520 3352 4572 ;

551 4617 687 4685 Cur,
724 4621 1124 4683 sacratissime
1160 4626 1428 4701 domine,
1458 4629 1577 4688 ista
1605 4631 1772 4691 mala
1805 4635 2138 4696 cervicibus

2315 4641 2404 4704 Εἰς
2439 4646 2493 4696 τί
2545 4649 2676 4715 γοῦν
2723 4644 2756 4702 ἢ
2811 4645 3030 4703 τοιαύτη
3096 4643 3326 4700 ἀπώλεια
3380 4647 3549 4718 ἡμῶν,
3618 4642 3856 4701 δέσποτα

478 4707 700 4764 nostris
741 4710 1097 4786 impendent
1133 4717 1162 4774 ?
1202 4717 1295 4776 Sic
1342 4719 1505 4777 enim
1543 4720 1728 4778 fiscus
1783 4725 1884 4796 jus
1945 4728 2142 4800 perdit

2247 4733 2393 4805 ὑμῶν
2439 4707 2576 4806 ἅγιε,
2624 4741 2720 4787 τοῦ
2759 4730 3026 4808 δημοσίου
3073 4732 3240 4809 μηδεν
3291 4707 3854 4811 ἕντεύθενικερδοιίνον-

477 4811 677 4870 suum,
707 4799 1005 4875 siquidem
1021 4805 1286 4881 plerique
1310 4813 1587 4866 nostrum
1615 4799 2027 4884 emigrant,iet
2054 4819 2140 4876 sic

2247 4799 2352 4890 τος,
2611 4825 2703 4897 μὶν
2733 4799 3228 4898 οὗν-ζημιουμένου,
3271 4821 3346 4880 δι’
3389 4821 3456 4877 ὧν
3494 4799 3627 4880 κατά
3663 4824 3852 4902 βραχὺ

477 4887 645 4959 regio
670 4897 884 4951 nostra
908 4893 1264 4960 hominibus
1289 4902 1470 4957 exuta
1508 4899 1740 4990 solvere
1755 4903 1886 4976 jam
1906 4908 2134 4980 nequit.

2247 4887 2722 4985 μεταναστεύούσιν
2787 4915 2838 4967 οἱ
2905 4887 3114 4976 πλείους
3177 4887 3346 4989 ἡμῶν,
3413 4919 3504 4968 καὶ
3565 4887 3854 4990 ἐρημοῦτάι

475 4977 673 5036 Pauca
717 4980 923 5055 itaque
973 4999 1187 5044 eorum
1245 5001 1385 5060 qua
1442 4989 1711 5061 patimur
1761 4977 2133 5067 enarrantes,

474 5066 840 5139 Hajestatem
871 5076 1037 5130 tuam
1063 5073 1459 5136 obsecramus
1477 5081 1545 5135 ut
1561 5081 1752 5138 nostri
1776 5066 2134 5153 miserearis,

473 5159 542 5212 ut
577 5155 982 5220 calamitatem
1019 5161 1180 5222 hanc
1221 5168 1495 5230 nostram
1535 5168 1794 5232 missam
1822 5172 2030 5246 facias,
2064 5192 2137 5234 ac

477 5255 664 5304 onera
683 5252 927 5319 portatu
946 5249 1154 5312 minus
1176 5252 1458 5324 graviora
1483 5255 1785 5332 imponas.
1807 5262 1963 5326 Nihil
1989 5281 2136 5329 sane

475 5332 646 5429 novi,
674 5334 1051 5400 incommodi
1067 5340 1219 5404 nihil
1240 5343 1502 5416 petimus
1520 5349 1690 5422 quod
1716 5367 1907 5424 regno
1935 5356 2132 5429 perni-

476 5420 708 5516 ciosus:
735 5441 883 5516 esse,
899 5429 1108 5500 possit.
1146 5434 1297 5496 Ante
1322 5420 1711 5502 omnia—vero
1738 5420 2136 5516 {praetorum

475 5510 731 5602 rapinis.
768 5515 1055 5580 violentia
1121 5537 1194 5583 ac
1231 5523 1579 5588 crudelitate
1641 5545 1758 5593 nos
1807 5510 2018 5602 libera,
2077 5539 2137 5594 et

474 5597 857 5672 defensorem
884 5607 1272 5685 imperatorio
1298 5619 1403 5680 tuo
1428 5618 1676 5683 nomine
1706 5624 1972 5686 concede
1996 5597 2134 5699 'qui

2243 5001 2368 5055 ὅσον
2416 4998 2524 5062 ἤδη
2565 5005 2598 5063 ἡ
2629 5006 2846 5081 χώραὴ
2898 5005 3143 5078 ἡμετίρα,
3196 5006 3266 5067 ὡς
3319 5003 3684 5080 καὶ-ἀνωτέρω
3714 5008 3854 5081 εἰρη-

2242 5109 2357 5162 ται,
2427 5096 2519 5146 καὶ
2583 5091 2894 5148 κολοϐοῦται
2953 5096 3015 5150 τὸ
3066 5092 3385 5168 ἕγνωσμίνον
3450 5093 3775 5171 ἀκρόστιχον
3836 5111 3853 5163 ;

2244 5181 2342 5238 Διά
2387 5187 2546 5238 τοῦτο
2592 5181 2744 5255 ὀλίγοι
2793 5183 2863 5240 ὧν
2908 5184 3188 5262 πάσχομεν
3220 5181 3587 5257 ἀνενεγκόντες,
3628 5180 3857 5257 δεόμεθα

2241 5277 2334 5332 τῆς
2386 5268 2877 5348 φιλανθρωποτάτη
2928 5271 3083 5347 ἁγίοις
3124 5271 3401 5348 βασιλείας
3449 5293 3568 5339 σου,
3611 5273 3856 5346 γενέσθαι

2242 5362 2336 5418 καὶ
2383 5359 2466 5435 ἔφ’
2504 5363 2632 5435 ἡμῖν
2682 5361 2841 5431 ilus,
2897 5367 2988 5422 καὶ
3023 5364 3261 5422 uestitu
3300 5366 3428 5422 ποτε
3462 5365 3552 5418 τὸν
3596 5361 3856 5418 κατακλυ-

2245 5453 2381 5523 σμὸν
2413 5459 2515 5509 τῶν
2557 5450 2808 5529 inultum
2841 5475 2856 5492 '
2906 5453 2940 5516 ἦ
2981 5449 3341 5528 διορισθῆναι,
3381 5457 3726 5530 μετριωτέροις
3762 5457 3854 5506 καὶ

2241 5540 2370 5612 ὑμῖν
2432 5545 2668 5618 {operite
2725 5545 2966 5617 γίνεσθαι
3019 5548 3112 5599 καὶ
3173 5546 3312 5600 κατά
3365 5547 3494 5607 τοὺς
3554 5547 3853 5618 προσιόντας

2240 5631 2368 5703 ἦμῖν
2419 5633 2674 5708 ὁρισμοὺς
2726 5631 2913 5712 (οὐδὲν
2974 5636 3080 5710 γὰρ
3131 5638 3426 5714 καινότερον
3482 5635 3758 5710 ζητοῦμεν,
3819 5632 3850 5692 ἢ
