4134 6390
259 345 367 400 381

1121 336 1220 394 AD
1258 336 1574 400 ALEXIUM
1614 336 2013 402 COMNENUM
2048 338 2185 400 PRO
2224 337 2801 401 ATHENIENSIBUS.

3543 343 3652 402 382

255 466 433 528 ἄλλως
472 471 548 536 τῷ
600 460 850 536 δημοσίῳ
899 461 1220 535 ἐπιζήμιον)·
1277 466 1367 515 καὶ
1414 470 1598 537 πρῶτα
1645 462 1880 514 ἁπαλλσί-
1910 462 1938 516 Α

1995 461 2239 519 decretis
2267 463 2385 518 tuis
2414 463 2746 520 insistendo
2775 463 2854 520 ad
2879 479 2975 520 res
3005 466 3244 520 nostras
3271 462 3378 520 rite
3406 479 3651 538 compo-

264 555 357 618 ξαι
408 556 544 627 ἡμᾶς
595 562 688 614 τῆς
737 559 1096 627 πραιτωρικῆς
1152 549 1364 624 ἐφόδου,
1429 548 1772 624 καταδρομῆς
1827 571 1881 606 τε

267 648 364 696 καὶ
423 640 723 718 διαρπαγῆς
774 648 869 694 τοῦ
927 638 1166 704 δοθέντος
1218 642 1344 714 ἡμῖν
1401 637 1879 714 δεφενδαρίου,με-

271 732 646 806 γαλυπερόχου
703 738 988 804 μυστικοῦ,
1053 734 1111 782 τὸ
1172 729 1297 806 παρ’
1358 732 1505 804 ἡμῶν
1561 728 1878 804 ἀφαιρούμε-

270 842 359 874 νον
443 822 854 896 ὑποκρατοῦντος
925 819 979 872 ἐκ
1039 823 1154 892 ξτῶν
1230 819 1664 894 εἰσκομιζομένων
1738 823 1882 895 ποιρά

269 919 377 963 τῶν
441 911 756 986 πραιτοίρων,
837 911 908 972 ὣς
978 905 1282 984 διώρισται,
1348 914 1440 962 καὶ
1512 909 1684 982 ὶτέρας
1746 912 1881 970 τινὸς

1990 551 2223 608 nendas
2269 553 2574 624 procedat.
2619 556 2767 610 Tum
2797 568 2984 609 naves
3010 556 3068 609 et
3098 553 3394 625 pecunias
3415 553 3477 610 in
3504 570 3650 610 usus

1989 641 2325 700 maritimos
2348 641 2632 698 dabimus
2658 645 2917 715 quantas
2935 640 3245 711 logotheta
3265 642 3464 699 dromi
3479 643 3646 699 dom.

1987 733 2246 787 Joannes
2278 731 2475 788 Ducas
2503 730 2679 787 nobis
2707 730 3114 803 imperaverit,
3163 729 3414 787 decretis
3461 731 3650 805 impe-

1988 819 2221 878 ratoriis
2235 819 2966 896 obtemperando,quibus
2985 834 3147 892 saepe
3164 835 3201 876 a
3217 819 3426 892 p0puli
3443 821 3652 877 adver-

1990 909 2165 966 sariis
2193 909 2545 967 contraitur.

270 999 536 1074 ἐγγράφου
609 997 969 1072 ἐπιφωνησεως
1040 1003 1131 1051 καὶ
1206 997 1421 1061 ἀπειλῆς
1496 998 1951 1072 ἐπανατεινομεγης
2018 998 2215 1065 αὐτοῖς,
2283 1002 2348 1052 τὰ
2415 1002 2624 1072 ἔσχατα
2687 1001 2982 1067 πείθεσθαι,
3052 999 3096 1052 εἰ
3170 1002 3243 1071 μὴ
3323 997 3650 1071 ἀπόσχοιντο
3719 999 3722 1002 ’

269 1097 368 1141 τοῦ
444 1091 586 1164 ὁρίου
651 1096 753 1140 τῶν
830 1087 1083 1147 Ἀθηνῶνο
1154 1089 1328 1140 ἔπειτα
1390 1092 1482 1142 καὶ
1554 1085 1845 1152 συνδοσίας
1902 1090 2150 1163 πλωῖμων
2232 1095 2323 1142 καὶ
2397 1090 2660 1163 πλωΐμους
2736 1086 2968 1157 διδόναι,
3043 1089 3200 1150 ὅσους
3275 1089 3400 1160 ἡμῖν
3466 1087 3653 1146 ἐπέθη-

266 1197 356 1231 κεν
413 1179 442 1236 ἡ
498 1177 772 1252 ἀπογραφὴ
833 1184 927 1231 τοῦ
985 1182 1423 1252 χρηματίσαντος
1481 1177 1759 1250 λογοθέτου
1815 1188 1906 1233 τοῦ
1965 1177 2186 1252 δρόμου,
2246 1187 2430 1255 κυροῦ,
2492 1180 2727 1234 Ἰωάννου
2785 1187 2878 1232 τοῦ
2938 1181 3126 1246 Δούκα,
3169 1181 3372 1250 καὶμὴ
3441 1175 3651 1239 πλείους

267 1267 466 1319 αὐτῶνθ
537 1272 673 1340 μήτε
747 1265 862 1320 ἀντὶ
929 1273 1028 1319 τῶν
1099 1264 1472 1320 ἐπιϐαλλόντων
1551 1269 1676 1342 ἡμῖν
1750 1269 1994 1342 πλωίμων
2060 1268 2116 1320 ἐκ
2178 1277 2272 1332 τῆς
2335 1272 2579 1331 τοιαύτης
2654 1268 2965 1347 ἀπογραφῆς
3051 1263 3337 1327 συνδοσίας
3416 1265 3653 1321 ἀπαιτεῖν

255 1357 384 1409 ἄνευ
418 1356 671 1429 ὁρισμοῦ.
716 1361 819 1409 Καὶ
846 1363 1000 1410 τοῦτο
1027 1357 1129 1430 γὰρ
1166 1355 1240 1430 ἐφ’
1269 1359 1392 1430 ἡμῖν
1423 1357 1678 1431 τολμᾶται
1707 1367 1818 1422 τοῖς
1847 1358 2192 1433 ταλαιπώροις
2221 1357 2401 1415 ίνίοτε.

346 1445 487 1498 Ἐπεὶ
561 1441 623 1498 δέ
689 1449 781 1498 καὶ
845 1445 1039 1508 πολλὰς
1103 1444 1402 1522 ἀναγραφὰς
1469 1447 1782 1522 ὑπέστημεν,
1817 1452 1882 1511 ὡς

259 1538 459 1608 μικρὸν
542 1535 737 1587 ἄνωθεν
826 1533 1194 1608 ἀνηνέγκαμεν,
1289 1532 1533 1610 δεόμεθα,
1627 1542 1698 1611 μή
1794 1544 1884 1597 καὶ

257 1619 415 1684 αὖθίς
454 1621 618 1698 βάρος
671 1621 972 1700 ἀναγραφῆς
1037 1623 1369 1700 ἓπιῤῥιφῆναι
1415 1634 1477 1698 τῇ
1529 1631 1686 1701 χώρᾳ
1743 1629 1886 1701 ἡμῶν

250 1713 307 1767 εἰ
366 1713 459 1766 καί
506 1712 557 1765 ἐν
596 1720 712 1774 ταῖς
758 1713 940 1777 ἄλλαις
981 1717 1149 1786 τυχὸν
1203 1720 1409 1789 χώραις
1460 1725 1556 1768 τῶν
1585 1721 1885 1792 κατωτέρων

251 1806 460 1879 ὁρισθῇ
517 1806 762 1877 γενέσθαι
820 1803 1117 1879 ἀναγραφή·
1188 1805 1298 1860 ἀλλ’
1361 1805 1751 1882 έπικυρωθῆναι
1797 1814 1886 1862 καὶ

251 1898 362 1949 τὸν
441 1895 584 1947 ἕνεκα
660 1896 849 1952 τούτου
931 1893 1283 1970 έποριχθέντα
1355 1898 1480 1970 ἠμῑν
1548 1901 1885 1972 προσκυητὸν

256 1983 495 2060 ὁρισμὸν
560 1991 654 2046 τῆς
711 1983 868 2058 ἁγίας
945 1983 1220 2058 βασιλείας
1285 2004 1402 2039 σου⁵
1461 1991 1552 2040 καὶ
1607 1992 1679 2060 μὴ
1734 1993 1886 2061 μόνον

250 2080 473 2141 τοῦτον,
722 2078 813 2128 καὶ
867 2076 990 2136 τοὺς
1047 2071 1308 2151 διαφόρως
1365 2073 1734 2140 ἀπολυθέντας,
1797 2082 1887 2130 καὶ

251 2161 616 2238 ἀπειργοντας
689 2165 814 2225 τοὺς
872 2167 1222 2239 πειρωμένους
1288 2162 1345 2218 ἐκ
1410 2172 1508 2217 τῶν
1580 2176 1886 2242 καστρητῶν

256 2255 520 2324 κατέχειν
574 2248 930 2313 ὁπωσδήποτε
976 2259 1068 2308 καὶ
1112 2256 1361 2327 νέμεσθαι
1404 2258 1584 2328 χωρία
1627 2261 1716 2308 καὶ
1757 2258 1887 2309 στοί-

262 2361 381 2404 σεις
467 2345 786 2416 χωριτικάς.
867 2348 958 2406 Εἰς
1035 2343 1318 2419 συντριϐην
1387 2346 1490 2420 γὰρ
1566 2352 1720 2399 τοῦτο
1789 2355 1888 2400 τῶν

262 2427 549 2506 δρουγγων
599 2436 690 2485 καὶ
753 2431 959 2507 ὀλεθρον
1013 2432 1199 2508 ἀφορᾷο
1263 2434 1294 2492 ἡ
1345 2429 1406 2486 δε
1456 2442 1556 2487 τῶν
1617 2430 1888 2510 δρούγγων

2026 1451 2245 1504 Eorum
2267 1463 2403 1520 quae
2429 1447 2607 1504 nobis
2635 1448 2742 1504 rite
2767 1446 3053 1519 imposita
3085 1449 3225 1501 sunt
3253 1443 3651 1518 pecuniarum

1991 1555 2246 1596 onerum
2260 1554 2487 1609 magna
2503 1542 2594 1596 est
2611 1552 3065 1610 summa,quum
3081 1552 3156 1592 ne
3180 1550 3404 1605 augeas
3423 1533 3651 1606 suppli-

1993 1628 2136 1694 citer
2181 1642 2497 1697 rogamus,
2543 1631 2599 1682 et
2645 1626 2696 1682 si
2732 1625 2952 1683 alicubi
2982 1625 3044 1681 in
3075 1625 3272 1696 patria
3300 1638 3462 1680 nova
3489 1621 3652 1678 insti-

1994 1721 2156 1774 tuere
2172 1717 2394 1772 tributa
2412 1732 2732 1773 necessum
2749 1715 2944 1784 fuerit,
2960 1730 3068 1771 nos
3084 1712 3330 1786 quidem
3348 1712 3652 1766 immunes

1993 1822 2123 1862 esse
2169 1804 2465 1872 statueris,
2491 1820 2602 1860 nec
2619 1803 2962 1877 permiseris
2983 1807 3047 1859 ut
3061 1801 3279 1858 milites
3294 1796 3653 1873 praesidiarii

1995 1895 2211 1951 stativa
2237 1893 2403 1968 apud
2426 1909 2539 1950 nos
2577 1893 2862 1959 habeant,
2897 1892 3058 1950 unde
3087 1890 3230 1947 boni
3256 1887 3426 1958 nihil,
3468 1886 3655 1961 pestis

1995 1991 2198 2041 autem
2246 1984 2400 2040 inter
2432 1983 2670 2054 milites,
2701 1983 2961 2056 ideoque
2986 1979 3332 2039 communis
3360 1977 3539 2035 ruina
3566 1991 3654 2033 se-

1996 2080 2296 2148 queretur.
2313 2074 2541 2133 Salvari
2556 2091 2882 2147 possumus
2897 2089 2970 2130 ea
2991 2070 3332 2130 conditione
3347 2073 3414 2126 ut
3427 2067 3500 2125 iis
3515 2082 3655 2141 quas

1995 2166 2257 2238 petimus
2297 2181 2408 2238 pro
2457 2165 2870 2222 muniﬁcentia
2909 2168 3014 2221 tua
3053 2177 3315 2228 annuas,
3363 2158 3448 2214 sic
3492 2157 3656 2214 enim

1998 2255 2288 2312 solvendo
2317 2271 2430 2312 nos
2458 2271 2636 2328 pares
2659 2271 2896 2328 semper
2924 2253 3200 2313 habebis.
3246 2249 3404 2308 Salvi
3453 2251 3656 2306 autem

1998 2345 2137 2402 facti
2161 2361 2271 2418 pro
2299 2361 2474 2404 sacra
2493 2350 2598 2403 tua
2620 2345 2917 2418 Majestate
2938 2359 3147 2417 preces
3168 2339 3420 2398 fundere
3439 2336 3657 2395 humil-

1999 2435 2125 2492 limi
2153 2435 2236 2492 tui
2261 2435 2416 2492 servi
2443 2451 2516 2492 ex
2546 2438 2716 2507 grato
2748 2433 2954 2491 animo
2982 2448 3106 2491 non
3135 2430 3511 2488 desinemus.

263 2519 506 2574 ἀπώλεια
567 2529 659 2574 τοῦ
730 2521 852 2576 καθ’
907 2525 1043 2597 ἡμᾶς
1108 2525 1254 2596 ὁρίου
1312 2529 1505 2590 παντός
1569 2523 1712 2580 έστιν
1768 2524 2016 2581 ἀπώλεια.
2083 2530 2182 2580 Καὶ
2239 2527 2434 2577 τούτων
2490 2528 2791 2598 γενομένων,
2847 2521 3126 2596 σωζοίμεθ⁹
3183 2519 3245 2573 ἃν
3293 2519 3466 2591 ὑμεῖς,
3543 2519 3656 2568 σώ-

266 2610 421 2672 ζοιτο
483 2606 532 2662 δ’
593 2611 656 2666 ἂν
717 2617 809 2667 καὶ
873 2620 949 2684 τῷ
1016 2610 1262 2686 δημοσίῳ
1318 2616 1384 2668 τὰ
1445 2612 1500 2678 ἕξ
1551 2615 1698 2688 ἡμῶν
1750 2621 2201 2690 συνεισφερόμενα·
2259 2618 2345 2668 καὶ
2406 2617 2694 2686 σωζόμενοι
2749 2613 2809 2666 οὐ
2873 2611 3217 2684 παυσαίμεθα
3271 2615 3364 2662 τοῦ
3431 2605 3656 2678 ὑπερεύ-

265 2701 481 2773 χεσθαι
508 2708 596 2762 τῆς
625 2701 780 2774 ἁγίας
819 2702 1100 2777 βασιλείας
1125 2722 1244 2774 σου,
1275 2723 1340 2767 ης
1367 2705 1438 2767 ὡς
1456 2701 1662 2769 ἀνάξιοι
1688 2701 1871 2759 δοῦλοι
1897 2706 2070 2779 Τολμὴ
2083 2722 2251 2767 ςαντες
2271 2699 2578 2777 ἐδεήθημεν.
