4134 6406
483 350 580 403 183
1211 341 1586 402 MICHAELIS
1626 340 2005 435 ACQMINATI
2041 336 2477 398 ATHENARUM
2515 338 2846 396 ARCHIEP.
2884 337 3101 396 IAMBI.
3735 341 3848 395 384

1919 613 2436 726 ΣΤΙΧΟΙ

920 856 1165 953 ΤΟΥ
1218 854 1897 946 ΣΟΦΩΤΑΤΟΥ
1950 853 2887 945 ΜΗΤΡΟΠΟΛΙΤΟΥ
2914 852 3391 947 ΑΘΗΝΩΝ

1977 1066 2111 1113 ΤΟΥ
2141 1065 2355 1113 ΚΥΡΟΥ

779 1250 1735 1431 ΜΙΧΑΗΛ
1837 1246 2285 1422 ΤΟΥ
2357 1244 3550 1425 ΧΩΝΙΑΤΟΥ

1090 1542 1207 1595 Ἐπὶ
1235 1550 1299 1615 τῇ
1331 1544 1616 1614 ἁγχετύπῳ
1643 1538 1979 1614 ἀνιστορήσει
2017 1536 2209 1607 αὐτῶν,
2240 1541 2481 1591 τουτέστι
2504 1546 2601 1600 τῆς
2629 1538 2821 1593 πόλεων
2852 1548 2951 1592 τῶν
2983 1540 3234 1600 Ἀθηνῶν·

558 1792 726 1867 Ἔρως
761 1794 992 1852 Ἀθηνῶν
1021 1801 1123 1847 τῶν
1160 1792 1323 1847 πάλαι
1365 1793 1749 1869 θρυλλουμένων
2123 1790 2173 1842 Α
2276 1796 2372 1845 dmi
2396 1792 2408 1849 !
2444 1790 2530 1846 οἷα
2556 1794 2758 1867 πάσχω
2787 1799 2878 1848 καὶ
2902 1794 3034 1868 λέγω
3054 1813 3109 1849 τε
3135 1799 3227 1848 καὶ
3253 1797 3438 1871 γράφω
3462 1793 3475 1849 !

560 1881 798 1958 Ἔγραψε
835 1891 1006 1937 ταῦτα
1032 1891 1145 1945 ταῖς
1183 1886 1555 1959 τινροσοιθύρων³
2273 1887 2443 1935 Οὶκῶν
2473 1882 2696 1946 Ἀθήνας
2725 1883 2816 1937 ούκ
2849 1883 3071 1946 Ἀθήνας
3098 1904 3199 1939 που
3230 1882 3429 1958 βλέπω,

563 1975 665 2024 Καὶ
693 1978 785 2025 τοῦ
810 1974 974 2025 πόθου
1002 1975 1060 2026 τὸ
1088 1972 1279 2026 θάλπον
1311 1972 1695 2046 ύπαναψύχων·
2278 1975 2427 2026 Κὸνιν
2455 1968 2514 2026 δὲ
2550 1971 2751 2048 λυπρὰν
2789 1978 2879 2027 καὶ
2916 1978 3065 2035 κενὴν
3097 1978 3382 2050 μακαρίαν.

559 2059 703 2114 Ἐπεὶ
728 2057 850 2114 δ’ἔτ’
877 2060 971 2113 οὐκ
1009 2058 1071 2120 ἦν
1110 2058 1372 2135 οὐδαμοῦ,
1399 2061 1523 2135 φεῦέ
1556 2061 1897 2137 προσϐλέπειν
2276 2068 2383 2115 Ποῦ
2407 2058 2475 2121 δὴ
2508 2064 2576 2116 τὰ
2615 2065 2796 2137 σεμνὰ,
2837 2063 3227 2138 τλημονεστάτη
3255 2063 3406 2126 πόλις
3431 2079 3445 2130 ;

564 2152 737 2208 Αὐτὴν
766 2152 961 2209 ἐκείνην
992 2154 1085 2210 τὴν
1115 2147 1360 2224 ἀοίδιμον
1388 2151 1557 2217 πόλιν,
2274 2149 2361 2213 Ὠς
2390 2148 2598 2226 φροῦδα
2627 2155 2793 2211 ηάντα
2830 2158 2921 2207 καὶ
2957 2152 3256 2213 καταλληλα
3282 2154 3491 2227 μύθοις,

562 2244 668 2291 Τοῦ
707 2234 1044 2315 δυσαρίθμου
1074 2245 1165 2293 καὶ
1189 2244 1516 2315 μακραίωνος
1541 2245 1739 2316 χρόνον
2274 2243 2447 2313 Δίκαι,
2480 2237 2754 2308 δικασταὶ,
2791 2242 3032 2316 βῆματα,
3057 2242 3245 2317 ψῆφοι,
3274 2246 3444 2316 νόμοι,

564 2328 769 2396 Λίθοις,
812 2326 994 2401 βυθοῖς
1022 2328 1338 2401 κρύψαντος,
1370 2333 1758 2403 ὴφαντωμένην,
2275 2334 2605 2405 Δημηγορίαι
2630 2350 2684 2385 τε
2712 2333 3035 2406 πειθανοὲγκη
3056 2333 3310 2409 ῥητόρων,

563 2416 964 2493 Ἐρωτολήπτων
1002 2416 1238 2491 ἀτεχνῶς
1276 2421 1474 2492 πάσχω
1500 2422 1686 2482 πάθος·
2274 2419 2483 2487 Βουλαὶ,
2515 2424 2832 2498 πανηγύρεις
2859 2442 2915 2476 τε
2953 2427 3045 2476 καὶ
3084 2425 3402 2498 στρατηγίαι

564 2504 631 2560 Οἳ
659 2509 751 2568 τὰς
779 2506 988 2570 ἀληθεῖς
1014 2515 1114 2561 τῶν
1142 2510 1471 2582 ποθουμὲνων
1516 2512 1635 2573 θέας
2272 2517 2382 2564 Τῶν
2408 2511 2726 2585 πεζομάχων
2750 2513 2863 2587 οἶμα
2888 2518 2981 2567 καὶ
3007 2514 3307 2587 ναυμάχων.

565 2595 987 2669 Ἀμηχανοῦντις
1009 2605 1109 2650 τῶν
1140 2602 1404 2674 παρόντων
1444 2599 1807 2674 προσϐλέπειν,
2272 2599 2332 2654 Ἦ
2361 2600 2708 2667 παντοδαπὸς
2742 2611 2956 2674 Μοῦσα,
2986 2610 3088 2656 τῶν
3114 2602 3279 2657 λόθων
3315 2598 3546 2679 κράτοςῑ

564 2687 671 2747 Τὰς
707 2689 909 2750 εἰκόνας
937 2688 1155 2761 ὁρῶντες
1191 2688 1360 2740 αὐτῶν
1389 2692 1458 2750 ὡς
1484 2686 1623 2761 λόγῳ
2275 2692 2473 2751 Ὀλωλε
2495 2699 2706 2770 σύμπαν
2731 2705 2832 2749 τῶν
2858 2696 3072 2754 Αθηνῶν
3102 2698 3161 2747 τὸ
3187 2692 3353 2756 κλέος·

566 2777 1005 2850 Παραμυθοῦνται
1031 2784 1130 2828 τῶν
1168 2775 1367 2851 ἐρώτων
1404 2781 1499 2836 τὴν
1525 2776 1710 2851 φλόγα.
2276 2791 2556 2860 Γνὼρισμα
2582 2782 2806 2839 δἀύτῶν
2836 2780 2953 2838 οὐδ’
2976 2780 3213 2859 ἀμυδρόν
3244 2802 3325 2845 τις
3348 2779 3469 2856 ἴδη.

564 2861 653 2926 Ὠς
693 2859 975 2937 δυστυχὴς
1003 2867 1189 2938 ἔγωγε,
1212 2869 1388 2929 καινὸς
1416 2866 1594 2939 Ἰξίων,
2278 2859 2619 2947 Συγιννωστὸς
2639 2874 2835 2941 οἰχουν,
2877 2876 3014 2949 εἴπερ
3043 2876 3136 2926 οὐκ
3166 2874 3303 2945 ἔχων
3333 2869 3541 2945 βλέπειν

564 2951 728 3025 Ἐρῶν
758 2952 1011 3024 Ἀθηνῶν,
1036 2956 1100 3016 ὡς
1123 2952 1312 3018 ἐκεῖνος
1335 2963 1427 3017 τῆς
1461 2953 1648 3033 Ἥρας,
2278 2972 2389 3018 Τῶν
2422 2965 2708 3024 Ἀθηναίων
2737 2969 2832 3024 τὴν
2862 2959 3110 3036 ἀοίδιμον
3141 2960 3312 3028 πόλιν,

567 3042 697 3097 Εἶτα
721 3040 855 3096 λϐὼν
876 3039 1089 3098 εἰδωλον
1118 3044 1494 3119 ἠγλαϊσμένης,
2281 3052 2542 3130 Ἰνδαλμα
2573 3057 2772 3118 ταύτης
2806 3055 3062 3129 γραφικόν
3103 3050 3432 3125 ἐστησάμην.

1949 3449 2371 3558 ΙΑΜΒΙ

755 3689 1701 3790 SAPIENTISSIMI
1762 3692 2598 3790 ATHENARUM
2663 3686 3621 3788 METROPOLITXE

2060 3911 2311 3969 DOMINI

1077 4108 2126 4248 MIGHAELIS
2240 4107 2709 4249 CHOD'

1645 4108 2126 4248 LELIS
2240 4107 3277 4249 ΟΗΟΝΙΑΤᾸΕ

1518 4375 1606 4432 De
1632 4373 1893 4445 pristina
1921 4372 2089 4431 urbis
2116 4372 2501 4432 Athenarum
2526 4373 2844 4446 dignitate.

576 4728 943 4790 Athenarum
965 4751 1138 4794 amor
1156 4739 1469 4812 quondam
1483 4734 2012 4797 celeberrimarum
2026 4737 2158 4797 haec
2198 4741 2238 4795 Β
2266 4742 2325 4798 et
2353 4754 2492 4814 quas
2517 4737 2810 4797 felicitatis
2833 4733 3147 4811 quondam
3165 4732 3337 4791 sedes
3357 4732 3570 4802 fuerat,
3585 4731 3715 4804 jam
3740 4745 3879 4789 non

503 4816 753 4879 dictavit
777 4823 982 4893 verba,
1008 4825 1071 4884 in
1090 4828 1324 4885 umbris
1348 4843 1550 4886 rerum
1574 4826 2021 4900 prasteritarum
2050 4828 2155 4886 de-
2266 4828 2387 4886 nisi
2437 4828 2631 4886 foedas
2660 4826 2840 4886 trahit
2861 4824 3092 4883 ruinas.
3127 4824 3236 4883 Ubi
3266 4823 3513 4881 tandem
3543 4836 3716 4878 sacra
3742 4824 3878 4890 tua,

503 4907 723 4967 siderio
747 4912 979 4971 ardenti
1001 4915 1275 4974 solamen
1293 4915 1652 4974 affectando.
1671 4916 1983 4989 anquan,
1997 4917 2116 4975 heu
2141 4918 2154 4974 ἰ
2265 4915 2475 4975 civitas
2497 4915 3040 4974 infortunatissima
3064 4915 3094 4972 ?
3114 4912 3415 4970 Cunctain
3434 4910 3689 4968 nihilum
3708 4910 3880 4967 abie-

505 4998 1014 5072 splendidissimm
1043 5004 1200 5062 illius
1222 5005 1391 5062 urbis
1408 5005 1523 5062 nisi
1543 5006 1733 5062 ruina:
1754 5005 2035 5065 visuntur
2050 5024 2159 5083 per
2264 5011 2439 5065 runt:
2471 5006 2815 5073 tribunalia,
2837 5004 3093 5078 judices,
3115 5002 3327 5078 populi
3347 5000 3658 5072 suffragia,
3680 4999 3877 5071 leges,

505 5089 729 5148 saecula
756 5093 1005 5165 turpiter
1030 5093 1354 5151 cumulatae
1383 5110 1625 5152 sursum
1654 5094 1944 5154 deorsum
1963 5099 2160 5171 proje-
2265 5100 2577 5155 oratorum
2617 5100 2909 5172 potestas,
2953 5091 3231 5164 concilia,
3275 5106 3425 5165 opes
3454 5094 3760 5149 terrestres
3800 5104 3879 5147 ac

504 5182 634 5247 ctaa,
665 5180 814 5238 nulli
832 5180 1153 5239 ﬂebiliores
1171 5198 1360 5257 quam
1378 5183 1523 5241 mihi
1542 5182 1690 5258 ipsi!
1714 5184 1757 5242 Ii
1773 5185 1997 5259 quibus
2017 5202 2160 5246 ocu-
2265 5186 2588 5244 maritima
2611 5203 2625 5254 ;
2648 5189 2818 5246 Musa
2839 5186 2976 5259 ipsa
2994 5182 3357 5250 multicolor,
3381 5180 3738 5256 eloquentia
3759 5179 3880 5249 vis,

503 5267 578 5325 lis
607 5269 826 5326 intueri
852 5270 914 5326 id
941 5271 1109 5343 quod
1132 5277 1341 5331 amant
1370 5288 1494 5330 non
1515 5273 2158 5345 contingit,simulacro
2266 5275 2476 5334 omnia
2493 5292 2630 5350 quae
2644 5275 2889 5334 Athenis
2910 5274 3114 5347 glorias
3135 5273 3396 5341 fuerunt,
3418 5271 3670 5347 periere,
3691 5285 3768 5327 ne
3791 5269 3882 5326 vi-

503 5358 591 5416 rei
631 5362 849 5415 amatas
870 5361 1130 5417 contenti
1150 5360 1337 5420 nihilo
1359 5364 1554 5421 secius
1579 5364 1902 5438 cupiditate
1922 5365 2156 5425 ardent.
2267 5365 2499 5424 lissimo
2527 5366 2777 5441 quidem
2801 5365 3037 5440 pristini
3065 5366 3180 5423 aevi
3210 5367 3608 5422 monumento
3644 5358 3876 5417 relicto.

504 5448 591 5505 Me
636 5446 927 5505 miserum
958 5446 971 5502 Ῑ
1020 5449 1146 5525 qui,
1174 5455 1242 5510 ut
1268 5452 1434 5511 Ixion
1462 5455 1734 5522 Iunonis,
1785 5456 2160 5514 Athenarum
2270 5459 2467 5524 Quare
2492 5460 2650 5515 certe
2679 5471 2778 5514 me
2810 5453 2982 5515 haud
3005 5453 3257 5513 dedecet
3283 5455 3346 5512 in
3376 5451 3592 5512 mediis
3621 5448 3880 5507 Athenis

507 5549 716 5594 amore
730 5539 956 5607 teneor,
971 5555 1082 5597 nec
1101 5542 1256 5614 potis
1274 5559 1412 5600 sum
1428 5542 1668 5602 dolores
1684 5544 1911 5618 quibus
1929 5546 2163 5604 crucior
2267 5546 2665 5618 habitantem,
2696 5545 2882 5620 hujus
2918 5546 3086 5605 urbis
3127 5560 3337 5603 veram
3374 5542 3702 5615 imaginem
3749 5556 3881 5598 me-

505 5624 848 5688 describere
864 5627 879 5685 l
893 5629 1155 5690 Athenas
1167 5630 1678 5706 habitans,nullas
1688 5633 1863 5694 video
1874 5635 2161 5704 Athenas,
2269 5636 2480 5697 marite
2504 5635 2781 5712 prodere.
