4134 6388
517 268 622 323 387
1679 259 2037 317 THEODORI
2077 259 2211 317 ALA
2221 260 2359 317 NIIE
2395 259 2708 317 EPISCOPI
3781 273 3896 329 333

518 390 652 460 eius
694 385 1224 456 Constantinopoli
1239 400 1354 456 per
1381 384 1763 455 Bosphorum
1795 382 2180 441 Cimmerium
2201 383 2259 441 in
2292 383 2604 451 Alaniam,
2633 383 2777 456 quia
2809 381 2969 443 hanc
2989 400 3121 456 pra
3158 391 3385 448 cateris
3411 392 3896 451 lucubrationem

519 477 838 538 lectoribus
850 476 1186 548 jucundam
1225 476 1365 546 fore
1391 475 1784 545 speravimus.
1826 475 1913 530 De
1949 474 2177 530 Alania
2213 479 2266 531 et
2297 475 2516 530 Alanis
2552 489 2673 529 non
2711 476 2894 532 semel
2924 475 3357 537 Constantinus
3403 483 3898 556 Porphyrogeni~

516 575 612 627 tus
641 571 704 624 in
731 582 830 638 op.
863 567 943 621 De
972 565 1136 620 adm.
1167 563 1313 636 imp.
1351 564 1457 619 Est
1487 569 1682 621 autem
1712 578 1782 620 ea
1811 567 1977 634 regio
2004 564 2173 620 ultra
2208 561 2470 620 Maotim
2503 563 2664 620 circa
2707 564 2982 635 Tanaim,
3013 573 3195 639 atque
3224 576 3292 625 ut
3323 571 3758 629 Constantinus
3795 573 3896 630 ed.

513 659 706 718 Paris.
735 674 798 729 p.
838 657 936 710 113
967 654 1261 724 afﬁrmat,
1287 672 1387 705 των
1418 651 1572 726 ὁρέων
1594 655 1906 706 Καυκασίων
1931 653 2121 704 ἄνωθεν

2267 660 2364 726 ὐρα
2382 660 2478 713 τῆς
2507 652 2769 715 Ἀλανίας.
2802 654 3018 711 Itidem
3049 661 3251 714 noster
3278 659 3444 731 infra
3471 676 3534 716 n.
3554 662 3899 734 5.Denique

513 749 747 820 copiose
761 745 1094 815 optimeque
1107 742 1384 798 describit
1400 743 1447 797 Α
1460 743 1686 798 laniam
1712 741 2007 798 Cellarius
2025 743 2086 796 in
2104 742 2316 812 Geogr.
2331 743 2549 813 antiq.,
2567 742 2775 798 multis
2793 749 3057 802 veterum
3075 747 3274 804 citatis
3293 750 3777 806 auctoritatibus.
3792 751 3901 807 Ad

511 841 639 910 ejus
666 835 861 893 sedem
899 832 1294 902 episcopalem
1323 831 1484 902 quod
1520 832 1750 896 attinet,
1784 845 1852 888 ea
1881 831 1944 886 in
1966 831 2242 902 catalogo
2265 831 2480 888 Leonis
2498 831 2645 901 Sap.
2670 837 2800 889 erat
2827 836 3174 902 metropolis
3204 839 3574 909 sexagesima
3600 840 3894 908 secunda,

512 933 566 984 et
602 927 669 982 in
702 925 811 980 illo
839 921 1179 978 Andronici
1215 921 1466 976 senioris
1495 925 1854 976 numeratur
1881 925 2144 990 quartas

2261 935 2318 976 sa
2345 922 2846 991 septuagesimam
2870 937 2894 978 .‘
2929 923 2955 974 ὁ
3000 923 3235 987 Ἀλανιας
3271 946 3284 959 ·
3330 931 3420 979 καὶ
3451 928 3583 986 αὐτὴ
3628 927 3701 991 ξδ’
3729 925 3893 997 οὖσα,

513 1012 591 1069 οόν
619 1018 822 1088 γέγονεν
851 1013 1011 1082 (post
1036 1008 1247 1066 Codin.
1290 1009 1380 1065 ed.
1409 1009 1602 1065 Paris.
1632 1024 1696 1078 p.
1723 1009 1874 1079 402).
1913 1009 2060 1064 Hac
2088 1008 2161 1064 de
2183 1010 2432 1066 Alania.
2467 1010 2553 1066 De
2579 1011 2707 1079 ipso
2737 1016 2937 1068 autem
2974 1013 3280 1072 Theodoro
3306 1017 3468 1073 nihil
3488 1017 3620 1087 fere
3639 1033 3896 1088 cognos-

514 1105 762 1164 cebatur
775 1106 998 1172 prater
1026 1097 1092 1154 id
1131 1097 1292 1170 quod
1327 1113 1402 1156 ex
1429 1095 1702 1155 Dosithei
1725 1098 2023 1154 Hierosol.
2048 1097 2322 1156 Historia
2350 1097 2748 1157 adnotaverat
2777 1101 3104 1173 Lequinius
3131 1103 3228 1160 0r.
3259 1104 3362 1160 Ch.
3397 1111 3441 1160 t.
3477 1105 3525 1177 Ι,
3565 1107 3680 1163 col.
3727 1110 3895 1177 1348,

510 1208 722 1265 nempe
749 1207 882 1250 eum
907 1189 1094 1260 fuisse
1116 1187 1451 1256 episcopum
1483 1193 1747 1257 tempore
1766 1187 2052 1243 Germani
2087 1187 2167 1258 II,
2210 1189 2316 1259 qui
2332 1189 2455 1258 fuit
2477 1189 2847 1258 patriarcha
2875 1190 3582 1263 Constantinopolitanus
3622 1197 3697 1252 ab
3724 1211 3895 1253 anno

514 1288 651 1342 1222
676 1283 756 1340 ad
795 1281 951 1336 1240.
985 1277 1162 1333 Nunc
1191 1277 1427 1334 demum
1458 1292 1532 1333 ea
1563 1277 1674 1333 hoc
1703 1277 2012 1332 luculento
2042 1276 2338 1333 Theodori
2363 1293 2632 1335 sermone
2655 1279 2846 1349 plura
2872 1286 2930 1336 et
2959 1282 3200 1352 quidem
3233 1282 3498 1340 historia
3526 1287 3702 1342 utilia
3732 1301 3892 1344 com-

508 1377 791 1446 perimus.
821 1370 1098 1440 Namque
1121 1373 1175 1424 et
1213 1367 1455 1423 Alania
1480 1370 1628 1436 ﬁnes
1658 1368 1928 1437 vicesque
1957 1366 2261 1434 describit,
2302 1373 2356 1423 et
2393 1368 2800 1424 miserandam
2837 1370 3057 1439 populi
3092 1372 3518 1444 conditionem,
3566 1389 3700 1430 cum
3743 1375 3890 1431 reli~

510 1464 704 1535 gionis
733 1473 935 1517 amore
964 1458 1069 1513 via
1100 1462 1299 1513 tamen
1336 1455 1674 1513 Christiani
1703 1472 1716 1512 :
1753 1460 2064 1530 Χριστιανοὶ
2104 1451 2138 1509 δ

2268 1475 2339 1509 νον
2370 1455 2588 1529 ὀνόματι
2627 1455 2830 1510 Ἀλανοὶ
2856 1459 2938 1530 (η.
2970 1459 3082 1530 24),
3118 1467 3374 1530 propter
3417 1468 3731 1532 pastorum
3779 1467 3900 1521 sci-

511 1555 647 1610 licet
675 1551 1016 1613 raritatem,
1057 1551 1112 1602 et
1167 1546 1472 1614 infirmam
1514 1547 1605 1602 rei
1652 1560 1843 1602 sacra
1881 1547 2386 1602 constitutionem.
2437 1547 2691 1602 Prorsus
2729 1553 2814 1603 est
2855 1547 2965 1604 hoc
3004 1549 3408 1607 Alanicarum
3451 1553 3894 1624 antiquitatum

503 1658 714 1701 rarum
744 1642 1194 1695 monumentum
1225 1651 1334 1692 nec
1357 1636 1873 1692 contemnendum.
1913 1635 2136 1705 Lepida
2164 1640 2361 1692 autem
2393 1641 2476 1692 est
2503 1637 2619 1692 illa
2646 1637 2940 1694 Lazarum
2963 1639 3225 1708 episcopi
3258 1640 3321 1696 in
3359 1640 3650 1698 Alaniam
3676 1657 3896 1699 excur-

503 1733 612 1797 sio,
666 1732 912 1800 ejusque
956 1726 1178 1796 supina
1230 1727 1293 1778 in
1333 1724 1714 1792 conferendis
1743 1723 1934 1780 sacris
1979 1723 2292 1779 ordinibus
2321 1725 2562 1781 inscitia
2603 1732 2658 1782 et
2705 1727 3123 1790 irreverentia,
3157 1743 3331 1798 quem
3365 1743 3627 1798 pravum
3658 1746 3892 1788 morem

506 1821 675 1892 apud
706 1816 1014 1873 hareticos
1043 1828 1277 1885 quoque
1300 1812 1664 1870 Habessinos
1708 1814 1922 1884 vigere,
1956 1827 1993 1869 a
2023 1815 2217 1868 nostri
2240 1814 2615 1870 orthodoaia
2658 1815 2784 1870 illic
2810 1816 3188 1885 praconibus
3219 1818 3448 1875 audivi.
3481 1820 3778 1878 Caterum
3815 1822 3898 1880 de

505 1926 627 1968 non
651 1907 844 1980 facile
871 1903 1190 1974 repetendo
1238 1903 1610 1959 sacramenti
1636 1903 1805 1960 illius
1856 1903 2002 1968 ritu,
2027 1901 2356 1971 prudenter
2399 1909 2616 1960 auctor
2647 1905 2938 1976 loquitur.
2968 1905 3358 1964 Incommoda
3388 1923 3498 1965 sua
3527 1914 3584 1964 et
3609 1911 3897 1978 pericula

504 1998 842 2074 prasertim
873 1993 1194 2059 Chersone,
1216 1998 1270 2049 et
1295 2007 1334 2049 a
1365 1992 1724 2058 latronibus,
1757 1998 1810 2049 et
1841 1991 1916 2047 ab
1945 1992 2198 2049 illarum
2230 1994 2543 2063 regionum
2574 1993 2840 2063 satrapis
2865 2001 3176 2051 memorat.
3205 1995 3353 2053 Item
3375 2012 3549 2054 suum
3572 2002 3897 2069 pastorale

505 2091 768 2162 regimen
796 2085 1054 2142 modeste
1092 2083 1359 2154 exponit.
1403 2081 1686 2150 Quadam
1741 2088 1958 2148 tamen,
2020 2083 2195 2138 initio
2230 2086 2587 2152 prasertim,
2621 2100 2741 2141 non
2779 2084 2914 2141 sine
2959 2086 3277 2156 anigmate
3326 2087 3636 2144 dicuntur.
3690 2089 3894 2148 Sacra

504 2194 658 2250 sape
687 2177 905 2244 Biblia,
936 2188 1190 2231 canones
1224 2172 1551 2238 interdum,
1594 2187 1701 2228 nec
1740 2186 1861 2228 non
1887 2172 2084 2241 ipsum
2115 2172 2464 2242 Homerum,
2506 2179 2714 2243 utpote
2743 2173 2915 2230 homo
2955 2175 3179 2232 Gracis
3218 2176 3554 2248 disciplinis
3595 2177 3890 2246 imbutus,

504 2271 738 2328 recitat.
781 2264 1121 2335 Cateroqui
1156 2263 1351 2333 stylus
1395 2261 1689 2318 Theodori
1721 2262 2082 2333 plerumque
2119 2261 2333 2318 durior
2370 2267 2481 2331 est,
2521 2265 2797 2319 narratio
2835 2264 3022 2319 veluti
3073 2263 3357 2334 abrupta,
3395 2271 3577 2336 prout
3627 2269 3752 2337 ipse
3789 2270 3891 2324 in-

505 2358 740 2417 terdum
767 2356 1024 2426 fatetur,
1051 2363 1107 2409 et
1144 2353 1317 2409 nullo
1355 2352 1616 2421 artiﬁcio
1647 2356 1950 2418 contexta,
1979 2357 2032 2407 et
2075 2350 2222 2406 mihi
2268 2351 2587 2421 interpreti
2632 2365 2788 2422 agre
2813 2351 3176 2426 quandoque
3200 2355 3428 2424 pervia.
3457 2356 3579 2414 Sed
3615 2371 3739 2413 rem
3781 2357 3886 2416 hic

505 2447 845 2524 quarimus,
878 2443 1034 2499 bona
1073 2442 1426 2499 elocutionis
1455 2440 1734 2511 exempla
1773 2439 2026 2497 aliunde
2052 2446 2341 2510 petemus.

923 2763 1704 2884 ΘΕΟΔΩΡΟΥ
1813 2764 2680 2882 ΕΠΙΣΚΟΠΟΥ
2806 2761 3474 2888 ΑΛΑΝΙΑΣ

1792 2979 2012 3028 ΛΟΓΟΣ
2051 2979 2578 3030 ΕΗΙΣΤΟΛΙΜΑΙΟΣ

785 3137 957 3186 ΠΡΟΣ
1010 3135 1150 3184 ἹἮΝ
1207 3131 1946 3184 ΚΩΝΣΤΑΝΤΙΝΟΥΠΟΛΙΝ
2011 3131 2124 3180 ΚΑΙ
2181 3133 2348 3180 ΤΟΥΣ
2408 3133 2898 3184 ΕΝΔΗΜΟΥΝΤΑΣ
2957 3137 3096 3185 ΤΩΝ
3149 3137 3561 3188 ΕΠΙΣΚΟΠΩΝ.

1196 3283 1242 3335 εἰ
1279 3287 1370 3336 καὶ
1409 3278 1504 3335 διὰ
1531 3284 1600 3334 τὰ
1621 3280 1896 3350 συμϐάντα
1930 3285 2336 3358 παρατέταται,
2367 3287 2542 3336 καίτοι
2566 3286 2632 3336 τὰ
2668 3283 2828 3338 πλείω
2869 3291 3181 3360 συντέμνων.

1536 3433 1952 3506 Ἐπιγέιγραπται
1984 3429 2062 3503 δὲ,
2097 3435 2241 3486 Μιτὰ
2288 3438 2383 3493 τὴν
2407 3439 2759 3510 χειροτονίαν,
2802 3437 2831 3497 ἣ

1995 3587 2366 3639 ΑΛΛΝΙΚΟΣ.

1233 3857 1887 3956 THEODORI
1954 3856 2531 3955 EPISCOPI
2597 3859 3136 3957 ALANI/E

1823 4049 2052 4107 SERMO
2095 4049 2546 4106 EPISTOLARIS

1147 4204 1242 4260 AD
1285 4201 1986 4260 CONSTANTINOPOLIM
2025 4202 2538 4268 MORANTESQUE
2576 4204 2644 4261 ιΝ
2684 4205 2776 4260 ΕΑ
2814 4204 3211 4278 EPISCOPOS,

949 4357 1054 4429 qui
1082 4360 1336 4427 propter
1365 4367 1572 4410 rerum
1613 4357 1860 4411 eventus
1885 4353 2193 4423 prolixus,
2223 4369 2569 4426 quanquam
2607 4355 2900 4428 pleraque
2927 4363 3068 4414 sunt
3100 4357 3398 4416 breviata.

1279 4506 1654 4570 Inscribitur
1679 4507 1897 4566 autem
1929 4523 1944 4568 :
1977 4503 2120 4565 Post
2145 4505 2583 4569 ordinationem
2613 4509 2906 4589 episcOpi,
2941 4509 3076 4571 sive

1996 4667 2348 4726 ALANICUS

556 4909 606 4961 1.
651 4907 941 4972 Quaenam
971 4901 1148 4960 fuerit
1193 4900 1422 4958 itineris
1475 4897 1664 4956 nostri
1692 4896 1868 4962 ratio,
1901 4896 2141 4971 jamdiu

2323 4897 2386 4956 α’.
2418 4900 2538 4964 Πῶς
2575 4901 2700 4973 ἡμῖν
2739 4899 2800 4952 ἂν
2830 4902 2949 4973 ἔχοι
2985 4903 3053 4954 τὰ
3097 4908 3187 4963 τῆς
3225 4897 3376 4968 ὁδοῦ,
3418 4901 3474 4954 ἐκ
3512 4901 3702 4955 πολλοῦ
3757 4899 3876 4956 οἷδ’

480 4996 605 5054 scio
642 5013 753 5053 vos
783 5002 841 5053 et
885 5000 1066 5052 antea
1115 5006 1479 5062 cognoscere
1518 4991 1841 5063 expetisse,
1882 4995 1939 5046 et
1976 5007 2112 5046 nunt

2251 4991 2334 5042 ὅτι
2370 4995 2462 5042 καὶ
2512 4994 2762 5065 πρότερον
2800 4992 2983 5064 μαθεῖν
3043 4989 3294 5060 ἐζητεῖτε,
3345 4996 3436 5044 καὶ
3469 4999 3556 5043 νῦν
3610 4994 3684 5044 ἔτι
3724 4991 3875 5064 μᾶλ-

478 5087 885 5160 potissimum,
941 5101 977 5142 ο
1035 5097 1257 5152 magne
1301 5085 1527 5153 pastor,
1569 5085 1626 5136 et
1681 5084 1822 5152 post
1872 5080 2110 5153 primun

2251 5081 2356 5151 λον,
2415 5082 2479 5133 οὐ
2531 5098 2588 5132 τε
2633 5081 2660 5131 ὁ
2712 5082 2873 5152 μέγας
2925 5084 3142 5154 ποιμὴν,
3197 5084 3288 5132 καὶ
3344 5081 3477 5153 μετὰ
3530 5083 3618 5132 τὸν
3658 5089 3873 5154 πρῶτον

476 5175 750 5248 proxime
781 5174 876 5246 (1),
911 5188 1022 5229 nec
1051 5186 1176 5227 non
1201 5185 1310 5226 vos
1336 5174 1784 5242 conipastores;
1817 5169 1924 5242 qui
1961 5169 2108 5225 nimi

2249 5169 2421 5239 εὐθὺς,
2485 5173 2575 5220 καὶ
2615 5169 2762 5242 ὑμεῖς
2819 5171 2870 5222 οἱ
2927 5174 3296 5242 συμποίμενες,
3348 5177 3458 5232 πῶς
3504 5172 3570 5222 τὰ
3625 5177 3717 5230 τῆς
3757 5189 3877 5242 μα-

475 5280 612 5320 rum
656 5263 832 5318 fuerit
877 5263 1074 5331 longae
1102 5259 1602 5333 peregrinationis
1635 5259 1846 5321 exitus,
1887 5258 2035 5331 quid
2073 5259 2107 5315 ii

2246 5262 2372 5334 κρᾶς
2418 5253 2701 5331 ἐκδημίας,
2751 5264 2842 5312 καὶ
2886 5263 2961 5319 τίς
3018 5261 3048 5318 ἡ
3110 5261 3310 5321 ταύτης
3363 5257 3607 5332 ἐργασία,
3671 5258 3878 5330 μᾶλλον

477 5368 550 5409 ea
573 5355 810 5421 gestum
842 5350 936 5416 sit,
969 5349 1272 5422 praecipue
1296 5364 1437 5404 vero
1469 5349 1783 5421 quomodo
1810 5363 1923 5403 nos
1957 5347 2109 5420 Spiri

2249 5343 2308 5400 δὲ
2346 5355 2440 5410 τῆς
2499 5343 2726 5418 ὁδηγίας
2783 5353 2876 5399 τοῦ
2918 5349 3216 5419 Πνεύματος
3249 5365 3262 5378 ο
3320 5347 3480 5422 ᾧπερ,
3536 5346 3580 5399 εἰ
3648 5351 3719 5419 μὴ
3777 5365 3880 5412 καὶ

476 5445 572 5496 tus
626 5437 978 5511 deduxerit;
1021 5455 1058 5496 a
1095 5454 1238 5512 quo,
1280 5440 1387 5494 esti
1425 5453 1548 5495 non
1603 5452 1841 5511 semper
1875 5441 2108 5510 permot

2243 5435 2340 5502 ἀεὶ,
2410 5438 2747 5509 κεκινήμεθα,
2813 5433 2946 5488 ἀλλὰ
3001 5455 3061 5508 ’γε
3124 5443 3215 5488 νῦν
3282 5434 3339 5488 ἐκ
3392 5455 3486 5489 του
3547 5440 3873 5510 χρίσαντος.

546 5617 626 5692 (l)
665 5613 878 5676 Confer
906 5615 1202 5677 sermOnls
1230 5615 1586 5676 clausulam.
1622 5611 1884 5689 Utroque
1911 5614 2076 5674 enim
2105 5614 2170 5674 in
2197 5609 2333 5676 loco
2361 5615 2596 5691 primus
2619 5617 2833 5690 pastor
2857 5614 3096 5675 videtur
3119 5613 3374 5689 intelligi
3403 5612 3687 5673 Christus.
