4134 6388
256 281 366 340 389

1763 272 2129 330 ALANICUS.

3523 285 3628 340 390

249 407 395 482 Ἀρα
460 405 834 480 χρηστοτέρας
891 409 988 464 τῆς
1049 397 1356 476 ὁδοιπορίας
1414 398 1667 471 ἕτύχομεν
1695 440 1709 467 ,
1772 401 1864 451 καὶ

1990 395 2219 467 Fuimus,
2272 409 2434 451 nunc
2471 398 2626 452 certe
2676 401 3000 474 postquam
3049 403 3226 460 nobis
3278 405 3627 465 unctionem

254 503 355 557 τήν
413 495 534 549 εὐθὺ
591 501 692 556 τῆς
738 495 964 566 ποίμνης
1019 491 1325 565 ἇτέμνομεη
1367 492 1396 550 ἦ
1437 490 1660 563 λῃσταῖς
1714 508 1866 564 περι-

262 592 523 652 πεσόντες,
575 587 666 642 τὴν
716 587 838 659 περὶ
883 583 1067 655 ψυχῆς
1119 581 1490 656 ἐτραπόμεθας
1547 579 1635 642 Ὠς
1699 577 1748 632 δ’
1807 578 1867 630 ἆυ

269 680 470 748 ἔχοιεν,
515 674 571 728 εὖ
614 691 671 725 τε
718 676 808 724 καὶ
855 671 969 733 ἅλις
1013 672 1082 724 τὰ
1133 673 1470 744 συμπεσόντα
1520 672 1680 743 am”;
1731 667 1870 743 Ἆρα

271 765 423 840 μόλις
486 767 700 835 ἔστημεν
752 769 848 824 τῆς
897 763 1081 835 ὁρμῆς,
1139 761 1169 820 ἦ
1237 766 1328 813 καὶ
1386 759 1545 813 εἰσέτι
1606 763 1866 832 φέρομεν;

275 860 379 910 Καὶ
415 859 516 907 ποῦ
559 870 683 905 ποτε
731 847 876 904 δυεῖν
920 852 1167 923 θάτερονς
1197 853 1287 903 καὶ
1327 855 1455 912 τέως
1491 853 1535 902 εὶ
1579 853 1648 922 μὴ
1699 848 1868 905 πάντη

268 951 367 998 τοῦ
408 937 1046 1014 σκοποῦδιημάρτομενς
1085 945 1265 993 Ταῦτα
1310 941 1400 1012 μεν
1444 935 1532 991 οὖν
1577 939 1698 1010 ὑμῖν
1741 953 1870 990 σκο-

264 1036 487 1088 πεῖσθαι
540 1029 838 1103 συμϐαίνει,
883 1033 974 1081 καὶ
1033 1029 1151 1081 καθ’
1213 1027 1424 1090 ἑαυτοὺς
1479 1025 1685 1103 ἕρευνᾷν
1713 1045 1726 1060 ·
1781 1030 1873 1079 καὶ

262 1124 511 1195 πείθομαι
576 1121 647 1180 ὡς
701 1122 817 1172 ἔστι
885 1115 1174 1172 σπουδαῖον
1217 1121 1276 1171 τὸ
1329 1124 1570 1192 πρᾶγμα,
1629 1120 1720 1169 καὶ
1773 1124 1871 1168 τῶν

256 1214 368 1284 οὐχ
428 1215 629 1270 ἣκιστα
685 1205 959 1282 φροντίδος
1005 1213 1394 1280 τετυχηκότων,
1441 1211 1484 1260 εἶ
1529 1209 1630 1259 πού
1669 1224 1721 1258 τι
1773 1214 1872 1257 τῶν

247 1305 524 1375 ἡμετέρων
595 1297 990 1372 ἀκριϐολογοὴό
1057 1317 1158 1350 τινι
1191 1319 1204 1332 ·
1271 1302 1454 1372 καίπερ
1522 1298 1678 1349 ὁποῖα
1741 1294 1875 1367 φιλεῖ

250 1391 573 1464 συμϐαίνειν
625 1387 674 1442 ἐν
724 1395 834 1450 τοῖς
884 1389 1160 1454 τοιούτοις,
1210 1386 1334 1440 ἄλλο
1373 1388 1540 1460 ἕτερον
1577 1391 1668 1438 καὶ
1725 1392 1870 1457 κοινῇ

251 1478 736 1553 κατηκριϐωμένως
782 1473 972 1541 οὐδεν,
1023 1479 1051 1536 ἠ
1102 1474 1381 1550 πάνδημος
1431 1483 1575 1550 φήμη
1629 1480 1874 1551 προφέροι

253 1570 346 1624 ἄν.
411 1569 548 1640 Ἐγὼ
608 1564 688 1635 δὲ,
759 1566 804 1620 εἰ
857 1569 947 1639 μεν
1000 1565 1162 1627 οὕτως
1229 1566 1498 1640 εὐκαιρίας
1561 1571 1652 1618 καὶ
1709 1583 1876 1640 παρα-

254 1667 462 1720 σκευῆς
529 1654 696 1730 εἶχον,
763 1657 830 1716 ὡς
885 1658 1054 1708 πάντα
1107 1655 1271 1727 λέγειν
1331 1660 1423 1708 καὶ
1487 1657 1723 1730 γράφειν,
1781 1653 1876 1707 κᾶν

1973 484 2224 553 largitus
2266 487 2372 540 est.
2400 488 2554 541 Num
2601 501 2742 556 ergo
2784 488 3015 546 felicius
3059 492 3171 549 iter
3212 496 3374 551 nacti
3415 497 3627 570 simus,

1975 579 2258 647 rectaque
2307 577 2385 632 ad
2429 590 2673 646 gregem
2721 583 2996 636 nostrum
3044 585 3434 643 venerimus?
3463 603 3542 644 an
3568 589 3630 644 in

1975 664 2238 720 latrones
2264 662 2514 737 delapsi,
2549 665 2768 722 animae
2810 669 3136 727 retinendae
3176 688 3361 732 causa
3403 675 3627 747 fugeri-

1977 755 2166 810 mus?
2215 753 2326 820 Qui
2370 758 2558 810 status
2604 771 2806 812 rerum
2855 757 2948 824 sit,
2993 763 3051 815 et
3091 776 3238 817 num
3289 765 3434 820 satis
3474 765 3630 822 bene

1977 843 2154 900 nobis
2185 844 2484 900 evenerit?
2514 848 2667 900 Num
2693 845 2948 903 fortunae
2968 848 3232 921 impetus
3256 853 3357 909 vix
3382 852 3631 913 demum

1979 933 2280 1002 desiverit,
2332 949 2411 990 an
2451 934 2652 990 adhuc
2701 936 2764 992 in
2811 953 2993 993 cursu
3040 939 3275 1002 simus?
3315 944 3378 998 Et
3413 944 3630 1003 horum

1980 1024 2241 1078 duorum
2266 1027 2466 1079 utrum
2492 1026 2846 1081 teneamus?
2872 1031 2930 1083 et
2951 1043 3100 1084 num
3120 1029 3414 1088 hactenus
3449 1048 3633 1108 scopo

1979 1127 2231 1185 prorsus
2261 1111 2740 1169 aberraverimus
2760 1116 2788 1171 ?
2816 1118 2951 1172 Haec
2981 1132 3125 1188 ergo
3161 1119 3337 1177 vobis
3367 1123 3634 1180 conside-

1981 1216 2114 1258 rare
2145 1201 2454 1272 contingit,
2487 1206 2546 1258 et
2571 1203 2724 1259 inter
2764 1220 2876 1260 vos
2908 1205 3258 1279 disquirere.
3291 1211 3446 1266 Sane
3477 1211 3634 1268 arbi-

1981 1295 2104 1348 tror
2150 1307 2332 1362 grave
2385 1307 2515 1347 esse
2567 1294 2896 1366 negotium,
2930 1300 2987 1350 et
3034 1311 3157 1353 non
3205 1298 3462 1357 minima
3491 1317 3637 1360 cura

1982 1380 2257 1452 dignum,
2291 1379 2341 1436 si
2370 1382 2508 1453 quis
2541 1381 2677 1438 velit
2713 1388 2921 1441 nostra
2949 1385 3290 1456 diligentius
3315 1389 3636 1462 inspicere.

1985 1471 2370 1542 Quanquam,
2399 1475 2462 1526 ut
2491 1471 2553 1526 in
2595 1471 2688 1527 his
2716 1473 2864 1529 solet
2893 1476 3259 1547 contingere,
3288 1477 3406 1534 alia
3434 1480 3638 1552 quaeli-

1982 1559 2102 1627 bet,
2149 1559 2417 1632 nihilque
2463 1560 2700 1633 publice
2740 1563 2883 1618 satis
2939 1564 3283 1636 probatum,
3324 1568 3634 1640 popularis

1986 1649 2149 1706 fama
2191 1649 2482 1719 divulgat.
2523 1653 2644 1722 Ego
2685 1668 2820 1708 vero
2862 1654 2912 1709 si
2963 1660 3118 1712 certe
3166 1661 3399 1713 tantum
3447 1659 3551 1715 otii
3578 1663 3638 1718 et

252 1758 368 1802 τῶν
427 1749 543 1819 ἐμοὶ
605 1743 1048 1818 σπουδαζομένων
1094 1747 1150 1798 τὸ
1206 1748 1352 1818 ἔργον
1411 1742 1491 1818 ᾖν,
1549 1742 1877 1817 διηγουμένῳ

1990 1739 2433 1795 commoditatis
2480 1739 2789 1813 haberem,
2833 1745 3036 1800 omnia
3083 1744 3346 1802 dicerem
3388 1763 3458 1804 ac
3489 1749 3636 1806 scri-

261 1841 331 1891 τὸ
389 1835 590 1910 βέλτιον
630 1835 698 1897 εἰς
745 1834 1078 1910 παραψυχὴν
1117 1838 1203 1887 καὶ
1248 1837 1514 1907 συμπαθὲς
1561 1841 1672 1895 τοῖς
1727 1832 1878 1885 ἀκού-

269 1944 441 1980 ουσι·
477 1933 564 1979 νῦν
610 1921 671 1978 δε
722 1923 817 1978 οὐκ
869 1925 1021 1976 ἐστι’
1062 1923 1259 1976 πολλῶν
1305 1927 1405 1998 γὰρ
1451 1923 1510 1975 ἂν
1553 1926 1678 1995 ἡμῖν
1715 1922 1880 1996 λόγων

268 2013 527 2075 ἐδέησε-ι’
573 2021 746 2068 πονεῖν
795 2010 856 2067 δὲ
903 2014 1023 2088 ἄρτι
1061 2015 1131 2076 ὡς
1178 2012 1226 2065 ἐν
1287 2015 1696 2088 συγγράμμασιν
1742 2009 1882 2066 ἴδιον

264 2106 331 2159 ἂν
376 2109 456 2164 εἴη
504 2107 680 2179 ὥσπερ
731 2107 776 2156 εἶ
822 2122 902 2166 τις
949 2101 998 2154 ἒν
1036 2107 1373 2176 νυκτομαχίᾳ
1416 2106 1476 2155 τό
1517 2099 1702 2165 δεξιῶς
1740 2101 1885 2154 ὁπλι-

268 2199 488 2268 σθῆναι,
539 2198 633 2247 καὶ
687 2190 914 2246 τοιῶσδε
957 2190 1237 2244 ἐπιϐαίνειν
1295 2199 1516 2245 σκοπεῖ·
1566 2196 1738 2244 καίτοι
1793 2195 1882 2244 καὶ

270 2285 436 2346 ἄλλως
479 2280 598 2338 οὐδ’
651 2283 711 2335 ἂν
758 2279 1043 2354 δυναίμην,
1083 2281 1488 2354 πεπλανημένος,
1523 2278 1630 2341 ἤδη
1675 2286 1770 2341 τὴν
1809 2284 1881 2334 ἔν-

268 2395 414 2428 νοιαν
453 2376 556 2426 ὑπὸ
594 2379 689 2426 τοῦ
735 2373 1145 2446 μεταμανθάνειν
1193 2373 1260 2423 τὰ
1303 2370 1568 2446 βάρϐαρα.
1601 2371 1664 2423 Εἰ
1695 2368 1754 2424 δὲ
1791 2376 1880 2424 καὶ

270 2471 441 2516 ταῦτα
481 2468 553 2536 μὴ
613 2469 790 2536 παρῆν
832 2459 1237 2536 παρακαὶοῠντα
1282 2479 1346 2534 με
1390 2467 1611 2531 σιωπᾷν,
1651 2459 1779 2512 ἀλλὰ
1820 2464 1878 2513 τὸ

277 2550 524 2625 διήγημα
568 2552 770 2624 ἴλιγγον
823 2553 936 2624 ἔχει
975 2550 1033 2602 οὐ
1087 2554 1332 2624 φορητὸν,
1378 2551 1444 2611 ὡς
1489 2555 1578 2602 καὶ
1615 2550 1876 2622 ἡπειρὼτη

272 2647 491 2713 ναυτία,
527 2646 616 2695 καὶ
661 2646 772 2703 τοῖς
814 2647 1057 2715 τρυφῶσι
1091 2644 1183 2692 καὶ
1231 2642 1603 2715 θρυπτομένοις
1649 2641 1714 2692 τά
1750 2640 1880 2714 φάρ-

270 2750 445 2806 μακα.

361 3000 432 3075 β’.
474 3001 707 3053 Ποοοῦσι
752 2994 807 3051 δὲ
861 2999 1004 3071 ὑμῖν,
1049 2996 1089 3048 ὧ
1139 2999 1301 3071 πάτερ
1358 3001 1449 3050 καὶ
1503 2995 1676 3070 ὅμιλνς
1735 2992 1881 3048 ἀδελ-

281 3099 412 3166 φῶν,
449 3088 541 3152 οὓς
581 3089 787 3159 συνάγει
826 3091 916 3140 καὶ
961 3083 996 3139 δ
1002 3093 1246 3155 ιεστῶτᾳς
1291 3089 1348 3140 τὸ
1389 3093 1600 3160 Πνεῦμα
1626 3089 1686 3139 τὸ
1713 3086 1880 3157 ἅγιον,
1921 3112 1961 3167 C

275 3181 373 3235 οὐκ
418 3177 527 3234 οἷδ’
574 3179 712 3240 ὅπως
755 3175 966 3250 ἐπίσχω
1013 3184 1112 3228 τῶν
1161 3177 1420 3251 ἡμετέρων
1463 3181 1558 3234 τὴν
1604 3196 1881 3250 γνωριμω-

265 3272 456 3328 τάτην.
521 3269 625 3322 Καὶ
682 3270 753 3339 μή
814 3268 913 3319 πού
965 3285 1045 3327 τις
1109 3265 1300 3338 Ἰωσὴφ
1353 3266 1608 3332 ἐνταῦθα;
1666 3264 1725 3316 Ὀ
1780 3267 1880 3339 γὰρ

268 3361 616 3434 πατριάρχης
662 3355 852 3410 Ἰακὼϐ
903 3352 1063 3415 δῆλος
1098 3356 1294 3407 πενθῶν
1339 3350 1441 3406 οἷδ’
1478 3356 1558 3406 ὅτι
1595 3357 1684 3406 τὸν
1723 3353 1883 3406 ὕστα-

271 3467 362 3503 τον
419 3446 467 3501 ἐν
517 3449 649 3508 υἱοῖς
699 3446 838 3498 κατὰ
892 3445 1219 3516 πνευματικὰ
1263 3442 1570 3515 ψελλίζοντα
1626 3445 1700 3496 ἔτι
1729 3463 1742 3477 ο
1793 3447 1882 3495 καὶ

270 3540 420 3613 παρὰ
484 3535 637 3589 τοῦτο
692 3538 784 3588 καὶ
844 3532 1187 3607 ἀγαπώμεθα.
1256 3532 1572 3604 Ἐγεώργουν
1639 3535 1730 3604 μὶν
1795 3528 1882 3584 οὖν

267 3629 320 3680 οἱ
360 3627 580 3700 μείζους
635 3621 850 3697 ἀδελφοὶ
881 3627 970 3676 τὸν
1026 3622 1272 3694 ἄσταχυν
1323 3629 1416 3682 τῆς
1476 3625 1634 3689 ζωῆς,
1672 3625 1762 3674 καὶ
1817 3619 1883 3682 εἰς

276 3714 548 3770 διακονίαν
633 3713 789 3775 αὐτὸς
871 3713 1157 3785 ἐτετάγμην
1225 3712 1639 3786 ὑπηρετούμενος
1713 3713 1886 3763 ὁπόσα

279 3809 626 3878 προσέταττεν
677 3805 703 3856 ὁ
753 3806 929 3877 πατὴρ
957 3822 970 3835 ·
1019 3802 1068 3854 οἱ
1100 3797 1151 3854 δ’
1201 3799 1606 3874 ἀπεμπολοῡσιν,
1649 3799 1742 3852 οὐκ
1781 3795 1884 3852 οἶδ’

282 3895 311 3948 ὃ
361 3913 414 3946 τι
460 3895 732 3954 παθόντες.
786 3891 927 3950 Πλὴν
968 3892 1103 3964 ὅμως
1140 3896 1230 3943 καὶ
1281 3886 1559 3966 τραγῳδία
1603 3892 1669 3941 τὰ
1715 3888 1885 3942 ἐντεῦ-

285 3986 373 4037 Θεν
413 3979 525 4036 οὐδ’
571 3980 944 4056 ἀπαράλληλασ
993 3980 1125 4040 πλὴν
1170 3981 1197 4033 ὅ
1233 3999 1286 4032 τι
1323 3983 1565 4054 γνωρίσω
1595 3981 1685 4052 μὲν
1725 3977 1883 4051 ἐμαυ-

280 4077 406 4138 τὸν,
458 4072 501 4126 εἰ
555 4077 648 4125 καὶ
704 4067 949 4132 σκιωδῶς
995 4066 1113 4123 οὐδ’
1166 4069 1656 4143 ἀπαρακαλύπτωςο
1713 4087 1884 4141 παρα-

277 4161 593 4238 δραμοῦμαι
645 4163 747 4234 γὰρ
799 4163 864 4214 τὰ
913 4159 1096 4214 πολλά.
1149 4157 1413 4213 Βασιλεύω
1458 4155 1518 4211 δε
1563 4157 1734 4211 οὐκέτι
1788 4166 1886 4210 τῶν

271 4253 582 4325 Αἰγυπτίων
633 4245 729 4302 διὰ
778 4251 864 4302 τὸν
919 4252 1144 4320 Φαραὼ,
1204 4247 1248 4300 εἰ
1297 4251 1387 4300 καὶ
1441 4251 1888 4322 παραχωρηκέναι

270 4347 412 4405 τινος
455 4339 793 4409 δυναστείας,
846 4339 905 4391 οὐ
957 4337 1202 4411 βούλεται
1250 4340 1364 4411 μεν,
1402 4338 1635 4390 πείθεται
1681 4333 1740 4390 δὲ
1789 4339 1886 4390 ὕπὸ

1986 1829 2230 1886 berem:
2265 1829 2371 1884 etsi
2415 1829 2787 1902 praecipuam
2831 1847 3040 1889 curam
3083 1849 3351 1904 gererem
3389 1837 3639 1897 meliora

1985 1917 2274 1974 narrandi
2315 1917 2394 1974 ob
2445 1917 2726 1974 solatium
2774 1923 3175 1996 mutuumque
3203 1923 3485 1982 affectum
3533 1943 3640 1986 au-

1987 2008 2302 2065 dientium.
2347 2011 2515 2064 Nunc
2571 2009 2633 2065 id
2680 2025 2804 2066 non
2859 2011 3016 2083 licet,
3061 2014 3207 2086 quia
3252 2014 3434 2086 longo
3490 2018 3640 2074 mihi

1989 2111 2266 2154 sermone
2306 2112 2462 2170 Opus
2508 2097 2676 2155 foret.
2730 2100 3020 2157 Laborem
3066 2105 3268 2158 autem
3318 2103 3639 2164 scribendo

1987 2186 2358 2258 impendere,
2408 2187 2657 2260 perinde
2704 2204 2869 2245 nunc
2915 2195 3090 2258 esset,
3140 2207 3211 2248 ac
3259 2192 3312 2248 si
3366 2194 3502 2266 quis
3560 2195 3640 2252 ad

1988 2281 2347 2333 nocturnam
2395 2292 2668 2349 pugnam
2717 2277 3021 2348 eleganter
3065 2295 3126 2336 se
3161 2282 3347 2338 armis
3393 2299 3644 2342 exorna-

1987 2370 2096 2436 ret,
2129 2369 2307 2437 atque
2348 2366 2432 2422 ita
2473 2371 2721 2422 ornatus
2767 2369 3136 2440 procederet.
3180 2370 3295 2427 Sed
3331 2377 3390 2428 et
3417 2373 3643 2446 alioqui

1988 2454 2048 2509 id
2092 2454 2338 2509 minime
2377 2470 2645 2527 possem,
2679 2461 2878 2512 mente
2922 2457 3120 2514 adhuc
3148 2474 3328 2529 vaga,
3355 2459 3506 2518 dum
3545 2477 3642 2518 res

1987 2542 2342 2599 barbaricas
2370 2543 2599 2600 discere
2624 2545 2868 2618 incipio.
2899 2547 3032 2603 Jam
3062 2549 3344 2620 quamvis
3384 2550 3515 2606 haec
3541 2565 3642 2607 me

1989 2633 2069 2688 ad
2119 2632 2423 2688 silentium
2465 2649 2589 2690 non
2627 2635 3103 2706 compingerent,
3135 2638 3399 2696 narratio
3437 2644 3644 2698 tamen

1989 2721 2424 2778 intolerabilem
2472 2723 2827 2794 vertiginem
2882 2730 3131 2794 crearet,
3180 2727 3364 2784 veluti
3409 2729 3643 2788 homini

1989 2811 2428 2868 mediterraneo
2462 2810 2528 2868 ﬁt
2559 2813 2620 2868 in
2650 2814 2800 2870 mari
2828 2829 3077 2888 nausea,
3107 2821 3165 2873 et
3192 2817 3345 2874 sicut
3371 2817 3643 2877 delicatis

1991 2905 2046 2959 et
2076 2901 2358 2958 mollibus
2389 2903 2723 2974 pharmace
2747 2904 3052 2964 accidunt.

2062 2994 2112 3046 2.
2157 2993 2447 3048 Craterum
2495 2992 2803 3064 cupientes
2835 3005 2962 3063 vos,
2995 3009 3032 3050 ο
3081 2999 3250 3069 pater
3294 3001 3353 3055 et
3387 2997 3640 3056 fratrum

1990 3086 2199 3152 coetus,
2231 3096 2389 3153 quos
2433 3081 2568 3138 licet
2595 3082 2883 3139 distantes
2931 3091 3173 3141 sanctus
3214 3086 3466 3158 Spiritus
3495 3104 3642 3145 con-

1990 3174 2216 3243 gregat,
2249 3171 2450 3227 nescio
2483 3172 2796 3244 quomodo
2842 3173 3030 3230 celem
3057 3190 3185 3231 rem
3216 3175 3368 3233 inter
3403 3182 3643 3235 nostras

1989 3261 2166 3330 longe
2219 3261 2620 3318 notissimam.
2669 3265 2736 3318 Et
2785 3264 3083 3336 numquid
3139 3265 3236 3321 hic
3287 3270 3376 3322 est
3422 3267 3644 3340 Joseph

1990 3349 2209 3422 aliquis
2230 3349 2257 3404 ‘P
2290 3351 2457 3407 Patet
2494 3351 2652 3406 enim
2698 3356 2864 3424 quod
2894 3354 3238 3425 patriarcha
3263 3355 3448 3412 Jacob
3478 3357 3645 3428 luget

1988 3444 2362 3511 postremum
2416 3455 2487 3495 ex
2534 3440 2658 3496 suis
2703 3440 2858 3512 ﬁliis,
2904 3442 3008 3514 qui
3051 3443 3251 3500 adhuc
3297 3444 3506 3518 spiritu
3550 3446 3644 3502 in-

1989 3527 2124 3585 fans
2159 3531 2285 3596 est;
2318 3532 2375 3584 et
2419 3529 2643 3586 idcirco
2689 3530 3015 3600 diligimur.
3054 3533 3422 3590 Excolebant
3465 3534 3645 3606 igitur

1990 3618 2250 3688 majores
2279 3618 2489 3676 fratres
2518 3618 2650 3675 vitae
2692 3635 2980 3688 messem,
3017 3625 3198 3693 atque
3223 3636 3336 3691 ego
3375 3621 3506 3694 ipse
3535 3622 3648 3679 mi-

1989 3707 2231 3763 nisterio
2278 3706 2363 3762 fui
2406 3706 2704 3778 addictus,
2747 3724 2998 3780 operam
3031 3711 3423 3782 impensurus
3465 3715 3648 3784 prout

1991 3800 2160 3869 pater
2201 3795 2635 3867 imperavisset.
2672 3796 2755 3852 Illi
2785 3803 2986 3853 autem
3011 3799 3414 3856 vendiderunt
3440 3799 3644 3858 nescio

1993 3901 2117 3958 quo
2161 3884 2347 3940 animi
2397 3899 2586 3957 pravo
2640 3885 2922 3943 instinctu
2970 3888 3273 3959 permoti:
3325 3889 3431 3944 sed
3487 3893 3646 3946 certe

1995 3973 2288 4042 tragoedia
2342 3974 2440 4030 hic
2505 3974 2652 4042 fuit,
2721 3990 2796 4031 ne
2861 3977 3043 4032 veteri
3107 3976 3433 4034 dissimilis.
3499 3979 3646 4036 Novi

1993 4068 2197 4122 tamen
2247 4079 2343 4120 me
2371 4064 2595 4137 ipsum,
2625 4081 2982 4138 quanquam
3021 4066 3083 4122 in
3114 4067 3334 4125 umbra
3377 4085 3489 4125 nec
3518 4070 3647 4127 sine

1994 4153 2312 4210 velamine.
2346 4153 2574 4210 Etenim
2616 4154 2807 4211 multa
2841 4161 3147 4228 praetereo.
3177 4160 3376 4231 Neque
3413 4159 3648 4231 impero

1990 4245 2117 4316 jam
2171 4243 2459 4317 Egyptiis
2515 4260 2622 4317 per
2664 4245 3072 4314 Pharaonem,
3118 4248 3219 4319 qui
3274 4248 3381 4304 etsi
3437 4248 3648 4305 cedere

1995 4334 2172 4390 alicui
2219 4333 2497 4407 potentiae
2544 4335 2759 4403 renuit,
2797 4336 3198 4408 persuadetur
3226 4341 3428 4394 tamen
3468 4338 3546 4394 ab
3576 4354 3648 4396 eo

267 4441 362 4486 τοῦ
417 4433 640 4508 ὁράσεις
692 4425 932 4491 διδόντος
982 4431 1073 4480 καὶ
1123 4426 1516 4490 ἐνυπνιάζοντος
1554 4435 1881 4500 πνεῦματος·

1994 4424 2098 4497 qui
2153 4423 2416 4479 visiones
2476 4427 2534 4479 et
2585 4425 2824 4480 somnia
2871 4425 3136 4482 immittit
3193 4425 3423 4498 spiritu.
3486 4427 3651 4485 Cedit

272 4525 551 4594 ὑποχωρεί
592 4521 695 4592 γὰρ
736 4519 766 4577 ἡ
802 4519 1057 4580 αἴσθησις
1098 4524 1171 4588 τῷ
1218 4519 1319 4583 νοί,
1348 4517 1474 4591 παρ’
1513 4515 1674 4569 αὐτοῦ
1725 4513 1886 4569 διδα-

276 4612 475 4682 χθεῖσα
523 4611 628 4662 ὅσα
669 4607 998 4681 συμϐολικῶς
1047 4602 1408 4678 ὑποδέχεται·
1452 4605 1510 4658 οὐ
1559 4607 1660 4682 γὰρ
1711 4607 1741 4664 ἡ
1795 4605 1888 4670 νὺξ

278 4706 374 4751 τοῦ
407 4696 525 4771 βίου
554 4703 831 4772 κεχώρηκε
859 4701 953 4755 τὴν
987 4695 1232 4754 ἀλήθειαν
1258 4716 1271 4728 ·
1305 4693 1420 4750 εἶεν.

350 4785 417 4859 γ’.
456 4793 560 4847 Τὴν
613 4789 705 4860 μὲν
753 4782 813 4840 οὗ
867 4782 990 4839 ὁδὸν
1044 4785 1255 4837 ἅπασαν
1295 4783 1347 4846 ἐξ
1405 4782 1658 4858 ἁπαρχῆς
1713 4781 1885 4836 ἂναλέ-

275 4877 468 4947 γεσθαι
514 4877 640 4950 ὑπὲρ
678 4879 768 4928 τὸν
815 4878 1051 4948 παρόντα
1097 4876 1278 4946 καιρόν
1327 4871 1460 4939 ἐστι,
1505 4877 1596 4925 καὶ
1645 4875 1739 4931 τὴν
1794 4877 1887 4925 τοῦ

274 4965 434 5038 λόγου
491 4961 764 5024 σπουδήνο
826 4965 928 5017 ὅσα
978 4981 1034 5016 τε
1088 4963 1461 5035 ὗπενεγκὸντας
1527 4964 1664 5034 ἡμᾶς
1715 4966 1886 5036 τρίτος

273 5055 493 5130 ἑώρακεν
549 5055 722 5117 ἣλιος.
792 5058 896 5107 Καὶ
961 5058 1064 5126 μήν
1118 5071 1179 5124 γε
1242 5054 1432 5105 τούτων
1500 5051 1558 5104 οὐ
1621 5050 1886 5105 πολλοστὰ

268 5145 646 5218 αἰτησαμένοις
701 5147 846 5198 τισὶν
903 5138 1308 5213 ἐκδεδὼκαμεν,
1373 5137 1737 5215 ἐπιδρομάδην
1805 5139 1887 5194 δι-

260 5237 544 5301 εξελθόντες
595 5235 652 5288 ἐκ
696 5240 792 5287 τοῦ
840 5237 1189 5308 παρήκοντος,
1236 5231 1281 5284 εἰ
1338 5235 1409 5305 μὴ
1468 5236 1558 5284 καὶ
1611 5235 1705 5290 τὴν
1759 5231 1884 5303 ὑμε-

250 5350 404 5404 τεραν
489 5327 875 5402 φι).οπευστίαν
956 5317 1462 5398 παραδεδράμηκεν.
1550 5320 1608 5373 Ὀ
1680 5330 1886 5394 πρῶτος

251 5416 640 5480 ὀδοστατήσας
691 5411 928 5484 ἐξέθλιψέ
970 5431 1068 5485 με’
1107 5409 1358 5464 κατέλαϐέ
1403 5430 1466 5484 με
1515 5407 1728 5481 διώξας,
1779 5407 1882 5464 διε-

253 5514 508 5583 μερίσατο
566 5506 769 5575 σκύλα,
817 5503 861 5557 εἰ
912 5507 1002 5554 καὶ
1063 5506 1135 5575 μὴ
1193 5505 1288 5559 τὴν
1346 5499 1624 5573 ἐπιθυμίαν
1678 5498 1884 5558 ἐνέπλη-

255 5617 358 5656 σεν.
424 5600 484 5654 ⁸0
559 5596 818 5670 δεύτερος
883 5591 1121 5666 λυμεὼν,
1190 5591 1614 5663 εὐπορίστότερος
1678 5585 1728 5641 ἓν
1789 5609 1884 5642 xa-

1994 4515 2222 4588 quippe
2248 4530 2459 4569 sensus
2485 4513 2812 4571 intellectui
2838 4515 2918 4572 ab
2946 4515 3046 4572 illo
3072 4516 3320 4573 edoctus
3349 4517 3651 4591 quidquid

1993 4619 2101 4676 per
2150 4603 2434 4676 symbola
2477 4605 2744 4677 suscipit.
2799 4607 3000 4678 Neque
3049 4607 3210 4662 enim
3261 4622 3385 4663 nox
3437 4607 3650 4664 mundi

1992 4692 2303 4749 veritatem
2330 4692 2932 4765 comprehendit.Sed
2956 4695 3085 4750 haec
3108 4695 3299 4751 missa
3327 4695 3646 4754 faciamus.

2063 4787 2117 4838 3.
2161 4782 2344 4852 [gitur
2379 4781 2542 4838 viam
2572 4781 2818 4855 quidem
2849 4784 3194 4840 universam
3233 4784 3363 4855 jam
3403 4785 3544 4841 inde
3570 4785 3651 4842 ab

1991 4870 2158 4928 initio
2189 4869 2544 4940 describere,
2579 4874 2796 4943 praeter
2823 4871 3006 4942 hujus
3055 4872 3343 4944 temporis
3387 4874 3649 4945 spatium

1994 4964 2101 5029 est,
2133 4965 2190 5016 et
2237 4963 2449 5032 praeter
2495 4959 2791 5015 sermonis
2828 4959 3134 5026 ofﬁcium;
3177 4963 3234 5016 et
3270 4965 3500 5033 quanta
3539 4976 3650 5016 nos

1993 5066 2311 5124 perpessos
2360 5050 2567 5106 tertius
2612 5049 2699 5105 sol
2754 5049 2986 5105 viderit.
3030 5053 3096 5105 Et
3141 5049 3387 5121 quidem
3430 5050 3650 5106 horum

1993 5141 2158 5198 haud
2207 5156 2404 5213 pauca
2455 5137 2899 5212 postulantibus
2945 5138 3250 5195 nonnullis
3288 5137 3512 5195 cursim
3570 5139 3650 5196 si-

1994 5229 2435 5302 gniﬁcavimus,
2472 5227 2809 5284 transitorie
2839 5227 3167 5294 narrando,
3200 5227 3316 5282 nisi
3346 5227 3469 5283 haec
3502 5227 3651 5285 forte

1995 5322 2254 5375 vestram
2310 5317 2712 5374 curiositatem
2769 5315 3067 5386 fugerunt.
3124 5316 3358 5372 Primus
3416 5317 3652 5374 viarum

1993 5413 2195 5464 custos
2226 5405 2465 5463 vexavit
2495 5422 2612 5472 me,
2642 5405 3220 5478 comprehenditque
3253 5421 3646 5479 persequens,

1993 5504 2051 5554 et
2094 5497 2290 5570 spolia
2324 5496 2544 5563 divisit,
2572 5494 2681 5550 etsi
2721 5494 3111 5567 cupiditatem
3154 5511 3330 5552 suam
3379 5511 3504 5552 non
3553 5512 3652 5552 ex-

1992 5587 2194 5662 plevit.
2242 5585 2553 5644 Secundus
2593 5588 2882 5660 vastator,
2930 5583 3126 5656 magis
3170 5584 3376 5643 adhuc
3419 5585 3649 5642 malitia
