4134 6392
507 262 602 317 391
1670 255 2025 310 THEODORI
2063 254 2340 308 ALANIE
2383 254 2693 311 EPISCOPI
3764 261 3875 315 392

505 385 851 450 abundans,
889 383 994 438 sed
1028 387 1227 438 tamen
1261 395 1379 436 non
1412 379 1743 452 praevaluit.
1777 382 1924 434 Nam
1955 377 2140 450 prodi-

2269 384 2395 442 κοῖς,
2455 379 2496 430 εἰ
2554 384 2642 431 καὶ
2694 383 2765 452 μὴ
2826 383 3158 452 κατίσχυσε·
3226 387 3561 455 τερατουργεῐ
3617 384 3719 458 γὰρ
3778 387 3877 436 καὶ

506 474 604 544 gia
633 489 842 528 rursus
883 476 1079 544 patrat
1111 473 1261 525 Deus
1295 468 1660 539 famigeratis
1703 467 1815 522 illis
1844 467 2009 521 haud
2049 466 2132 521 mi

2268 466 2422 519 πάλιν
2469 471 2594 528 Θεὸς
2638 476 2737 520 τῶν
2787 470 3115 541 ὑμνουμένων
3162 469 3256 521 οὐκ
3301 469 3508 522 ἔλαττον
3533 492 3545 503 ·
3598 471 3877 524 θάλασσαν

503 577 682 616 nora:
715 575 879 616 mare
906 559 1128 625 divisit,
1152 556 1400 613 deduxit
1427 556 1687 611 inermes
1717 553 2011 620 homines,
2038 568 2140 608 nor

2268 559 2428 628 ἔτεμε,
2477 553 2724 629 διήγαγεν
2775 556 2992 618 ἀόπλους
3041 555 3258 633 ἄνδρας,
3313 555 3435 612 οὐδὲ
3494 555 3876 633 διωκομένους,

502 654 626 705 tam
665 647 1166 720 persequentibus
1204 662 1390 718 quam
1431 646 1559 715 jam
1602 641 2163 715 comprehendenti—

500 739 615 793 bus
662 738 956 804 hostibus,
984 737 1148 809 quod
1193 735 1380 809 pluris
1409 739 1516 790 est.
1565 733 1837 790 Caecitate
1869 730 2164 804 percussit

501 828 876 884 secundum:
906 832 1033 883 erat
1075 826 1234 882 enim
1267 825 1446 879 etiam
1479 823 1642 896 apud
1691 838 1802 878 nos
1847 821 2159 877 conﬁden-

502 917 768 974 tissimus
797 915 1322 984 Paulus,gentium
1351 911 1678 985 apostolus,
1697 910 1804 982 qui
1830 927 1952 983 prae
1974 912 2162 966 Evan-

501 1005 657 1076 gelio
716 1011 932 1062 cuncta
997 1004 1168 1060 ﬂocci
1223 1001 1600 1071 aestimabat,
1661 1000 1783 1055 zelo
1850 998 2156 1068 ﬂagrans,

503 1095 932 1167 mysteriorum
980 1094 1230 1166 Spiritus
1280 1107 1524 1161 gnarus,
1565 1094 1771 1162 pastor
1809 1103 2004 1154 meus,
2034 1088 2159 1143 imo

499 1201 642 1240 vero
664 1189 834 1256 pater
854 1183 1051 1256 potius
1075 1181 1356 1254 spiritalis
1378 1196 1565 1252 quam
1591 1177 1943 1251 corporalis.
1966 1177 2158 1248 Erepti

498 1273 749 1329 vinculis
775 1289 946 1345 aeque
978 1289 1046 1328 ac
1078 1275 1304 1337 Petrus,
1323 1268 1708 1326 transivimus
1737 1266 1997 1338 primam
2019 1265 2159 1321 alte-

498 1379 753 1435 ramque
792 1361 1148 1418 custodiam.
1184 1361 1252 1416 Ut
1283 1364 1484 1415 autem
1515 1357 1732 1414 divinae
1763 1355 2154 1428 dispensatio-

497 1452 592 1507 nis
628 1468 759 1507 mos
788 1456 897 1519 est,
932 1465 1258 1523 parumper
1286 1464 1358 1504 ea
1382 1447 1628 1518 remisit,
1661 1453 1725 1502 ut
1753 1460 1895 1501 mox
1923 1445 2156 1515 majora

499 1540 776 1611 prodigia
805 1543 1089 1613 patraret.
1133 1541 1264 1594 Haec
1298 1553 1410 1594 nos
1439 1536 1696 1592 breviter
1720 1533 2111 1607 exposuimus
2137 1551 2152 1602 ;

494 1630 926 1701 neminemque
965 1628 1090 1683 fore
1135 1625 1455 1698 credimus,
1484 1625 1588 1698 qui
1642 1623 1692 1680 si
1730 1623 2012 1696 inquirat,
2045 1622 2151 1679 mi-

492 1717 657 1774 nime
689 1718 742 1774 ei
772 1717 1095 1774 manifesta
1125 1719 1481 1788 appareant.
2189 1725 2232 1784 Β

497 1868 500 1870 γ
566 1811 621 1864 4.
663 1810 773 1863 Res
820 1821 1002 1878 porro
1049 1805 1146 1861 hic
1192 1809 1390 1875 gestas
1422 1803 1588 1860 novit
1618 1803 1880 1860 Cherson
1910 1807 1968 1858 et
2015 1803 2152 1874 Scy-

493 1896 656 1952 thica
680 1895 866 1966 regio,
900 1911 1037 1967 quas
1083 1911 1195 1950 nos
1224 1893 1544 1950 liberaliter
1569 1893 1827 1949 viatores
1857 1892 2150 1960 tractavit,

493 1983 718 2040 auditis
784 1986 1128 2038 nostrarum
1196 1981 1609 2038 calamitatum
1670 1979 1932 2036 casibus.
2003 1982 2151 2034 Nam

491 2077 819 2146 postquam
866 2071 917 2127 is
965 2073 1069 2143 qui
1117 2071 1532 2143 improborum
1584 2069 1874 2125 malitiam
1922 2068 2150 2124 irritam

489 2160 705 2227 reddit,
739 2162 1039 2232 persuasit
1069 2166 1329 2232 tyranno
1358 2164 1583 2224 nostro,
1613 2162 1678 2214 ut
1720 2162 1929 2214 contra
1976 2173 2149 2212 suam

489 2251 859 2307 voluntatem
894 2257 1114 2322 ageret,
1144 2250 1239 2306 ille
1279 2266 1390 2306 nos
1421 2248 1655 2304 exsules
1685 2247 1913 2321 expulit
1940 2251 1997 2303 et
2025 2246 2148 2303 vin-

491 2347 636 2408 ctos,
693 2342 898 2397 civitas
943 2345 1144 2396 autem
1187 2340 1409 2396 liberos
1457 2354 1585 2395 esse
1643 2339 1796 2394 sivit.
1841 2340 2146 2393 Verumta-

489 2445 633 2486 men
679 2430 794 2486 hoc
849 2430 982 2500 ejus
1036 2445 1156 2484 non
1208 2429 1428 2500 placuit
1476 2427 1681 2483 animo
1720 2428 1819 2497 (2),
1867 2426 2148 2498 misitque

489 2519 684 2576 malos
730 2519 974 2574 nuntios
1022 2519 1099 2574 ad
1147 2519 1555 2588 magistratus,
1607 2522 1663 2572 et
1709 2516 1916 2586 gravia
1963 2513 2148 2570 verba

489 2607 723 2664 addidit
755 2609 855 2678 (3).
890 2611 956 2663 Et
983 2608 1045 2663 hi
1069 2607 1338 2679 quidem,
1369 2606 1534 2662 nullo
1571 2606 1746 2661 vetito
1772 2604 2142 2676 interposito,

487 2697 723 2753 civibus
753 2696 1200 2769 permittebant,
1235 2702 1297 2752 ut
1335 2712 1445 2768 pro
1473 2712 1583 2751 suo
1612 2695 1779 2750 libito
1822 2694 1997 2749 nobis
2023 2699 2146 2749 ute-

486 2791 710 2843 rentur.
747 2787 860 2843 Sed
892 2789 1046 2842 Deus
1096 2785 1306 2841 aderat
1347 2785 1653 2853 cohibens,
1687 2783 1790 2856 qui
1840 2799 2027 2838 unum
2067 2783 2142 2839 de

486 2876 802 2931 Chersonis
830 2875 1180 2948 proceribus
1210 2875 1524 2947 permovit,
1553 2874 1864 2930 hominem
1891 2889 2140 2945 prorsus

2253 2873 2347 2926 ούκ
2385 2873 2552 2941 ἄλλος,
2609 2873 2849 2931 Ἰωάννην
2888 2877 2975 2926 τόν
3022 2876 3194 2926 πάνυ·
3240 2871 3422 2928 ἐδίδου
3467 2879 3559 2949 μὲν
3609 2872 3722 2928 οὐδ’
3773 2876 3864 2928 οὔ-

483 2964 704 3021 celebri
744 2965 956 3022 Joanni
1009 2979 1255 3036 parem:
1289 2965 1392 3036 qui
1447 2969 1647 3018 tamen
1689 2962 2024 3018 libertatem
2056 2961 2140 3017 fu-

2251 2981 2350 3024 τως
2409 2961 2688 3037 ἐλευθέριον
2741 2963 2876 3034 ἡμᾶς
2931 2965 2989 3014 τὸ
3044 2959 3342 3035 ἀποδράναι
3396 2967 3462 3016 τὰ
3511 2983 3699 3037 χειρω,
3765 2967 3862 3038 ὑφ-

483 3054 685 3125 giendi
723 3052 1058 3126 periculum
1105 3069 1226 3108 non
1267 3051 1584 3119 concessit,
1616 3051 1762 3122 quia
1804 3050 2001 3122 plebis
2031 3050 2140 3106 im-

2251 3056 2504 3125 ορῶμενος
2555 3055 2648 3109 τὴν
2698 3052 2863 3124 ὁρμήν
2925 3059 3017 3103 τοῦ
3075 3048 3271 3124 δήμου,
3331 3057 3532 3125 μήποτε
3586 3057 3860 3127 κατασφά-

478 3147 690 3214 petum
721 3141 1046 3212 metuebat,
1080 3158 1154 3196 ne
1183 3141 1333 3196 forte
1377 3156 1413 3195 a
1440 3139 1826 3210 sanguinario
1857 3138 1958 3194 illo
2009 3139 2138 3196 viro

2251 3140 2392 3201 ξοιτο
2441 3142 2587 3213 παρὰ
2642 3148 2733 3192 τοῦ
2781 3145 3056 3213 μιαιφόνου
3115 3138 3327 3216 ἀνδρὸς,
3380 3149 3470 3195 καὶ
3519 3143 3636 3196 κατ’
3695 3144 3856 3198 αὐτοῦ

480 3231 873 3299 occideretur,
907 3235 1237 3302 contraque
1281 3247 1342 3285 se
1374 3234 1849 3285 commoveretur
1878 3228 2137 3300 populus

2248 3237 2438 3282 κινοῐ-ο
2490 3225 2656 3300 δῆμος
2695 3229 2762 3279 ῶν
2814 3228 3148 3303 ἐτεροϐριθής
3198 3237 3288 3282 xui
3339 3234 3606 3304 φερόμενος
3657 3252 3851 3286 παντο-

477 3320 583 3391 qui
616 3319 881 3390 undique
913 3319 1108 3375 alieno
1149 3318 1418 3391 impulsu
1444 3317 1755 3387 agebatur.
1782 3321 1986 3390 Itaque
2016 3334 2137 3373 me-

2249 3320 2355 3374 θεν.
2424 3318 2626 3391 Ἐτήρει
2675 3313 2734 3369 δὲ
2782 3321 2977 3389 μέσους
3030 3316 3320 3394 ἐλευθερίας
3375 3339 3428 3373 τε
3483 3325 3573 3373 xui
3629 3318 3853 3395 δεσμοῦ.

477 3407 611 3463 dios
652 3406 804 3462 inter
850 3406 1187 3461 libertatem
1241 3411 1297 3460 et
1338 3405 1575 3461 vincula
1617 3405 1930 3463 retinebat.
1981 3405 2136 3471 Quid

2248 3411 2307 3459 Τί
2356 3403 2415 3458 δὲ
2463 3407 2488 3458 6
2541 3407 2708 3457 πάντα
2754 3415 2914 3458 ποιῶν
2972 3413 3062 3460 xui
3104 3413 3244 3480 μόνῳ
3291 3416 3362 3480 τῷ
3405 3407 3724 3478 βούλεσθαι;
3757 3410 3857 3464 Ἶιν

475 3511 658 3568 porro
707 3494 757 3549 is
804 3495 908 3568 qui
957 3495 1164 3550 omnia
1195 3494 1323 3551 sola
1367 3509 1478 3549 sua
1520 3492 1817 3550 voluntate
1858 3492 2136 3566 perficit?

2268 643 2396 698 ἀλλὰ
2441 650 2820 718 κατεχομένους
2872 650 2930 699 τό
2988 647 3202 719 μεῖζον·
3237 647 3463 722 ἀορασίᾳ
3509 648 3726 708 πλήττει
3780 653 3878 702 τὸν

2269 730 2538 809 δεύτερον·
2599 733 2659 793 ἧν
2710 739 2812 809 γὰρ
2866 742 2956 790 καὶ
3007 738 3131 810 παρ’
3188 739 3314 810 ἡμῖν
3377 737 3877 813 παρρησιαζόμενος

2269 822 2472 885 Παῦλος
2525 826 2551 876 6
2603 833 2701 876 τῶν
2763 824 2918 877 ἐθνῶν
2973 825 3278 890 ἀπόστολος,
3333 828 3359 878 6
3430 835 3501 897 τῷ
3570 828 3879 900 [idm/753i};

2265 920 2458 985 μικροῦ
2504 915 2571 966 τὰ
2620 916 2791 966 πάντα
2836 914 3143 988 περιλαϐὼν,
3195 918 3221 967 6
3280 915 3538 982 ζηλωτὴς,
3602 919 3627 968 6
3683 920 3880 993 θεωρὸς

2267 1010 2367 1053 τῶν
2403 1006 2710 1074 μυστηρίων
2766 1010 2854 1055 τοῦ
2895 1006 3214 1076 Πνεύματος,
3265 1006 3290 1056 ὁ
3339 1003 3456 1077 ἐμὸς
3507 1009 3721 1078 ποιμὴν,
3779 1013 3880 1059 xui

2268 1090 2456 1163 μᾶλλον
2509 1093 2535 1143 6
2583 1094 2837 1165 πνεύματι
2884 1098 3053 1165 πατὴρ
3114 1094 3142 1151 ἦ
3190 1102 3261 1163 τῷ
3329 1100 3572 1166 σώματν
3624 1097 3878 1169 ἡρπάγη-

2267 1199 2356 1253 μεν
2421 1189 2520 1233 τῶν
2575 1177 2782 1254 δεσμῶν
2839 1185 2971 1255 μετὰ
3027 1187 3259 1256 Πέτρου,
3316 1179 3592 1254 διήλθομεν
3655 1192 3877 1257 πρωτην

2267 1269 2499 1342 φυλακὴν
2547 1275 2637 1322 καὶ
2689 1268 2951 1344 δευτεραν.
2993 1271 3074 1332 Ὠς
3123 1269 3183 1324 δε
3224 1276 3380 1344 νόμος
3420 1281 3511 1333 τῆς
3556 1275 3692 1335 θείας
3732 1274 3876 1327 οἰκο-

2263 1365 2463 1432 νομίας,
2517 1364 2703 1433 μικρὸν
2756 1357 3037 1414 ἐνδίδωσιν
3097 1363 3180 1413 ῖνα
3230 1361 3394 1432 μείζω
3453 1363 3864 1436 θαυματουργῇ,

2262 1456 2442 1502 Ταῦτα
2477 1452 2567 1522 μὲν
2611 1446 2698 1502 οὖν
2743 1448 2791 1501 ἐν
2840 1458 3011 1525 μικρῷ
3049 1469 3103 1503 τε
3141 1449 3290 1523 ἡμεῖς
3333 1446 3733 1524 ἕκδεδώκαμενι
3777 1460 3875 1506 καὶ

2262 1547 2362 1590 τῶν
2410 1536 2759 1611 ἐρευνωμένων
2807 1537 2954 1611 οἶμαι
3005 1535 3210 1612 μηδένα
3262 1536 3412 1607 εἶναι,
3470 1540 3606 1615 ᾧπερ
3656 1541 3750 1594 ούκ
3805 1541 3873 1594 ἂν

2261 1630 2338 1686 εἴη
2369 1633 2539 1680 ταῦτα
2573 1646 2633 1699 γε
2671 1624 2831 1688 δῆλα.

2334 1803 2400 1862 δ’.
2441 1808 2519 1858 Τὰ
2563 1802 2614 1858 δ’
2659 1805 2884 1859 ἐντεῦθεν
2933 1803 3046 1860 οἶδε
3092 1810 3306 1882 Χερσὼν
3350 1812 3440 1860 καὶ
3491 1815 3560 1879 γῆ
3611 1810 3870 1880 Σκυθικὴ,

2261 1895 2598 1969 φιλοξενοῦσα
2655 1900 2776 1958 τούς
2838 1893 3218 1970 παροδεύοντας
3279 1904 3388 1960 τοῖς
3447 1905 3545 1950 τῶν
3602 1901 3872 1972 ἡμετέρων

2258 1986 2591 2058 παθημάπων
2633 1984 2965 2058 ἀκούσμασιν
2989 2007 3002 2019 ·
3059 1974 3252 2044 ἐπειδῆ
3289 1989 3391 2061 γὰρ
3423 1987 3449 2038 6
3484 1987 3718 2059 σφάλλων
3768 1993 3870 2048 τήν

2257 2083 2356 2127 τῶν
2422 2083 2658 2149 πονηρῶν
2737 2081 3056 2150 πανουργίαν
3119 2077 3286 2128 ἔπειθε
3349 2080 3436 2128 καὶ
3499 2079 3556 2128 τὸ
3614 2078 3869 2150 ἡμέτερον

2257 2167 2502 2236 τύραννον
2567 2166 2632 2215 τὰ
2683 2172 2744 2236 τῇ
2803 2169 2979 2236 γνώμη
3045 2166 3289 2240 πράττειν
3351 2163 3611 2234 ἀντίθετα,
3675 2167 3701 2218 ὁ
3773 2170 3869 2240 μὲν

2259 2253 2583 2326 ὑπερορίους,
2634 2255 2851 2325 ἔπεμπεν
2901 2255 3042 2325 ἡμᾶς
3087 2258 3178 2306 xui.
3226 2250 3522 2326 δεσμώτας,
3565 2253 3869 2330 ἐλευθέρους

2261 2337 2318 2392 δὲ
2361 2343 2390 2399 ή
2433 2340 2577 2402 πόλις
2626 2337 2830 2395 ἐδίδου.
2873 2341 3006 2394 Ἀλλ’
3038 2341 3132 2393 ούκ
3179 2339 3372 2394 ἐκείνου
3430 2339 3621 2402 ἥνδανε
3671 2346 3861 2416 θυμῷ’

2255 2433 2449 2491 κακούς
2507 2426 2566 2481 δὲ
2631 2429 2874 2500 ἀγγέλους
2926 2430 3068 2501 ἠφίει
3131 2438 3203 2500 τῷ
3260 2430 3618 2504 πολιτεύματι,
3683 2452 3866 2505 κρατε-

2254 2522 2377 2592 ροὺς
2431 2515 2481 2571 δ’
2528 2517 2610 2570 ἐπὶ
2666 2521 2864 2590 μύθους
2912 2518 3140 2571 ἓττελλε·
3202 2525 3292 2571 xui
3347 2523 3396 2572 οἱ
3445 2524 3534 2593 μὲν
3582 2520 3865 2576 ἀντέτεινον

2255 2603 2370 2659 οὐδ’
2419 2606 2502 2660 ἐπὶ
2549 2610 2736 2681 μικρὸν
2793 2607 2939 2668 εὐθὺς
3002 2603 3293 2670 ἐνδιδόντες
3351 2609 3530 2672 αὐτοῖς
3577 2612 3604 2663 ὅ
3647 2615 3699 2662 τί
3736 2631 3865 2665 ποτε

2254 2699 2498 2771 πράττειν
2549 2695 2950 2769 βεϐουλημένοις
2979 2697 3121 2769 ἡμᾶς
3147 2718 3158 2730 ·
3209 2701 3333 2758 Θεός
3364 2694 3423 2750 δὲ
3472 2695 3533 2756 ἦν
3577 2699 3601 2750 6
3634 2697 3858 2771 ἀνέχων,

2253 2790 2470 2845 κινήσας
2527 2793 2625 2836 τῶν
2674 2805 2789 2837 τινα
2844 2793 3134 2858 περιφανῶν
3193 2787 3242 2838 ἓν
3296 2793 3551 2859 Χερσῶνι,
3607 2791 3690 2838 xui
3745 2789 3857 2851 οἶος

2241 3497 2333 3566 μὲν
2385 3492 2652 3546 κάνταῦθα
2703 3491 2903 3567 σιδηρᾶ
2959 3499 3198 3568 κάμινος,
3250 3501 3514 3568 Αἴγυπτος
3557 3498 3703 3567 οῦελη,
3760 3505 3856 3552 xui

477 3588 615 3641 Erat
659 3585 818 3640 enim
865 3591 921 3641 et
963 3585 1059 3640 hic
1108 3585 1300 3640 ferrea
1345 3584 1578 3650 fornax,
1613 3599 1776 3639 nova
1821 3586 2133 3656 Egyptus,

477 3679 534 3731 et
578 3673 756 3730 Israel
804 3675 879 3730 de
909 3674 1097 3730 libero
1142 3674 1429 3747 captivus,
1471 3679 1528 3728 et
1558 3675 1789 3744 Moyses
1828 3675 2132 3743 majorum

476 3765 898 3836 mysteriorum
932 3767 1134 3836 mysta
1171 3770 1228 3818 et
1271 3763 1561 3832 cognitor.
1597 3765 1744 3818 Nam
1787 3767 1842 3817 et
1872 3762 1965 3816 hic
1995 3763 2134 3817 mis-

476 3870 578 3908 sus
610 3853 739 3923 fuit,
767 3858 830 3908 ut
855 3870 930 3909 ex
955 3853 1079 3908 luto
1110 3858 1167 3908 et
1205 3868 1385 3925 opere
1422 3851 1676 3908 lateritio
1705 3868 1801 3906 me
1830 3851 2130 3921 liberaret,

2243 3582 2458 3658 Ἰσραήλ
2522 3580 3003 3656 καταδουλούμενος
3068 3587 3093 3636 6
3160 3583 3438 3658 ἐλεύθερος,
3497 3593 3587 3640 xui
3651 3594 3853 3648 Μωσῆς

2241 3677 2546 3747 μυστηρίων
2604 3673 2854 3745 μειζότων
2903 3677 3113 3745 μύστης
3175 3678 3259 3726 xui
3323 3677 3544 3748 θεωρός·
3593 3680 3853 3748 πέμπεται

2239 3766 2340 3835 γὰρ
2390 3767 2480 3814 καὶ
2536 3763 2723 3832 οὗτος,
2781 3764 2864 3814 ἱνα
2915 3771 3007 3816 του
3065 3763 3232 3822 πηλοῦ
3298 3769 3385 3817 καὶ
3437 3774 3534 3827 τῆς
3589 3765 3856 3829 πλινθείας

2241 3852 2555 3926 ἐλευθερώσῃ
2613 3871 2695 3925 με,
2737 3851 2831 3903 κᾶν
2888 3851 3140 3926 ἀντιτυπῇ
3193 3855 3218 3905 ὁ
3274 3850 3604 3907 δυναστεύων
3659 3862 3853 3929 Φαραὼ

2239 3944 2265 3995 6
2335 3942 2583 4015 σκληρός,
2645 3946 2734 3994 xui
2792 3945 2916 4014 πρὸς
2976 3944 3066 4002 τὰς
3143 3944 3453 4014 θεοσημείας
3513 3943 3850 4016 τυφλῶττων,

2237 4031 2428 4101 Ἐγγύς
2480 4027 2540 4082 δέ
2579 4029 2918 4103 ὀλοθρευτής’
2971 4035 3060 4083 xui
3115 4033 3144 4089 ἡ
3206 4031 3358 4093 πόλις
3411 4035 3502 4104 μὲν
3535 4030 3730 4085 ἐπέθνει
3781 4039 3853 4087 τὰ

470 3942 658 3998 invito
707 3942 846 3998 licet
893 3947 1188 4011 regnante
1240 3942 1550 3998 Pharaone
1600 3941 1774 4003 duro,
1821 3946 1878 3996 et
1924 3957 2131 3997 coram

469 4031 689 4088 divinis
712 4031 1004 4103 prodigiis
1028 4046 1206 4085 caeco.
1235 4033 1418 4103 Prope
1444 4030 1654 4086 aderat
1678 4029 2130 4095 exterminator;

469 4125 527 4177 et
565 4119 772 4174 civitas
804 4117 1048 4190 propria
1092 4117 1255 4174 mala
1294 4119 1590 4174 deﬂebat:
1625 4134 1890 4186 namque
1915 4117 2129 4172 orbam

467 4207 805 4264 reddebant
835 4206 978 4261 foris
999 4207 1244 4279 quidem
1276 4207 1652 4263 ethnicorum
1685 4207 1941 4276 gladius,
1965 4205 2128 4261 intus

468 4300 670 4351 autem
701 4293 928 4350 bellum
959 4295 1363 4366 consurgebat
1391 4295 1581 4352 civile.
1607 4298 1735 4350 Non
1761 4310 1900 4349 vero
1927 4295 2126 4350 statim

464 4384 676 4454 fugam
704 4383 1086 4455 arripuimus.

539 4437 847 4544 giﬁNeque‘
1168 4473 1432 4529 substitit
1458 4471 1727 4546 perditus
1754 4471 1870 4540 ille,
1899 4476 1956 4527 et
1986 4472 2123 4527 sini-

2305 4473 2357 4526 ε’.
2408 4474 2646 4527 Ἱσταται
2691 4477 2781 4546 μὲν
2830 4470 2916 4527 οὖν
2965 4471 3088 4528 οὐδὲ
3116 4480 3281 4550 μέχρι
3325 4479 3510 4530 τούτου
3579 4479 3839 4530 όκάκιστ⁹

465 4568 586 4618 stra
628 4567 795 4633 parte
823 4578 957 4618 vere
1003 4563 1242 4632 dignus.
1279 4562 1392 4620 Sed
1434 4561 1728 4634 quoniam
1770 4561 1936 4617 haud
1976 4577 2120 4633 pro-

2248 4561 2576 4634 ὶπολούμενος
2652 4566 2878 4630 ἐκεῖνος,
2954 4569 3044 4616 xui
3119 4573 3209 4626 τῆς
3295 4563 3574 4641 ἀριστερᾶς
3653 4571 3847 4642 μοίρας

465 4652 561 4707 cul
592 4653 888 4709 Chersone
929 4652 992 4707 in
1023 4652 1267 4708 Alanica
1312 4651 1555 4722 regione
1603 4650 1838 4706 exsules
1877 4666 2119 4706 eramus

2248 4656 2383 4714 ἵντως
2431 4652 2572 4714 ἄξίος
2601 4673 2612 4684 ·
2662 4650 2768 4704 ἀλλ’
2820 4649 3102 4726 ἐπειδήπερ
3137 4663 3230 4716 τῆς
3279 4663 3546 4728 Χερσωνος
3595 4655 3750 4728 ἐγγύς
3789 4659 3843 4709 ἐν

463 4743 704 4813 (etenim
724 4741 1003 4814 dispersa
1024 4741 1358 4797 admodum
1382 4756 1528 4810 gens
1544 4739 1792 4796 Alanica
1811 4745 1918 4806 est,
1938 4747 2119 4812 atque

2248 4740 2481 4811 Αλανικῶ
2537 4745 2720 4813 χωρίῳ
2775 4738 3008 4814 φυγάδες
3055 4743 3182 4815 ἧμιν
3229 4741 3578 4816 (πολυσχιδὲς
3629 4748 3727 4820 γὰρ
3778 4750 3842 4799 τὸ

463 4847 500 4886 a
531 4830 835 4888 Caucasiis
877 4831 1187 4885 montibus
1233 4845 1424 4901 usque
1451 4828 1530 4884 ad
1579 4828 1776 4884 lberas
1816 4829 2114 4900 pertingit,

458 4921 561 4992 qui
601 4927 728 4976 erat
751 4920 992 4974 illorum
1019 4920 1251 4992 priscus
1276 4919 1483 4990 patriae
1521 4918 1696 4980 ﬁnis;
1726 4919 1874 4974 solet
1912 4925 2116 4975 autem

456 5011 515 5063 et
551 5007 878 5064 nonnullas
924 5007 1198 5062 colonias
1249 5006 1535 5073 emittere,
1577 5006 1659 5061 ita
1696 5011 1760 5062 ut
1807 5007 2112 5079 Scythiam

455 5112 644 5168 prope
680 5095 1028 5151 universam
1075 5101 1131 5150 ct
1179 5095 1538 5151 Sarmatiam
1577 5095 1962 5168 impleverit);
1994 5097 2114 5153 illic

455 5185 639 5241 etiam
668 5200 782 5240 nos
811 5188 1159 5255 persecutus
1189 5190 1281 5239 est
1310 5183 1630 5240 calliditate
1662 5201 1772 5241 sua
1803 5190 1860 5241 et
1889 5186 2112 5241 machi-

453 5272 828 5339 nationibus,
877 5286 1090 5326 necem
1136 5271 1288 5328 adeo
1337 5272 1552 5328 inferre
1608 5279 1904 5330 conatus:
1961 5274 2108 5330 nihil

452 5359 612 5415 enim
644 5361 809 5417 aliud
843 5360 975 5430 jam
1023 5360 1268 5433 insuper
1299 5365 1444 5418 erat.
1479 5361 1762 5420 lliscurrit
1800 5364 1980 5434 igitur
2007 5362 2105 5420 hic

2238 4123 2404 4172 οἰκεῖα
2431 4121 2568 4170 κακά
2597 4135 2610 4185 ;
2645 4120 2860 4176 ητέκνου
2889 4122 2990 4194 γὰρ
3030 4122 3280 4194 μάχαιρα
3309 4120 3489 4183 ἔξωθεν
3519 4130 3618 4174 τῶν
3666 4121 3848 4191 ἐθνῶν,

2236 4213 2327 4260 xui
2385 4204 2586 4260 ἔνδοθεν
2629 4209 2655 4258 6
2695 4206 2940 4280 ἐμφύλιος
2990 4207 3237 4262 ἀνέκυπτε
3283 4209 3524 4282 πόλεμος.
3578 4209 3750 4285 Ἡμεῖς
3790 4209 3848 4264 r3"

2237 4296 2386 4358 εὐθὺς
2416 4295 2789 4369 ἀποφεύγομεν.

2230 4656 2383 4714 ὄντως
2431 4652 2572 4714 ἄξίος
2601 4673 2612 4684 ·

2225 4833 2363 4893 ἔθνος
2417 4839 2602 4898 τοῦτο,
2655 4837 2744 4884 xui
2805 4829 2989 4891 διῆκον
3046 4836 3135 4905 μὲν
3198 4832 3298 4887 ἀπὸ
3360 4843 3458 4888 τῶν
3519 4841 3840 4889 Καυκασίων

2225 4920 2354 4993 ὀρῶν
2413 4920 2463 4982 ἐς
2517 4919 2770 4992 Ἴϐηρας,
2825 4925 2882 4973 τὸ
2946 4921 3171 4996 ἀρχαῖον
3229 4927 3319 4975 καὶ
3374 4925 3593 4997 πάτριον
3649 4926 3832 4997 ὀριον·

2226 5008 2407 5081 ἀγαπᾲ
2459 5005 2518 5062 δὲ
2579 5013 2667 5060 xui
2735 5015 3065 5081 μετοικεσίας
3120 5010 3416 5064 πολλοστῶν
3482 5032 3632 5064 τινων
3704 5019 3838 5087 πέμ-

2221 5117 2370 5151 πεινο
2429 5101 2496 5158 ὡς
2547 5107 2738 5171 μικροῦ
2801 5101 3058 5157 Σκυθικήν
3103 5119 3157 5154 τε
3199 5106 3374 5154 πᾶσαν
3421 5106 3511 5154 καὶ
3557 5110 3660 5155 τῶν
3701 5109 3832 5155 Σαυο

2218 5189 2455 5262 ρομάτων
2514 5185 2858 5261 ἐκπληροῦν)·
2915 5187 3186 5242 κάντεῦθεν
3249 5192 3389 5263 ἡμᾶς
3453 5187 3637 5244 ἐδίωκε
3704 5192 3828 5245 πολ-

2216 5277 2324 5339 λοῖς
2362 5279 2388 5330 ὅ
2434 5296 2485 5327 τι
2533 5283 2942 5351 πανουργήμασί
2988 5297 3042 5332 τε
3088 5284 3178 5331 xui
3230 5284 3609 5353 μηχανήμασι,
3654 5282 3824 5340 ζητῶν

2217 5363 2324 5425 ἤδη
2374 5371 2463 5420 καὶ
2524 5367 2823 5420 θανατῶσαι
2856 5385 2868 5397 ·
2926 5365 2985 5426 ἧν
3050 5371 3150 5446 γὰρ
3203 5372 3260 5422 τὸ
3316 5374 3608 5442 λειπόμενον
3666 5367 3821 5424 οὐδὲν

518 5556 598 5628 (2)
634 5557 820 5629 Ilaid,
851 5559 892 5626 1,
924 5572 982 5629 ν,
1010 5560 1102 5617 24.

2285 5560 2363 5633 (3)
2403 5560 2557 5620 lbib.
2585 5575 2642 5620 v.
2677 5565 2771 5620 25.
