4134 6408
240 269 342 326 393

1741 262 2109 321 ALANICUS.

3507 263 3610 321 394

234 392 406 466 ἕτερον
431 408 447 423 ο
481 392 575 442 καὶ
607 383 936 463 κατέδραμεν
976 387 1002 438 6
1054 388 1310 458 θεοστυγῆ
1324 408 1365 457 ς,
1393 390 1657 461 γενόμενός
1695 408 1752 443 τε
1783 389 1857 451 εἰς

1990 389 2084 445 )eo
2110 386 2351 445 odibilis
2383 388 2765 459 Chersonem,
2798 392 2854 445 et
2889 384 3119 461 pusillis
3154 386 3381 444 bellum
3405 387 3610 444 Alanis

237 487 516 555 Χερσῶνα,
547 476 771 550 πόλεμον
796 475 997 535 ἠπείλει
1034 483 1143 539 τοίς
1181 483 1391 550 μικροῖς
1422 475 1672 546 Ἀλανοῖς,
1701 481 1854 551 μόνον

245 570 392 642 εἰμὴ
452 563 728 642 προδῶσιν
780 567 942 638 ἡμᾶς.
984 565 1163 627 Οὕτως
1220 563 1404 627 ἐκεῖνος
1455 568 1661 640 πονηρὰ
1698 570 1857 639 φύσις

250 656 314 718 ἦν
389 659 416 709 6
473 656 673 729 γελοῖος
744 655 1030 727 Τζαμάνης
1094 658 1185 706 καὶ
1248 660 1342 707 τοῦ
1396 651 1625 727 μηδενὸς
1687 655 1853 724 ἄξιος,

251 747 388 805 πλην
419 747 501 799 ὅτι
536 749 724 806 κακίας
762 742 971 818 πλήρης
1016 747 1105 796 καὶ
1147 749 1238 795 τοῦ
1284 748 1520 817 Πονηροῦ
1572 744 1856 819 ὑπηρέτης.

255 837 451 907 Ἠγνόη
463 853 517 888 σε
546 830 604 886 δὲ
626 834 653 885 6
681 838 785 885 πᾶν
814 832 842 884 ὃ
871 851 924 885 τι
959 834 1120 884 κακὸν
1158 827 1289 885 εἶναί
1335 852 1389 886 τε
1415 834 1517 907 γὰρ
1552 830 1861 894 σπουδάσας

254 929 349 978 καὶ
377 924 617 994 λέγεσθαι
662 920 832 989 ἄξιος,
895 922 967 983 ὡς
1019 926 1153 974 Θεοῦ
1205 922 1354 994 ἡμεῖς
1410 921 1693 975 ἀπόστολοι
1743 942 1863 976 νεα-

252 1016 497 1086 νιεύομαι
542 1013 666 1086 γὰρ,
725 1014 817 1062 καὶ
874 1012 1002 1070 Θεὸς
1065 1018 1400 1086 τερατουργεί
1453 1014 1610 1084 ἡμῖν·
1681 1013 1707 1064 6
1762 1013 1861 1085 γὰρ

256 1100 523 1176 διατεμὼν
578 1103 669 1152 καὶ
732 1098 973 1170 συνάψας
1026 1103 1121 1157 τὴν
1161 1098 1433 1174 Ἐρυθρὰν,
1497 1105 1585 1153 καὶ
1651 1103 1709 1154 τὸ
1775 1104 1865 1174 μεν

255 1188 476 1266 φυγάδα
522 1186 804 1251 διασώσας
856 1187 1004 1258 λαὸν,
1044 1191 1103 1241 τὸ
1153 1184 1213 1241 δὲ
1268 1192 1356 1241 τὸν
1397 1186 1660 1243 διώκοντα
1700 1209 1867 1243 κατα-

247 1285 533 1343 ποντίσας,
562 1282 737 1352 τέμνει
762 1281 857 1337 τὴν
888 1276 1037 1331 πόλιν
1065 1280 1125 1329 τὸ
1162 1282 1411 1354 πρότερον
1451 1279 1624 1351 οἰκείῳ
1665 1279 1871 1353 πολέμῳ

240 1376 343 1425 καὶ
407 1368 688 1443 ἀλλοτρίῳ,
744 1371 837 1420 καὶ
904 1369 965 1420 τὸ
1022 1362 1197 1439 διεχὲς
1253 1366 1451 1430 ἐκείνης
1511 1365 1695 1422 ἐδίδου
1748 1371 1874 1442 ἡμῖν

245 1464 353 1520 τήν
384 1455 596 1513 δίοδον.
631 1458 886 1510 Συνάπτει
912 1453 973 1509 δὲ
1002 1456 1156 1509 πάλιν
1179 1464 1243 1530 τῇ
1282 1458 1560 1531 ὁμοπνοίᾳ,
1588 1461 1658 1521 ὡς
1685 1465 1877 1534 μικροῦ

247 1545 604 1603 κινδυνεῦσαι
640 1549 727 1600 τὸν
776 1543 1045 1619 ἀλιτήριον
1094 1543 1410 1618 βουλόμενον
1458 1557 1880 1624 κατατυραννείν,

242 1639 405 1711 εἰμὴ
448 1633 680 1712 δρασμῷ
729 1638 823 1693 τὴν
875 1638 1141 1707 σωτηρίαν
1192 1632 1682 1709 ἐπραγματεύσατο.
1729 1641 1880 1689 Οὕτω

248 1725 328 1786 δὴ
357 1732 551 1780 ταῦτα.

340 1814 395 1879 ς’.
435 1814 503 1868 Ἀ
556 1810 618 1867 δὲ
649 1809 800 1866 δεινὰ
837 1817 929 1867 καὶ
977 1813 1003 1865 6
1060 1814 1191 1888 ἱερὸς
1243 1814 1377 1886 ἡμῖν
1428 1812 1728 1891 ἁνερῥίπισε
1779 1819 1883 1869 πό-

254 1906 438 1979 λεμος,
467 1902 698 1976 λεγεσθω
726 1904 830 1977 γὰρ
869 1906 961 1955 καὶ
1007 1900 1192 1970 οὕτως,
1232 1903 1410 1979 ὥσπερ
1460 1907 1780 1978 τυραννικὸς,
1833 1907 1886 1956 τί

265 1999 387 2071 χρὴ
449 1997 542 2047 καὶ
591 1992 758 2064 λέγειν
811 1989 943 2044 ἀλλά
1000 1995 1167 2051 κακὴν
1206 1993 1485 2064 ὁμόνοιανς
1549 1994 1633 2046 ἱνα
1686 1997 1887 2070 πύργος

262 2083 623 2159 βλασφημίας
681 2078 976 2152 ἀνυψωθεὶς
1033 2087 1125 2133 τοῦ
1169 2080 1333 2153 ὕψους
1377 2087 1884 2158 περιφρουρουμένου

259 2180 358 2227 τοῦ
381 2171 679 2243 ἀξιώματος
702 2190 714 2203 ·
749 2169 903 2222 εἶκαὶ
938 2171 969 2228 ἡ
1002 2176 1098 2230 τῆς
1126 2168 1370 2242 γλώσσης
1399 2169 1556 2243 ἐγγὺς
1579 2175 1852 2245 σύγχυσις
1869 2195 1882 2208 ο

267 2263 303 2321 ἦ
370 2256 648 2335 συνδρομή
687 2266 790 2312 τῶν
841 2266 938 2321 τῆς
999 2257 1264 2330 αἰσχύνης
1330 2261 1500 2333 ἱερέων
1557 2264 1690 2314 κατὰ
1749 2282 1885 2325 τινος

272 2351 492 2403 Ἠλίον’
559 2346 622 2408 ἦν
667 2349 771 2423 γὰρ
812 2348 839 2399 6
889 2346 1127 2409 ζηλωτὴς
1185 2346 1308 2423 παρ’
1367 2350 1513 2421 ἡμῖν,
1569 2350 1614 2403 εἰ
1650 2355 1739 2404 καὶ
1795 2372 1886 2405 κα-

272 2441 563 2513 τασφάττει
589 2444 741 2490 τοῦτο
772 2444 837 2510 τῇ
879 2441 1130 2511 μαχαίρᾳ
1165 2443 1260 2488 τοῦ
1295 2440 1590 2510 πνεύματος
1613 2460 1626 2473 ο
1673 2439 1703 2498 ἦ
1753 2444 1889 2494 κατὰ

274 2538 371 2590 τῆς
392 2526 732 2603 Ἰερουσαλὴμ
768 2533 871 2579 τῶν
904 2526 1199 2599 Ἀσσυρίων
1238 2524 1538 2599 παρεμϐολὴ
1591 2527 1889 2602 ἐπισφαλῶς

273 2617 697 2691 ἐπεισφρήσασα,
742 2619 833 2667 καὶ
869 2611 1214 2677 ἐπικινδύνως
1265 2613 1765 2691 ἀνθυποστρέψασα.
1815 2622 1886 2672 T6

274 2702 339 2760 δὲ
369 2704 454 2773 ἦν,
489 2708 570 2758 ἱνα
615 2708 802 2778 μικρὸν
861 2723 913 2757 τι
952 2700 1367 2780 ἐνδιατρίψωμεν
1416 2713 1527 2768 τοῖς
1562 2708 1882 2780 παθήμασι·

264 2802 601 2869 Παροικοῡσι
646 2802 710 2866 τῇ
778 2800 1020 2869 Χερσῶνι
1086 2797 1175 2846 καὶ
1236 2793 1486 2862 Ἀλανοὶ,
1557 2794 1665 2866 οὐχ
1729 2796 1884 2868 ἦττον

268 2883 568 2944 θεληθέντες
619 2884 650 2941 ἢ
712 2881 1037 2948 θελήσαντες,
1105 2883 1174 2944 ὡς
1226 2878 1332 2934 οἶόν
1384 2903 1438 2935 τι
1503 2889 1885 2959 περιτείχισμα

269 2991 444 3045 ταυτῃ
477 2976 569 3024 καὶ
594 2974 1007 3045 περιφρούρημα.
1058 2973 1282 3032 Τούτους
1338 2969 1436 3044 ἐγώ
1488 2992 1543 3026 τε
1590 2969 1750 3041 εἶδον,
1792 2979 1883 3029 καὶ

267 3068 586 3136 περιχαρῶς
624 3059 769 3113 αὐτοὶ
793 3064 883 3113 τὸν
929 3062 1146 3135 πάτριον
1182 3065 1407 3134 ποιμέτα
1443 3066 1786 3138 περιέτρεχον
1825 3083 1881 3118 τε

265 3156 363 3204 καὶ
430 3154 796 3222 περιίσταντο·
862 3148 1172 3223 βουλόμενοί
1227 3169 1281 3204 τε
1339 3151 1464 3224 παρ’
1514 3152 1690 3215 αὐτοῖς
1745 3155 1881 3227 ἡμᾶς

260 3241 588 3311 ξενωθῆναι,
643 3241 813 3292 πάντα
869 3237 1074 3292 ἐποίουν
1139 3241 1206 3293 τὰ
1264 3236 1559 3299 ἐπιτήδεια.
1607 3241 1781 3315 Ἡμεῖς
1821 3239 1881 3297 δὲ

258 3328 644 3401 ἁντεισήγομεν
682 3330 771 3381 τὸν
794 3334 893 3390 τῆς
933 3331 1282 3404 παραινέσεως
1317 3328 1491 3400 λόγον,
1524 3332 1595 3392 ὡς
1633 3330 1694 3382 ἆν
1722 3330 1878 3404 βιῷεν

263 3417 431 3481 ἀξίως
452 3423 542 3478 τῆς
578 3416 813 3478 κλήσεως
841 3422 935 3469 τοῦ
965 3424 1221 3491 Χριστοῦ.
1254 3416 1425 3470 Ἦσαν
1458 3414 1517 3470 δὲ
1557 3416 1761 3482 ἀληθῶς
1794 3419 1878 3491 (ού

263 3509 370 3580 γὰρ
420 3505 482 3558 ἂν
520 3505 881 3579 αἰσχυνοίμην
930 3505 1119 3578 λέγειν,
1175 3503 1315 3578 μηδὲ
1365 3526 1456 3580 μοι
1494 3512 1694 3580 γένοιτο
1747 3509 1879 3580 ὑφο-

258 3599 468 3672 ρᾶσθαι
494 3594 868 3670 μικροψυχίας
905 3597 1061 3665 τινος)
1089 3599 1328 3669 ποίμνιον
1373 3595 1782 3673 έσκορπισμὲνον
1808 3599 1879 3660 εἰς

263 3691 361 3763 ὄρη
401 3692 496 3740 καὶ
525 3685 747 3760 ἐρήμους
772 3689 860 3739 καὶ
907 3683 1173 3759 βάραθρα,
1206 3685 1299 3739 οὐκ
1329 3688 1451 3759 ἕχον
1492 3684 1729 3761 μάνδραν
1755 3685 1880 3741 οὐδὲ

265 3774 520 3846 καλύϐην,
553 3776 759 3848 ἕτοιμον
791 3774 866 3837 εἰς
901 3774 1226 3848 κατάϐρωμα
1253 3782 1364 3838 τοῖς
1411 3777 1641 3849 θηρίοις·
1687 3777 1746 3829 οὐ
1775 3779 1877 3851 γὰρ

270 3864 340 3925 ἦν
366 3865 392 3917 6
428 3868 734 3936 ποιμαίνων,
786 3863 831 3916 εἰ
879 3867 967 3917 καὶ
1008 3863 1205 3917 πολλῶν
1235 3867 1294 3916 τὸ
1344 3862 1676 3937 ἐπάγγελμα·
1706 3869 1879 3919 καίτοι

267 3958 370 4007 καὶ
401 3951 731 4026 βουλομένοις
758 3948 877 4004 οὐδ’
903 3951 965 4004 ἂν
986 3951 1193 4015 ἐξέσται
1212 3974 1223 3986 ·
1258 3954 1339 4006 ὅτι
1367 3957 1440 4026 μὴ
1473 3958 1739 4028 πρότερον,
1773 3956 1878 4006 οἷον

271 4039 410 4097 εἶναι
432 4037 513 4095 δεῖ
532 4046 618 4094 τὸν
649 4040 954 4113 ἐπίσκοπον,
985 4044 1220 4100 ἥκουσαν
1240 4063 1253 4076 ο
1283 4041 1327 4095 εἰ
1357 4047 1448 4095 καὶ
1469 4042 1671 4104 Παῦλος
1697 4041 1877 4114 ἐκϐοᾷ,

269 4135 303 4192 ἡ
334 4131 537 4206 μεγάλη
572 4129 819 4203 σάλπιγξ,
854 4131 881 4183 6
918 4138 1018 4184 τῶν
1065 4131 1221 4184 ἐθνῶν
1273 4127 1619 4202 διδάσκαλος,
1658 4136 1749 4186 καὶ
1789 4129 1881 4188 διὰ

1959 476 2381 534 interminatus
2412 480 2522 547 est,
2543 477 2661 533 nisi
2684 492 2795 532 nos
2812 476 3119 533 dederent.
3147 479 3289 533 Tam
3314 477 3610 549 improbae

1961 571 2194 622 naturae
2232 570 2358 623 erat
2408 566 2696 622 ridiculus
2737 565 2850 623 iste
2904 568 3232 623 Tzamanes
3272 571 3329 623 et
3355 567 3523 623 nulla
3550 581 3613 623 re

1965 654 2206 724 dignus,
2233 654 2355 711 nisi
2381 659 2682 727 quatenus
2713 654 2942 711 malitia
2969 654 3186 726 plenus
3217 660 3363 719 erat,
3400 660 3457 712 et
3485 657 3616 712 Dia—

1964 741 2089 799 boli
2120 743 2490 801 administer.
2514 747 2695 800 Porro
2722 743 3044 816 ignorabat
3066 744 3184 813 hic,
3227 744 3375 800 nihil
3401 748 3618 818 praeter

1968 832 2298 905 nequitiam
2349 834 2617 905 sapiens,
2647 838 2704 890 et
2748 832 2921 889 ﬂocci
2966 832 3300 900 faciendus,
3328 848 3439 889 nos
3485 848 3619 889 esse

1971 921 2072 978 Dei
2091 922 2419 995 apostolos,
2452 922 2653 980 dicam
2678 923 2841 979 enim
2871 922 3180 991 audacter,
3206 928 3265 978 et
3293 926 3480 978 Deum
3507 937 3619 994 pro

1971 1010 2147 1067 nobis
2211 1010 2506 1068 miracula
2569 1011 2826 1084 operari.
2884 1012 2994 1077 Qui
3051 1011 3212 1067 enim
3274 1011 3469 1068 divisit
3531 1027 3621 1067 re—

1974 1098 2329 1172 collegitque
2382 1099 2794 1172 Erythraeum,
2852 1104 2908 1156 et
2961 1099 3281 1170 fugitivum
3328 1099 3625 1173 populum

1977 1187 2252 1255 servavit,
2310 1192 2367 1244 et
2425 1193 2872 1261 persecutorem
2931 1190 3062 1262 pari
3123 1194 3393 1262 tempore
3453 1189 3629 1262 aquis

1981 1275 2325 1342 submersit,
2359 1277 2661 1334 civitatem
2708 1278 2866 1335 hanc
2905 1278 2965 1333 in
3008 1283 3210 1351 partes
3249 1279 3439 1342 scidit,
3472 1277 3631 1336 bello

1982 1367 2278 1424 concitato
2308 1367 2487 1423 simul
2504 1366 2662 1424 civili
2681 1372 2739 1424 et
2756 1371 3071 1436 extraneo;
3098 1369 3282 1441 idque
3312 1369 3635 1440 discidium

1987 1471 2200 1512 ansam
2230 1456 2407 1512 nobis
2435 1456 2732 1513 evadendi
2760 1456 2993 1514 obtulit.
3023 1457 3139 1514 Sed
3165 1456 3461 1515 civitatem
3478 1458 3637 1515 Deus

1988 1560 2198 1600 rursus
2216 1545 2295 1601 ad
2312 1545 2701 1601 concordiam
2713 1545 2967 1613 reduxit,
2992 1549 3058 1602 ut
3077 1562 3294 1619 parum
3315 1562 3352 1603 ει
3372 1546 3638 1618 periculo

1993 1633 2248 1690 abfuerit
2290 1635 2557 1706 perditus
2585 1633 2703 1704 ille,
2746 1634 2852 1707 qui
2885 1635 3265 1706 tyrannidem
3292 1634 3636 1708 affectabat,

1911 1741 1957 1796 Β
1993 1721 2105 1781 nisi
2131 1721 2277 1794 fuga
2314 1723 2488 1780 saluti
2533 1739 2657 1780 suae
2704 1724 3126 1781 consuluisset.
3161 1727 3295 1781 Haec
3323 1725 3639 1782 hactenus.

2065 1816 2119 1872 6.
2151 1814 2295 1879 Quae
2324 1816 2529 1870 autem
2576 1812 2739 1870 mala
2777 1829 2813 1871 a
2853 1829 3027 1869 sacro
3070 1815 3252 1871 etiam
3279 1814 3444 1871 illata
3468 1814 3646 1871 nobis

1994 1906 2134 1959 sunt
2162 1902 2341 1971 bello,
2374 1919 2446 1960 ea
2474 1892 2696 1976 pariter
2723 1905 3032 1962 narranda
3075 1908 3236 1974 sunt,
3275 1909 3483 1978 utpote
3507 1919 3647 1978 quin

1997 1991 2117 2048 vim
2168 1992 2548 2064 tyrannicam
2602 1994 2663 2049 in
2715 2009 2828 2050 nos
2884 1998 3320 2063 exercuerunt;
3376 2009 3514 2066 quae
3551 2008 3649 2050 res

1993 2082 2160 2137 nullo
2214 2080 2331 2138 alio
2370 2082 2617 2139 nomine
2668 2082 2961 2156 appellari
3000 2086 3220 2156 potest,
3279 2083 3390 2140 nisi
3442 2098 3650 2157 prava

1994 2171 2456 2243 conspirationis
2486 2188 2498 2226 :
2532 2176 2596 2228 ut
2632 2171 3023 2244 blasphemiae
3060 2171 3346 2229 nimirum
3378 2172 3557 2230 turris
3586 2173 3653 2228 in

1995 2260 2185 2316 altum
2231 2261 2598 2318 attolleretur
2641 2262 2759 2319 sub
2806 2262 3113 2333 dignitatis
3164 2262 3518 2320 munimine.
3586 2266 3654 2320 Et

1994 2350 2241 2422 quidem
2273 2367 2462 2423 prope
2493 2350 2690 2408 abfuit
2717 2368 2754 2409 a
2773 2352 3120 2424 linguarum
3145 2352 3531 2419 confusione;
3560 2352 3656 2410 vel

1996 2439 2280 2511 quaedam
2342 2439 2450 2495 fuit
2500 2441 2886 2498 sacerdotum
2950 2442 3297 2513 ignominiae
3362 2441 3655 2500 adversus

1995 2527 2185 2584 Eliam
2211 2529 2544 2599 aggressio.
2574 2532 2712 2587 Erat
2752 2531 2913 2586 enim
2942 2531 3195 2603 quidam
3234 2531 3448 2588 zelotes
3488 2529 3655 2603 apud

1996 2632 2130 2681 nos.
2176 2618 2286 2672 etsi
2338 2622 2395 2673 et
2448 2617 2609 2673 hunc
2664 2618 2942 2675 interﬁcit
2988 2619 3193 2690 gladio
3242 2620 3503 2693 spiritus.
3554 2618 3656 2675 Vel

1996 2710 2204 2762 contra
2232 2705 2564 2762 Jerusalem
2590 2707 2973 2778 Assyriorum
3002 2708 3296 2765 exercitus
3322 2707 3654 2780 periculose

1996 2801 2184 2851 semet
2228 2795 2513 2861 inferens,
2560 2811 2671 2851 nec
2723 2800 2852 2852 tuto
2903 2803 3229 2854 revertens.
3285 2801 3397 2853 lies
3428 2799 3536 2854 .ita
3591 2814 3655 2854 se

1992 2884 2228 2955 habuit,
2257 2889 2322 2941 ut
2362 2884 2622 2941 breviter
2662 2885 3070 2944 calamitatem
3106 2901 3442 2942 narremus.
3477 2885 3652 2942 Habi-

1992 2978 2122 3031 tant
2158 2989 2349 3047 prope
2392 2974 2762 3031 Chersonem
2809 2975 2991 3032 etiam
3037 2975 3227 3045 Alani,
3276 2990 3400 3032 non
3450 2975 3653 3032 minus

1924 3095 1963 3151 ο
1994 3063 2235 3136 expetiti
2264 3079 2454 3138 quam
2492 3062 2784 3132 volentes,
2808 3069 2874 3122 ut
2904 3065 3021 3122 sint
3075 3064 3234 3122 circa
3274 3080 3412 3122 eam
3437 3065 3653 3122 urbem

1992 3153 2171 3226 quasi
2202 3152 2429 3209 vallum
2457 3152 2773 3226 quoddam
2806 3158 2863 3210 et
2900 3154 3194 3211 custodia.
3220 3155 3341 3212 Hos
3370 3169 3483 3225 ego
3509 3154 3649 3224 vidi,

1989 3241 2194 3315 illique
2257 3241 2597 3299 admodum
2644 3242 2976 3310 exhilarati,
3031 3242 3113 3299 ad
3162 3243 3421 3316 patrium
3470 3259 3650 3300 suum

1989 3336 2298 3405 pastorem
2337 3331 2755 3397 accurrebant,
2798 3348 3058 3406 eumque
3106 3332 3651 3403 circumsistebant,

1988 3419 2381 3494 volentesque
2410 3436 2525 3477 nos
2549 3421 2717 3494 apud
2745 3437 2849 3478 eos
2869 3421 3178 3495 hospitari,
3206 3422 3444 3480 nullum
3467 3421 3652 3480 ofﬁcii

1989 3524 2180 3579 genus
2209 3510 2765 3582 praetermittebant.
2800 3514 2915 3567 Nos
2961 3527 3105 3568 vero
3138 3511 3402 3569 vicissim
3433 3510 3650 3568 adhor-

1987 3597 2233 3655 tationis
2278 3598 2534 3655 verbum
2574 3598 3038 3671 adhibebamus,
3089 3603 3154 3656 ut
3206 3600 3387 3670 digne
3436 3599 3651 3656 Christi

1986 3688 2306 3745 vocatione
2341 3690 2623 3744 viverent.
2650 3690 2829 3743 Erant
2855 3693 3058 3745 autem
3089 3690 3305 3762 (neque
3333 3704 3431 3746 me
3460 3688 3650 3762 pude-

1987 3774 2076 3832 bit
2101 3775 2318 3843 dicere,
2361 3791 2558 3848 neque
2610 3774 3010 3834 offensionem
3057 3776 3395 3849 quamdam
3435 3777 3646 3833 subve-

1986 3863 2188 3935 rebor)
2215 3878 2359 3933 grex
2398 3864 2611 3936 palans
2639 3864 2702 3920 in
2745 3865 3053 3921 montibus
3099 3865 3369 3938 locisque
3398 3865 3647 3921 desertis

1990 3959 2044 4010 et
2072 3953 2286 4020 foveis,
2314 3968 2513 4026 neque
2537 3953 2690 4010 ovile
2714 3969 2913 4027 neque
2943 3955 3183 4012 caulam
3202 3954 3457 4025 habens,
3482 3954 3648 4011 ideo-
3710 3964 3713 3967 ‘

1988 4059 2108 4116 que
2138 4043 2403 4100 ferarum
2434 4042 2811 4100 devorationi
2859 4044 3204 4117 expositus;
3237 4059 3433 4117 neque
3484 4045 3648 4102 enim

1990 4133 2200 4191 aderat
2226 4133 2332 4206 qui
2360 4132 2413 4188 ei
2456 4132 2824 4206 pastoralem
2866 4149 3077 4190 curam
3116 4133 3507 4206 impenderet,
3541 4132 3651 4191 etsi

258 4229 420 4276 τοῦτο
449 4223 723 4293 ἡμέτερος.
752 4223 966 4273 Οἶονται
1018 4216 1078 4274 δὲ
1120 4223 1373 4294 τρυφερὸν
1420 4218 1549 4274 εἶναι
1579 4219 1878 4276 ἐπισκοπεῖν

1990 4221 2316 4279 multorum
2347 4225 2476 4279 erat
2503 4221 2773 4278 ambitio.
2808 4222 3143 4295 Caeteroqui
3191 4238 3266 4278 ne
3306 4221 3650 4279 volentibus

257 4317 353 4365 καὶ
385 4306 699 4373 σπουδάζον
730 4312 796 4363 τὰ
819 4311 1072 4384 κοσμικά.

1989 4311 2241 4386 quidem
2270 4311 2334 4366 id
2356 4310 2652 4380 licuisset;
2683 4311 2832 4383 quia
2859 4311 3157 4379 nondum,
3198 4311 3442 4384 qualem
3472 4327 3650 4384 opor-

260 4405 386 4457 teat
404 4414 541 4456 esse
572 4397 952 4471 episcopum,
982 4403 1396 4469 cognoverant
1407 4419 1426 4472 ς
1470 4401 1753 4472 quamvis
1805 4401 2024 4458 Paulus
2045 4400 2289 4471 clamat,
2343 4413 2572 4470 magna
2608 4399 2775 4472 tuba,
2809 4401 3081 4471 gentium
3122 4400 3354 4466 doctor,
3390 4400 3651 4474 ideoque

259 4495 470 4547 noster
495 4491 537 4543 ί.
572 4486 690 4544 Sed
713 4485 798 4542 illi
839 4486 1187 4545 existimant
1232 4487 1589 4546 deliciosum
1632 4490 1782 4564 quid
1820 4506 1953 4548 esse
1991 4490 2511 4565 episeopatum,et
2539 4489 2868 4546 mundanis
2889 4490 3046 4547 curis
3071 4489 3364 4547 deditum.

344 4596 407 4656 ξ.
439 4591 643 4648 Οἴδατε
680 4597 768 4647 τὸν
818 4602 1085 4670 Χερσῶνος
1108 4613 1121 4628 ·
1170 4601 1263 4649 καὶ
1309 4599 1360 4650 τί
1406 4596 1466 4648 ἂν
1522 4596 1884 4672 ἀκριϐολογοί-

272 4704 380 4758 μην
424 4681 663 4750 εἰδόσιν;
711 4680 874 4745 Οὗτος
927 4686 954 4737 6
1001 4688 1163 4758 γέρων
1200 4691 1292 4738 καὶ
1335 4684 1563 4762 ἀρχαῖος
1600 4685 1890 4749 ἐπίσκοπος

278 4776 503 4844 θανατᾷν
550 4769 746 4844 ἔδοξεν,
805 4775 887 4827 ὅτι
938 4772 1062 4849 παρ’
1118 4777 1245 4847 ἡμῖν
1314 4775 1547 4841 Ἀλανοὶ,
1606 4777 1635 4836 ἦ
1697 4776 1887 4849 μᾶλλον

277 4866 363 4916 ὅτι
414 4864 559 4935 παρὰ
604 4869 844 4937 Χερσῶνι
894 4864 1081 4937 ἡμεῖς·
1134 4869 1225 4917 καὶ
1262 4866 1290 4916 6
1346 4873 1439 4927 τῆς
1487 4863 1679 4939 ἐνορίας
1738 4865 1888 4937 λόγος

277 4951 472 5012 εὐθύς·
518 4957 609 5005 καὶ
645 4954 715 5013 ὡς
753 4949 1011 5028 έγχώριος
1041 4950 1327 5021 ἐπισκοπὴ,
1382 4958 1474 5007 καὶ
1523 4958 1581 5007 τὸ
1624 4953 1745 5028 ἐμὸν
1781 4974 1889 5007 πα-

272 5038 532 5119 ροδευτὸν
574 5045 667 5094 καὶ
707 5045 959 5118 παρὸριον
983 5062 996 5076 '
1049 5045 1119 5097 τὰ
1154 5048 1396 5118 γνώριμα
1449 5052 1613 5098 ταῦτα
1648 5052 1749 5096 τῶν
1802 5051 1890 5096 νῦν

272 5130 579 5185 ἐπισκόπων
632 5138 726 5192 τῆς
771 5131 1142 5205 μικροψυχίας
1171 5138 1261 5185 καὶ
1302 5140 1397 5186 τοῦ
1445 5134 1633 5206 φθόνου
1679 5152 1895 5210 περικα-

268 5222 545 5296 λύμματα,
603 5224 689 5274 ἵνα
746 5225 817 5293 μὴ
873 5220 1005 5294 λέγω
1049 5227 1139 5275 καὶ
1189 5231 1282 5284 τῆς
1338 5222 1649 5298 ἀϐελτηρίας
1694 5228 1889 5299 γνωρί-

346 5515 364 5549 ¹
405 5513 558 5571 Tim.
594 5523 679 5577 Ill,
712 5510 769 5563 2.

562 5636 820 5694 ΡΑτιοι..
854 5631 960 5692 Gn.
987 5632 1138 5694 CXL.

2066 4597 2335 4655 7.Nostis
2366 4596 2684 4654 Chersonis
2705 4598 3057 4670 episcopum
3086 4614 3100 4663 ;
3130 4614 3237 4653 cur
3263 4596 3425 4654 enim
3446 4596 3652 4667 gnaris

1994 4686 2181 4743 verba
2208 4685 2397 4742 multa
2420 4684 2642 4742 faciam
2662 4686 2690 4742 ?
2718 4687 2910 4742 Senex
2934 4687 3033 4742 hic
3075 4690 3132 4743 et
3160 4686 3394 4758 priscus
3425 4685 3655 4759 episco‘

1996 4792 2111 4849 pus
2168 4776 2326 4832 mori
2383 4774 2497 4831 sibi
2533 4774 2872 4843 videbatur,
2925 4777 3072 4848 quia
3117 4775 3289 4832 Alani
3338 4776 3501 4848 apud
3543 4791 3657 4832 nos

1997 4869 2218 4934 essent,
2243 4863 2341 4921 vel
2369 4864 2569 4936 potius
2597 4865 2744 4938 quia
2771 4880 2884 4921 nos
2910 4866 3206 4922 Chersone
3236 4865 3653 4922 morabamur.

2001 4954 2209 5014 Statim
2237 4969 2382 5024 ergo
2429 4954 2505 5010 de
2552 4953 2982 5025 jurisdictionis
3029 4953 3319 5009 limitibus
3350 4968 3572 5019 sermo,
3602 4956 3662 5008 et
3718 4984 3723 4991 -

1992 5043 2167 5118 quod
2197 5043 2580 5116 episcopatus
2608 5042 2724 5098 loci
2754 5043 3034 5116 proprius
3064 5044 3239 5111 esset,
3281 5055 3487 5097 meum
3512 5055 3659 5096 vero

2000 5132 2265 5190 ofﬁcium
2295 5130 2708 5188 transitorium
2747 5137 2806 5187 et
2842 5135 3219 5187 extraneum.
3249 5128 3380 5185 Noti
3416 5131 3559 5185 sunt
3598 5128 3663 5185 hi

1999 5221 2431 5279 hodiernorum
2470 5221 2891 5293 episcoporum
2947 5222 3293 5293 praetextus,
3330 5234 3485 5293 quos
3537 5233 3663 5275 suae

3324 5634 3389 5690 13
