4134 6380
513 244 620 305 395

1690 239 2046 296 THEODORI
2082 235 2360 295 ALANLE
2397 237 2710 296 EPISCOPI

3783 247 3894 302 396

512 366 994 444 pusillanimitati
1038 368 1094 422 et
1149 363 1390 421 invidiae
1443 362 1798 435 obtendunt,
1837 379 1917 420 ne
1968 364 2158 420 dicam

2289 382 2488 435 σματα.
2521 359 2724 416 Οἶδασί
2771 359 2831 416 δὲ
2869 359 2994 416 οὐδὲ
3037 367 3156 424 τοῦς
3195 365 3634 438 Θισμοθετοῦντας
3669 372 3898 433 κανόνας

512 458 799 532 nequitiae
855 454 1156 512 evidentia
1209 452 1454 510 indicia.
1500 452 1616 508 Sed
1665 467 1863 524 neque
1909 466 2172 508 canones

511 551 765 612 norunt;
796 543 1023 618 quidve
1069 558 1178 616 per
1218 542 1332 598 hos
1378 541 1553 598 liceat
1583 560 1596 598 :
1627 555 1825 614 neque
1865 540 2026 598 enim
2055 556 2168 596 nos

513 637 756 712 publice
785 635 1127 700 docuimus,
1160 648 1360 706 neque
1408 648 1611 689 sacras
1638 631 2050 688 ordinationes
2079 631 2169 688 in-

509 727 804 792 vasimus,
836 724 920 780 ita
940 728 1005 780 ut
1032 723 1376 778 videremur
1400 721 1480 777 illi
1507 720 1814 792 negotium
1835 719 2127 776 facessere
2151 736 2166 774 :

511 816 619 872 sed
649 813 1165 883 interrogantibus
1196 810 1503 868 nonnullis
1532 810 1759 879 Alanis,
1806 825 2168 882 responsum

509 904 797 978 privatim
823 901 1125 959 dedimus.
1171 900 1286 957 Sed
1343 905 1470 956 esto
1509 899 1651 955 ﬁdei
1689 899 2023 955 doctrinam
2054 914 2167 971 pu-

506 993 666 1050 blice
693 1008 805 1049 nos
831 989 1343 1057 nuntiaverimus;
1383 1003 1582 1060 neque
1625 988 1786 1044 enim
1832 987 2165 1060 praedican-

506 1089 633 1141 tem
698 1081 1081 1138 cohibuimus
1119 1099 1132 1136 :
1175 1079 1282 1136 sed
1337 1077 1676 1135 doctrinam
1729 1083 2056 1144 mortuam,
2113 1081 2170 1132 et

507 1172 696 1230 modo
712 1175 1122 1241 resurgentem
1141 1167 1536 1241 spectandam
1553 1166 2168 1223 exhibuimus.Testor

505 1262 820 1318 veritatem
853 1277 866 1316 :
899 1258 1114 1315 urebat
1143 1273 1254 1314 nos
1284 1257 1443 1313 zelus
1469 1273 1482 1312 :
1512 1256 1731 1312 etenim
1757 1255 2071 1328 jactabant
2103 1270 2168 1310 se

507 1351 796 1408 audacter
844 1347 1189 1417 irreligiosus
1238 1346 1423 1419 partis
1462 1345 1742 1402 homines
1793 1350 1852 1401 et
1897 1345 2167 1416 alioquin

501 1439 632 1511 jam
678 1437 961 1506 hasretici,
1016 1435 1160 1508 quia
1207 1450 1390 1492 nemo
1444 1435 1854 1491 contradicere
1909 1438 2165 1507 poterat,

502 1531 826 1602 propterea
855 1526 1022 1599 quod
1049 1531 1291 1598 tempus
1329 1539 1454 1581 non
1508 1523 1866 1597 patiebatur,
1908 1523 2167 1595 ideoque

502 1617 652 1674 nihil
680 1615 1040 1673 ﬁducialiter
1069 1615 1200 1672 ausi
1223 1630 1455 1670 sumus.
1490 1615 1626 1670 Erat
1649 1613 1710 1669 in
1731 1612 1981 1669 ecclesia
2010 1627 2165 1684 prae-

503 1707 704 1764 clarus
735 1706 832 1762 ille
862 1710 919 1761 et
944 1704 1150 1761 bonus
1178 1703 1425 1776 praesul,
1476 1702 1858 1774 multumque
1897 1718 2034 1759 cum
2064 1701 2165 1758 illo
2197 1717 2235 1770 Β

505 1795 864 1870 synedrium
911 1811 925 1850 :
974 1792 1316 1865 conjuratio
1363 1791 1650 1865 quaedam
1697 1796 1756 1847 et
1799 1791 2165 1863 conspiratio

501 1901 616 1943 ceu
665 1883 984 1958 quondam
1032 1881 1328 1940 adversus
1371 1886 1878 1954 protomartyrem
1919 1881 2164 1952 Stepha-

502 1991 692 2046 num;
724 1988 924 2047 neque
969 1972 1131 2030 enim
1182 1971 1318 2046 plus
1370 1971 1569 2029 dicere
1611 1971 1842 2040 audeo;
1873 1973 2053 2042 atque
2100 1970 2162 2026 in

497 2062 800 2137 judicium
839 2077 976 2120 sum
1019 2065 1374 2135 pertractus,
1405 2061 1572 2119 haud
1608 2059 1857 2134 quidem
1904 2063 1969 2116 ut
2016 2059 2164 2116 alter

505 2153 748 2220 Paulus,
773 2151 880 2209 sed
907 2155 1111 2208 tamen
1134 2150 1196 2207 in
1223 2150 1456 2209 Christo
1485 2149 1738 2206 vinctus.

576 2245 628 2297 8.
663 2243 813 2298 Ecce
841 2244 1048 2298 autem
1086 2255 1224 2313 quae
1273 2239 1440 2312 apud
1483 2238 1746 2296 tribunal
1796 2242 1963 2308 gesta
1997 2242 2158 2295 sunt.

498 2331 712 2388 Judicii
742 2345 970 2403 praeses
997 2329 1199 2399 ignem
1223 2328 1497 2402 spirans;
1522 2343 1904 2385 consessores
1929 2332 1987 2384 et
2005 2328 2160 2384 assi-

501 2424 746 2489 stentes,
769 2419 850 2475 ad
869 2418 1335 2475 ministrandum
1361 2422 1541 2491 atque
1559 2417 1857 2490 imperata
1885 2416 2159 2472 facienda

497 2509 698 2584 parati
713 2527 726 2564 :
740 2523 853 2580 ego
872 2523 1013 2564 reus
1033 2507 1094 2562 in
1113 2507 1338 2576 medio,
1351 2511 1407 2563 et
1428 2507 1788 2563 sententiam
1809 2511 2153 2576 expectans.

499 2597 644 2664 Quis
685 2602 769 2669 tu,
821 2600 881 2653 et
922 2596 1083 2652 unde
1131 2595 1211 2652 ad
1250 2611 1362 2652 nos
1406 2595 1770 2667 obrepsisti?
1810 2595 1994 2661 Quasi
2021 2609 2154 2664 ego,

497 2693 644 2745 tunc
674 2687 818 2756 dixi,
851 2686 1030 2743 alieni
1059 2685 1362 2756 dogmatis
1392 2690 1450 2742 et
1477 2685 1764 2742 doctrinae
1789 2685 1975 2742 homo
2001 2686 2111 2739 sim
2139 2702 2152 2750 ;

498 2782 558 2834 et
585 2792 710 2833 non
741 2775 927 2832 ambo
949 2775 1148 2848 potius
1183 2775 1445 2832 ecclesia;
1477 2774 1772 2846 ejusdem,
1795 2778 1853 2830 et
1894 2775 2008 2829 sub
2051 2789 2154 2830 eo-

495 2867 640 2924 dem
694 2871 1008 2940 pastorum
1056 2865 1350 2938 principe.
1395 2869 1467 2921 At
1517 2870 1582 2921 tu
1637 2865 1698 2920 in
1741 2863 1966 2920 malam
2026 2878 2155 2918 rem

493 2956 713 3029 inquit,
738 2972 876 3012 cum
907 2955 1110 3029 impiis
1135 2955 1336 3012 Alanis
1381 2958 1438 3011 et
1480 2954 1843 3024 irreligiosis,
1875 2954 1981 3026 qui
2012 2955 2150 3024 Scy—

491 3047 612 3103 tnis
635 3061 882 3118 quoque
911 3045 1152 3117 pejores
1182 3047 1340 3100 sunt.
1370 3043 1524 3110 Quid
1547 3058 1712 3113 ergo,
1742 3042 1992 3114 inquam
2016 3056 2148 3113 ego,
2183 3071 2224 3127 ρ

492 3150 609 3192 nos
640 3149 818 3204 agere
842 3148 1087 3206 aequum
1108 3137 1216 3200 est,
1240 3133 1356 3188 nisi
1385 3131 1790 3204 apostolatum
1821 3130 2154 3186 Protocleto

494 3223 734 3280 favente
764 3221 1185 3278 circumferre?
1230 3220 1428 3294 Atqui,
1468 3219 1666 3292 inquit
1707 3219 1824 3290 ille,
1857 3235 1963 3275 cur
1995 3220 2154 3275 hanc

491 3326 698 3369 meam
729 3310 1029 3368 civitatem
1059 3325 1419 3368 concursare
1440 3325 1690 3382 prorsus
1710 3309 1898 3366 audes
1918 3310 1947 3366 ?
1978 3312 2151 3376 Sane,

491 3400 748 3473 inquam
781 3415 916 3472 ego,
951 3399 999 3456 si
1049 3403 1130 3467 tu,
1169 3416 1206 3456 o
1249 3399 1427 3470 bone,
1471 3405 1529 3455 te
1579 3400 1734 3470 geris
1781 3399 2152 3472 episcopum,

490 3494 653 3548 recte
681 3489 794 3557 ais,
830 3493 987 3546 recte
1031 3489 1450 3562 reprehendis,
1483 3494 1540 3546 et
1562 3489 1854 3546 damnare
1881 3489 2104 3562 poteris
2139 3506 2152 3544 :

493 3579 588 3636 sin
639 3579 846 3652 potius
895 3579 993 3635 hic
1033 3583 1087 3635 te
1140 3595 1252 3635 ceu
1303 3584 1699 3636 mercatorem
1761 3584 1819 3635 et
1855 3581 2156 3635 advenam

492 3669 674 3739 geris,
700 3668 796 3724 vel
826 3683 1042 3725 omnes
1095 3668 1326 3740 expelle
1376 3667 1463 3724 vel
1512 3684 1608 3724 me
1647 3684 1893 3741 quoque
1919 3668 2109 3725 tolera
2141 3685 2153 3723 :

491 3757 619 3814 imo
647 3773 791 3814 vero
820 3757 970 3830 quia
1015 3757 1238 3813 invitus
1287 3772 1402 3829 ego
1457 3757 1576 3813 huc
1630 3758 1882 3824 excurri,
1915 3757 2159 3814 misera-

489 3845 656 3902 tione
680 3845 883 3918 potius
920 3846 1142 3916 dignus
1187 3861 1350 3912 sum,
1377 3845 1459 3902 ob
1489 3861 1561 3902 ea
1585 3861 1724 3918 quae
1763 3846 1959 3918 patior
1982 3865 1994 3902 :
2015 3845 2161 3902 nihil

490 3940 696 3994 autem
723 3940 943 4008 sponte
970 3950 1088 4005 ago
1121 3953 1134 3992 :
1163 3936 1271 4008 qui
1301 3936 1465 3992 enim
1511 3935 1572 3991 id
1608 3937 1846 3992 vinctus
1889 3952 2110 4008 queam
2132 3937 2160 3990 ?

490 4023 584 4081 Ad
626 4025 758 4080 haec
793 4025 1056 4096 graviter
1085 4023 1457 4095 torviterque
1494 4024 1818 4096 aspiciens,
1840 4025 2006 4082 haud
2037 4024 2159 4080 scio

490 4117 697 4170 utrum
729 4117 795 4169 ut
822 4111 1143 4168 basiliscus
1169 4111 1422 4183 quidam
1443 4127 1523 4169 an
1553 4118 1619 4169 ut
1642 4113 1756 4181 leo,
1777 4129 1901 4170 non
1926 4118 2047 4170 tam
2080 4114 2159 4169 ob

493 4203 713 4256 caetera
741 4216 879 4272 quas
929 4206 1136 4256 tamen
1185 4200 1466 4269 graviora
1516 4205 1705 4266 erant,
1752 4203 1858 4258 sed
1887 4203 2158 4258 audaciae

492 4290 698 4364 potius
724 4305 839 4346 nos
890 4305 1028 4346 reos
1055 4291 1488 4362 pronuntiavit,
1529 4293 1673 4364 quia
1715 4292 1962 4348 liberius
2009 4293 2159 4365 quid

496 4380 870 4436 dixeramus.
924 4379 1036 4444 Qui
1081 4394 1220 4436 vero
1277 4380 1622 4448 adstabant,
1675 4386 1906 4438 tantum
1940 4398 2062 4439 non
2095 4383 2155 4438 in

496 4467 689 4526 oculis
719 4483 832 4524 nos
869 4475 1316 4541 percusserunt.
1351 4471 1590 4527 Interim
1630 4471 1782 4527 alius
1812 4472 1971 4540 hinc,
2003 4473 2156 4530 alius

495 4558 657 4630 inde,
687 4573 799 4614 nos
829 4557 1199 4630 rejiciebant,
1215 4560 1514 4630 urgebant
1534 4561 1974 4633 etrepellebant
1991 4563 2156 4634 jocu-

494 4647 698 4704 lariter
731 4647 912 4704 simul
938 4651 995 4704 et
1031 4648 1343 4720 iracunde,
1387 4653 1444 4705 et
1487 4650 1768 4706 conviciis
1797 4652 2151 4719 onerabant,

499 4739 677 4810 capto
705 4736 958 4808 ajudice
991 4737 1286 4811 exemplo.
1314 4740 1381 4794 Et
1403 4737 1646 4794 volebat
1667 4755 1815 4796 sane
1840 4741 2153 4808 damnare,

499 4827 606 4884 sed
635 4841 760 4884 non
793 4827 1022 4900 potuit;
1050 4845 1174 4885 non
1204 4829 1366 4884 enim
1400 4832 1599 4886 tantas
1641 4828 1855 4887 habuit
1892 4833 2158 4905 nequitia

497 4917 694 4984 vires;
729 4921 994 4974 attamen
1019 4917 1091 4973 iis
1117 4918 1222 4989 qui
1258 4932 1371 4973 nos
1404 4917 1734 4975 interﬁcere
1757 4921 2019 4978 avebant
2055 4939 2154 4978 co-

498 5007 885 5080 operabatur.
909 5007 1025 5065 Sed
1047 5008 1200 5064 Deus
1221 5007 1507 5065 liberator
1523 5009 1749 5067 aderat.
1774 5013 1921 5069 Talis
1949 5014 2011 5070 in
2041 5030 2154 5070 nos

497 5098 719 5155 exstitit
736 5097 936 5163 frater,
952 5101 1077 5154 tam
1099 5096 1429 5168 jucundus,
1449 5102 1569 5156 tam
1590 5099 1820 5171 favens,
1838 5108 2018 5176 atque
2038 5104 2155 5160 hu-

2194 4426 2236 4480 D

530 5377 542 5387 .
571 5307 649 5376 (4)
675 5307 739 5362 Id
761 5311 854 5387 est
891 5311 1102 5387 sancto
1129 5309 1386 5387 Andrea,
1415 5328 1598 5385 quem
1632 5317 1936 5387 Byzantini
1963 5317 2154 5372 Eccle-

500 5377 755 5459 siaevsuae
782 5377 1166 5459 fundatorem
1200 5377 1410 5459 volunt
1433 5377 1716 5452 asserere,
1744 5395 1804 5441 ut
1845 5404 1979 5442 eam
2012 5404 2128 5459 apo

499 5447 771 5530 stolicam
796 5465 927 5530 esse
940 5449 1274 5530 ‘jactent,_et
1295 5457 1578 5530 Romana:
1595 5447 1928 5530 opponant.
1959 5447 2152 5524 Quare

496 5523 556 5576 et
592 5517 762 5577 illum
801 5517 1144 5594 catalogum
1181 5517 1278 5583 tot
1315 5517 1742 5601 episcoporum
1785 5533 1923 5586 ante
1949 5517 2153 5588 histro-

2281 458 2372 505 καὶ
2425 454 2452 506 6
2507 457 2560 505 τί
2620 471 2746 506 ποτε
2805 451 3138 525 βουλομένοις
3186 451 3398 516 ἐκείνοις
3457 453 3626 508 ἐστίν·
3686 456 3746 510 ού
3784 461 3896 531 γὰρ

2282 539 2525 616 δημοσίᾳ
2587 549 2680 594 τοῦ
2733 537 3014 596 διδάσκειν
3068 547 3415 617 προέστημεν,
3463 545 3520 597 ού
3558 551 3897 620 χειροτονίαν

2279 633 2592 706 ἠρπάσαμεν
2616 673 2633 702 ,
2687 634 2752 691 ὡς
2814 627 2987 683 δοκεῖν
3034 631 3220 685 ἐκεῖνον
3279 629 3741 688 ἕνδιαϐάλλεσθαι·
3782 635 3898 710 ἐρο-

2277 724 2453 793 μένοις
2482 717 2542 773 δί
2566 739 2705 772 τισιν
2730 723 2860 781 ἴσως
2887 719 3120 782 Ἀλανοῖς
3141 719 3226 774 ἐπὶ
3247 728 3438 794 γωνίας
3482 721 3897 798 ἀπεκρινάμεθα.

2279 805 2524 862 Δεδόσθω
2609 805 2668 861 δε
2744 813 2833 860 καὶ
2911 805 3268 877 δημοσιεῦσαι
3353 812 3494 884 ἡμᾶς
3565 815 3653 864 τόν
3733 813 3897 885 λόγον

2275 906 2371 960 τῆς
2407 903 2656 958 πίστεωςο
2708 897 2767 949 ού
2805 899 2908 972 γὰρ
2950 899 3010 950 ἂν
3065 898 3473 972 παρεστείλαμεν
3538 903 3626 953 τὸν
3685 905 3894 978 κηρύτ-

2277 1006 2460 1040 τοντα·
2498 989 2718 1039 θανόντα
2771 983 2832 1039 δέ
2888 990 2973 1040 τὸν
3022 987 3172 1059 λόγον
3221 993 3313 1041 καὶ
3353 987 3650 1042 ἀναστάντα
3679 989 3896 1064 βλέπειν

2276 1084 2454 1129 τοῦτον
2481 1073 2747 1148 ἐδώκαμεν
2779 1077 2860 1128 ἄν.
2915 1079 3266 1152 Μαρτύρομαι
3292 1081 3386 1136 τὴν
3418 1077 3680 1149 ἀλήθειαν,
3715 1079 3898 1154 ἔφλεγε

2277 1167 2368 1238 μὲν
2421 1168 2557 1238 ἡμᾶς
2599 1167 2625 1217 ό
2675 1165 2866 1227 ζῆλος·
2927 1169 3282 1238 ὶ-νεκαυχῶντο
3337 1169 3440 1242 ’γὰρ
3495 1167 3770 1243 παρρησίᾳ
3820 1172 3896 1233 ὡς

2278 1254 2333 1316 ίξ
2363 1252 2579 1314 ἀσεϐοῦς
2626 1258 2816 1327 μοίρας
2871 1259 2962 1307 καὶ
3013 1253 3180 1312 ἄλλως
3208 1257 3534 1328 αἰρεσιῶται,
3568 1259 3650 1310 ὃτι
3700 1255 3896 1330 μηδεὶς

2279 1343 2556 1416 ἀντιλέγειν
2605 1347 2695 1396 καὶ
2755 1339 3008 1396 δύναιτο·
3065 1344 3157 1396 ούκ
3211 1341 3396 1397 ἐδίδου
3457 1341 3517 1398 δ”ε
3573 1348 3598 1397 6
3659 1352 3889 1422 καιρός·

2277 1432 2400 1486 ὥστ’
2447 1431 2953 1507 ἐπαρρησιασάμεθα
2993 1433 3059 1493 εἰς
3107 1428 3279 1488 οὐδέν.
3320 1433 3419 1486 Ἦν
3457 1437 3548 1506 μὲν
3591 1433 3668 1487 ἔπ’
3696 1435 3894 1496 ἔκκλη-

2279 1525 2400 1583 σίας
2455 1523 2482 1574 6
2520 1523 2691 1574 πάντα
2745 1521 2897 1582 καλὸς
2948 1527 3038 1576 καὶ
3094 1521 3292 1593 ἀγαθός
3347 1521 3531 1584 ἐκεῖνος
3579 1522 3888 1599 ἀρχιερεὺς,

2276 1614 2363 1661 καὶ
2422 1610 2553 1663 πολὺ
2599 1615 2718 1685 περὶ
2772 1611 2928 1664 αὐτὸν
2981 1613 3040 1663 τὸ
3085 1608 3390 1684 συνέδριον·
3448 1619 3755 1685 συνωμοσία
3801 1635 3893 1678 τις

2276 1702 2423 1771 τάχα
2455 1705 2546 1751 καὶ
2599 1705 2927 1772 συμπαιγνία
2984 1703 3052 1761 ὡς
3107 1698 3188 1752 ἐπὶ
3239 1703 3494 1774 Στεφάνου
3536 1709 3627 1754 τοῦ
3672 1722 3891 1776 πρωτο-

2275 1791 2560 1864 μάρτυρος·
2594 1789 2654 1840 ού
2687 1792 2790 1864 γὰρ
2829 1794 3142 1865 προσωτέρω
3189 1789 3466 1862 τολμήσω·
3517 1795 3606 1843 καὶ
3636 1790 3890 1865 εἱλκόμην

2275 1877 2348 1940 εἰς
2375 1882 2550 1952 κρίσιν
2582 1879 2758 1946 αὐτὸς,
2805 1877 2978 1930 ούκέτι
3007 1881 3096 1950 μεν
3141 1879 3259 1941 ὡςὸ
3309 1879 3526 1950 Παῦλος,
3568 1879 3702 1938 πλὴν
3754 1879 3892 1934 ἀ)λά

2275 1963 2493 2039 δέσμιος
2523 1966 2573 2020 ἐν
2599 1975 2838 2040 Χριστῷ.

2343 2228 2414 2287 η’.
2451 2233 2553 2282 Καὶ
2603 2230 2670 2280 τὰ
2716 2234 2808 2280 τοῦ
2863 2225 3121 2282 δικαστοῦ
3181 2228 3420 2302 βήματος
3458 2229 3672 2303 ἐφεξῆς
3721 2233 3750 2284 6
3790 2241 3888 2295 τῆς

2271 2315 2429 2379 δίκης
2484 2319 2784 2391 προστάτης
2831 2321 2992 2369 πνέων
3042 2316 3314 2391 έμπύριον,
3360 2321 3409 2371 οἰ
3447 2317 3883 2393 παρεδρεύοντες,

2267 2410 2318 2460 οἱ
2363 2425 2714 2482 παρεστωτες,
2747 2408 2871 2458 ὅσον
2913 2407 3185 2479 ὑπηρετεῖν
3235 2413 3326 2462 καὶ
3383 2411 3516 2481 πρὸς
3552 2411 3620 2461 τὰ
3677 2409 3886 2463 κελιευό⁶

2267 2516 2396 2570 μενα
2436 2498 2640 2568 ἕτοιμον
2666 2517 2678 2530 ·
2735 2501 2825 2549 καὶ
2869 2498 2894 2547 ὸ
2933 2497 3249 2569 κατάκριτος
3307 2495 3408 2569 ὶγὼ
3461 2500 3871 2573 παριστάμενος,

2265 2593 2355 2639 καὶ
2405 2590 2501 2644 τὴν
2533 2584 2794 2657 ἀπόφασιν
2833 2581 3197 2658 έκδεχόμενος.
3252 2589 3342 2648 Τίς
3386 2589 3541 2640 πόθεν
3580 2589 3726 2660 ἡμῖν,
3763 2608 3873 2660 φη-

2269 2681 2373 2744 σὶν,
2414 2676 2798 2749 ὶπεισέφρησας
2822 2691 2836 2742 ;
2863 2673 3063 2749 ’Ὠσπερ
3100 2675 3145 2726 εἰ
3184 2675 3356 2750 ἑτέρου
3389 2671 3674 2749 δόγματος,
3719 2680 3870 2749 ἔφην,

2265 2766 2328 2823 ἦν
2366 2763 2466 2837 ὶγὼ
2505 2769 2595 2817 καὶ
2624 2767 2984 2838 κηρύγματος,
3044 2764 3172 2816 ἀλλὰ
3219 2769 3291 2837 μὴ
3343 2774 3439 2827 τῆς
3490 2767 3651 2826 αὐτῆς
3677 2764 3865 2824 ἔκκλη-

2267 2859 2382 2915 σίας
2428 2859 2519 2906 καὶ
2555 2861 2644 2907 τοῦ
2701 2854 2858 2906 αὐτοῦ
2912 2853 3286 2927 ἀρχιποίμενος
3338 2851 3486 2927 ἦμεν.
3522 2855 3652 2908 Ἀλλ’
3684 2853 3732 2916 ἐς
3767 2859 3868 2908 κό-

2263 2963 2430 3017 ρακας
2479 2942 2592 3018 ἱρῥε
2633 2947 2750 3004 τοὺς
2790 2942 2988 3004 ἀσεϐεῖς
3026 2943 3270 3005 Ἀλανοὺς
3318 2949 3408 2997 καὶ
3460 2943 3660 3011 ἀθέους,
3694 2947 3744 2998 οἳ
3780 2951 3874 2998 καὶ

2264 3035 2472 3086 Σκυθῶν
2511 3033 2614 3086 εἱσι
2666 3038 2919 3106 χείρονες.
2960 3038 3022 3085 Τί
3061 3029 3170 3103 οὖν,
3228 3034 3383 3096 αύτός
3423 3036 3564 3106 ἔφην,
3606 3039 3697 3086 καὶ
3739 3031 3874 3110 δρᾷν

2263 3125 2403 3195 ἡμᾶς
2450 3119 2677 3191 δίκαιον,
2707 3121 2817 3174 ἀλλ’
2847 3123 2876 3180 ἢ
2929 3126 3096 3197 φέρειν
3142 3127 3238 3182 τὴν
3277 3122 3591 3190 ἀποστολὴν,
3644 3129 3735 3176 καὶ
3777 3128 3873 3177 σὺν

2262 3231 2322 3284 γε
2382 3219 2456 3281 τῷ
2514 3211 2872 3285 Πρωτοκλὴτῳ
2926 3211 3035 3283 (li);
3087 3210 3244 3264 Ἀλλὰ
3299 3215 3352 3264 τί
3409 3211 3720 3285 βουλόμενος
3772 3217 3870 3271 τὴν

2265 3299 2392 3373 ἐμὴν
2438 3303 2632 3358 ταύτην
2671 3299 2820 3353 πόλιν
2867 3299 3158 3373 περιπολεῖν
3213 3300 3504 3373 ἐτόλμησας
3559 3301 3726 3368 ὃλως;
3767 3306 3874 3355 Καὶ

2265 3394 2388 3463 μὴν,
2421 3387 2461 3441 ὦ
2487 3389 2650 3461 ’γαθε,
2708 3389 2752 3442 εἰ
2794 3392 2884 3462 μεν
2941 3387 3260 3456 ἐπισκοπεῖς,
3303 3387 3356 3443 εὖ
3409 3390 3592 3463 λέγεις,
3651 3396 3741 3444 καὶ
3779 3412 3877 3464 φα-

2265 3486 2420 3554 νερῶς
2469 3477 2692 3551 ἐλέγξας,
2757 3477 2866 3531 εἶτα
2915 3481 3231 3553 κατάκρινεο
3277 3479 3322 3531 εὶ
3369 3475 3423 3531 δ’
3452 3482 3519 3541 ὡς
3551 3476 3641 3532 ὅδε
3677 3499 3754 3542 τις
3784 3482 3878 3552 ξιι-

2266 3587 2446 3641 πορος,
2485 3572 2576 3620 καὶ
2633 3563 2724 3620 ὅδε
2769 3587 2851 3629 τις
2903 3567 3114 3636 ἔπηλυς,
3164 3568 3194 3626 ἦ
3244 3570 3439 3629 πάντας
3489 3565 3724 3637 δίωκε,ἣ
3774 3574 3872 3622 καὶ

2266 3659 2406 3730 ἡμᾶς
2437 3656 2678 3730 ἀνάσχου
2705 3677 2717 3691 ο
2751 3656 2899 3710 πλέον
2940 3654 3018 3725 δε,
3069 3659 3147 3710 ὅτι
3187 3663 3279 3710 καὶ
3320 3657 3624 3719 ἀκουσιάζω
3647 3662 3740 3716 τὴν
3787 3655 3873 3709 ἑν-

2266 3749 2438 3800 ταῦθα
2479 3744 2824 3823 περιδρομὴν,
2858 3746 3028 3808 ἐλέους
3074 3766 3128 3800 τε
3173 3747 3364 3820 μᾶλλον
3419 3747 3480 3799 ἃν
3523 3746 3762 3819 ἀξιοίμην
3802 3751 3879 3809 ὡς

2266 3839 2565 3898 πεπονθώς*
2619 3837 2744 3890 ἑκὼν
2798 3833 2858 3889 δε
2911 3839 3124 3911 πράττω
3171 3833 3350 3890 οὐδέν’
3409 3845 3518 3900 πῶς
3571 3839 3674 3910 ’γὰρ
3714 3839 3741 3890 6
3792 3835 3884 3891 δε-

2271 3944 2458 4000 σμιος;
2493 3930 2626 4000 Πρὸς
2662 3933 2830 3978 ταῦτα
2886 3923 3115 4001 σφοδρὸν
3167 3923 3294 3979 ἰδών
3344 3945 3396 3979 τι
3445 3930 3536 3979 καὶ
3586 3925 3878 4002 βλοσυρὸν,

2269 4021 2358 4068 καὶ
2425 4014 2529 4068 οἷον
2591 4013 2868 4088 βασιλικόν
2907 4019 2997 4066 καὶ
3033 4014 3301 4085 λεόντειον,
3360 4014 3387 4066 ὃ
3442 4023 3554 4077 πῶς
3608 4015 3670 4067 ἀν
3722 4019 3877 4083 εἴπω,

2267 4105 2401 4164 πλὴν
2432 4105 2526 4158 ούκ
2569 4103 2618 4157 έν
2647 4112 2752 4166 τοῖς
2799 4103 2972 4167 ἀλλοις
3012 4112 3219 4158 τοιοῦτο
3260 4099 3358 4158 ’καὶ
3405 4105 3639 4180 μάλιστα
3667 4102 3878 4173 δέουσι,

2267 4199 2356 4247 καὶ
2385 4194 2580 4267 τόλμης
2620 4197 2759 4266 ἡμᾶς
2807 4192 3070 4268 ἐγράφετο,
3106 4196 3184 4247 ὅτι
3227 4193 3322 4246 κᾶν
3368 4214 3420 4246 τι
3457 4194 3618 4266 λέγειν
3646 4193 3882 4267 ἐθρασυ-

2267 4286 2487 4356 νάμεθα.
2539 4286 2604 4336 Οἱ
2658 4279 2716 4335 δὲ
2763 4292 3106 4355 περιεστῶτες
3163 4291 3354 4359 μικροῦ
3406 4289 3496 4336 καὶ
3544 4286 3681 4336 κατὰ
3719 4288 3884 4358 κόρης

2268 4375 2405 4445 ἡμᾶς
2447 4376 2626 4426 ἔπαιον
2652 4393 2664 4406 ·
2717 4376 2844 4432 τέως
2888 4373 2912 4424 6
2961 4375 3052 4444 μεν
3083 4374 3238 4440 ἔνθεν,
3281 4375 3307 4424 6
3355 4369 3415 4424 δὲ
3459 4375 3596 4426 ἔνθεν
3635 4371 3880 4447 πορέῤῥι-

2267 4482 2414 4530 πτον,
2447 4464 2614 4515 ὤθουν
2665 4481 2718 4514 τε
2766 4465 2856 4513 καὶ
2917 4459 3177 4515 ἀντώθουν
3238 4465 3592 4534 παιγνιμόνως
3642 4466 3731 4513 καὶ
3761 4463 3878 4533 μετ’

2269 4551 2447 4624 ὀργῆς,
2497 4551 2679 4625 ὗϐρεσί
2744 4569 2799 4604 τε
2849 4549 3122 4624 βάλλοντες
3179 4548 3313 4608 ἦσαν
3367 4550 3422 4603 ἑκ
3465 4559 3558 4603 τοῦ
3611 4547 3884 4603 δικαστοῦ

2265 4639 2539 4713 λαϐόμενοι
2576 4647 2668 4701 τῆς
2722 4639 2918 4714 ἀρχῆς.
2964 4640 3021 4694 Ἡ
3064 4637 3122 4693 δε
3162 4639 3426 4712 ἀπόφασις
3477 4639 3711 4692 ἐϐούλετο
3759 4642 3882 4713 μεν,

2265 4730 2360 4783 ούκ
2413 4725 2644 4789 ἠδύνατο
2694 4725 2782 4783 δέ’
2833 4729 2890 4782 ού
2929 4732 3030 4803 γὰρ
3073 4728 3156 4782 ἐπὶ
3184 4736 3432 4782 τοσοῦτον
3471 4730 3501 4786 ἡ
3544 4733 3706 4781 κακία
3728 4735 3883 4781 κοτί-

2268 4839 2444 4892 σχυσε
2469 4840 2480 4852 ·
2511 4819 2646 4878 πλὴν
2680 4817 2807 4872 ἀλλά
2835 4823 3082 4892 συνήργει
3115 4826 3221 4880 τοῖς
3271 4821 3523 4872 θανατοῦν
3560 4819 3702 4891 ἡμᾶς
3741 4817 3877 4891 βου-

2267 4909 2499 4982 λομένοις
2524 4930 2535 4941 ·
2584 4912 2715 4970 Θεὸς
2756 4904 2815 4961 δὲ
2873 4909 2898 4962 ὀ
2947 4907 3302 4983 ἐξαιρούμενος
3345 4905 3428 4966 ἦν.
3467 4914 3710 4967 Τοιοῦτος
3749 4909 3882 4980 ἡμῖν

2265 5000 2290 5051 6
2323 4995 2562 5070 ἀδελφὸς,
2615 4999 2779 5061 οὕτως
2827 4994 2980 5067 ἡδύς,
3023 4998 3185 5059 οὕτως
3238 4997 3602 5057 ἀντιληπτικὰ
3658 5001 3749 5048 καὶ
3789 5017 3881 5069 φι-

2267 5087 2592 5161 λάνθρωπος,
2631 5095 2739 5150 τοῖς
2790 5087 2952 5151 ξένοις
3001 5089 3028 5140 6
3076 5087 3384 5162 ἐπιχώριος,
3432 5094 3542 5148 τοίς
3590 5105 3882 5138 κατακεκο-

2263 5319 2528 5392 phanem
2561 5318 3021 5392 fabricaverunt.
3052 5321 3145 5392 De
3161 5334 3223 5374 re
3250 5318 3357 5375 hac
3379 5318 3502 5392 dixi
3529 5318 3590 5372 in
3618 5317 3881 5392 adnota-

2262 5388 2530 5447 tionibus
2561 5391 2638 5446 ad
2670 5391 3071 5462 Ephrasmium
3097 5389 3632 5462 chronographum
3657 5388 3874 5460 Script.

2263 5469 2374 5520 vet.
2407 5468 2449 5519 t.
2481 5465 2572 5528 ΙΙΙ,
2606 5479 2662 5536 p.
2698 5460 2803 5519 226
2833 5467 3102 5535 (PATROL.
3131 5467 3172 5520 t.
3204 5464 3406 5531 CXLII,
3438 5460 3552 5517 Col.
3584 5464 3732 5529 349).
