4134 6414
281 285 390 340 397

1782 274 1970 332 ALAN
1978 276 2092 333 1οΗ
2096 276 2156 334 S.

3551 288 3654 347 398

271 410 449 481 μένοις
479 404 508 458 6
540 405 634 458 καὶ
656 408 749 456 τοῦ
774 404 963 475 κρίνειν
993 400 1170 473 κύριος
1197 403 1266 452 ὧν
1297 420 1308 434 ·
1343 399 1407 453 ἰῶ
1436 397 1598 452 τᾶλλα
1621 419 1635 434 ο
1678 396 1885 453 δίκαιον

2011 415 2252 469 manus;
2302 401 2632 474 peregrinis
2678 404 2918 474 scilicet,
2958 407 3009 464 is
3047 407 3153 482 qui
3187 424 3362 467 suam
3395 410 3655 482 patriam

271 498 404 570 γάρ·

355 672 423 731 η’.
473 670 595 726 Ἀλλ
651 665 832 728 ἐπειδὴ
893 687 1028 728 τινος
1089 665 1374 742 ἐλευθερίας
1441 665 1734 740 λαϐόμενοι,
1799 673 1890 720 καὶ

282 768 373 820 τὴν
412 758 536 816 ὁδὸν
591 760 914 831 ἐσκοποῦμεν
965 759 1037 821 ὡς
1073 756 1134 809 ἂν
1172 757 1391 819 ἕκαστος
1428 761 1515 810 τὸν
1557 760 1750 810 σκοπὸν
1795 765 1892 818 τῆς

287 852 564 926 ἀφετηρίας
617 845 743 917 εἶδε,
793 852 888 907 τὴν
941 847 1024 901 ἰθὺ
1086 851 1354 920 Βοσπόρου
1404 846 1700 920 ἐτέμνομενο
1752 843 1888 899 ἐδεί-

288 938 389 996 ὃου
417 939 477 996 δὲ
504 942 531 992 6
565 958 620 992 τε
656 941 836 1012 καιρὸς
873 945 1134 1009 χειμῶνος
1170 937 1310 1009 ἄγων
1353 939 1421 988 τὰ
1464 941 1620 1009 μέσα,
1665 942 1755 990 καὶ
1792 945 1889 990 τῶν

282 1033 496 1086 Σκυθῶν
540 1030 571 1086 ἡ
617 1028 752 1082 κατὰ
784 1033 877 1082 τοῦ
920 1030 1189 1099 Βοσπόρου
1264 1033 1556 1084 τηνικαῦτα
1597 1027 1732 1100 ὁρμὴ
1776 1022 1890 1079 διε-

282 1120 512 1174 κώλυενο
558 1117 603 1172 εί
643 1121 735 1170 καὶ
783 1117 935 1188 ἡμεῖς
978 1114 1250 1188 estde;an
1297 1120 1390 1174 τὴν
1440 1112 1583 1187 ὁδὸν,
1618 1113 1672 1180 ἐξ
1709 1115 1770 1168 οὗ
1797 1119 1890 1169 καὶ

276 1208 647 1281 διηλέγχημεν
700 1208 984 1282 ἄπρακτοι.
1040 1210 1132 1268 Τίς
1184 1205 1245 1258 ἂν
1293 1208 1429 1261 εἴποι
1485 1208 1553 1260 τὰ
1616 1208 1888 1275 σκυθικάς

263 1304 353 1362 τίς
397 1301 655 1374 θρηνήσει
688 1297 724 1350 οἶ
754 1315 811 1350 τε
857 1293 1082 1368 ἴδοιμεν,
1125 1295 1160 1347 ὀί
1186 1315 1242 1350 τε
1279 1296 1573 1369 πάθοιμενς
1634 1296 1890 1369 Ἀφίστα-

258 1409 361 1444 ται
395 1385 457 1442 6“:
482 1390 591 1464 ἄρα
621 1388 740 1440 οὔτε
776 1394 870 1440 τοῦ
908 1385 1156 1460 κυϐερνᾷν
1199 1389 1288 1438 καὶ
1335 1385 1648 1460 παραπλέειν
1696 1388 1722 1438 ό
1761 1388 1891 1440 ναύ-

267 1497 468 1553 αρχος,
526 1475 626 1529 κᾶν
674 1479 778 1530 ὅσα
821 1481 938 1536 τοῖς
979 1473 1186 1548 ἀνέμοις
1224 1474 1664 1548 έκπεπολέμωται,
1699 1479 1892 1548 μέχρις

265 1571 335 1621 ἄν
391 1568 458 1628 εἰς
507 1566 693 1638 λιμένα
741 1567 1038 1637 καταγάγοι
1092 1570 1189 1624 τὴν
1239 1573 1394 1618 ναῦνο

261 1661 429 1730 ἡμεῖς
461 1659 660 1710 σκοπὸν
692 1661 903 1727 εἴχομεν
928 1675 942 1689 ο
970 1659 1060 1708 καὶ
1084 1653 1238 1707 πάλιν
1278 1651 1444 1728 ὁδοῡφ
1475 1659 1658 1728 ροντὶς,
1687 1658 1774 1708 καὶ
1795 1656 1896 1708 ὅσα

1469 1570 1558 1618 καὶ
1607 1569 1694 1618 τὸν
1737 1566 1892 1618 αὐτὸν

1998 490 2237 547 tenebat
2265 507 2278 559 ;
2307 491 2448 561 reis,
2473 492 2523 549 is
2547 496 2651 566 qui
2677 494 2889 565 judicii
2913 497 3134 556 arbiter
3157 503 3308 569 erat,
3339 504 3407 558 ut
3436 503 3655 560 caetera.

1995 579 2292 652 omittam,
2317 585 2500 656 prout
2519 597 2632 654 par
2661 586 2767 640 est.

2070 672 2120 726 9.
2146 670 2266 742 Age
2285 687 2428 728 vero
2449 675 2778 746 postquam
2801 673 3068 747 aliquam
3096 677 3385 736 libertatis
3415 683 3652 752 partem

1994 758 2156 815 nacti
2177 758 2423 826 fuimus,
2439 760 2515 817 de
2543 761 2642 816 via
2672 763 3073 835 cOgitavimus
3089 769 3268 838 prout
3287 766 3544 839 quisque
3565 767 3659 824 iti-

1995 849 2156 903 neris
2179 848 2272 903 sui
2301 864 2555 920 scopum
2570 849 2858 921 habebat,
2872 857 3155 926 rectaque
3173 854 3250 911 ad
3270 855 3652 927 Bosphorum

1996 937 2379 996 tetendimus.
2410 939 2752 998 Timebatur
2767 957 2909 998 vero
2940 948 2998 999 et
3026 943 3240 999 mediae
3261 943 3478 1000 hiemis
3507 949 3654 1001 tem-

1998 1041 2134 1098 pus,
2148 1031 2205 1084 et
2222 1027 2579 1100 Scytharum
2599 1028 2755 1086 circa
2775 1031 3150 1103 Bosphorum
3172 1047 3442 1104 praesens
3462 1032 3659 1090 incur-

2000 1115 2090 1170 sio
2110 1115 2545 1188 impedimento
2563 1122 2715 1175 erat:
2741 1118 3134 1177 nihilominus
3153 1137 3267 1179 nos
3290 1123 3350 1179 vi
3369 1123 3478 1180 iter
3507 1123 3656 1180 arri-

1997 1204 2264 1276 puimus,
2295 1207 2574 1278 quamvis
2607 1223 2892 1264 successu
2912 1209 3168 1266 fortasse
3208 1211 3468 1269 carituri.
3512 1211 3658 1278 Quis

1997 1293 2162 1349 mala
2192 1295 2458 1367 scythica
2474 1297 2716 1353 narret?
2747 1298 2884 1370 quis
2917 1298 3062 1355 satis
3084 1298 3323 1372 deﬂeat,
3347 1316 3486 1373 quis
3506 1299 3662 1358 vidi-

1999 1399 2138 1440 mus
2169 1387 2274 1440 aut
2301 1385 2468 1456 passi
2500 1402 2711 1442 sumus
2741 1387 2770 1441 7
2811 1387 2926 1444 Sed
2973 1388 3136 1444 enim
3175 1404 3374 1461 neque
3417 1389 3660 1447 clavum

1998 1487 2224 1542 regere,
2248 1488 2444 1546 neque
2475 1474 2757 1545 navigare
2783 1475 3154 1547 gubernator
3191 1476 3388 1545 desiit,
3414 1479 3664 1551 quibus-

1999 1561 2144 1618 libet
2159 1563 2641 1635 repugnantibus
2658 1565 2870 1628 ventis,
2887 1565 3081 1622 donec
3105 1566 3313 1625 navim
3333 1567 3394 1623 in
3416 1571 3660 1640 portum

2002 1653 2364 1710 deduxisset.
2387 1655 2552 1712 Idem
2567 1655 2747 1712 nobis
2766 1672 2985 1730 scopus
3003 1661 3157 1726 erat;
3176 1656 3431 1731 ideoque
3451 1673 3660 1714 rursus

258 1743 544 1822 παρόδια·
597 1750 690 1798 καὶ
732 1743 888 1798 πάλιν
945 1746 1013 1797 τὰ
1061 1753 1246 1817 πρῶτα
1296 1747 1588 1819 παθήματα
1649 1744 1733 1799 έπὶ
1789 1752 1894 1806 τοῖς

2011 1742 2230 1800 itineris
2255 1759 2399 1801 cura
2433 1747 2614 1817 atque
2659 1750 2991 1819 apparatus
3024 1763 3037 1802 :
3086 1762 3386 1819 rursuque
3429 1747 3661 1820 priores

263 1838 495 1897 αὐτοῖς·
560 1834 700 1896 ἐντὸς
761 1837 792 1893 ἡ
853 1838 1004 1896 νόσος
1058 1834 1318 1903 ξενιτεύει,
1361 1840 1452 1888 καὶ
1504 1834 1696 1910 ἀπορία
1753 1854 1894 1908 συμ-

279 1927 562 1993 ϐαίνουσα,
617 1930 710 1978 καὶ
767 1932 859 1978 τοῦ
930 1928 1286 1997 σκοπουμένου
1331 1924 1520 1998 μᾶλλον
1566 1921 1893 2000 διαμαρτεῖν.

284 2022 388 2072 Καὶ
418 2016 576 2078 αὐτὸς
602 2017 691 2076 μὲν
724 2011 852 2086 ἦγον
874 2016 931 2068 τὸ
959 2012 1285 2086 συμϐεϐηκός
1324 2017 1393 2077 ὡς
1431 2014 1490 2067 ἂν
1523 2017 1642 2087 ἔχοι
1669 2036 1682 2049 ·
1724 2020 1811 2070 τὸν
1839 2012 1897 2069 δὲ

263 2109 479 2178 πατέρα
523 2108 617 2157 καὶ
661 2102 816 2156 πάλιν
858 2107 988 2178 πρὸς
1040 2105 1105 2156 τὰ
1144 2103 1309 2158 οἰκεῖα
1337 2108 1545 2180 τρέχειν
1576 2105 1894 2176 ἠνάγκαζον.

263 2202 404 2250 Τίνα
423 2198 493 2248 τὰ
523 2193 608 2248 έπὶ
638 2195 837 2254 τούτοις
865 2210 880 2260 ;
918 2197 1086 2255 Μόνος
1111 2194 1137 2244 ό
1187 2192 1418 2266 πρέσϐυς
1464 2192 1760 2268 ἀρχιερεὺς,
1810 2200 1900 2249 καὶ

273 2305 340 2357 γε
379 2288 474 2338 σὺν
511 2290 587 2355 τῷ
631 2285 842 2354 ὑστάτῳ
885 2291 986 2335 τῶν
1032 2287 1216 2335 τέκνων
1273 2282 1359 2336 ἐπὶ
1398 2287 1662 2358 Βόσπορον
1694 2285 1897 2339 ἄπεισι.

346 2374 411 2429 τ’.
482 2379 584 2428 Καὶ
635 2373 790 2426 πάλιν
845 2372 994 2448 ἑτέρα
1057 2374 1298 2446 συμφορὰ
1355 2377 1444 2426 καὶ
1503 2375 1741 2437 κάκωσις
1804 2375 1901 2428 ἅλ-

274 2465 344 2522 λη
370 2485 384 2498 ·
432 2464 488 2516 οὗ
536 2465 636 2536 γὰρ
689 2459 890 2535 έδέχθη
942 2470 1016 2534 τῷ
1052 2463 1296 2537 ἄρχοντι.
1339 2458 1572 2536 Οῖὸαμεν
1616 2466 1802 2527 πάντες
1841 2468 1900 2518 τὸ

281 2553 502 2606 παλαιὸν
571 2555 732 2605 ἄκεῖνο
809 2553 994 2618 κακὸν,
1077 2555 1171 2609 τὴν
1229 2551 1464 2626 ἀρχαίαν
1532 2555 1730 2626 ἔχθραν
1811 2559 1902 2607 καὶ⁹

275 2646 516 2715 πρώτην,
581 2645 671 2695 καὶ
729 2644 790 2694 τὸ
868 2637 1176 2717 δεινότερον,
1247 2646 1337 2693 καὶ
1406 2643 1528 2714 ὅπερ
1595 2641 1650 2694 ἔκ
1718 2644 1900 2706 πάσης

277 2728 512 2805 καρδίας
564 2729 818 2783 ἐκκαλοῖτ’
867 2729 928 2782 ἂν
982 2735 1073 2784 καὶ
1113 2727 1360 2806 δάκρυα·
1412 2730 1654 2803 έγειτόνει
1711 2733 1737 2784 6
1779 2751 1900 2786 ποι-

273 2826 375 2895 μὴν
429 2825 521 2872 καὶ
559 2827 809 2872 τοσοῦτον
837 2820 959 2872 ὅσον
1017 2821 1245 2893 ὁρᾶσθαί
1282 2840 1336 2872 τε
1384 2826 1474 2873 καὶ
1514 2822 1636 2895 όρᾷν
1666 2838 1679 2850 ·
1741 2825 1830 2873 καὶ
1873 2823 1898 2873 6

283 2915 399 2984 μὲν,
431 2919 506 2980 τῷ
535 2910 749 2982 καλάμῳ
789 2905 1056 2982 θρηνῶδες
1085 2909 1232 2982 μέλος
1280 2909 1470 2964 Eat-Eme;
1534 2915 1625 2963 καὶ
1679 2909 1900 2971 ἀνακλή-

282 3018 388 3059 τως
416 3019 430 3032 ·
491 3001 550 3050 τὸ
616 2994 674 3051 δὴ
714 3002 1038 3072 περιτρέχειν
1094 3001 1184 3072 μὶν
1234 2999 1380 3057 ἤθελε
1423 3003 1511 3052 τὸν
1543 3004 1767 3072 ποιμένα
1802 2991 1896 3052 καὶ

2005 1848 2293 1888 aerumnae
2307 1834 2418 1889 vias
2441 1833 2710 1890 comites.
2729 1834 3125 1892 Etnobiscum
3144 1835 3392 1908 quidem
3412 1835 3663 1892 morbus

2005 1923 2520 1994 peregrinabatur,
2547 1927 2603 1980 et
2623 1940 2760 1996 quae
2784 1924 2938 1982 solet
2958 1924 3231 1981 comitari
3249 1927 3510 1996 egestas,
3541 1929 3601 1981 et
3629 1940 3666 1982 a

2005 2013 2318 2086 proposito
2349 2029 2532 2086 scopo
2559 2013 2878 2072 aberratio.
2926 2017 3106 2072 Porro
3137 2030 3233 2071 res
3258 2029 3371 2085 ego
3395 2018 3577 2088 prout
3601 2030 3664 2072 se

2007 2102 2236 2159 dabant
2256 2102 2554 2169 ferebam;
2587 2102 2695 2159 sed
2720 2107 2955 2176 patrem
2981 2103 3184 2161 denuo
3211 2105 3273 2160 in
3294 2103 3552 2176 patriam
3571 2120 3666 2161 re-

2009 2193 2136 2250 dire
2161 2192 2475 2264 cogebam.
2497 2192 2653 2259 Quid
2673 2208 2816 2250 vero
2836 2195 3085 2266 postea?
3116 2193 3290 2250 Solus
3313 2209 3499 2250 senex
3513 2208 3666 2266 prae-

2011 2281 2122 2349 sul,
2156 2298 2295 2338 cum
2330 2287 2636 2354 postremo
2664 2281 2926 2339 ﬁliorum
2957 2282 3036 2339 ad
3075 2283 3450 2356 Bosphorum
3475 2283 3663 2341 venit.

2083 2373 2169 2427 10.
2219 2373 2286 2428 Et
2315 2386 2388 2427 en
2414 2386 2621 2426 rursus
2653 2371 2768 2428 alia
2812 2370 3127 2429 calamitas
3155 2375 3334 2444 atque
3363 2370 3608 2428 afﬂictio
3644 2388 3657 2427 :

2008 2459 2234 2533 quippe
2261 2476 2297 2516 a
2315 2460 2585 2532 principe
2615 2464 2890 2532 receptus
2913 2475 3037 2516 non
3067 2460 3196 2518 fuit.
3225 2461 3420 2517 Nostis
3450 2475 3666 2516 omnes

2009 2549 2327 2621 antiquum
2351 2549 2501 2606 illud
2526 2549 2776 2615 malum,
2804 2550 3072 2623 priscam
3096 2554 3154 2606 et
3182 2550 3444 2623 primam
3467 2550 3668 2608 inimi-

2010 2638 2237 2708 citiam;
2263 2639 2552 2712 quodque
2573 2640 2842 2710 gravius,
2867 2643 2922 2697 et
2937 2640 3242 2712 lacrymas
3268 2639 3345 2697 de
3365 2639 3548 2698 corde
3567 2655 3666 2698 ex-

2009 2728 2230 2801 primit,
2260 2729 2321 2784 in
2343 2730 2688 2802 propinquo
2719 2733 2889 2786 erant
2917 2733 3124 2801 pastor
3145 2733 3202 2787 et
3231 2744 3396 2798 grex,
3437 2729 3500 2786 in
3529 2733 3663 2788 tan-

2009 2821 2137 2875 tum
2167 2823 2228 2874 ut
2255 2817 2512 2874 invicem
2552 2821 2907 2875 cernerent:
2949 2822 3006 2874 et
3048 2816 3144 2873 ille
3189 2817 3438 2890 quidem
3464 2817 3667 2876 ﬁstula

2009 2906 2460 2963 lamentabilem
2483 2923 2701 2963 sonum
2726 2906 3020 2962 invitandi
3041 2921 3228 2964 causa
3244 2905 3489 2975 edebat;
3518 2921 3664 2976 grex

2010 3000 2212 3052 autem
2257 3012 2566 3053 accurrere
2599 2995 2846 3069 quidem
2883 2995 3129 3052 volebat
3167 2995 3247 3051 ad
3274 2999 3578 3068 pastorem
3607 2998 3665 3052 et

279 3092 678 3162 περισκαίρεινο
736 3091 891 3146 ἤκουε
929 3091 1030 3161 ’γὰρ
1081 3097 1176 3151 τῆς
1225 3096 1392 3161 φωνῆς
1450 3094 1539 3142 καὶ
1596 3088 1892 3160 ἐγίνωσκεν.

2011 3086 2445 3144 circumsistere
2478 3105 2493 3155 ;
2536 3101 2683 3144 nam
2720 3101 2934 3143 vocem
2983 3085 3114 3156 ejus
3151 3085 3438 3143 audiebat
3481 3091 3663 3158 atque

279 3174 520 3238 ἠδύνατο
564 3174 624 3230 δε
667 3173 936 3250 οὐδαμῶς.
975 3182 1111 3232 Φασὶ
1148 3175 1387 3232 πανσυδὶ
1424 3179 1520 3237 τήν
1545 3177 1694 3232 πόλιν
1731 3198 1897 3252 προσ-

269 3271 416 3321 τέναι
480 3274 553 3338 τῷ
621 3263 891 3338 δυναμένῳ
917 3287 931 3302 -
977 3270 1069 3320 καὶ
1132 3268 1162 3327 ἢ
1224 3270 1522 3326 τεθνηκέναι
1569 3270 1771 3329 πάντως
1823 3267 1896 3321 οἰ·

269 3357 572 3420 τήσασθαι,
635 3357 667 3416 ἣ
736 3359 825 3410 τὸν
893 3354 1148 3429 ἀρχιερέα
1211 3356 1384 3410 λαϐεῖν
1418 3379 1431 3392 ο
1508 3358 1605 3410 οὐκ
1666 3361 1896 3431 ἔκαμπτε

278 3442 344 3497 δε
402 3453 582 3499 τοῦτον
642 3445 702 3498 οὗ
755 3444 989 3520 πρέσϐυς
1045 3448 1260 3516 πενθῶν,
1320 3446 1414 3499 οὐκ
1469 3447 1598 3521 ἀνὴρ
1662 3449 1898 3520 σκυθρω-

275 3533 484 3603 πάζων,
527 3534 587 3586 οὐ
638 3543 763 3596 παῖς
818 3533 1111 3604 ἀλαλάζων,
1162 3533 1278 3589 οὐδ’
1338 3536 1688 3611 ὀλοφυρομένη
1737 3541 1893 3609 γυνὴ,

273 3623 337 3676 οὐ
391 3622 542 3685 πόλις
597 3623 687 3682 ὅλη
743 3631 818 3694 τῷ
875 3626 1039 3677 πάθει·
1082 3627 1358 3684 νικηθεῖσα
1402 3630 1493 3678 καὶ
1546 3623 1892 3682 δυσωποῦσα.

273 3718 430 3776 Τίνος
483 3713 684 3782 issu»;
729 3713 852 3766 ⁴Ὀτι
899 3714 1053 3776 ζῆλος
1111 3718 1200 3767 τὸν
1249 3713 1423 3789 ἄνδρα
1475 3719 1754 3788 κατέφαγε,
1807 3721 1898 3769 καὶ

284 3804 372 3854 ὅτι
417 3801 621 3877 στερρὸς
671 3808 764 3856 καὶ
816 3802 1128 3870 ἀντιτυπὴς,
1175 3801 1292 3857 ουδ’
1345 3808 1414 3867 ὡς
1457 3807 1524 3857 τὰ
1568 3804 1734 3858 πολλὰ
1788 3813 1898 3868 τοῖς

284 3893 552 3965 ἄρχουσιν
603 3892 866 3954 ἀπειθής’
923 3893 969 3946 εἰ
1020 3898 1110 3966 μεν
1161 3893 1394 3970 ἀκαίρως
1441 3914 1495 3947 τε
1543 3900 1632 3947 καὶ
1675 3893 1895 3970 ἀλόγως,

285 3978 463 4034 δεινόν
492 3984 548 4034 τό
582 3988 826 4056 πρᾶγμα,
867 3987 957 4036 καὶ
996 3983 1112 4036 οὐδ’
1161 3967 1309 4057 ἡμεῖς
1353 3983 1685 4057 έπαινέσομεν
1728 3985 1793 4038 ·εἰ
1847 3967 1898 4038 δ’

289 4069 581 4132 ἀθλητικῶς
633 4077 724 4124 καὶ
757 4079 1026 4144 γενναίως,
1079 4079 1172 4126 καὶ
1223 4078 1292 4137 ὡς
1334 4083 1432 4127 τῶν
1483 4076 1710 4149 πρόσθεν
1756 4072 1901 4128 ἐπευ-

283 4162 490 4234 θόμεθα
540 4161 664 4214 κλέα
717 4159 920 4238 ἀνδρῶν
988 4163 1086 4235 (5),
1144 4166 1256 4236 μετ’
1296 4163 1517 4235 ,ἐκείνων
1583 4163 1643 4217 ἂν
1706 4168 1776 4228 ὡς
1839 4163 1900 4217 ἂν

278 4254 557 4324 συμπέσοι
579 4253 648 4303 τὰ
671 4252 977 4324 πράγματα.

351 4339 442 4396 ια’.
511 4340 654 4393 Ἐπεὶ
704 4335 765 4392 δὲ
817 4339 1182 4415 ἀπειρήκειμεν
1223 4346 1281 4395 τὸ
1339 4341 1526 4396 έκεῖθεν
1575 4342 1758 4411 έλθεῖν,
1800 4343 1901 4397 ἐτέ-

2005 3176 2403 3247 agnoscebat;
2436 3191 2633 3249 neque
2653 3180 2858 3233 tamen
2879 3178 3130 3246 poterat.
3162 3173 3343 3231 Aiunt
3371 3173 3663 3246 globatim

2004 3268 2302 3324 civitatem
2321 3266 2399 3323 ad
2414 3269 2726 3340 potentem
2739 3265 2936 3321 virum
2949 3264 3294 3331 accessisse,
3315 3279 3379 3320 se
3394 3263 3492 3320 vel
3509 3263 3667 3322 mori

2004 3357 2152 3414 velle
2181 3356 2501 3425 dicentem,
2527 3354 2622 3412 vel
2646 3353 2974 3427 praesulem
2995 3369 3174 3408 suum
3201 3352 3494 3426 recipere:
3518 3352 3665 3426 quia

2005 3451 2211 3504 tamen
2253 3445 2422 3502 illum
2470 3445 2734 3501 ﬂecteret
2773 3442 2896 3498 sive
2945 3457 3129 3500 senex
3164 3441 3338 3512 ﬂens,
3392 3441 3518 3498 sive
3572 3440 3665 3502 vir

2007 3540 2278 3604 moestus,
2311 3535 2431 3590 sive
2455 3549 2606 3606 puer
2633 3534 2684 3604 ej
2695 3532 2894 3599 ulans,
2926 3532 3047 3589 sive
3075 3531 3292 3589 mulier
3315 3530 3658 3588 lamentans

2007 3625 2129 3682 sive
2152 3625 2434 3681 universa
2445 3623 2656 3680 civitas
2674 3621 2882 3679 dolore
2895 3624 3277 3678 consternata
3293 3623 3349 3677 et
3365 3619 3660 3690 lugubris.

2007 3718 2123 3772 Cur
2150 3713 2232 3780 id,
2265 3715 2552 3787 inquam?
2573 3711 2724 3778 Quia
2743 3711 2892 3768 livor
2905 3710 3218 3768 hominem
3240 3708 3662 3779 consumebat,

2007 3807 2066 3860 et
2093 3802 2239 3875 quia
2258 3805 2447 3858 durus
2476 3805 2928 3873 contumaxque
2951 3803 3097 3868 erat,
3130 3813 3328 3870 neque
3359 3812 3469 3869 pro
3495 3812 3664 3855 more

2009 3909 2120 3949 suo
2141 3890 2516 3964 principibus
2536 3904 2660 3946 non
2689 3889 3056 3960 obsequens.
3100 3886 3273 3952 Quod
3299 3886 3347 3942 si
3375 3887 3667 3957 intempe-

2009 3981 2156 4038 stive
2173 3985 2352 4053 atque
2374 3979 2640 4036 absurde
2659 3978 2995 4050 egit,grave
3016 3975 3326 4047 negotium
3356 3978 3448 4032 est
3465 3988 3665 4047 neque

2009 4088 2047 4128 a
2078 4070 2254 4126 nobis
2282 4068 2680 4126 laudandum.
2716 4067 2817 4125 Sin
2845 4066 3045 4138 potius
3074 4064 3300 4122 fortiter
3320 4067 3500 4136 atque
3519 4065 3667 4120 stre-

2008 4176 2146 4231 nue,
2181 4175 2252 4216 ac
2281 4158 2464 4215 veluti
2493 4157 2832 4231 priscorum
2848 4154 3192 4211 audivimus
3213 4152 3483 4210 facinora
3505 4152 3667 4210 viro-

2007 4265 2168 4322 rum,
2201 4265 2342 4306 cum
2369 4247 2466 4304 his
2497 4247 2686 4303 simus
2715 4250 3025 4316 utcunque
3052 4259 3148 4300 res
3169 4242 3493 4299 evenerint.

2086 4343 2171 4394 11.
2214 4340 2545 4411 Postquam
2582 4351 2723 4392 vero
2761 4333 3044 4408 prohibiti
3080 4332 3308 4389 fuimus
3335 4331 3476 4390 illuc
3505 4346 3672 4390 acce-

275 4450 376 4503 ραν
439 4429 662 4501 μείζονα
735 4429 902 4500 πολλῷ
967 4435 1058 4484 καὶ
1122 4431 1492 4508 σκληροτέραν,
1559 4437 1612 4486 τί
1669 4436 1772 4507 γὰρ
1838 4433 1898 4485 ἂν

2013 4428 2175 4497 dere,
2195 4427 2272 4485 ad
2294 4427 2476 4485 aliam
2496 4427 2676 4497 longe
2699 4423 3058 4497 ampliorem
3076 4427 3256 4496 atque
3279 4422 3670 4521 asperiorem,

278 4524 374 4571 καὶ
409 4520 709 4590 «dempta;
766 4520 1114 4593 ἐτραπόμεθα.
1159 4526 1260 4575 Καὶ
1297 4524 1325 4574 6
1381 4525 1471 4594 μεν
1519 4527 1692 4596 πατὴρ
1739 4522 1901 4576 αὐτοῦ

285 4611 416 4669 τέως
471 4611 611 4680 μένει
677 4611 824 4682 παρὰ
889 4617 999 4671 τοῖς
1054 4609 1350 4682 ὀλιγοστοῖς
1410 4611 1664 4678 Ἀλανοῖς,
1733 4614 1906 4665 πάντα

293 4701 478 4769 φέρων,
517 4701 715 4764 πενίαν,
759 4695 1117 4773 ὀνειδισμούς,
1157 4700 1509 4774 χλευασμοὺς·
1555 4701 1613 4755 οὐ
1651 4705 1754 4778 γὰρ
1783 4723 1904 4775 χω-

292 4792 454 4860 ροῦσι
501 4788 688 4850 πάντες
725 4791 814 4840 τὸν
864 4788 1015 4861 λόγον
1066 4796 1160 4843 τοῦ
1189 4793 1497 4863 πνεύματος,
1523 4794 1614 4844 καὶ
1653 4791 1758 4846 εἰσὶ
1793 4810 1906 4865 κρι-

293 4879 390 4926 ταὶ
419 4882 517 4926 τῶν
546 4880 869 4948 τεταγμένων
907 4877 1140 4951 μάλιστα
1175 4885 1366 4954 κρίνειν
1396 4897 1410 4913 ·
1451 4885 1543 4934 καὶ
1590 4883 1646 4932 τὸ
1701 4887 1902 4956 χεῖρον,

295 4965 383 5016 ὅτι
448 4969 539 5016 καὶ
601 4970 1010 5040 κατακρίνουσιν
1042 4986 1056 5000 ο
1125 4967 1275 5042 ἡμεῖς
1330 4965 1390 5022 δε
1453 4974 1620 5042 μέσην
1682 4970 1905 5022 Σκυθίαν

295 5049 580 5124 ἠλαύνομεν
646 5054 769 5112 ὅλην
837 5053 1162 5118 ἐξηκοντάδα
1224 5066 1325 5109 τῶν
1399 5060 1625 5132 ἡμερῶν,
1692 5061 1907 5118 πένητες

293 5138 504 5214 ἄνδρες,
551 5140 675 5196 οὐδε
713 5152 816 5196 τῶν
864 5143 1161 5218 ἀναγκαίων
1201 5148 1560 5222 εὐποροῦντες.
1621 5146 1754 5206 Πλὴν
1789 5165 1906 5200 ανε-

290 5235 437 5295 κτὸν,
469 5235 550 5286 ὅτι
579 5238 654 5306 μὴ
695 5233 829 5286 πολὺ
875 5235 1053 5310 πόρῥω
1110 5245 1205 5299 τῆς
1253 5235 1604 5301 ἀποστολικῆς
1641 5243 1731 5290 καὶ
1772 5243 1910 5312 πρώ-

284 5339 380 5383 της
428 5318 598 5375 ὁδοῠ⁶
651 5326 746 5376 καὶ
802 5331 937 5376 Θεοῦ
993 5321 1232 5386 διδόντος
1280 5333 1445 5399 νεῦμα
1474 5335 1546 5398 τῷ
1587 5328 1720 5400 ὑμᾶς
1765 5326 1911 5389 εὐξα-

287 5415 438 5479 σθαι,
494 5411 536 5464 ὦ
583 5415 752 5490 πάτερ
803 5419 895 5466 καὶ
933 5411 1167 5488 ἀδελφοὶ,
1213 5420 1271 5469 τὸ
1312 5419 1631 5490 ἓπιθυμητὸν
1670 5415 1785 5489 ἐμοὶ
1822 5421 1913 5471 καὶ

291 5510 515 5577 πρᾶγμα
569 5510 663 5557 καὶ
719 5507 903 5576 ὄνομα,
961 5509 1057 5564 τὴν
1099 5510 1326 5579 ποίμνην
1369 5507 1586 5580 ὁρῶμεν,
1643 5505 1913 5579 ἀγαπητὸν

368 5592 442 5666 (5)
482 5593 676 5654 Illiad.
718 5608 803 5664 ιχ,
846 5597 968 5651 52o.

2014 4516 2314 4591 quidquid
2343 4516 2579 4589 passuri
2613 4530 2906 4580 essemus,
2940 4511 3216 4569 conversi
3245 4510 3556 4580 regionem
3576 4525 3673 4569 su.-

2013 4623 2170 4664 mus.
2204 4609 2271 4662 Et
2298 4610 2467 4678 pater
2494 4603 2742 4677 quidem
2767 4602 2884 4662 illic
2912 4600 3205 4660 remansit
3230 4599 3472 4657 interim
3505 4598 3673 4670 apud

2013 4696 2300 4766 exiguum
2326 4695 2654 4751 Alanorum
2677 4707 3026 4759 numerum,
3058 4703 3470 4747 aerumnarum
3490 4701 3675 4747 omne

2015 4801 2204 4858 genus
2245 4785 2466 4854 ferens,
2510 4785 2863 4854 egestatem,
2907 4779 3329 4847 contumelias,
3386 4777 3672 4836 convitia.

2016 4879 2218 4949 Neque
2247 4875 2406 4932 enim
2429 4889 2642 4931 omnes
2663 4872 2912 4945 capiunt
2932 4869 3177 4943 spiritus
3213 4883 3590 4934 sermonem;
3619 4869 3676 4922 et

2015 4967 2169 5023 ﬁunt
2198 4964 2430 5036 iudices
2475 4962 2718 5020 illorum
2766 4962 2874 5034 qui
2910 4957 3249 5032 judicando
3284 4956 3676 5030 potissimum

2019 5061 2160 5114 sunt
2186 5053 2527 5128 prmpositi;
2577 5055 2637 5109 et
2660 5050 2828 5124 quod
2856 5049 3032 5122 pejus
3067 5051 3180 5117 est,
3223 5046 3357 5103 illos
3388 5044 3677 5104 condem-

2016 5149 2182 5203 naut.
2241 5147 2356 5200 Nos
2393 5146 2596 5198 autem
2638 5139 2902 5196 mediam
2930 5137 2995 5194 in
3037 5135 3345 5208 Scythiam
3372 5135 3677 5206 progressi

2020 5251 2252 5301 sumus,
2275 5231 2588 5303 sexaginta
2611 5228 2862 5286 omnino
2878 5226 3112 5284 dierum
3143 5224 3374 5292 itinere,
3400 5223 3679 5282 homines

2019 5339 2340 5398 pauperes,
2373 5326 2429 5378 et
2456 5321 2623 5376 omni
2651 5334 2715 5375 re
2744 5316 3084 5374 necessaria
3115 5314 3404 5371 destituti.
3437 5315 3660 5372 Verum

2021 5419 2226 5472 tamen
2241 5413 2356 5469 hoc
2366 5411 2479 5468 fuit
2495 5407 2828 5476 tolerabile,
2840 5404 3010 5478 quod
3029 5404 3197 5462 haud
3212 5403 3424 5477 procul
3439 5407 3684 5476 apostov

2021 5504 2136 5560 lico
2161 5503 2360 5577 primo
2387 5501 2593 5559 itinere
2618 5498 3008 5566 recessimus;
3042 5498 3284 5570 Deoque
3313 5493 3526 5552 vestris
3547 5509 3680 5567 pre-
