4134 6390
455 295 558 352 399

452 419 622 474 cibus
648 412 966 472 annuente,
1002 421 1038 462 ο
1059 408 1229 478 pater
1254 404 1311 456 et
1332 398 1563 460 fratres,
1595 389 1936 446 desiderata
1958 382 2106 440 mihi
2137 384 2180 435 A

453 507 738 566 sodalitas
754 508 809 560 et
831 513 1074 562 nomen,
1093 508 1337 566 gregem
1348 489 1646 550 videmus,
1661 497 1789 538 rem
1809 477 1956 536 mihi
1972 476 2108 531 cha-

453 597 758 654 rissimam
781 594 972 662 etpraa
987 584 1271 642 omnibus
1285 579 1662 636 aestimatam.
1681 567 1940 636 Quidni?
1962 581 2110 638 quo-

453 686 620 743 niam
636 700 671 738 a
694 685 814 736 Deo
835 656 982 734 mihi
1004 673 1323 731 hieredi'tas
1340 669 1543 729 ista,et
1564 661 1811 735 quidem
1833 656 2107 730 optima'.

531 779 613 829 l2.
658 771 961 826 Hactenus
1001 762 1146 819 mihi
1187 774 1384 815 sermo
1409 753 1579 812 facile
1618 747 1898 816 decurrit,
1929 751 1986 801 et
2023 759 2114 799 or-

457 863 599 919 dine
642 859 829 915 ferme
877 868 990 910 suo
1047 847 1357 924 processit.
1427 845 1650 898 Verum
1706 852 1842 910 quae
1905 847 2112 906 super-

461 954 619 1018 sunt,
671 963 743 1004 ea
799 944 879 1001 ab
925 922 1210 998 alio—dici
1253 934 1486 1001 malim,
1535 931 1666 1001 ipse
1701 929 1904 982 autem
1943 922 2118 978 silen-

461 1041 613 1098 tium
653 1043 853 1093 tenere
887 1051 900 1098 ;
955 1046 1096 1087 nam
1135 1040 1331 1098 neque
1380 1022 1589 1091 lingua
1637 1014 1837 1087 eloqui
1873 1011 2114 1085 patitur,

463 1143 662 1202 neque
728 1139 948 1181 manus
1007 1113 1324 1175 scribendo
1383 1125 1632 1183 operam
1680 1104 1919 1161 facilem
1963 1117 2117 1174 prae-

466 1192 604 1274 bet:
640 1239 661 1266 ι
692 1215 821 1269 Heu
846 1208 1012 1272 mihi,
1038 1206 1183 1278 quia
1207 1201 1502 1258 incolatus
1529 1212 1700 1252 meus
1728 1192 2120 1265 prolongatus

470 1306 636 1365 est’l
676 1327 696 1353 »
751 1309 816 1357 ut
851 1301 912 1355 in
953 1277 1352 1354 exsecrandos
1383 1289 1511 1345 dies
1537 1287 1667 1358 jam
1699 1283 1952 1338 fortasse
1984 1277 2124 1335 inci-

471 1395 759 1461 derimus,
812 1389 874 1444 in
923 1385 1143 1453 quibus
1173 1381 1298 1454 ipse
1325 1391 1570 1450 quoque
1599 1369 1989 1428 Antichristus
2009 1366 2124 1422 for-

473 1489 629 1542 tasse
648 1491 992 1536 emersurus
1016 1477 1120 1528 est.
1145 1472 1172 1524 J
1182 1486 1279 1525 am
1297 1467 1457 1524 enim
1484 1465 1686 1520 fumus
1707 1461 1838 1532 ejus
1857 1454 2126 1514 mordaci

474 1591 587 1631 nos
613 1573 868 1628 humore
900 1562 1168 1632 contigit.
1201 1557 1361 1614 unde
1383 1561 1438 1611 et
1475 1550 1798 1625 lacrymari
1828 1547 2001 1618 ccepi,
2025 1561 2126 1600 ne-

476 1677 592 1737 que
609 1661 756 1716 dum
771 1673 805 1712 a
818 1650 1116 1728 plorando
1134 1643 1690 1712 desino,ausimque
1707 1639 1904 1694 dicere
1921 1650 2130 1691 mene—

1629 262 1982 320 THEODOBI
2023 255 2300 312 ALANLE
2342 249 2652 307 EPISCOPI

3720 235 3830 289 400

2220 378 2334 450 ἐμοὶ
2372 382 2563 450 χρῆμα
2600 375 2684 424 καὶ
2722 370 2918 430 παντὸς
2945 368 3230 438 τιμώμενον
3269 359 3424 412 ἄλλον
3457 375 3469 388 ·
3523 365 3630 418 πῶς
3671 358 3773 430 γάρ
3813 372 3828 424 ;

2220 463 2402 524 ἐπειδὴ
2456 465 2602 538 παρά
2655 467 2786 514 Θεοῦ
2826 457 3146 531 κληρονομία
3201 470 3292 524 μοι
3332 452 3489 514 αῦτη,
3523 451 3598 504 εἴη
3645 443 3704 499 δὲ
3737 449 3834 498 καὶ

2219 560 2503 632 κρατίστη.

2295 733 2373 807 ιβ.
2428 735 2606 802 Μέχρι
2647 730 2736 800 μὲν
2790 723 2876 776 οὗν
2941 723 3136 774 τούτων
3191 713 3444 790 εῦδρομος
3501 711 3562 772 ἦν
3619 714 3746 785 ἡμῖν
3807 710 3837 763 ὁ

2221 825 2392 895 λόγος,
2433 824 2522 872 καί
2559 836 2664 876 πως
2713 814 2972 870 εύτάκτως
3017 811 3325 883 φερόμενος·
3380 807 3446 856 τὰ
3497 799 3548 856 δ’
3603 800 3838 854 ἐντεῦθεν

2227 915 2372 988 ἐτέρφ
2452 907 2638 982 μᾶλλον
2715 903 2998 973 ἐϐουλόμην
3080 898 3345 969 εἰρῆσθαι,
3422 897 3514 945 καὶ
3589 893 3840 963 ἡσυχίαν

2227 1004 2370 1074 ἄγειν
2401 999 2552 1057 αὐτός
2578 1017 2590 1029 ·
2633 996 2749 1046 οὔτε
2776 993 2878 1066 γὰρ
2911 988 3127 1047 ἀνεκτῶς
3154 987 3267 1056 ἔχει
3295 984 3458 1055 λέγειν
3514 983 3541 1039 ἱ)
3588 979 3838 1052 γλῶσσα,

2227 1097 2318 1144 καὶ
2351 1092 2380 1148 ἡ
2425 1092 2537 1160 κεὶρ
2566 1085 2659 1138 οὐκ
2695 1082 2754 1134 ἂν
2786 1082 3117 1154 ὑπηρετῆσαι
3146 1070 3330 1149 ῥᾳδία.
3361 1093 3390 1122 ‹‹
3421 1073 3607 1142 Οοῖμοι
3633 1068 3646 1123 ι
3689 1069 3773 1120 ὅτι
3805 1068 3840 1125 ἡ

2228 1182 2482 1253 παροικία
2532 1194 2631 1248 μου
2683 1169 3000 1244 ἐμακρύνθη,
3051 1183 3082 1218 ›
3137 1166 3207 1224 ὡς
3249 1164 3338 1222 τὰς
3390 1160 3683 1231 ἐπαράτους
3713 1159 3846 1229 ἠμέ-

2231 1289 2326 1346 ρας
2356 1263 2464 1326 ἤδη
2515 1259 2842 1329 καταλαϐεῖν,
2877 1255 2926 1309 ἐν
2975 1255 3059 1315 αἷς
3099 1255 3230 1313 ἴσως
3269 1254 3360 1302 καὶ
3399 1251 3424 1300 6
3469 1248 3850 1321 Ἀντὶχριστος

2233 1358 2628 1432 ἐκραγήσηται·
2684 1344 2792 1408 ἤδη
2834 1349 2935 1418 γὰρ
2995 1341 3244 1413 ὁξέκείνου
3298 1339 3494 1397 καπνὸς
3531 1338 3670 1409 ἡμᾶς
3710 1331 3849 1408 ἕδρα

2235 1447 2390 1522 μυξεν
2421 1465 2432 1478 ·
2483 1442 2567 1515 ὑφ’
2619 1439 2680 1492 οῦ
2726 1441 2817 1489 καὶ
2870 1431 3112 1506 δακρύων
3171 1427 3472 1504 ἀρξάμενος,
3529 1423 3851 1496 ἐπαυσάμην

2237 1533 2464 1600 οὐδέπω,
2509 1536 2599 1584 καὶ
2637 1529 2884 1598 πείθομαι
2911 1522 3072 1594 λέγειν
3099 1514 3222 1572 οὐδὲ
3247 1517 3611 1586 πεπαύσομαι,
3634 1515 3792 1584 Οἶμοι
3831 1511 3846 1565 !

2239 1628 2320 1680 ὅτι
2350 1624 2434 1697 ἀφ’
2456 1625 2602 1695 ἡμῶν
2628 1615 2923 1691 κατήρξατο
2953 1614 3018 1664 τά
3052 1607 3198 1663 δεινά
3225 1628 3236 1640 ·
3271 1609 3361 1658 καὶ
3399 1606 3548 1676 τάχα
3590 1621 3649 1675 γε
3695 1609 3852 1674 πρῶ-

476 1692 592 1737 quc
609 1692 756 1716 uuLu
771 1692 805 1712 α
820 1692 942 1728 γιυι
956 1692 1115 1708 υιμυν
1135 1692 1342 1703 “vva-av
1356 1692 1568 1709 ,πη-η---
1583 1692 1609 1712 Ἰ
1627 1692 1656 1695 _
1670 1692 1686 1694 _
1719 1692 1766 1693 ,,,
1784 1692 1795 1694 _
1823 1692 1826 1693 ,

476 1767 595 1826 que
611 1743 975 1805 desiturum!
1000 1741 1126 1795 Heu
1142 1739 1272 1809 jam
1297 1737 1503 1790 nostra
1517 1729 1677 1787 mala
1693 1728 2062 1799 inceperunt,
2077 1727 2133 1778 et

2244 1737 2321 1770 τον
2361 1717 2485 1786 ἡμῖν
2525 1707 2955 1778 ὑπαναφθήσεται
3005 1703 3095 1750 καὶ
3148 1699 3177 1754 ἡ
3230 1703 3324 1756 τῆς
3366 1692 3602 1764 ἐσχάτης
3643 1708 3855 1763 συμφο-

2283 1813 2304 1821 “
2378 1805 2593 1826 “14---.--
2677 1799 2880 1826 ...υλλῗρ
2936 1787 3354 1826 τἠιηγνηνηιιιηένῇ
3410 1783 3691 1826 ωηυονάνοιε
3723 1802 3735 1813 ⁸
3788 1779 3855 1826 οὗ

477 1816 642 1898 nunc
670 1835 939 1908 primum
958 1830 1211 1886 fortasse
1238 1823 1413 1880 nobis
1435 1816 1911 1876 inﬂammabitur
1930 1827 2136 1885 supre-

480 1945 596 1986 mae
625 1921 979 1982 calamitatis
1007 1918 1242 1984 fornax,
1273 1910 1516 1969 minutis
1542 1921 1835 1964 succensa
1863 1918 2133 1960 sarmen-

481 2017 556 2074 tis
589 2015 602 2070 l
633 2017 840 2071 Nonne
866 2008 1028 2064 enim
1049 2005 1206 2061 illico
1237 2001 1483 2058 arbores
1514 1994 1811 2068 corripiet,
1845 1992 2134 2065 quoniam

482 2103 876 2162 sinceriorum
903 2109 1146 2170 quoque
1177 2091 1360 2148 ﬁdem
1393 2088 1648 2144 Satanas
1673 2082 1998 2139 subvertit?
2016 2083 2138 2136 Heu

484 2193 653 2262 mihi,
675 2190 824 2263 quia
840 2185 983 2244 facti
999 2199 1210 2240 sumus
1235 2178 1410 2253 quasi
1435 2177 1495 2232 in
1515 2173 1830 2248 principio,
1856 2186 1993 2226 cum
2014 2184 2138 2225 non

485 2259 886 2339 dominareris
922 2272 1133 2340 nostri,
1178 2268 1321 2325 dicit
1367 2267 1672 2336 Scriptura
1699 2263 1758 2316 ιι
1802 2262 1929 2316 Heu
1969 2259 2137 2328 mihi,

486 2371 629 2444 quia
642 2363 1230 2440 superfundamento
1248 2354 1663 2428 apostolorum
1681 2350 1869 2423 paleae
1892 2355 1945 2404 et
1964 2362 2140 2404 arun-

487 2436 566 2516 do
583 2436 893 2514 aedificatae
916 2455 1071 2515 sunt,
1090 2454 1146 2505 et
1169 2447 1293 2518 igni
1327 2443 1527 2500 statim
1549 2444 1922 2511 consumptae
1940 2437 2103 2493 fuere
2123 2436 2137 2491 l

487 2552 531 2607 Ο
563 2547 700 2621 quis
730 2546 826 2601 hic
847 2539 1269 2613 gemebundus
1295 2535 1592 2608 propheta
1616 2546 1729 2587 nos
1755 2527 1973 2584 deﬂeat
1990 2529 2144 2582 sicut

486 2639 630 2697 olim
659 2633 986 2692 Jerusalem
1017 2631 1028 2685 !
1069 2631 1229 2684 Certe
1259 2641 1370 2681 nec
1399 2638 1532 2694 ego,
1563 2637 1599 2676 ο
1629 2635 1733 2676 vos
1761 2618 1865 2690 qui
1897 2617 2137 2686 adestis,

485 2742 685 2800 neque
711 2738 908 2780 sermo
928 2735 1098 2775 meus
1121 2716 1384 2773 mendax
1406 2716 1522 2778 est;
1556 2725 1701 2776 non,
1729 2708 2012 2780 inquam;
2037 2720 2144 2776 per

485 2817 796 2874 fornacem
839 2810 997 2866 hanc
1034 2807 1172 2878 juro
1218 2799 1578 2860 calamitatis
1626 2811 1810 2868 quam
1851 2793 2054 2850 media
2077 2793 2142 2848 in

485 2905 697 2962 anima
722 2898 941 2972 recepi.

561 2998 646 3050 t3.
695 2991 786 3047 Ad
822 2971 978 3045 hanc
1007 2987 1241 3057 partem
1281 2976 1574 3036 sermonis
1604 2990 1743 3030 cum
1777 2971 2143 3038 devenerim,

2240 1813 2336 1881 ρᾶς
2376 1805 2614 1874 κάμινος,
2673 1799 2881 1869 μικροῖς
2936 1787 3354 1858 ύπανακαιομένη
3410 1783 3692 1857 φρυγάνοις
3723 1802 3735 1813 ·
3788 1783 3856 1831 οὗ

2241 1868 2340 1970 γὰρ
2371 1868 2618 1949 διν-εὐθύς
2655 1868 3024 1954 τῶνγδένδρων
3065 1875 3335 1949 ἓφάψοιτο,
3390 1868 3571 1930 ἐπειδὴ
3621 1875 3711 1922 καὶ
3750 1877 3858 1922 τῶν

2243 1983 2584 2056 ἀφελεστέρων
2625 1979 2717 2034 τὴν
2756 1975 2935 2025 πίστιν
2993 1963 3325 2026 ὑποσκελίζει
3381 1963 3407 2013 6
3456 1965 3702 2020 Σατανᾶς.
3763 1957 3860 2010 Οἰ-

2246 2072 2375 2148 μοιὲ
2426 2071 2508 2123 ὅτι
2544 2064 2854 2137 ἐγενήθημεν
2899 2061 2967 2119 ὡς
3006 2058 3064 2108 τὸ
3104 2054 3192 2106 ἀπ’
3235 2051 3429 2126 ἀρχῆς,
3462 2053 3544 2102 ὅτε
3569 2048 3663 2101 οῦκ
3689 2045 3860 2121 ἧρξας

2246 2167 2413 2236 ἡμῶν,
2463 2160 2622 2230 φησὶν
2674 2153 2704 2210 ἡ
2749 2151 2946 2224 Γραφὴ.
2997 2142 3191 2216 Οῖμοιῑ
3244 2142 3325 2193 ὃτι
3377 2139 3464 2192 ἐπὶ
3515 2145 3586 2209 τῷ
3638 2136 3860 2209 θεμελίῳ

2246 2262 2343 2306 τῶν
2405 2243 2705 2302 ἀποστόλων
2772 2241 2957 2311 ἄχυρα
3019 2239 3109 2287 καὶ
3173 2230 3381 2303 καλάμη
3453 2223 3854 2299 ἐπῳκοδόμητο,

2248 2346 2338 2395 καὶ
2375 2347 2447 2410 τῷ
2475 2339 2604 2411 πυρὶ
2644 2331 2792 2391 εὐθὺς
2825 2327 2892 2387 εἰς
2931 2320 3154 2398 φροῦδον
3193 2319 3409 2392 ἐγένετο.
3456 2317 3527 2369 ’Ὠ
3563 2319 3644 2377 τῖς
3675 2314 3859 2367 ἐνταῦ-

2251 2434 2316 2483 θα
2365 2425 2679 2500 θρηνητικός
2724 2421 2996 2492 προφήτης
3044 2416 3132 2464 καὶ
3160 2405 3479 2481 ἀπωδύρατο
3521 2406 3580 2457 ἂν
3621 2407 3760 2478 ἡμᾶς
3791 2407 3861 2466 ὡς

2248 2524 2342 2578 τὴν
2391 2507 2769 2587 Ἰερουσαλήμῐ
2828 2506 2917 2567 Ὠς
2981 2505 3162 2573 ἔγωγε,
3222 2495 3261 2549 ὦ
3317 2501 3585 2571 παρόντες,
3647 2499 3738 2546 καὶ
3793 2493 3855 2544 οῦ

2247 2603 2454 2680 ψευδὴς
2492 2603 2534 2655 ό
2564 2601 2738 2672 λόγος,
2781 2595 2838 2648 ού
2881 2596 2954 2666 μά
2992 2595 3084 2650 τὴν
3112 2591 3329 2661 κάμινον
3367 2594 3460 2647 τῆς
3492 2589 3764 2658 συμφορᾶς
3792 2583 3856 2639 ἣν

2250 2695 2507 2768 ἐδεξάμην
2533 2692 2667 2742 κατά
2696 2691 2857 2762 μέσης
2886 2683 3046 2754 φρ.χῆ
3061 2700 3100 2741 ς.

2327 2962 2414 3036 ιγ’.
2463 2957 2717 3015 Ἐνταῦθα
2762 2960 2856 3006 τοῦ
2903 2949 3060 3020 λόγου
3101 2948 3386 3019 γενόμενος,
3418 2946 3568 3015 μόνον
3609 2935 3860 3014 δακρύειν

564 3032 646 3050 ιυ.
695 3032 786 3047 ιη.
824 3032 978 3045 ......-
1009 3032 1241 3057 ιη----
2130 3032 2134 3037 _

487 3085 567 3142 ad
579 3076 1052 3153 lacrymandum
1071 3075 1304 3129 tantum
1321 3079 1700 3141 permoveor,
1717 3067 1774 3120 et
1793 3061 1995 3118 dolore
2015 3074 2134 3133 per-

2252 3058 2662 3128 παρακινοῦμαι,
2708 3047 2797 3096 καὶ
2849 3042 2950 3093 ὑπό
3007 3044 3099 3091 τοῦ
3138 3036 3340 3096 πάθους
3380 3033 3742 3102 συγκέχυμαι,
3769 3032 3864 3079 καὶ

2295 3144 2306 3153 ·
2395 3144 2414 3153 ··
2587 3142 2597 3153 ’
2714 3138 2723 3150 ο
2935 3132 3020 3153 ---Α
3079 3128 3215 3153 2—-.-
3251 3132 3320 3153 -.-.
3377 3118 3673 3153 ,τμημλωρι
3723 3122 3862 3153 ιιιΑῆ-

485 3171 718 3235 turbor,
749 3182 860 3223 nec
889 3163 994 3236 qui
1025 3163 1284 3232 sim,nec
1315 3155 1478 3229 quali
1503 3153 1846 3210 narratione
1868 3155 2019 3215 utar,
2048 3166 2143 3206 ex-

488 3261 684 3334 plico:
719 3253 911 3310 sentio
942 3255 1142 3308 autem
1167 3263 1264 3302 me
1292 3243 1534 3302 nonnisi
1567 3242 1818 3313 abrupte
1849 3256 1976 3296 rem
2005 3255 2144 3295 nar-

487 3351 784 3406 raturum.
807 3344 950 3397 Sum
983 3338 1143 3394 enim
1174 3351 1297 3392 non
1323 3331 1704 3390 mediocriter
1726 3329 2139 3396 conturbatus,

488 3451 689 3510 neque
723 3438 863 3506 pote
893 3434 1000 3498 est,
1032 3431 1097 3484 ut
1123 3441 1294 3481 mens
1326 3423 1593 3480 animam
1632 3424 1830 3491 regat:
1880 3441 1909 3468 «
1953 3422 2145 3474 Pasto-

487 3509 605 3595 res,
617 3524 815 3597 inquit
830 3519 1152 3591 Scriptura,
1167 3513 1433 3571 demoliti
1456 3515 1595 3567 sunt
1609 3510 1840 3565 vineam
1856 3509 2102 3565 meam5.
2115 3531 2142 3558 »

491 3620 660 3673 Nunc
681 3617 883 3671 autem
913 3607 1425 3682 pseudopastores
1443 3598 1904 3656 desiderabilem
1933 3598 2144 3654 Christi

490 3703 830 3778 portionem
881 3693 1214 3767 ignominia
1262 3690 1607 3747 affecerunt.
1677 3691 1876 3759 Neque
1932 3685 2144 3742 dubito

490 3793 812 3855 afﬁrmare,
845 3785 1010 3860 quod
1041 3784 1101 3839 in
1125 3780 1377 3838 desertis
1410 3783 1467 3835 et
1505 3776 1845 3834 carentibus
1874 3775 2014 3830 viva
2042 3774 2144 3830 do-

489 3881 694 3940 ctrinae
723 3892 884 3951 aqua
911 3874 1079 3943 locis,
1112 3876 1167 3926 et
1190 3868 1296 3943 qui
1329 3872 1501 3924 erant
1545 3865 1820 3939 impervii
1851 3862 2145 3935 evangeli-

489 3970 754 4029 zantium
770 3964 1058 4039 speciosis
1081 3958 1362 4034 pedibus,
1383 3972 1524 4013 rosa
1543 3955 1682 4011 ﬁdei
1709 3952 2141 4020 efﬂorescebat,

490 4075 566 4117 ex
600 4057 804 4114 radice
850 4051 1061 4125 primas
1096 4049 1194 4104 vix
1235 4044 1683 4120 praedicationis
1727 4044 1981 4098 humore
2019 4041 2144 4096 irri-

492 4151 654 4218 gata'.
687 4143 853 4200 Unde
871 4145 928 4197 et
954 4155 1062 4195 nos
1085 4138 1338 4194 forsitan
1362 4135 1440 4192 ad
1461 4135 1588 4207 ejus
1609 4147 1879 4190 amorem
1911 4129 2142 4186 ascensi

491 4234 743 4301 fuimus,
789 4235 856 4286 ut
905 4229 1174 4299 ignotam
1219 4225 1521 4299 plerisque
1576 4238 1704 4279 rem
1751 4219 2029 4286 revelem,
2089 4223 2146 4275 et

491 4327 944 4381 controversam
969 4318 1150 4388 hujus
1182 4331 1329 4372 meae
1359 4309 1856 4387 peregrinationis
1891 4324 2141 4364 causam

489 4413 761 4488 aperiam
787 4428 800 4466 :
833 4425 1050 4482 nempe
1081 4412 1146 4464 ut
1174 4421 1380 4462 arvum
1424 4405 1784 4474 inaquosum
1828 4399 1890 4455 in
1919 4398 2139 4454 sudore
2169 4444 2212 4498 Β

487 4504 688 4562 vultus
726 4501 1004 4570 colerem,
1049 4503 1107 4555 et
1158 4513 1366 4554 rursus
1414 4499 1640 4551 struere
1681 4492 1817 4547 vitm
1869 4489 2138 4546 culmum

485 4609 752 4669 possem,
777 4593 874 4647 vel
905 4589 1168 4663 antiquae
1199 4582 1628 4642 damnationis.
1659 4581 1864 4653 Utique
1899 4579 1958 4635 id
1983 4583 2139 4636 Deus

486 4681 804 4742 concedat!
831 4682 877 4734 si
899 4677 1083 4736 modo
1097 4673 1264 4732 haud
1281 4671 1536 4728 remisso
1554 4669 1760 4725 animo
1783 4683 1988 4724 curam
2014 4684 2142 4723 sus-

483 4773 642 4848 cepti
651 4770 918 4830 muneris
932 4766 1318 4840 arripuimus,
1332 4759 1439 4817 zeli
1453 4761 1745 4814 ﬂamman
1757 4757 2112 4813 suscitantes
2123 4799 2138 4813 .

553 4953 645 5008 14.
695 4948 874 5006 Multa
917 4961 1056 5003 vero
1098 4948 1341 5012 tempus
1386 4936 1599 5004 attulit,
1655 4951 1790 5008 quae
1833 4952 1943 4992 nec
1996 4952 2139 4992 enu-

480 5055 714 5098 merare
760 5036 898 5111 quis
952 5032 1125 5090 facile
1163 5032 1365 5103 queat.
1425 5026 1626 5084 Solent
1671 5025 1830 5081 enim
1869 5030 2138 5098 tempore

477 5145 683 5186 rerum
706 5127 870 5184 vices
893 5136 1131 5193 semper
1148 5118 1453 5181 innovari;
1487 5119 1592 5170 sed
1610 5131 1740 5170 rem
1769 5113 1906 5171 huic
1929 5131 2136 5187 parem

475 5230 798 5290 nunquam
823 5209 1060 5268 obtulit.
1085 5211 1167 5264 Ex
1190 5221 1502 5277 anonyma
1523 5204 1793 5277 quadam
1822 5205 2064 5275 regione
2081 5209 2140 5261 et

475 5323 585 5381 per
611 5305 874 5362 hiemem
900 5314 1164 5368 caenosa,
1187 5294 1551 5352 inﬁdelitatis
1582 5293 1863 5366 ignobilis
1883 5294 2134 5367 quidam

477 5393 723 5466 spiritus
752 5391 1115 5458 commotus,
1141 5387 1257 5442 hoc
1282 5383 1650 5457 populorum
1680 5399 1847 5440 mare
1887 5391 2134 5440 contur-

1618 5562 1642 5599 ⁴
1672 5560 1786 5620 lsa.
1827 5577 1988 5631 LXIII,
2033 5565 2122 5617 l9.

549 5570 573 5606 ³
614 5565 767 5626 Psal.
801 5582 894 5632 xv.
925 5570 977 5624 6.
1056 5565 1080 5602 ³
1116 5562 1270 5624 Psal.
1303 5579 1454 5636 cmx,
1488 5567 1541 5621 5.

2252 3144 2346 3196 οῦκ
2389 3144 2498 3213 ἔχω
2545 3142 2621 3197 τίς
2666 3138 2892 3207 γένωμαι
2935 3132 3024 3180 καὶ
3076 3128 3215 3186 ὅπως
3251 3132 3321 3194 τῷ
3376 3118 3676 3192 διηγήματι
3720 3122 3862 3190 χρή-

2257 3251 2430 3305 σωμαι
2454 3251 2466 3263 ·
2499 3231 2590 3280 καὶ
2639 3220 2762 3276 οἶδα
2792 3224 2859 3282 ὡς
2903 3214 3244 3290 ἀδιάρθρωτά
3282 3231 3368 3285 μοι
3397 3213 3463 3262 τὰ
3490 3215 3579 3261 τοῦ
3610 3209 3860 3280 πράγμα-

2251 3343 2336 3382 τος
2372 3319 2728 3376 λαληθήσεται
2753 3329 2764 3341 ·
2800 3313 2908 3381 ἔχω
2955 3310 3056 3381 γάρ
3089 3304 3148 3357 οῦ
3187 3307 3274 3356 τὸν
3312 3305 3545 3372 τυχόντα
3593 3295 3809 3371 θόρυϐον
3840 3317 3855 3329 ο

2253 3407 2370 3464 οὐδ’
2401 3408 2448 3461 ἐν
2481 3409 2587 3478 ὅσῷ
2608 3401 2869 3474 κυϐερνῲη
2903 3399 2929 3449 6
2959 3403 3073 3456 νοῦς
3101 3397 3196 3452 τὴν
3220 3391 3429 3463 ψυχήν.
3461 3410 3489 3438 (ι
3523 3390 3783 3459 Ποιμένες,
3834 3408 3856 3434 ι

2254 3504 2406 3574 φησὶ,
2440 3520 2460 3546 ι
2495 3470 2790 3567 διέφθειράν
2810 3470 2922 3560 μου
2950 3490 3042 3543 τὴν
3073 3480 3300 3556 ἄμπελον
3323 3501 3335 3513 ·
3377 3501 3398 3528 ι
3431 3481 3542 3530 νυνὶ
3571 3471 3629 3528 δὲ
3657 3470 3861 3546 ψευδο-

2252 3593 2488 3662 ποιμένες
2525 3589 2619 3643 τὴν
2671 3580 2997 3650 ἐπιθυμητὴν
3053 3577 3287 3648 Χριστοῦ
3335 3563 3531 3642 μερίδα
3570 3568 3856 3636 κατῄσχη-

2251 3699 2358 3731 ναν.
2421 3681 2522 3730 Καὶ
2574 3672 2666 3725 οὐκ
2723 3668 2783 3721 ἂν
2833 3666 3118 3734 ὀκνήσαιμι
3163 3661 3325 3731 λέγειν
3379 3659 3460 3709 ὅτι
3512 3655 3562 3707 ἐν
3624 3651 3856 3725 ἐρήμοι;

2251 3774 2341 3822 καὶ
2391 3761 2640 3837 ἀνύδροις
2703 3762 2884 3816 τόποις
2931 3761 3023 3806 τοῦ
3090 3758 3181 3810 τῆς
3239 3743 3597 3804 διδασκαλίας
3660 3737 3865 3802 ὕδατος

2255 3861 2465 3924 ζῶντος,
2551 3856 2642 3905 καὶ
2725 3847 2937 3906 ἀϐάτοις
3021 3847 3131 3902 τοῖς
3203 3846 3305 3890 τῶν
3388 3832 3864 3906 εὐαγγελιζομένων

2253 3952 2455 4022 ὡραίοις
2511 3945 2658 4009 ποσί,
2717 3941 2774 3990 τὸ
2823 3931 2978 4010 ῥόδον
3035 3931 3179 3989 ἤνθει
3239 3935 3336 3988 τῆς
3399 3928 3642 3987 πίστεως,
3705 3925 3864 3992 μόνον

3297 4017 3305 4022 .
3577 4009 3589 4022 ,
3651 4005 3674 4022 ,,
3749 4014 3758 4022 ,

2252 4040 2352 4091 ὑπό
2406 4044 2501 4094 τῆς
2554 4029 2705 4106 ῥίζης
2764 4031 2856 4079 τοῦ
2913 4026 3120 4096 πρώτου
3177 4017 3514 4090 κηρύγματος
3568 4005 3867 4083 ἀρδευόμε-

2251 4148 2371 4180 νον·
2413 4123 2496 4197 ὑφ’
2550 4116 2609 4173 οὗ
2657 4119 2805 4188 τάχα
2849 4117 2938 4165 καὶ
2980 4113 3131 4182 ἡμεῖς
3185 4108 3314 4180 πρὸς
3363 4105 3530 4177 ἔρωτα
3575 4097 3865 4155 ἀνεκαύθη-

2252 4237 2361 4290 μεν9
2419 4215 2502 4265 ἱνα
2554 4212 2611 4262 τὸ
2659 4203 2863 4263 πολλοῖς
2929 4197 3222 4273 ἀπόρρητον
3273 4188 3573 4260 ἐκκαλύψω,
3615 4190 3708 4239 καὶ
3763 4189 3862 4243 τὴν

3141 4283 3152 4290 -
3414 4281 3425 4290 ι
3604 4274 3616 4290 ρ
3670 4272 3692 4290 ιι
3783 4278 3794 4290 .

2253 4303 2642 4374 ἀντιλεγομένην
2718 4293 2890 4346 αἰτίαν
2964 4272 3072 4348 τῆς
3134 4283 3262 4358 ἐμῆς
3335 4281 3531 4338 ταύτης
3597 4272 3865 4346 ἐκδημίας

2252 4389 2638 4452 ὑπαναπτύξωσ
2705 4383 2748 4436 εἰ
2813 4379 3170 4454 φυτηκομοίην
3226 4376 3477 4445 γεώργιον
3530 4361 3755 4435 ἄνυδρον
3804 4361 3861 4413 ἐν

2255 4481 2440 4559 ἱδρῶτι
2467 4483 2776 4555 προσώπου,
2804 4475 2892 4524 καὶ
2923 4476 3017 4530 τῆς
3049 4466 3190 4527 ζωῆς
3233 4456 3635 4529 ἓκκαλαμᾶσθαι
3664 4448 3859 4504 δυναί-

2313 4543 2322 4559 Ι
2508 4543 2516 4555 l

2250 4595 2353 4649 μην
2404 4575 2491 4625 τὸν
2548 4570 2791 4638 ἄσταχυν
2845 4556 3086 4634 ἔμπαλιν,
3131 4553 3158 4611 ἦ
3203 4553 3261 4602 τὸ
3296 4555 3386 4607 τῆς
3435 4543 3658 4602 παλαιάς
3696 4559 3865 4592 κατα-

2973 4646 2981 4649 “
3133 4642 3144 4649 ·
3266 4643 3275 4649 ι
3364 4645 3384 4649 -
3562 4634 3585 4649 Α
3677 4635 3686 4646 1
3804 4648 3810 4649 7
3843 4629 3859 4645 ν

2250 4629 2260 4649 Ι
2311 4629 2319 4633 “
2687 4629 2729 4638 ιν
2870 4629 2879 4634 .

2248 4669 2488 4738 κρίσεως.
2535 4664 2668 4713 Θεοῦ
2727 4651 2786 4707 δὲ
2836 4654 2912 4708 εἴη
2960 4646 3043 4710 ἂν,
3103 4642 3147 4696 εἰ
3194 4643 3285 4692 καὶ
3323 4645 3414 4697 τῆς
3451 4634 3752 4709 προθυμίας
3795 4629 3863 4681 οὐ

2932 4737 2937 4738 ,
3207 4730 3260 4738 __
3455 4731 3467 4738 .
3542 4720 3553 4736 ,
3717 4717 3751 4738 ἢ

2283 4717 2291 4738 ,
2453 4717 2466 4723 -

2250 4752 2483 4825 δεύτεροι
2537 4747 2875 4816 ἀπαντῲημεν
2924 4737 2972 4790 ἒν
3029 4742 3091 4806 τῇ
3143 4730 3325 4804 μελέτη
3385 4731 3476 4778 τοῦ
3534 4717 3868 4792 ἐπαγγελμα-

2247 4864 2357 4912 τος,
2382 4844 2438 4894 τό
2459 4845 2561 4910 πῦρ
2596 4834 2755 4897 ζήλου
2788 4829 3217 4884 ὑπανακαίοντες.

2321 4928 2410 4986 ιδ’.
2450 4928 2668 4999 ³Ἠνεγκε
2697 4925 2785 4996 μὲν
2817 4915 2904 4973 οὖν
2944 4918 2969 4969 6
3000 4916 3188 4988 χρόνος
3229 4903 3415 4968 πολλὰ,
3463 4904 3555 4953 καὶ
3596 4899 3698 4950 ὅσα
3765 4915 3866 4971 περ

2248 5018 2360 5076 οὐδ’
2413 5019 2473 5071 ἂν
2517 5014 2814 5091 ἀριθμῆσαί
2869 5027 2950 5069 τις
2995 5006 3114 5076 ἔχοι
3169 4999 3293 5074 ῥᾷον
3329 5016 3341 5029 ·
3392 4993 3720 5061 καινοτομεῖν
3757 4988 3868 5058 γὰρ

2247 5112 2395 5171 οὗτος
2425 5103 2536 5162 οἶδε
2574 5106 2642 5156 τὰ
2665 5104 2950 5177 πράγματα
2972 5111 2984 5125 ο
3037 5097 3176 5144 τοῖον
3223 5083 3284 5139 δε
3337 5078 3586 5136 οὐδέποτε
3623 5080 3864 5146 ἤνεγκεν,

3406 5171 3420 5177 -
3563 5172 3570 5177 -
3599 5161 3621 5177 α
3833 5171 3857 5177 ..

2253 5161 2394 5171 ""'
2705 5161 2714 5177 ι
2782 5161 2819 5172 ν.

2248 5201 2334 5264 Ἐξ
2395 5197 2663 5267 ἀνωνύμου
2729 5194 2909 5262 χώρου
2980 5183 3132 5237 ποθεν
3197 5179 3288 5228 καὶ
3351 5161 3712 5242 τελματώδους
3787 5171 3866 5234 τῷ

2246 5298 2470 5365 χειμῶνι
2515 5293 2606 5345 τῆς
2664 5281 2911 5338 ἀπιστίας
2961 5272 3160 5345 ἀγεννές
3218 5286 3270 5318 τι
3312 5268 3516 5332 πνεῦμα
3553 5254 3862 5325 ἐκτιναχθεν

2246 5344 2288 5365 Ν
2338 5345 2348 5362 Δ
3005 5344 3009 5345 ,

2243 5385 2336 5439 τήν
2371 5386 2470 5430 τῶν
2519 5375 2676 5426 ἐθνῶν
2723 5370 2917 5424 ταύτην
2959 5355 3234 5434 διετάραξε
3283 5350 3575 5413 θάλασσαν,
3633 5346 3724 5394 καὶ
3768 5344 3863 5397 την

2316 5558 2338 5593 ⁵
2375 5559 2589 5614 Jerem.
2627 5564 2723 5620 xu,
2767 5546 2858 5603 lO.
