4134 6390
290 377 405 435 404
1786 370 1825 424 Α
1839 366 1922 425 LA

2055 367 2168 426 LUS.
3582 371 3687 428 402

296 495 511 555 ὁλκάδα
555 504 656 559 τῆς
713 495 1056 563 Ἐκκλησίας,
1117 494 1176 546 οὗ
1225 497 1325 570 υάρ
1377 496 1403 547 6
1454 499 1799 568 κγερνὼμενος
1837 489 1919 558 ἦν,

2052 493 2223 560 bavit,
2256 495 2311 547 et
2341 490 2612 546 Ecclesiae
2629 491 2856 553 navim,
2911 491 3311 562 gubernatore
3357 496 3684 562 carentem,

304 575 397 642 ἐπὶ
459 593 677 662 μικραῖς
731 583 908 636 ἐλπίσι
972 583 1292 637 σαλεύουσαν
1349 581 1456 642 ἤδη
1513 589 1602 636 καὶ
1661 583 1730 645 εἰς
1763 581 1925 655 βυθόν

2064 599 2161 637 am
2183 581 2299 637 levi
2329 597 2467 636 cum
2489 595 2594 652 spe
2651 581 3082 652 periclitantem
3137 583 3196 638 in
3249 583 3686 655 desperationis

307 682 620 749 κατήνεγκεν
681 672 1056 745 ἀπογνώσεως.
1108 674 1228 746 Ἰοὺ,
1276 673 1396 726 ἰούξ
1465 673 1641 732 ἡλίκον
1693 677 1755 729 τη
1816 671 1927 724 τόλ-

2047 671 2327 745 abyssum
2358 670 2632 740 conjecit.
2660 669 2818 725 Heu!
2863 669 3019 726 heu!
3063 676 3361 743 quantum
3416 671 3679 728 facinus!

310 767 502 840 μημαῐ
563 771 675 824 Πῶς
707 765 769 816 ἄν
804 762 924 836 ἐμοὶ
953 767 1043 815 καὶ
1085 768 1360 835 γενήσεται
1407 762 1618 835 ἔκφορον
1669 766 1922 834 πρᾶφμα;

2052 760 2353 826 )uomodo
2373 776 2501 816 rcm
2524 775 2804 815 enarrare
2830 776 3052 832 queam
3069 762 3095 816 ?
3119 763 3314 817 Sentio
3335 761 3494 816 enim
3520 777 3684 833 pror-

317 853 444 910 Οἶδ⁹
503 859 582 906 ὅτι
629 855 836 913 πειθοῦς
877 851 1093 925 ἁπάσμς
1143 850 1368 914 ἀνάξιον·
1424 847 1563 922 Εἶχε
1607 854 1698 922 μεν
1735 851 1765 908 ἡ
1828 857 1925 900 τῶν

2051 867 2138 906 ωε
2186 866 2315 908 esse
2357 849 2788 908 incredibilem.
2856 853 2990 906 Erat
3041 851 3287 924 quidem
3356 851 3683 907 Alanorum

319 945 546 997 Ἀλάνῶν
593 942 848 1000 ἐκκλησία
895 949 987 1002 τῆς
1042 941 1264 1014 κεφαλῆς
1319 944 1408 992 τόν
1460 944 1656 1013 κόσμον
1709 938 1925 1012 ἀφαιρε-

2051 939 2285 996 ecclesia
2333 939 2544 1012 capitis
2599 938 2829 994 honore
2863 939 3142 1011 spoliata,
3171 955 3362 1010 sacro,
3412 940 3683 1012 inquam,

311 1035 490 1102 θεῖσα,
547 1037 632 1084 τόν
679 1034 813 1102 ἱερὸν
878 1029 1068 1083 ἐκεῖνον
1118 1029 1251 1102 λέγω
1303 1033 1525 1102 ποιμένα
1553 1032 1758 1081 καὶτὸν
1789 1029 1929 1079 άπό-

2049 1033 2274 1100 pastore
2305 1028 2425 1100 illo,
2450 1029 2556 1100 qui
2583 1028 2831 1084 minime
2873 1028 3272 1085 mentiebatur
3296 1029 3645 1101 apostolum
3669 1048 3681 1084 :

316 1122 503 1176 στολον
521 1126 594 1194 μὴ
626 1121 972 1192 ψευσάμενον
1025 1120 1185 1172 αὑτοῦ
1235 1122 1337 1195 γὰρ
1380 1119 1625 1172 καταλύει
1675 1121 1762 1170 τὸν
1812 1115 1928 1190 βίον

2051 1116 2153 1172 .llic
2178 1117 2339 1172 enim
2361 1117 2410 1172 is
2440 1118 2626 1173 vitam
2647 1116 2857 1184 ﬁnivit,
2889 1117 3173 1190 praeclare
3195 1117 3436 1173 functus
3465 1116 3683 1173 officio.

309 1208 647 1272 διακονήσας
692 1209 861 1270 καλῶς
888 1206 1000 1282 εἶχε
1031 1205 1090 1262 δὲ
1119 1215 1209 1261 καὶ
1235 1211 1260 1260 6
1292 1217 1382 1270 τῆς
1436 1213 1624 1270 κακίας
1677 1205 1928 1280 πρόϐολος

2057 1209 2174 1263 Erat
2203 1207 2382 1263 etiam
2410 1207 2661 1279 quidam
2695 1207 2972 1278 nequitim
2995 1212 3314 1280 protector.
3367 1207 3689 1280 impudens

296 1307 516 1372 γυμυῇ,
551 1301 578 1350 6
611 1295 679 1357 δὴ
707 1297 936 1369 λέγεται,
999 1297 1190 1370 κεφαλῇ
1240 1301 1326 1349 τὸν
1357 1298 1474 1350 κατ’
1514 1297 1676 1355 αὐτὴν
1737 1295 1926 1367 ἀπερυ-

2059 1295 2226 1365 iudc,
2258 1301 2322 1350 ut
2351 1296 2539 1364 aiunt,
2564 1295 2757 1366 capite
2787 1310 2896 1366 pro
2930 1295 3026 1351 illa
3074 1295 3300 1350 bellum
3333 1311 3567 1366 gerens.
3626 1299 3691 1351 Et

300 1391 562 1462 Θρειάσας
630 1386 818 1458 ἀγῶνά
847 1391 936 1439 καὶ
973 1388 1060 1438 οἵα
1095 1389 1163 1438 τά
1206 1385 1398 1439 ἐκείνου
1443 1391 1808 1459 μηχανήματα
1838 1389 1927 1436 καὶ

2059 1401 2172 1456 {uae
2203 1384 2330 1454 ejus
2348 1383 2599 1440 artiﬁcia
2629 1388 2685 1439 et
2709 1385 3006 1440 machinae
3037 1401 3168 1440 esse
3231 1384 3444 1454 solent,
3499 1384 3691 1441 avari-

300 1477 683 1552 προϐλάματα,
748 1480 843 1534 τήν
893 1475 1283 1552 φιλοχρήματον
1357 1475 1556 1528 λύσσαν
1618 1476 1928 1526 ὑπανακαίει

2063 1473 2131 1529 iac
2181 1473 2410 1529 rabiem
2453 1473 2762 1529 succendit
2818 1473 3251 1529 nonnullorum
3293 1473 3692 1530 ministerium

297 1572 406 1626 τήν
433 1586 534 1619 τινι
583 1569 716 1638 πρὸς
747 1566 1042 1638 ὑπουργίαν
1082 1568 1255 1637 ἐκείνῳ
1298 1561 1634 1629 ἐπιτηδείων,
1689 1567 1784 1622 τὴν
1834 1569 1925 1614 τοῦ

2060 1563 2119 1618 lli
2172 1562 2589 1635 praebentium,
2645 1563 2835 1634 gentis
2897 1562 3342 1634 simplicitatem
3394 1562 3692 1634 imprimis

301 1659 492 1718 ἔθνους
535 1654 772 1728 ἀφέλειαν
830 1651 1164 1728 προδεικνὺς,
1222 1660 1314 1707 καὶ
1361 1658 1420 1706 1'6
1475 1651 1783 1728 δυσπραγες
1832 1659 1923 1704 τοῦ

2059 1651 2441 1718 )rzetendens,
2493 1656 2550 1706 et
2589 1651 2878 1724 temporis
2932 1651 3372 1721 difﬁcultatem,
3428 1655 3486 1708 et
3523 1650 3691 1724 quod

299 1753 525 1818 καιροῦ,
559 1750 652 1797 καὶ
682 1746 763 1797 ὅτι
819 1748 942 1806 τοὺς
996 1743 1238 1805 Ἀλανοὺς
1281 1743 1431 1806 εὐθὺς
1485 1741 1788 1816 ὑποσυροιέ
1841 1743 1922 1793 οἷν.

1539 1741 1788 1816 rea-opm“
1841 1743 1922 1793 οἷν.
2039 1741 2369 1797 Alanorum
2395 1755 2542 1810 gens
2570 1740 2740 1796 facile
2767 1740 3171 1796 seduceretur.

391 1835 469 1889 εί.
527 1833 626 1886 Ἦν
709 1836 815 1908 γὰρ
872 1832 1047 1894 αὐτοῖς
1093 1833 1188 1886 οὐκ
1240 1832 1435 1905 ἀφανὴς
1483 1834 1508 1884 6
1567 1831 1716 1906 ἀνὴρ,
1777 1831 2002 1902 ἐῃυςυ

2111 1831 2198 1886 15.
2231 1833 2364 1886 Erat
2388 1830 2615 1902 quippe
2648 1829 2813 1901 apud
2844 1845 2947 1885 eos
2973 1829 3160 1885 homo
3190 1829 3516 1902 praedictus
3570 1845 3694 1886 non

311 1931 415 1977 τοῦ
467 1928 648 1996 γένους
693 1924 832 1994 ἔχων
881 1925 1009 1995 πρὸς
1064 1925 1158 1980 τὸη
1211 1926 1433 1994 ποιμένα
1493 1921 1699 1976 ἐκεῖνον.
1761 1916 1926 1982 Οὗτος

2064 1919 2335 1975 ὠεοιιιύε
2363 1934 2601 1990 genere,
2651 1921 2959 1990 pastorem
3001 1918 3170 1974 illum
3220 1918 3538 1990 attingens.
3590 1919 3696 1976 Hic

314 2016 603 2066 σκέπτετ-αι
635 2011 832 2084 βουλὴν
861 2021 958 2073 τῆς
1005 2010 1190 2064 ἑαυτοῦ
1243 2011 1464 2084 κεφαλῆς
1520 2010 1668 2073 ἀξίαν
1708 2015 1798 2062 καὶ
1848 2009 1927 2061 όν-

2068 2008 2357 2064 :onsilium
2390 2008 2498 2064 init
2517 2007 2712 2080 capite
2738 2023 2863 2076 suo
2892 2007 3168 2077 dignum,
3198 2009 3278 2079 "et
3326 2023 3467 2063 vere
3495 2007 3700 2064 incon-

306 2123 419 2164 τως
473 2100 715 2154 ἄϐουλον·
760 2099 1075 2174 παραλαϐὼν
1129 2105 1230 2175 γὰρ
1284 2101 1394 2173 μεθ’
1455 2100 1659 2166 ἑαυτοῦ,
1728 2103 1798 2162 ὡς
1831 2097 1930 2150 όέν

2067 2098 2286 2154 ultum.
2348 2097 2576 2154 Etenim
2630 2113 2838 2153 secum
2887 2113 3227 2167 assumens,
3275 2097 3436 2154 velut
3485 2097 3580 2153 ille
3634 2099 3699 2154 in

308 2193 662 2264 Εὗαγγελίοις
745 2191 934 2252 ἐκεῖνος
1014 2190 1446 2264 θριαμϐευόμενος
1523 2187 1726 2263 δαίμων
1805 2189 1932 2242 ἑπτα

2068 2188 2378 2259 Evangeliis
2391 2189 2520 2260 jam
2537 2188 2803 2244 devictus
2819 2188 3060 2244 daemon
3078 2193 3307 2260 septem
3331 2187 3448 2245 alia
3471 2188 3700 2244 daemo-

316 2279 576 2354 δαιμόνια
651 2283 819 2354 ἕτερα,
875 2285 993 2341 τοὺς
1041 2285 1156 2356 περὶ
1215 2285 1300 2333 τόν
1358 2284 1577 2353 ποιμένα
1626 2279 1835 2352 λύκους,
1873 2282 1930 2332 τὸ

2055 2279 2166 2342 nia,
2189 2279 2646 2334 circumstantes
2677 2277 2911 2350 pastori
2938 2276 3134 2349 lupos,
3169 2280 3226 2333 et
3253 2277 3422 2350 quod
3449 2276 3687 2344 mirere,

318 2369 381 2426 δὲ
428 2368 752 2445 παράδοξον,
812 2367 1011 2446 ἄνδρας
1063 2379 1154 2430 τῆς
1212 2374 1304 2422 σὺν
1371 2369 1546 2442 ἐκείνῳ
1607 2369 1932 2446 ἀνακτροφῆς

2066 2368 2200 2424 riros
2237 2367 2395 2423 illius
2425 2367 2881 2425 conversatione
2921 2365 3226 2434 indignos,
3276 2382 3538 2438 quorum
3593 2366 3698 2422 alii

322 2460 584 2530 ἀναξίους,
615 2460 783 2522 ἄλλως
837 2459 1126 2532 ἀλλαχόθεν
1172 2456 1428 2532 φυγάδας,
1481 2465 1571 2512 καὶ
1608 2463 1666 2512 τὸ
1716 2466 1817 2512 πᾶν
1849 2459 1935 2511 οὗ-

2070 2457 2286 2514 Lliunde
2308 2457 2737 2528 fugitivierant,
2763 2461 2820 2513 et
2838 2455 2985 2512 nihil
3006 2455 3255 2512 omnino
3277 2472 3494 2512 sanum
3511 2455 3702 2512 habe-

325 2545 418 2602 δὲν
460 2551 620 2620 ὑγιὶς,
673 2553 766 2600 καί
807 2569 924 2601 τινα
1003 2549 1235 2610 Λαζόθεν
1283 2550 1456 2616 ποθεν,
1524 2545 1935 2621 μετενδυτουντα

2073 2553 2228 2616 iant;
2257 2563 2366 2603 nec
2388 2562 2512 2602 non
2539 2545 2869 2619 quemdam
2897 2561 2970 2602 ex
3024 2548 3313 2602 Lazorum
3354 2543 3558 2617 aliquo
3598 2561 3705 2601 an-

322 2643 482 2711 μόνον
545 2639 690 2710 τάχα
777 2658 874 2690 που
959 2641 1050 2690 καὶ
1117 2634 1380 2703 ἐπίτηδες,
1445 2641 1534 2690 καὶ
1568 2641 1933 2711 σεσαρωμένην

2071 2636 2188 2706 ςυΙο
2215 2651 2538 2700 emersum,
2567 2634 2788 2691 idoneo
2810 2639 2872 2690 ut
2894 2633 3131 2690 videtur
3157 2634 3368 2691 habitu
3398 2637 3703 2704 ornatum,

321 2729 509 2801 εὑρὼν,
562 2731 648 2778 καὶ
700 2735 792 2779 τοῦ
841 2729 909 2778 τά
953 2727 1125 2778 πάντα
1167 2726 1491 2800 πληρούντσς
1554 2725 1752 2798 ἀγαθοῦ
1784 2732 1933 2786 κενὴν

2071 2742 2157 2782 nec
2188 2725 2560 2788 indecoram,
2595 2730 2659 2779 ut
2681 2723 2868 2792 aiunt,
2890 2723 3152 2779 barbam
3192 2729 3531 2792 gerentem;
3586 2723 3703 2793 hic,

319 2821 648 2889 Πνεύματος,
697 2821 912 2869 εἴσεισιν
970 2817 1212 2890 ἐλευθέρῳ
1292 2813 1443 2883 ποδὶ,
1484 2822 1572 2869 καὶ
1619 2821 1814 2888 γίνεται
1872 2820 1938 2870 τά

2074 2830 2320 2887 nquam,
2350 2813 2682 2868 Alanorum
2738 2810 3055 2867 ecclesiam
3100 2812 3296 2883 scopis
3348 2811 3706 2867 mundatam

327 2911 545 2978 ἔσχατα
582 2911 792 2980 χείρονα
819 2914 920 2958 τῶν
958 2904 1188 2980 πρώτων’
1243 2903 1378 2964 ἦσαν
1419 2909 1520 2979 γὰρ
1577 2903 1696 2958 6'36"
1773 2906 1937 2960 ἐκεῖνά

2075 2903 2378 2969 nveniens,
2410 2906 2468 2957 et
2494 2901 2601 2957 illo
2631 2901 2739 2972 qui
2770 2900 2979 2956 omnia
3029 2899 3217 2970 replet
3277 2899 3442 2955 bono
3493 2899 3707 2970 spiritu

329 3015 444 3056 πως
464 2996 613 3066 ὑγιῆ.
646 3001 760 3056 Πῶς
795 2997 853 3047 οἷν
898 2999 1026 3049 εἴπω
1059 3000 1154 3054 τήν
1198 3003 1290 3048 τοῦ
1345 2997 1574 3072 πονηροῦ
1618 2996 1933 3069 προσϐολὴν,

2077 3009 2326 3061 'acuam;
2353 2992 2542 3047 libero
2567 2989 2721 3062 pede
2743 2989 3092 3059 ingreditur,
3120 2989 3343 3045 etﬁunt
3371 2988 3709 3045 novissima

329 3090 425 3138 καὶ
476 3088 615 3145 ὅπως
661 3087 834 3155 ἴχνους
902 3083 1130 3152 ἐλάϐετο,
1210 3090 1302 3138 καὶ
1362 3105 1454 3144 την
1511 3084 1936 3160 ἀξειλογουμένην

2075 3084 2260 3155 )θ]οτει
2294 3081 2624 3154 prioribus:
2660 3095 2800 3135 nam
2830 3094 3027 3151 neque
3058 3078 3157 3134 illa
3210 3078 3352 3134 satis
3393 3093 3544 3134 sana
3583 3077 3707 3134 fue-

331 3183 439 3226 τὼν
471 3169 784 3232 ἐπιτηδείων
838 3175 1132 3249 ὑπηρεσίαν
1164 3193 1178 3238 ;
1231 3179 1353 3228 Δότε
1382 3194 1472 3247 μοι
1524 3181 1860 3250 συγγνώμην,
1899 3177 1937 3228 ὦ

2075 3179 2202 3230 ant.
2227 3172 2456 3238 Quibus
2468 3186 2610 3241 ergo
2623 3168 2822 3225 verbis
2838 3167 3100 3240 improbi
3115 3167 3268 3223 illius
3293 3167 3707 3223 incursionem

322 3268 606 3339 παρόντες,
644 3267 1042 3335 συγκεχυμένῳ,
1081 3267 1282 3316 καὶτὸν
1320 3263 1472 3334 λόγον
1505 3266 1747 3327 ιθυτενώς
1777 3285 1936 3341 προσ-

2075 3264 2374 3326 larrem,et
2401 3259 2624 3332 quibus
2645 3257 2908 3328 vestigiis
2930 3256 3225 3323 institerit,
3243 3261 3298 3311 et
3322 3256 3469 3311 illud
3495 3260 3707 3312 nactus

323 3357 474 3424 άγειν
533 3351 657 3425 [μὴ]
715 3348 1070 3425 δεδυνημένω.
1141 3358 1326 3406 Καίτοι
1382 3373 1439 3425 γε
1499 3350 1808 3417 σπευδοντες
1852 3356 1938 3407 οὖ-

2079 3352 2222 3408 uerit
2234 3366 2356 3406 non
2370 3347 2826 3420 aspernandum
2848 3346 3193 3416 digniorum
3209 3345 3416 3402 homin
3426 3362 3528 3401 um
3541 3346 3711 3401 obse-

326 3463 430 3503 τως
479 3443 578 3494 ὑπό
616 3449 708 3494 τοῦ
759 3443 957 3503 πάθους
1021 3447 1112 3494 καὶ
1153 3451 1256 3518 τῷς
1296 3442 1631 3495 πολυελίκτου
1671 3451 1825 3518 φοράς
1850 3451 1939 3498 τοῦ

2076 3439 2302 3514 mium?
2336 3442 2476 3494 Date
2507 3437 2653 3492 mihi
2684 3436 2949 3500 veniam,
2973 3451 3009 3490 ο
3030 3435 3134 3508 qui
3157 3435 3403 3502 adestis,
3443 3439 3708 3490 mentem

324 3532 1010 3608 xpéyparogizpnxdvna'w
1058 3536 1148 3584 καὶ
1187 3529 1312 3588 οἶδα
1353 3532 1572 3608 εἰρηκὼς
1639 3530 1788 3586 οὐδὲν
1841 3535 1935 3587 ἔτι·

2078 3531 2353 3588 urbatam
2385 3527 2654 3596 habenti,
2687 3530 2743 3582 et
2766 3526 3101 3582 orationem
3168 3529 3330 3580 recto
3367 3541 3547 3581 cursu
3576 3539 3710 3596 pro-

321 3626 419 3675 καὶ
473 3621 783 3681 συσκιάζειν
845 3623 946 3695 γὰρ
990 3622 1055 3673 τά
1109 3620 1267 3674 πλείω
1326 3620 1686 3694 ἀνάγκασμαι·
1749 3622 1830 3695 ὑφ’
1878 3619 1937 3675 οὗ

2076 3623 2260 3678 'ehere
2288 3617 2620 3690 impotenti.
2653 3619 2719 3671 Et
2741 3615 2990 3688 quidem
3043 3614 3414 3681 festinanter,
3469 3615 3552 3670 sic
3605 3614 3708 3671 do-

323 3718 422 3764 καὶ
474 3713 601 3784 ἡμῖν
651 3709 710 3762 ἂν
757 3709 965 3785 ἀπορεῖν
1013 3709 1246 3784 συμϐαίη
1305 3717 1395 3764 καὶ
1424 3719 1577 3764 πᾶσι.
1610 3716 1746 3774 Τέως
1777 3712 1940 3765 εἰσία-

2073 3727 2173 3768 ore
2200 3709 2407 3772 animi,
2441 3713 2496 3762 et
2520 3706 2600 3762 ob
2641 3705 2870 3761 varium
2923 3704 3142 3774 negotii
3176 3719 3420 3759 cursum
3461 3719 3703 3776 anceps,

341 3820 425 3852 σιν
455 3800 505 3852 οἰ
529 3796 802 3873 γεννάδαι·
837 3805 928 3852 καὶ
957 3802 981 3852 6
1032 3802 1142 3872 μὲν.
1177 3802 1202 3852 6
1242 3800 1440 3874 λυμεὼν
1498 3799 1682 3862 ἐκεῖνος
1740 3803 1936 3867 Λαζός,

2072 3801 2227 3856 rideo
2249 3813 2344 3854 me
2374 3795 2524 3852 nihil
2555 3794 2754 3850 adhuc
2785 3793 3039 3849 dixisse:
3065 3808 3209 3849 nam
3223 3792 3509 3865 pleraque
3530 3793 3704 3851 silen-

337 3887 625 3950 ἐπίσκοπος
663 3889 992 3962 ὀνομάζεταυ
1046 3891 1095 3942 οἰ
1153 3889 1204 3948 η’
1255 3889 1484 3963 ἀτεχνῶς
1537 3898 1626 3944 καὶ
1681 3895 1808 3964 γέρα
1859 3893 1938 3942 αἰ-

2077 3891 2132 3946 io
2162 3902 2434 3961 premere
2463 3888 2706 3940 coactus
2734 3883 2820 3938 fui
2853 3902 2865 3950 ;
2898 3898 3022 3954 quo
3052 3883 3173 3947 fiet,
3225 3885 3290 3938 ut
3335 3881 3483 3938 mihi
3505 3887 3559 3938 et
3581 3898 3706 3938 om-

337 3986 544 4044 τουσιν,
595 3981 674 4032 ὅτι
730 3984 800 4050 μή
838 3983 933 4038 τὴν
965 3978 1203 4050 Ἀλανίαν
1252 3981 1448 4033 οὑτωσὶ
1493 3977 1755 4052 περιεῖδον
1792 3982 1944 4033 ἀποί-

2077 3978 2232 4034 tibus
2257 3978 2316 4033 in
2339 3974 2796 4050 perplexitatem
2825 3972 3052 4028 versari
3093 3972 3418 4042 contingat.
3465 3972 3709 4028 Interim

335 4087 552 4140 μαντον,
610 4066 736 4120 ἀλλά
787 4071 958 4121 πάντα
1009 4073 1260 4142 καμόντες
1315 4074 1406 4122 καὶ
1453 4068 1602 4122 πάντ’
1640 4069 1939 4143 ἐνεγκόντες,

2075 4066 2471 4140 ngrediuntur
2501 4062 2724 4134 egregii
2753 4061 2876 4130 illi;
2919 4066 2976 4117 et
3004 4061 3098 4117 ille
3134 4061 3379 4134 quidem
3424 4061 3707 4134 pestilens

331 4157 472 4217 πλήν
517 4157 644 4210 αλλά
687 4160 853 4230 ταύτῃ
916 4163 1098 4232 προικὶ
1155 4162 1240 4210 τὸν
1309 4164 1527 4232 νυμφίον
1587 4156 1935 4232 δεδωρηνται.

2079 4176 2256 4222 .azus,
2289 4156 2612 4229 episcopus
2641 4151 3022 4208 nominatur:
3048 4151 3141 4206 isti
3173 4156 3374 4207 autem
3401 4157 3604 4224 aperte
3651 4155 3711 4207 et

323 4248 595 4322 praemia
633 4253 991 4319 exspocunt,
1018 4248 1186 4321 quod
1222 4248 1498 4305 Alianam
1529 4249 1760 4323 absque
1784 4259 2026 4324 pastore
2053 4265 2184 4308 esse
2212 4261 2335 4303 non
2375 4243 2634 4308 siverint,
2669 4241 2773 4298 sed
2798 4257 2937 4297 cum
2973 4238 3140 4296 omni
3181 4240 3468 4312 patientia
3495 4255 3566 4296 ac
3625 4239 3710 4296 la-

321 4338 483 4394 bore
514 4335 619 4394 tali
651 4337 909 4406 gratuito
955 4339 1120 4395 dono
1152 4354 1447 4410 sponsum
1506 4343 1803 4398 munerati
1829 4349 1987 4402 sunt.

404 4413 496 4487 ιιί.
556 4432 751 4501 Πρώτῳ
801 4430 891 4499 μεν
925 4423 1014 4479 οὖν
1074 4427 1222 4488 εὐθὺς
1270 4435 1342 4499 τῷ
1398 4427 1597 4502 βατῆρι
1639 4433 1709 4492 ὡς
1778 4433 1941 4505 Αἰγυ-
1979 4436 2023 4489 D

2130 4428 2216 4484 t6.
2241 4428 2393 4494 Ergo
2415 4423 2611 4495 primo
2643 4419 2842 4478 statim
2867 4420 3172 4486 inlimine,
3207 4423 3497 4492 tanquam
3538 4421 3709 4490 Egy-

324 4520 534 4574 πτιακὴ
578 4535 656 4576 τις
713 4514 1020 4576 ἐπισκήπτει
1069 4516 1266 4589 πληγή·
1313 4517 1445 4576 πλὴν
1500 4523 1579 4570 ὅτι
1622 4522 1696 4592 μὰ
1760 4527 1851 4574 καὶ
1913 4524 1941 4581 ἠ

2078 4517 2253 4573 )tiaca
2271 4513 2550 4586 quaedam
2565 4511 2746 4582 plaga
2764 4510 3085 4577 incumbit;
3100 4508 3391 4582 nisiquod
3406 4509 3500 4565 hic
3514 4512 3710 4580 prima

337 4612 548 4682 πρώτη,
583 4605 616 4663 ἣ
638 4624 696 4676 γε
742 4610 843 4678 μὴν
873 4607 1074 4664 ὑστάτη
1107 4606 1210 4659 ὃσα
1245 4610 1335 4659 καὶ
1385 4605 1670 4684 βαρυτέρα·
1722 4614 1784 4670 τὴ
1843 4613 1944 4686 γὰρ

2079 4607 2184 4667 ’uit,
2213 4619 2350 4676 quae
2373 4601 2488 4657 illic
2513 4605 2823 4673 postrema
2851 4603 2908 4655 et
2933 4599 3193 4669 gravior.
3217 4601 3366 4654 Nam
3409 4598 3711 4670 primoge—

343 4700 657 4768 πρωτότοκα
709 4699 799 4747 καὶ
846 4695 975 4769 ἅπερ
1055 4695 1399 4772 ἀφιερούσθαι
1457 4700 1714 4766 ὠσίωται,
1780 4708 1949 4752 ταῦτα

2078 4697 2200 4764 lita,
2226 4699 2281 4750 et
2306 4709 2443 4765 quae
2470 4695 2589 4747 Deo
2610 4691 2946 4747 consecrari
2977 4695 3250 4746 sanctum
3279 4694 3424 4749 erat.
3449 4689 3579 4744 hth
3601 4689 3710 4743 iste

347 4780 416 4841 δὴ
467 4785 493 4835 6
547 4783 854 4857 ὸλοθρευτὴς
904 4782 1270 4859 περιίδραμεν.
1319 4783 1482 4839 Ἠνὸὶ
1525 4786 1627 4860 άρα
1691 4785 1816 4842 οὑδέ
1870 4809 1949 4852 τις

2079 4783 2477 4842 :xterminator
2504 4779 2878 4836 circumibat.
2911 4783 3110 4851 Neque
3131 4779 3347 4851 aliquis
3378 4778 3584 4835 aderat
3617 4794 3711 4834 sa-

348 4875 506 4944 σοφὸς
535 4880 785 4944 Μωυσῆς,
839 4877 928 4927 ἵνα
972 4878 1032 4928 τὸ
1095 4883 1187 4928 τοῦ
1230 4881 1521 4952 χρίσαντος
1575 4881 1950 4953 προερμηνεύοι

2080 4876 2229 4931 >ἱθηε
2258 4875 2510 4944 Moyses,
2543 4869 2783 4926 utillius
2832 4869 3153 4940 unguentis
3204 4869 3562 4940 mysterium
3621 4884 3712 4923 ex—

342 4960 708 5038 μυστηριῶδες
737 4969 857 5038 περὶ
883 4972 975 5018 τοῦ
1007 4966 1225 5038 αἵματος
1277 4973 1374 5019 τοῦ
1430 4965 1643 5040 Ἀμνοῦο
1712 4974 1801 5020 καὶ
1850 4988 1950 5043 προ

2082 4964 2350 5029 )lanaret,
2378 4962 2453 5017 de
2473 4961 2624 5030 Agni
2655 4957 2927 5014 videlicet
2952 4957 3246 5027 sanguine
3272 4975 3285 5012 :
3342 4973 3538 5029 neque
3592 4956 3714 5012 ulla

344 5052 548 5126 φυλακὴ
607 5058 698 5126 μεν
751 5051 996 5127 οὐδεμία,
1040 5059 1132 5108 καὶ
1187 5052 1328 5129 ἄρδη
1390 5057 1414 5107 ὁ
1460 5055 1682 5132 ὄλεθρος
1741 5060 1952 5132 ἔρχεται

2086 5052 2263 5122 utela,
2293 5051 2400 5107 sed
2428 5049 2862 5106 internecivum
2895 5045 3335 5103 exterminium.
3363 5046 3529 5102 Venit
3553 5045 3714 5102 enim

336 5144 493 5217 γὰρό
527 5142 748 5206 κλέπτης
793 5143 878 5196 ἱνα
922 5144 1064 5219 λήψῃ
1115 5150 1206 5198 καὶ
1271 5147 1407 5218 θύσῃ
1449 5151 1540 5199 καὶ
1584 5145 1834 5206 ἀπολίση.
1870 5147 1952 5208 Ὠς

2085 5147 2176 5213 ‘ur,
2206 5144 2272 5198 ut
2295 5141 2509 5214 rapiat,
2539 5143 2595 5196 et
2615 5141 2854 5205 mactet,
2883 5141 2938 5192 et
2963 5136 3170 5208 perdat
3211 5137 3254 5193 θ.
3309 5134 3454 5192 Male
3503 5135 3576 5191 sit
3602 5150 3717 5190 ne-

340 5231 594 5287 ἀπόλοιτο
656 5238 687 5293 ἦ
749 5239 932 5303 κακία,
981 5235 1044 5294 ἦν
1086 5240 1552 5310 παρυφισταμένην
1579 5233 1704 5290 οἶδα
1727 5245 1790 5310 τῇ
1827 5236 1951 5311 ἀμε-

2081 5233 2481 5307 1uitiae,quam
2497 5229 2843 5286 obstrusam
2862 5227 3000 5296 vidi,
3015 5226 3095 5283 ob
3109 5225 3250 5283 recti
3264 5226 3713 5297 negligentiam!

326 5324 451 5398 λείᾳ
504 5332 598 5378 τοῦ
643 5325 970 5401 κρείττονοςι
1023 5324 1067 5377 εἰ
1121 5327 1224 5398 γὰρ
1278 5324 1594 5401 ἕγρηγόρειό
1649 5324 1955 5380 οἰκοδεσπὸ-

2087 5327 2212 5380 iam
2242 5323 2289 5378 si
2318 5320 2628 5392 vigilasset
2656 5322 2826 5392 pater
2855 5315 3133 5383 familias,
3176 5332 3565 5390 nequaquam
3613 5317 3719 5374 do-

329 5435 454 5480 της,
498 5414 597 5467 οὐκ
627 5417 690 5466 οἷν
743 5416 770 5467 ό
800 5414 1021 5475 κλέπτης
1076 5418 1171 5473 τὴν
1223 5414 1391 5467 οἰκίαν
1437 5415 1726 5489 κατώρυξε·
1780 5416 1932 5468 Βούλε

2089 5429 2234 5469 num
2286 5412 2381 5468 fur
2411 5409 2735 5466 eflodisset.
2773 5407 2959 5463 Vultis
2988 5412 3045 5463 et
3075 5412 3205 5464 acta
3233 5409 3365 5479 ejus
3397 5407 3721 5480 pastoralia

340 5507 438 5558 σθε
459 5508 651 5582 μικρὸν
681 5507 806 5579 ὑμῖν
841 5509 932 5559 καὶ
961 5507 1026 5558 τὰ
1062 5513 1160 5570 τῆς
1187 5513 1532 5580 ποιμαντικῆς
1583 5503 1907 5580 ἀναλέξωμαί
1939 5522 1953 5574 ;

2091 5504 2448 5579 rliquantum
2504 5499 2899 5558 enumerem?
2941 5497 3094 5566 Quid
3151 5499 3312 5556 enim
3379 5498 3527 5556 illud
3557 5497 3723 5556 Pauli

415 5687 436 5722 ⁶
466 5687 637 5744 Jean.
668 5701 732 5755 ε,
768 5688 853 5742 10.
