4134 6384
441 366 546 424 403

1638 357 1994 416 THEODORI
2031 358 2310 417 ALANLE
2347 360 2654 417 EPISCOPI

3722 360 3836 420 404

442 494 834 564 praeceptum,
869 491 932 546 ut
959 503 1180 546 manus
1213 487 1330 544 cito
1359 484 1588 542 nemini
1620 485 2014 557 imponantur
2034 487 2054 520 ⁷
2079 486 2108 540 ?

2225 487 2290 537 Τί
2317 487 2415 558 γὰρ
2456 486 2486 542 ἡ
2516 491 2608 536 τοῦ
2643 483 2877 550 Παύλου,
2913 485 2970 546 ὃς
3011 480 3204 558 μηδενί
3243 491 3432 560 χεῖρας
3480 489 3684 558 ταχέως
3723 485 3839 540 ἔπι-

442 585 516 638 At
537 581 647 638 iste
677 580 832 637 intra
863 595 1094 653 paucos
1115 578 1269 646 dies,
1309 576 1702 632 formicarum
1732 574 1915 630 veluti
1971 590 2107 631 exa-

442 687 582 726 men
620 669 961 726 sacerdotes
983 669 1209 726 emisit:
1238 672 1296 724 et
1321 667 1436 724 hos
1465 665 1694 737 viginti,
1729 665 1895 722 aiunt
1920 665 1997 722 ab
2018 675 2108 722 'eo

442 763 744 832 tanquam
790 759 987 832 equite
1035 760 1431 832 praetereunte
1505 755 1836 817 ordinatos,
1912 770 2111 828 pauca

443 849 602 906 intra
628 849 838 905 dentes
868 848 1218 921 neminique
1239 845 1539 902 intellecta
1586 849 2022 917 murmurante,
2057 851 2112 900 et

445 941 602 994 certe
629 936 808 994 labiis
855 937 1103 994 minime
1150 935 1404 1008 prolata.
1455 932 1615 991 Alios
1670 933 2113 1006 quinquaginta

458 1027 608 1084 dum
631 1026 799 1083 cibos
831 1026 893 1082 in
913 1042 1128 1083 mensa
1152 1023 1484 1089 manderet,
1513 1027 1570 1079 et
1597 1022 1844 1079 calicem
1902 1039 2114 1080 manu-

456 1120 719 1173 teneret:
750 1115 900 1172 alios
931 1115 1079 1171 dum
1131 1117 1313 1171 noctu
1360 1112 1422 1168 in
1473 1111 1627 1169 lecto
1659 1113 1902 1184 jaceret.
1966 1115 2114 1170 Sunt

450 1206 612 1262 enim
643 1205 748 1279 qui
779 1204 912 1261 diro
934 1220 1072 1261 cum
1100 1205 1449 1276 juramento
1475 1201 1798 1270 afﬁrmant,
1839 1217 1978 1258 eum
2035 1217 2112 1259 ne

451 1293 528 1350 de
551 1295 706 1350 lecto
728 1293 975 1366 quidem
989 1291 1433 1349 consurrexisse
1461 1290 1575 1348 Sed
1592 1307 1698 1348 cur
1718 1291 1894 1364 plura
1914 1291 2112 1364 inqui-

445 1399 603 1452 ram,
635 1381 782 1438 mihi
813 1382 1061 1454 quidem
1084 1381 1232 1438 haut
1261 1380 1425 1437 dictu
1445 1379 1664 1450 facilia,
1687 1380 1861 1436 vobis
1909 1385 2113 1437 autem

449 1471 834 1530 audientibus
865 1470 1304 1528 intolerabilia?
1325 1470 1590 1543 Denique
1613 1470 1708 1526 his
1740 1472 1910 1542 actis,
1936 1470 2112 1527 diffu-

448 1562 530 1634 git
551 1562 614 1618 in
643 1563 935 1631 Lazicam,
958 1560 1175 1632 ligonis
1207 1562 1300 1617 sui
1325 1576 1538 1617 rursus
1551 1560 1828 1633 cupidus.
1853 1564 1981 1617 Non
2003 1564 2109 1627 est,

446 1655 514 1709 ut
532 1656 701 1725 puto,
714 1652 901 1708 homo
931 1650 1174 1722 ignotus
1192 1648 1629 1708 mercatoribus
1650 1649 1958 1706 nonnullis
1971 1649 2112 1706 illuc

446 1740 954 1797 commeantibus.

526 1834 615 1887 l7.
650 1828 850 1886 Sentio
873 1828 1157 1901 equidem
1178 1827 1400 1885 multas
1429 1827 1925 1899 interrogationes
1947 1829 2112 1902 apud
2142 1835 2181 1891 Β

445 1933 558 1974 vos
578 1917 684 1990 qui
709 1917 930 1974 auditis
980 1921 1359 1974 commotum
1403 1917 1476 1973 iri
1527 1916 1606 1972 ab
1643 1916 1760 1973 hoc
1811 1933 2108 1974 sermone.

446 2006 564 2063 Alii
595 2011 798 2063 autem
820 2022 896 2064 ne
920 2007 1034 2064 sibi
1062 2006 1311 2080 quidem
1357 2006 1709 2080 persuaderi
1773 2007 2108 2080 patientur;

446 2095 513 2152 id
543 2096 712 2169 quod
738 2095 928 2169 probe
950 2112 1240 2168 agnosco,
1271 2096 1419 2153 dum
1436 2111 1576 2153 mea
1590 2111 1730 2152 cum
1743 2096 1954 2152 vestris
1977 2112 2114 2153 com

445 2199 619 2259 paro.
678 2188 828 2242 Nam
870 2201 981 2242 nec
1039 2200 1152 2258 ego
1204 2185 1424 2242 auditis
1456 2185 1657 2243 statim
1714 2184 1968 2255 credidi;
2005 2202 2114 2259 per

448 2274 639 2334 otium
679 2275 876 2347 primo
903 2275 1034 2332 haec
1063 2275 1347 2344 intellexi,
1371 2275 1589 2332 deinde
1631 2291 1775 2333 vero
1818 2281 1872 2332 et
1925 2275 2114 2332 multa

448 2364 883 2434 interrogando
914 2365 1195 2436 cognovi.
1231 2365 1347 2422 Sed
1378 2365 1462 2421 ita
1504 2364 1679 2421 facile
1732 2365 1843 2421 fuit
1893 2365 2112 2422 volenti

447 2452 758 2526 decipere;
792 2457 849 2510 et
878 2453 962 2510 sic
992 2453 1206 2527 lupum
1257 2453 1673 2526 sequebantur
1720 2469 1887 2520 oves,
1932 2455 2112 2527 quasi

443 2541 751 2599 neminem
781 2557 1053 2616 unquam
1077 2543 1368 2600 vidissent
1389 2543 1930 2616 pastorem,|neque
1956 2543 2110 2614 ejus-

447 2630 591 2687 dem
620 2647 835 2687 vocem
865 2632 1197 2689 audissent.
1235 2631 1390 2698 Quid
1427 2633 1612 2688 vero?
1640 2647 1842 2688 nonne
1873 2632 1951 2689 ab
1985 2633 2111 2689 heri
2134 2623 2152 2644 '

446 2724 504 2776 et
531 2719 968 2778 nudiustertius
1001 2722 1280 2792 egregius
1313 2721 1410 2778 hic
1465 2725 1670 2794 pastor
1700 2727 1826 2778 erat
1854 2726 1882 2777 ?
1909 2737 2111 2779 nonne

445 2807 637 2882 ipsius
667 2810 1086 2884 episcopatum
1138 2811 1550 2868 inordinatum
1590 2811 1910 2868 sciebant?
1964 2811 2110 2868 Rem

446 2903 602 2956 certe
622 2899 791 2956 haud
816 2899 1143 2958 obscuram
1162 2915 1358 2974 neque
1385 2915 1508 2956 non
1521 2900 1902 2957 manifestam
1924 2901 2112 2973 pluri-

444 2987 595 3045 bus:
629 2990 738 3046 etsi
764 2994 969 3046 autem
989 2990 1159 3046 haud
1185 2990 1494 3059 omnibus,
1519 2990 1933 3047 sacerdotibus
1951 2995 2107 3046 certe

445 3076 554 3150 qui
584 3078 1034 3135 ordinationem
1055 3079 1134 3135 ab
1163 3094 1234 3135 eo
1275 3083 1699 3150 susceperunt.
1748 3078 2109 3136 Alterutrum

2225 575 2424 626 τιθέναι
2460 575 2756 646 νομοθετεῐ;
2801 573 2933 625 Ἀλλ’
2975 573 3127 634 οὗτος
3177 575 3380 647 ἡμερῶν
3434 573 3703 646 όλιγοστύῑ
3751 595 3834 628 τι-

2223 671 2321 715 νῶν
2377 665 2680 736 μυρμηκιὰς
2749 667 2920 738 ἱερέων
2988 666 3112 735 ημῖν
3165 663 3368 735 ἀνέῳξε·
3429 668 3519 721 την
3573 661 3840 717 εἰκοσάδα

2223 755 2415 811 ταὺτην
2478 757 2636 826 φασὶν
2681 750 2935 826 παρόδιος
2986 756 3206 814 ἱππότης
3263 753 3648 826 ἐχειροτόνησε,
3697 759 3834 829 μίκρ

2224 843 2354 895 ἅττα
2403 843 2696 918 ψιθυρίσας
2747 847 2836 895 καὶ
2889 839 3204 896 ὑποδόντινα
3277 845 3366 894 καὶ
3438 847 3564 905 τέως
3603 841 3834 902 ἀνήκου-

2225 951 2342 987 στα.
2389 940 2488 983 τῶν
2513 934 2614 1004 γάρ
2659 932 2874 1004 χειλέων
2906 928 3041 990 ἦσαν
3093 931 3368 1006 ἀνίκφορα·
3395 937 3486 984 καὶ
3517 937 3632 990 τὴν.
3702 952 3838 985 πεν-

2221 1017 2524 1080 τηκοντάδα
2606 1020 2821 1092 ἐκείνην,
2899 1017 3335 1094 διαμασσώμενος
3404 1020 3488 1073 ἐπὶ
3539 1021 3831 1096 τραπέζης,

2221 1114 2310 1163 καὶ
2341 1118 2402 1184 τῇ
2455 1115 2599 1184 χειρὶ
2645 1110 3018 1186 κυλικοφορῶν⁶
3064 1109 3259 1185 ἑτέρους
3313 1112 3515 1185 νύκτωρ
3561 1109 3644 1163 ἐπὶ
3663 1130 3840 1184 στρω-

2222 1207 2374 1272 μνῆς.
2431 1199 2664 1260 Ἐαυτοῖς
2716 1199 3008 1276 ἐπαρῶνται
3076 1202 3142 1252 τὰ
3196 1196 3434 1274 φρικώδη
3497 1199 3545 1252 εἰ
3598 1199 3834 1272 λέγοντες

2223 1292 2290 1350 ὡς
2357 1285 2481 1342 οὐδὲ
2530 1299 2622 1350 τῆς
2678 1293 2858 1351 κοίτης
2896 1289 3310 1362 ἐξανιστάμενος.
3381 1294 3484 1343 Καὶ
3547 1293 3599 1342 τί
3646 1291 3708 1342 ἄν
3765 1292 3838 1342 τὰ

2221 1378 2380 1432 πλείω
2405 1375 2439 1432 δ
2447 1384 2736 1452 ιερευνώην,
2765 1378 2880 1453 ἐμοι
2909 1399 2962 1432 τε
2999 1379 3162 1452 λέγειν
3219 1379 3278 1432 οῦ
3317 1375 3501 1454 ῥᾴδια,
3562 1383 3652 1431 καὶ
3705 1381 3835 1451 ὑμῖν

2224 1466 2427 1521 ἀκούειν
2460 1468 2517 1520 οῦ
2587 1471 2826 1543 popina-ai;
2884 1473 3018 1530 Τέως
3074 1472 3209 1522 οὕτω
3251 1465 3477 1544 δράσας,
3547 1466 3680 1521 οὓτω
3739 1472 3838 1520 καὶ

2225 1554 2566 1631 διαπέφευγεν
2621 1558 2670 1611 ἐν
2711 1567 2772 1630 τῇ
2827 1559 3063 1632 Λαζικῇ,
3111 1563 3201 1611 καὶ
3248 1558 3402 1611 πάλιν
3442 1565 3505 1631 τῇ
3583 1560 3830 1632 σκαπανῃ

2222 1646 2660 1720 φιλοτιμούμενος·
2722 1647 2780 1700 οῦ
2828 1651 2930 1724 γάρ
2980 1647 3121 1701 ἔστιν
3175 1647 3372 1721 ἀφανὴς
3416 1646 3522 1700 ἐκεῖ
3565 1644 3834 1722 παροδεύ-

2222 1755 2369 1790 ουσιν
2397 1736 2642 1810 ἐμπόροις
2670 1737 2800 1800 ἴσως
2817 1742 2977 1792 τισίν.
3659 1791 3668 1801 ,

2295 1825 2378 1887 ιζ.
2439 1823 2581 1880 Οἶδα
2623 1829 2713 1900 μὲν
2769 1827 2863 1879 σῦν
2906 1828 2986 1880 ὅτι
3041 1825 3234 1885 πολλὴν
3290 1829 3385 1885 τὴν
3423 1833 3607 1880 πεῦσιν
3652 1821 3839 1879 ὠδίνει

2221 1919 2353 1990 πρὸς
2412 1923 2577 1968 ταῦτα
2633 1925 2732 1968 τῶν
2782 1919 3184 1992 ἀκροασαμένων
3237 1917 3399 1988 ὑμῶν,
3451 1913 3490 1967 ὦ
3561 1919 3834 1991 παρόντες,

2222 2005 2392 2078 λόγος·
2455 2009 2544 2057 καὶ
2588 2012 2688 2058 ποῦ
2734 2024 2795 2077 γε
2841 2011 2931 2058 καὶ
2954 2005 3002 2057 οἳ
3047 2001 3164 2057 οὐδ’
3221 2006 3283 2056 ἄν
3333 2006 3583 2076 ἑνέγκοιεν
3622 2007 3681 2056 τὸ
3739 2023 3834 2058 πε-

2222 2096 2456 2147 πεῖσθαι·
2489 2099 2579 2146 καὶ
2621 2091 2766 2164 οἶδα,
2819 2103 2927 2156 τοῖς
2982 2097 3121 2167 ὶμοῖς
3164 2100 3506 2167 παραμετρῶν
3547 2095 3615 2145 τὰ
3648 2095 3835 2166 ὑμέτε-

2226 2201 2314 2258 ρα·
2349 2184 2407 2236 οῦ
2437 2187 2537 2260 γὰρ
2578 2181 2694 2235 οὐδ’
2735 2183 2892 2244 αὐτὸς
2922 2182 3074 2246 εὐθὺς
3113 2182 3430 2255 ἐπεπείσμην
3485 2185 3687 2256 μαθών⁶
3732 2182 3834 2258 ἀρ-

2221 2283 2326 2347 γῶς
2381 2294 2434 2327 τε
2482 2277 2549 2326 τὰ
2597 2283 2781 2350 πρῶτα
2809 2277 2925 2350 περὶ
2965 2276 3160 2327 τούτων
3199 2274 3424 2332 ηκουσα·
3476 2272 3584 2326 ἐπεὶ
3635 2270 3694 2326 δὲ
3741 2280 3834 2328 καὶ

2223 2364 2309 2417 ἐπὶ
2357 2364 2505 2417 πλέον
2547 2363 2646 2430 ἀεὶ,
2705 2363 2868 2416 πολλὰ
2927 2365 3151 2438 ἠρόμην.
3241 2361 3376 2416 Ἀλλ’
3451 2363 3612 2424 οὕτως
3678 2363 3831 2436 εὐχε-

2220 2457 2301 2529 ρὲς
2347 2461 2419 2525 τῷ
2488 2452 2784 2526 βουλομένῳ
2831 2453 3050 2525 πλανᾷν,
3107 2457 3198 2506 καὶ
3236 2452 3371 2505 οὕτω
3413 2451 3554 2525 λύκῳ
3595 2455 3664 2505 τὰ
3703 2457 3836 2528 πρό-

2222 2542 2357 2596 ϐατα
2415 2543 2800 2615 ἠκολούθησαν,
2879 2546 2943 2605 ὡς
2979 2543 3021 2596 εἰ
3058 2539 3198 2615 μηδὲ
3227 2546 3447 2612 ποιμένα
3503 2539 3642 2596 εἶδόν
3702 2561 3833 2596 ποτε

2221 2630 2361 2706 μηδὲ
2397 2637 2636 2706 ποιμένος
2709 2637 2878 2705 φωνην
2933 2633 3176 2706 ᾔσθοντο.
3217 2636 3280 2685 Τί
3325 2628 3416 2700 di;
3469 2631 3528 2684 οὐ
3566 2634 3700 2704 χθὲς
3735 2637 3832 2686 καὶ

2219 2725 2320 2796 πρὸ
2372 2727 2552 2798 τρίτης
2592 2724 2617 2774 ὁ
2675 2721 2830 2785 καλός
2851 2720 3040 2784 ἐκεῖνος
3091 2725 3316 2794 ποιμήν;
3359 2720 3418 2773 οῦ
3468 2721 3590 2795 παρ’
3629 2721 3825 2774 ἐκείνου

2220 2817 2314 2872 την
2347 2816 2639 2872 ἐπισκοπὴν
2672 2812 2887 2876 ἀταξίαν
2918 2809 3176 2887 ᾖδεισαη
3212 2815 3318 2870 Τὴν
3369 2819 3498 2884 γοῦν
3547 2817 3646 2872 τοῖς
3689 2811 3823 2864 πολ-

2219 2901 2326 2964 λοῖς
2384 2903 2477 2954 οὐκ
2522 2901 2687 2975 ἀφανῆ
2749 2898 2866 2954 οὐδ’
2925 2899 3222 2974 ἀνέκφορον·
3275 2903 3366 2952 καὶ
3421 2899 3465 2952 εἰ
3511 2903 3583 2972 μή
3617 2900 3828 2969 πάντες,

2221 2992 2354 3050 πλὴν
2401 2994 2537 3065 ὅμως
2570 2994 2618 3044 οἰ
2647 2998 2738 3044 τοῦ
2770 2989 3031 3064 βήματος,
3087 2989 3211 3065 παρ’
3261 2989 3455 3042 ἐκείνου
3513 2989 3609 3048 τήν
3649 3009 3831 3064 χειρο-

2223 3086 2396 3135 τονίαν
2445 3078 2738 3154 δεξάμενοι·
2773 3087 2916 3133 Δυεῐν
2966 3083 3140 3132 τοίνυν
3188 3081 3419 3154 θάτερον·
3453 3081 3483 3138 ἦ
3518 3078 3614 3131 οὐκ
3679 3076 3830 3138 ἣδει-

443 3165 646 3239 itaque
675 3183 806 3224 esse
837 3171 1104 3240 oportet:
1158 3167 1254 3224 vel
1311 3167 1471 3223 enim
1522 3166 1888 3239 nesciebant,
1940 3168 2105 3240 quod

2226 3173 2343 3242 σάν,
2401 3176 2492 3225 καὶ
2545 3172 2572 3224 ό
2627 3171 2780 3242 λόγος
2834 3169 3101 3231 ἀπίθανος·
3153 3177 3263 3231 πῶς
3283 3171 3384 3244 γὰρ
3413 3169 3461 3221 οἱ
3510 3170 3831 3233 πεπονθότες

448 3261 539 3313 est
565 3257 936 3325 incredibile,
991 3273 1135 3314 nam
1167 3257 1272 3330 qui
1332 3258 1610 3328 ignorare
1649 3262 1946 3330 poterant,
1998 3259 2105 3332 qui

447 3347 674 3418 experti
706 3349 874 3402 sunt?
901 3345 994 3403 vel
1011 3347 1200 3413 aliter,
1220 3347 1282 3402 id
1304 3351 1414 3410 est,
1441 3363 1570 3402 rem
1601 3348 1899 3416 sciebant;
1924 3354 1980 3406 et
2001 3364 2106 3406 cur

447 3435 532 3491 sic
584 3451 881 3506 magnum
964 3435 1305 3492 chrismatis
1361 3436 1672 3506 negotium
1731 3441 2102 3509 spreverunt,

447 3527 630 3596 atque
660 3522 738 3579 ab
758 3539 829 3578 eo
858 3524 1114 3593 gratiam
1137 3524 1442 3598 suscipere
1471 3528 1778 3599 putarunt,
1811 3527 1915 3599 qui
1956 3526 2106 3584 nihil

450 3628 669 3670 sanum
699 3613 1008 3672 habebat?
1031 3615 1364 3672 Praesertim
1407 3616 1552 3689 quia
1607 3621 1746 3674 sunt
1809 3618 2104 3687 nonnulli,

449 3701 555 3774 qui
572 3701 756 3758 trium
786 3703 1214 3778 episcoporum
1246 3706 1692 3762 successionem
1724 3706 2022 3776 viderunt,
2051 3712 2110 3764 et

447 3805 720 3848 nuncme
738 3797 1047 3865 quartum;
1067 3794 1518 3868 quietinsignia
1549 3796 1755 3866 magni
1788 3797 2108 3853 sacerdotii

448 3879 562 3936 illis
589 3883 992 3955 exponebam,
1026 3885 1152 3940 sive
1182 3883 1363 3941 obvia
1384 3885 1445 3940 in
1467 3885 1736 3941 vestibus
1769 3886 1895 3941 sive
1917 3887 1974 3941 in
2007 3886 2107 3943 be-

445 3971 625 4028 matis
651 3976 864 4029 ornatu
890 3990 903 4028 :
926 3989 1064 4046 quae
1094 3973 1378 4029 omnibus
1407 3973 1610 4047 palam
1642 3975 2021 4047 prostabant,
2041 3981 2108 4032 ut

447 4059 590 4116 inde
643 4061 999 4134 episcopum
1054 4068 1468 4133 agnoscerent.
1529 4064 1760 4119 Gradus
1809 4066 1989 4121 etiam
2018 4066 2106 4137 ip-

449 4149 530 4204 sis
561 4149 1018 4218 enumerabam,
1043 4151 1267 4222 quibus
1299 4151 1350 4206 is
1372 4156 1764 4224 promovetur
1783 4154 1887 4226 qui
1914 4169 2096 4210 sacer-

448 4236 614 4292 dotio
646 4237 960 4293 functurus
981 4243 1092 4296 est.
1146 4239 1305 4306 Haec,
1360 4241 1631 4314 inquam,
1683 4246 1738 4298 et
1800 4243 1894 4298 his
1928 4243 2105 4315 plura

447 4325 597 4382 mihi
626 4325 986 4396 suadebant,
1018 4343 1094 4385 ne
1136 4344 1234 4384 me
1260 4335 1536 4387 accurate
1567 4335 1810 4404 tuteque
1838 4347 1965 4386 rem
1998 4348 2104 4387 au-

449 4414 610 4470 disse
664 4415 1006 4484 crederem;
1069 4417 1175 4473 sed
1225 4417 1590 4491 imperitiam
1631 4418 2009 4476 damnabam
2049 4424 2106 4475 et

449 4502 631 4560 taedio
652 4503 960 4561 habebam
991 4506 1133 4564 talia
1155 4513 1492 4567 narrantes.
1510 4509 1623 4565 Sed
1638 4509 1855 4566 auditis
1883 4525 2104 4566 sermo-

446 4591 628 4648 nibus
658 4593 878 4662 agnovi
899 4600 1110 4666 postea
1133 4611 1257 4654 non
1281 4603 1500 4655 temere
1521 4598 1703 4654 ﬂdem
1728 4597 2099 4654 adhibuisse.

530 4685 609 4738 18.
644 4683 799 4737 Num
825 4699 968 4756 ergo
993 4685 1221 4756 videar,
1257 4688 1306 4743 si
1363 4704 1707 4745 sermonem
1753 4687 2104 4744 confusione

449 4769 726 4842 spoliem,
756 4789 960 4830 meum
994 4775 1072 4831 ad
1103 4792 1210 4834 vos
1238 4776 1573 4849 alloquium
1593 4777 1750 4848 juste
1779 4776 2104 4846 reﬁngere?

446 4859 628 4931 Atqui
654 4859 1006 4932 hujusmodi
1035 4880 1158 4920 non
1184 4869 1275 4921 est
1303 4865 1398 4922 lex
1449 4865 1840 4938 loquentibus
1881 4866 2098 4937 posita.

445 4947 780 5006 Voluissem
801 4957 999 5008 autem
1015 4953 1096 5009 ab
1123 4954 1243 5010 alio
1259 4954 1460 5027 potius
1479 4970 1668 5028 quam
1687 4954 1970 5010 amehaac
1993 4970 2101 5011 vos

446 5038 677 5106 audire,
711 5045 893 5113 atque
923 5042 1007 5098 ita
1036 5043 1097 5098 in
1136 5043 1342 5099 abdito
1371 5044 1573 5100 denuo
1633 5059 1923 5116 reponere
1971 5059 2099 5100 ora-

444 5126 700 5198 tionem;
733 5130 1199 5199 publicarevero
1225 5131 1432 5189 litteris
1462 5134 1579 5190 hoc
1609 5133 1922 5204 negot-ium
1975 5149 2102 5191 non

443 5215 752 5274 auderem.
787 5223 920 5291 Ipse
951 5235 1131 5292 porro
1153 5227 1566 5279 accusatorem
1593 5239 1689 5279 me
1707 5237 1910 5293 gerere
1934 5222 2102 5280 haud

441 5303 662 5362 didici:
694 5321 890 5379 neque
911 5307 1184 5378 judicare
1227 5309 1410 5366 velim
1457 5311 1808 5382 evangelica
1868 5312 2098 5368 monito

440 5392 897 5468 obtemperans;
928 5411 1074 5453 nam
1090 5398 1193 5454 ubi
1222 5415 1424 5456 sermo
1454 5400 1714 5473 volucer,
1743 5401 1826 5457 ibi
1851 5404 1910 5457 et
1931 5401 2102 5458 dam-

440 5485 604 5540 natio
633 5485 762 5540 alas
787 5485 970 5540 sumit
1017 5487 1063 5542 8.
1107 5489 1346 5545 Interim
1373 5491 1504 5547 haec
1549 5496 1684 5549 sunt
1716 5496 1870 5556 acta,
1917 5495 2101 5564 atque

439 5570 557 5629 hoc
589 5572 973 5643 benignitatis
997 5591 1215 5647 genere
1245 5595 1357 5636 nos
1383 5596 1530 5651 grex
1560 5581 1813 5655 excepit.
1833 5581 2096 5638 Exterius

511 5661 532 5699 ⁷
565 5661 755 5719 ITim.
785 5678 844 5732 v,
877 5669 965 5721 22.
1002 5667 1023 5702 ⁸
1048 5668 1245 5726 Matth.
1288 5687 1387 5743 vn,
1419 5675 1470 5729 1.

2221 3261 2394 3329 οὗτοί;
2426 3265 2456 3320 ἦ
2485 3265 2544 3314 τό
2575 3260 2763 3335 ἕτερον*
2824 3265 2914 3314 καὶ
2943 3268 3055 3322 πῶς
3097 3255 3368 3332 ὑπερεῖδον
3407 3261 3465 3310 τὸ
3493 3261 3634 3332 μέγα
3679 3265 3825 3335 χρῆ-

2219 3371 2296 3424 μα
2324 3358 2415 3404 τοῦ
2435 3355 2761 3426 χρίσματος,
2793 3368 2882 3402 και
2911 3347 3296 3423 μετέσχηκέναι
3325 3355 3418 3409 τῆς
3463 3349 3688 3421 χάριτος
3735 3366 3824 3401 πε-

2217 3443 2589 3509 πιστεύκασιν,
2627 3439 2760 3493 οὓτω
2790 3443 2934 3514 παρὰ
2961 3445 3053 3492 τοῦ
3082 3435 3250 3512 μηδὲν
3305 3439 3477 3510 ὑγιές;
3529 3442 3717 3492 Καίτοι
3763 3443 3830 3509 γέ

2219 3531 2349 3583 εἰσιν
2403 3532 2590 3584 όπόσοι
2640 3535 2731 3583 καὶ
2787 3533 2922 3603 τρεῖς
2963 3537 3063 3582 τῶν
3119 3527 3415 3583 ἐπισκόπων
3454 3527 3818 3604 παρημειτιῐιαν⁸

2216 3626 2305 3673 καὶ
2330 3624 2568 3695 τέταρτον
2610 3620 2799 3693 ὁρῶσιν
2839 3618 2960 3692 ἄρτι
2990 3617 3101 3691 ἐμέ·
3132 3616 3233 3689 ἐγὼ
3274 3615 3334 3671 δὲ
3381 3622 3472 3671 καὶ
3510 3619 3576 3670 τὰ
3624 3615 3815 3674 ἐπιση-

2215 3730 2291 3783 μα
2353 3718 2444 3770 τῆς
2490 3709 2721 3782 μεγάλης
2780 3711 3034 3782 ἱερατείας
3090 3707 3384 3780 κατέλεγονο
3438 3709 3610 3760 ὁπόσα
3665 3726 3719 3759 τε
3767 3705 3818 3758 ἐν

2216 3802 2429 3873 ἀμφίοις
2459 3800 2650 3867 ἁπλῶς,
2703 3803 2790 3851 καὶ
2838 3800 2939 3851 ὃσα
2975 3804 3067 3851 τοῦ
3121 3796 3384 3870 βηματος·
3435 3794 3566 3871 ἆπερ
3624 3793 3824 3850 εἰδέναι

2215 3892 2385 3942 πάντα
2450 3890 2606 3958 εἰκὸς,
2656 3888 2888 3941 κάκεῖθεν
2956 3887 3050 3940 οὐκ
3109 3887 3308 3959 ἀγνοεῖν
3371 3890 3456 3939 τὸν
3511 3885 3822 3942 ἐπίσκοπον.

2216 3979 2318 4032 Καὶ
2374 3980 2492 4042 τοάς
2544 3979 2781 4054 βαθμοὺς
2855 3977 3163 4050 ἀνελεγόμην
3223 3978 3439 4040 ὁπόσοις
3491 3975 3820 4052 προϐάξεται

2214 4070 2238 4122 ό
2282 4070 2521 4145 ἱερᾶσθαι
2559 4069 2757 4143 λαχών.
2823 4073 2922 4122 Καὶ
2969 4073 3155 4136 ταῦτα,
3204 4072 3294 4119 καὶ
3347 4069 3538 4119 τούτων
3565 4065 3642 4120 ἔτι
3660 4068 3824 4119 πλείω

2214 4161 2381 4212 ἔπειθέ
2429 4179 2492 4232 με
2557 4163 2628 4232 μὴ
2675 4155 3146 4232 κατηκριϐωμένως
3200 4154 3404 4208 ἀκούειν
3471 4151 3603 4228 μηδ’
3651 4157 3823 4228 ἀσφα-

2213 4247 2332 4311 λῶς·
2378 4247 2650 4321 ἀγροικίαν
2705 4244 2765 4301 δὲ
2797 4250 3125 4322 κατηγόρουν
3164 4251 3256 4298 καὶ
3329 4244 3814 4318 κατηλαζονευόμον

2211 4345 2304 4390 τοῦ
2371 4337 2625 4410 λέγοντος’
2683 4342 2803 4412 ὅπερ
2858 4334 2946 4389 οὖν
2987 4342 3126 4408 εἶχεν
3183 4337 3209 4387 ό
3268 4333 3438 4407 λόγος,
3507 4331 3633 4387 οἶδα
3692 4337 3820 4409 πρὸς

2212 4435 2382 4481 ταῦτα
2410 4428 2504 4480 οὐκ
2534 4428 2757 4504 εὐχερῶς
2783 4427 3064 4480 πεπεῖσθαι
3083 4428 3237 4498 ἡμᾶς.

2286 4677 2371 4737 ιη’.
2419 4677 2563 4751 *Λρα
2607 4678 2781 4729 τόίνυν
2831 4671 3047 4733 δοκοίην
3093 4674 3154 4727 οἶν
3196 4675 3284 4726 τὸν
3326 4671 3480 4745 λογον
3553 4671 3816 4746 ἀκρινείας

2213 4767 2533 4844 ἀποστερῶν,
2594 4775 2690 4828 τῆς
2743 4769 2870 4840 πρὸς
2941 4766 3077 4838 ὑμᾶς
3145 4762 3352 4836 ὁμιλίας
3392 4760 3605 4824 ἐνδίκως
3653 4781 3816 4835 μετα-

2209 4861 2520 4925 ποιεῖσθαι;
2591 4861 2777 4910 Καίτοι
2823 4860 2976 4928 νόμος
3025 4853 3131 4926 οὐχ
3183 4853 3320 4906 οὕτω
3386 4855 3497 4914 τοῖς
3547 4852 3814 4923 λέγουσιν,

2212 4949 2532 5023 Ἐϐουλόμην
2629 4946 2689 5000 δὲ
2745 4946 2870 5020 παρ’
2935 4944 3108 5017 ἐτέρου
3166 4942 3356 5018 μᾶλλον
3414 4944 3549 5016 ἀμᾶς
3599 4946 3630 5002 ἦ
3689 4943 3815 5016 παρ’

2211 5039 2335 5113 ἐμοῦ
2383 5045 2728 5106 κατακοῦσαι,
2783 5039 2876 5088 καὶ
2940 5035 3106 5096 οὕτως
3157 5031 3207 5086 ἕν
3247 5031 3519 5108 ἀρορῥὴτῳ
3575 5040 3641 5085 αῦ
3660 5031 3816 5085 πάλιν

2211 5129 2580 5183 ἀποτεθεῖσθαι
2657 5129 2745 5179 τόν
2787 5125 2957 5197 λόγον’
3014 5122 3354 5183 στηλιτεῦσαι
3419 5119 3482 5175 δι
3534 5123 3818 5197 γράμμασι

2207 5224 2265 5274 τό
2331 5225 2553 5292 πρᾶγμα
2603 5217 2699 5270 οὐκ
2746 5217 2808 5269 ἄν
2867 5213 3215 5290 θαρρήσαιμι·
3272 5211 3426 5275 αὐτός
3464 5230 3518 5264 τε
3571 5214 3673 5286 γὰρ
3727 5211 3817 5263 αἰ-

2208 5311 2426 5364 τιᾶσθαι
2483 5303 2770 5382 μεμαθηὸα
2844 5301 3111 5377 οὐδαμῶς·
3183 5307 3256 5377 μὴ
3311 5305 3414 5376 γὰρ
3461 5303 3523 5354 ἄν
3580 5305 3818 5377 κρίναιμι

2209 5403 2345 5454 κατὰ
2417 5405 2512 5459 τὴν
2596 5395 2929 5470 εὐαγγελικὴν
3002 5395 3295 5453 ὑποθήκην·
3369 5397 3460 5444 καὶ
3548 5393 3574 5444 ό
3666 5390 3818 5464 λόγος

2208 5494 2460 5567 πτερόεις,
2537 5493 2628 5541 καὶ
2701 5490 2732 5546 ἡ
2816 5486 3132 5558 κατάκρισις
3176 5484 3239 5536 ἄν
3294 5480 3627 5557 πτερύξαιτο.
3680 5483 3815 5543 Τέως

2207 5585 2384 5654 γέγονε
2432 5587 2617 5649 ταῦτα,
2665 5581 2752 5630 καὶ
2792 5579 2994 5638 τούτοις
3052 5575 3187 5646 ἡμᾶς
3229 5574 3259 5631 ἡ
3318 5576 3510 5645 ποίμνη
3563 5571 3812 5647 φιλοφρο-
