4134 6384
243 340 366 398 405

1759 340 2127 402 ALANICUS.

3525 347 3630 405 406

242 483 315 523 νη
329 466 522 536 σαμένη
558 459 897 526 ἐδεξιώσατο.
931 463 1150 530 Ἐξωθεν
1180 467 1210 524 ἡ
1218 470 1321 538 μᾶς
1357 464 1596 518 ἆτεκνούν
1617 466 1868 526 ἠπείλησε

1985 484 2094 526 nos
2137 469 2338 526 liberis
2389 469 2606 528 orbare
2644 470 2989 528 minabatur
3025 469 3262 542 gladius
3297 469 3395 528 ille
3434 486 3630 528 saevus

250 557 508 630 μάχαιρα
544 555 575 612 ἡ
620 551 1079 626 θηριώδηςέκείνη
1111 561 1202 608 καὶ
1241 551 1493 628 δίστομος
1522 577 1535 590 ο
1569 557 1866 629 ἐφιλονείκει

252 646 366 718 γὰρ
413 646 536 715 ἡμῖν
575 647 692 716 περὶ
743 651 837 705 τῆς
873 653 972 696 τῶν
1003 643 1228 698 Ἀλανῶν
1266 652 1514 719 πατριᾶς,
1547 651 1637 700 καὶ
1676 646 1730 699 ἐκ
1769 655 1868 699 τῶν

255 737 512 804 ταμιείων
543 731 691 804 φόϐος
728 732 896 794 οὕτως
948 732 1220 786 ἁνέκυπτεν
1259 735 1420 809 ἕτερος
1447 753 1460 766 ·
1493 740 1579 787 ναὶ
1603 737 1701 809 γὰρ
1730 737 1754 787 6
1782 740 1869 808 φό-

259 819 357 885 ϐος
397 819 530 894 ἐμοὶ,
564 823 641 873 ὅτι
678 817 819 893 μηδὲ
847 832 1174 883 κατανοῆσαι
1204 820 1351 896 εἶχον
1412 826 1546 886 ὅπως
1583 833 1656 896 τῷ
1695 827 1867 900 πράγ-

254 931 396 982 ματι
432 915 742 984 χρήσωμαι.

340 997 422 1051 ιϐ’.
475 1002 610 1073 Πρός
646 1006 815 1052 ταῦτα
857 1004 911 1054 τί
940 1020 1069 1054 ποτο
1109 1003 1282 1054 οἴεσοέ
1311 1020 1375 1074 με
1404 1004 1584 1055 παθεῖν
1624 1005 1713 1055 τόν
1751 999 1867 1055 δει-

250 1087 348 1140 λὸν
406 1090 541 1161 ἱερέα
592 1093 683 1142 καὶ
730 1091 799 1142 τὰ
852 1097 944 1150 τῆς
996 1099 1347 1163 ποιμαντικῆς
1413 1089 1633 1164 ἀμαθῆς
1675 1092 1867 1150 Δανιὴλ

243 1175 442 1238 ἐκεῖνος
532 1185 631 1229 τῶν
722 1177 1086 1254 πρεσϐυτέρων
1179 1184 1366 1256 κριτὴς
1461 1171 1864 1254 προκαθέζεται,

235 1271 337 1319 καὶ
397 1275 500 1318 τῶν
557 1265 893 1340 βιασαμένων
969 1269 1395 1342 καταψηφίζεται
1427 1291 1439 1303 ·
1503 1275 1593 1323 καὶ
1651 1272 1681 1328 ἡ
1741 1269 1862 1343 βια-

238 1356 445 1408 σθεῖσα
505 1359 603 1415 τὴν
661 1352 818 1415 δίκην
880 1355 1160 1430 ἐκπέφευγε
1192 1380 1204 1391 ·
1260 1364 1351 1411 καὶ
1409 1365 1511 1412 ποῦ
1567 1363 1625 1412 τὸ
1665 1367 1867 1432 πνεῦμα

239 1444 493 1512 Amat};
565 1450 753 1499 Καίτοι
802 1444 1097 1520 βιαιότερον
1148 1451 1208 1500 τό
1265 1450 1510 1522 ἡμέτερον
1544 1467 1558 1480 ·
1617 1454 1710 1508 τὴν
1763 1452 1865 1524 γὰρ

241 1535 598 1606 σωφροσύνην
648 1536 678 1592 ἡ
737 1534 854 1587 καθ’
897 1536 1039 1607 ἡμᾶς
1086 1538 1330 1590 Σωσάννα
1357 1537 1770 1609 κατεζημίωται,
1809 1541 1865 1590 τὸ

230 1627 335 1696 μὲν
379 1623 593 1695 ἀγνοίᾳ,
635 1627 695 1676 τὸ
730 1621 780 1676 δ’
821 1623 1016 1698 ἐρημίᾳ
1067 1634 1159 1679 τοῦ
1214 1626 1595 1699 βοηθήσοντος.
1627 1626 1695 1679 Ὤ.
1733 1624 1863 1682 δυσ-

229 1718 464 1787 πραγὴς
501 1714 775 1788 ἄνθρωπος
829 1711 952 1785 ἐγὼ,
1000 1719 1221 1768 καὶτοῦ
1277 1716 1441 1788 ζυγοῦ
1493 1715 1678 1790 βαρέος
1715 1716 1869 1778 εὐθὺς

1978 558 2258 632 utrinque
2287 563 2597 617 exacutus.
2638 559 2949 616 Invidebat
2999 559 3160 616 enim
3197 560 3377 616 nobis
3415 561 3630 618 Alano-

1974 661 2111 704 rum
2168 649 2425 720 patriam
2449 689 2463 717 ,
2523 653 2580 706 et
2631 649 2808 721 quasi
2865 648 2940 704 de
3005 650 3420 722 promptuario
3477 649 3629 706 alius

1977 737 2325 807 emergebat
2374 739 2573 796 timor.
2604 738 2816 810 Utique
2841 736 2903 792 in
2932 736 3144 793 timore
3179 738 3488 805 versabar,
3520 737 3628 810 qui

1974 839 2172 898 neque
2195 827 2532 897 excogitare
2560 831 2859 900 poteram,
2890 826 3416 899 quemadmodum
3453 840 3527 883 ea
3563 826 3627 882 in

1973 929 2039 970 re
2069 929 2167 969 me
2196 929 2486 984 gererem.

2051 1007 2132 1059 t9.
2184 1004 2274 1060 Ad
2302 1004 2433 1060 haec
2476 1004 2625 1077 quid
2653 1019 2751 1061 me
2779 1003 3136 1061 existimatis
3179 1006 3322 1060 tunc
3373 1018 3626 1075 passum

1976 1090 2175 1163 fuisse,
2236 1092 2516 1150 timidum
2562 1092 2939 1150 sacerdotem
2995 1096 3052 1150 et
3104 1091 3422 1165 pastoralis
3485 1091 3626 1147 artis

1972 1180 2294 1251 ignarum?
2320 1181 2527 1240 Daniel
2547 1181 2643 1239 ille
2668 1182 2973 1238 seniorum
2989 1181 3179 1253 judex
3201 1180 3389 1250 sedet,
3417 1183 3476 1237 et
3504 1183 3626 1236 tur-

1972 1270 2066 1343 pis
2094 1271 2392 1328 violentiae
2415 1287 2550 1328 reos
2575 1271 2858 1338 damnat;
2887 1275 2944 1327 et
2971 1271 3073 1328 illa
3095 1270 3220 1327 vim
3249 1285 3437 1342 passa
3449 1269 3625 1325 dam-

1973 1360 2282 1418 nationem
2305 1361 2530 1418 vitavit.
2572 1363 2639 1417 Et
2667 1360 2918 1417 ubinam
2945 1359 3205 1416 Danielis
3237 1358 3480 1430 spiritus
3499 1358 3528 1414 ‘2
3559 1359 3634 1414 Et

1974 1452 2177 1506 tamen
2220 1453 2411 1506 status
2459 1454 2662 1506 noster
2698 1448 3018 1506 violentior
3068 1451 3216 1505 erat.
3255 1446 3488 1504 Etenim
3519 1448 3629 1503 Su-

1976 1555 2172 1596 sanna
2202 1545 2408 1597 nostra
2433 1541 2635 1612 majus
2663 1538 2964 1612 pudicitiae
2994 1536 3421 1594 detrimentum
3447 1550 3631 1608 passa

1973 1637 2079 1703 est,
2089 1631 2166 1688 ad
2167 1633 2187 1703 j
2197 1632 2381 1688 utoris
2404 1630 2624 1703 partim
2641 1628 3118 1701 inscitia,partim
3138 1627 3412 1700 ejusdem
3432 1626 3630 1700 priva-

1974 1723 2154 1779 tione.
2188 1723 2230 1778 Ο
2256 1720 2460 1776 infelix
2485 1735 2597 1790 ego
2639 1720 2847 1788 homo,
2878 1721 2937 1774 et
2966 1732 3150 1788 grave
3179 1716 3398 1787 jugum
3427 1715 3632 1772 statim

238 1802 608 1874 αἰσθόμενοςὲ
654 1801 721 1855 ⁴Η
773 1807 846 1874 μή
904 1822 1031 1856 ποτε
1059 1805 1085 1856 ὁ
1123 1806 1213 1876 μὲν
1260 1805 1426 1877 ζυγὸς
1454 1809 1718 1880 χρηστὸς,
1777 1811 1868 1858 καὶ

1985 1810 2290 1884 expertus!
2333 1813 2422 1866 An
2473 1809 2674 1882 potius
2724 1809 2942 1880 jugum
2987 1805 3236 1879 quidem
3288 1820 3471 1861 suave
3518 1807 3630 1870 est,

239 1894 305 1942 τὸ
350 1895 564 1963 φορτίον
603 1893 750 1943 ἐστὶν
805 1890 1020 1964 ἐλαφρόν
1051 1909 1068 1924 ⁸
1124 1892 1395 1966 τολμηρῶς
1426 1891 1478 1946 δ’
1509 1893 1872 1966 ἕπηυχενισοί-

239 1999 355 2052 μην
439 1979 615 2046 αὐτὸς,
693 1984 784 2032 καὶ
857 1983 1005 2054 παρὰ
1077 1987 1230 2034 τοῦτο
1305 1990 1397 2043 τῆς
1449 1982 1690 2056 ἐλαφρίας
1751 1980 1876 2036 οὐδὲ

236 2073 622 2144 πεπείραμαις
660 2067 721 2120 Ὀ
757 2071 858 2144 γὰρ
917 2073 990 2144 μὴ
1030 2074 1115 2122 τὸν
1171 2074 1398 2146 σταυρόν
1451 2071 1528 2124 ἐπ’
1561 2076 1699 2144 ὦμον
1739 2071 1874 2146 ἆρά-

239 2177 399 2230 μενος
474 2161 729 2232 πρότερον
805 2163 894 2211 καὶ
968 2163 1088 2229 περὶ
1164 2164 1254 2219 τὴν
1329 2165 1592 2234 κοσμικὴν
1688 2159 1874 2234 ἀργίαν

243 2251 520 2320 γενόμενος
573 2246 810 2322 ἐντριϐὴς
861 2256 969 2309 πῶς
1025 2247 1085 2300 ἂν
1130 2254 1222 2302 καὶ
1279 2253 1367 2302 τόν
1436 2251 1637 2323 αὐχένα
1674 2250 1871 2312 κλίνας,

245 2339 311 2389 τό
365 2343 572 2410 πνεῦμα
625 2338 934 2411 παράθηται
986 2345 1060 2410 τῷ
1125 2339 1333 2416 Πατρί,
1383 2339 1491 2394 ἐπεὶ
1547 2344 1637 2393 καὶ
1674 2349 1771 2404 τῆς
1827 2339 1874 2393 ἒν

249 2433 332 2496 τῷ
361 2423 540 2498 ἀγαθῷ
595 2424 836 2500 βασίμου
883 2423 1139 2502 ἱδρύσεως
1179 2431 1237 2482 τὸ
1279 2433 1524 2503 ποτήριον
1549 2433 1878 2506 προτεθείται

251 2518 353 2567 καὶ
392 2518 447 2566 τὸ
484 2513 789 2589 βάπτισμα.
837 2515 906 2568 Ὢ
935 2511 1288 2590 δυσμήχανος
1337 2518 1530 2594 ἐχθρὸς
1570 2522 1595 2572 ό
1649 2521 1878 2593 ἀρχαῖος

253 2603 520 2677 πολέμιος,
551 2604 604 2666 ὃς
634 2609 723 2657 τόν
763 2607 853 2678 μεν
907 2601 1114 2658 δίκαιον
1145 2605 1428 2670 ἐξαιτεῖται
1459 2623 1474 2638 ⁶
1506 2608 1563 2661 ού
1602 2611 1705 2682 γὰρ
1733 2611 1754 2645 9
1787 2608 1879 2661 αύ-

250 2695 408 2748 τόθεν
444 2695 694 2770 πειράσαι
749 2691 1040 2753 δεδύνηται
1070 2706 1084 2725 ⁸
1139 2699 1227 2750 τόν
1278 2694 1330 2750 δ’
1382 2697 1549 2759 ἄλλως
1589 2696 1873 2772 ἁϐελτερον,

253 2788 350 2837 καὶ.
405 2791 680 2839 καταπιεῖν
743 2781 1072 2856 δοκιμάζειί
1133 2786 1192 2840 Εἰ
1254 2783 1313 2840 δὲ
1368 2792 1488 2862 περὶ
1555 2789 1695 2859 ἡμᾶς
1743 2787 1879 2842 οὕτω

244 2878 372 2935 τοὺς
402 2873 775 2948 ἀφελεστίρους
814 2879 905 2928 καὶ
933 2878 1058 2938 τοὺς
1093 2883 1299 2952 μικροῖς
1348 2876 1722 2949 παλαίσμασιν
1755 2877 1865 2931 ίτοι

246 2983 392 3037 μους
430 2971 738 3016 καταπεσεῖν
784 2963 969 3027 ἡλίκος
1025 2963 1088 3017 ἂν
1138 2964 1428 3026 ἐνσκήπτοι
1484 2974 1593 3028 τοῖς
1637 2965 1881 3039 μεγάλοις

249 3051 583 3126 ἀγωνισταῖς
644 3059 730 3107 καὶ
785 3054 948 3117 ὄντως
1010 3051 1430 3132 σταδιοδρόμοις
1493 3063 1587 3110 τοῦ
1645 3058 1881 3130 πνεύμα-

246 3162 339 3205 τος
361 3161 377 3211 ;

317 3250 384 3308 κ’.
427 3253 500 3306 Τό
547 3271 608 3323 γε
660 3255 762 3324 μὴν
802 3251 922 3325 ἐμὸν
959 3251 1030 3314 εἰς
1081 3251 1388 3326 ἀμηχανίαν
1439 3252 1526 3326 ἔμε
1580 3255 1856 3328 περιίστηο

245 3360 340 3394 σεν
373 3357 388 3370 ’
447 3340 505 3393 ού
541 3344 646 3416 γὰρ
697 3339 848 3414 εἶχον
887 3340 1266 3402 ἇιποοκοπῆσαι
1301 3345 1432 3416 πρὸς
1489 3343 1624 3395 οὕτω
1651 3348 1864 3417 γενόμε-

247 3449 341 3483 νον
388 3431 556 3503 ἕτερον
587 3444 603 3460 ⁶
665 3426 792 3484 ούδέ
827 3451 911 3494 τις
947 3436 1123 3507 πατὴρ
1175 3429 1327 3504 ἔγγὺς
1374 3429 1500 3486 ούδί
1542 3453 1618 3493 τις
1674 3436 1866 3506 μείζων

244 3515 474 3592 ἀδελφὸς
527 3527 599 3591 τῷ
666 3517 807 3591 λόγῳ
868 3523 959 3572 καὶ
1024 3526 1090 3592 τῇ
1167 3523 1327 3595 πείρᾳ
1380 3517 1749 3594 δοκιμασθεὶς,
1810 3523 1873 3572 ἶν’

241 3610 550 3662 ύπόθοιντο.
619 3612 721 3662 Καὶ
782 3604 844 3667 ἦν
896 3609 989 3682 μεν
1056 3613 1116 3662 τὸ
1169 3615 1392 3685 πρᾶγμα
1427 3610 1556 3683 ὑπερ
1602 3614 1696 3668 τὴν
1747 3609 1874 3682 ἐμὴν

248 3698 461 3770 σκέψιν,
527 3703 619 3750 καὶ
683 3701 923 3770 μείζονος
999 3693 1314 3772 δεδεημένον
1374 3703 1465 3751 καὶ
1525 3702 1684 3761 ὄντως
1755 3699 1876 3771 ὑμεο

248 3791 431 3861 τέρας,
471 3784 512 3839 ὦ
565 3789 727 3863 πάτερ
785 3791 878 3840 καὶ
924 3784 1162 3861 ἀδελφοὶ,
1220 3797 1317 3850 τῆς
1361 3787 1413 3840 ἕν
1454 3791 1706 3860 πνεύματι
1747 3784 1874 3842 δια-

250 3881 501 3951 κρίσεως.
576 3882 676 3934 Καὶ
750 3879 994 3949 ἠγνόησα
1066 3873 1184 3930 οὐδ’
1237 3877 1415 3947 αὐτὸς,
1492 3881 1678 3954 καίπερ
1755 3873 1875 3930 οὐδ’

247 3969 415 4039 ἔγνων
489 3969 555 4027 ὡς
624 3966 686 4018 ἂν
763 3965 1031 4040 ἐπιχειροῖ
1101 3985 1205 4020 τινι
1277 3973 1398 4043 περὶ
1465 3970 1660 4020 τούτων
1717 3969 1871 4041 ἔργῳο

253 4057 486 4129 Ἐθέμην
537 4052 595 4108 δὲ
655 4055 842 4129 ἀργίαν
889 4059 1028 4109 κατὰ
1095 4060 1312 4126 σκοπόν,
1365 4058 1459 4119 ἕως
1525 4056 1585 4108 ἂν
1638 4057 1872 4129 ἐξενέγκῃ

242 4146 427 4219 ψῆφον
465 4146 577 4219 μετ’
616 4145 1032 4218 ἔπιστημονικῆς
1093 4143 1416 4218 δοκιμασίας
1453 4148 1485 4205 ἡ
1529 4151 1871 4205 κοινωνητική

247 4244 359 4289 τῶν
401 4243 499 4288 τοῦ
547 4235 707 4306 λόγοῦ
745 4240 1088 4309 προεστώτων
1147 4237 1440 4309 όμοτονοία.
1473 4236 1608 4290 Ἀλλ’
1650 4239 1680 4294 ἡ
1735 4235 1875 4312 βαρ-

247 4325 446 4400 ϐαρικὴ
490 4325 723 4387 ἱπίθεσις
748 4329 839 4378 καὶ
884 4327 914 4383 ἡ
964 4324 1156 4397 ἄλογος
1207 4324 1324 4398 βία,
1377 4331 1467 4378 καὶ
1506 4330 1563 4378 τὸ
1595 4324 1875 4398 ἀναγκαῖον

243 4423 339 4468 τοῦ
381 4419 683 4489 χρήματος,
725 4419 816 4467 καὶ
852 4417 912 4466 τὸ
942 4412 1028 4487 ἀφ’
1075 4415 1218 4488 ὑμῶν
1272 4411 1544 4487 δυστυχὲς
1599 4411 1878 4487 διάστημα

249 4507 316 4564 ὡς
345 4504 449 4556 ἀπὸ
503 4512 607 4556 τῶν
658 4503 861 4556 κόλπων
899 4510 991 4556 τοῦ
1023 4502 1285 4578 Ἀϐραὰμ,
1341 4508 1399 4556 τὸ
1451 4511 1547 4566 τῆς
1593 4510 1873 4560 κακώσεως
1910 4544 1954 4600 D

257 4589 538 4667 δυσχερές.
599 4597 699 4645 Καὶ
771 4594 862 4654 τὰς
938 4592 1131 4661 αἰτίας,
1193 4592 1236 4645 εἰ
1312 4591 1566 4666 βούλεσθε
1639 4593 1865 4666 ἀκούειν,

258 4681 438 4752 ἔχοίμ’
481 4681 539 4732 ἂν
590 4681 777 4753 λέγειν.
830 4681 894 4734 Εἰ
941 4685 1032 4755 μὲν
1071 4684 1284 4758 ἄκυρος,
1321 4688 1502 4756 φησὶν,
1545 4685 1574 4741 ἡ
1609 4684 1880 4756 νομισθεῖ-

263 4787 339 4822 σα
375 4773 702 4846 χειροθεσία,
744 4769 872 4824 ἀλλὰ
924 4774 990 4825 σὺ
1028 4779 1312 4832 κανονικῶς
1340 4776 1628 4848 χειροτόνει
1654 4787 1668 4802 ⁶
1724 4772 1770 4826 εἰ
1816 4768 1879 4838 δὲ

258 4866 528 4923 κατοκνεῖς
597 4863 657 4913 τὸ
733 4863 900 4936 ἔργον,
960 4863 1019 4914 ἴα
1085 4864 1362 4936 ἱερατεύειν
1444 4865 1566 4924 τοὺς
1641 4864 1880 4916 ὁπωσοῦν

257 4947 551 5012 ἀξιωθῆναι
623 4953 962 5022 νομίσαντας.
1037 4958 1200 5005 Τοῦτο
1265 4954 1354 5024 μεν
1429 4951 1525 5004 οὐκ
1585 4950 1646 5002 ἂν
1701 4951 1880 5018 αὐτὸς,

261 5041 410 5112 ἔφην,
465 5041 730 5098 ὑποσταίη
792 5043 938 5108 ποτε,
1010 5041 1147 5094 οὕτω
1213 5037 1427 5095 διδόναι
1480 5043 1698 5103 τούτους
1745 5042 1880 5115 ἱερᾶ-

265 5131 416 5197 σθαι,
473 5130 500 5183 6
542 5134 638 5184 καὶ
690 5138 764 5201 τῷ
823 5134 1148 5204 γεγενημένῳ
1187 5127 1463 5205 δυσφόρως
1516 5133 1698 5203 ἔχων·
1756 5149 1880 5203 χει-

251 5228 486 5299 ροτονεῖν
527 5217 589 5274 δι
628 5228 740 5282 πῶς
787 5217 849 5272 ἂν
888 5220 983 5274 ούκ
1031 5221 1311 5294 ὀκήσαιμι,
1344 5219 1439 5274 οὐκ
1489 5219 1646 5274 ἐκεῖνο
1689 5215 1879 5282 δεδιὼς

250 5317 326 5386 μή
373 5329 506 5365 ποτε
551 5315 644 5364 καὶ
704 5308 1122 5386 ἆναχειροτονεῖν
1182 5307 1436 5384 δοξαιμι;
1494 5312 1614 5386 ὅπερ
1665 5312 1691 5364 6
1751 5313 1884 5383 ἱερὸς

259 5396 634 5474 ἄπεδοκιμασε
671 5403 852 5472 νόμος.
886 5423 914 5451 ιι
933 5399 1077 5454 Ὅσα
1094 5403 1196 5475 γὰρ
1228 5401 1255 5454 ό
1283 5406 1437 5474 νόμος
1465 5401 1623 5473 λέγει,
1650 5407 1758 5461 τοῖς
1783 5401 1884 5453 ὑπὸ

263 5495 422 5564 νόμον
447 5490 615 5546 λαλεΡ
650 5511 682 5545 n
733 5493 828 5544 καὶ
863 5491 895 5549 ἡ
946 5488 1351 5566 ἂναχειροτονία
1398 5486 1577 5559 δῆθεν,
1611 5489 1655 5544 εί
1683 5508 1885 5544 κανονι-

346 5728 371 5765 9
403 5729 546 5787 Luc.
580 5730 731 5798 xxii,
765 5729 854 5782 3i.
934 5725 982 5762 ¹⁰
1005 5726 1179 5784 Rom.
1210 5739 1293 5799 lu,
1327 5728 1411 5782 19.

1979 1906 2038 1958 et
2061 1916 2216 1956 onus
2238 1899 2389 1970 leve,
2423 1913 2537 1969 ego
2581 1913 2725 1955 vero
2763 1895 3182 1954 contumacius
3222 1892 3446 1951 collum
3494 1892 3636 1949 sub-

1980 1992 2144 2060 duxi,
2195 1990 2454 2064 ideoque
2501 2003 2613 2046 nec
2657 1988 2956 2045 levitatem
2984 1985 3142 2042 illius
3172 1983 3443 2056 agnovi?
3482 1985 3636 2039 Nam

1981 2082 2088 2154 qui
2117 2097 2354 2136 crucem
2402 2078 2672 2136 humeris
2723 2092 2848 2135 non
2898 2075 3048 2143 tulit,
3099 2077 3156 2132 et
3200 2074 3264 2130 in
3319 2071 3638 2129 mundana

1981 2171 2226 2240 ignavia
2244 2174 2520 2227 versatus
2547 2172 2658 2234 est,
2679 2165 2991 2240 quomodo
3023 2163 3317 2221 cervicem
3337 2160 3638 2219 inclinans

1982 2260 2257 2333 spiritum
2283 2258 2437 2316 Patri
2461 2256 2878 2315 commendet?
2897 2251 3402 2326 Quandoquidem
3427 2254 3484 2308 et
3502 2240 3641 2308 ante

1984 2347 2196 2406 stabile
2236 2349 2299 2404 in
2323 2348 2488 2405 bono
2507 2346 2994 2412 fundamentum,
3023 2341 3177 2400 calix
3203 2339 3561 2413 proponitur
3584 2342 3642 2395 et

1982 2438 2307 2512 baptisma.
2352 2437 2608 2494 Callidus
2645 2436 2855 2505 hostis,
2891 2438 2950 2491 et
2975 2432 3210 2506 priscus
3251 2429 3640 2488 adversarius

1980 2530 2213 2602 justum
2241 2528 2552 2584 hominem
2579 2526 2830 2598 expetit;
2867 2539 3064 2596 neque
3085 2522 3246 2578 enim
3274 2520 3392 2576 illic
3412 2521 3641 2576 tentare

1984 2619 2178 2692 potuit
2199 2621 2254 2684 9;
2287 2623 2349 2675 at
2375 2616 2686 2674 hominem
2710 2629 2818 2687 per
2846 2628 2908 2669 se
2932 2611 3276 2679 vecordem,
3296 2607 3642 2666 vorandum

1987 2709 2167 2765 etiam
2191 2706 2511 2764 existimat.
2547 2703 2719 2770 Quod
2747 2703 2795 2758 si
2816 2701 2964 2759 tales
2992 2699 3278 2756 adversus
3301 2713 3415 2754 nos
3446 2699 3539 2754 est
3563 2699 3644 2753 te-

1987 2799 2229 2856 nuiores
2258 2800 2316 2852 et
2343 2794 2574 2851 levibus
2614 2806 2860 2864 quoque
2886 2787 3317 2846 certaminibus
3358 2801 3643 2843 succum-

1987 2889 2130 2945 bere
2151 2885 2382 2951 solitos,
2409 2886 2673 2957 quantus
2696 2881 2793 2938 ille
2816 2880 3058 2950 ingruet
3085 2877 3325 2947 magnis
3377 2873 3636 2943 athletis,

1987 2983 2047 3036 et
2074 2991 2214 3034 vere
2231 2975 2295 3032 in
2325 2973 2569 3047 spiritus
2601 2969 2797 3030 stadio
2825 2966 3203 3026 currentibus
3222 2967 3250 3022 ?

2051 3251 2144 3304 29.
2160 3245 2248 3302 Ad
2267 3258 2366 3300 me
2388 3241 2557 3315 quod
2583 3239 2809 3306 attinet,
2824 3239 2886 3295 in
2909 3234 3363 3310 perplexitatem
3382 3247 3637 3306 prorsus

1981 3337 2205 3394 incurri
2237 3351 2249 3390 :
2281 3349 2406 3390 non
2433 3333 2594 3388 enim
2620 3329 2701 3387 ad
2730 3328 2916 3386 alium
2945 3324 3225 3399 quemvis
3256 3322 3357 3380 tali
3386 3321 3450 3378 in
3477 3321 3638 3378 facto

1981 3427 2282 3500 respicere
2333 3426 2652 3495 poteram:
2693 3433 2890 3491 neque
2932 3415 3149 3488 aliquis
3184 3417 3358 3487 pater
3410 3410 3640 3500 aderat,

1981 3531 2182 3589 neque
2209 3513 2408 3584 major
2431 3511 2631 3581 frater,
2661 3507 2934 3565 doctrina
2953 3511 3011 3562 et
3038 3501 3405 3577 experientia
3421 3499 3643 3589 proba-

1985 3588 2100 3673 tus,
2127 3605 2236 3677 qui
2280 3600 2598 3658 consilium
2646 3596 3120 3670 suppeditarent.
3153 3595 3410 3663 Eratque
3459 3588 3643 3661 plane

1985 3711 2171 3768 supra
2201 3707 2402 3749 meam
2447 3687 2905 3759 intelligentiam
2951 3683 3286 3754 negotium,
3312 3697 3383 3738 ac
3411 3678 3643 3750 majore

1984 3766 2274 3856 indigens,
2308 3793 2572 3852 vereque
2601 3781 2820 3839 vestra,
2853 3792 2892 3833 o
2919 3777 3092 3848 pater
3121 3776 3178 3829 et
3204 3771 3438 3838 fratres,
3468 3766 3642 3841 spiri-

1984 3874 2087 3932 tali
2117 3870 2490 3930 discretione.
2546 3871 2749 3940 Neque
2785 3866 2914 3938 ipse
2937 3861 3232 3934 ignoravi,
3283 3871 3644 3932 quanquam

1983 3963 2152 4020 haud
2181 3974 2474 4017 noveram
2499 3957 2622 4014 fore
2651 3959 2719 4012 ut
2745 3954 2994 4026 aliquod
3025 3948 3326 4022 ejusmodi
3362 3961 3519 4019 opus
3545 3943 3644 4000 ille

1985 4051 2432 4124 aggrederetur.
2465 4049 2535 4104 Et
2560 4046 2751 4103 otium
2787 4041 3118 4114 interposui
3141 4037 3428 4104 studiose,
3449 4035 3645 4092 donec

1983 4161 2108 4202 non
2156 4143 2282 4199 sine
2321 4140 2617 4213 prudente
2657 4135 3062 4208 experimento
3092 4128 3450 4200 suffragium
3470 4126 3648 4183 ferret

1984 4232 2328 4292 communis
2359 4230 2595 4287 illorum
2622 4227 2726 4300 qui
2744 4223 3062 4294 Evangelio
3084 4222 3355 4294 praesunt
3377 4214 3646 4290 aaquabi-

1985 4326 2138 4382 litas.
2175 4323 2288 4380 Sed
2317 4318 2639 4378 barbarica
2670 4314 2952 4383 incursio,
2975 4315 3033 4368 et
3051 4313 3272 4368 insana
3300 4307 3408 4378 vis,
3450 4310 3508 4363 et
3534 4319 3645 4362 ne-

1986 4414 2130 4485 gotii
2176 4409 2533 4474 necessitas,
2561 4411 2618 4463 et
2659 4404 2864 4462 infelix
2915 4418 3055 4459 mea
3105 4417 3141 4457 a
3169 4398 3342 4456 vobis
3371 4393 3648 4453 absentia

1983 4484 2277 4576 tanquam
2307 4501 2386 4557 ab
2435 4495 2767 4554 Abrahami
2797 4493 2952 4565 sinu,
2978 4505 3265 4548 aarumme
3304 4484 3647 4544 molestiam

1989 4573 2283 4666 gravavit.
2319 4589 2474 4656 Quin
2504 4590 2563 4642 et
2591 4599 2827 4652 causas,
2861 4583 2910 4638 si
2940 4580 3127 4639 avetis
3149 4577 3379 4646 audire,
3406 4573 3645 4632 dicam:

1994 4662 2051 4740 ei
2098 4682 2263 4737 irrita
2286 4683 2392 4746 est,
2421 4677 2680 4742 aiebam,
2715 4673 2818 4730 illa
2863 4687 3001 4744 quae
3035 4668 3294 4726 creditur
3321 4662 3647 4730 ordinatio,

1989 4777 2055 4828 tu
2081 4769 2330 4844 quidem
2361 4764 2649 4824 canonice
2701 4761 2935 4818 ordina.
2973 4759 3074 4817 Sin
3124 4757 3187 4814 id
3217 4770 3404 4826 agere
3423 4751 3648 4822 renuis,

1992 4841 2121 4918 sine
2145 4875 2250 4916 eos
2277 4855 2612 4915 sacerdotio
2654 4851 2826 4922 fungi
2851 4850 2955 4923 qui
2983 4852 3292 4919 utcunque
3317 4860 3381 4902 se
3414 4841 3653 4900 ordina-

1995 4957 2087 5008 tos
2113 4943 2660 5017 existimant.Atqui
2683 4943 2798 4999 hoc
2822 4952 3216 5012 nequaquam
3236 4933 3354 5003 ille,
3386 4931 3649 4996 aiebam,

1991 5042 2137 5097 feret
2199 5052 2496 5110 unquam,
2559 5048 2756 5106 neque
2821 5029 2914 5086 his
2965 5025 3268 5099 permittet
3315 5018 3654 5110 sacerdotio

1991 5129 2181 5199 fungi,
2224 5107 2328 5201 qui
2366 5129 2424 5183 et
2459 5124 2688 5180 factum
2727 5134 2889 5190 aegro
2927 5116 3132 5174 animo
3183 5113 3314 5169 fert.
3367 5107 3656 5201 Ordinare

1993 5196 2198 5278 autem
2243 5196 2458 5291 quidni
2495 5216 2829 5280 cunctarer,
2869 5221 3069 5279 neque
3107 5203 3380 5261 timerem
3420 5196 3658 5272 quomi-

1994 5327 2110 5367 nus
2144 5287 2295 5366 forte
2314 5307 2532 5363 iterum
2553 5301 2832 5359 ordinare
2861 5297 3094 5354 viderer
3113 5295 3142 5351 Ἰ
3165 5292 3333 5366 quod
3365 5305 3543 5348 sacra
3561 5287 3659 5344 lex

1994 5405 2193 5457 vetat:
2223 5419 2252 5448 ‹‹
2292 5400 2443 5454 Nam
2481 5403 2863 5467 quaecunque
2901 5386 2997 5442 lex
3025 5383 3312 5457 loquitur,
3343 5381 3415 5438 iis
3451 5377 3558 5452 qui
3594 5377 3660 5433 in

1992 5491 2126 5562 lege
2158 5491 2298 5546 sunt
2314 5465 2582 5560 loquitur
2606 5483 2678 5538 ιο.
2717 5501 2744 5530 »
2775 5479 3223 5551 Proptereaque
3260 5473 3472 5531 iterata
3509 5465 3665 5527 ordi-
