4134 6386
514 346 620 401 407

1672 343 2028 402 THEODORI
2064 340 2346 401 ALANIIE
2385 344 2717 405 EPISCOPI.

3762 351 3877 407 408

510 467 696 534 natio,
746 465 1083 523 dummodo
1135 467 1270 541 quis
1308 469 1596 525 canonice
1635 473 1813 525 antea
1849 467 2162 524 ordinatus

2281 476 2373 532 πῶς
2407 488 2488 532 τις
2512 479 2712 546 πρῶτον
2760 471 3135 546 ἐχειροθετεῖτο
3161 476 3232 537 ὡς
3258 476 3318 527 τὸ
3348 474 3441 527 οὐκ
3491 472 3564 546 ἐφ’
3591 476 3716 545 ἡμῖν
3746 487 3760 504 ⁸
3792 477 3881 535 τίς

508 555 703 627 fuerit,
747 555 909 627 apud
938 571 1051 611 nos
1096 571 1219 612 non
1262 557 1626 626 agnoscitur.
1667 557 1806 623 Quis
1830 556 2162 613 ordinatio-

508 658 650 698 nem
682 644 981 700 existimet
1005 644 1084 700 ab
1106 661 1177 700 eo
1198 646 1465 718 ﬁeri,qui
1494 647 1750 716 gratiam
1781 661 1903 702 non
1933 644 2165 715 accepit

515 747 705 806 quam
742 734 1012 789 vicissim
1050 735 1475 807 impertiatur?

582 827 674 878 2t.
716 822 908 894 Atque
946 823 1077 878 haec
1116 824 1174 878 in
1216 829 1583 891 transcursu,
1626 830 1801 896 prout
1852 840 2022 879 sacra
2062 823 2166 878 do-

512 911 707 967 ctrina
748 911 945 967 tradit.
989 911 1098 967 Sed
1140 912 1307 984 quod
1347 914 1668 969 absurdius
1707 919 1814 978 est,
1847 913 2169 968 videbatur

509 1000 624 1057 illis
684 1000 827 1055 satis
884 1001 945 1055 id
1003 1016 1157 1070 esse,
1201 1002 1645 1074 quantumlibet
1679 1002 1988 1075 quispiam
2025 1000 2168 1058 hinc

514 1090 839 1146 falleretur.
865 1093 992 1145 Non
1021 1091 1136 1147 hoc
1166 1091 1361 1162 igitur,
1397 1091 1503 1147 sed
1539 1093 1684 1164 quia
1712 1093 1773 1148 in
1801 1091 1951 1161 legis
1984 1089 2168 1146 viola-

514 1180 743 1235 tionem
784 1179 1119 1237 inciderant
1153 1179 1406 1252 profane
1439 1181 1777 1237 sacerdotio
1800 1180 2119 1251 fungentes
2151 1193 2164 1230 :

514 1274 572 1327 et
584 1285 728 1326 sane
745 1269 1206 1325 insusurrabant
1226 1270 1425 1325 surdis
1442 1274 1498 1327 et
1518 1270 1863 1326 carnalibus
1881 1286 2017 1342 quae
2033 1271 2174 1324 sunt

515 1359 784 1432 spiritus.
810 1361 893 1414 Me
923 1362 1123 1414 tamen
1145 1374 1267 1414 non
1289 1364 1413 1415 tam
1446 1360 1660 1415 insana
1686 1359 1925 1415 illorum
1948 1357 2174 1414 violen-

515 1450 617 1515 tia,
640 1464 825 1521 quam
857 1463 1079 1520 urgens
1104 1448 1187 1503 rei
1212 1450 1565 1521 necessitas,
1594 1449 1891 1522 permovit
1919 1465 1932 1503 :
1960 1470 1988 1498 «
2023 1451 2168 1504 Nam

512 1538 748 1605 messis,
790 1537 985 1609 inquit
1022 1537 1429 1609 Evengelium,
1473 1537 1666 1594 multa
1697 1554 1709 1603 ;
1769 1537 2032 1610 operarii
2069 1552 2171 1591 au-

511 1633 635 1684 tem
674 1626 955 1698 pauci“;
1001 1645 1027 1674 ›
1067 1642 1500 1700 quamcunque
1547 1626 1798 1682 demum
1837 1626 1973 1699 quis
2012 1625 2174 1680 dicat

510 1717 671 1772 hanc
692 1718 1039 1783 messem,et
1065 1730 1466 1788 quoscunque
1489 1715 1602 1771 hos
1624 1716 1956 1788 operarios.
1975 1713 2170 1769 Audio

510 1805 674 1861 enim
704 1804 1121 1877 peregrinatos
1148 1804 1171 1859 t
1174 1804 1332 1860 uisse
1353 1804 1685 1878 aliquando
1707 1804 1887 1862 etiam
1918 1803 2169 1877 patriar-

514 1893 664 1950 chas
692 1892 845 1958 illas,
887 1892 994 1965 qui
1019 1898 1077 1949 et
1116 1893 1228 1949 Sibi
1259 1909 1449 1966 panes
1473 1893 1802 1963 habebant,
1847 1898 1904 1950 et
1935 1895 2171 1966 jumen-

513 1982 589 2039 tis
618 1981 867 2055 pabula.
896 1985 1098 2054 Neque
1123 1981 1390 2055 profecto
1409 1997 1522 2039 nos
1550 1982 1755 2054 rejicit,
1773 1982 2009 2055 corpori
2037 1982 2173 2038 licet

514 2076 807 2144 terraeque
860 2070 1115 2138 deditos,
1166 2071 1366 2127 bonus
1396 2071 1491 2128 ille
1523 2071 1821 2141 agricola;
1872 2076 2167 2144 pastores,

511 2161 767 2235 inquam
794 2163 850 2216 et
889 2175 1123 2230 greges,
1144 2164 1201 2216 et
1224 2175 1489 2231 congrue
1527 2161 1693 2218 alteri
1723 2161 1978 2218 alterum
2021 2161 2170 2218 assi-

514 2256 694 2321 gnat;
734 2249 856 2319 tali,
906 2250 1179 2322 inquam,
1223 2251 1431 2319 messi,
1473 2250 1622 2308 tales
1670 2252 2001 2324 operarios.
2044 2253 2168 2322 Ego

507 2339 694 2411 igitur
721 2339 805 2394 ita
834 2342 1223 2411 comparatus
1255 2354 1445 2409 eram,
1484 2345 1553 2397 ut
1587 2340 1734 2396 nihil
1779 2342 2010 2414 absque
2039 2356 2167 2396 ves-

512 2434 603 2485 tro
634 2426 882 2484 consilio
918 2443 1118 2485 essem
1139 2432 1401 2485 acturus.

578 2611 671 2664 2'2.
696 2607 809 2663 Sed
842 2607 985 2679 quia
1013 2622 1193 2662 nemo
1214 2607 1325 2663 vias
1355 2608 1747 2664 intermedius
1771 2613 1919 2676 erat,
1947 2612 2003 2663 et
2031 2623 2162 2679 pro-

511 2711 648 2768 pera
661 2711 732 2751 ns
751 2696 1061 2765 negotium
1094 2695 1389 2766 urgebat;
1422 2712 1565 2752 nam
1601 2696 1872 2752 Ecclesiae
1893 2712 2168 2752 commu-

507 2785 681 2841 nitati
720 2783 1053 2857 periculum
1082 2785 1496 2858 impendebat,
1529 2787 1759 2843 cunctis
1778 2785 1859 2842 ita
1883 2786 2164 2853 inﬁrmis,

509 2873 799 2946 nulloque
825 2874 902 2930 ad
932 2873 1302 2930 sacerdotale
1332 2873 1598 2930 ofﬁcium
1636 2874 1856 2930 idoneo
1900 2874 2026 2942 iam
2069 2889 2187 2931 ex-,

511 2968 704 3019 stante
746 2963 989 3034 (dicam,
1032 2967 1090 3019 et
1126 2979 1236 3019 vos
1276 2962 1424 3018 mihi
1462 2961 1789 3032 indulgete)
1824 2980 1836 3017 :
1872 2977 1997 3018 non
2039 2962 2166 3017 sine

514 3052 811 3119 examine,
852 3068 963 3107 nec
989 3051 1126 3119 cito,
1151 3052 1255 3107 sed
1290 3056 1493 3107 tamen
1533 3067 1750 3107 manus
1780 3051 2040 3123 denique
2072 3050 2165 3106 his

2276 560 2376 633 γὰρ
2408 565 2736 634 χειροτονίαν
2757 560 3030 634 λογίσαιτο
3060 566 3205 639 παρὰ
3228 570 3319 617 τοῦ
3345 568 3416 636 μὴ
3442 562 3688 624 λαϐόντος
3711 565 3882 638 χάριν

2273 652 2337 709 ὡς
2367 653 2456 701 καὶ
2495 645 2706 702 διδόναι
2732 666 2746 718 ;

2345 828 2451 882 κα’.
2515 834 2613 882 Καὶ
2668 838 2835 881 ταῦτα
2871 826 3287 905 παροδευτικῶς,
3342 832 3408 892 ὡς
3466 833 3492 883 6
3546 830 3696 904 λόγος
3750 827 3887 888 ἐδή-

2276 916 2411 970 λωσε
2444 939 2455 950 -
2503 921 2562 969 τὸ
2595 914 2645 970 δ’
2688 918 3026 994 ἀτοπώτερον,
3070 922 3137 981 ὡς
3190 917 3362 983 ἔδοξεν
3413 919 3474 972 ἆν
3530 924 3736 983 τούτοις
3769 922 3891 973 ἱκα-

2275 1014 2372 1068 νῶς
2418 1008 2579 1077 ἔχειν,
2639 1006 2733 1059 κᾶν
2773 1009 2920 1070 ὅστις
2974 1008 3163 1070 αὐτούς
3221 1013 3313 1061 καὶ
3369 1010 3503 1069 ὅπως
3541 1008 3758 1080 ἀπατῴη
3824 1011 3889 1060 τὸ

2280 1093 2381 1147 ἀπὸ
2429 1092 2604 1147 τοῦδε.
2663 1096 2740 1148 Ou‘
2779 1104 2933 1149 τοῦτο
2979 1101 3171 1164 τοίνυν,
3205 1095 3313 1149 ἀλλ’
3339 1098 3421 1149 ὅτι
3457 1117 3552 1173 περ
3610 1098 3675 1158 εἰς
3713 1116 3891 1172 παρα-

3636 1186 3765 1257 ἐπεψ
3776 1188 3894 1239 ιθύ-

2279 1273 2426 1346 ριζον
2476 1270 2536 1326 δὲ
2592 1276 2697 1347 ἄρα
2742 1294 2885 1349 παρα
2943 1283 3137 1348 κωφοῖς
3192 1281 3282 1328 καὶ
3331 1284 3436 1338 τοῖς
3486 1284 3758 1352 σαρκικοῖς
3823 1279 3896 1329 τὰ

2279 1370 2372 1414 τοῦ
2426 1366 2744 1435 Πνεύματος.
2779 1365 2898 1436 Ἐμὲ
2939 1361 2998 1418 6":
3034 1364 3093 1416 ού
3146 1372 3397 1418 τοσοῦτον
3445 1367 3476 1423 ἡ
3518 1364 3704 1437 ἄλογός
3758 1363 3897 1417 ἐκεί-

2279 1471 2376 1503 νων
2441 1453 2609 1505 ἔπειθε
2677 1450 2790 1525 βία,
2849 1455 2914 1514 ὡς
2977 1456 3036 1505 τὸ
3100 1461 3403 1526 κατεπεῖγον
3469 1458 3559 1507 καὶ
3603 1453 3896 1526 ἀναγκαῖον

2278 1548 2369 1592 τοῦ
2406 1543 2718 1615 πράγματος
2745 1558 2759 1572 ⁸
2800 1565 2819 1592 ι
2850 1541 2909 1594 Ὀ
2947 1544 3047 1617 γὰρ
3101 1544 3371 1618 θερισμὸς,
3406 1563 3434 1593 η
3466 1547 3617 1616 φησὶ,
3646 1565 3673 1593 ‹‹
3702 1541 3897 1608 πολὺς,

2282 1632 2331 1680 οἱ
2371 1625 2432 1681 δέ
2482 1628 2699 1704 ἐργάται
2747 1630 2959 1701 ὀλίγοι·
3022 1632 3065 1667 ¹¹
3136 1654 3157 1681 »
3219 1633 3394 1685 ὁποῖον
3452 1633 3513 1684 ἄν
3570 1652 3650 1694 τις
3705 1640 3900 1685 τοῦτον

2282 1720 2528 1793 θερισμὸν
2604 1724 2738 1773 εἴποι
2769 1765 2783 1791 ,

2277 1189 2460 1257 νομίαν
2508 1184 2830 1238 κατώλισθον
2880 1190 2939 1238 τὸ
2979 1185 3189 1261 ἁνιερῶς
3243 1189 3536 1261 ὶερατεῦσαι
3569 1202 3580 1215 ⁸

2861 1725 2952 1773 καὶ
3025 1723 3235 1783 ὁποίους
3310 1725 3529 1783 τούτους
3603 1720 3829 1796 ἐργάτας
3876 1737 3891 1750 ⁸

2282 1805 2455 1859 ἀκούω
2510 1810 2608 1881 γὰρ
2667 1806 3078 1881 ἐπιξενουμένους
3115 1814 3205 1862 καὶ
3270 1811 3607 1886 πατριάρχας
3662 1808 3901 1872 ἐκείνους

2278 1900 2423 1965 ποτε,
2452 1903 2544 1950 καὶ
2575 1898 2773 1959 ἑαυτοῖς
2804 1901 3023 1970 ἔχοντας
3051 1900 3250 1972 ἄρτους
3286 1906 3377 1953 καὶ
3427 1907 3540 1963 τοῖς
3568 1903 3701 1961 ὄνοις
3752 1919 3901 1975 χορ-

2278 1988 2528 2060 τάσματα
2559 2005 2573 2019 ⁸
2616 1984 2741 2041 ούδέ
2791 1991 2892 2064 γὰρ
2953 1987 3078 2042 οὐδὲ
3129 1994 3247 2051 τοὺς
3304 1994 3772 2063 σωματικωτέρους
3797 1995 3901 2043 καὶ

2278 2081 2589 2150 προσγείους
2627 2078 2764 2150 ἡμᾶς
2794 2079 2819 2129 6
2849 2078 3004 2141 καλὸς
3062 2077 3426 2153 ἀποπέμπεται
3482 2082 3707 2154 γεωργὸς
3728 2100 3742 2112 ·
3774 2098 3900 2132 ποι-

2278 2169 2433 2237 μένας
2473 2167 2584 2238 ἅμα
2606 2171 2697 2219 καὶ
2721 2172 2959 2236 ποίμνια,
2991 2173 3081 2221 καὶ
3111 2167 3374 2241 ἀναλόγως
3412 2167 3640 2242 ἐκατέρῳ
3668 2172 3902 2242 προσνέ-

2276 2273 2390 2326 μειν
2434 2253 2690 2330 ἑκάτερον,
2741 2264 2813 2328 τῷ
2869 2252 3061 2327 τοιῷδε
3118 2259 3274 2331 θέρει,
3326 2261 3482 2329 φημὶ,
3516 2253 3767 2309 τοιούσδε
3800 2260 3903 2309 καὶ

2276 2347 2399 2406 τούς
2433 2342 2675 2419 ἐργάτας.
2712 2352 3060 2418 Παρασκευῆς
3095 2348 3186 2419 μὲν
3239 2341 3326 2398 οὖν
3358 2346 3515 2409 αὐτὸς
3543 2347 3707 2408 οὕτως
3737 2342 3895 2418 εἶχον

2276 2437 2367 2486 καὶ
2406 2439 2637 2507 γνώμης,
2698 2437 2767 2496 ὡς
2826 2432 2993 2508 μηδὲν
3050 2436 3170 2488 ἄνευ
3221 2444 3313 2496 τῆς
3349 2436 3494 2507 ὑμῶν
3544 2434 3904 2511 ἐργασόμενος

2275 2524 2560 2584 ὑποθήκης.

2346 2611 2452 2685 κβ.
2489 2614 2630 2665 Ἐπεὶ
2689 2610 2747 2665 δὲ
2805 2622 2977 2688 παρῆν
3027 2621 3123 2676 τῆς
3154 2610 3285 2667 ὀδοῦ
3310 2619 3533 2687 μεσίτης
3562 2610 3759 2682 οὐδεὶς,
3798 2618 3901 2666 καὶ

2272 2706 2415 2773 ταχὺ
2481 2706 2538 2754 τὸ
2604 2708 2827 2777 πρᾶγμα
2901 2708 3184 2775 κατήπειγε
3217 2719 3230 2734 ⁸
3301 2712 3372 2775 τῷ
3429 2706 3531 2779 γὰρ
3586 2711 3740 2773 κοινῷ
3789 2711 3900 2766 τῆς

2276 2791 2588 2853 Ἐκκλησίας
2627 2788 2865 2852 κίνδυνος
2920 2795 3246 2865 περιίστατο,
3292 2795 3500 2845 πάντων
3556 2793 3685 2845 οὕτω
3721 2790 3890 2843 151m-

2275 2879 2526 2952 ϐημένων,
2591 2885 2681 2933 καὶ
2745 2877 2972 2953 μηδενὸς
3031 2880 3188 2935 ἄλλου
3263 2878 3567 2939 ἐπιτηδείου
3644 2881 3897 2954 ἱεριῖισθοιι

2272 2973 2667 3044 παρευρημένου
2716 2970 2847 3042 (πῶς
2921 2969 2982 3022 ἂν
3049 2973 3196 3041 εἴπω,
3249 2976 3340 3024 καὶ
3409 2974 3679 3042 σύγγνωτέ
3750 2970 3895 3043 μοι).

2272 3058 2367 3111 ούκ
2427 3057 2796 3121 ἀϐασανίστως
2834 3062 2924 3132 μὲν
2964 3056 3089 3112 οὐδὲ
3140 3063 3368 3133 ταχέως,
3406 3059 3539 3118 πλὴν
3589 3060 3723 3132 ὅμως
3771 3065 3896 3132 χεῖ-

504 3142 775 3215 imposui
804 3158 818 3195 :
860 3141 1085 3197 docens
1121 3140 1320 3212 primo
1351 3145 1416 3195 ut
1441 3156 1613 3197 suam
1640 3140 1902 3212 priorem
1931 3144 2164 3196 senten-

2281 3168 2371 3209 οας
2431 3145 2726 3200 ἓπιτέθεικα
2790 3150 2998 3210 τούτοις
3028 3165 3041 3179 ⁸
3116 3148 3313 3201 ἑαυτῶν
3379 3157 3473 3211 τῆς
3537 3154 3747 3221 γνώμης
3805 3167 3899 3200 κα-

502 3232 652 3288 tiam
708 3229 1092 3294 damnarent,
1143 3233 1202 3285 et
1255 3234 1320 3283 ut
1386 3228 1809 3285 misericordiae
1874 3228 2158 3302 operibus

506 3322 698 3375 Deum
727 3333 838 3391 pro
866 3316 1095 3373 viribus
1132 3316 1481 3389 placarent;
1521 3334 1718 3391 neque
1758 3334 1970 3374 omnes
2007 3317 2162 3375 ordi-

509 3409 667 3481 navi,
703 3407 809 3464 sed
834 3423 1099 3481 quorum
1128 3408 1248 3465 vita
1284 3408 1559 3478 dignitati
1595 3424 1715 3465 non
1748 3409 2159 3482 repugnabat;

509 3498 793 3571 denique,
825 3497 992 3570 quod
1032 3497 1217 3569 pluris
1255 3497 1520 3563 interest,
1540 3498 1894 3568 ignorantite
1921 3498 2163 3554 illorum

506 3587 850 3660 indulgens,
918 3585 1218 3659 quidquid
1279 3587 1480 3658 majus
1545 3588 1865 3660 perfectius
1923 3587 2154 3643 deerat.

515 3680 645 3734 Heec
676 3677 724 3732 si
762 3676 914 3733 forte
941 3675 1107 3732 haud
1134 3675 1314 3747 digne
1345 3681 1482 3733 acta
1503 3682 1664 3744 sunt,
1693 3693 1832 3732 cum
1859 3675 2038 3733 venia
2057 3690 2167 3731 vos

511 3766 785 3838 corrigite
800 3785 817 3839 ς
849 3779 961 3838 ego
992 3765 1152 3821 enim
1174 3764 1235 3820 in
1267 3782 1523 3823 numero
1548 3770 1884 3840 vestrorum
1908 3765 2168 3838 discipu-

509 3859 712 3914 lorum
766 3873 863 3913 me
921 3871 1054 3912 esse
1112 3855 1417 3928 proﬁteor.
1461 3856 1634 3921 Quod
1673 3857 1721 3912 si
1770 3873 1904 3913 sero
1942 3861 1999 3912 et
2036 3858 2174 3929 post

513 3946 738 4003 factum
758 3943 1237 4016 interrogo,quid
1257 3959 1440 4014 agam
1454 3944 1631 4000 ?cum
1645 3944 1808 4001 etlon
1817 3944 1961 4017 ginq
1971 3945 2167 4014 nitate,

515 4043 570 4095 ct
622 4037 1003 4100 necessitate,
1064 4040 1120 4090 et
1177 4035 1238 4089 in
1295 4035 1390 4090 his
1449 4035 1841 4108 perplexitate
1888 4041 2173 4107 gravatus

514 4126 774 4182 fuerim?
800 4126 1043 4179 Constat
1073 4127 1298 4192 autem,
1333 4139 1473 4179 cum
1499 4140 1661 4181 nunc
1685 4125 2067 4195 interrogem,
2099 4139 2173 4179 ne

518 4219 644 4272 tum
692 4214 940 4285 quidem
970 4212 1032 4267 id
1060 4211 1429 4269 omissurum
1463 4231 1476 4269 :
1517 4230 1715 4288 neque
1751 4221 1889 4270 ante
1927 4214 2175 4270 interro-

522 4305 815 4376 gandum,
877 4302 1106 4375 aliquid
1162 4308 1459 4371 acturum,
1502 4304 1550 4360 si
1607 4310 1763 4361 certe
1819 4304 2172 4375 ambiguum

520 4394 693 4450 foret.
755 4391 971 4456 Quidni
1025 4391 1208 4461 enim,
1249 4409 1388 4448 cum
1428 4408 1591 4449 nunc
1629 4397 1768 4466 post
1803 4393 2033 4449 factum
2090 4391 2173 4447 in—

522 4487 820 4553 terrogem
842 4482 870 4536 ?
902 4483 1107 4537 Utrum
1135 4498 1277 4539 vero
1302 4498 1398 4538 res
1421 4482 1551 4538 haec
1575 4482 1742 4539 haud
1763 4481 2012 4539 omnino
2040 4497 2174 4554 pro-

523 4571 623 4628 cul
653 4586 840 4644 scopo
886 4575 1084 4627 vestro
1123 4570 1453 4644 spirituque
1490 4572 1587 4641 sit,
1614 4586 1723 4627 vos
1768 4569 1883 4644 ipsi
1915 4571 2174 4627 statuite.

520 4666 711 4733 Atque
736 4661 864 4717 haec
884 4660 966 4717 ita
994 4664 1191 4717 sunto.

594 4757 682 4810 23.
725 4754 867 4819 Quae
904 4757 1104 4808 autem
1132 4750 1394 4824 populus
1425 4751 1650 4807 Alaniae
1678 4750 1842 4807 mala
1880 4749 2000 4818 alit,
2042 4751 2179 4823 quis

521 4860 635 4915 ego
675 4859 812 4898 sum
837 4859 941 4915 qui
968 4842 1051 4898 eis
1077 4841 1305 4897 mederi
1349 4844 1592 4896 coactus
1630 4840 1713 4896 fui
1752 4840 2177 4912 praedicatione

522 4935 705 4991 mea?
739 4937 885 4990 Nam
917 4932 964 4988 si
991 4931 1271 4987 exhibere
1296 4931 1549 4988 Domino
1587 4930 1882 5003 populum
1922 4931 2177 4988 electum

519 5025 853 5081 destinatus
876 5038 1032 5085 sum,
1066 5037 1173 5077 cur
1192 5036 1304 5092 ego
1328 5020 1401 5075 de
1427 5019 1615 5092 spinis
1636 5020 1784 5076 ticus
1807 5020 2040 5092 colligo,
2073 5025 2178 5078 aut

518 5123 594 5172 de
633 5114 788 5171 rubo
816 5128 1022 5178 uvam,
1058 5115 1123 5166 ut
1151 5110 1231 5166 ait
1267 5110 1625 5182 Scriptura"
1649 5110 1677 5166 ?
1714 5112 1882 5165 Nunc
1911 5110 2176 5180 intelligo

519 5202 932 5274 evangelicam
962 5200 1347 5273 parabolam,
1401 5200 1651 5272 quando
1691 5215 1895 5256 semen
1927 5200 2177 5274 quidem

514 5294 747 5350 bonum
770 5294 877 5360 est,
912 5290 1018 5346 sed
1049 5294 1253 5347 tamen
1273 5288 1441 5347 haud
1468 5305 1620 5361 pura
1647 5289 2009 5346 zizaniorum
2032 5289 2175 5347 inde

517 5383 686 5454 spica
723 5380 1034 5449 consurgit
1061 5398 1073 5435 :
1103 5385 1320 5452 praeter
1359 5395 1547 5452 quam
1577 5379 1745 5452 quod
1778 5378 1896 5435 illic
1925 5380 2172 5452 quidem

514 5477 655 5545 post
683 5483 888 5524 semen
926 5469 1243 5526 intervenit
1263 5467 1523 5540 ignavia,
1555 5467 1732 5525 nobis
1770 5472 1969 5526 autem
1999 5472 2173 5544 pejus

600 5706 637 5739 ”
672 5702 871 5760 Matth.
907 5719 983 5769 ix,
1016 5707 1101 5759 3T.
1186 5705 1229 5739 ¹²
1259 5705 1392 5758 Luc.
1422 5718 1497 5774 τι,
1527 5706 1617 5761 4i.

2270 3245 2526 3308 ταγνῶναι
2575 3231 2804 3299 διδάξας
2868 3241 3141 3311 πρότερον,
3204 3243 3294 3291 καὶ
3355 3246 3427 3309 τῷ
3480 3241 3609 3312 πρὸς
3661 3234 3887 3310 δύναμιν

2271 3316 2390 3399 ἐλέῳ
2447 3329 2576 3380 Θεὸν
2646 3325 2966 3379 ἱλεώσασθαι
2992 3343 3006 3357 ⁸
3062 3332 3154 3380 καὶ
3211 3327 3270 3380 ού
3337 3332 3521 3398 πᾶσιν,
3584 3325 3691 3379 ἀλλ’
3741 3326 3817 3386 οἷς
3869 3326 3898 3378 6

2276 3416 2396 3490 βίος
2470 3416 2528 3469 οὐ
2602 3418 2738 3467 πάνυ
2811 3414 3122 3470 ἀντιϐαίνων
3172 3425 3245 3489 τῷ
3306 3415 3566 3490 ἀξιώματι
3600 3437 3614 3450 ⁸
3680 3420 3773 3468 καὶ
3831 3422 3898 3488 τῇ

2276 3506 2463 3579 ἀγνοίᾳ
2522 3509 2778 3579 συγγνούς
2834 3508 2893 3560 τὸ
2950 3511 3128 3580 μεῖζον
3196 3512 3288 3561 καὶ
3338 3507 3659 3581 τελεώτερον.
3718 3512 3907 3558 Ταῦτα

2278 3596 2322 3649 εἰ
2377 3599 2467 3668 μὲν
2519 3595 2615 3648 οὐκ
2672 3593 2829 3658 ἀξίως
2895 3599 3193 3670 εἴργασται,
3249 3599 3383 3670 μετὰ
3432 3603 3526 3649 τοῦ
3593 3602 3903 3666 συγγνῶναι

2278 3690 2369 3738 καὶ
2427 3681 2799 3760 διορθώσασθε
2829 3700 2844 3715 ⁸
2896 3685 2996 3758 ἐγὼ
3042 3688 3145 3760 γὰρ
3185 3694 3285 3740 τῶν
3340 3687 3760 3759 μαθητευομένων
3826 3682 3902 3737 εἶ-

2280 3795 2365 3828 ναι
2418 3774 2843 3847 καθωμολόγησα
2873 3792 2885 3805 ⁸
2917 3775 2962 3828 εἰ
3003 3771 3064 3828 δε
3091 3776 3419 3849 πυνθάνομαι
3466 3774 3765 3849 ὀψιαίτερος
3804 3779 3904 3827 καὶ

2282 3871 2375 3917 τοῦ
2422 3866 2577 3939 ξογου
2617 3859 2873 3940 δεύτερος,
2907 3868 2960 3916 τί
2996 3862 3108 3917 ποτ’
3137 3862 3198 3916 ἂν
3250 3866 3440 3931 πάθω;
3480 3883 3568 3917 και
3605 3871 3903 3937 μακρισμῷ

2283 3957 2376 4005 καὶ
2414 3950 2636 4026 ἀνάγκη,
2669 3957 2759 4004 καὶ
2788 3961 2849 4025 τῇ
2881 3955 2962 4006 ἐπὶ
2989 3955 3194 4015 τούτοις
3216 3951 3493 4027 ἀμηχανίᾳ
3520 3950 3902 4026 βεϐαρημένος.

2287 4041 2446 4099 Δῆλον
2478 4038 2539 4095 δὲ
2565 4040 2639 4102 οἷς
2682 4043 2803 4114 ἄρτι
2832 4043 3178 4116 πυνθάνομαι,
3233 4044 3298 4103 ὡς
3338 4038 3467 4095 οὐδὲ
3494 4041 3600 4093 τότ’
3630 4040 3693 4093 ἃν
3730 4048 3909 4094 κατώ-

2287 4150 2459 4196 κνουν,
2511 4126 2629 4182 οὐδ’
2649 4128 2709 4183 ἂν
2740 4128 2864 4184 οὐδε
2892 4134 2993 4205 πρὸ
3023 4138 3118 4184 τοῦ
3143 4132 3403 4184 πυθέσθαι
3441 4134 3687 4206 ἐνήργουν
3716 4127 3903 4196 οὐδὲν,

2290 4220 2334 4272 εἰ
2359 4219 2452 4272 οὐκ
2492 4217 2770 4292 ἀμηχανον
2803 4217 2865 4279 ἧν
2888 4235 2902 4251 ⁸
2936 4228 3047 4283 πῶς
3076 4223 3179 4295 γὰρ
3208 4222 3234 4273 6
3264 4224 3355 4273 καὶ
3383 4221 3515 4294 μετὰ
3548 4227 3697 4273 τοῦτο
3734 4222 3907 4273 πυθό-

2287 4328 2476 4383 μενος;
2529 4310 2591 4361 Εἰ
2635 4306 2685 4362 δ’
2717 4310 2776 4362 ού
2830 4312 2999 4369 πάντη
3032 4308 3210 4385 πόρῥω
3268 4317 3361 4362 τοῦ
3392 4311 3639 4383 ὑμετέρου
3695 4316 3908 4362 σκοποῦ

2287 4402 2376 4451 καὶ
2407 4406 2495 4451 τοῦ
2538 4401 2845 4472 πνεύματος,
2894 4403 2983 4452 καὶ
3037 4399 3173 4452 οὕτω
3229 4397 3360 4459 πλὴν
3415 4399 3563 4471 ὑμεῖς
3599 4403 3904 4472 κυρώσατε.

2288 4483 2425 4546 Εἶεν.

2359 4756 2457 4828 κγ’.
2504 4756 2566 4810 Ἀ
2620 4753 2679 4810 ὃε
2734 4760 2793 4809 τὸ
2849 4760 3019 4809 κοινὸν
3084 4764 3177 4817 τῆς
3232 4755 3468 4817 Ἀλανίας
3516 4759 3686 4828 τρέφει
3733 4758 3906 4823 κακὰ,

2286 4850 2367 4908 τίς
2439 4849 2666 4918 γένωμαι
2738 4854 2908 4899 ταῦτα
2984 4847 3300 4919 θεραπεύειν,
3353 4846 3741 4917 ἠναγκασμένος
3828 4852 3909 4915 τῷ

2288 4934 2692 5007 ἐπαγγεῧκματη
2752 4934 2812 4988 Εἰ
2865 4937 2967 5009 γὰρ
3025 4936 3364 5010 παριστάνειν
3420 4941 3492 5004 τῷ
3542 4937 3716 5005 Κυρίῳ
3771 4932 3908 4987 λαὸν

2284 5028 2585 5097 περιούσιον
2649 5027 2925 5098 τέταγμαι,
2990 5032 3100 5087 πῶς
3165 5023 3226 5076 ἂν
3302 5022 3355 5087 ἐξ
3420 5021 3654 5076 ἀκανθῶν
3718 5032 3909 5095 τρυγῶ

2286 5115 2445 5178 αὐτὸς
2478 5122 2616 5168 σῦκα
2649 5131 2661 5181 ;
2695 5115 2727 5173 ἦ
2777 5112 2832 5166 ἐκ
2890 5112 3058 5187 βάτου
3119 5112 3406 5187 σταφυλὴν,
3439 5117 3507 5176 ὡς
3554 5114 3581 5166 ὃ
3631 5110 3781 5183 λόγος
3802 5113 3859 5148 ¹²
3890 5129 3904 5179 ;

2286 5199 2442 5257 Εἶδον
2517 5201 2616 5274 ἐγώ
2693 5207 2786 5261 την
2860 5200 3202 5275 εὐαγγελικὴν
3278 5203 3499 5255 ἐνταῦθα
3569 5198 3909 5275 παραϐολὴν,

2284 5297 2483 5351 πηνίκα
2522 5294 2547 5344 6
2578 5294 2670 5364 μὲν
2698 5297 2894 5365 σπόρος
2942 5290 3152 5364 ἀγαθὸς,
3200 5290 3459 5345 ἀνατέλλει
3502 5287 3563 5343 6“:
3616 5289 3676 5344 ού
3724 5291 3907 5342 καθα-

2281 5388 2372 5457 ρος
2435 5383 2683 5444 ζιζανίων
2750 5384 3000 5455 ἄσταχυς
3030 5399 3067 5439 ⁸,
3103 5380 3231 5441 πλὴν
3288 5383 3410 5434 ὅσον
3467 5379 3573 5433 ἐκεῖ
3615 5381 3706 5453 μεν
3764 5383 3907 5450 μετὰ

2283 5476 2372 5526 τὸν
2406 5477 2599 5549 σπόρον
2634 5473 2665 5531 ἡ
2695 5472 2933 5547 ῥᾳθυμία
2954 5493 2968 5506 ο
3011 5470 3059 5525 ἐν
3089 5472 3215 5545 ἡμῖν
3260 5467 3320 5527 δὲ
3347 5473 3406 5525 τὸ
3457 5477 3639 5544 χεῖρον
3683 5469 3766 5522 ὅτι
3804 5472 3901 5522 καί
