4134 6388
259 348 373 407 409

273 472 324 525 ἐν
376 471 663 543 αῦτῷ.Καὶ
708 470 894 524 λοιπόν
934 473 992 523 τὸ
1041 479 1103 531 τῆ
1116 491 1137 532 ς
1173 470 1345 547 ἑτέρας
1384 473 1659 544 συμϐαίνει
1698 495 1874 551 παρα-
1907 482 1953 534 Α

277 560 453 624 ϐολῆς·
503 562 640 613 κατὰ
692 562 799 633 γὰρ
860 568 961 613 τῶν
1020 559 1252 619 ἀκανθῶν
1301 563 1327 612 ὁ
1373 566 1563 635 σπόρος
1605 568 1881 635 γεγένηται

276 655 370 704 καὶ
400 651 555 704 αὗται
582 652 673 722 μὲν
721 648 1011 723 ἀρχαιόθεν
1048 649 1370 724 ἐρρίζωνται·
1412 653 1438 702 ὀ
1483 648 1542 704 δὲ
1587 651 1739 725 λόγος
1784 664 1881 717 τῆς

282 746 513 802 πίστεως
542 741 653 792 ἔστι
682 742 774 812 μὲν
824 739 887 792 οὗ
913 743 1004 792 καὶ
1054 742 1222 799 πάντη
1278 744 1685 812 συμπέπνικται·
1736 743 1876 796 ἔνια-

278 838 392 903 χοῦ
449 826 510 882 δὲ
561 833 648 881 καὶ
699 831 794 881 σὺν
869 825 982 890 ταῖς
1010 830 1262 891 άκανθαις
1306 830 1684 884 ύπανακύπτει·
1735 834 1883 905 τάχα

276 939 341 992 γε
406 924 493 972 καὶ
557 920 657 971 ὑπὸ
723 926 820 980 τῆς
886 917 1031 980 ἕξεως
1092 915 1400 980 ἀκανθώδης
1463 924 1737 992 γεγένηται
1791 926 1882 975 καὶ

277 1008 453 1069 αὐτὸς·
502 1010 568 1069 ὡς
624 1007 687 1065 ἦν
741 1005 970 1080 ἄμεινον,
1021 1007 1067 1060 εἰ
1111 1010 1253 1081 παρὰ
1304 1015 1397 1061 τοῦ
1428 1012 1595 1083 πυρός
1649 1008 1883 1073 ἐλθόντος

275 1095 459 1169 βαλεῖν
503 1094 585 1148 ἐπὶ
642 1101 743 1167 γῆς
787 1093 1120 1166 ἀναφθέντης,
1171 1095 1323 1158 εὐθύς
1365 1099 1462 1158 τὰς
1503 1096 1730 1160 male“;
1759 1103 1882 1160 τέως

273 1185 729 1259 ἁπετεφρὼσαμεν·
809 1183 854 1236 εἰ
913 1187 1056 1259 παρὰ
1128 1191 1220 1237 τοῦ
1294 1205 1569 1260 μαχαιραν
1649 1185 1881 1252 ἐλθόντος

262 1274 450 1349 βαλεῖν
500 1272 872 1347 προθελύμνως
923 1279 1092 1325 ταῦτα
1146 1271 1438 1346 ἓτέμνομεν.
1508 1281 1608 1329 Καὶ
1674 1279 1882 1352 καθαρὰ

263 1367 359 1438 μὲν
386 1372 418 1422 ῆ
476 1370 572 1435 γῆ,
619 1363 851 1435 καθαρὸν
895 1357 956 1414 δὲ
1016 1365 1075 1414 τό
1125 1366 1352 1437 σπέρμα,
1413 1369 1504 1417 καὶ
1563 1369 1612 1417 οἱ
1666 1365 1882 1438 φύλακες

265 1457 551 1527 γρηγοροι,
607 1455 700 1503 καὶ
758 1458 1004 1525 Χρυσοῦν
1060 1453 1118 1503 τό
1179 1449 1345 1527 θέρος,
1400 1458 1491 1505 καὶ
1551 1454 1578 1505 ὁ
1637 1455 1881 1530 θεριστής

263 1543 671 1613 εύθηνούμενος’
727 1542 795 1601 ὡς
847 1546 938 1591 νῦν
993 1557 1052 1611 γε
1104 1540 1209 1612 οὐχ
1270 1542 1348 1593 ὅτι
1407 1540 1762 1596 ἑκαστοτεύιεν
1821 1544 1882 1596 ἂν

257 1632 602 1702 αἱτησαίμην
631 1636 693 1700 τῇ
755 1626 983 1700 ἐνεργείᾳ
1027 1635 1125 1690 τῆς
1176 1630 1364 1702 αρετῆς
1413 1634 1579 1706 μέχρι
1628 1639 1722 1685 τοῦ
1750 1653 1880 1686 παν-

252 1722 353 1780 τός
453 1717 862 1771 ἐπεκτεῖνεσθαι·
951 1712 1069 1768 οὐδ’
1155 1717 1220 1778 εἰς
1297 1717 1624 1780 ἑξηκοντάδα
1686 1726 1884 1795 προκό·

262 1827 420 1862 πτειν
494 1809 555 1859 τό
618 1805 745 1867 ὅλως
807 1806 1156 1880 ἐργάσασθαι·
1229 1809 1412 1868 ἱκανῶς
1479 1804 1528 1860 δ’
1602 1810 1664 1861 οἶν
1738 1810 1883 1884 εἶχον
1914 1830 1955 1884 Β

268 1895 372 1948 κάν
413 1902 523 1957 τοῖς
576 1896 881 1969 τριάκοντα,
938 1893 982 1947 εἰ
1036 1901 1149 1957 τοῖς
1196 1902 1441 1968 φυσικοῖς
1488 1895 1630 1969 ὅροις
1671 1899 1728 1950 τό
1777 1895 1883 1950 ἐνόν

267 1990 526 2059 γεώργιον
583 1987 898 2060 παρεμέτρει
953 1986 1013 2036 τό
1073 1982 1287 2059 ἑνεργές.
1348 1983 1485 2038 Ἀλλ’
1541 1983 1641 2055 ἐγὼ
1701 1982 1883 2039 δέδοι-

264 2095 357 2146 κα,
406 2080 479 2148 μή
532 2093 661 2127 ποτε
719 2068 847 2126 οὐδὲ
892 2078 989 2132 τὴν
1032 2079 1191 2146 χεῖρα
1258 2075 1472 2148 θερίζων
1523 2073 1880 2149 πληρώσαιμι,

264 2161 412 2237 μηδὲ
448 2166 539 2217 τόν
588 2163 781 2216 κόλπον
811 2163 838 2214 ὁ
888 2158 1396 2237 δραγματιζόμωνος
1451 2164 1567 2215 ἴσθι
1611 2162 1885 2217 ὀπισθιαι-

266 2270 437 2324 τερος,
484 2256 665 2304 καίτοι
719 2269 779 2323 γε
824 2250 888 2308 ἧν
925 2250 988 2302 οἶν
1029 2248 1087 2302 ού
1128 2252 1294 2308 πάντη
1347 2246 1616 2319 δύσελπις,
1666 2253 1691 2304 ὁ
1742 2248 1883 2305 δνσ-

269 2341 425 2404 κλεὴς
492 2338 593 2412 ἐγὼ
670 2342 865 2412 ποιμὴν
940 2343 1033 2391 καὶ
1112 2341 1338 2415 γεωργός
1419 2339 1514 2392 οὐκ
1597 2337 1879 2415 εὐδαίμων·

277 2428 389 2481 ἀλλ’
420 2432 489 2492 ὡς
538 2429 624 2483 ἐπὶ
651 2426 897 2503 δομοὶτων
938 2434 1065 2500 γοῦν
1118 2426 1462 2502 ἕκαρπίζομεν
1516 2431 1701 2505 μικρὰ,
1760 2434 1882 2493 τοὺς

276 2517 698 2593 ὑπεραναϐάντας
758 2517 936 2590 ὀλίγον
989 2522 1082 2577 τὴν
1148 2522 1467 2592 παμμητέρα
1526 2518 1742 2591 πλάνην,
1791 2525 1881 2573 καὶ

267 2612 363 2661 τόν
401 2608 557 2680 λόγου
611 2610 979 2683 Θερισαμίνους
1026 2609 1091 2669 ὡς
1134 2606 1358 2679 ἔφικτόν,
1401 2607 1445 2661 εἰ
1493 2613 1563 2680 μὴ
1618 2614 1708 2661 καὶ
1763 2613 1880 2662 τού-

266 2718 386 2761 τοις
435 2695 568 2755 ἦσαν
602 2697 758 2751 πάλιν
788 2697 840 2750 οἱ
867 2705 962 2750 τοῦ
998 2695 1144 2771 ἀέρος
1175 2702 1337 2771 ὄρνεις
1386 2696 1671 2753 ἐπίϐουλοι.
1700 2701 1877 2772 Οῖμοι,

265 2790 353 2842 ὅτι
401 2786 633 2850 ἀκάνθας
675 2791 767 2839 καὶ
817 2784 1100 2860 τριβόλους
1127 2784 1279 2860 βρύει
1333 2806 1424 2859 μοι
1470 2791 1530 2839 τό
1581 2788 1875 2863 γεώργιονῐ

269 2882 368 2936 τὴν
392 2879 708 2951 κατάκρισιν
756 2884 851 2939 τῆς
881 2874 983 2929 ἀπὸ
1033 2882 1166 2930 Θεοῦ
1216 2872 1555 2949 διαμαρτίας,
1606 2878 1671 2937 ὡς
1710 2875 1879 2929 ὀπίσω

277 2968 380 3029 τῆς
434 2962 750 3040 κεντρώδους
816 2965 1021 3028 πλάνης
1089 2969 1178 3018 τόν
1245 2961 1611 3040 διαμαρτόντα
1668 2969 1877 3040 πορεύε-

279 3058 435 3110 σθαι’
480 3060 570 3109 καὶ
616 3059 838 3129 πορνεύει
879 3075 973 3130 μοι
1009 3059 1068 3108 τό
1110 3059 1350 3128 ποίμνιον
1398 3058 1492 3108 οὐκ
1539 3054 1588 3107 ἓν
1633 3064 1704 3127 τῷ
1749 3055 1881 3129 ξύλῳ

277 3151 443 3221 μόνον
496 3148 567 3208 ὡς
593 3146 958 3220 γέγραπται¹³,
988 3141 1095 3204 ἤδη
1149 3140 1208 3197 δὲ
1249 3150 1339 3198 καὶ
1395 3144 1562 3207 λίθοις
1611 3151 1745 3199 πᾶσι
1796 3148 1885 3197 καὶ

274 3234 464 3290 ῖδασι·
509 3237 601 3288 καὶ
654 3241 1017 3309 προσκυνοῦσι
1237 3233 1295 3286 ού
1360 3233 1626 3306 γλυπτοῖς,
1688 3230 1884 3307 δαιμο-

270 3331 410 3388 νίοις
436 3322 496 3378 δὲ
525 3344 665 3378 τισιν
694 3327 745 3377 ἓν
765 3332 872 3386 τοῖς
891 3322 1134 3396 ὑψηλοῖς.

348 3411 459 3469 κδ’.
500 3421 811 3489 Χριστιανοὶ
891 3410 953 3467 δὲ
1000 3418 1153 3488 μόνον
1202 3416 1416 3488 ὀνόματι
1459 3415 1684 3470 ’Δλανοί·
1742 3414 1788 3469 εἰ
1826 3411 1888 3468 δέ

266 3508 373 3559 πού
426 3524 504 3565 τις
539 3508 629 3558 καὶ
679 3509 819 3579 μερὶς
877 3502 1068 3575 Ιακὼϐ,
1100 3505 1128 3556 ό
1180 3501 1373 3579 ἐχθρὸς
1421 3509 1681 3581 ενέσπειρε
1704 3507 1772 3559 τὰ
1802 3505 1885 3566 ξι-

264 3595 450 3657 ζοίνια·
495 3593 543 3647 εἰ
579 3596 682 3670 γὰρ
734 3596 983 3669 καὶπρὸς
1030 3600 1104 3665 τῷ
1151 3597 1295 3667 γήρᾳ
1341 3597 1465 3655 τέως
1494 3589 1582 3646 οὖν
1631 3595 1662 3652 ἡ
1714 3593 1887 3669 Σάρρα

263 3689 563 3757 γεγέννηκε·
668 3685 1010 3758 πονηρεύεται
1107 3679 1167 3736 δὲ
1259 3685 1397 3735 κατὰ
1490 3689 1584 3736 τοῦ
1698 3682 1882 3736 Ἰσαάκ

272 3774 520 3846 Ἰσμαήλ·
581 3778 672 3827 καὶ
716 3778 793 3836 τίς
845 3773 1250 3848 Ἀϐραὰμ,,ῖνα
1293 3773 1389 3832 τήν
1445 3769 1638 3831 δούλην
1687 3771 1884 3849 Ἀγαρ,

273 3869 492 3917 καὶτοῦ
533 3872 626 3926 τῆς
672 3862 874 3925 πλάνης
920 3860 1245 3938 ἀνελεύθερον
1292 3866 1529 3927 σκότους,
1561 3868 1658 3924 τῆς
1709 3881 1883 3915 συνοι-

271 3959 402 4015 κίας
432 3952 698 4007 ἀπώσαιτο
731 3952 923 4020 ;”Εστι
951 3972 1033 4014 τις
1077 3951 1225 4025 ὀλίγη
1284 3950 1584 4026 παρεμϐολὴ
1634 3956 1724 4004 καὶ
1770 3950 1885 4024 ἐμοὶ

277 4044 347 4101 ἣν
404 4044 527 4104 Θεὸς
592 4040 764 4114 ἐξάγει
827 4049 921 4094 τοῦ
987 4048 1175 4099 νοητοῦ
1228 4046 1434 4117 Φαραώ·
1505 4045 1597 4093 καὶ
1661 4037 1884 4113 ὃιεξάγω

274 4139 452 4185 ταῦτα
510 4129 608 4203 ἐγὼ
669 4133 806 4184 κατὰ
844 4137 1046 4190 Μωσῆν
1270 4130 1467 4200 οὐκέτι,
1517 4129 1650 4190 πλὴν
1721 4132 1880 4203 ὅμως·

266 4222 387 4277 ἀλλ’
443 4225 496 4276 οἱ
550 4222 831 4294 Αἰγύπτιοι
869 4240 1150 4298 τρισταται
1202 4218 1663 4296 καταδρομοῦσιυ,
1718 4223 1749 4279 ἡ
1810 4229 1882 4292 τῷ

267 4315 425 4386 θυμῷ
472 4320 688 4385 φονῶσα
714 4311 892 4384 ψυχὴ,
937 4313 1116 4364 καὶτὸ
1162 4313 1290 4386 πρὸς
1320 4313 1388 4364 τὰ
1434 4309 1753 4384 χαμαίζηλοι
1797 4309 1881 4362 λι-

262 4422 425 4475 χνον.
475 4403 504 4455 ὃ
530 4403 700 4455 πείθει
725 4398 836 4463 τοῖς
881 4399 1184 4474 ἀλλοφύλοις
1213 4402 1656 4474 συγχραίνεσθαι·
1687 4404 1778 4453 καὶ
1820 4402 1879 4452 τό

262 4500 363 4545 τοῦ
427 4489 585 4554 λοξοῦ
638 4494 976 4565 περίτρεπτον
1035 4494 1154 4564 περί
1218 4509 1365 4553 τινας
1428 4488 1655 4551 ἀτόπους
1721 4486 1879 4552 δόξας
1909 4532 1952 4587 D

272 4583 373 4633 οὐκ
399 4579 681 4634 ἀντιτεῖνον
728 4582 795 4642 ὡς
827 4577 922 4634 διὰ
970 4578 1152 4634 πολλοί.
1205 4583 1309 4634 Καὶ
1356 4586 1457 4633 ποῦ
1509 4578 1692 4639 στῦλος
1744 4583 1880 4651 νεφέ-

272 4668 373 4729 λης
417 4669 640 4724 ἐνταῦθα
691 4670 751 4721 τὸ
802 4666 1078 4723 διεστάναι
1126 4665 1356 4737 ὃιδοῦςς
1415 4667 1446 4728 ἢ
1498 4671 1601 4730 τὼς
1660 4669 1722 4721 ἄν
1781 4675 1880 4721 τῶν

279 4758 441 4811 ἐθνῶν
480 4755 666 4819 διέστη
715 4761 745 4817 ἡ
783 4758 1067 4827 θάλασσα;
1121 4758 1280 4832 Οἳμοι
1327 4757 1406 4812 ὃτι
1458 4762 1751 4830 ποιμαίνειν
1791 4760 1882 4831 μὲν

278 4846 472 4920 ἀγέλας
514 4853 865 4921 πεπίστευμαι
930 4847 1314 4910 ἁναϐαινούσας
1360 4845 1464 4901 ἀπὸ
1490 4902 1493 4905 ,
1522 4846 1743 4922 λουτροῦ
1791 4853 1883 4899 τοῦ

278 4936 656 5012 βαπτίσματος
689 4936 701 4993 Ι
730 4943 998 5012 ποιμαίνει
1036 4935 1097 4991 δὲ
1141 4940 1338 5001 ταύτας
1383 4937 1575 5012 μᾶλλον
1612 4944 1709 5000 τῆς
1754 4956 1884 4991 απι-

276 5032 433 5089 στίας
492 5029 518 5080 ὁ
584 5030 805 5090 θάνατος
829 5046 842 5057 ·
915 5031 1143 5100 στμόατι
1355 5029 1458 5104 γὰρ
1517 5025 1882 5100 ὁμολογοῦσιν,

267 5121 409 5171 όιινῶ
460 5113 521 5172 δὲ
566 5117 734 5190 λέγειν
790 5116 861 5179 εἰς
921 5120 1206 5193 σωτηρίαν*
1269 5118 1347 5170 ὃτι
1404 5119 1475 5191 μὴ
1528 5120 1620 5170 καὶ
1675 5115 1743 5178 εἰς
1799 5112 1885 5169 δι-

264 5209 562 5267 καὶοσύνην
607 5214 814 5281 πρῶτον
872 5214 935 5280 τῇ
994 5201 1195 5281 καρδιᾳ
1246 5208 1610 5262 πιστεύουσιν,
1666 5203 1883 5279 Ὀμοιόν

251 5320 335 5373 τι,
403 5296 707 5353 Ἀπόλωλεν
758 5293 982 5357 εὐλαϐὴς
1029 5293 1130 5349 ἀπὸ
1179 5297 1274 5358 τῆς
1320 5294 1449 5368 ἐμῆς
1520 5297 1715 5357 ταύτης
1760 5301 1879 5368 γῆς’

253 5394 354 5443 καὶ
377 5391 478 5442 ούκ
508 5390 629 5441 ἔστι
647 5404 744 5459 μοι
774 5382 1072 5447 ἀνάπαυσις
1099 5382 1258 5443 αὕτη.

332 5476 427 5534 κε’.
489 5484 637 5552 Ἀρα
691 5474 928 5537 ἀναστὰς
976 5476 1302 5550 πορεύσομαι
1353 5493 1366 5543 ;
1427 5470 1586 5529 Δέδια
1638 5476 1758 5551 περὶ
1816 5481 1878 5534 τῆ

340 5606 385 5641 ’³
410 5606 635 5663 Jerem.
666 5601 767 5671 lli,
802 5604 853 5656 9.

1912 3177 1953 3233 C

1767 346 2127 415 ANALICUS

3537 370 3645 427 MO

1988 480 2222 551 accidit,
2268 482 2435 554 quod
2469 482 2529 538 in
2573 484 2707 556 ipsa
2737 485 3132 544 seminatione
3172 488 3382 546 vitium
3430 489 3642 561 gliscit-

1991 570 2137 624 'l‘um
2168 572 2225 624 et
2252 570 2499 643 reliquae
2549 578 2890 642 congruunt
2942 575 3247 647 parabolae
3292 584 3534 651 partes:
3580 582 3642 638 in

1991 657 2181 729 spinis
2202 658 2268 714 ﬁt
2289 661 2608 717 seminatlo
2624 677 2765 734 quas
2783 662 3031 735 quidem
3053 664 3194 720 olim
3221 667 3434 725 evulsas
3466 674 3604 727 sunt
3628 684 3643 735 ;

1992 751 2052 803 at
2081 746 2220 804 ﬁdei
2251 748 2506 805 verbum
2539 750 2760 807 alicubi
2798 767 3047 824 prorsus
3074 754 3441 813 suffocatur:
3469 759 3643 815 inter-

1992 836 2139 892 dum
2170 837 2351 893 etiam
2414 855 2552 894 cum
2584 839 2731 912 ipsis
2787 840 2981 913 spinis
3010 844 3305 900 nascitur:
3342 845 3484 903 item
3519 847 3643 903 for-

1993 930 2149 982 tasse
2182 926 2498 984 aﬂ‘ectione
2550 929 2821 1002 quadam
2865 930 2933 986 ﬁt
2965 936 3024 988 et
3054 931 3260 1004 ipsum
3288 935 3633 1007 spinosum.

1991 1015 2197 1072 Melius
2226 1020 2387 1072 certo
2416 1016 2586 1086 foret,
2634 1018 2686 1073 si
2717 1017 2797 1076 ab
2831 1034 2904 1076 eo
2951 1019 3057 1092 qui
3091 1020 3295 1092 ignem
3328 1024 3492 1080 venit
3515 1025 3647 1081 mit-

1990 1106 2111 1160 tere
2140 1103 2202 1160 in
2224 1109 2440 1161 terram
2468 1105 2855 1175 inflammati,
2880 1109 3081 1166 statim
3101 1111 3311 1183 spinas
3333 1112 3646 1169 combure-

1988 1208 2232 1249 remus:
2291 1195 2341 1250 si
2386 1210 2500 1267 ope
2550 1196 2700 1267 ejus,
2752 1198 2858 1270 qui
2906 1198 3179 1269 gladium
3211 1201 3434 1274 pariter
3483 1203 3647 1259 venit

1990 1282 2220 1338 mittere
2250 1283 2311 1339 in
2344 1288 2584 1354 terram,
2625 1286 2893 1343 funditus
2939 1288 3069 1345 haec
3112 1291 3548 1347 excideremus.
3580 1295 3648 1348 Et

1990 1369 2235 1442 quidem
2268 1388 2420 1444 pura
2447 1378 2623 1441 terra,
2660 1391 2881 1447 purum
2913 1392 3139 1447 semen,
3176 1380 3457 1435 custodes
3490 1381 3642 1451 vigi-

1988 1458 2097 1531 les,
2145 1476 2329 1517 aurea
2380 1463 2596 1518 messis
2630 1480 2877 1537 messor,
2935 1466 3243 1525 robustus.
3314 1471 3381 1525 Ut
3436 1472 3644 1525 tamen

1991 1564 2152 1604 nunc
2177 1564 2271 1605 res
2296 1566 2359 1606 se
2380 1551 2625 1622 habent,
2646 1553 2812 1609 haud
2832 1554 3112 1627 equidem
3148 1556 3226 1612 ad
3248 1556 3645 1629 centuplicem

1991 1653 2184 1709 usque
2221 1638 2480 1695 fructum
2510 1641 2812 1712 postulem
2849 1644 3078 1700 virtutis
3107 1643 3334 1700 viribus
3360 1643 3638 1713 extendi;

1994 1742 2190 1799 neque
2220 1728 2296 1784 ad
2339 1731 2786 1800 sexagesimum
2815 1737 3017 1805 optem
3048 1734 3317 1806 provehi,
3351 1734 3458 1789 sed
3495 1733 3641 1790 satis

1991 1816 2277 1885 habeam,
2310 1818 2358 1873 si
2397 1824 2700 1892 quatenus
2729 1821 2996 1893 physicis
3022 1821 3244 1893 regulis
3286 1822 3441 1894 licet,
3468 1822 3641 1878 trice-

1995 1906 2214 1962 simum
2242 1905 2505 1964 fructum
2548 1924 2735 1980 opera
2767 1915 3059 1983 exmquet.
3093 1911 3220 1968 Imo
3266 1925 3381 1982 ego
3409 1926 3642 1975 vereor,

1992 2010 2069 2050 ne
2088 1995 2239 2051 forte
2270 2011 2540 2069 manum,
2575 1996 2821 2070 quidem
2852 2003 3085 2056 metens
3112 2000 3418 2073 impleam,
3448 2015 3644 2073 neque

1994 2083 2191 2139 sinum
2231 2085 2337 2157 qui
2383 2086 2731 2158 manipulos
2770 2087 3011 2159 colligo.
3064 2088 3187 2146 Sim
3233 2104 3376 2146 sane
3418 2089 3647 2147 tardior

1992 2177 2130 2244 post
2158 2173 2331 2243 alios,
2380 2191 2714 2248 quanquan
2741 2192 2865 2233 non
2895 2178 3144 2234 omnino
3174 2178 3524 2252 desperans,
3557 2179 3644 2235 in-

1992 2260 2133 2318 felix
2180 2277 2293 2334 ego
2338 2269 2547 2335 pastor
2591 2280 2715 2322 non
2757 2265 2995 2322 beatus.
3042 2266 3274 2340 Quippe
3313 2266 3419 2340 qui
3462 2283 3645 2340 super

1993 2356 2150 2408 tecta
2199 2357 2467 2410 serentes
2514 2369 2731 2426 parum
2769 2355 2998 2412 fructus
3049 2356 3380 2427 effecimus,
3422 2373 3644 2428 nempe

1991 2440 2126 2497 illos
2149 2441 2447 2500 lucrando
2477 2446 2581 2517 qui
2611 2450 2869 2503 matrem
2897 2447 3171 2503 omnium
3202 2446 3500 2504 malorum
3525 2447 3646 2504 hae-

1990 2530 2171 2586 resim
2198 2531 2554 2605 vitaverunt,
2588 2538 2646 2590 et
2682 2534 2937 2591 verbum
2982 2551 3094 2608 pro
3120 2535 3346 2593 viribus
3374 2551 3643 2593 messue-

1991 2624 2132 2676 runt
2167 2621 2319 2688 ;nisi
2346 2621 2498 2678 forte
2528 2627 2585 2678 et
2611 2623 2705 2679 his
2751 2625 2974 2696 pariter
3010 2624 3274 2681 insidiati
3317 2628 3456 2681 sunt
3491 2624 3646 2681 aeris

1992 2723 2153 2765 aves.
2190 2711 2312 2766 Heu
2355 2712 2524 2777 mihi,
2575 2712 2720 2785 quia
2776 2713 2984 2786 spinas
3012 2717 3069 2769 et
3105 2713 3359 2769 tribulos
3388 2728 3645 2787 campus

1992 2797 2321 2866 germinat!
2373 2799 2831 2858 damnationem
2880 2802 3102 2859 scilicet
3152 2802 3229 2859 ob
3272 2818 3579 2859 recessum
3609 2818 3647 2860 a

1989 2885 2131 2956 Deo,
2153 2887 2301 2943 dum
2327 2888 2644 2960 spinosum
2670 2906 2932 2948 errorem
2953 2905 3148 2961 vagus
3182 2906 3325 2961 grex
3349 2894 3641 2957 sectatur;

1989 2975 2138 3032 dum
2172 2976 2504 3036 fornicatur
2532 2995 2657 3036 non
2686 2980 2749 3036 in
2790 2981 2955 3049 ligno
2986 2985 3203 3048 solum,
3235 2981 3321 3036 uti
3352 2980 3643 3051 scriptum

1988 3070 2080 3121 est
2101 3066 2167 3133 ³³,
2199 3083 2411 3123 verum
2456 3069 2630 3125 etiam
2665 3069 2727 3125 in
2744 3069 3051 3143 lapidibus
3092 3068 3322 3125 cunctis
3350 3073 3408 3125 et
3428 3067 3645 3141 aquis;

1991 3152 2140 3211 dum
2151 3171 2272 3211 non
2295 3156 2420 3213 scul
2429 3157 2592 3229 ptilia
2606 3158 2881 3226 adorant,
2898 3156 3007 3214 sed
3023 3157 3325 3231 quosdam
3337 3158 3645 3215 daemones

1993 3243 2058 3300 in
2085 3243 2233 3302 locis
2261 3245 2531 3304 excelsis.

2066 3412 2155 3465 24.
2179 3407 2494 3465 Christiani
2530 3409 2777 3466 nomine
2803 3413 2975 3466 tenus
3008 3413 3149 3467 sunt
3178 3408 3370 3466 Alani.
3407 3407 3578 3475 Quod
3595 3410 3647 3466 si

1996 3498 2220 3556 alicubi
2276 3503 2365 3555 est
2418 3514 2558 3571 pars
2612 3498 2800 3555 Jacob
2849 3499 3078 3572 aliqua,
3123 3498 3404 3555 inimicus
3458 3499 3644 3555 homo

1993 3587 2217 3645 zizania
2272 3588 2792 3661 superseminavit.
2846 3591 2997 3645 Nam
3045 3588 3148 3645 etsi
3208 3588 3268 3644 in
3317 3592 3641 3656 senectute,

1995 3680 2142 3736 Sara
2204 3681 2409 3734 tamen
2478 3677 2745 3751 peperit;
2821 3677 2930 3734 sed
2987 3677 3311 3734 insectatur
3368 3680 3644 3734 Isaacum

1993 3765 2225 3824 Ismael.
2262 3769 2329 3823 Et
2357 3767 2494 3841 quis
2524 3771 2612 3822 est
2631 3766 2940 3823 Abraham
2972 3765 3076 3839 qui
3103 3765 3392 3822 famulam
3413 3769 3572 3836 Agar
3591 3769 3645 3823 et

1992 3856 2295 3913 haereseos
2318 3855 2560 3912 serviles
2588 3855 2887 3923 tenebras,
2919 3855 3102 3911 domo
3132 3854 3341 3927 procul
3359 3853 3598 3923 ableget
3616 3853 3645 3909 ‘l

1993 3948 2090 4002 Est
2113 3944 2260 4001 mihi
2276 3960 2523 4018 quoque
2555 3943 2810 4017 pusillus
2840 3943 3156 4011 exercitus,
3177 3959 3363 4016 quem
3389 3946 3544 3999 Deus
3564 3942 3644 3999 ab

1990 4034 2378 4092 intellectuali
2400 4034 2706 4090 Pharaone
2734 4032 2926 4106 eripit.
2962 4036 3127 4089 Hunc
3153 4047 3265 4103 ego
3294 4032 3492 4095 ducto,
3520 4047 3644 4089 non

1991 4123 2241 4196 quidem
2269 4127 2336 4180 ut
2381 4122 2529 4180 alter
2578 4125 2832 4196 Moyses,
2865 4122 2972 4178 sed
3018 4127 3222 4179 tamen
3275 4122 3479 4180 ducto.
3528 4121 3641 4178 Se!

1991 4214 2254 4289 Egyptii
2304 4213 2528 4272 tribuni
2591 4220 3057 4287 persequuntur,
3116 4228 3339 4286 nempe
3407 4211 3647 4270 animus

1990 4305 2196 4361 furens
2239 4304 2389 4360 caedi
2428 4302 2693 4368 inhians,
2726 4307 2783 4359 et
2825 4307 3156 4360 terrenarm
3181 4318 3385 4360 rerum
3415 4302 3647 4375 cupidi-

1990 4398 2113 4464 tas;
2146 4410 2283 4467 quaa
2305 4392 2563 4451 suadent
2586 4396 2651 4449 ut
2681 4408 2819 4449 cum
2856 4389 3649 4464 alienigeni,commaculen-

1992 4484 2120 4553 tur;
2153 4484 2415 4558 denique
2440 4482 2708 4555 obliquas
2729 4483 2946 4540 mentis
2970 4482 3313 4540 volubilitas
3334 4482 3413 4539 ad
3439 4481 3647 4538 absur«

1991 4572 2104 4631 das
2132 4575 2437 4648 quasdam
2460 4574 2793 4648 opiniones,
2828 4573 3075 4631 minime
3106 4576 3169 4628 ut
3196 4572 3553 4645 plerumque
3580 4570 3650 4627 ﬁt

1989 4665 2272 4720 renitens.
2298 4667 2367 4722 Et
2393 4665 2645 4721 ubinam
2673 4670 2762 4721 est
2788 4663 3025 4720 nebulae
3059 4662 3364 4731 columna,
3395 4678 3533 4735 quas
3563 4677 3647 4718 se-

1989 4754 2368 4827 parationem
2381 4755 2663 4828 praestet?
2679 4753 2768 4810 vel
2791 4753 3106 4827 quomodo
3118 4753 3386 4823 gentium
3400 4751 3650 4809 recessit

1992 4859 2161 4900 mare
2183 4842 2212 4898 ‘l
2240 4843 2369 4901 Heu
2400 4843 2565 4916 mihi,
2600 4843 2699 4900 cui
2729 4858 2979 4918 pascere
3011 4857 3222 4914 greges
3252 4842 3649 4898 commissum

1992 4938 2080 4989 est
2105 4933 2181 4989 de
2209 4932 2587 5006 baptismatis
2613 4932 2857 4989 lavacro
2886 4929 3277 4988 ascendentes
3300 4928 3648 4986 lPascitau-

1993 5025 2116 5080 tem
2164 5023 2278 5079 hos
2322 5022 2524 5095 potius
2562 5020 2929 5078 inﬁdelitatis
2970 5035 3158 5077 mors.
3212 5020 3324 5076 Ore
3375 5016 3646 5090 quidem,

1994 5129 2153 5187 aegre
2181 5111 2337 5183 dico,
2370 5110 2734 5169 conﬁtentur
2762 5110 2843 5167 ad
2892 5108 3143 5166 salutem
3169 5126 3182 5177 ;
3219 5121 3415 5180 neque
3443 5110 3650 5163 tamen

1993 5209 2173 5263 antea
2198 5201 2452 5260 credunt
2470 5199 2649 5257 corde
2673 5198 2753 5257 ad
2779 5198 3093 5271 justitiam.
3124 5195 3323 5254 Simile
3343 5198 3433 5253 est
3459 5194 3645 5253 illud:

1992 5293 2168 5352 Periit
2214 5291 2529 5364 religiosus
2576 5288 2658 5346 ab
2686 5288 2804 5346 hac
2851 5291 3008 5344 terra
3046 5302 3222 5355 mea;
3274 5301 3473 5359 neque
3517 5285 3651 5343 haec

1995 5381 2145 5440 mihi
2184 5380 2455 5439 stationis
2483 5377 2723 5451 requies
2748 5381 2854 5434 est.

2066 5476 2157 5529 25.
2198 5473 2351 5529 Num
2383 5483 2527 5540 ergo
2574 5481 2831 5540 surgens
2857 5465 3040 5524 abibo
3061 5466 3089 5522 ?
3118 5467 3335 5525 Vereor
3374 5480 3453 5524 ne
3500 5465 3651 5524 forte
