  <div class='ocr_page' id='page_1' title='image "/cluster/home/n/w/nwhite01/storage/ocr_20150623/140/coo.31924054870450/215.png"; bbox 0 0 4134 6388; ppageno 0'>
   <div class='ocr_carea' id='block_1_1' title="bbox 495 333 600 393">
    <p class='ocr_par' dir='ltr' id='par_1_1' title="bbox 495 333 600 393">
     <span class='ocr_line' id='line_1_1' title="bbox 495 333 600 393; baseline 0 -1"><span class='ocrx_word' id='word_1_1' title='bbox 495 333 600 393; x_wconf 69' lang='lat' dir='ltr'><strong>Mi</strong></span> 
     </span>
    </p>
   </div>
   <div class='ocr_carea' id='block_1_2' title="bbox 494 455 2217 529">
    <p class='ocr_par' dir='ltr' id='par_1_2' title="bbox 494 455 2217 529">
     <span class='ocr_line' id='line_1_2' title="bbox 494 455 2217 529; baseline -0.001 -15"><span class='ocrx_word' id='word_1_2' title='bbox 494 459 612 516; x_wconf 92' lang='lat' dir='ltr'><strong>hoc</strong></span> <span class='ocrx_word' id='word_1_3' title='bbox 622 456 850 514; x_wconf 90' lang='lat' dir='ltr'><strong>malum</strong></span> <span class='ocrx_word' id='word_1_4' title='bbox 865 455 1236 529; x_wconf 81' lang='lat' dir='ltr'><strong>participem.</strong></span> <span class='ocrx_word' id='word_1_5' title='bbox 1251 457 1404 512; x_wconf 90' lang='lat' dir='ltr'><strong>Num</strong></span> <span class='ocrx_word' id='word_1_6' title='bbox 1421 456 1581 512; x_wconf 91' lang='lat' dir='ltr'><strong>enim</strong></span> <span class='ocrx_word' id='word_1_7' title='bbox 1603 472 1740 512; x_wconf 88' lang='lat' dir='ltr'><strong>sum</strong></span> <span class='ocrx_word' id='word_1_8' title='bbox 1751 471 1863 526; x_wconf 92' lang='lat' dir='ltr'><strong>ego</strong></span> <span class='ocrx_word' id='word_1_9' title='bbox 1881 456 2102 512; x_wconf 79' lang='lat' dir='ltr'><strong>Abdias</strong></span> <span class='ocrx_word' id='word_1_10' title='bbox 2117 458 2144 513; x_wconf 89' lang='lat'><strong><em>?</em></strong></span> <span class='ocrx_word' id='word_1_11' title='bbox 2170 459 2217 512; x_wconf 79' lang='grc' dir='ltr'><strong>Α</strong></span> 
     </span>
    </p>
   </div>
   <div class='ocr_carea' id='block_1_3' title="bbox 497 545 2146 618">
    <p class='ocr_par' dir='ltr' id='par_1_3' title="bbox 497 545 2146 618">
     <span class='ocr_line' id='line_1_3' title="bbox 497 545 2146 618; baseline 0 -15"><span class='ocrx_word' id='word_1_12' title='bbox 497 547 597 603; x_wconf 88' lang='lat' dir='ltr'><strong>Hic</strong></span> <span class='ocrx_word' id='word_1_13' title='bbox 651 545 896 618; x_wconf 87' lang='lat' dir='ltr'><strong>quidem</strong></span> <span class='ocrx_word' id='word_1_14' title='bbox 946 561 1083 601; x_wconf 90' lang='lat' dir='ltr'><strong>cum</strong></span> <span class='ocrx_word' id='word_1_15' title='bbox 1148 545 1432 602; x_wconf 82' lang='lat' dir='ltr'><strong>Achaabo</strong></span> <span class='ocrx_word' id='word_1_16' title='bbox 1480 545 1890 613; x_wconf 86' lang='lat' dir='ltr'><strong>famularetur,</strong></span> <span class='ocrx_word' id='word_1_17' title='bbox 1946 561 2146 615; x_wconf 90' lang='lat' dir='ltr'><strong>genua</strong></span> 
     </span>
    </p>
   </div>
   <div class='ocr_carea' id='block_1_4' title="bbox 494 634 2146 706">
    <p class='ocr_par' dir='ltr' id='par_1_4' title="bbox 494 634 2146 706">
     <span class='ocr_line' id='line_1_4' title="bbox 494 634 2146 706; baseline -0.001 -14"><span class='ocrx_word' id='word_1_18' title='bbox 494 640 698 692; x_wconf 88' lang='lat' dir='ltr'><strong>tamen</strong></span> <span class='ocrx_word' id='word_1_19' title='bbox 732 635 893 691; x_wconf 90' lang='lat' dir='ltr'><strong>Baali</strong></span> <span class='ocrx_word' id='word_1_20' title='bbox 924 648 1046 690; x_wconf 93' lang='lat' dir='ltr'><strong>non</strong></span> <span class='ocrx_word' id='word_1_21' title='bbox 1069 634 1232 690; x_wconf 89' lang='lat' dir='ltr'><strong>ﬂexit</strong></span> <span class='ocrx_word' id='word_1_22' title='bbox 1255 636 1320 690; x_wconf 82' lang='lat'><strong>&quot;.</strong></span> <span class='ocrx_word' id='word_1_23' title='bbox 1353 637 1542 691; x_wconf 81' lang='lat' dir='ltr'><strong>Metuo</strong></span> <span class='ocrx_word' id='word_1_24' title='bbox 1573 635 1752 690; x_wconf 90' lang='lat' dir='ltr'><strong>etiam</strong></span> <span class='ocrx_word' id='word_1_25' title='bbox 1783 634 2015 706; x_wconf 69' lang='lat' dir='ltr'><strong>pusillae</strong></span> <span class='ocrx_word' id='word_1_26' title='bbox 2050 637 2146 704; x_wconf 85' lang='lat' dir='ltr'><strong>ju-</strong></span> 
     </span>
    </p>
   </div>
   <div class='ocr_carea' id='block_1_5' title="bbox 495 723 2140 795">
    <p class='ocr_par' dir='ltr' id='par_1_5' title="bbox 495 723 2140 795">
     <span class='ocr_line' id='line_1_5' title="bbox 495 723 2140 795; baseline -0.001 -15"><span class='ocrx_word' id='word_1_27' title='bbox 495 728 724 780; x_wconf 88' lang='lat' dir='ltr'><strong>storum</strong></span> <span class='ocrx_word' id='word_1_28' title='bbox 756 724 932 792; x_wconf 85' lang='lat' dir='ltr'><strong>sorti;</strong></span> <span class='ocrx_word' id='word_1_29' title='bbox 961 739 1106 780; x_wconf 88' lang='lat' dir='ltr'><strong>nam</strong></span> <span class='ocrx_word' id='word_1_30' title='bbox 1135 725 1306 793; x_wconf 87' lang='lat' dir='ltr'><strong>virga</strong></span> <span class='ocrx_word' id='word_1_31' title='bbox 1341 723 1667 795; x_wconf 91' lang='lat' dir='ltr'><strong>impiorum</strong></span> <span class='ocrx_word' id='word_1_32' title='bbox 1709 728 2140 780; x_wconf 86' lang='lat' dir='ltr'><strong>commovetur.</strong></span> 
     </span>
    </p>
   </div>
   <div class='ocr_carea' id='block_1_6' title="bbox 496 813 2144 884">
    <p class='ocr_par' dir='ltr' id='par_1_6' title="bbox 496 813 2144 884">
     <span class='ocr_line' id='line_1_6' title="bbox 496 813 2144 884; baseline -0.001 -14"><span class='ocrx_word' id='word_1_33' title='bbox 496 815 650 881; x_wconf 84' lang='lat' dir='ltr'><strong>Quid</strong></span> <span class='ocrx_word' id='word_1_34' title='bbox 677 815 894 872; x_wconf 78' lang='lat' dir='ltr'><strong>faciam</strong></span> <span class='ocrx_word' id='word_1_35' title='bbox 917 816 944 871; x_wconf 86' lang='lat'><strong>?</strong></span> <span class='ocrx_word' id='word_1_36' title='bbox 970 814 1077 869; x_wconf 89' lang='lat' dir='ltr'><strong>Ubi</strong></span> <span class='ocrx_word' id='word_1_37' title='bbox 1103 817 1239 870; x_wconf 82' lang='lat' dir='ltr'><strong>Jesu</strong></span> <span class='ocrx_word' id='word_1_38' title='bbox 1264 813 1592 884; x_wconf 88' lang='lat' dir='ltr'><strong>ﬂagellum,</strong></span> <span class='ocrx_word' id='word_1_39' title='bbox 1622 818 1686 869; x_wconf 92' lang='lat' dir='ltr'><strong>ut</strong></span> <span class='ocrx_word' id='word_1_40' title='bbox 1711 813 1896 870; x_wconf 79' lang='lat' dir='ltr'><strong>Patris</strong></span> <span class='ocrx_word' id='word_1_41' title='bbox 1923 813 2144 870; x_wconf 88' lang='lat' dir='ltr'><strong>domus</strong></span> 
     </span>
    </p>
   </div>
   <div class='ocr_carea' id='block_1_7' title="bbox 494 902 2144 977">
    <p class='ocr_par' dir='ltr' id='par_1_7' title="bbox 494 902 2144 977">
     <span class='ocr_line' id='line_1_7' title="bbox 494 902 2144 977; baseline -0.001 -17"><span class='ocrx_word' id='word_1_42' title='bbox 494 905 820 977; x_wconf 81' lang='lat' dir='ltr'><strong>purgetur?</strong></span> <span class='ocrx_word' id='word_1_43' title='bbox 869 902 978 961; x_wconf 93' lang='lat' dir='ltr'><strong>Odi</strong></span> <span class='ocrx_word' id='word_1_44' title='bbox 1029 902 1343 959; x_wconf 82' lang='lat' dir='ltr'><strong>ecclesiam</strong></span> <span class='ocrx_word' id='word_1_45' title='bbox 1389 902 1886 972; x_wconf 89' lang='lat' dir='ltr'><strong>malignantium:</strong></span> <span class='ocrx_word' id='word_1_46' title='bbox 1934 902 2040 959; x_wconf 90' lang='lat' dir='ltr'><strong>sed</strong></span> <span class='ocrx_word' id='word_1_47' title='bbox 2081 903 2144 959; x_wconf 88' lang='lat' dir='ltr'><strong>in</strong></span> 
     </span>
    </p>
   </div>
   <div class='ocr_carea' id='block_1_8' title="bbox 494 991 2146 1066">
    <p class='ocr_par' dir='ltr' id='par_1_8' title="bbox 494 991 2146 1066">
     <span class='ocr_line' id='line_1_8' title="bbox 494 991 2146 1066; baseline -0.001 -17"><span class='ocrx_word' id='word_1_48' title='bbox 494 993 656 1050; x_wconf 91' lang='lat' dir='ltr'><strong>hanc</strong></span> <span class='ocrx_word' id='word_1_49' title='bbox 682 993 985 1066; x_wconf 90' lang='lat' dir='ltr'><strong>projectus</strong></span> <span class='ocrx_word' id='word_1_50' title='bbox 1014 992 1122 1059; x_wconf 92' lang='lat' dir='ltr'><strong>fui,</strong></span> <span class='ocrx_word' id='word_1_51' title='bbox 1151 991 1255 1065; x_wconf 89' lang='lat' dir='ltr'><strong>qui</strong></span> <span class='ocrx_word' id='word_1_52' title='bbox 1297 991 1701 1048; x_wconf 81' lang='lat' dir='ltr'><strong>sacerdotium</strong></span> <span class='ocrx_word' id='word_1_53' title='bbox 1732 997 1951 1048; x_wconf 89' lang='lat' dir='ltr'><strong>temere</strong></span> <span class='ocrx_word' id='word_1_54' title='bbox 1981 1008 2146 1048; x_wconf 88' lang='lat' dir='ltr'><strong>assu-</strong></span> 
     </span>
    </p>
   </div>
   <div class='ocr_carea' id='block_1_9' title="bbox 495 1081 2140 1150">
    <p class='ocr_par' dir='ltr' id='par_1_9' title="bbox 495 1081 2140 1150">
     <span class='ocr_line' id='line_1_9' title="bbox 495 1081 2140 1150; baseline -0.002 -10"><span class='ocrx_word' id='word_1_55' title='bbox 495 1099 661 1140; x_wconf 87' lang='lat' dir='ltr'><strong>mere</strong></span> <span class='ocrx_word' id='word_1_56' title='bbox 713 1099 899 1140; x_wconf 89' lang='lat' dir='ltr'><strong>ausus</strong></span> <span class='ocrx_word' id='word_1_57' title='bbox 931 1099 1066 1138; x_wconf 90' lang='lat' dir='ltr'><strong>sum</strong></span> <span class='ocrx_word' id='word_1_58' title='bbox 1092 1102 1104 1142; x_wconf 92' lang='lat'><strong>:</strong></span> <span class='ocrx_word' id='word_1_59' title='bbox 1142 1085 1400 1138; x_wconf 81' lang='lat' dir='ltr'><strong>«Nonne</strong></span> <span class='ocrx_word' id='word_1_60' title='bbox 1430 1081 1700 1138; x_wconf 91' lang='lat' dir='ltr'><strong>odientes</strong></span> <span class='ocrx_word' id='word_1_61' title='bbox 1730 1085 1806 1150; x_wconf 92' lang='lat' dir='ltr'><strong>te,</strong></span> <span class='ocrx_word' id='word_1_62' title='bbox 1853 1081 2102 1138; x_wconf 89' lang='lat' dir='ltr'><strong>Domine</strong></span> <span class='ocrx_word' id='word_1_63' title='bbox 2125 1125 2140 1150; x_wconf 96' lang='lat'><strong>,</strong></span> 
     </span>
    </p>
   </div>
   <div class='ocr_carea' id='block_1_10' title="bbox 496 1171 2144 1244">
    <p class='ocr_par' dir='ltr' id='par_1_10' title="bbox 496 1171 2144 1244">
     <span class='ocr_line' id='line_1_10' title="bbox 496 1171 2144 1244; baseline 0 -16"><span class='ocrx_word' id='word_1_64' title='bbox 496 1173 746 1229; x_wconf 90' lang='lat' dir='ltr'><strong>oderam</strong></span> <span class='ocrx_word' id='word_1_65' title='bbox 762 1176 820 1230; x_wconf 91' lang='lat' dir='ltr'><strong>et</strong></span> <span class='ocrx_word' id='word_1_66' title='bbox 844 1188 1025 1244; x_wconf 87' lang='lat' dir='ltr'><strong>super</strong></span> <span class='ocrx_word' id='word_1_67' title='bbox 1043 1172 1318 1228; x_wconf 91' lang='lat' dir='ltr'><strong>inimicos</strong></span> <span class='ocrx_word' id='word_1_68' title='bbox 1346 1175 1479 1227; x_wconf 90' lang='lat' dir='ltr'><strong>tuos</strong></span> <span class='ocrx_word' id='word_1_69' title='bbox 1511 1171 1898 1228; x_wconf 89' lang='lat' dir='ltr'><strong>tabescebam</strong></span> <span class='ocrx_word' id='word_1_70' title='bbox 1924 1174 1952 1228; x_wconf 83' lang='lat'><strong>&#39;?</strong></span> <span class='ocrx_word' id='word_1_71' title='bbox 1973 1195 2002 1223; x_wconf 84' lang='lat'><em>»</em></span> <span class='ocrx_word' id='word_1_72' title='bbox 2031 1173 2144 1228; x_wconf 88' lang='lat' dir='ltr'><strong>Cur</strong></span> 
     </span>
    </p>
   </div>
   <div class='ocr_carea' id='block_1_11' title="bbox 497 1260 2141 1332">
    <p class='ocr_par' dir='ltr' id='par_1_11' title="bbox 497 1260 2141 1332">
     <span class='ocr_line' id='line_1_11' title="bbox 497 1260 2141 1332; baseline 0 -15"><span class='ocrx_word' id='word_1_73' title='bbox 497 1261 905 1319; x_wconf 88' lang='lat' dir='ltr'><strong>maledictioni</strong></span> <span class='ocrx_word' id='word_1_74' title='bbox 954 1261 1038 1317; x_wconf 91' lang='lat' dir='ltr'><strong>illi</strong></span> <span class='ocrx_word' id='word_1_75' title='bbox 1097 1261 1384 1318; x_wconf 84' lang='lat' dir='ltr'><strong>audacter</strong></span> <span class='ocrx_word' id='word_1_76' title='bbox 1432 1277 1529 1317; x_wconf 93' lang='lat' dir='ltr'><strong>me</strong></span> <span class='ocrx_word' id='word_1_77' title='bbox 1590 1261 1839 1332; x_wconf 81' lang='lat' dir='ltr'><strong>objeci‘?</strong></span> <span class='ocrx_word' id='word_1_78' title='bbox 1910 1260 2141 1318; x_wconf 74' lang='lat' dir='ltr'><strong>Caelum</strong></span> 
     </span>
    </p>
   </div>
   <div class='ocr_carea' id='block_1_12' title="bbox 497 1350 2143 1424">
    <p class='ocr_par' dir='ltr' id='par_1_12' title="bbox 497 1350 2143 1424">
     <span class='ocr_line' id='line_1_12' title="bbox 497 1350 2143 1424; baseline 0.001 -18"><span class='ocrx_word' id='word_1_79' title='bbox 497 1366 728 1407; x_wconf 72' lang='lat' dir='ltr'><strong>aeneum</strong></span> <span class='ocrx_word' id='word_1_80' title='bbox 774 1355 1086 1422; x_wconf 87' lang='lat' dir='ltr'><strong>reputatus</strong></span> <span class='ocrx_word' id='word_1_81' title='bbox 1124 1365 1236 1419; x_wconf 91' lang='lat' dir='ltr'><strong>ego</strong></span> <span class='ocrx_word' id='word_1_82' title='bbox 1289 1365 1447 1420; x_wconf 89' lang='lat' dir='ltr'><strong>sum,</strong></span> <span class='ocrx_word' id='word_1_83' title='bbox 1499 1354 1656 1407; x_wconf 89' lang='lat' dir='ltr'><strong>terra</strong></span> <span class='ocrx_word' id='word_1_84' title='bbox 1697 1350 1890 1406; x_wconf 87' lang='lat' dir='ltr'><strong>ferrea</strong></span> <span class='ocrx_word' id='word_1_85' title='bbox 1945 1365 2143 1424; x_wconf 88' lang='lat' dir='ltr'><strong>neque</strong></span> 
     </span>
    </p>
   </div>
   <div class='ocr_carea' id='block_1_13' title="bbox 497 1437 2145 1511">
    <p class='ocr_par' dir='ltr' id='par_1_13' title="bbox 497 1437 2145 1511">
     <span class='ocr_line' id='line_1_13' title="bbox 497 1437 2145 1511; baseline 0.001 -16"><span class='ocrx_word' id='word_1_86' title='bbox 497 1443 664 1495; x_wconf 85' lang='lat' dir='ltr'><strong>arata</strong></span> <span class='ocrx_word' id='word_1_87' title='bbox 688 1455 884 1511; x_wconf 89' lang='lat' dir='ltr'><strong>neque</strong></span> <span class='ocrx_word' id='word_1_88' title='bbox 907 1443 1040 1495; x_wconf 86' lang='lat' dir='ltr'><strong>sata</strong></span> <span class='ocrx_word' id='word_1_89' title='bbox 1058 1437 1376 1494; x_wconf 72' lang='lat' dir='ltr'><strong>haereditus</strong></span> <span class='ocrx_word' id='word_1_90' title='bbox 1402 1454 1563 1495; x_wconf 90' lang='lat' dir='ltr'><strong>mea.</strong></span> <span class='ocrx_word' id='word_1_91' title='bbox 1600 1439 1893 1504; x_wconf 87' lang='lat' dir='ltr'><strong>Quisnam</strong></span> <span class='ocrx_word' id='word_1_92' title='bbox 1924 1439 2145 1496; x_wconf 78' lang='lat' dir='ltr'><strong>Paulus</strong></span> 
     </span>
    </p>
   </div>
   <div class='ocr_carea' id='block_1_14' title="bbox 495 1527 2145 1600">
    <p class='ocr_par' dir='ltr' id='par_1_14' title="bbox 495 1527 2145 1600">
     <span class='ocr_line' id='line_1_14' title="bbox 495 1527 2145 1600; baseline 0.002 -18"><span class='ocrx_word' id='word_1_93' title='bbox 495 1543 706 1583; x_wconf 86' lang='lat' dir='ltr'><strong>rursus</strong></span> <span class='ocrx_word' id='word_1_94' title='bbox 744 1529 856 1584; x_wconf 88' lang='lat' dir='ltr'><strong>hos</strong></span> <span class='ocrx_word' id='word_1_95' title='bbox 886 1527 1198 1600; x_wconf 87' lang='lat' dir='ltr'><strong>parturiat,</strong></span> <span class='ocrx_word' id='word_1_96' title='bbox 1231 1527 1424 1584; x_wconf 89' lang='lat' dir='ltr'><strong>donec</strong></span> <span class='ocrx_word' id='word_1_97' title='bbox 1454 1527 1743 1584; x_wconf 86' lang='lat' dir='ltr'><strong>formetur</strong></span> <span class='ocrx_word' id='word_1_98' title='bbox 1774 1528 1837 1584; x_wconf 93' lang='lat' dir='ltr'><strong>in</strong></span> <span class='ocrx_word' id='word_1_99' title='bbox 1866 1529 1950 1584; x_wconf 89' lang='lat' dir='ltr'><strong>eis</strong></span> <span class='ocrx_word' id='word_1_100' title='bbox 1981 1528 2145 1585; x_wconf 88' lang='lat' dir='ltr'><strong>Chri-</strong></span> 
     </span>
    </p>
   </div>
   <div class='ocr_carea' id='block_1_15' title="bbox 495 1617 2144 1690">
    <p class='ocr_par' dir='ltr' id='par_1_15' title="bbox 495 1617 2144 1690">
     <span class='ocr_line' id='line_1_15' title="bbox 495 1617 2144 1690; baseline 0 -18"><span class='ocrx_word' id='word_1_101' title='bbox 495 1617 629 1672; x_wconf 85' lang='lat' dir='ltr'><strong>tus?</strong></span> <span class='ocrx_word' id='word_1_102' title='bbox 656 1617 831 1674; x_wconf 88' lang='lat' dir='ltr'><strong>Nothi</strong></span> <span class='ocrx_word' id='word_1_103' title='bbox 874 1617 1074 1673; x_wconf 89' lang='lat' dir='ltr'><strong>adhuc</strong></span> <span class='ocrx_word' id='word_1_104' title='bbox 1103 1621 1162 1673; x_wconf 90' lang='lat' dir='ltr'><strong>et</strong></span> <span class='ocrx_word' id='word_1_105' title='bbox 1189 1632 1312 1673; x_wconf 93' lang='lat' dir='ltr'><strong>non</strong></span> <span class='ocrx_word' id='word_1_106' title='bbox 1341 1617 1462 1687; x_wconf 88' lang='lat' dir='ltr'><strong>ﬁlii,</strong></span> <span class='ocrx_word' id='word_1_107' title='bbox 1524 1618 1668 1690; x_wconf 88' lang='lat' dir='ltr'><strong>quia</strong></span> <span class='ocrx_word' id='word_1_108' title='bbox 1698 1618 2014 1675; x_wconf 90' lang='lat' dir='ltr'><strong>fascinavit</strong></span> <span class='ocrx_word' id='word_1_109' title='bbox 2041 1634 2144 1674; x_wconf 91' lang='lat' dir='ltr'><strong>eos</strong></span> 
     </span>
    </p>
   </div>
   <div class='ocr_carea' id='block_1_16' title="bbox 493 1705 2146 1779">
    <p class='ocr_par' dir='ltr' id='par_1_16' title="bbox 493 1705 2146 1779">
     <span class='ocr_line' id='line_1_16' title="bbox 493 1705 2146 1779; baseline 0.002 -19"><span class='ocrx_word' id='word_1_110' title='bbox 493 1705 768 1774; x_wconf 86' lang='lat' dir='ltr'><strong>Satanas,</strong></span> <span class='ocrx_word' id='word_1_111' title='bbox 808 1722 884 1762; x_wconf 91' lang='lat' dir='ltr'><strong>ne</strong></span> <span class='ocrx_word' id='word_1_112' title='bbox 921 1705 1058 1778; x_wconf 89' lang='lat' dir='ltr'><strong>quis</strong></span> <span class='ocrx_word' id='word_1_113' title='bbox 1125 1706 1358 1762; x_wconf 84' lang='lat' dir='ltr'><strong>veritati</strong></span> <span class='ocrx_word' id='word_1_114' title='bbox 1404 1705 1553 1762; x_wconf 83' lang='lat' dir='ltr'><strong>forte</strong></span> <span class='ocrx_word' id='word_1_115' title='bbox 1596 1707 1819 1772; x_wconf 89' lang='lat' dir='ltr'><strong>credat,</strong></span> <span class='ocrx_word' id='word_1_116' title='bbox 1871 1712 2050 1779; x_wconf 89' lang='lat' dir='ltr'><strong>atque</strong></span> <span class='ocrx_word' id='word_1_117' title='bbox 2082 1712 2146 1763; x_wconf 92' lang='lat' dir='ltr'><strong>ut</strong></span> 
     </span>
    </p>
   </div>
   <div class='ocr_carea' id='block_1_17' title="bbox 497 1792 2216 1868">
    <p class='ocr_par' dir='ltr' id='par_1_17' title="bbox 497 1792 2216 1868">
     <span class='ocr_line' id='line_1_17' title="bbox 497 1792 2216 1868; baseline 0.002 -19"><span class='ocrx_word' id='word_1_118' title='bbox 497 1793 616 1850; x_wconf 88' lang='lat' dir='ltr'><strong>sint</strong></span> <span class='ocrx_word' id='word_1_119' title='bbox 639 1793 922 1868; x_wconf 85' lang='lat' dir='ltr'><strong>deinceps</strong></span> <span class='ocrx_word' id='word_1_120' title='bbox 949 1792 1315 1851; x_wconf 89' lang='lat' dir='ltr'><strong>inﬁdelitatis</strong></span> <span class='ocrx_word' id='word_1_121' title='bbox 1339 1794 1464 1851; x_wconf 87' lang='lat' dir='ltr'><strong>ﬁlii.</strong></span> <span class='ocrx_word' id='word_1_122' title='bbox 1501 1795 1657 1851; x_wconf 91' lang='lat' dir='ltr'><strong>Iram</strong></span> <span class='ocrx_word' id='word_1_123' title='bbox 1702 1795 1904 1865; x_wconf 88' lang='lat' dir='ltr'><strong>timeo,</strong></span> <span class='ocrx_word' id='word_1_124' title='bbox 1934 1811 2146 1852; x_wconf 88' lang='lat' dir='ltr'><strong>revera</strong></span> <span class='ocrx_word' id='word_1_125' title='bbox 2176 1813 2216 1866; x_wconf 74' lang='grc' dir='ltr'>Β</span> 
     </span>
    </p>
   </div>
   <div class='ocr_carea' id='block_1_18' title="bbox 496 1883 2142 1956">
    <p class='ocr_par' dir='ltr' id='par_1_18' title="bbox 496 1883 2142 1956">
     <span class='ocr_line' id='line_1_18' title="bbox 496 1883 2142 1956; baseline 0.001 -17"><span class='ocrx_word' id='word_1_126' title='bbox 496 1883 658 1939; x_wconf 92' lang='lat' dir='ltr'><strong>enim</strong></span> <span class='ocrx_word' id='word_1_127' title='bbox 681 1888 823 1940; x_wconf 90' lang='lat' dir='ltr'><strong>sunt</strong></span> <span class='ocrx_word' id='word_1_128' title='bbox 841 1899 992 1941; x_wconf 85' lang='lat' dir='ltr'><strong>vasa</strong></span> <span class='ocrx_word' id='word_1_129' title='bbox 1011 1883 1113 1940; x_wconf 76' lang='lat' dir='ltr'><strong>irae</strong></span> <span class='ocrx_word' id='word_1_130' title='bbox 1136 1883 1214 1941; x_wconf 90' lang='lat' dir='ltr'><strong>ad</strong></span> <span class='ocrx_word' id='word_1_131' title='bbox 1236 1884 1636 1956; x_wconf 88' lang='lat' dir='ltr'><strong>perditionem</strong></span> <span class='ocrx_word' id='word_1_132' title='bbox 1672 1885 1952 1943; x_wconf 85' lang='lat' dir='ltr'><strong>formata.</strong></span> <span class='ocrx_word' id='word_1_133' title='bbox 1991 1887 2142 1942; x_wconf 84' lang='lat' dir='ltr'><strong>Heu!</strong></span> 
     </span>
    </p>
   </div>
   <div class='ocr_carea' id='block_1_19' title="bbox 495 1971 2146 2047">
    <p class='ocr_par' dir='ltr' id='par_1_19' title="bbox 495 1971 2146 2047">
     <span class='ocr_line' id='line_1_19' title="bbox 495 1971 2146 2047; baseline 0.002 -19"><span class='ocrx_word' id='word_1_134' title='bbox 495 1971 760 2029; x_wconf 87' lang='lat' dir='ltr'><strong>ferarum</strong></span> <span class='ocrx_word' id='word_1_135' title='bbox 813 1972 1021 2030; x_wconf 86' lang='lat' dir='ltr'><strong>dentes</strong></span> <span class='ocrx_word' id='word_1_136' title='bbox 1077 1973 1276 2040; x_wconf 88' lang='lat' dir='ltr'><strong>video,</strong></span> <span class='ocrx_word' id='word_1_137' title='bbox 1333 1990 1472 2030; x_wconf 90' lang='lat' dir='ltr'><strong>cum</strong></span> <span class='ocrx_word' id='word_1_138' title='bbox 1531 1973 1730 2030; x_wconf 85' lang='lat' dir='ltr'><strong>furore</strong></span> <span class='ocrx_word' id='word_1_139' title='bbox 1781 1974 2146 2047; x_wconf 88' lang='lat' dir='ltr'><strong>rapientium</strong></span> 
     </span>
    </p>
   </div>
   <div class='ocr_carea' id='block_1_20' title="bbox 497 2063 2144 2134">
    <p class='ocr_par' dir='ltr' id='par_1_20' title="bbox 497 2063 2144 2134">
     <span class='ocr_line' id='line_1_20' title="bbox 497 2063 2144 2134; baseline 0.003 -17"><span class='ocrx_word' id='word_1_140' title='bbox 497 2077 680 2134; x_wconf 87' lang='lat' dir='ltr'><strong>super</strong></span> <span class='ocrx_word' id='word_1_141' title='bbox 707 2063 962 2119; x_wconf 84' lang='lat' dir='ltr'><strong>terram!</strong></span> <span class='ocrx_word' id='word_1_142' title='bbox 997 2066 1144 2120; x_wconf 88' lang='lat' dir='ltr'><strong>Nam</strong></span> <span class='ocrx_word' id='word_1_143' title='bbox 1175 2079 1453 2120; x_wconf 91' lang='lat' dir='ltr'><strong>meorum</strong></span> <span class='ocrx_word' id='word_1_144' title='bbox 1489 2064 1749 2134; x_wconf 90' lang='lat' dir='ltr'><strong>insignia</strong></span> <span class='ocrx_word' id='word_1_145' title='bbox 1779 2063 1959 2122; x_wconf 86' lang='lat' dir='ltr'><strong>veluti</strong></span> <span class='ocrx_word' id='word_1_146' title='bbox 1985 2070 2144 2132; x_wconf 89' lang='lat' dir='ltr'><strong>sunt,</strong></span> 
     </span>
    </p>
   </div>
   <div class='ocr_carea' id='block_1_21' title="bbox 493 2151 2147 2226">
    <p class='ocr_par' dir='ltr' id='par_1_21' title="bbox 493 2151 2147 2226">
     <span class='ocr_line' id='line_1_21' title="bbox 493 2151 2147 2226; baseline 0.001 -18"><span class='ocrx_word' id='word_1_147' title='bbox 493 2151 818 2209; x_wconf 91' lang='lat' dir='ltr'><strong>homicidia</strong></span> <span class='ocrx_word' id='word_1_148' title='bbox 848 2152 910 2208; x_wconf 90' lang='lat' dir='ltr'><strong>in</strong></span> <span class='ocrx_word' id='word_1_149' title='bbox 947 2152 1158 2226; x_wconf 91' lang='lat' dir='ltr'><strong>primis</strong></span> <span class='ocrx_word' id='word_1_150' title='bbox 1188 2157 1246 2209; x_wconf 90' lang='lat' dir='ltr'><strong>et</strong></span> <span class='ocrx_word' id='word_1_151' title='bbox 1275 2153 1395 2210; x_wconf 91' lang='lat' dir='ltr'><strong>alia</strong></span> <span class='ocrx_word' id='word_1_152' title='bbox 1435 2153 1720 2210; x_wconf 86' lang='lat' dir='ltr'><strong>mortium</strong></span> <span class='ocrx_word' id='word_1_153' title='bbox 1749 2169 1990 2224; x_wconf 89' lang='lat' dir='ltr'><strong>genera.</strong></span> <span class='ocrx_word' id='word_1_154' title='bbox 2022 2157 2147 2211; x_wconf 89' lang='lat' dir='ltr'><strong>Heu</strong></span> 
     </span>
    </p>
   </div>
   <div class='ocr_carea' id='block_1_22' title="bbox 496 2239 2150 2316">
    <p class='ocr_par' dir='ltr' id='par_1_22' title="bbox 496 2239 2150 2316">
     <span class='ocr_line' id='line_1_22' title="bbox 496 2239 2150 2316; baseline 0.003 -21"><span class='ocrx_word' id='word_1_155' title='bbox 496 2239 731 2297; x_wconf 89' lang='lat' dir='ltr'><strong>Dathan</strong></span> <span class='ocrx_word' id='word_1_156' title='bbox 760 2245 939 2314; x_wconf 88' lang='lat' dir='ltr'><strong>atque</strong></span> <span class='ocrx_word' id='word_1_157' title='bbox 982 2242 1208 2299; x_wconf 85' lang='lat' dir='ltr'><strong>Abiron</strong></span> <span class='ocrx_word' id='word_1_158' title='bbox 1234 2242 1383 2299; x_wconf 91' lang='lat' dir='ltr'><strong>mihi</strong></span> <span class='ocrx_word' id='word_1_159' title='bbox 1409 2243 1680 2299; x_wconf 88' lang='lat' dir='ltr'><strong>inhiant:</strong></span> <span class='ocrx_word' id='word_1_160' title='bbox 1727 2248 1784 2299; x_wconf 91' lang='lat' dir='ltr'><strong>et</strong></span> <span class='ocrx_word' id='word_1_161' title='bbox 1811 2244 1948 2316; x_wconf 91' lang='lat' dir='ltr'><strong>quis</strong></span> <span class='ocrx_word' id='word_1_162' title='bbox 1979 2244 2150 2301; x_wconf 88' lang='lat' dir='ltr'><strong>adest</strong></span> 
     </span>
    </p>
   </div>
   <div class='ocr_carea' id='block_1_23' title="bbox 495 2331 2146 2404">
    <p class='ocr_par' dir='ltr' id='par_1_23' title="bbox 495 2331 2146 2404">
     <span class='ocr_line' id='line_1_23' title="bbox 495 2331 2146 2404; baseline 0.001 -18"><span class='ocrx_word' id='word_1_163' title='bbox 495 2339 716 2398; x_wconf 82' lang='lat' dir='ltr'><strong>Aaron,</strong></span> <span class='ocrx_word' id='word_1_164' title='bbox 751 2337 813 2388; x_wconf 90' lang='lat' dir='ltr'><strong>ut</strong></span> <span class='ocrx_word' id='word_1_165' title='bbox 837 2333 990 2404; x_wconf 83' lang='lat' dir='ltr'><strong>Deus</strong></span> <span class='ocrx_word' id='word_1_166' title='bbox 1019 2331 1304 2389; x_wconf 89' lang='lat' dir='ltr'><strong>miracula</strong></span> <span class='ocrx_word' id='word_1_167' title='bbox 1331 2331 1520 2389; x_wconf 80' lang='lat' dir='ltr'><strong>edat?</strong></span> <span class='ocrx_word' id='word_1_168' title='bbox 1543 2332 1867 2390; x_wconf 87' lang='lat' dir='ltr'><strong>Sacerdotii</strong></span> <span class='ocrx_word' id='word_1_169' title='bbox 1887 2333 2146 2404; x_wconf 84' lang='lat' dir='ltr'><strong>dignitas</strong></span> 
     </span>
    </p>
   </div>
   <div class='ocr_carea' id='block_1_24' title="bbox 495 2420 2146 2495">
    <p class='ocr_par' dir='ltr' id='par_1_24' title="bbox 495 2420 2146 2495">
     <span class='ocr_line' id='line_1_24' title="bbox 495 2420 2146 2495; baseline 0.002 -19"><span class='ocrx_word' id='word_1_170' title='bbox 495 2420 851 2478; x_wconf 88' lang='lat' dir='ltr'><strong>conculcata</strong></span> <span class='ocrx_word' id='word_1_171' title='bbox 865 2426 974 2491; x_wconf 87' lang='lat' dir='ltr'><strong>est,</strong></span> <span class='ocrx_word' id='word_1_172' title='bbox 992 2426 1049 2478; x_wconf 92' lang='lat' dir='ltr'><strong>et</strong></span> <span class='ocrx_word' id='word_1_173' title='bbox 1082 2422 1220 2495; x_wconf 91' lang='lat' dir='ltr'><strong>quis</strong></span> <span class='ocrx_word' id='word_1_174' title='bbox 1252 2421 1706 2492; x_wconf 89' lang='lat' dir='ltr'><strong>adestSamuel,</strong></span> <span class='ocrx_word' id='word_1_175' title='bbox 1729 2426 1794 2480; x_wconf 93' lang='lat' dir='ltr'><strong>ut</strong></span> <span class='ocrx_word' id='word_1_176' title='bbox 1816 2426 1969 2479; x_wconf 89' lang='lat' dir='ltr'><strong>Deus</strong></span> <span class='ocrx_word' id='word_1_177' title='bbox 1993 2423 2146 2495; x_wconf 89' lang='lat' dir='ltr'><strong>inju-</strong></span> 
     </span>
    </p>
   </div>
   <div class='ocr_carea' id='block_1_25' title="bbox 493 2509 2148 2584">
    <p class='ocr_par' dir='ltr' id='par_1_25' title="bbox 493 2509 2148 2584">
     <span class='ocr_line' id='line_1_25' title="bbox 493 2509 2148 2584; baseline 0.002 -18"><span class='ocrx_word' id='word_1_178' title='bbox 493 2509 648 2567; x_wconf 89' lang='lat' dir='ltr'><strong>riam</strong></span> <span class='ocrx_word' id='word_1_179' title='bbox 659 2525 771 2567; x_wconf 91' lang='lat' dir='ltr'><strong>ceu</strong></span> <span class='ocrx_word' id='word_1_180' title='bbox 782 2510 1022 2568; x_wconf 86' lang='lat' dir='ltr'><strong>sibimet</strong></span> <span class='ocrx_word' id='word_1_181' title='bbox 1033 2509 1260 2568; x_wconf 89' lang='lat' dir='ltr'><strong>illatam</strong></span> <span class='ocrx_word' id='word_1_182' title='bbox 1271 2515 1506 2584; x_wconf 89' lang='lat' dir='ltr'><strong>reputet</strong></span> <span class='ocrx_word' id='word_1_183' title='bbox 1522 2513 1551 2569; x_wconf 82' lang='lat'><strong><em>?</em></strong></span> <span class='ocrx_word' id='word_1_184' title='bbox 1568 2512 1974 2570; x_wconf 84' lang='lat' dir='ltr'><strong>«luvocabant</strong></span> <span class='ocrx_word' id='word_1_185' title='bbox 1985 2512 2148 2570; x_wconf 91' lang='lat' dir='ltr'><strong>enim</strong></span> 
     </span>
    </p>
   </div>
   <div class='ocr_carea' id='block_1_26' title="bbox 493 2597 2146 2672">
    <p class='ocr_par' dir='ltr' id='par_1_26' title="bbox 493 2597 2146 2672">
     <span class='ocr_line' id='line_1_26' title="bbox 493 2597 2146 2672; baseline 0.001 -17"><span class='ocrx_word' id='word_1_186' title='bbox 493 2597 579 2655; x_wconf 88' lang='lat' dir='ltr'><strong>illi</strong></span> <span class='ocrx_word' id='word_1_187' title='bbox 630 2599 975 2666; x_wconf 91' lang='lat' dir='ltr'><strong>Dominum,</strong></span> <span class='ocrx_word' id='word_1_188' title='bbox 1031 2603 1090 2656; x_wconf 92' lang='lat' dir='ltr'><strong>et</strong></span> <span class='ocrx_word' id='word_1_189' title='bbox 1137 2600 1266 2672; x_wconf 90' lang='lat' dir='ltr'><strong>ipse</strong></span> <span class='ocrx_word' id='word_1_190' title='bbox 1319 2600 1686 2658; x_wconf 82' lang='lat' dir='ltr'><strong>exaudiebat</strong></span> <span class='ocrx_word' id='word_1_191' title='bbox 1750 2619 1888 2659; x_wconf 89' lang='lat' dir='ltr'><strong>eos:</strong></span> <span class='ocrx_word' id='word_1_192' title='bbox 1942 2602 2004 2658; x_wconf 90' lang='lat' dir='ltr'><strong>in</strong></span> <span class='ocrx_word' id='word_1_193' title='bbox 2051 2617 2146 2657; x_wconf 91' lang='lat' dir='ltr'><strong>co-</strong></span> 
     </span>
    </p>
   </div>
   <div class='ocr_carea' id='block_1_27' title="bbox 493 2686 2147 2764">
    <p class='ocr_par' dir='ltr' id='par_1_27' title="bbox 493 2686 2147 2764">
     <span class='ocr_line' id='line_1_27' title="bbox 493 2686 2147 2764; baseline 0.002 -21"><span class='ocrx_word' id='word_1_194' title='bbox 493 2686 706 2744; x_wconf 88' lang='lat' dir='ltr'><strong>lumna</strong></span> <span class='ocrx_word' id='word_1_195' title='bbox 720 2687 904 2746; x_wconf 89' lang='lat' dir='ltr'><strong>nubis</strong></span> <span class='ocrx_word' id='word_1_196' title='bbox 923 2689 1287 2761; x_wconf 90' lang='lat' dir='ltr'><strong>loquebatur</strong></span> <span class='ocrx_word' id='word_1_197' title='bbox 1296 2689 1401 2746; x_wconf 92' lang='lat' dir='ltr'><strong>eis.</strong></span> <span class='ocrx_word' id='word_1_198' title='bbox 1424 2711 1453 2741; x_wconf 83' lang='lat'><strong><em>»</em></strong></span> <span class='ocrx_word' id='word_1_199' title='bbox 1467 2692 1690 2764; x_wconf 88' lang='lat' dir='ltr'><strong>Nempe</strong></span> <span class='ocrx_word' id='word_1_200' title='bbox 1706 2707 1821 2763; x_wconf 91' lang='lat' dir='ltr'><strong>ego</strong></span> <span class='ocrx_word' id='word_1_201' title='bbox 1833 2707 2147 2748; x_wconf 89' lang='lat' dir='ltr'><strong>sacrorum</strong></span> 
     </span>
    </p>
   </div>
   <div class='ocr_carea' id='block_1_28' title="bbox 494 2777 2148 2839">
    <p class='ocr_par' dir='ltr' id='par_1_28' title="bbox 494 2777 2148 2839">
     <span class='ocr_line' id='line_1_28' title="bbox 494 2777 2148 2839; baseline 0.002 -6"><span class='ocrx_word' id='word_1_202' title='bbox 494 2777 973 2835; x_wconf 83' lang='lat' dir='ltr'><strong>testimoniorum</strong></span> <span class='ocrx_word' id='word_1_203' title='bbox 1009 2777 1352 2836; x_wconf 87' lang='lat' dir='ltr'><strong>custodiam</strong></span> <span class='ocrx_word' id='word_1_204' title='bbox 1381 2779 1535 2836; x_wconf 88' lang='lat' dir='ltr'><strong>serio</strong></span> <span class='ocrx_word' id='word_1_205' title='bbox 1563 2779 1846 2839; x_wconf 87' lang='lat' dir='ltr'><strong>observo.</strong></span> <span class='ocrx_word' id='word_1_206' title='bbox 1879 2784 2148 2838; x_wconf 87' lang='lat' dir='ltr'><strong>Fortasse</strong></span> 
     </span>
    </p>
   </div>
   <div class='ocr_carea' id='block_1_29' title="bbox 493 2865 2148 2942">
    <p class='ocr_par' dir='ltr' id='par_1_29' title="bbox 493 2865 2148 2942">
     <span class='ocr_line' id='line_1_29' title="bbox 493 2865 2148 2942; baseline 0.002 -20"><span class='ocrx_word' id='word_1_207' title='bbox 493 2865 670 2939; x_wconf 89' lang='lat' dir='ltr'><strong>aliqis</strong></span> <span class='ocrx_word' id='word_1_208' title='bbox 701 2865 1000 2925; x_wconf 88' lang='lat' dir='ltr'><strong>calvitiem</strong></span> <span class='ocrx_word' id='word_1_209' title='bbox 1028 2883 1274 2941; x_wconf 90' lang='lat' dir='ltr'><strong>quoque</strong></span> <span class='ocrx_word' id='word_1_210' title='bbox 1331 2867 1561 2936; x_wconf 89' lang='lat' dir='ltr'><strong>irridet,</strong></span> <span class='ocrx_word' id='word_1_211' title='bbox 1594 2870 1646 2925; x_wconf 90' lang='lat' dir='ltr'><strong>si</strong></span> <span class='ocrx_word' id='word_1_212' title='bbox 1674 2869 1823 2927; x_wconf 79' lang='lat' dir='ltr'><strong>forte</strong></span> <span class='ocrx_word' id='word_1_213' title='bbox 1848 2869 2005 2942; x_wconf 89' lang='lat' dir='ltr'><strong>pileo</strong></span> <span class='ocrx_word' id='word_1_214' title='bbox 2048 2885 2148 2926; x_wconf 88' lang='lat' dir='ltr'><strong>me</strong></span> 
     </span>
    </p>
   </div>
   <div class='ocr_carea' id='block_1_30' title="bbox 493 2956 2152 3022">
    <p class='ocr_par' dir='ltr' id='par_1_30' title="bbox 493 2956 2152 3022">
     <span class='ocr_line' id='line_1_30' title="bbox 493 2956 2152 3022; baseline 0.002 -11"><span class='ocrx_word' id='word_1_215' title='bbox 493 2969 735 3022; x_wconf 83' lang='lat' dir='ltr'><strong>exuam,</strong></span> <span class='ocrx_word' id='word_1_216' title='bbox 757 2959 824 3013; x_wconf 92' lang='lat' dir='ltr'><strong>ut</strong></span> <span class='ocrx_word' id='word_1_217' title='bbox 844 2973 986 3014; x_wconf 91' lang='lat' dir='ltr'><strong>cum</strong></span> <span class='ocrx_word' id='word_1_218' title='bbox 1004 2956 1125 3013; x_wconf 89' lang='lat' dir='ltr'><strong>ﬁde</strong></span> <span class='ocrx_word' id='word_1_219' title='bbox 1144 2956 1308 3014; x_wconf 90' lang='lat' dir='ltr'><strong>haud</strong></span> <span class='ocrx_word' id='word_1_220' title='bbox 1328 2957 1530 3015; x_wconf 86' lang='lat' dir='ltr'><strong>velata</strong></span> <span class='ocrx_word' id='word_1_221' title='bbox 1548 2973 1721 3014; x_wconf 88' lang='lat' dir='ltr'><strong>sacro</strong></span> <span class='ocrx_word' id='word_1_222' title='bbox 1745 2973 1997 3015; x_wconf 90' lang='lat' dir='ltr'><strong>munere</strong></span> <span class='ocrx_word' id='word_1_223' title='bbox 2018 2957 2152 3015; x_wconf 86' lang='lat' dir='ltr'><strong>fun-</strong></span> 
     </span>
    </p>
   </div>
   <div class='ocr_carea' id='block_1_31' title="bbox 495 3043 2149 3117">
    <p class='ocr_par' dir='ltr' id='par_1_31' title="bbox 495 3043 2149 3117">
     <span class='ocr_line' id='line_1_31' title="bbox 495 3043 2149 3117; baseline 0.002 -18"><span class='ocrx_word' id='word_1_224' title='bbox 495 3043 779 3113; x_wconf 85' lang='lat' dir='ltr'><strong>gar.Quis</strong></span> <span class='ocrx_word' id='word_1_225' title='bbox 804 3043 996 3101; x_wconf 84' lang='lat' dir='ltr'><strong>aderit</strong></span> <span class='ocrx_word' id='word_1_226' title='bbox 1025 3044 1268 3101; x_wconf 67' lang='lat' dir='ltr'><strong>Elisaaus</strong></span> <span class='ocrx_word' id='word_1_227' title='bbox 1305 3049 1372 3101; x_wconf 91' lang='lat' dir='ltr'><strong>ut</strong></span> <span class='ocrx_word' id='word_1_228' title='bbox 1393 3044 1638 3117; x_wconf 89' lang='lat' dir='ltr'><strong>culpam</strong></span> <span class='ocrx_word' id='word_1_229' title='bbox 1661 3046 1812 3102; x_wconf 88' lang='lat' dir='ltr'><strong>ultio</strong></span> <span class='ocrx_word' id='word_1_230' title='bbox 1838 3061 1982 3102; x_wconf 88' lang='lat' dir='ltr'><strong>mox</strong></span> <span class='ocrx_word' id='word_1_231' title='bbox 2007 3045 2149 3103; x_wconf 88' lang='lat' dir='ltr'><strong>sub-</strong></span> 
     </span>
    </p>
   </div>
   <div class='ocr_carea' id='block_1_32' title="bbox 496 3131 2220 3230">
    <p class='ocr_par' dir='ltr' id='par_1_32' title="bbox 496 3131 2220 3230">
     <span class='ocr_line' id='line_1_32' title="bbox 496 3131 2220 3230; baseline 0.003 -43"><span class='ocrx_word' id='word_1_232' title='bbox 496 3133 832 3230; x_wconf 52' lang='lat' dir='ltr'><strong>sequatur?</strong></span> <span class='ocrx_word' id='word_1_233' title='bbox 876 3131 1016 3230; x_wconf 57' lang='lat' dir='ltr'><strong>Filias</strong></span> <span class='ocrx_word' id='word_1_234' title='bbox 1063 3132 1393 3230; x_wconf 76' lang='lat' dir='ltr'><strong>disipulum</strong></span> <span class='ocrx_word' id='word_1_235' title='bbox 1423 3133 1709 3191; x_wconf 87' lang='lat' dir='ltr'><strong>audacter</strong></span> <span class='ocrx_word' id='word_1_236' title='bbox 1743 3151 1856 3230; x_wconf 63' lang='lat' dir='ltr'><strong>_me</strong></span> <span class='ocrx_word' id='word_1_237' title='bbox 1911 3135 2144 3230; x_wconf 76' lang='lat' dir='ltr'><strong>dicam:</strong></span> <span class='ocrx_word' id='word_1_238' title='bbox 2179 3173 2220 3230; x_wconf 67' lang='grc' dir='ltr'>Ο</span> 
     </span>
    </p>
   </div>
   <div class='ocr_carea' id='block_1_33' title="bbox 495 3219 2147 3297">
    <p class='ocr_par' dir='ltr' id='par_1_33' title="bbox 495 3219 2147 3297">
     <span class='ocr_line' id='line_1_33' title="bbox 495 3219 2147 3297; baseline 0.004 -23"><span class='ocrx_word' id='word_1_239' title='bbox 495 3219 603 3275; x_wconf 89' lang='lat' dir='ltr'><strong>sed</strong></span> <span class='ocrx_word' id='word_1_240' title='bbox 626 3235 752 3276; x_wconf 91' lang='lat' dir='ltr'><strong>non</strong></span> <span class='ocrx_word' id='word_1_241' title='bbox 771 3219 994 3276; x_wconf 91' lang='lat' dir='ltr'><strong>idcirco</strong></span> <span class='ocrx_word' id='word_1_242' title='bbox 1026 3221 1272 3277; x_wconf 79' lang='lat' dir='ltr'><strong>Elisaeus</strong></span> <span class='ocrx_word' id='word_1_243' title='bbox 1303 3237 1461 3277; x_wconf 89' lang='lat' dir='ltr'><strong>sum.</strong></span> <span class='ocrx_word' id='word_1_244' title='bbox 1499 3225 1564 3279; x_wconf 88' lang='lat' dir='ltr'><strong>Et</strong></span> <span class='ocrx_word' id='word_1_245' title='bbox 1606 3223 1860 3294; x_wconf 78' lang='lat' dir='ltr'><strong>gratiam</strong></span> <span class='ocrx_word' id='word_1_246' title='bbox 1904 3224 2147 3297; x_wconf 90' lang='lat' dir='ltr'><strong>quidem</strong></span> 
     </span>
    </p>
   </div>
   <div class='ocr_carea' id='block_1_34' title="bbox 496 3309 2146 3380">
    <p class='ocr_par' dir='ltr' id='par_1_34' title="bbox 496 3309 2146 3380">
     <span class='ocr_line' id='line_1_34' title="bbox 496 3309 2146 3380; baseline 0.005 -18"><span class='ocrx_word' id='word_1_247' title='bbox 496 3309 755 3380; x_wconf 85' lang='lat' dir='ltr'><strong>suscepi,</strong></span> <span class='ocrx_word' id='word_1_248' title='bbox 791 3309 899 3364; x_wconf 90' lang='lat' dir='ltr'><strong>sed</strong></span> <span class='ocrx_word' id='word_1_249' title='bbox 927 3325 1052 3366; x_wconf 89' lang='lat' dir='ltr'><strong>non</strong></span> <span class='ocrx_word' id='word_1_250' title='bbox 1081 3309 1304 3367; x_wconf 93' lang='lat' dir='ltr'><strong>idcirco</strong></span> <span class='ocrx_word' id='word_1_251' title='bbox 1343 3315 1508 3368; x_wconf 88' lang='lat' dir='ltr'><strong>extra</strong></span> <span class='ocrx_word' id='word_1_252' title='bbox 1545 3312 1915 3369; x_wconf 87' lang='lat' dir='ltr'><strong>caducarum</strong></span> <span class='ocrx_word' id='word_1_253' title='bbox 1943 3330 2146 3370; x_wconf 90' lang='lat' dir='ltr'><strong>rerum</strong></span> 
     </span>
    </p>
   </div>
   <div class='ocr_carea' id='block_1_35' title="bbox 493 3394 2148 3472">
    <p class='ocr_par' dir='ltr' id='par_1_35' title="bbox 493 3394 2148 3472">
     <span class='ocr_line' id='line_1_35' title="bbox 493 3394 2148 3472; baseline 0.005 -20"><span class='ocrx_word' id='word_1_254' title='bbox 493 3394 790 3469; x_wconf 89' lang='lat' dir='ltr'><strong>impetum</strong></span> <span class='ocrx_word' id='word_1_255' title='bbox 803 3414 958 3469; x_wconf 90' lang='lat' dir='ltr'><strong>sum,</strong></span> <span class='ocrx_word' id='word_1_256' title='bbox 978 3413 1173 3472; x_wconf 91' lang='lat' dir='ltr'><strong>neque</strong></span> <span class='ocrx_word' id='word_1_257' title='bbox 1199 3399 1260 3456; x_wconf 93' lang='lat' dir='ltr'><strong>in</strong></span> <span class='ocrx_word' id='word_1_258' title='bbox 1278 3415 1491 3472; x_wconf 89' lang='lat' dir='ltr'><strong>pacem</strong></span> <span class='ocrx_word' id='word_1_259' title='bbox 1507 3405 1670 3458; x_wconf 85' lang='lat' dir='ltr'><strong>extra</strong></span> <span class='ocrx_word' id='word_1_260' title='bbox 1695 3418 1940 3459; x_wconf 90' lang='lat' dir='ltr'><strong>omnem</strong></span> <span class='ocrx_word' id='word_1_261' title='bbox 1961 3403 2148 3461; x_wconf 90' lang='lat' dir='ltr'><strong>animi</strong></span> 
     </span>
    </p>
   </div>
   <div class='ocr_carea' id='block_1_36' title="bbox 492 3485 2148 3564">
    <p class='ocr_par' dir='ltr' id='par_1_36' title="bbox 492 3485 2148 3564">
     <span class='ocr_line' id='line_1_36' title="bbox 492 3485 2148 3564; baseline 0.004 -22"><span class='ocrx_word' id='word_1_262' title='bbox 492 3485 1010 3558; x_wconf 85' lang='lat' dir='ltr'><strong>perturbationem</strong></span> <span class='ocrx_word' id='word_1_263' title='bbox 1029 3488 1336 3559; x_wconf 88' lang='lat' dir='ltr'><strong>ingressus</strong></span> <span class='ocrx_word' id='word_1_264' title='bbox 1391 3506 1547 3546; x_wconf 86' lang='lat' dir='ltr'><strong>sum.</strong></span> <span class='ocrx_word' id='word_1_265' title='bbox 1575 3493 1640 3546; x_wconf 88' lang='lat' dir='ltr'><strong>Et</strong></span> <span class='ocrx_word' id='word_1_266' title='bbox 1658 3491 1808 3564; x_wconf 89' lang='lat' dir='ltr'><strong>quid</strong></span> <span class='ocrx_word' id='word_1_267' title='bbox 1825 3492 2070 3560; x_wconf 92' lang='lat' dir='ltr'><strong>mirum,</strong></span> <span class='ocrx_word' id='word_1_268' title='bbox 2097 3493 2148 3548; x_wconf 90' lang='lat' dir='ltr'><strong>si</strong></span> 
     </span>
    </p>
   </div>
   <div class='ocr_carea' id='block_1_37' title="bbox 493 3577 2148 3648">
    <p class='ocr_par' dir='ltr' id='par_1_37' title="bbox 493 3577 2148 3648">
     <span class='ocr_line' id='line_1_37' title="bbox 493 3577 2148 3648; baseline 0.004 -16"><span class='ocrx_word' id='word_1_269' title='bbox 493 3590 704 3632; x_wconf 89' lang='lat' dir='ltr'><strong>rursus</strong></span> <span class='ocrx_word' id='word_1_270' title='bbox 720 3579 952 3648; x_wconf 78' lang='lat' dir='ltr'><strong>Moyses</strong></span> <span class='ocrx_word' id='word_1_271' title='bbox 974 3577 1100 3634; x_wconf 90' lang='lat' dir='ltr'><strong>dux</strong></span> <span class='ocrx_word' id='word_1_272' title='bbox 1128 3578 1221 3647; x_wconf 90' lang='lat' dir='ltr'><strong>sit,</strong></span> <span class='ocrx_word' id='word_1_273' title='bbox 1249 3583 1308 3635; x_wconf 92' lang='lat' dir='ltr'><strong>et</strong></span> <span class='ocrx_word' id='word_1_274' title='bbox 1325 3577 1718 3636; x_wconf 90' lang='lat' dir='ltr'><strong>nihilominus</strong></span> <span class='ocrx_word' id='word_1_275' title='bbox 1738 3580 2148 3638; x_wconf 89' lang='lat' dir='ltr'><strong>itinerantium</strong></span> 
     </span>
    </p>
   </div>
   <div class='ocr_carea' id='block_1_38' title="bbox 493 3658 2145 3728">
    <p class='ocr_par' dir='ltr' id='par_1_38' title="bbox 493 3658 2145 3728">
     <span class='ocr_line' id='line_1_38' title="bbox 493 3658 2145 3728; baseline 0.004 -8"><span class='ocrx_word' id='word_1_276' title='bbox 493 3658 774 3722; x_wconf 85' lang='lat' dir='ltr'><strong>membra</strong></span> <span class='ocrx_word' id='word_1_277' title='bbox 810 3665 874 3722; x_wconf 92' lang='lat' dir='ltr'><strong>in</strong></span> <span class='ocrx_word' id='word_1_278' title='bbox 924 3667 1162 3725; x_wconf 86' lang='lat' dir='ltr'><strong>deserto</strong></span> <span class='ocrx_word' id='word_1_279' title='bbox 1208 3667 1580 3726; x_wconf 84' lang='lat' dir='ltr'><strong>ceciderint?</strong></span> <span class='ocrx_word' id='word_1_280' title='bbox 1612 3672 1761 3726; x_wconf 90' lang='lat' dir='ltr'><strong>Nam</strong></span> <span class='ocrx_word' id='word_1_281' title='bbox 1793 3684 1867 3726; x_wconf 88' lang='lat' dir='ltr'><strong>ex</strong></span> <span class='ocrx_word' id='word_1_282' title='bbox 1913 3669 2145 3728; x_wconf 88' lang='lat' dir='ltr'><strong>vocatis</strong></span> 
     </span>
    </p>
   </div>
   <div class='ocr_carea' id='block_1_39' title="bbox 491 3755 1050 3828">
    <p class='ocr_par' dir='ltr' id='par_1_39' title="bbox 491 3755 1050 3828">
     <span class='ocr_line' id='line_1_39' title="bbox 491 3755 1050 3828; baseline 0.007 -17"><span class='ocrx_word' id='word_1_283' title='bbox 491 3755 674 3828; x_wconf 91' lang='lat' dir='ltr'><strong>pauci</strong></span> <span class='ocrx_word' id='word_1_284' title='bbox 700 3760 840 3814; x_wconf 91' lang='lat' dir='ltr'><strong>sunt</strong></span> <span class='ocrx_word' id='word_1_285' title='bbox 861 3756 1050 3815; x_wconf 89' lang='lat' dir='ltr'><strong>electi.</strong></span> 
     </span>
    </p>
   </div>
   <div class='ocr_carea' id='block_1_40' title="bbox 563 3934 2148 4010">
    <p class='ocr_par' dir='ltr' id='par_1_40' title="bbox 563 3934 2148 4010">
     <span class='ocr_line' id='line_1_40' title="bbox 563 3934 2148 4010; baseline 0.003 -18"><span class='ocrx_word' id='word_1_286' title='bbox 563 3939 652 3993; x_wconf 79' lang='lat'><strong>26.</strong></span> <span class='ocrx_word' id='word_1_287' title='bbox 690 3934 807 3994; x_wconf 90' lang='lat' dir='ltr'><strong>Sed</strong></span> <span class='ocrx_word' id='word_1_288' title='bbox 834 3952 1156 4010; x_wconf 88' lang='lat' dir='ltr'><strong>quousque</strong></span> <span class='ocrx_word' id='word_1_289' title='bbox 1184 3936 1246 3993; x_wconf 91' lang='lat' dir='ltr'><strong>in</strong></span> <span class='ocrx_word' id='word_1_290' title='bbox 1275 3937 1370 3993; x_wconf 87' lang='lat' dir='ltr'><strong>his</strong></span> <span class='ocrx_word' id='word_1_291' title='bbox 1397 3935 1665 3995; x_wconf 83' lang='lat' dir='ltr'><strong>dilatabo</strong></span> <span class='ocrx_word' id='word_1_292' title='bbox 1693 3938 2055 4006; x_wconf 90' lang='lat' dir='ltr'><strong>orationem,</strong></span> <span class='ocrx_word' id='word_1_293' title='bbox 2089 3943 2148 3996; x_wconf 89' lang='lat' dir='ltr'><strong>et</strong></span> 
     </span>
    </p>
   </div>
   <div class='ocr_carea' id='block_1_41' title="bbox 491 4026 2148 4100">
    <p class='ocr_par' dir='ltr' id='par_1_41' title="bbox 491 4026 2148 4100">
     <span class='ocr_line' id='line_1_41' title="bbox 491 4026 2148 4100; baseline 0.001 -16"><span class='ocrx_word' id='word_1_294' title='bbox 491 4043 618 4084; x_wconf 91' lang='lat' dir='ltr'><strong>non</strong></span> <span class='ocrx_word' id='word_1_295' title='bbox 663 4026 836 4082; x_wconf 81' lang='lat' dir='ltr'><strong>illum</strong></span> <span class='ocrx_word' id='word_1_296' title='bbox 869 4027 1070 4099; x_wconf 91' lang='lat' dir='ltr'><strong>potius</strong></span> <span class='ocrx_word' id='word_1_297' title='bbox 1127 4042 1381 4099; x_wconf 90' lang='lat' dir='ltr'><strong>scopum</strong></span> <span class='ocrx_word' id='word_1_298' title='bbox 1438 4027 1781 4097; x_wconf 86' lang='lat' dir='ltr'><strong>attingam?</strong></span> <span class='ocrx_word' id='word_1_299' title='bbox 1831 4043 2050 4100; x_wconf 89' lang='lat' dir='ltr'><strong>nempe</strong></span> <span class='ocrx_word' id='word_1_300' title='bbox 2083 4033 2148 4086; x_wconf 93' lang='lat' dir='ltr'><strong>ut</strong></span> 
     </span>
    </p>
   </div>
   <div class='ocr_carea' id='block_1_42' title="bbox 493 4115 2149 4190">
    <p class='ocr_par' dir='ltr' id='par_1_42' title="bbox 493 4115 2149 4190">
     <span class='ocr_line' id='line_1_42' title="bbox 493 4115 2149 4190; baseline 0.002 -16"><span class='ocrx_word' id='word_1_301' title='bbox 493 4131 704 4187; x_wconf 90' lang='lat' dir='ltr'><strong>rogem</strong></span> <span class='ocrx_word' id='word_1_302' title='bbox 729 4121 1039 4188; x_wconf 89' lang='lat' dir='ltr'><strong>pastorem</strong></span> <span class='ocrx_word' id='word_1_303' title='bbox 1055 4131 1284 4184; x_wconf 91' lang='lat' dir='ltr'><strong>meum,</strong></span> <span class='ocrx_word' id='word_1_304' title='bbox 1315 4121 1371 4172; x_wconf 93' lang='lat' dir='ltr'><strong>et</strong></span> <span class='ocrx_word' id='word_1_305' title='bbox 1394 4115 1604 4174; x_wconf 88' lang='lat' dir='ltr'><strong>fratres</strong></span> <span class='ocrx_word' id='word_1_306' title='bbox 1633 4116 1814 4173; x_wconf 90' lang='lat' dir='ltr'><strong>simul</strong></span> <span class='ocrx_word' id='word_1_307' title='bbox 1837 4118 2149 4190; x_wconf 90' lang='lat' dir='ltr'><strong>deprecer.</strong></span> 
     </span>
    </p>
   </div>
   <div class='ocr_carea' id='block_1_43' title="bbox 497 4203 2145 4277">
    <p class='ocr_par' dir='ltr' id='par_1_43' title="bbox 497 4203 2145 4277">
     <span class='ocr_line' id='line_1_43' title="bbox 497 4203 2145 4277; baseline 0.001 -15"><span class='ocrx_word' id='word_1_308' title='bbox 497 4205 708 4277; x_wconf 89' lang='lat' dir='ltr'><strong>Utique</strong></span> <span class='ocrx_word' id='word_1_309' title='bbox 742 4221 815 4261; x_wconf 89' lang='lat' dir='ltr'><strong>ex</strong></span> <span class='ocrx_word' id='word_1_310' title='bbox 841 4209 1048 4261; x_wconf 88' lang='lat' dir='ltr'><strong>ventre</strong></span> <span class='ocrx_word' id='word_1_311' title='bbox 1072 4203 1246 4261; x_wconf 84' lang='lat' dir='ltr'><strong>inferi</strong></span> <span class='ocrx_word' id='word_1_312' title='bbox 1276 4203 1522 4263; x_wconf 90' lang='lat' dir='ltr'><strong>audient</strong></span> <span class='ocrx_word' id='word_1_313' title='bbox 1558 4205 1888 4264; x_wconf 87' lang='lat' dir='ltr'><strong>clamorem</strong></span> <span class='ocrx_word' id='word_1_314' title='bbox 1917 4223 2145 4264; x_wconf 89' lang='lat' dir='ltr'><strong>meum.</strong></span> 
     </span>
    </p>
   </div>
   <div class='ocr_carea' id='block_1_44' title="bbox 496 4293 2150 4368">
    <p class='ocr_par' dir='ltr' id='par_1_44' title="bbox 496 4293 2150 4368">
     <span class='ocr_line' id='line_1_44' title="bbox 496 4293 2150 4368; baseline 0.002 -18"><span class='ocrx_word' id='word_1_315' title='bbox 496 4293 676 4350; x_wconf 87' lang='lat' dir='ltr'><strong>Eleva</strong></span> <span class='ocrx_word' id='word_1_316' title='bbox 703 4294 781 4350; x_wconf 92' lang='lat' dir='ltr'><strong>ad</strong></span> <span class='ocrx_word' id='word_1_317' title='bbox 814 4296 1000 4349; x_wconf 90' lang='lat' dir='ltr'><strong>Deum</strong></span> <span class='ocrx_word' id='word_1_318' title='bbox 1035 4294 1264 4360; x_wconf 91' lang='lat' dir='ltr'><strong>oculos,</strong></span> <span class='ocrx_word' id='word_1_319' title='bbox 1305 4311 1342 4350; x_wconf 91' lang='grc' dir='ltr'><strong>ο</strong></span> <span class='ocrx_word' id='word_1_320' title='bbox 1372 4300 1575 4368; x_wconf 87' lang='lat' dir='ltr'><strong>pater:</strong></span> <span class='ocrx_word' id='word_1_321' title='bbox 1609 4300 1851 4352; x_wconf 88' lang='lat' dir='ltr'><strong>sanctas</strong></span> <span class='ocrx_word' id='word_1_322' title='bbox 1895 4297 2150 4353; x_wconf 91' lang='lat' dir='ltr'><strong>extende</strong></span> 
     </span>
    </p>
   </div>
   <div class='ocr_carea' id='block_1_45' title="bbox 496 4382 2148 4458">
    <p class='ocr_par' dir='ltr' id='par_1_45' title="bbox 496 4382 2148 4458">
     <span class='ocr_line' id='line_1_45' title="bbox 496 4382 2148 4458; baseline 0.002 -18"><span class='ocrx_word' id='word_1_323' title='bbox 496 4398 740 4451; x_wconf 88' lang='lat' dir='ltr'><strong>manus,</strong></span> <span class='ocrx_word' id='word_1_324' title='bbox 790 4382 951 4439; x_wconf 90' lang='lat' dir='ltr'><strong>unde</strong></span> <span class='ocrx_word' id='word_1_325' title='bbox 984 4383 1131 4440; x_wconf 91' lang='lat' dir='ltr'><strong>mihi</strong></span> <span class='ocrx_word' id='word_1_326' title='bbox 1170 4383 1488 4441; x_wconf 87' lang='lat' dir='ltr'><strong>sacerdotii</strong></span> <span class='ocrx_word' id='word_1_327' title='bbox 1523 4385 1778 4455; x_wconf 88' lang='lat' dir='ltr'><strong>gratiam</strong></span> <span class='ocrx_word' id='word_1_328' title='bbox 1808 4385 2148 4458; x_wconf 90' lang='lat' dir='ltr'><strong>postulasti.</strong></span> 
     </span>
    </p>
   </div>
   <div class='ocr_carea' id='block_1_46' title="bbox 495 4474 2148 4544">
    <p class='ocr_par' dir='ltr' id='par_1_46' title="bbox 495 4474 2148 4544">
     <span class='ocr_line' id='line_1_46' title="bbox 495 4474 2148 4544; baseline 0.002 -17"><span class='ocrx_word' id='word_1_329' title='bbox 495 4474 628 4528; x_wconf 91' lang='lat' dir='ltr'><strong>Pete</strong></span> <span class='ocrx_word' id='word_1_330' title='bbox 647 4486 809 4527; x_wconf 91' lang='lat' dir='ltr'><strong>nunc</strong></span> <span class='ocrx_word' id='word_1_331' title='bbox 833 4475 900 4527; x_wconf 90' lang='lat' dir='ltr'><strong>ut</strong></span> <span class='ocrx_word' id='word_1_332' title='bbox 927 4487 1172 4528; x_wconf 89' lang='lat' dir='ltr'><strong>cursum</strong></span> <span class='ocrx_word' id='word_1_333' title='bbox 1201 4487 1642 4544; x_wconf 85' lang='lat' dir='ltr'><strong>consummem,</strong></span> <span class='ocrx_word' id='word_1_334' title='bbox 1667 4474 1853 4531; x_wconf 90' lang='lat' dir='ltr'><strong>ﬁdem</strong></span> <span class='ocrx_word' id='word_1_335' title='bbox 1893 4489 2148 4543; x_wconf 87' lang='lat' dir='ltr'><strong>servem,</strong></span> 
     </span>
    </p>
   </div>
   <div class='ocr_carea' id='block_1_47' title="bbox 492 4562 2152 4637">
    <p class='ocr_par' dir='ltr' id='par_1_47' title="bbox 492 4562 2152 4637">
     <span class='ocr_line' id='line_1_47' title="bbox 492 4562 2152 4637; baseline 0.004 -19"><span class='ocrx_word' id='word_1_336' title='bbox 492 4562 962 4636; x_wconf 61' lang='lat' dir='ltr'><strong>praevaricantes</strong></span> <span class='ocrx_word' id='word_1_337' title='bbox 1011 4563 1265 4620; x_wconf 90' lang='lat' dir='ltr'><strong>doceam</strong></span> <span class='ocrx_word' id='word_1_338' title='bbox 1310 4565 1441 4620; x_wconf 86' lang='lat' dir='ltr'><strong>vias</strong></span> <span class='ocrx_word' id='word_1_339' title='bbox 1481 4565 1736 4634; x_wconf 89' lang='lat' dir='ltr'><strong>Domini,</strong></span> <span class='ocrx_word' id='word_1_340' title='bbox 1785 4565 2152 4637; x_wconf 89' lang='lat' dir='ltr'><strong>irreligiosos</strong></span> 
     </span>
    </p>
   </div>
   <div class='ocr_carea' id='block_1_48' title="bbox 494 4652 2150 4726">
    <p class='ocr_par' dir='ltr' id='par_1_48' title="bbox 494 4652 2150 4726">
     <span class='ocr_line' id='line_1_48' title="bbox 494 4652 2150 4726; baseline 0.002 -18"><span class='ocrx_word' id='word_1_341' title='bbox 494 4655 880 4710; x_wconf 84' lang='lat' dir='ltr'><strong>convertam:</strong></span> <span class='ocrx_word' id='word_1_342' title='bbox 916 4652 964 4708; x_wconf 89' lang='lat' dir='ltr'><strong>si</strong></span> <span class='ocrx_word' id='word_1_343' title='bbox 992 4653 1242 4726; x_wconf 89' lang='lat' dir='ltr'><strong>quando</strong></span> <span class='ocrx_word' id='word_1_344' title='bbox 1270 4653 1401 4710; x_wconf 68' lang='lat' dir='ltr'><strong>haec</strong></span> <span class='ocrx_word' id='word_1_345' title='bbox 1429 4653 1610 4710; x_wconf 89' lang='lat' dir='ltr'><strong>nobis</strong></span> <span class='ocrx_word' id='word_1_346' title='bbox 1641 4652 1931 4711; x_wconf 91' lang='lat' dir='ltr'><strong>Dominus</strong></span> <span class='ocrx_word' id='word_1_347' title='bbox 1966 4654 2150 4712; x_wconf 88' lang='lat' dir='ltr'><strong>bene-</strong></span> 
     </span>
    </p>
   </div>
   <div class='ocr_carea' id='block_1_49' title="bbox 492 4740 2152 4819">
    <p class='ocr_par' dir='ltr' id='par_1_49' title="bbox 492 4740 2152 4819">
     <span class='ocr_line' id='line_1_49' title="bbox 492 4740 2152 4819; baseline 0.002 -21"><span class='ocrx_word' id='word_1_348' title='bbox 492 4740 630 4798; x_wconf 89' lang='lat' dir='ltr'><strong>ﬁcia</strong></span> <span class='ocrx_word' id='word_1_349' title='bbox 661 4741 865 4799; x_wconf 88' lang='lat' dir='ltr'><strong>addat.</strong></span> <span class='ocrx_word' id='word_1_350' title='bbox 902 4745 1064 4800; x_wconf 86' lang='lat' dir='ltr'><strong>Ferte</strong></span> <span class='ocrx_word' id='word_1_351' title='bbox 1103 4743 1164 4799; x_wconf 92' lang='lat' dir='ltr'><strong>in</strong></span> <span class='ocrx_word' id='word_1_352' title='bbox 1193 4743 1310 4801; x_wconf 90' lang='lat' dir='ltr'><strong>hoc</strong></span> <span class='ocrx_word' id='word_1_353' title='bbox 1350 4758 1530 4816; x_wconf 89' lang='lat' dir='ltr'><strong>opem</strong></span> <span class='ocrx_word' id='word_1_354' title='bbox 1560 4743 1715 4816; x_wconf 85' lang='lat' dir='ltr'><strong>patri</strong></span> <span class='ocrx_word' id='word_1_355' title='bbox 1758 4758 1868 4800; x_wconf 86' lang='lat' dir='ltr'><strong>vos</strong></span> <span class='ocrx_word' id='word_1_356' title='bbox 1905 4759 2152 4819; x_wconf 89' lang='lat' dir='ltr'><strong>quoque</strong></span> 
     </span>
    </p>
   </div>
   <div class='ocr_carea' id='block_1_50' title="bbox 493 4830 2152 4906">
    <p class='ocr_par' dir='ltr' id='par_1_50' title="bbox 493 4830 2152 4906">
     <span class='ocr_line' id='line_1_50' title="bbox 493 4830 2152 4906; baseline 0.002 -18"><span class='ocrx_word' id='word_1_357' title='bbox 493 4830 898 4889; x_wconf 89' lang='lat' dir='ltr'><strong>amantissimi</strong></span> <span class='ocrx_word' id='word_1_358' title='bbox 919 4832 1169 4890; x_wconf 88' lang='lat' dir='ltr'><strong>fratres:</strong></span> <span class='ocrx_word' id='word_1_359' title='bbox 1203 4832 1515 4890; x_wconf 90' lang='lat' dir='ltr'><strong>communi</strong></span> <span class='ocrx_word' id='word_1_360' title='bbox 1544 4847 1615 4889; x_wconf 81' lang='lat' dir='ltr'><strong>ac</strong></span> <span class='ocrx_word' id='word_1_361' title='bbox 1644 4833 1901 4905; x_wconf 91' lang='lat' dir='ltr'><strong>principi</strong></span> <span class='ocrx_word' id='word_1_362' title='bbox 1921 4834 2152 4906; x_wconf 87' lang='lat' dir='ltr'><strong>pastori</strong></span> 
     </span>
    </p>
   </div>
   <div class='ocr_carea' id='block_1_51' title="bbox 493 4920 2152 4995">
    <p class='ocr_par' dir='ltr' id='par_1_51' title="bbox 493 4920 2152 4995">
     <span class='ocr_line' id='line_1_51' title="bbox 493 4920 2152 4995; baseline 0.001 -17"><span class='ocrx_word' id='word_1_363' title='bbox 493 4922 915 4980; x_wconf 78' lang='lat' dir='ltr'><strong>commendata</strong></span> <span class='ocrx_word' id='word_1_364' title='bbox 945 4937 1060 4991; x_wconf 91' lang='lat' dir='ltr'><strong>me,</strong></span> <span class='ocrx_word' id='word_1_365' title='bbox 1088 4922 1194 4995; x_wconf 91' lang='lat' dir='ltr'><strong>qui</strong></span> <span class='ocrx_word' id='word_1_366' title='bbox 1231 4921 1361 4991; x_wconf 90' lang='lat' dir='ltr'><strong>regi</strong></span> <span class='ocrx_word' id='word_1_367' title='bbox 1388 4920 1588 4994; x_wconf 88' lang='lat' dir='ltr'><strong>potius</strong></span> <span class='ocrx_word' id='word_1_368' title='bbox 1615 4937 1803 4994; x_wconf 92' lang='lat' dir='ltr'><strong>quam</strong></span> <span class='ocrx_word' id='word_1_369' title='bbox 1827 4937 2034 4994; x_wconf 89' lang='lat' dir='ltr'><strong>regere</strong></span> <span class='ocrx_word' id='word_1_370' title='bbox 2064 4923 2152 4980; x_wconf 89' lang='lat' dir='ltr'><strong>in-</strong></span> 
     </span>
    </p>
   </div>
   <div class='ocr_carea' id='block_1_52' title="bbox 491 5009 2151 5082">
    <p class='ocr_par' dir='ltr' id='par_1_52' title="bbox 491 5009 2151 5082">
     <span class='ocr_line' id='line_1_52' title="bbox 491 5009 2151 5082; baseline 0.002 -15"><span class='ocrx_word' id='word_1_371' title='bbox 491 5009 694 5082; x_wconf 85' lang='lat' dir='ltr'><strong>digeo.</strong></span> <span class='ocrx_word' id='word_1_372' title='bbox 737 5013 1010 5069; x_wconf 86' lang='lat' dir='ltr'><strong>Fortasse</strong></span> <span class='ocrx_word' id='word_1_373' title='bbox 1053 5009 1472 5068; x_wconf 87' lang='lat' dir='ltr'><strong>recordabitur</strong></span> <span class='ocrx_word' id='word_1_374' title='bbox 1499 5010 1867 5068; x_wconf 88' lang='lat' dir='ltr'><strong>mirabilium</strong></span> <span class='ocrx_word' id='word_1_375' title='bbox 1896 5027 2151 5070; x_wconf 88' lang='lat' dir='ltr'><strong>suorum</strong></span> 
     </span>
    </p>
   </div>
   <div class='ocr_carea' id='block_1_53' title="bbox 491 5098 2154 5174">
    <p class='ocr_par' dir='ltr' id='par_1_53' title="bbox 491 5098 2154 5174">
     <span class='ocr_line' id='line_1_53' title="bbox 491 5098 2154 5174; baseline 0.002 -18"><span class='ocrx_word' id='word_1_376' title='bbox 491 5099 542 5156; x_wconf 90' lang='lat' dir='ltr'><strong>is</strong></span> <span class='ocrx_word' id='word_1_377' title='bbox 570 5101 675 5173; x_wconf 87' lang='lat' dir='ltr'><strong>qui</strong></span> <span class='ocrx_word' id='word_1_378' title='bbox 704 5100 994 5174; x_wconf 88' lang='lat' dir='ltr'><strong>parvulos</strong></span> <span class='ocrx_word' id='word_1_379' title='bbox 1036 5099 1335 5157; x_wconf 88' lang='lat' dir='ltr'><strong>custodit:</strong></span> <span class='ocrx_word' id='word_1_380' title='bbox 1366 5098 1623 5158; x_wconf 89' lang='lat' dir='ltr'><strong>fortasse</strong></span> <span class='ocrx_word' id='word_1_381' title='bbox 1665 5101 2024 5158; x_wconf 87' lang='lat' dir='ltr'><strong>memoriam</strong></span> <span class='ocrx_word' id='word_1_382' title='bbox 2067 5101 2154 5160; x_wconf 88' lang='lat' dir='ltr'><strong>fa-</strong></span> 
     </span>
    </p>
   </div>
   <div class='ocr_carea' id='block_1_54' title="bbox 491 5189 2151 5264">
    <p class='ocr_par' dir='ltr' id='par_1_54' title="bbox 491 5189 2151 5264">
     <span class='ocr_line' id='line_1_54' title="bbox 491 5189 2151 5264; baseline 0.002 -17"><span class='ocrx_word' id='word_1_383' title='bbox 491 5191 606 5247; x_wconf 89' lang='lat' dir='ltr'><strong>ciet</strong></span> <span class='ocrx_word' id='word_1_384' title='bbox 655 5206 914 5264; x_wconf 91' lang='lat' dir='ltr'><strong>operum</strong></span> <span class='ocrx_word' id='word_1_385' title='bbox 966 5205 1236 5258; x_wconf 90' lang='lat' dir='ltr'><strong>suorum,</strong></span> <span class='ocrx_word' id='word_1_386' title='bbox 1269 5189 1374 5263; x_wconf 90' lang='lat' dir='ltr'><strong>qui</strong></span> <span class='ocrx_word' id='word_1_387' title='bbox 1423 5195 1641 5247; x_wconf 89' lang='lat' dir='ltr'><strong>terram</strong></span> <span class='ocrx_word' id='word_1_388' title='bbox 1672 5190 2038 5264; x_wconf 87' lang='lat' dir='ltr'><strong>inaquosam</strong></span> <span class='ocrx_word' id='word_1_389' title='bbox 2086 5193 2151 5250; x_wconf 92' lang='lat' dir='ltr'><strong>in</strong></span> 
     </span>
    </p>
   </div>
   <div class='ocr_carea' id='block_1_55' title="bbox 492 5279 2151 5352">
    <p class='ocr_par' dir='ltr' id='par_1_55' title="bbox 492 5279 2151 5352">
     <span class='ocr_line' id='line_1_55' title="bbox 492 5279 2151 5352; baseline 0.004 -17"><span class='ocrx_word' id='word_1_390' title='bbox 492 5293 796 5352; x_wconf 90' lang='lat' dir='ltr'><strong>aquarum</strong></span> <span class='ocrx_word' id='word_1_391' title='bbox 818 5279 1248 5349; x_wconf 90' lang='lat' dir='ltr'><strong>scaturiginem</strong></span> <span class='ocrx_word' id='word_1_392' title='bbox 1269 5283 1482 5336; x_wconf 87' lang='lat' dir='ltr'><strong>mutat.</strong></span> <span class='ocrx_word' id='word_1_393' title='bbox 1506 5282 1655 5336; x_wconf 87' lang='lat' dir='ltr'><strong>Nam</strong></span> <span class='ocrx_word' id='word_1_394' title='bbox 1682 5280 1731 5336; x_wconf 91' lang='lat' dir='ltr'><strong>si</strong></span> <span class='ocrx_word' id='word_1_395' title='bbox 1750 5281 2013 5340; x_wconf 87' lang='lat' dir='ltr'><strong>exsiccat</strong></span> <span class='ocrx_word' id='word_1_396' title='bbox 2042 5283 2151 5341; x_wconf 83' lang='lat' dir='ltr'><strong>ﬂu-</strong></span> 
     </span>
    </p>
   </div>
   <div class='ocr_carea' id='block_1_56' title="bbox 491 5366 2148 5442">
    <p class='ocr_par' dir='ltr' id='par_1_56' title="bbox 491 5366 2148 5442">
     <span class='ocr_line' id='line_1_56' title="bbox 491 5366 2148 5442; baseline 0.004 -18"><span class='ocrx_word' id='word_1_397' title='bbox 491 5368 623 5424; x_wconf 85' lang='lat' dir='ltr'><strong>vios</strong></span> <span class='ocrx_word' id='word_1_398' title='bbox 652 5369 867 5438; x_wconf 89' lang='lat' dir='ltr'><strong>Ethan,</strong></span> <span class='ocrx_word' id='word_1_399' title='bbox 903 5372 960 5425; x_wconf 91' lang='lat' dir='ltr'><strong>et</strong></span> <span class='ocrx_word' id='word_1_400' title='bbox 1014 5372 1234 5425; x_wconf 87' lang='lat' dir='ltr'><strong>terram</strong></span> <span class='ocrx_word' id='word_1_401' title='bbox 1261 5366 1632 5427; x_wconf 79' lang='lat' dir='ltr'><strong>fructiferam</strong></span> <span class='ocrx_word' id='word_1_402' title='bbox 1688 5370 1859 5442; x_wconf 89' lang='lat' dir='ltr'><strong>ponit</strong></span> <span class='ocrx_word' id='word_1_403' title='bbox 1879 5371 1939 5428; x_wconf 88' lang='lat' dir='ltr'><strong>in</strong></span> <span class='ocrx_word' id='word_1_404' title='bbox 1959 5371 2148 5430; x_wconf 85' lang='lat' dir='ltr'><strong>salsu-</strong></span> 
     </span>
    </p>
   </div>
   <div class='ocr_carea' id='block_1_57' title="bbox 491 5455 2152 5535">
    <p class='ocr_par' dir='ltr' id='par_1_57' title="bbox 491 5455 2152 5535">
     <span class='ocr_line' id='line_1_57' title="bbox 491 5455 2152 5535; baseline 0.005 -22"><span class='ocrx_word' id='word_1_405' title='bbox 491 5456 717 5529; x_wconf 87' lang='lat' dir='ltr'><strong>ginem,</strong></span> <span class='ocrx_word' id='word_1_406' title='bbox 733 5458 896 5515; x_wconf 90' lang='lat' dir='ltr'><strong>idem</strong></span> <span class='ocrx_word' id='word_1_407' title='bbox 926 5455 1319 5514; x_wconf 86' lang='lat' dir='ltr'><strong>nihilominus</strong></span> <span class='ocrx_word' id='word_1_408' title='bbox 1349 5457 1586 5517; x_wconf 87' lang='lat' dir='ltr'><strong>datmel</strong></span> <span class='ocrx_word' id='word_1_409' title='bbox 1617 5473 1832 5530; x_wconf 85' lang='lat' dir='ltr'><strong>sugere</strong></span> <span class='ocrx_word' id='word_1_410' title='bbox 1867 5459 1944 5519; x_wconf 90' lang='lat' dir='ltr'><strong>de</strong></span> <span class='ocrx_word' id='word_1_411' title='bbox 1961 5468 2152 5535; x_wconf 88' lang='lat' dir='ltr'><strong>petra,</strong></span> 
     </span>
    </p>
   </div>
   <div class='ocr_carea' id='block_1_58' title="bbox 2183 4529 2226 4584">
    <p class='ocr_par' dir='ltr' id='par_1_58' title="bbox 2183 4529 2226 4584">
     <span class='ocr_line' id='line_1_58' title="bbox 2183 4529 2226 4584; baseline 0 0"><span class='ocrx_word' id='word_1_412' title='bbox 2183 4529 2226 4584; x_wconf 92' lang='lat' dir='ltr'><strong>D</strong></span> 
     </span>
    </p>
   </div>
   <div class='ocr_carea' id='block_1_59' title="bbox 569 5633 1157 5704">
    <p class='ocr_par' dir='ltr' id='par_1_59' title="bbox 569 5633 1157 5704">
     <span class='ocr_line' id='line_1_59' title="bbox 569 5633 1157 5704; baseline 0.014 -18"><span class='ocrx_word' id='word_1_413' title='bbox 569 5634 615 5669; x_wconf 66' lang='grc' dir='ltr'>η</span> <span class='ocrx_word' id='word_1_414' title='bbox 647 5635 717 5688; x_wconf 88' lang='lat' dir='ltr'><strong>Ill</strong></span> <span class='ocrx_word' id='word_1_415' title='bbox 736 5633 878 5704; x_wconf 83' lang='lat' dir='ltr'><strong>Reg.</strong></span> <span class='ocrx_word' id='word_1_416' title='bbox 904 5649 1068 5702; x_wconf 85' lang='lat' dir='ltr'><strong>xvm,</strong></span> <span class='ocrx_word' id='word_1_417' title='bbox 1101 5639 1157 5694; x_wconf 87' lang='grc'><strong>3.</strong></span> 
     </span>
    </p>
   </div>
   <div class='ocr_carea' id='block_1_60' title="bbox 1451 322 2892 389">
    <p class='ocr_par' dir='ltr' id='par_1_60' title="bbox 1451 322 2892 389">
     <span class='ocr_line' id='line_1_60' title="bbox 1451 322 2892 389; baseline -0.003 -1"><span class='ocrx_word' id='word_1_418' title='bbox 1451 327 1808 389; x_wconf 83' lang='lat' dir='ltr'><strong>THEODORI</strong></span> <span class='ocrx_word' id='word_1_419' title='bbox 1849 329 2124 389; x_wconf 70' lang='lat' dir='ltr'><strong>ALANLE</strong></span> <span class='ocrx_word' id='word_1_420' title='bbox 2162 322 2482 388; x_wconf 81' lang='lat' dir='ltr'><strong>EPISCOPI</strong></span> <span class='ocrx_word' id='word_1_421' title='bbox 2520 326 2892 385; x_wconf 84' lang='lat' dir='ltr'><strong>ALANICUS.</strong></span> 
     </span>
    </p>
   </div>
   <div class='ocr_carea' id='block_1_61' title="bbox 3749 325 3862 384">
    <p class='ocr_par' dir='ltr' id='par_1_61' title="bbox 3749 325 3862 384">
     <span class='ocr_line' id='line_1_61' title="bbox 3749 325 3862 384; baseline -0.018 0"><span class='ocrx_word' id='word_1_422' title='bbox 3749 325 3862 384; x_wconf 66' lang='lat' dir='ltr'><strong>M2</strong></span> 
     </span>
    </p>
   </div>
   <div class='ocr_carea' id='block_1_62' title="bbox 2256 446 3862 527">
    <p class='ocr_par' dir='ltr' id='par_1_62' title="bbox 2256 446 3862 527">
     <span class='ocr_line' id='line_1_62' title="bbox 2256 446 3862 527; baseline -0.003 -19"><span class='ocrx_word' id='word_1_423' title='bbox 2256 463 2346 508; x_wconf 77' lang='grc' dir='ltr'>τοῦ</span> <span class='ocrx_word' id='word_1_424' title='bbox 2389 461 2552 508; x_wconf 84' lang='grc' dir='ltr'>κακοϋ</span> <span class='ocrx_word' id='word_1_425' title='bbox 2591 452 2891 526; x_wconf 74' lang='grc' dir='ltr'><strong>μεταλήψει·</strong></span> <span class='ocrx_word' id='word_1_426' title='bbox 2933 455 3006 524; x_wconf 82' lang='grc' dir='ltr'>μὴ</span> <span class='ocrx_word' id='word_1_427' title='bbox 3055 453 3158 527; x_wconf 83' lang='grc' dir='ltr'><strong>γὰρ</strong></span> <span class='ocrx_word' id='word_1_428' title='bbox 3217 449 3318 523; x_wconf 80' lang='grc' dir='ltr'><strong>ἐγῶ</strong></span> <span class='ocrx_word' id='word_1_429' title='bbox 3364 446 3582 505; x_wconf 73' lang='grc' dir='ltr'>’Δεδιοῦ</span> <span class='ocrx_word' id='word_1_430' title='bbox 3643 465 3658 518; x_wconf 88' lang='lat'><strong>;</strong></span> <span class='ocrx_word' id='word_1_431' title='bbox 3713 457 3862 510; x_wconf 85' lang='grc' dir='ltr'>Υπη-</span> 
     </span>
    </p>
   </div>
   <div class='ocr_carea' id='block_1_63' title="bbox 2252 537 3864 618">
    <p class='ocr_par' dir='ltr' id='par_1_63' title="bbox 2252 537 3864 618">
     <span class='ocr_line' id='line_1_63' title="bbox 2252 537 3864 618; baseline -0.005 -20"><span class='ocrx_word' id='word_1_432' title='bbox 2252 549 2475 618; x_wconf 84' lang='grc' dir='ltr'>ρετήσας</span> <span class='ocrx_word' id='word_1_433' title='bbox 2519 540 2578 596; x_wconf 72' lang='grc' dir='ltr'>δὲ</span> <span class='ocrx_word' id='word_1_434' title='bbox 2628 545 2733 616; x_wconf 79' lang='grc' dir='ltr'>ἄρα</span> <span class='ocrx_word' id='word_1_435' title='bbox 2788 541 2971 602; x_wconf 76' lang='grc' dir='ltr'>ίκεῖνος</span> <span class='ocrx_word' id='word_1_436' title='bbox 3015 549 3089 612; x_wconf 87' lang='grc' dir='ltr'>τῷ</span> <span class='ocrx_word' id='word_1_437' title='bbox 3143 539 3378 612; x_wconf 80' lang='grc' dir='ltr'>Ἀχαὰϐ,</span> <span class='ocrx_word' id='word_1_438' title='bbox 3421 544 3547 612; x_wconf 99' lang='grc' dir='ltr'>γόνυ</span> <span class='ocrx_word' id='word_1_439' title='bbox 3599 546 3661 611; x_wconf 76' lang='grc' dir='ltr'>τῇ</span> <span class='ocrx_word' id='word_1_440' title='bbox 3715 537 3864 592; x_wconf 85' lang='grc' dir='ltr'>Βάαλ</span> 
     </span>
    </p>
   </div>
   <div class='ocr_carea' id='block_1_64' title="bbox 2253 624 3864 706">
    <p class='ocr_par' dir='ltr' id='par_1_64' title="bbox 2253 624 3864 706">
     <span class='ocr_line' id='line_1_64' title="bbox 2253 624 3864 706; baseline -0.004 -20"><span class='ocrx_word' id='word_1_441' title='bbox 2253 634 2347 686; x_wconf 76' lang='grc' dir='ltr'>οὐκ</span> <span class='ocrx_word' id='word_1_442' title='bbox 2391 633 2610 706; x_wconf 75' lang='grc' dir='ltr'>ἔκαμψε.</span> <span class='ocrx_word' id='word_1_443' title='bbox 2661 629 2820 686; x_wconf 79' lang='grc' dir='ltr'>Δέδια</span> <span class='ocrx_word' id='word_1_444' title='bbox 2883 633 2929 668; x_wconf 76' lang='grc'><strong>¹⁶</strong></span> <span class='ocrx_word' id='word_1_445' title='bbox 2973 634 3060 683; x_wconf 78' lang='grc' dir='ltr'>καὶ</span> <span class='ocrx_word' id='word_1_446' title='bbox 3119 634 3236 704; x_wconf 81' lang='grc' dir='ltr'>περὶ</span> <span class='ocrx_word' id='word_1_447' title='bbox 3281 637 3352 701; x_wconf 83' lang='grc' dir='ltr'>τῷ</span> <span class='ocrx_word' id='word_1_448' title='bbox 3407 637 3580 704; x_wconf 81' lang='grc' dir='ltr'><strong>μικρῷ</strong></span> <span class='ocrx_word' id='word_1_449' title='bbox 3623 635 3723 681; x_wconf 85' lang='grc' dir='ltr'><strong>τῶν</strong></span> <span class='ocrx_word' id='word_1_450' title='bbox 3775 624 3864 680; x_wconf 83' lang='grc' dir='ltr'>δι-</span> 
     </span>
    </p>
   </div>
   <div class='ocr_carea' id='block_1_65' title="bbox 2251 717 3864 796">
    <p class='ocr_par' dir='ltr' id='par_1_65' title="bbox 2251 717 3864 796">
     <span class='ocr_line' id='line_1_65' title="bbox 2251 717 3864 796; baseline -0.004 -22"><span class='ocrx_word' id='word_1_451' title='bbox 2251 728 2411 775; x_wconf 86' lang='grc' dir='ltr'>καίων</span> <span class='ocrx_word' id='word_1_452' title='bbox 2463 722 2658 795; x_wconf 77' lang='grc' dir='ltr'>κλήρῳ⁶</span> <span class='ocrx_word' id='word_1_453' title='bbox 2716 723 2746 780; x_wconf 82' lang='grc' dir='ltr'><strong>ἠ</strong></span> <span class='ocrx_word' id='word_1_454' title='bbox 2796 717 2996 796; x_wconf 81' lang='grc' dir='ltr'>ῥάϐδος</span> <span class='ocrx_word' id='word_1_455' title='bbox 3047 722 3146 795; x_wconf 85' lang='grc' dir='ltr'><strong>γὰρ</strong></span> <span class='ocrx_word' id='word_1_456' title='bbox 3202 727 3301 772; x_wconf 89' lang='grc' dir='ltr'><strong>τῶν</strong></span> <span class='ocrx_word' id='word_1_457' title='bbox 3354 717 3672 791; x_wconf 80' lang='grc' dir='ltr'>ἀμαρτῶλῶν</span> <span class='ocrx_word' id='word_1_458' title='bbox 3747 719 3864 770; x_wconf 65' lang='lat' dir='ltr'><strong>im-</strong></span> 
     </span>
    </p>
   </div>
   <div class='ocr_carea' id='block_1_66' title="bbox 2254 806 3865 883">
    <p class='ocr_par' dir='ltr' id='par_1_66' title="bbox 2254 806 3865 883">
     <span class='ocr_line' id='line_1_66' title="bbox 2254 806 3865 883; baseline -0.004 -19"><span class='ocrx_word' id='word_1_459' title='bbox 2254 816 2466 866; x_wconf 82' lang='grc' dir='ltr'>σείεται.</span> <span class='ocrx_word' id='word_1_460' title='bbox 2517 815 2604 872; x_wconf 90' lang='grc' dir='ltr'><strong>Τίς</strong></span> <span class='ocrx_word' id='word_1_461' title='bbox 2655 809 2756 882; x_wconf 71' lang='grc' dir='ltr'><strong>ἆγὼ</strong></span> <span class='ocrx_word' id='word_1_462' title='bbox 2801 815 3073 883; x_wconf 85' lang='grc' dir='ltr'>γένωμαι;</span> <span class='ocrx_word' id='word_1_463' title='bbox 3127 817 3233 862; x_wconf 81' lang='grc' dir='ltr'><strong>Ποῦ</strong></span> <span class='ocrx_word' id='word_1_464' title='bbox 3275 812 3332 861; x_wconf 88' lang='grc' dir='ltr'>τὸ</span> <span class='ocrx_word' id='word_1_465' title='bbox 3391 806 3697 882; x_wconf 77' lang='grc' dir='ltr'>φραγγέλιον</span> <span class='ocrx_word' id='word_1_466' title='bbox 3756 806 3865 864; x_wconf 86' lang='grc' dir='ltr'><strong>Ἰη-</strong></span> 
     </span>
    </p>
   </div>
   <div class='ocr_carea' id='block_1_67' title="bbox 2253 895 3867 973">
    <p class='ocr_par' dir='ltr' id='par_1_67' title="bbox 2253 895 3867 973">
     <span class='ocr_line' id='line_1_67' title="bbox 2253 895 3867 973; baseline -0.004 -19"><span class='ocrx_word' id='word_1_467' title='bbox 2253 909 2370 970; x_wconf 75' lang='grc' dir='ltr'>σοῦ,</span> <span class='ocrx_word' id='word_1_468' title='bbox 2417 905 2503 954; x_wconf 84' lang='grc' dir='ltr'>’ίνα</span> <span class='ocrx_word' id='word_1_469' title='bbox 2551 902 2576 954; x_wconf 87' lang='grc' dir='ltr'><strong><em>ὁ</em></strong></span> <span class='ocrx_word' id='word_1_470' title='bbox 2623 909 2759 962; x_wconf 89' lang='grc' dir='ltr'>οἰκος</span> <span class='ocrx_word' id='word_1_471' title='bbox 2800 908 2892 953; x_wconf 80' lang='grc' dir='ltr'>τοῦ</span> <span class='ocrx_word' id='word_1_472' title='bbox 2923 902 3128 973; x_wconf 78' lang='grc' dir='ltr'>Πατρός</span> <span class='ocrx_word' id='word_1_473' title='bbox 3174 899 3537 972; x_wconf 83' lang='grc' dir='ltr'>ίκκαθαίροιτο</span> <span class='ocrx_word' id='word_1_474' title='bbox 3584 895 3867 953; x_wconf 70' lang='grc' dir='ltr'>ῙἙίσησα</span> 
     </span>
    </p>
   </div>
   <div class='ocr_carea' id='block_1_68' title="bbox 2251 983 3865 1064">
    <p class='ocr_par' dir='ltr' id='par_1_68' title="bbox 2251 983 3865 1064">
     <span class='ocr_line' id='line_1_68' title="bbox 2251 983 3865 1064; baseline -0.003 -22"><span class='ocrx_word' id='word_1_475' title='bbox 2251 988 2531 1048; x_wconf 76' lang='grc' dir='ltr'><strong>ἐκκλησίαν</strong></span> <span class='ocrx_word' id='word_1_476' title='bbox 2605 993 3041 1064; x_wconf 77' lang='grc' dir='ltr'>πονηρευομίνων·</span> <span class='ocrx_word' id='word_1_477' title='bbox 3113 987 3220 1040; x_wconf 80' lang='grc' dir='ltr'>ἀλλ’</span> <span class='ocrx_word' id='word_1_478' title='bbox 3287 987 3359 1050; x_wconf 84' lang='grc' dir='ltr'><strong>εἰς</strong></span> <span class='ocrx_word' id='word_1_479' title='bbox 3423 987 3622 1044; x_wconf 81' lang='grc' dir='ltr'>ταύτην</span> <span class='ocrx_word' id='word_1_480' title='bbox 3702 983 3865 1059; x_wconf 46' lang='lat' dir='ltr'><strong>aura</strong></span> 
     </span>
    </p>
   </div>
   <div class='ocr_carea' id='block_1_69' title="bbox 2249 1074 3865 1155">
    <p class='ocr_par' dir='ltr' id='par_1_69' title="bbox 2249 1074 3865 1155">
     <span class='ocr_line' id='line_1_69' title="bbox 2249 1074 3865 1155; baseline -0.002 -23"><span class='ocrx_word' id='word_1_481' title='bbox 2249 1081 2464 1155; x_wconf 82' lang='grc' dir='ltr'>ῥιμμαι,</span> <span class='ocrx_word' id='word_1_482' title='bbox 2519 1084 2598 1132; x_wconf 82' lang='grc' dir='ltr'>ὅτι</span> <span class='ocrx_word' id='word_1_483' title='bbox 2645 1088 2914 1154; x_wconf 83' lang='grc' dir='ltr'><strong>προπετῶς</strong></span> <span class='ocrx_word' id='word_1_484' title='bbox 2973 1080 3256 1155; x_wconf 74' lang='grc' dir='ltr'><strong>ἱερωσύνην</strong></span> <span class='ocrx_word' id='word_1_485' title='bbox 3312 1076 3601 1152; x_wconf 73' lang='grc' dir='ltr'>ὶθάῤῥησα,</span> <span class='ocrx_word' id='word_1_486' title='bbox 3637 1097 3665 1126; x_wconf 90' lang='grc'>‹‹</span> <span class='ocrx_word' id='word_1_487' title='bbox 3710 1074 3865 1146; x_wconf 76' lang='grc' dir='ltr'>Οὐχὶ</span> 
     </span>
    </p>
   </div>
   <div class='ocr_carea' id='block_1_70' title="bbox 2249 1166 3868 1243">
    <p class='ocr_par' dir='ltr' id='par_1_70' title="bbox 2249 1166 3868 1243">
     <span class='ocr_line' id='line_1_70' title="bbox 2249 1166 3868 1243; baseline -0.004 -21"><span class='ocrx_word' id='word_1_488' title='bbox 2249 1172 2365 1230; x_wconf 78' lang='grc' dir='ltr'>τοὺς</span> <span class='ocrx_word' id='word_1_489' title='bbox 2419 1171 2701 1242; x_wconf 77' lang='grc' dir='ltr'>μισοῦντάς</span> <span class='ocrx_word' id='word_1_490' title='bbox 2759 1187 2835 1238; x_wconf 88' lang='grc' dir='ltr'><strong>σε,</strong></span> <span class='ocrx_word' id='word_1_491' title='bbox 2897 1170 3077 1243; x_wconf 80' lang='grc' dir='ltr'>Κύριε,</span> <span class='ocrx_word' id='word_1_492' title='bbox 3134 1166 3388 1240; x_wconf 71' lang='grc' dir='ltr'>ἐμίσησα,</span> <span class='ocrx_word' id='word_1_493' title='bbox 3457 1169 3546 1217; x_wconf 77' lang='grc' dir='ltr'>καὶ</span> <span class='ocrx_word' id='word_1_494' title='bbox 3602 1167 3692 1217; x_wconf 72' lang='grc' dir='ltr'><strong>ἐπὶ</strong></span> <span class='ocrx_word' id='word_1_495' title='bbox 3750 1171 3868 1226; x_wconf 88' lang='grc' dir='ltr'>τοῖς</span> 
     </span>
    </p>
   </div>
   <div class='ocr_carea' id='block_1_71' title="bbox 2252 1251 3868 1332">
    <p class='ocr_par' dir='ltr' id='par_1_71' title="bbox 2252 1251 3868 1332">
     <span class='ocr_line' id='line_1_71' title="bbox 2252 1251 3868 1332; baseline -0.004 -23"><span class='ocrx_word' id='word_1_496' title='bbox 2252 1255 2465 1332; x_wconf 72' lang='grc' dir='ltr'>ἐχθροῖς</span> <span class='ocrx_word' id='word_1_497' title='bbox 2497 1277 2592 1311; x_wconf 90' lang='grc' dir='ltr'><strong>σου</strong></span> <span class='ocrx_word' id='word_1_498' title='bbox 2623 1257 2942 1331; x_wconf 77' lang='grc' dir='ltr'><strong>ἐξετηκόμην</strong></span> <span class='ocrx_word' id='word_1_499' title='bbox 2975 1272 2989 1324; x_wconf 90' lang='grc'><strong>;</strong></span> <span class='ocrx_word' id='word_1_500' title='bbox 3024 1279 3052 1306; x_wconf 91' lang='grc'><strong>››</strong></span> <span class='ocrx_word' id='word_1_501' title='bbox 3084 1255 3198 1310; x_wconf 82' lang='grc' dir='ltr'>Ἰνα</span> <span class='ocrx_word' id='word_1_502' title='bbox 3225 1260 3278 1308; x_wconf 90' lang='grc' dir='ltr'><strong>τί</strong></span> <span class='ocrx_word' id='word_1_503' title='bbox 3321 1256 3388 1308; x_wconf 82' lang='grc' dir='ltr'>τὰ</span> <span class='ocrx_word' id='word_1_504' title='bbox 3415 1261 3512 1315; x_wconf 80' lang='grc' dir='ltr'>τῆς</span> <span class='ocrx_word' id='word_1_505' title='bbox 3553 1255 3684 1326; x_wconf 78' lang='grc' dir='ltr'>ἀρᾶς</span> <span class='ocrx_word' id='word_1_506' title='bbox 3731 1251 3868 1304; x_wconf 73' lang='grc' dir='ltr'>ἔκει-</span> 
     </span>
    </p>
   </div>
   <div class='ocr_carea' id='block_1_72' title="bbox 2250 1341 3864 1422">
    <p class='ocr_par' dir='ltr' id='par_1_72' title="bbox 2250 1341 3864 1422">
     <span class='ocr_line' id='line_1_72' title="bbox 2250 1341 3864 1422; baseline -0.002 -24"><span class='ocrx_word' id='word_1_507' title='bbox 2250 1366 2343 1408; x_wconf 84' lang='grc' dir='ltr'><strong>νης</strong></span> <span class='ocrx_word' id='word_1_508' title='bbox 2389 1345 2699 1422; x_wconf 78' lang='grc' dir='ltr'>ἕθάῤῥησα;</span> <span class='ocrx_word' id='word_1_509' title='bbox 2734 1352 2838 1401; x_wconf 76' lang='grc' dir='ltr'><strong>Καὶ</strong></span> <span class='ocrx_word' id='word_1_510' title='bbox 2891 1346 3122 1420; x_wconf 78' lang='grc' dir='ltr'>χαλκοῦς</span> <span class='ocrx_word' id='word_1_511' title='bbox 3158 1347 3249 1418; x_wconf 65' lang='grc' dir='ltr'>μὲν</span> <span class='ocrx_word' id='word_1_512' title='bbox 3296 1344 3512 1418; x_wconf 76' lang='grc' dir='ltr'>οὐρανὸς</span> <span class='ocrx_word' id='word_1_513' title='bbox 3575 1341 3864 1414; x_wconf 78' lang='grc' dir='ltr'>ἒνομίσθην</span> 
     </span>
    </p>
   </div>
   <div class='ocr_carea' id='block_1_73' title="bbox 2253 1433 3864 1514">
    <p class='ocr_par' dir='ltr' id='par_1_73' title="bbox 2253 1433 3864 1514">
     <span class='ocr_line' id='line_1_73' title="bbox 2253 1433 3864 1514; baseline -0.002 -24"><span class='ocrx_word' id='word_1_514' title='bbox 2253 1437 2373 1510; x_wconf 72' lang='grc' dir='ltr'>ἐγὼ,</span> <span class='ocrx_word' id='word_1_515' title='bbox 2425 1434 2626 1514; x_wconf 85' lang='grc' dir='ltr'>σιδηρᾶ</span> <span class='ocrx_word' id='word_1_516' title='bbox 2683 1434 2742 1491; x_wconf 72' lang='grc' dir='ltr'><strong>δε</strong></span> <span class='ocrx_word' id='word_1_517' title='bbox 2793 1447 2885 1508; x_wconf 82' lang='grc' dir='ltr'>γῆ,</span> <span class='ocrx_word' id='word_1_518' title='bbox 2934 1441 3024 1490; x_wconf 84' lang='grc' dir='ltr'>καὶ</span> <span class='ocrx_word' id='word_1_519' title='bbox 3080 1436 3344 1512; x_wconf 78' lang='grc' dir='ltr'>ἄσπαρτος</span> <span class='ocrx_word' id='word_1_520' title='bbox 3387 1440 3478 1488; x_wconf 77' lang='grc' dir='ltr'>καὶ</span> <span class='ocrx_word' id='word_1_521' title='bbox 3528 1435 3777 1505; x_wconf 77' lang='grc' dir='ltr'>ἀνήροτος</span> <span class='ocrx_word' id='word_1_522' title='bbox 3830 1433 3864 1490; x_wconf 75' lang='grc' dir='ltr'>ἡ</span> 
     </span>
    </p>
   </div>
   <div class='ocr_carea' id='block_1_74' title="bbox 2253 1519 3863 1603">
    <p class='ocr_par' dir='ltr' id='par_1_74' title="bbox 2253 1519 3863 1603">
     <span class='ocr_line' id='line_1_74' title="bbox 2253 1519 3863 1603; baseline -0.003 -23"><span class='ocrx_word' id='word_1_523' title='bbox 2253 1527 2568 1603; x_wconf 79' lang='grc' dir='ltr'>κληρονομία</span> <span class='ocrx_word' id='word_1_524' title='bbox 2619 1548 2739 1601; x_wconf 86' lang='grc' dir='ltr'>μου·</span> <span class='ocrx_word' id='word_1_525' title='bbox 2789 1527 2858 1580; x_wconf 86' lang='grc' dir='ltr'><strong>Ὣ.</strong></span> <span class='ocrx_word' id='word_1_526' title='bbox 2911 1532 2992 1588; x_wconf 91' lang='grc' dir='ltr'><strong>τίς</strong></span> <span class='ocrx_word' id='word_1_527' title='bbox 3045 1526 3250 1587; x_wconf 83' lang='grc' dir='ltr'>Παύλος</span> <span class='ocrx_word' id='word_1_528' title='bbox 3305 1529 3394 1577; x_wconf 84' lang='grc' dir='ltr'>καὶ</span> <span class='ocrx_word' id='word_1_529' title='bbox 3456 1522 3610 1577; x_wconf 89' lang='grc' dir='ltr'>πάλιν</span> <span class='ocrx_word' id='word_1_530' title='bbox 3676 1519 3863 1575; x_wconf 87' lang='grc' dir='ltr'>ὦδινε·</span> 
     </span>
    </p>
   </div>
   <div class='ocr_carea' id='block_1_75' title="bbox 2253 1609 3862 1690">
    <p class='ocr_par' dir='ltr' id='par_1_75' title="bbox 2253 1609 3862 1690">
     <span class='ocr_line' id='line_1_75' title="bbox 2253 1609 3862 1690; baseline -0.003 -23"><span class='ocrx_word' id='word_1_531' title='bbox 2253 1618 2491 1677; x_wconf 83' lang='grc' dir='ltr'>τούτους,</span> <span class='ocrx_word' id='word_1_532' title='bbox 2537 1617 2698 1689; x_wconf 82' lang='grc' dir='ltr'>ἄχρις</span> <span class='ocrx_word' id='word_1_533' title='bbox 2773 1612 2832 1668; x_wconf 78' lang='grc' dir='ltr'>οὗ</span> <span class='ocrx_word' id='word_1_534' title='bbox 2893 1616 3140 1690; x_wconf 75' lang='grc' dir='ltr'>μορφωθῇ</span> <span class='ocrx_word' id='word_1_535' title='bbox 3196 1615 3431 1689; x_wconf 85' lang='grc' dir='ltr'>Χριστὸς</span> <span class='ocrx_word' id='word_1_536' title='bbox 3482 1609 3531 1663; x_wconf 73' lang='grc' dir='ltr'>ἓν</span> <span class='ocrx_word' id='word_1_537' title='bbox 3597 1612 3778 1670; x_wconf 83' lang='grc' dir='ltr'>αὐτοῖς</span> <span class='ocrx_word' id='word_1_538' title='bbox 3847 1625 3862 1677; x_wconf 88' lang='grc'><strong>;</strong></span> 
     </span>
    </p>
   </div>
   <div class='ocr_carea' id='block_1_76' title="bbox 2255 1698 3868 1779">
    <p class='ocr_par' dir='ltr' id='par_1_76' title="bbox 2255 1698 3868 1779">
     <span class='ocr_line' id='line_1_76' title="bbox 2255 1698 3868 1779; baseline -0.004 -22"><span class='ocrx_word' id='word_1_539' title='bbox 2255 1707 2419 1757; x_wconf 89' lang='grc' dir='ltr'>Νόθοι</span> <span class='ocrx_word' id='word_1_540' title='bbox 2468 1701 2527 1757; x_wconf 73' lang='grc' dir='ltr'><strong>δε</strong></span> <span class='ocrx_word' id='word_1_541' title='bbox 2582 1706 2704 1779; x_wconf 81' lang='grc' dir='ltr'>ἄρτι</span> <span class='ocrx_word' id='word_1_542' title='bbox 2758 1709 2848 1756; x_wconf 87' lang='grc' dir='ltr'>καὶ</span> <span class='ocrx_word' id='word_1_543' title='bbox 2897 1703 3003 1774; x_wconf 81' lang='grc' dir='ltr'>οὐχ</span> <span class='ocrx_word' id='word_1_544' title='bbox 3047 1701 3156 1755; x_wconf 87' lang='grc' dir='ltr'>υἰοί</span> <span class='ocrx_word' id='word_1_545' title='bbox 3210 1702 3292 1754; x_wconf 82' lang='grc' dir='ltr'>ὃτι</span> <span class='ocrx_word' id='word_1_546' title='bbox 3343 1699 3624 1758; x_wconf 74' lang='grc' dir='ltr'>ἇϐάσκηνεν</span> <span class='ocrx_word' id='word_1_547' title='bbox 3679 1698 3868 1761; x_wconf 72' lang='grc' dir='ltr'>αὐτοῖς</span> 
     </span>
    </p>
   </div>
   <div class='ocr_carea' id='block_1_77' title="bbox 2255 1791 3870 1867">
    <p class='ocr_par' dir='ltr' id='par_1_77' title="bbox 2255 1791 3870 1867">
     <span class='ocr_line' id='line_1_77' title="bbox 2255 1791 3870 1867; baseline -0.003 -21"><span class='ocrx_word' id='word_1_548' title='bbox 2255 1796 2280 1846; x_wconf 89' lang='grc' dir='ltr'><strong>ό</strong></span> <span class='ocrx_word' id='word_1_549' title='bbox 2308 1800 2553 1861; x_wconf 86' lang='grc' dir='ltr'>Σατανᾶς,</span> <span class='ocrx_word' id='word_1_550' title='bbox 2581 1794 2665 1846; x_wconf 86' lang='grc' dir='ltr'><strong>ἴνα</strong></span> <span class='ocrx_word' id='word_1_551' title='bbox 2691 1797 2789 1867; x_wconf 76' lang='grc' dir='ltr'>μὴ,</span> <span class='ocrx_word' id='word_1_552' title='bbox 2834 1800 2898 1852; x_wconf 84' lang='grc' dir='ltr'>τῆ</span> <span class='ocrx_word' id='word_1_553' title='bbox 2951 1791 3168 1864; x_wconf 81' lang='grc' dir='ltr'>ἀληθείᾳ</span> <span class='ocrx_word' id='word_1_554' title='bbox 3195 1791 3240 1844; x_wconf 84' lang='grc' dir='ltr'>εἰ</span> <span class='ocrx_word' id='word_1_555' title='bbox 3291 1795 3381 1843; x_wconf 84' lang='grc' dir='ltr'>καὶ</span> <span class='ocrx_word' id='word_1_556' title='bbox 3409 1791 3709 1856; x_wconf 88' lang='grc' dir='ltr'>πείθωνται,</span> <span class='ocrx_word' id='word_1_557' title='bbox 3767 1792 3870 1842; x_wconf 83' lang='grc' dir='ltr'>καὶ</span> 
     </span>
    </p>
   </div>
   <div class='ocr_carea' id='block_1_78' title="bbox 2254 1875 3866 1950">
    <p class='ocr_par' dir='ltr' id='par_1_78' title="bbox 2254 1875 3866 1950">
     <span class='ocr_line' id='line_1_78' title="bbox 2254 1875 3866 1950; baseline -0.004 -15"><span class='ocrx_word' id='word_1_558' title='bbox 2254 1883 2432 1935; x_wconf 89' lang='grc' dir='ltr'>λοιπὸν</span> <span class='ocrx_word' id='word_1_559' title='bbox 2487 1889 2580 1943; x_wconf 82' lang='grc' dir='ltr'>τῆς</span> <span class='ocrx_word' id='word_1_560' title='bbox 2629 1881 2893 1944; x_wconf 82' lang='grc' dir='ltr'>ἀπειθείας</span> <span class='ocrx_word' id='word_1_561' title='bbox 2922 1884 3051 1936; x_wconf 80' lang='grc' dir='ltr'>υἱοί.</span> <span class='ocrx_word' id='word_1_562' title='bbox 3102 1883 3201 1933; x_wconf 73' lang='grc' dir='ltr'><strong>Καὶ</strong></span> <span class='ocrx_word' id='word_1_563' title='bbox 3259 1875 3483 1932; x_wconf 78' lang='grc' dir='ltr'>δέδοικα</span> <span class='ocrx_word' id='word_1_564' title='bbox 3527 1881 3620 1936; x_wconf 78' lang='grc' dir='ltr'>τὴν</span> <span class='ocrx_word' id='word_1_565' title='bbox 3670 1875 3866 1950; x_wconf 74' lang='grc' dir='ltr'>ὀργήν·</span> 
     </span>
    </p>
   </div>
   <div class='ocr_carea' id='block_1_79' title="bbox 2255 1965 3868 2047">
    <p class='ocr_par' dir='ltr' id='par_1_79' title="bbox 2255 1965 3868 2047">
     <span class='ocr_line' id='line_1_79' title="bbox 2255 1965 3868 2047; baseline -0.004 -23"><span class='ocrx_word' id='word_1_566' title='bbox 2255 1975 2414 2034; x_wconf 83' lang='grc' dir='ltr'>ὅντως</span> <span class='ocrx_word' id='word_1_567' title='bbox 2478 1974 2578 2047; x_wconf 78' lang='grc' dir='ltr'>γὰρ</span> <span class='ocrx_word' id='word_1_568' title='bbox 2651 1973 2811 2028; x_wconf 82' lang='grc' dir='ltr'>σκεύη</span> <span class='ocrx_word' id='word_1_569' title='bbox 2876 1972 3040 2044; x_wconf 74' lang='grc' dir='ltr'>ὀργῆς</span> <span class='ocrx_word' id='word_1_570' title='bbox 3108 1970 3502 2042; x_wconf 76' lang='grc' dir='ltr'>κατηρτισμένα</span> <span class='ocrx_word' id='word_1_571' title='bbox 3582 1966 3717 2018; x_wconf 85' lang='grc' dir='ltr'>εἰσιν</span> <span class='ocrx_word' id='word_1_572' title='bbox 3786 1965 3868 2029; x_wconf 85' lang='grc' dir='ltr'><strong>εἰς</strong></span> 
     </span>
    </p>
   </div>
   <div class='ocr_carea' id='block_1_80' title="bbox 2253 2054 3870 2135">
    <p class='ocr_par' dir='ltr' id='par_1_80' title="bbox 2253 2054 3870 2135">
     <span class='ocr_line' id='line_1_80' title="bbox 2253 2054 3870 2135; baseline -0.004 -21"><span class='ocrx_word' id='word_1_573' title='bbox 2253 2061 2532 2117; x_wconf 83' lang='grc' dir='ltr'>ἀπώλειαν.</span> <span class='ocrx_word' id='word_1_574' title='bbox 2597 2064 2758 2133; x_wconf 82' lang='grc' dir='ltr'>Οἵμοι</span> <span class='ocrx_word' id='word_1_575' title='bbox 2805 2059 2817 2114; x_wconf 85' lang='lat' dir='ltr'><strong>l</strong></span> <span class='ocrx_word' id='word_1_576' title='bbox 2875 2061 2954 2112; x_wconf 85' lang='grc' dir='ltr'>ὅτι</span> <span class='ocrx_word' id='word_1_577' title='bbox 3013 2061 3206 2135; x_wconf 86' lang='grc' dir='ltr'>θηρίων</span> <span class='ocrx_word' id='word_1_578' title='bbox 3262 2054 3486 2119; x_wconf 78' lang='grc' dir='ltr'>ὀδόντας</span> <span class='ocrx_word' id='word_1_579' title='bbox 3558 2057 3661 2130; x_wconf 87' lang='grc' dir='ltr'>ὁρῶ</span> <span class='ocrx_word' id='word_1_580' title='bbox 3727 2056 3870 2128; x_wconf 83' lang='grc' dir='ltr'>μετὰ</span> 
     </span>
    </p>
   </div>
   <div class='ocr_carea' id='block_1_81' title="bbox 2257 2143 3870 2224">
    <p class='ocr_par' dir='ltr' id='par_1_81' title="bbox 2257 2143 3870 2224">
     <span class='ocr_line' id='line_1_81' title="bbox 2257 2143 3870 2224; baseline -0.004 -22"><span class='ocrx_word' id='word_1_581' title='bbox 2257 2153 2424 2224; x_wconf 82' lang='grc' dir='ltr'>θυμοῦ</span> <span class='ocrx_word' id='word_1_582' title='bbox 2488 2153 2750 2224; x_wconf 88' lang='grc' dir='ltr'>συρόντων</span> <span class='ocrx_word' id='word_1_583' title='bbox 2819 2149 2904 2202; x_wconf 70' lang='grc' dir='ltr'><strong>ἐπὶ</strong></span> <span class='ocrx_word' id='word_1_584' title='bbox 2966 2156 3063 2210; x_wconf 78' lang='grc' dir='ltr'>τῆς</span> <span class='ocrx_word' id='word_1_585' title='bbox 3121 2157 3242 2220; x_wconf 80' lang='grc' dir='ltr'>γῆς·</span> <span class='ocrx_word' id='word_1_586' title='bbox 3328 2149 3396 2199; x_wconf 82' lang='grc' dir='ltr'>τὰ</span> <span class='ocrx_word' id='word_1_587' title='bbox 3457 2147 3558 2218; x_wconf 79' lang='grc' dir='ltr'><strong>γὰρ</strong></span> <span class='ocrx_word' id='word_1_588' title='bbox 3622 2143 3870 2216; x_wconf 71' lang='grc' dir='ltr'>ἐπίσημα</span> 
     </span>
    </p>
   </div>
   <div class='ocr_carea' id='block_1_82' title="bbox 2253 2235 3868 2314">
    <p class='ocr_par' dir='ltr' id='par_1_82' title="bbox 2253 2235 3868 2314">
     <span class='ocr_line' id='line_1_82' title="bbox 2253 2235 3868 2314; baseline -0.004 -23"><span class='ocrx_word' id='word_1_589' title='bbox 2253 2249 2353 2291; x_wconf 89' lang='grc' dir='ltr'><strong>τῶν</strong></span> <span class='ocrx_word' id='word_1_590' title='bbox 2407 2238 2538 2312; x_wconf 80' lang='grc' dir='ltr'>ἐμῶν</span> <span class='ocrx_word' id='word_1_591' title='bbox 2589 2243 2741 2311; x_wconf 72' lang='grc' dir='ltr'>φόνος</span> <span class='ocrx_word' id='word_1_592' title='bbox 2788 2241 2845 2292; x_wconf 88' lang='grc' dir='ltr'>τὸ</span> <span class='ocrx_word' id='word_1_593' title='bbox 2894 2245 3120 2314; x_wconf 73' lang='grc' dir='ltr'>πρῶτον,</span> <span class='ocrx_word' id='word_1_594' title='bbox 3187 2240 3278 2289; x_wconf 78' lang='grc' dir='ltr'>καὶ</span> <span class='ocrx_word' id='word_1_595' title='bbox 3333 2235 3496 2288; x_wconf 77' lang='grc' dir='ltr'>ἄλλων</span> <span class='ocrx_word' id='word_1_596' title='bbox 3553 2235 3700 2287; x_wconf 79' lang='grc' dir='ltr'>ἔθνεα</span> <span class='ocrx_word' id='word_1_597' title='bbox 3763 2252 3868 2292; x_wconf 81' lang='grc' dir='ltr'>κη-</span> 
     </span>
    </p>
   </div>
   <div class='ocr_carea' id='block_1_83' title="bbox 2253 2324 3865 2402">
    <p class='ocr_par' dir='ltr' id='par_1_83' title="bbox 2253 2324 3865 2402">
     <span class='ocr_line' id='line_1_83' title="bbox 2253 2324 3865 2402; baseline 0 -22"><span class='ocrx_word' id='word_1_598' title='bbox 2253 2337 2375 2402; x_wconf 89' lang='grc' dir='ltr'>ρῶν.</span> <span class='ocrx_word' id='word_1_599' title='bbox 2424 2331 2604 2400; x_wconf 83' lang='grc' dir='ltr'>Οῖμοι,</span> <span class='ocrx_word' id='word_1_600' title='bbox 2666 2329 2748 2380; x_wconf 85' lang='grc' dir='ltr'>ὅτι</span> <span class='ocrx_word' id='word_1_601' title='bbox 2803 2329 2972 2380; x_wconf 81' lang='grc' dir='ltr'>Δαθὰν</span> <span class='ocrx_word' id='word_1_602' title='bbox 3019 2331 3110 2380; x_wconf 73' lang='grc' dir='ltr'>καὶ</span> <span class='ocrx_word' id='word_1_603' title='bbox 3154 2324 3402 2400; x_wconf 78' lang='grc' dir='ltr'>’Δϐειρών</span> <span class='ocrx_word' id='word_1_604' title='bbox 3457 2343 3520 2397; x_wconf 82' lang='grc' dir='ltr'><strong>με</strong></span> <span class='ocrx_word' id='word_1_605' title='bbox 3566 2325 3865 2398; x_wconf 64' lang='grc' dir='ltr'>περικεχύ-</span> 
     </span>
    </p>
   </div>
   <div class='ocr_carea' id='block_1_84' title="bbox 2251 2416 3868 2492">
    <p class='ocr_par' dir='ltr' id='par_1_84' title="bbox 2251 2416 3868 2492">
     <span class='ocr_line' id='line_1_84' title="bbox 2251 2416 3868 2492; baseline -0.004 -21"><span class='ocrx_word' id='word_1_606' title='bbox 2251 2434 2395 2472; x_wconf 83' lang='grc' dir='ltr'>νασι’</span> <span class='ocrx_word' id='word_1_607' title='bbox 2446 2423 2536 2471; x_wconf 80' lang='grc' dir='ltr'>καὶ</span> <span class='ocrx_word' id='word_1_608' title='bbox 2582 2422 2662 2480; x_wconf 89' lang='grc' dir='ltr'><strong>τίς</strong></span> <span class='ocrx_word' id='word_1_609' title='bbox 2716 2417 2916 2492; x_wconf 82' lang='grc' dir='ltr'>Ἀαρὼν</span> <span class='ocrx_word' id='word_1_610' title='bbox 2969 2419 3055 2470; x_wconf 80' lang='grc' dir='ltr'><strong>ἵνα</strong></span> <span class='ocrx_word' id='word_1_611' title='bbox 3104 2418 3482 2491; x_wconf 86' lang='grc' dir='ltr'>τερατουργοίη</span> <span class='ocrx_word' id='word_1_612' title='bbox 3541 2416 3673 2474; x_wconf 81' lang='grc' dir='ltr'>Θεὸς</span> <span class='ocrx_word' id='word_1_613' title='bbox 3705 2428 3718 2480; x_wconf 90' lang='grc'><strong>;</strong></span> <span class='ocrx_word' id='word_1_614' title='bbox 3756 2416 3868 2466; x_wconf 79' lang='grc' dir='ltr'>Καὶ</span> 
     </span>
    </p>
   </div>
   <div class='ocr_carea' id='block_1_85' title="bbox 2253 2501 3859 2582">
    <p class='ocr_par' dir='ltr' id='par_1_85' title="bbox 2253 2501 3859 2582">
     <span class='ocr_line' id='line_1_85' title="bbox 2253 2501 3859 2582; baseline -0.004 -22"><span class='ocrx_word' id='word_1_615' title='bbox 2253 2511 2312 2561; x_wconf 89' lang='grc' dir='ltr'>τὸ</span> <span class='ocrx_word' id='word_1_616' title='bbox 2353 2515 2448 2570; x_wconf 85' lang='grc' dir='ltr'>τῆς</span> <span class='ocrx_word' id='word_1_617' title='bbox 2488 2507 2768 2582; x_wconf 73' lang='grc' dir='ltr'>ἱερωσύνης</span> <span class='ocrx_word' id='word_1_618' title='bbox 2811 2506 3277 2568; x_wconf 73' lang='grc' dir='ltr'>κατεζουθενηται·</span> <span class='ocrx_word' id='word_1_619' title='bbox 3325 2509 3416 2557; x_wconf 85' lang='grc' dir='ltr'>καὶ</span> <span class='ocrx_word' id='word_1_620' title='bbox 3460 2507 3542 2564; x_wconf 89' lang='grc' dir='ltr'><strong>τίς</strong></span> <span class='ocrx_word' id='word_1_621' title='bbox 3588 2501 3859 2575; x_wconf 77' lang='grc' dir='ltr'>Σαμουὴλ,</span> 
     </span>
    </p>
   </div>
   <div class='ocr_carea' id='block_1_86' title="bbox 2254 2590 3870 2670">
    <p class='ocr_par' dir='ltr' id='par_1_86' title="bbox 2254 2590 3870 2670">
     <span class='ocr_line' id='line_1_86' title="bbox 2254 2590 3870 2670; baseline -0.002 -22"><span class='ocrx_word' id='word_1_622' title='bbox 2254 2601 2338 2650; x_wconf 81' lang='grc' dir='ltr'>ἵνα</span> <span class='ocrx_word' id='word_1_623' title='bbox 2365 2600 2421 2650; x_wconf 86' lang='grc' dir='ltr'>τὸ</span> <span class='ocrx_word' id='word_1_624' title='bbox 2452 2600 2658 2670; x_wconf 86' lang='grc' dir='ltr'>γεγονός</span> <span class='ocrx_word' id='word_1_625' title='bbox 2706 2599 2780 2659; x_wconf 84' lang='grc' dir='ltr'>εἶς</span> <span class='ocrx_word' id='word_1_626' title='bbox 2808 2595 2990 2650; x_wconf 80' lang='grc' dir='ltr'>ἑαυτὸν</span> <span class='ocrx_word' id='word_1_627' title='bbox 3029 2599 3159 2658; x_wconf 86' lang='grc' dir='ltr'>Θεὸς</span> <span class='ocrx_word' id='word_1_628' title='bbox 3207 2590 3511 2658; x_wconf 76' lang='grc' dir='ltr'>ἂναδίξοιτο</span> <span class='ocrx_word' id='word_1_629' title='bbox 3543 2609 3557 2659; x_wconf 88' lang='grc'>;</span> <span class='ocrx_word' id='word_1_630' title='bbox 3609 2591 3870 2645; x_wconf 74' lang='grc' dir='ltr'>«Ἐπικα-</span> 
     </span>
    </p>
   </div>
   <div class='ocr_carea' id='block_1_87' title="bbox 2253 2681 3864 2760">
    <p class='ocr_par' dir='ltr' id='par_1_87' title="bbox 2253 2681 3864 2760">
     <span class='ocr_line' id='line_1_87' title="bbox 2253 2681 3864 2760; baseline -0.004 -21"><span class='ocrx_word' id='word_1_631' title='bbox 2253 2686 2436 2739; x_wconf 78' lang='grc' dir='ltr'>λοῦντο</span> <span class='ocrx_word' id='word_1_632' title='bbox 2488 2687 2592 2760; x_wconf 83' lang='grc' dir='ltr'>γὰρ</span> <span class='ocrx_word' id='word_1_633' title='bbox 2645 2683 2830 2738; x_wconf 74' lang='grc' dir='ltr'>ἆκεῖνοι</span> <span class='ocrx_word' id='word_1_634' title='bbox 2872 2688 2962 2738; x_wconf 88' lang='grc' dir='ltr'>τὸν</span> <span class='ocrx_word' id='word_1_635' title='bbox 3013 2686 3224 2759; x_wconf 70' lang='grc' dir='ltr'>Κύριον,</span> <span class='ocrx_word' id='word_1_636' title='bbox 3275 2687 3365 2736; x_wconf 80' lang='grc' dir='ltr'>καὶ</span> <span class='ocrx_word' id='word_1_637' title='bbox 3412 2683 3567 2743; x_wconf 78' lang='grc' dir='ltr'>αὐτὸς</span> <span class='ocrx_word' id='word_1_638' title='bbox 3612 2681 3864 2739; x_wconf 78' lang='grc' dir='ltr'>εἰσήκου-</span> 
     </span>
    </p>
   </div>
   <div class='ocr_carea' id='block_1_88' title="bbox 2258 2769 3854 2848">
    <p class='ocr_par' dir='ltr' id='par_1_88' title="bbox 2258 2769 3854 2848">
     <span class='ocr_line' id='line_1_88' title="bbox 2258 2769 3854 2848; baseline -0.006 -19"><span class='ocrx_word' id='word_1_639' title='bbox 2258 2793 2343 2829; x_wconf 90' lang='grc' dir='ltr'><strong>σεν</strong></span> <span class='ocrx_word' id='word_1_640' title='bbox 2393 2775 2582 2828; x_wconf 75' lang='grc' dir='ltr'>αὐτῶν·</span> <span class='ocrx_word' id='word_1_641' title='bbox 2636 2773 2685 2828; x_wconf 75' lang='grc' dir='ltr'>ἐν</span> <span class='ocrx_word' id='word_1_642' title='bbox 2737 2773 2908 2828; x_wconf 81' lang='grc' dir='ltr'>στύλῶ</span> <span class='ocrx_word' id='word_1_643' title='bbox 2948 2773 3156 2848; x_wconf 76' lang='grc' dir='ltr'>νεφελης</span> <span class='ocrx_word' id='word_1_644' title='bbox 3194 2771 3359 2826; x_wconf 75' lang='grc' dir='ltr'>ἐλάλει</span> <span class='ocrx_word' id='word_1_645' title='bbox 3405 2773 3534 2847; x_wconf 86' lang='grc' dir='ltr'>πρὸς</span> <span class='ocrx_word' id='word_1_646' title='bbox 3564 2769 3771 2830; x_wconf 78' lang='grc' dir='ltr'>αὐτοῦς.</span> <span class='ocrx_word' id='word_1_647' title='bbox 3827 2789 3854 2819; x_wconf 72' lang='grc' dir='ltr'><strong><em>ι</em></strong></span> 
     </span>
    </p>
   </div>
   <div class='ocr_carea' id='block_1_89' title="bbox 2256 2856 3868 2940">
    <p class='ocr_par' dir='ltr' id='par_1_89' title="bbox 2256 2856 3868 2940">
     <span class='ocr_line' id='line_1_89' title="bbox 2256 2856 3868 2940; baseline -0.004 -24"><span class='ocrx_word' id='word_1_648' title='bbox 2256 2863 2371 2938; x_wconf 66' lang='grc' dir='ltr'><strong>Ἆρ’</strong></span> <span class='ocrx_word' id='word_1_649' title='bbox 2421 2871 2509 2916; x_wconf 84' lang='grc' dir='ltr'>οῦν</span> <span class='ocrx_word' id='word_1_650' title='bbox 2566 2863 2666 2937; x_wconf 75' lang='grc' dir='ltr'><strong>ἐγὼ</strong></span> <span class='ocrx_word' id='word_1_651' title='bbox 2717 2873 2818 2917; x_wconf 90' lang='grc' dir='ltr'><strong>τῶν</strong></span> <span class='ocrx_word' id='word_1_652' title='bbox 2875 2868 3175 2940; x_wconf 88' lang='grc' dir='ltr'>μαρτυρίων</span> <span class='ocrx_word' id='word_1_653' title='bbox 3229 2867 3326 2922; x_wconf 78' lang='grc' dir='ltr'>τὴν</span> <span class='ocrx_word' id='word_1_654' title='bbox 3385 2860 3615 2934; x_wconf 73' lang='grc' dir='ltr'>φυλακὴν</span> <span class='ocrx_word' id='word_1_655' title='bbox 3673 2856 3868 2932; x_wconf 57' lang='lat' dir='ltr'><strong>term</strong></span> 
     </span>
    </p>
   </div>
   <div class='ocr_carea' id='block_1_90' title="bbox 2256 2946 3873 3027">
    <p class='ocr_par' dir='ltr' id='par_1_90' title="bbox 2256 2946 3873 3027">
     <span class='ocr_line' id='line_1_90' title="bbox 2256 2946 3873 3027; baseline -0.004 -20"><span class='ocrx_word' id='word_1_656' title='bbox 2256 2958 2376 3027; x_wconf 78' lang='grc' dir='ltr'>περὶ</span> <span class='ocrx_word' id='word_1_657' title='bbox 2407 2950 2644 3026; x_wconf 80' lang='grc' dir='ltr'>σπουδῇ.</span> <span class='ocrx_word' id='word_1_658' title='bbox 2697 2956 2859 3026; x_wconf 87' lang='grc' dir='ltr'>Τάχα</span> <span class='ocrx_word' id='word_1_659' title='bbox 2883 2973 2962 3014; x_wconf 89' lang='grc' dir='ltr'><strong>τις</strong></span> <span class='ocrx_word' id='word_1_660' title='bbox 3005 2951 3381 3025; x_wconf 79' lang='grc' dir='ltr'>καθυϐρίζεται</span> <span class='ocrx_word' id='word_1_661' title='bbox 3409 2952 3500 3004; x_wconf 79' lang='grc' dir='ltr'>καὶ</span> <span class='ocrx_word' id='word_1_662' title='bbox 3554 2957 3653 3010; x_wconf 77' lang='grc' dir='ltr'>τῆς</span> <span class='ocrx_word' id='word_1_663' title='bbox 3699 2946 3873 3021; x_wconf 78' lang='grc' dir='ltr'>φαλά-</span> 
     </span>
    </p>
   </div>
   <div class='ocr_carea' id='block_1_91' title="bbox 2257 3037 3880 3119">
    <p class='ocr_par' dir='ltr' id='par_1_91' title="bbox 2257 3037 3880 3119">
     <span class='ocr_line' id='line_1_91' title="bbox 2257 3037 3880 3119; baseline -0.004 -22"><span class='ocrx_word' id='word_1_664' title='bbox 2257 3063 2406 3119; x_wconf 78' lang='grc' dir='ltr'>κρας,</span> <span class='ocrx_word' id='word_1_665' title='bbox 2439 3043 2486 3098; x_wconf 87' lang='grc' dir='ltr'>εἰ</span> <span class='ocrx_word' id='word_1_666' title='bbox 2535 3051 2634 3096; x_wconf 86' lang='grc' dir='ltr'><strong>τῶν</strong></span> <span class='ocrx_word' id='word_1_667' title='bbox 2679 3043 3030 3117; x_wconf 85' lang='grc' dir='ltr'>καλυμμάτων</span> <span class='ocrx_word' id='word_1_668' title='bbox 3088 3041 3462 3116; x_wconf 79' lang='grc' dir='ltr'>ἁπογυμνοῖτο,</span> <span class='ocrx_word' id='word_1_669' title='bbox 3519 3038 3585 3092; x_wconf 77' lang='grc' dir='ltr'>ἶν’</span> <span class='ocrx_word' id='word_1_670' title='bbox 3617 3037 3880 3112; x_wconf 72' lang='grc' dir='ltr'>ἀκαλυφεῖ</span> 
     </span>
    </p>
   </div>
   <div class='ocr_carea' id='block_1_92' title="bbox 2257 3123 3870 3209">
    <p class='ocr_par' dir='ltr' id='par_1_92' title="bbox 2257 3123 3870 3209">
     <span class='ocr_line' id='line_1_92' title="bbox 2257 3123 3870 3209; baseline 0 -23"><span class='ocrx_word' id='word_1_671' title='bbox 2257 3140 2321 3206; x_wconf 76' lang='grc' dir='ltr'>τῇ</span> <span class='ocrx_word' id='word_1_672' title='bbox 2369 3138 2544 3186; x_wconf 82' lang='grc' dir='ltr'>πίστει</span> <span class='ocrx_word' id='word_1_673' title='bbox 2585 3135 2863 3209; x_wconf 84' lang='grc' dir='ltr'>ίερατεύοι.</span> <span class='ocrx_word' id='word_1_674' title='bbox 2921 3137 3023 3187; x_wconf 76' lang='grc' dir='ltr'><strong>Καὶ</strong></span> <span class='ocrx_word' id='word_1_675' title='bbox 3075 3136 3152 3194; x_wconf 88' lang='grc' dir='ltr'><strong>τίς</strong></span> <span class='ocrx_word' id='word_1_676' title='bbox 3180 3123 3500 3198; x_wconf 84' lang='grc' dir='ltr'>Ἐλισσαῖος,</span> <span class='ocrx_word' id='word_1_677' title='bbox 3551 3128 3610 3182; x_wconf 61' lang='lat' dir='ltr'><strong>iv‘</strong></span> <span class='ocrx_word' id='word_1_678' title='bbox 3653 3129 3684 3187; x_wconf 79' lang='grc' dir='ltr'><strong>ἠ</strong></span> <span class='ocrx_word' id='word_1_679' title='bbox 3739 3123 3870 3186; x_wconf 75' lang='grc' dir='ltr'>δίκη</span> 
     </span>
    </p>
   </div>
   <div class='ocr_carea' id='block_1_93' title="bbox 2257 3217 3871 3298">
    <p class='ocr_par' dir='ltr' id='par_1_93' title="bbox 2257 3217 3871 3298">
     <span class='ocr_line' id='line_1_93' title="bbox 2257 3217 3871 3298; baseline -0.005 -22"><span class='ocrx_word' id='word_1_680' title='bbox 2257 3227 2551 3298; x_wconf 81' lang='grc' dir='ltr'>παρίποιτο</span> <span class='ocrx_word' id='word_1_681' title='bbox 2613 3238 2628 3290; x_wconf 90' lang='grc'><strong>;</strong></span> <span class='ocrx_word' id='word_1_682' title='bbox 2692 3221 2872 3275; x_wconf 82' lang='grc' dir='ltr'>Ἠλιοῦ</span> <span class='ocrx_word' id='word_1_683' title='bbox 2937 3223 3030 3295; x_wconf 71' lang='grc' dir='ltr'><strong>μεν</strong></span> <span class='ocrx_word' id='word_1_684' title='bbox 3089 3224 3192 3295; x_wconf 81' lang='grc' dir='ltr'><strong>γὰρ</strong></span> <span class='ocrx_word' id='word_1_685' title='bbox 3253 3219 3501 3296; x_wconf 81' lang='grc' dir='ltr'>θαῤῥὴσω</span> <span class='ocrx_word' id='word_1_686' title='bbox 3565 3217 3733 3290; x_wconf 76' lang='grc' dir='ltr'>λέγειν</span> <span class='ocrx_word' id='word_1_687' title='bbox 3795 3220 3871 3278; x_wconf 77' lang='grc' dir='ltr'>ὡς</span> 
     </span>
    </p>
   </div>
   <div class='ocr_carea' id='block_1_94' title="bbox 2259 3304 3858 3386">
    <p class='ocr_par' dir='ltr' id='par_1_94' title="bbox 2259 3304 3858 3386">
     <span class='ocr_line' id='line_1_94' title="bbox 2259 3304 3858 3386; baseline -0.005 -21"><span class='ocrx_word' id='word_1_688' title='bbox 2259 3313 2678 3386; x_wconf 79' lang='grc' dir='ltr'>μεμαθητευμαι·</span> <span class='ocrx_word' id='word_1_689' title='bbox 2768 3310 2875 3364; x_wconf 82' lang='grc' dir='ltr'>ἀλλ’</span> <span class='ocrx_word' id='word_1_690' title='bbox 2893 3310 2988 3363; x_wconf 74' lang='grc' dir='ltr'>οὐκ</span> <span class='ocrx_word' id='word_1_691' title='bbox 3058 3308 3286 3364; x_wconf 72' lang='grc' dir='ltr'>ἐντεῦθεν</span> <span class='ocrx_word' id='word_1_692' title='bbox 3363 3307 3687 3368; x_wconf 82' lang='grc' dir='ltr'>’Ἐλισσαῖος</span> <span class='ocrx_word' id='word_1_693' title='bbox 3739 3304 3858 3378; x_wconf 74' lang='grc' dir='ltr'><strong>ἆγὼο</strong></span> 
     </span>
    </p>
   </div>
   <div class='ocr_carea' id='block_1_95' title="bbox 2257 3397 3870 3476">
    <p class='ocr_par' dir='ltr' id='par_1_95' title="bbox 2257 3397 3870 3476">
     <span class='ocr_line' id='line_1_95' title="bbox 2257 3397 3870 3476; baseline -0.004 -22"><span class='ocrx_word' id='word_1_694' title='bbox 2257 3406 2349 3454; x_wconf 82' lang='grc' dir='ltr'><strong>καὶ</strong></span> <span class='ocrx_word' id='word_1_695' title='bbox 2395 3403 2559 3476; x_wconf 87' lang='grc' dir='ltr'>χάριν</span> <span class='ocrx_word' id='word_1_696' title='bbox 2603 3404 2694 3473; x_wconf 72' lang='grc' dir='ltr'><strong>μεν</strong></span> <span class='ocrx_word' id='word_1_697' title='bbox 2733 3397 2994 3473; x_wconf 74' lang='grc' dir='ltr'>ἐδεξάμην</span> <span class='ocrx_word' id='word_1_698' title='bbox 3069 3399 3175 3452; x_wconf 78' lang='grc' dir='ltr'>ἀλλ’</span> <span class='ocrx_word' id='word_1_699' title='bbox 3229 3400 3290 3452; x_wconf 74' lang='grc' dir='ltr'>οὐ</span> <span class='ocrx_word' id='word_1_700' title='bbox 3363 3399 3528 3472; x_wconf 71' lang='grc' dir='ltr'>ταὺτῃ</span> <span class='ocrx_word' id='word_1_701' title='bbox 3606 3401 3699 3450; x_wconf 82' lang='grc' dir='ltr'>καὶ</span> <span class='ocrx_word' id='word_1_702' title='bbox 3771 3400 3870 3454; x_wconf 79' lang='grc' dir='ltr'>τὴν</span> 
     </span>
    </p>
   </div>
   <div class='ocr_carea' id='block_1_96' title="bbox 2258 3485 3867 3565">
    <p class='ocr_par' dir='ltr' id='par_1_96' title="bbox 2258 3485 3867 3565">
     <span class='ocr_line' id='line_1_96' title="bbox 2258 3485 3867 3565; baseline 0 -22"><span class='ocrx_word' id='word_1_703' title='bbox 2258 3497 2360 3543; x_wconf 87' lang='grc' dir='ltr'><strong>τῶν</strong></span> <span class='ocrx_word' id='word_1_704' title='bbox 2411 3491 2630 3565; x_wconf 88' lang='grc' dir='ltr'>ῥεόντων</span> <span class='ocrx_word' id='word_1_705' title='bbox 2673 3489 2941 3564; x_wconf 81' lang='grc' dir='ltr'>παρῆλθον</span> <span class='ocrx_word' id='word_1_706' title='bbox 2991 3491 3172 3565; x_wconf 76' lang='grc' dir='ltr'>φοράν.</span> <span class='ocrx_word' id='word_1_707' title='bbox 3224 3485 3344 3542; x_wconf 83' lang='grc' dir='ltr'>οὐδ’</span> <span class='ocrx_word' id='word_1_708' title='bbox 3391 3491 3459 3550; x_wconf 89' lang='grc' dir='ltr'><strong>είς</strong></span> <span class='ocrx_word' id='word_1_709' title='bbox 3510 3490 3607 3546; x_wconf 74' lang='grc' dir='ltr'>τὴν</span> <span class='ocrx_word' id='word_1_710' title='bbox 3655 3485 3867 3558; x_wconf 73' lang='grc' dir='ltr'>εἰρήνης</span> 
     </span>
    </p>
   </div>
   <div class='ocr_carea' id='block_1_97' title="bbox 2259 3575 3858 3648">
    <p class='ocr_par' dir='ltr' id='par_1_97' title="bbox 2259 3575 3858 3648">
     <span class='ocr_line' id='line_1_97' title="bbox 2259 3575 3858 3648; baseline -0.005 -15"><span class='ocrx_word' id='word_1_711' title='bbox 2259 3579 2500 3639; x_wconf 81' lang='grc' dir='ltr'>εἰσῆλθον</span> <span class='ocrx_word' id='word_1_712' title='bbox 2529 3578 2804 3638; x_wconf 79' lang='grc' dir='ltr'>ἀπάθειαν.</span> <span class='ocrx_word' id='word_1_713' title='bbox 2838 3585 2940 3634; x_wconf 75' lang='grc' dir='ltr'><strong>Καὶ</strong></span> <span class='ocrx_word' id='word_1_714' title='bbox 2963 3583 3015 3632; x_wconf 89' lang='grc' dir='ltr'><strong>τί</strong></span> <span class='ocrx_word' id='word_1_715' title='bbox 3052 3581 3252 3648; x_wconf 75' lang='grc' dir='ltr'>καινὸν,</span> <span class='ocrx_word' id='word_1_716' title='bbox 3303 3577 3349 3630; x_wconf 85' lang='grc' dir='ltr'>εἰ</span> <span class='ocrx_word' id='word_1_717' title='bbox 3383 3582 3474 3631; x_wconf 75' lang='grc' dir='ltr'>καὶ</span> <span class='ocrx_word' id='word_1_718' title='bbox 3500 3575 3654 3631; x_wconf 77' lang='grc' dir='ltr'>πάλιν</span> <span class='ocrx_word' id='word_1_719' title='bbox 3696 3580 3858 3628; x_wconf 65' lang='lat' dir='ltr'><strong>Men}-</strong></span> 
     </span>
    </p>
   </div>
   <div class='ocr_carea' id='block_1_98' title="bbox 2261 3663 3858 3743">
    <p class='ocr_par' dir='ltr' id='par_1_98' title="bbox 2261 3663 3858 3743">
     <span class='ocr_line' id='line_1_98' title="bbox 2261 3663 3858 3743; baseline -0.005 -20"><span class='ocrx_word' id='word_1_720' title='bbox 2261 3677 2362 3732; x_wconf 78' lang='grc' dir='ltr'>σῆς</span> <span class='ocrx_word' id='word_1_721' title='bbox 2417 3665 2627 3742; x_wconf 87' lang='grc' dir='ltr'>ὁδηγεῖ,</span> <span class='ocrx_word' id='word_1_722' title='bbox 2682 3678 2782 3723; x_wconf 91' lang='grc' dir='ltr'><strong>τῶν</strong></span> <span class='ocrx_word' id='word_1_723' title='bbox 2839 3665 3206 3743; x_wconf 79' lang='grc' dir='ltr'>ὁδηγουμένων</span> <span class='ocrx_word' id='word_1_724' title='bbox 3260 3663 3320 3722; x_wconf 72' lang='grc' dir='ltr'><strong>δε</strong></span> <span class='ocrx_word' id='word_1_725' title='bbox 3367 3668 3436 3720; x_wconf 78' lang='grc' dir='ltr'>τὰ</span> <span class='ocrx_word' id='word_1_726' title='bbox 3495 3665 3635 3719; x_wconf 86' lang='grc' dir='ltr'>κῶλα</span> <span class='ocrx_word' id='word_1_727' title='bbox 3686 3663 3735 3716; x_wconf 74' lang='grc' dir='ltr'>ἐν</span> <span class='ocrx_word' id='word_1_728' title='bbox 3790 3669 3858 3736; x_wconf 76' lang='grc' dir='ltr'>τῇ</span> 
     </span>
    </p>
   </div>
   <div class='ocr_carea' id='block_1_99' title="bbox 2257 3752 3870 3835">
    <p class='ocr_par' dir='ltr' id='par_1_99' title="bbox 2257 3752 3870 3835">
     <span class='ocr_line' id='line_1_99' title="bbox 2257 3752 3870 3835; baseline -0.003 -24"><span class='ocrx_word' id='word_1_729' title='bbox 2257 3757 2435 3833; x_wconf 75' lang='grc' dir='ltr'>ἐρήμῳ</span> <span class='ocrx_word' id='word_1_730' title='bbox 2481 3763 2764 3814; x_wconf 72' lang='grc' dir='ltr'>κατέπεσον</span> <span class='ocrx_word' id='word_1_731' title='bbox 2813 3775 2828 3828; x_wconf 88' lang='grc'><strong>;</strong></span> <span class='ocrx_word' id='word_1_732' title='bbox 2878 3765 2991 3814; x_wconf 84' lang='grc' dir='ltr'>Τῶν</span> <span class='ocrx_word' id='word_1_733' title='bbox 3041 3761 3142 3835; x_wconf 85' lang='grc' dir='ltr'><strong>γὰρ</strong></span> <span class='ocrx_word' id='word_1_734' title='bbox 3194 3757 3398 3816; x_wconf 82' lang='grc' dir='ltr'>κλητῶν</span> <span class='ocrx_word' id='word_1_735' title='bbox 3455 3755 3626 3828; x_wconf 86' lang='grc' dir='ltr'>ὀλίγοι</span> <span class='ocrx_word' id='word_1_736' title='bbox 3680 3753 3733 3808; x_wconf 86' lang='grc' dir='ltr'>οἱ</span> <span class='ocrx_word' id='word_1_737' title='bbox 3781 3752 3870 3807; x_wconf 75' lang='grc' dir='ltr'><strong>ἰκ-</strong></span> 
     </span>
    </p>
   </div>
   <div class='ocr_carea' id='block_1_100' title="bbox 2256 3847 2450 3904">
    <p class='ocr_par' dir='ltr' id='par_1_100' title="bbox 2256 3847 2450 3904">
     <span class='ocr_line' id='line_1_100' title="bbox 2256 3847 2450 3904; baseline 0.021 -5"><span class='ocrx_word' id='word_1_738' title='bbox 2256 3847 2450 3904; x_wconf 86' lang='grc' dir='ltr'>λεκτοί.</span> 
     </span>
    </p>
   </div>
   <div class='ocr_carea' id='block_1_101' title="bbox 2330 3935 3868 4012">
    <p class='ocr_par' dir='ltr' id='par_1_101' title="bbox 2330 3935 3868 4012">
     <span class='ocr_line' id='line_1_101' title="bbox 2330 3935 3868 4012; baseline -0.003 -21"><span class='ocrx_word' id='word_1_739' title='bbox 2330 3938 2427 4002; x_wconf 88' lang='grc' dir='ltr'>κς’.</span> <span class='ocrx_word' id='word_1_740' title='bbox 2478 3938 2634 3993; x_wconf 77' lang='grc' dir='ltr'>Ἀλλὰ</span> <span class='ocrx_word' id='word_1_741' title='bbox 2684 3943 2849 4012; x_wconf 76' lang='grc' dir='ltr'>μέχρι</span> <span class='ocrx_word' id='word_1_742' title='bbox 2900 3943 3040 4001; x_wconf 86' lang='grc' dir='ltr'>τίνος</span> <span class='ocrx_word' id='word_1_743' title='bbox 3093 3939 3298 4000; x_wconf 83' lang='grc' dir='ltr'>τούτοις</span> <span class='ocrx_word' id='word_1_744' title='bbox 3353 3935 3868 4009; x_wconf 80' lang='grc' dir='ltr'>ἐμπλατυνθήσομαι</span> 
     </span>
    </p>
   </div>
   <div class='ocr_carea' id='block_1_102' title="bbox 2259 4027 3870 4102">
    <p class='ocr_par' dir='ltr' id='par_1_102' title="bbox 2259 4027 3870 4102">
     <span class='ocr_line' id='line_1_102' title="bbox 2259 4027 3870 4102; baseline -0.004 -19"><span class='ocrx_word' id='word_1_745' title='bbox 2259 4035 2350 4083; x_wconf 81' lang='grc' dir='ltr'>καὶ</span> <span class='ocrx_word' id='word_1_746' title='bbox 2398 4028 2492 4083; x_wconf 75' lang='grc' dir='ltr'>οὐκ</span> <span class='ocrx_word' id='word_1_747' title='bbox 2521 4027 2712 4082; x_wconf 72' lang='grc' dir='ltr'>ἑκείνου</span> <span class='ocrx_word' id='word_1_748' title='bbox 2767 4027 2956 4102; x_wconf 85' lang='grc' dir='ltr'>μᾶλλον</span> <span class='ocrx_word' id='word_1_749' title='bbox 2986 4033 3200 4101; x_wconf 76' lang='grc' dir='ltr'>γίνομαι</span> <span class='ocrx_word' id='word_1_750' title='bbox 3228 4034 3322 4080; x_wconf 83' lang='grc' dir='ltr'>τοῦ</span> <span class='ocrx_word' id='word_1_751' title='bbox 3371 4033 3571 4080; x_wconf 83' lang='grc' dir='ltr'>σκοποῦ</span> <span class='ocrx_word' id='word_1_752' title='bbox 3606 4043 3620 4094; x_wconf 91' lang='grc'>;</span> <span class='ocrx_word' id='word_1_753' title='bbox 3649 4029 3870 4082; x_wconf 76' lang='grc' dir='ltr'>αἰτησο-</span> 
     </span>
    </p>
   </div>
   <div class='ocr_carea' id='block_1_103' title="bbox 2261 4111 3873 4192">
    <p class='ocr_par' dir='ltr' id='par_1_103' title="bbox 2261 4111 3873 4192">
     <span class='ocr_line' id='line_1_103' title="bbox 2261 4111 3873 4192; baseline -0.004 -20"><span class='ocrx_word' id='word_1_754' title='bbox 2261 4138 2358 4192; x_wconf 90' lang='grc' dir='ltr'><strong>μαι</strong></span> <span class='ocrx_word' id='word_1_755' title='bbox 2388 4123 2474 4172; x_wconf 83' lang='grc' dir='ltr'><strong>τόν</strong></span> <span class='ocrx_word' id='word_1_756' title='bbox 2497 4117 2618 4192; x_wconf 71' lang='grc' dir='ltr'>ἐμὸν</span> <span class='ocrx_word' id='word_1_757' title='bbox 2663 4122 2902 4190; x_wconf 73' lang='grc' dir='ltr'>ποιμένα,</span> <span class='ocrx_word' id='word_1_758' title='bbox 2929 4114 3237 4176; x_wconf 77' lang='grc' dir='ltr'>δυσωπήσω</span> <span class='ocrx_word' id='word_1_759' title='bbox 3266 4119 3384 4177; x_wconf 87' lang='grc' dir='ltr'>τοὺς</span> <span class='ocrx_word' id='word_1_760' title='bbox 3411 4111 3689 4187; x_wconf 77' lang='grc' dir='ltr'>ἀδελφούς.</span> <span class='ocrx_word' id='word_1_761' title='bbox 3730 4112 3873 4189; x_wconf 79' lang='grc' dir='ltr'>’Δρα</span> 
     </span>
    </p>
   </div>
   <div class='ocr_carea' id='block_1_104' title="bbox 2259 4203 3872 4284">
    <p class='ocr_par' dir='ltr' id='par_1_104' title="bbox 2259 4203 3872 4284">
     <span class='ocr_line' id='line_1_104' title="bbox 2259 4203 3872 4284; baseline -0.004 -22"><span class='ocrx_word' id='word_1_762' title='bbox 2259 4207 2316 4261; x_wconf 67' lang='grc' dir='ltr'>ἐκ</span> <span class='ocrx_word' id='word_1_763' title='bbox 2354 4208 2550 4269; x_wconf 86' lang='grc' dir='ltr'>κοιλίας</span> <span class='ocrx_word' id='word_1_764' title='bbox 2584 4204 2718 4279; x_wconf 74' lang='grc' dir='ltr'>ᾅδου</span> <span class='ocrx_word' id='word_1_765' title='bbox 2745 4210 2981 4284; x_wconf 81' lang='grc' dir='ltr'>κραύγῆς</span> <span class='ocrx_word' id='word_1_766' title='bbox 3030 4226 3129 4271; x_wconf 82' lang='grc' dir='ltr'><strong>μου</strong></span> <span class='ocrx_word' id='word_1_767' title='bbox 3174 4205 3511 4260; x_wconf 78' lang='grc' dir='ltr'>ἁκευσονται·</span> <span class='ocrx_word' id='word_1_768' title='bbox 3551 4203 3710 4277; x_wconf 70' lang='grc' dir='ltr'><strong>1Ἃριιν</strong></span> <span class='ocrx_word' id='word_1_769' title='bbox 3740 4206 3872 4275; x_wconf 80' lang='grc' dir='ltr'>πρὸς</span> 
     </span>
    </p>
   </div>
   <div class='ocr_carea' id='block_1_105' title="bbox 2264 4292 3868 4372">
    <p class='ocr_par' dir='ltr' id='par_1_105' title="bbox 2264 4292 3868 4372">
     <span class='ocr_line' id='line_1_105' title="bbox 2264 4292 3868 4372; baseline -0.004 -20"><span class='ocrx_word' id='word_1_770' title='bbox 2264 4301 2394 4352; x_wconf 80' lang='grc' dir='ltr'>Θεὸν</span> <span class='ocrx_word' id='word_1_771' title='bbox 2423 4296 2740 4371; x_wconf 75' lang='grc' dir='ltr'>ὀφαθλμούς,</span> <span class='ocrx_word' id='word_1_772' title='bbox 2783 4295 2822 4349; x_wconf 87' lang='grc' dir='ltr'><strong><em>ὧ</em></strong></span> <span class='ocrx_word' id='word_1_773' title='bbox 2865 4299 3050 4372; x_wconf 90' lang='grc' dir='ltr'>πάτερ·</span> <span class='ocrx_word' id='word_1_774' title='bbox 3083 4300 3304 4351; x_wconf 79' lang='grc' dir='ltr'>ἔκτεινον</span> <span class='ocrx_word' id='word_1_775' title='bbox 3333 4297 3486 4357; x_wconf 86' lang='grc' dir='ltr'>ὁσίας</span> <span class='ocrx_word' id='word_1_776' title='bbox 3513 4301 3724 4368; x_wconf 86' lang='grc' dir='ltr'>χεῖρας,</span> <span class='ocrx_word' id='word_1_777' title='bbox 3749 4292 3868 4346; x_wconf 87' lang='grc' dir='ltr'>ὃθεν</span> 
     </span>
    </p>
   </div>
   <div class='ocr_carea' id='block_1_106' title="bbox 2263 4383 3870 4462">
    <p class='ocr_par' dir='ltr' id='par_1_106' title="bbox 2263 4383 3870 4462">
     <span class='ocr_line' id='line_1_106' title="bbox 2263 4383 3870 4462; baseline -0.004 -21"><span class='ocrx_word' id='word_1_778' title='bbox 2263 4389 2390 4460; x_wconf 82' lang='grc' dir='ltr'>ἡμῖν</span> <span class='ocrx_word' id='word_1_779' title='bbox 2418 4393 2513 4447; x_wconf 78' lang='grc' dir='ltr'>τὴν</span> <span class='ocrx_word' id='word_1_780' title='bbox 2539 4389 2702 4460; x_wconf 86' lang='grc' dir='ltr'>χάριν</span> <span class='ocrx_word' id='word_1_781' title='bbox 2731 4392 2936 4461; x_wconf 73' lang='grc' dir='ltr'>ᾐτήσωο</span> <span class='ocrx_word' id='word_1_782' title='bbox 2981 4391 3074 4441; x_wconf 77' lang='grc' dir='ltr'>καὶ</span> <span class='ocrx_word' id='word_1_783' title='bbox 3119 4391 3208 4440; x_wconf 84' lang='grc' dir='ltr'>τὸν</span> <span class='ocrx_word' id='word_1_784' title='bbox 3239 4383 3436 4462; x_wconf 91' lang='grc' dir='ltr'>δρόμον</span> <span class='ocrx_word' id='word_1_785' title='bbox 3480 4384 3740 4438; x_wconf 75' lang='grc' dir='ltr'>ἐκτελέσαι</span> <span class='ocrx_word' id='word_1_786' title='bbox 3776 4390 3870 4435; x_wconf 81' lang='grc' dir='ltr'>νῦν</span> 
     </span>
    </p>
   </div>
   <div class='ocr_carea' id='block_1_107' title="bbox 2263 4469 3870 4552">
    <p class='ocr_par' dir='ltr' id='par_1_107' title="bbox 2263 4469 3870 4552">
     <span class='ocr_line' id='line_1_107' title="bbox 2263 4469 3870 4552; baseline -0.004 -22"><span class='ocrx_word' id='word_1_787' title='bbox 2263 4480 2504 4546; x_wconf 84' lang='grc' dir='ltr'>α’ίτησειι,</span> <span class='ocrx_word' id='word_1_788' title='bbox 2544 4482 2640 4538; x_wconf 73' lang='grc' dir='ltr'>τὴν</span> <span class='ocrx_word' id='word_1_789' title='bbox 2673 4483 2853 4532; x_wconf 85' lang='grc' dir='ltr'>πίστιν</span> <span class='ocrx_word' id='word_1_790' title='bbox 2883 4487 3136 4552; x_wconf 77' lang='grc' dir='ltr'>τηρῆσαι,</span> <span class='ocrx_word' id='word_1_791' title='bbox 3172 4473 3394 4541; x_wconf 83' lang='grc' dir='ltr'>διδάξαι</span> <span class='ocrx_word' id='word_1_792' title='bbox 3432 4478 3659 4548; x_wconf 87' lang='grc' dir='ltr'>άνόμους</span> <span class='ocrx_word' id='word_1_793' title='bbox 3705 4469 3870 4535; x_wconf 82' lang='grc' dir='ltr'>ὀδοὺς</span> 
     </span>
    </p>
   </div>
   <div class='ocr_carea' id='block_1_108' title="bbox 2264 4565 3875 4644">
    <p class='ocr_par' dir='ltr' id='par_1_108' title="bbox 2264 4565 3875 4644">
     <span class='ocr_line' id='line_1_108' title="bbox 2264 4565 3875 4644; baseline -0.004 -22"><span class='ocrx_word' id='word_1_794' title='bbox 2264 4572 2480 4642; x_wconf 82' lang='grc' dir='ltr'>Κυρίου,</span> <span class='ocrx_word' id='word_1_795' title='bbox 2523 4565 2722 4629; x_wconf 77' lang='grc' dir='ltr'>ἀσεϐεῖς</span> <span class='ocrx_word' id='word_1_796' title='bbox 2779 4566 3112 4644; x_wconf 74' lang='grc' dir='ltr'>ἐπιστρέψαι.</span> <span class='ocrx_word' id='word_1_797' title='bbox 3171 4570 3216 4620; x_wconf 81' lang='grc' dir='ltr'><strong>εἰ</strong></span> <span class='ocrx_word' id='word_1_798' title='bbox 3266 4584 3389 4620; x_wconf 92' lang='grc' dir='ltr'>ποτε</span> <span class='ocrx_word' id='word_1_799' title='bbox 3444 4565 3698 4640; x_wconf 76' lang='grc' dir='ltr'>προσθείη</span> <span class='ocrx_word' id='word_1_800' title='bbox 3768 4566 3875 4616; x_wconf 75' lang='grc' dir='ltr'><strong>Κύ-</strong></span> 
     </span>
    </p>
   </div>
   <div class='ocr_carea' id='block_1_109' title="bbox 2261 4653 3871 4732">
    <p class='ocr_par' dir='ltr' id='par_1_109' title="bbox 2261 4653 3871 4732">
     <span class='ocr_line' id='line_1_109' title="bbox 2261 4653 3871 4732; baseline -0.003 -23"><span class='ocrx_word' id='word_1_801' title='bbox 2261 4676 2371 4732; x_wconf 89' lang='grc' dir='ltr'>ριος</span> <span class='ocrx_word' id='word_1_802' title='bbox 2436 4656 2515 4729; x_wconf 63' lang='grc' dir='ltr'><strong>ἄρ’</strong></span> <span class='ocrx_word' id='word_1_803' title='bbox 2561 4658 2722 4730; x_wconf 77' lang='grc' dir='ltr'>ἡμᾶς.</span> <span class='ocrx_word' id='word_1_804' title='bbox 2783 4664 3160 4730; x_wconf 81' lang='grc' dir='ltr'>Συμπονησατε</span> <span class='ocrx_word' id='word_1_805' title='bbox 3210 4663 3284 4727; x_wconf 82' lang='grc' dir='ltr'>τῷ</span> <span class='ocrx_word' id='word_1_806' title='bbox 3326 4658 3490 4730; x_wconf 82' lang='grc' dir='ltr'>πατρὶ</span> <span class='ocrx_word' id='word_1_807' title='bbox 3544 4658 3637 4707; x_wconf 79' lang='grc' dir='ltr'>καὶ</span> <span class='ocrx_word' id='word_1_808' title='bbox 3693 4653 3871 4726; x_wconf 78' lang='grc' dir='ltr'>ὑμεῖς,</span> 
     </span>
    </p>
   </div>
   <div class='ocr_carea' id='block_1_110' title="bbox 2265 4742 3872 4820">
    <p class='ocr_par' dir='ltr' id='par_1_110' title="bbox 2265 4742 3872 4820">
     <span class='ocr_line' id='line_1_110' title="bbox 2265 4742 3872 4820; baseline -0.003 -21"><span class='ocrx_word' id='word_1_809' title='bbox 2265 4742 2480 4820; x_wconf 74' lang='grc' dir='ltr'>ἀδελφοὶ</span> <span class='ocrx_word' id='word_1_810' title='bbox 2542 4749 2634 4800; x_wconf 78' lang='grc' dir='ltr'><strong>καί</strong></span> <span class='ocrx_word' id='word_1_811' title='bbox 2705 4742 2990 4819; x_wconf 75' lang='grc' dir='ltr'>φιλάδελοι·</span> <span class='ocrx_word' id='word_1_812' title='bbox 3053 4746 3353 4820; x_wconf 79' lang='grc' dir='ltr'>παράθεσθί</span> <span class='ocrx_word' id='word_1_813' title='bbox 3423 4762 3487 4817; x_wconf 90' lang='grc' dir='ltr'><strong>με</strong></span> <span class='ocrx_word' id='word_1_814' title='bbox 3558 4751 3630 4815; x_wconf 81' lang='grc' dir='ltr'>τῷ</span> <span class='ocrx_word' id='word_1_815' title='bbox 3707 4750 3872 4813; x_wconf 83' lang='grc' dir='ltr'>κοινῷ</span> 
     </span>
    </p>
   </div>
   <div class='ocr_carea' id='block_1_111' title="bbox 2263 4831 3876 4910">
    <p class='ocr_par' dir='ltr' id='par_1_111' title="bbox 2263 4831 3876 4910">
     <span class='ocr_line' id='line_1_111' title="bbox 2263 4831 3876 4910; baseline -0.003 -21"><span class='ocrx_word' id='word_1_816' title='bbox 2263 4841 2354 4889; x_wconf 79' lang='grc' dir='ltr'>καὶ</span> <span class='ocrx_word' id='word_1_817' title='bbox 2399 4841 2588 4910; x_wconf 82' lang='grc' dir='ltr'>πρώτῳ</span> <span class='ocrx_word' id='word_1_818' title='bbox 2625 4839 2832 4910; x_wconf 71' lang='grc' dir='ltr'>ποιμένι</span> <span class='ocrx_word' id='word_1_819' title='bbox 2877 4838 2970 4889; x_wconf 87' lang='grc' dir='ltr'>τόυ</span> <span class='ocrx_word' id='word_1_820' title='bbox 3016 4835 3390 4908; x_wconf 85' lang='grc' dir='ltr'>ποιμαίνεσθαι</span> <span class='ocrx_word' id='word_1_821' title='bbox 3438 4831 3628 4906; x_wconf 82' lang='grc' dir='ltr'>μᾶλλον</span> <span class='ocrx_word' id='word_1_822' title='bbox 3659 4833 3690 4891; x_wconf 74' lang='grc' dir='ltr'><strong>ἦ</strong></span> <span class='ocrx_word' id='word_1_823' title='bbox 3751 4850 3876 4884; x_wconf 81' lang='grc' dir='ltr'>ποι-</span> 
     </span>
    </p>
   </div>
   <div class='ocr_carea' id='block_1_112' title="bbox 2261 4921 3874 5000">
    <p class='ocr_par' dir='ltr' id='par_1_112' title="bbox 2261 4921 3874 5000">
     <span class='ocr_line' id='line_1_112' title="bbox 2261 4921 3874 5000; baseline -0.004 -20"><span class='ocrx_word' id='word_1_824' title='bbox 2261 4931 2440 5000; x_wconf 90' lang='grc' dir='ltr'>μαίνεν</span> <span class='ocrx_word' id='word_1_825' title='bbox 2502 4923 2760 5000; x_wconf 79' lang='grc' dir='ltr'>δεόμενον.</span> <span class='ocrx_word' id='word_1_826' title='bbox 2836 4924 2987 4988; x_wconf 79' lang='grc' dir='ltr'>ἰσως</span> <span class='ocrx_word' id='word_1_827' title='bbox 3061 4925 3428 4998; x_wconf 72' lang='grc' dir='ltr'>μνησθήσεται</span> <span class='ocrx_word' id='word_1_828' title='bbox 3489 4931 3592 4975; x_wconf 83' lang='grc' dir='ltr'><strong>τῶν</strong></span> <span class='ocrx_word' id='word_1_829' title='bbox 3659 4921 3874 4994; x_wconf 79' lang='grc' dir='ltr'>θαυμα-</span> 
     </span>
    </p>
   </div>
   <div class='ocr_carea' id='block_1_113' title="bbox 2265 5014 3877 5088">
    <p class='ocr_par' dir='ltr' id='par_1_113' title="bbox 2265 5014 3877 5088">
     <span class='ocr_line' id='line_1_113' title="bbox 2265 5014 3877 5088; baseline -0.005 -19"><span class='ocrx_word' id='word_1_830' title='bbox 2265 5020 2392 5069; x_wconf 89' lang='grc' dir='ltr'>σίων</span> <span class='ocrx_word' id='word_1_831' title='bbox 2418 5015 2580 5068; x_wconf 81' lang='grc' dir='ltr'>αὐτοῦ</span> <span class='ocrx_word' id='word_1_832' title='bbox 2623 5017 2648 5067; x_wconf 86' lang='grc' dir='ltr'><strong>ὁ</strong></span> <span class='ocrx_word' id='word_1_833' title='bbox 2688 5014 2969 5088; x_wconf 72' lang='grc' dir='ltr'>φυλάσσων</span> <span class='ocrx_word' id='word_1_834' title='bbox 3015 5017 3083 5068; x_wconf 83' lang='grc' dir='ltr'>τὰ</span> <span class='ocrx_word' id='word_1_835' title='bbox 3128 5018 3309 5073; x_wconf 77' lang='grc' dir='ltr'>νηπιαο</span> <span class='ocrx_word' id='word_1_836' title='bbox 3358 5015 3488 5074; x_wconf 72' lang='grc' dir='ltr'>ἴσως</span> <span class='ocrx_word' id='word_1_837' title='bbox 3536 5015 3715 5084; x_wconf 87' lang='grc' dir='ltr'>μνείαν</span> <span class='ocrx_word' id='word_1_838' title='bbox 3766 5018 3877 5062; x_wconf 79' lang='grc' dir='ltr'><strong>τῶν</strong></span> 
     </span>
    </p>
   </div>
   <div class='ocr_carea' id='block_1_114' title="bbox 2262 5095 3878 5180">
    <p class='ocr_par' dir='ltr' id='par_1_114' title="bbox 2262 5095 3878 5180">
     <span class='ocr_line' id='line_1_114' title="bbox 2262 5095 3878 5180; baseline -0.004 -22"><span class='ocrx_word' id='word_1_839' title='bbox 2262 5107 2424 5180; x_wconf 69' lang='grc' dir='ltr'>ἔργων</span> <span class='ocrx_word' id='word_1_840' title='bbox 2477 5105 2636 5159; x_wconf 75' lang='grc' dir='ltr'>αὐτοῦ</span> <span class='ocrx_word' id='word_1_841' title='bbox 2666 5109 2946 5164; x_wconf 80' lang='grc' dir='ltr'>ποιήσεται</span> <span class='ocrx_word' id='word_1_842' title='bbox 2975 5105 3002 5157; x_wconf 83' lang='grc' dir='ltr'><strong><em>ὁ</em></strong></span> <span class='ocrx_word' id='word_1_843' title='bbox 3047 5111 3145 5177; x_wconf 77' lang='grc' dir='ltr'>γῆν</span> <span class='ocrx_word' id='word_1_844' title='bbox 3193 5098 3422 5177; x_wconf 77' lang='grc' dir='ltr'>ἄνυδρον</span> <span class='ocrx_word' id='word_1_845' title='bbox 3460 5104 3532 5164; x_wconf 85' lang='grc' dir='ltr'><strong>είς</strong></span> <span class='ocrx_word' id='word_1_846' title='bbox 3591 5095 3878 5162; x_wconf 84' lang='grc' dir='ltr'>διεξόδους</span> 
     </span>
    </p>
   </div>
   <div class='ocr_carea' id='block_1_115' title="bbox 2262 5191 3879 5268">
    <p class='ocr_par' dir='ltr' id='par_1_115' title="bbox 2262 5191 3879 5268">
     <span class='ocr_line' id='line_1_115' title="bbox 2262 5191 3879 5268; baseline -0.004 -21"><span class='ocrx_word' id='word_1_847' title='bbox 2262 5191 2472 5250; x_wconf 77' lang='grc' dir='ltr'>ὐδάτων</span> <span class='ocrx_word' id='word_1_848' title='bbox 2525 5212 2840 5268; x_wconf 69' lang='grc' dir='ltr'><strong>μειίιιποιων⁹</strong></span> <span class='ocrx_word' id='word_1_849' title='bbox 2893 5195 2954 5248; x_wconf 75' lang='lat' dir='ltr'><strong>Ei</strong></span> <span class='ocrx_word' id='word_1_850' title='bbox 3002 5196 3104 5268; x_wconf 78' lang='grc' dir='ltr'>γὰρ</span> <span class='ocrx_word' id='word_1_851' title='bbox 3162 5197 3253 5246; x_wconf 80' lang='grc' dir='ltr'>καὶ</span> <span class='ocrx_word' id='word_1_852' title='bbox 3315 5191 3545 5266; x_wconf 81' lang='grc' dir='ltr'>ξηραίνει</span> <span class='ocrx_word' id='word_1_853' title='bbox 3596 5195 3879 5261; x_wconf 83' lang='grc' dir='ltr'>ποταμοῡς</span> 
     </span>
    </p>
   </div>
   <div class='ocr_carea' id='block_1_116' title="bbox 2263 5280 3876 5359">
    <p class='ocr_par' dir='ltr' id='par_1_116' title="bbox 2263 5280 3876 5359">
     <span class='ocr_line' id='line_1_116' title="bbox 2263 5280 3876 5359; baseline -0.006 -19"><span class='ocrx_word' id='word_1_854' title='bbox 2263 5284 2447 5354; x_wconf 81' lang='grc' dir='ltr'>Ἢθὰν,</span> <span class='ocrx_word' id='word_1_855' title='bbox 2502 5289 2594 5339; x_wconf 80' lang='grc' dir='ltr'>καὶ</span> <span class='ocrx_word' id='word_1_856' title='bbox 2657 5291 2758 5356; x_wconf 79' lang='grc' dir='ltr'>γῆν</span> <span class='ocrx_word' id='word_1_857' title='bbox 2835 5289 3168 5359; x_wconf 75' lang='grc' dir='ltr'>καρποφόρον</span> <span class='ocrx_word' id='word_1_858' title='bbox 3233 5282 3306 5344; x_wconf 85' lang='grc' dir='ltr'>εἰς</span> <span class='ocrx_word' id='word_1_859' title='bbox 3388 5280 3559 5354; x_wconf 77' lang='grc' dir='ltr'>ἅλμην</span> <span class='ocrx_word' id='word_1_860' title='bbox 3625 5280 3876 5350; x_wconf 78' lang='grc' dir='ltr'>τὶθησιν,</span> 
     </span>
    </p>
   </div>
   <div class='ocr_carea' id='block_1_117' title="bbox 2265 5367 3883 5448">
    <p class='ocr_par' dir='ltr' id='par_1_117' title="bbox 2265 5367 3883 5448">
     <span class='ocr_line' id='line_1_117' title="bbox 2265 5367 3883 5448; baseline -0.004 -20"><span class='ocrx_word' id='word_1_861' title='bbox 2265 5374 2395 5428; x_wconf 77' lang='grc' dir='ltr'>ἀλλὰ</span> <span class='ocrx_word' id='word_1_862' title='bbox 2439 5379 2530 5428; x_wconf 87' lang='grc' dir='ltr'>καὶ</span> <span class='ocrx_word' id='word_1_863' title='bbox 2573 5373 2690 5448; x_wconf 86' lang='grc' dir='ltr'>μέλι</span> <span class='ocrx_word' id='word_1_864' title='bbox 2737 5375 2984 5446; x_wconf 76' lang='grc' dir='ltr'>θηγάζειν</span> <span class='ocrx_word' id='word_1_865' title='bbox 3031 5373 3087 5428; x_wconf 75' lang='grc' dir='ltr'>ἐκ</span> <span class='ocrx_word' id='word_1_866' title='bbox 3132 5376 3327 5446; x_wconf 77' lang='grc' dir='ltr'>πέτρας</span> <span class='ocrx_word' id='word_1_867' title='bbox 3383 5367 3604 5438; x_wconf 86' lang='grc' dir='ltr'>δίδωσι,</span> <span class='ocrx_word' id='word_1_868' title='bbox 3655 5373 3748 5422; x_wconf 85' lang='grc' dir='ltr'>καὶ</span> <span class='ocrx_word' id='word_1_869' title='bbox 3823 5368 3883 5422; x_wconf 75' lang='lat' dir='ltr'><strong>ix</strong></span> 
     </span>
    </p>
   </div>
   <div class='ocr_carea' id='block_1_118' title="bbox 2266 5455 3884 5542">
    <p class='ocr_par' dir='ltr' id='par_1_118' title="bbox 2266 5455 3884 5542">
     <span class='ocr_line' id='line_1_118' title="bbox 2266 5455 3884 5542; baseline -0.002 -24"><span class='ocrx_word' id='word_1_870' title='bbox 2266 5470 2470 5542; x_wconf 79' lang='grc' dir='ltr'>στερεᾶς</span> <span class='ocrx_word' id='word_1_871' title='bbox 2526 5467 2716 5539; x_wconf 67' lang='grc' dir='ltr'>πέτρας</span> <span class='ocrx_word' id='word_1_872' title='bbox 2764 5463 2955 5519; x_wconf 68' lang='grc' dir='ltr'><strong>ε’λιιιον⁸</strong></span> <span class='ocrx_word' id='word_1_873' title='bbox 3000 5468 3082 5528; x_wconf 86' lang='grc' dir='ltr'><strong>τίς</strong></span> <span class='ocrx_word' id='word_1_874' title='bbox 3113 5459 3253 5518; x_wconf 80' lang='grc' dir='ltr'>οἶδεν</span> <span class='ocrx_word' id='word_1_875' title='bbox 3299 5461 3345 5514; x_wconf 78' lang='grc' dir='ltr'>εἰ</span> <span class='ocrx_word' id='word_1_876' title='bbox 3393 5460 3509 5516; x_wconf 78' lang='grc' dir='ltr'>ἀντὶ</span> <span class='ocrx_word' id='word_1_877' title='bbox 3553 5455 3744 5520; x_wconf 80' lang='grc' dir='ltr'>κνίδης</span> <span class='ocrx_word' id='word_1_878' title='bbox 3781 5465 3884 5514; x_wconf 77' lang='grc' dir='ltr'>καὶ</span> 
     </span>
    </p>
   </div>
  </div>
