  <div class='ocr_page' id='page_1' title='image "/cluster/home/n/w/nwhite01/storage/ocr_20150623/140/coo.31924054870450/217.png"; bbox 0 0 4134 6386; ppageno 0'>
   <div class='ocr_carea' id='block_1_1' title="bbox 559 368 2191 440">
    <p class='ocr_par' dir='ltr' id='par_1_1' title="bbox 559 375 2191 440">
     <span class='ocr_line' id='line_1_1' title="bbox 559 375 2191 440; baseline -0.006 -1"><span class='ocrx_word' id='word_1_1' title='bbox 559 384 666 440; x_wconf 72' lang='grc'><strong>415</strong></span> <span class='ocrx_word' id='word_1_2' title='bbox 1841 375 2191 433; x_wconf 83' lang='lat' dir='ltr'>THEODOR]</span> 
     </span>
    </p>
   </div>
   <div class='ocr_carea' id='block_1_2' title="bbox 2315 368 3947 440">
    <p class='ocr_par' dir='ltr' id='par_1_2' title="bbox 2315 368 3947 430">
     <span class='ocr_line' id='line_1_2' title="bbox 2315 368 3947 430; baseline -0.006 0"><span class='ocrx_word' id='word_1_3' title='bbox 2315 372 2648 430; x_wconf 83' lang='lat' dir='ltr'>[DIDENSIS</span> <span class='ocrx_word' id='word_1_4' title='bbox 3824 368 3947 422; x_wconf 76' lang='grc'><strong>416</strong></span> 
     </span>
    </p>
   </div>
   <div class='ocr_carea' id='block_1_3' title="bbox 561 489 3948 572">
    <p class='ocr_par' dir='ltr' id='par_1_3' title="bbox 561 489 3948 572">
     <span class='ocr_line' id='line_1_3' title="bbox 561 489 3948 572; baseline -0.006 -9"><span class='ocrx_word' id='word_1_5' title='bbox 561 507 653 563; x_wconf 88' lang='lat' dir='ltr'>fra</span> <span class='ocrx_word' id='word_1_6' title='bbox 679 519 793 560; x_wconf 92' lang='lat' dir='ltr'>nos</span> <span class='ocrx_word' id='word_1_7' title='bbox 814 503 1263 560; x_wconf 90' lang='lat' dir='ltr'>adnotabimus.</span> <span class='ocrx_word' id='word_1_8' title='bbox 1295 501 1520 558; x_wconf 78' lang='lat' dir='ltr'>Titulus</span> <span class='ocrx_word' id='word_1_9' title='bbox 1550 505 1751 556; x_wconf 90' lang='lat' dir='ltr'>autem</span> <span class='ocrx_word' id='word_1_10' title='bbox 1773 499 1970 572; x_wconf 90' lang='lat' dir='ltr'>operis</span> <span class='ocrx_word' id='word_1_11' title='bbox 1996 499 2091 555; x_wconf 85' lang='lat' dir='ltr'>ille</span> <span class='ocrx_word' id='word_1_12' title='bbox 2115 505 2221 563; x_wconf 90' lang='lat' dir='ltr'>est,</span> <span class='ocrx_word' id='word_1_13' title='bbox 2256 513 2437 570; x_wconf 84' lang='lat' dir='ltr'>quem</span> <span class='ocrx_word' id='word_1_14' title='bbox 2477 512 2588 552; x_wconf 92' lang='lat' dir='ltr'>nos</span> <span class='ocrx_word' id='word_1_15' title='bbox 2618 494 2774 567; x_wconf 82' lang='lat' dir='ltr'>typis</span> <span class='ocrx_word' id='word_1_16' title='bbox 2805 492 3190 565; x_wconf 90' lang='lat' dir='ltr'>impriminus</span> <span class='ocrx_word' id='word_1_17' title='bbox 3223 510 3234 548; x_wconf 92' lang='lat'>:</span> <span class='ocrx_word' id='word_1_18' title='bbox 3273 491 3387 547; x_wconf 83' lang='lat' dir='ltr'>nisi</span> <span class='ocrx_word' id='word_1_19' title='bbox 3427 489 3593 565; x_wconf 91' lang='lat' dir='ltr'>quod</span> <span class='ocrx_word' id='word_1_20' title='bbox 3637 489 3948 545; x_wconf 85' lang='lat' dir='ltr'>mendose</span> 
     </span>
    </p>
   </div>
   <div class='ocr_carea' id='block_1_4' title="bbox 560 577 3947 659">
    <p class='ocr_par' dir='ltr' id='par_1_4' title="bbox 560 577 3947 659">
     <span class='ocr_line' id='line_1_4' title="bbox 560 577 3947 659; baseline -0.005 -10"><span class='ocrx_word' id='word_1_21' title='bbox 560 594 621 649; x_wconf 92' lang='lat' dir='ltr'>in</span> <span class='ocrx_word' id='word_1_22' title='bbox 671 591 938 648; x_wconf 92' lang='lat' dir='ltr'>secundo</span> <span class='ocrx_word' id='word_1_23' title='bbox 995 590 1202 646; x_wconf 90' lang='lat' dir='ltr'>codice</span> <span class='ocrx_word' id='word_1_24' title='bbox 1240 591 1527 646; x_wconf 82' lang='lat' dir='ltr'>Nicolaus</span> <span class='ocrx_word' id='word_1_25' title='bbox 1569 589 1846 644; x_wconf 82' lang='lat' dir='ltr'>scribitur</span> <span class='ocrx_word' id='word_1_26' title='bbox 1885 603 1994 659; x_wconf 91' lang='lat' dir='ltr'>pro</span> <span class='ocrx_word' id='word_1_27' title='bbox 2043 587 2372 654; x_wconf 82' lang='lat' dir='ltr'>Theodoro,</span> <span class='ocrx_word' id='word_1_28' title='bbox 2402 584 2629 641; x_wconf 87' lang='lat' dir='ltr'>librarii</span> <span class='ocrx_word' id='word_1_29' title='bbox 2673 582 2960 638; x_wconf 86' lang='lat' dir='ltr'>nimirum</span> <span class='ocrx_word' id='word_1_30' title='bbox 2991 579 3233 652; x_wconf 64' lang='grc' dir='ltr'>ἀϐλεψίᾳ,</span> <span class='ocrx_word' id='word_1_31' title='bbox 3262 580 3366 653; x_wconf 85' lang='lat' dir='ltr'>qui</span> <span class='ocrx_word' id='word_1_32' title='bbox 3397 585 3536 634; x_wconf 89' lang='lat' dir='ltr'>tunc</span> <span class='ocrx_word' id='word_1_33' title='bbox 3573 577 3826 633; x_wconf 79' lang='lat' dir='ltr'>fortasse</span> <span class='ocrx_word' id='word_1_34' title='bbox 3865 578 3947 632; x_wconf 78' lang='lat' dir='ltr'>de</span> 
     </span>
    </p>
   </div>
   <div class='ocr_carea' id='block_1_5' title="bbox 561 665 3950 750">
    <p class='ocr_par' dir='ltr' id='par_1_5' title="bbox 561 665 3950 750">
     <span class='ocr_line' id='line_1_5' title="bbox 561 665 3950 750; baseline -0.005 -13"><span class='ocrx_word' id='word_1_35' title='bbox 561 679 804 737; x_wconf 88' lang='lat' dir='ltr'>Nicolao</span> <span class='ocrx_word' id='word_1_36' title='bbox 835 679 1112 736; x_wconf 86' lang='lat' dir='ltr'>Cabasila</span> <span class='ocrx_word' id='word_1_37' title='bbox 1140 679 1461 750; x_wconf 79' lang='lat' dir='ltr'>cogitabat,</span> <span class='ocrx_word' id='word_1_38' title='bbox 1494 678 1667 749; x_wconf 90' lang='lat' dir='ltr'>cujus</span> <span class='ocrx_word' id='word_1_39' title='bbox 1695 677 2004 746; x_wconf 89' lang='lat' dir='ltr'>liturgicus</span> <span class='ocrx_word' id='word_1_40' title='bbox 2037 673 2504 732; x_wconf 87' lang='lat' dir='ltr'>commentarius</span> <span class='ocrx_word' id='word_1_41' title='bbox 2530 671 2769 743; x_wconf 87' lang='lat' dir='ltr'>jamdiu</span> <span class='ocrx_word' id='word_1_42' title='bbox 2799 669 2995 726; x_wconf 89' lang='lat' dir='ltr'>editus</span> <span class='ocrx_word' id='word_1_43' title='bbox 3026 668 3416 742; x_wconf 86' lang='lat' dir='ltr'>subsequitur</span> <span class='ocrx_word' id='word_1_44' title='bbox 3457 667 3519 723; x_wconf 88' lang='lat' dir='ltr'>in</span> <span class='ocrx_word' id='word_1_45' title='bbox 3557 665 3766 722; x_wconf 87' lang='lat' dir='ltr'>codice</span> <span class='ocrx_word' id='word_1_46' title='bbox 3798 672 3950 738; x_wconf 88' lang='lat' dir='ltr'>post</span> 
     </span>
    </p>
   </div>
   <div class='ocr_carea' id='block_1_6' title="bbox 562 769 1073 826">
    <p class='ocr_par' dir='ltr' id='par_1_6' title="bbox 562 769 1073 826">
     <span class='ocr_line' id='line_1_6' title="bbox 562 769 1073 826; baseline -0.004 0"><span class='ocrx_word' id='word_1_47' title='bbox 562 769 732 826; x_wconf 89' lang='lat' dir='ltr'>illum</span> <span class='ocrx_word' id='word_1_48' title='bbox 758 769 1073 825; x_wconf 89' lang='lat' dir='ltr'>Theodori.</span> 
     </span>
    </p>
   </div>
   <div class='ocr_carea' id='block_1_7' title="bbox 1063 937 3408 1016">
    <p class='ocr_par' dir='ltr' id='par_1_7' title="bbox 1063 937 3408 1016">
     <span class='ocr_line' id='line_1_7' title="bbox 1063 937 3408 1016; baseline -0.004 -15"><span class='ocrx_word' id='word_1_49' title='bbox 1063 946 1376 1016; x_wconf 83' lang='lat' dir='ltr'>Parergon</span> <span class='ocrx_word' id='word_1_50' title='bbox 1414 945 1488 1001; x_wconf 84' lang='lat' dir='ltr'>de</span> <span class='ocrx_word' id='word_1_51' title='bbox 1525 945 1652 1000; x_wconf 84' lang='lat' dir='ltr'>alia</span> <span class='ocrx_word' id='word_1_52' title='bbox 1690 959 1878 1000; x_wconf 67' lang='lat' dir='ltr'>sacrae</span> <span class='ocrx_word' id='word_1_53' title='bbox 1916 945 2107 998; x_wconf 71' lang='lat' dir='ltr'>missa:</span> <span class='ocrx_word' id='word_1_54' title='bbox 2145 941 2524 1011; x_wconf 73' lang='lat' dir='ltr'>expositione,</span> <span class='ocrx_word' id='word_1_55' title='bbox 2569 944 2624 996; x_wconf 83' lang='lat' dir='ltr'>et</span> <span class='ocrx_word' id='word_1_56' title='bbox 2663 939 2737 995; x_wconf 86' lang='lat' dir='ltr'>de</span> <span class='ocrx_word' id='word_1_57' title='bbox 2773 951 2992 994; x_wconf 84' lang='lat' dir='ltr'>canone</span> <span class='ocrx_word' id='word_1_58' title='bbox 3031 940 3098 993; x_wconf 77' lang='grc'>44</span> <span class='ocrx_word' id='word_1_59' title='bbox 3136 937 3408 994; x_wconf 64' lang='lat' dir='ltr'>Memno.</span> 
     </span>
    </p>
   </div>
   <div class='ocr_carea' id='block_1_8' title="bbox 637 1093 3944 1182">
    <p class='ocr_par' dir='ltr' id='par_1_8' title="bbox 637 1093 3944 1182">
     <span class='ocr_line' id='line_1_8' title="bbox 637 1093 3944 1182; baseline -0.005 -18"><span class='ocrx_word' id='word_1_60' title='bbox 637 1109 977 1182; x_wconf 87' lang='lat' dir='ltr'>Stephanus</span> <span class='ocrx_word' id='word_1_61' title='bbox 1007 1107 1342 1175; x_wconf 82' lang='lat' dir='ltr'>Aldoensis,</span> <span class='ocrx_word' id='word_1_62' title='bbox 1377 1123 1538 1163; x_wconf 86' lang='lat' dir='ltr'>anno</span> <span class='ocrx_word' id='word_1_63' title='bbox 1576 1111 1710 1163; x_wconf 75' lang='lat'>1670</span> <span class='ocrx_word' id='word_1_64' title='bbox 1742 1106 1935 1162; x_wconf 91' lang='lat' dir='ltr'>factus</span> <span class='ocrx_word' id='word_1_65' title='bbox 1967 1102 2309 1178; x_wconf 85' lang='lat' dir='ltr'>patriarcha</span> <span class='ocrx_word' id='word_1_66' title='bbox 2335 1101 2740 1157; x_wconf 80' lang='lat' dir='ltr'>Antiochenus</span> <span class='ocrx_word' id='word_1_67' title='bbox 2762 1098 3204 1168; x_wconf 83' lang='lat' dir='ltr'>Maronitarum,</span> <span class='ocrx_word' id='word_1_68' title='bbox 3230 1100 3286 1152; x_wconf 91' lang='lat' dir='ltr'>et</span> <span class='ocrx_word' id='word_1_69' title='bbox 3310 1111 3470 1152; x_wconf 89' lang='lat' dir='ltr'>anno</span> <span class='ocrx_word' id='word_1_70' title='bbox 3501 1099 3635 1151; x_wconf 83' lang='grc' dir='ltr'>17Οὸ</span> <span class='ocrx_word' id='word_1_71' title='bbox 3664 1094 3793 1150; x_wconf 90' lang='lat' dir='ltr'>vita</span> <span class='ocrx_word' id='word_1_72' title='bbox 3833 1093 3944 1150; x_wconf 86' lang='lat' dir='ltr'>de-</span> 
     </span>
    </p>
   </div>
   <div class='ocr_carea' id='block_1_9' title="bbox 568 1183 3947 1268">
    <p class='ocr_par' dir='ltr' id='par_1_9' title="bbox 568 1183 3947 1268">
     <span class='ocr_line' id='line_1_9' title="bbox 568 1183 3947 1268; baseline -0.005 -14"><span class='ocrx_word' id='word_1_73' title='bbox 568 1197 828 1268; x_wconf 85' lang='lat' dir='ltr'>functus,</span> <span class='ocrx_word' id='word_1_74' title='bbox 858 1203 922 1252; x_wconf 93' lang='lat' dir='ltr'>ut</span> <span class='ocrx_word' id='word_1_75' title='bbox 953 1195 1128 1252; x_wconf 83' lang='lat' dir='ltr'>tradit</span> <span class='ocrx_word' id='word_1_76' title='bbox 1158 1202 1525 1251; x_wconf 80' lang='lat' dir='ltr'>Assemanus</span> <span class='ocrx_word' id='word_1_77' title='bbox 1553 1195 1612 1250; x_wconf 92' lang='lat' dir='ltr'>in</span> <span class='ocrx_word' id='word_1_78' title='bbox 1645 1195 1928 1263; x_wconf 88' lang='lat' dir='ltr'>Catalogo</span> <span class='ocrx_word' id='word_1_79' title='bbox 1951 1193 2226 1249; x_wconf 88' lang='lat' dir='ltr'>codicum</span> <span class='ocrx_word' id='word_1_80' title='bbox 2260 1192 2362 1246; x_wconf 81' lang='lat' dir='ltr'>0r.</span> <span class='ocrx_word' id='word_1_81' title='bbox 2407 1192 2536 1246; x_wconf 80' lang='lat' dir='ltr'>Vat.</span> <span class='ocrx_word' id='word_1_82' title='bbox 2567 1193 2606 1245; x_wconf 91' lang='lat' dir='ltr'>t.</span> <span class='ocrx_word' id='word_1_83' title='bbox 2638 1191 2726 1258; x_wconf 87' lang='lat' dir='ltr'>III,</span> <span class='ocrx_word' id='word_1_84' title='bbox 2759 1204 2822 1260; x_wconf 91' lang='lat' dir='ltr'>p.</span> <span class='ocrx_word' id='word_1_85' title='bbox 2855 1191 2978 1250; x_wconf 79' lang='lat'>503,</span> <span class='ocrx_word' id='word_1_86' title='bbox 3012 1184 3329 1258; x_wconf 89' lang='lat' dir='ltr'>complura</span> <span class='ocrx_word' id='word_1_87' title='bbox 3385 1183 3606 1254; x_wconf 85' lang='lat' dir='ltr'>ingenii</span> <span class='ocrx_word' id='word_1_88' title='bbox 3637 1187 3824 1256; x_wconf 89' lang='lat' dir='ltr'>atque</span> <span class='ocrx_word' id='word_1_89' title='bbox 3854 1184 3947 1238; x_wconf 85' lang='lat' dir='ltr'>in-</span> 
     </span>
    </p>
   </div>
   <div class='ocr_carea' id='block_1_10' title="bbox 567 1271 3946 1356">
    <p class='ocr_par' dir='ltr' id='par_1_10' title="bbox 567 1271 3946 1356">
     <span class='ocr_line' id='line_1_10' title="bbox 567 1271 3946 1356; baseline -0.005 -14"><span class='ocrx_word' id='word_1_90' title='bbox 567 1286 813 1342; x_wconf 69' lang='lat' dir='ltr'>dustriae</span> <span class='ocrx_word' id='word_1_91' title='bbox 843 1300 967 1340; x_wconf 81' lang='lat' dir='ltr'>suae</span> <span class='ocrx_word' id='word_1_92' title='bbox 989 1289 1385 1340; x_wconf 90' lang='lat' dir='ltr'>monumenta</span> <span class='ocrx_word' id='word_1_93' title='bbox 1413 1284 1668 1356; x_wconf 86' lang='lat' dir='ltr'>reliquit,</span> <span class='ocrx_word' id='word_1_94' title='bbox 1703 1299 1922 1356; x_wconf 89' lang='lat' dir='ltr'>nempe</span> <span class='ocrx_word' id='word_1_95' title='bbox 1946 1281 2208 1337; x_wconf 78' lang='lat' dir='ltr'>Annales</span> <span class='ocrx_word' id='word_1_96' title='bbox 2238 1278 2557 1336; x_wconf 88' lang='lat' dir='ltr'>orientales</span> <span class='ocrx_word' id='word_1_97' title='bbox 2589 1277 2701 1343; x_wconf 90' lang='lat' dir='ltr'>;de</span> <span class='ocrx_word' id='word_1_98' title='bbox 2731 1275 2960 1346; x_wconf 86' lang='lat' dir='ltr'>origine</span> <span class='ocrx_word' id='word_1_99' title='bbox 2995 1274 3416 1332; x_wconf 78' lang='lat' dir='ltr'>Maronitarum</span> <span class='ocrx_word' id='word_1_100' title='bbox 3453 1288 3467 1338; x_wconf 89' lang='lat'>;</span> <span class='ocrx_word' id='word_1_101' title='bbox 3499 1273 3718 1328; x_wconf 88' lang='lat' dir='ltr'>horum</span> <span class='ocrx_word' id='word_1_102' title='bbox 3743 1271 3946 1327; x_wconf 84' lang='lat' dir='ltr'>vindi-</span> 
     </span>
    </p>
   </div>
   <div class='ocr_carea' id='block_1_11' title="bbox 567 1360 3950 1441">
    <p class='ocr_par' dir='ltr' id='par_1_11' title="bbox 567 1360 3950 1441">
     <span class='ocr_line' id='line_1_11' title="bbox 567 1360 3950 1441; baseline -0.004 -12"><span class='ocrx_word' id='word_1_103' title='bbox 567 1373 691 1430; x_wconf 89' lang='lat' dir='ltr'>cias</span> <span class='ocrx_word' id='word_1_104' title='bbox 720 1391 733 1441; x_wconf 92' lang='lat'>;</span> <span class='ocrx_word' id='word_1_105' title='bbox 761 1372 902 1428; x_wconf 88' lang='lat' dir='ltr'>item</span> <span class='ocrx_word' id='word_1_106' title='bbox 927 1372 1002 1429; x_wconf 92' lang='lat' dir='ltr'>de</span> <span class='ocrx_word' id='word_1_107' title='bbox 1032 1378 1222 1428; x_wconf 91' lang='lat' dir='ltr'>metro</span> <span class='ocrx_word' id='word_1_108' title='bbox 1245 1373 1582 1428; x_wconf 89' lang='lat' dir='ltr'>carminum</span> <span class='ocrx_word' id='word_1_109' title='bbox 1618 1391 1630 1440; x_wconf 90' lang='lat'>;</span> <span class='ocrx_word' id='word_1_110' title='bbox 1665 1387 1774 1427; x_wconf 92' lang='lat' dir='ltr'>nec</span> <span class='ocrx_word' id='word_1_111' title='bbox 1804 1387 1927 1426; x_wconf 92' lang='lat' dir='ltr'>non</span> <span class='ocrx_word' id='word_1_112' title='bbox 1955 1369 2292 1427; x_wconf 83' lang='lat' dir='ltr'>Orationale</span> <span class='ocrx_word' id='word_1_113' title='bbox 2318 1369 2492 1439; x_wconf 85' lang='lat' dir='ltr'>juxta</span> <span class='ocrx_word' id='word_1_114' title='bbox 2517 1367 2698 1422; x_wconf 88' lang='lat' dir='ltr'>ritum</span> <span class='ocrx_word' id='word_1_115' title='bbox 2730 1363 3181 1432; x_wconf 79' lang='lat' dir='ltr'>Maronitarum,</span> <span class='ocrx_word' id='word_1_116' title='bbox 3209 1366 3273 1419; x_wconf 92' lang='lat' dir='ltr'>ut</span> <span class='ocrx_word' id='word_1_117' title='bbox 3297 1360 3495 1417; x_wconf 89' lang='lat' dir='ltr'>videre</span> <span class='ocrx_word' id='word_1_118' title='bbox 3529 1365 3618 1416; x_wconf 90' lang='lat' dir='ltr'>est</span> <span class='ocrx_word' id='word_1_119' title='bbox 3645 1360 3708 1416; x_wconf 92' lang='lat' dir='ltr'>in</span> <span class='ocrx_word' id='word_1_120' title='bbox 3729 1366 3950 1416; x_wconf 88' lang='lat' dir='ltr'>nostro</span> 
     </span>
    </p>
   </div>
   <div class='ocr_carea' id='block_1_12' title="bbox 567 1448 3953 1534">
    <p class='ocr_par' dir='ltr' id='par_1_12' title="bbox 567 1448 3953 1534">
     <span class='ocr_line' id='line_1_12' title="bbox 567 1448 3953 1534; baseline -0.004 -16"><span class='ocrx_word' id='word_1_121' title='bbox 567 1461 838 1534; x_wconf 77' lang='lat' dir='ltr'>przedicti</span> <span class='ocrx_word' id='word_1_122' title='bbox 864 1461 1124 1532; x_wconf 84' lang='lat' dir='ltr'>Catalogi</span> <span class='ocrx_word' id='word_1_123' title='bbox 1147 1460 1564 1533; x_wconf 91' lang='lat' dir='ltr'>supplemento</span> <span class='ocrx_word' id='word_1_124' title='bbox 1595 1461 1801 1532; x_wconf 90' lang='lat' dir='ltr'>Script.</span> <span class='ocrx_word' id='word_1_125' title='bbox 1835 1466 1948 1515; x_wconf 90' lang='lat' dir='ltr'>vet.</span> <span class='ocrx_word' id='word_1_126' title='bbox 1984 1465 2022 1515; x_wconf 89' lang='lat' dir='ltr'>t.</span> <span class='ocrx_word' id='word_1_127' title='bbox 2054 1462 2115 1513; x_wconf 87' lang='lat' dir='ltr'>V.</span> <span class='ocrx_word' id='word_1_128' title='bbox 2151 1457 2331 1514; x_wconf 88' lang='lat' dir='ltr'>codd.</span> <span class='ocrx_word' id='word_1_129' title='bbox 2365 1459 2494 1528; x_wconf 83' lang='lat' dir='ltr'>Syr.</span> <span class='ocrx_word' id='word_1_130' title='bbox 2528 1459 2652 1521; x_wconf 83' lang='lat'>392,</span> <span class='ocrx_word' id='word_1_131' title='bbox 2685 1457 2809 1521; x_wconf 87' lang='lat'>393,</span> <span class='ocrx_word' id='word_1_132' title='bbox 2837 1455 2964 1520; x_wconf 86' lang='grc'>394,</span> <span class='ocrx_word' id='word_1_133' title='bbox 2997 1457 3119 1516; x_wconf 80' lang='lat'>395,</span> <span class='ocrx_word' id='word_1_134' title='bbox 3155 1455 3275 1521; x_wconf 86' lang='lat'>396,</span> <span class='ocrx_word' id='word_1_135' title='bbox 3304 1454 3428 1517; x_wconf 86' lang='lat'>397,</span> <span class='ocrx_word' id='word_1_136' title='bbox 3453 1453 3576 1516; x_wconf 88' lang='grc'><strong>411,</strong></span> <span class='ocrx_word' id='word_1_137' title='bbox 3610 1451 3736 1505; x_wconf 79' lang='grc'>444.</span> <span class='ocrx_word' id='word_1_138' title='bbox 3764 1448 3953 1512; x_wconf 87' lang='lat' dir='ltr'>Quod</span> 
     </span>
    </p>
   </div>
   <div class='ocr_carea' id='block_1_13' title="bbox 568 1537 3954 1622">
    <p class='ocr_par' dir='ltr' id='par_1_13' title="bbox 568 1537 3954 1622">
     <span class='ocr_line' id='line_1_13' title="bbox 568 1537 3954 1622; baseline -0.004 -16"><span class='ocrx_word' id='word_1_139' title='bbox 568 1565 709 1606; x_wconf 87' lang='lat' dir='ltr'>vero</span> <span class='ocrx_word' id='word_1_140' title='bbox 737 1549 812 1606; x_wconf 89' lang='lat' dir='ltr'>ad</span> <span class='ocrx_word' id='word_1_141' title='bbox 844 1567 972 1606; x_wconf 91' lang='lat' dir='ltr'>rem</span> <span class='ocrx_word' id='word_1_142' title='bbox 997 1556 1359 1622; x_wconf 77' lang='lat' dir='ltr'>praesentem</span> <span class='ocrx_word' id='word_1_143' title='bbox 1389 1549 1615 1620; x_wconf 88' lang='lat' dir='ltr'>attinet,</span> <span class='ocrx_word' id='word_1_144' title='bbox 1649 1549 1708 1604; x_wconf 92' lang='lat' dir='ltr'>in</span> <span class='ocrx_word' id='word_1_145' title='bbox 1736 1548 2107 1604; x_wconf 64' lang='lat' dir='ltr'>carsciunico</span> <span class='ocrx_word' id='word_1_146' title='bbox 2134 1546 2298 1620; x_wconf 88' lang='lat' dir='ltr'>apud</span> <span class='ocrx_word' id='word_1_147' title='bbox 2379 1561 2492 1601; x_wconf 89' lang='lat' dir='ltr'>nos</span> <span class='ocrx_word' id='word_1_148' title='bbox 2527 1543 2733 1600; x_wconf 91' lang='lat' dir='ltr'>codice</span> <span class='ocrx_word' id='word_1_149' title='bbox 2773 1545 2876 1597; x_wconf 89' lang='grc'>400</span> <span class='ocrx_word' id='word_1_150' title='bbox 2916 1541 3252 1596; x_wconf 90' lang='lat' dir='ltr'>continetur</span> <span class='ocrx_word' id='word_1_151' title='bbox 3296 1537 3569 1610; x_wconf 89' lang='lat' dir='ltr'>ejusdem</span> <span class='ocrx_word' id='word_1_152' title='bbox 3621 1537 3954 1594; x_wconf 87' lang='lat' dir='ltr'>Aldoensis</span> 
     </span>
    </p>
   </div>
   <div class='ocr_carea' id='block_1_14' title="bbox 566 1626 3954 1711">
    <p class='ocr_par' dir='ltr' id='par_1_14' title="bbox 566 1626 3954 1711">
     <span class='ocr_line' id='line_1_14' title="bbox 566 1626 3954 1711; baseline -0.004 -17"><span class='ocrx_word' id='word_1_153' title='bbox 566 1655 861 1711; x_wconf 83' lang='lat' dir='ltr'>magnum</span> <span class='ocrx_word' id='word_1_154' title='bbox 895 1654 1050 1711; x_wconf 89' lang='lat' dir='ltr'>opus</span> <span class='ocrx_word' id='word_1_155' title='bbox 1075 1638 1149 1694; x_wconf 90' lang='lat' dir='ltr'>de</span> <span class='ocrx_word' id='word_1_156' title='bbox 1177 1638 1470 1694; x_wconf 88' lang='lat' dir='ltr'>sacriﬁcio</span> <span class='ocrx_word' id='word_1_157' title='bbox 1498 1639 1720 1708; x_wconf 76' lang='lat' dir='ltr'>missae,</span> <span class='ocrx_word' id='word_1_158' title='bbox 1746 1637 1989 1694; x_wconf 91' lang='lat' dir='ltr'>duobus</span> <span class='ocrx_word' id='word_1_159' title='bbox 2021 1637 2200 1692; x_wconf 90' lang='lat' dir='ltr'>tomis</span> <span class='ocrx_word' id='word_1_160' title='bbox 2235 1634 2765 1706; x_wconf 85' lang='lat' dir='ltr'>comprehensum,</span> <span class='ocrx_word' id='word_1_161' title='bbox 2795 1647 3058 1703; x_wconf 90' lang='lat' dir='ltr'>quorum</span> <span class='ocrx_word' id='word_1_162' title='bbox 3089 1633 3294 1686; x_wconf 89' lang='lat' dir='ltr'>tamen</span> <span class='ocrx_word' id='word_1_163' title='bbox 3327 1628 3562 1701; x_wconf 90' lang='lat' dir='ltr'>primus</span> <span class='ocrx_word' id='word_1_164' title='bbox 3596 1626 3785 1682; x_wconf 91' lang='lat' dir='ltr'>deest.</span> <span class='ocrx_word' id='word_1_165' title='bbox 3827 1626 3954 1682; x_wconf 86' lang='lat' dir='ltr'>Sed</span> 
     </span>
    </p>
   </div>
   <div class='ocr_carea' id='block_1_15' title="bbox 567 1715 3954 1798">
    <p class='ocr_par' dir='ltr' id='par_1_15' title="bbox 567 1715 3954 1798">
     <span class='ocr_line' id='line_1_15' title="bbox 567 1715 3954 1798; baseline -0.004 -14"><span class='ocrx_word' id='word_1_166' title='bbox 567 1743 723 1798; x_wconf 92' lang='lat' dir='ltr'>ecce,</span> <span class='ocrx_word' id='word_1_167' title='bbox 755 1727 1010 1784; x_wconf 70' lang='lat' dir='ltr'>fortunae</span> <span class='ocrx_word' id='word_1_168' title='bbox 1052 1726 1366 1790; x_wconf 86' lang='lat' dir='ltr'>beneﬁcio,</span> <span class='ocrx_word' id='word_1_169' title='bbox 1422 1727 1795 1783; x_wconf 90' lang='lat' dir='ltr'>desideratus</span> <span class='ocrx_word' id='word_1_170' title='bbox 1838 1727 1934 1782; x_wconf 93' lang='lat' dir='ltr'>hic</span> <span class='ocrx_word' id='word_1_171' title='bbox 1960 1727 2369 1782; x_wconf 85' lang='lat' dir='ltr'>carsciunicus</span> <span class='ocrx_word' id='word_1_172' title='bbox 2415 1729 2632 1789; x_wconf 88' lang='lat' dir='ltr'>tomus,</span> <span class='ocrx_word' id='word_1_173' title='bbox 2669 1720 2981 1793; x_wconf 91' lang='lat' dir='ltr'>suppletur</span> <span class='ocrx_word' id='word_1_174' title='bbox 3022 1718 3100 1776; x_wconf 90' lang='lat' dir='ltr'>ab</span> <span class='ocrx_word' id='word_1_175' title='bbox 3140 1717 3419 1789; x_wconf 88' lang='lat' dir='ltr'>ejusdem</span> <span class='ocrx_word' id='word_1_176' title='bbox 3449 1715 3954 1788; x_wconf 87' lang='lat' dir='ltr'>interpretatione</span> 
     </span>
    </p>
   </div>
   <div class='ocr_carea' id='block_1_16' title="bbox 570 1805 3954 1888">
    <p class='ocr_par' dir='ltr' id='par_1_16' title="bbox 570 1805 3954 1888">
     <span class='ocr_line' id='line_1_16' title="bbox 570 1805 3954 1888; baseline -0.003 -16"><span class='ocrx_word' id='word_1_177' title='bbox 570 1816 798 1884; x_wconf 89' lang='lat' dir='ltr'>Latina,</span> <span class='ocrx_word' id='word_1_178' title='bbox 823 1831 959 1888; x_wconf 73' lang='lat' dir='ltr'>quae</span> <span class='ocrx_word' id='word_1_179' title='bbox 981 1817 1040 1871; x_wconf 93' lang='lat' dir='ltr'>in</span> <span class='ocrx_word' id='word_1_180' title='bbox 1070 1815 1274 1871; x_wconf 92' lang='lat' dir='ltr'>codice</span> <span class='ocrx_word' id='word_1_181' title='bbox 1297 1815 1580 1872; x_wconf 90' lang='lat' dir='ltr'>Vaticano</span> <span class='ocrx_word' id='word_1_182' title='bbox 1611 1815 1752 1871; x_wconf 88' lang='grc'>7410</span> <span class='ocrx_word' id='word_1_183' title='bbox 1783 1819 2191 1871; x_wconf 89' lang='lat' dir='ltr'>conservatur.</span> <span class='ocrx_word' id='word_1_184' title='bbox 2216 1817 2448 1886; x_wconf 81' lang='lat' dir='ltr'>Reapse</span> <span class='ocrx_word' id='word_1_185' title='bbox 2481 1827 2618 1868; x_wconf 91' lang='lat' dir='ltr'>cum</span> <span class='ocrx_word' id='word_1_186' title='bbox 2645 1814 2834 1867; x_wconf 91' lang='lat' dir='ltr'>totum</span> <span class='ocrx_word' id='word_1_187' title='bbox 2857 1825 3012 1882; x_wconf 92' lang='lat' dir='ltr'>opus</span> <span class='ocrx_word' id='word_1_188' title='bbox 3035 1809 3095 1864; x_wconf 87' lang='lat' dir='ltr'>in</span> <span class='ocrx_word' id='word_1_189' title='bbox 3117 1807 3327 1863; x_wconf 90' lang='lat' dir='ltr'>decem</span> <span class='ocrx_word' id='word_1_190' title='bbox 3350 1810 3551 1879; x_wconf 90' lang='lat' dir='ltr'>partes</span> <span class='ocrx_word' id='word_1_191' title='bbox 3571 1806 3703 1878; x_wconf 91' lang='lat' dir='ltr'>(seu</span> <span class='ocrx_word' id='word_1_192' title='bbox 3723 1805 3954 1862; x_wconf 86' lang='lat' dir='ltr'>cande-</span> 
     </span>
    </p>
   </div>
   <div class='ocr_carea' id='block_1_17' title="bbox 567 1895 3950 1976">
    <p class='ocr_par' dir='ltr' id='par_1_17' title="bbox 567 1895 3950 1976">
     <span class='ocr_line' id='line_1_17' title="bbox 567 1895 3950 1976; baseline -0.003 -15"><span class='ocrx_word' id='word_1_193' title='bbox 567 1904 763 1971; x_wconf 90' lang='lat' dir='ltr'>labra,</span> <span class='ocrx_word' id='word_1_194' title='bbox 795 1910 860 1961; x_wconf 89' lang='lat' dir='ltr'>ut</span> <span class='ocrx_word' id='word_1_195' title='bbox 899 1904 1225 1962; x_wconf 91' lang='lat' dir='ltr'>Orientales</span> <span class='ocrx_word' id='word_1_196' title='bbox 1275 1903 1508 1961; x_wconf 88' lang='lat' dir='ltr'>malunt</span> <span class='ocrx_word' id='word_1_197' title='bbox 1549 1905 1767 1976; x_wconf 89' lang='lat' dir='ltr'>dicere)</span> <span class='ocrx_word' id='word_1_198' title='bbox 1805 1905 2218 1975; x_wconf 86' lang='lat' dir='ltr'>distribuatur,</span> <span class='ocrx_word' id='word_1_199' title='bbox 2250 1920 2353 1958; x_wconf 86' lang='lat' dir='ltr'>sex</span> <span class='ocrx_word' id='word_1_200' title='bbox 2401 1901 2647 1975; x_wconf 89' lang='lat' dir='ltr'>quidem</span> <span class='ocrx_word' id='word_1_201' title='bbox 2685 1899 2915 1973; x_wconf 88' lang='lat' dir='ltr'>priores</span> <span class='ocrx_word' id='word_1_202' title='bbox 2961 1903 3163 1971; x_wconf 88' lang='lat' dir='ltr'>partes</span> <span class='ocrx_word' id='word_1_203' title='bbox 3203 1897 3264 1953; x_wconf 91' lang='lat' dir='ltr'>in</span> <span class='ocrx_word' id='word_1_204' title='bbox 3297 1896 3503 1952; x_wconf 86' lang='lat' dir='ltr'>Latino</span> <span class='ocrx_word' id='word_1_205' title='bbox 3535 1895 3950 1960; x_wconf 85' lang='lat' dir='ltr'>continentur,</span> 
     </span>
    </p>
   </div>
   <div class='ocr_carea' id='block_1_18' title="bbox 571 1984 3951 2066">
    <p class='ocr_par' dir='ltr' id='par_1_18' title="bbox 571 1984 3951 2066">
     <span class='ocr_line' id='line_1_18' title="bbox 571 1984 3951 2066; baseline -0.002 -18"><span class='ocrx_word' id='word_1_206' title='bbox 571 1998 831 2066; x_wconf 91' lang='lat' dir='ltr'>quatuor</span> <span class='ocrx_word' id='word_1_207' title='bbox 883 2009 1027 2050; x_wconf 79' lang='lat' dir='ltr'>vero</span> <span class='ocrx_word' id='word_1_208' title='bbox 1072 1999 1392 2066; x_wconf 83' lang='lat' dir='ltr'>postremae</span> <span class='ocrx_word' id='word_1_209' title='bbox 1443 1993 1505 2050; x_wconf 90' lang='lat' dir='ltr'>in</span> <span class='ocrx_word' id='word_1_210' title='bbox 1554 1994 1927 2050; x_wconf 85' lang='lat' dir='ltr'>carsciunico</span> <span class='ocrx_word' id='word_1_211' title='bbox 1961 2013 1974 2049; x_wconf 91' lang='lat'><strong>:</strong></span> <span class='ocrx_word' id='word_1_212' title='bbox 2025 2010 2147 2066; x_wconf 91' lang='lat' dir='ltr'>quo</span> <span class='ocrx_word' id='word_1_213' title='bbox 2177 1993 2242 2049; x_wconf 88' lang='lat' dir='ltr'>ﬁt</span> <span class='ocrx_word' id='word_1_214' title='bbox 2281 1997 2343 2048; x_wconf 92' lang='lat' dir='ltr'>ut</span> <span class='ocrx_word' id='word_1_215' title='bbox 2381 1991 2460 2047; x_wconf 90' lang='lat' dir='ltr'>ab</span> <span class='ocrx_word' id='word_1_216' title='bbox 2491 1995 2744 2062; x_wconf 89' lang='lat' dir='ltr'>utroque</span> <span class='ocrx_word' id='word_1_217' title='bbox 2780 1988 3150 2060; x_wconf 89' lang='lat' dir='ltr'>conjunctim</span> <span class='ocrx_word' id='word_1_218' title='bbox 3197 1985 3401 2042; x_wconf 90' lang='lat' dir='ltr'>codice</span> <span class='ocrx_word' id='word_1_219' title='bbox 3441 1984 3786 2057; x_wconf 88' lang='lat' dir='ltr'>liturgicum</span> <span class='ocrx_word' id='word_1_220' title='bbox 3830 1985 3951 2040; x_wconf 92' lang='lat' dir='ltr'>hoc</span> 
     </span>
    </p>
   </div>
   <div class='ocr_carea' id='block_1_19' title="bbox 573 2073 3946 2156">
    <p class='ocr_par' dir='ltr' id='par_1_19' title="bbox 573 2073 3946 2156">
     <span class='ocr_line' id='line_1_19' title="bbox 573 2073 3946 2156; baseline -0.003 -19"><span class='ocrx_word' id='word_1_221' title='bbox 573 2082 887 2139; x_wconf 83' lang='lat' dir='ltr'>Aldoensis</span> <span class='ocrx_word' id='word_1_222' title='bbox 912 2100 1067 2156; x_wconf 89' lang='lat' dir='ltr'>opus</span> <span class='ocrx_word' id='word_1_223' title='bbox 1095 2083 1272 2139; x_wconf 89' lang='lat' dir='ltr'>nobis</span> <span class='ocrx_word' id='word_1_224' title='bbox 1313 2087 1502 2139; x_wconf 91' lang='lat' dir='ltr'>totum</span> <span class='ocrx_word' id='word_1_225' title='bbox 1545 2084 1978 2156; x_wconf 81' lang='lat' dir='ltr'>suppeditetur.</span> <span class='ocrx_word' id='word_1_226' title='bbox 2011 2084 2297 2149; x_wconf 87' lang='lat' dir='ltr'>Quisnam</span> <span class='ocrx_word' id='word_1_227' title='bbox 2327 2096 2465 2137; x_wconf 89' lang='lat' dir='ltr'>vero</span> <span class='ocrx_word' id='word_1_228' title='bbox 2495 2077 2670 2135; x_wconf 88' lang='lat' dir='ltr'>fuerit</span> <span class='ocrx_word' id='word_1_229' title='bbox 2715 2078 2955 2134; x_wconf 91' lang='lat' dir='ltr'>Latinus</span> <span class='ocrx_word' id='word_1_230' title='bbox 2995 2077 3311 2148; x_wconf 89' lang='lat' dir='ltr'>interpres,</span> <span class='ocrx_word' id='word_1_231' title='bbox 3340 2074 3530 2131; x_wconf 85' lang='lat' dir='ltr'>codex</span> <span class='ocrx_word' id='word_1_232' title='bbox 3570 2089 3693 2131; x_wconf 91' lang='lat' dir='ltr'>non</span> <span class='ocrx_word' id='word_1_233' title='bbox 3720 2073 3907 2129; x_wconf 89' lang='lat' dir='ltr'>docet</span> <span class='ocrx_word' id='word_1_234' title='bbox 3933 2091 3946 2141; x_wconf 91' lang='lat'>;</span> 
     </span>
    </p>
   </div>
   <div class='ocr_carea' id='block_1_20' title="bbox 573 2161 3948 2244">
    <p class='ocr_par' dir='ltr' id='par_1_20' title="bbox 573 2161 3948 2244">
     <span class='ocr_line' id='line_1_20' title="bbox 573 2161 3948 2244; baseline -0.003 -18"><span class='ocrx_word' id='word_1_235' title='bbox 573 2171 680 2227; x_wconf 90' lang='lat' dir='ltr'>sed</span> <span class='ocrx_word' id='word_1_236' title='bbox 711 2172 1006 2244; x_wconf 89' lang='lat' dir='ltr'>suspicari</span> <span class='ocrx_word' id='word_1_237' title='bbox 1035 2171 1170 2228; x_wconf 91' lang='lat' dir='ltr'>licet</span> <span class='ocrx_word' id='word_1_238' title='bbox 1205 2172 1280 2228; x_wconf 86' lang='lat' dir='ltr'>de</span> <span class='ocrx_word' id='word_1_239' title='bbox 1313 2173 1483 2228; x_wconf 89' lang='lat' dir='ltr'>Petro</span> <span class='ocrx_word' id='word_1_240' title='bbox 1515 2173 1831 2229; x_wconf 86' lang='lat' dir='ltr'>Benedicto</span> <span class='ocrx_word' id='word_1_241' title='bbox 1862 2173 1961 2228; x_wconf 92' lang='lat' dir='ltr'>illo</span> <span class='ocrx_word' id='word_1_242' title='bbox 1992 2174 2045 2229; x_wconf 95' lang='lat' dir='ltr'>S.</span> <span class='ocrx_word' id='word_1_243' title='bbox 2082 2170 2400 2244; x_wconf 86' lang='lat' dir='ltr'>Ephraemii</span> <span class='ocrx_word' id='word_1_244' title='bbox 2426 2168 2739 2226; x_wconf 88' lang='lat' dir='ltr'>notissimo</span> <span class='ocrx_word' id='word_1_245' title='bbox 2766 2167 3106 2238; x_wconf 89' lang='lat' dir='ltr'>interprete.</span> <span class='ocrx_word' id='word_1_246' title='bbox 3136 2169 3404 2238; x_wconf 79' lang='lat' dir='ltr'>Namque</span> <span class='ocrx_word' id='word_1_247' title='bbox 3442 2163 3736 2220; x_wconf 86' lang='lat' dir='ltr'>Naironus</span> <span class='ocrx_word' id='word_1_248' title='bbox 3776 2161 3948 2235; x_wconf 83' lang='lat' dir='ltr'>apud</span> 
     </span>
    </p>
   </div>
   <div class='ocr_carea' id='block_1_21' title="bbox 573 2253 3950 2334">
    <p class='ocr_par' dir='ltr' id='par_1_21' title="bbox 573 2253 3950 2334">
     <span class='ocr_line' id='line_1_21' title="bbox 573 2253 3950 2334; baseline -0.003 -16"><span class='ocrx_word' id='word_1_249' title='bbox 573 2265 996 2323; x_wconf 80' lang='lat' dir='ltr'>Assemanum,</span> <span class='ocrx_word' id='word_1_250' title='bbox 1029 2259 1163 2318; x_wconf 93' lang='lat' dir='ltr'>loco</span> <span class='ocrx_word' id='word_1_251' title='bbox 1211 2262 1578 2334; x_wconf 89' lang='lat' dir='ltr'>supradicto,</span> <span class='ocrx_word' id='word_1_252' title='bbox 1605 2261 1949 2318; x_wconf 76' lang='lat' dir='ltr'>affirmabat</span> <span class='ocrx_word' id='word_1_253' title='bbox 1978 2265 2176 2317; x_wconf 75' lang='lat' dir='ltr'>Romae</span> <span class='ocrx_word' id='word_1_254' title='bbox 2205 2277 2268 2317; x_wconf 91' lang='lat' dir='ltr'>se</span> <span class='ocrx_word' id='word_1_255' title='bbox 2305 2257 2590 2332; x_wconf 86' lang='lat' dir='ltr'>quaedam</span> <span class='ocrx_word' id='word_1_256' title='bbox 2628 2256 2940 2313; x_wconf 87' lang='lat' dir='ltr'>Aldoensis</span> <span class='ocrx_word' id='word_1_257' title='bbox 2971 2253 3338 2328; x_wconf 85' lang='lat' dir='ltr'>exemplaria</span> <span class='ocrx_word' id='word_1_258' title='bbox 3365 2253 3676 2326; x_wconf 89' lang='lat' dir='ltr'>accepisse</span> <span class='ocrx_word' id='word_1_259' title='bbox 3707 2268 3744 2309; x_wconf 90' lang='lat' dir='ltr'>a</span> <span class='ocrx_word' id='word_1_260' title='bbox 3775 2255 3950 2308; x_wconf 85' lang='lat' dir='ltr'>Petro</span> 
     </span>
    </p>
   </div>
   <div class='ocr_carea' id='block_1_22' title="bbox 571 2342 3953 2423">
    <p class='ocr_par' dir='ltr' id='par_1_22' title="bbox 571 2342 3953 2423">
     <span class='ocr_line' id='line_1_22' title="bbox 571 2342 3953 2423; baseline -0.002 -18"><span class='ocrx_word' id='word_1_261' title='bbox 571 2349 886 2406; x_wconf 88' lang='lat' dir='ltr'>Benedicto</span> <span class='ocrx_word' id='word_1_262' title='bbox 935 2350 1221 2406; x_wconf 86' lang='lat' dir='ltr'>Maronita</span> <span class='ocrx_word' id='word_1_263' title='bbox 1275 2351 1682 2408; x_wconf 89' lang='lat' dir='ltr'>commodata.</span> <span class='ocrx_word' id='word_1_264' title='bbox 1738 2354 1803 2407; x_wconf 87' lang='lat' dir='ltr'>Et</span> <span class='ocrx_word' id='word_1_265' title='bbox 1847 2367 1959 2407; x_wconf 93' lang='lat' dir='ltr'>nos</span> <span class='ocrx_word' id='word_1_266' title='bbox 2007 2350 2254 2423; x_wconf 88' lang='lat' dir='ltr'>quidem</span> <span class='ocrx_word' id='word_1_267' title='bbox 2303 2348 2380 2405; x_wconf 93' lang='lat' dir='ltr'>ab</span> <span class='ocrx_word' id='word_1_268' title='bbox 2429 2347 2745 2403; x_wconf 80' lang='lat' dir='ltr'>Aldoensis</span> <span class='ocrx_word' id='word_1_269' title='bbox 2788 2361 2968 2419; x_wconf 92' lang='lat' dir='ltr'>opere</span> <span class='ocrx_word' id='word_1_270' title='bbox 3010 2345 3167 2418; x_wconf 88' lang='lat' dir='ltr'>typis</span> <span class='ocrx_word' id='word_1_271' title='bbox 3208 2345 3524 2413; x_wconf 90' lang='lat' dir='ltr'>tradendo,</span> <span class='ocrx_word' id='word_1_272' title='bbox 3558 2342 3772 2412; x_wconf 90' lang='lat' dir='ltr'>moles,</span> <span class='ocrx_word' id='word_1_273' title='bbox 3811 2342 3953 2415; x_wconf 88' lang='lat' dir='ltr'>ipsa</span> 
     </span>
    </p>
   </div>
   <div class='ocr_carea' id='block_1_23' title="bbox 577 2434 3324 2514">
    <p class='ocr_par' dir='ltr' id='par_1_23' title="bbox 577 2434 3324 2514">
     <span class='ocr_line' id='line_1_23' title="bbox 577 2434 3324 2514; baseline -0.002 -20"><span class='ocrx_word' id='word_1_274' title='bbox 577 2437 836 2496; x_wconf 89' lang='lat' dir='ltr'>deterret</span> <span class='ocrx_word' id='word_1_275' title='bbox 861 2456 874 2506; x_wconf 94' lang='lat'>;</span> <span class='ocrx_word' id='word_1_276' title='bbox 909 2438 1055 2494; x_wconf 89' lang='lat' dir='ltr'>nihil</span> <span class='ocrx_word' id='word_1_277' title='bbox 1082 2444 1283 2496; x_wconf 88' lang='lat' dir='ltr'>tamen</span> <span class='ocrx_word' id='word_1_278' title='bbox 1315 2444 1492 2513; x_wconf 81' lang='lat' dir='ltr'>vetat,</span> <span class='ocrx_word' id='word_1_279' title='bbox 1523 2442 1848 2514; x_wconf 89' lang='lat' dir='ltr'>quominus</span> <span class='ocrx_word' id='word_1_280' title='bbox 1870 2441 2050 2511; x_wconf 87' lang='lat' dir='ltr'>hujus</span> <span class='ocrx_word' id='word_1_281' title='bbox 2079 2446 2316 2495; x_wconf 86' lang='lat' dir='ltr'>tenuem</span> <span class='ocrx_word' id='word_1_282' title='bbox 2345 2436 2554 2494; x_wconf 91' lang='lat' dir='ltr'>saltem</span> <span class='ocrx_word' id='word_1_283' title='bbox 2583 2436 2908 2506; x_wconf 87' lang='lat' dir='ltr'>imaginem</span> <span class='ocrx_word' id='word_1_284' title='bbox 2932 2434 3324 2491; x_wconf 86' lang='lat' dir='ltr'>delineemus.</span> 
     </span>
    </p>
   </div>
   <div class='ocr_carea' id='block_1_24' title="bbox 651 2558 3955 2637">
    <p class='ocr_par' dir='ltr' id='par_1_24' title="bbox 651 2558 3955 2637">
     <span class='ocr_line' id='line_1_24' title="bbox 651 2558 3955 2637; baseline -0.003 -17"><span class='ocrx_word' id='word_1_285' title='bbox 651 2564 876 2620; x_wconf 89' lang='lat' dir='ltr'>Etenim</span> <span class='ocrx_word' id='word_1_286' title='bbox 898 2565 1097 2637; x_wconf 89' lang='lat' dir='ltr'>operis</span> <span class='ocrx_word' id='word_1_287' title='bbox 1125 2566 1386 2637; x_wconf 89' lang='lat' dir='ltr'>partium</span> <span class='ocrx_word' id='word_1_288' title='bbox 1418 2565 1648 2631; x_wconf 90' lang='lat' dir='ltr'>decem,</span> <span class='ocrx_word' id='word_1_289' title='bbox 1669 2571 1732 2621; x_wconf 92' lang='lat' dir='ltr'>ut</span> <span class='ocrx_word' id='word_1_290' title='bbox 1758 2565 2043 2634; x_wconf 82' lang='lat' dir='ltr'>diximus,</span> <span class='ocrx_word' id='word_1_291' title='bbox 2071 2565 2132 2620; x_wconf 93' lang='lat' dir='ltr'>in</span> <span class='ocrx_word' id='word_1_292' title='bbox 2155 2563 2356 2636; x_wconf 90' lang='lat' dir='ltr'>plures</span> <span class='ocrx_word' id='word_1_293' title='bbox 2381 2576 2766 2634; x_wconf 70' lang='lat' dir='ltr'>unaquaeque</span> <span class='ocrx_word' id='word_1_294' title='bbox 2788 2563 3072 2616; x_wconf 90' lang='lat' dir='ltr'>tractatus</span> <span class='ocrx_word' id='word_1_295' title='bbox 3090 2558 3513 2628; x_wconf 89' lang='lat' dir='ltr'>subdividitur,</span> <span class='ocrx_word' id='word_1_296' title='bbox 3535 2558 3718 2632; x_wconf 90' lang='lat' dir='ltr'>hique</span> <span class='ocrx_word' id='word_1_297' title='bbox 3738 2573 3955 2614; x_wconf 86' lang='lat' dir='ltr'>rursus</span> 
     </span>
    </p>
   </div>
   <div class='ocr_carea' id='block_1_25' title="bbox 578 2647 3955 2728">
    <p class='ocr_par' dir='ltr' id='par_1_25' title="bbox 578 2647 3955 2728">
     <span class='ocr_line' id='line_1_25' title="bbox 578 2647 3955 2728; baseline -0.002 -18"><span class='ocrx_word' id='word_1_298' title='bbox 578 2654 639 2710; x_wconf 94' lang='lat' dir='ltr'>in</span> <span class='ocrx_word' id='word_1_299' title='bbox 672 2654 988 2722; x_wconf 90' lang='lat' dir='ltr'>sectiones,</span> <span class='ocrx_word' id='word_1_300' title='bbox 1024 2661 1307 2728; x_wconf 89' lang='lat' dir='ltr'>tantaque</span> <span class='ocrx_word' id='word_1_301' title='bbox 1338 2660 1424 2711; x_wconf 91' lang='lat' dir='ltr'>est</span> <span class='ocrx_word' id='word_1_302' title='bbox 1455 2656 1796 2726; x_wconf 85' lang='lat' dir='ltr'>argumenti</span> <span class='ocrx_word' id='word_1_303' title='bbox 1828 2653 2222 2718; x_wconf 82' lang='lat' dir='ltr'>abundantia,</span> <span class='ocrx_word' id='word_1_304' title='bbox 2251 2656 2306 2708; x_wconf 90' lang='lat' dir='ltr'>et</span> <span class='ocrx_word' id='word_1_305' title='bbox 2325 2656 2448 2708; x_wconf 88' lang='lat' dir='ltr'>tam</span> <span class='ocrx_word' id='word_1_306' title='bbox 2474 2651 2723 2723; x_wconf 91' lang='lat' dir='ltr'>copiosa</span> <span class='ocrx_word' id='word_1_307' title='bbox 2763 2649 3056 2716; x_wconf 88' lang='lat' dir='ltr'>tractatio,</span> <span class='ocrx_word' id='word_1_308' title='bbox 3089 2653 3152 2704; x_wconf 90' lang='lat' dir='ltr'>ut</span> <span class='ocrx_word' id='word_1_309' title='bbox 3181 2647 3328 2704; x_wconf 82' lang='lat' dir='ltr'>nihil</span> <span class='ocrx_word' id='word_1_310' title='bbox 3353 2649 3470 2713; x_wconf 87' lang='lat' dir='ltr'>hac</span> <span class='ocrx_word' id='word_1_311' title='bbox 3502 2663 3682 2720; x_wconf 90' lang='lat' dir='ltr'>super</span> <span class='ocrx_word' id='word_1_312' title='bbox 3709 2663 3774 2704; x_wconf 89' lang='lat' dir='ltr'>re</span> <span class='ocrx_word' id='word_1_313' title='bbox 3800 2647 3955 2703; x_wconf 90' lang='lat' dir='ltr'>indi-</span> 
     </span>
    </p>
   </div>
   <div class='ocr_carea' id='block_1_26' title="bbox 580 2737 3953 2815">
    <p class='ocr_par' dir='ltr' id='par_1_26' title="bbox 580 2737 3953 2815">
     <span class='ocr_line' id='line_1_26' title="bbox 580 2737 3953 2815; baseline -0.002 -17"><span class='ocrx_word' id='word_1_314' title='bbox 580 2747 743 2798; x_wconf 90' lang='lat' dir='ltr'>ctum</span> <span class='ocrx_word' id='word_1_315' title='bbox 775 2743 1168 2815; x_wconf 88' lang='lat' dir='ltr'>relinquatur.</span> <span class='ocrx_word' id='word_1_316' title='bbox 1198 2748 1236 2799; x_wconf 90' lang='grc' dir='ltr'>Ι.</span> <span class='ocrx_word' id='word_1_317' title='bbox 1267 2747 1407 2800; x_wconf 86' lang='lat' dir='ltr'>Pars</span> <span class='ocrx_word' id='word_1_318' title='bbox 1438 2744 1512 2799; x_wconf 92' lang='lat' dir='ltr'>de</span> <span class='ocrx_word' id='word_1_319' title='bbox 1542 2745 1728 2800; x_wconf 89' lang='lat' dir='ltr'>missa</span> <span class='ocrx_word' id='word_1_320' title='bbox 1746 2743 1865 2799; x_wconf 85' lang='lat' dir='ltr'>fere</span> <span class='ocrx_word' id='word_1_321' title='bbox 1893 2742 2245 2813; x_wconf 82' lang='lat' dir='ltr'>generatim,</span> <span class='ocrx_word' id='word_1_322' title='bbox 2269 2741 2328 2795; x_wconf 92' lang='lat' dir='ltr'>id</span> <span class='ocrx_word' id='word_1_323' title='bbox 2356 2741 2536 2796; x_wconf 85' lang='lat' dir='ltr'>estde</span> <span class='ocrx_word' id='word_1_324' title='bbox 2568 2741 2697 2811; x_wconf 90' lang='lat' dir='ltr'>ejus</span> <span class='ocrx_word' id='word_1_325' title='bbox 2719 2738 3096 2805; x_wconf 87' lang='lat' dir='ltr'>nominibus,</span> <span class='ocrx_word' id='word_1_326' title='bbox 3127 2737 3494 2805; x_wconf 91' lang='lat' dir='ltr'>deﬁnitione,</span> <span class='ocrx_word' id='word_1_327' title='bbox 3527 2737 3953 2810; x_wconf 89' lang='lat' dir='ltr'>partibus,etc.</span> 
     </span>
    </p>
   </div>
   <div class='ocr_carea' id='block_1_27' title="bbox 579 2825 3958 2900">
    <p class='ocr_par' dir='ltr' id='par_1_27' title="bbox 579 2825 3958 2900">
     <span class='ocr_line' id='line_1_27' title="bbox 579 2825 3958 2900; baseline -0.002 -13"><span class='ocrx_word' id='word_1_328' title='bbox 579 2835 644 2888; x_wconf 93' lang='lat' dir='ltr'>ll.</span> <span class='ocrx_word' id='word_1_329' title='bbox 672 2835 751 2888; x_wconf 92' lang='lat' dir='ltr'>De</span> <span class='ocrx_word' id='word_1_330' title='bbox 779 2832 913 2889; x_wconf 90' lang='lat' dir='ltr'>loco</span> <span class='ocrx_word' id='word_1_331' title='bbox 953 2833 1341 2890; x_wconf 79' lang='lat' dir='ltr'>conveniente</span> <span class='ocrx_word' id='word_1_332' title='bbox 1373 2833 1749 2890; x_wconf 72' lang='lat' dir='ltr'>celebrandae</span> <span class='ocrx_word' id='word_1_333' title='bbox 1790 2834 2012 2900; x_wconf 82' lang='lat' dir='ltr'>missae,</span> <span class='ocrx_word' id='word_1_334' title='bbox 2043 2832 2102 2887; x_wconf 89' lang='lat' dir='ltr'>id</span> <span class='ocrx_word' id='word_1_335' title='bbox 2135 2834 2225 2886; x_wconf 87' lang='lat' dir='ltr'>est</span> <span class='ocrx_word' id='word_1_336' title='bbox 2263 2829 2339 2886; x_wconf 93' lang='lat' dir='ltr'>de</span> <span class='ocrx_word' id='word_1_337' title='bbox 2378 2829 2665 2896; x_wconf 91' lang='lat' dir='ltr'>ecclesiis,</span> <span class='ocrx_word' id='word_1_338' title='bbox 2697 2843 3030 2900; x_wconf 88' lang='lat' dir='ltr'>earumque</span> <span class='ocrx_word' id='word_1_339' title='bbox 3060 2826 3356 2899; x_wconf 89' lang='lat' dir='ltr'>partibus,</span> <span class='ocrx_word' id='word_1_340' title='bbox 3397 2826 3702 2891; x_wconf 89' lang='lat' dir='ltr'>altaribus,</span> <span class='ocrx_word' id='word_1_341' title='bbox 3737 2825 3958 2897; x_wconf 89' lang='lat' dir='ltr'>supel-</span> 
     </span>
    </p>
   </div>
   <div class='ocr_carea' id='block_1_28' title="bbox 575 2916 3955 2988">
    <p class='ocr_par' dir='ltr' id='par_1_28' title="bbox 575 2916 3955 2988">
     <span class='ocr_line' id='line_1_28' title="bbox 575 2916 3955 2988; baseline -0.002 -10"><span class='ocrx_word' id='word_1_342' title='bbox 575 2921 787 2988; x_wconf 91' lang='lat' dir='ltr'>lectile,</span> <span class='ocrx_word' id='word_1_343' title='bbox 821 2926 931 2978; x_wconf 92' lang='lat' dir='ltr'>etc.</span> <span class='ocrx_word' id='word_1_344' title='bbox 963 2926 1054 2978; x_wconf 89' lang='lat' dir='ltr'>Ill.</span> <span class='ocrx_word' id='word_1_345' title='bbox 1088 2925 1166 2978; x_wconf 93' lang='lat' dir='ltr'>De</span> <span class='ocrx_word' id='word_1_346' title='bbox 1199 2922 1507 2978; x_wconf 90' lang='lat' dir='ltr'>sacerdote</span> <span class='ocrx_word' id='word_1_347' title='bbox 1543 2923 1741 2978; x_wconf 79' lang='lat' dir='ltr'>missae</span> <span class='ocrx_word' id='word_1_348' title='bbox 1771 2922 2059 2980; x_wconf 67' lang='lat' dir='ltr'>ministro.</span> <span class='ocrx_word' id='word_1_349' title='bbox 2095 2925 2152 2976; x_wconf 92' lang='lat' dir='ltr'>et</span> <span class='ocrx_word' id='word_1_350' title='bbox 2178 2919 2253 2974; x_wconf 92' lang='lat' dir='ltr'>de</span> <span class='ocrx_word' id='word_1_351' title='bbox 2281 2919 2598 2975; x_wconf 86' lang='lat' dir='ltr'>sacerdotii</span> <span class='ocrx_word' id='word_1_352' title='bbox 2635 2918 2945 2988; x_wconf 83' lang='lat' dir='ltr'>gradibus,</span> <span class='ocrx_word' id='word_1_353' title='bbox 2987 2916 3218 2987; x_wconf 81' lang='lat' dir='ltr'>ofﬁciis,</span> <span class='ocrx_word' id='word_1_354' title='bbox 3252 2921 3360 2972; x_wconf 88' lang='lat' dir='ltr'>etc.</span> <span class='ocrx_word' id='word_1_355' title='bbox 3397 2919 3483 2972; x_wconf 88' lang='lat' dir='ltr'>1V.</span> <span class='ocrx_word' id='word_1_356' title='bbox 3527 2919 3606 2972; x_wconf 94' lang='lat' dir='ltr'>De</span> <span class='ocrx_word' id='word_1_357' title='bbox 3634 2931 3955 2988; x_wconf 65' lang='lat' dir='ltr'>praepara-</span> 
     </span>
    </p>
   </div>
   <div class='ocr_carea' id='block_1_29' title="bbox 578 3003 3951 3080">
    <p class='ocr_par' dir='ltr' id='par_1_29' title="bbox 578 3003 3951 3080">
     <span class='ocr_line' id='line_1_29' title="bbox 578 3003 3951 3080; baseline -0.002 -14"><span class='ocrx_word' id='word_1_358' title='bbox 578 3011 737 3067; x_wconf 92' lang='lat' dir='ltr'>tione</span> <span class='ocrx_word' id='word_1_359' title='bbox 767 3010 1150 3067; x_wconf 90' lang='lat' dir='ltr'>sacerdotum</span> <span class='ocrx_word' id='word_1_360' title='bbox 1179 3011 1260 3066; x_wconf 90' lang='lat' dir='ltr'>ad</span> <span class='ocrx_word' id='word_1_361' title='bbox 1289 3011 1559 3075; x_wconf 90' lang='lat' dir='ltr'>missam,</span> <span class='ocrx_word' id='word_1_362' title='bbox 1593 3010 1882 3078; x_wconf 86' lang='lat' dir='ltr'>vestibus,</span> <span class='ocrx_word' id='word_1_363' title='bbox 1915 3015 2026 3066; x_wconf 90' lang='lat' dir='ltr'>etc.</span> <span class='ocrx_word' id='word_1_364' title='bbox 2060 3011 2122 3064; x_wconf 84' lang='lat' dir='ltr'>V.</span> <span class='ocrx_word' id='word_1_365' title='bbox 2160 3007 2510 3080; x_wconf 88' lang='lat' dir='ltr'>Singillatim</span> <span class='ocrx_word' id='word_1_366' title='bbox 2545 3008 2618 3063; x_wconf 91' lang='lat' dir='ltr'>de</span> <span class='ocrx_word' id='word_1_367' title='bbox 2649 3007 2848 3063; x_wconf 69' lang='lat' dir='ltr'>missa:</span> <span class='ocrx_word' id='word_1_368' title='bbox 2876 3006 3168 3078; x_wconf 89' lang='lat' dir='ltr'>partibus.</span> <span class='ocrx_word' id='word_1_369' title='bbox 3211 3006 3300 3061; x_wconf 83' lang='lat' dir='ltr'>VI.</span> <span class='ocrx_word' id='word_1_370' title='bbox 3333 3005 3545 3062; x_wconf 87' lang='lat' dir='ltr'>Adhuc</span> <span class='ocrx_word' id='word_1_371' title='bbox 3587 3005 3662 3060; x_wconf 90' lang='lat' dir='ltr'>de</span> <span class='ocrx_word' id='word_1_372' title='bbox 3701 3003 3951 3076; x_wconf 86' lang='lat' dir='ltr'>reliquis</span> 
     </span>
    </p>
   </div>
   <div class='ocr_carea' id='block_1_30' title="bbox 577 3093 3947 3171">
    <p class='ocr_par' dir='ltr' id='par_1_30' title="bbox 577 3093 3947 3171">
     <span class='ocr_line' id='line_1_30' title="bbox 577 3093 3947 3171; baseline -0.002 -16"><span class='ocrx_word' id='word_1_373' title='bbox 577 3100 785 3155; x_wconf 64' lang='lat' dir='ltr'>missae</span> <span class='ocrx_word' id='word_1_374' title='bbox 810 3099 1109 3171; x_wconf 87' lang='lat' dir='ltr'>partibus.</span> <span class='ocrx_word' id='word_1_375' title='bbox 1129 3102 1423 3155; x_wconf 85' lang='lat' dir='ltr'>Hactenus</span> <span class='ocrx_word' id='word_1_376' title='bbox 1442 3099 1630 3155; x_wconf 80' lang='lat' dir='ltr'>codex</span> <span class='ocrx_word' id='word_1_377' title='bbox 1660 3099 1921 3154; x_wconf 87' lang='lat' dir='ltr'>Latinus.</span> <span class='ocrx_word' id='word_1_378' title='bbox 1949 3103 2010 3154; x_wconf 93' lang='lat' dir='ltr'>In</span> <span class='ocrx_word' id='word_1_379' title='bbox 2028 3097 2397 3154; x_wconf 89' lang='lat' dir='ltr'>carsciunico</span> <span class='ocrx_word' id='word_1_380' title='bbox 2423 3101 2828 3168; x_wconf 89' lang='lat' dir='ltr'>autem,parte</span> <span class='ocrx_word' id='word_1_381' title='bbox 2850 3096 2971 3150; x_wconf 83' lang='lat' dir='ltr'>VII.</span> <span class='ocrx_word' id='word_1_382' title='bbox 2995 3095 3334 3152; x_wconf 88' lang='lat' dir='ltr'>Prosecutio</span> <span class='ocrx_word' id='word_1_383' title='bbox 3361 3099 3448 3150; x_wconf 92' lang='lat' dir='ltr'>est</span> <span class='ocrx_word' id='word_1_384' title='bbox 3464 3093 3694 3150; x_wconf 90' lang='lat' dir='ltr'>ordinis</span> <span class='ocrx_word' id='word_1_385' title='bbox 3719 3093 3947 3161; x_wconf 62' lang='lat' dir='ltr'>missae,</span> 
     </span>
    </p>
   </div>
   <div class='ocr_carea' id='block_1_31' title="bbox 580 3183 3948 3259">
    <p class='ocr_par' dir='ltr' id='par_1_31' title="bbox 580 3183 3948 3259">
     <span class='ocr_line' id='line_1_31' title="bbox 580 3183 3948 3259; baseline -0.002 -16"><span class='ocrx_word' id='word_1_386' title='bbox 580 3187 821 3254; x_wconf 88' lang='lat' dir='ltr'>scilicet,</span> <span class='ocrx_word' id='word_1_387' title='bbox 855 3187 929 3242; x_wconf 90' lang='lat' dir='ltr'>de</span> <span class='ocrx_word' id='word_1_388' title='bbox 960 3201 1110 3259; x_wconf 90' lang='lat' dir='ltr'>pace</span> <span class='ocrx_word' id='word_1_389' title='bbox 1131 3187 1356 3253; x_wconf 90' lang='lat' dir='ltr'>danda,</span> <span class='ocrx_word' id='word_1_390' title='bbox 1385 3193 1442 3243; x_wconf 91' lang='lat' dir='ltr'>et</span> <span class='ocrx_word' id='word_1_391' title='bbox 1465 3187 1540 3243; x_wconf 93' lang='lat' dir='ltr'>de</span> <span class='ocrx_word' id='word_1_392' title='bbox 1562 3187 1765 3244; x_wconf 89' lang='lat' dir='ltr'>altaris</span> <span class='ocrx_word' id='word_1_393' title='bbox 1786 3186 2104 3256; x_wconf 86' lang='lat' dir='ltr'>velamine,</span> <span class='ocrx_word' id='word_1_394' title='bbox 2135 3202 2247 3243; x_wconf 91' lang='lat' dir='ltr'>nec</span> <span class='ocrx_word' id='word_1_395' title='bbox 2275 3201 2398 3242; x_wconf 92' lang='lat' dir='ltr'>non</span> <span class='ocrx_word' id='word_1_396' title='bbox 2425 3187 2729 3259; x_wconf 88' lang='lat' dir='ltr'>apertione</span> <span class='ocrx_word' id='word_1_397' title='bbox 2751 3185 3198 3258; x_wconf 87' lang='lat' dir='ltr'>mysteriorum.</span> <span class='ocrx_word' id='word_1_398' title='bbox 3232 3187 3366 3240; x_wconf 87' lang='lat' dir='ltr'>Vlll.</span> <span class='ocrx_word' id='word_1_399' title='bbox 3395 3186 3474 3239; x_wconf 91' lang='lat' dir='ltr'>De</span> <span class='ocrx_word' id='word_1_400' title='bbox 3497 3183 3948 3239; x_wconf 87' lang='lat' dir='ltr'>consecratione</span> 
     </span>
    </p>
   </div>
   <div class='ocr_carea' id='block_1_32' title="bbox 581 3270 3950 3348">
    <p class='ocr_par' dir='ltr' id='par_1_32' title="bbox 581 3270 3950 3348">
     <span class='ocr_line' id='line_1_32' title="bbox 581 3270 3950 3348; baseline -0.001 -18"><span class='ocrx_word' id='word_1_401' title='bbox 581 3275 966 3343; x_wconf 89' lang='lat' dir='ltr'>sacramenti,</span> <span class='ocrx_word' id='word_1_402' title='bbox 997 3275 1162 3348; x_wconf 92' lang='lat' dir='ltr'>quod</span> <span class='ocrx_word' id='word_1_403' title='bbox 1194 3281 1286 3332; x_wconf 91' lang='lat' dir='ltr'>est</span> <span class='ocrx_word' id='word_1_404' title='bbox 1306 3275 1640 3332; x_wconf 89' lang='lat' dir='ltr'>secundum</span> <span class='ocrx_word' id='word_1_405' title='bbox 1668 3277 1862 3331; x_wconf 64' lang='lat' dir='ltr'>missae</span> <span class='ocrx_word' id='word_1_406' title='bbox 1890 3280 2290 3348; x_wconf 88' lang='lat' dir='ltr'>segmentum.</span> <span class='ocrx_word' id='word_1_407' title='bbox 2317 3277 2400 3332; x_wconf 85' lang='lat' dir='ltr'>IX.</span> <span class='ocrx_word' id='word_1_408' title='bbox 2427 3278 2508 3332; x_wconf 94' lang='lat' dir='ltr'>De</span> <span class='ocrx_word' id='word_1_409' title='bbox 2526 3274 2838 3345; x_wconf 90' lang='lat' dir='ltr'>signaculo</span> <span class='ocrx_word' id='word_1_410' title='bbox 2861 3274 3054 3330; x_wconf 88' lang='lat' dir='ltr'>crucis</span> <span class='ocrx_word' id='word_1_411' title='bbox 3079 3289 3260 3347; x_wconf 91' lang='lat' dir='ltr'>super</span> <span class='ocrx_word' id='word_1_412' title='bbox 3277 3272 3546 3338; x_wconf 89' lang='lat' dir='ltr'>calicem,</span> <span class='ocrx_word' id='word_1_413' title='bbox 3568 3271 3646 3328; x_wconf 92' lang='lat' dir='ltr'>de</span> <span class='ocrx_word' id='word_1_414' title='bbox 3669 3270 3950 3330; x_wconf 87' lang='lat' dir='ltr'>Oratione</span> 
     </span>
    </p>
   </div>
   <div class='ocr_carea' id='block_1_33' title="bbox 580 3361 3956 3439">
    <p class='ocr_par' dir='ltr' id='par_1_33' title="bbox 580 3361 3956 3439">
     <span class='ocr_line' id='line_1_33' title="bbox 580 3361 3956 3439; baseline -0.001 -19"><span class='ocrx_word' id='word_1_415' title='bbox 580 3362 911 3431; x_wconf 91' lang='lat' dir='ltr'>Dominica,</span> <span class='ocrx_word' id='word_1_416' title='bbox 957 3369 1014 3419; x_wconf 92' lang='lat' dir='ltr'>et</span> <span class='ocrx_word' id='word_1_417' title='bbox 1058 3365 1413 3420; x_wconf 85' lang='lat' dir='ltr'>sacramenti</span> <span class='ocrx_word' id='word_1_418' title='bbox 1447 3365 1774 3422; x_wconf 90' lang='lat' dir='ltr'>elevatione</span> <span class='ocrx_word' id='word_1_419' title='bbox 1809 3367 1867 3421; x_wconf 88' lang='lat' dir='ltr'>X.</span> <span class='ocrx_word' id='word_1_420' title='bbox 1911 3368 1988 3420; x_wconf 92' lang='lat' dir='ltr'>De</span> <span class='ocrx_word' id='word_1_421' title='bbox 2019 3364 2307 3438; x_wconf 74' lang='lat' dir='ltr'>fractione</span> <span class='ocrx_word' id='word_1_422' title='bbox 2340 3366 2677 3439; x_wconf 90' lang='lat' dir='ltr'>specierum</span> <span class='ocrx_word' id='word_1_423' title='bbox 2702 3365 2899 3439; x_wconf 91' lang='lat' dir='ltr'>panis,</span> <span class='ocrx_word' id='word_1_424' title='bbox 2931 3368 2988 3422; x_wconf 91' lang='lat' dir='ltr'>et</span> <span class='ocrx_word' id='word_1_425' title='bbox 3017 3364 3367 3437; x_wconf 89' lang='lat' dir='ltr'>aspersione</span> <span class='ocrx_word' id='word_1_426' title='bbox 3397 3361 3786 3419; x_wconf 89' lang='lat' dir='ltr'>sacratissimi</span> <span class='ocrx_word' id='word_1_427' title='bbox 3817 3375 3956 3417; x_wconf 86' lang='lat' dir='ltr'>san-</span> 
     </span>
    </p>
   </div>
   <div class='ocr_carea' id='block_1_34' title="bbox 582 3451 2520 3525">
    <p class='ocr_par' dir='ltr' id='par_1_34' title="bbox 582 3451 2520 3525">
     <span class='ocr_line' id='line_1_34' title="bbox 582 3451 2520 3525; baseline 0.002 -18"><span class='ocrx_word' id='word_1_428' title='bbox 582 3451 782 3524; x_wconf 87' lang='lat' dir='ltr'>guinis</span> <span class='ocrx_word' id='word_1_429' title='bbox 810 3468 991 3525; x_wconf 91' lang='lat' dir='ltr'>super</span> <span class='ocrx_word' id='word_1_430' title='bbox 1019 3452 1171 3523; x_wconf 88' lang='lat' dir='ltr'>illas,</span> <span class='ocrx_word' id='word_1_431' title='bbox 1195 3459 1251 3510; x_wconf 91' lang='lat' dir='ltr'>et</span> <span class='ocrx_word' id='word_1_432' title='bbox 1279 3453 1354 3509; x_wconf 92' lang='lat' dir='ltr'>de</span> <span class='ocrx_word' id='word_1_433' title='bbox 1397 3455 1756 3511; x_wconf 89' lang='lat' dir='ltr'>sacramenti</span> <span class='ocrx_word' id='word_1_434' title='bbox 1781 3455 2197 3512; x_wconf 89' lang='lat' dir='ltr'>distributione</span> <span class='ocrx_word' id='word_1_435' title='bbox 2220 3454 2520 3511; x_wconf 89' lang='lat' dir='ltr'>ﬁdelibus.</span> 
     </span>
    </p>
   </div>
   <div class='ocr_carea' id='block_1_35' title="bbox 651 3573 3962 3653">
    <p class='ocr_par' dir='ltr' id='par_1_35' title="bbox 651 3573 3962 3653">
     <span class='ocr_line' id='line_1_35' title="bbox 651 3573 3962 3653; baseline -0.002 -19"><span class='ocrx_word' id='word_1_436' title='bbox 651 3579 785 3634; x_wconf 88' lang='lat' dir='ltr'>Jam</span> <span class='ocrx_word' id='word_1_437' title='bbox 804 3593 948 3634; x_wconf 90' lang='lat' dir='ltr'>vero</span> <span class='ocrx_word' id='word_1_438' title='bbox 977 3578 1039 3634; x_wconf 90' lang='lat' dir='ltr'>in</span> <span class='ocrx_word' id='word_1_439' title='bbox 1071 3582 1326 3636; x_wconf 88' lang='lat' dir='ltr'>tractatu</span> <span class='ocrx_word' id='word_1_440' title='bbox 1354 3583 1477 3636; x_wconf 91' lang='lat' dir='ltr'>tam</span> <span class='ocrx_word' id='word_1_441' title='bbox 1499 3579 1702 3645; x_wconf 88' lang='lat' dir='ltr'>ubere,</span> <span class='ocrx_word' id='word_1_442' title='bbox 1729 3580 1919 3637; x_wconf 91' lang='lat' dir='ltr'>multa</span> <span class='ocrx_word' id='word_1_443' title='bbox 1949 3597 2077 3637; x_wconf 91' lang='lat' dir='ltr'>esse</span> <span class='ocrx_word' id='word_1_444' title='bbox 2104 3580 2264 3637; x_wconf 89' lang='lat' dir='ltr'>bona</span> <span class='ocrx_word' id='word_1_445' title='bbox 2295 3583 2349 3636; x_wconf 90' lang='lat' dir='ltr'>et</span> <span class='ocrx_word' id='word_1_446' title='bbox 2370 3578 2557 3647; x_wconf 87' lang='lat' dir='ltr'>utilia,</span> <span class='ocrx_word' id='word_1_447' title='bbox 2579 3585 2636 3636; x_wconf 93' lang='lat' dir='ltr'>et</span> <span class='ocrx_word' id='word_1_448' title='bbox 2661 3579 3029 3653; x_wconf 89' lang='lat' dir='ltr'>quandoque</span> <span class='ocrx_word' id='word_1_449' title='bbox 3053 3578 3232 3636; x_wconf 90' lang='lat' dir='ltr'>etiam</span> <span class='ocrx_word' id='word_1_450' title='bbox 3253 3577 3592 3651; x_wconf 89' lang='lat' dir='ltr'>peregrina,</span> <span class='ocrx_word' id='word_1_451' title='bbox 3624 3574 3754 3648; x_wconf 85' lang='lat' dir='ltr'>quis</span> <span class='ocrx_word' id='word_1_452' title='bbox 3772 3573 3962 3630; x_wconf 81' lang='lat' dir='ltr'>dubi-</span> 
     </span>
    </p>
   </div>
   <div class='ocr_carea' id='block_1_36' title="bbox 581 3662 3958 3742">
    <p class='ocr_par' dir='ltr' id='par_1_36' title="bbox 581 3662 3958 3742">
     <span class='ocr_line' id='line_1_36' title="bbox 581 3662 3958 3742; baseline -0.002 -19"><span class='ocrx_word' id='word_1_453' title='bbox 581 3668 710 3724; x_wconf 90' lang='lat' dir='ltr'>tet?</span> <span class='ocrx_word' id='word_1_454' title='bbox 739 3666 1041 3740; x_wconf 87' lang='lat' dir='ltr'>Imprimis</span> <span class='ocrx_word' id='word_1_455' title='bbox 1064 3668 1404 3726; x_wconf 87' lang='lat' dir='ltr'>testimonia</span> <span class='ocrx_word' id='word_1_456' title='bbox 1434 3669 1768 3727; x_wconf 89' lang='lat' dir='ltr'>clarissima</span> <span class='ocrx_word' id='word_1_457' title='bbox 1797 3669 1871 3727; x_wconf 93' lang='lat' dir='ltr'>de</span> <span class='ocrx_word' id='word_1_458' title='bbox 1899 3669 2112 3726; x_wconf 88' lang='lat' dir='ltr'>Christi</span> <span class='ocrx_word' id='word_1_459' title='bbox 2139 3684 2390 3742; x_wconf 90' lang='lat' dir='ltr'>corpore</span> <span class='ocrx_word' id='word_1_460' title='bbox 2419 3669 2482 3724; x_wconf 92' lang='lat' dir='ltr'>in</span> <span class='ocrx_word' id='word_1_461' title='bbox 2512 3668 2880 3725; x_wconf 90' lang='lat' dir='ltr'>Eucharistia</span> <span class='ocrx_word' id='word_1_462' title='bbox 2904 3671 3220 3742; x_wconf 66' lang='lat' dir='ltr'>praesente,</span> <span class='ocrx_word' id='word_1_463' title='bbox 3248 3672 3305 3724; x_wconf 89' lang='lat' dir='ltr'>et</span> <span class='ocrx_word' id='word_1_464' title='bbox 3323 3666 3490 3740; x_wconf 91' lang='lat' dir='ltr'>quod</span> <span class='ocrx_word' id='word_1_465' title='bbox 3521 3662 3728 3723; x_wconf 87' lang='lat' dir='ltr'>Christi</span> <span class='ocrx_word' id='word_1_466' title='bbox 3752 3662 3958 3736; x_wconf 90' lang='lat' dir='ltr'>ipsius</span> 
     </span>
    </p>
   </div>
   <div class='ocr_carea' id='block_1_37' title="bbox 581 3752 3963 3830">
    <p class='ocr_par' dir='ltr' id='par_1_37' title="bbox 581 3752 3963 3830">
     <span class='ocr_line' id='line_1_37' title="bbox 581 3752 3963 3830; baseline -0.001 -18"><span class='ocrx_word' id='word_1_467' title='bbox 581 3756 934 3813; x_wconf 87' lang='lat' dir='ltr'>institutoris</span> <span class='ocrx_word' id='word_1_468' title='bbox 960 3757 1156 3814; x_wconf 90' lang='lat' dir='ltr'>verbis</span> <span class='ocrx_word' id='word_1_469' title='bbox 1185 3757 1291 3815; x_wconf 91' lang='lat' dir='ltr'>ﬁat</span> <span class='ocrx_word' id='word_1_470' title='bbox 1317 3759 1711 3816; x_wconf 91' lang='lat' dir='ltr'>consecratio.</span> <span class='ocrx_word' id='word_1_471' title='bbox 1746 3762 1890 3816; x_wconf 87' lang='lat' dir='ltr'>ltem</span> <span class='ocrx_word' id='word_1_472' title='bbox 1926 3759 2001 3815; x_wconf 91' lang='lat' dir='ltr'>de</span> <span class='ocrx_word' id='word_1_473' title='bbox 2029 3759 2182 3815; x_wconf 89' lang='lat' dir='ltr'>Petri</span> <span class='ocrx_word' id='word_1_474' title='bbox 2213 3763 2265 3814; x_wconf 87' lang='lat' dir='ltr'>et</span> <span class='ocrx_word' id='word_1_475' title='bbox 2298 3757 2552 3815; x_wconf 84' lang='lat' dir='ltr'>Romani</span> <span class='ocrx_word' id='word_1_476' title='bbox 2583 3757 2882 3830; x_wconf 88' lang='lat' dir='ltr'>pontiﬁcis</span> <span class='ocrx_word' id='word_1_477' title='bbox 2909 3758 3193 3830; x_wconf 87' lang='lat' dir='ltr'>primatu,</span> <span class='ocrx_word' id='word_1_478' title='bbox 3226 3773 3411 3830; x_wconf 88' lang='lat' dir='ltr'>quem</span> <span class='ocrx_word' id='word_1_479' title='bbox 3441 3754 3695 3812; x_wconf 88' lang='lat' dir='ltr'>summis</span> <span class='ocrx_word' id='word_1_480' title='bbox 3725 3752 3963 3810; x_wconf 85' lang='lat' dir='ltr'>viribus</span> 
     </span>
    </p>
   </div>
   <div class='ocr_carea' id='block_1_38' title="bbox 579 3843 3962 3921">
    <p class='ocr_par' dir='ltr' id='par_1_38' title="bbox 579 3843 3962 3921">
     <span class='ocr_line' id='line_1_38' title="bbox 579 3843 3962 3921; baseline -0.001 -19"><span class='ocrx_word' id='word_1_481' title='bbox 579 3852 943 3919; x_wconf 87' lang='lat' dir='ltr'>propugnat,</span> <span class='ocrx_word' id='word_1_482' title='bbox 959 3851 1017 3904; x_wconf 90' lang='lat' dir='ltr'>et</span> <span class='ocrx_word' id='word_1_483' title='bbox 1035 3847 1114 3904; x_wconf 88' lang='lat' dir='ltr'>ad</span> <span class='ocrx_word' id='word_1_484' title='bbox 1141 3848 1485 3905; x_wconf 88' lang='lat' dir='ltr'>universam</span> <span class='ocrx_word' id='word_1_485' title='bbox 1511 3849 1858 3919; x_wconf 87' lang='lat' dir='ltr'>Ecclesiam,</span> <span class='ocrx_word' id='word_1_486' title='bbox 1881 3853 2063 3921; x_wconf 89' lang='lat' dir='ltr'>prout</span> <span class='ocrx_word' id='word_1_487' title='bbox 2084 3849 2140 3903; x_wconf 81' lang='lat' dir='ltr'>in</span> <span class='ocrx_word' id='word_1_488' title='bbox 2165 3847 2499 3903; x_wconf 80' lang='lat' dir='ltr'>Florentino</span> <span class='ocrx_word' id='word_1_489' title='bbox 2519 3847 2890 3904; x_wconf 70' lang='lat' dir='ltr'>mcumenico</span> <span class='ocrx_word' id='word_1_490' title='bbox 2912 3846 3226 3902; x_wconf 87' lang='lat' dir='ltr'>definitum</span> <span class='ocrx_word' id='word_1_491' title='bbox 3238 3851 3343 3916; x_wconf 90' lang='lat' dir='ltr'>est,</span> <span class='ocrx_word' id='word_1_492' title='bbox 3361 3843 3643 3902; x_wconf 86' lang='lat' dir='ltr'>extendit.</span> <span class='ocrx_word' id='word_1_493' title='bbox 3660 3845 3795 3914; x_wconf 87' lang='lat' dir='ltr'>(Par</span> <span class='ocrx_word' id='word_1_494' title='bbox 3813 3858 3962 3913; x_wconf 83' lang='lat' dir='ltr'>erga</span> 
     </span>
    </p>
   </div>
   <div class='ocr_carea' id='block_1_39' title="bbox 580 3933 3960 4010">
    <p class='ocr_par' dir='ltr' id='par_1_39' title="bbox 580 3933 3960 4010">
     <span class='ocr_line' id='line_1_39' title="bbox 580 3933 3960 4010; baseline -0.001 -18"><span class='ocrx_word' id='word_1_495' title='bbox 580 3937 730 3992; x_wconf 87' lang='lat' dir='ltr'>Petri</span> <span class='ocrx_word' id='word_1_496' title='bbox 753 3953 1170 3993; x_wconf 85' lang='lat' dir='ltr'>successorem</span> <span class='ocrx_word' id='word_1_497' title='bbox 1192 3938 1506 4009; x_wconf 90' lang='lat' dir='ltr'>proﬁtetur</span> <span class='ocrx_word' id='word_1_498' title='bbox 1521 3937 1882 4010; x_wconf 87' lang='lat' dir='ltr'>obsequium</span> <span class='ocrx_word' id='word_1_499' title='bbox 1905 3938 2083 3994; x_wconf 89' lang='lat' dir='ltr'>etiam</span> <span class='ocrx_word' id='word_1_500' title='bbox 2107 3942 2315 3994; x_wconf 90' lang='lat' dir='ltr'>auctor</span> <span class='ocrx_word' id='word_1_501' title='bbox 2325 3935 2461 3992; x_wconf 91' lang='lat' dir='ltr'>libri</span> <span class='ocrx_word' id='word_1_502' title='bbox 2480 3953 2592 3992; x_wconf 91' lang='lat' dir='ltr'>ms.</span> <span class='ocrx_word' id='word_1_503' title='bbox 2612 3953 2795 4009; x_wconf 89' lang='lat' dir='ltr'>quem</span> <span class='ocrx_word' id='word_1_504' title='bbox 2812 3952 2936 4009; x_wconf 70' lang='lat' dir='ltr'>pra:</span> <span class='ocrx_word' id='word_1_505' title='bbox 2951 3935 3236 3993; x_wconf 90' lang='lat' dir='ltr'>manibus</span> <span class='ocrx_word' id='word_1_506' title='bbox 3257 3935 3452 3992; x_wconf 88' lang='lat' dir='ltr'>habeo</span> <span class='ocrx_word' id='word_1_507' title='bbox 3465 3933 3960 3990; x_wconf 69' lang='lat' dir='ltr'>caerimoniarum</span> 
     </span>
    </p>
   </div>
   <div class='ocr_carea' id='block_1_40' title="bbox 582 4021 3962 4098">
    <p class='ocr_par' dir='ltr' id='par_1_40' title="bbox 582 4021 3962 4098">
     <span class='ocr_line' id='line_1_40' title="bbox 582 4021 3962 4098; baseline -0.002 -17"><span class='ocrx_word' id='word_1_508' title='bbox 582 4025 860 4082; x_wconf 62' lang='lat' dir='ltr'>Ecclesiae</span> <span class='ocrx_word' id='word_1_509' title='bbox 885 4026 1266 4096; x_wconf 81' lang='lat' dir='ltr'>Maroniticae,</span> <span class='ocrx_word' id='word_1_510' title='bbox 1285 4026 1388 4082; x_wconf 90' lang='lat' dir='ltr'>ubi</span> <span class='ocrx_word' id='word_1_511' title='bbox 1408 4027 1472 4081; x_wconf 93' lang='lat' dir='ltr'>in</span> <span class='ocrx_word' id='word_1_512' title='bbox 1499 4027 1751 4098; x_wconf 89' lang='lat' dir='ltr'>prologo</span> <span class='ocrx_word' id='word_1_513' title='bbox 1773 4027 1990 4083; x_wconf 91' lang='lat' dir='ltr'>dicitur</span> <span class='ocrx_word' id='word_1_514' title='bbox 2010 4029 2166 4083; x_wconf 91' lang='lat' dir='ltr'>Deus</span> <span class='ocrx_word' id='word_1_515' title='bbox 2194 4025 2482 4082; x_wconf 77' lang='lat' dir='ltr'>fundasse</span> <span class='ocrx_word' id='word_1_516' title='bbox 2513 4025 2835 4082; x_wconf 83' lang='lat' dir='ltr'>Ecclesiam</span> <span class='ocrx_word' id='word_1_517' title='bbox 2861 4041 2932 4082; x_wconf 89' lang='lat' dir='ltr'>ac</span> <span class='ocrx_word' id='word_1_518' title='bbox 2962 4025 3323 4084; x_wconf 85' lang='lat' dir='ltr'>stabilivisse</span> <span class='ocrx_word' id='word_1_519' title='bbox 3343 4040 3530 4097; x_wconf 88' lang='lat' dir='ltr'>supra</span> <span class='ocrx_word' id='word_1_520' title='bbox 3558 4027 3793 4095; x_wconf 89' lang='lat' dir='ltr'>patrem</span> <span class='ocrx_word' id='word_1_521' title='bbox 3817 4021 3962 4077; x_wconf 87' lang='lat' dir='ltr'>ﬁdei</span> 
     </span>
    </p>
   </div>
   <div class='ocr_carea' id='block_1_41' title="bbox 581 4110 3962 4189">
    <p class='ocr_par' dir='ltr' id='par_1_41' title="bbox 581 4110 3962 4189">
     <span class='ocr_line' id='line_1_41' title="bbox 581 4110 3962 4189; baseline -0.002 -20"><span class='ocrx_word' id='word_1_522' title='bbox 581 4113 777 4186; x_wconf 85' lang='lat' dir='ltr'>Petri).</span> <span class='ocrx_word' id='word_1_523' title='bbox 807 4113 1032 4171; x_wconf 90' lang='lat' dir='ltr'>Deinde</span> <span class='ocrx_word' id='word_1_524' title='bbox 1062 4114 1137 4170; x_wconf 93' lang='lat' dir='ltr'>de</span> <span class='ocrx_word' id='word_1_525' title='bbox 1169 4115 1578 4186; x_wconf 89' lang='lat' dir='ltr'>patriarchatu</span> <span class='ocrx_word' id='word_1_526' title='bbox 1603 4117 1974 4173; x_wconf 78' lang='lat' dir='ltr'>Antiocheno</span> <span class='ocrx_word' id='word_1_527' title='bbox 1996 4117 2119 4189; x_wconf 88' lang='lat' dir='ltr'>agit</span> <span class='ocrx_word' id='word_1_528' title='bbox 2148 4115 2462 4172; x_wconf 86' lang='lat' dir='ltr'>Aldoensis</span> <span class='ocrx_word' id='word_1_529' title='bbox 2491 4134 2504 4184; x_wconf 90' lang='lat'>;</span> <span class='ocrx_word' id='word_1_530' title='bbox 2536 4115 2613 4172; x_wconf 92' lang='lat' dir='ltr'>de</span> <span class='ocrx_word' id='word_1_531' title='bbox 2636 4117 2732 4172; x_wconf 93' lang='lat' dir='ltr'>SS.</span> <span class='ocrx_word' id='word_1_532' title='bbox 2767 4115 3108 4187; x_wconf 88' lang='lat' dir='ltr'>imaginum</span> <span class='ocrx_word' id='word_1_533' title='bbox 3137 4114 3518 4170; x_wconf 86' lang='lat' dir='ltr'>veneratione</span> <span class='ocrx_word' id='word_1_534' title='bbox 3544 4129 3557 4179; x_wconf 91' lang='lat'>;</span> <span class='ocrx_word' id='word_1_535' title='bbox 3581 4111 3654 4167; x_wconf 91' lang='lat' dir='ltr'>de</span> <span class='ocrx_word' id='word_1_536' title='bbox 3685 4110 3962 4166; x_wconf 85' lang='lat' dir='ltr'>vestibus</span> 
     </span>
    </p>
   </div>
   <div class='ocr_carea' id='block_1_42' title="bbox 585 4199 3959 4278">
    <p class='ocr_par' dir='ltr' id='par_1_42' title="bbox 585 4199 3959 4278">
     <span class='ocr_line' id='line_1_42' title="bbox 585 4199 3959 4278; baseline -0.001 -20"><span class='ocrx_word' id='word_1_537' title='bbox 585 4206 765 4274; x_wconf 88' lang='lat' dir='ltr'>atque</span> <span class='ocrx_word' id='word_1_538' title='bbox 781 4203 1096 4259; x_wconf 89' lang='lat' dir='ltr'>ornatibus</span> <span class='ocrx_word' id='word_1_539' title='bbox 1119 4204 1581 4275; x_wconf 83' lang='lat' dir='ltr'>pontiﬁcalibus,</span> <span class='ocrx_word' id='word_1_540' title='bbox 1611 4211 1722 4262; x_wconf 90' lang='lat' dir='ltr'>etc.</span> <span class='ocrx_word' id='word_1_541' title='bbox 1746 4210 2052 4263; x_wconf 91' lang='lat' dir='ltr'>Postremo</span> <span class='ocrx_word' id='word_1_542' title='bbox 2075 4205 2316 4278; x_wconf 89' lang='lat' dir='ltr'>copiose</span> <span class='ocrx_word' id='word_1_543' title='bbox 2342 4203 2654 4261; x_wconf 90' lang='lat' dir='ltr'>disseritur</span> <span class='ocrx_word' id='word_1_544' title='bbox 2685 4204 2759 4261; x_wconf 94' lang='lat' dir='ltr'>de</span> <span class='ocrx_word' id='word_1_545' title='bbox 2777 4205 3042 4276; x_wconf 87' lang='lat' dir='ltr'>trisagio,</span> <span class='ocrx_word' id='word_1_546' title='bbox 3067 4205 3240 4276; x_wconf 90' lang='lat' dir='ltr'>cujus</span> <span class='ocrx_word' id='word_1_547' title='bbox 3265 4203 3444 4260; x_wconf 88' lang='lat' dir='ltr'>etiam</span> <span class='ocrx_word' id='word_1_548' title='bbox 3466 4201 3697 4258; x_wconf 90' lang='lat' dir='ltr'>celebre</span> <span class='ocrx_word' id='word_1_549' title='bbox 3719 4199 3959 4257; x_wconf 88' lang='lat' dir='ltr'>addita-</span> 
     </span>
    </p>
   </div>
   <div class='ocr_carea' id='block_1_43' title="bbox 583 4290 3959 4366">
    <p class='ocr_par' dir='ltr' id='par_1_43' title="bbox 583 4290 3959 4366">
     <span class='ocr_line' id='line_1_43' title="bbox 583 4290 3959 4366; baseline -0.001 -18"><span class='ocrx_word' id='word_1_550' title='bbox 583 4295 858 4348; x_wconf 88' lang='lat' dir='ltr'>mentum</span> <span class='ocrx_word' id='word_1_551' title='bbox 907 4292 1012 4363; x_wconf 64' lang='grc' dir='ltr'>(μή</span> <span class='ocrx_word' id='word_1_552' title='bbox 1057 4295 1388 4363; x_wconf 68' lang='lat' dir='ltr'>cruciﬁxus</span> <span class='ocrx_word' id='word_1_553' title='bbox 1425 4301 1509 4351; x_wconf 81' lang='lat' dir='ltr'>est</span> <span class='ocrx_word' id='word_1_554' title='bbox 1547 4312 1658 4366; x_wconf 76' lang='lat' dir='ltr'>pro</span> <span class='ocrx_word' id='word_1_555' title='bbox 1697 4297 1887 4365; x_wconf 82' lang='lat' dir='ltr'>nobis,</span> <span class='ocrx_word' id='word_1_556' title='bbox 1916 4297 1977 4351; x_wconf 92' lang='lat' dir='ltr'>in</span> <span class='ocrx_word' id='word_1_557' title='bbox 2001 4295 2272 4351; x_wconf 87' lang='lat' dir='ltr'>Ecclesiis</span> <span class='ocrx_word' id='word_1_558' title='bbox 2311 4293 2711 4350; x_wconf 89' lang='lat' dir='ltr'>Orientalibus</span> <span class='ocrx_word' id='word_1_559' title='bbox 2739 4294 2924 4364; x_wconf 89' lang='lat' dir='ltr'>vulgo</span> <span class='ocrx_word' id='word_1_560' title='bbox 2953 4297 3337 4366; x_wconf 83' lang='lat' dir='ltr'>usurpatum,</span> <span class='ocrx_word' id='word_1_561' title='bbox 3371 4290 3686 4348; x_wconf 80' lang='lat' dir='ltr'>Aldoensis</span> <span class='ocrx_word' id='word_1_562' title='bbox 3719 4294 3959 4356; x_wconf 90' lang='lat' dir='ltr'>tuetur;</span> 
     </span>
    </p>
   </div>
   <div class='ocr_carea' id='block_1_44' title="bbox 582 4379 3963 4456">
    <p class='ocr_par' dir='ltr' id='par_1_44' title="bbox 582 4379 3963 4456">
     <span class='ocr_line' id='line_1_44' title="bbox 582 4379 3963 4456; baseline -0.001 -20"><span class='ocrx_word' id='word_1_563' title='bbox 582 4394 710 4437; x_wconf 92' lang='lat' dir='ltr'>non</span> <span class='ocrx_word' id='word_1_564' title='bbox 740 4379 820 4436; x_wconf 86' lang='lat' dir='ltr'>ad</span> <span class='ocrx_word' id='word_1_565' title='bbox 848 4379 1192 4438; x_wconf 84' lang='lat' dir='ltr'>Trinitatem</span> <span class='ocrx_word' id='word_1_566' title='bbox 1223 4387 1426 4440; x_wconf 89' lang='lat' dir='ltr'>tamen</span> <span class='ocrx_word' id='word_1_567' title='bbox 1446 4383 1720 4456; x_wconf 89' lang='lat' dir='ltr'>relatum,</span> <span class='ocrx_word' id='word_1_568' title='bbox 1757 4385 1865 4441; x_wconf 90' lang='lat' dir='ltr'>sed</span> <span class='ocrx_word' id='word_1_569' title='bbox 1896 4384 1974 4440; x_wconf 89' lang='lat' dir='ltr'>ad</span> <span class='ocrx_word' id='word_1_570' title='bbox 2008 4383 2216 4440; x_wconf 88' lang='lat' dir='ltr'>Filium</span> <span class='ocrx_word' id='word_1_571' title='bbox 2254 4398 2266 4448; x_wconf 95' lang='lat'>;</span> <span class='ocrx_word' id='word_1_572' title='bbox 2320 4383 2445 4440; x_wconf 90' lang='lat' dir='ltr'>imo</span> <span class='ocrx_word' id='word_1_573' title='bbox 2471 4399 2596 4441; x_wconf 93' lang='lat' dir='ltr'>non</span> <span class='ocrx_word' id='word_1_574' title='bbox 2627 4383 3113 4440; x_wconf 73' lang='lat' dir='ltr'>additamentum</span> <span class='ocrx_word' id='word_1_575' title='bbox 3160 4381 3606 4452; x_wconf 89' lang='lat' dir='ltr'>tantummodo,</span> <span class='ocrx_word' id='word_1_576' title='bbox 3642 4379 3749 4436; x_wconf 91' lang='lat' dir='ltr'>sed</span> <span class='ocrx_word' id='word_1_577' title='bbox 3788 4379 3963 4435; x_wconf 76' lang='lat' dir='ltr'>trisa~</span> 
     </span>
    </p>
   </div>
   <div class='ocr_carea' id='block_1_45' title="bbox 586 4468 3963 4542">
    <p class='ocr_par' dir='ltr' id='par_1_45' title="bbox 586 4468 3963 4542">
     <span class='ocr_line' id='line_1_45' title="bbox 586 4468 3963 4542; baseline 0 -18"><span class='ocrx_word' id='word_1_578' title='bbox 586 4468 754 4539; x_wconf 88' lang='lat' dir='ltr'>gium</span> <span class='ocrx_word' id='word_1_579' title='bbox 784 4473 998 4538; x_wconf 89' lang='lat' dir='ltr'>totum,</span> <span class='ocrx_word' id='word_1_580' title='bbox 1027 4471 1106 4526; x_wconf 89' lang='lat' dir='ltr'>ad</span> <span class='ocrx_word' id='word_1_581' title='bbox 1129 4471 1324 4528; x_wconf 92' lang='lat' dir='ltr'>solum</span> <span class='ocrx_word' id='word_1_582' title='bbox 1358 4473 1569 4530; x_wconf 87' lang='lat' dir='ltr'>Filium</span> <span class='ocrx_word' id='word_1_583' title='bbox 1599 4474 1678 4529; x_wconf 87' lang='lat' dir='ltr'>ab</span> <span class='ocrx_word' id='word_1_584' title='bbox 1708 4473 2102 4529; x_wconf 90' lang='lat' dir='ltr'>Orientalibus</span> <span class='ocrx_word' id='word_1_585' title='bbox 2127 4472 2329 4529; x_wconf 87' lang='lat' dir='ltr'>referri</span> <span class='ocrx_word' id='word_1_586' title='bbox 2357 4477 2565 4530; x_wconf 84' lang='lat' dir='ltr'>narrat</span> <span class='ocrx_word' id='word_1_587' title='bbox 2601 4491 2616 4542; x_wconf 92' lang='lat'>;</span> <span class='ocrx_word' id='word_1_588' title='bbox 2661 4489 2832 4530; x_wconf 87' lang='lat' dir='ltr'>secus</span> <span class='ocrx_word' id='word_1_589' title='bbox 2862 4489 3002 4530; x_wconf 89' lang='lat' dir='ltr'>vero</span> <span class='ocrx_word' id='word_1_590' title='bbox 3031 4489 3068 4530; x_wconf 90' lang='lat' dir='ltr'>a</span> <span class='ocrx_word' id='word_1_591' title='bbox 3099 4473 3317 4529; x_wconf 78' lang='lat' dir='ltr'>Graecis</span> <span class='ocrx_word' id='word_1_592' title='bbox 3353 4477 3412 4528; x_wconf 92' lang='lat' dir='ltr'>et</span> <span class='ocrx_word' id='word_1_593' title='bbox 3451 4468 3963 4535; x_wconf 89' lang='lat' dir='ltr'>Occidentalibus,</span> 
     </span>
    </p>
   </div>
   <div class='ocr_carea' id='block_1_46' title="bbox 585 4558 3967 4635">
    <p class='ocr_par' dir='ltr' id='par_1_46' title="bbox 585 4558 3967 4635">
     <span class='ocr_line' id='line_1_46' title="bbox 585 4558 3967 4635; baseline 0 -21"><span class='ocrx_word' id='word_1_594' title='bbox 585 4558 816 4615; x_wconf 89' lang='lat' dir='ltr'>omisso</span> <span class='ocrx_word' id='word_1_595' title='bbox 847 4574 1086 4632; x_wconf 90' lang='lat' dir='ltr'>semper</span> <span class='ocrx_word' id='word_1_596' title='bbox 1114 4559 1544 4632; x_wconf 86' lang='lat' dir='ltr'>additamento,</span> <span class='ocrx_word' id='word_1_597' title='bbox 1575 4562 1636 4618; x_wconf 90' lang='lat' dir='ltr'>id</span> <span class='ocrx_word' id='word_1_598' title='bbox 1669 4563 1747 4620; x_wconf 88' lang='lat' dir='ltr'>ad</span> <span class='ocrx_word' id='word_1_599' title='bbox 1779 4561 1974 4619; x_wconf 89' lang='lat' dir='ltr'>solam</span> <span class='ocrx_word' id='word_1_600' title='bbox 2003 4562 2348 4618; x_wconf 88' lang='lat' dir='ltr'>Trinitatem</span> <span class='ocrx_word' id='word_1_601' title='bbox 2367 4561 2570 4618; x_wconf 88' lang='lat' dir='ltr'>referri</span> <span class='ocrx_word' id='word_1_602' title='bbox 2602 4561 2792 4619; x_wconf 90' lang='lat' dir='ltr'>solere</span> <span class='ocrx_word' id='word_1_603' title='bbox 2823 4579 2836 4618; x_wconf 89' lang='lat'><strong>:</strong></span> <span class='ocrx_word' id='word_1_604' title='bbox 2865 4578 2991 4635; x_wconf 87' lang='lat' dir='ltr'>qua</span> <span class='ocrx_word' id='word_1_605' title='bbox 3015 4561 3397 4618; x_wconf 80' lang='lat' dir='ltr'>distinctione</span> <span class='ocrx_word' id='word_1_606' title='bbox 3423 4559 3714 4629; x_wconf 88' lang='lat' dir='ltr'>adhibita,</span> <span class='ocrx_word' id='word_1_607' title='bbox 3738 4573 3967 4630; x_wconf 87' lang='lat' dir='ltr'>pacem</span> 
     </span>
    </p>
   </div>
   <div class='ocr_carea' id='block_1_47' title="bbox 585 4647 3968 4725">
    <p class='ocr_par' dir='ltr' id='par_1_47' title="bbox 585 4647 3968 4725">
     <span class='ocr_line' id='line_1_47' title="bbox 585 4647 3968 4725; baseline 0 -22"><span class='ocrx_word' id='word_1_608' title='bbox 585 4647 982 4705; x_wconf 89' lang='lat' dir='ltr'>Ecclesiarum</span> <span class='ocrx_word' id='word_1_609' title='bbox 1035 4650 1196 4707; x_wconf 89' lang='lat' dir='ltr'>circa</span> <span class='ocrx_word' id='word_1_610' title='bbox 1242 4653 1401 4708; x_wconf 89' lang='lat' dir='ltr'>hanc</span> <span class='ocrx_word' id='word_1_611' title='bbox 1458 4651 1927 4709; x_wconf 87' lang='lat' dir='ltr'>controversiam</span> <span class='ocrx_word' id='word_1_612' title='bbox 1986 4651 2291 4708; x_wconf 86' lang='lat' dir='ltr'>conciliari</span> <span class='ocrx_word' id='word_1_613' title='bbox 2331 4666 2510 4724; x_wconf 89' lang='lat' dir='ltr'>posse</span> <span class='ocrx_word' id='word_1_614' title='bbox 2561 4651 2814 4723; x_wconf 89' lang='lat' dir='ltr'>judicat.</span> <span class='ocrx_word' id='word_1_615' title='bbox 2856 4651 3098 4709; x_wconf 89' lang='lat' dir='ltr'>Interim</span> <span class='ocrx_word' id='word_1_616' title='bbox 3136 4667 3247 4725; x_wconf 91' lang='lat' dir='ltr'>pro</span> <span class='ocrx_word' id='word_1_617' title='bbox 3285 4650 3388 4707; x_wconf 89' lang='lat' dir='ltr'>illa</span> <span class='ocrx_word' id='word_1_618' title='bbox 3425 4649 3637 4707; x_wconf 90' lang='lat' dir='ltr'>ultima</span> <span class='ocrx_word' id='word_1_619' title='bbox 3665 4647 3968 4721; x_wconf 88' lang='lat' dir='ltr'>particula</span> 
     </span>
    </p>
   </div>
   <div class='ocr_carea' id='block_1_48' title="bbox 583 4737 3964 4814">
    <p class='ocr_par' dir='ltr' id='par_1_48' title="bbox 583 4737 3964 4814">
     <span class='ocr_line' id='line_1_48' title="bbox 583 4737 3964 4814; baseline 0.001 -22"><span class='ocrx_word' id='word_1_620' title='bbox 583 4737 812 4810; x_wconf 83' lang='lat' dir='ltr'>profert</span> <span class='ocrx_word' id='word_1_621' title='bbox 839 4739 1180 4796; x_wconf 89' lang='lat' dir='ltr'>testimonia</span> <span class='ocrx_word' id='word_1_622' title='bbox 1206 4745 1252 4796; x_wconf 92' lang='grc'>1.</span> <span class='ocrx_word' id='word_1_623' title='bbox 1279 4741 1618 4813; x_wconf 69' lang='lat' dir='ltr'>Ephraemii,</span> <span class='ocrx_word' id='word_1_624' title='bbox 1640 4740 1998 4814; x_wconf 76' lang='lat' dir='ltr'>patriarchae</span> <span class='ocrx_word' id='word_1_625' title='bbox 2018 4741 2394 4798; x_wconf 87' lang='lat' dir='ltr'>Antiocheni.</span> <span class='ocrx_word' id='word_1_626' title='bbox 2424 4744 2479 4798; x_wconf 81' lang='lat'>2.</span> <span class='ocrx_word' id='word_1_627' title='bbox 2501 4742 2750 4797; x_wconf 86' lang='lat' dir='ltr'>Joannis</span> <span class='ocrx_word' id='word_1_628' title='bbox 2769 4742 3026 4799; x_wconf 86' lang='lat' dir='ltr'>Maronis</span> <span class='ocrx_word' id='word_1_629' title='bbox 3041 4742 3182 4799; x_wconf 90' lang='lat' dir='ltr'>item</span> <span class='ocrx_word' id='word_1_630' title='bbox 3199 4739 3556 4814; x_wconf 69' lang='lat' dir='ltr'>patriarchae</span> <span class='ocrx_word' id='word_1_631' title='bbox 3580 4737 3835 4795; x_wconf 85' lang='lat' dir='ltr'>Antioch</span> <span class='ocrx_word' id='word_1_632' title='bbox 3846 4738 3964 4795; x_wconf 90' lang='lat' dir='ltr'>eni.</span> 
     </span>
    </p>
   </div>
   <div class='ocr_carea' id='block_1_49' title="bbox 587 4827 3963 4903">
    <p class='ocr_par' dir='ltr' id='par_1_49' title="bbox 587 4827 3963 4903">
     <span class='ocr_line' id='line_1_49' title="bbox 587 4827 3963 4903; baseline 0 -21"><span class='ocrx_word' id='word_1_633' title='bbox 587 4831 640 4882; x_wconf 80' lang='lat'>5.</span> <span class='ocrx_word' id='word_1_634' title='bbox 671 4827 938 4901; x_wconf 84' lang='lat' dir='ltr'>Dionysii</span> <span class='ocrx_word' id='word_1_635' title='bbox 961 4828 1270 4894; x_wconf 86' lang='lat' dir='ltr'>Barsalibi,</span> <span class='ocrx_word' id='word_1_636' title='bbox 1300 4830 1639 4886; x_wconf 84' lang='lat' dir='ltr'>Amidensis</span> <span class='ocrx_word' id='word_1_637' title='bbox 1658 4830 1956 4903; x_wconf 86' lang='lat' dir='ltr'>episcopi;</span> <span class='ocrx_word' id='word_1_638' title='bbox 1987 4835 2040 4885; x_wconf 82' lang='grc'>4.</span> <span class='ocrx_word' id='word_1_639' title='bbox 2065 4828 2300 4886; x_wconf 87' lang='lat' dir='ltr'>concilii</span> <span class='ocrx_word' id='word_1_640' title='bbox 2329 4830 2747 4888; x_wconf 87' lang='lat' dir='ltr'>Armeniorum</span> <span class='ocrx_word' id='word_1_641' title='bbox 2780 4832 3110 4889; x_wconf 86' lang='lat' dir='ltr'>Tarsensis.</span> <span class='ocrx_word' id='word_1_642' title='bbox 3131 4836 3183 4888; x_wconf 89' lang='lat'>3.</span> <span class='ocrx_word' id='word_1_643' title='bbox 3205 4831 3500 4888; x_wconf 91' lang='lat' dir='ltr'>librorum</span> <span class='ocrx_word' id='word_1_644' title='bbox 3519 4827 3963 4898; x_wconf 89' lang='lat' dir='ltr'>liturgicornm.</span> 
     </span>
    </p>
   </div>
   <div class='ocr_carea' id='block_1_50' title="bbox 587 4916 3966 4994">
    <p class='ocr_par' dir='ltr' id='par_1_50' title="bbox 587 4916 3966 4994">
     <span class='ocr_line' id='line_1_50' title="bbox 587 4916 3966 4994; baseline -0 -21"><span class='ocrx_word' id='word_1_645' title='bbox 587 4916 873 4973; x_wconf 86' lang='lat' dir='ltr'>Concedit</span> <span class='ocrx_word' id='word_1_646' title='bbox 901 4921 1105 4974; x_wconf 90' lang='lat' dir='ltr'>tamen</span> <span class='ocrx_word' id='word_1_647' title='bbox 1137 4921 1372 4974; x_wconf 90' lang='lat' dir='ltr'>Petrum</span> <span class='ocrx_word' id='word_1_648' title='bbox 1404 4919 1712 4974; x_wconf 88' lang='lat' dir='ltr'>Fullonem</span> <span class='ocrx_word' id='word_1_649' title='bbox 1755 4935 1938 4974; x_wconf 88' lang='lat' dir='ltr'>sensu</span> <span class='ocrx_word' id='word_1_650' title='bbox 1971 4920 2253 4976; x_wconf 68' lang='lat' dir='ltr'>haeretico</span> <span class='ocrx_word' id='word_1_651' title='bbox 2312 4917 2480 4975; x_wconf 85' lang='lat' dir='ltr'>illam</span> <span class='ocrx_word' id='word_1_652' title='bbox 2529 4919 2866 4976; x_wconf 88' lang='lat' dir='ltr'>clausulam</span> <span class='ocrx_word' id='word_1_653' title='bbox 2909 4935 3282 4994; x_wconf 90' lang='lat' dir='ltr'>usurpasse;</span> <span class='ocrx_word' id='word_1_654' title='bbox 3337 4922 3519 4991; x_wconf 90' lang='lat' dir='ltr'>atque</span> <span class='ocrx_word' id='word_1_655' title='bbox 3567 4917 3706 4973; x_wconf 89' lang='lat' dir='ltr'>hinc</span> <span class='ocrx_word' id='word_1_656' title='bbox 3755 4922 3966 4973; x_wconf 90' lang='lat' dir='ltr'>ortum</span> 
     </span>
    </p>
   </div>
   <div class='ocr_carea' id='block_1_51' title="bbox 588 5006 3965 5082">
    <p class='ocr_par' dir='ltr' id='par_1_51' title="bbox 588 5006 3965 5082">
     <span class='ocr_line' id='line_1_51' title="bbox 588 5006 3965 5082; baseline 0 -20"><span class='ocrx_word' id='word_1_657' title='bbox 588 5010 779 5064; x_wconf 91' lang='lat' dir='ltr'>totum</span> <span class='ocrx_word' id='word_1_658' title='bbox 797 5006 930 5078; x_wconf 90' lang='lat' dir='ltr'>ejus</span> <span class='ocrx_word' id='word_1_659' title='bbox 958 5007 1043 5063; x_wconf 90' lang='lat' dir='ltr'>rei</span> <span class='ocrx_word' id='word_1_660' title='bbox 1073 5007 1280 5063; x_wconf 91' lang='lat' dir='ltr'>odium</span> <span class='ocrx_word' id='word_1_661' title='bbox 1307 5011 1364 5064; x_wconf 90' lang='lat' dir='ltr'>et</span> <span class='ocrx_word' id='word_1_662' title='bbox 1383 5007 1904 5080; x_wconf 87' lang='lat' dir='ltr'>disceptationem.</span> <span class='ocrx_word' id='word_1_663' title='bbox 1939 5011 2071 5064; x_wconf 83' lang='lat' dir='ltr'>Haec</span> <span class='ocrx_word' id='word_1_664' title='bbox 2102 5008 2176 5064; x_wconf 92' lang='lat' dir='ltr'>de</span> <span class='ocrx_word' id='word_1_665' title='bbox 2207 5009 2553 5081; x_wconf 89' lang='lat' dir='ltr'>patriarcha</span> <span class='ocrx_word' id='word_1_666' title='bbox 2580 5011 3030 5068; x_wconf 86' lang='lat' dir='ltr'>Maronitarum.</span> <span class='ocrx_word' id='word_1_667' title='bbox 3055 5011 3250 5067; x_wconf 82' lang='lat' dir='ltr'>Alium</span> <span class='ocrx_word' id='word_1_668' title='bbox 3279 5024 3425 5066; x_wconf 91' lang='lat' dir='ltr'>vero</span> <span class='ocrx_word' id='word_1_669' title='bbox 3446 5023 3618 5082; x_wconf 85' lang='lat' dir='ltr'>aeque</span> <span class='ocrx_word' id='word_1_670' title='bbox 3648 5007 3965 5078; x_wconf 89' lang='lat' dir='ltr'>ingentem</span> 
     </span>
    </p>
   </div>
   <div class='ocr_carea' id='block_1_52' title="bbox 585 5095 3965 5172">
    <p class='ocr_par' dir='ltr' id='par_1_52' title="bbox 585 5095 3965 5172">
     <span class='ocr_line' id='line_1_52' title="bbox 585 5095 3965 5172; baseline 0.001 -22"><span class='ocrx_word' id='word_1_671' title='bbox 585 5096 1090 5152; x_wconf 89' lang='lat' dir='ltr'>commentarium</span> <span class='ocrx_word' id='word_1_672' title='bbox 1120 5095 1462 5165; x_wconf 85' lang='lat' dir='ltr'>liturgicum</span> <span class='ocrx_word' id='word_1_673' title='bbox 1493 5097 1756 5153; x_wconf 88' lang='lat' dir='ltr'>Nersetis</span> <span class='ocrx_word' id='word_1_674' title='bbox 1795 5097 2286 5170; x_wconf 87' lang='lat' dir='ltr'>Lamprunensis,</span> <span class='ocrx_word' id='word_1_675' title='bbox 2328 5099 2750 5156; x_wconf 83' lang='lat' dir='ltr'>Armeniorum</span> <span class='ocrx_word' id='word_1_676' title='bbox 2781 5100 3004 5158; x_wconf 68' lang='lat' dir='ltr'>saeculo</span> <span class='ocrx_word' id='word_1_677' title='bbox 3034 5099 3398 5156; x_wconf 90' lang='lat' dir='ltr'>duodecimo</span> <span class='ocrx_word' id='word_1_678' title='bbox 3428 5095 3712 5172; x_wconf 91' lang='lat' dir='ltr'>episcopi,</span> <span class='ocrx_word' id='word_1_679' title='bbox 3740 5097 3965 5154; x_wconf 68' lang='lat' dir='ltr'>Latinae</span> 
     </span>
    </p>
   </div>
   <div class='ocr_carea' id='block_1_53' title="bbox 585 5183 2852 5261">
    <p class='ocr_par' dir='ltr' id='par_1_53' title="bbox 585 5183 2852 5261">
     <span class='ocr_line' id='line_1_53' title="bbox 585 5183 2852 5261; baseline 0.002 -21"><span class='ocrx_word' id='word_1_680' title='bbox 585 5183 729 5241; x_wconf 89' lang='lat' dir='ltr'>item</span> <span class='ocrx_word' id='word_1_681' title='bbox 751 5183 1022 5242; x_wconf 80' lang='lat' dir='ltr'>Ecclesiae</span> <span class='ocrx_word' id='word_1_682' title='bbox 1046 5183 1538 5250; x_wconf 89' lang='lat' dir='ltr'>reverentissimi,</span> <span class='ocrx_word' id='word_1_683' title='bbox 1571 5185 1689 5242; x_wconf 88' lang='lat' dir='ltr'>alio</span> <span class='ocrx_word' id='word_1_684' title='bbox 1720 5202 1833 5242; x_wconf 90' lang='lat' dir='ltr'>nos</span> <span class='ocrx_word' id='word_1_685' title='bbox 1861 5191 2128 5260; x_wconf 90' lang='lat' dir='ltr'>tempore</span> <span class='ocrx_word' id='word_1_686' title='bbox 2159 5187 2413 5244; x_wconf 86' lang='lat' dir='ltr'>fortasse</span> <span class='ocrx_word' id='word_1_687' title='bbox 2451 5203 2852 5261; x_wconf 86' lang='lat' dir='ltr'>exponemus.</span> 
     </span>
    </p>
   </div>
   <div class='ocr_carea' id='block_1_54' title="bbox 659 5304 3968 5388">
    <p class='ocr_par' dir='ltr' id='par_1_54' title="bbox 659 5304 3968 5388">
     <span class='ocr_line' id='line_1_54' title="bbox 659 5304 3968 5388; baseline 0 -22"><span class='ocrx_word' id='word_1_688' title='bbox 659 5309 1018 5366; x_wconf 87' lang='lat' dir='ltr'>Notissimus</span> <span class='ocrx_word' id='word_1_689' title='bbox 1039 5313 1128 5364; x_wconf 87' lang='lat' dir='ltr'>est</span> <span class='ocrx_word' id='word_1_690' title='bbox 1171 5324 1368 5365; x_wconf 88' lang='lat' dir='ltr'>canon</span> <span class='ocrx_word' id='word_1_691' title='bbox 1399 5313 1466 5366; x_wconf 88' lang='grc'>44</span> <span class='ocrx_word' id='word_1_692' title='bbox 1489 5309 1764 5367; x_wconf 79' lang='lat' dir='ltr'>Niceenus</span> <span class='ocrx_word' id='word_1_693' title='bbox 1795 5311 2107 5382; x_wconf 85' lang='lat' dir='ltr'>Arabicus,</span> <span class='ocrx_word' id='word_1_694' title='bbox 2141 5313 2316 5385; x_wconf 89' lang='lat' dir='ltr'>cujus</span> <span class='ocrx_word' id='word_1_695' title='bbox 2343 5312 2679 5371; x_wconf 91' lang='lat' dir='ltr'>clausulam</span> <span class='ocrx_word' id='word_1_696' title='bbox 2703 5313 2777 5371; x_wconf 93' lang='lat' dir='ltr'>de</span> <span class='ocrx_word' id='word_1_697' title='bbox 2804 5304 3058 5371; x_wconf 84' lang='lat' dir='ltr'>Romani</span> <span class='ocrx_word' id='word_1_698' title='bbox 3080 5313 3376 5388; x_wconf 83' lang='lat' dir='ltr'>pontificis</span> <span class='ocrx_word' id='word_1_699' title='bbox 3394 5311 3744 5370; x_wconf 86' lang='lat' dir='ltr'>auctoritate</span> <span class='ocrx_word' id='word_1_700' title='bbox 3776 5325 3968 5384; x_wconf 84' lang='lat' dir='ltr'>supra</span> 
     </span>
    </p>
   </div>
   <div class='ocr_carea' id='block_1_55' title="bbox 588 5399 3964 5477">
    <p class='ocr_par' dir='ltr' id='par_1_55' title="bbox 588 5399 3964 5477">
     <span class='ocr_line' id='line_1_55' title="bbox 588 5399 3964 5477; baseline -0.001 -21"><span class='ocrx_word' id='word_1_701' title='bbox 588 5415 800 5456; x_wconf 90' lang='lat' dir='ltr'>omnes</span> <span class='ocrx_word' id='word_1_702' title='bbox 817 5399 996 5455; x_wconf 89' lang='lat' dir='ltr'>etiam</span> <span class='ocrx_word' id='word_1_703' title='bbox 1015 5399 1415 5471; x_wconf 88' lang='lat' dir='ltr'>patriarchas,</span> <span class='ocrx_word' id='word_1_704' title='bbox 1430 5416 1656 5473; x_wconf 89' lang='lat' dir='ltr'>ponam</span> <span class='ocrx_word' id='word_1_705' title='bbox 1679 5406 1956 5458; x_wconf 89' lang='lat' dir='ltr'>accurate</span> <span class='ocrx_word' id='word_1_706' title='bbox 1982 5403 2338 5460; x_wconf 83' lang='lat' dir='ltr'>translatam</span> <span class='ocrx_word' id='word_1_707' title='bbox 2360 5419 2432 5459; x_wconf 89' lang='lat' dir='ltr'>ex</span> <span class='ocrx_word' id='word_1_708' title='bbox 2455 5402 2713 5460; x_wconf 81' lang='lat' dir='ltr'>Arabico</span> <span class='ocrx_word' id='word_1_709' title='bbox 2730 5407 3112 5477; x_wconf 83' lang='lat' dir='ltr'>textu,quem</span> <span class='ocrx_word' id='word_1_710' title='bbox 3133 5404 3340 5460; x_wconf 89' lang='lat' dir='ltr'>recitat</span> <span class='ocrx_word' id='word_1_711' title='bbox 3355 5404 3576 5475; x_wconf 88' lang='lat' dir='ltr'>Coptus</span> <span class='ocrx_word' id='word_1_712' title='bbox 3602 5400 3964 5463; x_wconf 80' lang='lat' dir='ltr'>Ben-Assali,</span> 
     </span>
    </p>
   </div>
   <div class='ocr_carea' id='block_1_56' title="bbox 588 5487 3964 5566">
    <p class='ocr_par' dir='ltr' id='par_1_56' title="bbox 588 5487 3964 5566">
     <span class='ocr_line' id='line_1_56' title="bbox 588 5487 3964 5566; baseline 0 -23"><span class='ocrx_word' id='word_1_713' title='bbox 588 5487 793 5546; x_wconf 83' lang='lat' dir='ltr'>saeculi</span> <span class='ocrx_word' id='word_1_714' title='bbox 821 5504 902 5544; x_wconf 84' lang='lat' dir='ltr'>xu</span> <span class='ocrx_word' id='word_1_715' title='bbox 933 5489 1354 5562; x_wconf 86' lang='lat' dir='ltr'>Monophysita</span> <span class='ocrx_word' id='word_1_716' title='bbox 1379 5495 1605 5553; x_wconf 90' lang='lat' dir='ltr'>auctor,</span> <span class='ocrx_word' id='word_1_717' title='bbox 1631 5491 1690 5548; x_wconf 89' lang='lat' dir='ltr'>in</span> <span class='ocrx_word' id='word_1_718' title='bbox 1717 5491 1921 5549; x_wconf 87' lang='lat' dir='ltr'>codice</span> <span class='ocrx_word' id='word_1_719' title='bbox 1951 5491 2214 5550; x_wconf 82' lang='lat' dir='ltr'>Arabico</span> <span class='ocrx_word' id='word_1_720' title='bbox 2238 5493 2523 5551; x_wconf 88' lang='lat' dir='ltr'>Vaticano</span> <span class='ocrx_word' id='word_1_721' title='bbox 2549 5497 2668 5560; x_wconf 74' lang='grc'><strong>151,</strong></span> <span class='ocrx_word' id='word_1_722' title='bbox 2698 5493 2803 5550; x_wconf 92' lang='lat' dir='ltr'>ubi</span> <span class='ocrx_word' id='word_1_723' title='bbox 2827 5494 2959 5566; x_wconf 82' lang='lat' dir='ltr'>ejus</span> <span class='ocrx_word' id='word_1_724' title='bbox 2986 5497 3275 5552; x_wconf 88' lang='lat' dir='ltr'>tractatus</span> <span class='ocrx_word' id='word_1_725' title='bbox 3295 5492 3625 5551; x_wconf 90' lang='lat' dir='ltr'>cononicus</span> <span class='ocrx_word' id='word_1_726' title='bbox 3642 5489 3882 5561; x_wconf 89' lang='lat' dir='ltr'>legitur.</span> <span class='ocrx_word' id='word_1_727' title='bbox 3914 5492 3964 5543; x_wconf 89' lang='lat' dir='ltr'>ls</span> 
     </span>
    </p>
   </div>
   <div class='ocr_carea' id='block_1_57' title="bbox 588 5576 3962 5656">
    <p class='ocr_par' dir='ltr' id='par_1_57' title="bbox 588 5576 3962 5656">
     <span class='ocr_line' id='line_1_57' title="bbox 588 5576 3962 5656; baseline 0 -24"><span class='ocrx_word' id='word_1_728' title='bbox 588 5592 734 5647; x_wconf 90' lang='lat' dir='ltr'>ergo</span> <span class='ocrx_word' id='word_1_729' title='bbox 763 5576 825 5631; x_wconf 90' lang='lat' dir='ltr'>in</span> <span class='ocrx_word' id='word_1_730' title='bbox 850 5581 1018 5649; x_wconf 86' lang='lat' dir='ltr'>parte</span> <span class='ocrx_word' id='word_1_731' title='bbox 1047 5593 1086 5646; x_wconf 85' lang='grc' dir='ltr'>ι,</span> <span class='ocrx_word' id='word_1_732' title='bbox 1114 5594 1248 5651; x_wconf 89' lang='lat' dir='ltr'>cap.</span> <span class='ocrx_word' id='word_1_733' title='bbox 1277 5583 1330 5646; x_wconf 88' lang='grc'>4,</span> <span class='ocrx_word' id='word_1_734' title='bbox 1362 5583 1692 5652; x_wconf 88' lang='lat' dir='ltr'>postquam</span> <span class='ocrx_word' id='word_1_735' title='bbox 1721 5581 1890 5650; x_wconf 85' lang='lat' dir='ltr'>dixit,</span> <span class='ocrx_word' id='word_1_736' title='bbox 1909 5581 2200 5654; x_wconf 90' lang='lat' dir='ltr'>primum,</span> <span class='ocrx_word' id='word_1_737' title='bbox 2226 5581 2351 5639; x_wconf 89' lang='lat' dir='ltr'>imo</span> <span class='ocrx_word' id='word_1_738' title='bbox 2373 5589 2430 5640; x_wconf 91' lang='lat' dir='ltr'>et</span> <span class='ocrx_word' id='word_1_739' title='bbox 2455 5587 2658 5656; x_wconf 90' lang='lat' dir='ltr'>caput,</span> <span class='ocrx_word' id='word_1_740' title='bbox 2690 5582 3175 5655; x_wconf 88' lang='lat' dir='ltr'>patriarcharum</span> <span class='ocrx_word' id='word_1_741' title='bbox 3203 5599 3334 5640; x_wconf 89' lang='lat' dir='ltr'>esse</span> <span class='ocrx_word' id='word_1_742' title='bbox 3361 5578 3962 5647; x_wconf 84' lang='lat' dir='ltr'>Romanum,diserte</span> 
     </span>
    </p>
   </div>
   <div class='ocr_carea' id='block_1_58' title="bbox 590 5665 3961 5747">
    <p class='ocr_par' dir='ltr' id='par_1_58' title="bbox 590 5665 3961 5747">
     <span class='ocr_line' id='line_1_58' title="bbox 590 5665 3961 5747; baseline 0.001 -25"><span class='ocrx_word' id='word_1_743' title='bbox 590 5665 831 5724; x_wconf 88' lang='lat' dir='ltr'>scribit:</span> <span class='ocrx_word' id='word_1_744' title='bbox 867 5688 896 5715; x_wconf 88' lang='grc'>‹‹</span> <span class='ocrx_word' id='word_1_745' title='bbox 931 5667 1088 5724; x_wconf 90' lang='lat' dir='ltr'>Sicut</span> <span class='ocrx_word' id='word_1_746' title='bbox 1112 5667 1456 5742; x_wconf 86' lang='lat' dir='ltr'>patriarcha</span> <span class='ocrx_word' id='word_1_747' title='bbox 1477 5669 1730 5742; x_wconf 86' lang='lat' dir='ltr'>imperio</span> <span class='ocrx_word' id='word_1_748' title='bbox 1756 5676 1813 5730; x_wconf 90' lang='lat' dir='ltr'>et</span> <span class='ocrx_word' id='word_1_749' title='bbox 1843 5673 2192 5730; x_wconf 83' lang='lat' dir='ltr'>auctoritate</span> <span class='ocrx_word' id='word_1_750' title='bbox 2229 5687 2375 5744; x_wconf 83' lang='lat' dir='ltr'>erga</span> <span class='ocrx_word' id='word_1_751' title='bbox 2411 5671 2525 5731; x_wconf 88' lang='lat' dir='ltr'>sibi</span> <span class='ocrx_word' id='word_1_752' title='bbox 2562 5671 2864 5746; x_wconf 77' lang='lat' dir='ltr'>subjectos</span> <span class='ocrx_word' id='word_1_753' title='bbox 2883 5673 3170 5747; x_wconf 63' lang='lat' dir='ltr'>practitus</span> <span class='ocrx_word' id='word_1_754' title='bbox 3205 5676 3315 5737; x_wconf 87' lang='lat' dir='ltr'>est,</span> <span class='ocrx_word' id='word_1_755' title='bbox 3346 5671 3429 5730; x_wconf 88' lang='lat' dir='ltr'>ita</span> <span class='ocrx_word' id='word_1_756' title='bbox 3454 5674 3650 5729; x_wconf 68' lang='lat' dir='ltr'>Romte</span> <span class='ocrx_word' id='word_1_757' title='bbox 3691 5671 3961 5727; x_wconf 76' lang='lat' dir='ltr'>DoanS</span> 
     </span>
    </p>
   </div>
  </div>
