4134 6426
521 244 629 303 419

1800 219 2166 283 THEODORI
2203 219 2616 280 ANDIDENSIS

3785 231 3921 286 420

522 381 665 426 nem
691 361 917 421 habere
946 357 1143 414 dicat?
1164 357 1318 427 Ergo
1372 368 1448 410 ne
1477 352 1659 424 hujus
1687 349 1936 424 quidem
1967 346 2189 412 viviﬁci

2318 351 2392 399 τοῦ
2460 347 2599 400 θείου
2663 348 2958 420 Πνεύματος
3023 352 3322 422 τυπούμενοι
3395 356 3487 407 xui
3547 353 3922 427 εἰσηγούμενοι

526 453 795 529 corporis
818 465 925 524 per
949 446 1156 505 omnia
1185 443 1394 501 similis
1444 443 1670 513 imago,
1731 453 1961 529 manca
1983 436 2189 493 ullate-

525 528 1088 614 nuscomperietur,
1114 550 1313 608 neque
1353 532 1472 589 ullo
1516 529 1790 588 membro
1817 528 2186 585 destituetur.

528 636 968 691 Verumtamem
999 626 1145 700 quia
1202 623 1533 695 adoperata
1558 624 1697 676 sunt
1725 618 1912 676 divini
1942 616 2192 689 Spiritus

528 722 795 792 oracula,
820 724 875 777 et
904 717 1049 791 quia
1077 715 1190 772 sub
1216 713 1503 770 brevibus
1551 726 1710 782 stepe
1751 707 1950 766 verbis
2009 709 2190 778 atque

525 813 759 884 ﬁguris,
793 808 995 866 multas
1027 820 1312 862 sensuum
1354 801 1744 873 difﬁcilesque
1775 797 2076 855 intellectu
2097 794 2192 851 di-

527 903 687 959 vitias
718 895 1353 970 comprehenduntur;
1379 891 1464 958 id,
1488 890 1783 962 inquiam,
1809 890 2028 943 nostra
2060 889 2198 940 mta-

529 993 603 1050 tis
633 987 981 1048 hominibus
1010 988 1333 1058 purgatam
1388 983 1652 1037 mentem
1685 977 1932 1033 minime
1969 974 2198 1032 haben-

530 1080 710 1147 tibus,
741 1071 1279 1140 oﬂ'enditnebulas,
1306 1074 1363 1127 et
1382 1067 1732 1142 imperfecta
1751 1083 1880 1124 esse
1901 1080 2035 1138 qum
2058 1065 2200 1120 sunt

531 1167 798 1245 perfecta
819 1164 1052 1221 suadet.

603 1262 656 1313 2.
701 1255 875 1322 Quod
913 1257 1116 1310 autem
1170 1247 1406 1322 prolata
1450 1247 1578 1303 haec
1630 1244 1882 1301 indubia
1951 1243 2199 1299 veritate

531 1347 738 1415 verba,
770 1341 1052 1401 maximis
1083 1335 1699 1395 demonstrationibus
1725 1332 2067 1388 ﬁrmissime
2091 1330 2200 1386 ful-

533 1436 784 1502 ciantnr,
809 1431 947 1488 inde
970 1430 1036 1485 fit
1056 1426 1454 1500 exploratum,
1515 1425 1659 1497 quia
1688 1422 1973 1494 graphica
2001 1435 2200 1476 sacro-

531 1541 666 1582 rum
723 1520 1232 1591 evangelistarum
1284 1514 1553 1579 historia,
1600 1519 1890 1587 tanquam
1959 1513 2036 1567 ab
2067 1512 2200 1585 ipso

531 1614 758 1672 Christo
793 1615 908 1668 Deo
935 1614 1140 1668 nostro
1175 1607 1490 1681 inspirata,
1523 1604 1605 1662 sic
1637 1605 1760 1677 jam
1791 1603 1930 1660 inde
1961 1602 2042 1659 ab
2066 1603 2199 1673 ejus

2302 435 2460 497 οὕτως
2507 435 2686 496 ἐλλιπῆ
2717 441 2813 496 τὴν
2844 438 3017 492 εἰκόνα
3044 442 3193 512 φαιη’
3221 461 3300 505 τις
3348 442 3408 496 ἄν
3439 439 3690 506 δέξασθαι
3727 460 3741 511 ;
3799 446 3923 496 Ού-

2300 531 2422 579 κοῦν
2455 522 2580 578 addi
2610 529 2640 584 ὴ
2690 533 2783 580 τοῦ
2841 527 3152 603 ζωαρχικοῦ
3195 534 3383 585 τούτου
3425 536 3517 585 καὶ
3551 533 3689 586 θείου
3723 538 3920 604 σώμα-

2300 633 2384 676 τος
2436 613 2834 687 ἀπαράλλακτος
2883 617 3029 670 εἰκὼν
3087 617 3296 683 ἐλλιπὴς
3342 620 3466 683 ὂλως
3533 623 3916 696 εὑρεθήσεται,

2302 705 2347 759 εἰ
2383 712 2484 757 τῶν
2509 703 2672 777 μελῶν
2722 725 2775 758 τι
2821 710 2924 781 έρει
2970 727 3369 784 περιῃρημενονο
3423 709 3530 763 ἀλλ’
3561 711 3610 764 ἄν
3652 719 3728 783 τῷ
3778 708 3919 765 εἶνοι

2305 793 2770 868 συγκεκαλυμμένοι
2810 798 2877 850 τὰ
2927 804 3020 851 τοῦ
3069 799 3206 852 θείου
3256 803 3554 873 Πνεύματος
3579 799 3756 872 λόγια,
3817 805 3920 854 καὶ

2305 881 2353 936 ἓν
2411 881 2648 956 βραχέσι
2703 883 2948 947 πολλάκις
2995 887 3201 962 ῥήμασι
3241 893 3333 941 καὶ
3365 891 3547 950 τύποις
3598 888 3761 942 πολὺν
3825 907 3922 942 πε-

2304 974 2584 1046 ριέχεσθαι
2611 975 2882 1046 νοημάτων
2927 975 3146 1029 πλοῦτον
3195 982 3284 1030 καὶ
3313 974 3700 1054 δυσθεώρητον,
3751 985 3921 1030 τοῦτο

2305 1068 2416 1122 τοῖς
2480 1062 2596 1116 κατ’
2659 1061 2746 1136 ἔμε
2809 1072 2910 1117 τῶν
2974 1072 3087 1118 νοῦν
3153 1071 3224 1139 μή
3294 1069 3664 1142 καθαρομένοις
3716 1071 3924 1140 γνόφος

2307 1153 2645 1219 καθίσταται,
2699 1157 2789 1207 xui
2827 1151 3008 1213 ἀτελήν
3062 1151 3192 1208 εἶναι
3245 1159 3310 1209 τὰ
3349 1157 3516 1210 τέλεια
3567 1159 3922 1216 ὑποτίθησιν.

2381 1241 2458 1314 β’·
2515 1240 2636 1295 Ὀτι
2669 1239 2729 1296 δε
2775 1247 2844 1297 τὰ
2895 1244 3285 1319 προϐεϐλημένα
3334 1251 3489 1300 ταυτί
3539 1246 3758 1321 ῥήματα
3789 1245 3926 1306 adn.

2313 1332 2426 1402 θείᾳ
2491 1329 2868 1407 ἁναμφηρίστῳ
2933 1340 3197 1407 μεγίστοις
3277 1337 3617 1410 στηρίζονται
3654 1333 3924 1408 ὑποδείγ-

2310 1439 2443 1493 μασι
2500 1426 2874 1494 κραταιότατα,
2931 1422 3157 1476 ἐντεῦθέν
3211 1424 3327 1477 ἐστι
3368 1421 3546 1484 δῆλον·
3607 1427 3632 1477 ό
3662 1424 3769 1501 γὰρ
3821 1429 3925 1489 ζω-

2309 1511 2510 1584 γράφος
2541 1519 2637 1563 τῶν
2688 1513 2832 1565 θείων
2881 1513 3259 1587 εύαγγελιστῶν
3304 1515 3472 1587 λόγος,
3527 1518 3595 1577 ὡς
3643 1513 3697 1578 ἐξ
3750 1516 3926 1567 αὐτοῦ

2314 1607 2548 1673 Χριστοῦ
2577 1608 2668 1654 τοῦ
2717 1609 2851 1656 Θεοῦ
2877 1605 3023 1678 ἡμῶν
3061 1604 3474 1676 ὑποσημανθεὶς,
3505 1605 3640 1658 οὕτω
3687 1607 3755 1658 τὰ
3817 1607 3924 1658 ὑπὸ

531 1701 944 1774 conceptione,
1011 1698 1192 1754 utitur
1247 1694 1613 1764 imaginibus
1664 1693 1825 1748 vocis
1900 1695 1957 1748 et
2011 1691 2195 1759 verbi,

2318 1698 2406 1752 τῆς
2440 1690 2764 1763 συλλήψεως,
2794 1713 2890 1755 της
2938 1703 3104 1766 φωνῆς
3147 1700 3235 1748 καὶ
3285 1702 3378 1748 τοῦ
3415 1696 3590 1768 λόγου,
3622 1703 3715 1749 τοῦ
3763 1695 3924 1769 φίλου

531 1793 709 1851 amici
739 1796 793 1847 et
823 1789 1055 1862 sponsi,
1085 1788 1345 1843 lucernae
1377 1789 1433 1841 et
1463 1783 1622 1855 solis,
1658 1799 1848 1855 usque
1867 1782 1946 1839 ad
1974 1785 2202 1855 postre-

532 1898 699 1940 mam
744 1877 954 1935 Christi
1009 1877 1071 1934 in
1119 1875 1302 1932 caelos
1343 1873 1782 1938 ascensionem,
1820 1875 1876 1928 et
1925 1870 2203 1942 ejusdem

533 1956 694 2027 illinc
708 1967 1043 2034 novissimo
1057 1964 1269 2028 reditu,
1289 1979 1412 2019 non
1428 1961 1689 2034 sparsim
1707 1977 1903 2034 neque
1927 1959 2200 2033 abrupte,

537 2061 644 2117 sed
678 2057 858 2114 simul
889 2057 1095 2112 omnia
1141 2053 1572 2126 complectitur.
1626 2052 1730 2109 Cui
1773 2053 1858 2107 rei
1907 2051 2208 2123 sapienter

535 2153 802 2208 mentem
859 2146 1233 2204 intendentes
1290 2144 1350 2210 ii,
1399 2143 1504 2216 qui
1555 2141 1832 2215 primitus
1879 2139 2208 2214 pontiﬁcali

535 2254 785 2297 munere
830 2237 997 2307 digni
1027 2236 1283 2305 fuerunt,
1341 2237 1398 2290 et
1425 2232 1530 2305 qui
1559 2236 1696 2305 post
1739 2247 1841 2287 eos
1873 2229 2062 2287 sancti
2100 2232 2207 2285 Pa-

536 2345 656 2406 tres
715 2327 1082 2392 exstiterunt,
1135 2340 1327 2397 usque
1352 2323 1431 2380 ad
1481 2327 1757 2395 tempora
1801 2321 2025 2393 quibus
2079 2323 2211 2375 orta

540 2423 679 2477 sunt
708 2432 935 2490 magna
979 2414 1322 2483 luminaria,
1345 2417 1403 2470 et
1452 2412 1844 2470 ecclesiarum
1891 2411 1991 2468 Dei
2019 2409 2207 2466 aediﬁ-

538 2513 791 2572 catores,
821 2505 1090 2576 Basilius,
1119 2505 1180 2561 in
1203 2518 1412 2578 quam,
1454 2507 1512 2559 et
1544 2505 1804 2559 Joannes
1861 2502 2211 2573 Chrysosto-

538 2615 700 2668 mus,
731 2597 912 2670 primi
941 2595 1242 2669 pontiﬁcis
1269 2595 1426 2650 circa
1451 2593 1634 2649 ritum
1679 2593 1842 2648 hunc
1900 2590 2207 2657 mandata,

540 2690 750 2745 sancto
778 2685 998 2758 Spiritu
1031 2684 1388 2749 deducente,
1420 2681 1678 2738 exsecuti
1710 2685 1870 2739 sunt.
1922 2682 2210 2746 Quasnam

542 2779 742 2832 autem
796 2776 925 2829 haec
985 2772 1278 2829 mandata
1324 2770 1612 2826 fuerunt?
1641 2769 1831 2826 multa
1876 2768 2122 2841 quidem
2155 2770 2210 2823 et

542 2864 681 2932 alia,
725 2863 830 2919 sed
870 2862 1171 2935 praecipue
1199 2877 1336 2933 qua:
1368 2859 1446 2916 ad
1494 2860 1916 2932 purgationem
1938 2861 2210 2913 nostram

540 2957 598 3011 et
632 2953 810 3026 quasi
837 2952 1098 3008 reditum
1125 2951 1188 3006 in
1235 2950 1423 3007 vitam
1490 2949 1820 3022 pertinent:
1860 2971 1880 2998 ι
1924 2946 2209 3019 Accipite,

2311 1783 2398 1832 xui
2420 1787 2514 1832 τοῦ
2538 1786 2782 1854 νυμφίου,
2825 1790 2914 1835 τοῦ
2939 1782 3124 1836 λύκνου
3155 1789 3244 1837 καὶ
3269 1793 3360 1838 τοῦ
3400 1785 3570 1857 ἡλίου,
3625 1786 3759 1859 ἆχρι
3826 1793 3929 1848 τῆς

2311 1870 2604 1931 τελευταίας
2657 1867 2848 1925 ἀνόδου
2923 1881 3158 1947 Χριστοῦ
3215 1883 3307 1936 τῆς
3373 1875 3446 1938 εἰς
3500 1875 3770 1950 οὐρανοὺς,
3833 1880 3925 1927 καὶ

2313 1967 2407 2022 τῆς
2456 1958 2642 2012 ἐκεῖθεν
2696 1961 2856 2014 αὐτοῦ
2912 1959 3158 2039 δευτέρας
3208 1970 3526 2039 παρουσίας,
3568 1968 3764 2040 οἶριστα
3797 1965 3926 2029 ἐξει-

2314 2052 2535 2115 κόνισεν,
2591 2049 2648 2101 ού
2709 2046 3122 2126 ὃιεσπαρμένως,
3169 2051 3284 2107 οὐδ’
3335 2053 3753 2131 ἁπεῤῥηγμένως,
3815 2055 3924 2108 ἀλλ’

2317 2138 2399 2210 ὑφ’
2451 2138 2498 2190 ἓν
2529 2142 2661 2213 πρὸς
2705 2141 2872 2192 πάντα
2920 2147 3351 2217 κατηρτισμένος.
3404 2143 3472 2217 ᾫ.
3521 2141 3589 2204 δὴ
3649 2149 3740 2196 καὶ
3791 2164 3914 2197 νου-

2318 2231 2623 2301 νεχέστερον
2683 2233 3036 2301 προσεχόντες
3062 2232 3111 2282 οἱ
3149 2237 3368 2305 πρώτως
3419 2231 3802 2308 ἀρχιερατικοῦ
3836 2253 3926 2286 κοι-

2319 2315 2652 2378 ταξιωθέντες
2711 2323 3065 2393 χαρίσματος,
3125 2325 3215 2373 καὶ
3271 2322 3320 2372 όὶ
3371 2321 3483 2395 μετ’
3541 2322 3730 2384 αὐτούς
3796 2325 3931 2375 θεῖοι

2320 2409 2564 2479 Πατέρες,
2610 2407 2746 2481 οῖχρι
2791 2415 2890 2460 τῶν
2939 2414 3144 2482 χρόνων
3197 2419 3293 2472 τῆς
3344 2415 3632 2483 γεννήσεως
3677 2419 3777 2464 τῶν
3842 2430 3932 2484 με·

2318 2494 2487 2566 γάλων
2539 2500 2826 2570 φωστήρων
2856 2501 2945 2549 καὶ
2973 2507 3305 2573 τεχνουργςῦν
3357 2508 3452 2562 τῆς
3507 2505 3598 2553 τοῦ
3653 2508 3788 2554 Θεοῦ
3842 2501 3931 2554 Ἐκ

2318 2583 2556 2651 κλησίας,
2601 2585 2892 2656 Βασιλείου,
2943 2593 3095 2660 φημὶ,
3146 2594 3237 2641 καὶ
3281 2590 3517 2643 Ἰωάννου
3565 2597 3658 2642 τοῦ
3716 2598 3932 2665 Χρυσο-

2321 2678 2538 2748 στὸμου,
2598 2678 2691 2738 τὰς
2747 2675 2795 2728 ἐν
2848 2677 3028 2742 αὐτοῖς
3075 2677 3274 2740 ἐντολὰς
3336 2688 3427 2733 τοῦ
3483 2685 3684 2756 πρώτου
3723 2680 3929 2754 ἀρχιε-

2317 2767 2441 2838 ρέως
2518 2767 2780 2838 Πνεύματι
2867 2767 2985 2838 θείῳ
3067 2765 3457 2842 ποδηγούμενοι
3548 2767 3926 2842 ἀνεπλήρωσαν

2315 2861 2458 2915 Τινες
2528 2849 2588 2905 δὲ
2654 2852 2754 2928 ἆρα
2806 2856 2862 2906 αἱ
2913 2853 3147 2923 ἐντολαί;
3203 2857 3395 2910 Πολλαὶ
3451 2860 3540 2931 μὲν
3591 2863 3679 2910 καὶ
3736 2857 3922 2923 ἀλλοιὶ,

2317 2941 2589 3019 ἐξαιρέτως
2645 2939 2704 2996 δὲ
2752 2945 2807 2996 αἱ
2847 2948 2979 3017 πρὸς
3034 2950 3127 3004 τήν
3185 2949 3436 3020 ἡμετέραν
3501 2949 3761 3023 κάθαρσιν
3826 2968 3918 3001 και

539 3043 924 3113 manducate,
982 3041 1082 3107 ait,
1134 3040 1248 3095 hoc
1301 3043 1394 3095 est
1445 3054 1664 3110 corpus
1712 3053 1944 3093 meum.
1982 3059 2003 3085 ι
2057 3035 2209 3093 Nihil

2318 3035 2468 3085 οἱονεὶ
2517 3031 2843 3095 ἁναζὼωσιν.
2870 3055 2897 3084 ‹‹
2948 3034 3134 3088 Λάϐετε
3191 3039 3377 3109 φάγετε
3409 3059 3459 3107 ››,
3491 3039 3642 3109 φὴσὶ·
3677 3060 3707 3086 ‹‹
3739 3034 3832 3091 τοῦ
3888 3041 3914 3090 ό

541 3131 703 3189 enim
729 3133 913 3196 vetat,
937 3128 1265 3200 quominus
1294 3127 1495 3183 denuo
1515 3125 1853 3182 necessaria
1872 3126 2002 3181 haec
2027 3124 2211 3181 verba

540 3226 908 3294 repetamus.
945 3220 1011 3272 Et
1061 3216 1246 3288 paulo
1295 3220 1465 3290 post:
1496 3237 1523 3267 ‹‹
1557 3218 1679 3271 Ηοο
1716 3214 1892 3270 facite
1916 3214 1978 3270 in
2008 3229 2211 3270 meam

543 3305 1253 3366 commemorationem.»
1305 3305 1487 3374 Igitur
1539 3308 1848 3375 tantopere
1893 3302 2060 3360 cordi
2105 3302 2214 3358 fuit

541 3398 636 3456 his
664 3396 856 3453 beatis
873 3395 1513 3452 commemorationem
1537 3394 1747 3450 Christi
1795 3393 2008 3457 facere,
2057 3397 2122 3449 ut
2158 3397 2216 3449 et

545 3501 762 3559 corpus
787 3499 895 3558 per
920 3483 1125 3541 divina
1146 3482 1427 3557 symbola
1445 3483 1743 3540 incolume
1763 3482 2217 3556 perfectumque

546 3574 929 3646 conﬁcerent,
955 3577 1155 3630 mente
1185 3577 1364 3646 atque
1389 3573 1594 3629 anima
1623 3573 1964 3645 praeditum,
1999 3572 2217 3643 injecto

544 3651 608 3723 in
644 3681 915 3722 massam
937 3665 1252 3735 fermento,
1280 3669 1339 3719 et
1362 3662 1831 3719 substantialiter
1861 3662 2078 3718 deitate
2090 3662 2219 3734 ple-

549 3753 906 3824 num;adeo
954 3757 1020 3810 ut
1048 3753 1153 3826 qui
1205 3753 1388 3823 digne
1451 3752 1832 3825 participent,
1879 3751 2217 3808 sanctiﬁca-

546 3845 706 3902 tione
721 3848 778 3900 et
797 3844 990 3915 gratia
1005 3842 1326 3909 donentur,
1350 3857 1834 3915 magnarumque
1861 3841 2218 3915 passionum

545 3933 849 3992 medelam
877 3937 1345 4006 consequantur.

617 4027 668 4080 3.
702 4021 816 4079 Sed
847 4021 1010 4078 enim
1035 4023 1206 4078 tertia
1257 4035 1503 4094 quoque
1535 4019 1766 4076 accedit
1793 4020 2219 4094 praedictarum

543 4127 745 4170 rerum
789 4110 1186 4180 conﬁrmatio,
1220 4126 1356 4182 quae
1427 4127 1565 4166 cum
1620 4126 1792 4168 sacra
1828 4111 2070 4182 liturgia
2118 4127 2218 4167 ec-

545 4199 743 4256 clesiis
770 4199 872 4254 Dei
901 4197 1184 4270 pra-clare
1223 4198 1442 4271 pieque
1489 4197 1710 4255 tradita
1755 4204 1863 4256 est.
1927 4201 2218 4268 Quaenam

543 4303 687 4345 vero
717 4287 847 4342 haec
866 4287 894 4342 ?
927 4287 1246 4343 Sacrarum
1275 4286 1558 4343 nimirum
1588 4289 1924 4358 imaginum
1974 4305 2088 4362 ope
2121 4304 2218 4344 co-

545 4375 744 4431 lorum
770 4373 1078 4430 exhibitio.
1115 4377 1178 4430 In
1206 4374 1300 4431 his
1328 4375 1489 4431 enim
1541 4375 1974 4432 incarnationis
2005 4377 2216 4434 Christi

548 4464 652 4521 Dei
677 4463 864 4519 nostri
892 4465 1181 4536 mysteria
1219 4466 1424 4522 omnia
1449 4482 1485 4521 a
1531 4466 1822 4538 religiosis
1867 4467 2218 4524 hominibus

548 4556 876 4610 cernuntur
895 4554 1188 4626 exposita,
1216 4554 1294 4611 ab
1318 4555 1656 4625 archangeli
1687 4555 1970 4612 Gabrielis
2002 4555 2081 4613 ad
2112 4557 2218 4612 vir-

549 4641 752 4712 ginem
783 4641 1046 4699 adventu
1068 4659 1258 4716 usque
1287 4643 1366 4700 ad
1397 4644 1633 4700 Domini
1660 4644 1722 4700 in
1762 4644 1946 4700 caelos
1979 4661 2213 4701 assum-

549 4729 818 4804 ptionem
849 4746 920 4787 ac
975 4732 1370 4789 novissimum
1399 4733 1676 4790 reditum.
1712 4732 1908 4789 Habes
1939 4737 1997 4790 et
2025 4733 2214 4791 alium

621 4871 844 4942 (l)Hoc
871 4873 1017 4930 dicit
1049 4875 1385 4931 secundum
1435 4879 1810 4932 constantem
1867 4876 2218 4935 Graecorum

552 4944 908 5021 sententiam
960 4960 1031 5001 ac
1053 4946 1233 5021 ritum
1292 4946 1688 5021 consecrandi
1743 4947 2212 5021 fermentatum;

549 5029 736 5088 quem
793 5015 973 5071 ritum
1023 5032 1164 5090 non
1194 5016 1500 5090 improbat
1543 5017 1747 5073 Latina
1803 5018 2080 5090 Ecclesia,
2135 5015 2219 5077 ita

549 5087 756 5161 tamen
785 5089 851 5142 ut
893 5103 930 5143 a
987 5087 1200 5161 Graecis
1224 5087 1512 5161 vicissim,
1532 5103 1812 5161 azymum
1833 5089 2016 5146 nollet
2048 5089 2216 5147 dam-

548 5157 719 5238 nari.
737 5159 943 5238 Itaque
973 5158 1157 5229 paulo
1180 5157 1615 5238 vehementius
1635 5159 1898 5238 loquitur
1920 5164 1976 5218 S.
2010 5161 2216 5238 Petrus

550 5227 914 5301 Damianiin
945 5227 1058 5301 sua
1083 5229 1370 5301 praeclara
1395 5234 1454 5285 et
1489 5227 1940 5300 religiosissima
1967 5235 2217 5290 canonis

549 5299 1155 5373 missieexpositiohe
1183 5304 1268 5367 (n.
1307 5301 1389 5369 t.)
1412 5316 1449 5356 a
1474 5299 1649 5373 nobis
1670 5301 1830 5358 edita
1857 5303 2075 5373 Script.
2100 5311 2213 5362 vet.

549 5373 591 5444 ι,
616 5369 679 5444 V_’l
703 5385 715 5422 :
739 5368 928 5426 Pariis
952 5371 1356 5444 fermentatus
1373 5368 1501 5444 imm
1533 5371 1700 5428 debet
1725 5374 1932 5444 offerri
1959 5368 2021 5430 iis
2035 5377 2218 5432 sacri-

548 5439 776 5517 ficium,
810 5439 1209 5517 tum’rqtz‘one
1231 5443 1406 5517 facti,
1455 5449 1576 5498 tum
1633 5439 1869 5501 ratione
1923 5448 2216 5517 mysterii.

552 5509 752 5570 Graeci
775 5517 973 5568 tamen
1003 5511 1068 5566 in
1106 5527 1211 5568 suo
1231 5509 1572 5583 pertinaces
1599 5530 1802 5572 errore
1831 5517 1904 5572 de
1928 5509 2218 5590 fermento

2317 3121 2431 3174 ἐστι
2459 3126 2511 3174 τὶ
2544 3123 2696 3194 σῶμά
2741 3141 2867 3194 μουο
2911 3120 3062 3176 οὐδὲν
3091 3127 3192 3200 γὰρ
3237 3125 3422 3179 κωλύει
3469 3130 3555 3178 καὶ
3612 3127 3767 3188 αὖθις
3809 3135 3920 3187 τοῖς

2320 3211 2626 3284 ἀναγκαίοις
2672 3218 2824 3264 τοῦτο
2881 3210 3339 3286 ἐπαναλαμϐάνειν·
3393 3221 3482 3268 καὶ
3543 3217 3658 3288 μετ’
3725 3216 3917 3290 ὀλιγον·

2323 3324 2353 3351 ‹‹
2395 3307 2558 3354 Τοῦτο
2590 3307 2781 3353 ποιεῖτε
2835 3301 2906 3365 εἰς
2956 3307 3051 3361 τήν
3104 3306 3230 3378 ἐμήν
3288 3303 3597 3378 ἀνάμνησιν.
3640 3329 3670 3357 ››
3719 3307 3922 3360 Οὐκοῦν

2323 3393 2482 3451 οὕτως
2542 3392 2801 3443 ἔσπευσαν
2858 3395 2906 3444 oi
2963 3395 3216 3468 μακάριοι
3269 3397 3515 3449 ποεῐσθοιι
3571 3400 3666 3455 τήν
3732 3395 3928 3449 ἐκείνου

2326 3480 2636 3555 ἀνάμνησιν,
2671 3483 2735 3543 ὡς
2765 3486 2855 3535 xui
2910 3486 2969 3535 τὸ
3021 3493 3174 3558 σῶμα
3204 3481 3297 3539 διὰ
3325 3494 3425 3538 τῶν
3459 3488 3605 3540 θείων
3653 3485 3930 3560 συμϐόλων

2329 3580 2460 3624 σῶον
2492 3576 2581 3624 καὶ
2612 3573 2790 3649 ἄρτιον
2848 3572 3129 3641 ἀποτελεῖν,
3163 3577 3332 3628 ἔννουν
3377 3580 3468 3629 καὶ
3525 3576 3784 3650 ἔμψυχον,
3829 3573 3932 3628 δια

2325 3670 2417 3722 τῆς
2471 3662 2638 3735 ζύμης
2685 3661 3066 3737 ἐμϐαλλομένης
3117 3671 3190 3735 τῷ
3231 3667 3498 3740 φυράματι
3530 3665 3630 3738 (l),
3673 3669 3763 3716 xui
3817 3666 3933 3718 θεό-

2325 3771 2478 3815 τητος
2526 3750 2638 3804 κατ’
2681 3751 2865 3805 οὐσίαν
2919 3753 3335 3828 πεπληρωμενοψ
3410 3757 3545 3808 ὥστε
3611 3757 3729 3815 τοὺς
3775 3753 3933 3818 ἀξίως

2327 3840 2815 3914 μεταλαμϐάνοντας
2860 3841 3126 3916 ἁγιασμοῦ
3183 3847 3272 3896 καὶ
3336 3845 3557 3919 χάριτος
3623 3842 3931 3914 ἀξιοῦσθαι,

2327 3936 2416 3983 καὶ
2437 3930 2672 4004 μεγάλων
2702 3933 2880 3984 παθῶν
2909 3934 3050 3984 ἴασιν
3083 3929 3364 4004 δέχεσθαι.

2397 4019 2467 4092 γ’.
2500 4019 2630 4072 Ἀλλ’
2683 4023 2796 4072 ἔστι
2851 4025 2939 4073 καὶ
2978 4025 3128 4097 τρίτη
3183 4019 3469 4094 βεϐαίωσις
3515 4031 3616 4075 τῶν
3667 4027 3938 4097 προτεθει-

2328 4113 2509 4182 μένων,
2575 4109 2684 4170 ἣτις
2743 4113 2876 4183 μετὰ
2935 4117 3031 4174 τῆς
3106 4112 3240 4173 θείας
3309 4113 3598 4188 ἱερουργίας
3665 4121 3780 4175 ταῖς
3845 4122 3936 4169 τοῦ

2331 4205 2466 4253 Θεοῦ
2505 4196 2807 4261 ἐκκλησίαις
2854 4199 3018 4260 καλῶς
3093 4200 3182 4252 καί
3237 4201 3482 4276 θεοφιλῶς
3540 4199 3935 4278 παραδέδοται.

2329 4292 2420 4349 Τίς
2469 4283 2528 4340 δὲ
2567 4288 2696 4345 αῦτη
2747 4287 2852 4356 ;’Π
2901 4297 2998 4341 τῶν
3049 4291 3192 4363 ἱερῶν
3247 4291 3451 4342 εἰκόνων
3485 4286 3580 4343 διά
3635 4295 3939 4365 χρωμάτων

2246 4405 2291 4460 D
2333 4375 2697 4439 ἀναστήλωσις
2910 4376 2958 4430 ἐν
3025 4381 3243 4440 ταύταις
3279 4382 3382 4456 γὰρ
3429 4382 3492 4432 τὰ
3530 4389 3620 4443 τῆς
3681 4381 3937 4457 ἕνανθρω-

2329 4472 2540 4529 πήσεως
2583 4475 2674 4519 τοῦ
2725 4467 2961 4543 Χριστοῦ
2998 4472 3088 4520 καὶ
3146 4476 3280 4522 Θεοῦ
3326 4473 3463 4542 ήμῶν
3494 4469 3702 4523 ἅπαντα
3732 4478 3944 4545 μυστή-

2329 4576 2421 4629 ρια
2448 4561 2556 4618 τοῖς
2607 4555 2869 4609 εύσεϐέσιν
2917 4559 3138 4631 ὁρῶνται
3185 4560 3642 4635 καθιστορούμενα
3693 4559 3783 4612 ἀπ’
3851 4582 3941 4614 αυ-

2328 4653 2424 4708 τῆς
2462 4653 2554 4707 τῆς
2600 4653 2701 4699 τσῦ
2747 4645 3081 4722 ἀρχαγγελου
3141 4646 3372 4724 Γαϐριὴλ
3423 4652 3554 4725 πρὸς
3595 4654 3690 4708 τήν
3741 4654 3946 4727 Παρθέ-

2327 4753 2409 4786 νον
2459 4733 2674 4807 ἀφίξεως
2721 4740 2887 4811 μέχρι
2928 4741 3018 4789 xui
3068 4745 3159 4798 τῆς
3209 4737 3278 4800 εἰς
3328 4737 3580 4814 οὐρανοὺς
3640 4738 3946 4812 ἀναλήψεως

2327 4879 2670 4950 conﬁciunt.
2693 4881 3117 4936 Verumtamen
3130 4880 3292 4938 idem
3311 4882 3518 4939 Petrus
3532 4887 3720 4940 semet
3733 4899 3946 4942 emen—

2328 4951 2432 5007 dat
2459 4954 2562 5008 aut
2591 4951 2854 5030 explicat
2877 4951 2938 5030 in
2977 4951 3377 5030 ‘Collectaneis
3399 4957 3546 5011 tom.
3587 4954 3687 5012 cit.
3727 4971 3792 5030 p.
3816 4958 3944 5027 243,

2329 5037 2469 5078 cum
2508 5022 2713 5078 nostra
2742 5022 3152 5081 adnotatione.

2401 5093 2476 5165 (2)
2515 5093 2696 5149 Graeci
2724 5095 2933 5166 prima
2953 5095 3445 5165 Quadragesimaa
3486 5097 3798 5153 Dominica
3833 5100 3951 5156 fes-

2328 5164 2896 5235 tumqveneraﬁonis
2922 5164 3255 5235 imaginum
3306 5166 3630 5231 celebrant,
3659 5169 3950 5227 subtitulo

2329 5231 2657 5310 όρθοὸοξίας,
2676 5235 2758 5310 ob
2778 5231 3352 5310 eam‘dog'maticam
3364 5238 3639 5310 disciplin
3649 5255 3746 5296 am
3773 5241 3837 5297 in
3869 5257 3949 5298 se—

2327 5307 2516 5383 ptimo
2548 5307 2800 5383 concilio
2821 5307 3154 5383 deﬁnitam.
3185 5313 3264 5365 De
3289 5325 3426 5383 quo,
3443 5307 3600 5383 festo
3618 5311 3822 5368 multae
3849 5329 3950 5370 ex—

2328 5378 2766 5453 tanthomilim,
2796 5395 2960 5453 quas
2983 5378 3433 5453 inter_memini
3464 5399 3560 5441 mc
3589 5382 3786 5453 legere
3825 5387 3948 5442 Ma-

2329 5449 2472 5506 carii
2498 5449 2984 5529 Chrysocephali,
3017 5455 3074 5507 et
3091 5449 3275 5508 aliam
3301 5453 3364 5508 in
3385 5449 3734 5510 collectione
3755 5455 3949 5529 Agapi

2329 5520 2626 5578 monachi
2646 5520 2957 5578 Cretensis.
