4134 6386
530 254 634 313 423
1815 253 1900 308 TH
1912 249 2174 308 EODORI

2313 248 2628 307 DlDENSIS
3798 250 3913 306 424

532 379 804 452 Spiritus.
829 380 1033 435 Postea
1081 380 1326 449 propter
1371 375 1726 432 triennalem
1765 375 2195 432 miraculorum

2313 394 2368 426 ra
2426 378 2486 426 τὸ
2548 373 2632 427 ἐπί
2688 379 2860 447 τρισὶν
2918 374 3173 439 ἐνιαυτοῖς
3233 378 3731 451 θαυματουργοῦντα
3799 374 3918 427 ἐπι-

529 450 795 537 cursum,
813 467 1163 523 Judaeorum
1187 465 1477 521 invidiam
1504 464 1848 531 incurrisse,
1871 470 1927 520 et
1954 481 1990 521 a
2021 463 2197 520 disci-

2313 466 2484 536 φθονον
2538 465 2781 533 γενέσθαι
2836 472 2946 526 τοῖς
3003 462 3307 532 Ἰουδαίοις,
3364 471 3455 519 καὶ
3518 468 3618 518 ὑπὸ
3664 465 3917 538 μαθητοῦ

526 561 670 637 pulo
698 557 1023 632 proditum,
1048 553 1412 627 illusumque
1434 558 1491 610 et
1510 554 1890 622 cruciﬁxum,
1917 552 2194 625 sepulcro

528 649 859 714 conditum,
886 645 1145 717 denique
1174 644 1237 698 in
1265 644 1453 699 vitam
1485 649 1858 710 revocatum,
1891 641 1952 697 in
1974 640 2195 698 coelum

531 736 973 800 conscendisse,
1006 739 1062 789 et
1082 732 1350 804 judicem
1376 732 1577 788 denuo
1624 736 1946 787 venturum
1986 746 2196 802 exspe-

530 829 698 887 ctari.
735 829 879 893 Quae
912 823 1117 879 omnia
1147 822 1463 895 perspicue
1491 821 1697 877 divina
1753 821 1996 893 liturgia
2042 820 2197 876 sistit

533 936 641 995 per
662 915 960 989 eaquaein
991 911 1309 984 ipsaﬁunt,
1359 911 1694 967 secundum
1744 910 1979 968 Domini
2021 910 2197 967 tradi-

535 1011 763 1067 tionem
796 1009 854 1061 et
879 1001 1172 1059 mandata
1201 1000 1458 1071 singula.

611 1103 663 1153 5.
732 1097 950 1149 Verum
1001 1090 1132 1146 haec
1194 1088 1442 1162 quidem
1498 1093 1791 1161 tanquam
1835 1088 2202 1146 adumbrata

535 1184 821 1260 qumdam
836 1181 1173 1237 futurarum
1194 1193 1392 1233 rerum
1408 1184 1831 1250 proponuntur
1854 1176 2197 1248 descriptio.

537 1279 609 1332 At
630 1276 842 1329 nostra
870 1265 1267 1340 particulatim
1289 1266 1512 1321 rituum
1547 1267 1645 1321 Dei
1706 1265 1898 1335 gratia
1957 1269 2201 1321 statuto-

537 1379 674 1421 rum
696 1356 1057 1431 explanatio,
1074 1360 1371 1427 quantum
1392 1353 1871 1409 inﬁrmissimum
1888 1354 2202 1423 ingenium

537 1454 811 1508 nostrum
840 1443 1110 1513 valuerit,
1140 1443 1259 1498 vim
1282 1442 1517 1498 interim
1540 1457 1750 1498 eorum
1772 1442 1979 1514 palam
2005 1444 2199 1501 faciet.

538 1551 801 1611 quorum
828 1530 1107 1605 symbola
1137 1529 1496 1586 intellexisse
1553 1529 1942 1585 arbitramur.
2004 1532 2205 1617 Neque

539 1624 702 1681 enim
714 1625 912 1679 mente
925 1619 1106 1676 talem
1118 1622 1475 1690 tantumque
1487 1622 1775 1675 conatum
1793 1618 2204 1690 concepimus,

540 1716 746 1787 utpote
769 1709 948 1767 nimis
968 1706 1879 1780 contemplativum,utfortasse
1937 1706 2000 1763 in
2065 1721 2207 1763 cun-

542 1802 653 1859 ctis
708 1803 930 1856 nostrae
984 1795 1308 1853 audaciam
1355 1795 1746 1867 expositionis
1788 1795 2206 1851 ostendamus.

542 1892 670 1946 Imo
699 1892 757 1944 et
774 1888 991 1943 diserte
1021 1885 1261 1940 veniam
1318 1900 1354 1940 a
1395 1883 1735 1954 legentibus
1788 1883 2208 1957 imploramus,

542 1994 698 2053 quos
719 1977 868 2034 scire
896 1975 1193 2039 volumus,
1226 1988 1338 2030 nos
1367 1972 1692 2029 obediendi
1714 1977 2018 2046 prmeepto
2039 1972 2211 2029 obse-

541 2069 815 2140 quentes,
848 2063 937 2120 vel
964 2063 1163 2136 potius
1184 2061 1312 2117 viro
1338 2076 1447 2134 per
1468 2061 1677 2118 omnia
1694 2065 1813 2118 Deo
1836 2060 2086 2117 amabili
2109 2059 2210 2118 ad-

541 2154 804 2213 hortanti
838 2153 1138 2218 cedentes,
1170 2151 1480 2220 negotium
1522 2150 1677 2206 ultra
1706 2151 1867 2205 vires
1926 2150 2212 2206 audacter

544 2243 790 2316 aggredi
819 2258 980 2312 ;non
999 2247 1202 2298 autem
1233 2239 1483 2296 scientia
1513 2239 1775 2305 inﬂatos,
1806 2255 1900 2295 res
1939 2239 2208 2295 humano

546 2333 701 2389 nisui
730 2332 989 2388 intactas
1037 2330 1348 2399 attingere.
1385 2328 1557 2394 Quod
1607 2330 1657 2383 si
1712 2328 1862 2401 quid
1913 2327 2005 2383 vel
2050 2328 2208 2383 circa

546 2420 917 2495 pontiﬁcalia
936 2418 1310 2483 indumenta,
1336 2416 1432 2473 vel
1459 2416 1576 2472 alia
1599 2416 1828 2488 aliquot
1856 2416 1917 2472 in
1941 2416 2207 2472 ecclesiae

545 2525 715 2567 more
740 2509 958 2581 posita,
984 2522 1183 2562 sermo
1211 2512 1414 2563 noster
1434 2505 1798 2578 praeterierit,
1828 2504 1909 2571 id,
1933 2505 2205 2577 inquam,

545 2602 714 2661 haud
736 2602 968 2673 absque
997 2613 1184 2655 causa
1211 2597 1440 2654 factum
1471 2600 1583 2653 est.
1618 2598 1765 2652 Cum
1796 2596 1956 2652 enim
1989 2596 2207 2651 harum

544 2709 769 2761 rerum,
793 2690 1080 2763 scriptam
1116 2688 1453 2761 quamdam
1483 2686 1597 2742 sub
1624 2687 1831 2757 magni
1863 2686 2063 2742 Basilii
2096 2701 2207 2741 no-

544 2782 708 2839 mine
736 2779 1285 2852 interpretationem
1316 2777 1742 2844 invenerimus,
1766 2776 1841 2831 de
1891 2776 1963 2831 iis
2004 2776 2206 2831 dicen-

544 2872 692 2929 dum
722 2887 760 2929 a
789 2869 964 2927 nobis
992 2885 1112 2926 non
1131 2867 1561 2939 judicavimus.
1586 2865 2013 2937 Quamobrem,
2048 2866 2205 2921 circa

541 2961 645 3019 illa
664 2961 844 3018 etiam
872 2959 947 3016 de
977 2958 1201 3031 quibus
1229 2957 1396 3030 loqui
1419 2957 1573 3029 jussi
1603 2956 1849 3025 fuimus,
1878 2956 1930 3011 si
1951 2954 2201 3028 quando

542 3050 813 3107 invenire
834 3048 1011 3104 nobis
1053 3046 1219 3102 licuit
1270 3044 1742 3117 praecedentium
1800 3044 2045 3101 Patrum
2100 3042 2203 3099 ali-

540 3154 731 3212 quam
760 3136 1201 3208 expositionem
1234 3137 1337 3191 aut
1360 3133 1867 3205 declarationem;
1924 3133 2000 3189 ad
2045 3132 2205 3189 hanc

543 3226 745 3301 potius
774 3224 1141 3281 hortatorem
1163 3227 1441 3279 nostrum
1493 3222 1847 3295 episcopum
1903 3222 2205 3292 ablegavi-

542 3331 717 3372 mus:
749 3314 899 3369 dum
923 3328 1037 3368 nos
1059 3311 1294 3368 interim
1325 3310 1597 3384 quietum
1657 3317 1972 3384 tutumque
2034 3312 2203 3366 silen-

543 3404 694 3461 tium
725 3407 924 3459 tenere
956 3400 1303 3458 maluimus.
1348 3399 1463 3457 Sed
1488 3400 1687 3470 agesis
1722 3400 1822 3456 Dei
1850 3399 2205 3471 benignitati

542 3492 923 3567 propositum
946 3489 1399 3560 aggrediamur.

614 3587 665 3639 6.
690 3581 927 3637 Initium
957 3578 1244 3635 doctrinm
1292 3594 1551 3648 arcanae,
1601 3584 1656 3634 et
1686 3579 2204 3634 sanctissimorum

540 3668 980 3742 symbolarum,
1011 3666 1160 3723 illud
1189 3666 1389 3739 ipsum
1425 3665 1707 3740 spiritalis
1736 3681 1933 3722 sermo
1983 3680 2205 3736 propo-

537 3761 643 3831 nit,
667 3757 833 3831 quod
858 3762 984 3813 tum
1011 3757 1285 3812 humana
1310 3760 1528 3811 natura
1549 3771 1658 3810 ceu
1680 3754 2013 3827 quamdam
2039 3753 2204 3809 obla-

537 3847 764 3904 tionem
794 3862 869 3903 ex
895 3846 1179 3902 universa
1209 3845 1485 3903 humana
1512 3859 1716 3900 massa
1770 3842 2025 3899 Domino
2083 3845 2203 3899 Deo

536 3941 743 3994 nostro
782 3935 954 3992 offert
985 3951 1000 4001 ;
1029 3939 1157 3990 tum
1196 3933 1548 4006 prophetica
1576 3933 1771 4002 gratia
1797 3932 1985 3990 divini
2027 3931 2203 4007 Spiri-

537 4029 634 4081 tus
661 4026 866 4082 multis
895 4023 1270 4095 diversisque
1291 4021 1600 4077 vocabulis
1622 4022 2003 4091 signiﬁcavit,
2063 4040 2202 4081 con-

538 4129 721 4183 gruas
748 4116 997 4185 operate
1024 4110 1314 4182 mysterio
1366 4109 1799 4180 appellationes
1857 4111 2197 4184 imponens,

539 4201 699 4274 typis
721 4199 1091 4273 quibusdam
1119 4214 1190 4253 ac
1222 4196 1512 4269 symbolis
1532 4205 2051 4270 prtemonstratas.
2087 4202 2203 4258 Sed

538 4304 811 4360 congrua
831 4294 888 4345 et
915 4285 1333 4344 connaturalia
1361 4286 1613 4342 nomina
1650 4288 1735 4343 rei
1775 4293 1957 4358 gestae
2014 4290 2200 4348 modo

609 4420 690 4486 (7)
708 4412 1035 4486 _Yerissime
1060 4410 1406 4486 Theodorus
1436 4416 1637 4486 noster
1664 4411 1807 4486 dicit
1844 4413 2198 4486 inscriptum

2302 550 2648 626 προδοθῆναι,
2708 553 3074 628 ἐμπαιχθῆναι
3122 575 3178 609 τε
3229 560 3319 608 καὶ
3375 556 3763 630 σταυρωθῆναιυ
3801 556 3921 608 εἶτα.

2303 646 2394 694 καὶ
2451 640 2749 695 ἀναστάντα
2808 641 3188 716 ἀναληφθῆναι,
3248 648 3338 697 καὶ
3400 647 3464 705 ὡς
3511 647 3708 719 κριτὴν
3746 662 3925 716 προσ-

2307 727 2598 803 δοκώμενον
2649 730 2802 783 πάλιν
2843 730 3162 785 ἐλεύσεσθαι·
3204 733 3239 785 ἃ
3293 736 3465 785 πάντα
3518 741 3696 804 σαφῶς
3743 738 3845 784 καὶ
3883 733 3916 789 ἡ

2309 822 2422 874 θεία
2472 820 2737 896 ἱερουργία
2783 826 3070 879 συνίστησι
3120 819 3213 875 διὰ
3259 832 3359 875 τῶν
3385 821 3433 874 ίν
3480 823 3611 895 αὐτῆ
3672 821 3921 893 τελουμέ.

2306 930 2423 977 νων,
2483 912 2617 963 κατά
2657 914 2751 968 τῆν
2800 929 2891 963 του
2947 916 3141 987 Κυρίου
3189 908 3509 985 παράδοσιν,
3560 913 3762 972 καὶτὰς
3796 907 3926 983 διη-

2306 1001 2533 1075 ρημένας
2564 996 2796 1061 ἐντολάς.

2379 1088 2438 1143 ε’.
2484 1086 2641 1140 Ἀλλά
2687 1095 2855 1140 ταῦτα
3041 1091 3109 1152 ὡς
3158 1092 3483 1163 σκιαγραφία
3536 1097 3636 1141 τῶν
3689 1087 3928 1160 μελλόσ-

2308 1197 2407 1229 των
2464 1176 2766 1249 προτίθεται
2810 1180 2841 1235 ἡ
2900 1174 2959 1231 δι
3005 1180 3141 1231 κατὰ
3200 1183 3356 1253 μέρος
3419 1186 3519 1230 τῶν
3583 1177 3707 1251 παρ’
3766 1180 3927 1250 ἡμῶν

2310 1273 2443 1320 Θεοῦ
2509 1267 2700 1339 χάριτι
2742 1268 3182 1339 νομοθετηθέντων
3234 1267 3509 1339 ἐξηγησις,
3559 1268 3695 1319 κατά
3722 1286 3781 1338 γε
3824 1274 3927 1325 τῆν

2309 1357 2562 1429 ἡμετέραν
2617 1353 2999 1414 ἀσθενεστάτην
3054 1352 3310 1424 διάνοιαν,
3363 1353 3588 1415 δηλωσει
3645 1360 3772 1417 τέως
3824 1376 3927 1414 την

2313 1440 2560 1517 δύναμιν,
2608 1445 2771 1519 ὧνπερ
2832 1443 3103 1517 συμϐόλων
3152 1444 3421 1518 ἐφικέσθαι
3470 1445 3734 1517 ᾠήθημεν
3791 1442 3930 1498 οὐδὲ

2312 1535 2414 1606 γὰρ
2469 1532 2541 1593 εἰς
2589 1540 2708 1585 νοῦν
2762 1535 3009 1591 τοιαύτην
3065 1534 3232 1608 ὁρμὴν
3288 1530 3596 1607 ίδεξάμεθα,
3655 1534 3727 1596 ὡς
3782 1536 3929 1606 ἄγου

2319 1623 2638 1697 θεωρητικὴν
2693 1622 2830 1674 τάκα
2883 1619 2932 1673 ἐν
2992 1628 3122 1675 πᾶσι
3178 1626 3271 1680 τὴν
3328 1622 3522 1696 τόλμαν
3577 1630 3672 1685 τῆς
3730 1622 3929 1694 ἐξηγή-

2321 1729 2451 1773 σεως
2500 1707 2885 1774 ἐπιδείξασθαι·
2943 1710 3051 1765 ἐπεὶ
3104 1709 3200 1763 κάν
3230 1718 3341 1775 τοῖς
3394 1710 3569 1784 λόγοις
3598 1716 3930 1784 συγγνώμην

2318 1801 2558 1873 αἰτοῦμεν
2635 1807 2746 1862 τοῖς
2809 1798 3244 1872 ἐντυγχάνουσιν,
3322 1797 3523 1854 εἰδόσιν
3583 1803 3649 1862 ὡς
3709 1799 3827 1853 ἐντο
3896 1809 3929 1874 ᾖ

2318 1892 2553 1951 ὑπακοῆς
2600 1890 2914 1963 πειθόμενοι,
2958 1889 3150 1963 μᾶλλον
3199 1886 3259 1943 δε
3302 1899 3375 1962 τῷ
3413 1894 3540 1966 πρὸς
3588 1897 3758 1943 ταῦτα
3798 1908 3934 1965 προ-

2315 1980 2626 2055 τρεψαμάνῳ
2683 1976 2840 2053 ἀνδρὶ
2898 1982 2964 2033 τά
3003 1982 3174 2033 πάντα
3230 1984 3340 2033 ὄντι
3398 1980 3619 2053 θεοφιλεῖ
3676 1983 3930 2053 εἴκοντες,

2316 2076 2417 2121 τῶν
2460 2069 2586 2143 ὑπὲρ
2637 2065 2860 2141 δύναμιν
2912 2068 3193 2142 κατετολμῆ
3205 2088 3385 2142 σαμεν·
3442 2068 3551 2123 ἀλλ’
3604 2068 3734 2141 οὐχὶ
3792 2078 3906 2142 γνὼ

2319 2177 2400 2211 σει
2447 2157 2833 2234 βρενθυόμενοι,
2888 2165 2987 2209 τῶν
3012 2158 3129 2211 καθ’
3174 2160 3315 2231 ἡμᾶς
3373 2157 3660 2230 ἀψαύστων
3709 2161 3929 2236 ἡψάμε-

2319 2251 2403 2303 θα.
2459 2248 2521 2301 Εἰ
2575 2244 2635 2300 δέ
2681 2265 2799 2299 τινα
2855 2255 2956 2299 τῶν
3003 2251 3120 2321 περὶ
3150 2256 3250 2300 τῶν
3291 2244 3681 2323 ἀρχιερατικῶν
3712 2249 3928 2324 ἀμφίων

2315 2341 2407 2391 καὶ
2448 2334 2629 2409 ἑτέρων
2671 2344 2821 2388 τινῶν
2872 2344 2970 2388 τῶν
3017 2345 3080 2409 τῆ
3132 2335 3388 2409 ἐκκλησίᾳ
3440 2333 3731 2410 δεδομένων
3777 2342 3804 2392 ό
3844 2342 3934 2397 λό-

2314 2446 2404 2499 γος
2466 2432 2716 2500 παρῆκεν,
2783 2424 2877 2477 οὐκ
2932 2426 3052 2477 ἄνευ
3104 2424 3259 2496 λόγου
3320 2429 3608 2499 πρέποντος
3665 2423 3927 2503 δέδρακε,

2318 2516 2565 2591 Εῦρὸντες
2610 2516 2712 2588 γὰρ
2754 2518 2872 2588 περὶ
2923 2516 3116 2566 τούτων
3164 2512 3242 2566 ἐπ’
3290 2517 3507 2588 ὅνόματι
3552 2523 3642 2569 νοῦ
3688 2519 3928 2590 μεγάλου

2320 2603 2587 2659 Βασιλείου
2662 2603 2737 2674 (7)
2805 2604 3078 2676 ἑρμηνείαν
3142 2606 3260 2656 τινὰ
3329 2610 3728 2679 γεγραμμένην,
3800 2605 3934 2663 οῦδὲ

2320 2693 2644 2767 φθέγξασθαι
2695 2696 2814 2764 περὶ
2860 2694 3055 2745 τούτων
3109 2689 3224 2745 δέον
3262 2692 3627 2767 ὶλογισάμεθα·
3680 2698 3818 2749 ὥστε
3880 2699 3929 2750 εἰ

2318 2788 2409 2836 καὶ
2464 2787 2581 2856 περὶ
2633 2783 2700 2834 ὧν
2749 2782 2905 2835 εἰπεῖν
2957 2783 3383 2854 ἠναγκάσθημεν,
3432 2784 3594 2856 εὑρεῖν
3646 2780 3932 2843 ἠδυνήθη-

2320 2879 2408 2947 μέν
2455 2894 2573 2927 τινα
2618 2883 2718 2926 τῶν
2769 2870 3154 2947 προειληφότων
3203 2875 3445 2946 Πατέρων
3505 2868 3731 2930 δήλωσιν
3761 2874 3793 2931 ἢ
3836 2893 3941 2928 σα-

2320 2969 2550 3037 φήνειαν,
2606 2964 2739 3038 πρὸς
2793 2964 2989 3019 ἐκείνην
3042 2959 3198 3013 αὐτὸν
3255 2961 3394 3031 ἡμᾶς
3455 2962 3800 3014 συνωθοῦντα
3844 2968 3941 3039 άρο

2318 3054 2505 3126 χιερία
2548 3048 3019 3125 παρεπεμψάμεθα·
3071 3047 3219 3100 αὐτοὶ
3269 3044 3330 3101 δὲ
3374 3051 3469 3107 τὴν
3518 3050 3790 3122 ἄπρακτον
3836 3070 3937 3120 καὶ

2317 3136 2593 3194 ἀκίνδυνον
2653 3139 2894 3212 εἱλόμεθα
2960 3142 3177 3196 σιωπήν
3237 3139 3368 3211 όμόῦ
3435 3145 3571 3192 Θεοῦ
3638 3139 3936 3212 φιλανθρω-

2314 3235 2411 3303 πίᾳ
2464 3230 2790 3305 θαρροῦντες,
2837 3231 2927 3281 καὶ
2974 3235 3087 3289 ταῖς
3137 3227 3320 3300 εὐχαῖς
3368 3235 3461 3281 τοῦ
3485 3230 3921 3304 προτρεψαμένου

2313 3328 2405 3380 τῆς
2443 3318 2737 3379 ὑποθέσεως
2759 3315 3023 3389 ἀρχόμεθα
3051 3311 3175 3368 ὧδν

2314 3411 2372 3463 et
2410 3406 2729 3463 hortatoris
2774 3404 2964 3461 nostri
2999 3403 3281 3478 precibus
3323 3404 3535 3461 conﬁsi
3562 3411 3922 3479 susceptum

2387 3586 2453 3647 ζ.
2522 3585 2725 3659 Ἀρχὴν
2798 3587 2888 3657 μὲν
2958 3592 3052 3637 τῶν
3123 3586 3533 3657 μυστικωτάτων
3594 3585 3754 3657 λόγων
3822 3593 3928 3639 καὶ

2317 3678 2589 3729 θειοτάτων
2656 3672 2929 3746 συμϐόλων
2986 3672 3058 3744 (8)
3120 3673 3283 3733 αὐτὴν
3348 3672 3544 3732 ἐκείνην
3602 3675 3628 3725 ὁ
3682 3693 3929 3747 πνευμα-

2312 3768 2459 3826 τικὸς
2530 3763 2819 3821 ὑποτίθησι
2883 3761 3052 3834 λόγος,
3119 3762 3181 3821 ἣν
3247 3765 3347 3815 εἴτε
3415 3762 3710 3836 ἀνθρωπεία
3766 3763 3937 3836 φύσις

2314 3855 2420 3907 οἷον
2458 3873 2575 3906 τινα
2623 3853 2926 3925 προσφορὰν
2976 3849 3045 3923 EE]
3083 3850 3201 3904 ὅλου
3242 3860 3334 3904 τοῦ
3374 3850 3699 3927 ἀνθρωπίνου
3752 3856 3929 3927 φυρά-

2312 3963 2479 4017 ματος
2528 3945 2703 4017 Κυρίῳ
2740 3948 2813 4011 τῷ
2862 3948 2977 4012 Θεῷ
3020 3942 3165 4013 ἡμῶν
3205 3946 3534 4013 προσήγαγε·
3585 3946 3676 3994 καὶ
3702 3942 3733 4000 ἡ
3778 3962 3929 4017 προσ

2313 4026 2504 4097 φητικῆ
2550 4024 2711 4095 χάρις
2756 4028 2848 4073 τοῦ
2894 4023 3033 4074 θείου
3092 4024 3385 4094 Πνεῦματος
3429 4019 3639 4084 πολλοῖς
3684 4027 3777 4074 καὶ
3809 4038 3934 4076 ποι-

2311 4112 2476 4174 κίλοις
2525 4112 2747 4184 ὀνόμασι
2800 4106 3160 4185 παρεδήλωσε,
3210 4109 3562 4171 καταλλὴλους
3604 4117 3666 4183 τῇ
3725 4112 3929 4188 ὑπονρο

2310 4206 2405 4273 γία
2459 4207 2551 4253 τοῦ
2608 4204 2902 4273 μυστηρίου
2950 4201 3045 4262 τὰς
3105 4204 3468 4275 προσηγορίας
3528 4198 3924 4273 ἐπιφημίσασα,

2310 4293 2493 4351 τύποις
2554 4289 2629 4360 (9)
2684 4293 2798 4341 τισὶ
2844 4294 2936 4341 καὶ
2969 4287 3251 4361 συμϐόλοις
3279 4289 3765 4362 προθεωρηθείσας.
3800 4288 3932 4343 "Al.-

2310 4418 2369 4473 in
2394 4415 2718 4486 Spicilegio
2734 4429 2882 4486 rom.
2911 4418 2948 4469 t.
2964 4416 3415 4486 lV,quanqu_am
3429 4411 3548 4469 ﬁne
3565 4412 3919 4486 multatum.

541 4501 605 4540 se
623 4481 850 4557 vidisse
870 4483 1008 4540 divo
1033 4483 1245 4557 Basilio
1267 4481 1631 4557 opusculum
1652 4483 1727 4537 de
1749 4498 1873 4555 quo
1893 4481 2193 4557 loquitur;
2226 4485 2272 4539 D
2314 4481 2644 4557 Sed‘exstat
2662 4486 2722 4540 in
2749 4485 2884 4541 cod.
2938 4487 3063 4541 Vat.
3082 4481 3097 4486 ’
3120 4481 3269 4557 79οξ
3287 4484 3327 4540 f.
3374 4484 3572 4553 36-40,
3619 4485 3925 4557 scriptum

540 4556 758 4612 etenim
800 4570 912 4611 nas
934 4553 1262 4627 quoquein
1286 4552 1421 4627 eod.
1449 4552 1573 4627 _\'a_t.
1598 4557 1723 4621 430,
1748 4552 2196 4625 ῥοδίτιιέοάοιιί

538 4631 856 4683 tractatum
882 4623 1137 4696 legimus
1168 4624 1207 4679 Ι.
1244 4624 1337 4679 itii
1379 4642 1391 4680 :
1424 4623 1657 4679 titulum
1684 4623 2104 4696 exrcei-ptorum
2140 4627 2194 4680 ἐκ

539 4705 632 4759 τῆς
672 4705 761 4749 τοῦ
825 4698 875 4749 ἐν
942 4694 1108 4767 ἁγίοις
1155 4699 1369 4769 ΔΠατρός
1434 4696 1579 4766 ἡμῶν
1644 4694 1915 4747 Βασιλείου
1974 4695 2191 4769 ἀρχιεπ.

543 4773 858 4842 Καισαρείας
944 4750 1353 4842 καππαδοκίας-
1411 4750 1827 4842 μυσταγωγικῆς
1913 4750 2193 4827 ἐκκλησια-

542 4836 747 4901 συκῆς.
780 4842 927 4895 Tum
966 4854 1109 4894 vero
1141 4838 1200 4894 in
1245 4837 1379 4893 cod.
1413 4836 1538 4908 Vat.
1573 4840 1696 4908 662,
1723 4836 1783 4908 7f.
1830 4841 1954 4908 238,
2003 4845 2196 4898 exstat

537 4910 698 4983 idem
723 4926 876 4982 opus
898 4910 1076 4983 plane
1105 4910 1407 4983 integrum
1431 4905 1545 4961 sub
1569 4906 1841 4975 ejusdem
1865 4905 2060 4983 Basilii
2090 4928 2196 4967 no-

538 4982 720 5049 mine,
754 4979 1102 5037 cum'titulo
1152 5000 1163 5038 :
1220 4979 1450 5049 Ἱστορίᾳ
1492 4984 1875 5049 μυσταγωγική
1918 4979 2197 5041 ἐκκλησια-

539 5047 715 5112 στικήέ
741 5058 1016 5109 Attamen
1038 5051 1183 5107 nihil
1202 5047 1367 5104 aliud
1395 5047 1453 5102 id
1476 5047 1586 5109 est,
1603 5048 1716 5102 nisi
1741 5047 1877 5105 cum
1902 5055 2193 5110 varietati-

534 5124 864 5198 bus.quam
879 5119 1399 5198 opusculumillud
1421 5117 1903 5198 subpatriarchze
1918 5124 2194 5198 Germani

535 5189 780 5270 nomine
800 5189 1521 5270 non'semelvulgatum.”
1540 5190 1837 5270 imprimis
1867 5203 2083 5270 autem
2100 5267 2113 5270 _
2132 5197 2195 5252 in

535 5264 942 5336 pulcherrima
969 5261 1286 5336 Parisiensi
1308 5259 1525 5336 Morelii
1558 5259 2195 5336 edition_e._Richardus

536 5330 781 5459 guoque
805 5334 1106 5416 Simonius
1128 5332 1397 5416 codicem
1421 5330 1604 5400 hujus
1625 5334 1823 5404 operis
1846 5334 2059 5394 habuit
2079 5338 2195 5396 sub

585 5422 675 5459 εει
698 5422 738 5459 ιι
764 5421 1028 5459 nomine.
1051 5409 1116 5459 ut
1135 5408 1216 5459 ait
1242 5418 1305 5459 1n
1331 5401 1616 5459 Catalogo
1641 5417 1702 5459 ι).
1729 5407 1854 5459 287.
1904 5414 2040 5459 nost
2090 5425 2194 5459 no-

585 5401 738 5479 asiiii
764 5406 1028 5479 nomine,
1051 5409 1116 5460 ut
1135 5402 1305 5479 aitin
1325 5401 1616 5479 patalogo
1641 5401 1702 5475 p.
1729 5407 1854 5479 2557f,
1904 5414 2041 5479 post
2090 5425 2194 5467 no-

534 5481 627 5533 tas
651 5477 733 5533 ad
760 5475 1096 5533 Gabrielem
1135 5471 1402 5531 Philadel
1448 5471 1740 5531 hiensem.
1773 5471 2059 5536 E'us'dem
2097 5496 2196 5553 ge-

534 5546 697 5604 neris
726 5546 897 5605 aliud
920 5544 1282 5605 onusculum
1310 5545 1367 5602 S.
1401 5488 1721 5605 Eapbronii
1752 5492 2056 5605 edidimus
2075 5566 2192 5605 nos

533 5546 697 5604 neris
726 5546 897 5605 aliud
920 5544 1282 5618 opusculum
1310 5545 1367 5602 S.
1401 5542 1721 5616 Sophronii
1752 5542 2056 5610 edidimus
2075 5542 2192 5610 ri'os

2311 4557 2513 4614 aliud:
2538 4627 2541 4628 ν
2566 4555 2849 4628 Ἐξῆγησις
2905 4564 2999 4618 τῆς
3028 4558 3196 4628 ,θείας
3247 4556 3590 4628 λειτουργίας,
3642 4555 3767 4628 qud
3816 4558 3925 4614 SO-

2311 4627 2548 4702 phronii
2569 4626 2835 4683 defectus
2867 4626 3467 4702 suppleriutcunque
3495 4626 3755 4702 videtur.

2383 4700 2894 4772 (8)_Sacramenta,
2918 4697 3089 4772 e‘t‘res
3113 4698 3289 4754 simul
3306 4697 3733 4769 et’symbolum
3747 4703 3915 4754 sunt.

2308 4768 2481 4827 Verbi
2513 4772 2704 4840 gratia
2736 4768 3129 4842 Eucharistia,
3159 4784 3254 4842 res
3283 4773 3374 4825 est
3408 4768 3657 4842 propter
3701 4784 3919 4842 veram

2307 4840 2969 4913 Christipraasentiam:
3004 4839 3428 4913 simulquetut'
3449 4839 3541 4895 ait
3569 4839 3921 4911 Critopulns

2305 4914 2369 4969 in
2395 4910 2661 4969 Confess.
2686 4910 2830 4968 eccl.
2858 4926 2993 4982 cap.
3028 4914 3079 4980 9,
3120 4910 3471 4982 symbolum
3500 4919 3595 4971 τῆς
3619 4910 3925 4983 σνσό-ωμα-

2306 4991 2507 5044 τὼσεως
2559 4987 2645 5035 καὶ
2706 4981 3073 5057 ἐγκεντρίσεως
3126 4981 3271 5054 ἡμῶν
3336 4986 3466 5055 πρὸς
3507 4985 3596 5035 τὸν
3650 4981 3921 5057 ἑνανθρω-

2305 5062 2550 5114 πήσαντα
2588 5056 2706 5125 Υίνὸν
2736 5058 2826 5105 καὶ
2850 5053 3001 5125 λόγον
3044 5061 3134 5106 τοῦ
3166 5061 3322 5125 Θεοῦ.
3392 5124 3395 5125 ν

2376 5127 2447 5197 (9)
2481 5123 3146 5181 Ρτιεοιιιᾱθηάοέοτιιω
3180 5124 3268 5197 ori
3297 5124 3403 5196 qui
3432 5140 3656 5197 panem
3692 5125 3931 5197 eueha-

2304 5195 2569 5269 ristieum
2584 5202 2800 5269 typum
2816 5200 3048 5269 tantum
3062 5212 3168 5252 seu
3181 5195 3450 5269 ﬁguram
3463 5196 3738 5269 corporis
3757 5196 3935 5255 Chri-

2305 5269 2380 5349 s_t_i
2402 5266 2845 5349 blaspljemant,
2877 5266 3048 5349 adest
3070 5266 3527 5349 antiquissimus
3551 5266 3930 5349 Quoquente-

2304 5341 2407 5396 stis
2428 5337 2682 5411 Cy_rillus
2704 5337 2986 5401 Hierosol,
3032 5338 3095 5393 in
3131 5337 3379 5411 lily—stag.
3428 5339 3516 5403 IV,
3549 5337 3619 5411 3::
3654 5337 3735 5391 Ἐν
3766 5341 3930 5411 τύπῳ

2303 5400 2708 5484 ἅρτσίδίδοταί
2763 5427 2882 5484 σοι.-
2904 5400 2977 5484 τό
3014 5400 3203 5482 σώμαθ’
3233 5410 3297 5465 in
3324 5400 3608 5482 'typotid
3658 5413 3767 5484 est_

2302 5479 2409 5555 cj’e)
2420 5482 2600 5552 panis
2610 5480 2799 5537 datur
2807 5479 2920 5555 tibi
2932 5479 3385 5555 corputhaque'
3395 5495 3521 5538 non
3532 5479 3805 5555 Corporis
3824 5489 3929 5541 est

2301 5550 2637 5625 ﬁgura,seu
2657 5551 2911 5626 species,
2926 5550 3105 5627 panis
3122 5556 3219 5611 est
3240 5550 3378 5622 ;§ed
3398 5566 3620 5627 corpus
3637 5550 3757 5610 sub
3779 5567 3927 5625 spe-
