4134 6398
560 354 673 413 ιετ

1841 360 2199 420 THEODORI
2235 357 2659 420 ANDIDENSIS

3832 360 3949 427 428

559 480 973 540 inﬁrmitatem
999 483 1376 556 indulgentia
1434 486 1592 541 Deus
1610 482 1725 541 illis
1797 484 2090 542 sacriﬁcia
2143 486 2202 542 in

2343 489 2522 558 μνήμη
2574 493 2666 546 τῆς
2706 489 2957 547 τοιαύτης
3002 486 3263 561 λατρείας·
3327 490 3372 541 εὶ
3416 489 3521 562 γὰρ
3568 492 3641 561 μὴ
3689 505 3949 560 συγκατα’

561 568 833 640 dixisset,
861 572 1014 645 quid
1043 589 1248 631 causa
1277 577 1426 639 erat,
1450 575 1781 647 quominus
1799 574 2229 632 inuniversum

558 663 856 719 terrarum
897 662 1110 720 orbem
1138 662 1399 720 diffundi
1463 679 1538 721 ea
1551 662 1932 731 decrevisset,
1963 679 2136 736 aeque
2156 676 2228 720 ac

558 748 680 816 illa,
706 765 847 823 quae
861 766 971 824 per
984 752 1479 824 praedicationem
1504 750 1939 824 apostolorum,
1973 752 2226 826 jubente

558 840 681 897 Deo
707 839 979 897 instituta
1033 846 1194 904 sunt,
1253 854 1393 914 qua
1451 841 1561 898 soli
1592 847 1651 898 et
1700 841 1843 908 aeri,
1875 841 2225 914 casterisque

556 929 773 987 mundi
801 930 1113 988 ornatibus
1143 931 1553 988 assimilantur
1572 932 1602 986 ‘2
1632 931 1766 1000 Sed,
1829 935 1896 987 ut
1932 930 2220 998 diximus,

557 1016 906 1075 Judworum
936 1019 1233 1078 sacriﬁcia
1251 1019 1763 1076 condescensione
1796 1019 1896 1075 Dei
1926 1019 2224 1091 permissa

557 1105 819 1164 fuerunt.
870 1108 1101 1165 Etenim
1147 1108 1297 1164 dum
1351 1108 1482 1165 haec
1511 1108 1713 1165 adhuc
1753 1109 2221 1181 peragebantur,

553 1196 771 1253 millies
796 1196 1000 1253 divino
1021 1197 1239 1270 Spiritu
1265 1213 1375 1270 per
1404 1196 1734 1269 prophetas
1781 1197 2083 1270 loquente,
2132 1214 2222 1253 re«

553 1289 937 1353 cusatasunt,
986 1284 1512 1358 quemadmodum
1570 1285 1751 1341 Isaias
1817 1287 1975 1341 ait:«
2018 1287 2075 1342 Si
2104 1285 2221 1342 aﬁ‘e

550 1374 699 1431 ratis
719 1375 799 1431 ad
822 1389 920 1430 me
940 1373 1223 1445 similam,
1247 1389 1409 1431 vana
1429 1378 1517 1430 est
1544 1373 1789 1443 oblatio,
1822 1374 2219 1440 abominatio,

549 1463 843 1535 inquiam,
888 1463 1034 1520 mihi
1080 1466 1192 1520 est.
1228 1462 1370 1529 Quis
1424 1462 1588 1519 enim
1643 1462 1774 1518 haac
1820 1462 1898 1519 de
1935 1462 2220 1519 manibus

547 1552 761 1609 vestris
782 1551 1100 1624 exquisivit
1117 1553 1141 1588 ²
1160 1552 1190 1609 ?
1218 1572 1250 1602 »
1280 1551 1472 1608 David
1522 1557 1727 1609 autem
1755 1568 1821 1607 :»
1848 1555 2002 1608 Num
2041 1568 2217 1608 man-

545 1640 787 1698 ducabo
815 1656 1030 1698 carnes
1057 1645 1395 1704 taurorum,
1422 1645 1482 1697 et
1509 1640 1870 1712 sanguinem
1907 1640 2216 1700 hircorum

2341 572 2528 626 ϐαίνων
2570 582 2635 648 τῇ
2686 572 2927 647 ἀσθενείᾳ
2970 584 3070 628 τῶν
3116 572 3393 630 Ἰουδαίων
3438 580 3535 640 τὰς
3561 579 3752 639 θυσίας
3779 597 3949 651 προσ-

2335 654 2509 726 ἔταξεν
2551 665 2578 715 ό
2627 667 2776 733 Θεὸς,
2825 673 2937 728 πῶς
2979 665 3074 717 οὐκ
3123 666 3197 728 εἰς
3242 673 3420 719 πᾶσαν
3448 672 3544 725 τὴν
3571 675 3672 738 γῆν
3699 664 3948 739 έφαπλοῦ-

2337 753 2463 804 σθαι
2502 753 2666 813 αὐτὰς
2718 750 3029 828 διωρίσατο,
3081 757 3151 815 ὡς
3194 759 3284 807 xui
3332 758 3428 817 τὰς
3472 755 3573 808 ύπό
3616 763 3709 807 τοῦ
3754 760 3947 830 κηρύγ-

2332 859 2497 912 ματος
2542 849 2643 893 τῶν
2696 840 2855 913 ἁγίων
2910 842 3211 896 ἀποστόλων
3260 843 3372 897 κατ’
3425 843 3632 902 ἐντολὴν
3674 852 3767 897 τοῦ
3814 852 3945 899 Θεοῦ

2332 927 2648 997 έκτεθείσας,
2705 931 2896 992 αἵτινες
2951 931 3082 1002 ἡλίῳ
3136 936 3228 985 καὶ
3283 930 3395 1005 ἀέρι
3460 938 3551 985 καὶ
3605 941 3717 993 τοῖς
3773 933 3946 997 ἄλλοις

2330 1024 2524 1079 κοινοῖς
2573 1016 2962 1091 ὀτρυφήμασιν
3018 1017 3414 1092 ἑξωμοίωνται;
3473 1021 3590 1073 Ἀλλ
3650 1022 3716 1082 ὠς
3772 1028 3944 1097 προεί-

2329 1123 2508 1177 ρηται,
2561 1105 3010 1177 συγκαταϐάσεως
3057 1108 3218 1161 ἕνεκεν
3244 1109 3300 1160 αἱ
3327 1110 3511 1168 θυσίας
3539 1117 3639 1160 τῶν
3667 1106 3944 1163 Ἰουδαίων

2332 1196 2811 1268 συνεχωρήθησαν·
2858 1195 2904 1247 εἰ
2958 1198 3061 1268 γάρ
3109 1198 3185 1248 ἔτι
3233 1204 3431 1247 τοῦτ-ων
3478 1195 3796 1267 τελουμένων
3850 1217 3945 1267 μυ-

2327 1283 2499 1356 ριάκις
2542 1284 2644 1335 ύπό
2691 1290 2786 1336 τοῦ
2838 1286 2975 1336 θείου
3029 1287 3324 1358 Πνεύματος
3373 1282 3470 1337 διὰ
3512 1293 3613 1337 τῶν
3662 1295 3942 1358 προφητῶν

2330 1369 2713 1445 ἀνετράπησαν,
2783 1374 2958 1435 καθὼς
3023 1369 3118 1425 διὰ
3181 1372 3404 1427 Ἠσαίου
3472 1379 3651 1446 φησίν’
3724 1397 3751 1423 ‹‹
3832 1375 3940 1429 Ἐὰν

2329 1463 2513 1534 φέρητε
2559 1480 2650 1532 μοι
2706 1457 3002 1532 σεμίδαλιν,
3057 1464 3278 1534 μάταιον
3338 1464 3601 1535 θυμίαμα,
3661 1459 3942 1537 βδέλυγμά

2326 1552 2418 1619 μοί
2466 1546 2596 1601 ἐστι·
2654 1550 2734 1612 τὶς
2794 1551 2893 1624 γὰρ
2952 1548 3236 1612 ἐξεζητήσε
3281 1558 3448 1603 ταῦτα
3493 1550 3551 1602 ἐκ
3595 1559 3696 1604 τῶν
3743 1562 3940 1627 χειρῶν

2325 1637 2502 1707 ὑμῶν;
2558 1660 2586 1688 ››
2646 1640 2745 1690 Διά
2798 1636 2859 1690 δέ
2907 1634 3091 1693 Δαϐίδ*
3150 1660 3179 1689 ‹‹
3235 1643 3322 1697 Μὴ
3373 1641 3608 1711 φάγομαι
3656 1643 3785 1714 κρέα
3816 1644 3940 1693 ταύ-

544 1729 839 1803 potabo'?
867 1750 896 1779 »
925 1732 993 1785 Et
1015 1729 1197 1786 alibi:
1235 1751 1256 1779 ι
1321 1728 1691 1786 Sacriﬁcium
1751 1735 1809 1784 et
1847 1728 2202 1786 oblationem

2322 1743 2446 1797 ρων,
2506 1726 2535 1783 ἦ
2588 1727 2722 1799 αἷμα
2767 1728 2968 1800 τράγων
3013 1731 3249 1799 πίομαις
3298 1748 3326 1777 ››
3362 1732 3464 1781 Καὶ
3508 1728 3740 1803 ἐτέρωθι’
3775 1750 3808 1775 ιι
3839 1737 3939 1784 eu-

543 1818 807 1877 noluisti.
870 1833 1090 1890 corpus
1145 1821 1349 1875 autem
1394 1817 1619 1888 aptasti
1669 1817 1823 1873 mihi
1849 1819 1891 1872 ‘.
1927 1840 1956 1868 »
1983 1817 2214 1883 Quibus

540 1906 737 1963 verbis
766 1905 1084 1979 Propheta,
1117 1905 1330 1963 Christi
1379 1906 1481 1961 Dei
1545 1906 1756 1976 nostri,
1813 1911 1950 1961 ante
1988 1911 2214 1962 veteres

545 1995 962 2068 generationes
988 1994 1350 2067 dispositum
1380 1992 1812 2050 incarnationis
1854 1994 2213 2066 mysterium

543 2084 813 2141 denotat.
848 2082 1167 2150 Quomodo
1191 2082 1372 2153 igitur
1394 2087 1534 2154 post
1564 2097 1738 2138 novae
1766 2083 1969 2152 gratiae
1983 2083 2210 2139 adven-

543 2177 701 2243 tum,
765 2173 1087 2245 vestigium
1134 2171 1383 2244 aliquod
1432 2175 1700 2229 veterum
1750 2172 2205 2239 sacriﬁciorum,

540 2263 892 2335 quicunque
921 2261 1138 2318 mentis
1166 2265 1259 2317 est
1292 2259 1736 2332 compos,dicat
1787 2259 2161 2332 superfuisse
2180 2262 2209 2317 ‘?

546 2351 660 2408 Sed
692 2351 820 2409 hac
840 2351 1137 2407 hactenus
1157 2349 1233 2405 de
1257 2348 1546 2420 legalium
1559 2348 1995 2406 sacriﬁciorum
2014 2364 2207 2406 cessa-

538 2440 703 2497 tione
729 2439 823 2497 vel
845 2439 1181 2512 abjectione
1209 2442 1268 2495 et
1293 2438 1502 2495 vetito.

612 2534 671 2587 8.
730 2530 846 2588 Sed
892 2530 1146 2586 fortasse
1190 2528 1348 2585 dicet
1406 2527 1622 2601 aliquis
1677 2544 1753 2584 ex
1794 2528 2200 2585 adversariis:

540 2622 677 2688 Vos,
704 2635 778 2676 ex
796 2618 1019 2692 quibus
1048 2616 1482 2691 prophetarum
1492 2617 1964 2674 indicationibus
1980 2634 2203 2691 panem

538 2710 1001 2782 vinumqueceu
1027 2713 1245 2780 typum
1264 2706 1533 2779 corporis
1552 2723 1624 2762 ac
1653 2708 1964 2776 sanguinis
1991 2708 2204 2765 Christi

538 2798 754 2855 oﬂ‘erre
805 2796 1095 2854 didicistis
1124 2796 1152 2852 ?
1180 2795 1250 2852 In
1274 2795 1488 2868 primis
1526 2796 1707 2868 igitur
1733 2798 2200 2868 respondemus.

537 2888 751 2945 Christi
775 2887 897 2954 Dei,
928 2888 1036 2959 qui
1081 2890 1174 2942 est
1198 2885 1336 2956 ipsa
1374 2884 1615 2953 veritas,
1658 2884 1816 2942 facta
1844 2890 1901 2941 et
1928 2886 2201 2943 traditio—

536 2993 646 3035 nes
669 2977 978 3034 neminem
1018 2988 1202 3047 posse
1242 2974 1498 3030 scrutari
1538 2990 1552 3029 :
1586 2995 1615 3023 ‹‹
1646 2974 1770 3029 Ηοο
1808 2975 1972 3031 enim
2002 2974 2199 3044 facite,

2325 1819 2443 1866 σίαν
2488 1819 2580 1867 καὶ
2638 1819 2941 1890 προσφορὰν
2992 1817 3086 1869 ὀύκ
3152 1817 3432 1885 ἠθελησας,
3503 1838 3659 1890 σωμα
3718 1815 3779 1871 δὲ
3850 1840 3937 1873 κα-

2320 1908 2564 1978 τηρτίσω
2607 1921 2738 1977 μοι’
2783 1928 2813 1956 ››
2861 1911 2921 1958 τὸ
2964 1913 3060 1968 τῆς
3106 1914 3200 1958 τοῦ
3230 1914 3468 1982 Χριστοῦ
3496 1911 3588 1959 καὶ
3619 1915 3754 1961 Θεοῦ
3790 1910 3937 1980 ἡμῶν

2320 1994 2528 2043 πάντων
2587 2000 2947 2066 σωματώσεως
3002 1997 3104 2068 πρὸ
3160 2004 3342 2066 γενεῶν
3396 1994 3635 2070 ἀρχαίων
3688 1996 3935 2070 ηὐτρεπι-

2321 2085 2505 2153 σμένον
2559 2084 2771 2154 φάσκων
2822 2088 3156 2156 μυστήριον·
3202 2092 3313 2146 πῶς
3360 2086 3463 2158 ἄρα
3507 2088 3640 2157 μετά
3681 2089 3777 2143 τὴν
3832 2084 3932 2139 ἐπι-

2319 2171 2527 2241 φάνειαν
2589 2179 2681 2232 τῆς
2732 2175 2849 2233 νέας
2913 2174 3138 2246 χάριτος
3203 2175 3357 2244 ἴχνος
3422 2173 3784 2245 ὑπολελεῖφθαι
3838 2184 3931 2227 τῶν

2318 2258 2547 2311 παλαιῶν
2599 2262 2794 2313 θυσιῶν
2849 2266 3060 2333 φήσειεν
3116 2263 3177 2314 ἄν
3224 2281 3306 2322 τις
3352 2271 3452 2314 τῶν
3495 2271 3614 2315 νουν
3661 2261 3928 2335 ἐχόντων;

2314 2346 2472 2399 Ἀλλά
2534 2356 2705 2401 ταῦτα
2763 2352 2855 2422 μὲν
2933 2356 3053 2425 περὶ
3116 2359 3214 2412 τῆς
3276 2359 3379 2403 τῶν
3443 2359 3667 2424 νομικῶν
3736 2354 3930 2405 θυσιῶν

2313 2437 2517 2501 παύλης
2542 2442 2572 2496 ἢ
2603 2437 2866 2502 ἀποϐολῆς
2888 2445 2978 2492 καὶ
3009 2439 3423 2513 ἀπαγορεύσεως.

2384 2526 2450 2585 η’.
2511 2526 2646 2581 Ἀλλ’
2703 2531 2835 2589 ἴσως
2885 2531 3054 2602 ἔροιτὸ
3111 2549 3194 2591 τις
3248 2538 3347 2581 τῶν
3402 2528 3715 2583 ἀντιθέτων
3758 2530 3928 2603 Ὑμεῖς

2313 2611 2373 2667 δὲ
2416 2615 2472 2668 ἐκ
2515 2620 2678 2669 ποίων
2732 2636 3068 2691 προφητικων
3118 2614 3434 2681 ἀποδείξεων
3481 2623 3570 2671 τὸν
3616 2619 3740 2694 παρ’
3781 2622 3924 2693 ὑμῶν

2309 2711 2722 2779 προσφερόμενον
2780 2708 2936 2779 ἄρτον
2988 2713 3079 2760 xui
3137 2706 3271 2759 οἶνον
3321 2707 3393 2768 εἰς
3450 2710 3609 2760 τύπον
3670 2716 3763 2761 τοῦ
3824 2716 3926 2762 σώ-

2309 2814 2473 2865 ματος
2520 2800 2611 2847 καὶ
2662 2797 2880 2867 αἳματος
2926 2804 3019 2848 τοῦ
3067 2804 3303 2872 Χριστοῦ
3345 2802 3649 2872 προσφέρειν
3694 2797 3921 2871 παρελά,

2312 2882 2462 2953 ϐετε;
2522 2887 2689 2955 Φαμὲν
2748 2880 2835 2935 οὖν
2885 2887 3021 2937 κατά
3078 2894 3283 2961 πρῶτον
3338 2884 3492 2956 λόγον
3547 2886 3615 2946 ὠς
3661 2889 3729 2937 τὰ
3772 2890 3926 2960 παρά

2308 2980 2399 3033 τῆς
2457 2972 2829 3033 αύτοαληθείας
2877 2981 3116 3047 Χριστοῦ
3168 2983 3260 3026 τοῦ
3320 2973 3454 3027 Θεοῦ
3495 2976 3807 3050 πραχθέντα
3834 2982 3925 3028 καὶ

535 3067 731 3140 inquit
759 3066 848 3138 (ut
875 3064 1079 3120 denuo
1108 3062 1331 3133 dicam)
1359 3062 1423 3118 in
1450 3078 1652 3119 meam
1665 3066 2197 3121 commemoratio-

2311 3057 2676 3135 παραδοθέντα
2720 3059 2891 3123 οὐδεὶς
2939 3063 3291 3126 ἠντεξετάζειν
3342 3060 3599 3116 δύναταιο
3660 3086 3689 3113 ι(
3756 3071 3922 3117 Τοῦτο

534 3170 699 3212 nem.
736 3175 766 3205 »
791 3152 969 3219 Quod
1015 3152 1068 3207 si
1095 3150 1479 3223 propheticas
1535 3151 1613 3208 de
1654 3151 1749 3207 his
1777 3152 2198 3224 praedictiones

534 3243 779 3315 quieris,
810 3240 955 3297 audi
977 3240 1170 3297 virum
1181 3239 1490 3312 prophetae
1510 3239 1983 3313 simulregisque
1995 3249 2197 3299 aucto~

536 3331 774 3388 ritatem
785 3329 1114 3387 habentem
1140 3345 1156 3396 ;
1185 3328 1310 3385 imo
1335 3342 1482 3385 vero
1512 3328 1717 3401 ipsum
1741 3328 2043 3385 caelestem
2086 3333 2198 3388 Pa-

537 3426 714 3493 trem,
746 3421 947 3492 genito
971 3417 1051 3476 ab
1081 3434 1144 3475 se
1191 3423 1330 3475 ante
1368 3417 1688 3475 luciferum
1739 3416 2119 3475 ineifabiliter
2141 3425 2199 3477 et

537 3508 988 3583 impassihiliter
1058 3506 1195 3565 Filio
1258 3505 1599 3563 dicentem:
1634 3526 1664 3555 ‹‹
1712 3505 1944 3562 Juravit
1992 3508 2197 3564 Domi-

539 3614 678 3669 nus,
707 3602 767 3656 et
812 3612 938 3655 non
973 3593 1292 3670 paenitebit
1344 3609 1504 3665 eum,
1565 3598 1630 3650 tu
1684 3610 1750 3650 es
1814 3596 2095 3653 sacerdos
2132 3597 2197 3653 in

538 3684 835 3746 aeternum
846 3685 1185 3744 secundum
1205 3681 1482 3740 ordinem
1496 3682 1879 3741 Melchisedec
1894 3686 1916 3720 ⁵
1929 3726 1943 3740 .
1983 3708 2004 3736 ι
2039 3685 2197 3752 Quid

536 3778 634 3834 hic
656 3792 838 3852 porro
863 3780 985 3833 Deo
1012 3771 1336 3831 offerebat?
1364 3786 1589 3844 panem
1616 3788 1689 3829 ac
1712 3773 1944 3839 vinum,
1971 3776 2196 3848 quibus

533 3866 953 3924 Abrahamum
980 3861 1266 3920 divinitus
1309 3867 1663 3918 muneratus
1683 3868 1791 3929 est,
1822 3869 1959 3935 post
2012 3865 2195 3921 victo-

532 3957 689 4014 riam
716 3955 797 4014 ab
825 3970 898 4012 eo
952 3956 1276 4027 patratam.
1307 3950 1367 4008 Si
1394 3965 1539 4021 ergo
1566 3951 1859 4008 oriundus
1896 3968 1969 4008 ex
1997 3953 2194 4010 alieno

530 4044 764 4119 populo
786 4041 1192 4111 Melchisedec,
1248 4039 1447 4109 ﬁgura
1495 4039 1712 4098 Christi
1737 4041 2115 4099 existimatur
2138 4048 2198 4100 et

533 4132 815 4199 creditur,
846 4131 1054 4203 utique
1081 4127 1403 4199 expulsum
1430 4132 1523 4184 est
1564 4128 1868 4186 leviticum
1914 4130 2195 4188 sacerdo-

531 4221 707 4280 tium.
724 4216 1106 4292 Impossibile
1120 4217 1283 4272 enim
1298 4221 1388 4272 est
1399 4218 1587 4273 Deum
1596 4218 1854 4285 mentiri,
1869 4223 2195 4291 postquam

524 4306 924 4383 jurejurando
987 4304 1265 4379 promisit
1328 4320 1391 4361 se
1447 4306 1845 4363 excitaturum
1929 4306 2194 4379 aliquem

2306 3152 2408 3222 γὰρ
2465 3156 2677 3215 ποιεῖτε,
2737 3172 2766 3200 ››
2821 3155 3000 3221 φησὶν,
3061 3153 3144 3204 ἵνα
3184 3157 3274 3204 καὶ
3319 3153 3466 3212 αὖθις
3514 3151 3632 3227 ἐρῶ,
3669 3175 3697 3202 ‹‹
3727 3153 3799 3215 εἰς
3828 3159 3919 3213 τὴν

2307 3238 2435 3312 ἄμην
2497 3239 2807 3311 ἀνάμνησιν.
2858 3256 2891 3292 1)
2948 3242 3009 3293 Εἰ
3058 3238 3119 3294 δε
3171 3245 3495 3314 προφητικάς
3549 3249 3671 3315 περί
3725 3246 3917 3294 τούτων

2306 3326 2619 3403 προρρήσεις
2673 3329 2864 3396 ζητεῖς,
2919 3331 3149 3382 ἄκουσον
3201 3336 3470 3404 προφήτου
3514 3336 3606 3382 καὶ
3655 3328 3917 3403 βασιλέως

2305 3416 2495 3489 ἀμφοῖν
2538 3420 2598 3469 τὸ
2646 3416 2953 3480 ἀξιόπιστον
3004 3421 3251 3490 ἓχοντος’
3296 3418 3488 3492 μᾶλλον
3539 3415 3599 3472 δε
3629 3420 3793 3472 αὐτοῦ
3822 3430 3917 3473 τοῦ

2305 3503 2612 3578 ἐπουρανίου
2666 3510 2867 3579 Πατρός
2916 3510 3044 3579 πρὸς
3098 3512 3187 3560 τὸν
3244 3511 3345 3582 πρὸ
3413 3509 3679 3583 ἑωσφόρον
3732 3529 3917 3579 γεννη-

2308 3594 2458 3646 θέντα
2511 3592 2565 3656 ἐξ
2621 3594 2782 3646 αὐτοῦ
2829 3594 3067 3669 ἀρρήτως
3118 3600 3209 3648 xui
3270 3598 3489 3660 ἀπαθῶς
3530 3613 3543 3628 ’
3617 3621 3646 3647 ε(
3706 3595 3916 3669 Ὠμοσε

2306 3686 2516 3755 Κύριος,
2565 3688 2655 3735 xui.
2701 3684 2760 3735 ού
2808 3684 3291 3756 μεταμεληθήσεται
3319 3702 3332 3715 ·
3386 3690 3453 3738 σὺ
3508 3685 3664 3759 ἱερεύς
3708 3685 3782 3746 εἰς
3816 3690 3916 3740 τὸν

2303 3771 2467 3825 αἰῶνα
2525 3777 2662 3825 κατά
2712 3779 2807 3829 τὴν
2854 3772 3001 3836 τάξιν
3058 3771 3393 3846 Μελχισεδέκ
3422 3817 3437 3832 ,
3502 3796 3531 3825 ››
3590 3775 3689 3828 Καὶ
3741 3781 3796 3828 τί
3851 3780 3923 3830 τὰ

2302 3860 2427 3936 παρ’
2484 3860 2646 3913 αὐτοῦ
2683 3867 3078 3936 προσφερόμενα
3119 3871 3190 3932 τῷ
3238 3871 3396 3934 Θεῷ;
3443 3861 3635 3936 "Apro;
3690 3869 3784 3917 xui
3846 3865 3924 3919 ol-

2302 3970 2404 4017 νος,
2470 3952 2547 4014 οἷς
2614 3955 2702 4002 τὸν
2763 3948 3007 4024 Ἀϐραάμ
3066 3948 3328 4014 ἐδεξιοῦτο
3396 3954 3708 4027 θεοπρεπῶς,
3764 3961 3920 4014 νίκην

2304 4038 2743 4113 ἐπεργασάμενον.
2801 4040 2863 4092 Εἰ
2927 4035 3014 4091 οὖν
3072 4037 3126 4103 ἐξ
3177 4039 3355 4116 ἑτέρας
3410 4040 3573 4112 φυλῆς
3623 4044 3649 4094 ὁ
3715 4043 3926 4118 Μελχι-

2308 4125 2482 4200 (radix,
2546 4131 2710 4190 τύπος
2777 4124 2836 4180 δὲ
2899 4138 2993 4181 τοῦ
3052 4136 3290 4203 Χριστοῦ
3356 4134 3447 4183 καὶ
3501 4130 3772 4203 λογίζεται
3830 4141 3924 4187 καὶ

2305 4222 2627 4286 πιστεύεται,
2696 4215 3000 4275 ἕκϐέϐληται
3061 4218 3167 4292 ἄρα
3227 4220 3257 4275 ἡ
3319 4217 3551 4276 λευῑτικὴ
3610 4221 3878 4293 ἱερωσύνη
3906 4240 3919 4252 ·

2307 4302 2565 4359 ἀδύνατον
2612 4309 2715 4379 γὰρ
2754 4304 3059 4377 ψεύσασθαι
3109 4309 3260 4378 Θεὸν,
3291 4311 3381 4359 καὶ
3409 4314 3579 4360 ταῦτα
3606 4309 3721 4381 μεθ’
3750 4312 3921 4385 ὅρκου

530 4397 870 4455 secundum
911 4394 1188 4452 ordinem
1236 4392 1638 4466 Melchisedec,
1704 4395 1811 4466 qui
1874 4395 2194 4453 carnaliter

2311 4392 2737 4467 ἐπαγγειλάμενον
2784 4397 2921 4447 κατὰ
2960 4399 3056 4454 τὴν
3098 4394 3246 4458 τάξιν
3298 4393 3635 4469 Μελχισεδὲκ
3680 4396 3920 4459 ἀναστήο

531 4491 692 4544 esset
720 4485 798 4542 de
826 4483 1070 4541 Dav1dis
1095 4482 1324 4541 semine
1375 4483 1649 4557 pontifex
1705 4483 1889 4539 simul
1921 4485 2191 4556 Deusque

529 4581 671 4635 ante
699 4574 939 4632 saecula.
973 4573 1187 4647 Ejectis
1213 4573 1397 4645 igitur
1418 4572 1526 4646 qui
1547 4573 1624 4629 de
1651 4572 1786 4628 Levi
1813 4571 1974 4631 tribu
1998 4580 2189 4642 erant,

528 4669 596 4721 ut
612 4664 1087 4738 suprascriptum
1116 4667 1231 4731 est,
1256 4676 1501 4719 necesse
1536 4659 1806 4716 vicissim
1861 4660 1971 4717 fuit
1998 4667 2064 4718 ut
2091 4678 2189 4720 ve-

527 4753 668 4811 teris
695 4760 827 4810 tum
845 4753 993 4825 legis
1017 4758 1149 4810 tum
1178 4751 1374 4807 cultus
1426 4748 1769 4805 immutatio
1803 4749 1975 4807 ﬁeret
1997 4766 2011 4816 ;
2036 4751 2189 4810 sicut

526 4842 748 4902 alicubi
773 4859 1034 4917 magnus
1062 4856 1309 4915 quoque
1359 4838 1579 4896 Paulus
1624 4837 1799 4894 dicit:
1831 4840 2186 4899 Universum

524 4933 687 4991 enim
705 4933 1055 4991 Judaeorum
1082 4928 1311 4987 cultum
1339 4943 1450 5001 per
1479 4927 1691 4984 levitas
1727 4934 1789 4983 et
1817 4928 2184 4988 contribules

523 5024 803 5091 exerceri,
831 5022 964 5093 lege
1014 5024 1261 5075 cautum
1315 5022 1480 5086 erat;
1507 5016 1733 5089 quibus
1783 5019 2180 5090 cessantibus,

522 5112 618 5170 lex
641 5126 888 5186 quoque
906 5108 1073 5165 irrita
1096 5107 1288 5164 evasit
1310 5108 1353 5161 ⁸.
1399 5106 1514 5163 Sed
1542 5110 1600 5162 et
1621 5121 1730 5179 per
1779 5107 1969 5165 alium
2028 5125 2178 5182 pro-

518 5203 788 5275 phetam,
837 5200 914 5256 de
941 5202 1148 5254 nostro
1196 5194 1491 5253 sacriﬁcio
1542 5200 1601 5252 et
1629 5193 1793 5252 cultu
1844 5197 1977 5254 haec
2024 5200 2181 5255 Deus

515 5288 798 5363 praedixit
822 5288 1029 5344 dicens
1050 5303 1067 5342 :
1096 5307 1126 5336 «
1155 5288 1304 5342 Ecce
1321 5285 1662 5357 thymiama
1688 5285 1837 5343 mihi
1865 5286 2181 5345 exhibetur

516 5380 580 5435 in
602 5377 890 5434 universa
917 5382 1078 5433 terra
1094 5377 1140 5431 ⁷.
1175 5397 1205 5427 ι»
1249 5379 1444 5446 Atque
1495 5374 1625 5431 11th
1670 5374 1834 5432 dicta
1884 5381 2064 5433 sunto
2102 5376 2179 5434 de

516 5465 843 5525 abolitione
863 5464 1251 5522 Iudaicarum
1294 5462 1729 5521 sacriﬁciorum
1768 5478 1840 5519 ac
1865 5463 2094 5521 rituum
2122 5469 2179 5522 et

2306 4487 2492 4537 σεσθαι
2557 4487 2644 4536 τὸν
2705 4483 2761 4536 ἐκ
2829 4488 3120 4556 σπέρματος
3187 4480 3356 4537 Δαϐὶδ
3409 4489 3469 4537 τὸ
3524 4488 3660 4538 κατά
3709 4490 3915 4561 σάρκα,

2302 4571 2557 4647 ἀρχιερέα
2596 4575 2683 4625 τὸν
2731 4571 2886 4624 αὐτὸν
2938 4576 3063 4624 ὄντα
3107 4577 3197 4625 καὶ
3247 4575 3376 4627 Θεὸν
3427 4579 3758 4646 προαιώνιον.
3793 4583 3915 4631 Τῶν

2297 4659 2353 4713 ἐκ
2399 4668 2495 4722 τῆς
2554 4659 2817 4721 λευῖτικῆς
2871 4663 3042 4711 τοίνυν
3118 4658 3284 4729 φυλῆς
3348 4657 3765 4734 ἐκϐεϐλημένων,
3840 4665 3915 4727 ὡς

2292 4753 2709 4824 προγέγραπται,
2771 4747 3053 4820 ἀναγκαῖον
3106 4746 3263 4801 πάλιν
3320 4749 3436 4801 ἐστὶ
3489 4754 3581 4802 καὶ
3641 4758 3737 4803 τοῦ
3807 4773 3916 4808 πει-

2292 4836 2442 4890 λαιοῦ
2487 4841 2646 4910 νόμου
2693 4841 2783 4889 xui
2841 4845 2937 4899 τῆς
2988 4836 3229 4912 λατρείας
3283 4840 3524 4908 γενέσθαι
3574 4840 3908 4911 μετάθεσιν⁸

2291 4930 2359 4992 ὥς
2407 4948 2508 4983 που
2557 4933 2646 4982 xui.
2694 4926 2899 4990 Παῦλος
2949 4928 2976 4979 ὀ
3026 4931 3187 5000 μέγας
3233 4944 3399 5000 φησι*
3430 4933 3587 4981 Πᾶσα
3610 4932 3712 5002 γὰρ
3741 4932 3773 4989 ἡ
3811 4941 3913 4994 τῆς

2289 5016 2526 5092 λατρείας
2614 5025 2715 5069 τῶν
2793 5012 3066 5070 Ἰουδαίων
3145 5021 3487 5089 πραγματεία
3561 5023 3651 5071 καὶ
3717 5017 3907 5080 inn-oh}

2290 5104 2387 5160 διὰ
2439 5114 2539 5159 τῶν
2584 5105 2797 5159 λευῖτῶν
2843 5111 2934 5158 καὶ
2983 5104 3315 5178 συμφυλετῶν
3365 5106 3535 5159 αὐτῶν
3574 5106 3911 5180 ἐνεργεῖσθαι

2288 5204 2361 5267 τῷ
2444 5201 2585 5268 νόμῳ
2664 5193 2984 5251 ἐκτέτακται.
3072 5199 3384 5267 Παυομένων
3478 5192 3538 5248 δὲ
3629 5195 3845 5251 ἐκείνῶν
3890 5243 3909 5268 ,

2286 5291 2619 5360 κατήργηται
2662 5288 2754 5336 xui
2804 5284 2830 5334 ὁ
2877 5288 3051 5356 νόμος.
3107 5282 3262 5336 Ἀλλὰ
3308 5289 3400 5336 καὶ
3433 5281 3506 5337 δι’
3565 5284 3738 5361 ἑτέρου
3768 5308 3908 5363 προ-

2287 5380 2451 5447 φήτου
2498 5379 2619 5449 περὶ
2660 5380 2752 5426 τοῦ
2795 5374 3047 5449 ἡμετέρου
3098 5375 3324 5445 θύματος
3368 5379 3458 5426 xui
3506 5383 3601 5436 τῆς
3651 5373 3908 5451 λατρείας

2287 5472 2506 5517 τοιαῦτα
2563 5469 2924 5537 προαναφωνεῖ
2983 5461 3145 5534 λέγων
3179 5480 3191 5493 ·
3252 5486 3275 5514 ι
3338 5460 3482 5517 Ἰδού
3532 5466 3773 5537 θυμίαμά
3800 5486 3906 5540 μοι

585 5648 762 5725 ﬁsa.
784 5660 826 5712 ι,
859 5649 949 5702 13.
976 5644 1000 5679 ³
1027 5642 1183 5704 Psal.
1212 5659 1366 5715 πων,
1394 5646 1485 5703 73.
1512 5643 1535 5679 ⁴
1573 5641 1730 5700 Psal.
1752 5658 1955 5714 xm,
1974 5649 2031 5704 7.
2058 5645 2081 5681 ⁵
2106 5646 2202 5703 Ps:

2313 5647 2485 5716 11,4.
2515 5645 2537 5680 ⁶
2568 5642 2743 5701 Hebr.
2782 5658 2882 5711 v11,
2918 5643 3004 5699 11.
3034 5640 3056 5678 ’⁷
3096 5639 3348 5701 Malach.
3382 5660 3420 5713 ι,
3455 5647 3541 5701 11.
