4134 6386
212 377 341 447 4ξῧ

1465 376 1958 449 COMMENTA'rto
2001 378 2391 450 LITURGICA.

3514 397 3621 455 430

214 516 588 589 προσφέρεται
617 509 671 564 ἓν
721 494 868 585 πασῃ
918 510 983 585 τῇ
1012 517 1109 586 γῇ.
1169 534 1199 563 ››
1227 519 1406 567 Ταῦτα
1446 513 1536 587 μέν
1588 514 1659 577 εἰς
1705 513 1845 569 ἀπα-

1970 514 2031 573 ie
2062 517 2409 589 prrelatione
2449 521 2795 574 nostrorum
2811 533 2948 591 quae
3006 518 3069 575 in
3121 519 3405 578 universa
3460 524 3621 578 terra

222 608 484 676 τόρευσιν
512 609 614 654 τῶν
646 598 955 655 Ἰουδαῐκῶν
995 607 1086 654 καὶ
1134 604 1329 655 θυσιῶν
1380 608 1473 656 καὶ
1521 601 1669 673 ἐθῶν,
1715 610 1847 679 πρό·-

226 712 418 768 κρισιν
468 689 525 745 δὶ
564 699 663 743 τῶν
692 692 955 764 ἡμετέρων
997 697 1088 745 καὶ
1127 694 1273 766 πάσῃ
1325 699 1388 766 τῇ
1434 699 1502 767 γῇ
1536 694 1849 767 τελουμένων

235 778 345 835 διὰ
370 789 463 842 τῆς
493 780 810 854 ἁναιμάκτου
840 783 1048 844 θυσίας.

323 870 385 924 θ’.
457 870 585 923 Ἀλλ’
660 868 972 922 ἓπανακτὲον
1036 874 1124 922 τόν
1184 870 1337 942 λόγον
1399 872 1511 924 ὅθεν
1587 869 1846 945 ἐξέϐημεν·

233 961 293 1013 εἰ
353 965 447 1012 καὶ
496 956 889 1032 παρεκϐατικῶς
960 962 1161 1033 εἴρηται
1212 966 1399 1023 ταῦτα,
1463 957 1557 1012 διὰ
1611 965 1698 1013 τόν
1751 970 1849 1012 τῶν

230 1052 638 1122 χρεστοκτόνων
687 1047 930 1119 ἔλεγχον.
991 1047 1141 1100 Οὕτω
1170 1053 1341 1100 τοίνυν
1380 1054 1471 1100 καὶ
1504 1045 1596 1100 διὰ
1624 1053 1689 1101 τὰ
1716 1069 1849 1122 προ-

227 1141 491 1211 ειρημένα
527 1139 557 1194 ἡ
608 1139 907 1211 προσφορὰ,
955 1142 1047 1189 καὶ
1096 1138 1122 1188 ό
1166 1138 1340 1211 οἰρτος,
1387 1142 1478 1189 καὶ
1524 1140 1554 1196 ἠ
1621 1138 1848 1209 εὐλογία,

222 1233 329 1279 καὶ
373 1229 403 1285 ἦ
460 1224 709 1300 ἀπαρχὴ,
743 1225 815 1287 εἰς
858 1228 1018 1277 τύπον
1048 1234 1143 1288 τῆς
1196 1225 1531 1301 ἀειπαρθένου
1580 1232 1668 1281 καὶ
1718 1235 1851 1279 Θεο-

212 1321 392 1369 τόκου
435 1312 762 1387 λαμϐάνεται
806 1316 941 1386 (l2).
991 1318 1108 1375 ἣτις
1149 1315 1264 1366 κατ’
1309 1312 1554 1367 εὐδοκίαν
1599 1323 1693 1367 τοῦ
1736 1322 1852 1368 Πα-

214 1409 381 1480 τρός,
427 1409 523 1455 καὶ
579 1404 790 1461 θέλησιν
833 1411 927 1455 τοῦ
975 1408 1099 1457 Υίού
1151 1404 1313 1456 αὐτοῦ
1362 1409 1452 1457 καὶ
1512 1408 1707 1475 Λόγου,
1762 1410 1852 1456 καὶ

221 1494 502 1547 ἐπελεύσει
555 1498 651 1544 τοῦ
702 1492 856 1563 ἁγίου
912 1496 1230 1564 Πνεύματος,
1280 1495 1365 1544 τὸν
1418 1494 1504 1545 ἕνα
1554 1501 1644 1553 τῆς
1696 1493 1852 1564 ἁγίας

217 1579 468 1656 Τριάδος
520 1584 642 1634 Υἰόν
696 1587 792 1634 τοῦ
845 1589 979 1634 Θεοῦ
1025 1587 1115 1633 καὶ
1164 1587 1333 1652 Λόγον
1383 1578 1742 1655 εἰσδεξαμένη,
1776 1586 1852 1634 τέ-

213 1671 370 1724 λειον
414 1675 543 1723 Θεὸν
590 1676 682 1723 καὶ
739 1670 927 1723 τέλειον
971 1672 1241 1743 ἄνθρωπον
1303 1669 1614 1729 ἀπεκύησεν*
1675 1674 1849 1745 ὧσπερ

218 1757 291 1812 δί
354 1759 509 1811 πάλιν
540 1761 568 1811 ὂ
599 1761 913 1832 ύπερούσιος
970 1763 1109 1826 Θεὸς,
1172 1762 1343 1832 σάρκα
1392 1758 1447 1810 ἐκ
1500 1761 1697 1821 ταύτης
1756 1766 1851 1810 λα-

1958 619 2066 679 per
2091 607 2474 663 incruentum
2502 604 2865 663 sacriﬁcium
2893 606 3067 664 ﬁunt.

2030 877 2083 928 9.
2109 872 2224 927 Sed
2253 873 2414 928 enim
2439 872 2577 929 illuc
2596 873 2728 944 jam
2747 874 2936 930 oratio
2958 874 3303 931 revocanda
3327 878 3437 939 est,
3456 875 3619 932 unde

1961 961 2266 1017 discessit:
2300 961 2408 1017 etsi
2427 963 2555 1018 haec
2583 963 2717 1033 ipsa
2752 967 3134 1019 transeunter
3179 963 3338 1020 dicta
3382 962 3624 1020 fuerunt

1961 1049 2041 1105 ob
2078 1050 2417 1105 occisorum
2451 1051 2659 1107 Christi
2694 1051 3249 1123 reprehensionem.
3282 1052 3373 1108 Sic
3393 1052 3618 1124 itaque,

1962 1138 2047 1194 uti
2077 1138 2300 1195 dictum
2341 1143 2452 1205 est,
2475 1139 2725 1209 oblatio,
2752 1144 2808 1195 et
2828 1141 3025 1212 panis,
3070 1148 3127 1196 et
3174 1141 3535 1209 benedictio,
3564 1145 3623 1196 et

1961 1228 2257 1300 primitize,
2290 1229 2349 1283 in
2378 1233 2592 1301 typum
2611 1244 2849 1301 semper
2878 1230 3134 1300 Virginis
3159 1230 3426 1302 Deiparaa
3453 1246 3623 1287 assu-

1961 1322 2209 1372 muntur
2242 1335 2255 1383 ;
2288 1326 2427 1390 qua:
2456 1317 2831 1390 beneplacito
2870 1318 3083 1382 Patris.
3139 1320 3447 1375 voluntate
3502 1318 3625 1375 Filii

1962 1406 2168 1479 ipsius,
2202 1411 2259 1462 et
2287 1405 2550 1462 adventu
2581 1408 2771 1463 sancti
2796 1408 3066 1480 Spiritus,
3090 1425 3281 1464 unum
3312 1408 3387 1465 de
3413 1414 3624 1465 sancta.

1961 1496 2261 1561 Trinitate,
2292 1496 2499 1553 Filium
2528 1498 2629 1553 Dei
2658 1513 2729 1553 ac
2775 1498 3033 1553 Verbum
3080 1498 3140 1553 in
3191 1515 3254 1555 se
3293 1498 3619 1571 excipiens,

1962 1584 2291 1656 perfectum
2326 1586 2513 1641 Deum
2544 1592 2601 1641 et
2646 1586 2976 1658 perfectum
3035 1587 3345 1643 hominem
3367 1587 3618 1659 peperit.

1963 1674 2176 1746 Sicque
2199 1674 2421 1746 pariter
2451 1675 3043 1746 supersubstantialis
3071 1679 3224 1732 Deus
3255 1692 3499 1732 carnem
3548 1690 3622 1732 ex

1960 1764 2076 1818 hac
2100 1778 2370 1833 sumens,
2406 1764 2586 1819 unica
2617 1764 2730 1818 sub
2752 1764 3091 1836 hypostasi,
3122 1764 3421 1836 perlectus
3450 1779 3622 1837 aeque

224 1846 459 1920 ϐόμενος
502 1845 553 1899 ἓν
597 1852 696 1919 μιᾷ
735 1848 1048 1912 ὑποστάσει,
1097 1846 1283 1908 τέλειος
1332 1843 1393 1919 ᾖν
1440 1853 1531 1899 καὶ
1560 1846 1850 1921 ἅνθρωπος,

1970 1852 2146 1907 homo
2178 1851 2305 1919 fuit,
2330 1852 2539 1907 similis
2561 1853 2736 1908 nobis
2758 1869 2863 1925 per
2878 1854 3086 1910 omnia
3101 1853 3331 1926 absque
3352 1857 3620 1925 peccato.

230 1938 428 2009 ὅμοιος
466 1936 596 2007 ἡμῖν
644 1938 778 1987 κατά
824 1938 996 1988 πάντα
1045 1940 1212 2009 χωρὶς
1254 1935 1534 2010 ἁμαρτίας·
1582 1935 1714 1987 οὕτω
1762 1940 1854 1987 καὶ

229 2029 297 2077 τό
334 2027 604 2098 κυριακὸν
636 2031 810 2095 σῶμα,
838 2026 907 2085 ὡς
946 2025 1002 2075 ἔκ
1048 2042 1183 2085 τινος
1226 2023 1422 2083 κοιλίας
1463 2028 1553 2076 καὶ
1598 2025 1852 2096 αἱμάτων,

227 2118 329 2166 καὶ
384 2116 583 2187 σαρκός
628 2119 721 2164 τοῦ
767 2113 1085 2186 παρθενικοῦ
1151 2117 1409 2184 σώματος,
1458 2120 1550 2164 τοῦ
1598 2112 1718 2164 ὅλου
1766 2114 1858 2185 ἄρ-

229 2221 358 2264 του,
406 2206 564 2273 φημὶ,
617 2209 710 2260 τῆς
754 2199 988 2271 εὐλογίας
1034 2206 1124 2252 καὶ
1184 2208 1276 2261 τῆς
1329 2207 1653 2275 προσφορᾶς,
1713 2204 1858 2273 παρὰ

240 2298 339 2343 τοῦ
371 2287 644 2357 διακόνου,
672 2292 744 2351 ὡς
786 2291 817 2347 ἠ
851 2288 1066 2360 Μεγάλη
1099 2289 1387 2347 Ἐκκλησία
1428 2291 1540 2361 (l3)
1580 2289 1854 2365 παρέλαϐε,

243 2378 580 2453 διατέμνεται
625 2376 835 2454 σιδήρῳ
889 2384 1014 2449 τινὶ,
1092 2380 1215 2453 ὅπερ
1254 2385 1343 2432 καὶ
1413 2379 1617 2451 λόγχην
1673 2379 1858 2451 λέγου-

250 2487 340 2521 σιν
368 2468 502 2540 (14),
549 2469 593 2521 εὶ
638 2474 731 2521 καὶ
784 2472 946 2540 μήπω
1000 2470 1199 2530 ταύτης
1249 2468 1390 2522 ἐστὶν
1435 2470 1462 2521 ὁ
1507 2473 1712 2543 καιρός·
1770 2473 1860 2521 καὶ

250 2558 423 2620 οὕτως
461 2554 878 2618 ὶδιοῡποστάτως
927 2559 1044 2628 (15)
1092 2554 1150 2609 ἒκ
1180 2561 1343 2629 μέσου
1374 2560 1567 2618 ταύτης
1618 2557 1861 2631 ἀφιεροῦ-

249 2664 367 2701 ται.
414 2645 473 2699 ’0
526 2649 700 2718 μέντοι
757 2640 1024 2711 διάκονος,
1086 2645 1113 2696 ό
1159 2653 1312 2698 τοῦτο
1365 2642 1662 2721 διενεργῶν,
1718 2646 1860 2698 ἕτοι-

245 2737 434 2807 μάσας
468 2739 561 2787 σὺν
618 2734 761 2805 αύτῷ
804 2739 896 2786 καὶ
928 2737 987 2786 τὸ
1040 2733 1220 2806 μελλον
1275 2734 1640 2787 ἀποτελεῖσθαι
1671 2742 1836 2787 Δεσπο

245 2845 395 2879 τικον
439 2826 575 2897 αἱμα
638 2824 686 2877 ἒν
749 2832 826 2896 τῷ
890 2829 1211 2899 προσήκοντι
1275 2832 1370 2877 τοῦ
1433 2826 1630 2885 πάθους
1694 2832 1860 2897 καιρῷ

254 2912 355 2966 διὰ
424 2923 520 2974 τῆς
591 2920 683 2964 τοῦ
755 2914 1017 2975 ζωοποιοῦ
1092 2916 1389 2986 Πνεύματος
1463 2912 1858 2985 ἐπιφοιτήσεως,

256 3000 457 3074 ἀφίησι
511 3009 677 3053 ταῦτα
726 3000 771 3053 ἰν
819 3009 883 3075 τῇ
945 3003 1208 3074 προθέσει,
1273 3007 1370 3061 τὴν
1436 3005 1629 3063 ταύτης
1694 3005 1861 3074 εύχὴν

253 3090 582 3161 indi/avra;
605 3098 695 3142 τοῦ
723 3093 863 3166 ἱερέω
871 3110 913 3151 ς.

326 3179 376 3236 ι’.
434 3179 601 3241 Αὐτός
630 3175 690 3232 δε
728 3163 845 3231 ’ότό
896 3181 1031 3233 θεῖον
1078 3188 1231 3253 σῶμα
1281 3176 1570 3254 διατέμνων
1616 3177 1861 3244 διάκονος
1891 3218 1931 3273 C

243 3270 348 3323 ἀπὸ
405 3276 504 3329 τῆς
574 3268 828 3340 εὐλογίας,
901 3272 989 3321 τὸν
1036 3270 1255 3341 ἄγγελον
1317 3278 1577 3343 μιμεῖται,
1631 3274 1720 3323 τόν
1792 3277 1855 3344 τῇ

248 3362 498 3433 Παρθένῳ
525 3363 585 3411 τὸ
618 3379 647 3407 κ
674 3366 843 3432 Χαῖρε
875 3381 905 3410 ››
944 3360 1451 3433 προσφθεθξάμενον.
1483 3361 1545 3415 Εἰ
1569 3358 1630 3414 δὲ
1657 3366 1747 3414 καὶ
1792 3363 1861 3414 ἱε-

251 3457 357 3523 ρεῖς
402 3456 557 3501 τοῦτο
606 3452 906 3521 τέμνουσιν,
955 3448 1062 3501 ἀλλ’
1110 3447 1160 3501 ἐν
1207 3457 1270 3522 τῇ
1328 3449 1542 3522 Μεγάλῃ
1576 3450 1863 3524 Ἐκκλησία

250 3540 422 3601 οὕτως
467 3537 683 3591 ἱτελείτο
740 3537 925 3606 πάλαι,
982 3543 1073 3590 καὶ
1137 3542 1284 3608 ποιρᾲ
1343 3548 1444 3591 τῶν
1513 3536 1769 3592 διακόνων
1824 3542 1855 3599 ἡ

247 3630 529 3703 προσρορὰ
585 3623 896 3699 διετέμνετο.
961 3626 1022 3679 Ὀ
1080 3632 1254 3699 μέντοι
1314 3624 1572 3695 διάκονος,
1637 3631 1663 3681 ό
1724 3632 1861 3682 κατά

248 3720 336 3769 τὸν
397 3719 562 3769 τύπον
626 3723 722 3778 τῆς
786 3715 1031 3787 Μεγάλης
1094 3716 1414 3779 Ἐκκλησίας
1481 3718 1642 3771 πάλαι
1706 3726 1861 3771 τοῦτο

258 3802 554 3877 δίενεργῶν,
598 3805 887 3877 ἑτοιμάσας
931 3809 1027 3857 σὺν
1075 3805 1217 3875 αὐτῷ
1263 3810 1353 3858 καὶ
1388 3810 1446 3859 τό
1495 3806 1672 3878 μέλλον
1735 3806 1861 3859 ἀπο-

253 3894 520 3947 τελεῖσθαι
565 3898 879 3948 Δεσποτικόν
921 3893 1055 3967 αἷμα
1100 3893 1151 3947 ἰν
1191 3904 1263 3966 τῷ
1320 3901 1645 3968 προσήκοντι
1692 3904 1859 3971 καιρῷ

251 3992 347 4036 του
377 3985 573 4044 πάθους
610 3981 706 4037 διὰ
740 3992 834 4044 τῆς
863 3991 957 4036 τοῦ
977 3984 1237 4044 ζωοποιοῦ
1269 3987 1564 4057 Πνεύματος
1594 3985 1860 4058 ἐπιφοίτή-

255 4092 400 4138 σεως,
453 4072 638 4146 ἀφίησι
678 4081 848 4126 ταῦτα
889 4072 939 4125 ἐν
1080 4075 1347 4149 προθέσει,
1392 4080 1485 4134 τὴν
1533 4078 1729 4138 ταύτης
1781 4077 1858 4128 3‘3-

245 4168 353 4234 χὴν
378 4162 711 4234 ἐπιλέγοντος
756 4167 851 4214 τοῦ
883 4164 1076 4237 ἱερέως.
1126 4163 1281 4215 Ούτω
1325 4172 1603 4239 τοιγαροῦν
1652 4164 1859 4237 ἀφίεται

243 4255 300 4306 τό
327 4250 471 4307 θεῖον
523 4259 681 4323 σῶμα
708 4250 758 4303 ἐν
898 4253 1165 4325 προθέσει.
1215 4253 1389 4325 ὥσπερ
1434 4252 1684 4326 Βηθλεὲμ,
1728 4256 1857 4307 ὅπου

244 4348 556 4412 γεγέννηται
586 4342 613 4391 ό
638 4344 891 4413 Χριστὸς,
922 4341 983 4392 οὗ
1015 4344 1070 4392 αί
1117 4337 1292 4403 ἔξοδοι
1321 4340 1409 4393 ἀπ’
1447 4340 1628 4415 ἀρχῆς
1654 4345 1858 4416 ἡμερῶν

245 4431 457 4493 αἰῶνος.
509 4428 686 4501 Ὀμοῡ
718 4426 778 4481 δε
803 4435 895 4481 καὶ
925 4431 989 4490 ὡς
1019 4428 1069 4481 ἐν
1098 4436 1160 4501 τῇ
1212 4430 1476 4506 Ναζαρὲτ,
1524 4435 1652 4506 πρός
1678 4429 1738 4485 δὲ
1766 4437 1858 4484 καὶ

251 4526 337 4580 τῆς
373 4519 428 4572 ἐν
489 4522 838 4592 Καπερναοὺμ
878 4514 1179 4592 διατριϐῆς,
1229 4522 1317 4571 τόν
1351 4524 1507 4572 τόπον
1537 4521 1569 4579 ἡ
1612 4524 1860 4595 πρόθεσις

259 4605 523 4684 ἐκπληροῖ·
570 4611 757 4661 τούτου
786 4610 888 4684 γὰρ
931 4609 1091 4660 ἕνεκεν
1138 4607 1187 4660 ἐν
1223 4614 1517 4681 προοιμίοις
1543 4613 1857 4685 προέφημεν,

260 4697 427 4750 ὅτιτὸ
458 4699 507 4750 ἓν
548 4706 650 4750 τῶν
675 4704 765 4748 νῦν
805 4700 1137 4770 τυπουμένων
1187 4696 1236 4749 ἐν
1281 4694 1413 4751 δυσὶ
1454 4703 1544 4751 καὶ
1572 4704 1719 4772 τρισὶ
1763 4708 1862 4753 τῶν

260 4789 370 4839 τότε
399 4784 615 4840 τελεῖται
638 4785 930 4847 καῖόιπλώς
961 4786 1121 4840 εἰπεῖν
1158 4790 1247 4839 τόν
1276 4796 1647 4862 τριακονταετῆ
1672 4793 1864 4860 χρόνον

266 5034 275 5044 ⁸
329 4967 347 5034 (
356 4970 391 5044 l_
388 4967 447 5035 2)
470 4965 555 5044 ita
578 4965 1351 5044 QhristophorusAngelus,
1375 4969 1616 5044 Graecus
1654 4966 1860 5037 homo,

261 5037 320 5092 in
337 5038 696 5094 Enchz‘ridio
725 5037 800 5094 de
814 5037 989 5097 ’ϐίαια
1035 5038 1463 5096 hodiernomm
1514 5039 1863 5097 ercorum

260 5109 484 5183 caprili
515 5128 528 5164 ε
559 5113 815 5183 Σημαίνει
834 5105 1066 5183 δὶ-ούτος
1090 5112 1486 5183 τὴνᾼῐῖαρθένον.

330 5178 948 5254 (t3jblagnaEcclesia
965 5178 1311 5254 intelligitur
1324 5180 1864 5254 Constantinopoli-

258 5250 513 5317 tana,‘id
542 5250 636 5324 est
662 5253 719 5308 S.
752 5250 988 5324 Sophia:
1010 5251 1323 5324 templum.

321 5324 438 5395 (14)
467 5323 813 5395 Stephanus
831 5322 1513 5395 Aldoensispatriarcha
1552 5325 1864 5380 Antioche-

252 5408 362 5466 nus
401 5393 841 5466 Maronitarum
861 5393 923 5449 in
941 5393 1329 5466 Expositione
1361 5394 1579 5464 missa,
1606 5400 1746 5451 sect.
1806 5399 1858 5461 3,

262 5465 386 5521 cod.
413 5465 551 5522 Vat.
587 5469 752 5523 7410.
777 5463 821 5519 ἰε
845 5468 915 5521 90
936 5463 994 5521 b.
1024 5463 1127 5521 sic.
1188 5466 1306 5521 ait:
1359 5463 1574 5524 Culer
1608 5473 1866 5522 utuntur

268 5533 453 5593 Gra’ci
462 5539 641 5609 quasi
650 5536 737 5609 ad
751 5537 1169 5609 cogitationem
1185 5537 1427 5609 lancem,
1445 5552 1562 5609 qua
1574 5539 1862 5607 trans/'03-

266 5618 385 5679 sum
404 5607 487 5665 est
505 5611 672 5666 latus
687 5607 1102 5673 Christi,unde
1117 5608 1359 5679 quando
1367 5607 1644 5665 sacerdos
1664 5610 1867 5665 immo-

269 5675 349 5732 lat
356 5684 748 5749 panem,ante
762 5692 946 5750 quam
959 5675 1427 5751 sacrificeljeril
1439 5681 1619 5736 illum
1645 5681 1870 5738 acumi-

1966 1939 2059 1996 Sic
2088 1941 2267 1996 etiam
2285 1939 2661 1996 dominicum
2691 1956 2933 2012 corpus,
2950 1948 3243 2014 tanquam
3263 1957 3335 1996 ex
3353 1941 3624 2013 quodam

1966 2033 2133 2083 utero
2164 2034 2219 2083 et
2251 2028 2650 2097 sanguinibus
2675 2033 2732 2085 et
2755 2045 2936 2085 carne
2967 2028 3213 2099 virginei
3235 2030 3525 2101 corporis,
3551 2045 3626 2085 ex

1968 2116 2111 2184 toto,
2135 2116 2411 2188 inquam,
2444 2133 2601 2189 pane
2632 2121 2685 2173 et
2711 2116 3130 2173 benedictione
3188 2121 3246 2173 et
3294 2116 3622 2189 oblatione,

1969 2221 2006 2261 a
2031 2205 2312 2275 diacono,
2347 2206 2490 2262 utin
2511 2209 2724 2276 Magna
2754 2206 3017 2262 Ecclesia
3075 2222 3207 2262 mos
3265 2211 3372 2272 est,
3431 2204 3625 2263 ferreo

1967 2293 2364 2350 instrumento
2395 2292 2825 2366 secatur,quod
2848 2293 3124 2351 lanceam
3145 2294 3628 2361 vocant,etiamsi

1969 2383 2228 2439 necdum
2267 2383 2383 2439 hac
2408 2383 2615 2440 utendi
2642 2390 2883 2455 tempus
2904 2389 3031 2449 est;
3063 2386 3245 2457 atque
3273 2383 3357 2441 ita
3400 2399 3508 2456 per
3563 2400 3627 2442 se

1970 2471 2303 2528 subsistens
2334 2487 2409 2529 ex
2437 2472 2640 2529 media
2680 2471 2920 2542 eulogia
2961 2476 3366 2529 consecratur.
3399 2476 3463 2530 Et
3497 2472 3627 2530 dia-

1968 2575 2160 2615 conus
2190 2560 2463 2632 quidem,
2491 2560 2672 2631 hujus
2696 2560 3009 2617 divisionis
3034 2565 3263 2628 auctor,
3291 2574 3517 2634 parans
3552 2563 3628 2618 si-

1968 2648 2097 2706 mul
2116 2650 2285 2706 illum
2322 2651 2426 2722 qui
2448 2648 2895 2707 consecrandus
2924 2654 3016 2707 est
3048 2650 3427 2721 sanguinem,
3481 2660 3627 2708 con-

1970 2752 2119 2809 gruo
2149 2738 2450 2812 passionis
2480 2744 2775 2811 tempore,
2806 2753 2915 2811 per
2970 2738 3192 2795 viviﬁci
3234 2738 3484 2812 Spiritus
3522 2736 3628 2796 ad-

1966 2835 2236 2899 ventum,
2267 2828 2515 2902 deponit
2558 2829 2690 2885 htec
2728 2829 2792 2884 in
2840 2827 3124 2902 prothesi,
3182 2828 3332 2885 dum
3383 2828 3626 2885 interim

1969 2917 2280 2991 propriam
2308 2917 2491 2989 hujus
2517 2918 2603 2974 rei
2623 2917 2957 2975 orationem
2974 2916 3119 2974 dicit
3178 2916 3482 2975 sacerdos.

2043 3189 2129 3241 10.
2163 3186 2294 3259 Ipse
2314 3201 2455 3241 vero
2485 3185 2590 3259 qui
2616 3185 2890 3241 divinum
2932 3198 3154 3260 corpus
3205 3185 3447 3243 desecat
3501 3185 3626 3243 dia-

1969 3274 2262 3331 conusab
2300 3276 2555 3346 eulogia,
2585 3275 2871 3346 angelum
2911 3275 3196 3347 imitatur,
3256 3276 3361 3350 qui
3408 3275 3629 3346 virgini

1967 3364 2117 3421 dixit
2130 3383 2182 3420 :«
2204 3370 2378 3421 Ave.»
2398 3365 2573 3431 Quod
2590 3366 2642 3421 si
2661 3365 2843 3422 etiam
2863 3365 3212 3422 sacerdotes
3239 3363 3303 3421 id
3318 3365 3626 3434 desecant,

1969 3457 2237 3510 attamen
2265 3453 2326 3509 in
2346 3454 2561 3523 Magna
2579 3454 2843 3512 Ecclesia
2871 3454 2958 3510 sic
2988 3454 3067 3511 ab
3123 3455 3371 3525 antiquo
3421 3453 3628 3526 ﬁebat,

1968 3548 2025 3599 et
2046 3559 2081 3598 a
2105 3543 2377 3599 diaconis
2402 3542 2628 3600 oblatio
2644 3544 2983 3600 secabatur.
3003 3543 3188 3613 Igitur
3213 3543 3629 3616 diaconusqui

1970 3647 2041 3688 ex
2063 3634 2292 3701 Magnas
2313 3632 2586 3688 Ecclesiae
2614 3648 2784 3689 more
2813 3632 2897 3688 sic
2926 3631 3070 3689 olim
3101 3631 3343 3702 agebat,
3400 3648 3626 3705 parans

1970 3720 2152 3776 simul
2162 3735 2305 3776 mox
2316 3720 2585 3777 futurum
2599 3720 2979 3776 Dominicum
2991 3720 3350 3790 sanguinem
3363 3736 3626 3792 congruo

1970 3810 2275 3881 passionis
2307 3814 2597 3881 tempore,
2622 3822 2730 3882 per
2749 3807 2967 3864 viviﬁci
3020 3808 3272 3880 Spiritus
3326 3810 3627 3866 interven-

1969 3906 2118 3965 tum,
2143 3899 2424 3971 relinquit
2451 3899 2583 3955 haec
2604 3899 2665 3954 in
2702 3897 3148 3971 prothesi,dum
3177 3898 3359 3969 hujus
3384 3913 3627 3970 precem

1969 3988 2253 4044 sacerdos
2284 3988 2507 4043 recitat.
2554 3988 2646 4044 Sic
2693 3987 2895 4059 itaque
2941 3987 3297 4059 relinquitur
3350 3986 3627 4043 divinum

1968 4092 2189 4149 corpus
2218 4077 2280 4132 in
2308 4076 2595 4149 prothesi,
2628 4075 2808 4133 veluti
2832 4076 2896 4131 in
2926 4074 3266 4131 Bethlehem
3297 4075 3403 4132 ubi
3448 4080 3628 4133 natus

1968 4170 2055 4222 est
2076 4165 2366 4235 Christus,
2389 4166 2561 4236 cujus
2584 4165 2780 4221 exitus
2810 4164 2891 4220 ab
2918 4164 3086 4220 initio
3110 4163 3346 4220 dierum
3403 4163 3625 4220 saeculi.

1971 4255 2157 4312 Simul
2178 4255 2357 4311 etiam
2394 4259 2691 4326 tanquam
2719 4253 2781 4309 in
2821 4252 3498 4326 Nazareth,insuperque
3538 4253 3630 4309 in-

1968 4348 2091 4400 star
2115 4341 2413 4399 incolatus
2441 4343 2502 4398 in
2534 4343 2984 4415 Capharnaum,
3022 4341 3153 4397 vice
3190 4342 3460 4413 fungitur
3496 4358 3632 4415 pro-

1969 4432 2176 4489 thesis.
2216 4434 2411 4498 Quam
2435 4431 2515 4488 ob
2544 4447 2672 4488 rem
2700 4432 2763 4487 in
2813 4430 3112 4503 prooemio
3160 4431 3291 4502 jam
3336 4431 3626 4498 diximus,

1972 4523 2141 4594 quod
2170 4536 2328 4577 unus
2350 4536 2422 4578 ex
2448 4520 2844 4593 prtesentibus
2860 4519 3040 4592 typis,
3057 4519 3299 4575 duobus
3322 4520 3420 4577 vel
3438 4520 3630 4577 tribus

1974 4617 2118 4667 tunc
2136 4610 2284 4666 actis
2306 4610 2488 4667 rebus
2533 4611 2956 4682 aaquiparetur.
3019 4611 3089 4664 Ut
3152 4611 3503 4665 summatim
3543 4609 3632 4665 di-

1974 4715 2129 4767 cam,
2153 4699 2478 4757 tricennale
2507 4701 2769 4772 spatium
2799 4704 2858 4757 et
2875 4699 3063 4755 vitam
3092 4702 3229 4754 ante
3249 4698 3631 4772 baptismum

1972 4789 2272 4862 prothesis
2299 4793 2706 4862 reprmsentat.
2737 4788 3019 4847 Concedit
3044 4795 3189 4857 ergo
3208 4792 3449 4861 tempus
3476 4803 3631 4862 pon-

1971 4983 2047 5025 ne
2075 4967 2259 5024 cultri
2283 4968 2349 5022 in
2386 4974 2565 5036 parte
2608 4967 2971 5035 dexter-mila
2991 4971 3061 5021 ut
3080 4966 3331 5035 capulus
3368 4967 3632 5035 attingat

1972 5040 2220 5098 calicem
2249 5052 2272 5107 ,'
2293 5039 3077 5110 appareatque.sangainem
3102 5040 3206 5107 qui
3217 5042 3306 5110 est
3329 5038 3395 5110 in
3420 5038 3629 5106 calice,

1973 5110 2243 5182 eumdem
2258 5125 2381 5182 esse
2408 5112 2514 5182 qui
2541 5125 2571 5167 e
2596 5108 2793 5182 latere
2812 5108 3040 5182 Christi
3063 5108 3633 5182 manavil._ngatur

1971 5182 2151 5238 etiam
2183 5176 2435 5238 Allatius
2475 5180 2551 5237 de
2593 5180 2830 5253 templis
2885 5180 3246 5241 Graecorum,
3293 5176 3388 5233 ed.
3435 5176 3631 5235 Paris.

1970 5268 2030 5325 μ
2046 5268 2648 5393 (ὶέῗλάνοὼὶαιίιθτ.
2688 5320 2804 5393 Sed
2826 5325 2885 5377 et
2908 5336 3021 5393 pro
3045 5319 3343 5392 adjective
3393 5317 3632 5375 ιδιοῦπό-

1975 5391 2161 5458 στατος
2194 5396 2454 5452 citantur
2490 5410 2527 5450 a
2568 5393 2640 5448 cl.
2691 5391 3060 5450 Boissonado
3109 5391 3174 5449 in
3223 5408 3382 5451 nova
3439 5393 3635 5450 Lexici

1975 5467 2363 5545 Steph‘aniani
2412 5464 2686 5545 editione
2766 5464 3044 5545 exempla
3096 5464 3494 5545 Areopagitas,
3520 5535 3534 5545 _
3578 5468 3637 5519 et

1980 5535 2316 5595 scholiastas
2354 5537 2434 5594 ad
2464 5536 2796 5608 Epictetum
2824 5553 2842 5606 ;
2879 5535 2977 5591 cui
3026 5535 3449 5592 Lexicohunc
3519 5535 3640 5591 hoc

1979 5609 2340 5666 adverbium
2369 5608 2712 5683 adjiciatur.
