4134 6390
518 364 615 417 431

1796 343 2153 404 THEODORI
2187 339 2609 402 ANDIDENSIS

3776 346 3900 404 432

507 484 650 542 tifex
677 482 876 557 primo
904 480 1223 547 sacerdoti,
1241 477 1345 552 qui
1362 474 1631 534 divinam
1656 470 1919 545 incipere
1939 472 2167 543 mysta-

2280 470 2364 520 τόν
2393 469 2494 541 πρὸ
2523 473 2615 521 τοῦ
2646 465 3021 541 βαπτίσματος
3058 470 3148 521 καὶ
3176 468 3267 530 τὰς
3311 463 3589 545 διατριϐὰς
3633 469 3665 528 ἡ
3699 472 3899 543 πρόθε-

505 573 755 644 gogiam
780 570 997 629 debet:
1020 570 1085 629 id
1122 573 1326 628 autem
1345 563 1636 637 temporis
1666 561 1933 635 spatium
1990 557 2169 629 signi-

503 664 647 721 ﬁcat
671 662 822 720 illud
860 678 898 720 a
952 660 1254 736 propheta
1304 656 1461 715 Isaia
1516 652 1874 728 praedictum
1903 654 2165 722 tempus,

503 751 830 809 nativitatis
859 750 1132 808 videlicet
1158 746 1464 822 prophetae
1481 742 1727 802 Joannis
1755 739 2167 815 praecursoris,

507 839 842 912 Christique
867 838 949 896 ad
965 854 1080 896 nos
1101 837 1419 895 adventus.
1466 836 1692 889 Horum
1746 830 1908 887 enim
1950 826 2167 885 ambo-

504 944 663 992 rum,
703 943 929 1001 nempe
950 930 1007 984 et
1034 925 1355 984 nativitatis
1389 929 1648 995 tempus,
1699 924 1758 976 et
1803 917 2016 976 Christi
2062 915 2169 973 ad-

506 1021 775 1088 ventum,
804 1020 1021 1090 praeter
1040 1016 1189 1073 alios
1212 1013 1529 1085 deiloquos
1543 1008 1914 1076 viros,lsaias
1941 1005 2170 1080 perspi-

506 1123 619 1166 cue
642 1106 1005 1166 vaticinatus
1026 1109 1134 1177 est,
1162 1105 1238 1161 de
1263 1106 1490 1160 Joanne
1518 1099 1765 1174 quidem
1795 1097 1880 1155 ita
1919 1095 2128 1153 dicens
2153 1110 2167 1149 :

508 1219 536 1248 «
557 1199 705 1254 Ecce
728 1211 842 1267 ego
858 1195 1029 1253 mitto
1047 1192 1332 1267 angelum
1355 1206 1562 1249 meum
1585 1192 1724 1246 ante
1748 1187 2168 1248 faciemtuam,

507 1285 613 1359 qui
642 1284 884 1359 parabit
906 1285 1071 1343 viam
1096 1289 1265 1342 tuam
1302 1297 1511 1339 coram
1559 1294 1659 1336 me
1684 1280 1731 1334 9.
1788 1296 1819 1331 ›
1850 1276 1997 1333 Item
2052 1273 2173 1332 alia

509 1380 811 1449 quotquot
840 1374 916 1431 de
948 1372 1167 1430 eodem
1213 1368 1659 1446 praenuntiavit.
1690 1369 1771 1423 De
1795 1366 2029 1423 Christo
2070 1379 2172 1420 au-

508 1471 667 1523 tem:
699 1486 726 1514 «
756 1467 901 1521 Ecce
929 1462 1099 1534 virgo
1120 1462 1185 1519 in
1224 1464 1394 1519 utero
1443 1456 1695 1517 habebit
1726 1459 1771 1512 9.
1819 1477 1847 1506 »
1878 1458 1946 1512 Et
1994 1453 2172 1527 quid-

444 1606 455 1615 .
507 1552 657 1626 quid
687 1552 784 1610 ille
809 1552 885 1609 de
909 1552 1218 1626 passione,
1246 1548 1581 1623 sepultura,
1612 1562 1684 1604 ac
1733 1542 2173 1603 resurrectione

506 1640 804 1715 praedixit.
837 1644 1113 1715 Namque
1140 1640 1259 1697 hoc
1285 1644 1576 1711 tempore,
1607 1633 1898 1692 reconditi
1927 1646 2172 1705 quoque

505 1745 543 1789 a
554 1729 975 1789 constitutione
1000 1727 1216 1786 mundi
1230 1726 1503 1801 mysterii
1522 1721 1931 1782 manifestatio
1948 1720 2173 1777 exitum

505 1823 689 1877 nacta
717 1822 824 1876 est.

2281 577 2361 619 σις
2410 556 2679 632 ἐκπληροῖ.
2730 553 2948 611 Δίδοται
2992 562 3164 612 τοίνυν
3189 561 3374 633 καιρός
3412 561 3556 633 παρά
3578 565 3672 612 τοῦ
3701 557 3899 634 ἀρχιε-

2277 650 2405 720 ρέως
2453 654 2527 717 τῷ
2581 651 2768 722 πρώτῳ
2814 654 2915 700 τῶν
2967 649 3137 724 ἱερέων
3186 647 3421 721 μέλλοντι
3467 649 3737 723 ἄρχεσθαι
3791 656 3900 713 τῆς

2281 737 2421 799 θείας
2471 741 2871 810 μυσταγωγίας·
2904 738 3054 802 οὗτος
3086 736 3146 792 δι
3175 740 3202 791 6
3230 741 3410 815 καιρός
3442 742 3773 812 σχηματιζει
3801 743 3897 793 τὸν

2277 826 2423 899 παρά
2510 833 2604 879 τοῦ
2691 831 2964 900 προφήτου
3064 827 3283 881 Ἠσαίου
3379 830 3900 902 προαναφωνηθέντα

2278 917 2480 988 καιρὸν,
2534 923 2626 977 τῆς
2673 924 2764 969 τοῦ
2812 922 3077 991 προφήτου
3132 918 3367 971 Ἰωάννου
3420 922 3509 970 καὶ
3567 913 3896 993 Προδρόμου

2279 1007 2585 1075 γεννήσεως,
2629 1010 2720 1058 καὶ
2770 1014 2866 1069 τῆς
2912 1014 3004 1059 τοῦ
3052 1015 3289 1081 Χριστοῦ
3330 1009 3461 1081 πρὸς
3503 1008 3644 1080 ἡμᾶς
3690 1004 3899 1065 ἐπιδη-

2279 1110 2421 1165 μιας·
2498 1092 2798 1169 ἀμφοτέρων
2870 1097 2970 1170 γὰρ
3035 1099 3231 1149 τούτων
3305 1104 3402 1160 τῆς
3474 1115 3529 1149 τε
3600 1101 3897 1169 γεννήσεως

2278 1183 2367 1235 τὸν
2414 1186 2616 1258 καιρόν,
2660 1189 2751 1236 καὶ
2814 1192 2909 1249 τῆς
2956 1192 3047 1238 τοῦ
3100 1192 3334 1260 Χριστοῦ
3384 1181 3687 1257 ἐπιδημίας,
3755 1188 3900 1258 μετά

2280 1279 2381 1324 τῶν
2437 1270 2602 1324 ἄλλων
2661 1275 2920 1347 θεηγόρων
2973 1275 2999 1326 6
3048 1273 3264 1336 Ἡσαΐας
3321 1270 3593 1347 ἀριδήλως
3648 1280 3896 1348 προεφή-

2280 1378 2452 1414 τευσε·
2501 1367 2623 1435 περὶ
2673 1367 2763 1435 μεν
2815 1371 2909 1416 τοῦ
2956 1363 3192 1417 Ἰωάννου
3259 1365 3421 1426 οὕτως
3471 1364 3646 1418 εἰπών·
3711 1361 3897 1418 «Ἰδού

2281 1448 2378 1522 ἐγὼ
2425 1449 2722 1505 ἀποστελλω
2769 1455 2856 1505 τὸν
2905 1453 3122 1527 οῖγγελόν
3150 1473 3252 1527 μου
3305 1458 3407 1527 πρὸ
3450 1459 3736 1528 προσώπου
3765 1474 3893 1511 σου.

2281 1540 2333 1600 ὃς
2389 1542 2775 1595 κατασκευάσει
2839 1546 2928 1601 τήν
2989 1539 3114 1596 ὀδόν
3172 1562 3268 1596 σου
3321 1545 3611 1619 ἔμπροσθέν
3666 1562 3797 1616 μου.
3861 1563 3895 1599 ι

2281 1631 2373 1681 καὶ
2429 1627 2592 1683 τᾶλλα
2644 1628 2746 1684 ὃσα
2796 1636 2935 1706 περὶ,
2994 1631 3156 1685 αὐτοῦ
3211 1636 3590 1709 προηγόρευσε·
3648 1637 3768 1707 περί
3832 1629 3899 1687 δὲ

2279 1723 2370 1770 τοῦ
2422 1724 2678 1792 Χριστοῦ,
2729 1739 2761 1776 ‹
2817 1716 2955 1775 Ἰδού
3003 1726 3033 1779 ή
3077 1722 3331 1797 Παρθένος
3378 1725 3427 1775 έν
3455 1726 3652 1798 γαστρὶ
3699 1722 3826 1785 ἕξει.
3860 1741 3894 1778 ›

2283 1811 2373 1860 καὶ
2430 1809 2531 1860 ὅσα
2581 1806 2765 1871 έκεῖνος
2819 1815 2937 1884 περὶ
2992 1818 3085 1864 τοῦ
3139 1812 3355 1879 πάθους,
3405 1816 3495 1865 καὶ
3552 1819 3644 1872 τῆς
3690 1820 3891 1885 ταφῆς,

506 1913 598 1961 καὶ
648 1906 987 1969 ἀναστάσεως
1035 1910 1443 1981 προηγόρευσεν·
1496 1902 1545 1957 ἐν
1591 1904 1755 1974 τούτῳ
1802 1902 1903 1977 γὰρ
1943 1908 2016 1971 τῷ
2064 1904 2231 1973 καιρῷ
2278 1900 2369 1950 καὶ
2408 1904 2502 1950 τοῦ
2552 1896 3057 1975 ἀποκεκρυμμένου;
3100 1904 3400 1974 μυστηρίου
3444 1903 3547 1978 πρὸ
3597 1900 3896 1962 καταϐολῆς

506 2001 709 2071 κόσμου
741 1998 770 2055 ἠ
802 2000 1086 2071 φανέρωσις
1113 1999 1173 2048 τό
1204 1998 1364 2071 πέρας
1390 1989 1627 2058 ἐδέξατο.

579 2088 666 2143 tl.
690 2089 824 2143 Jam
841 2101 987 2142 vero
1013 2083 1321 2154 sacerdos,
1352 2083 1460 2157 qui
1496 2082 1736 2140 initium
1766 2079 1987 2137 divinae
2011 2078 2173 2137 litur-

505 2176 615 2251 giae
634 2175 793 2247 facit,
825 2174 1159 2246 imaginem
1190 2177 1382 2246 gestat
1418 2171 1667 2229 Joannis
1711 2169 1993 2242 Baptistae
2022 2185 2174 2242 prae-

507 2263 790 2330 cursoris,
812 2263 919 2337 qui
950 2261 1228 2320 videlicet
1254 2260 1748 2336 praedicationem
1777 2274 2029 2316 exorsus
2084 2260 2174 2315 est

507 2351 717 2411 dicens
741 2368 799 2409 :«
818 2351 1234 2411 Paenitentiam
1256 2351 1417 2421 agite
1438 2368 1451 2419 ;
1476 2348 1993 2424 appropinquavit
2011 2346 2173 2403 enim

507 2459 765 2515 regnum
780 2443 1129 2500 caelorum”
1165 2461 1180 2511 ;
1207 2465 1235 2492 »
1267 2446 1326 2498 et
1354 2440 1709 2497 accedentes
1735 2453 1950 2496 omnes
1976 2435 2175 2510 bapti-

506 2532 705 2591 zabat.
749 2535 953 2605 Coepta
975 2530 1160 2602 igitur
1189 2530 1268 2587 ab
1288 2530 1405 2587 hoc
1433 2528 1694 2599 liturgia,
1711 2526 2011 2585 accedunt
2037 2528 2175 2598 post

507 2621 774 2695 primam
803 2636 1045 2694 precem
1073 2619 1439 2694 propheticus
1466 2618 1776 2686 lectiones,
1805 2632 1962 2689 quas
2013 2614 2174 2671 Anti-

505 2711 717 2785 phona
733 2709 1269 2785 appellamus,tum
1284 2708 1430 2782 quia
1444 2707 1754 2781 prophetae
1765 2704 2174 2779 praedixerunt

507 2816 652 2858 eum
686 2800 945 2874 quijam
972 2806 1154 2858 natus
1170 2802 1298 2866 est;
1344 2802 1474 2855 tum
1521 2796 1667 2871 quia
1728 2812 1944 2869 reapse
1992 2797 2170 2853 Vetus

505 2893 953 2948 Testamentum
984 2888 1309 2963 praecessit,
1338 2888 1515 2961 cujus
1564 2886 1872 2959 legislator
1918 2885 2028 2943 fuit
2072 2885 2172 2942 hic

505 2979 694 3038 modo
719 2982 900 3037 natus
928 2978 993 3035 in
1022 2977 1143 3035 ﬁne
1174 2978 1430 3034 dierum.
1480 2976 1805 3034 Sciendum
1854 2990 1997 3032 vero
2059 2977 2169 3043 est,

510 3069 681 3143 quod
708 3067 879 3125 initio
931 3065 1252 3139 cujuslibet
1288 3065 1487 3134 oﬁicii,
1538 3068 1666 3122 tum
1711 3063 1990 3123 matutini
2042 3066 2172 3120 tum

509 3156 860 3233 vespertini,
921 3156 1119 3229 primo
1164 3156 1388 3214 Veteris
1451 3154 1813 3213 Testamenti
1875 3158 2174 3211 canuntur

511 3245 738 3305 Psalmi
762 3263 777 3315 ;
805 3244 1023 3303 deinde
1069 3261 1245 3304 novae
1288 3245 1495 3319 gratiae
1551 3243 1806 3313 cantica,
1852 3247 1917 3301 ut
1962 3258 2174 3301 omnes

514 3339 855 3410 agnoscant
878 3351 1070 3394 unum
1097 3335 1505 3409 eumdemque
1534 3349 1664 3392 esse
1694 3333 2038 3404 Dominum,
2068 3334 2174 3406 qui

515 3432 571 3485 et
598 3428 729 3485 haec
750 3430 807 3484 et
829 3425 932 3485 illa
960 3425 1938 3495 mandavit,Christum.Canuntur
1972 3423 2173 3496 igitur,

513 3521 582 3574 ut
598 3516 885 3584 diximus,
912 3518 1052 3590 post
1071 3515 1333 3589 primam
1359 3528 1602 3587 precem
1620 3513 1969 3587 Antiphona
1998 3531 2012 3584 ;
2037 3529 2175 3587 quae

511 3605 710 3680 primo
732 3604 1032 3677 ingerunt,
1057 3603 1227 3678 quod
1254 3603 1492 3661 bonum
1513 3602 1589 3659 sit
1616 3603 1887 3660 conﬁteri
1904 3607 2047 3660 nato
2063 3603 2175 3659 Do-

514 3693 683 3752 mino
701 3710 812 3767 pro
835 3692 1091 3752 humani
1112 3691 1350 3765 generis
1374 3691 1565 3749 salute
1587 3709 1603 3760 ;
1619 3691 1839 3749 deinde
1858 3691 2014 3749 elata
2031 3707 2177 3751 voce

514 3785 784 3843 clamant
815 3783 999 3841 illud:
1033 3805 1063 3835 «
1091 3782 1386 3840 Dominus
1404 3782 1684 3854 regnavit
1714 3800 1727 3851 ;
1758 3804 1789 3833 »
1825 3782 1888 3839 id
1908 3787 1999 3839 est
2013 3797 2177 3838 nunc

514 3875 713 3946 magis
750 3877 964 3945 regnat
986 3876 1246 3930 aeternus
1266 3874 1388 3929 Rex
1414 3875 1472 3928 et
1497 3871 1807 3939 Dominus,
1848 3876 2178 3944 postquam

514 3959 810 4022 humilem
828 3963 989 4020 hanc
1005 3961 1122 4019 sibi
1146 3976 1394 4019 carnem
1426 3960 1643 4032 induit,
1666 3976 1855 4034 quam
1881 3960 2178 4019 fortitudi-

514 4067 659 4112 nem
678 4050 1176 4125 appellaverunt:
1210 4050 1364 4107 sicut
1390 4048 1595 4106 multis
1625 4050 1984 4108 aestimatam
2006 4049 2181 4122 igno-

516 4140 797 4209 miniam,
823 4139 1017 4197 crucis
1043 4136 1285 4211 scilicet,
1310 4137 1567 4209 gloriam
1615 4139 1885 4198 Salvator
1910 4139 2185 4197 nomina-

516 4231 606 4288 vit
628 4231 694 4285 ¹¹.
716 4227 879 4286 Sicut
914 4227 1076 4285 enim
1093 4243 1219 4299 rex,
1242 4243 1597 4302 quanquam
1626 4245 1866 4302 semper
1918 4229 2188 4303 potentia

519 4333 593 4376 ac
620 4314 968 4375 fortitudine
992 4316 1299 4390 praeditus,
1331 4316 1499 4375 haud
1527 4317 1831 4375 interdum
1859 4318 1957 4374 his
2001 4318 2187 4375 utitur

520 4407 604 4466 ad
621 4404 1038 4479 reprimendos
1062 4405 1266 4465 hostes
1294 4407 1400 4481 qui
1428 4406 1683 4465 subditis
1712 4408 1836 4467 suis
1863 4407 1985 4463 vim
2038 4406 2186 4464 infe-

519 4499 664 4554 runt
687 4510 703 4564 ;
720 4496 935 4569 postea
952 4510 1093 4554 vero
1109 4495 1442 4554 ulciscendi
1461 4500 1640 4570 capto
1665 4496 1917 4553 consilio
1933 4511 2186 4553 consur-

521 4600 692 4658 gens,
714 4585 934 4656 exigua
961 4584 1167 4660 aliqua
1210 4603 1349 4644 cum
1398 4590 1731 4656 armatura,
1798 4586 2184 4659 propriarum

518 4674 740 4732 virium
766 4673 1038 4747 pondere
1064 4676 1267 4733 hostes
1314 4675 1684 4750 prosternit;
1738 4679 1920 4748 atque
1978 4675 2075 4732 his
2122 4675 2186 4732 in

517 4762 874 4824 barathrum
895 4764 1246 4838 perditionis
1274 4764 1579 4838 projectis,
1603 4769 1852 4822 cunctos
1878 4781 2036 4839 quos
2091 4769 2185 4838 ty-

518 4853 772 4913 rannide
836 4853 1033 4912 hostili
1092 4853 1393 4920 liberavit,
1448 4852 1620 4910 audit
1689 4853 1801 4910 sibi
1869 4854 2181 4914 dicentes:

519 4965 551 4994 «
592 4946 759 5000 Nunc
786 4944 1062 5015 regnavit
1081 4942 1373 5001 Dominus
1396 4946 1786 5014 noster,nunc
1808 4942 2006 5002 induit
2026 4944 2186 5003 forti-

515 5032 808 5102 tudinem,
820 5055 842 5085 ι
877 5033 1024 5106 quia
1039 5032 1328 5089 nimirum
1344 5032 1729 5106 propositum
1745 5034 1877 5105 ejus
1889 5049 1961 5091 ac
1971 5034 2185 5091 volun-

516 5125 703 5182 tatem
747 5121 1103 5193 ulciscendi,
1169 5122 1347 5193 regni
1385 5125 1451 5195 .et
1500 5122 1886 5194 fortitudinis
1939 5123 2185 5181 nomine

519 5213 829 5288 appellant
851 5212 967 5281 ;sic
992 5210 1171 5268 etiam
1190 5210 1486 5284 Propheta
1501 5211 1841 5285 praevidens
1870 5214 2107 5271 venturi
2121 5215 2184 5271 in

520 5318 699 5362 carne
732 5300 835 5358 Dei
864 5300 1039 5358 Verbi
1064 5305 1324 5374 tempus,
1347 5306 1405 5358 et
1433 5301 1688 5358 humani
1705 5303 1938 5373 generis
1960 5300 2184 5361 defen-

519 5392 774 5457 sionem,
817 5388 1119 5463 simulque
1148 5390 1341 5447 hostis
1369 5394 1427 5449 et
1456 5391 1758 5447 sociorum
1788 5393 1920 5464 ejus
1958 5393 2185 5451 daemo-

517 5493 667 5538 num
720 5476 961 5534 cladem
1014 5494 1385 5553 supremam,
1440 5480 1688 5553 insuper
1728 5481 1922 5555 ipsius
1974 5484 2183 5541 mortis

2204 2079 2245 2132 Β
2356 2075 2444 2135 ια’.
2492 2076 2550 2130 Ὁ
2592 2074 2653 2132 δέ
2706 2098 2765 2151 γε
2814 2081 2973 2153 ἱερεύς
3028 2081 3054 2133 6
3104 2084 3199 2140 τήν
3242 2080 3442 2157 ἔναρξιν
3478 2087 3575 2143 τῆς
3630 2082 3768 2142 θείας
3821 2083 3893 2134 ἰε-

2281 2171 2533 2242 ρουργίας
2598 2172 2903 2242 ποιούμενος
2976 2168 3150 2224 εἰκόνα
3212 2174 3350 2244 φέρει
3409 2176 3501 2223 τοῦ
3567 2167 3890 2245 Προδρόμου

2284 2254 2520 2309 Ἰωάννου
2575 2261 2665 2310 καὶ
2723 2264 3042 2328 Βαπτιστοῦ,
3099 2258 3594 2334 προκαταρξαμένου
3651 2266 3747 2313 τοῦ
3793 2279 3893 2318 κη-

2280 2346 2545 2417 ρύγματος
2600 2350 2691 2399 καὶ
2736 2346 2990 2419 λέγοντος,
3027 2370 3050 2399 ε
3111 2354 3435 2402 Μετανοεῖτε·
3488 2348 3678 2421 ἦγγικε
3722 2350 3826 2421 γὰρ
3854 2350 3886 2407 ή

2285 2432 2533 2506 βασιλεία
2578 2443 2679 2487 τῶν
2734 2435 2984 2510 ούρανων,
3038 2454 3071 2492 ›
3123 2442 3214 2491 καὶ
3274 2436 3625 2511 βαπτίζοντος
3688 2439 3893 2500 πάντας

2281 2527 2401 2584 τούς
2472 2529 2940 2599 προσερχομένους.
3028 2526 3349 2601 Ἀρχομένου
3411 2523 3471 2580 δὲ
3532 2529 3722 2581 τούτου
3790 2535 3891 2590 τῆς

2285 2616 2428 2675 θείας
2512 2614 2818 2688 ἱερουργίας,
2892 2618 3216 2691 παράγονται
3287 2617 3418 2690 μετά
3489 2620 3585 2676 τήν
3671 2621 3891 2689 πρώτην

2284 2707 2494 2763 αἴτησιν
2565 2706 2633 2756 τὰ
2695 2707 2996 2781 προφητικά
3074 2706 3202 2781 άπερ
3269 2704 3529 2779 ἀντίφωνα
3604 2704 3885 2777 καλοῦμεν·

2281 2792 2394 2866 ἃμα
2438 2796 2531 2865 μὲν
2587 2795 2653 2854 ὡς
2714 2794 3217 2868 προανακηρύξαντα
3288 2798 3376 2848 τὸν
3441 2798 3881 2869 προαναφανέντα,

2282 2882 2393 2955 ἅμα
2442 2878 2502 2935 δε
2547 2887 2637 2936 καὶ
2685 2884 2755 2946 ὡς
2804 2888 3246 2958 προηγησαμένης
3274 2892 3365 2945 τῆς
3418 2881 3650 2946 Παλαιᾶς
3689 2884 3890 2941 Διαθῆ-

2282 2991 2395 3037 κης,
2425 2980 2491 3034 ἧς
2538 2974 2816 3045 νομοθέτης
2871 2974 3062 3035 οὖτοςό
3103 2975 3363 3047 γεννηθεὶς
3391 2971 3469 3026 ἐπ’
3517 2972 3731 3046 ἐσχάτω
3783 2981 3888 3025 τῶν

2284 3062 2488 3136 ἡμερῶν
2528 3059 2905 3134 ἐχρημάτισεν.
2954 3067 3069 3137 Χρὴ
3114 3059 3174 3116 δε
3219 3068 3494 3135 γινώσκειν
3542 3065 3623 3116 ὅτι
3655 3061 3703 3115 ἐν
3734 3064 3886 3137 ἀρχῆ

2283 3151 2462 3213 πάσης
2524 3150 2729 3213 τελετης
2784 3152 3028 3226 ὀρθρινῆς
3089 3170 3146 3205 τε
3208 3155 3300 3206 καὶ
3361 3155 3618 3224 λυχνικῆς
3681 3160 3890 3228 πρῶτον

2283 3247 2375 3301 τῆς
2432 3239 2664 3302 Ηαλαιᾶς
2712 3236 2928 3312 ᾅδονται
2985 3240 3035 3294 οἱ
3084 3240 3305 3315 ψαλμοὶ,
3358 3239 3469 3295 εἶτα
3522 3244 3589 3295 τὰ
3634 3249 3726 3303 τῆς
3776 3245 3885 3303 νέας

2283 3331 2510 3403 χάριτος
2555 3331 2790 3403 ᾄσματα,
2824 3329 2887 3382 ἵν’
2918 3328 3088 3403 έχοίεν
3119 3327 3313 3385 εἰδέναι
3361 3332 3543 3392 πάντες
3573 3333 3639 3392 ὡς
3694 3338 3763 3394 εἰς
3790 3334 3885 3384 καὶ

2205 3432 2245 3487 C
2284 3418 2437 3479 αὐτὸς
2486 3422 2745 3480 Δεσπότης
2793 3417 2934 3472 ἐστίν
2974 3420 3000 3472 6
3052 3427 3221 3474 ταῦτα
3269 3422 3483 3474 κάκείνα
3534 3423 3890 3494 νομοθετήσας

2283 3511 2540 3583 Χριστός.
2579 3504 2832 3562 Ἀδονται
2887 3516 3186 3584 τοιγαροῦν,
3219 3512 3288 3571 ὡς
3329 3512 3549 3584 εἴρηται,
3603 3511 3729 3583 μετά
3786 3513 3889 3567 τήν

2283 3603 2495 3673 πρώτην
2549 3599 2761 3656 αἴτησιν
2814 3596 3092 3671 ἀντίφωνα·
3123 3606 3328 3673 πρῶτον
3357 3602 3449 3672 μεν
3495 3600 3886 3673 προτρεπόμενα

2284 3690 2343 3740 τὸ
2373 3689 2443 3749 ὡς
2492 3686 2687 3759 ἀγαθόν
2729 3689 2788 3741 τὸ
2837 3686 3260 3761 ἐξομολογεῖσθαι
3304 3697 3378 3761 τῷ
3419 3691 3658 3761 τεχθέντι
3698 3692 3889 3763 Κυρίῳ

2287 3775 2371 3830 ἐπὶ
2430 3781 2668 3851 σωτηρίᾳ
2715 3784 2809 3830 τοῦ
2852 3776 3174 3851 ἀνθρωπείου
3230 3782 3408 3851 γένους
3463 3782 3892 3854 παραγενομένῳ·

2289 3864 2529 3942 δεύτερον
2566 3869 2913 3943 κηρύττονται
2958 3867 3331 3942 μεγαλοφὼνως
3368 3872 3450 3940 τὸ,
3502 3891 3527 3920 ε
3576 3867 3634 3921 Ὀ
3695 3870 3898 3936 Κύριος

2290 3956 2614 4025 ἐϐασίλευσε,
2663 3980 2693 4010 ››
2743 3962 2981 4011 τουτέστι
3022 3966 3110 4011 νῦν
3156 3959 3410 4032 μειζόνως
3440 3957 3710 4031 βασιλεύει
3738 3960 3766 4011 6
3790 3964 3899 4037 πρὸ

2292 4047 2488 4100 αἰώνων
2542 4045 2793 4120 βασιλεύς
2840 4052 2932 4101 καὶ
2993 4050 3202 4124 Κύριος,
3253 4044 3598 4121 ἐνδυσάμενος
3653 4053 3749 4107 τήν
3805 4069 3904 4103 τα-

2289 4142 2467 4195 πεινήν
2514 4139 2707 4196 ταύτην
2765 4140 2953 4211 σάρκα,
3007 4140 3068 4197 ἣν
3123 4142 3213 4191 καὶ
3266 4134 3488 4212 δύναμιν
3534 4142 3906 4214 προσηγόρευ-

2295 4240 2410 4279 σαν·
2460 4228 2693 4300 καθάπερ
2742 4234 2853 4290 τοῖς
2898 4225 3108 4289 πολλοῖς
3172 4223 3435 4280 δοκοῦσαν
3488 4230 3754 4300 αἰσχύνην
3801 4233 3903 4289 τήν

2292 4317 2376 4369 ἰπὶ
2422 4323 2515 4369 τοῦ
2569 4323 2801 4391 σταυροῦ
2849 4311 3007 4380 δόξαν
3072 4317 3099 4368 6
3157 4321 3334 4392 Σωτήρ
3393 4314 3727 4391 ἑπονόμασεν·
3790 4320 3905 4372 ὦσι-

2290 4424 2385 4479 περ
2432 4407 2535 4482 γάρ
2582 4425 2663 4469 τις
2721 4403 2985 4479 βασιλεύς,
3042 4403 3125 4459 ἀεὶ
3177 4410 3268 4480 μεν
3313 4408 3373 4459 τὸ
3423 4407 3613 4483 κράτος
3667 4410 3758 4461 καὶ
3804 4413 3905 4469 τήν

2292 4490 2517 4568 δύναμιν
2565 4497 2704 4567 ἔχων
2755 4494 2805 4547 έν
2856 4495 3043 4568 ἑαυτῷ,
3098 4494 3158 4549 ού
3205 4499 3468 4570 κέχρηται
3513 4499 3713 4558 τούτοις
3762 4501 3905 4571 πρὸς

2292 4584 2492 4657 ἄμυναν
2537 4593 2636 4638 τῶν
2667 4583 2872 4659 ἐχθρῶν
2897 4593 2997 4639 τῶν
3045 4587 3431 4661 τυραννούντων
3468 4589 3592 4650 τούς
3632 4587 3907 4652 ὑπηκόους

2293 4672 2475 4727 αὐτοῦ·
2532 4674 2748 4750 ὕστερον
2821 4671 2881 4728 δε
2946 4673 3227 4749 βουληθεὶς
3298 4671 3587 4735 ἐκδικῆσαι
3651 4679 3905 4751 τούτους,

2215 4789 2260 4844 D
2295 4760 2585 4827 δίαναστὰς
2632 4763 2680 4817 ἓν
2730 4772 2903 4840 μικρῷ
2949 4784 3050 4818 τινι
3100 4764 3259 4838 ὅπλῳ,
3303 4769 3471 4839 οἰκείᾳ
3516 4766 3651 4841 ῥοπῇ
3713 4768 3908 4840 θραύει

2294 4854 2413 4915 τούς
2466 4854 2763 4927 πολεμίους,
2823 4858 2913 4908 καὶ
2962 4853 3112 4929 βυθῷ
3162 4854 3403 4918 ἀπολείας
3460 4857 3672 4917 τούτους
3726 4875 3909 4932 παρα-

2297 4940 2443 5013 δούς,
2493 4942 2670 4998 ἀκούει
2717 4946 2863 5018 παρά
2906 4945 3111 4997 πάντων
3164 4953 3263 4997 τῶν
3319 4942 3751 5018 ἐλευθερωθέντων
3803 4956 3908 5012 τῆς

2290 5032 2616 5109 τυραννίδος,
2674 5055 2705 5085 ‹‹
2756 5040 2886 5098 Νῦν,
2946 5032 3279 5087 ἐϐασιλευσεν
3328 5035 3355 5086 6
3412 5038 3681 5096 Δεσπότης
3722 5035 3904 5109 ἡμῶν,

2292 5132 2380 5178 νῦν
2420 5122 2702 5179 ἐνεδύσατο
2756 5119 3039 5197 δύναμιν,››
3088 5127 3183 5183 τὴν
3219 5122 3414 5198 βουλήν
3464 5122 3624 5177 αὐτοῦ
3666 5129 3756 5177 καὶ
3810 5130 3910 5186 τήν

2296 5210 2503 5273 θέλησιν
2547 5220 2644 5277 τῆς
2681 5210 3003 5277 ἐκδικήσεως
3054 5211 3328 5287 βασιλείαν
3378 5217 3467 5267 καὶ
3515 5209 3741 5287 δύναμιν
3787 5215 3912 5269 ὀνο-

2292 5305 2583 5379 μαζόντων·
2636 5303 2771 5357 οὕτω
2816 5307 2904 5356 καὶ
2959 5304 2985 5355 6
3041 5308 3314 5377 προφήτης
3390 5312 3622 5377 προορῶν
3687 5311 3779 5363 τῆς
3855 5304 3905 5357 ἓν

2294 5398 2453 5468 σαρκὶ
2503 5397 2797 5469 παρουσίας
2837 5399 2930 5445 τοῦ
2978 5398 3114 5445 Θεοῦ
3161 5395 3337 5464 Λόγου
3393 5394 3482 5444 τόν
3533 5395 3747 5467 χρόνον,
3804 5397 3904 5446 καὶ

2290 5488 2385 5544 τὴν
2448 5478 2725 5542 έκδίκησιν
2749 5488 2842 5537 τοῦ
2898 5479 3221 5560 ἀνθρωπίνου
3277 5473 3474 5556 γένους,
3531 5486 3624 5542 τήν
3684 5500 3741 5536 τε
3802 5490 3901 5536 τοῦ

586 5656 752 5722 ρῐεε..
781 5673 877 5733 xL,
908 5658 965 5719 3.
992 5660 1013 5697 ⁰
1045 5662 1160 5719 Isa.
1191 5670 1299 5731 vn,
1334 5656 1425 5716 14.
1460 5657 1506 5698 ιο
1536 5656 1738 5719 Matth.
1763 5676 1843 5734 ιιι,
1878 5664 1928 5722 1.
1972 5663 2015 5702 ιι
2046 5656 2176 5724 Joai

2280 5680 2368 5732 lli,
2401 5667 2492 5725 32.
