4134 6390
274 326 384 381 433

1502 323 1996 386 COMMENTATIO
2033 326 2427 386 LITURGICA;

3542 314 3651 395 434

276 448 483 524 ἐχθροῦ
528 448 621 500 καὶ
668 452 772 499 τῶν
822 447 917 500 σὺν
960 446 1103 522 αὐτῷ
1161 445 1422 523 δαιμόνων
1470 449 1773 519 κατάλυσιν,
1816 454 1886 505 ἔτι

2002 453 2473 521 exstinctionem,
2506 454 2564 511 et
2591 452 2671 511 ab
2712 469 2784 511 ea
2808 455 3184 516 detentorum
3212 458 3653 529 liberationem,

279 559 342 611 γε
364 541 468 611 μήν
495 540 586 589 καὶ
608 538 706 595 τήν
738 537 964 590 θανάτου
1004 541 1274 614 νέκρωσιν,
1333 543 1424 592 καὶ
1461 543 1557 599 τήν
1603 548 1705 592 τῶν
1766 542 1891 615 παρ’

286 629 452 683 αὐτοῦ
477 630 843 700 κατεχομένων
900 627 1211 704 ἐλευθερίαν,
1243 634 1335 683 καὶ
1382 636 1483 683 τῶν
1540 636 1604 703 τῇ
1651 634 1890 703 γεννήσει

290 722 493 793 Κυρίου
512 720 673 790 παρὸν
719 720 781 769 τὸ
809 717 1090 785 σπήλαιον,
1121 721 1203 785 τὸ,
1254 739 1283 768 ‹‹
1323 725 1432 772 Νῦν
1462 717 1814 785 ἐϐασίλευσεν,
1859 740 1889 771 ››

287 808 630 882 ἐξεφώνησεν·
661 810 752 859 καὶ
791 827 823 857 ιι
849 813 958 860 Νῦν
997 803 1277 862 ἓνεδύσατο
1307 804 1550 882 δύναμιν
1584 830 1613 861 »
1662 809 1768 883 οὐχ
1820 812 1889 873 ὡς

284 898 350 951 οὐ
408 902 530 971 πρὶν
574 901 643 969 μή
701 897 1061 970 ὑπάρχουσαν
1127 898 1252 972 παρ’
1292 897 1455 969 αὐτῷ,
1517 896 1627 951 ἀλλ’
1685 899 1753 961 ὡς
1810 898 1888 953 ἀεὶ

285 993 571 1053 συνοῦσαν,
621 985 693 1047 εἰς
733 990 1133 1062 παρωρισμένον
1200 984 1260 1040 δε
1289 990 1471 1061 καιρόν
1513 993 1886 1062 ταμιευομένην

279 1075 567 1149 ἐκλάμψαι.
623 1077 787 1129 Εἷωθε
840 1072 901 1129 δὲ
949 1077 975 1135 ἦ
1028 1083 1121 1129 τοῦ
1184 1079 1325 1131 θείου
1381 1079 1682 1151 Πνεῦματος
1727 1080 1887 1154 χάρις

274 1167 347 1218 τὰ
398 1163 649 1237 μελλοντα
704 1164 775 1225 ὡς
845 1162 1101 1219 ἐνεστῶτα
1154 1170 1245 1219 καὶ
1303 1171 1620 1240 γεγενημένα
1694 1166 1885 1226 ἀνακη-

260 1273 503 1329 ρυττειν.

344 1341 441 1416 ιβ’·
477 1346 829 1396 Συντέτακται
878 1340 938 1397 δὲ
990 1351 1064 1415 τῷ
1091 1344 1223 1398 τέλει
1261 1353 1353 1398 τοῦ
1396 1350 1605 1422 πρώτου
1655 1344 1883 1420 ἀντιφώ-

591 1453 621 1482 ‹‹
672 1439 781 1496 Τῆς
859 1432 1161 1508 πρεσϐείαις
1217 1442 1313 1497 τῆς
1384 1438 1643 1488 Θεοτόκου
1712 1455 1882 1489 σωσον

268 1525 440 1596 ἡμᾶς.
467 1543 496 1571 ››
540 1525 695 1585 Τίνος
755 1524 957 1596 χάρινς
1002 1523 1033 1582 ἦ
1104 1524 1313 1586 πάντως
1354 1525 1437 1577 ἶνα
1484 1523 1749 1598 βεϐαιωθῇ
1816 1529 1884 1579 τὰ

259 1614 527 1686 σεοότερον
595 1610 845 1683 εἰρημένα
903 1615 1025 1681 περὶ
1082 1619 1176 1664 τοῦ
1240 1616 1405 1665 τύπου
1436 1621 1533 1676 τῆς
1576 1613 1880 1688 Ἀειπαρθέ-

257 1718 383 1768 νου,
443 1700 527 1752 ὅτι
574 1699 711 1758 αὐτή
763 1708 861 1761 τῆς
906 1703 1155 1763 τοιαύτης
1231 1709 1542 1776 προηγεῖται
1610 1699 1883 1767 διακονίας

266 1452 365 1486 νου
428 1435 506 1501 τό,

2002 545 2059 599 et
2079 540 2207 597 nati
2236 541 2449 599 Christi
2478 541 2830 614 speluncam
2861 560 3067 602 coram
3097 546 3421 622 aspiciens,
3444 548 3651 606 verba:

2002 652 2031 683 «
2057 633 2225 688 Nunc
2248 630 2540 702 regnavit,
2578 652 2607 681 »
2630 630 2946 701 inclamat;
2981 639 3074 691 et:
3105 657 3135 687 «
3166 638 3331 693 Nunc
3377 637 3491 694 sibi
3512 638 3629 694 for-

1998 720 2320 778 titudinem
2336 720 2561 778 induit:
2596 743 2617 770 ι
2644 736 2770 779 non
2804 723 2972 795 quod
3004 729 3182 783 antea
3231 727 3360 782 haec
3399 726 3481 783 illi
3526 743 3654 785 non

1998 809 2255 882 adesset,
2286 809 2393 866 sed
2417 809 2566 883 quia
2594 814 2887 884 tanquam
2914 817 3206 886 perpetuo
3232 814 3649 886 inhaerentem,

1997 903 2160 956 certo
2177 901 2380 955 tamen
2392 899 2649 971 tempori
2668 905 3031 958 reservatam
3046 901 3127 958 ad
3147 904 3649 976 comparendum.

1997 987 2160 1044 Solet
2182 988 2343 1043 enim
2369 987 2557 1043 divini
2589 987 2841 1060 Spiritus
2880 991 3097 1059 gratia,
3129 990 3330 1049 futura
3358 996 3652 1064 tanquam

1994 1076 2318 1151 praesentia
2338 1081 2394 1132 et
2412 1076 2542 1149 jam
2574 1081 2710 1134 acta
2737 1078 3089 1152 praedicare.

2067 1348 2152 1399 l2.
2188 1343 2647 1415 Subjunguntur
2676 1348 2878 1402 autem
2926 1345 3035 1402 ﬁni
3091 1347 3273 1420 primi
3322 1348 3651 1422 Antiphoni

1990 1432 2179 1489 verba
2208 1450 2273 1487 :«
2336 1434 2867 1491 lnterressionibus
2912 1436 3199 1510 Deiparaa,
3257 1436 3428 1495 salva
3454 1453 3588 1496 nos.
3620 1460 3649 1489 »

1992 1522 2183 1588 Quam
2214 1522 2295 1579 ob
2322 1538 2573 1579 causam
2594 1523 2624 1579 ?
2659 1538 2908 1596 prorsus
2936 1529 3004 1579 ut
3032 1525 3463 1581 conﬁrmentur
3486 1526 3649 1585 dicta

1991 1616 2170 1668 antea
2193 1612 2269 1668 de
2299 1615 2445 1686 typo
2459 1618 2764 1687 perpetuae
2788 1613 3063 1684 Virginis,
3085 1614 3250 1687 quod
3272 1630 3491 1687 nempe
3511 1614 3648 1688 ipsa

1989 1701 2131 1757 huic
2160 1700 2492 1758 ministerio
2505 1706 2563 1758 et
2582 1703 2936 1758 mconomiae
2955 1706 3198 1775 praeeat.
3228 1703 3488 1760 Secundi
3504 1719 3644 1759 vero

266 1794 369 1842 καὶ
424 1787 653 1851 ἀληθοῦς
691 1788 1006 1862 οἰκονομίας
1059 1797 1151 1842 τοῦ
1200 1786 1444 1865 δευτέρου
1506 1789 1565 1845 δε
1621 1796 1681 1845 τὸ
1719 1793 1881 1866 ἐφύμ-

1994 1789 2318 1863 Antiphoni
2347 1790 2729 1864 subsequens
2759 1807 3006 1847 carmen
3034 1797 3155 1848 est:
3190 1813 3221 1842 ‹‹
3270 1792 3645 1848 Intercessio—

271 1897 389 1931 νιον
420 1881 554 1952 (16),
626 1899 657 1928 (ι
688 1885 813 1939 Ταῖς
849 1877 1149 1953 πρεσϐείαις
1195 1887 1294 1932 τῶν
1336 1879 1497 1953 ἁγίων
1535 1897 1652 1934 σου·
1686 1904 1717 1932 »
1775 1881 1883 1936 ἐπεὶ

274 1970 380 2042 γὰρ
412 1968 539 2041 ὑπερ
582 1972 849 2040 σωτηρίας
894 1966 1087 2041 ψυχῶν
1117 1973 1208 2021 καὶ
1238 1975 1636 2045 συγχωρήσεως
1692 1991 1884 2025 πταισ-

267 2058 453 2132 μάτων
536 2060 635 2115 τήν
721 2058 861 2109 θείαν
928 2057 1167 2131 τελοῦμεν
1210 2064 1605 2132 μυσταγωγίαν,
1674 2060 1884 2126 εἰκότως

268 2150 345 2209 ὡς
402 2148 688 2220 ὑπερτέραν
747 2142 910 2198 οὖσαν
994 2150 1089 2205 τήν
1164 2151 1473 2221 Θεομήτορα
1536 2150 1739 2201 πάντων
1782 2158 1883 2202 τῶν

274 2236 461 2308 ἁγίων,
531 2237 561 2295 ἦ
623 2239 717 2288 καὶ
756 2235 927 2289 αὐτῶν
986 2238 1303 2311 ἐπουρανίων
1334 2233 1622 2310 δυνάμεων,
1671 2238 1737 2300 εἰς
1778 2242 1882 2293 ἱκε-

278 2330 398 2378 σίαν
444 2324 906 2399 προσκαλούμεθα·
969 2322 1078 2379 εἶτα
1141 2329 1260 2387 τοὺς
1306 2326 1753 2401 εὐαρεστήσαντας
1809 2336 1882 2400 τῷ

275 2419 473 2478 ταύτης
519 2417 645 2485 Υὶῷθ
707 2414 753 2467 εἰ
806 2416 908 2487 γὰρ
967 2420 1058 2468 καὶ
1108 2420 1302 2489 προῖὼν
1356 2417 1381 2467 6
1437 2415 1586 2488 λόγος
1656 2418 1883 2491 εὑρίσκει

278 2508 405 2567 τοῦς
460 2504 643 2577 ἁγίους
699 2504 952 2571 ἅπαντας,
1009 2503 1140 2557 ἀλλὰ
1204 2508 1294 2558 καὶ
1365 2504 1527 2565 αὐτὴν
1569 2511 1694 2566 ,τήν
1746 2527 1881 2560 παν-

280 2593 547 2667 ἁχραντον
602 2594 758 2646 οἱονεὶ
812 2596 959 2668 παρὰ
999 2601 1093 2646 τοῦ
1146 2593 1429 2670 ἀρχιερέως
1481 2601 1882 2669 μεσιτευομένην

275 2683 355 2746 εἰς
376 2686 459 2749 τό,
491 2704 520 2733 ‹‹
548 2681 662 2736 Ἐτι
688 2687 1044 2756 προσφέρομέν
1072 2702 1157 2735 σοι
1192 2687 1286 2741 τήν
1320 2682 1534 2755 λογικήν
1593 2686 1705 2757 (17)
1754 2688 1884 2738 ταύ-

270 2792 371 2831 την
403 2771 667 2847 λατρείαν,
698 2790 730 2824 ›
782 2771 941 2825 Ἀλλὰ
969 2774 1069 2825 καθ
1108 2772 1276 2848 ἕτερον
1330 2772 1481 2844 λόγον
1530 2772 1734 2845 λέγεται
1774 2782 1885 2836 τοῖς
1920 2793 1930 2803 ·

275 2862 535 2935 Πατράσι
582 2868 748 2913 ταῦτα
820 2856 1177 2934 διορίζεσθαι,
1229 2862 1283 2914 ὃν
1336 2858 1681 2935 ἀποδώσομεν
1749 2870 1883 2917 Θεοῦ

283 2956 651 3024 χορηγοῦντος
723 2948 795 3001 ἄπ’
845 2951 970 3002 αὑτὸ
1037 2952 1096 3002 τό
1168 2955 1367 3025 χωρίον
1422 2960 1518 3012 τῆς
1575 2950 1884 3016 ἀκολουθίας

284 3038 522 3099 ἧκον-τες.
566 3042 695 3091 Νυνὶ
736 3034 792 3092 δέ
852 3046 954 3092 τῶν
1012 3037 1191 3112 ἐφεξῆς
1238 3041 1263 3092 6
1310 3039 1462 3112 λόγος
1512 3040 1740 3112 ἐχέσθω·
1777 3038 1881 3101 ήδη

278 3130 385 3203 γὰρ
434 3131 568 3204 πρὸς
618 3130 673 3180 τὸ
715 3131 888 3202 τρίτον
937 3126 1215 3201 ἀντίφωνον
1261 3128 1666 3203 ἐπεραιώθημεν.
1710 3133 1781 3183 Τὸ
1826 3128 1885 3185 δε
1914 3170 1956 3227 C

269 3220 564 3293 τροπάριον
607 3222 666 3271 τό
709 3220 845 3271 κατά
886 3220 947 3271 τὸ
1000 3217 1138 3279 τέλος
1188 3226 1280 3271 τοῦ
1309 3215 1555 3272 δευτέτου
1598 3218 1882 3293 ἁντιφὼνου

264 3308 567 3381 λεγόμενον,
625 3311 706 3375 τό,
774 3328 805 3356 «ι
834 3306 893 3360 '0
940 3311 1217 3380 μονογενὴς
1271 3311 1389 3369 Υἱός
1440 3313 1530 3362 καὶ
1579 3312 1751 3381 Λόγος
1793 3318 1883 3362 τοῦ

274 3404 437 3466 Θεοῦ,
476 3417 504 3445 »
556 3399 702 3470 παρά
743 3403 838 3449 τοῦ
876 3404 940 3469 τῇ
986 3398 1098 3469 θείᾳ
1154 3395 1298 3460 λήξει
1346 3395 1609 3470 βασιλέως
1663 3398 1885 3451 ’Ῑουστι-

1014 3482 1225 3560 σφόδρα
1281 3487 1382 3561 φάρ
1434 3490 1524 3539 καὶ
1579 3487 1707 3541 αὐτὸ
1773 3495 1883 3552 τοῖς

268 3574 564 3649 συμϐόλοις
625 3580 716 3629 καὶ
781 3582 875 3629 τοῦ
943 3581 1181 3650 Χριστοῦ
1236 3581 1517 3648 γεννήσεως
1569 3575 1879 3653 ἕφαρμόζον·

269 3493 454 3539 νιανοῦ
539 3485 897 3559 ἓκπεφώνηται
939 3503 951 3517 ·

267 3668 444 3730 Οὗτος
469 3670 593 3742 γὰρ,
623 3670 805 3739 φησὶν,
838 3667 1169 3738 ὁγεννηθεὶς,
1222 3666 1249 3719 6
1300 3672 1575 3739 μονογενής
1626 3669 1744 3731 Υἱος
1792 3672 1883 3721 καὶ

278 3760 449 3827 Λόγος
472 3764 565 3809 τοῦ
592 3757 939 3832 προανάρχου
988 3759 1188 3831 Πατρός
1247 3756 1531 3828 ὑπάρχων,
1577 3753 1880 3821 καταδεξά-

274 3864 434 3919 μενος
488 3842 579 3898 διά
661 3849 756 3904 τήν
798 3847 1052 3918 ἡμετέραν
1112 3848 1375 3920 σωτηρίαν
1438 3846 1774 3918 σαρκωθῆναι
1825 3844 1881 3898 ἐκ

272 3944 380 3998 τῆς
417 3934 564 4007 ἁγίας
608 3939 891 4003 Θεοτόκου,
944 3932 1199 4009 ἁτρέπτου
1256 3936 1513 4008 μεινάσης
1563 3942 1660 3997 τῆς
1702 3936 1880 3993 θεότη-

274 4044 364 4086 τος
406 4029 495 4077 καὶ
566 4023 902 4097 ἀσυγχύτου,
964 4024 1038 4086 εἷς
1115 4021 1230 4076 ἔστι
1287 4030 1385 4086 τῆς
1448 4025 1604 4096 ἁγίας
1655 4020 1881 4099 Τριάδος

265 4113 696 4190 ἐνανθρωπήσας,
788 4117 880 4166 καὶ
989 4114 1359 4188 σταυρωθῆναι
1438 4109 1875 4185 καταδεξάμενος·

259 4204 658 4278 ὡρεκφοιτῃτως
734 4204 837 4277 γὰρ
899 4205 991 4254 καὶ
1048 4199 1361 4274 ἀχωρίστως
1436 4210 1535 4254 τῶν
1576 4208 1879 4277 ’Πατρικῶν

1990 1875 2172 1933 nibus
2203 1884 2554 1935 sanctorum
2581 1883 2845 1935 tuorum.
2881 1902 2909 1930 »
2943 1880 3095 1947 Quia
3119 1880 3281 1936 enim
3310 1895 3422 1952 pro
3454 1879 3645 1936 salute

1992 1966 2331 2024 animarum
2342 1972 2420 2034 ,et
2430 1971 2817 2040 peccatorum
2833 1969 3005 2025 venia
3014 1968 3285 2026 divinam
3298 1968 3646 2041 peragimus

1991 2057 2458 2129 mystagogiam,
2487 2058 2699 2115 merito
2725 2074 2833 2115 ceu
2864 2058 3246 2116 excelsiorem
3267 2058 3371 2115 Dei
3400 2059 3645 2115 Matrem

1991 2147 2214 2203 sanctis
2228 2147 2536 2215 omnibus,
2568 2147 2647 2204 ad
2676 2147 3170 2205 intercedendum
3191 2148 3647 2216 invocamus,et

1991 2234 2209 2292 deinde
2236 2236 2447 2293 charos
2469 2236 2747 2308 ejusdem
2772 2238 2914 2294 Filio
2937 2242 3199 2295 sanctos.
3228 2240 3378 2294 Nam
3411 2236 3520 2293 etsi
3550 2252 3638 2293 se-

1991 2339 2186 2397 quens
2213 2329 2421 2381 noster
2439 2341 2657 2398 sermo,
2687 2326 2962 2383 omnium
2993 2341 3239 2399 quoque
3298 2328 3646 2382 sanctorum

1989 2413 2253 2470 inveniet
2272 2414 2737 2486 invocationem,
2762 2420 3029 2472 attamen
3057 2415 3261 2487 ipsam
3289 2414 3648 2471 immacula-

1992 2507 2139 2572 tam,
2171 2507 2465 2578 tanquam
2495 2504 2572 2561 ab
2603 2505 2739 2578 ipso
2760 2504 3051 2578 episcopo
3073 2504 3491 2578 interpositam
3534 2501 3648 2559 illis

1990 2592 2226 2649 verbis:
2258 2616 2287 2644 «
2311 2593 2522 2650 Adhuc
2552 2594 2908 2650 exhibemus
2929 2594 3033 2650 tibi
3069 2593 3233 2650 hunc
3290 2592 3651 2649 rationalem

1992 2681 2241 2741 cultum.
2265 2703 2295 2732 »
2326 2683 2442 2740 Sed
2471 2682 2632 2739 enim
2661 2683 2723 2739 id
2754 2698 2790 2739 a
2818 2682 3094 2756 patribus
3131 2682 3471 2739 institutum
3500 2681 3651 2737 dici-

1995 2775 2107 2839 tur,
2140 2772 2478 2828 secundum
2502 2772 2686 2828 aliam
2717 2772 2898 2828 etiam
2927 2771 3246 2840 rationem,
3268 2786 3458 2843 quam
3507 2785 3649 2826 cum

1995 2861 2074 2919 ad
2103 2861 2416 2935 proprium
2441 2862 2895 2935 pervenerimus
2928 2859 3109 2917 ofﬁcii
3155 2860 3380 2929 locum,
3413 2863 3533 2916 Deo
3554 2859 3649 2915 fa-

1991 2955 2188 3023 vente,
2205 2951 2536 3008 trademus.
2558 2954 2725 3006 Nunc
2746 2950 2979 3023 reliqua
3001 2964 3200 3006 sermo
3220 2952 3647 3022 prosequatur.

1991 3042 2124 3096 Jam
2177 3040 2338 3097 enim
2386 3040 2466 3096 ad
2513 3040 2753 3096 tertium
2812 3038 3217 3111 antiphonum
3269 3036 3647 3095 devenimus.

1991 3131 2347 3204 Troparium
2372 3135 2573 3187 autem
2594 3131 2656 3187 in
2674 3130 2796 3187 ﬁne
2816 3129 3065 3187 secundi
3084 3127 3398 3200 antiphoni
3422 3127 3651 3184 dictum

1995 3242 2025 3271 ‹‹
2066 3220 2416 3290 Unigenitus
2449 3220 2626 3276 Filius
2655 3223 2713 3276 et
2740 3217 3008 3275 Verbum
3039 3217 3142 3274 Dei
3183 3240 3212 3269 »
3251 3232 3288 3274 a
3312 3216 3486 3273 beato
3509 3230 3653 3288 rege

1991 3308 2323 3366 Iustiniano
2390 3307 2661 3366 additum
2707 3307 2838 3377 fuit,
2879 3306 3046 3380 quod
3090 3305 3291 3379 ipsum
3318 3304 3646 3362 nativitatis

1994 3397 2209 3454 Christi
2239 3396 2530 3470 symbolis
2560 3395 2739 3452 valde
2769 3394 3191 3467 congruitzﬂic
3214 3393 3396 3465 enim,
3431 3392 3644 3467 inquit,

1991 3487 2334 3559 unigenitus
2356 3486 2530 3542 Filius
2561 3489 2618 3542 et
2645 3484 2904 3541 Verbum
2935 3484 3142 3541 aeterni
3172 3483 3383 3549 Patris,
3439 3482 3650 3554 digna—

1992 3579 2085 3633 tus
2114 3591 2226 3649 pro
2255 3580 2463 3632 nostra
2492 3574 2681 3631 salute
2706 3572 3009 3630 incarnari
3027 3587 3100 3629 ex
3130 3572 3407 3644 Deipara,
3434 3571 3648 3627 immu-

1990 3664 2157 3721 tabili
2186 3669 2468 3721 manente
2497 3667 2553 3720 et
2590 3663 2913 3719 inconfusa
2942 3660 3181 3733 deitate,
3215 3675 3377 3717 unus
3426 3664 3516 3717 est
3569 3659 3646 3717 de

1990 3758 2200 3811 sancta
2223 3754 2519 3824 Trinitate,
2541 3754 2646 3828 qui
2674 3750 3065 3810 inhumanari
3094 3755 3151 3808 et
3171 3749 3442 3823 cruciﬂgi
3472 3750 3649 3810 susti-

1988 3844 2139 3901 nuit.
2173 3843 2403 3900 Etenim
2431 3844 2561 3900 sine
2613 3843 2881 3915 drscessu
2911 3845 2970 3898 et
3016 3841 3146 3897 sine
3202 3840 3581 3914 separatione
3610 3856 3649 3898 a

1987 3933 2257 4008 paternis
2290 3933 2546 3989 sinubus
2573 3931 2972 3997 descendens,
3004 3930 3357 3987 incarnatus
3382 3933 3471 3987 est
3499 3946 3513 3985 :
3541 3930 3648 4003 qui

1989 4022 2168 4081 etiam
2198 4022 2261 4079 in
2280 4021 2527 4093 trisagio
2554 4021 2786 4095 hymno
2812 4035 2850 4077 a
2874 4017 3240 4093 spiritalibus
3270 4017 3645 4075 cmlestibus-

1987 4127 2107 4187 que
2135 4111 2455 4169 virtutibus
2482 4109 2899 4169 collaudatur:
2930 4108 3060 4183 ipse
3077 4124 3221 4181 ergo
3251 4111 3343 4166 est
3372 4107 3647 4166 Salvator

1988 4206 2210 4261 noster.

257 4293 475 4348 κόλπων
533 4291 784 4361 καταϐὰς,
846 4292 1196 4366 σεσάρκωται·
1253 4291 1279 4343 6
1319 4294 1411 4343 καὶ
1476 4289 1526 4343 ἓν
1582 4292 1656 4362 τῴ
1718 4295 1981 4366 τρισαγίῳ
2042 4292 2185 4365 ὕμνῳ
2245 4287 2693 4365 συνδοξαζόμενος
2736 4290 2837 4343 ὑπό
2885 4296 2986 4343 τῶν
3065 4295 3250 4363 νοερῶν
3321 4291 3412 4341 καὶ
3487 4286 3646 4341 ὑπου-

255 4388 461 4461 ρανίων
491 4379 782 4456 δυνάμεων
806 4380 960 4442 αὐτὸς
980 4376 1069 4433 οὖν
1097 4378 1237 4433 ἐστιν
1263 4380 1289 4432 6
1320 4380 1504 4441 σώζων
1524 4381 1684 4452 ἡμᾶς.

342 4473 429 4544 ιγ’.
490 4472 646 4525 Οὕτω
713 4472 1077 4545 συνάρμοσται
1133 4470 1276 4545 παρὰ
1321 4476 1422 4521 τῶν
1494 4471 1736 4543 Πατέρων
1789 4472 1879 4521 καὶ
1915 4470 1958 4525 D

268 4563 299 4614 6
345 4563 622 4636 τρισάγιος
672 4561 850 4634 ὕμνος,
911 4560 994 4611 ἵνα
1042 4562 1130 4611 καὶ
1182 4559 1208 4610 6
1255 4553 1349 4611 διὰ
1426 4564 1520 4611 τοῦ
1592 4562 1878 4633 τροπαρίου

271 4652 593 4724 ὑμνούμενος
647 4651 716 4711 εἷς
780 4654 848 4701 ὦν
904 4649 1155 4724 κηρυχθῇ
1220 4654 1317 4711 τῆς
1375 4645 1528 4719 ἁγίας
1627 4641 1877 4720 Τριάδος,

272 4742 557 4813 όμοούσιος
593 4747 666 4811 τῷ
701 4742 869 4815 Πατρὶ
897 4742 988 4791 καὶ
1016 4744 1090 4809 τῷ
1141 4736 1273 4810 ἁγίῳ
1327 4739 1591 4810 Πνεύματι
1620 4739 1711 4788 καὶ
1744 4755 1878 4809 συμ-

271 4834 411 4903 φυὴς
456 4835 543 4883 καὶ
580 4827 897 4903 ἀδιαίρετος·
940 4830 998 4880 τό
1049 4829 1152 4901 γὰρ
1202 4825 1387 4899 Ἀγιος
1444 4830 1470 4879 6
1526 4828 1653 4886 Θεὸς
1697 4826 1746 4879 οἱ
1784 4828 1883 4887 τὰς

270 4923 633 4983 ὑποπατικὰς
666 4917 936 4980 ἰδιότητας
980 4914 1306 4993 διαιροῦντες
1362 4924 1434 4989 τῷ
1492 4920 1662 4990 Πατρὶ
1706 4934 1880 4991 προσ-

265 5011 508 5086 νέμουσι·
541 5015 600 5064 τό
632 5006 694 5064 δέ
738 5008 923 5082 ⁴Λφιος
969 5009 1199 5081 ἰσχυρὸς
1238 5014 1303 5067 τῆ
1355 5001 1590 5064 ἰδιότητι
1627 5012 1720 5067 τῆς
1749 5006 1879 5059 ὑπο-

344 5166 458 5237 (16)
489 5161 839 5237 Citatur_hic
867 5157 1228 5237 Andidensis
1246 5156 1421 5237 locus
1445 5172 1518 5213 ex
1547 5172 1671 5237 ms;
1687 5154 1767 5213 ab
1788 5154 1883 5237 Al-

251 5227 412 5295 latio
438 5227 653 5292 contra
681 5231 1103 5302 Hottingerum
1125 5231 1330 5303 p.182.
1363 5228 1511 5286 Item
1536 5227 1612 5284 de
1636 5230 1876 5298 Purgat.

250 5326 325 5384 p.
362 5310 486 5364 £08.
998 5371 1008 5382 ι
1133 5371 1145 5382 _

308 5380 454 5467 ,(Πὶ
487 5371 1105 5467 δίςοξξιξξξξέἓδξιξξξὲξ
1118 5369 1869 5467 ξειμεοὲφλξξλξιξὲἓάὶεῖε

258 5441 385 5517 κήν,
411 5441 585 5519 quod
612 5447 875 5504 dicimus
905 5444 1290 5511 rationalem,
1313 5441 1878 5498 mavuit‘verbalem

264 5521 621 5598 intelligere,
679 5517 830 5598 quia
852 5513 1002 5598 nihil
1043 5513 1211 5571 aliud
1263 5529 1300 5570 a
1325 5512 1657 5598 sacerdote,
1687 5527 1879 5586 quam

261 5584 964 5653 verbavsacramentalia
997 5600 1334 5660 precesque
1357 5584 1511 5644 ﬁant
1536 5584 1601 5644 in
1640 5584 1757 5644 hoc
1781 5597 1874 5642 sa-

2064 4470 2151 4528 13.
2183 4471 2276 4527 Sic
2298 4470 2352 4527 ei
2381 4468 2878 4527 accommodatus
2910 4470 2999 4525 est
3027 4482 3065 4524 a
3105 4465 3387 4525 Patribus
3418 4465 3646 4538 trisagii

1989 4576 2236 4636 quoque
2255 4561 2543 4634 hymnus,
2567 4562 2632 4616 ut
2657 4563 2711 4615 te
2728 4558 2825 4616 ille
2846 4558 2952 4632 qui
2972 4557 3033 4614 in
3053 4556 3315 4631 tropario
3337 4555 3640 4625 laudatur,

1993 4667 2150 4708 unus
2179 4650 2254 4707 de
2281 4653 2489 4708 sancta
2515 4647 2798 4706 Trinitate
2830 4646 3209 4721 praedicetur,
3245 4645 3644 4703 consubstan-

1991 4741 2143 4800 tialis
2164 4741 2321 4797 Patri
2342 4743 2399 4797 et
2423 4743 2633 4796 sancto
2656 4737 3165 4812 Spiritui,naturae
3186 4735 3462 4809 ejusdem
3485 4739 3542 4793 et
3558 4735 3645 4792 in-

1991 4828 2366 4905 separabilis.
2384 4830 2415 4883 J
2420 4844 2523 4885 am
2537 4826 2724 4885 verba
2741 4850 2762 4878 ι
2781 4830 3024 4884 sanctus
3038 4828 3214 4897 Deus,
3235 4844 3257 4876 ο
3279 4824 3321 4882 ii
3335 4824 3442 4899 qui
3452 4825 3645 4897 hypo-

1990 4920 2231 4977 staticas
2258 4917 2654 4993 proprietates
2682 4916 3081 4987 distinguunt,
3108 4913 3264 4988 patri
3290 4912 3641 4971 attribuunt:

1990 5007 2317 5068 tumverba
2328 5030 2357 5059 ‹‹
2372 5009 2627 5065 Sanctus
2638 5005 2826 5075 fortis,
2837 5027 2864 5056 ››
2879 5003 3140 5078 propriae
3153 5001 3468 5077 hypostasi
3513 4999 3638 5056 Filii

1990 5152 2232 5227 criﬁcio.
2272 5150 2565 5227 Nimirum
2601 5149 2794 5227 λόγος,
2844 5152 2903 5227 et
2947 5146 3104 5204 ratio
3134 5149 3241 5216 est,
3294 5148 3371 5227 et__
3396 5142 3643 5227 uerbum

1992 5241 2099 5282 seu
2130 5224 2365 5282 locutio.
2396 5213 2788 5279 Posteriorem
2806 5222 3008 5276 autem
3037 5213 3286 5275 sensum
3333 5213 3644 5273 Cabasilas

1988 5295 2265 5371 praetulit.
2296 5295 2473 5371 Aliter
2490 5296 2699 5371 tamen
2720 5294 3083 5371 _Ge3manus,
3119 5304 3226 5371 seu
3278 5285 3473 5371 quivis
3496 5285 3644 5371 _sub

1991 5360 2121 5440 ejus
2151 5367 2396 5440 nomine
2421 5365 2634 5440 latens,
2666 5361 2774 5440 ed._
2798 5360 3083 5440 Paris,__p'.
3109 5362 3251 5440 l60:
3300 5360 3517 5440 Άατινοῖ
3545 5360 3639 5430 χέ-

1988 5429 2148 5514 γουσι
2225 5435 2575 5514 ραξιονοὶϐιλε·
2618 5429 2631 5437 ’
2668 5433 2909 5495 Ἕλληνες
2974 5429 3041 5486 δῖ
3109 5432 3326 5506 λεγουσι
3388 5429 3644 5505 φρόνησιν

1992 5511 2081 5565 καὶ
2110 5511 2417 5582 λογιότητα.
