4134 6430
477 326 586 397 435
1756 319 2116 378 THEODORI
2148 320 2570 389 ANDIDENSIS
3766 317 3891 379 4'36

480 445 659 504 Verbi
671 445 999 517 assignant.
1017 443 1302 515 Denique:
1315 467 1338 495 ι
1348 446 1602 502 Sanctus
1614 442 2144 511 immortalis,vivi-

2276 445 2485 515 ι’τάσεῳς
2548 449 2641 495 τοῦ
2716 446 2841 496 Υίοῦ
2901 446 2992 495 xui
3050 442 3221 513 Λόγου
3297 439 3625 514 ἀφορίζουσι·
3674 442 3752 493 τὸ
3824 437 3895 493 δὴ

483 535 583 592 ﬁci
611 539 669 591 et
700 532 1232 589 consubstantialis
1264 534 1517 605 Spiritus
1545 548 1824 606 personae
1849 533 2140 589 tribuunt:

485 639 843 698 quanquam
871 628 928 677 et
950 623 1279 695 unicuique
1300 623 1481 679 trium
1530 638 1928 695 personarum
1966 622 2146 678 unius

487 710 1139 782 deitatis,triplicatum
1192 712 1311 768 hoc
1355 711 1727 768 vocabulum
1786 716 2086 768 «sanctus
2115 731 2144 761 »

488 801 790 861 convenit.
811 801 1041 856 Harum
1062 801 1223 858 enim
1250 815 1640 874 unaquaeque
1668 807 1726 857 et
1752 806 1961 857 sancta
1980 805 2071 857 est
2091 804 2149 856 et

487 890 658 948 fortis
689 894 747 946 et
772 888 1156 946 immortalis.
1187 890 1556 960 Coniunctus
1580 894 1786 946 autem
1814 889 1925 945 fuit
1952 894 2151 961 tropa-

490 981 582 1037 rio
608 977 829 1048 trisagii
862 977 1150 1049 hymnus,
1174 977 1254 1033 ob
1286 977 1751 1047 signiﬁcandam
1770 983 2000 1034 naturae
2023 976 2151 1032 uni-

493 1070 749 1138 tatemlet
762 1065 1445 1122 consubstantialitatem
1461 1065 1583 1124 Filii
1606 1082 1743 1122 cum
1766 1066 2151 1139 duabuslper—

497 1157 663 1213 sonis
683 1155 947 1227 reliquis.
978 1157 1199 1211 Natura
1223 1171 1368 1211 sane
1392 1155 2007 1211 etsubstantiatribus
2032 1169 2153 1208 una

496 1250 609 1315 est,
637 1260 862 1301 nomen
877 1259 1020 1300 vero
1037 1259 1359 1299 commune
1385 1243 1634 1299 unicum
1656 1243 1850 1299 deitas
1872 1262 1889 1314 ;
1918 1242 2154 1299 etiamsi

499 1334 752 1408 singulae
783 1340 899 1391 tres
920 1349 1193 1406 personae
1224 1333 1602 1407 appellentur
1648 1333 1948 1404 perfectus
1994 1335 2151 1388 Deus

498 1429 565 1483 ln
592 1424 687 1481 his
716 1440 859 1481 vero
912 1423 1196 1479 brevibus
1245 1423 1442 1479 verbis
1478 1422 1764 1495 prmelare
1809 1421 2156 1491 intelligitur

501 1513 681 1570 etiam
702 1512 850 1570 illud
881 1511 1090 1582 magni
1106 1512 1388 1582 Tiieologi
1414 1512 1641 1569 dictum
1666 1530 1678 1567 :
1700 1514 1849 1568 Nam
1872 1510 2155 1566 dividitur

498 1601 774 1669 indivise,
798 1605 861 1657 ut
882 1600 965 1656 ita
991 1600 1228 1673 loquar,
1256 1606 1314 1657 et
1343 1601 1734 1672 conjungitur
1786 1599 2043 1655 divisim.
2092 1599 2156 1654 Et

2276 1602 2352 1647 λου
2424 1594 2662 1666 θεολόγον
2738 1596 2872 1646 οὕτω
2946 1614 3052 1655 πως
3089 1595 3373 1668 εἰρημένον·
3441 1601 3740 1667 Διαιρεῖται
3781 1598 3891 1666 γὰρ

500 1690 643 1747 alibi
670 1689 835 1747 idem
864 1693 1033 1747 Pater
1063 1707 1075 1745 :
1104 1693 1233 1746 Non
1255 1705 1515 1763 possum
1546 1689 1659 1745 tria
1706 1688 1995 1757 dividere,
2048 1685 2153 1742 sed

2276 1680 2597 1759 ἀδιαιρέτως,
2650 1683 2711 1734 ἶν’
2761 1684 2926 1745 οὕτως
2973 1685 3117 1747 εἴπω,
3172 1689 3263 1736 xui
3313 1686 3630 1737 συνάπτεται
3673 1680 3890 1757 διῃρη-

498 1780 561 1836 in
582 1794 775 1837 unum
823 1778 1087 1837 confero.
1133 1768 1320 1835 Nemo
1356 1794 1500 1834 vero
1532 1777 1872 1834 testimonia
1900 1776 2029 1832 haec
2054 1775 2153 1831 tri-

2276 1777 2447 1834 ιιένως·
2502 1777 2592 1824 xui
2649 1770 2879 1845 ἀλλοχοῡ
2936 1774 2961 1824 6
3025 1773 3193 1834 αὐτός·
3265 1772 3341 1825 Ού
3393 1775 3567 1845 φθάνω
3635 1776 3711 1825 τὰ
3762 1777 3895 1848 τρία

503 1867 659 1937 sagii
687 1866 963 1923 audiens.
997 1866 1548 1922 existimetinitium
1581 1866 1815 1939 cepisse
1836 1864 2156 1934 trisagium

2276 1858 2473 1928 διελεῖν,
2527 1866 2618 1914 καὶ
2665 1861 2733 1922 εἰς
2790 1865 2847 1914 τὸ
2902 1864 2949 1913 ἔν
2998 1861 3338 1935 ἀναφέρομαι,
3410 1861 3565 1915 Ἀλλά
3636 1868 3719 1934 μή
3780 1881 3889 1931 τις,

500 1954 778 2012 aChristi
835 1954 933 2011 Dei
991 1954 1184 2011 nostri
1235 1953 1763 2011 inhumanatione.
1818 1954 2158 2025 Antiquitus

2276 1952 2353 2010 ru;
2404 1955 2698 2025 μαρτυρίας
2746 1953 2938 2011 ταύτάς
2996 1958 3088 2002 του
3141 1955 3422 2023 τρισαγίου
3507 1948 3739 2020 ἀκούων,
3802 1969 3883 2001 νο-

503 2043 664 2100 enim
683 2058 721 2099 a
743 2041 1039 2116 deiloquis
1068 2041 1378 2117 prophetis
1407 2043 1659 2115 mystice
1685 2043 1746 2098 in
1777 2042 1985 2115 spiritu
2010 2057 2157 2114 prae-

2276 2044 2399 2111 μίση
2460 2043 2555 2095 τὴν
2608 2038 2777 2113 ἀρχὴν
2835 2038 3005 2091 λαϐεῖν
3063 2038 3163 2091 ἀπὸ
3207 2046 3304 2108 τῆς
3350 2047 3442 2091 τοῦ
3485 2047 3734 2114 Χριστοῦ
3794 2041 3887 2091 καὶ

502 2136 812 2189 cantatum
842 2137 987 2188 erat.
1019 2131 1210 2203 Hujus
1222 2133 1384 2188 enim
1413 2132 1674 2188 formam
1698 2147 1771 2188 ac
1795 2131 1981 2187 verba
2002 2130 2159 2185 evol-

2276 2134 2401 2179 Θεού
2484 2130 2632 2200 ἡμῶν
2708 2127 3164 2201 ἐνανθρωπησεωςο
3225 2128 3389 2182 πάλαι
3458 2131 3558 2201 γὰρ
3620 2130 3726 2181 ὑπὸ
3783 2137 3881 2180 τῶν

499 2237 650 2278 vens
698 2220 908 2288 David,
978 2219 1241 2277 breviter
1299 2219 1479 2285 ,idem
1546 2219 1831 2276 exhibet:
1897 2219 2154 2284 «Sitivit,

2276 2218 2529 2289 θεηγόρων
2605 2225 2881 2289 προφητῶν
2952 2226 3223 2289 μυστικῶς

501 2309 733 2378 dicens,
767 2309 974 2367 anima
1002 2325 1140 2367 mea
1168 2309 1247 2365 ad
1278 2309 1468 2365 Deum
1490 2308 1704 2365 fortem
1722 2308 1919 2365 vivum
1948 2309 2013 2363 ¹².
2035 2330 2064 2357 ››
2095 2309 2161 2363 Et

502 2398 691 2455 alibi:
744 2422 771 2452 ε
799 2398 992 2455 Verbo
1031 2397 1273 2455 Domini
1323 2397 1455 2454 coeli
1506 2396 1725 2455 ﬁrmati
1757 2402 1917 2464 sunt,
1942 2401 1999 2453 et
2041 2395 2160 2468 spi-

501 2488 620 2545 ritu
638 2488 759 2544 oris
786 2488 917 2560 ejus
933 2486 1132 2543 omnis
1162 2486 1352 2543 virtus
1379 2501 1588 2543 eorum
1609 2488 1674 2537 ¹³.
1707 2507 1735 2536 ››
1768 2487 1835 2542 Et
1864 2485 1981 2541 alio
2001 2484 2155 2541 loco:

504 2579 621 2632 «In
648 2577 876 2633 lumine
907 2581 1009 2632 tuo
1040 2575 1384 2632 videbimus
1429 2575 1640 2632 lumen
1684 2576 1749 2629 “.
1804 2597 1832 2626 »
1888 2577 2020 2630 Jam
2064 2572 2161 2629 ille

503 2669 780 2722 cantatus
829 2665 907 2722 ab
938 2665 1093 2721 Isaia
1117 2665 1388 2738 hymnus
1421 2664 1771 2738 seraphicus
1800 2665 1869 2734 '5,
1890 2663 1996 2737 qui
2027 2678 2161 2719 san-

502 2760 599 2812 cta
629 2755 742 2811 tria
769 2759 824 2811 et
854 2770 1042 2811 unam
1072 2754 1549 2811 dominationem
1575 2753 1807 2810 confert
1829 2758 2010 2825 atque
2040 2751 2161 2807 dei-

502 2849 705 2913 tatem,
729 2860 1067 2917 quamnam
1098 2859 1223 2917 prae
1254 2860 1317 2899 se
1342 2844 1455 2900 fert
1509 2843 1911 2900 differentiam
1961 2842 2040 2898 ab
2090 2857 2159 2898 eo

502 2933 672 3006 quod
702 2949 739 2990 a
766 2932 945 2991 nobis
974 2937 1251 2990 cantatur
1298 2932 1546 3003 trisagio
1572 2934 1599 2990 ?
1648 2932 1857 3005 Itaque
1913 2929 2162 3004 troparii

504 3038 645 3078 cum
676 3022 921 3092 trisagio
952 3023 1323 3078 connectitur
1370 3020 1575 3091 dictio,
1628 3024 1949 3094 propterea
1995 3017 2162 3091 quod

2276 3020 2363 3079 κὸς
2426 3016 2603 3090 ὕμνος,
2642 3024 2733 3072 καὶ
2789 3022 2856 3072 τὰ
2912 3024 3035 3092 τρία
3080 3019 3210 3090 άγια
3255 3018 3327 3080 εἰς
3386 3023 3511 3091 μίαν
3592 3022 3877 3091 κυριότητα

505 3116 832 3185 utrumque
853 3110 932 3166 ad
960 3110 1246 3166 deitatem
1272 3109 1522 3165 refertur
1551 3126 1564 3178 ;
1597 3125 1791 3182 eaque
1813 3108 1994 3164 dictio
2041 3123 2164 3163 me-

2276 3107 2508 3179 συνάγων
2583 3114 2672 3161 xui
2761 3111 2999 3181 θεός-ητα,
3076 3112 3195 3160 τίνα

506 3197 674 3271 dium
704 3196 919 3271 dividit
948 3198 1216 3271 episcopi
1237 3198 1664 3270 procedentem
1687 3196 2016 3254 introitum.

2276 3194 2394 3269 παρ’
2453 3198 2598 3267 ἡμῶν
2645 3194 2902 3271 ᾀδομένου
2949 3202 3230 3272 τρισαγίου
3267 3214 3281 3263 ;
3340 3204 3443 3249 Τοῦ
3496 3199 3589 3268 μὲν
3634 3192 3723 3249 οὖν
3767 3213 3881 3268 τρο-

508 3290 701 3362 παρίου
782 3288 913 3358 μετὰ
974 3292 1065 3337 τοῦ
1136 3290 1415 3357 τρισαγίου
1476 3295 1741 3345 συνῆπται
1795 3287 1820 3337 6
1892 3284 2039 3358 λόγος
2097 3280 2190 3336 διὰ
2236 3288 2332 3343 τὴν
2387 3288 2518 3357 πρὸς
2572 3290 2666 3345 τὴν
2719 3290 2939 3345 θεότητα
3006 3290 3201 3340 τούτων
3252 3284 3533 3361 ἀναφορὰν,

508 3378 604 3441 τὴν
624 3372 673 3425 ἓν
694 3376 837 3446 μέσῳ
863 3372 1248 3448 προϐαίνουσαν
1268 3382 1358 3426 τού
1385 3372 1671 3450 ἀρχιερέως
1701 3370 1851 3426 sio-06‘
1854 3395 1928 3425 ον·

589 3465 674 3519 14.
707 3462 789 3519 De
817 3463 934 3519 hoc
959 3478 1103 3534 ergo
1156 3462 1422 3534 introitu,
1477 3468 1656 3535 prout
1715 3466 1869 3519 Deus
1916 3461 2169 3531 dederit,

514 3557 858 3624 nostraeque
884 3550 1083 3607 valent
1102 3551 1283 3624 vires,
1304 3551 1656 3625 loquamur.
1689 3555 1978 3607 Putamus
2008 3551 2170 3607 enim

517 3639 727 3696 Christi
759 3641 859 3695 Dei
884 3640 1076 3696 nostri
1101 3641 1507 3698 ostensionem
1538 3641 1707 3713 apud
1738 3642 2087 3709 Jordanem,
2120 3644 2178 3696 et

516 3728 1093 3797 manifestationem,
1127 3730 1206 3785 ab
1235 3730 1505 3804 episcopi
1538 3730 1778 3786 introitu
1808 3729 1997 3786 innui.
2031 3731 2176 3785 Hinc

517 3818 739 3893 itaque,
765 3822 833 3875 ut
859 3818 1121 3884 videtur,
1153 3817 1413 3875 ﬂumina
1444 3819 1828 3893 appellantur
1852 3819 1953 3875 illa
1978 3820 2039 3875 in
2066 3821 2178 3875 Ma.

522 3923 657 3980 gnua
676 3908 954 3965 Ecclesiae
979 3914 1326 3982 pav1mento
1338 3910 1542 3965 stricta
1567 3915 1625 3965 et
1642 3910 1815 3981 nigra
1835 3924 2173 3965 marmorea

519 3998 697 4071 quasi
748 3997 1016 4068 ordines,
1058 3997 1466 4054 mediocribus
1522 3997 1846 4055 intervallis
1904 3998 2057 4054 inter
2115 4011 2178 4053 se

522 4084 827 4143 distantia.
846 4088 996 4142 Nam
1017 4102 1211 4158 usque
1233 4087 1309 4141 ad
1327 4086 1634 4142 introitum
1654 4102 2007 4160 quanquam
2032 4101 2167 4159 pon-

2291 4083 2447 4145 δίκην
2503 4084 2744 4163 ὁρδὶνων,
2803 4092 2893 4139 xui
2959 4086 3182 4161 μετατξύ
3231 4092 3447 4163 μετρίων
3511 4083 3886 4158 διαστημάτων

522 4173 669 4229 tifex
687 4174 957 4229 Christus
972 4151 1131 4239 erat;
1146 4173 1311 4229 haud
1342 4174 1629 4229 omnibus
1660 4151 2015 4232 manifestus
2033 4151 2167 4230 ἐι-ω

2292 4175 2520 4235 ἀλλήλων
2592 4172 2952 4251 διαιρούμενα’
3018 4181 3182 4251 μέχρι
3250 4178 3351 4250 γὰρ
3412 4184 3503 4236 τῆς
3559 4170 3798 4245 εἰσόδου,
3849 4170 3889 4223 εἰ

526 4265 585 4316 et
603 4262 879 4330 cognitus
905 4279 918 4329 ;
949 4262 1189 4317 tametsi
1211 4263 1271 4317 in
1294 4262 1494 4318 medio
1522 4280 1797 4333 versans,
1820 4270 2180 4339 supernatu-

526 4349 681 4406 ralia
734 4354 792 4406 et
834 4350 1137 4406 immensa
1183 4350 1463 4407 faciebat.
1503 4355 1663 4409 Tunc
1693 4360 1870 4427 capto
1913 4359 2183 4424 tempore

2249 530 2438 603 "Ayio;
2512 529 2761 591 ἀθάνατος
2802 538 2864 602 τῇ
2920 538 3013 582 τοῦ
3072 530 3331 591 ζωοποιοῦ
3408 534 3499 582 xui
3570 531 3891 600 όμοουσίου

2253 624 2552 693 Πνεύματος
2633 615 2953 694 ἀφιεροῦσιν.
3018 618 3292 693 Ἀρμόττει
3360 614 3421 672 δε
3506 623 3598 671 xui
3651 616 3746 690 ἐφ’
3812 617 3895 670 ἑνὶ

2254 709 2459 781 ἑκάστῳ
2533 717 2634 761 τῶν
2702 716 2858 782 τριῶν
2933 727 3228 781 προσωπων
3280 716 3375 769 τῆς
3452 713 3575 780 μιᾶς
3617 709 3894 769 θεότητος

2254 801 2322 852 τὰ
2404 802 2527 871 τρία
2622 802 2777 849 ταυτὶ
2826 796 2975 867 άγιω
3038 799 3257 850 ἕκαστον
3329 799 3433 869 γὰρ
3512 799 3719 849 τούτων
3787 802 3892 848 xui

2256 888 2401 959 ἅγιός
2470 884 2601 954 ἐστι,
2672 889 2763 938 xui
2848 886 3070 960 ἰσχυρός
3124 891 3213 939 xui
3262 884 3537 954 ἀθάνατος,
3594 893 3894 944 Συνῆπται

2258 979 2349 1047 μὲν
2416 970 2503 1027 οὖν
2560 982 2633 1043 τῷ
2676 980 2944 1049 τροπάρὶῳ
3014 980 3107 1027 xui
3161 977 3187 1027 6
3226 977 3501 1049 τρισάγιος
3554 975 3749 1047 ὕμνος,
3817 975 3891 1035 εἰς

2260 1061 2495 1123 δήλωσιν
2532 1071 2625 1124 τῆς
2671 1072 2931 1135 συμφυῑας
2974 1069 3065 1116 xui
3121 1066 3532 1135 όμοουσιοτητος
3586 1071 3679 1116 τοῦ
3751 1068 3892 1116 Υίού

2258 1156 2390 1226 μετὰ
2436 1160 2537 1205 τῶν
2594 1151 2784 1204 λοιπῶν
2834 1155 3173 1205 ύποστάσεων
3224 1149 3340 1205 δύο·
3390 1156 3548 1225 φύσις
3606 1156 3704 1225 μὲν
3776 1155 3890 1226 γὰρ

2260 1247 2351 1294 καὶ
2429 1240 2585 1293 οὐσία
2661 1247 2768 1300 τοῖς
2832 1247 2977 1313 τρισὶ
3043 1246 3158 1312 μία,
3230 1244 3394 1313 ὄνομα
3456 1237 3516 1293 δὲ
3576 1244 3764 1293 κοινὸν
3839 1243 3892 1293 ἓν

2262 1333 2292 1389 η
2367 1332 2562 1389 θεότης·
2614 1328 2659 1381 εἰ
2722 1334 2812 1381 xui
2876 1332 3093 1382 ἕκαστον
3164 1337 3263 1381 τῶν
3342 1338 3499 1404 τριῶν
3560 1335 3884 1404 προσώπων

2264 1422 2394 1481 Θεὸς
2434 1417 2751 1491 ὀναμάζεται
2790 1418 2998 1478 τελιιος.
3061 1417 3143 1470 Ἐν
3194 1421 3396 1478 τούτοις
3448 1415 3508 1471 δὲ
3564 1425 3679 1483 τοῖς
3737 1416 3893 1493 βρα-

2264 1511 2392 1578 χέσι
2440 1507 2647 1580 ῥήμασι
2688 1505 2859 1568 καλῶς
2887 1513 3080 1561 νοεῖται
3124 1511 3214 1558 xui
3271 1509 3330 1558 τὸ
3379 1508 3524 1580 παρά
3577 1512 3672 1558 τοῦ
3720 1508 3894 1579 μεγάο

3299 2225 3372 2289 τῷ
3432 2221 3692 2288 πνεύματι
3756 2236 3886 2293 προσ

2268 2308 2684 2377 αναφωνούμενον
2744 2302 2826 2365 ἦν·
2883 2310 3069 2358 τούτου
3119 2309 3222 2379 γὰρ
3270 2310 3357 2358 τόν
3419 2309 3580 2359 τύπον
3646 2312 3745 2359 xui
3790 2308 3884 2367 τὰς

2266 2394 2447 2468 ῥήσεις
2507 2396 2725 2467 ἱστορῶν
2759 2396 2785 2446 6
2813 2392 3001 2462 Δαϐὶδ,
3042 2392 3135 2447 διά
3171 2394 3540 2468 βραχυλογίαν
3582 2401 3885 2467 παρίστησι

2266 2491 2468 2535 τοῦτον
2542 2506 2569 2531 ‹‹
2601 2479 2882 2555 Ἐδίψησε,
2914 2506 2944 2533 ››
3010 2484 3189 2556 λέγων,
3242 2506 3263 2533 ι
3298 2486 3328 2543 η
3389 2484 3544 2556 ψυχή
3599 2504 3702 2557 μου
3751 2487 3883 2556 πρὸς

2268 2577 2356 2624 τόν
2412 2576 2541 2625 Θεὸν
2598 2577 2685 2625 τόν
2733 2574 2978 2649 ἰσχυρόν,
3026 2577 3114 2625 τόν
3168 2574 3358 2634 ζῶντα·
3390 2596 3411 2623 ι
3472 2579 3562 2627 xui
3615 2574 3878 2646 ἀλλαχοῦ·

2275 2684 2295 2711 ι
2348 2668 2431 2731 Τῷ
2507 2661 2645 2733 λόγῳ
2732 2668 2928 2737 Κυρίου
3002 2663 3213 2736 οὐρανοὶ
3291 2665 3697 2739 ἐστερεώθησαν,
3786 2666 3880 2714 xui

2268 2757 2341 2821 τῷ
2385 2753 2642 2824 πνεύματι
2686 2761 2777 2804 τοῦ
2836 2756 3094 2825 στόματος
3152 2752 3313 2804 αὑτοῦ
3354 2757 3503 2804 πᾶσα
3557 2754 3587 2811 η
3644 2748 3874 2821 δύναμις

2270 2839 2462 2891 αὐτῶν·
2496 2861 2524 2888 ››
2579 2844 2670 2892 xui
2750 2841 2980 2914 ἑτέρωθι.
3044 2864 3064 2889 ι
3121 2840 3202 2895 Ἐν
3266 2848 3338 2912 τῷ
3418 2845 3549 2913 φωτί
3589 2848 3678 2891 σου
3737 2838 3868 2908 ὀψό-

2270 2930 2402 3001 μεθα
2448 2936 2570 3003 φῶς.
2613 2952 2641 2982 ››
2692 2930 2751 2983 Ὀ
2797 2928 2845 2983 δ’
2892 2933 2992 2983 ύπό
3040 2930 3259 2983 Ἠσαίου
3308 2928 3616 3002 ἐκφωνηθεὶς
3667 2947 3880 3002 σεραφι-

3293 3104 3550 3181 διαφοράν
3607 3111 3747 3182 φέρει
3789 3112 3879 3158 τοῦ

3618 3283 3871 3358 διατεμὼν

2353 3459 2440 3515 ιδ’·
2498 3467 2744 3536 Λεγέσθω
2802 3473 3079 3539 τοιγαροῦν
3131 3470 3250 3540 περὶ
3312 3468 3505 3528 ταύτης
3575 3465 3695 3519 ὃσα.
3762 3460 3878 3519 δοίη

2283 3556 2405 3614 Θεὸς
2458 3556 2595 3605 κατὰ
2644 3557 2695 3605 τό
2745 3556 2869 3627 ἡμῖν
2939 3552 3232 3629 ἐγχωροῦν.
3319 3561 3588 3627 Λοκοῡμεν
3631 3555 3732 3627 γὰρ
3783 3554 3877 3608 τὴν

2284 3640 2368 3693 ἐπὶ
2436 3650 2528 3692 τοῦ
2588 3638 2854 3716 Ἰορδάνου
2924 3640 3187 3707 ἀνάδειξιν
3268 3648 3358 3696 xui
3432 3648 3711 3716 φανέρωσιν
3783 3644 3875 3690 τού

2283 3738 2520 3804 Χριστοῦ
2572 3736 2663 3783 xui
2713 3739 2845 3785 Θεοῦ
2893 3733 3036 3804 ἡμῶν
3082 3736 3174 3792 τὴν
3217 3739 3310 3785 τοῦ
3357 3730 3634 3805 ἀργιερέως
3673 3723 3880 3782 εἱσοδον

2284 3820 2702 3875 ύπαινίττεσθαι.
2777 3819 2867 3873 Ἐκ
2940 3823 3127 3873 τούτου
3186 3816 3294 3888 οὖν,
3349 3824 3414 3882 ὡς
3457 3819 3609 3885 ἔοικε,
3660 3822 3883 3888 ποταμοὶ

2287 3908 2633 3981 ὀνομάζονται
2712 3913 2776 3962 τὰ
2853 3908 2904 3961 ἐν
2980 3917 3052 3980 τῷ
3095 3906 3277 3982 ἐδάφει
3345 3919 3440 3973 τῆς
3492 3908 3738 3979 Μεγάλης
3778 3906 3885 3959 Ἐκ·

2286 3997 2509 4059 κλησίας
2600 4004 2808 4071 κείμενα
2899 4002 3207 4073 μααμάρινα
3279 4001 3434 4052 στενά
3511 4003 3601 4050 xui
3694 3996 3886 4070 μέλανα

2290 4272 2380 4318 xui
2428 4263 2488 4324 ἦν
2539 4264 2833 4340 ἀρχιερεύς,
2884 4264 2992 4317 ἀλλ’
3023 4265 3152 4338 οὐχὶ
3196 4271 3331 4317 πᾶσι
3389 4261 3551 4326 δῆλος
3622 4268 3715 4316 xui
3763 4266 3889 4335 γνώ-

2291 4374 2462 4430 ριμος·
2523 4355 2566 4407 εἰ
2635 4350 2695 4406 δὲ
2764 4353 2837 4419 εἰς
2892 4359 3050 4427 μέσον
3113 4352 3294 4419 εἱστῶς¹
3362 4358 3451 4405 xui
3518 4355 3584 4404 τὰ
3655 4353 3887 4426 ὑπερφυῆ

531 4438 837 4511 sacerdos,
869 4440 975 4511 qui
1000 4439 1060 4497 in
1086 4439 1287 4495 medio
1318 4441 1487 4498 altari
1520 4444 1886 4499 consistebat
1909 4449 2047 4497 ante
2062 4439 2185 4512 epi-

532 4528 701 4600 scopi
728 4527 1059 4599 introitum,
1078 4528 1240 4584 velut
1270 4531 1607 4587 Praecursor
1635 4537 1775 4587 tunc
1806 4528 2187 4587 ministrabat

530 4615 897 4691 paenitentiae
922 4616 1247 4690 baptisma,
1309 4619 1713 4676 introeuntem
1764 4635 2015 4675 cernens
2066 4619 2180 4690 epi-

533 4720 812 4776 scopum,
836 4705 1089 4773 secedit;
1118 4708 1562 4780 propemodum
1588 4708 1736 4779 illud
1759 4708 1932 4762 tacite
1957 4706 2182 4774 dicens,

531 4793 699 4870 quod
714 4796 975 4851 Joannes
997 4795 1199 4853 aiebat
1227 4814 1239 4851 :
1265 4820 1292 4846 ‹‹
1326 4796 1498 4852 Hunc
1528 4801 1764 4870 oportet
1790 4812 2186 4864 crescere,me

532 4888 735 4957 autem
754 4884 943 4940 minui
968 4886 1042 4954 “5;
1063 4907 1084 4935 ι
1117 4885 1376 4959 ideoque
1402 4885 1713 4941 confestim
1733 4884 2188 4958 ceditepiscopo

533 4972 770 5045 majora
800 4973 1058 5046 operari.
1081 4976 1214 5029 Jam
1245 4990 1383 5028 cum
1410 4974 1471 5029 in
1497 4974 1739 5029 introitu
1766 4979 1988 5030 canunt
2027 4974 2187 5047 psal-

532 5067 639 5118 tae:
709 5085 737 5113 «
784 5063 986 5118 Venite
1040 5061 1412 5134 exsultemus
1468 5063 1743 5129 Domino,

532 5152 907 5224 baptismum
930 5150 1676 5224 signiﬁcatapostolorum,
1699 5170 1837 5225 quae
1863 5154 1936 5208 de
1961 5155 2188 5211 Christo

533 5241 1149 5311 dicebantzNamque
1179 5244 1319 5296 ante
1365 5241 1744 5298 vocationem
1794 5243 1893 5298 alii
1940 5243 2188 5315 quidem

535 5329 824 5387 aiebant:
878 5329 1152 5402 «Venite,
1196 5328 1559 5392 invenimus.
1617 5348 1800 5404 quem
1860 5332 2188 5406 exoptaba-

534 5435 705 5493 mus;
759 5414 859 5474 alii
924 5433 1084 5475 vero.
1139 5418 1428 5478 «Veniet
1466 5420 1669 5476 vide.»
1723 5422 1833 5479 Alii
1887 5422 2184 5496 denique:

1824 5063 2009 5121 verba
2056 5070 2191 5137 post

2291 4448 2382 4495 xui
2439 4442 2646 4506 ἐξαίσια
2702 4439 2973 4495 διατελῶν·
3030 4441 3138 4494 ἀλλ’
3218 4444 3243 4493 6
3313 4444 3399 4494 τόν
3469 4440 3650 4515 καιρόν
3726 4437 3888 4492 λαϐὼν

2295 4534 2476 4606 ἱερεύς,
2528 4532 2558 4583 ύ
2607 4537 2698 4585 xui
2767 4535 2924 4603 μέσον
2989 4538 3081 4583 τού
3154 4532 3538 4604 θυσιαστηρίου
3599 4532 3888 4602 ἱστάμενος,

2290 4624 2390 4695 πρὸ
2453 4629 2548 4683 τῆς
2619 4617 2832 4672 εἰσόδου
2906 4627 3001 4672 τοῦ
3075 4618 3379 4693 ἀρχιερέως,
3452 4621 3523 4681 ὡς
3588 4614 3891 4694 Πρόδρομος

2294 4708 2496 4785 ἐνήργει
2542 4729 2600 4761 το
2642 4706 2737 4762 διὰ
2782 4714 3052 4781 μετανοίας
3115 4707 3423 4782 βάπτισμα·
3490 4707 3541 4769 ὃς
3596 4707 3892 4760 εἰσελθόντα

2298 4797 2423 4851 ἰδὼν
2487 4802 2574 4850 τὸν
2633 4797 2904 4872 ἀρχιερέα,
2964 4799 3300 4870 μεθίσταταυ
3383 4802 3670 4869 μονονουχὶ
3759 4790 3889 4847 τοῦτ’

2297 4888 2456 4941 ἐκεῖνο
2527 4890 2696 4963 ἠρέμα
2739 4884 3121 4958 διαλεγόμενος,
3193 4884 3316 4961 ὅπερ
3364 4887 3522 4958 ἔφησε
3577 4889 3668 4936 xui
3720 4883 3889 4938 Ἰωάν-

2296 4997 2409 5046 νης,
2439 5001 2465 5027 ‹‹
2493 4985 2685 5030 Τοῦτον
2718 4972 2799 5029 δεῖ
2830 4975 3166 5045 αὐξάνεσθαι,
3218 4972 3305 5046 ἐμὲ
3363 4971 3422 5027 δὲ
3478 4971 3842 5026 ἐλαττοῦσθαυ
3863 4989 3888 5019 ι)

2299 5063 2385 5118 διὸ
2442 5069 2533 5118 καὶ
2583 5065 2730 5124 εὐθὺς
2774 5069 3089 5138 παραχωρεί
3145 5070 3218 5133 τῷ
3284 5062 3523 5136 ἀρχιερεῖ
3567 5063 3631 5113 τὰ
3681 5065 3893 5133 μείζονα

2297 5154 2693 5226 τελεσιουργείν.
2734 5156 2833 5204 Τὸν
2900 5148 2960 5204 δὲ
3007 5147 3257 5223 ᾀδόμενον
3314 5154 3459 5224 παρὰ
3511 5159 3607 5203 τῶν
3661 5149 3888 5220 ψαλτών,

2296 5267 2324 5296 ι(
2385 5251 2552 5313 Δεῦτε,
2605 5240 3045 5313 ἀγαλλιασῶμεθα
3113 5248 3184 5310 τῷ
3274 5246 3467 5314 Κυρίῳ,
3530 5262 3550 5290 ι
3610 5242 3727 5298 τοὺς
3772 5235 3893 5310 μετά

2295 5337 2353 5385 τό
2404 5331 2687 5406 βάπτισμα
2733 5330 2921 5401 λύγους
2961 5328 3193 5403 ἐμφαίνει
3268 5336 3370 5381 τῶν
3429 5327 3749 5393 ἀποστόλων,
3811 5322 3890 5381 οὖς

2294 5422 2465 5495 ἔλεγον
2516 5425 2634 5497 περὶ
2687 5426 2778 5473 τοῦ
2838 5424 3097 5493 Χριστοῡ’
3165 5420 3256 5470 xui
3313 5419 3415 5494 πρὸ
3477 5425 3569 5470 τοῦ
3640 5411 3888 5475 κληθῆναι

610 5595 657 5632 ³³
678 5591 958 5673 Psal,xu,
1120 5599 1167 5635 ³³
1186 5597 1339 5669 Psal.
1370 5613 1558 5670 χχχιι,
1586 5602 1638 5657 5.
1736 5602 1782 5639 ¹⁴
1802 5600 1959 5691 Psal.
1983 5616 2154 5691 xxxv,

2356 5601 2400 5643 ιδ
2431 5598 2545 5672 Isa.
2575 5612 2657 5666 τι,
2686 5602 2739 5655 3.
2774 5597 2819 5635 "
2844 5598 3018 5693 .loan.
3055 5611 3142 5671 ιιι,
3174 5600 3264 5678 30.
