4134 6420
260 349 385 406 437

258 474 327 525 οἱ
358 472 451 547 μεν
493 469 686 542 ἣεγον,
722 489 751 518 ‹‹
790 470 958 538 Δεῦτε,
1006 469 1298 542 εὑρήκαμεν
1337 468 1425 521 τὸν
1470 464 1806 537 ποθοῦμενον·
1858 485 1889 515 ››
1916 462 1965 518 Α

263 564 335 615 οἱ
359 558 442 628 δὲ,
478 580 502 610 ε
530 558 745 632 Ἔρχου
775 562 862 610 καὶ
893 554 997 610 ἴδεο
1034 579 1063 610 υ
1088 563 1180 611 καὶ
1209 558 1397 632 ἕτεροι,
1429 577 1451 604 ε
1489 553 1702 620 Ἦλθον,
1734 572 1890 626 φησι,

267 654 379 703 καὶ
436 643 577 700 εἶδον
621 653 725 701 ποῦ
788 649 947 718 μένει,
1001 650 1093 698 καὶ
1147 646 1273 719 παρ’
1336 644 1479 715 αὐτῷ
1543 645 1742 715 ἔμειναν
1799 645 1893 700 τὴν

274 740 489 812 ἡμέραν
547 738 759 793 εκείνην·
826 755 856 784 η
909 738 1001 787 καὶ
1059 733 1226 788 τᾶλλα
1281 732 1452 794 ἁπλῶς
1507 732 1609 786 ὅσα
1668 729 1897 803 ἐχόμενα

274 834 386 880 τοῦ
440 823 809 899 βαπτίσματος
873 826 976 899 πρὸ
1048 831 1148 886 τῆς
1202 822 1485 884 καθολικῆς
1551 820 1780 881 κλήσεως
1845 820 1896 872 οἱ

272 918 530 990 μαθηται
581 919 709 990 πρὸς
773 912 1027 976 ἀλλήλους
1081 913 1273 985 ἔλεγον.
1340 915 1411 965 T6
1462 909 1543 980 δὲ,
1593 933 1622 963 ‹‹
1650 910 1894 985 Προφθά-

275 1024 466 1079 σωμεν
492 1008 551 1057 τὸ
577 1006 858 1078 πρόσωπον
904 1002 1068 1055 αὐτοῦ
1121 1001 1172 1055 ἰν
1220 1001 1611 1074 ἐξομολογήσει,
1666 1020 1697 1051 ››
1739 1006 1893 1052 τοῦτο

272 1092 466 1154 δηλοῖ·
530 1089 766 1160 Ἐπειδὴ,
836 1098 1019 1165 φησὶν,
1085 1092 1234 1155 οὗτος
1298 1094 1325 1144 ό
1387 1098 1476 1143 νῦν
1538 1094 1706 1163 φανεὶς
1769 1108 1894 1164 προ-

267 1192 491 1245 αεὼνιος
550 1186 643 1256 μὲν
696 1181 815 1235 ἐστι
873 1186 1027 1246 Θεὸς,
1089 1187 1178 1234 καὶ
1227 1181 1450 1258 οὐρανοῦ
1503 1184 1594 1233 καὶ
1646 1187 1749 1252 γῆς
1803 1183 1890 1232 καὶ

259 1272 559 1334 θαλάσσης
622 1269 971 1344 δημιουργὸς,
1049 1276 1227 1344 γέγονε
1304 1275 1396 1323 καὶ
1458 1276 1547 1321 νῦν
1620 1270 1894 1342 ἄνθρωπος

252 1362 393 1415 καθ’
449 1363 617 1434 ἡμᾶς,
667 1362 842 1414 πάντα
896 1362 964 1412 τὰ
1016 1367 1116 1422 τῆς
1157 1359 1483 1432 ἁντρωπίνης
1533 1360 1733 1431 φύσεως
1774 1354 1893 1408 ἴδια

257 1453 441 1523 ἔχων,
497 1449 635 1508 πλὴν
702 1454 864 1522 μόνης
930 1457 1028 1512 τῆς
1094 1448 1378 1524 ἁμαρτίας·
1439 1447 1608 1520 με’λλει
1675 1442 1735 1499 δε
1792 1441 1892 1497 αὗ-

262 1541 358 1601 θις
410 1537 461 1591 ἦν
509 1540 753 1612 ὑστέροις
791 1545 993 1611 καιροῖς
1047 1541 1179 1611 μετὰ
1233 1544 1326 1589 τοῦ
1384 1536 1547 1588 αὐτοῦ
1604 1539 1893 1608 προσώπου

253 1634 360 1680 καὶ
414 1634 511 1690 τῆς
565 1627 735 1688 αὐτῆς
779 1628 1118 1689 ὑποστάσεως
1170 1627 1426 1700 ἔρχεσθαι
1464 1631 1640 1696 κρῖναι
1696 1623 1893 1685 ζῶντας

252 1720 359 1768 καὶ
414 1719 658 1790 νεκροὺς,
691 1716 868 1768 οὐκέτι
920 1718 1009 1788 μεν
1068 1718 1290 1786 τοιούτῳ
1349 1719 1576 1786 σώματι,
1625 1713 1719 1765 οὐκ
1748 1716 1891 1765 ἀσώ-

1503 336 1997 398 ΟΟΜΜΕΝΤΑΤῘΟ
2036 337 2435 397 LITURGICA.

3539 344 3655 405 488

2075 485 2104 515 ‹‹
2117 466 2373 535 Iverunt,
2386 462 2601 536 inquit,
2619 466 2677 520 et
2693 462 2973 520 viderunt
2996 462 3100 521 ubi
3120 468 3394 524 maneret
3413 471 3471 525 et
3489 470 3659 541 apud

2000 568 2144 609 eum
2163 556 2519 611 manserunt
2550 551 2648 608 die
2674 550 2779 609 illa
2800 552 2842 587 ιτ
2871 569 2886 619 ;
2920 571 2950 602 ››
2980 556 3039 610 et
3065 552 3187 611 alia
3229 569 3657 630 quascumque,

2000 641 2160 697 circa
2186 645 2428 713 tempus
2478 638 2787 712 baptismi,
2817 643 2956 696 ante
3002 643 3346 710 generalem
3395 646 3659 702 vocatio-

2000 743 2162 789 nem.
2221 726 2469 802 dicipuli
2521 726 2678 783 inter
2730 741 2794 783 se
2867 727 3133 785 aiebant.
3187 733 3368 788 Porro
3417 733 3654 791 verba:

2005 842 2026 868 ι
2053 820 2551 889 Prseoccupemus
2573 815 2789 873 faciem
2815 816 2948 887 ejus
2973 816 3037 873 in
3054 818 3451 889 confessione,
3478 842 3510 872 »
3537 822 3657 881 hoc

1999 907 2269 965 indicant
2304 928 2318 962 :
2340 905 2660 977 Quoniam,
2687 904 2902 978 inquit,
2931 905 3031 961 hic
3058 906 3165 979 qui
3186 910 3490 982 apparuit,
3504 925 3658 967 sem-

1998 999 2268 1069 piternus
2296 1000 2384 1052 est
2413 998 2603 1062 Deus,-
2625 993 2761 1051 coeli
2786 998 2954 1051 terrae
2982 995 3291 1068 marisque
3319 1002 3573 1068 creator,
3600 1002 3662 1065 et

1996 1102 2161 1142 nunc
2207 1085 2401 1142 factus
2431 1088 2521 1140 est
2571 1083 2785 1141 similis
2814 1083 2993 1140 nobis
3038 1084 3244 1157 homo,
3286 1087 3495 1144 omnia
3542 1088 3658 1145 hu-

1997 1192 2197 1233 manas
2248 1178 2480 1231 naturas
2508 1175 2754 1247 propria
2782 1173 3039 1244 habens,
3069 1179 3324 1248 excepto
3352 1181 3600 1249 peccato
3640 1194 3657 1234 :

1997 1280 2328 1338 rursusque
2365 1263 2684 1336 postremis
2712 1263 3088 1335 temporibus
3119 1280 3261 1320 cum
3289 1265 3507 1323 eadem
3525 1281 3658 1338 per-

1999 1371 2151 1412 sona
2178 1359 2237 1410 et
2283 1352 2624 1409 substantia
2678 1351 2893 1411 eadem
2940 1357 3227 1410 venturus
3273 1359 3364 1411 est
3383 1355 3658 1425 judicare
3692 1422 3695 1427 ς

1995 1445 2170 1501 vivos
2208 1447 2267 1500 et
2290 1447 2600 1501 mortuos:
2630 1441 2801 1499 haud
2837 1440 3122 1514 equidem
3171 1443 3234 1499 in
3285 1443 3660 1515 ejuscemodi

1998 1548 2271 1606 corpore,
2302 1547 2500 1604 neque
2533 1535 2735 1588 tamen
2751 1531 3164 1603 incorporeus,
3189 1531 3297 1589 sed
3326 1547 3401 1589 ea
3426 1533 3659 1595 ratione

1998 1639 2186 1696 quam
2214 1623 2345 1696 ipse
2371 1620 2535 1677 novit
2562 1619 2872 1676 divinioris
2911 1620 3180 1693 corporis
3211 1638 3226 1676 :
3253 1621 3473 1692 venite,
3502 1622 3659 1680 ado-

1998 1728 2203 1768 remus
2249 1711 2442 1778 illum,
2501 1708 2810 1765 credentes
2856 1708 2911 1765 ei
2961 1712 3029 1766 ut
3082 1711 3225 1778 Deo,
3276 1710 3659 1782 procidentes

259 1825 447 1877 ματος
497 1802 580 1860 δὲ.
629 1801 705 1865 οἷς
758 1801 898 1856 οἶδεν
947 1804 1106 1865 αὐτὸς
1162 1806 1328 1875 λόγοις
1361 1799 1740 1874 θεοειδεστέρου
1790 1805 1889 1853 σώ-

2000 1806 2244 1874 propter
2280 1815 2356 1856 ea
2382 1814 2520 1872 quin
2556 1796 2963 1868 peccavimus.
2986 1797 3426 1854 Praeveniamus
3453 1802 3659 1859 autem

264 1913 463 1966 ματος,
557 1889 710 1946 δεῦτε
802 1897 1250 1967 προσκυνήσωμεν
1322 1892 1486 1962 αὐτῷ,
1560 1893 1890 1951 πιστεύοντες

265 1987 345 2045 ὡς
402 1990 540 2052 Θεῷ,
598 1987 1016 2057 προσπίπτοντες
1071 1984 1198 2057 ὑπερ
1254 1979 1320 2033 ὧν
1377 1982 1693 2055 ἡμάρτομεν.
1752 1986 1888 2054 Προ-

265 2074 562 2144 φθάσωμεν
630 2068 691 2123 δὲ
764 2076 856 2123 καὶ
915 2069 1390 2144 προκαταλάϐωμεν
1464 2073 1524 2122 τό
1606 2073 1887 2144 πρόσωπον

262 2162 436 2215 αὐτοῦ
494 2160 546 2213 ἐν
599 2160 981 2234 ἐξομολογήσει
1033 2165 1124 2213 καὶ
1184 2158 1437 2234 συντριϐῇ
1498 2154 1742 2232 καρδίας⁹
1806 2159 1889 2211 ἶνα

270 2251 435 2303 αὐτὸν
523 2249 716 2303 ἐκεῖνον
790 2249 981 2303 ἐκεῖθεν
1081 2250 1226 2302 ἵλεων
1301 2249 1525 2324 εὕρωμεν
1621 2253 1883 2321 κρίνοντα·

271 2341 327 2392 ἕν
376 2342 479 2416 γὰρ
536 2348 610 2411 τῷ
662 2336 772 2412 ᾄδῃ
827 2340 922 2392 οὐκ
979 2338 1122 2392 ἐστιν
1178 2338 1572 2412 εξομολόγησις·
1628 2334 1716 2391 διὸ
1772 2342 1885 2412 χρὴ

273 2435 368 2479 νῦν
414 2432 504 2480 καὶ
531 2426 947 2502 προκατάλαϐεῖν
973 2431 1063 2479 καὶ
1086 2429 1409 2501 προφθάσαι.

359 2516 431 2568 ιε’·
484 2516 643 2579 sies;
696 2512 788 2569 οὖν
842 2518 977 2588 μετὰ
1030 2521 1126 2573 τὴν
1188 2513 1420 2580 εἴσοδον,
1473 2521 1564 2570 καὶ
1618 2520 1677 2569 τὸ
1751 2516 1890 2576 τέλος

278 2613 380 2657 τοῦ
409 2611 706 2680 τρισαγίου,
767 2607 798 2663 ἡ
854 2604 959 2657 ἂνω
1015 2601 1253 2680 καθέδρα
1295 2606 1433 2677 (18),
1488 2608 1606 2666 ἣτις
1643 2609 1739 2664 τὴν
1787 2604 1890 2658 ἀπὸ

276 2702 384 2765 γῆς
431 2694 504 2755 εἰς
555 2695 768 2770 οὖρανον
825 2690 1037 2763 ἄνοδον,
1104 2699 1196 2746 καὶ
1253 2698 1349 2753 τήν
1394 2694 1496 2748 ἀπὸ
1548 2704 1640 2756 τῆς
1689 2715 1891 2767 χαμαι-

274 2791 473 2858 ρεποῡς
528 2784 792 2844 πολιτείας
842 2791 945 2835 τῶν
999 2779 1292 2853 Ἰουδαίων,
1360 2789 1452 2836 καὶ
1511 2788 1606 2843 τὴν
1667 2783 1723 2836 ἐκ
1797 2792 1890 2837 τοῦ

276 2876 440 2944 νόμου
506 2878 601 2925 καὶ
652 2882 750 2933 τῆς
814 2871 1048 2933 Παλαιᾶς
1112 2874 1374 2935 Διαθήκης
1422 2872 1888 2944 συγκαταϐατικῶς

285 2959 692 3033 ἑγχωρηθείσης
771 2961 969 3025 αὐτοῖς,
1037 2958 1191 3018 δηλοῖ
1268 2960 1578 3034 μετάϐάσιν·

284 3050 463 3101 τενθεν
530 3045 687 3107 δῆλον
749 3049 823 3101 ὅτι
888 3051 1021 3121 μετὰ
1070 3053 1165 3107 τήν
1220 3047 1484 3113 ἀνάδειξιν
1544 3058 1637 3102 τοῦ
1697 3049 1887 3122 βαπτί-

1656 2965 1725 3024 ὡς
1802 2961 1888 3014 ἐν-

281 3155 451 3208 ματος
508 3135 685 3211 ἀρχὴν
738 3137 1110 3212 λαμϐανούσης
1165 3147 1261 3200 τῆς
1321 3141 1461 3200 θείας
1516 3141 1757 3212 χάριτος·
1816 3139 1884 3191 ὧν
1914 3167 1957 3224 C

270 3231 435 3297 μέσον
519 3229 684 3279 ἰνεστι
785 3231 846 3280 τὸ
946 3226 1212 3299 λεγόμενον
1308 3232 1659 3303 προκείμενον
1761 3231 1882 3303 ὅπερ

270 3320 440 3376 οὕτως
517 3319 743 3390 εἴρηται.
809 3313 951 3369 διότι
1000 3321 1273 3389 πρόκειται
1316 3319 1521 3369 πάντων
1582 3326 1682 3369 τῶν
1748 3337 1885 3390 συμ-

276 3403 439 3455 ϐόλων
493 3413 586 3464 τῆς
626 3408 745 3467 νέας
810 3407 1059 3479 χάριτοςο
1134 3408 1266 3477 μετὰ
1318 3408 1421 3480 γὰρ
1480 3413 1634 3458 τοῦτο
1697 3411 1789 3458 καὶ
1849 3408 1880 3464 ἠ

274 3500 379 3543 τῶν
466 3492 767 3545 ἀποστόλων
847 3494 1051 3565 κλῆσις,
1140 3499 1232 3546 καὶ
1292 3496 1323 3552 ἡ
1390 3491 1651 3557 ἀνάδειξις
1716 3495 1884 3547 αὐτῶν

272 3579 610 3654 ἀναφαίνεται
667 3579 763 3635 διὰ
818 3591 916 3643 τῆς
970 3591 1072 3634 τῶν
1124 3582 1368 3656 Πράξεὼν
1425 3584 1614 3653 αὐτῶν,
1674 3587 1705 3642 ἣ
1782 3591 1884 3636 τῶν

272 3669 563 3723 ἱπιστολῶν
618 3669 983 3742 ἀναγνώσεως
1031 3675 1162 3746 πρὸς
1222 3668 1302 3740 δε,
1362 3677 1454 3724 καὶ
1506 3674 1536 3731 ἡ
1597 3671 1651 3735 ἐξ
1716 3672 1884 3725 αὐτῶν

275 3766 376 3809 τῶν
439 3764 777 3833 γεγραφότων
844 3762 912 3812 τὰ
996 3762 1107 3812 θεῖα
1192 3760 1482 3833 Εὑαγγελια
1561 3763 1746 3833 χάρις.
1824 3761 1883 3815 Ἠ

281 3843 340 3899 δε
400 3852 620 3920 σφραγὶς
677 3850 739 3906 ἦν
797 3850 824 3900 ό
877 3847 1157 3924 ἀρχιερεὺς
1217 3852 1409 3903 ἔσωθεν
1474 3858 1641 3903 ποιεῖν
1709 3851 1883 3903 εἴωθεν

278 3933 328 3987 ἰν
386 3943 461 4006 τῷ
519 3937 647 3989 τελει
708 3944 801 3989 τοῦ
862 3942 1169 4010 τρίσαγίου,
1229 3939 1296 3999 εἷς
1323 3939 1587 4013 πλήρωμα
1645 3942 1734 4011 μὲν
1791 3946 1886 3994 καὶ

277 4026 434 4077 οἱονεὶ
490 4023 865 4098 έκσφράγισμα
918 4034 1020 4078 τῶν
1096 4031 1212 4101 περὶ
1279 4035 1515 4101 Χριστοῦ
1577 4033 1886 4104 προειρημέ-

275 4119 370 4164 νὼν
407 4124 746 4186 προφητικῶν
828 4123 1006 4187 φωνῶν
1093 4117 1574 4191 χαρακτηρίζεται·
1662 4119 1693 4175 ἡ
1780 4121 1883 4194 γὰρ

270 4198 362 4255 διὰ
419 4207 624 4278 σαρκὸς
675 4204 838 4257 αὐτοῦ
888 4209 1158 4279 παρουσία
1215 4210 1442 4279 σφραγὶς
1516 4204 1711 4277 ἐγένετο
1766 4205 1884 4260 ἐπι-

266 4301 511 4366 κυρούσα
564 4296 634 4344 τὰ
689 4293 777 4345 ὑπ’
832 4291 1035 4345 ἱκείνων
1087 4299 1514 4368 προηγορευμένα
1559 4298 1628 4358 ὡς
1690 4294 1880 4354 ἀληθῆ·

267 4382 393 4439 αὕτη
466 4378 530 4433 δε
590 4385 682 4463 καὶ
742 4381 815 4442 εἰς
890 4380 1067 4457 ἀρχὴν
1146 4390 1247 4435 τῶν
1334 4385 1625 4458 θεοπρεπῶν
1699 4387 1879 4458 ἔργων,

267 4476 350 4523 mi
419 4477 523 4532 τῆς
580 4476 675 4521 τοῦ
737 4469 1058 4546 ἀνθρωπείου
1142 4474 1319 4542 γένους
1404 4471 1740 4534 ἁναπλάσεως
1799 4478 1881 4527 τέ-

271 4575 476 4611 τακται·
744 4564 835 4611 καὶ
902 4565 1132 4633 σφραγὶς
1208 4559 1369 4631 ἐστιν,
1439 4562 1685 4635 Εἰρήνης,
1769 4564 1882 4628 ἣτις

277 4648 363 4707 τὰς
388 4654 506 4700 τότε
544 4650 759 4721 μερικὰς
811 4646 986 4722 ἀρχὰς
1040 4648 1312 4719 κατέλυσε,
1366 4656 1456 4702 καὶ
1512 4659 1623 4713 τοῖς
1675 4658 1881 4728 μακρὰν

276 4735 467 4788 ἔθνεσιν
564 4739 774 4809 εἰρήνην
870 4736 1196 4812 ἐϐράϐευσεν.
1284 4741 1397 4792 ὅθεν
1493 4746 1583 4794 καὶ

1683 4744 1860 4815 εἰρήνη
1953 4745 2117 4800 πᾶσιν
2207 4744 2345 4814 (19),
2449 4744 2477 4795 ὁ

1996 1896 2056 1948 et
2083 1903 2583 1963 praeoccupemus
2632 1886 2849 1945 faciem
2890 1884 3023 1957 ejus
3069 1886 3134 1942 in
3180 1886 3558 1944 confessione
3601 1893 3658 1955 et

1993 1979 2197 2036 cordis
2244 1977 2619 2043 contritione,
2655 1979 2720 2032 ut
2740 1991 2885 2032 eum
2922 1974 3042 2031 illic
3070 1974 3524 2039 misericordem
3566 1977 3660 2048 ju-

1991 2069 2191 2125 dicem
2229 2066 2721 2139 comperiamus:
2761 2064 2826 2120 in
2869 2063 3104 2121 inferno
3142 2064 3306 2121 enim
3354 2064 3523 2122 nulla
3569 2070 3660 2124 est

1991 2156 2294 2214 confessio
2321 2173 2335 2211 :
2360 2158 2679 2228 propterea
2715 2156 2953 2225 oportet
2968 2167 3133 2213 nunc
3148 2156 3207 2209 et
3231 2168 3658 2228 praeoccupare

1992 2251 2050 2303 et
2075 2246 2423 2319 praevenire.

2069 2517 2158 2572 15.
2190 2514 2401 2572 Statim
2429 2515 2635 2587 itaque
2682 2518 2824 2586 post
2857 2514 3169 2572 introitum
3217 2519 3277 2573 et
3323 2516 3556 2587 trisagii
3590 2513 3660 2572 ﬁ-

1994 2620 2161 2673 nem,
2185 2604 2267 2660 ad
2293 2603 2650 2659 cathedram
2678 2602 3130 2675 conscenditur,
3158 2620 3299 2677 quae
3340 2619 3437 2661 res
3483 2620 3523 2661 a
3545 2607 3657 2662 ter-

1994 2709 2064 2751 ra
2089 2694 2151 2749 in
2173 2692 2393 2749 coelum
2423 2706 2848 2759 conscensum,
2885 2694 2944 2748 et
2970 2691 3050 2750 ab
3068 2691 3283 2750 inﬁma
3304 2692 3656 2751 Judaeorum

1996 2784 2138 2848 vita,
2170 2786 2229 2837 et
2253 2797 2290 2838 a
2313 2782 2445 2851 lege
2473 2796 2546 2837 ac
2569 2784 2770 2837 vetere
2810 2780 3038 2837 foedere
3084 2781 3471 2852 indulgenter
3512 2783 3660 2855 ipsis

1997 2886 2308 2933 concesso,
2329 2868 2631 2940 signiﬁcat
2644 2869 2965 2926 transitum
2984 2887 2998 2926 :
3021 2873 3087 2927 ut
3104 2869 3246 2927 hinc
3258 2870 3367 2928 ﬁat
3386 2870 3660 2942 explora—

1994 2964 2144 3031 tum,
2187 2959 2356 3032 quod
2403 2962 2542 3031 post
2584 2956 2876 3029 baptismi
2903 2957 3364 3028 institutionem,
3417 2958 3657 3017 initium

1994 3049 2152 3122 cepit
2192 3049 2399 3105 divina
2423 3049 2639 3119 gratia.
2672 3049 2851 3103 Porro
2878 3046 3029 3104 illud
3054 3047 3451 3121 interponitur
3490 3047 3660 3121 quod

1993 3138 2209 3196 dicitur
2253 3143 2608 3212 προκείμενον,
2652 3143 2974 3213 propterea
3009 3137 3177 3210 quod
3213 3137 3443 3194 cunctis
3481 3154 3659 3198 novte

1994 3228 2200 3297 gratiae
2223 3227 2515 3299 symbolis
2531 3228 2721 3300 praeit.
2745 3226 3024 3284 Posthinc
3044 3225 3208 3282 enim
3244 3226 3662 3299 apostolorum

1992 3333 2237 3390 quoque
2276 3319 2514 3375 vocatio
2544 3324 2603 3374 et
2648 3315 2985 3388 designatio
3013 3314 3378 3387 divulgatur,
3428 3316 3663 3375 actibus

1992 3406 2233 3463 illorum
2259 3412 2440 3478 atque
2465 3405 2733 3479 epistolis
2759 3403 3062 3477 legendis:
3094 3419 3207 3461 nec
3237 3420 3363 3462 non
3387 3405 3665 3478 ipsorum

1993 3511 2099 3568 qui
2127 3495 2333 3552 divina
2360 3494 2684 3566 Evangelia
2725 3494 3099 3566 scripserunt
3135 3493 3350 3564 gratia.
3405 3494 3663 3553 Benedi-

1996 3584 2172 3641 cendi
2196 3600 2341 3640 vero
2371 3589 2543 3641 actus
2575 3600 2685 3641 seu
2704 3583 3115 3654 signaculum,
3140 3581 3311 3655 quod
3338 3582 3661 3656 episcopus

1994 3676 2157 3731 intus
2186 3675 2383 3731 facere
2412 3674 2563 3730 solet
2583 3674 2647 3730 in
2672 3673 2794 3730 ﬁne
2840 3672 3087 3743 trisagii,
3120 3671 3559 3744 plenitudinem
3602 3677 3662 3731 et

1995 3763 2172 3837 quasi
2203 3762 2465 3833 sigillum
2496 3762 2989 3835 propheticorum
3018 3760 3094 3816 de
3126 3759 3357 3817 Christo
3403 3760 3658 3833 prmlec-

1993 3859 2194 3909 torum
2224 3851 2549 3908 verborum
2578 3850 2845 3908 denotat.
2873 3852 3148 3922 Namque
3175 3849 3362 3919 hujus
3383 3848 3449 3905 in
3474 3864 3657 3908 carne

1994 3941 2312 4006 adventus,
2346 3939 2611 4011 sigillum
2637 3938 2751 3996 fuit
2770 3938 2940 4011 quod
2967 3938 3398 4013 praedictorum
3428 3937 3507 3994 ab
3527 3937 3645 3995 illis

1992 4030 2304 4087 veritatem
2338 4028 2701 4099 obsignavit.
2738 4031 2931 4100 Atque
2967 4026 3084 4083 hoc
3110 4025 3546 4084 benedictionis
3576 4028 3655 4089 sis

1994 4117 2322 4190 gnaculum
2334 4117 2504 4174 initio
2520 4132 2768 4189 quoque
2782 4116 3127 4173 divinorum
3138 4130 3395 4188 operum
3413 4119 3471 4173 et
3489 4131 3655 4174 crea-

1994 4208 2172 4265 tionis
2200 4207 2468 4264 hominis
2496 4206 2773 4262 adhitum
2823 4205 2953 4263 fuit.
3004 4207 3105 4261 Est
3153 4205 3402 4277 insuper
3453 4205 3657 4277 signa:

1993 4298 2197 4355 culum
2219 4298 2386 4370 pacis
2411 4296 2563 4367 ejus,
2585 4311 2725 4368 quat
2745 4295 3029 4368 partiales
3049 4294 3422 4368 principatus
3442 4294 3657 4352 dissol-

1992 4388 2097 4454 vit,
2130 4386 2482 4458 cunctisque
2509 4386 2635 4441 sive
2664 4385 2957 4457 proximis
2984 4385 3110 4441 sive
3127 4383 3483 4457 longinquis
3507 4399 3655 4456 gen-

1991 4477 2154 4533 tibus
2164 4490 2379 4547 pacem
2398 4474 2667 4531 sancivit.
2684 4472 2946 4546 Ideoque
2967 4491 2980 4530 :
3000 4476 3160 4530 «Pax
3172 4473 3520 4541 omnibus,»
3533 4472 3653 4547 epi-

1997 4580 2218 4636 scopus
2241 4563 2566 4621 inclamat:
2594 4563 2854 4620 innucns
2880 4562 3173 4632 videlicet,
3193 4561 3363 4635 quod
3383 4562 3653 4627 Christus

1996 4655 2166 4728 pacis
2196 4654 2390 4720 Pater,
2422 4653 2723 4710 terrestria
2750 4668 2823 4710 ac
2852 4653 3116 4710 caelestia
3137 4668 3331 4710 unum
3354 4651 3516 4711 fecit.

2577 4743 2855 4816 ἀρχιερεύς
2948 4738 3183 4815 ὶκφωνεῖ,
3278 4742 3647 4815 αἰνιττόμενος,

279 4826 413 4884 ὄπῶς
442 4825 470 4875 6
494 4829 723 4900 Χριστός
751 4828 776 4877 ό
804 4834 900 4889 τῆς
928 4826 1137 4901 εἰρήνης
1170 4832 1350 4901 Πατήρ
1383 4828 1450 4889 εἰς
1481 4829 1717 4888 ἑνότητα.
1776 4835 1945 4907 ἤγαγε
1968 4840 2057 4888 καὶ
2088 4836 2155 4886 τὰ
2181 4831 2386 4904 ἐπίγεια
2407 4837 2499 4885 καὶ
2529 4835 2596 4885 τὰ
2624 4832 2862 4906 οὐράνια.

346 4913 425 4975 ις’.
487 4918 585 4967 Καὶ
766 4934 850 4976 τις
912 4912 1349 4976 σκανδαλιζέσθω
1414 4916 1615 4970 ἀκουων
1682 4928 1874 4990 ταῦτα,

276 5007 359 5055 καὶ
411 5001 592 5073 λέγων,
634 5011 756 5065 Πῶς
800 5007 869 5056 τὰ
924 5007 1054 5077 μετὰ
1119 5009 1208 5063 τὴν
1267 5004 1556 5058 ἀνάστασιν
1632 5014 1880 5080 γεγονότα

272 5095 410 5165 παρὰ
454 5101 554 5145 τῶν
610 5093 940 5164 ἀποστόλων,
994 5102 1165 5150 ταῦτα
1222 5099 1289 5147 σὺ
1337 5094 1386 5147 ἐν
1440 5094 1584 5169 ἀρχῇ
1628 5106 1727 5150 τῶν
1773 5102 1875 5174 πρὸ

335 5238 375 5271 ¹⁷
414 5239 590 5293 Joan.
618 5255 653 5305 ι,
691 5239 789 5303 38,
821 5240 910 5293 39.

326 5416 443 5483 (18)
505 5412 969 5489 Cathedra_hoc
1012 5412 1148 5470 loco
1200 5413 1390 5489 idem;
1418 5415 1652 5489 videtur
1704 5416 1874 5489 quod

263 5483 448 5553 bema,
476 5502 513 5542 a
547 5485 768 5560 Latinis
798 5484 1028 5560 dictum
1048 5486 1510 5560 presbyterium.
1538 5483 1772 5560 Alioqui
1790 5494 1869 5545 ta-

262 5570 397 5630 men
428 5558 700 5629 pontifex
732 5560 874 5630 post
900 5555 1129 5630 dictum
1154 5557 1494 5630 introitum,
1554 5555 1764 5630 revera
1814 5561 1875 5616 in

265 5624 611 5686 cathedram
635 5624 840 5699 suam,
860 5624 923 5682 id
953 5630 1042 5683 est
1069 5626 1299 5693 sedem,
1322 5624 1694 5686 conscendit.

1984 5490 2249 5562 itemque
2277 5490 2616 5557 Armenius,

2061 4925 2150 4979 16.
2184 4921 2302 4977 Nec
2327 4937 2468 4977 vero
2495 4923 2825 4994 quisquam
2851 4921 2982 4978 haec
3005 4920 3260 4978 audiens
3287 4920 3647 4985 scandalum

1987 5012 2270 5084 patiatur,
2295 5011 2576 5083 dicatque
2607 5028 2623 5065 :
2648 5012 2905 5068 Curnam
2927 5026 3067 5083 quae
3090 5009 3171 5066 ab
3193 5008 3489 5080 apostolis
3506 5013 3650 5080 post

1986 5099 2483 5157 resurrectionem
2508 5102 2643 5156 acta
2672 5098 2934 5168 fuerunt,
2960 5098 3092 5155 haec
3120 5096 3287 5154 initio
3334 5100 3474 5153 ante
3502 5110 3644 5169 pas-

2056 5419 2169 5491 (19)
2193 5419 2434 5501 Latinus
2455 5418 2780 5501 episcopus
2811 5417 3143 5501 dicitznPax
3158 5419 3325 5501 vobis
3343 5438 3357 5489 ;
3379 5421 3637 5501 Graecus,

2711 5505 2797 5546 ax
2819 5489 3108 5563 omnibus,
3142 5506 3280 5563 quae
3309 5491 3531 5548 locutio
3559 5490 3643 5548 la-

1984 5561 2101 5635 tius
2138 5561 2332 5634 patet;
2364 5568 2801 5635 quanquamet
2828 5562 3069 5617 Latinus
3100 5561 3424 5620 efGraecus
3479 5577 3638 5619 non-

1983 5630 2101 5699 nisi
2137 5630 2406 5691 astantes
2420 5630 2633 5690 omnes
2661 5631 3063 5707 alloquamur.
