4134 6406
501 312 615 375 439

1778 305 2143 365 THEODORI
2176 303 2594 364 ANDIDENSIS

3763 313 3887 371 440

501 439 688 497 sionis
710 436 991 511 symbola
1015 435 1320 493 collocasti
1340 434 1368 490 ‘I
1383 435 1456 491 At
1477 431 1659 490 velim
1682 431 1857 500 scias,
1875 431 2153 506 quisquis

2266 437 2359 483 τοῦ
2387 432 2589 494 πάθους
2646 431 2918 505 συμϐόλων
2955 435 3236 502 τέθεικας;
3281 432 3415 487 Ἀλλ’
3459 435 3574 488 ἴσθι
3621 436 3649 488 ὁ
3705 444 3889 492 ταῦτα

499 530 585 587 ita
608 526 892 601 loqueris,
919 542 1118 599 neque
1135 525 1420 597 mnigma,
1442 539 1640 597 neque
1660 522 2028 596 symbolum,
2053 538 2158 578 ne-

501 633 619 692 que
644 616 999 690 parabolam
1024 631 1262 672 servare
1283 629 1466 688 posse
1486 612 1918 669 invariabiliter
1945 626 2159 669 eorum

500 721 638 780 quae
690 705 1002 762 imitantur
1032 705 1374 778 paritatem,
1418 718 1617 775 neque
1671 702 1811 757 item
1858 714 2157 773 personae,

498 800 862 867 temporum,
914 794 1142 849 ordinis
1173 793 1389 866 prioris
1418 795 1523 848 aut
1548 791 1915 864 posterioris,
1967 795 2025 847 et
2070 806 2159 847 re-

496 886 807 960 liquorum
834 884 1188 957 hujusmodi
1227 882 1701 953 similitudinem,
1740 881 1966 937 nedum
1996 881 2160 937 idem

501 991 641 1032 cum
686 974 800 1030 illis
831 989 961 1030 esse
1005 988 1220 1047 posse:
1253 988 1461 1029 verum
1509 972 1641 1027 haec
1681 971 1763 1027 ita
1799 970 2158 1042 ﬁgurantur,

500 1066 569 1121 ut
613 1063 941 1134 imaginem
972 1062 1274 1136 prototypi
1303 1064 1548 1131 gerant:
1579 1060 1681 1115 sed
1712 1064 1867 1116 certe
1919 1059 2161 1132 aequali-

501 1156 688 1210 tatem
747 1153 969 1209 servari
1017 1150 1396 1224 impossibile
1431 1155 1537 1206 est.
1583 1149 1845 1205 Dicimus
1885 1165 2048 1219 ergo,
2079 1148 2162 1204 le-

500 1243 761 1298 ctionem
817 1241 1291 1314 apostolicorum
1333 1243 1590 1296 Actuum
1638 1244 1695 1295 et
1739 1238 2158 1311 Epistolarum,

505 1332 854 1389 electionem
885 1331 1067 1387 simul
1106 1334 1538 1403 repraesentare
1582 1333 1640 1385 et
1680 1329 1863 1384 ﬁnem
1909 1329 2164 1401 promis-

501 1420 741 1475 sionum
768 1419 977 1475 Christi
1008 1418 1107 1473 Dei
1126 1418 1315 1474 nostri
1342 1435 1355 1473 :
1386 1417 1550 1473 unde
1578 1417 1762 1487 hujus
1798 1417 2084 1489 potentia,
2108 1421 2164 1473 et

499 1508 762 1565 veritatis
803 1507 1055 1564 ﬁrmitas
1087 1505 1534 1578 comprobatur.
1582 1506 1733 1561 Dixit
1785 1505 1945 1562 enim
2002 1506 2158 1562 illis:

501 1620 530 1650 ‹‹
582 1598 782 1653 Venite
833 1600 972 1669 post
1008 1612 1127 1665 me,
1170 1596 1389 1652 faciam
1438 1611 1547 1651 vos
1590 1595 1920 1667 piscatores
1969 1595 2159 1652 homi-

497 1701 648 1742 num
676 1688 742 1743 ³³.
777 1707 806 1737 »
841 1687 1051 1757 Specta
1081 1685 1285 1754 igitur,
1331 1683 1646 1757 quomodo
1680 1685 1977 1740 mundum
2031 1683 2160 1740 uni-

2265 518 2421 592 λέγων
2484 523 2552 584 ὡς
2616 525 2732 576 οὔτε
2796 525 3017 596 αἴνιγμα
3075 528 3193 577 οὔτε
3271 523 3529 597 σύμϐολον
3595 529 3712 580 οὔτε
3773 548 3887 582 πα·-

2266 609 2457 684 ραϐολὴ
2518 607 2742 664 δύναται
2809 613 3035 686 φυλάξαι
3125 612 3535 685 ἀπαραλλάκτως
3616 624 3717 670 τῶν
3808 619 3886 670 ὧν

2266 706 2503 772 μιμεῖται
2563 703 2767 754 πάντων
2837 707 2931 761 τὴν
3008 701 3275 779 ἐμφέρειαν
3348 704 3481 776 (20)·
3555 703 3663 758 ἀλλ’
3750 704 3890 762 οὐδὲ

2265 794 2550 861 προσώπου
2626 795 2716 843 καὶ
2797 800 2990 867 καιρῶν
3061 796 3151 845 καὶ
3233 792 3425 855 τάξεως
3495 799 3707 868 πρώτης
3788 800 3889 850 καὶ

2269 874 2511 953 δεύτερας
2560 883 2649 932 καὶ
2709 888 2809 933 τῶν
2868 880 2988 945 ἑξῆς
3046 886 3141 940 τὴν
3216 884 3489 953 ὁμοίωσιν,
3546 883 3740 956 μᾶλλον
3823 882 3890 938 δε

2268 971 2363 1025 τὴν
2415 972 2733 1027 ταυτότητα’
2786 968 2924 1024 Ἀλλ’
2985 974 3148 1032 οὕτως
3196 970 3616 1043 ἐσχημάτισται,
3665 975 3738 1035 ὡς
3783 977 3887 1033 τὴν

2270 1055 2439 1109 εἰκόνα
2495 1061 2659 1131 φέρειν
2716 1067 2806 1112 τοῦ
2875 1064 3240 1135 πρωτοτύπου’
3319 1065 3378 1113 τό
3456 1066 3631 1134 μέντοι
3707 1083 3892 1138 παρα-

2268 1146 2491 1204 πλήσιον
2542 1151 2985 1222 παρατηρηθῆναι
3054 1147 3329 1207 ἀδύνατον.
3399 1154 3636 1225 Εἴπωμεν
3701 1157 3891 1206 τοίνυν

2270 1238 2336 1297 ὡς
2401 1238 2427 1294 ἣ
2498 1245 2597 1289 τῶν
2659 1237 3016 1292 ἀποστολικων
3081 1240 3320 1314 Πράξεων
3389 1239 3698 1313 ἀνάγνωσις,

2270 1333 2369 1377 τῶν
2454 1324 2738 1379 ἐπιστολῶν
2814 1328 3004 1394 αὐτῶν,
3083 1333 3381 1403 παρίστησι
3457 1335 3550 1390 τήν
3633 1330 3885 1405 ἐκλογὴν,

2269 1417 2360 1465 καὶ
2424 1417 2483 1466 τό
2541 1413 2685 1477 τέλος
2757 1424 2854 1468 τῶν
2929 1418 3270 1488 ὑποσχέσεων
3317 1426 3410 1471 τοῦ
3468 1427 3705 1492 Χριστοῦ
3787 1426 3886 1474 καὶ

2272 1510 2405 1555 Θεοῦ
2457 1505 2621 1575 ἡμῶν*
2656 1504 2710 1568 ἐξ
2766 1503 2832 1557 ὧν
2882 1507 2911 1564 ἡ
2970 1502 3197 1580 δύναμις
3248 1510 3456 1578 τούτου,
3491 1513 3671 1562 καὶτὸ
3726 1507 3887 1563 όδιά·

2269 1612 2470 1645 πτωτον
2518 1602 2615 1656 τῆς
2670 1593 2912 1658 ἀληθείας
2970 1601 3305 1651 συνίσταται.
3358 1599 3516 1669 ἔφησε
3588 1601 3691 1671 γὰρ
3749 1604 3889 1672 πρὸς

2270 1682 2478 1749 αὐτοὺς,
2542 1705 2570 1734 ‹‹
2643 1691 2792 1737 Δεῦτε
2851 1685 3021 1738 ὀπίσω
3104 1706 3224 1758 μου,
3291 1691 3380 1739 καὶ
3454 1693 3657 1746 ποιήσω
3739 1690 3886 1761 ὑμᾶς

497 1791 744 1833 versum
782 1776 1038 1848 praedati
1064 1780 1202 1831 sunt
1231 1774 1306 1830 de
1353 1774 1577 1847 abysso
1604 1776 1820 1830 erroris
1866 1775 1926 1830 hi
1969 1775 2156 1848 pisca-

2270 1772 2427 1834 ἁλιεῖς
2484 1773 2786 1849 ἀνθρώπων.
2844 1796 2872 1825 n
2933 1774 3070 1848 ’Ὁρα
3120 1780 3290 1828 τοίνυν
3342 1785 3452 1838 πῶς
3509 1782 3708 1850 κόσμον
3763 1779 3887 1832 ὅλον

499 1867 658 1922 tores
693 1867 751 1921 et
804 1863 1095 1921 illiterati:
1129 1867 1310 1936 atque
1348 1863 1428 1920 ab
1470 1869 1604 1919 ortu
1634 1864 1778 1918 solis
1833 1879 2023 1937 usque
2081 1866 2161 1921 ad

502 1968 788 2010 occasum
800 1953 1020 2009 horum
1040 1953 1769 2025 dogmatapraedicantur,
1794 1969 1863 2009 ac
1887 1969 2009 2026 prae
2032 1955 2162 2011 aliis

502 2043 732 2100 cunctis
772 2043 1005 2113 legibus
1035 2047 1093 2099 et
1142 2043 1373 2112 statuis,
1401 2042 1611 2098 horem
1642 2042 1844 2099 valent
1898 2045 2162 2101 traditio-

501 2146 630 2189 nes.
679 2131 973 2205 Quodque
1023 2132 1298 2188 omnium
1347 2131 1869 2188 mirabilissimum
1920 2139 2027 2203 est,
2076 2135 2162 2190 vis

500 2222 722 2279 horum
809 2220 1103 2277 artiﬁcum
1170 2221 1335 2277 haud
1417 2225 1666 2277 eatenus
1734 2227 1968 2278 tantum
2021 2239 2163 2296 ope-

499 2314 636 2368 rata
671 2314 778 2377 est,
811 2313 1111 2383 quatenus
1141 2310 1179 2366 ii
1212 2309 1499 2379 vixerunt,
1550 2310 1717 2382 quod
1762 2310 2163 2381 piscatoribus

502 2399 729 2455 caeteris
781 2399 1083 2464 usuvenit,
1134 2403 1190 2453 et
1237 2402 1369 2471 post
1418 2403 1675 2453 mortem
1725 2399 2010 2467 evanuit;
2058 2399 2164 2454 sed

499 2488 721 2561 potius,
744 2488 901 2544 facta
925 2488 1129 2560 aliqua
1147 2488 1225 2543 ab
1240 2488 1310 2542 iis
1331 2503 1438 2560 per
1461 2504 1673 2543 omnes
1693 2493 1898 2557 gentes
1912 2489 2160 2553 satione,

493 2581 728 2652 jactum
767 2594 959 2635 manu
1003 2579 1275 2651 ipsorum
1308 2594 1511 2633 semen
1568 2578 1896 2650 piscatores
1940 2580 2162 2636 multos

501 2668 677 2741 cepit,
724 2674 1060 2738 venatores,
1112 2667 1347 2738 milites,
1405 2672 1787 2733 mercatores,
1841 2668 2160 2738 agricolas,

499 2756 892 2830 multiplicem
914 2757 1169 2813 Domino
1187 2761 1243 2812 et
1258 2757 1510 2812 creatori
1527 2756 1786 2812 fructum
1809 2757 2158 2814 reddentes:

497 2846 581 2904 ita
631 2852 695 2902 ut
726 2846 924 2903 videre
953 2845 1130 2902 liceat
1169 2862 1367 2918 usque
1407 2846 1487 2900 ad
1516 2846 1833 2901 hodierum
1867 2846 2048 2916 diem,
2105 2852 2162 2903 et

497 2951 696 3009 usque
716 2936 796 2992 ad
824 2936 1028 2992 saeculi
1048 2937 1230 3007 hujus
1251 2936 1865 3004 consummationem,
1888 2936 2161 2992 inﬁdeles

496 3024 719 3081 multos
746 3024 824 3080 ad
850 3025 1226 3097 baptismum
1256 3024 1630 3089 accedentes,
1664 3023 2036 3096 piscatorum
2059 3024 2162 3080 ho-

2271 1862 2571 1936 ἐξωγρησαν
2651 1862 2705 1915 ἐκ
2782 1863 2951 1936 βυθοῦ
3002 1872 3093 1925 τῆς
3161 1863 3359 1927 πλάνης
3432 1865 3482 1917 οἰ
3551 1865 3714 1929 ἁλιεῖς
3792 1874 3888 1922 καὶ

2270 1950 2626 2026 ἀγράμματοι·
2685 1958 2772 2005 καὶ
2830 1953 2884 2016 ἐξ
2935 1951 3189 2006 ἀνατολῶν
3247 1954 3395 2012 ἡλίου
3445 1959 3609 2029 μέχρι
3655 1953 3884 2030 δυσμῶν

2268 2046 2333 2094 τα
2418 2046 2607 2095 τούτων
2675 2046 3007 2115 κηρύττεται,
3083 2048 3173 2096 καὶ
3242 2064 3445 2097 παντων
3525 2053 3624 2097 τῶν
3710 2045 3883 2099 ἄλλων

2268 2135 2436 2203 νόμων
2489 2136 2580 2183 καί
2636 2134 3006 2205 θεσπισμάτων
3066 2136 3258 2185 τούτων
3316 2140 3596 2207 κρατοῦσιν
3626 2137 3681 2187 αἱ
3712 2156 3884 2209 παρα-

2273 2217 2468 2283 δόσεις·
2511 2226 2599 2273 καὶ
2652 2225 2710 2273 τό
2778 2218 2844 2280 δὴ
2909 2224 3113 2274 πάντων
3172 2225 3617 2297 θαυμασιώτερον,
3688 2227 3721 2283 ἡ
3782 2234 3883 2288 τῆς

3334 2312 3344 2331 ’
3397 2313 3518 2365 ὅσον
3575 2316 3769 2387 χρόνον
3831 2314 3883 2366 ἐν

2270 2408 2343 2469 τῷ
2402 2397 2504 2471 βίῳ
2558 2395 2818 2472 διέτριϐον
2873 2398 3176 2473 ἐνήργησεν,
3241 2404 3310 2462 ὡς
3365 2406 3455 2454 καὶ
3516 2409 3617 2454 τῶν
3683 2402 3883 2455 λοιπῶν

2269 2313 2461 2381 τέχνης
2511 2313 2704 2362 τούτων
2763 2310 3008 2382 ἐνέργεια,
3067 2310 3161 2363 οὐκ
3219 2310 3275 2383 ἐφ

2272 2488 2473 2546 ἁλιέων,
2540 2489 2650 2540 εἶτα
2705 2491 2835 2560 μετὰ
2894 2491 3112 2541 θάνατον
3169 2492 3500 2565 κατηργήθη·
3563 2489 3691 2543 ἀλλὰ
3751 2493 3885 2564 pii).-

2270 2577 2354 2631 λον
2412 2581 2527 2629 τότε
2575 2580 2784 2652 μερικόν
2834 2579 2987 2631 οἱονεί
3042 2582 3235 2653 σπόρον
3268 2578 3315 2631 ἐν
3372 2586 3508 2631 πᾶσι
3536 2586 3646 2642 τοῖς
3702 2582 3882 2634 ἔθνεσι

2269 2667 2725 2740 κατασπειράντων
2789 2667 2979 2734 αὐτῶν,
3043 2671 3101 2719 τό
3158 2667 3281 2741 παρ’
3350 2666 3551 2720 ἐκείνων
3612 2668 3882 2729 καταϐλη-

2273 2759 2353 2810 θὲν
2402 2759 2610 2830 σπέρμα
2660 2754 2878 2817 πολλοὺς
2934 2754 3094 2817 ἁλιεῖς
3144 2755 3414 2830 ἐζώγρησε
3470 2762 3560 2810 καὶ
3615 2759 3876 2831 θηρευτὰς

2269 2850 2361 2898 καὶ
2430 2850 2752 2917 στρατιώτας
2816 2849 2905 2897 καὶ
2970 2847 3224 2920 ἐμπόρους
3289 2852 3378 2899 καὶ
3438 2850 3715 2920 γεωργοὺς,
3776 2866 3875 2899 πο-

2267 2934 2465 3006 λύχουν
2522 2936 2609 2985 τόν
2688 2937 2884 3006 καρπόν
2945 2943 3017 3004 τῷ
3083 2939 3314 3008 Δεσπότῃ
3392 2940 3481 2987 καὶ
3563 2932 3879 3009 δημιουργῷ

2268 3028 2671 3098 προσφέροντας*
2737 3025 2805 3083 ὡς
2872 3021 3059 3085 ἐξειναι
3122 3025 3245 3096 όρᾷν
3320 3025 3408 3084 ἕως
3473 3028 3563 3077 καὶ
3649 3029 3878 3100 σήμερον

493 3129 631 3170 rum
658 3128 885 3182 sagena
905 3118 1135 3185 captos.
1163 3116 1355 3185 Atque
1380 3112 1509 3167 haec
1534 3112 1780 3184 quidem
1805 3112 1879 3168 de
1905 3118 2156 3169 Actuum

2268 3120 2358 3166 καὶ
2402 3117 2564 3185 μέχρι
2611 3121 2708 3173 τῆς
2750 3111 3042 3174 συντελείας
3098 3120 3191 3165 τοῦ
3272 3113 3454 3174 αἰῶνος
3512 3116 3699 3166 τούτου
3752 3115 3879 3167 πολ-

496 3201 908 3274 apostolorum
928 3206 1109 3274 atque
1123 3201 1516 3273 Epistolarum
1538 3201 1790 3257 lectione
1812 3202 1937 3257 dita
1959 3207 2157 3260 sunto.

2268 3202 2390 3263 λοὺς
2450 3210 2548 3252 τῶν
2616 3199 2846 3253 ἀπίστων
2911 3208 2984 3271 τῷ
3064 3203 3179 3273 θείῳ
3244 3207 3706 3277 προσερχομένους
3780 3202 3877 3275 βα-

495 3295 778 3363 πτίσματι,
811 3298 874 3364 τῇ
912 3295 1113 3362 σαγήνη
1146 3299 1246 3343 τῶν
1294 3290 1474 3343 ἁλιέων
1504 3294 1692 3343 τούτων
1745 3290 2139 3366 ἀγρευομένους,
2173 3297 2275 3347 Καὶ
2327 3298 2496 3343 ταῦτα
2542 3292 2631 3362 μὲν
2684 3294 2802 3361 περὶ
2851 3297 2945 3352 τῆς
2979 3288 3313 3362 ἀναγνώσεως
3360 3298 3459 3344 τῶν
3510 3290 3869 3345 ἁποστολικῶν

494 3378 737 3454 Πράξεῶν
768 3384 858 3431 καὶ
883 3388 983 3431 τῶν
1012 3381 1157 3433 θείων
1183 3382 1379 3432 τούτων
1408 3378 1692 3433 ἐπιστολῶν
1720 3376 2046 3435 ἐπιὸίὸοται.

564 3469 652 3524 17.
685 3469 820 3523 Jam
848 3468 1284 3524 venerabilium
1317 3485 1385 3524 ac
1432 3469 1769 3524 divinorum
1806 3469 2156 3538 Evangelio-

491 3569 629 3613 rum
662 3557 818 3614 elata
845 3574 993 3614 voce
1018 3558 1213 3627 lectio,
1241 3558 1435 3631 ipsius
1466 3558 1680 3614 Christi
1707 3558 1804 3613 Dei
1839 3558 2026 3614 nostri
2055 3559 2158 3615 de-

492 3650 795 3704 monstrat
818 3662 1148 3715 sermones,
1172 3646 1487 3715 mandata,
1509 3646 1668 3716 leges
1694 3646 1858 3718 ipsas
1887 3663 2040 3719 quas
2057 3663 2161 3703 no-

491 3733 586 3792 bis
614 3736 766 3800 tulit,
788 3737 1160 3809 passionem.
1198 3736 1594 3809 sepulturam,
1636 3736 2156 3808 resurrectionem,

494 3827 1001 3900 assumptionem.
1038 3827 1192 3883 Nam
1220 3824 1654 3882 miraculorum
1689 3825 1883 3881 levem
1931 3826 2157 3901 oppido

496 3916 866 3972 mentionem
881 3930 1033 3971 evan
1043 3915 1269 3985 gelista:
1285 3913 1573 3981 fecerunt,
1589 3928 1712 3969 uno
1726 3917 1960 3969 tantum
1975 3915 2157 3972 verbo

490 4004 999 4061 innumerabilem
1019 4003 1437 4077 prodigiorum
1460 4002 1904 4059 multitudinem
1935 4004 2160 4074 signiﬁ-

494 4097 718 4150 cantes.
758 4094 905 4157 Quia
943 4108 1087 4149 vero
1116 4107 1301 4164 quem
1332 4092 1745 4158 decantamus,
1790 4095 1946 4148 Deus
1978 4093 2158 4151 simul

493 4182 804 4254 homoque
824 4185 914 4237 est
933 4181 1144 4237 mistos
1172 4180 1395 4252 pariter
1413 4180 1674 4252 hymnos
1705 4182 1756 4237 ei
1797 4198 2157 4256 composue-

491 4273 635 4326 runt
689 4269 853 4326 beati
896 4272 1112 4325 Patres.
1148 4271 1213 4323 Et
1256 4268 1409 4325 sicut
1448 4268 1679 4340 trisagii
1729 4270 2020 4343 hymnus,
2076 4271 2159 4328 ita

496 4357 677 4415 etiam
699 4357 971 4426 Alleluia,
989 4357 1262 4428 angelica
1282 4363 1367 4414 est
1383 4359 1749 4432 hymnodia;
1774 4364 1841 4416 ut
1862 4360 2159 4418 Christum

497 4450 689 4504 Deum
737 4461 865 4504 esse
897 4462 965 4502 ex
1006 4447 1312 4517 angelicis,
1345 4448 1656 4505 hominem
1704 4438 1846 4505 item
1885 4464 2038 4520 esse,
2086 4465 2159 4506 ex

495 4536 715 4593 nostris
770 4535 1016 4608 hymnis
1062 4536 1268 4608 palam
1306 4536 1433 4596 ﬁat.
1483 4537 1877 4594 Thuribolum
1932 4542 2155 4607 autem,

494 4625 663 4699 quod
674 4624 819 4681 dum
840 4625 1074 4682 canitur
1096 4625 1365 4693 Alleluia,
1389 4643 1531 4683 cum
1551 4627 1951 4700 thymiamate
1973 4626 2159 4696 agita-

493 4718 609 4781 tur,
655 4714 912 4785 gratiam
946 4714 1194 4788 Spiritus
1225 4716 1414 4774 sancti
1444 4716 1692 4773 denotat
1741 4715 1949 4772 datam
1980 4715 2155 4772 disci-

495 4803 678 4877 pulis,
707 4804 954 4877 quando
985 4821 1091 4862 eos
1119 4806 1281 4862 misit
1314 4805 1395 4864 ad
1444 4821 1690 4862 omnem
1720 4805 2005 4861 morbum
2035 4805 2158 4862 lan-

494 4908 869 4967 guoremque
893 4895 1238 4952 sanandum
1254 4895 1315 4951 in
1345 4894 1547 4951 Israel.
1570 4897 1717 4950 Tum
1739 4898 1874 4966 post
1895 4909 2155 4965 evange—

489 4983 710 5040 liorum
730 4983 1045 5041 lectionem
1068 5000 1275 5057 preces
1296 4988 1353 5041 et
1385 4983 1841 5055 postulationes,
1864 5000 2060 5057 usque
2082 4986 2156 5040 ad

494 5072 885 5130 cherubicum
971 5073 1294 5145 hymnum,
1372 5071 1662 5127 triennale
1736 5073 2155 5143 magisterium

494 5161 704 5218 Christi
743 5163 844 5219 Dei
872 5163 1062 5219 nostri
1105 5162 1384 5226 innuunt,
1419 5164 1476 5216 et
1519 5163 1874 5233 paratorum
1926 5162 2005 5217 ad
2053 5162 2155 5219 ba-

490 5249 715 5322 ptisma
767 5250 1168 5318 catechesim;
1201 5249 1347 5321 quia
1392 5249 1505 5305 hos
1532 5247 1805 5305 videlicet
1860 5250 2151 5323 przedica-

568 5392 613 5426 ³⁸
644 5392 846 5449 Matth.
879 5407 959 5462 Iv,
1000 5392 1087 5448 19.

564 5568 678 5642 (2Q)
733 5571 896 5642 Hanc
943 5565 1556 5642 regulam__criticz_1m
1617 5567 2144 5642 intelligendarum

488 5637 1070 5711 parabolarumjam
1100 5638 1429 5698 tradiderat
1452 5640 1511 5697 S.
1546 5637 1918 5723 Cyrillus'in
1973 5642 2144 5699 Com-

2346 3468 2422 3531 ις’·
2454 3468 2514 3520 Ἠ
2546 3463 2605 3520 δὲ
2655 3475 2754 3520 τῶν
2809 3475 3007 3520 σεπτῶν
3064 3471 3151 3521 καὶ
3216 3470 3361 3521 θείων
3415 3468 3737 3541 Εὐαγγελίων
3793 3469 3880 3522 ἐκ-

2270 3563 2518 3631 φωνησις,
2576 3556 2733 3609 αὐτοῦ
2764 3564 2859 3609 τοῦ
2908 3564 3146 3632 Χριστοῦ
3203 3563 3293 3610 καὶ
3337 3565 3471 3611 Θεοῦ
3521 3561 3662 3631 ἡμῶν
3716 3554 3880 3615 δηλοῖ

2267 3651 2391 3710 τοὺς
2449 3646 2655 3718 λόγους,
2708 3648 2798 3707 τὰς
2854 3645 3070 3714 ἐντολὰς,
3122 3650 3239 3708 τοὺς
3284 3651 3474 3721 νόμους
3523 3648 3725 3719 αὐτοὺς⁷
3780 3648 3877 3711 οὖς

2270 3739 2395 3809 ἡμῖν
2455 3739 2617 3806 ἔθετο,
2672 3737 2739 3788 τὰ
2790 3737 2956 3803 πάθη,
3015 3740 3110 3794 τὴν
3167 3741 3354 3809 ταφὴν,
3407 3742 3501 3795 τὴν
3559 3736 3877 3806 ἀνάστασιν,

2267 3831 2357 3879 καὶ
2402 3830 2494 3885 τὴν
2550 3824 2826 3896 ἀνάληψιν*
2880 3833 2980 3877 τῶν
3033 3829 3134 3899 γὰρ
3188 3827 3466 3899 θαυμάτων
3508 3829 3557 3879 οἱ
3609 3826 3881 3899 εὐαγγελι-

2270 3921 2393 3969 σταὶ
2443 3915 2617 3987 ὀλίγον
2681 3917 2993 3973 ἐποιήσαντο
3057 3915 3229 3986 λόγον,
3296 3916 3371 3968 ἑνι
3433 3918 3630 3990 ῥήματι
3698 3916 3878 3976 πλήθη

2267 4004 2455 4079 ἆπειρα
2515 4004 2791 4076 θαυμάτων
2846 4000 3341 4077 παραδηλώσαντες.
3400 4004 3541 4057 Ἐπεὶ
3595 4001 3654 4056 δε
3703 4007 3730 4057 ὀ
3785 4006 3885 4078 ὑμ-

2266 4097 2508 4166 νούμενος
2560 4096 2692 4153 Θεός
2737 4090 2851 4144 ἐστι
2915 4097 3006 4145 καὶ
3053 4093 3325 4167 ἄνθρωπος
3377 4093 3506 4165 ἅμα,
3565 4112 3886 4169 συγκεκερα·

2271 4187 2485 4255 σμένους
2537 4185 2625 4234 καὶ
2678 4184 2798 4243 τοὺς
2855 4180 3048 4253 ὕμνους
3103 4181 3245 4252 αὐτῷ
3276 4178 3665 4254 ὃιατετάχασιν
3696 4185 3746 4236 οἱ
3784 4205 3887 4256 μα-

2266 4274 2443 4346 κάριοι
2482 4274 2724 4343 Πατέρες·
2770 4273 2860 4322 καὶ
2913 4269 3086 4345 ὥσπερ
3137 4272 3162 4322 ό
3220 4273 3493 4344 τρισάγιος
3523 4272 3698 4345 ὕμνος,
3743 4274 3886 4326 οὕτω

2194 4331 2234 4385 D
2269 4358 2335 4419 δὴ
2360 4365 2449 4413 καὶ
2478 4364 2536 4413 τό
2569 4359 2878 4418 ’Λλληλούῑα
2916 4359 3163 4432 ἀγγελική
3215 4359 3355 4413 ἐστιν
3399 4358 3664 4434 ὑμνῳδία,
3694 4363 3758 4414 ἵν’
3796 4363 3881 4416 ὃτι

2265 4453 2355 4523 μεν
2405 4449 2516 4502 ἐστι
2565 4453 2697 4511 Θεὸς
2750 4448 2807 4501 ἐκ
2866 4456 2966 4502 τῶν
3030 4448 3316 4521 ἁγγελικῶν
3369 4450 3540 4523 ὕμνων
3604 4457 3876 4527 γνώριμον

2264 4543 2496 4610 γίνηται,
2530 4540 2610 4590 ὄτι
2651 4534 2710 4591 δὲ
2766 4536 3032 4610 ἄνθρωπος
3076 4536 3130 4591 ἐκ
3177 4546 3277 4591 τῶν
3328 4540 3452 4614 παρ’
3507 4540 3676 4612 ἡμῶνσ
3731 4541 3758 4591 ὁ
3824 4538 3887 4595 δί

2267 4630 2517 4701 θυμιατός
2542 4629 2567 4680 ό
2599 4626 2647 4679 ἐν
2695 4634 2767 4699 τῷ
2798 4635 2964 4702 καιρῶ
3024 4634 3115 4680 τοῦ
3170 4626 3479 4687 Ἀλληλούῑα
3526 4630 3659 4701 μετα
3689 4629 3887 4702 θυμιά-

2264 4736 2429 4790 ματος
2485 4719 2777 4789 κινούμενος
2831 4719 2920 4773 τὴν
2978 4717 3143 4791 χάριν
3196 4723 3288 4768 τοῦ
3357 4715 3508 4789 ἁγίου
3575 4719 3883 4790 Πνεῦματος

2267 4803 2438 4873 δηλοῖ,
2490 4810 2583 4865 τὴν
2643 4801 2928 4877 δεδομένην
2986 4811 3094 4868 τοῖς
3152 4806 3436 4879 μαθηταῖς,
3507 4806 3590 4860 ὅτε
3656 4808 3882 4871 τούτους

2266 4894 2552 4963 ἀπέστειλε,
2613 4902 2704 4947 τοῦ
2760 4896 3016 4947 ἰάσασθαι
3086 4900 3261 4947 πᾶσαν
3315 4900 3470 4948 νόσον
3525 4900 3617 4948 καὶ
3697 4903 3882 4949 πᾶσαν

2263 4985 2523 5058 μαλακίαν
2572 4985 2621 5038 ἐν
2669 4992 2742 5055 τῷ
2795 4983 3036 5057 Ἰσραήλ*
3078 4986 3133 5036 αἱ
3183 4980 3243 5037 δὲ
3271 4988 3399 5058 μετά
3449 4988 3544 5044 τὴν
3591 4992 3692 5037 τῶν
3727 4987 3881 5038 θείων

2262 5073 2584 5146 Εὐαγγελίων
2644 5071 2934 5146 ἀνάγνωσιν
2999 5072 3161 5144 εὐχαί
3215 5092 3271 5125 τε
3325 5077 3413 5126 καὶ
3460 5073 3695 5135 αἰτήσεις
3738 5072 3882 5150 ἆχρι

2263 5171 2355 5216 τοῦ
2385 5162 2703 5239 χερουϐικοῦ
2748 5162 2910 5234 ὕμνου
2968 5165 3061 5220 τὴν
3110 5160 3194 5215 ἐπὶ
3244 5168 3390 5237 τρισὶ
3445 5168 3665 5238 χρόνοις
3712 5159 3879 5218 διδα-

2265 5250 2476 5306 σκολίαν
2506 5254 2890 5327 ὑπεμφαίνουσι
2936 5258 3029 5304 τοῦ
3074 5259 3313 5325 Χριστοῦ
3359 5258 3449 5306 καὶ
3509 5260 3644 5307 Θεοῦ
3703 5254 3871 5325 ἡμῶν,

2254 5571 2555 5715 ξοὲιὲείινὶο
2588 5571 2668 5629 ad
2699 5573 2920 5630 Lucam
2953 5586 3090 5646 cap.
3147 5588 3265 5642 xw,
3336 5571 3503 5645 apud
3553 5587 3666 5629 nos
3716 5576 3757 5632 t.
3821 5576 3870 5632 II

3791 1249 3889 1297 καὶ
3952 1235 3964 1245 ’
