4134 6426
271 335 381 395 441

1503 329 1999 392 COMMENTATIO
2036 333 2428 395 LITURGICA.

3550 338 3658 397 442

269 467 369 517 καὶ
404 467 509 515 τῶν
530 460 662 535 πρὸς
697 460 759 513 τὸ
788 457 1072 532 βήπτισμα
1100 456 1509 534 ιῦτρεπισμένων
1532 464 1840 531 κατήχησιν
1867 477 1880 491 ·

2017 460 2167 518 iouis
2217 461 2329 527 vis,
2371 464 2430 518 et
2470 459 2834 519 miraculum
2886 460 3159 535 operatio
3193 460 3459 521 attraxit.
3490 463 3654 517 Tunc

278 551 354 625 ἐφ’
462 552 685 612 τοῦτὸυς
712 551 744 607 ἠ
788 556 890 601 τῶν
916 547 1082 621 λόγων
1114 545 1358 622 δύναμις,
1390 551 1478 601 καὶ
1496 550 1527 607 ἡ
1556 555 1655 602 τῶν
1695 551 1893 623 θαυμα-

279 660 388 697 των
427 639 651 716 ἐνέργεια
693 636 1068 710 συνεφείλκετο.
1097 641 1224 713 Τότε
1263 634 1331 697 δὴ
1363 642 1455 691 καὶ
1484 639 1534 691 οὶ
1562 642 1895 713 κατηχούμε-

283 751 391 799 νοι,
430 734 521 783 καὶ
546 734 700 802 μήπω
725 727 1131 790 καταξιωθεντες
1160 734 1259 781 τῶν
1298 734 1391 781 τοῦ
1420 735 1659 802 Χριστοῦ
1685 748 1893 801 μυστη-

285 826 440 896 ρίων,
496 819 590 882 ἔξω
625 819 988 892 μεθίστανται.
1031 818 1095 870 Αἰ
1134 813 1194 871 δὲ
1253 816 1301 870 ἓν
1357 825 1429 888 τῷ
1468 818 1662 890 μεταξὺ
1699 820 1896 871 τούτων

283 913 557 983 γινόμεναι
593 907 746 980 εὐχαὶ
776 908 905 982 ὑπὲρ
946 905 1115 960 αὐτῶν
1153 925 1209 959 τε
1231 910 1468 979 γίνονται
1490 915 1590 960 τῶν
1627 927 1897 980 κατηχου-

285 1001 481 1072 μένων,
509 1002 596 1049 καὶ
623 1004 722 1049 τῶν
759 1003 986 1061 πιστῶν,
1017 1000 1109 1049 καὶ
1138 995 1298 1049 αὐτοῦ
1332 992 1392 1048 δὲ
1424 1003 1518 1048 τοῦ
1558 995 1846 1072 ἀρχιερέως
1879 1018 1891 1031 ·

287 1087 570 1148 ἕννοοῦντες
595 1089 694 1159 γὰρ
727 1087 777 1137 οἱ
819 1087 1088 1139 θεσπέσιοι
1130 1089 1377 1161 Πατέρις,
1418 1087 1600 1139 ὁποίαν
1627 1083 1756 1139 εἶναι
1781 1090 1892 1160 χρὴ

283 1180 382 1235 τὴν
412 1175 599 1248 ψυχὴν
620 1180 713 1228 καὶ
740 1178 837 1233 τὴν
873 1180 1037 1250 χεῖρα
1072 1182 1164 1228 τοῦ
1202 1174 1473 1247 μέλλοντος
1510 1175 1770 1228 ἅπτεσθαι
1804 1181 1895 1228 τοῦ

276 1267 663 1340 παναχράντου
687 1269 930 1336 σώματος
956 1269 1191 1337 Χριστοῦ
1215 1270 1307 1316 τοῦ
1339 1271 1471 1318 Θεοῦ
1496 1265 1663 1337 ἡμῶν,
1695 1265 1778 1317 ὅτι
1807 1283 1898 1316 κα-

277 1355 585 1427 θαρωτέραν
614 1360 719 1406 τῶν
748 1351 976 1412 ἡλιακῶν
1008 1350 1227 1405 ἀκτίνων
1257 1354 1451 1411 ταύτην
1478 1349 1513 1406 δ
1517 1360 1561 1405 εἰ
1590 1355 1893 1425 τυγχάνειν,

278 1445 381 1504 τὰς
426 1444 556 1515 ὑπὲρ
587 1451 697 1517 τῆς.
728 1447 1129 1516 συγχωρήσεως
1164 1444 1358 1495 τούτων
1399 1442 1560 1514 εὐχὰς
1588 1438 1683 1494 διὰ
1718 1441 1896 1515 φιλαν-

287 1534 523 1606 θρωπίαν
548 1540 687 1585 Θεοῦ
724 1530 974 1605 ἐσομένης
1005 1530 1251 1595 ἐξέθεντο.

359 1620 451 1680 ιη’.
507 1621 565 1674 Ἡ
631 1618 692 1674 δε
744 1629 843 1673 τῶν
903 1620 1062 1693 ἁγίων
1125 1622 1422 1694 μετάθεσις,
1487 1626 1576 1673 τοῦ
1632 1627 1896 1694 σώματος,

278 1714 447 1784 φημὶ,
476 1716 571 1762 τοῦ
610 1715 932 1762 Δεσποτικοῡ
969 1714 1060 1761 καὶ
1110 1716 1203 1761 τοῦ
1242 1711 1460 1782 αἳματος
1503 1706 1604 1760 ἀπό
1642 1717 1739 1770 τῆς
1774 1727 1899 1783 προ-

1999 566 2145 608 vero
2166 550 2879 619 catechumeni,nonduni
2906 552 3115 610 Christi
3134 554 3656 610 sacramentorum

2003 640 2189 713 digni,
2223 645 2390 698 extra
2413 640 2746 697 mittuntur.
2773 643 2915 707 Quae
2943 646 3147 699 autem
3192 643 3310 700 hoc
3341 640 3656 698 intervallo

2002 731 2338 789 funduntur
2365 735 2736 805 preces,tum
2757 731 3033 805 ipsorum
3059 734 3656 801 catechumenorum,

2002 838 2115 879 nec
2144 837 2268 879 non
2290 825 2349 877 et
2366 820 2658 889 ﬁdelium,
2677 825 2856 896 atque
2887 821 3075 894 ipsius
3097 822 3356 895 denique
3386 820 3659 894 episcopi

2006 927 2190 969 causa
2211 910 2384 967 ﬁunt.
2419 911 2757 981 Cogitantes
2788 911 2951 967 enim
2990 911 3115 968 divi
3142 914 3363 980 Patres,
3412 910 3658 984 qualem

2005 1016 2135 1058 esse
2168 1004 2442 1074 oporteat
2471 999 2739 1056 animam
2767 1000 3032 1073 itemque
3072 1015 3323 1056 manum
3356 998 3513 1054 illius
3555 998 3661 1070 qui

2002 1088 2461 1145 immaculatum
2492 1091 2902 1144 contrecturus
2947 1091 3036 1145 est
3080 1087 3293 1144 Christi
3326 1086 3426 1143 Dei
3472 1087 3660 1143 nostri

2005 1194 2244 1250 corpus,
2279 1191 2498 1249 nempe
2526 1180 2802 1249 oportere
2849 1176 3145 1233 solaribus
3183 1175 3369 1232 radiis
3397 1191 3527 1232 esse
3552 1190 3662 1247 pu-

2004 1267 2246 1334 riorem,
2299 1265 2437 1322 ideo
2485 1281 2694 1339 preces
2742 1280 2853 1339 pro
2889 1266 3273 1338 impetranda
3329 1264 3425 1321 his
3455 1265 3654 1337 venia,

2005 1372 2194 1432 quam
2225 1372 2262 1413 a
2289 1355 2392 1412 Dei
2417 1354 2732 1412 clementia
2753 1359 3127 1429 exspectant,
3148 1354 3550 1413 instituerunt.

2079 1627 2167 1681 18.
2191 1626 2314 1695 Age
2341 1639 2487 1680 vero
2513 1625 2858 1679 sanctarum
2886 1637 3089 1679 rerum
3120 1638 3157 1680 a
3184 1622 3452 1696 prothesi
3477 1624 3664 1678 trans-

2005 1714 2171 1783 latio,
2204 1713 2492 1786 corporis,
2520 1713 2793 1785 inquam,
2823 1712 3114 1769 Dominici
3145 1716 3201 1768 et
3227 1711 3563 1782 sanguinis,
3606 1713 3665 1766 et

286 1802 475 1859 θέσεως
514 1800 652 1870 (21),
684 1803 776 1851 καὶ
813 1800 844 1858 ἡ
876 1801 1071 1851 τούτων
1093 1801 1224 1872 πρὸς
1262 1800 1320 1850 τὸ
1362 1799 1741 1872 θυσιαστήριον
1768 1801 1902 1851 εἶσοο

2017 1806 2229 1862 horum
2252 1803 2332 1860 ad
2352 1803 2536 1860 altare
2565 1802 2840 1859 introitus
2860 1807 3178 1859 resonante
3202 1803 3435 1875 hymno
3452 1801 3661 1858 cheru-

291 1884 390 1949 δος
420 1889 554 1940 κατά
575 1890 638 1939 τὸ
668 1886 1008 1963 χερουϐικὸν,
1033 1891 1127 1946 τὴν
1157 1885 1259 1940 ἀπὸ
1292 1889 1545 1948 Βηθανίας
1572 1886 1902 1961 πρὸςἸερου-

293 1976 473 2049 σαλήμ
496 1972 653 2035 δηλοῖ
680 1983 775 2028 τοῦ
809 1980 1002 2051 Κυρίου
1035 1975 1340 2029 εἰσελευσιν·
1374 1983 1665 2035 τηνικαῦτα
1686 1978 1787 2052 γὰρ
1812 1981 1902 2029 καὶ

287 2067 316 2118 ὁ
347 2065 596 2127 πλεῖστος
633 2065 797 2138 ὄχλος
835 2070 927 2118 καὶ
956 2067 1007 2118 οἱ
1043 2074 1143 2118 τῶν
1183 2063 1433 2139 Ἐϐραίων
1470 2062 1658 2128 παῖδες
1697 2068 1765 2128 ὡς
1806 2064 1900 2138 βα-

286 2154 427 2208 σιλεῖ
476 2158 569 2207 καὶ
633 2162 821 2227 νικητῇ
882 2163 975 2207 τοῦ
1040 2156 1261 2208 θανάτου
1318 2158 1405 2207 τὸν
1456 2154 1614 2228 ὕμνον
1667 2153 1901 2229 ἀνέφερον

286 2245 563 2307 αἰσθητῶς
598 2266 612 2279 ·
670 2254 866 2306 νοητῶς
926 2242 985 2298 δὲ
1036 2244 1250 2317 ἄγγελοι
1314 2247 1445 2317 μετά
1501 2253 1602 2298 τῶν
1640 2244 1903 2319 χερουϐὶμ

287 2338 380 2388 τὸν
441 2339 722 2409 τρισάγιον
787 2332 1116 2389 ἀπεδίδοσαν
1181 2335 1338 2408 ὕμνον
1371 2356 1384 2369 ·
1425 2340 1516 2388 καὶ
1553 2337 1621 2388 τά
1660 2344 1904 2410 σκῆπτρα

287 2430 381 2477 καὶ
438 2429 529 2486 τὰς
582 2427 848 2500 ῥομφαίας
904 2426 1041 2496 (22),
1083 2423 1147 2485 ἃς
1211 2428 1270 2477 τὸ
1328 2425 1547 2494 παλαιον
1601 2427 1794 2500 ἔφερον,
1835 2427 1904 2488 ὡς

296 2513 538 2586 σύμϐολα
575 2514 850 2589 βασιλείας
897 2513 1227 2586 ἐπιφέρουσιν
1282 2516 1332 2566 οἰ
1393 2510 1628 2567 διάκονοι
1658 2530 1669 2543 ·
1711 2519 1800 2567 καὶ
1837 2517 1905 2567 τά

289 2599 529 2679 ῥιπίὸια,
554 2605 587 2657 ἃ
621 2609 711 2656 καὶ
749 2600 964 2678 ῥιπίὸες
999 2605 1308 2676 γράφονται,
1349 2602 1419 2665 εἰς
1458 2608 1619 2655 τύπον
1659 2603 1764 2656 εἰσὶ
1804 2611 1902 2655 τῶν

288 2692 576 2767 χερουϐίμ.
642 2694 756 2765 (23)
802 2693 865 2745 Ὀ
934 2690 994 2746 δὲ
1058 2690 1307 2766 ᾷδὸμενος
1371 2691 1686 2768 χερουϐικός
1752 2692 1905 2765 ὕμνος

284 2788 638 2857 προτρέπεται
694 2786 886 2844 πάντας
941 2784 1164 2836 ἐντεῦθεν
1229 2786 1320 2835 καὶ
1377 2786 1541 2854 μέχρι
1598 2788 1690 2834 τοῦ
1730 2781 1905 2845 τέλους

289 2880 392 2935 τῆς
471 2875 767 2946 ἱερὸυργίας
838 2878 1314 2947 προσεκτικώτερον
1400 2873 1541 2943 ἔχειν
1627 2873 1716 2923 τὸν
1788 2877 1905 2923 νοῦν

296 2967 481 3012 πᾶσαν
552 2958 799 3032 βιωτικήν
849 2964 1103 3035 μέριμναν
1169 2960 1396 3012 κάτωθεν
1463 2957 1785 3031 ἀφιεμένους,
1843 2961 1908 3020 ὡς

300 3048 536 3123 βασιλέα
571 3053 731 3122 μέγαν
765 3049 1039 3123 μέλλοντας
1067 3045 1326 3122 δέχεσθαι
1356 3045 1451 3102 διὰ
1483 3056 1578 3110 τῆς
1615 3052 1904 3111 κοινωνίας.

293 3138 355 3192 Ἠ
388 3135 449 3192 δὲ
501 3142 628 3212 πρὸς
680 3144 770 3198 τὴν
809 3139 963 3212 ἁγίαν
1004 3139 1265 3214 τράπεζαν
1306 3146 1404 3191 τῶν
1446 3137 1608 3210 ἀγίων
1657 3137 1907 3200 ἀπόθεσις
1939 3171 1977 3226 C

284 3233 523 3302 μίμησιν
578 3230 693 3301 ἔχει
746 3235 1038 3286 τηνικαῦτα
1094 3230 1183 3301 μὲν
1244 3235 1337 3280 τοῦ
1404 3226 1728 3301 ἐστρωμένον
1768 3230 1905 3280 ἀνω-

284 3322 437 3390 γέου,
474 3317 587 3390 μετ’
617 3316 788 3390 ὀλίγον
821 3314 880 3371 δὲ
918 3319 950 3377 ἡ
983 3317 1115 3376 αὕτή
1171 3321 1261 3370 καὶ
1288 3321 1380 3374 τὴν
1411 3315 1497 3368 ἐπὶ
1532 3323 1628 3369 τοῦ
1674 3323 1906 3391 σταυροῦ

297 3407 508 3477 ὕψωσιν
543 3427 556 3440 ·
616 3406 665 3458 ἐν
729 3403 790 3460 δὲ
839 3415 912 3479 τῷ
964 3406 1097 3459 τέλει
1152 3410 1246 3465 τὴν
1307 3410 1475 3477 ταφὴν
1516 3405 1777 3474 εἰκονίζει,
1817 3410 1907 3458 καὶ

293 3500 393 3555 τὴν
448 3495 758 3565 ἀνάστασιν,
807 3500 898 3550 καὶ
944 3500 1040 3555 τὴν
1080 3494 1268 3549 ἐκεῖθεν
1336 3493 1593 3565 ἀνάληψιν
1629 3515 1640 3528 -
1686 3494 1768 3546 ἶνα
1803 3496 1906 3569 γὰρ

286 3589 363 3659 μὴ
425 3588 486 3637 τὸ
524 3585 643 3637 καθ’
682 3586 901 3638 ἕκαστον
959 3591 1059 3636 τῶν
1115 3587 1230 3637 τὸτε
1280 3587 1563 3655 γενομένων
1617 3586 1710 3642 τὴν
1768 3583 1906 3657 ὥραν

286 3679 380 3728 καὶ
410 3678 500 3727 τὸν
526 3677 713 3750 καιρὸν
766 3678 853 3727 καὶ
899 3676 987 3727 τὸν
1038 3676 1195 3726 τόπον
1246 3671 1579 3745 ἀφορίζοντες
1627 3673 1677 3724 οἱ
1733 3674 1908 3745 μακά-

296 3783 403 3838 ριοι
464 3768 704 3838 Πατέρες,
746 3766 824 3817 ἔτι
888 3767 979 3816 καὶ
1026 3765 1347 3836 μεταθέσεων
1415 3762 1597 3836 ἐτέρων
1658 3766 1747 3814 καὶ
1811 3763 1907 3814 θυ-

301 3858 627 3926 σιαστηρίων
688 3853 934 3907 πλειόνων
1001 3849 1256 3921 δεηθῶσι,
1303 3850 1405 3903 κάκ
1465 3853 1657 3903 τούτων
1720 3852 1908 3903 ὡσανεὶ

295 3948 546 4017 μωμητὸν
614 3947 676 3996 τὸ
746 3952 839 4005 τῆς
913 3941 1213 4015 οἰκονομίας
1276 3945 1569 4015 μυστήριον
1643 3947 1905 4012 καταστῇ,

296 4033 449 4097 ἄξιον
483 4040 577 4095 τῆς
615 4035 866 4108 θεουργοῡ
911 4028 1263 4106 δημιουργίας
1316 4034 1507 4105 τρόπον
1558 4027 1904 4102 ἐμιμήσαντο,

293 4125 363 4185 ὡς
420 4124 525 4176 οἷὸν
581 4142 637 4176 τε
693 4121 947 4196 ἀνθρώπῳ
998 4124 1066 4174 τὰ
1116 4123 1229 4175 θεῖα
1283 4121 1563 4193 μιμεῖσθαι
1600 4123 1690 4171 καὶ
1727 4137 1909 4193 κατερ-

283 4212 579 4286 γάζεσθαι.
614 4216 716 4265 Καὶ
748 4207 816 4270 δὴ
871 4213 941 4273 ὡς
998 4210 1213 4285 οὐρανὸν
1253 4212 1343 4282 μὲν
1395 4211 1453 4261 τὸ
1511 4206 1762 4260 ἕπάνωθεν
1814 4214 1911 4269 τῆς

288 4302 450 4374 ἀγίας
508 4300 777 4376 τραπέζης
834 4301 1043 4373 ὁρόφιον
1105 4297 1504 4373 ἀπαρτίζουσι·
1573 4298 1644 4359 ὡς
1681 4295 1801 4354 ὅλην
1850 4291 1910 4347 δὲ

284 4401 390 4465 γῆν
433 4391 708 4465 ὁρίζονται
743 4394 800 4443 τὸ
831 4391 932 4443 ὕπὸ
979 4390 1250 4463 τεσσάρων
1288 4391 1470 4439 κιόνων
1510 4392 1602 4438 τοῦ
1659 4383 1909 4458 κιϐωρίου

293 4480 701 4552 συγκλειόμενον
762 4480 791 4538 ἦ
851 4495 1293 4553 περιγραφομενον
1354 4476 1487 4549 ἱερὸν
1551 4469 1743 4546 ἔδαφος
1774 4488 1788 4502 ⁸
1859 4474 1908 4525 ἓν

300 4568 341 4641 ᾧ
390 4569 689 4642 πληροῦται
725 4572 815 4621 καὶ
871 4569 897 4620 ὁ
958 4568 1285 4644 προφητικὸς
1346 4564 1515 4636 λόγος,
1555 4564 1600 4634 ὁ,
1648 4585 1669 4614 ‹
1715 4562 1909 4637 Εὶργά-

308 4676 437 4711 σατο
476 4663 741 4733 σωτηρίαν
789 4656 837 4710 ἓν
894 4661 1038 4730 μέσῳ
1076 4663 1169 4717 τῆς
1215 4664 1281 4728 γῆ
1295 4674 1316 4716 ς
1355 4655 1381 4706 ὁ
1423 4656 1549 4714 Θεὸς
1583 4673 1595 4686 ·
1640 4674 1669 4702 ι)
1708 4654 1910 4704 πάντων

304 4749 407 4822 γὰρ
481 4747 864 4821 ὁμολογούντων
945 4745 993 4798 ἓν
1056 4743 1431 4818 Ἱεροσολύμοις
1496 4742 1911 4816 περιγεγράφθω

304 4844 405 4899 τῆς
441 4846 539 4908 γῆς
574 4841 632 4891 τὸ
670 4842 1004 4911 μεσαίτατον,
1063 4837 1184 4889 ἔνθα
1222 4831 1289 4893 δὴ
1329 4836 1420 4886 καὶ
1474 4832 1647 4885 πάντα
1690 4833 1757 4884 τὰ
1818 4836 1910 4883 τοῦ

384 4981 430 5016 ‘9
462 4980 607 5037 Psal.
635 4995 835 5050 Lxxm,
865 4984 948 5036 t2.

373 5144 489 5214 (2t)
539 5143 629 5198 Al.
693 5141 885 5199 codex
935 5139 1104 5214 addit
1154 5135 1681 5214 ἣ-σκευοφὲθῖακίφυι
1725 5140 1832 5191 aut
1873 5148 1910 5191 α

294 5208 799 5285 scévophylacio;
846 5210 1016 5285 quod
1045 5210 1340 5285 mendum
1398 5208 1722 5285 videretur,
1761 5221 1908 5285 eum

292 5302 420 5343 non
445 5278 666 5342 eadem
697 5278 911 5340 mensa
937 5282 1113 5357 fuerit
1129 5282 1383 5357 πρόθεσις·
1403 5284 1460 5335 et
1481 5278 1906 5357 σκευοφυλάκέον,

291 5357 467 5431 quod
486 5356 1082 5431 etiamdiqcopigum
1112 5347 1388 5431 nonnulli
1413 5347 1751 5431 appellant.
1779 5347 1909 5431 _Se_d

292 5418 504 5486 tamen
543 5429 607 5483 in
631 5426 834 5483 libello
865 5422 1286 5482 Delineationis
1309 5418 1571 5478 ecclesiae
1593 5418 1907 5477 Orientalis

295 5502 538 5565 Grmcm,
587 5504 834 5554 auctore
876 5494 1213 5553 Eustrathio
1263 5492 1556 5551 Ioannide
1610 5491 1904 5555 Rutheno,

294 5588 360 5644 p.
395 5575 518 5639 117,
549 5570 813 5644 legimus
841 5586 854 5624 :
887 5567 1083 5644 Prius
1106 5580 1287 5644 quam
1316 5565 1405 5644 _a_d
1427 5565 1669 5644 _qltare,_
1705 5577 1906 5620 conse-

298 5634 592 5699 Z'ratiohis
609 5634 838 5712 gratia,
861 5634 1244 5712 deferrentur
1274 5635 1622 5712 obtationes,
1645 5634 1708 5712 in
1731 5649 1904 5712 gazo-

294 5706 659 5785 phylacium
689 5706 877 5785 (idem
926 5706 1095 5784 quod
1123 5707 1672 5781 scevophylacz’um)
1699 5709 1904 5777 porta-

2010 1895 2170 1965 bico,
2192 1893 2418 1952 indicat
2448 1893 2681 1949 Domini
2703 1908 2776 1948 ex
2806 1891 3097 1948 Bethania
3136 1891 3216 1948 ad
3245 1891 3460 1947 urbem
3489 1890 3662 1947 Jeru-

2012 1984 2200 2041 salem
2236 1998 2613 2057 processum.
2644 1984 2807 2037 Tunc
2837 1980 2998 2036 enim
3019 1985 3076 2037 et
3099 1980 3275 2037 turba
3294 1980 3576 2052 plurima,
3610 1981 3667 2035 et

2012 2073 2399 2130 Hebraeorum
2427 2071 2922 2145 pueri,tanquam
2942 2069 3069 2140 regi
3086 2069 3415 2141 mortisque
3434 2068 3663 2137 victori,

2010 2164 2311 2238 hymnum
2332 2177 2478 2218 voce
2508 2160 2773 2218 sensibili
2789 2162 3136 2216 cecinerunt
3159 2177 3171 2228 ;
3196 2157 3666 2215 intellectualiter

2013 2258 2214 2311 autem
2248 2252 2445 2322 angeli
2502 2268 2642 2307 cum
2692 2249 3037 2306 cherubinis
3085 2249 3311 2320 trisagii
3364 2248 3701 2320 hymnum_

2012 2341 2385 2398 dixerunt.Et
2404 2344 2639 2412 sceptra
2664 2338 3042 2410 gladiosque,
3065 2352 3327 2411 quorum
3353 2335 3498 2392 olim
3520 2350 3667 2390 usus

2014 2435 2141 2488 erat
2166 2434 2457 2503 tanquam
2484 2428 2654 2499 regni
2683 2426 2958 2500 symbola
2979 2430 3216 2496 gestant
3241 2423 3669 2481 diaconi.Tum

2014 2526 2070 2578 et
2091 2519 2449 2586 ventilabra,
2480 2518 2744 2587 ﬁguram
2774 2516 3245 2573 cherubinorum
3284 2515 3518 2587 gerunt.
3559 2511 3669 2578 Qui

2014 2614 2217 2667 autem
2248 2608 2481 2665 canitur
2518 2608 2778 2680 hymnus
2809 2605 3186 2671 cherubicus,
3213 2604 3503 2661 admonet
3534 2617 3671 2659 om-

2013 2715 2142 2769 nes,
2176 2701 2241 2755 ut
2269 2713 2450 2760 nunc,
2479 2701 2536 2753 et
2584 2711 2778 2769 usque
2821 2694 2901 2751 ad
2947 2694 3196 2764 liturgiae
3246 2693 3456 2759 ﬁnem,
3488 2696 3673 2749 atten-

2014 2788 2161 2844 tiore
2182 2789 2387 2843 animo
2411 2785 2780 2854 sint,omissa
2799 2783 2966 2840 omni
2982 2783 3297 2839 mundana
3317 2786 3671 2853 terrenaque

2017 2893 2179 2943 cura,
2208 2891 2316 2932 ceu
2343 2874 2448 2949 qui
2475 2890 2770 2945 magnum
2821 2875 3044 2942 Regem
3072 2871 3135 2928 in
3177 2886 3349 2928 sacra
3403 2885 3672 2927 commu-

2014 2965 2196 3022 nione
2231 2963 2562 3037 suscepturi
2584 2965 2743 3019 sunt.
2771 2964 2903 3017 Jam
2924 2964 2982 3017 et
3002 2976 3206 3016 rerum
3232 2963 3581 3015 sanctarum
3610 2958 3674 3014 in

2018 3058 2225 3109 sancta
2252 3067 2464 3108 mensa
2483 3049 2788 3123 repositio,
2811 3049 3081 3104 imitatur
3109 3051 3363 3104 stratum
3390 3045 3537 3101 illud
3558 3061 3672 3101 coe-

2016 3142 2323 3213 naculum,
2356 3145 2413 3197 et
2440 3139 2623 3213 paulo
2652 3143 2810 3212 post,
2836 3138 2898 3194 in
2936 3152 3177 3193 crucem
3207 3135 3634 3192 exaltationem
3660 3153 3673 3204 ;

2015 3236 2072 3289 et
2090 3232 2151 3288 in
2176 3232 2295 3287 ﬂne
2315 3230 2565 3287 demum
2590 3227 2964 3302 sepulturam
2988 3229 3464 3299 repraesentanet
3481 3238 3676 3280 resur-

2011 3322 2340 3380 rectionem
2372 3326 2428 3376 et
2464 3318 2683 3376 deinde
2737 3317 3244 3389 assumptionem.
3296 3318 3377 3371 Ne
3435 3314 3597 3370 enim
3627 3313 3677 3368 si

2015 3412 2287 3469 omnium
2311 3408 2612 3481 sigillatim
2638 3413 2783 3464 tunc
2813 3411 3085 3463 actorum
3100 3405 3318 3461 horam
3341 3420 3410 3460 ac
3442 3406 3677 3475 tempus

2012 3501 2337 3573 locumque
2358 3498 2679 3554 deﬁnirent
2697 3495 2860 3553 beati
2882 3494 3312 3563 Patres,adhuc
3336 3492 3468 3550 aliis
3488 3496 3682 3549 trans-

2013 3589 2360 3657 lationibus,
2378 3587 2780 3661 pluribusque
2797 3583 3086 3641 altaribus
3114 3582 3473 3653 indigerent,
3498 3585 3679 3654 atque

2015 3680 2156 3736 hinc
2180 3677 2357 3751 quasi
2391 3676 2540 3732 risui
2571 3678 2909 3748 expositum
2941 3671 3293 3729 oeconomiae
3324 3668 3678 3743 mysterium

2017 3768 2314 3830 evaderet,
2347 3766 2634 3822 decoram
2667 3762 2996 3819 mundanae
3028 3760 3129 3817 Dei
3169 3759 3484 3816 creationis
3504 3757 3674 3814 ratio-
3713 3825 3721 3835 ι

2016 3874 2155 3915 nem
2196 3855 2409 3913 imitati
2448 3858 2607 3921 sunt,
2636 3857 2936 3926 quatenus
2964 3849 3195 3906 homini
3229 3848 3433 3904 divina
3459 3846 3681 3903 imitari

2015 3947 2151 4004 licet
2199 3952 2381 4018 atque
2429 3943 2694 4017 operari.
2748 3941 2956 4014 Itaque
3006 3938 3140 3995 coeli
3188 3937 3374 3994 instar
3403 3936 3681 4008 superius

2018 4040 2239 4093 sanctae
2265 4048 2489 4090 mensas
2510 4032 2762 4089 lacunar
2781 4029 3371 4086 fabricarunt.lnstar
3385 4040 3528 4081 vero
3549 4024 3683 4079 uni~

2017 4141 2204 4183 versae
2230 4128 2398 4180 terrae
2430 4137 2560 4179 esse
2590 4119 3025 4176 constituerunt
3043 4116 3160 4173 sub
3183 4118 3442 4188 quatuor
3472 4112 3681 4170 ciborii

2019 4214 2317 4274 columnis
2348 4214 2622 4270 clausum
2652 4214 2710 4268 et
2745 4208 3268 4281 circumscriptum
3302 4220 3544 4261 sacrum
3573 4220 3679 4276 pa-

2016 4305 2375 4362 vimentum.
2409 4303 2538 4368 Qua
2561 4301 2623 4357 in
2663 4315 2729 4356 re
2752 4296 3034 4371 impletur
3064 4293 3484 4368 propheticum
3530 4291 3682 4348 illud

2018 4395 2291 4452 dictum:
2327 4414 2356 4442 ‹‹
2408 4391 2521 4458 Qui
2574 4392 2861 4462 operatus
2915 4389 3007 4442 est
3054 4384 3310 4440 salutem
3367 4382 3429 4438 in
3477 4380 3680 4438 medio

2022 4488 2191 4542 terrae
2220 4486 2288 4540 ‘9.
2318 4504 2347 4534 »
2370 4485 2519 4539 Nam
2550 4495 2691 4535 cum
2738 4492 2952 4534 omnes
2982 4474 3382 4533 conﬁteantur
3410 4471 3683 4529 Hieroso-

2020 4574 2254 4649 lymam
2286 4575 2347 4630 in
2391 4570 2595 4629 media
2647 4573 2814 4626 terrae
2857 4567 3112 4625 statione
3141 4581 3271 4623 esse
3300 4563 3677 4628 collocatam,

2020 4678 2145 4737 qua
2171 4664 2234 4720 in
2266 4662 2501 4721 civitate
2527 4659 2878 4717 universam
2916 4656 3266 4730 passionem
3297 4669 3471 4710 suam
3498 4650 3682 4708 susti-

2018 4755 2150 4812 nuit
2201 4753 2512 4822 Dominus,
2555 4749 2981 4823 proditionem,
3008 4745 3329 4819 judicium,
3359 4748 3416 4801 et
3444 4758 3517 4800 ea
3543 4756 3681 4815 qure

2021 4860 2263 4903 crucem
2283 4843 2726 4916 praecesserunt
2754 4855 2825 4896 ac
2857 4837 3187 4895 subsecuta
3218 4837 3394 4904 sunt;
3428 4849 3567 4890 cum
3596 4831 3683 4887 in-

2020 5133 2261 5201 banlur,
2278 5129 2466 5187 donec
2491 5126 2798 5201 inquisitio
2821 5124 2995 5201 ἴασις
3007 5120 3243 5201 fuisset,
3262 5133 3407 5201 ηις-γη
3418 5130 3506 5201 ρξε’
3532 5115 3682 5198 tales

2018 5187 2229 5266 essent,
2248 5187 2389 5273 ’τινα
2426 5187 2670 5273 Domino
2700 5187 2878 5273 digne
2908 5187 3293 5273 offerrentur.
3325 5188 3440 5270 Sed
3467 5187 3683 5273 legesis

2017 5259 2303 5330 Allatium
2334 5274 2420 5328 De
2448 5259 2791 5341 Graecorum
2822 5259 3074 5341 templis,
3108 5261 3205 5341 ed.
3228 5259 3413 5341 Paris.
3443 5275 3508 5332 p.
3545 5262 3672 5315 136.

2089 5346 2197 5418 (22)
2245 5344 2387 5399 Hinc
2439 5342 2504 5418 in_
2528 5338 2778 5413 picturis
2811 5331 3025 5418 Gracia
3053 5331 3460 5418 missm‘vi‘des
3491 5344 3677 5418 ange-

2015 5403 2128 5489 los,
2162 5403 2422 5489 quorum
2449 5403 2645 5489 vicem
2676 5404 3181 5489 gerunt‘diaconi,
3218 5403 3441 5489 gladiis
3486 5417 3682 5489 arma-

2015 5472 2130 5545 tos:
2161 5472 2227 5543 Et
2245 5472 2741 5542 caeremoniarum
2761 5476 2928 5550 apud
2956 5492 3068 5533 nos
3088 5472 3395 5548 magistris
3423 5472 3679 5531 baculus

2015 5561 2203 5616 instar
2234 5556 2451 5629 sceptri
2479 5557 2658 5629 est._
2779 5624 2788 5629 Δ
2910 5600 2915 5603 .

2089 5629 2202 5706 (23)
2233 5618 2353 5706 Hic'
2372 5639 2617 5706 quoque
2643 5624 3117 5706 tractus,_usque
3147 5618 3228 5677 ad
3256 5619 3549 5685 κοινωνίας,
3585 5630 3683 5672 ex-

2015 5695 2216 5761 statin
2247 5697 2377 5758 solo
2391 5695 2608 5755 ’codice
2638 5695 2765 5764 632,
2795 5707 2859 5767 p.
2895 5695 2949 5749 6.
2975 5706 3034 5751 a.
