4134 6450
455 328 560 398 μθ

1722 325 2079 387 THEODOBI
2113 316 2541 385 MDIDENSIS

3709 326 3874 382 444

442 466 645 525 super
671 454 944 509 sanctam
972 468 1253 513 mensam
1296 448 1569 510 medium
1605 450 1758 509 inter
1787 449 2006 506 ccelum
2036 464 2107 505 ac

2228 450 2413 511 τάθους
2440 450 2639 506 ὑπέστη
2682 451 2707 501 6
2740 452 2949 524 Κύριος,
2981 453 3076 507 τὴν
3122 445 3442 523 προδοσίαν,
3481 453 3575 511 τὴν
3615 454 3863 523 κρίσιν,

457 546 681 603 terram
711 546 911 598 tenere
936 541 1139 599 locum
1175 546 1486 614 appareat,
1520 541 1856 612 eademque
1910 537 2109 595 media

458 630 613 687 inter
641 630 959 687 columnas
984 646 1055 687 ac
1085 629 1418 688 ventilabra
1454 630 1549 696 sit,
1573 630 1783 687 merito
1808 629 1940 701 ipsa
1958 627 2110 684 caelo

462 718 782 791 supposita
811 735 944 775 esse
971 719 1232 777 dicetur:
1255 724 1435 793 atque
1465 719 1588 777 sive
1618 718 1682 774 in
1711 717 1881 774 India
1905 716 2028 773 sive
2049 716 2113 773 in

461 808 813 871 Britannicis
842 808 1060 866 insulis
1097 824 1170 865 ea
1198 809 1511 879 consistat,
1538 808 1794 866 salutem
1820 808 1884 864 in
1910 805 2112 864 medio

460 902 632 953 terrae
656 902 956 969 patratam
983 898 1166 956 fuisse
1191 898 1436 957 denotat
1482 914 1587 972 per
1614 913 1688 954 ea
1714 913 1852 971 qum
1875 897 1936 954 in
1979 895 2117 969 ipsa

458 991 834 1060 peraguntur
860 988 1169 1060 mysteria.
1184 989 1355 1055 Quod
1388 988 1437 1045 si
1466 988 1602 1061 quis
1631 987 1814 1055 dicat,
1844 1001 1967 1042 non
1989 1000 2115 1041 om-

459 1090 603 1135 nem
639 1074 954 1132 ecclesiam
983 1075 1207 1133 habere
1237 1077 1533 1135 ciborium
1564 1082 1624 1133 et
1652 1076 1992 1148 crepidines
2022 1079 2117 1131 at-

459 1178 579 1236 que
604 1163 942 1232 columnas,
976 1167 1140 1233 satis,
1164 1166 1439 1238 inquam,
1462 1166 1572 1222 erit
1601 1165 1652 1221 si
1681 1161 2118 1222 semicirculare

458 1251 645 1308 bema
679 1251 920 1325 habeat,
954 1254 1121 1326 quod
1151 1254 1213 1311 in
1245 1254 1513 1327 qualibet
1534 1254 1784 1310 ecclesia
1812 1252 1940 1308 ﬁeri
1980 1268 2120 1307 con-

463 1340 734 1397 stitutum
755 1347 864 1413 est,
907 1343 1082 1412 cujus
1110 1359 1364 1400 curvum
1400 1344 1650 1400 lacunar
1678 1342 1917 1399 cceleste
1937 1340 2124 1396 hemi‘

461 1428 792 1501 sphaerium
821 1438 1228 1502 repraesentat,
1251 1432 1517 1490 mediam
1542 1431 1775 1489 habens
1805 1447 1878 1487 ex
1907 1430 2119 1485 adver-

464 1534 534 1575 so
563 1526 835 1575 sanctam
858 1536 1157 1579 mensam.

535 1700 621 1755 19.
634 1701 769 1755 Jam
793 1705 931 1772 post
959 1707 1304 1759 sanctorum
1334 1704 1636 1761 donorum
1665 1704 2118 1776 repositionem,

2216 544 2285 594 τὰ
2310 543 2412 614 πρὸ
2452 548 2545 592 τοῦ
2574 547 2824 614 σταυροῦ,
2863 543 2954 591 καὶ
2990 541 3058 591 τὰ
3112 540 3239 612 μενὰ
3270 542 3356 591 τὸν
3389 542 3614 614 σταυρόν
3645 552 3661 568 ’
3706 536 3862 592 ἐπεὶ

2218 635 2303 683 καί
2369 632 2401 689 ἡ
2452 629 2579 701 ἁγία
2613 629 2852 705 τράπεζα
2915 630 3154 702 μεθόριον
3194 628 3416 700 οὐρανοῦ
3468 632 3559 680 καὶ
3611 635 3717 699 γῆς
3762 629 3875 690 ὡς

2218 717 2650 793 παραδείκνυται,
2698 724 2789 771 καὶ
2838 722 2974 773 κατὰ
3017 721 3077 770 τὸ
3140 721 3298 792 μέσον
3335 726 3437 771 τῶν
3500 721 3685 770 κιόνων
3737 721 3873 769 καὶ

2220 818 2321 862 τῶν
2386 809 2557 880 κύκλῳ
2602 806 2829 883 ῥιπίδων
2886 810 2999 880 ἔχει
3062 811 3157 867 τὴν
3219 810 3427 879 στάσιν,
3489 807 3702 867 εἰκότως
3749 805 3870 858 ἐπ’

2222 899 2437 974 οὐρανὸν
2500 901 2580 956 εἴη
2627 898 2782 959 αὕτη,
2850 901 2950 951 εἴτε
3000 896 3051 950 έν
3108 892 3295 968 Ἰνδίᾳ,
3344 899 3440 949 εἶτε
3495 894 3544 949 ἐν
3584 902 3871 969 Βρετανι-

2223 997 2341 1051 καῑς
2399 989 2509 1059 (24)
2534 993 2730 1058 νήσοις,
2772 987 2821 1040 έν
2871 991 3015 1060 μέσῳ
3066 996 3164 1049 τῆς
3198 995 3296 1059 γῆς
3330 986 3445 1058 (25)
3498 990 3596 1045 τὴν
3647 1004 3868 1042 σωτη-

2224 1084 2343 1152 ρίαν
2400 1076 2713 1150 ἐργάζεσθαι
2760 1079 3068 1149 ὑπεμφαίνει
3126 1073 3220 1129 διὰ
3267 1083 3369 1128 τῶν
3423 1074 3744 1147 τελουμένων
3798 1072 3871 1124 ἐν

2228 1170 2358 1241 αὐτῇ
2394 1185 2407 1199 ·
2458 1175 2531 1238 τῷ
2572 1164 2630 1220 δὲ
2667 1167 2886 1238 λέγοντι,
2921 1165 3054 1219 Ἀλλ’
3094 1174 3157 1218 οῦ
3186 1171 3337 1218 πᾶσα
3364 1164 3622 1222 ἐκκλησία
3667 1162 3869 1215 κιϐώ-

2227 1276 2337 1334 ριον
2389 1260 2503 1330 ἔχει
2553 1261 2643 1309 καὶ
2693 1251 2958 1329 κρηπῖδας
3009 1260 3100 1307 καὶ
3141 1259 3337 1325 κίονας,
3393 1252 3601 1328 ἀρκέσει
3638 1257 3701 1305 τὸ
3742 1260 3871 1306 τοῦ

2231 1346 2468 1421 βήματος
2542 1345 2851 1419 ἡμικύκλιον
2904 1344 2952 1396 έν
3007 1347 3154 1417 πάσῃ
3223 1343 3480 1415 ἐκκλησίᾳ
3539 1344 3870 1415 νομοθετη-

2230 1442 2312 1491 θέν
2342 1438 2485 1507 (26)·
2519 1436 2580 1489 οὗ
2609 1439 2699 1488 καὶ
2724 1438 2750 1487 6
2788 1435 2927 1508 μύαξ
2955 1438 3014 1487 τὸ
3039 1434 3278 1508 οὐράνιον
3310 1434 3659 1506 ἡμισφαίριον
3692 1448 3870 1504 6x1)-

2228 1528 2459 1601 ματίξει,
2518 1524 2566 1577 ἐν
2622 1528 2766 1598 μέσῳ
2828 1528 2951 1596 ἔχον
2998 1526 3316 1598 καταντικρὺ
3381 1527 3476 1580 τὴν
3516 1521 3669 1593 ἁγίαν
3706 1522 3870 1593 τρά-

2224 1617 2409 1677 πεζαν.

2303 1706 2388 1762 ιϐ’,
2427 1706 2572 1757 Μετά
2629 1699 2688 1756 δι
2724 1706 2810 1760 τὴν
2857 1701 3109 1755 ἀπόθεσιν
3159 1708 3261 1753 τῶν
3293 1699 3456 1772 ἁγίων
3495 1695 3699 1771 δώρων,
3742 1701 3865 1755 τὴν

459 1803 703 1859 precem
732 1791 1052 1862 episcopus
1081 1806 1193 1863 pro
1224 1809 1286 1848 se
1304 1793 1603 1865 etpopulo
1622 1793 2116 1864 recitans,postu-

2228 1796 2386 1867 εὐχὴν
2417 1796 2442 1846 6
2484 1793 2758 1865 ἀρχιερεὺς
2797 1794 2923 1865 ὑπὲρ
2965 1790 3147 1843 ἑαυτοῦ
3194 1794 3286 1841 καὶ
3344 1795 3438 1841 τοῦ
3488 1787 3613 1840 λαοῦ
3643 1790 3862 1839 ποιού-

462 1877 548 1935 lat
575 1881 639 1933 ut
668 1882 907 1949 gratum
938 1880 1014 1935 sit
1061 1883 1181 1936 Deo
1210 1882 1363 1938 Patri
1420 1881 1785 1938 sacriﬁcium
1830 1881 1951 1937 Filii
1988 1882 2118 1953 ejus

462 1965 756 2035 unigeniti
795 1967 900 2040 qui
949 1967 1322 2026 immolatur.
1373 1972 1605 2028 Etenim
1646 1970 1745 2027 hic
1773 1970 2123 2027 immolatus

463 2051 728 2109 hostiam
756 2070 820 2110 se
870 2056 931 2111 in
961 2057 1055 2112 sui
1100 2058 1285 2114 Patris
1332 2059 1630 2115 honorem
1658 2058 1891 2129 obtulit,
1923 2073 2121 2130 quan-

464 2156 652 2214 quam
684 2141 747 2197 id
775 2144 949 2200 Pater
991 2160 1116 2201 non
1168 2146 1449 2216 exigeret.
1480 2152 1673 2219 Atque
1699 2146 1947 2218 sanguis
1994 2147 2124 2217 ejus

464 2229 781 2289 liberando
804 2232 1084 2289 universo
1103 2234 1423 2291 hominum
1450 2236 1652 2304 generi
1667 2236 1927 2309 pretium
1952 2235 2125 2291 exsti-

464 2318 551 2386 tit,
579 2323 636 2374 et
657 2319 838 2392 quasi
864 2321 1440 2394 redemptio.Postea
1464 2323 1620 2381 elata
1637 2340 1811 2381 voce:
1833 2326 2122 2379 Amemus

465 2406 744 2476 invicem,
799 2409 1024 2466 clamat
1073 2410 1408 2481 diaconus;
1441 2413 1523 2469 ita
1569 2417 1635 2469 ut
1663 2413 1957 2470 sensibilis
1986 2429 2123 2485 quae

468 2499 610 2552 tunc
637 2496 705 2557 ﬁt
732 2497 1031 2563 salutatio,
1068 2499 1545 2558 intellectualiter
1565 2502 1719 2558 intra
1744 2518 1845 2558 cor
1868 2501 2122 2573 recipia-

465 2588 581 2655 tur,
633 2590 691 2641 et
740 2587 939 2643 Omnis
988 2588 1347 2660 injuriarum
1398 2591 1696 2647 memoria
1724 2590 2120 2661 abstergatur.

464 2676 613 2730 Tum
634 2673 729 2730 bis
752 2674 1047 2733 diaconus
1074 2678 1413 2736 inclamans
1440 2680 1549 2737 ait:
1576 2702 1605 2731 ‹‹
1636 2683 1864 2750 Portas,
1884 2684 2119 2751 portas;

464 2762 529 2821 in
558 2763 851 2836 sapientia
879 2765 1262 2824 attendamus
1291 2786 1306 2834 ;
1339 2792 1366 2819 »
1417 2769 1478 2825 id
1518 2774 1625 2837 est,
1660 2772 1740 2827 Ne
1769 2769 2123 2841 insipienter

467 2866 661 2923 neque
681 2852 1123 2915 inconsiderate
1147 2863 1360 2915 sancta
1385 2858 1515 2915 haec
1547 2863 1803 2915 tractare
1824 2857 2118 2923 ausimus,

466 2956 577 2997 nec
603 2943 778 3014 quasi
797 2945 1154 3017 quotidiana
1182 2948 1619 3004 consuetudine
1643 2944 1986 3004 inviolabile
2006 2946 2121 3002 hoc

465 3044 831 3101 peragamus
847 3034 1114 3092 ofﬁcium
1133 3042 1190 3093 et
1215 3042 1511 3104 actum,ut
1532 3036 1901 3110 acceptabile
1920 3035 2099 3092 videa

465 3135 605 3176 mur
650 3123 904 3179 Domino
952 3125 1309 3183 sacriﬁcium
1347 3125 1561 3183 offerre
1594 3142 1606 3179 :
1657 3125 1764 3183 sed
1793 3129 2119 3197 postquam

466 3222 606 3265 cum
657 3209 914 3280 puritate
970 3214 1434 3283 cognoverimus
1490 3213 1585 3269 cui
1614 3213 1708 3269 vel
1735 3212 1904 3285 quali
1930 3212 2117 3269 modo

467 3297 706 3366 singula
724 3303 1211 3373 prototypa,quae
1230 3317 1393 3358 nunc
1416 3301 1813 3375 ﬁunt,utiliter
1830 3317 2118 3372 congrue-

465 3398 584 3455 que
631 3391 999 3456 competant.
1032 3388 1275 3461 Oportet
1326 3389 1529 3463 itaque
1578 3396 1640 3446 ut
1695 3396 1906 3463 mystae
1937 3398 2119 3462 atqtle

465 3470 794 3527 initiatores
836 3472 1056 3530 harum
1082 3491 1302 3542 rerum,
1336 3478 1697 3546 sacerdotes,
1729 3479 2002 3550 inquam,
2036 3482 2119 3534 at-

465 3575 586 3633 que
615 3560 905 3634 episcopi,
932 3565 1249 3637 cunctique
1277 3567 1557 3637 ministri,
1587 3568 1883 3625 rationem
1937 3582 2118 3623 nove-

465 3649 582 3709 rint
610 3650 951 3708 ofﬁciorum
978 3654 1218 3722 horum,
1251 3661 1309 3712 et
1332 3658 1427 3712 cui
1457 3657 1937 3731 unumquodque
1966 3655 2120 3713 refe-

465 3745 649 3796 ratur.
683 3741 855 3807 Quod
883 3747 972 3799 est
1002 3744 1162 3800 enim
1188 3745 1496 3803 rationalis
1523 3753 1755 3815 naturae
1784 3747 2118 3821 proprium,

464 3827 526 3885 id
555 3828 646 3885 his
674 3829 897 3901 verbis,
932 3855 960 3883 ‹‹
988 3833 1053 3888 In
1084 3834 1382 3907 sapientia
1402 3836 1845 3906 attendamus,»
1868 3837 2123 3908 impera-

468 3922 581 3974 tur.
617 3919 895 3991 Sequitur
923 3937 936 3975 :
970 3944 999 3971 «
1042 3924 1277 3979 Stemus
1305 3924 1582 3991 honeste,
1622 3931 1850 3983 stemus
1884 3941 2023 3980 cum
2052 3923 2119 3980 ti-

466 4022 635 4064 more
665 4009 1052 4066 attendamus
1096 4018 1320 4069 sanctas
1367 4015 1719 4087 anaphorae.
1770 4037 1798 4065 ››
1830 4016 2121 4081 Quaenam

466 4110 648 4169 porro
673 4099 1026 4171 anaphora?
1047 4104 1272 4173 Nempe
1292 4102 1371 4158 ad
1392 4110 1714 4177 prototypa
1728 4104 2120 4176 perﬁciendo-

465 4200 601 4240 rum
619 4186 1037 4257 symbolorum
1063 4193 1942 4260 respectus.Demoustrativum
1959 4191 2122 4247 enim

467 4277 578 4338 est,
613 4279 670 4328 et
699 4273 1105 4331 similitudinis
1134 4277 1546 4351 indicativum,
1591 4282 1917 4354 anaphoras
1946 4295 2120 4336 voca—

466 4359 699 4416 bulum.
732 4361 993 4434 Ideoque
1020 4370 1338 4423 trementes
1359 4372 1580 4440 pariter
1609 4376 1666 4426 et
1692 4370 2118 4441 lacrymantes.

2226 1904 2393 1958 μενος,
2445 1882 2670 1934 αἰτεῖται
2729 1876 3152 1954 εὐπροσδόκητον
3203 1880 3447 1950 γενέσθαι
3502 1882 3598 1935 τὴν
3656 1894 3863 1951 προτε-

2231 1977 2405 2027 θεῖσαν
2444 1980 2516 2042 τῷ
2571 1979 2684 2041 Θεῷ
2739 1975 2830 2022 καὶ
2870 1974 3039 2044 Πατρὶ
3081 1970 3267 2020 θυσίαν
3305 1974 3399 2019 τοῦ
3459 1967 3709 2038 θυομένου
3742 1985 3856 2037 μο-

2229 2070 2459 2134 νογενοῦς
2520 2062 2643 2113 Υἱοῦ
2704 2059 2864 2111 αὑτοῦ
2898 2074 2911 2088 ⁸
2976 2058 3122 2117 οὗτος
3181 2059 3280 2129 γὰρ
3347 2057 3373 2107 6
3437 2056 3682 2127 θυόμενος
3762 2054 3854 2116 εἰς

2230 2156 2387 2224 τιμὴν
2442 2157 2536 2202 τοῦ
2600 2148 2794 2201 οἰκείου
2857 2151 3078 2219 Πατρός,
3134 2145 3315 2198 ἑαυτὸν
3381 2143 3450 2204 εἰς
3490 2145 3674 2196 θυσίαν
3736 2140 3856 2194 6m-

2231 2237 2418 2293 έδωκει
2454 2244 2545 2290 καὶ
2582 2246 2749 2290 ταῦτα
2796 2240 2868 2309 μὴ
2912 2236 3221 2295 αἰτήσαντος
3250 2240 3341 2286 τοῦ
3373 2236 3576 2305 Πατρός
3598 2252 3611 2265 ο
3643 2235 3738 2283 καὶ
3780 2235 3855 2284 τὸ

2231 2329 2303 2392 εἰς
2350 2332 2502 2401 τιμὴν
2539 2331 2800 2400 πατρικὴν
2851 2327 3015 2397 χυθὲν
3074 2324 3225 2397 αἷμα,
3268 2328 3422 2374 τοῦτο
3459 2325 3588 2392 τιμή
3640 2322 3853 2392 ἐγένετο

2229 2422 2359 2491 πρὸς
2433 2415 2717 2491 ἐλευθερίαν
2785 2417 2962 2475 πάσης
3023 2413 3443 2486 ἁνθρωπότητος,
3516 2414 3612 2462 καὶ
3685 2410 3856 2461 οἱονεί

2229 2527 2306 2567 τις
2362 2506 2609 2569 ἐξῶνησις
2643 2522 2655 2534 ⁸
2716 2501 2825 2556 εἷνα
2870 2507 2948 2574 τό,
2993 2524 3023 2553 ι(
3060 2503 3441 2573 Ἀγαπήσωμεν
3497 2497 3765 2567 ἀλλήλους,
3812 2520 3849 2547 ν

2231 2596 2443 2667 ἐκφωνεῖ
2502 2596 2527 2646 ό
2595 2590 2856 2658 διάκονος,
2916 2594 3050 2644 ὥστε
3111 2594 3198 2642 τὸν
3256 2589 3509 2646 αἰσθητὸν
3569 2592 3851 2660 γινόμενον

2231 2687 2513 2756 ἀσπασμόν
2572 2690 2766 2743 νοητῶς
2831 2681 2879 2734 iv
2941 2688 3003 2752 τῇ
3064 2676 3265 2752 καρδίᾳ
3316 2674 3683 2750 εἰσδέχεσθαι,
3744 2680 3846 2728 καὶ

2228 2781 2403 2827 πᾶσαν
2469 2772 2715 2847 ἕξορίζειν
2785 2773 3160 2843 μνησικακίαν.
3230 2763 3691 2825 Ἀναδιπλασιάζει
3769 2761 3843 2816 δὲ

2227 2868 2657 2937 παρεγγυῶμενος
2713 2862 2738 2912 6
2797 2856 3037 2920 διάκονος
3088 2857 3270 2928 λέγων,
3304 2879 3331 2907 ‹‹
3372 2858 3473 2916 Τὰς
3512 2856 3683 2927 θύρας,
3736 2854 3839 2913 τὰς

2231 2955 2391 3027 θύρας
2426 2968 2438 2980 ·
2485 2951 2533 3004 ἐν
2588 2954 2744 3021 σοφίᾳ
2771 2953 3130 3022 πρόσσχωμεν
3154 2967 3167 2979 ·
3202 2968 3231 2997 ν
3278 2947 3538 3014 τουτέστι,
3582 2946 3669 3000 Μὴ
3702 2940 3841 2994 ἀσό-

2228 3062 2329 3115 φως
2366 3045 2456 3093 καὶ
2512 3038 2803 3109 ἀλογίστως
2852 3036 3117 3108 τολμῶμεν
3178 3039 3333 3086 ταυτὶ
3393 3036 3461 3086 τὰ
3505 3032 3655 3103 οἷγια,
3701 3028 3841 3103 μηδ’

2159 3147 2199 3203 C
2230 3134 2329 3183 ὑπὸ
2371 3139 2467 3191 τῆς
2517 3130 2633 3181 καθ’
2666 3128 2891 3184 ἑκάστην
2948 3127 3144 3197 ἡμέραν
3186 3124 3459 3182 συνηθείας
3508 3124 3570 3174 τὸ
3624 3118 3839 3173 ἀνεπισ-

2226 3219 2378 3293 φαλες
2432 3219 2800 3293 κατορθοῦντες
2850 3223 2947 3276 τῆς
3001 3214 3237 3287 πράξεως
3288 3216 3379 3265 καὶ
3434 3217 3526 3282 τῆς
3579 3209 3841 3280 ἐνεργείας

2228 3309 2415 3375 αὐτῶν,
2487 3303 2720 3377 δοκῶμεν
2797 3306 2983 3356 θυσίαν
3059 3295 3440 3375 εὐπρόσδεκτον
3514 3306 3590 3369 τῷ
3660 3300 3837 3369 Κυρίῳ

2228 3401 2571 3473 προσφέρειν·
2628 3394 2735 3447 ἀλλ’
2776 3395 2897 3446 ὅταν
2954 3395 3085 3465 μετὰ
3149 3393 3507 3465 καθαρότητος
3555 3387 3836 3457 ἐπιγινώσ-

2229 3508 2430 3560 κωμεν,
2505 3506 2609 3538 τινι
2680 3489 2772 3536 καὶ
2844 3488 2979 3553 ποίῳ
3050 3485 3227 3555 τρόπῳ
3302 3486 3402 3531 τῶν
3475 3478 3839 3549 πρωτοτύπων

2229 3579 2445 3631 ἕκαστον
2482 3583 2580 3627 τῶν
2633 3581 2720 3625 νῦν
2770 3571 3080 3643 τελουμένων
3137 3572 3448 3644 προσφόρως
3493 3571 3584 3618 καὶ
3639 3561 3830 3615 καταλ-

2228 3666 2395 3726 λήλως
2436 3666 2771 3716 συνάπτεται.
2834 3664 2947 3732 Χρὴ
3004 3656 3094 3712 οὖν
3145 3661 3263 3718 τοὺς
3315 3660 3524 3730 μύστας
3562 3656 3644 3705 καὶ
3695 3669 3834 3723 μυσ-

2229 3758 2495 3827 ταγαγούς
2530 3761 2628 3805 τῶν
2676 3754 2945 3815 τοιούτων,
3004 3749 3172 3821 ἰερεῐς,
3207 3750 3361 3819 φημί,
3413 3749 3503 3798 καὶ
3549 3743 3840 3817 ἀρχιερεῖς,

2231 3850 2320 3897 καὶ
2377 3846 2575 3904 πάντας
2623 3844 2740 3900 τοὺς
2795 3847 2962 3892 ταῦτα
3000 3835 3452 3908 διακονουμένους,
3503 3830 3697 3886 εἰδέναι
3748 3834 3843 3883 τὸν

2228 3933 2378 4004 λόγον
2413 3939 2512 3984 τῶν
2560 3929 2888 4001 τελουμένων,
2952 3930 3041 3979 καὶ
3098 3929 3230 3998 πρὸς
3284 3932 3336 3975 τί
3389 3924 3607 3976 ἕκαστον
3655 3919 3845 3991 ἀναφέ-

2228 4041 2376 4098 ρεται
2402 4042 2415 4055 ο
2473 4026 2623 4072 τοῦτο
2664 4020 2765 4090 γὰρ
2799 4013 2935 4069 ἴδιον
2964 4024 3060 4075 τῆς
3088 4014 3301 4086 λογικῆς
3358 4016 3578 4084 φύσεως,
3627 4010 3695 4070 ὠς
3747 4013 3848 4062 καὶ

2228 4097 2309 4176 τὸ,
2352 4131 2381 4159 ‹‹
2421 4109 2503 4162 Ἐν
2570 4111 2728 4178 σοφίᾳ
2782 4110 3160 4179 πρόσσχωμεν,
3203 4124 3231 4153 ››
3288 4097 3646 4154 διεντέλλεται.
3707 4100 3845 4150 Τού-

2229 4218 2335 4258 τοις
2373 4198 2547 4249 ἔπεται
2599 4199 2690 4246 καὶ
2743 4197 2822 4262 τὸ,
2886 4215 2914 4241 ‹‹
2968 4200 3167 4263 Στῶμεν
3205 4188 3395 4255 καλῶς,
3452 4195 3652 4256 στῶμεν
3707 4189 3848 4258 μετὰ

2230 4286 2388 4359 φόϐου
2420 4302 2432 4314 ·
2484 4289 2840 4356 πρόσσχωμεν
2879 4289 2942 4353 τῇ
2991 4279 3118 4351 ἁγίᾳ
3166 4278 3418 4352 ἀναφορᾷ.
3466 4299 3494 4328 ››
3552 4281 3645 4337 Τίς
3687 4272 3746 4329 δε
3808 4277 3844 4333 ἡ

2226 4376 2505 4447 ἀναφορά;
2553 4379 2611 4424 Ἥ
2679 4375 2809 4446 πρὸς
2865 4374 2930 4422 τὰ
3002 4372 3323 4444 πρωτότυπα
3378 4376 3477 4418 τῶν
3524 4365 3848 4437 τελουμένων

466 4448 640 4543 quasi
666 4449 868 4543 ipsum
882 4468 1044 4509 nunc
1064 4470 1444 4513 cerneremus
1466 4459 1792 4530 patientem
1815 4476 1924 4532 pro
1945 4461 2119 4518 nobis

2232 4462 2502 4536 συμϐόλων
2528 4460 2712 4531 ἔποψις
2757 4457 3000 4517 δηλονότι
3030 4476 3041 4487 ·
3092 4455 3352 4510 δεικτικὸν
3380 4458 3480 4530 γὰρ
3529 4459 3619 4507 καὶ
3649 4454 3847 4526 ὁμοιω-

468 4537 960 4611 theanthropum,
985 4542 1065 4598 ita
1109 4549 1334 4601 stemus
1364 4547 1561 4603 sobrie
1581 4552 1638 4603 et
1667 4551 2019 4620 composite,
2052 4557 2118 4608 ut

470 4642 610 4682 cum
640 4643 807 4700 pace,
841 4640 896 4684 et
924 4630 1051 4687 sine
1102 4637 1471 4693 terrenarum
1530 4637 1961 4703 cogitationum
1993 4655 2121 4711 per-

470 4713 829 4785 turbatione,
847 4717 976 4775 haac
1003 4720 1373 4789 exhibentes,
1398 4723 1561 4794 digni
1584 4725 1803 4780 ﬁamus
1834 4727 2123 4799 inclytam

470 4804 601 4874 ejus
637 4808 1129 4866 resurrectionem
1174 4828 1438 4881 cernere,
1497 4823 1677 4884 atque
1709 4814 1849 4871 hinc
1899 4819 2123 4887 gaudio

470 4892 721 4965 repleri;
752 4899 1053 4970 praecipue
1082 4900 1207 4972 qui,
1237 4906 1415 4972 prout
1441 4901 1557 4956 loci
1589 4904 1874 4961 sanctitas
1919 4914 2124 4978 postu-

469 4982 572 5049 lat,
605 5000 825 5056 corpus
859 4988 1219 5060 suscipiunt.
1275 4990 1339 5044 Hi
1387 4992 1548 5046 enim
1575 4996 1633 5047 et
1662 4993 1712 5048 ei
1747 4998 2129 5068 compatiun-

472 5076 587 5157 tur,
619 5080 673 5129 et
699 5078 1054 5149 consepulti,
1087 5083 1298 5150 postea
1324 5078 1497 5134 simul
1520 5090 1857 5152 resurgunt.

2227 4556 2445 4627 ματικὸν
2508 4554 2567 4603 τό
2632 4557 2722 4609 τῆς
2780 4547 3038 4622 ἀναφορᾶς
3112 4550 3311 4617 ὄνομα⁶
3371 4550 3462 4596 καὶ
3529 4540 3623 4596 διὰ
3682 4550 3850 4595 τοῦτο

2229 4646 2501 4715 τρέμοντες
2552 4641 2682 4711 ὁμοῦ
2729 4643 2819 4689 καὶ
2870 4634 3205 4710 δακρύοντες,
3236 4635 3306 4695 ὠς
3331 4642 3421 4685 νῦν
3476 4634 3631 4685 αὐτὸν
3676 4633 3848 4707 ὀρῶν-

2228 4751 2315 4792 τες
2386 4732 2671 4800 πάσχοντα
2744 4728 2870 4800 ὑπὲρ
2938 4728 3083 4798 ἡμῶν
3143 4729 3229 4777 τὸν
3293 4725 3641 4797 θεάνθρωπον,
3701 4723 3851 4775 οὕτω

2234 4828 2432 4891 στῶμεν
2473 4824 2732 4889 νηφόντως
2782 4819 2873 4867 καὶ
2913 4816 3201 4876 εὐσταθῶς,
3255 4815 3393 4873 ὅπως
3432 4811 3480 4864 ἓν
3530 4811 3706 4885 εἰρήνῃ
3748 4817 3852 4864 καὶ

2236 4907 2495 4981 ἀταραξίᾳ
2524 4914 2623 4957 τῶν
2673 4906 2901 4957 κάτωθεν
2939 4903 3228 4976 λογισμῶν,
3256 4910 3425 4954 ταῦτα
3466 4905 3852 4976 προσφέροντες

2234 5000 2265 5057 ἢ
2324 4998 2671 5070 ἀναφέροντες,
2713 4993 3115 5065 καταξιωθῶμεν
3168 4989 3297 5045 ἰδεῖν
3334 4991 3496 5043 αὐτοῦ
3547 4994 3642 5047 τὴν
3700 4988 3853 5041 θείαν

2238 5086 2549 5155 ἀνάστασιν,
2597 5088 2686 5135 καὶ
2710 5091 2805 5144 τῆς
2836 5082 3057 5135 ἐντεῦθεν
3088 5088 3265 5155 χαρᾶς
3291 5080 3698 5153 ἑμπλησθῶμεν·
3749 5085 3852 5131 καὶ

424 5248 427 5249 ν
472 5162 705 5235 μάλιστα
733 5167 781 5217 οῖ
812 5164 969 5228 ἀξίως
1001 5172 1093 5217 ἰὀῡ
1126 5168 1262 5218 θείαν
1307 5171 1468 5219 τόπου
1511 5169 1986 5245 μεταλαμϐάνοντες
2027 5181 2270 5249 σώματος
2305 5197 2317 5208 ·
2372 5174 2517 5227 οὗτοι
2554 5176 2653 5249 γὰρ
2693 5177 2784 5224 καὶ
2838 5175 3257 5244 συμπάσχουσιν
3303 5170 3464 5241 αὐτῷ,
3505 5173 3596 5221 καὶ
3645 5170 3850 5221 συνθα-

472 5255 723 5325 Δτττόμενοῐ
752 5258 1177 5306 συνανίστανται.

551 5429 666 5501 (24)
694 5427 863 5509 ’βίοις
907 5430 1073 5509 apud
1107 5433 1482 5509 _Germanum
1529 5434 1833 5506 βενετικαῖς,
1884 5441 2123 5496 venetis.

478 5496 798 5578 Helymum
827 5496 1074 5571 ἀνώγαιον
1101 5502 1488 5578 ἐσταυρωμένον
1518 5496 1627 5578 pro
1666 5496 2001 5578 ἐστρωμένον.

552 5572 666 5652 ςὲςί)
696 5565 1103 5652 Qiceres'cum
1132 5565 1323 5652 poetis
1342 5565 1396 5628 ’ἐν
1420 5565 1636 5652 ⁶ὁριςὲοξλῳ
1666 5565 1905 5652 τῆέγῖᾶς.
1957 5650 1965 5652 _
2000 5590 2001 5593 ‘

553 5632 667 5719 {26)
696 5638 870 5697 Vides
897 5641 1093 5713 legem
1122 5632 1391 5705 Graecam
1420 5632 1512 5721 ἂρ’
1543 5632 1973 5732 εθὶηὶὸίτὸίιῐετὶ
1999 5666 2131 5729 pre-

2236 5438 2524 5513 sbyterio,
2555 5443 2621 5513 ut
2645 5437 3231 5513 aputi_Allal_ium_De
3257 5436 3494 5513 templis
3520 5436 3707 5513 Graec.
3742 5434 3845 5499 ed.

2236 5507 2420 5567 Paris.
2457 5526 2516 5582 p.
2558 5507 2703 5582 466$
2726 5510 2889 5582 Quin,
2928 5508 3079 5582 adeo
3110 5508 3395 5582 decoram
3430 5507 3603 5582 hanc
3642 5507 3847 5582 legem

2238 5580 2539 5653 servatam
2566 5581 2839 5653 videmus
2876 5580 3184 5653 inpriscis
3215 5580 3397 5636 etiam
3427 5581 3631 5634 Romae
3662 5582 3719 5633 et
3757 5580 3845 5653 cio

2237 5650 2432 5729 vitatis
2458 5651 2761 5731 Tos‘caniae
2788 5649 3081 5726 basilicis,
3317 5706 3320 5712 λ
3798 5649 3831 5675 ’·
