  <div class='ocr_page' id='page_1' title='image "/cluster/home/n/w/nwhite01/storage/ocr_20150623/140/coo.31924054870450/232.png"; bbox 0 0 4134 6434; ppageno 0'>
   <div class='ocr_carea' id='block_1_1' title="bbox 271 334 384 399">
    <p class='ocr_par' dir='ltr' id='par_1_1' title="bbox 271 334 384 399">
     <span class='ocr_line' id='line_1_1' title="bbox 271 334 384 399; baseline -0.035 0"><span class='ocrx_word' id='word_1_1' title='bbox 271 334 384 399; x_wconf 67' lang='grc'>445</span> 
     </span>
    </p>
   </div>
   <div class='ocr_carea' id='block_1_2' title="bbox 276 540 1896 619">
    <p class='ocr_par' dir='ltr' id='par_1_2' title="bbox 276 540 1896 619">
     <span class='ocr_line' id='line_1_2' title="bbox 276 540 1896 619; baseline 0.001 -21"><span class='ocrx_word' id='word_1_2' title='bbox 276 548 376 607; x_wconf 78' lang='grc' dir='ltr'>τὰς</span> <span class='ocrx_word' id='word_1_3' title='bbox 418 540 652 619; x_wconf 79' lang='grc' dir='ltr'>καρδίας</span> <span class='ocrx_word' id='word_1_4' title='bbox 682 546 848 615; x_wconf 80' lang='grc' dir='ltr'>ἔχειν,</span> <span class='ocrx_word' id='word_1_5' title='bbox 881 565 973 596; x_wconf 89' lang='grc' dir='ltr'>και</span> <span class='ocrx_word' id='word_1_6' title='bbox 1014 544 1129 598; x_wconf 80' lang='grc' dir='ltr'>ὅλον</span> <span class='ocrx_word' id='word_1_7' title='bbox 1174 547 1262 597; x_wconf 88' lang='grc' dir='ltr'>τόν</span> <span class='ocrx_word' id='word_1_8' title='bbox 1315 551 1455 601; x_wconf 86' lang='grc' dir='ltr'>νοῦν.</span> <span class='ocrx_word' id='word_1_9' title='bbox 1489 548 1555 600; x_wconf 81' lang='grc' dir='ltr'>Οἱ</span> <span class='ocrx_word' id='word_1_10' title='bbox 1593 564 1777 601; x_wconf 86' lang='grc' dir='ltr'>πιστοι</span> <span class='ocrx_word' id='word_1_11' title='bbox 1816 543 1896 615; x_wconf 70' lang='grc' dir='ltr'>δὲ,</span> 
     </span>
    </p>
   </div>
   <div class='ocr_carea' id='block_1_3' title="bbox 278 632 1898 710">
    <p class='ocr_par' dir='ltr' id='par_1_3' title="bbox 278 632 1898 710">
     <span class='ocr_line' id='line_1_3' title="bbox 278 632 1898 710; baseline 0.001 -23"><span class='ocrx_word' id='word_1_12' title='bbox 278 638 480 689; x_wconf 83' lang='grc' dir='ltr'>τούτων</span> <span class='ocrx_word' id='word_1_13' title='bbox 534 633 841 707; x_wconf 83' lang='grc' dir='ltr'>λεγομένων,</span> <span class='ocrx_word' id='word_1_14' title='bbox 885 632 1285 706; x_wconf 70' lang='grc' dir='ltr'>ἐπαγγέλλονται</span> <span class='ocrx_word' id='word_1_15' title='bbox 1335 653 1645 708; x_wconf 65' lang='grc' dir='ltr'>προσφέρειν</span> <span class='ocrx_word' id='word_1_16' title='bbox 1696 644 1898 710; x_wconf 88' lang='grc' dir='ltr'>πρῶτον</span> 
     </span>
    </p>
   </div>
   <div class='ocr_carea' id='block_1_4' title="bbox 284 720 1901 796">
    <p class='ocr_par' dir='ltr' id='par_1_4' title="bbox 284 720 1901 796">
     <span class='ocr_line' id='line_1_4' title="bbox 284 720 1901 796; baseline 0.001 -20"><span class='ocrx_word' id='word_1_17' title='bbox 284 727 381 796; x_wconf 74' lang='grc' dir='ltr'>μὲν</span> <span class='ocrx_word' id='word_1_18' title='bbox 437 722 594 793; x_wconf 69' lang='grc' dir='ltr'>ἔλεον,</span> <span class='ocrx_word' id='word_1_19' title='bbox 639 720 751 775; x_wconf 81' lang='grc' dir='ltr'>εἶτα</span> <span class='ocrx_word' id='word_1_20' title='bbox 806 722 1018 796; x_wconf 76' lang='grc' dir='ltr'>εἰρήνην</span> <span class='ocrx_word' id='word_1_21' title='bbox 1065 723 1136 787; x_wconf 87' lang='grc' dir='ltr'>ὠς</span> <span class='ocrx_word' id='word_1_22' title='bbox 1185 724 1372 781; x_wconf 82' lang='grc' dir='ltr'>θυσίαν</span> <span class='ocrx_word' id='word_1_23' title='bbox 1419 723 1685 786; x_wconf 77' lang='grc' dir='ltr'>αἰνέσεως.</span> <span class='ocrx_word' id='word_1_24' title='bbox 1744 722 1901 796; x_wconf 85' lang='grc' dir='ltr'>Ὀμο-</span> 
     </span>
    </p>
   </div>
   <div class='ocr_carea' id='block_1_5' title="bbox 283 808 1902 887">
    <p class='ocr_par' dir='ltr' id='par_1_5' title="bbox 283 808 1902 887">
     <span class='ocr_line' id='line_1_5' title="bbox 283 808 1902 887; baseline -0.001 -22"><span class='ocrx_word' id='word_1_25' title='bbox 283 812 510 885; x_wconf 81' lang='grc' dir='ltr'>λόγοῦσι</span> <span class='ocrx_word' id='word_1_26' title='bbox 553 809 612 867; x_wconf 71' lang='grc' dir='ltr'>δὲ</span> <span class='ocrx_word' id='word_1_27' title='bbox 665 815 752 864; x_wconf 80' lang='grc' dir='ltr'>καὶ</span> <span class='ocrx_word' id='word_1_28' title='bbox 802 814 900 875; x_wconf 89' lang='grc' dir='ltr'>τάς</span> <span class='ocrx_word' id='word_1_29' title='bbox 941 808 1167 887; x_wconf 79' lang='grc' dir='ltr'>καρδίας</span> <span class='ocrx_word' id='word_1_30' title='bbox 1212 812 1378 875; x_wconf 75' lang='grc' dir='ltr'>οὕτως</span> <span class='ocrx_word' id='word_1_31' title='bbox 1422 814 1564 884; x_wconf 76' lang='grc' dir='ltr'>ἔχειν</span> <span class='ocrx_word' id='word_1_32' title='bbox 1611 816 1738 885; x_wconf 88' lang='grc' dir='ltr'>πρός</span> <span class='ocrx_word' id='word_1_33' title='bbox 1797 815 1902 867; x_wconf 80' lang='grc' dir='ltr'>Κύ-</span> 
     </span>
    </p>
   </div>
   <div class='ocr_carea' id='block_1_6' title="bbox 280 899 1899 978">
    <p class='ocr_par' dir='ltr' id='par_1_6' title="bbox 280 899 1899 978">
     <span class='ocr_line' id='line_1_6' title="bbox 280 899 1899 978; baseline 0.001 -24"><span class='ocrx_word' id='word_1_34' title='bbox 280 922 426 978; x_wconf 87' lang='grc' dir='ltr'>ριον,</span> <span class='ocrx_word' id='word_1_35' title='bbox 482 903 654 975; x_wconf 81' lang='grc' dir='ltr'>ὥσπερ</span> <span class='ocrx_word' id='word_1_36' title='bbox 701 899 1038 956; x_wconf 67' lang='grc' dir='ltr'>ἐντέλλονται.</span> <span class='ocrx_word' id='word_1_37' title='bbox 1092 901 1208 955; x_wconf 86' lang='grc' dir='ltr'>Ἐπι</span> <span class='ocrx_word' id='word_1_38' title='bbox 1260 904 1465 964; x_wconf 79' lang='grc' dir='ltr'>τούτοις</span> <span class='ocrx_word' id='word_1_39' title='bbox 1512 904 1570 954; x_wconf 88' lang='grc' dir='ltr'>τό</span> <span class='ocrx_word' id='word_1_40' title='bbox 1623 903 1754 957; x_wconf 80' lang='grc' dir='ltr'>θεῖον</span> <span class='ocrx_word' id='word_1_41' title='bbox 1804 910 1899 966; x_wconf 86' lang='grc' dir='ltr'>τῆς</span> 
     </span>
    </p>
   </div>
   <div class='ocr_carea' id='block_1_7' title="bbox 282 986 1897 1065">
    <p class='ocr_par' dir='ltr' id='par_1_7' title="bbox 282 986 1897 1065">
     <span class='ocr_line' id='line_1_7' title="bbox 282 986 1897 1065; baseline 0.001 -23"><span class='ocrx_word' id='word_1_42' title='bbox 282 987 579 1065; x_wconf 83' lang='grc' dir='ltr'>ὀρθοδόξου</span> <span class='ocrx_word' id='word_1_43' title='bbox 634 993 855 1052; x_wconf 86' lang='grc' dir='ltr'>πίστεως</span> <span class='ocrx_word' id='word_1_44' title='bbox 921 988 1177 1062; x_wconf 82' lang='grc' dir='ltr'>σύμϐολον</span> <span class='ocrx_word' id='word_1_45' title='bbox 1233 988 1481 1061; x_wconf 84' lang='grc' dir='ltr'>λέγεσθαι</span> <span class='ocrx_word' id='word_1_46' title='bbox 1534 986 1897 1060; x_wconf 87' lang='grc' dir='ltr'>διατέτακται,</span> 
     </span>
    </p>
   </div>
   <div class='ocr_carea' id='block_1_8' title="bbox 282 1077 1899 1150">
    <p class='ocr_par' dir='ltr' id='par_1_8' title="bbox 282 1077 1899 1150">
     <span class='ocr_line' id='line_1_8' title="bbox 282 1077 1899 1150; baseline -0.001 -19"><span class='ocrx_word' id='word_1_47' title='bbox 282 1080 355 1131; x_wconf 81' lang='grc' dir='ltr'>ἶν’</span> <span class='ocrx_word' id='word_1_48' title='bbox 405 1077 461 1132; x_wconf 64' lang='grc' dir='ltr'><strong>ἐς</strong></span> <span class='ocrx_word' id='word_1_49' title='bbox 502 1080 687 1130; x_wconf 88' lang='grc' dir='ltr'>τούτου</span> <span class='ocrx_word' id='word_1_50' title='bbox 730 1083 994 1150; x_wconf 83' lang='grc' dir='ltr'>γνώριμον</span> <span class='ocrx_word' id='word_1_51' title='bbox 1042 1081 1119 1135; x_wconf 81' lang='grc' dir='ltr'>εἴη</span> <span class='ocrx_word' id='word_1_52' title='bbox 1169 1084 1279 1139; x_wconf 89' lang='grc' dir='ltr'>τοῖς</span> <span class='ocrx_word' id='word_1_53' title='bbox 1315 1084 1477 1130; x_wconf 87' lang='grc' dir='ltr'>πᾶσιν</span> <span class='ocrx_word' id='word_1_54' title='bbox 1521 1080 1601 1131; x_wconf 79' lang='grc' dir='ltr'>ὅτι</span> <span class='ocrx_word' id='word_1_55' title='bbox 1629 1080 1654 1130; x_wconf 89' lang='grc' dir='ltr'>ό</span> <span class='ocrx_word' id='word_1_56' title='bbox 1696 1077 1762 1139; x_wconf 82' lang='grc' dir='ltr'>εἷς</span> <span class='ocrx_word' id='word_1_57' title='bbox 1803 1086 1899 1140; x_wconf 81' lang='grc' dir='ltr'>τῆς</span> 
     </span>
    </p>
   </div>
   <div class='ocr_carea' id='block_1_9' title="bbox 275 1163 1897 1243">
    <p class='ocr_par' dir='ltr' id='par_1_9' title="bbox 275 1163 1897 1243">
     <span class='ocr_line' id='line_1_9' title="bbox 275 1163 1897 1243; baseline -0.001 -24"><span class='ocrx_word' id='word_1_58' title='bbox 275 1163 518 1243; x_wconf 85' lang='grc' dir='ltr'>Τριάδος</span> <span class='ocrx_word' id='word_1_59' title='bbox 571 1168 598 1219; x_wconf 98' lang='lat'>6</span> <span class='ocrx_word' id='word_1_60' title='bbox 650 1172 933 1238; x_wconf 79' lang='grc' dir='ltr'>μονογενής</span> <span class='ocrx_word' id='word_1_61' title='bbox 983 1169 1099 1228; x_wconf 86' lang='grc' dir='ltr'>Υἱός</span> <span class='ocrx_word' id='word_1_62' title='bbox 1148 1187 1238 1218; x_wconf 91' lang='grc' dir='ltr'>και</span> <span class='ocrx_word' id='word_1_63' title='bbox 1294 1170 1466 1238; x_wconf 82' lang='grc' dir='ltr'>Λόγος</span> <span class='ocrx_word' id='word_1_64' title='bbox 1518 1174 1610 1218; x_wconf 89' lang='grc' dir='ltr'>τοῦ</span> <span class='ocrx_word' id='word_1_65' title='bbox 1662 1165 1897 1241; x_wconf 72' lang='grc' dir='ltr'>ἀνάρχου</span> 
     </span>
    </p>
   </div>
   <div class='ocr_carea' id='block_1_10' title="bbox 269 1251 1898 1329">
    <p class='ocr_par' dir='ltr' id='par_1_10' title="bbox 269 1251 1898 1329">
     <span class='ocr_line' id='line_1_10' title="bbox 269 1251 1898 1329; baseline -0.002 -20"><span class='ocrx_word' id='word_1_66' title='bbox 269 1259 511 1329; x_wconf 79' lang='grc' dir='ltr'>Πατρός,</span> <span class='ocrx_word' id='word_1_67' title='bbox 561 1255 713 1315; x_wconf 77' lang='grc' dir='ltr'>οὗτος</span> <span class='ocrx_word' id='word_1_68' title='bbox 765 1251 860 1307; x_wconf 80' lang='grc' dir='ltr'>διὰ</span> <span class='ocrx_word' id='word_1_69' title='bbox 906 1260 1002 1313; x_wconf 80' lang='grc' dir='ltr'>τήν</span> <span class='ocrx_word' id='word_1_70' title='bbox 1057 1256 1312 1329; x_wconf 79' lang='grc' dir='ltr'>ἡμετέραν</span> <span class='ocrx_word' id='word_1_71' title='bbox 1367 1260 1631 1328; x_wconf 78' lang='grc' dir='ltr'>σωτηρίαν</span> <span class='ocrx_word' id='word_1_72' title='bbox 1678 1275 1770 1307; x_wconf 92' lang='grc' dir='ltr'>και</span> <span class='ocrx_word' id='word_1_73' title='bbox 1812 1257 1898 1307; x_wconf 79' lang='grc' dir='ltr'>οἱν-</span> 
     </span>
    </p>
   </div>
   <div class='ocr_carea' id='block_1_11' title="bbox 263 1342 1893 1419">
    <p class='ocr_par' dir='ltr' id='par_1_11' title="bbox 263 1342 1893 1419">
     <span class='ocr_line' id='line_1_11' title="bbox 263 1342 1893 1419; baseline -0.001 -23"><span class='ocrx_word' id='word_1_74' title='bbox 263 1347 482 1419; x_wconf 82' lang='grc' dir='ltr'>θρωπος</span> <span class='ocrx_word' id='word_1_75' title='bbox 535 1347 741 1416; x_wconf 86' lang='grc' dir='ltr'>γέγονε,</span> <span class='ocrx_word' id='word_1_76' title='bbox 799 1346 1090 1418; x_wconf 81' lang='grc' dir='ltr'>σαρκωθεὶς</span> <span class='ocrx_word' id='word_1_77' title='bbox 1146 1342 1196 1397; x_wconf 82' lang='grc' dir='ltr'>ἐν</span> <span class='ocrx_word' id='word_1_78' title='bbox 1255 1353 1351 1403; x_wconf 78' lang='grc' dir='ltr'>τῆν</span> <span class='ocrx_word' id='word_1_79' title='bbox 1406 1343 1562 1415; x_wconf 79' lang='grc' dir='ltr'>ἁγίας</span> <span class='ocrx_word' id='word_1_80' title='bbox 1610 1346 1893 1417; x_wconf 76' lang='grc' dir='ltr'>Παρθένου,</span> 
     </span>
    </p>
   </div>
   <div class='ocr_carea' id='block_1_12' title="bbox 264 1431 1899 1507">
    <p class='ocr_par' dir='ltr' id='par_1_12' title="bbox 264 1431 1899 1507">
     <span class='ocr_line' id='line_1_12' title="bbox 264 1431 1899 1507; baseline -0.001 -20"><span class='ocrx_word' id='word_1_81' title='bbox 264 1434 628 1507; x_wconf 84' lang='grc' dir='ltr'>σταυρωθεις,</span> <span class='ocrx_word' id='word_1_82' title='bbox 673 1452 766 1484; x_wconf 89' lang='grc' dir='ltr'>και</span> <span class='ocrx_word' id='word_1_83' title='bbox 814 1452 1011 1505; x_wconf 76' lang='grc' dir='ltr'>ταφεις,</span> <span class='ocrx_word' id='word_1_84' title='bbox 1055 1453 1147 1485; x_wconf 88' lang='grc' dir='ltr'>και</span> <span class='ocrx_word' id='word_1_85' title='bbox 1184 1431 1412 1496; x_wconf 89' lang='grc' dir='ltr'>ἀναστάς</span> <span class='ocrx_word' id='word_1_86' title='bbox 1443 1454 1456 1466; x_wconf 77' lang='grc' dir='ltr'><strong><em>ο</em></strong></span> <span class='ocrx_word' id='word_1_87' title='bbox 1507 1434 1567 1485; x_wconf 81' lang='grc' dir='ltr'>οὗ</span> <span class='ocrx_word' id='word_1_88' title='bbox 1618 1437 1755 1485; x_wconf 88' lang='grc' dir='ltr'>κατά</span> <span class='ocrx_word' id='word_1_89' title='bbox 1804 1436 1899 1497; x_wconf 87' lang='grc' dir='ltr'>τάς</span> 
     </span>
    </p>
   </div>
   <div class='ocr_carea' id='block_1_13' title="bbox 268 1520 1900 1596">
    <p class='ocr_par' dir='ltr' id='par_1_13' title="bbox 268 1520 1900 1596">
     <span class='ocr_line' id='line_1_13' title="bbox 268 1520 1900 1596; baseline -0.002 -19"><span class='ocrx_word' id='word_1_90' title='bbox 268 1525 430 1584; x_wconf 83' lang='grc' dir='ltr'><strong>θείας</strong></span> <span class='ocrx_word' id='word_1_91' title='bbox 484 1520 695 1583; x_wconf 78' lang='grc' dir='ltr'>ἐντολὰς</span> <span class='ocrx_word' id='word_1_92' title='bbox 745 1524 813 1575; x_wconf 78' lang='grc' dir='ltr'>τὰ</span> <span class='ocrx_word' id='word_1_93' title='bbox 862 1522 1142 1594; x_wconf 73' lang='grc' dir='ltr'>τελούμενα</span> <span class='ocrx_word' id='word_1_94' title='bbox 1191 1528 1361 1574; x_wconf 87' lang='grc' dir='ltr'>ταῦτα</span> <span class='ocrx_word' id='word_1_95' title='bbox 1413 1524 1763 1596; x_wconf 87' lang='grc' dir='ltr'>πράττομενα,</span> <span class='ocrx_word' id='word_1_96' title='bbox 1816 1524 1900 1574; x_wconf 80' lang='grc' dir='ltr'>ἶνα</span> 
     </span>
    </p>
   </div>
   <div class='ocr_carea' id='block_1_14' title="bbox 260 1608 1899 1685">
    <p class='ocr_par' dir='ltr' id='par_1_14' title="bbox 260 1608 1899 1685">
     <span class='ocr_line' id='line_1_14' title="bbox 260 1608 1899 1685; baseline -0.001 -22"><span class='ocrx_word' id='word_1_97' title='bbox 260 1616 352 1685; x_wconf 80' lang='grc' dir='ltr'>μή</span> <span class='ocrx_word' id='word_1_98' title='bbox 405 1611 580 1684; x_wconf 79' lang='grc' dir='ltr'>λόγοις</span> <span class='ocrx_word' id='word_1_99' title='bbox 623 1614 801 1683; x_wconf 79' lang='grc' dir='ltr'>μόνον,</span> <span class='ocrx_word' id='word_1_100' title='bbox 852 1608 980 1663; x_wconf 87' lang='grc' dir='ltr'>ἀλλά</span> <span class='ocrx_word' id='word_1_101' title='bbox 1027 1630 1117 1662; x_wconf 86' lang='grc' dir='ltr'>και</span> <span class='ocrx_word' id='word_1_102' title='bbox 1164 1612 1337 1685; x_wconf 83' lang='grc' dir='ltr'>ἔργοις</span> <span class='ocrx_word' id='word_1_103' title='bbox 1384 1610 1547 1663; x_wconf 83' lang='grc' dir='ltr'>εἰσαει</span> <span class='ocrx_word' id='word_1_104' title='bbox 1588 1618 1685 1672; x_wconf 84' lang='grc' dir='ltr'>τῆς</span> <span class='ocrx_word' id='word_1_105' title='bbox 1730 1630 1899 1669; x_wconf 83' lang='grc' dir='ltr'>σωτη-</span> 
     </span>
    </p>
   </div>
   <div class='ocr_carea' id='block_1_15' title="bbox 260 1697 1901 1775">
    <p class='ocr_par' dir='ltr' id='par_1_15' title="bbox 260 1697 1901 1775">
     <span class='ocr_line' id='line_1_15' title="bbox 260 1697 1901 1775; baseline -0.001 -22"><span class='ocrx_word' id='word_1_106' title='bbox 260 1705 398 1775; x_wconf 84' lang='grc' dir='ltr'>ρίας</span> <span class='ocrx_word' id='word_1_107' title='bbox 466 1700 619 1771; x_wconf 74' lang='grc' dir='ltr'>ἡμῶν</span> <span class='ocrx_word' id='word_1_108' title='bbox 688 1697 1085 1773; x_wconf 76' lang='grc' dir='ltr'>ἐνεργουμένης,</span> <span class='ocrx_word' id='word_1_109' title='bbox 1152 1699 1287 1750; x_wconf 75' lang='grc' dir='ltr'>οὕτω</span> <span class='ocrx_word' id='word_1_110' title='bbox 1352 1701 1652 1771; x_wconf 79' lang='grc' dir='ltr'>φαινώμεθα</span> <span class='ocrx_word' id='word_1_111' title='bbox 1714 1699 1901 1761; x_wconf 82' lang='grc' dir='ltr'>ζῶντες</span> 
     </span>
    </p>
   </div>
   <div class='ocr_carea' id='block_1_16' title="bbox 1511 333 2430 404">
    <p class='ocr_par' dir='ltr' id='par_1_16' title="bbox 1511 333 2430 404">
     <span class='ocr_line' id='line_1_16' title="bbox 1511 333 2430 404; baseline 0.007 -16"><span class='ocrx_word' id='word_1_112' title='bbox 1511 333 2000 404; x_wconf 65' lang='grc' dir='ltr'>ΟΟΜΜΕΝΤΔἨΟ</span> <span class='ocrx_word' id='word_1_113' title='bbox 2040 333 2430 403; x_wconf 76' lang='lat' dir='ltr'>LITURGICA.</span> 
     </span>
    </p>
   </div>
   <div class='ocr_carea' id='block_1_17' title="bbox 346 451 1983 531">
    <p class='ocr_par' dir='ltr' id='par_1_17' title="bbox 346 451 1983 531">
     <span class='ocr_line' id='line_1_17' title="bbox 346 451 1983 531; baseline 0.001 -23"><span class='ocrx_word' id='word_1_114' title='bbox 346 454 415 510; x_wconf 89' lang='grc' dir='ltr'>κ’.</span> <span class='ocrx_word' id='word_1_115' title='bbox 455 459 837 527; x_wconf 80' lang='grc' dir='ltr'>Παρεγγυᾶται</span> <span class='ocrx_word' id='word_1_116' title='bbox 880 451 943 508; x_wconf 74' lang='grc' dir='ltr'>δὲ</span> <span class='ocrx_word' id='word_1_117' title='bbox 978 457 1108 530; x_wconf 85' lang='grc' dir='ltr'>πρὸς</span> <span class='ocrx_word' id='word_1_118' title='bbox 1148 457 1352 521; x_wconf 79' lang='grc' dir='ltr'>τούτοις</span> <span class='ocrx_word' id='word_1_119' title='bbox 1398 457 1425 507; x_wconf 89' lang='grc' dir='ltr'>ό</span> <span class='ocrx_word' id='word_1_120' title='bbox 1468 455 1746 531; x_wconf 80' lang='grc' dir='ltr'>ἀρχιερεὺς</span> <span class='ocrx_word' id='word_1_121' title='bbox 1792 459 1897 510; x_wconf 75' lang='grc' dir='ltr'>ἄνω</span> <span class='ocrx_word' id='word_1_122' title='bbox 1933 458 1983 515; x_wconf 76' lang='grc' dir='ltr'><strong>Α</strong></span> 
     </span>
    </p>
   </div>
   <div class='ocr_carea' id='block_1_18' title="bbox 3548 351 3656 407">
    <p class='ocr_par' dir='ltr' id='par_1_18' title="bbox 3548 351 3656 407">
     <span class='ocr_line' id='line_1_18' title="bbox 3548 351 3656 407; baseline 0.009 -1"><span class='ocrx_word' id='word_1_123' title='bbox 3548 351 3656 407; x_wconf 72' lang='grc'>446</span> 
     </span>
    </p>
   </div>
   <div class='ocr_carea' id='block_1_19' title="bbox 2078 462 3658 540">
    <p class='ocr_par' dir='ltr' id='par_1_19' title="bbox 2078 462 3658 540">
     <span class='ocr_line' id='line_1_19' title="bbox 2078 462 3658 540; baseline 0.009 -25"><span class='ocrx_word' id='word_1_124' title='bbox 2078 462 2167 515; x_wconf 81' lang='lat'>20.</span> <span class='ocrx_word' id='word_1_125' title='bbox 2210 462 2486 521; x_wconf 82' lang='lat' dir='ltr'>Hortatur</span> <span class='ocrx_word' id='word_1_126' title='bbox 2513 479 2657 521; x_wconf 80' lang='lat' dir='ltr'>mox</span> <span class='ocrx_word' id='word_1_127' title='bbox 2685 466 3030 540; x_wconf 83' lang='lat' dir='ltr'>episcopus,</span> <span class='ocrx_word' id='word_1_128' title='bbox 3062 484 3310 527; x_wconf 81' lang='lat' dir='ltr'>sursum</span> <span class='ocrx_word' id='word_1_129' title='bbox 3348 471 3535 529; x_wconf 88' lang='lat' dir='ltr'>corda</span> <span class='ocrx_word' id='word_1_130' title='bbox 3572 476 3658 529; x_wconf 89' lang='lat' dir='ltr'>to-</span> 
     </span>
    </p>
   </div>
   <div class='ocr_carea' id='block_1_20' title="bbox 2005 552 3657 631">
    <p class='ocr_par' dir='ltr' id='par_1_20' title="bbox 2005 552 3657 631">
     <span class='ocr_line' id='line_1_20' title="bbox 2005 552 3657 631; baseline 0.009 -28"><span class='ocrx_word' id='word_1_131' title='bbox 2005 552 2254 621; x_wconf 79' lang='lat' dir='ltr'>tamque</span> <span class='ocrx_word' id='word_1_132' title='bbox 2282 557 2545 609; x_wconf 87' lang='lat' dir='ltr'>mentem</span> <span class='ocrx_word' id='word_1_133' title='bbox 2575 553 2817 611; x_wconf 89' lang='lat' dir='ltr'>habere.</span> <span class='ocrx_word' id='word_1_134' title='bbox 2850 555 3072 614; x_wconf 86' lang='lat' dir='ltr'>Fideles</span> <span class='ocrx_word' id='word_1_135' title='bbox 3101 563 3325 631; x_wconf 86' lang='lat' dir='ltr'>autem,</span> <span class='ocrx_word' id='word_1_136' title='bbox 3347 560 3498 617; x_wconf 91' lang='lat' dir='ltr'>dum</span> <span class='ocrx_word' id='word_1_137' title='bbox 3524 562 3657 618; x_wconf 77' lang='lat' dir='ltr'>hch</span> 
     </span>
    </p>
   </div>
   <div class='ocr_carea' id='block_1_21' title="bbox 2006 636 3653 722">
    <p class='ocr_par' dir='ltr' id='par_1_21' title="bbox 2006 636 3653 722">
     <span class='ocr_line' id='line_1_21' title="bbox 2006 636 3653 722; baseline 0.006 -29"><span class='ocrx_word' id='word_1_138' title='bbox 2006 636 2308 707; x_wconf 89' lang='lat' dir='ltr'>dicuntur,</span> <span class='ocrx_word' id='word_1_139' title='bbox 2340 642 2699 712; x_wconf 87' lang='lat' dir='ltr'>promittunt</span> <span class='ocrx_word' id='word_1_140' title='bbox 2736 643 3015 701; x_wconf 81' lang='lat' dir='ltr'>exhibere</span> <span class='ocrx_word' id='word_1_141' title='bbox 3038 648 3237 718; x_wconf 86' lang='lat' dir='ltr'>primo</span> <span class='ocrx_word' id='word_1_142' title='bbox 3260 651 3508 722; x_wconf 86' lang='lat' dir='ltr'>quidem</span> <span class='ocrx_word' id='word_1_143' title='bbox 3548 651 3653 707; x_wconf 84' lang='lat' dir='ltr'>mi-</span> 
     </span>
    </p>
   </div>
   <div class='ocr_carea' id='block_1_22' title="bbox 2006 727 3653 805">
    <p class='ocr_par' dir='ltr' id='par_1_22' title="bbox 2006 727 3653 805">
     <span class='ocr_line' id='line_1_22' title="bbox 2006 727 3653 805; baseline 0.005 -23"><span class='ocrx_word' id='word_1_144' title='bbox 2006 727 2415 789; x_wconf 84' lang='lat' dir='ltr'>sericordiam.</span> <span class='ocrx_word' id='word_1_145' title='bbox 2450 729 2669 788; x_wconf 90' lang='lat' dir='ltr'>deinde</span> <span class='ocrx_word' id='word_1_146' title='bbox 2707 747 2944 805; x_wconf 77' lang='lat' dir='ltr'>pacein,</span> <span class='ocrx_word' id='word_1_147' title='bbox 2986 750 3095 793; x_wconf 90' lang='lat' dir='ltr'>ceu</span> <span class='ocrx_word' id='word_1_148' title='bbox 3127 737 3481 795; x_wconf 86' lang='lat' dir='ltr'>sacriﬁcium</span> <span class='ocrx_word' id='word_1_149' title='bbox 3522 738 3653 791; x_wconf 89' lang='lat' dir='ltr'>lau-</span> 
     </span>
    </p>
   </div>
   <div class='ocr_carea' id='block_1_23' title="bbox 2006 813 3654 893">
    <p class='ocr_par' dir='ltr' id='par_1_23' title="bbox 2006 813 3654 893">
     <span class='ocr_line' id='line_1_23' title="bbox 2006 813 3654 893; baseline 0.005 -23"><span class='ocrx_word' id='word_1_150' title='bbox 2006 813 2118 871; x_wconf 88' lang='lat' dir='ltr'>dis.</span> <span class='ocrx_word' id='word_1_151' title='bbox 2162 819 2440 874; x_wconf 85' lang='lat' dir='ltr'>Fatentur</span> <span class='ocrx_word' id='word_1_152' title='bbox 2475 819 2637 888; x_wconf 83' lang='lat' dir='ltr'>item,</span> <span class='ocrx_word' id='word_1_153' title='bbox 2670 836 2734 877; x_wconf 84' lang='lat' dir='ltr'>se</span> <span class='ocrx_word' id='word_1_154' title='bbox 2774 821 2857 889; x_wconf 81' lang='lat' dir='ltr'>ita</span> <span class='ocrx_word' id='word_1_155' title='bbox 2884 822 3106 880; x_wconf 89' lang='lat' dir='ltr'>habere</span> <span class='ocrx_word' id='word_1_156' title='bbox 3136 826 3318 881; x_wconf 90' lang='lat' dir='ltr'>corda</span> <span class='ocrx_word' id='word_1_157' title='bbox 3357 838 3503 893; x_wconf 87' lang='lat' dir='ltr'>erga</span> <span class='ocrx_word' id='word_1_158' title='bbox 3542 825 3654 879; x_wconf 82' lang='lat' dir='ltr'>Do-</span> 
     </span>
    </p>
   </div>
   <div class='ocr_carea' id='block_1_24' title="bbox 2006 904 3652 978">
    <p class='ocr_par' dir='ltr' id='par_1_24' title="bbox 2006 904 3652 978">
     <span class='ocr_line' id='line_1_24' title="bbox 2006 904 3652 978; baseline 0.005 -19"><span class='ocrx_word' id='word_1_159' title='bbox 2006 904 2262 969; x_wconf 77' lang='lat' dir='ltr'>mitium,</span> <span class='ocrx_word' id='word_1_160' title='bbox 2310 911 2375 962; x_wconf 89' lang='lat' dir='ltr'>ut</span> <span class='ocrx_word' id='word_1_161' title='bbox 2419 907 2728 978; x_wconf 88' lang='lat' dir='ltr'>jubentur.</span> <span class='ocrx_word' id='word_1_162' title='bbox 2778 912 2916 966; x_wconf 83' lang='lat' dir='ltr'>Post</span> <span class='ocrx_word' id='word_1_163' title='bbox 2956 910 3087 967; x_wconf 72' lang='lat' dir='ltr'>haec</span> <span class='ocrx_word' id='word_1_164' title='bbox 3132 911 3407 967; x_wconf 88' lang='lat' dir='ltr'>divinum</span> <span class='ocrx_word' id='word_1_165' title='bbox 3449 912 3652 967; x_wconf 89' lang='lat' dir='ltr'>ortho-</span> 
     </span>
    </p>
   </div>
   <div class='ocr_carea' id='block_1_25' title="bbox 2005 993 3655 1068">
    <p class='ocr_par' dir='ltr' id='par_1_25' title="bbox 2005 993 3655 1068">
     <span class='ocr_line' id='line_1_25' title="bbox 2005 993 3655 1068; baseline 0.004 -20"><span class='ocrx_word' id='word_1_166' title='bbox 2005 993 2181 1050; x_wconf 66' lang='lat' dir='ltr'>doxae</span> <span class='ocrx_word' id='word_1_167' title='bbox 2217 993 2357 1051; x_wconf 88' lang='lat' dir='ltr'>ﬁdei</span> <span class='ocrx_word' id='word_1_168' title='bbox 2387 997 2733 1068; x_wconf 80' lang='lat' dir='ltr'>symbolum</span> <span class='ocrx_word' id='word_1_169' title='bbox 2766 999 2881 1055; x_wconf 91' lang='lat' dir='ltr'>dici</span> <span class='ocrx_word' id='word_1_170' title='bbox 2913 998 3255 1053; x_wconf 90' lang='lat' dir='ltr'>ordinatum</span> <span class='ocrx_word' id='word_1_171' title='bbox 3283 1004 3393 1062; x_wconf 88' lang='lat' dir='ltr'>est,</span> <span class='ocrx_word' id='word_1_172' title='bbox 3417 1004 3485 1057; x_wconf 91' lang='lat' dir='ltr'>ut</span> <span class='ocrx_word' id='word_1_173' title='bbox 3513 999 3655 1055; x_wconf 90' lang='lat' dir='ltr'>hinc</span> 
     </span>
    </p>
   </div>
   <div class='ocr_carea' id='block_1_26' title="bbox 2006 1082 3655 1157">
    <p class='ocr_par' dir='ltr' id='par_1_26' title="bbox 2006 1082 3655 1157">
     <span class='ocr_line' id='line_1_26' title="bbox 2006 1082 3655 1157; baseline 0.002 -20"><span class='ocrx_word' id='word_1_174' title='bbox 2006 1082 2290 1138; x_wconf 89' lang='lat' dir='ltr'>omnibus</span> <span class='ocrx_word' id='word_1_175' title='bbox 2315 1083 2420 1140; x_wconf 90' lang='lat' dir='ltr'>ﬁat</span> <span class='ocrx_word' id='word_1_176' title='bbox 2455 1085 2853 1157; x_wconf 81' lang='lat' dir='ltr'>exploratum,</span> <span class='ocrx_word' id='word_1_177' title='bbox 2886 1085 3054 1156; x_wconf 89' lang='lat' dir='ltr'>quod</span> <span class='ocrx_word' id='word_1_178' title='bbox 3085 1102 3241 1149; x_wconf 88' lang='lat' dir='ltr'>unus</span> <span class='ocrx_word' id='word_1_179' title='bbox 3274 1085 3349 1141; x_wconf 91' lang='lat' dir='ltr'>de</span> <span class='ocrx_word' id='word_1_180' title='bbox 3377 1085 3655 1143; x_wconf 89' lang='lat' dir='ltr'>Trinitate</span> 
     </span>
    </p>
   </div>
   <div class='ocr_carea' id='block_1_27' title="bbox 2004 1172 3657 1247">
    <p class='ocr_par' dir='ltr' id='par_1_27' title="bbox 2004 1172 3657 1247">
     <span class='ocr_line' id='line_1_27' title="bbox 2004 1172 3657 1247; baseline 0.004 -22"><span class='ocrx_word' id='word_1_181' title='bbox 2004 1172 2347 1243; x_wconf 81' lang='lat' dir='ltr'>unigenitus</span> <span class='ocrx_word' id='word_1_182' title='bbox 2397 1174 2574 1239; x_wconf 84' lang='lat' dir='ltr'>Filius</span> <span class='ocrx_word' id='word_1_183' title='bbox 2624 1181 2681 1231; x_wconf 90' lang='lat' dir='ltr'>et</span> <span class='ocrx_word' id='word_1_184' title='bbox 2730 1173 2989 1229; x_wconf 81' lang='lat' dir='ltr'>Verbum</span> <span class='ocrx_word' id='word_1_185' title='bbox 3041 1174 3339 1247; x_wconf 81' lang='lat' dir='ltr'>principio</span> <span class='ocrx_word' id='word_1_186' title='bbox 3399 1175 3657 1233; x_wconf 80' lang='lat' dir='ltr'>carentis</span> 
     </span>
    </p>
   </div>
   <div class='ocr_carea' id='block_1_28' title="bbox 2005 1260 3653 1332">
    <p class='ocr_par' dir='ltr' id='par_1_28' title="bbox 2005 1260 3653 1332">
     <span class='ocr_line' id='line_1_28' title="bbox 2005 1260 3653 1332; baseline 0.001 -17"><span class='ocrx_word' id='word_1_187' title='bbox 2005 1261 2209 1321; x_wconf 76' lang='lat' dir='ltr'>Patris,</span> <span class='ocrx_word' id='word_1_188' title='bbox 2245 1267 2488 1332; x_wconf 82' lang='lat' dir='ltr'>propter</span> <span class='ocrx_word' id='word_1_189' title='bbox 2525 1266 2789 1327; x_wconf 88' lang='lat' dir='ltr'>nostram</span> <span class='ocrx_word' id='word_1_190' title='bbox 2824 1260 3081 1331; x_wconf 80' lang='lat' dir='ltr'>salutem</span> <span class='ocrx_word' id='word_1_191' title='bbox 3118 1263 3305 1320; x_wconf 88' lang='lat' dir='ltr'>homo</span> <span class='ocrx_word' id='word_1_192' title='bbox 3336 1264 3409 1321; x_wconf 88' lang='lat' dir='ltr'>sit</span> <span class='ocrx_word' id='word_1_193' title='bbox 3436 1264 3653 1331; x_wconf 88' lang='lat' dir='ltr'>factus,</span> 
     </span>
    </p>
   </div>
   <div class='ocr_carea' id='block_1_29' title="bbox 2004 1348 3653 1426">
    <p class='ocr_par' dir='ltr' id='par_1_29' title="bbox 2004 1348 3653 1426">
     <span class='ocr_line' id='line_1_29' title="bbox 2004 1348 3653 1426; baseline 0.003 -21"><span class='ocrx_word' id='word_1_194' title='bbox 2004 1348 2350 1409; x_wconf 84' lang='lat' dir='ltr'>incarnatus</span> <span class='ocrx_word' id='word_1_195' title='bbox 2375 1351 2450 1405; x_wconf 91' lang='lat' dir='ltr'>de</span> <span class='ocrx_word' id='word_1_196' title='bbox 2480 1354 2686 1406; x_wconf 88' lang='lat' dir='ltr'>sancta</span> <span class='ocrx_word' id='word_1_197' title='bbox 2710 1350 2969 1420; x_wconf 76' lang='lat' dir='ltr'>Virgine,</span> <span class='ocrx_word' id='word_1_198' title='bbox 2992 1351 3339 1421; x_wconf 83' lang='lat' dir='ltr'>cruciﬁxus,</span> <span class='ocrx_word' id='word_1_199' title='bbox 3359 1353 3653 1426; x_wconf 86' lang='lat' dir='ltr'>sepultus,</span> 
     </span>
    </p>
   </div>
   <div class='ocr_carea' id='block_1_30' title="bbox 2005 1437 3659 1508">
    <p class='ocr_par' dir='ltr' id='par_1_30' title="bbox 2005 1437 3659 1508">
     <span class='ocr_line' id='line_1_30' title="bbox 2005 1437 3659 1508; baseline 0.005 -16"><span class='ocrx_word' id='word_1_200' title='bbox 2005 1442 2064 1492; x_wconf 90' lang='lat' dir='ltr'>et</span> <span class='ocrx_word' id='word_1_201' title='bbox 2090 1437 2477 1493; x_wconf 84' lang='lat' dir='ltr'>resuscitatus</span> <span class='ocrx_word' id='word_1_202' title='bbox 2504 1454 2517 1492; x_wconf 89' lang='lat'>:</span> <span class='ocrx_word' id='word_1_203' title='bbox 2552 1438 2724 1508; x_wconf 90' lang='lat' dir='ltr'>cujus</span> <span class='ocrx_word' id='word_1_204' title='bbox 2752 1438 2959 1495; x_wconf 88' lang='lat' dir='ltr'>divino</span> <span class='ocrx_word' id='word_1_205' title='bbox 3001 1440 3294 1498; x_wconf 89' lang='lat' dir='ltr'>mandato</span> <span class='ocrx_word' id='word_1_206' title='bbox 3323 1440 3453 1498; x_wconf 78' lang='lat' dir='ltr'>hth</span> <span class='ocrx_word' id='word_1_207' title='bbox 3482 1458 3659 1501; x_wconf 89' lang='lat' dir='ltr'>sacra</span> 
     </span>
    </p>
   </div>
   <div class='ocr_carea' id='block_1_31' title="bbox 2004 1524 3657 1605">
    <p class='ocr_par' dir='ltr' id='par_1_31' title="bbox 2004 1524 3657 1605">
     <span class='ocr_line' id='line_1_31' title="bbox 2004 1524 3657 1605; baseline 0.004 -24"><span class='ocrx_word' id='word_1_208' title='bbox 2004 1524 2261 1581; x_wconf 89' lang='lat' dir='ltr'>facimus</span> <span class='ocrx_word' id='word_1_209' title='bbox 2295 1531 2355 1579; x_wconf 86' lang='lat' dir='ltr'>ut</span> <span class='ocrx_word' id='word_1_210' title='bbox 2378 1525 2543 1581; x_wconf 89' lang='lat' dir='ltr'>haud</span> <span class='ocrx_word' id='word_1_211' title='bbox 2576 1526 2771 1583; x_wconf 87' lang='lat' dir='ltr'>verbis</span> <span class='ocrx_word' id='word_1_212' title='bbox 2801 1531 3054 1594; x_wconf 87' lang='lat' dir='ltr'>tantum,</span> <span class='ocrx_word' id='word_1_213' title='bbox 3077 1544 3285 1585; x_wconf 88' lang='lat' dir='ltr'>verum</span> <span class='ocrx_word' id='word_1_214' title='bbox 3311 1529 3491 1586; x_wconf 90' lang='lat' dir='ltr'>etiam</span> <span class='ocrx_word' id='word_1_215' title='bbox 3517 1546 3657 1605; x_wconf 91' lang='lat' dir='ltr'>ope-</span> 
     </span>
    </p>
   </div>
   <div class='ocr_carea' id='block_1_32' title="bbox 2006 1612 3655 1689">
    <p class='ocr_par' dir='ltr' id='par_1_32' title="bbox 2006 1612 3655 1689">
     <span class='ocr_line' id='line_1_32' title="bbox 2006 1612 3655 1689; baseline 0.005 -20"><span class='ocrx_word' id='word_1_216' title='bbox 2006 1614 2171 1670; x_wconf 91' lang='lat' dir='ltr'>ribus</span> <span class='ocrx_word' id='word_1_217' title='bbox 2197 1612 2453 1669; x_wconf 87' lang='lat' dir='ltr'>salutem</span> <span class='ocrx_word' id='word_1_218' title='bbox 2484 1619 2756 1670; x_wconf 88' lang='lat' dir='ltr'>nostram</span> <span class='ocrx_word' id='word_1_219' title='bbox 2786 1615 3029 1671; x_wconf 89' lang='lat' dir='ltr'>assidue</span> <span class='ocrx_word' id='word_1_220' title='bbox 3059 1623 3403 1689; x_wconf 88' lang='lat' dir='ltr'>operantes,</span> <span class='ocrx_word' id='word_1_221' title='bbox 3426 1618 3511 1675; x_wconf 92' lang='lat' dir='ltr'>sic</span> <span class='ocrx_word' id='word_1_222' title='bbox 3532 1633 3655 1687; x_wconf 84' lang='lat' dir='ltr'>non</span> 
     </span>
    </p>
   </div>
   <div class='ocr_carea' id='block_1_33' title="bbox 2006 1702 3652 1764">
    <p class='ocr_par' dir='ltr' id='par_1_33' title="bbox 2006 1702 3652 1764">
     <span class='ocr_line' id='line_1_33' title="bbox 2006 1702 3652 1764; baseline 0.005 -8"><span class='ocrx_word' id='word_1_223' title='bbox 2006 1702 2205 1757; x_wconf 86' lang='lat' dir='ltr'>vivere</span> <span class='ocrx_word' id='word_1_224' title='bbox 2248 1706 2480 1757; x_wconf 87' lang='lat' dir='ltr'>tantum</span> <span class='ocrx_word' id='word_1_225' title='bbox 2513 1702 2617 1758; x_wconf 92' lang='lat' dir='ltr'>sed</span> <span class='ocrx_word' id='word_1_226' title='bbox 2662 1719 2800 1761; x_wconf 88' lang='lat' dir='ltr'>cum</span> <span class='ocrx_word' id='word_1_227' title='bbox 2843 1704 3056 1761; x_wconf 90' lang='lat' dir='ltr'>virtute</span> <span class='ocrx_word' id='word_1_228' title='bbox 3087 1705 3283 1762; x_wconf 85' lang='lat' dir='ltr'>vivere</span> <span class='ocrx_word' id='word_1_229' title='bbox 3308 1706 3652 1764; x_wconf 87' lang='lat' dir='ltr'>videamur:</span> 
     </span>
    </p>
   </div>
   <div class='ocr_carea' id='block_1_34' title="bbox 269 1788 1910 1866">
    <p class='ocr_par' dir='ltr' id='par_1_34' title="bbox 269 1788 1901 1862">
     <span class='ocr_line' id='line_1_34' title="bbox 269 1788 1901 1862; baseline -0.001 -21"><span class='ocrx_word' id='word_1_230' title='bbox 269 1792 416 1862; x_wconf 83' lang='grc' dir='ltr'>ὁμοῦ</span> <span class='ocrx_word' id='word_1_231' title='bbox 477 1808 569 1840; x_wconf 90' lang='grc' dir='ltr'>και</span> <span class='ocrx_word' id='word_1_232' title='bbox 632 1788 1059 1860; x_wconf 69' lang='grc' dir='ltr'>πολιτευόμενοι*</span> <span class='ocrx_word' id='word_1_233' title='bbox 1129 1808 1220 1843; x_wconf 86' lang='grc' dir='ltr'>και</span> <span class='ocrx_word' id='word_1_234' title='bbox 1276 1790 1342 1841; x_wconf 80' lang='grc' dir='ltr'>τὰ</span> <span class='ocrx_word' id='word_1_235' title='bbox 1397 1791 1488 1860; x_wconf 76' lang='grc' dir='ltr'>μὲν</span> <span class='ocrx_word' id='word_1_236' title='bbox 1540 1789 1682 1845; x_wconf 84' lang='grc' dir='ltr'>πάθη</span> <span class='ocrx_word' id='word_1_237' title='bbox 1743 1807 1901 1862; x_wconf 89' lang='grc' dir='ltr'>σαρκι</span> 
     </span>
    </p>
   </div>
   <div class='ocr_carea' id='block_1_35' title="bbox 2017 1788 3655 1866">
    <p class='ocr_par' dir='ltr' id='par_1_35' title="bbox 2017 1789 3655 1866">
     <span class='ocr_line' id='line_1_35' title="bbox 2017 1789 3655 1866; baseline 0.004 -22"><span class='ocrx_word' id='word_1_238' title='bbox 2017 1794 2186 1862; x_wconf 79' lang='lat' dir='ltr'>atque</span> <span class='ocrx_word' id='word_1_239' title='bbox 2208 1789 2507 1845; x_wconf 88' lang='lat' dir='ltr'>cruciatus</span> <span class='ocrx_word' id='word_1_240' title='bbox 2533 1790 2736 1863; x_wconf 90' lang='lat' dir='ltr'>ipsum</span> <span class='ocrx_word' id='word_1_241' title='bbox 2764 1791 3011 1863; x_wconf 87' lang='lat' dir='ltr'>quidem</span> <span class='ocrx_word' id='word_1_242' title='bbox 3034 1809 3214 1849; x_wconf 89' lang='lat' dir='ltr'>carne</span> <span class='ocrx_word' id='word_1_243' title='bbox 3242 1810 3492 1866; x_wconf 82' lang='lat' dir='ltr'>passum</span> <span class='ocrx_word' id='word_1_244' title='bbox 3517 1811 3655 1851; x_wconf 87' lang='lat' dir='ltr'>con-</span> 
     </span>
    </p>
   </div>
   <div class='ocr_carea' id='block_1_36' title="bbox 276 1873 1902 1950">
    <p class='ocr_par' dir='ltr' id='par_1_36' title="bbox 276 1873 1902 1950">
     <span class='ocr_line' id='line_1_36' title="bbox 276 1873 1902 1950; baseline -0.002 -19"><span class='ocrx_word' id='word_1_245' title='bbox 276 1886 471 1931; x_wconf 78' lang='grc' dir='ltr'>τοῦτον</span> <span class='ocrx_word' id='word_1_246' title='bbox 528 1879 978 1950; x_wconf 58' lang='grc' dir='ltr'>ὑπομεμενηκέναι</span> <span class='ocrx_word' id='word_1_247' title='bbox 1035 1876 1383 1949; x_wconf 82' lang='grc' dir='ltr'>ὁμολογῶμεν,</span> <span class='ocrx_word' id='word_1_248' title='bbox 1428 1875 1603 1934; x_wconf 84' lang='grc' dir='ltr'>ἀπαθῆ</span> <span class='ocrx_word' id='word_1_249' title='bbox 1666 1873 1726 1928; x_wconf 73' lang='grc' dir='ltr'>δὲ</span> <span class='ocrx_word' id='word_1_250' title='bbox 1785 1879 1902 1929; x_wconf 89' lang='grc' dir='ltr'>τού-</span> 
     </span>
    </p>
   </div>
   <div class='ocr_carea' id='block_1_37' title="bbox 281 1961 1904 2038">
    <p class='ocr_par' dir='ltr' id='par_1_37' title="bbox 281 1961 1904 2038">
     <span class='ocr_line' id='line_1_37' title="bbox 281 1961 1904 2038; baseline -0.002 -19"><span class='ocrx_word' id='word_1_251' title='bbox 281 1986 381 2019; x_wconf 86' lang='grc' dir='ltr'>του</span> <span class='ocrx_word' id='word_1_252' title='bbox 436 1965 789 2038; x_wconf 74' lang='grc' dir='ltr'>φυλάττεσθαι</span> <span class='ocrx_word' id='word_1_253' title='bbox 843 1969 940 2024; x_wconf 82' lang='grc' dir='ltr'>τήν</span> <span class='ocrx_word' id='word_1_254' title='bbox 995 1968 1252 2023; x_wconf 84' lang='grc' dir='ltr'>θεότητα·</span> <span class='ocrx_word' id='word_1_255' title='bbox 1301 1965 1411 2037; x_wconf 76' lang='grc' dir='ltr'>ἅμα</span> <span class='ocrx_word' id='word_1_256' title='bbox 1459 1961 1519 2017; x_wconf 78' lang='grc' dir='ltr'>δε</span> <span class='ocrx_word' id='word_1_257' title='bbox 1568 1966 1653 2017; x_wconf 84' lang='grc' dir='ltr'>ἶνα</span> <span class='ocrx_word' id='word_1_258' title='bbox 1701 1972 1763 2037; x_wconf 75' lang='grc' dir='ltr'>τῇ</span> <span class='ocrx_word' id='word_1_259' title='bbox 1822 1963 1904 2015; x_wconf 80' lang='grc' dir='ltr'>ἐκ-</span> 
     </span>
    </p>
   </div>
   <div class='ocr_carea' id='block_1_38' title="bbox 284 2049 1903 2128">
    <p class='ocr_par' dir='ltr' id='par_1_38' title="bbox 284 2049 1903 2128">
     <span class='ocr_line' id='line_1_38' title="bbox 284 2049 1903 2128; baseline 0 -23"><span class='ocrx_word' id='word_1_260' title='bbox 284 2060 515 2128; x_wconf 64' lang='grc' dir='ltr'>φωνήσει</span> <span class='ocrx_word' id='word_1_261' title='bbox 564 2049 725 2107; x_wconf 85' lang='grc' dir='ltr'>τοῦδε</span> <span class='ocrx_word' id='word_1_262' title='bbox 778 2061 874 2106; x_wconf 86' lang='grc' dir='ltr'>τοῦ</span> <span class='ocrx_word' id='word_1_263' title='bbox 929 2055 1066 2107; x_wconf 83' lang='grc' dir='ltr'>θείου</span> <span class='ocrx_word' id='word_1_264' title='bbox 1125 2052 1388 2126; x_wconf 78' lang='grc' dir='ltr'>συμϐόλου</span> <span class='ocrx_word' id='word_1_265' title='bbox 1443 2073 1533 2104; x_wconf 87' lang='grc' dir='ltr'>και</span> <span class='ocrx_word' id='word_1_266' title='bbox 1585 2056 1634 2105; x_wconf 88' lang='grc' dir='ltr'>οἱ</span> <span class='ocrx_word' id='word_1_267' title='bbox 1683 2051 1903 2125; x_wconf 85' lang='grc' dir='ltr'>ἀγνῶτες</span> 
     </span>
    </p>
   </div>
   <div class='ocr_carea' id='block_1_39' title="bbox 277 2137 1904 2215">
    <p class='ocr_par' dir='ltr' id='par_1_39' title="bbox 277 2137 1904 2215">
     <span class='ocr_line' id='line_1_39' title="bbox 277 2137 1904 2215; baseline -0.002 -19"><span class='ocrx_word' id='word_1_268' title='bbox 277 2164 376 2196; x_wconf 89' lang='grc' dir='ltr'>και</span> <span class='ocrx_word' id='word_1_269' title='bbox 435 2140 680 2215; x_wconf 88' lang='grc' dir='ltr'>ἀμαθεῖς,</span> <span class='ocrx_word' id='word_1_270' title='bbox 737 2145 928 2195; x_wconf 88' lang='grc' dir='ltr'>τούτου</span> <span class='ocrx_word' id='word_1_271' title='bbox 993 2140 1261 2203; x_wconf 82' lang='grc' dir='ltr'>ἀκούοντες</span> <span class='ocrx_word' id='word_1_272' title='bbox 1316 2148 1406 2195; x_wconf 90' lang='grc' dir='ltr'>τοῦ</span> <span class='ocrx_word' id='word_1_273' title='bbox 1465 2137 1744 2214; x_wconf 81' lang='grc' dir='ltr'>ἀδομένου,</span> <span class='ocrx_word' id='word_1_274' title='bbox 1810 2137 1904 2193; x_wconf 83' lang='grc' dir='ltr'>διά</span> 
     </span>
    </p>
   </div>
   <div class='ocr_carea' id='block_1_40' title="bbox 279 2231 1902 2306">
    <p class='ocr_par' dir='ltr' id='par_1_40' title="bbox 279 2231 1902 2306">
     <span class='ocr_line' id='line_1_40' title="bbox 279 2231 1902 2306; baseline -0.001 -22"><span class='ocrx_word' id='word_1_275' title='bbox 279 2235 478 2293; x_wconf 84' lang='grc' dir='ltr'>παντὸς</span> <span class='ocrx_word' id='word_1_276' title='bbox 526 2231 578 2284; x_wconf 80' lang='grc' dir='ltr'>ἐν</span> <span class='ocrx_word' id='word_1_277' title='bbox 634 2236 827 2302; x_wconf 81' lang='grc' dir='ltr'>γνώσει</span> <span class='ocrx_word' id='word_1_278' title='bbox 876 2233 1047 2303; x_wconf 81' lang='grc' dir='ltr'>ἔχωσι</span> <span class='ocrx_word' id='word_1_279' title='bbox 1103 2233 1166 2283; x_wconf 83' lang='grc' dir='ltr'>τὰ</span> <span class='ocrx_word' id='word_1_280' title='bbox 1212 2234 1403 2306; x_wconf 71' lang='grc' dir='ltr'>ἓκφορα</span> <span class='ocrx_word' id='word_1_281' title='bbox 1461 2238 1552 2283; x_wconf 89' lang='grc' dir='ltr'>τοῦ</span> <span class='ocrx_word' id='word_1_282' title='bbox 1605 2234 1902 2303; x_wconf 83' lang='grc' dir='ltr'>μυστηρίου</span> 
     </span>
    </p>
   </div>
   <div class='ocr_carea' id='block_1_41' title="bbox 285 2318 1903 2394">
    <p class='ocr_par' dir='ltr' id='par_1_41' title="bbox 285 2318 1903 2394">
     <span class='ocr_line' id='line_1_41' title="bbox 285 2318 1903 2394; baseline -0.001 -22"><span class='ocrx_word' id='word_1_283' title='bbox 285 2329 386 2382; x_wconf 80' lang='grc' dir='ltr'>τῆς</span> <span class='ocrx_word' id='word_1_284' title='bbox 428 2325 660 2382; x_wconf 83' lang='grc' dir='ltr'>πίστεως</span> <span class='ocrx_word' id='word_1_285' title='bbox 704 2338 796 2371; x_wconf 91' lang='grc' dir='ltr'>και</span> <span class='ocrx_word' id='word_1_286' title='bbox 834 2326 946 2380; x_wconf 91' lang='grc' dir='ltr'>ταῖς</span> <span class='ocrx_word' id='word_1_287' title='bbox 994 2328 1096 2372; x_wconf 87' lang='grc' dir='ltr'>τῶν</span> <span class='ocrx_word' id='word_1_288' title='bbox 1135 2319 1333 2372; x_wconf 83' lang='grc' dir='ltr'>πολλῶν</span> <span class='ocrx_word' id='word_1_289' title='bbox 1376 2318 1561 2382; x_wconf 87' lang='grc' dir='ltr'>ἀκοαῖς</span> <span class='ocrx_word' id='word_1_290' title='bbox 1605 2319 1700 2372; x_wconf 80' lang='grc' dir='ltr'>ούκ</span> <span class='ocrx_word' id='word_1_291' title='bbox 1745 2318 1903 2394; x_wconf 59' lang='lat' dir='ltr'>amp-</span> 
     </span>
    </p>
   </div>
   <div class='ocr_carea' id='block_1_42' title="bbox 288 2411 456 2484">
    <p class='ocr_par' dir='ltr' id='par_1_42' title="bbox 288 2411 456 2484">
     <span class='ocr_line' id='line_1_42' title="bbox 288 2411 456 2484; baseline -0.012 -16"><span class='ocrx_word' id='word_1_292' title='bbox 288 2411 456 2484; x_wconf 76' lang='grc' dir='ltr'>ῥητα.</span> 
     </span>
    </p>
   </div>
   <div class='ocr_carea' id='block_1_43' title="bbox 366 2494 1902 2569">
    <p class='ocr_par' dir='ltr' id='par_1_43' title="bbox 366 2494 1902 2569">
     <span class='ocr_line' id='line_1_43' title="bbox 366 2494 1902 2569; baseline 0 -20"><span class='ocrx_word' id='word_1_293' title='bbox 366 2497 467 2551; x_wconf 80' lang='grc' dir='ltr'>κοί.</span> <span class='ocrx_word' id='word_1_294' title='bbox 505 2496 563 2550; x_wconf 85' lang='grc' dir='ltr'>Ἡ</span> <span class='ocrx_word' id='word_1_295' title='bbox 603 2494 665 2557; x_wconf 65' lang='grc' dir='ltr'>δὲ</span> <span class='ocrx_word' id='word_1_296' title='bbox 702 2504 805 2550; x_wconf 86' lang='grc' dir='ltr'>τῶν</span> <span class='ocrx_word' id='word_1_297' title='bbox 848 2498 1017 2569; x_wconf 87' lang='grc' dir='ltr'>θυρῶν</span> <span class='ocrx_word' id='word_1_298' title='bbox 1059 2496 1272 2567; x_wconf 82' lang='grc' dir='ltr'>κλεῖσις,</span> <span class='ocrx_word' id='word_1_299' title='bbox 1303 2517 1395 2549; x_wconf 84' lang='grc' dir='ltr'>και</span> <span class='ocrx_word' id='word_1_300' title='bbox 1433 2500 1463 2555; x_wconf 82' lang='grc' dir='ltr'>ἡ</span> <span class='ocrx_word' id='word_1_301' title='bbox 1511 2495 1679 2549; x_wconf 77' lang='grc' dir='ltr'>ἐπάνω</span> <span class='ocrx_word' id='word_1_302' title='bbox 1708 2500 1902 2549; x_wconf 75' lang='grc' dir='ltr'>τούτοιν</span> 
     </span>
    </p>
   </div>
   <div class='ocr_carea' id='block_1_44' title="bbox 290 2584 1902 2658">
    <p class='ocr_par' dir='ltr' id='par_1_44' title="bbox 290 2584 1902 2658">
     <span class='ocr_line' id='line_1_44' title="bbox 290 2584 1902 2658; baseline 0 -21"><span class='ocrx_word' id='word_1_303' title='bbox 290 2585 588 2649; x_wconf 77' lang='grc' dir='ltr'>ἐξάπλωσις</span> <span class='ocrx_word' id='word_1_304' title='bbox 640 2593 733 2638; x_wconf 87' lang='grc' dir='ltr'>τοῦ</span> <span class='ocrx_word' id='word_1_305' title='bbox 799 2587 1293 2658; x_wconf 71' lang='grc' dir='ltr'>καταπετάσματος,</span> <span class='ocrx_word' id='word_1_306' title='bbox 1348 2586 1414 2646; x_wconf 83' lang='grc' dir='ltr'>ὠς</span> <span class='ocrx_word' id='word_1_307' title='bbox 1470 2584 1518 2637; x_wconf 84' lang='grc' dir='ltr'>ἐν</span> <span class='ocrx_word' id='word_1_308' title='bbox 1571 2592 1682 2648; x_wconf 89' lang='grc' dir='ltr'>τοῖς</span> <span class='ocrx_word' id='word_1_309' title='bbox 1742 2605 1902 2658; x_wconf 91' lang='grc' dir='ltr'>μονα-</span> 
     </span>
    </p>
   </div>
   <div class='ocr_carea' id='block_1_45' title="bbox 294 2672 1903 2751">
    <p class='ocr_par' dir='ltr' id='par_1_45' title="bbox 294 2672 1903 2751">
     <span class='ocr_line' id='line_1_45' title="bbox 294 2672 1903 2751; baseline 0.001 -24"><span class='ocrx_word' id='word_1_310' title='bbox 294 2679 538 2750; x_wconf 87' lang='grc' dir='ltr'>στηρίοις</span> <span class='ocrx_word' id='word_1_311' title='bbox 588 2674 827 2741; x_wconf 78' lang='grc' dir='ltr'>εἰώθασι,</span> <span class='ocrx_word' id='word_1_312' title='bbox 875 2694 968 2726; x_wconf 91' lang='grc' dir='ltr'>και</span> <span class='ocrx_word' id='word_1_313' title='bbox 1014 2676 1044 2733; x_wconf 78' lang='grc' dir='ltr'>ἡ</span> <span class='ocrx_word' id='word_1_314' title='bbox 1104 2681 1196 2726; x_wconf 87' lang='grc' dir='ltr'>τοῦ</span> <span class='ocrx_word' id='word_1_315' title='bbox 1254 2673 1528 2747; x_wconf 83' lang='grc' dir='ltr'>λεγομένου</span> <span class='ocrx_word' id='word_1_316' title='bbox 1591 2672 1739 2751; x_wconf 80' lang='grc' dir='ltr'>ἀέρος</span> <span class='ocrx_word' id='word_1_317' title='bbox 1788 2673 1903 2745; x_wconf 72' lang='grc'>(27)</span> 
     </span>
    </p>
   </div>
   <div class='ocr_carea' id='block_1_46' title="bbox 286 2760 1907 2837">
    <p class='ocr_par' dir='ltr' id='par_1_46' title="bbox 286 2760 1907 2837">
     <span class='ocr_line' id='line_1_46' title="bbox 286 2760 1907 2837; baseline 0 -21"><span class='ocrx_word' id='word_1_318' title='bbox 286 2773 396 2816; x_wconf 88' lang='grc' dir='ltr'>τῶν</span> <span class='ocrx_word' id='word_1_319' title='bbox 452 2766 599 2817; x_wconf 81' lang='grc' dir='ltr'>θείων</span> <span class='ocrx_word' id='word_1_320' title='bbox 648 2760 830 2837; x_wconf 82' lang='grc' dir='ltr'>δώρων</span> <span class='ocrx_word' id='word_1_321' title='bbox 876 2764 1213 2835; x_wconf 75' lang='grc' dir='ltr'>ἐπικάλυψις,</span> <span class='ocrx_word' id='word_1_322' title='bbox 1270 2764 1340 2827; x_wconf 84' lang='grc' dir='ltr'>ὡς</span> <span class='ocrx_word' id='word_1_323' title='bbox 1391 2762 1560 2837; x_wconf 84' lang='grc' dir='ltr'>οἶμαι,</span> <span class='ocrx_word' id='word_1_324' title='bbox 1612 2769 1708 2823; x_wconf 82' lang='grc' dir='ltr'>τήν</span> <span class='ocrx_word' id='word_1_325' title='bbox 1745 2766 1907 2816; x_wconf 82' lang='grc' dir='ltr'>νύκτα</span> 
     </span>
    </p>
   </div>
   <div class='ocr_carea' id='block_1_47' title="bbox 290 2848 1908 2926">
    <p class='ocr_par' dir='ltr' id='par_1_47' title="bbox 290 2848 1908 2926">
     <span class='ocr_line' id='line_1_47' title="bbox 290 2848 1908 2926; baseline -0.001 -20"><span class='ocrx_word' id='word_1_326' title='bbox 290 2853 498 2911; x_wconf 69' lang='grc' dir='ltr'>ἐκείνην</span> <span class='ocrx_word' id='word_1_327' title='bbox 567 2849 742 2920; x_wconf 78' lang='grc' dir='ltr'>δηλοῖ,</span> <span class='ocrx_word' id='word_1_328' title='bbox 808 2852 928 2905; x_wconf 87' lang='grc' dir='ltr'>καθ’</span> <span class='ocrx_word' id='word_1_329' title='bbox 974 2852 1035 2911; x_wconf 78' lang='grc' dir='ltr'>ἢν</span> <span class='ocrx_word' id='word_1_330' title='bbox 1096 2854 1127 2910; x_wconf 80' lang='grc' dir='ltr'>ἡ</span> <span class='ocrx_word' id='word_1_331' title='bbox 1186 2859 1278 2905; x_wconf 85' lang='grc' dir='ltr'>τοῦ</span> <span class='ocrx_word' id='word_1_332' title='bbox 1345 2855 1581 2926; x_wconf 85' lang='grc' dir='ltr'>μαθητοῦ</span> <span class='ocrx_word' id='word_1_333' title='bbox 1640 2848 1908 2926; x_wconf 73' lang='grc' dir='ltr'>προδοσία</span> 
     </span>
    </p>
   </div>
   <div class='ocr_carea' id='block_1_48' title="bbox 297 2940 1906 3017">
    <p class='ocr_par' dir='ltr' id='par_1_48' title="bbox 297 2940 1906 3017">
     <span class='ocr_line' id='line_1_48' title="bbox 297 2940 1906 3017; baseline -0.001 -24"><span class='ocrx_word' id='word_1_334' title='bbox 297 2940 526 3015; x_wconf 67' lang='grc' dir='ltr'>προέϐη,</span> <span class='ocrx_word' id='word_1_335' title='bbox 562 2960 654 2992; x_wconf 88' lang='grc' dir='ltr'>και</span> <span class='ocrx_word' id='word_1_336' title='bbox 703 2943 733 2999; x_wconf 80' lang='grc' dir='ltr'>ἡ</span> <span class='ocrx_word' id='word_1_337' title='bbox 785 2944 913 3017; x_wconf 86' lang='grc' dir='ltr'>πρός</span> <span class='ocrx_word' id='word_1_338' title='bbox 960 2942 1199 3014; x_wconf 76' lang='grc' dir='ltr'>Καϊάφαν</span> <span class='ocrx_word' id='word_1_339' title='bbox 1245 2940 1527 3013; x_wconf 79' lang='grc' dir='ltr'>ἀπαγωγὴ,</span> <span class='ocrx_word' id='word_1_340' title='bbox 1562 2960 1653 2993; x_wconf 87' lang='grc' dir='ltr'>και</span> <span class='ocrx_word' id='word_1_341' title='bbox 1694 2943 1723 2999; x_wconf 75' lang='grc' dir='ltr'>ἡ</span> <span class='ocrx_word' id='word_1_342' title='bbox 1779 2944 1906 3014; x_wconf 90' lang='grc' dir='ltr'>πρός</span> 
     </span>
    </p>
   </div>
   <div class='ocr_carea' id='block_1_49' title="bbox 300 3025 1907 3104">
    <p class='ocr_par' dir='ltr' id='par_1_49' title="bbox 300 3025 1907 3104">
     <span class='ocr_line' id='line_1_49' title="bbox 300 3025 1907 3104; baseline -0.001 -22"><span class='ocrx_word' id='word_1_343' title='bbox 300 3026 499 3082; x_wconf 69' lang='grc' dir='ltr'>’Ἄνναν</span> <span class='ocrx_word' id='word_1_344' title='bbox 563 3031 917 3103; x_wconf 79' lang='grc' dir='ltr'>παράστασις,</span> <span class='ocrx_word' id='word_1_345' title='bbox 988 3049 1078 3082; x_wconf 90' lang='grc' dir='ltr'>και</span> <span class='ocrx_word' id='word_1_346' title='bbox 1144 3032 1199 3081; x_wconf 85' lang='grc' dir='ltr'>αἱ</span> <span class='ocrx_word' id='word_1_347' title='bbox 1262 3025 1756 3104; x_wconf 67' lang='grc' dir='ltr'>ψευδομαρτυρίαι,</span> <span class='ocrx_word' id='word_1_348' title='bbox 1822 3049 1907 3081; x_wconf 87' lang='grc' dir='ltr'>ναι</span> 
     </span>
    </p>
   </div>
   <div class='ocr_carea' id='block_1_50' title="bbox 2005 1877 3655 1953">
    <p class='ocr_par' dir='ltr' id='par_1_50' title="bbox 2005 1877 3655 1953">
     <span class='ocr_line' id='line_1_50' title="bbox 2005 1877 3655 1953; baseline 0.004 -20"><span class='ocrx_word' id='word_1_349' title='bbox 2005 1877 2302 1943; x_wconf 87' lang='lat' dir='ltr'>ﬁteamur,</span> <span class='ocrx_word' id='word_1_350' title='bbox 2337 1878 2444 1934; x_wconf 89' lang='lat' dir='ltr'>sed</span> <span class='ocrx_word' id='word_1_351' title='bbox 2475 1879 2746 1950; x_wconf 87' lang='lat' dir='ltr'>ejusdem</span> <span class='ocrx_word' id='word_1_352' title='bbox 2777 1880 3209 1953; x_wconf 87' lang='lat' dir='ltr'>impassibilem</span> <span class='ocrx_word' id='word_1_353' title='bbox 3250 1883 3544 1939; x_wconf 88' lang='lat' dir='ltr'>mansisse</span> <span class='ocrx_word' id='word_1_354' title='bbox 3570 1883 3655 1939; x_wconf 91' lang='lat' dir='ltr'>di-</span> 
     </span>
    </p>
   </div>
   <div class='ocr_carea' id='block_1_51' title="bbox 2005 1967 3657 2044">
    <p class='ocr_par' dir='ltr' id='par_1_51' title="bbox 2005 1967 3657 2044">
     <span class='ocr_line' id='line_1_51' title="bbox 2005 1967 3657 2044; baseline 0.004 -23"><span class='ocrx_word' id='word_1_355' title='bbox 2005 1967 2348 2039; x_wconf 73' lang='lat' dir='ltr'>vinitatem,</span> <span class='ocrx_word' id='word_1_356' title='bbox 2385 1967 2687 2039; x_wconf 89' lang='lat' dir='ltr'>simulque</span> <span class='ocrx_word' id='word_1_357' title='bbox 2737 1973 2801 2025; x_wconf 89' lang='lat' dir='ltr'>ut</span> <span class='ocrx_word' id='word_1_358' title='bbox 2836 1969 2984 2025; x_wconf 91' lang='lat' dir='ltr'>dum</span> <span class='ocrx_word' id='word_1_359' title='bbox 3014 1970 3144 2029; x_wconf 66' lang='lat' dir='ltr'>hinc</span> <span class='ocrx_word' id='word_1_360' title='bbox 3173 1971 3359 2026; x_wconf 84' lang='lat' dir='ltr'>divini</span> <span class='ocrx_word' id='word_1_361' title='bbox 3397 1971 3657 2044; x_wconf 83' lang='lat' dir='ltr'>symboli</span> 
     </span>
    </p>
   </div>
   <div class='ocr_carea' id='block_1_52' title="bbox 2008 2054 3656 2133">
    <p class='ocr_par' dir='ltr' id='par_1_52' title="bbox 2008 2054 3656 2133">
     <span class='ocr_line' id='line_1_52' title="bbox 2008 2054 3656 2133; baseline 0.004 -23"><span class='ocrx_word' id='word_1_362' title='bbox 2008 2054 2164 2112; x_wconf 90' lang='lat' dir='ltr'>elata.</span> <span class='ocrx_word' id='word_1_363' title='bbox 2194 2071 2340 2111; x_wconf 90' lang='lat' dir='ltr'>voce</span> <span class='ocrx_word' id='word_1_364' title='bbox 2370 2056 2635 2112; x_wconf 81' lang='lat' dir='ltr'>recitatio</span> <span class='ocrx_word' id='word_1_365' title='bbox 2665 2055 2750 2122; x_wconf 86' lang='lat' dir='ltr'>ﬁt,</span> <span class='ocrx_word' id='word_1_366' title='bbox 2782 2057 2987 2114; x_wconf 66' lang='lat' dir='ltr'>idiotas</span> <span class='ocrx_word' id='word_1_367' title='bbox 3015 2059 3330 2133; x_wconf 89' lang='lat' dir='ltr'>ignarique</span> <span class='ocrx_word' id='word_1_368' title='bbox 3359 2060 3656 2133; x_wconf 88' lang='lat' dir='ltr'>homines,</span> 
     </span>
    </p>
   </div>
   <div class='ocr_carea' id='block_1_53' title="bbox 2008 2145 3659 2221">
    <p class='ocr_par' dir='ltr' id='par_1_53' title="bbox 2008 2145 3659 2221">
     <span class='ocr_line' id='line_1_53' title="bbox 2008 2145 3659 2221; baseline 0.003 -21"><span class='ocrx_word' id='word_1_369' title='bbox 2008 2145 2311 2201; x_wconf 85' lang='lat' dir='ltr'>canticum</span> <span class='ocrx_word' id='word_1_370' title='bbox 2347 2145 2463 2201; x_wconf 91' lang='lat' dir='ltr'>hoc</span> <span class='ocrx_word' id='word_1_371' title='bbox 2490 2145 2821 2214; x_wconf 89' lang='lat' dir='ltr'>audientes,</span> <span class='ocrx_word' id='word_1_372' title='bbox 2849 2151 3049 2205; x_wconf 88' lang='lat' dir='ltr'>mente</span> <span class='ocrx_word' id='word_1_373' title='bbox 3079 2149 3415 2221; x_wconf 79' lang='lat' dir='ltr'>percipiant</span> <span class='ocrx_word' id='word_1_374' title='bbox 3441 2154 3659 2221; x_wconf 86' lang='lat' dir='ltr'>myste-</span> 
     </span>
    </p>
   </div>
   <div class='ocr_carea' id='block_1_54' title="bbox 2008 2232 3659 2307">
    <p class='ocr_par' dir='ltr' id='par_1_54' title="bbox 2008 2232 3659 2307">
     <span class='ocr_line' id='line_1_54' title="bbox 2008 2232 3659 2307; baseline 0.002 -18"><span class='ocrx_word' id='word_1_375' title='bbox 2008 2232 2079 2289; x_wconf 90' lang='lat' dir='ltr'>rii</span> <span class='ocrx_word' id='word_1_376' title='bbox 2120 2233 2413 2305; x_wconf 85' lang='lat' dir='ltr'>notitiam,</span> <span class='ocrx_word' id='word_1_377' title='bbox 2446 2249 2584 2305; x_wconf 77' lang='lat' dir='ltr'>quae</span> <span class='ocrx_word' id='word_1_378' title='bbox 2622 2233 2747 2307; x_wconf 87' lang='lat' dir='ltr'>jam</span> <span class='ocrx_word' id='word_1_379' title='bbox 2788 2233 3112 2293; x_wconf 85' lang='lat' dir='ltr'>multorum</span> <span class='ocrx_word' id='word_1_380' title='bbox 3161 2237 3412 2294; x_wconf 83' lang='lat' dir='ltr'>auribus</span> <span class='ocrx_word' id='word_1_381' title='bbox 3464 2236 3659 2293; x_wconf 87' lang='lat' dir='ltr'>divul-</span> 
     </span>
    </p>
   </div>
   <div class='ocr_carea' id='block_1_55' title="bbox 2009 2326 2207 2392">
    <p class='ocr_par' dir='ltr' id='par_1_55' title="bbox 2009 2326 2207 2392">
     <span class='ocr_line' id='line_1_55' title="bbox 2009 2326 2207 2392; baseline -0.005 -14"><span class='ocrx_word' id='word_1_382' title='bbox 2009 2326 2207 2392; x_wconf 86' lang='lat' dir='ltr'>gatur.</span> 
     </span>
    </p>
   </div>
   <div class='ocr_carea' id='block_1_56' title="bbox 2082 2502 3660 2574">
    <p class='ocr_par' dir='ltr' id='par_1_56' title="bbox 2082 2502 3660 2574">
     <span class='ocr_line' id='line_1_56' title="bbox 2082 2502 3660 2574; baseline 0.004 -20"><span class='ocrx_word' id='word_1_383' title='bbox 2082 2504 2170 2556; x_wconf 79' lang='lat' dir='ltr'>2t.</span> <span class='ocrx_word' id='word_1_384' title='bbox 2211 2504 2519 2559; x_wconf 88' lang='lat' dir='ltr'>Portarum</span> <span class='ocrx_word' id='word_1_385' title='bbox 2548 2517 2693 2559; x_wconf 88' lang='lat' dir='ltr'>vero</span> <span class='ocrx_word' id='word_1_386' title='bbox 2736 2502 3037 2574; x_wconf 88' lang='lat' dir='ltr'>clausura,</span> <span class='ocrx_word' id='word_1_387' title='bbox 3076 2520 3188 2561; x_wconf 92' lang='lat' dir='ltr'>nec</span> <span class='ocrx_word' id='word_1_388' title='bbox 3236 2521 3356 2563; x_wconf 90' lang='lat' dir='ltr'>non</span> <span class='ocrx_word' id='word_1_389' title='bbox 3400 2504 3517 2562; x_wconf 91' lang='lat' dir='ltr'>veli</span> <span class='ocrx_word' id='word_1_390' title='bbox 3564 2504 3660 2563; x_wconf 90' lang='lat' dir='ltr'>his</span> 
     </span>
    </p>
   </div>
   <div class='ocr_carea' id='block_1_57' title="bbox 2011 2589 3665 2663">
    <p class='ocr_par' dir='ltr' id='par_1_57' title="bbox 2011 2589 3665 2663">
     <span class='ocr_line' id='line_1_57' title="bbox 2011 2589 3665 2663; baseline 0.003 -20"><span class='ocrx_word' id='word_1_391' title='bbox 2011 2589 2598 2661; x_wconf 89' lang='lat' dir='ltr'>superimpendentis</span> <span class='ocrx_word' id='word_1_392' title='bbox 2627 2592 2878 2663; x_wconf 87' lang='lat' dir='ltr'>apertio,</span> <span class='ocrx_word' id='word_1_393' title='bbox 2911 2596 2978 2649; x_wconf 92' lang='lat' dir='ltr'>ut</span> <span class='ocrx_word' id='word_1_394' title='bbox 3014 2593 3076 2648; x_wconf 91' lang='lat' dir='ltr'>in</span> <span class='ocrx_word' id='word_1_395' title='bbox 3106 2593 3490 2651; x_wconf 88' lang='lat' dir='ltr'>monasteriis</span> <span class='ocrx_word' id='word_1_396' title='bbox 3536 2592 3665 2648; x_wconf 86' lang='lat' dir='ltr'>ﬁeri</span> 
     </span>
    </p>
   </div>
   <div class='ocr_carea' id='block_1_58' title="bbox 2012 2675 3667 2753">
    <p class='ocr_par' dir='ltr' id='par_1_58' title="bbox 2012 2675 3667 2753">
     <span class='ocr_line' id='line_1_58' title="bbox 2012 2675 3667 2753; baseline 0.002 -20"><span class='ocrx_word' id='word_1_397' title='bbox 2012 2675 2180 2741; x_wconf 87' lang='lat' dir='ltr'>solet,</span> <span class='ocrx_word' id='word_1_398' title='bbox 2205 2682 2335 2732; x_wconf 90' lang='lat' dir='ltr'>tum</span> <span class='ocrx_word' id='word_1_399' title='bbox 2366 2681 2422 2732; x_wconf 89' lang='lat' dir='ltr'>et</span> <span class='ocrx_word' id='word_1_400' title='bbox 2448 2676 2597 2733; x_wconf 89' lang='lat' dir='ltr'>illud</span> <span class='ocrx_word' id='word_1_401' title='bbox 2620 2678 2964 2743; x_wconf 86' lang='lat' dir='ltr'>divinorum</span> <span class='ocrx_word' id='word_1_402' title='bbox 2996 2680 3298 2737; x_wconf 90' lang='lat' dir='ltr'>donorum</span> <span class='ocrx_word' id='word_1_403' title='bbox 3329 2681 3667 2753; x_wconf 84' lang='lat' dir='ltr'>operimen-</span> 
     </span>
    </p>
   </div>
   <div class='ocr_carea' id='block_1_59' title="bbox 2010 2764 3664 2838">
    <p class='ocr_par' dir='ltr' id='par_1_59' title="bbox 2010 2764 3664 2838">
     <span class='ocr_line' id='line_1_59' title="bbox 2010 2764 3664 2838; baseline 0.005 -19"><span class='ocrx_word' id='word_1_404' title='bbox 2010 2769 2163 2834; x_wconf 83' lang='lat' dir='ltr'>tum,</span> <span class='ocrx_word' id='word_1_405' title='bbox 2178 2764 2345 2837; x_wconf 89' lang='lat' dir='ltr'>quod</span> <span class='ocrx_word' id='word_1_406' title='bbox 2364 2764 2547 2835; x_wconf 83' lang='lat' dir='ltr'>vulgo</span> <span class='ocrx_word' id='word_1_407' title='bbox 2577 2766 2795 2827; x_wconf 87' lang='lat' dir='ltr'>dicitur</span> <span class='ocrx_word' id='word_1_408' title='bbox 2814 2783 2938 2835; x_wconf 82' lang='lat' dir='ltr'>aer,</span> <span class='ocrx_word' id='word_1_409' title='bbox 2965 2767 3152 2838; x_wconf 88' lang='lat' dir='ltr'>illam,</span> <span class='ocrx_word' id='word_1_410' title='bbox 3169 2772 3234 2825; x_wconf 90' lang='lat' dir='ltr'>ut</span> <span class='ocrx_word' id='word_1_411' title='bbox 3256 2784 3408 2836; x_wconf 90' lang='lat' dir='ltr'>reor,</span> <span class='ocrx_word' id='word_1_412' title='bbox 3424 2774 3664 2829; x_wconf 84' lang='lat' dir='ltr'>noctem</span> 
     </span>
    </p>
   </div>
   <div class='ocr_carea' id='block_1_60' title="bbox 2014 2852 3666 2926">
    <p class='ocr_par' dir='ltr' id='par_1_60' title="bbox 2014 2852 3666 2926">
     <span class='ocr_line' id='line_1_60' title="bbox 2014 2852 3666 2926; baseline 0.004 -20"><span class='ocrx_word' id='word_1_413' title='bbox 2014 2853 2075 2923; x_wconf 80' lang='lat' dir='ltr'>in</span> <span class='ocrx_word' id='word_1_414' title='bbox 2113 2869 2236 2925; x_wconf 90' lang='lat' dir='ltr'>qua</span> <span class='ocrx_word' id='word_1_415' title='bbox 2278 2852 2558 2925; x_wconf 88' lang='lat' dir='ltr'>discipuli</span> <span class='ocrx_word' id='word_1_416' title='bbox 2601 2855 2858 2926; x_wconf 93' lang='lat' dir='ltr'>proditio</span> <span class='ocrx_word' id='word_1_417' title='bbox 2905 2856 3119 2925; x_wconf 89' lang='lat' dir='ltr'>evenit,</span> <span class='ocrx_word' id='word_1_418' title='bbox 3150 2855 3459 2925; x_wconf 87' lang='lat' dir='ltr'>denotant,</span> <span class='ocrx_word' id='word_1_419' title='bbox 3491 2861 3548 2917; x_wconf 90' lang='lat' dir='ltr'>et</span> <span class='ocrx_word' id='word_1_420' title='bbox 3586 2856 3666 2913; x_wconf 85' lang='lat' dir='ltr'>ad</span> 
     </span>
    </p>
   </div>
   <div class='ocr_carea' id='block_1_61' title="bbox 2017 2941 3669 3019">
    <p class='ocr_par' dir='ltr' id='par_1_61' title="bbox 2017 2941 3669 3019">
     <span class='ocr_line' id='line_1_61' title="bbox 2017 2941 3669 3019; baseline 0.002 -21"><span class='ocrx_word' id='word_1_421' title='bbox 2017 2941 2307 3014; x_wconf 87' lang='lat' dir='ltr'>Caipham</span> <span class='ocrx_word' id='word_1_422' title='bbox 2337 2941 2783 3013; x_wconf 90' lang='lat' dir='ltr'>deductionem,</span> <span class='ocrx_word' id='word_1_423' title='bbox 2814 2948 2870 3000; x_wconf 91' lang='lat' dir='ltr'>et</span> <span class='ocrx_word' id='word_1_424' title='bbox 2898 2960 3103 3000; x_wconf 89' lang='lat' dir='ltr'>coram</span> <span class='ocrx_word' id='word_1_425' title='bbox 3132 2948 3305 3003; x_wconf 80' lang='lat' dir='ltr'>Anna</span> <span class='ocrx_word' id='word_1_426' title='bbox 3344 2949 3669 3019; x_wconf 69' lang='lat' dir='ltr'>praesenta-</span> 
     </span>
    </p>
   </div>
   <div class='ocr_carea' id='block_1_62' title="bbox 2015 3030 3667 3103">
    <p class='ocr_par' dir='ltr' id='par_1_62' title="bbox 2015 3030 3667 3103">
     <span class='ocr_line' id='line_1_62' title="bbox 2015 3030 3667 3103; baseline 0.002 -18"><span class='ocrx_word' id='word_1_427' title='bbox 2015 3030 2259 3102; x_wconf 87' lang='lat' dir='ltr'>tionem,</span> <span class='ocrx_word' id='word_1_428' title='bbox 2295 3035 2352 3086; x_wconf 90' lang='lat' dir='ltr'>et</span> <span class='ocrx_word' id='word_1_429' title='bbox 2388 3031 2540 3087; x_wconf 87' lang='lat' dir='ltr'>falsa</span> <span class='ocrx_word' id='word_1_430' title='bbox 2570 3032 2928 3099; x_wconf 89' lang='lat' dir='ltr'>testimonia,</span> <span class='ocrx_word' id='word_1_431' title='bbox 2962 3038 3020 3089; x_wconf 92' lang='lat' dir='ltr'>et</span> <span class='ocrx_word' id='word_1_432' title='bbox 3060 3032 3393 3103; x_wconf 90' lang='lat' dir='ltr'>illusiones,</span> <span class='ocrx_word' id='word_1_433' title='bbox 3422 3038 3480 3089; x_wconf 90' lang='lat' dir='ltr'>et</span> <span class='ocrx_word' id='word_1_434' title='bbox 3507 3032 3667 3089; x_wconf 82' lang='lat' dir='ltr'>cola-</span> 
     </span>
    </p>
   </div>
   <div class='ocr_carea' id='block_1_63' title="bbox 294 3116 1910 3207">
    <p class='ocr_par' dir='ltr' id='par_1_63' title="bbox 294 3116 1909 3194">
     <span class='ocr_line' id='line_1_63' title="bbox 294 3116 1909 3194; baseline 0.001 -26"><span class='ocrx_word' id='word_1_435' title='bbox 294 3123 409 3194; x_wconf 82' lang='grc' dir='ltr'>μήν</span> <span class='ocrx_word' id='word_1_436' title='bbox 449 3137 542 3169; x_wconf 88' lang='grc' dir='ltr'>και</span> <span class='ocrx_word' id='word_1_437' title='bbox 584 3120 632 3169; x_wconf 85' lang='grc' dir='ltr'>οἱ</span> <span class='ocrx_word' id='word_1_438' title='bbox 677 3116 981 3191; x_wconf 87' lang='grc' dir='ltr'>ἐμπαιγμοι,</span> <span class='ocrx_word' id='word_1_439' title='bbox 1016 3139 1101 3171; x_wconf 87' lang='grc' dir='ltr'>και</span> <span class='ocrx_word' id='word_1_440' title='bbox 1149 3121 1198 3170; x_wconf 88' lang='grc' dir='ltr'>οἱ</span> <span class='ocrx_word' id='word_1_441' title='bbox 1235 3118 1575 3191; x_wconf 72' lang='grc' dir='ltr'>κολαφισμοι,</span> <span class='ocrx_word' id='word_1_442' title='bbox 1617 3138 1708 3169; x_wconf 91' lang='grc' dir='ltr'>και</span> <span class='ocrx_word' id='word_1_443' title='bbox 1748 3117 1909 3171; x_wconf 83' lang='grc' dir='ltr'>τοῖλλα</span> 
     </span>
    </p>
   </div>
   <div class='ocr_carea' id='block_1_64' title="bbox 2017 3116 3664 3207">
    <p class='ocr_par' dir='ltr' id='par_1_64' title="bbox 2017 3119 3664 3193">
     <span class='ocr_line' id='line_1_64' title="bbox 2017 3119 3664 3193; baseline 0.002 -20"><span class='ocrx_word' id='word_1_444' title='bbox 2017 3119 2193 3191; x_wconf 91' lang='lat' dir='ltr'>phos,</span> <span class='ocrx_word' id='word_1_445' title='bbox 2221 3124 2276 3174; x_wconf 90' lang='lat' dir='ltr'>et</span> <span class='ocrx_word' id='word_1_446' title='bbox 2301 3135 2679 3193; x_wconf 66' lang='lat' dir='ltr'>quaecunque</span> <span class='ocrx_word' id='word_1_447' title='bbox 2719 3121 3070 3191; x_wconf 87' lang='lat' dir='ltr'>hujusmodi</span> <span class='ocrx_word' id='word_1_448' title='bbox 3099 3126 3243 3179; x_wconf 90' lang='lat' dir='ltr'>tunc</span> <span class='ocrx_word' id='word_1_449' title='bbox 3271 3121 3664 3193; x_wconf 87' lang='lat' dir='ltr'>contigerunt.</span> 
     </span>
    </p>
   </div>
   <div class='ocr_carea' id='block_1_65' title="bbox 292 3204 1959 3280">
    <p class='ocr_par' dir='ltr' id='par_1_65' title="bbox 292 3204 1959 3280">
     <span class='ocr_line' id='line_1_65' title="bbox 292 3204 1959 3280; baseline -0.001 -20"><span class='ocrx_word' id='word_1_450' title='bbox 292 3209 400 3260; x_wconf 85' lang='grc' dir='ltr'>ὅσα</span> <span class='ocrx_word' id='word_1_451' title='bbox 447 3210 507 3260; x_wconf 90' lang='grc' dir='ltr'>τό</span> <span class='ocrx_word' id='word_1_452' title='bbox 554 3215 843 3265; x_wconf 84' lang='grc' dir='ltr'>τηνικαῦτα</span> <span class='ocrx_word' id='word_1_453' title='bbox 889 3206 1219 3280; x_wconf 73' lang='grc' dir='ltr'>συμϐέϐηκεο</span> <span class='ocrx_word' id='word_1_454' title='bbox 1254 3204 1349 3260; x_wconf 83' lang='grc' dir='ltr'>διὰ</span> <span class='ocrx_word' id='word_1_455' title='bbox 1390 3227 1443 3259; x_wconf 87' lang='grc' dir='ltr'>τι</span> <span class='ocrx_word' id='word_1_456' title='bbox 1478 3209 1581 3280; x_wconf 82' lang='grc' dir='ltr'>γὰρ</span> <span class='ocrx_word' id='word_1_457' title='bbox 1623 3210 1682 3259; x_wconf 88' lang='grc' dir='ltr'>τὸ</span> <span class='ocrx_word' id='word_1_458' title='bbox 1714 3207 1908 3280; x_wconf 81' lang='grc' dir='ltr'>κάλυμ-</span> <span class='ocrx_word' id='word_1_459' title='bbox 1956 3214 1959 3221; x_wconf 89' lang='grc'><em>’</em></span> 
     </span>
    </p>
   </div>
   <div class='ocr_carea' id='block_1_66' title="bbox 285 3292 1910 3370">
    <p class='ocr_par' dir='ltr' id='par_1_66' title="bbox 285 3292 1910 3370">
     <span class='ocr_line' id='line_1_66' title="bbox 285 3292 1910 3370; baseline -0.001 -21"><span class='ocrx_word' id='word_1_460' title='bbox 285 3318 367 3370; x_wconf 87' lang='grc' dir='ltr'>μα</span> <span class='ocrx_word' id='word_1_461' title='bbox 400 3304 557 3349; x_wconf 90' lang='grc' dir='ltr'>τοῦτο</span> <span class='ocrx_word' id='word_1_462' title='bbox 608 3295 710 3369; x_wconf 71' lang='grc' dir='ltr'>ἀήρ</span> <span class='ocrx_word' id='word_1_463' title='bbox 760 3297 1067 3369; x_wconf 84' lang='grc' dir='ltr'>ὠνομάσθη,</span> <span class='ocrx_word' id='word_1_464' title='bbox 1108 3297 1138 3355; x_wconf 77' lang='grc' dir='ltr'>ἦ</span> <span class='ocrx_word' id='word_1_465' title='bbox 1193 3298 1396 3358; x_wconf 87' lang='grc' dir='ltr'>πάντως</span> <span class='ocrx_word' id='word_1_466' title='bbox 1434 3292 1529 3348; x_wconf 81' lang='grc' dir='ltr'>διὰ</span> <span class='ocrx_word' id='word_1_467' title='bbox 1566 3299 1623 3347; x_wconf 89' lang='grc' dir='ltr'>τό</span> <span class='ocrx_word' id='word_1_468' title='bbox 1668 3299 1756 3348; x_wconf 85' lang='grc' dir='ltr'>τόν</span> <span class='ocrx_word' id='word_1_469' title='bbox 1801 3295 1910 3348; x_wconf 87' lang='grc' dir='ltr'>ἐπι-</span> 
     </span>
    </p>
   </div>
   <div class='ocr_carea' id='block_1_67' title="bbox 289 3384 1908 3461">
    <p class='ocr_par' dir='ltr' id='par_1_67' title="bbox 289 3384 1908 3461">
     <span class='ocr_line' id='line_1_67' title="bbox 289 3384 1908 3461; baseline -0.001 -23"><span class='ocrx_word' id='word_1_470' title='bbox 289 3387 680 3459; x_wconf 82' lang='grc' dir='ltr'>καλύπτόμενον</span> <span class='ocrx_word' id='word_1_471' title='bbox 723 3387 851 3461; x_wconf 85' lang='grc' dir='ltr'>παρ’</span> <span class='ocrx_word' id='word_1_472' title='bbox 900 3387 1062 3447; x_wconf 70' lang='grc' dir='ltr'>αὐτοῦ</span> <span class='ocrx_word' id='word_1_473' title='bbox 1122 3389 1384 3439; x_wconf 83' lang='grc' dir='ltr'>σκοτεινόν</span> <span class='ocrx_word' id='word_1_474' title='bbox 1443 3384 1569 3458; x_wconf 85' lang='grc' dir='ltr'>ἀέρα</span> <span class='ocrx_word' id='word_1_475' title='bbox 1623 3394 1714 3447; x_wconf 83' lang='grc' dir='ltr'>τῆς</span> <span class='ocrx_word' id='word_1_476' title='bbox 1761 3385 1908 3459; x_wconf 87' lang='grc' dir='ltr'>εἰρη-</span> 
     </span>
    </p>
   </div>
   <div class='ocr_carea' id='block_1_68' title="bbox 293 3474 1908 3549">
    <p class='ocr_par' dir='ltr' id='par_1_68' title="bbox 293 3474 1908 3549">
     <span class='ocr_line' id='line_1_68' title="bbox 293 3474 1908 3549; baseline -0.001 -21"><span class='ocrx_word' id='word_1_477' title='bbox 293 3479 456 3548; x_wconf 80' lang='grc' dir='ltr'>μένης</span> <span class='ocrx_word' id='word_1_478' title='bbox 508 3479 694 3538; x_wconf 85' lang='grc' dir='ltr'>νυκτός</span> <span class='ocrx_word' id='word_1_479' title='bbox 753 3475 1139 3542; x_wconf 80' lang='grc' dir='ltr'>εὶκονίζεσθαι;</span> <span class='ocrx_word' id='word_1_480' title='bbox 1197 3474 1313 3527; x_wconf 90' lang='grc' dir='ltr'>καθ’</span> <span class='ocrx_word' id='word_1_481' title='bbox 1368 3474 1423 3526; x_wconf 88' lang='grc' dir='ltr'>ὃν</span> <span class='ocrx_word' id='word_1_482' title='bbox 1483 3495 1573 3527; x_wconf 87' lang='grc' dir='ltr'>και</span> <span class='ocrx_word' id='word_1_483' title='bbox 1638 3478 1827 3549; x_wconf 85' lang='grc' dir='ltr'>Πέτρος</span> <span class='ocrx_word' id='word_1_484' title='bbox 1882 3476 1908 3526; x_wconf 90' lang='grc' dir='ltr'>ό</span> 
     </span>
    </p>
   </div>
   <div class='ocr_carea' id='block_1_69' title="bbox 291 3562 1911 3640">
    <p class='ocr_par' dir='ltr' id='par_1_69' title="bbox 291 3562 1911 3640">
     <span class='ocr_line' id='line_1_69' title="bbox 291 3562 1911 3640; baseline 0 -23"><span class='ocrx_word' id='word_1_485' title='bbox 291 3570 467 3640; x_wconf 82' lang='grc' dir='ltr'>μέγας</span> <span class='ocrx_word' id='word_1_486' title='bbox 518 3565 614 3628; x_wconf 83' lang='grc' dir='ltr'>ἔξω</span> <span class='ocrx_word' id='word_1_487' title='bbox 668 3573 763 3624; x_wconf 85' lang='grc' dir='ltr'>τῆν</span> <span class='ocrx_word' id='word_1_488' title='bbox 819 3567 981 3639; x_wconf 90' lang='grc' dir='ltr'>θύρας</span> <span class='ocrx_word' id='word_1_489' title='bbox 1039 3564 1222 3635; x_wconf 80' lang='grc' dir='ltr'>ἑστὼς,</span> <span class='ocrx_word' id='word_1_490' title='bbox 1269 3562 1521 3637; x_wconf 81' lang='grc' dir='ltr'>πρεσϐείᾳ</span> <span class='ocrx_word' id='word_1_491' title='bbox 1574 3572 1667 3616; x_wconf 85' lang='grc' dir='ltr'>τοῦ</span> <span class='ocrx_word' id='word_1_492' title='bbox 1720 3562 1911 3635; x_wconf 76' lang='grc' dir='ltr'>ἐγνωσ-</span> 
     </span>
    </p>
   </div>
   <div class='ocr_carea' id='block_1_70' title="bbox 290 3651 1910 3730">
    <p class='ocr_par' dir='ltr' id='par_1_70' title="bbox 290 3651 1910 3730">
     <span class='ocr_line' id='line_1_70' title="bbox 290 3651 1910 3730; baseline -0.001 -24"><span class='ocrx_word' id='word_1_493' title='bbox 290 3661 451 3729; x_wconf 82' lang='grc' dir='ltr'>μένου</span> <span class='ocrx_word' id='word_1_494' title='bbox 489 3664 565 3727; x_wconf 82' lang='grc' dir='ltr'>τῷ</span> <span class='ocrx_word' id='word_1_495' title='bbox 618 3655 861 3730; x_wconf 86' lang='grc' dir='ltr'>ἀρχιερεῖ</span> <span class='ocrx_word' id='word_1_496' title='bbox 915 3656 1180 3727; x_wconf 78' lang='grc' dir='ltr'>μαθητοῦ,</span> <span class='ocrx_word' id='word_1_497' title='bbox 1221 3651 1368 3707; x_wconf 83' lang='grc' dir='ltr'>ἔνδον</span> <span class='ocrx_word' id='word_1_498' title='bbox 1423 3652 1616 3725; x_wconf 82' lang='grc' dir='ltr'>ἐγένετο</span> <span class='ocrx_word' id='word_1_499' title='bbox 1670 3662 1765 3717; x_wconf 81' lang='grc' dir='ltr'>τῆς</span> <span class='ocrx_word' id='word_1_500' title='bbox 1820 3654 1910 3707; x_wconf 86' lang='grc' dir='ltr'>αύ-</span> 
     </span>
    </p>
   </div>
   <div class='ocr_carea' id='block_1_71' title="bbox 290 3739 1911 3814">
    <p class='ocr_par' dir='ltr' id='par_1_71' title="bbox 290 3739 1911 3814">
     <span class='ocr_line' id='line_1_71' title="bbox 290 3739 1911 3814; baseline -0.002 -18"><span class='ocrx_word' id='word_1_501' title='bbox 290 3743 391 3805; x_wconf 77' lang='grc' dir='ltr'>λῆς</span> <span class='ocrx_word' id='word_1_502' title='bbox 414 3766 427 3776; x_wconf 93' lang='grc'><strong>·</strong></span> <span class='ocrx_word' id='word_1_503' title='bbox 464 3745 585 3796; x_wconf 82' lang='grc' dir='ltr'>ἔνθα</span> <span class='ocrx_word' id='word_1_504' title='bbox 621 3764 714 3795; x_wconf 88' lang='grc' dir='ltr'>και</span> <span class='ocrx_word' id='word_1_505' title='bbox 752 3745 783 3801; x_wconf 82' lang='grc' dir='ltr'><strong>ἠ</strong></span> <span class='ocrx_word' id='word_1_506' title='bbox 826 3739 1092 3800; x_wconf 74' lang='grc' dir='ltr'>παιδίσκη</span> <span class='ocrx_word' id='word_1_507' title='bbox 1138 3745 1307 3814; x_wconf 85' lang='grc' dir='ltr'>τούτῳ</span> <span class='ocrx_word' id='word_1_508' title='bbox 1345 3741 1645 3814; x_wconf 78' lang='grc' dir='ltr'>ἐντυχοῦσα</span> <span class='ocrx_word' id='word_1_509' title='bbox 1673 3758 1685 3771; x_wconf 92' lang='grc'><strong>·</strong></span> <span class='ocrx_word' id='word_1_510' title='bbox 1728 3762 1816 3794; x_wconf 88' lang='grc' dir='ltr'>και</span> <span class='ocrx_word' id='word_1_511' title='bbox 1862 3744 1911 3794; x_wconf 91' lang='grc' dir='ltr'>οἰ</span> 
     </span>
    </p>
   </div>
   <div class='ocr_carea' id='block_1_72' title="bbox 301 3826 1604 3907">
    <p class='ocr_par' dir='ltr' id='par_1_72' title="bbox 301 3826 1604 3907">
     <span class='ocr_line' id='line_1_72' title="bbox 301 3826 1604 3907; baseline -0.002 -23"><span class='ocrx_word' id='word_1_512' title='bbox 301 3835 435 3905; x_wconf 87' lang='grc' dir='ltr'>πρὸς</span> <span class='ocrx_word' id='word_1_513' title='bbox 491 3840 552 3905; x_wconf 75' lang='grc' dir='ltr'>τῇ</span> <span class='ocrx_word' id='word_1_514' title='bbox 626 3838 774 3907; x_wconf 77' lang='grc' dir='ltr'>πυρᾷ</span> <span class='ocrx_word' id='word_1_515' title='bbox 846 3840 1207 3903; x_wconf 84' lang='grc' dir='ltr'>παρεστῶτες,</span> <span class='ocrx_word' id='word_1_516' title='bbox 1274 3826 1561 3902; x_wconf 79' lang='grc' dir='ltr'>διήλεγχον</span> <span class='ocrx_word' id='word_1_517' title='bbox 1591 3849 1604 3860; x_wconf 93' lang='grc'><strong>·</strong></span> 
     </span>
    </p>
   </div>
   <div class='ocr_carea' id='block_1_73' title="bbox 297 3919 1913 3993">
    <p class='ocr_par' dir='ltr' id='par_1_73' title="bbox 297 3919 1913 3993">
     <span class='ocr_line' id='line_1_73' title="bbox 297 3919 1913 3993; baseline -0.001 -21"><span class='ocrx_word' id='word_1_518' title='bbox 297 3920 468 3972; x_wconf 78' lang='grc' dir='ltr'>λοιπά</span> <span class='ocrx_word' id='word_1_519' title='bbox 516 3923 680 3993; x_wconf 81' lang='grc' dir='ltr'>τούτῳ</span> <span class='ocrx_word' id='word_1_520' title='bbox 734 3919 1162 3979; x_wconf 82' lang='grc' dir='ltr'>ἐπηκολούθησαν</span> <span class='ocrx_word' id='word_1_521' title='bbox 1214 3921 1315 3972; x_wconf 87' lang='grc' dir='ltr'>ὃσα</span> <span class='ocrx_word' id='word_1_522' title='bbox 1363 3922 1494 3992; x_wconf 88' lang='grc' dir='ltr'>πρός</span> <span class='ocrx_word' id='word_1_523' title='bbox 1538 3923 1623 3973; x_wconf 88' lang='grc' dir='ltr'>τόν</span> <span class='ocrx_word' id='word_1_524' title='bbox 1684 3923 1913 3993; x_wconf 85' lang='grc' dir='ltr'>κρημνὸν</span> 
     </span>
    </p>
   </div>
   <div class='ocr_carea' id='block_1_74' title="bbox 1682 3833 1913 3885">
    <p class='ocr_par' dir='ltr' id='par_1_74' title="bbox 1682 3833 1913 3885">
     <span class='ocr_line' id='line_1_74' title="bbox 1682 3833 1913 3885; baseline 0.009 -3"><span class='ocrx_word' id='word_1_525' title='bbox 1682 3851 1775 3883; x_wconf 90' lang='grc' dir='ltr'>και</span> <span class='ocrx_word' id='word_1_526' title='bbox 1844 3833 1913 3885; x_wconf 85' lang='grc' dir='ltr'>τά</span> 
     </span>
    </p>
   </div>
   <div class='ocr_carea' id='block_1_75' title="bbox 300 4004 1914 4084">
    <p class='ocr_par' dir='ltr' id='par_1_75' title="bbox 300 4004 1914 4084">
     <span class='ocr_line' id='line_1_75' title="bbox 300 4004 1914 4084; baseline -0.002 -22"><span class='ocrx_word' id='word_1_527' title='bbox 300 4018 401 4070; x_wconf 80' lang='grc' dir='ltr'>τῆς</span> <span class='ocrx_word' id='word_1_528' title='bbox 460 4008 716 4084; x_wconf 82' lang='grc' dir='ltr'>ἀρνήσεως</span> <span class='ocrx_word' id='word_1_529' title='bbox 754 4013 1155 4083; x_wconf 84' lang='grc' dir='ltr'>κατηπείγοντο,</span> <span class='ocrx_word' id='word_1_530' title='bbox 1204 4004 1299 4061; x_wconf 83' lang='grc' dir='ltr'>διὰ</span> <span class='ocrx_word' id='word_1_531' title='bbox 1352 4012 1411 4061; x_wconf 90' lang='grc' dir='ltr'>τό</span> <span class='ocrx_word' id='word_1_532' title='bbox 1456 4018 1648 4082; x_wconf 87' lang='grc' dir='ltr'>πτῶμα</span> <span class='ocrx_word' id='word_1_533' title='bbox 1701 4029 1914 4081; x_wconf 84' lang='grc' dir='ltr'>συγχω-</span> 
     </span>
    </p>
   </div>
   <div class='ocr_carea' id='block_1_76' title="bbox 294 4092 1910 4172">
    <p class='ocr_par' dir='ltr' id='par_1_76' title="bbox 294 4092 1910 4172">
     <span class='ocr_line' id='line_1_76' title="bbox 294 4092 1910 4172; baseline -0.002 -21"><span class='ocrx_word' id='word_1_534' title='bbox 294 4100 515 4172; x_wconf 85' lang='grc' dir='ltr'>ρηθέντι</span> <span class='ocrx_word' id='word_1_535' title='bbox 565 4098 703 4150; x_wconf 75' lang='grc' dir='ltr'>οὕτω</span> <span class='ocrx_word' id='word_1_536' title='bbox 752 4099 998 4168; x_wconf 82' lang='grc' dir='ltr'>γενέσθαι</span> <span class='ocrx_word' id='word_1_537' title='bbox 1043 4105 1138 4159; x_wconf 84' lang='grc' dir='ltr'>τῆς</span> <span class='ocrx_word' id='word_1_538' title='bbox 1189 4097 1456 4170; x_wconf 82' lang='grc' dir='ltr'>ἐπάρσεως</span> <span class='ocrx_word' id='word_1_539' title='bbox 1495 4097 1525 4155; x_wconf 78' lang='grc' dir='ltr'><em>ἢ</em></span> <span class='ocrx_word' id='word_1_540' title='bbox 1576 4092 1910 4169; x_wconf 80' lang='grc' dir='ltr'>καυχήσεως.</span> 
     </span>
    </p>
   </div>
   <div class='ocr_carea' id='block_1_77' title="bbox 286 4182 1915 4263">
    <p class='ocr_par' dir='ltr' id='par_1_77' title="bbox 286 4182 1915 4263">
     <span class='ocr_line' id='line_1_77' title="bbox 286 4182 1915 4263; baseline -0.002 -22"><span class='ocrx_word' id='word_1_541' title='bbox 286 4189 621 4263; x_wconf 79' lang='grc' dir='ltr'>Αἱρουμένου</span> <span class='ocrx_word' id='word_1_542' title='bbox 693 4182 751 4238; x_wconf 72' lang='grc' dir='ltr'>δὲ</span> <span class='ocrx_word' id='word_1_543' title='bbox 805 4192 898 4238; x_wconf 88' lang='grc' dir='ltr'>τοῦ</span> <span class='ocrx_word' id='word_1_544' title='bbox 951 4184 1095 4259; x_wconf 87' lang='grc' dir='ltr'>ἀέρος</span> <span class='ocrx_word' id='word_1_545' title='bbox 1149 4205 1240 4236; x_wconf 87' lang='grc' dir='ltr'>και</span> <span class='ocrx_word' id='word_1_546' title='bbox 1298 4192 1391 4237; x_wconf 91' lang='grc' dir='ltr'>τοῦ</span> <span class='ocrx_word' id='word_1_547' title='bbox 1448 4188 1915 4257; x_wconf 80' lang='grc' dir='ltr'>καταπετάσματος</span> 
     </span>
    </p>
   </div>
   <div class='ocr_carea' id='block_1_78' title="bbox 287 4271 1918 4348">
    <p class='ocr_par' dir='ltr' id='par_1_78' title="bbox 287 4271 1918 4348">
     <span class='ocr_line' id='line_1_78' title="bbox 287 4271 1918 4348; baseline -0.002 -19"><span class='ocrx_word' id='word_1_548' title='bbox 287 4274 734 4347; x_wconf 83' lang='grc' dir='ltr'>συστελλομένου,</span> <span class='ocrx_word' id='word_1_549' title='bbox 788 4282 888 4325; x_wconf 88' lang='grc' dir='ltr'>τῶν</span> <span class='ocrx_word' id='word_1_550' title='bbox 944 4275 1111 4346; x_wconf 83' lang='grc' dir='ltr'>θυρῶν</span> <span class='ocrx_word' id='word_1_551' title='bbox 1154 4293 1205 4326; x_wconf 84' lang='grc' dir='ltr'>τε</span> <span class='ocrx_word' id='word_1_552' title='bbox 1263 4271 1627 4347; x_wconf 82' lang='grc' dir='ltr'>ἀνοιγομένων,</span> <span class='ocrx_word' id='word_1_553' title='bbox 1669 4276 1699 4332; x_wconf 80' lang='grc' dir='ltr'>ἡ</span> <span class='ocrx_word' id='word_1_554' title='bbox 1743 4278 1918 4348; x_wconf 76' lang='grc' dir='ltr'>πρωῖα</span> 
     </span>
    </p>
   </div>
   <div class='ocr_carea' id='block_1_79' title="bbox 287 4360 1916 4436">
    <p class='ocr_par' dir='ltr' id='par_1_79' title="bbox 287 4360 1916 4436">
     <span class='ocr_line' id='line_1_79' title="bbox 287 4360 1916 4436; baseline -0.001 -19"><span class='ocrx_word' id='word_1_555' title='bbox 287 4361 680 4430; x_wconf 84' lang='grc' dir='ltr'>διατυποῦται,</span> <span class='ocrx_word' id='word_1_556' title='bbox 713 4363 830 4415; x_wconf 88' lang='grc' dir='ltr'>καθ’</span> <span class='ocrx_word' id='word_1_557' title='bbox 872 4362 925 4414; x_wconf 88' lang='grc' dir='ltr'>ὃν</span> <span class='ocrx_word' id='word_1_558' title='bbox 966 4360 1244 4434; x_wconf 79' lang='grc' dir='ltr'>ἀπήγαγον</span> <span class='ocrx_word' id='word_1_559' title='bbox 1284 4362 1440 4414; x_wconf 68' lang='grc' dir='ltr'>αὐτόν</span> <span class='ocrx_word' id='word_1_560' title='bbox 1479 4383 1570 4414; x_wconf 92' lang='grc' dir='ltr'>και</span> <span class='ocrx_word' id='word_1_561' title='bbox 1605 4360 1916 4436; x_wconf 86' lang='grc' dir='ltr'>παρέδωκαν</span> 
     </span>
    </p>
   </div>
   <div class='ocr_carea' id='block_1_80' title="bbox 2019 3209 3670 3284">
    <p class='ocr_par' dir='ltr' id='par_1_80' title="bbox 2019 3209 3670 3284">
     <span class='ocr_line' id='line_1_80' title="bbox 2019 3209 3670 3284; baseline 0 -19"><span class='ocrx_word' id='word_1_562' title='bbox 2019 3211 2134 3265; x_wconf 90' lang='lat' dir='ltr'>Cur</span> <span class='ocrx_word' id='word_1_563' title='bbox 2162 3209 2321 3264; x_wconf 91' lang='lat' dir='ltr'>enim</span> <span class='ocrx_word' id='word_1_564' title='bbox 2352 3209 2793 3281; x_wconf 87' lang='lat' dir='ltr'>operimentum</span> <span class='ocrx_word' id='word_1_565' title='bbox 2831 3211 2949 3267; x_wconf 91' lang='lat' dir='ltr'>hoc</span> <span class='ocrx_word' id='word_1_566' title='bbox 2994 3210 3353 3284; x_wconf 87' lang='lat' dir='ltr'>appellatur,</span> <span class='ocrx_word' id='word_1_567' title='bbox 3388 3226 3510 3275; x_wconf 85' lang='lat' dir='ltr'>aer,</span> <span class='ocrx_word' id='word_1_568' title='bbox 3553 3211 3670 3266; x_wconf 90' lang='lat' dir='ltr'>nisi</span> 
     </span>
    </p>
   </div>
   <div class='ocr_carea' id='block_1_81' title="bbox 2016 3296 3671 3372">
    <p class='ocr_par' dir='ltr' id='par_1_81' title="bbox 2016 3296 3671 3372">
     <span class='ocr_line' id='line_1_81' title="bbox 2016 3296 3671 3372; baseline 0.001 -21"><span class='ocrx_word' id='word_1_569' title='bbox 2016 3299 2164 3370; x_wconf 86' lang='lat' dir='ltr'>quia</span> <span class='ocrx_word' id='word_1_570' title='bbox 2183 3296 2511 3372; x_wconf 89' lang='lat' dir='ltr'>adopertus</span> <span class='ocrx_word' id='word_1_571' title='bbox 2532 3299 2797 3356; x_wconf 89' lang='lat' dir='ltr'>tenebris</span> <span class='ocrx_word' id='word_1_572' title='bbox 2820 3315 2923 3355; x_wconf 87' lang='lat' dir='ltr'>aer</span> <span class='ocrx_word' id='word_1_573' title='bbox 2940 3300 3135 3363; x_wconf 88' lang='lat' dir='ltr'>noctis</span> <span class='ocrx_word' id='word_1_574' title='bbox 3156 3299 3312 3356; x_wconf 88' lang='lat' dir='ltr'>illius</span> <span class='ocrx_word' id='word_1_575' title='bbox 3329 3299 3408 3356; x_wconf 89' lang='lat' dir='ltr'>ab</span> <span class='ocrx_word' id='word_1_576' title='bbox 3429 3315 3500 3355; x_wconf 93' lang='lat' dir='ltr'>eo</span> <span class='ocrx_word' id='word_1_577' title='bbox 3518 3298 3671 3369; x_wconf 83' lang='lat' dir='ltr'>ﬁgu-</span> 
     </span>
    </p>
   </div>
   <div class='ocr_carea' id='block_1_82' title="bbox 2016 3387 3669 3462">
    <p class='ocr_par' dir='ltr' id='par_1_82' title="bbox 2016 3387 3669 3462">
     <span class='ocr_line' id='line_1_82' title="bbox 2016 3387 3669 3462; baseline 0.002 -21"><span class='ocrx_word' id='word_1_578' title='bbox 2016 3390 2184 3443; x_wconf 87' lang='lat' dir='ltr'>ratur</span> <span class='ocrx_word' id='word_1_579' title='bbox 2203 3387 2231 3440; x_wconf 83' lang='lat'><strong>?</strong></span> <span class='ocrx_word' id='word_1_580' title='bbox 2261 3402 2386 3459; x_wconf 89' lang='lat' dir='ltr'>qua</span> <span class='ocrx_word' id='word_1_581' title='bbox 2414 3392 2471 3443; x_wconf 93' lang='lat' dir='ltr'>et</span> <span class='ocrx_word' id='word_1_582' title='bbox 2499 3404 2762 3459; x_wconf 85' lang='lat' dir='ltr'>magnus</span> <span class='ocrx_word' id='word_1_583' title='bbox 2792 3391 3014 3456; x_wconf 89' lang='lat' dir='ltr'>Petrus,</span> <span class='ocrx_word' id='word_1_584' title='bbox 3047 3405 3187 3446; x_wconf 91' lang='lat' dir='ltr'>cum</span> <span class='ocrx_word' id='word_1_585' title='bbox 3225 3394 3392 3445; x_wconf 83' lang='lat' dir='ltr'>extra</span> <span class='ocrx_word' id='word_1_586' title='bbox 3416 3389 3669 3462; x_wconf 86' lang='lat' dir='ltr'>januam</span> 
     </span>
    </p>
   </div>
   <div class='ocr_carea' id='block_1_83' title="bbox 2020 3475 3670 3551">
    <p class='ocr_par' dir='ltr' id='par_1_83' title="bbox 2020 3475 3670 3551">
     <span class='ocr_line' id='line_1_83' title="bbox 2020 3475 3670 3551; baseline 0.001 -24"><span class='ocrx_word' id='word_1_587' title='bbox 2020 3477 2220 3540; x_wconf 90' lang='lat' dir='ltr'>staret,</span> <span class='ocrx_word' id='word_1_588' title='bbox 2260 3479 2478 3545; x_wconf 88' lang='lat' dir='ltr'>rogatu</span> <span class='ocrx_word' id='word_1_589' title='bbox 2528 3475 2829 3550; x_wconf 91' lang='lat' dir='ltr'>discipuli,</span> <span class='ocrx_word' id='word_1_590' title='bbox 2862 3477 2967 3548; x_wconf 89' lang='lat' dir='ltr'>qui</span> <span class='ocrx_word' id='word_1_591' title='bbox 3014 3482 3141 3533; x_wconf 88' lang='lat' dir='ltr'>erat</span> <span class='ocrx_word' id='word_1_592' title='bbox 3169 3476 3437 3551; x_wconf 88' lang='lat' dir='ltr'>pontiﬁci</span> <span class='ocrx_word' id='word_1_593' title='bbox 3465 3481 3670 3545; x_wconf 86' lang='lat' dir='ltr'>notus,</span> 
     </span>
    </p>
   </div>
   <div class='ocr_carea' id='block_1_84' title="bbox 2017 3563 3671 3623">
    <p class='ocr_par' dir='ltr' id='par_1_84' title="bbox 2017 3563 3671 3623">
     <span class='ocr_line' id='line_1_84' title="bbox 2017 3563 3671 3623; baseline 0.002 -6"><span class='ocrx_word' id='word_1_594' title='bbox 2017 3563 2399 3619; x_wconf 87' lang='lat' dir='ltr'>intromissus</span> <span class='ocrx_word' id='word_1_595' title='bbox 2436 3563 2499 3620; x_wconf 91' lang='lat' dir='ltr'>in</span> <span class='ocrx_word' id='word_1_596' title='bbox 2542 3565 2762 3621; x_wconf 90' lang='lat' dir='ltr'>atrium</span> <span class='ocrx_word' id='word_1_597' title='bbox 2793 3564 2944 3621; x_wconf 85' lang='lat' dir='ltr'>fuit:</span> <span class='ocrx_word' id='word_1_598' title='bbox 2978 3565 3083 3622; x_wconf 90' lang='lat' dir='ltr'>ubi</span> <span class='ocrx_word' id='word_1_599' title='bbox 3121 3571 3180 3622; x_wconf 92' lang='lat' dir='ltr'>et</span> <span class='ocrx_word' id='word_1_600' title='bbox 3229 3565 3446 3623; x_wconf 88' lang='lat' dir='ltr'>ancilla</span> <span class='ocrx_word' id='word_1_601' title='bbox 3483 3565 3537 3621; x_wconf 91' lang='lat' dir='ltr'>ei</span> <span class='ocrx_word' id='word_1_602' title='bbox 3565 3580 3671 3620; x_wconf 91' lang='lat' dir='ltr'>oc-</span> 
     </span>
    </p>
   </div>
   <div class='ocr_carea' id='block_1_85' title="bbox 2019 3652 3672 3727">
    <p class='ocr_par' dir='ltr' id='par_1_85' title="bbox 2019 3652 3672 3727">
     <span class='ocr_line' id='line_1_85' title="bbox 2019 3652 3672 3727; baseline 0.002 -21"><span class='ocrx_word' id='word_1_603' title='bbox 2019 3667 2286 3719; x_wconf 89' lang='lat' dir='ltr'>currens,</span> <span class='ocrx_word' id='word_1_604' title='bbox 2329 3657 2382 3708; x_wconf 91' lang='lat' dir='ltr'>et</span> <span class='ocrx_word' id='word_1_605' title='bbox 2433 3653 2536 3725; x_wconf 88' lang='lat' dir='ltr'>qui</span> <span class='ocrx_word' id='word_1_606' title='bbox 2578 3652 2871 3709; x_wconf 90' lang='lat' dir='ltr'>sedebant</span> <span class='ocrx_word' id='word_1_607' title='bbox 2909 3654 2989 3709; x_wconf 88' lang='lat' dir='ltr'>ad</span> <span class='ocrx_word' id='word_1_608' title='bbox 3028 3670 3274 3727; x_wconf 89' lang='lat' dir='ltr'>prunas,</span> <span class='ocrx_word' id='word_1_609' title='bbox 3329 3669 3469 3710; x_wconf 90' lang='lat' dir='ltr'>eum</span> <span class='ocrx_word' id='word_1_610' title='bbox 3508 3668 3672 3709; x_wconf 85' lang='lat' dir='ltr'>coar-</span> 
     </span>
    </p>
   </div>
   <div class='ocr_carea' id='block_1_86' title="bbox 2020 3740 3672 3816">
    <p class='ocr_par' dir='ltr' id='par_1_86' title="bbox 2020 3740 3672 3816">
     <span class='ocr_line' id='line_1_86' title="bbox 2020 3740 3672 3816; baseline 0.001 -21"><span class='ocrx_word' id='word_1_611' title='bbox 2020 3745 2314 3811; x_wconf 88' lang='lat' dir='ltr'>guerunt;</span> <span class='ocrx_word' id='word_1_612' title='bbox 2346 3746 2404 3796; x_wconf 91' lang='lat' dir='ltr'>et</span> <span class='ocrx_word' id='word_1_613' title='bbox 2440 3740 2559 3797; x_wconf 87' lang='lat' dir='ltr'>alia</span> <span class='ocrx_word' id='word_1_614' title='bbox 2610 3741 2663 3797; x_wconf 93' lang='lat' dir='ltr'>ei</span> <span class='ocrx_word' id='word_1_615' title='bbox 2688 3747 3037 3811; x_wconf 84' lang='lat' dir='ltr'>evenerunt,</span> <span class='ocrx_word' id='word_1_616' title='bbox 3061 3759 3199 3816; x_wconf 87' lang='lat' dir='ltr'>quae</span> <span class='ocrx_word' id='word_1_617' title='bbox 3227 3741 3306 3799; x_wconf 87' lang='lat' dir='ltr'>ad</span> <span class='ocrx_word' id='word_1_618' title='bbox 3331 3741 3672 3812; x_wconf 87' lang='lat' dir='ltr'>negationis</span> 
     </span>
    </p>
   </div>
   <div class='ocr_carea' id='block_1_87' title="bbox 2020 3829 3675 3903">
    <p class='ocr_par' dir='ltr' id='par_1_87' title="bbox 2020 3829 3675 3903">
     <span class='ocr_line' id='line_1_87' title="bbox 2020 3829 3675 3903; baseline 0.001 -19"><span class='ocrx_word' id='word_1_619' title='bbox 2020 3830 2414 3903; x_wconf 62' lang='lat' dir='ltr'>praecipitium</span> <span class='ocrx_word' id='word_1_620' title='bbox 2441 3829 2845 3903; x_wconf 89' lang='lat' dir='ltr'>impulerunt;</span> <span class='ocrx_word' id='word_1_621' title='bbox 2879 3829 3028 3886; x_wconf 89' lang='lat' dir='ltr'>dum</span> <span class='ocrx_word' id='word_1_622' title='bbox 3061 3831 3173 3887; x_wconf 92' lang='lat' dir='ltr'>hos</span> <span class='ocrx_word' id='word_1_623' title='bbox 3199 3829 3378 3903; x_wconf 91' lang='lat' dir='ltr'>lapsu</span> <span class='ocrx_word' id='word_1_624' title='bbox 3397 3845 3675 3887; x_wconf 80' lang='lat' dir='ltr'>corruere</span> 
     </span>
    </p>
   </div>
   <div class='ocr_carea' id='block_1_88' title="bbox 2020 3917 3675 3990">
    <p class='ocr_par' dir='ltr' id='par_1_88' title="bbox 2020 3917 3675 3990">
     <span class='ocr_line' id='line_1_88' title="bbox 2020 3917 3675 3990; baseline 0.001 -16"><span class='ocrx_word' id='word_1_625' title='bbox 2020 3917 2350 3990; x_wconf 85' lang='lat' dir='ltr'>permissus</span> <span class='ocrx_word' id='word_1_626' title='bbox 2388 3923 2481 3973; x_wconf 91' lang='lat' dir='ltr'>est</span> <span class='ocrx_word' id='word_1_627' title='bbox 2521 3917 2791 3974; x_wconf 89' lang='lat' dir='ltr'>elationis</span> <span class='ocrx_word' id='word_1_628' title='bbox 2832 3933 2953 3974; x_wconf 66' lang='lat' dir='ltr'>sua)</span> <span class='ocrx_word' id='word_1_629' title='bbox 2982 3934 3169 3975; x_wconf 90' lang='lat' dir='ltr'>causa</span> <span class='ocrx_word' id='word_1_630' title='bbox 3197 3924 3254 3975; x_wconf 89' lang='lat' dir='ltr'>et</span> <span class='ocrx_word' id='word_1_631' title='bbox 3283 3917 3675 3987; x_wconf 73' lang='lat' dir='ltr'>gloriationis.</span> 
     </span>
    </p>
   </div>
   <div class='ocr_carea' id='block_1_89' title="bbox 2021 4008 3676 4081">
    <p class='ocr_par' dir='ltr' id='par_1_89' title="bbox 2021 4008 3676 4081">
     <span class='ocr_line' id='line_1_89' title="bbox 2021 4008 3676 4081; baseline -0.001 -17"><span class='ocrx_word' id='word_1_632' title='bbox 2021 4008 2235 4064; x_wconf 87' lang='lat' dir='ltr'>Ablato</span> <span class='ocrx_word' id='word_1_633' title='bbox 2292 4013 2494 4063; x_wconf 89' lang='lat' dir='ltr'>autem</span> <span class='ocrx_word' id='word_1_634' title='bbox 2547 4023 2705 4076; x_wconf 90' lang='lat' dir='ltr'>aere,</span> <span class='ocrx_word' id='word_1_635' title='bbox 2751 4013 2808 4064; x_wconf 91' lang='lat' dir='ltr'>et</span> <span class='ocrx_word' id='word_1_636' title='bbox 2862 4012 3116 4065; x_wconf 88' lang='lat' dir='ltr'>retracto</span> <span class='ocrx_word' id='word_1_637' title='bbox 3170 4008 3322 4078; x_wconf 89' lang='lat' dir='ltr'>velo,</span> <span class='ocrx_word' id='word_1_638' title='bbox 3368 4008 3676 4081; x_wconf 87' lang='lat' dir='ltr'>portisque</span> 
     </span>
    </p>
   </div>
   <div class='ocr_carea' id='block_1_90' title="bbox 2022 4095 3677 4170">
    <p class='ocr_par' dir='ltr' id='par_1_90' title="bbox 2022 4095 3677 4170">
     <span class='ocr_line' id='line_1_90' title="bbox 2022 4095 3677 4170; baseline 0 -19"><span class='ocrx_word' id='word_1_639' title='bbox 2022 4095 2385 4170; x_wconf 88' lang='lat' dir='ltr'>patentibus,</span> <span class='ocrx_word' id='word_1_640' title='bbox 2426 4112 2606 4152; x_wconf 88' lang='lat' dir='ltr'>mane</span> <span class='ocrx_word' id='word_1_641' title='bbox 2656 4096 2805 4153; x_wconf 91' lang='lat' dir='ltr'>illud</span> <span class='ocrx_word' id='word_1_642' title='bbox 2848 4096 3162 4167; x_wconf 89' lang='lat' dir='ltr'>ﬁguratur,</span> <span class='ocrx_word' id='word_1_643' title='bbox 3202 4113 3326 4170; x_wconf 91' lang='lat' dir='ltr'>quo</span> <span class='ocrx_word' id='word_1_644' title='bbox 3376 4095 3677 4161; x_wconf 87' lang='lat' dir='ltr'>Christum</span> 
     </span>
    </p>
   </div>
   <div class='ocr_carea' id='block_1_91' title="bbox 2026 4184 3763 4259">
    <p class='ocr_par' dir='ltr' id='par_1_91' title="bbox 2026 4184 3763 4259">
     <span class='ocr_line' id='line_1_91' title="bbox 2026 4184 3763 4259; baseline 0.003 -17"><span class='ocrx_word' id='word_1_645' title='bbox 2026 4186 2358 4242; x_wconf 90' lang='lat' dir='ltr'>abductum</span> <span class='ocrx_word' id='word_1_646' title='bbox 2396 4184 2603 4241; x_wconf 86' lang='lat' dir='ltr'>Pontio</span> <span class='ocrx_word' id='word_1_647' title='bbox 2630 4185 2813 4243; x_wconf 85' lang='lat' dir='ltr'>Pilato</span> <span class='ocrx_word' id='word_1_648' title='bbox 2843 4186 3085 4259; x_wconf 74' lang='lat' dir='ltr'>praetori</span> <span class='ocrx_word' id='word_1_649' title='bbox 3124 4186 3524 4243; x_wconf 88' lang='lat' dir='ltr'>tradiderunt.</span> <span class='ocrx_word' id='word_1_650' title='bbox 3555 4188 3677 4242; x_wconf 83' lang='lat' dir='ltr'>Hoc</span> <span class='ocrx_word' id='word_1_651' title='bbox 3762 4244 3763 4247; x_wconf 44' lang='grc' dir='ltr'>η</span> 
     </span>
    </p>
   </div>
   <div class='ocr_carea' id='block_1_92' title="bbox 2025 4274 3680 4347">
    <p class='ocr_par' dir='ltr' id='par_1_92' title="bbox 2025 4274 3680 4347">
     <span class='ocr_line' id='line_1_92' title="bbox 2025 4274 3680 4347; baseline 0 -17"><span class='ocrx_word' id='word_1_652' title='bbox 2025 4274 2185 4330; x_wconf 89' lang='lat' dir='ltr'>enim</span> <span class='ocrx_word' id='word_1_653' title='bbox 2210 4280 2496 4347; x_wconf 86' lang='lat' dir='ltr'>tempore,</span> <span class='ocrx_word' id='word_1_654' title='bbox 2529 4289 2746 4346; x_wconf 91' lang='lat' dir='ltr'>nempe</span> <span class='ocrx_word' id='word_1_655' title='bbox 2777 4274 2927 4331; x_wconf 90' lang='lat' dir='ltr'>dum</span> <span class='ocrx_word' id='word_1_656' title='bbox 2965 4278 3153 4346; x_wconf 74' lang='lat' dir='ltr'>portae</span> <span class='ocrx_word' id='word_1_657' title='bbox 3184 4274 3403 4330; x_wconf 84' lang='lat' dir='ltr'>clausae</span> <span class='ocrx_word' id='word_1_658' title='bbox 3437 4279 3596 4341; x_wconf 90' lang='lat' dir='ltr'>sunt,</span> <span class='ocrx_word' id='word_1_659' title='bbox 3622 4277 3680 4330; x_wconf 91' lang='lat' dir='ltr'>et</span> 
     </span>
    </p>
   </div>
   <div class='ocr_carea' id='block_1_93' title="bbox 2024 4362 3679 4435">
    <p class='ocr_par' dir='ltr' id='par_1_93' title="bbox 2024 4362 3679 4435">
     <span class='ocr_line' id='line_1_93' title="bbox 2024 4362 3679 4435; baseline 0.001 -18"><span class='ocrx_word' id='word_1_660' title='bbox 2024 4362 2226 4418; x_wconf 88' lang='lat' dir='ltr'>velum</span> <span class='ocrx_word' id='word_1_661' title='bbox 2269 4368 2657 4435; x_wconf 66' lang='lat' dir='ltr'>praetensum,</span> <span class='ocrx_word' id='word_1_662' title='bbox 2693 4362 3100 4420; x_wconf 87' lang='lat' dir='ltr'>subdiaconos</span> <span class='ocrx_word' id='word_1_663' title='bbox 3152 4363 3295 4419; x_wconf 88' lang='lat' dir='ltr'>foris</span> <span class='ocrx_word' id='word_1_664' title='bbox 3336 4378 3581 4419; x_wconf 89' lang='lat' dir='ltr'>manere</span> <span class='ocrx_word' id='word_1_665' title='bbox 3616 4362 3679 4419; x_wconf 91' lang='lat' dir='ltr'>in</span> 
     </span>
    </p>
   </div>
   <div class='ocr_carea' id='block_1_94' title="bbox 286 4449 1910 4540">
    <p class='ocr_par' dir='ltr' id='par_1_94' title="bbox 286 4449 1910 4525">
     <span class='ocr_line' id='line_1_94' title="bbox 286 4449 1910 4525; baseline -0.002 -17"><span class='ocrx_word' id='word_1_666' title='bbox 286 4458 503 4525; x_wconf 84' lang='grc' dir='ltr'>Ποντίῳ</span> <span class='ocrx_word' id='word_1_667' title='bbox 554 4452 764 4523; x_wconf 81' lang='grc' dir='ltr'>Πιλάτῳ</span> <span class='ocrx_word' id='word_1_668' title='bbox 811 4459 884 4522; x_wconf 82' lang='grc' dir='ltr'>τῷ</span> <span class='ocrx_word' id='word_1_669' title='bbox 928 4453 1185 4523; x_wconf 79' lang='grc' dir='ltr'>ἡγεμόνι⁶</span> <span class='ocrx_word' id='word_1_670' title='bbox 1228 4449 1277 4502; x_wconf 82' lang='grc' dir='ltr'>ἐν</span> <span class='ocrx_word' id='word_1_671' title='bbox 1325 4453 1492 4522; x_wconf 83' lang='grc' dir='ltr'>τούτῳ</span> <span class='ocrx_word' id='word_1_672' title='bbox 1531 4454 1632 4525; x_wconf 78' lang='grc' dir='ltr'>γὰρ</span> <span class='ocrx_word' id='word_1_673' title='bbox 1673 4460 1744 4523; x_wconf 78' lang='grc' dir='ltr'>τῷ</span> <span class='ocrx_word' id='word_1_674' title='bbox 1800 4472 1910 4504; x_wconf 90' lang='grc' dir='ltr'>και-</span> 
     </span>
    </p>
   </div>
   <div class='ocr_carea' id='block_1_95' title="bbox 2017 4449 3682 4540">
    <p class='ocr_par' dir='ltr' id='par_1_95' title="bbox 2028 4450 3682 4526">
     <span class='ocr_line' id='line_1_95' title="bbox 2028 4450 3682 4526; baseline 0.001 -21"><span class='ocrx_word' id='word_1_675' title='bbox 2028 4451 2386 4507; x_wconf 87' lang='lat' dir='ltr'>venerabilis</span> <span class='ocrx_word' id='word_1_676' title='bbox 2439 4450 2643 4524; x_wconf 89' lang='lat' dir='ltr'>templi</span> <span class='ocrx_word' id='word_1_677' title='bbox 2691 4453 2923 4525; x_wconf 85' lang='lat' dir='ltr'>spatiis,</span> <span class='ocrx_word' id='word_1_678' title='bbox 2954 4452 3127 4526; x_wconf 89' lang='lat' dir='ltr'>quasi</span> <span class='ocrx_word' id='word_1_679' title='bbox 3172 4452 3233 4519; x_wconf 84' lang='lat' dir='ltr'>in</span> <span class='ocrx_word' id='word_1_680' title='bbox 3280 4453 3434 4508; x_wconf 87' lang='lat' dir='ltr'>sacri</span> <span class='ocrx_word' id='word_1_681' title='bbox 3479 4450 3682 4509; x_wconf 88' lang='lat' dir='ltr'>altaris</span> 
     </span>
    </p>
   </div>
   <div class='ocr_carea' id='block_1_96' title="bbox 295 4535 1916 4618">
    <p class='ocr_par' dir='ltr' id='par_1_96' title="bbox 295 4535 1916 4618">
     <span class='ocr_line' id='line_1_96' title="bbox 295 4535 1916 4618; baseline -0.001 -24"><span class='ocrx_word' id='word_1_682' title='bbox 295 4552 373 4618; x_wconf 76' lang='grc' dir='ltr'>ρῷ</span> <span class='ocrx_word' id='word_1_683' title='bbox 438 4550 539 4604; x_wconf 79' lang='grc' dir='ltr'>τῆς</span> <span class='ocrx_word' id='word_1_684' title='bbox 604 4549 705 4593; x_wconf 88' lang='grc' dir='ltr'>τῶν</span> <span class='ocrx_word' id='word_1_685' title='bbox 774 4536 1003 4615; x_wconf 88' lang='grc' dir='ltr'>θυρίδων</span> <span class='ocrx_word' id='word_1_686' title='bbox 1072 4535 1281 4597; x_wconf 82' lang='grc' dir='ltr'>δηλαδή</span> <span class='ocrx_word' id='word_1_687' title='bbox 1350 4538 1589 4600; x_wconf 88' lang='grc' dir='ltr'>κλείσεως</span> <span class='ocrx_word' id='word_1_688' title='bbox 1661 4560 1753 4592; x_wconf 89' lang='grc' dir='ltr'>και</span> <span class='ocrx_word' id='word_1_689' title='bbox 1823 4548 1916 4593; x_wconf 89' lang='grc' dir='ltr'>τοῦ</span> 
     </span>
    </p>
   </div>
   <div class='ocr_carea' id='block_1_97' title="bbox 299 4624 1919 4702">
    <p class='ocr_par' dir='ltr' id='par_1_97' title="bbox 299 4624 1919 4702">
     <span class='ocr_line' id='line_1_97' title="bbox 299 4624 1919 4702; baseline 0 -20"><span class='ocrx_word' id='word_1_690' title='bbox 299 4628 775 4702; x_wconf 77' lang='grc' dir='ltr'>καταπετάσματος</span> <span class='ocrx_word' id='word_1_691' title='bbox 828 4633 948 4691; x_wconf 79' lang='grc' dir='ltr'>τοὺς</span> <span class='ocrx_word' id='word_1_692' title='bbox 1002 4624 1387 4693; x_wconf 79' lang='grc' dir='ltr'>ὑποδιακόνους</span> <span class='ocrx_word' id='word_1_693' title='bbox 1431 4627 1611 4691; x_wconf 83' lang='grc' dir='ltr'>ἔξωθεν</span> <span class='ocrx_word' id='word_1_694' title='bbox 1666 4631 1919 4682; x_wconf 86' lang='grc' dir='ltr'>ῖστασθαι</span> 
     </span>
    </p>
   </div>
   <div class='ocr_carea' id='block_1_98' title="bbox 305 4715 1918 4790">
    <p class='ocr_par' dir='ltr' id='par_1_98' title="bbox 305 4715 1918 4790">
     <span class='ocr_line' id='line_1_98' title="bbox 305 4715 1918 4790; baseline -0.001 -20"><span class='ocrx_word' id='word_1_695' title='bbox 305 4718 360 4771; x_wconf 86' lang='grc' dir='ltr'>ἐν</span> <span class='ocrx_word' id='word_1_696' title='bbox 395 4728 467 4790; x_wconf 77' lang='grc' dir='ltr'>τῷ</span> <span class='ocrx_word' id='word_1_697' title='bbox 507 4720 693 4772; x_wconf 87' lang='grc' dir='ltr'>πλάτει</span> <span class='ocrx_word' id='word_1_698' title='bbox 740 4725 832 4781; x_wconf 83' lang='grc' dir='ltr'>τοῦ</span> <span class='ocrx_word' id='word_1_699' title='bbox 862 4720 999 4770; x_wconf 86' lang='grc' dir='ltr'>θείου</span> <span class='ocrx_word' id='word_1_700' title='bbox 1047 4724 1193 4783; x_wconf 88' lang='grc' dir='ltr'>ναοῦ,</span> <span class='ocrx_word' id='word_1_701' title='bbox 1246 4717 1315 4778; x_wconf 87' lang='grc' dir='ltr'>ὡς</span> <span class='ocrx_word' id='word_1_702' title='bbox 1362 4716 1412 4768; x_wconf 81' lang='grc' dir='ltr'>ἐν</span> <span class='ocrx_word' id='word_1_703' title='bbox 1458 4715 1587 4788; x_wconf 75' lang='grc' dir='ltr'>αὐλῇ</span> <span class='ocrx_word' id='word_1_704' title='bbox 1641 4719 1788 4789; x_wconf 83' lang='grc' dir='ltr'>τάχα</span> <span class='ocrx_word' id='word_1_705' title='bbox 1825 4725 1918 4770; x_wconf 84' lang='grc' dir='ltr'>τοῦ</span> 
     </span>
    </p>
   </div>
   <div class='ocr_carea' id='block_1_99' title="bbox 309 4800 1916 4883">
    <p class='ocr_par' dir='ltr' id='par_1_99' title="bbox 309 4800 1916 4883">
     <span class='ocr_line' id='line_1_99' title="bbox 309 4800 1916 4883; baseline -0.002 -22"><span class='ocrx_word' id='word_1_706' title='bbox 309 4816 505 4861; x_wconf 85' lang='grc' dir='ltr'>σεπτοῦ</span> <span class='ocrx_word' id='word_1_707' title='bbox 554 4811 962 4883; x_wconf 87' lang='grc' dir='ltr'>θυσιαστηρίου,</span> <span class='ocrx_word' id='word_1_708' title='bbox 995 4807 1045 4858; x_wconf 84' lang='grc' dir='ltr'>οἱ</span> <span class='ocrx_word' id='word_1_709' title='bbox 1103 4808 1232 4857; x_wconf 81' lang='grc' dir='ltr'>θεῖοι</span> <span class='ocrx_word' id='word_1_710' title='bbox 1281 4809 1498 4878; x_wconf 87' lang='grc' dir='ltr'>Πατέρες</span> <span class='ocrx_word' id='word_1_711' title='bbox 1538 4800 1916 4878; x_wconf 83' lang='grc' dir='ltr'>διατετάχασι,</span> 
     </span>
    </p>
   </div>
   <div class='ocr_carea' id='block_1_100' title="bbox 306 4891 1918 4969">
    <p class='ocr_par' dir='ltr' id='par_1_100' title="bbox 306 4891 1918 4969">
     <span class='ocr_line' id='line_1_100' title="bbox 306 4891 1918 4969; baseline -0.002 -19"><span class='ocrx_word' id='word_1_712' title='bbox 306 4899 381 4950; x_wconf 87' lang='grc' dir='ltr'>τά</span> <span class='ocrx_word' id='word_1_713' title='bbox 429 4894 698 4950; x_wconf 80' lang='grc' dir='ltr'>σκάνδαλα</span> <span class='ocrx_word' id='word_1_714' title='bbox 748 4894 804 4949; x_wconf 76' lang='grc' dir='ltr'>ἐκ</span> <span class='ocrx_word' id='word_1_715' title='bbox 852 4899 1017 4969; x_wconf 77' lang='grc' dir='ltr'>μέσου</span> <span class='ocrx_word' id='word_1_716' title='bbox 1076 4896 1328 4969; x_wconf 81' lang='grc' dir='ltr'>αἴροντες,</span> <span class='ocrx_word' id='word_1_717' title='bbox 1377 4899 1466 4945; x_wconf 83' lang='grc' dir='ltr'>καὶ</span> <span class='ocrx_word' id='word_1_718' title='bbox 1521 4897 1638 4955; x_wconf 83' lang='grc' dir='ltr'>τούς</span> <span class='ocrx_word' id='word_1_719' title='bbox 1691 4891 1918 4961; x_wconf 87' lang='grc' dir='ltr'>ἀναιδῶς</span> 
     </span>
    </p>
   </div>
   <div class='ocr_carea' id='block_1_101' title="bbox 304 4979 1920 5064">
    <p class='ocr_par' dir='ltr' id='par_1_101' title="bbox 304 4979 1920 5064">
     <span class='ocr_line' id='line_1_101' title="bbox 304 4979 1920 5064; baseline 0 -26"><span class='ocrx_word' id='word_1_720' title='bbox 304 5006 402 5038; x_wconf 90' lang='grc' dir='ltr'>και</span> <span class='ocrx_word' id='word_1_721' title='bbox 459 4984 871 5064; x_wconf 85' lang='grc' dir='ltr'>ἁνερυθριάστως</span> <span class='ocrx_word' id='word_1_722' title='bbox 932 4979 1038 5035; x_wconf 83' lang='grc' dir='ltr'>ὧδε</span> <span class='ocrx_word' id='word_1_723' title='bbox 1090 4981 1303 5035; x_wconf 84' lang='grc' dir='ltr'>κάκεῖσε</span> <span class='ocrx_word' id='word_1_724' title='bbox 1368 4988 1777 5058; x_wconf 79' lang='grc' dir='ltr'>περιτρέχοντας</span> <span class='ocrx_word' id='word_1_725' title='bbox 1836 4982 1920 5039; x_wconf 79' lang='grc' dir='ltr'>ἔπι</span> 
     </span>
    </p>
   </div>
   <div class='ocr_carea' id='block_1_102' title="bbox 304 5067 1918 5150">
    <p class='ocr_par' dir='ltr' id='par_1_102' title="bbox 304 5067 1918 5150">
     <span class='ocr_line' id='line_1_102' title="bbox 304 5067 1918 5150; baseline -0.002 -22"><span class='ocrx_word' id='word_1_726' title='bbox 304 5074 483 5150; x_wconf 70' lang='grc' dir='ltr'>βλάϐη</span> <span class='ocrx_word' id='word_1_727' title='bbox 532 5084 635 5127; x_wconf 86' lang='grc' dir='ltr'>τῶν</span> <span class='ocrx_word' id='word_1_728' title='bbox 690 5070 1058 5148; x_wconf 72' lang='grc' dir='ltr'>ἀφελεστέρων,</span> <span class='ocrx_word' id='word_1_729' title='bbox 1100 5072 1185 5123; x_wconf 87' lang='grc' dir='ltr'>οἷά</span> <span class='ocrx_word' id='word_1_730' title='bbox 1228 5090 1345 5123; x_wconf 86' lang='grc' dir='ltr'>τινα</span> <span class='ocrx_word' id='word_1_731' title='bbox 1387 5067 1678 5130; x_wconf 80' lang='grc' dir='ltr'>παιδίσκην</span> <span class='ocrx_word' id='word_1_732' title='bbox 1727 5071 1918 5125; x_wconf 85' lang='grc' dir='ltr'>ἀποσο-</span> 
     </span>
    </p>
   </div>
   <div class='ocr_carea' id='block_1_103' title="bbox 301 5158 1919 5231">
    <p class='ocr_par' dir='ltr' id='par_1_103' title="bbox 301 5158 1919 5231">
     <span class='ocr_line' id='line_1_103' title="bbox 301 5158 1919 5231; baseline -0.002 -14"><span class='ocrx_word' id='word_1_733' title='bbox 301 5163 527 5226; x_wconf 79' lang='grc' dir='ltr'>ϐοῦντας</span> <span class='ocrx_word' id='word_1_734' title='bbox 598 5183 693 5215; x_wconf 86' lang='grc' dir='ltr'>και</span> <span class='ocrx_word' id='word_1_735' title='bbox 756 5158 1175 5227; x_wconf 80' lang='grc' dir='ltr'>ἀναστέλλοντας,</span> <span class='ocrx_word' id='word_1_736' title='bbox 1215 5161 1267 5211; x_wconf 86' lang='grc' dir='ltr'>οῖ</span> <span class='ocrx_word' id='word_1_737' title='bbox 1338 5178 1399 5230; x_wconf 86' lang='grc' dir='ltr'>γε</span> <span class='ocrx_word' id='word_1_738' title='bbox 1463 5165 1554 5211; x_wconf 85' lang='grc' dir='ltr'>καὶ</span> <span class='ocrx_word' id='word_1_739' title='bbox 1594 5163 1728 5231; x_wconf 85' lang='grc' dir='ltr'>τό,‹‹</span> <span class='ocrx_word' id='word_1_740' title='bbox 1762 5160 1919 5214; x_wconf 84' lang='grc' dir='ltr'>Ὀσοι</span> 
     </span>
    </p>
   </div>
   <div class='ocr_carea' id='block_1_104' title="bbox 294 5247 1919 5325">
    <p class='ocr_par' dir='ltr' id='par_1_104' title="bbox 294 5247 1919 5325">
     <span class='ocr_line' id='line_1_104' title="bbox 294 5247 1919 5325; baseline -0.002 -18"><span class='ocrx_word' id='word_1_741' title='bbox 294 5273 527 5322; x_wconf 85' lang='grc' dir='ltr'>πιστοι,</span> <span class='ocrx_word' id='word_1_742' title='bbox 601 5275 632 5303; x_wconf 71' lang='grc' dir='ltr'>ι»</span> <span class='ocrx_word' id='word_1_743' title='bbox 700 5250 1035 5325; x_wconf 77' lang='grc' dir='ltr'>ἐκφωνοῦντες</span> <span class='ocrx_word' id='word_1_744' title='bbox 1098 5252 1218 5307; x_wconf 74' lang='grc' dir='ltr'>τοὺς</span> <span class='ocrx_word' id='word_1_745' title='bbox 1284 5256 1623 5323; x_wconf 83' lang='grc' dir='ltr'>παρεστῶτας</span> <span class='ocrx_word' id='word_1_746' title='bbox 1702 5247 1919 5321; x_wconf 73' lang='grc' dir='ltr'>ἀσφαλί-</span> 
     </span>
    </p>
   </div>
   <div class='ocr_carea' id='block_1_105' title="bbox 288 5340 1919 5414">
    <p class='ocr_par' dir='ltr' id='par_1_105' title="bbox 288 5340 1919 5414">
     <span class='ocr_line' id='line_1_105' title="bbox 288 5340 1919 5414; baseline -0.004 -17"><span class='ocrx_word' id='word_1_747' title='bbox 288 5345 524 5414; x_wconf 78' lang='grc' dir='ltr'>ζονται,</span> <span class='ocrx_word' id='word_1_748' title='bbox 593 5350 690 5395; x_wconf 86' lang='grc' dir='ltr'>τοῦ</span> <span class='ocrx_word' id='word_1_749' title='bbox 762 5345 1043 5413; x_wconf 84' lang='grc' dir='ltr'>πτώματος</span> <span class='ocrx_word' id='word_1_750' title='bbox 1118 5344 1212 5390; x_wconf 88' lang='grc' dir='ltr'>τοῦ</span> <span class='ocrx_word' id='word_1_751' title='bbox 1276 5340 1565 5410; x_wconf 73' lang='grc' dir='ltr'>κορυφαίου</span> <span class='ocrx_word' id='word_1_752' title='bbox 1647 5347 1919 5411; x_wconf 84' lang='grc' dir='ltr'>μυστικῶς</span> 
     </span>
    </p>
   </div>
   <div class='ocr_carea' id='block_1_106' title="bbox 290 5424 1915 5500">
    <p class='ocr_par' dir='ltr' id='par_1_106' title="bbox 290 5424 1915 5500">
     <span class='ocr_line' id='line_1_106' title="bbox 290 5424 1915 5500; baseline -0.01 -12"><span class='ocrx_word' id='word_1_753' title='bbox 290 5435 435 5487; x_wconf 86' lang='grc' dir='ltr'>κατά</span> <span class='ocrx_word' id='word_1_754' title='bbox 508 5435 711 5489; x_wconf 76' lang='grc' dir='ltr'>ταύτην</span> <span class='ocrx_word' id='word_1_755' title='bbox 775 5433 870 5490; x_wconf 86' lang='grc' dir='ltr'>τήν</span> <span class='ocrx_word' id='word_1_756' title='bbox 935 5427 1073 5498; x_wconf 84' lang='grc' dir='ltr'>ὥραν</span> <span class='ocrx_word' id='word_1_757' title='bbox 1138 5424 1654 5500; x_wconf 83' lang='grc' dir='ltr'>ἀναμιμνήσκοντες,</span> <span class='ocrx_word' id='word_1_758' title='bbox 1725 5428 1789 5489; x_wconf 84' lang='grc' dir='ltr'>ὡς</span> <span class='ocrx_word' id='word_1_759' title='bbox 1856 5425 1915 5479; x_wconf 80' lang='grc' dir='ltr'>ἂν</span> 
     </span>
    </p>
   </div>
   <div class='ocr_carea' id='block_1_107' title="bbox 2029 4539 3680 4608">
    <p class='ocr_par' dir='ltr' id='par_1_107' title="bbox 2029 4539 3680 4608">
     <span class='ocr_line' id='line_1_107' title="bbox 2029 4539 3680 4608; baseline 0 -13"><span class='ocrx_word' id='word_1_760' title='bbox 2029 4541 2202 4602; x_wconf 86' lang='lat' dir='ltr'>atrio,</span> <span class='ocrx_word' id='word_1_761' title='bbox 2229 4540 2417 4595; x_wconf 87' lang='lat' dir='ltr'>sancti</span> <span class='ocrx_word' id='word_1_762' title='bbox 2456 4541 2654 4596; x_wconf 84' lang='lat' dir='ltr'>Patres</span> <span class='ocrx_word' id='word_1_763' title='bbox 2685 4540 3075 4608; x_wconf 88' lang='lat' dir='ltr'>mandarunt,</span> <span class='ocrx_word' id='word_1_764' title='bbox 3100 4539 3389 4597; x_wconf 83' lang='lat' dir='ltr'>scandala</span> <span class='ocrx_word' id='word_1_765' title='bbox 3417 4556 3449 4596; x_wconf 89' lang='lat' dir='ltr'>e</span> <span class='ocrx_word' id='word_1_766' title='bbox 3478 4540 3680 4608; x_wconf 84' lang='lat' dir='ltr'>medio</span> 
     </span>
    </p>
   </div>
   <div class='ocr_carea' id='block_1_108' title="bbox 2028 4628 3684 4702">
    <p class='ocr_par' dir='ltr' id='par_1_108' title="bbox 2028 4628 3684 4702">
     <span class='ocr_line' id='line_1_108' title="bbox 2028 4628 3684 4702; baseline 0 -18"><span class='ocrx_word' id='word_1_767' title='bbox 2028 4629 2456 4701; x_wconf 89' lang='lat' dir='ltr'>subducenles,</span> <span class='ocrx_word' id='word_1_768' title='bbox 2490 4636 2548 4684; x_wconf 89' lang='lat' dir='ltr'>et</span> <span class='ocrx_word' id='word_1_769' title='bbox 2576 4645 2679 4685; x_wconf 89' lang='lat' dir='ltr'>eos</span> <span class='ocrx_word' id='word_1_770' title='bbox 2704 4629 2810 4702; x_wconf 90' lang='lat' dir='ltr'>qui</span> <span class='ocrx_word' id='word_1_771' title='bbox 2839 4629 3241 4686; x_wconf 89' lang='lat' dir='ltr'>inverecunde</span> <span class='ocrx_word' id='word_1_772' title='bbox 3278 4628 3684 4702; x_wconf 88' lang='lat' dir='ltr'>impudenter-</span> 
     </span>
    </p>
   </div>
   <div class='ocr_carea' id='block_1_109' title="bbox 2027 4717 3680 4793">
    <p class='ocr_par' dir='ltr' id='par_1_109' title="bbox 2027 4717 3680 4793">
     <span class='ocr_line' id='line_1_109' title="bbox 2027 4717 3680 4793; baseline -0.001 -20"><span class='ocrx_word' id='word_1_773' title='bbox 2027 4734 2146 4790; x_wconf 88' lang='lat' dir='ltr'>que</span> <span class='ocrx_word' id='word_1_774' title='bbox 2166 4718 2285 4773; x_wconf 89' lang='lat' dir='ltr'>huc</span> <span class='ocrx_word' id='word_1_775' title='bbox 2300 4717 2439 4773; x_wconf 91' lang='lat' dir='ltr'>illuc</span> <span class='ocrx_word' id='word_1_776' title='bbox 2460 4717 2804 4773; x_wconf 87' lang='lat' dir='ltr'>discurrunt</span> <span class='ocrx_word' id='word_1_777' title='bbox 2823 4735 2959 4774; x_wconf 91' lang='lat' dir='ltr'>cum</span> <span class='ocrx_word' id='word_1_778' title='bbox 2979 4718 3412 4793; x_wconf 89' lang='lat' dir='ltr'>simpliciorum</span> <span class='ocrx_word' id='word_1_779' title='bbox 3432 4717 3680 4785; x_wconf 90' lang='lat' dir='ltr'>damno,</span> 
     </span>
    </p>
   </div>
   <div class='ocr_carea' id='block_1_110' title="bbox 2028 4806 3675 4879">
    <p class='ocr_par' dir='ltr' id='par_1_110' title="bbox 2028 4806 3675 4879">
     <span class='ocr_line' id='line_1_110' title="bbox 2028 4806 3675 4879; baseline 0.001 -17"><span class='ocrx_word' id='word_1_780' title='bbox 2028 4806 2257 4864; x_wconf 67' lang='lat' dir='ltr'>ancillas</span> <span class='ocrx_word' id='word_1_781' title='bbox 2288 4806 2609 4879; x_wconf 89' lang='lat' dir='ltr'>cujusdam</span> <span class='ocrx_word' id='word_1_782' title='bbox 2657 4807 2848 4863; x_wconf 91' lang='lat' dir='ltr'>instar</span> <span class='ocrx_word' id='word_1_783' title='bbox 2877 4808 3186 4879; x_wconf 89' lang='lat' dir='ltr'>abigentes</span> <span class='ocrx_word' id='word_1_784' title='bbox 3217 4812 3273 4863; x_wconf 90' lang='lat' dir='ltr'>et</span> <span class='ocrx_word' id='word_1_785' title='bbox 3300 4807 3675 4863; x_wconf 79' lang='lat' dir='ltr'>cohibentes.</span> 
     </span>
    </p>
   </div>
   <div class='ocr_carea' id='block_1_111' title="bbox 2027 4894 3685 4968">
    <p class='ocr_par' dir='ltr' id='par_1_111' title="bbox 2027 4894 3685 4968">
     <span class='ocr_line' id='line_1_111' title="bbox 2027 4894 3685 4968; baseline -0.001 -17"><span class='ocrx_word' id='word_1_786' title='bbox 2027 4898 2175 4951; x_wconf 89' lang='lat' dir='ltr'>Item</span> <span class='ocrx_word' id='word_1_787' title='bbox 2222 4894 2303 4950; x_wconf 90' lang='lat' dir='ltr'>illi</span> <span class='ocrx_word' id='word_1_788' title='bbox 2342 4896 2445 4968; x_wconf 88' lang='lat' dir='ltr'>qui</span> <span class='ocrx_word' id='word_1_789' title='bbox 2483 4894 2584 4952; x_wconf 89' lang='lat' dir='ltr'>illa</span> <span class='ocrx_word' id='word_1_790' title='bbox 2614 4896 2799 4952; x_wconf 86' lang='lat' dir='ltr'>verba</span> <span class='ocrx_word' id='word_1_791' title='bbox 2846 4896 3221 4952; x_wconf 87' lang='lat' dir='ltr'>inclamant:</span> <span class='ocrx_word' id='word_1_792' title='bbox 3262 4919 3289 4945; x_wconf 86' lang='grc'><strong>‹‹</strong></span> <span class='ocrx_word' id='word_1_793' title='bbox 3330 4896 3685 4968; x_wconf 83' lang='lat' dir='ltr'>Quicunque</span> 
     </span>
    </p>
   </div>
   <div class='ocr_carea' id='block_1_112' title="bbox 2027 4982 3683 5057">
    <p class='ocr_par' dir='ltr' id='par_1_112' title="bbox 2027 4982 3683 5057">
     <span class='ocr_line' id='line_1_112' title="bbox 2027 4982 3683 5057; baseline -0.001 -18"><span class='ocrx_word' id='word_1_794' title='bbox 2027 4983 2253 5055; x_wconf 77' lang='lat' dir='ltr'>ﬁdeles,</span> <span class='ocrx_word' id='word_1_795' title='bbox 2273 5007 2299 5034; x_wconf 87' lang='lat'>»</span> <span class='ocrx_word' id='word_1_796' title='bbox 2320 4991 2647 5057; x_wconf 71' lang='lat' dir='ltr'>praesentes</span> <span class='ocrx_word' id='word_1_797' title='bbox 2670 5000 2883 5040; x_wconf 91' lang='lat' dir='ltr'>omnes</span> <span class='ocrx_word' id='word_1_798' title='bbox 2905 5000 2942 5039; x_wconf 91' lang='lat' dir='ltr'>a</span> <span class='ocrx_word' id='word_1_799' title='bbox 2964 4982 3145 5057; x_wconf 89' lang='lat' dir='ltr'>lapsu</span> <span class='ocrx_word' id='word_1_800' title='bbox 3171 4999 3379 5047; x_wconf 90' lang='lat' dir='ltr'>cavere</span> <span class='ocrx_word' id='word_1_801' title='bbox 3404 4987 3683 5052; x_wconf 90' lang='lat' dir='ltr'>monent;</span> 
     </span>
    </p>
   </div>
   <div class='ocr_carea' id='block_1_113' title="bbox 2028 5071 3685 5146">
    <p class='ocr_par' dir='ltr' id='par_1_113' title="bbox 2028 5071 3685 5146">
     <span class='ocr_line' id='line_1_113' title="bbox 2028 5071 3685 5146; baseline -0.001 -19"><span class='ocrx_word' id='word_1_802' title='bbox 2028 5073 2176 5128; x_wconf 92' lang='lat' dir='ltr'>dum</span> <span class='ocrx_word' id='word_1_803' title='bbox 2220 5072 2336 5128; x_wconf 91' lang='lat' dir='ltr'>illis</span> <span class='ocrx_word' id='word_1_804' title='bbox 2367 5072 2757 5146; x_wconf 72' lang='lat' dir='ltr'>coryphaeum</span> <span class='ocrx_word' id='word_1_805' title='bbox 2791 5071 2906 5128; x_wconf 90' lang='lat' dir='ltr'>hoc</span> <span class='ocrx_word' id='word_1_806' title='bbox 2938 5076 3206 5144; x_wconf 89' lang='lat' dir='ltr'>tempore</span> <span class='ocrx_word' id='word_1_807' title='bbox 3237 5072 3295 5126; x_wconf 89' lang='lat' dir='ltr'>in</span> <span class='ocrx_word' id='word_1_808' title='bbox 3322 5072 3685 5141; x_wconf 83' lang='lat' dir='ltr'>memoriam</span> 
     </span>
    </p>
   </div>
   <div class='ocr_carea' id='block_1_114' title="bbox 2027 5157 3685 5235">
    <p class='ocr_par' dir='ltr' id='par_1_114' title="bbox 2027 5157 3685 5235">
     <span class='ocr_line' id='line_1_114' title="bbox 2027 5157 3685 5235; baseline -0.001 -18"><span class='ocrx_word' id='word_1_809' title='bbox 2027 5166 2353 5229; x_wconf 87' lang='lat' dir='ltr'>revocant;</span> <span class='ocrx_word' id='word_1_810' title='bbox 2394 5178 2468 5217; x_wconf 91' lang='lat' dir='ltr'>ne</span> <span class='ocrx_word' id='word_1_811' title='bbox 2516 5163 2655 5235; x_wconf 87' lang='lat' dir='ltr'>quis</span> <span class='ocrx_word' id='word_1_812' title='bbox 2694 5163 2934 5228; x_wconf 88' lang='lat' dir='ltr'>horum,</span> <span class='ocrx_word' id='word_1_813' title='bbox 2977 5168 3141 5216; x_wconf 88' lang='lat' dir='ltr'>metu</span> <span class='ocrx_word' id='word_1_814' title='bbox 3180 5164 3281 5215; x_wconf 88' lang='lat' dir='ltr'>aut</span> <span class='ocrx_word' id='word_1_815' title='bbox 3312 5157 3452 5214; x_wconf 90' lang='lat' dir='ltr'>dolo</span> <span class='ocrx_word' id='word_1_816' title='bbox 3492 5158 3685 5216; x_wconf 88' lang='lat' dir='ltr'>subri-</span> 
     </span>
    </p>
   </div>
   <div class='ocr_carea' id='block_1_115' title="bbox 2028 5247 3687 5324">
    <p class='ocr_par' dir='ltr' id='par_1_115' title="bbox 2028 5247 3687 5324">
     <span class='ocr_line' id='line_1_115' title="bbox 2028 5247 3687 5324; baseline -0.002 -18"><span class='ocrx_word' id='word_1_817' title='bbox 2028 5251 2246 5324; x_wconf 77' lang='lat' dir='ltr'>piente,</span> <span class='ocrx_word' id='word_1_818' title='bbox 2266 5251 2345 5306; x_wconf 91' lang='lat' dir='ltr'>ab</span> <span class='ocrx_word' id='word_1_819' title='bbox 2375 5250 2446 5307; x_wconf 88' lang='lat' dir='ltr'>iis</span> <span class='ocrx_word' id='word_1_820' title='bbox 2474 5251 2578 5323; x_wconf 90' lang='lat' dir='ltr'>qui</span> <span class='ocrx_word' id='word_1_821' title='bbox 2610 5265 2849 5323; x_wconf 86' lang='lat' dir='ltr'>semper</span> <span class='ocrx_word' id='word_1_822' title='bbox 2866 5249 2925 5304; x_wconf 91' lang='lat' dir='ltr'>in</span> <span class='ocrx_word' id='word_1_823' title='bbox 2952 5249 3282 5321; x_wconf 85' lang='lat' dir='ltr'>punitionis</span> <span class='ocrx_word' id='word_1_824' title='bbox 3307 5247 3516 5320; x_wconf 89' lang='lat' dir='ltr'>prunis</span> <span class='ocrx_word' id='word_1_825' title='bbox 3547 5252 3687 5305; x_wconf 89' lang='lat' dir='ltr'>sunt</span> 
     </span>
    </p>
   </div>
   <div class='ocr_carea' id='block_1_116' title="bbox 2028 5335 3687 5409">
    <p class='ocr_par' dir='ltr' id='par_1_116' title="bbox 2028 5335 3687 5409">
     <span class='ocr_line' id='line_1_116' title="bbox 2028 5335 3687 5409; baseline -0.002 -14"><span class='ocrx_word' id='word_1_826' title='bbox 2028 5339 2440 5405; x_wconf 67' lang='lat' dir='ltr'>daemonibus,</span> <span class='ocrx_word' id='word_1_827' title='bbox 2478 5339 2687 5409; x_wconf 88' lang='lat' dir='ltr'>igneas</span> <span class='ocrx_word' id='word_1_828' title='bbox 2738 5337 3128 5407; x_wconf 89' lang='lat' dir='ltr'>cogitationes</span> <span class='ocrx_word' id='word_1_829' title='bbox 3180 5335 3586 5409; x_wconf 83' lang='lat' dir='ltr'>injicientibus</span> <span class='ocrx_word' id='word_1_830' title='bbox 3623 5336 3687 5392; x_wconf 90' lang='lat' dir='ltr'>in</span> 
     </span>
    </p>
   </div>
   <div class='ocr_carea' id='block_1_117' title="bbox 2027 5412 3685 5502">
    <p class='ocr_par' dir='ltr' id='par_1_117' title="bbox 2027 5412 3685 5502">
     <span class='ocr_line' id='line_1_117' title="bbox 2027 5412 3685 5502; baseline -0.001 -19"><span class='ocrx_word' id='word_1_831' title='bbox 2027 5429 2211 5485; x_wconf 88' lang='lat' dir='ltr'>corda</span> <span class='ocrx_word' id='word_1_832' title='bbox 2272 5412 2657 5502; x_wconf 73' lang='lat' dir='ltr'>potissmium</span> <span class='ocrx_word' id='word_1_833' title='bbox 2717 5427 2930 5483; x_wconf 88' lang='lat' dir='ltr'>virtute</span> <span class='ocrx_word' id='word_1_834' title='bbox 2979 5425 3424 5493; x_wconf 85' lang='lat' dir='ltr'>sublimiorum,</span> <span class='ocrx_word' id='word_1_835' title='bbox 3486 5431 3685 5483; x_wconf 88' lang='lat' dir='ltr'>mente</span> 
     </span>
    </p>
   </div>
   <div class='ocr_carea' id='block_1_118' title="bbox 367 5622 2571 5739">
    <p class='ocr_par' dir='ltr' id='par_1_118' title="bbox 367 5622 2571 5739">
     <span class='ocr_line' id='line_1_118' title="bbox 367 5622 2571 5739; baseline 0 -53"><span class='ocrx_word' id='word_1_836' title='bbox 367 5630 488 5712; x_wconf 78' lang='grc'>(27)</span> <span class='ocrx_word' id='word_1_837' title='bbox 525 5627 743 5689; x_wconf 85' lang='lat' dir='ltr'>Velum</span> <span class='ocrx_word' id='word_1_838' title='bbox 769 5639 994 5701; x_wconf 84' lang='lat' dir='ltr'>nempe</span> <span class='ocrx_word' id='word_1_839' title='bbox 1019 5622 1368 5720; x_wconf 60' lang='lat' dir='ltr'>pet-subtile,</span> <span class='ocrx_word' id='word_1_840' title='bbox 1398 5638 1524 5739; x_wconf 58' lang='lat' dir='ltr'>quo</span> <span class='ocrx_word' id='word_1_841' title='bbox 1552 5639 1648 5682; x_wconf 85' lang='lat' dir='ltr'>res</span> <span class='ocrx_word' id='word_1_842' title='bbox 1678 5640 1867 5701; x_wconf 68' lang='lat' dir='ltr'>saera:</span> <span class='ocrx_word' id='word_1_843' title='bbox 1893 5624 1959 5701; x_wconf 79' lang='lat' dir='ltr'>in</span> <span class='ocrx_word' id='word_1_844' title='bbox 1995 5624 2170 5719; x_wconf 75' lang='lat' dir='ltr'>altari</span> <span class='ocrx_word' id='word_1_845' title='bbox 2199 5625 2571 5711; x_wconf 79' lang='lat' dir='ltr'>operiuntur.</span> 
     </span>
    </p>
   </div>
  </div>
