4134 6436
494 341 599 400 447
1772 328 2133 388 THEODORI

2268 320 2588 384 DIDENSIS
3766 327 3923 384 448

494 466 762 538 torpeat;
801 459 1039 519 etiamsi
1076 473 1203 518 non
1247 459 1430 532 sputa
1472 457 1708 515 tantum
1748 458 1807 512 et
1859 453 2151 527 colaphos

2265 456 2335 525 μή
2387 470 2466 513 τις
2512 450 2728 516 τούτων,
2781 447 2920 521 φόϐῳ
2971 448 3002 509 ἢ
3053 445 3191 524 δόλῳ
3233 449 3470 519 κλαπεὶς,
3521 451 3621 505 ὑπὸ
3669 457 3791 503 τῶν
3857 449 3922 502 ἐν

493 536 748 629 reputet,
787 568 1001 610 verum
1054 550 1237 607 etiam
1290 546 1655 619 sanguinem
1700 550 1760 602 et
1805 544 2153 618 passionem

2263 548 2325 613 τῇ
2380 544 2526 613 πυρᾷ
2579 546 2676 600 τῆς
2730 537 2994 601 κολάσεως
3060 537 3141 595 ἀεὶ
3208 539 3501 600 ἑστηκότων
3562 536 3916 613 δαιμόνων,

497 626 873 716 mortemque
904 641 1007 697 Dei
1029 638 1356 696 memorari
1394 637 1602 694 audiat
1629 656 1641 693 :
1677 639 1735 692 et
1760 632 2153 691 nihilominus

2263 634 2517 703 πυρίνους
2566 631 2688 691 τοὺς
2731 626 3015 701 λογισμούς
3065 627 3295 683 ἐνιέντων
3342 629 3415 693 εἰς
3461 632 3556 693 τὰς
3604 626 3915 705 καρδίας,

498 734 675 803 quasi
715 732 816 789 Dei
860 728 1333 803 impassibilitati
1361 726 1593 796 favens,
1622 724 1873 781 omnino
1900 726 1956 779 et
1984 721 2153 778 indo-

2263 720 2496 793 μάλιστα
2524 726 2625 771 τῶν
2667 717 2999 791 ὑψηλοτέρων
3032 721 3149 772 κατ’
3178 718 3387 796 ἀρετήν,
3419 720 3619 794 ὀκλάση
3658 723 3753 774 τὸν
3806 719 3916 772 λος

495 817 746 874 lentiam
793 820 1024 891 absque
1062 817 1187 874 ulla
1224 816 1504 874 molestia
1545 814 1894 887 insipienter
1938 809 2153 880 largia-

2263 811 2455 882 γισμόν
2485 807 2544 860 ού
2574 810 2727 881 μόνον
2767 806 3100 879 ἕκπτυσμούς
3138 813 3226 861 καὶ
3265 808 3620 883 κολαφισμούς
3666 808 3912 872 ἐννοῶν,

500 909 626 963 tur:
659 909 840 977 atque
868 904 952 961 ita
972 906 1034 960 in
1055 906 1474 963 haereticorum
1503 902 2023 977 phantasticorum
2052 898 2153 955 ba-

2265 896 2394 949 ἀλλά
2430 900 2520 950 καὶ
2566 898 2697 970 αἷμα
2744 902 2835 949 καὶ
2872 899 3036 960 πάθος
3073 897 3277 951 ἀκούων
3320 906 3456 953 Θεοῦ
3486 904 3577 952 καὶ
3611 900 3865 952 θάνατον
3893 920 3910 932 ·

497 996 773 1053 rathrum
821 993 1144 1063 deferatur,
1175 999 1232 1049 et
1278 998 1465 1051 totam
1497 992 1710 1050 Christi
1749 988 2153 1048 oeconomiam

2263 985 2532 1040 κάντεῦθεν
2594 988 2663 1048 ὡς
2717 992 3005 1061 συνήγορος
3068 983 3227 1046 δῆθεν
3283 992 3432 1056 Θεοῦ,
3490 992 3548 1041 16
3613 987 3914 1048 παντελῶς

496 1086 558 1142 in
586 1099 812 1142 arcana
837 1083 1055 1139 mentis
1089 1098 1215 1138 suae
1246 1081 1486 1141 ofﬁcina
1514 1083 1790 1139 videatur
1818 1095 2063 1152 negare.

2266 1074 2551 1148 ἀνάλγητον
2601 1075 2741 1146 αύτῷ
2788 1080 2880 1128 καὶ
2939 1073 3198 1129 ἀνώδυνον
3253 1075 3478 1138 ἀνοήτως
3529 1081 3868 1151 χαρίσηται
3894 1098 3911 1113 ο

497 1178 588 1227 καὶ
626 1174 788 1234 οὕτως
818 1172 884 1233 εἰς
923 1175 981 1224 τό
1023 1176 1385 1225 Φανταστικῶν
1415 1173 1793 1244 κατενεχθῆναι
1844 1168 2136 1244 βάραθρον,
2162 1167 2253 1217 καὶ
2295 1165 2516 1239 ἄρνησιν
2555 1164 2851 1238 οἰκονομίας
2889 1172 2980 1227 τῆς
3012 1164 3134 1228 ὅλης
3182 1173 3418 1239 Χριστοῦ
3450 1164 3499 1218 ἓν
3546 1173 3619 1237 τῷ
3657 1174 3913 1242 κρυπτῷ

498 1271 590 1324 τῆς
620 1259 857 1325 διανοίας
882 1260 1215 1337 ἐργαστηρίῳ
1246 1260 1423 1333 ὀφθείη
1455 1265 1778 1332 ποιούμενος.

536 1418 545 1425 ,
570 1355 658 1407 22.
691 1351 924 1407 Videsis
954 1354 1156 1407 autem
1182 1348 1495 1423 quomodo
1520 1348 1644 1403 divi
1674 1352 1875 1405 Patres
1900 1363 1998 1404 res
2025 1362 2149 1403 ma-

500 1444 604 1513 gni
638 1441 789 1498 Petri
835 1442 953 1497 hoc
980 1441 1115 1497 loco
1162 1439 1580 1514 repraesentari
1607 1437 1923 1504 voluerint,
1958 1442 2022 1495 ut
2066 1452 2154 1492 re-

498 1536 710 1605 putare
742 1531 1073 1603 possimus,
1095 1530 1259 1605 quod
1290 1530 1335 1585 si
1363 1529 1637 1586 Ecclesiae
1664 1527 2150 1594 fundamentum,

499 1636 679 1694 super
708 1636 831 1693 quo
859 1620 995 1693 ipsa
1033 1618 1394 1676 aediﬁcanda
1436 1635 1578 1675 mox
1605 1621 1749 1687 erat,
1779 1616 2156 1672 Providentia

498 1710 582 1766 sic
622 1709 1000 1783 disponente,
1036 1725 1210 1766 sacro
1260 1709 1611 1782 episcopatu
1660 1706 1924 1779 spoliari,
1959 1710 2015 1761 et
2055 1707 2156 1763 tali

496 1803 788 1871 tantoque
816 1798 993 1872 lapsu
1016 1813 1300 1872 proruere
1333 1797 1732 1870 periclitatum
1761 1800 1869 1867 est,
1896 1795 2001 1868 qui
2028 1794 2157 1851 ﬁeri
2197 1828 2237 1881 Β

2333 1343 2440 1417 κβ’.
2490 1348 2676 1397 Σκόπει
2729 1340 2789 1397 δὲ
2829 1351 2937 1406 πῶς
2983 1347 3033 1397 οἱ
3077 1346 3347 1399 θεσπέσιοι
3399 1349 3624 1421 Πατίρες
3675 1348 3753 1399 τὰ
3800 1353 3909 1399 τοῦ

2262 1433 2490 1505 μεγάλου
2549 1437 2747 1506 Πέτρου
2798 1430 3247 1508 παραδεδώκασιν
3304 1433 3528 1489 ἕνταῦθα
3592 1432 3912 1490 εἰδοποιεῖ-

2265 1522 2409 1587 σθαι,
2465 1521 2527 1573 ἵν’
2584 1524 2796 1596 ἔχοιμεν
2856 1522 3161 1594 λογίζεσθαι
3214 1526 3301 1594 ὡς,
3364 1526 3503 1597 εἴπερ
3562 1525 3588 1577 ό
3646 1524 3908 1597 θεμέλιος

2262 1618 2359 1673 τῆς
2399 1609 2733 1680 Ἐκκλησίας,
2785 1610 2860 1683 ἐφ’
2919 1611 2973 1664 ὃν
3026 1612 3158 1671 αὕτη
3209 1608 3609 1686 οἰκοδομεῖσθαι
3647 1612 3902 1686 ἆμελλεν,

2264 1698 2603 1771 οἰκονομικῶς
2644 1707 2737 1761 τῆς
2789 1701 2926 1761 θείας
2973 1698 3267 1761 ἐπισκοπῆς
3310 1699 3601 1776 ἀμοιρῆσαι
3644 1708 3720 1772 τῷ
3784 1721 3902 1760 τη-

2264 1795 2485 1840 νικαῦτα
2521 1792 2610 1841 καὶ
2661 1797 2853 1862 πτῶμα
2895 1796 3130 1842 τοιοῦτον
3167 1793 3499 1863 κατενεχθεὶς
3541 1788 3901 1845 ἀπόλλυσθαι

497 1888 734 1960 poterit,
783 1892 850 1944 ut
895 1887 1175 1944 hodierni
1218 1886 1404 1960 aliqui
1453 1902 1695 1943 sacrum
1740 1887 2158 1958 episcopatum

498 1976 749 2032 minime
793 1976 907 2032 sibi
954 1976 1413 2032 convenientem
1464 1974 1686 2047 adepti,
1714 1975 1776 2031 in
1822 1974 1939 2031 tale
1984 1972 2160 2029 bara-

498 2065 701 2122 thrum
732 2079 855 2122 non
882 2066 1197 2122 incidant?
1236 2064 1515 2122 Nonnulli
1545 2080 1683 2121 vero
1710 2064 1879 2121 aiunt
1908 2063 2157 2120 subdia-

499 2170 684 2211 conos
711 2155 886 2227 quasi
914 2155 1240 2227 imaginem
1266 2158 1497 2225 gestare
1525 2154 1733 2225 legalis
1750 2154 1950 2225 virgae,
1970 2169 2155 2226 quam

499 2244 642 2301 olim
669 2259 858 2303 manu
900 2245 1186 2302 tenebant
1222 2245 1260 2301 ii
1293 2245 1396 2318 qui
1436 2245 1666 2317 pascha
1693 2243 1841 2300 illud
1884 2243 2159 2300 comede-

496 2334 681 2391 bant:
713 2334 859 2406 quia
884 2334 1174 2390 nimirum
1206 2333 1563 2390 subdiaconi
1592 2334 1735 2389 foris
1761 2332 2155 2389 consistentes

498 2422 761 2497 quietem
810 2437 847 2479 a
895 2422 1177 2479 fidelibus
1232 2422 1496 2493 exigunt,
1550 2427 1617 2479 ut
1664 2422 2157 2479 commoditatem

496 2509 764 2567 habeant
785 2511 889 2583 qui
918 2512 1079 2568 intus
1110 2516 1249 2568 sunt
1269 2511 1611 2569 sacerdotes
1638 2510 1843 2567 divina
1871 2510 2158 2584 mysteria

493 2597 931 2673 imperturbata
962 2600 1314 2671 peragendi.

566 2691 659 2744 23.
700 2687 857 2753 Quid
894 2692 1095 2743 autem
1136 2687 1459 2745 dicendum
1487 2687 1561 2745 de
1601 2687 1974 2755 ventilabris,
2018 2704 2155 2761 quae

501 2775 744 2834 diaconi
774 2777 1010 2834 interim
1046 2793 1232 2834 manu
1262 2782 1484 2844 tenent,
1513 2782 1569 2834 et
1596 2777 1860 2834 celeriter
1889 2794 2156 2835 commo-

498 2869 640 2922 vent
683 2882 869 2939 supra
900 2882 992 2922 res
1038 2871 1307 2937 sanctas,
1340 2868 1515 2940 quasi
1556 2868 1808 2934 attoniti,
1840 2883 2034 2940 usque
2076 2867 2157 2924 ad

496 2953 1010 3027 complementum
1041 2962 1318 3026 augustae
1364 2955 1593 3029 precis:
1630 2977 1657 3005 «
1686 2956 1838 3013 Mitte
1871 2955 2155 3028 Spiritum

497 3048 775 3100 sanctum
805 3049 976 3101 tuum
1004 3060 1188 3117 super
1210 3060 1323 3101 nos
1357 3049 1414 3101 et
1445 3061 1626 3117 super
1653 3045 1965 3118 praposita
1993 3045 2157 3102 dona

492 3131 666 3191 haec?
688 3153 717 3183 »
739 3132 1001 3190 Audacis
1027 3148 1191 3189 same
1220 3133 1443 3205 lingure
1470 3138 1558 3191 est
1576 3133 1651 3189 de
1679 3133 1774 3189 his
1803 3133 2020 3203 dicere,
2049 3133 2156 3190 sed

493 3220 641 3294 quia
681 3220 866 3277 semel
896 3221 1186 3278 mandato
1213 3222 1479 3294 jubentis
1506 3222 1819 3293 cessimus,
1849 3222 2050 3293 agesis
2079 3223 2155 3280 de

493 3308 590 3365 his
621 3324 867 3381 quoque
910 3309 1258 3382 loquamur,
1285 3315 1469 3383 prout
1499 3314 1654 3367 Deus
1698 3312 2063 3368 concesserit
2100 3316 2156 3369 et

496 3396 798 3469 siquidem
821 3397 951 3453 aliis
972 3414 1218 3472 quoque
1241 3398 1402 3456 dicta
1420 3404 1629 3456 nostra
1648 3399 1865 3457 fuerint
1883 3405 2150 3474 accepta,

496 3488 616 3543 Deo
648 3485 765 3542 sint
804 3488 1041 3557 gratiae;
1075 3493 1233 3545 certe
1263 3489 1433 3545 haud
1471 3490 1721 3546 omnino
1755 3490 2155 3563 vituperanda

493 3575 621 3632 fore
651 3575 792 3645 scio,
823 3592 1021 3650 neque
1064 3581 1233 3635 extra
1261 3577 1403 3635 ﬁdei
1443 3578 1785 3636 christianae
1828 3579 2143 3650 dogmata.

496 3664 759 3721 Dicimus
784 3682 947 3736 ergo,
981 3666 1209 3741 ubique
1235 3672 1293 3724 et
1322 3684 1564 3739 semper
1592 3669 1853 3725 astitisse
1883 3669 2153 3727 caelestes

493 3758 819 3828 potestates
859 3757 1090 3814 Christo
1132 3758 1407 3828 Domino,
1449 3758 1550 3815 illa
1586 3774 1730 3816 vero
1769 3759 2154 3832 potissimum

493 3848 669 3901 nocte
710 3861 834 3919 qua
875 3846 1127 3903 traditus
1170 3846 1298 3905 fuit.
1333 3851 1484 3920 lpsze
1522 3848 1704 3918 igitur
1743 3848 2012 3905 videntes
2051 3849 2153 3906 ab-

492 3931 839 3991 ductionem
867 3934 946 3992 ad
974 3936 1285 4010 Caipham,
1310 3952 1512 3993 coram
1547 3942 1717 3993 Anna
1742 3939 2154 4011 praesentatio-

491 4034 651 4094 nem,
682 4020 837 4080 falsa
867 4024 1230 4094 testimonia,
1259 4024 1443 4095 virgze
1473 4023 1919 4098 percussiones,
1952 4029 2151 4100 sputa,

493 4109 805 4183 colaphos,
846 4111 950 4168 illa
989 4113 1336 4168 Judaeorum
1386 4114 1677 4186 convicia,
1721 4115 2073 4172 coccineum
2118 4130 2154 4172 a

492 4197 782 4255 militibus
808 4199 1159 4272 impositum
1199 4200 1645 4271 indumentum,
1688 4203 1962 4277 spineam
1988 4219 2154 4261 coro-

490 4301 659 4355 nam,
701 4286 1084 4343 adorationes
1129 4304 1268 4345 cum
1318 4288 1466 4360 risu,
1507 4296 1563 4346 et
1608 4306 1989 4365 quaecunque
2037 4291 2156 4348 alia

490 4375 837 4432 divinorum
889 4377 1348 4449 evangeliorum
1401 4384 1718 4437 enumerat
1765 4381 2053 4451 narratio,
2099 4384 2155 4437 et

490 4467 791 4555 quotquot
814 4468 1061 4555 propter
1082 4466 1529 4526 multitudinem
1565 4470 1815 4527 fortasse
1841 4469 2150 4543 praeteriit;
2183 4502 2228 4555 Β

491 4553 571 4612 ad
600 4554 731 4609 haec
779 4554 1019 4625 singula
1050 4556 1447 4629 ambigentes,
1487 4563 1542 4616 et
1582 4559 1886 4632 patientiae
1917 4559 2151 4629 magni-

489 4641 698 4700 tudine
728 4642 1249 4718 obstupescentes,
1274 4647 1457 4704 facies
1488 4664 1631 4704 suas
1655 4648 1943 4714 velantes,
1966 4653 2154 4705 semet

491 4731 882 4790 avertebant:
942 4750 1275 4809 rursusque
1336 4737 1572 4793 Domini
1627 4736 1721 4792 sui
1774 4737 2151 4809 majestatem

489 4827 848 4896 reverentes,
871 4824 1169 4882 redibant.
1198 4826 1384 4900 quue
1411 4826 1675 4898 agebant
1703 4842 1894 4899 usque
1924 4826 2003 4883 ad
2032 4826 2151 4884 ela-

488 4911 712 4969 tionem
759 4912 820 4969 in
873 4929 1137 4971 crucem.
1187 4914 1342 4972 Finis
1391 4915 1554 4972 enim
1608 4915 1877 4989 corporis
1921 4916 2150 4975 crucia-

489 5004 682 5071 tuum,
716 5005 773 5059 et
811 5003 1161 5075 ignominiaa
1205 5020 1280 5061 ex
1330 5004 1426 5061 his
1464 5004 1791 5072 manantis,
1825 5020 1971 5062 crux
1996 5005 2147 5077 fuit;

489 5105 626 5163 quae
674 5105 888 5164 reapse
919 5092 1111 5162 gloria
1148 5091 1386 5158 exstitit,
1437 5107 1561 5148 non
1608 5092 1969 5163 ignominia;
2009 5094 2152 5151 hinc

490 5179 652 5235 enim
696 5181 1117 5253 operationum
1162 5195 1232 5236 ac
1277 5180 1567 5237 virtutum
1607 5182 1843 5239 deitatis
1873 5182 2146 5251 initium;

487 5265 630 5323 hinc
649 5267 745 5324 ille
772 5268 1067 5338 generalis
1092 5267 1452 5324 universalis
1472 5272 1869 5340 terrzemotus,
1893 5275 1951 5328 et
1972 5272 2151 5329 trium

489 5352 777 5411 horarum
808 5353 1073 5411 tenebrae
1108 5355 1171 5411 in
1201 5355 1490 5413 universa
1514 5360 1669 5413 terra
1695 5376 1708 5427 ;
1741 5373 1852 5415 nec
1881 5375 2004 5417 non
2034 5358 2153 5417 veli

488 5459 559 5501 ac
599 5449 910 5516 petrarum
960 5443 1189 5515 scissio,
1217 5448 1276 5502 et
1321 5451 1857 5505 monumentorum
1899 5449 2150 5523 apertio,

488 5531 751 5604 denique
799 5533 1181 5588 mortuorum
1229 5534 1608 5605 resurrectio,
1657 5539 1715 5593 et
1769 5552 2152 5610 quaecunque

490 5620 568 5677 ad
599 5618 825 5676 inferos
856 5618 1233 5679 descendens
1265 5623 1538 5683 Salvator
1566 5624 1722 5686 fecit.

2267 1874 2574 1945 ἐκινδύνευε,
2625 1886 2737 1940 πῶς
2786 1875 3007 1932 δυνατόν
3058 1899 3204 1942 τινας
3259 1886 3360 1931 τῶν
3414 1887 3504 1932 νῦν
3554 1884 3738 1949 ὄντων,
3808 1885 3892 1954 μὴ

2265 1974 2357 2027 τῆς
2414 1969 2789 2040 προσηκούσης
2861 1970 3000 2029 θείας
3065 1967 3360 2031 ἐπισκοπῆς
3423 1974 3514 2022 καὶ
3579 1968 3895 2042 ἐπιμελείας

2265 2057 2641 2128 τυγχάνοντας,
2702 2059 2834 2131 πρός
2892 2064 3127 2110 τοιοῦτον
3187 2062 3258 2130 μὴ
3318 2065 3627 2111 καταπεσεῖν
3698 2057 3893 2132 βάρα-

2269 2146 2427 2220 θρον;
2475 2149 2619 2207 Τινὲς
2663 2142 2721 2199 δὲ
2759 2145 2998 2218 λέγουσιν
3048 2149 3113 2208 ὡς
3160 2150 3319 2200 τύπον
3369 2151 3534 2223 φέρειν
3576 2150 3699 2211 τούς
3742 2150 3893 2201 ὑπο-

2267 2230 2542 2295 διακόνους
2588 2243 2678 2295 τῆς
2731 2244 2951 2307 νομικῆς
2998 2232 3201 2310 ῥάϐδου
3259 2245 3350 2297 τῆς
3406 2234 3890 2312 ἐγκεχειρισμένης

2264 2329 2376 2385 τοῖς
2413 2326 2471 2375 τό
2503 2326 2705 2396 Πάσχα
2734 2323 2895 2377 ἐκεῖνο
2940 2323 3180 2378 ἐσθίουσι
3207 2347 3219 2360 ·
3264 2322 3407 2378 διότι
3443 2334 3545 2378 τῶν
3583 2322 3892 2380 ὑποδιακό-

2264 2432 2361 2463 νων
2410 2412 2588 2475 ἔξωθεν
2635 2412 2985 2466 ἀπαιτούντων
3037 2418 3161 2476 τοὺς
3215 2417 3457 2481 πιστοὺς,
3498 2418 3593 2473 τὴν
3642 2416 3735 2468 ὑπ’
3784 2416 3890 2468 αύ-

2264 2508 2364 2552 τῶν
2404 2499 2682 2575 ἀταραξίαν
2730 2506 2918 2555 ὡσανεὶ
2964 2502 3125 2576 βάσιν
3169 2506 3371 2576 ἔχοντες
3414 2500 3561 2556 ἔνδον
3608 2505 3658 2556 οἱ
3702 2507 3887 2579 ἱερεῖς,

2266 2588 2547 2663 ἀταράχως
2585 2600 2685 2643 τῶν
2732 2594 2877 2644 θείων
2921 2597 3228 2668 μυστηρίων
3267 2592 3751 2666 μεταλαμϐάνουσι.

2335 2679 2414 2752 κγ’
2452 2685 2515 2734 Τί
2564 2677 2616 2733 δ’
2663 2682 2725 2733 οἶν
2774 2702 2854 2744 τις
2902 2685 3037 2735 εἴποι
3082 2687 3201 2758 περὶ
3247 2691 3347 2735 τῶν
3398 2685 3543 2736 θείων
3591 2681 3879 2760 ῥιπιδίων,

2265 2768 2385 2842 ἄρτι
2428 2767 2893 2845 ἐγκεχειρισμένων
2948 2778 3059 2835 τοῖς
3098 2769 3385 2839 διακόνοις,
3435 2778 3524 2826 καὶ
3573 2771 3655 2824 ὑπ’
3690 2772 3875 2825 αὐτῶν

2267 2863 2617 2931 στρεφομένων
2683 2858 2852 2912 ἐπάνω
2917 2869 3017 2912 τῶν
3084 2861 3286 2933 ἁγίων,
3354 2864 3420 2923 ὡς
3485 2860 3533 2914 ἓν
3601 2860 3875 2932 ἐκπλήξει,

2264 2947 2400 3021 ἄχρι
2430 2947 2856 3024 συμπληρώσεως
2887 2949 2961 3013 εἰς
3002 2953 3082 3019 τό,
3113 2973 3141 3001 ‹‹
3176 2950 3529 3024 Κατάπεμψον
3567 2954 3626 3004 16
3658 2955 3882 3025 Πνεῦμά

2268 3054 2362 3088 σου
2405 3039 2463 3089 16
2511 3037 2660 3109 οἶγιον
2705 3037 2780 3111 ἐφ’
2826 3041 2967 3111 ἡμᾶς
3004 3044 3095 3092 καὶ
3134 3039 3219 3093 ἐπὶ
3261 3042 3328 3094 τὰ
3368 3044 3680 3114 προκείμενα
3722 3038 3880 3118 δῶρα

2197 3152 2237 3208 C
2264 3133 2449 3191 ταῦτα,
2498 3147 2527 3177 »
2581 3135 2677 3188 τῆς
2725 3126 2990 3181 θεολέκτου
3036 3138 3393 3204 προσευχῆς;
3452 3129 3725 3204 Τολμηρόν

2264 3210 2351 3267 οὖν
2398 3217 2456 3267 τό
2502 3219 2620 3291 περὶ
2679 3218 2876 3269 τούτων
2924 3219 3243 3290 φθέγγεσθαι
3291 3222 3402 3271 ἔτι·
3461 3216 3571 3272 ἓπεὶ
3620 3215 3675 3273 δ’
3730 3220 3878 3283 ἅπαξ

2262 3303 2539 3377 ύπείξαμεν
2588 3312 2651 3377 τῇ
2702 3304 2871 3377 ἐντολῇ
2922 3312 3016 3358 τοῦ
3073 3305 3427 3376 κελεύσαντος,
3462 3311 3579 3382 φέρε
3617 3314 3709 3361 καὶ
3750 3313 3872 3384 περὶ

2262 3394 2456 3445 τούτων
2483 3396 2721 3466 εἴπωμεν,
2757 3390 3004 3458 διδόντος
3043 3404 3176 3449 Θεοῦ
3200 3414 3212 3429 ⁸
3255 3397 3301 3449 εἰ
3332 3399 3423 3467 μεν
3450 3401 3535 3449 καὶ
3568 3405 3675 3459 τοῖς
3700 3396 3876 3459 ἄλλοις

2264 3477 2444 3548 δατὰ,
2474 3489 2545 3553 τῷ
2599 3490 2713 3536 Θεῶ
2759 3485 2922 3558 χάρις
2938 3502 2956 3517 -·
2991 3484 3049 3537 ού
3083 3486 3185 3561 γὰρ
3218 3488 3386 3544 πάντη
3427 3485 3597 3557 ψεκτά
3627 3483 3681 3539 εὖ
3718 3483 3871 3555 οἶδα,

2262 3567 2377 3623 οὐδ’
2418 3570 2513 3634 ἔξω
2551 3579 2651 3623 τῶν
2683 3568 2958 3645 δογμάτων
2988 3581 3079 3635 τῆς
3115 3582 3214 3626 τῶν
3258 3582 3591 3650 Χριστιανῶν
3616 3579 3866 3636 πίστεως.

2264 3662 2431 3732 Φαμὲν
2473 3656 2561 3712 οὖν
2606 3661 2669 3722 ὡς
2716 3664 2937 3716 πάντοτε
2982 3666 3072 3736 μὲν
3112 3660 3450 3727 ἀδιαστάτως
3498 3672 3732 3739 παρῆσαν
3771 3668 3871 3717 καὶ

2263 3745 2511 3822 δυνάμεις
2563 3750 2801 3824 οὐράνιαι
2847 3759 2920 3822 τῷ
2978 3757 3210 3825 Δεσπότῃ
3275 3760 3533 3827 Χριστῷ,
3592 3753 3875 3826 ἐξαιρέτως

2264 3834 2323 3891 δε
2375 3837 2423 3890 ἓν
2475 3846 2537 3912 τῇ
2596 3844 2744 3892 νυκτὶ
2801 3842 2966 3914 ταύτῃ
3117 3837 3411 3914 παρεδόθη.
3471 3839 3639 3897 Αὖται
3694 3847 3874 3895 τοίνυν

2263 3929 2463 4002 ὁρῶσαι
2490 3932 2583 3986 τὴν
2611 3932 2744 4002 πρὸς
2776 3930 3013 4001 Καϊάφαν
3053 3927 3361 4002 ἀπαγωγὴν,
3392 3935 3487 3989 τὴν
3515 3934 3646 4007 πρός
3680 3930 3873 3985 ’Ἄνναν

2260 4020 2617 4093 παράστασιν,
2661 4019 2751 4079 τὰς
2797 4014 3278 4095 ψευδομαρτυρίας,
3320 4022 3387 4073 τὰ
3427 4021 3759 4096 ῥαπίσματα,
3808 4024 3877 4074 τὰ

2263 4104 2628 4179 ἕμπτύσματα,
2685 4108 2753 4159 τά
2807 4106 3193 4181 κολαφίσματα,
3262 4111 3357 4166 τὴν
3414 4108 3610 4181 χλεύην
3674 4111 3877 4169 ἐκείνην

2263 4202 2362 4247 τῶν
2408 4191 2706 4265 Ἰουδαίων,
2734 4203 2833 4248 τῶν
2880 4204 3214 4271 στρατιωτῶν
3253 4201 3490 4251 κόκκινον
3529 4193 3749 4271 ἔνδυμα,
3784 4203 3876 4253 τὸν

2263 4281 2318 4346 ἐξ
2351 4281 2585 4336 ἀκανθῶν
2624 4288 2891 4357 στέφανον,
2922 4288 3015 4348 τὰς
3045 4288 3177 4358 μετὰ
3202 4286 3424 4358 γέλωτος
3451 4292 3870 4361 προσκυνήσεις,

2263 4371 2424 4425 τᾶλλα
2476 4374 2647 4426 πάντα
2698 4375 2801 4427 ὅσα
2852 4375 2882 4433 ἡ
2939 4382 3039 4426 τῶν
3100 4377 3246 4428 θείων
3293 4375 3616 4448 Εύαγγελίων
3673 4378 3879 4453 ἱστορεῖ

2265 4457 2423 4533 διήγη
2435 4481 2537 4525 σις.
2564 4465 2652 4515 καὶ
2681 4464 2783 4516 ὅσα
2820 4460 2915 4516 διὰ
2941 4466 3001 4516 16
3030 4462 3229 4526 πλῆθος
3271 4466 3395 4526 ἴσως
3422 4464 3749 4540 παρέλειψεν,
3800 4465 3875 4539 ἐφ’

2264 4549 2469 4623 ἑκάστῳ
2522 4559 2622 4603 τῶν
2679 4555 2958 4624 γινομένων
3028 4548 3382 4626 διαποροῦσαι
3437 4558 3528 4606 καὶ
3584 4552 3875 4612 ἐκπληττό-

2263 4659 2411 4713 μεναι
2454 4647 2547 4702 τῆς
2594 4641 2958 4714 μακροθυμίας
2996 4644 3055 4693 16
3102 4643 3336 4714 μέγεθος,
3369 4641 3733 4695 καλύπτουσαι
3774 4647 3878 4707 τὰς

2264 4728 2459 4782 ἑαυτῶν
2499 4729 2663 4801 ὄψεις,
2694 4728 3070 4804 ἀπεστρέφοντο
3089 4746 3106 4765 ο
3137 4736 3228 4784 καὶ
3253 4731 3406 4785 πάλιν
3433 4736 3528 4791 τὴν
3560 4728 3877 4787 δεσποτείαν

2263 4813 2593 4891 αἰδούμεναι,
2626 4818 3061 4892 ἀνθυπέστρεφον.
3090 4826 3255 4873 Τοῦτο
3286 4816 3347 4873 δε
3377 4818 3583 4873 ἐποίουν
3612 4821 3749 4893 ἄχρι
3776 4830 3878 4883 τῆς

2262 4906 2346 4961 ἐπι
2387 4914 2616 4983 σταυροῦ
2654 4906 2966 4979 ἀιιυιζιώσεως
2991 4925 3005 4938 ·
3035 4908 3176 4972 τέλος
3214 4911 3316 4982 γὰρ
3353 4917 3453 4961 τῶν
3490 4916 3581 4962 τοῦ
3630 4913 3878 4983 σώματος

2260 4998 2439 5050 παθῶν
2469 5017 2559 5050 και
2586 5005 2682 5059 τῆς
2711 4995 2796 5049 ἔπι
2822 5000 3023 5059 τούτοις
3048 4998 3317 5070 αἰσχύνης
3346 5000 3373 5051 ό
3405 5001 3630 5073 σταυρὸς
3658 5003 3872 5072 γέγονε⁹

2263 5088 2318 5149 ὃς
2366 5083 2497 5151 δόξα
2539 5085 2730 5161 μᾶλλον
2773 5107 2864 5139 και
2907 5087 3002 5139 οὐκ
3050 5087 3285 5160 αἰσχύνη
3319 5107 3332 5119 ·
3382 5087 3526 5164 ἀρχὴ
3571 5090 3672 5163 γὰρ
3721 5088 3878 5151 οὗτος

2260 5184 2361 5229 τῶν
2412 5174 2673 5250 ἐνεργειῶν
2716 5196 2806 5229 και
2858 5173 3126 5251 δυνάμεων
3174 5185 3265 5239 τῆς
3319 5179 3591 5240 θεότητος·
3643 5176 3875 5232 ἐντεῦθεν

2260 5269 2359 5343 γὰρ
2401 5267 2426 5319 ό
2463 5270 2718 5339 κοσμικὸς
2747 5265 2933 5329 ἐκεῖνος
2969 5269 3186 5340 σεισμὸς
3224 5288 3314 5320 και
3342 5270 3401 5320 τὸ
3431 5272 3649 5343 τρίωρον
3681 5272 3876 5330 σκότος

2261 5354 2345 5409 ἐπι
2375 5362 2551 5410 πᾶσαν
2591 5360 2684 5415 τὴν
2713 5365 2835 5428 γῆν,
2868 5358 2897 5416 ἦ
2939 5376 2994 5409 τε
3023 5363 3115 5409 τοῦ
3144 5360 3612 5431 καταπετάσματος
3647 5376 3742 5409 και
3770 5366 3875 5410 τῶν

2260 5453 2456 5520 πετρῶν
2487 5441 2523 5498 δ
2529 5445 2784 5521 ιάρῥηξις,
2812 5465 2902 5499 και
2943 5447 2972 5505 ἡ
3007 5453 3107 5498 τῶν
3151 5446 3436 5520 μνημάτων
3476 5444 3722 5509 ἐξάνοιξις
3745 5461 3759 5475 ⁸
3794 5449 3874 5499 ἔτι

2260 5555 2321 5608 γε
2366 5540 2469 5609 μὴν
2511 5537 2551 5595 ἡ-
2592 5555 2690 5589 των
2733 5543 2923 5611 νεκρῶν
2971 5534 3279 5601 ἀνάστασις,
3329 5556 3420 5589 και
3466 5536 3567 5589 ὅσα
3624 5533 3673 5588 ἓν
3730 5531 3867 5607 ᾆδον

2260 5625 2517 5681 κατελθὼν
2547 5627 2574 5679 ό
2604 5630 2780 5703 Σωτὴρ
2810 5626 3115 5701 εἰργάσατο.
