4134 6388
215 342 331 412 440

1445 349 1935 410 COMMENTATIO
1973 342 2370 410 LITURGICA.

3499 355 3609 412 450

290 473 399 534 κδ’.
443 479 548 531 Καὶ
576 473 675 530 διὰ
708 481 865 530 τοῦτο
906 473 1031 551 παρ’
1061 473 1202 546 αύτῷ
1260 475 1401 547 τόπῳ
1437 482 1536 540 τῆς
1592 481 1832 552 σταυρώ-

2013 479 2107 534 24.
2130 477 2455 549 Propterea
2478 475 2804 547 postquam
2848 474 2930 532 ad
2965 474 3374 534 cruxiﬁxionis
3400 476 3607 536 locum

220 585 355 628 σεως
416 569 673 639 γενομένῳ
709 572 784 637 τῷ
840 571 1059 639 Χριστῷ
1122 565 1190 617 τά
1234 570 1332 625 τῆς
1394 562 1683 629 ἐκπλήξεως
1742 570 1835 620 καὶ

219 662 323 709 τοῦ
378 657 634 729 θαύματος
677 651 797 714 εἴδη
849 655 906 708 αἱ
965 655 1098 707 θεῖαι
1156 649 1406 727 δυνάμεις
1452 651 1716 714 ἀπέθεντο.
1748 656 1838 719 Εἰς

223 749 463 819 μίμησιν
498 741 586 798 οὖν
622 745 846 813 ἐκείνων,
888 744 953 804 ὡς
1009 746 1232 818 εἴρηται,
1276 745 1588 818 στρέφουσιν
1626 746 1677 798 οἱ
1709 740 1835 798 διά-

225 852 379 887 κονοι
436 836 505 886 τὰ
556 835 664 886 θεῖα
696 827 934 907 ῥιπίδια.
1002 829 1285 885 Κάντεῦθεν
1325 828 1483 890 δῆλον
1522 833 1588 894 ὡς
1624 834 1689 886 τά
1734 835 1836 907 πρὸ

220 930 326 976 τοῦ
370 930 596 996 σταυροῦ
620 924 792 975 πάντα
842 917 986 975 ὁνείδ
990 941 1044 992 η,
1067 922 1123 974 αἰ
1150 920 1503 993 χλευαστικαὶ
1531 927 1703 995 τιμαὶ,
1746 927 1836 976 καὶ

216 1014 278 1065 οἱ
316 1012 685 1084 κατα-γέλωτες,
729 1010 903 1064 πλεῖον
965 1014 1189 1070 ἣπτοντο
1227 1018 1320 1063 τοῦ
1365 1013 1688 1085 πάσχοντος,
1730 1014 1833 1065 ὧσ-

214 1120 322 1176 περ
363 1105 454 1154 καὶ
491 1108 589 1153 τῶν
624 1108 813 1174 νοερῶν
873 1104 965 1153 καὶ
1029 1101 1174 1153 θείων
1216 1096 1501 1172 δυνάμεων.
1546 1099 1690 1154 Ἐπεὶ
1748 1098 1836 1153 οὖν

217 1191 250 1242 ὁ
308 1198 479 1243 ταῦτα
553 1192 803 1261 πάσχων,
863 1190 1130 1263 ἅνθρωπος
1183 1193 1251 1240 ὧν
1306 1189 1513 1259 τελειος,
1552 1195 1642 1242 καὶ
1708 1193 1836 1251 Θεὸς

204 1279 415 1351 ὁμοίως
470 1277 662 1341 τέλειος
699 1275 798 1349 ἧν,
842 1277 892 1331 ἐν
948 1284 1049 1351 μιᾷ
1086 1279 1374 1332 ὑποστάσει
1405 1281 1497 1340 τάς
1537 1275 1635 1331 δύο
1675 1283 1834 1353 φέρων

207 1369 404 1440 φύσεις
436 1409 453 1433 ,
495 1365 859 1441 ἀσυγχύτους,
931 1366 1234 1443 ἀτρέπτους,
1268 1366 1642 1430 ἀναλλοιωτους
1664 1409 1678 1435 ,
1744 1376 1834 1428 τῆς

205 1459 307 1529 μἐν
364 1455 697 1533 ἀνθρωπίνης
745 1460 812 1511 τὰ
868 1459 1012 1516 πάθη
1067 1459 1447 1531 ὑφισταμένης,
1505 1465 1597 1519 τῆς
1661 1459 1837 1517 θεότη-

202 1563 304 1608 τος
346 1541 412 1599 δε
449 1545 683 1608 ἀπαθοῦς
719 1550 1038 1622 τηρουμένης
1081 1567 1094 1580 ·
1143 1552 1233 1600 καὶ
1283 1549 1421 1599 κατά
1456 1554 1611 1600 τοῦτο
1649 1552 1740 1600 καὶ
1787 1548 1836 1600 οἱ

201 1637 426 1707 μύσται
461 1643 557 1697 τῆς
598 1640 864 1711 σωτηρίας
917 1637 1062 1709 ἡμῶν
1114 1640 1205 1689 καὶ
1242 1637 1292 1688 οἱ
1329 1641 1674 1710 μυσταγωγοὶ
1710 1640 1834 1690 ποτε

198 1727 300 1797 μὲν
366 1728 465 1783 τὴν
537 1720 636 1777 διὰ
694 1726 898 1786 πάθους
963 1724 1262 1798 οἰκονομίαν
1321 1730 1411 1778 καὶ
1471 1727 1836 1800 μακροθυμίαν

199 1811 447 1885 ὑμνοῦσι
484 1829 499 1842 ⁸

207 1906 394 1973 ουσίῳ
429 1904 584 1974 φύσει
616 1906 712 1961 τήν
754 1897 1063 1975 δοξολογίαν
1110 1906 1520 1979 προσφέρουσιν,
1548 1905 1617 1965 ὡς
1646 1902 1699 1967 ἐξ
1737 1903 1835 1957 αύ-

211 2000 321 2043 τῶν
380 1989 648 2065 χερουϐὶμ
704 1995 796 2044 καὶ
860 2000 962 2045 τῶν
1021 1997 1249 2068 σεραφὶμ
1316 1988 1705 2065 ἀποδιδομένην
1745 1992 1840 2046 αύο

204 2086 281 2152 τῷ
326 2100 342 2114 ⁸
384 2080 459 2144 εἰς
497 2087 654 2133 τοῦτο
691 2082 795 2157 γὰρ
836 2077 1024 2154 ὁδηγεῖ
1084 2083 1221 2155 ἡμᾶς
1277 2083 1307 2140 ἡ
1373 2081 1602 2154 Μγουσα
1672 2080 1834 2155 ἐκφω-

205 2188 368 2231 νησις
404 2172 494 2223 τὸν
543 2168 798 2223 ἐπινίκιον
837 2170 996 2243 ύμνον
1029 2191 1043 2205 ο
1073 2166 1156 2224 δεῖ
1190 2172 1293 2244 γάρ
1332 2171 1468 2243 ἡμᾶς
1516 2167 1835 2245 ἀναδραμεῖν

211 2256 333 2311 ὅθεν
381 2256 644 2332 ἐξέϐημεν.

288 2362 379 2421 κε’.
422 2367 557 2441 Πρὸς
611 2361 671 2419 δε
708 2368 800 2418 καὶ
847 2364 875 2417 ό
912 2366 1047 2437 μετά
1093 2369 1189 2424 τὴν
1237 2364 1526 2439 ἐκφωνησιν
1564 2368 1836 2442 τρισάγιος

219 2454 382 2526 ὕμνος
414 2468 429 2484 ο
460 2455 646 2507 τούτου
689 2450 750 2507 δὲ
773 2450 1031 2526 ᾀδομένου
1055 2495 1070 2523 ,
1112 2455 1143 2513 ἡ
1173 2453 1306 2527 εὐχὴ
1363 2454 1593 2527 μάλιστα
1616 2458 1706 2528 μεν
1743 2463 1834 2509 τοῦ

216 2542 451 2615 μεγάλου
512 2542 805 2612 Βασιλείου,
860 2540 991 2596 ἀλλά
1049 2547 1140 2596 καὶ
1188 2550 1279 2597 τοῦ
1347 2545 1484 2597 θείου
1524 2548 1832 2618 Χρυσοστό-

219 2651 349 2705 μου,
405 2629 508 2684 ἀπὸ
549 2640 645 2695 τῆς
709 2633 851 2694 θείας
903 2630 1171 2707 ἀρχομένη
1214 2634 1414 2705 φύσεως
1453 2633 1526 2696 εἰς
1562 2638 1657 2693 τὴν
1698 2636 1833 2709 σάρ-

213 2739 385 2774 κωσιν
423 2722 629 2773 κάτεισι
653 2764 668 2788 ,
728 2724 820 2773 καὶ
856 2725 1033 2774 πᾶσαν
1080 2726 1174 2780 τὴν
1226 2727 1479 2795 σωτήριον
1534 2722 1832 2796 οἰκονομίαν

215 2806 681 2885 διαγορεύσαντες,
723 2808 1015 2881 ἐκφωνοῦσι
1076 2814 1160 2879 τό,
1205 2832 1235 2860 ‹‹
1276 2810 1495 2880 Λάϐετε,
1544 2813 1749 2884 φάγετε.
1800 2833 1830 2862 ››

218 2904 460 2957 Ζήτησιν
499 2899 589 2952 οὖν
629 2917 744 2952 τινα
780 2894 930 2953 δοκεῖ
971 2902 1114 2973 ἔχειν
1152 2901 1184 2958 ἡ
1225 2899 1451 2972 ἔλλειψις
1500 2907 1592 2953 τοῦ
1638 2922 1667 2951 ‹‹
1702 2903 1834 2954 πάν-

220 3006 330 3055 τες,
366 3010 398 3038 η
438 2987 488 3041 ἐν
548 2994 624 3058 τῷ
669 3010 692 3038 ι
732 2987 947 3057 Λάϐετε,
997 2990 1183 3062 φάγετε
1214 3010 1228 3023 ο
1264 3010 1292 3039 ››
1323 2994 1415 3043 καὶ
1474 2990 1626 3051 αὖθις
1671 2990 1719 3043 ἐν
1756 2997 1830 3062 τῷ

219 3098 253 3130 κ
295 3081 451 3131 Πίετε
481 3076 537 3141 ἐξ
564 3076 721 3131 αὐτοῦ
763 3080 974 3147 πάντες,
1020 3100 1049 3129 ››
1092 3081 1394 3155 προσθήκη.
1426 3082 1594 3153 Φαμὲν
1624 3087 1713 3133 οῦν
1751 3081 1832 3134 ὃτι

549 1814 677 1866 ποτε
716 1809 777 1866 δε
817 1815 1069 1888 θεοπρεπῆ
1126 1818 1217 1867 καὶ
1282 1815 1515 1887 καθαρὰν
1569 1822 1631 1887 τῇ
1685 1816 1838 1891 ὑπερ·
1868 1834 1915 1891 Β

1946 565 2207 623 Christus
2226 563 2520 638 pervenit,
2570 567 2880 638 stuporem
2918 569 2975 621 et
3000 564 3465 624 admirationem
3490 584 3606 624 cae-

1942 654 2119 712 lestes
2167 653 2281 710 illae
2333 656 2659 727 potestates
2714 658 3137 726 seposuerunt.
3161 654 3403 713 Illorum
3461 672 3605 729 ergo

1943 743 2297 812 imitatione,
2328 742 2414 800 uti
2465 742 2696 800 dictum
2747 746 2858 811 est,
2891 742 3121 814 agitant
3165 744 3406 803 diaconi
3435 761 3607 805 sacra

1942 831 2294 891 ventilabra.
2340 833 2536 905 Atque
2590 830 2733 888 hinc
2786 829 3166 904 exploratum
3223 836 3349 904 est,
3391 838 3607 892 cuncta

1944 927 2083 979 ante
2111 936 2351 978 crucem
2396 919 2744 993 opprobria,
2777 919 3105 979 derisorios
3144 920 3427 988 honores,
3455 920 3606 977 ludi~

1942 1010 2095 1079 bria,
2129 1009 2324 1081 magis
2357 1009 2627 1065 affecisse
2647 1009 2995 1082 patientem,
3018 1009 3284 1082 itemque
3314 1008 3608 1083 spiritales

1944 1099 2215 1157 caelestes
2278 1102 2621 1173 potestates.
2689 1098 2985 1165 Quoniam
3050 1098 3251 1170 igitur,
3312 1100 3419 1173 qui
3477 1100 3609 1156 haec

1943 1205 2161 1262 passus
2210 1193 2321 1259 est,
2345 1187 2642 1262 perfectus
2690 1187 2876 1245 homo
2919 1187 3268 1261 pariterque
3309 1188 3608 1261 perfectus

1943 1278 2099 1335 Deus
2127 1281 2273 1344 erat,
2301 1292 2427 1335 una
2463 1277 2524 1332 in
2548 1291 2809 1350 persona
2853 1277 3010 1333 duas
3063 1292 3278 1348 gerens
3334 1282 3607 1345 naturas,

1941 1367 2449 1437 inconfusas,non
2464 1366 2802 1434 mutabiles,
2819 1366 3224 1437 invariabiles;
3244 1367 3608 1439 humanam,

1943 1455 2182 1513 dolores
2231 1455 2627 1528 excipientem
2656 1471 2669 1522 ;
2701 1454 2972 1512 divinam
3023 1454 3461 1529 impassibilem
3482 1472 3608 1513 ma-

1942 1550 2186 1604 nentem
2217 1564 2230 1603 :
2258 1546 2482 1603 idcirco
2532 1544 2773 1617 mystici
2819 1544 3025 1602 salutis
3077 1549 3302 1602 nostrae
3350 1545 3608 1602 ministri

1944 1638 2002 1693 et
2021 1634 2573 1708 mystagogi,modo
2603 1634 2851 1707 quidem
2878 1634 3179 1707 passionis
3210 1634 3609 1708 dispensatio-

1942 1739 2085 1780 nem
2115 1740 2186 1780 ac
2216 1723 2594 1781 tolerantiam
2625 1722 2965 1785 celebrant;
2996 1723 3184 1780 modo
3209 1726 3330 1780 Deo
3356 1723 3607 1795 dignam

1943 1826 2284 1886 puramque
2326 1810 2896 1885 supersubstantiali
2941 1815 3173 1869 natura;
3217 1811 3608 1882 doxologiam

1944 1900 2256 1974 extollunt,
2289 1905 2585 1974 tanquam
2625 1899 2703 1957 ab
2759 1900 2910 1972 ipsis
2958 1899 3310 1957 Cherubinis
3337 1916 3410 1957 ac
3440 1902 3608 1957 Sera-

1943 1990 2148 2064 phinis
2177 1990 2231 2047 ei
2260 1989 2568 2048 tributam.
2591 1989 2681 2046 Ad
2707 1989 2826 2046 hoc
2856 1988 3018 2046 enim
3044 2005 3157 2046 nos
3183 1987 3427 2046 deducit
3452 1988 3610 2046 elata

1941 2078 2213 2154 prolatus
2235 2094 2385 2137 voce
2405 2077 2785 2152 triumphalis
2808 2078 3106 2151 hymnus;
3129 2092 3275 2136 nam
3296 2093 3411 2135 nos
3432 2093 3609 2151 opor-

1931 2172 2027 2230 .tet
2052 2168 2213 2236 illuc,
2246 2168 2410 2225 unde
2434 2166 2845 2237 discessimus,
2876 2166 3132 2239 regredi.

2013 2369 2104 2424 25.
2143 2368 2283 2424 Post
2307 2364 2475 2423 vocis
2503 2364 2711 2438 itaque
2737 2362 3102 2437 zelationem,
3124 2361 3353 2435 trisagii
3376 2361 3610 2420 canitur

1941 2455 2248 2529 hymnus;
2281 2470 2406 2528 quo
2454 2457 2715 2523 cantato,
2759 2453 2953 2510 oratio
3011 2452 3337 2526 praesertim
3395 2453 3609 2510 dicitur

1941 2543 2151 2616 magni
2206 2542 2401 2600 Basilii
2442 2544 2539 2599 vel
2586 2540 2770 2599 etiam
2797 2541 2921 2598 divi
2951 2540 3377 2613 Chrysostomi,
3407 2556 3542 2614 quae
3570 2557 3609 2599 a

1942 2632 2149 2689 divina
2172 2636 2396 2689 natura
2416 2630 2738 2688 exordiens
2767 2630 2965 2703 pergit
2991 2629 3072 2686 ad
3094 2629 3604 2687 incarnationem:

1942 2725 2254 2794 totamque
2281 2720 2606 2778 Salvatoris
2657 2718 3040 2777 cecononiam
3068 2718 3131 2775 hi
3164 2720 3360 2775 sancti
3389 2719 3607 2791 praedi-

1941 2815 2166 2876 cantes,
2200 2808 2358 2866 elata
2407 2823 2552 2865 voce
2598 2807 3020 2880 proclamant:
3058 2830 3080 2856 ι
3115 2805 3397 2878 Accipite,
3437 2822 3607 2863 man-

1939 2898 2176 2955 ducate.
2209 2919 2240 2948 ››
2263 2896 2673 2963 Ωιιωειίοηθω
2705 2894 3046 2969 quamdam
3060 2893 3303 2969 ,videtur
3339 2908 3606 2951 commo-

1938 3004 2079 3046 vere
2130 2986 2399 3044 defectus
2450 2983 2734 3044 vocabuli
2789 3005 2819 3037 κ
2869 2999 3084 3043 omnes
3111 3002 3142 3034 ν
3182 2983 3247 3040 in
3300 2982 3601 3040 dictione:

1946 3076 2310 3150 «Accipite,
2348 3075 2716 3133 manducata
2771 3091 2785 3130 :
2843 3092 2876 3129 ›
2931 3072 3320 3145 vicissimque
3376 3071 3605 3129 additio

212 3168 394 3227 ὀεττὴν
422 3169 539 3239 ἔχει
565 3171 659 3227 τὴν
696 3172 969 3241 σημασίαν
989 3170 1071 3239 τὸ,
1108 3189 1139 3219 ι(
1169 3169 1371 3241 πάντες,
1401 3170 1674 3242 ἱστορικῶς
1700 3166 1830 3243 όμοῦ

1942 3166 2218 3239 ejusdem
2269 3164 2545 3223 vocabuli
2574 3180 2595 3209 ι
2628 3179 2841 3222 omnes
2894 3185 2915 3213 ι
2971 3161 3051 3219 ad
3098 3160 3286 3218 verba
3319 3182 3333 3217 :
3369 3182 3396 3212 ι(
3426 3160 3609 3218 Bibite

207 3263 300 3312 καὶ
375 3265 745 3331 πνευματικῶς
794 3275 809 3291 ·
869 3259 1148 3336 ἱστορικῶς
1206 3261 1336 3332 μὲν,
1398 3255 1493 3311 διὰ
1544 3262 1633 3312 τόν
1688 3262 1834 3336 παρά

209 3353 308 3400 τοῦ
355 3342 626 3421 προδότου
688 3348 785 3400 κὰν
843 3354 951 3409 τοῖς
999 3351 1317 3424 μυστηρίοις
1363 3351 1607 3420 γεγενότα
1657 3344 1828 3402 δόλονο

214 3444 585 3509 πνευματικῶς
633 3432 695 3490 δί
748 3438 816 3499 ὡς
865 3436 916 3490 οἱ
979 3438 1194 3490 θεόπται
1233 3435 1516 3490 ἀπόστολοι
1565 3441 1655 3491 καὶ
1701 3439 1832 3492 θεῖυι

217 3528 460 3601 Πατέρες.
490 3522 622 3578 Εἶτα
675 3525 874 3579 λεκτέον
916 3528 979 3579 τό
1032 3530 1512 3601 πνευματικώτερον
1562 3547 1578 3562 ·
1620 3528 1831 3580 Πάντων

212 3622 314 3668 τῶν
353 3615 608 3688 μαθητῶν
633 3617 721 3667 τόν
763 3616 897 3669 θεῖον
935 3615 1093 3690 ἄρτον
1122 3616 1173 3669 ἔν
1196 3623 1311 3677 ταῖς
1339 3620 1503 3691 χερσὶ
1543 3612 1832 3689 δεξαμένων

218 3702 277 3756 ἐκ
324 3710 428 3756 τῶν
460 3711 659 3779 χειρῶν
696 3711 937 3779 Χριστοῦ
973 3710 1067 3758 τοῦ
1107 3712 1241 3759 Θεοῦ
1280 3707 1447 3778 ἡμῶν,
1481 3704 1620 3778 φόϐῳ
1649 3725 1706 3759 τε
1741 3710 1832 3759 καὶ

218 3795 401 3846 πίστει
464 3794 878 3867 μετειληφότων,
926 3797 1081 3867 μόνος
1138 3791 1342 3857 Ἰοόδας
1405 3793 1573 3847 λαϐὼν
1636 3795 1831 3868 ἔκρυψε

213 3887 428 3951 τοῦτον,
457 3887 544 3936 καὶ
600 3890 716 3947 τοῖς
766 3879 1047 3947 Ἰουδαίοις
1086 3883 1387 3956 ἑκφανίσας,
1440 3887 1498 3936 τό
1539 3889 1832 3957 μυστήριον

212 3968 569 4045 ἐξεπόμπευσε
603 3974 720 4045 (28)
754 3988 767 4002 '
815 3976 1004 4026 τούτου
1058 3975 1161 4048 γὰρ
1219 3975 1397 4044 ἕνεκα,
1433 3974 1500 4035 ὥς
1559 3992 1709 4046 φασι,
1749 3975 1826 4040 τὸ,

213 4082 246 4112 ε(
291 4061 369 4113 Ou’
407 4064 483 4133 μὴ
522 4064 622 4138 γὰρ
655 4069 769 4124 τοῖς
807 4054 1021 4136 ἐχθροῖς
1053 4081 1148 4115 σου
1187 4065 1247 4115 τὸ
1289 4066 1582 4138 μυστήριον
1610 4064 1757 4135 εἴπω,
1800 4083 1828 4113 ››

208 4154 528 4226 πρόσκειται
547 4150 684 4222 [τῷ,]
704 4170 736 4205 ‹
764 4150 883 4205 Ἐπι
909 4159 1005 4205 τοῦ
1022 4147 1235 4204 δείπνου
1266 4169 1361 4204 σου
1380 4158 1472 4204 τοῦ
1496 4158 1778 4224 μυστικοῦ.
1804 4174 1825 4202 ι

202 4244 271 4294 Τό
329 4244 521 4314 μέντοι
576 4242 710 4293 θεῖον
768 4239 902 4312 αἷμα
957 4243 1027 4302 ὡς
1076 4239 1131 4304 ἐξ
1178 4239 1287 4303 ἐνὸς
1330 4244 1585 4316 ποτηρίου
1627 4239 1832 4313 χείλεσι

204 4329 414 4383 πάντων
483 4349 580 4382 και
648 4334 880 4404 στόμασι
961 4327 1261 4403 δεχομένων
1290 4373 1308 4397 ,
1370 4328 1673 4403 ἀποκρύψαι
1737 4330 1831 4383 οὐκ

206 4416 457 4480 ἠδυνήθη
492 4420 520 4473 ό
562 4415 737 4483 δόλιος
770 4463 784 4488 ,
843 4418 953 4474 ἀλλ’
998 4420 1080 4474 ἐπ’
1120 4423 1242 4482 ἴσης
1294 4427 1405 4482 τοῖς
1442 4420 1616 4483 ἄλλοις
1665 4440 1829 4494 μετα-

209 4506 423 4578 λαϐὼν,
482 4511 624 4562 ἔπιεν
659 4528 673 4543 ·
705 4512 827 4584 ὅπερ
886 4504 1040 4572 εἰδὼς
1081 4509 1108 4560 ό
1164 4510 1337 4562 πάντα
1391 4513 1513 4583 πρὶν
1588 4511 1832 4581 γενέσθαι

217 4593 563 4671 ἕπιστάμιτος
608 4600 794 4673 Κύριος
823 4642 838 4669 ,
882 4598 967 4652 ἐπι
1141 4605 1232 4652 τοῦ
1283 4599 1445 4672 ἄρτου
1493 4601 1550 4652 τό
1574 4641 1590 4668 ,
1635 4621 1657 4649 ε
1693 4600 1829 4652 πάν-

216 4704 324 4757 τες,
355 4708 388 4737 η
414 4684 747 4764 παρέδραμεν
779 4710 792 4723 ·
825 4688 909 4742 ἐπι
960 4684 1020 4742 δὲ
1078 4694 1171 4742 τοῦ
1233 4693 1522 4763 ποτηρίου,
1565 4691 1633 4751 ὡς
1670 4709 1830 4762 μετα-

216 4773 519 4849 ληψομίνου
564 4798 656 4831 και
699 4784 791 4832 τοῦ
845 4774 1064 4845 Ἰούδα,
1122 4779 1477 4852 προστίθεικε.
1530 4784 1631 4832 Kal
1676 4786 1831 4833 τοῦτο

221 4869 314 4938 μὲν
338 4866 505 4929 οὕτως
530 4871 754 4944 εἷρηται,

306 5248 393 5318 28)
435 5242 704 5318 Quiquid
729 5242 807 5300 sit
832 5242 907 5318 de
935 5242 1055 5299 hac
1078 5240 1367 5299 Theodori
1398 5240 1832 5318 opinione,_aut

202 5313 817 5390 vulgaritraditione,
833 5314 993 5390 circa
1018 5328 1258 5390 sacrum
1284 5313 1583 5390 arcanum
1609 5313 1831 5390 ludaais

209 5385 513 5445 abs'Juda
542 5385 898 5459 revelatum,
923 5386 1127 5459 ipsum
1157 5385 1401 5459 quidem
1433 5385 1829 5459 participasse

215 5472 356 5514 cum
368 5460 604 5531 caeteris
620 5455 1027 5531 myste_ria,éit
1041 5455 1222 5531 etiam
1239 5455 1830 5531 Petrus—Laodicenus

218 5530 387 5600 apud
420 5547 533 5589 nos
561 5547 623 5604 p.
660 5527 784 5587 5'44.
808 5529 955 5604 Item
994 5528 1049 5584 S.
1084 5528 1290 5584 Petrus
1315 5527 1615 5604 Damiani,
1644 5543 1829 5604 quem

218 5598 405 5673 supra
422 5598 771 5672 citavimus,
802 5600 883 5658 ad
921 5614 1222 5673 canonem
1245 5598 1446 5673 missas
1472 5602 1593 5673 n._6
1619 5618 1630 5673 ;
1657 5598 1832 5673 Solet

213 5669 427 5747 inquit,
451 5669 819 5735 dubitarian
841 5672 1035 5733 Judas
1057 5671 1369 5744 acceperit,
1387 5669 1550 5744 quod
1567 5670 1827 5744 videtur,

1941 3271 2015 3313 ex
2040 3271 2132 3313 eo.
2166 3276 2195 3306 »
2227 3254 2492 3311 Dicimus
2543 3268 2687 3325 ergo
2742 3251 3051 3325 duplicem
3101 3249 3328 3308 habere
3382 3248 3606 3320 signiﬁ-

1941 3349 2146 3402 catum
2173 3359 2376 3402 omnes
2408 3358 2423 3400 :
2449 3356 2672 3415 nempe
2697 3341 2816 3398 dici
2839 3340 3120 3398 historice
3147 3355 3218 3396 ac
3246 3337 3605 3413 spiritaliter.

1940 3433 2224 3492 Historice
2289 3432 2559 3507 quidem,
2606 3434 2853 3505 propter
2892 3428 3219 3504 proditoris
3273 3428 3429 3485 inter
3476 3426 3609 3484 haec

1938 3524 2077 3597 ipsa
2119 3522 2412 3595 mysteria
2468 3520 2716 3578 dolum:
2748 3519 3092 3592 spiritaliter
3149 3531 3328 3589 vero,
3383 3519 3451 3572 ut
3505 3515 3610 3572 Dei

1942 3615 2313 3685 spectatores
2377 3608 2657 3683 apostoli,
2711 3606 2955 3680 divique
3010 3609 3232 3663 Patres.
3296 3607 3607 3661 Postremo

1939 3699 2268 3757 dicendum
2314 3698 2379 3754 id
2428 3695 2598 3770 quod
2646 3694 2951 3769 praecipue
2997 3692 3261 3767 spiritale
3317 3695 3424 3748 est.
3454 3693 3607 3747 Cum

1940 3804 2153 3848 omnes
2208 3786 2487 3860 discipuli
2534 3785 2811 3841 divinum
2838 3799 3065 3857 panem
3104 3783 3167 3839 in
3214 3796 3435 3839 manus
3464 3795 3608 3837 suas

1938 3878 2304 3951 recepissent
2332 3892 2370 3933 a
2396 3874 2607 3932 Christi
2657 3873 2760 3929 Dei
2810 3872 3000 3929 nostri
3047 3870 3353 3935 manibus,
3381 3874 3605 3927 etcum

1941 3968 2152 4024 timore
2182 3981 2252 4023 ac
2271 3963 2394 4022 fide
2415 3961 2994 4030 communicassent,
3028 3960 3196 4017 solus
3225 3961 3252 4016 J
3259 3959 3412 4015 udas
3435 3973 3607 4015 acce-

1939 4062 2114 4131 ptum
2162 4071 2388 4130 panem
2432 4051 2775 4118 abscondit,
2806 4051 3147 4123 Judmisque
3184 4048 3604 4118 manifestans,

1939 4146 2299 4221 mysterium
2329 4142 2678 4217 publicavit.
2704 4144 2868 4198 Hanc
2914 4141 2993 4197 ob
3020 4156 3294 4207 causam,
3319 4142 3386 4195 ut
3412 4138 3605 4205 aiunt,

1938 4236 2107 4305 illud,
2132 4258 2161 4288 »
2194 4239 2323 4293 Non
2376 4233 2536 4291 enim
2594 4231 2856 4289 inimicis
2916 4230 3032 4287 tuis
3074 4228 3358 4287 revelabo
3384 4233 3607 4301 myste-

1937 4326 2119 4397 rium,
2145 4347 2173 4376 »
2210 4324 2455 4382 additur
2483 4320 2682 4379 verbis
2711 4337 2725 4379 :
2760 4342 2789 4372 ‹‹
2823 4323 3013 4394 Super
3040 4318 3298 4393 mystico
3328 4322 3431 4375 tuo
3462 4333 3606 4375 con-

1938 4415 2118 4474 vivio.
2146 4435 2175 4466 »
2208 4413 2485 4470 Divinum
2536 4411 2789 4485 quidem
2836 4409 3199 4481 sanguinem
3247 4424 3322 4465 ex
3358 4423 3483 4464 uno
3511 4422 3607 4464 ca-
3688 4444 3693 4445 κ

1937 4502 2050 4562 lice
2068 4501 2247 4562 labiis
2270 4506 2328 4559 et
2350 4517 2453 4558 ore
2472 4499 2704 4557 cunctis
2725 4497 3218 4571 suscipientibus,
3249 4496 3410 4554 clam
3429 4511 3608 4567 agere

1939 4593 2212 4668 proditor
2258 4606 2383 4648 non
2428 4588 2646 4663 potuit,
2676 4588 2784 4645 sed
2831 4603 3005 4661 usque
3042 4602 3114 4644 ac
3143 4586 3339 4644 caeteri
3369 4584 3609 4659 partici-

1939 4698 2095 4757 pans
2109 4681 2279 4739 bibit.
2307 4681 2500 4746 Quam
2520 4694 2651 4734 rem
2681 4691 3079 4750 cognoscens,
3109 4676 3217 4750 qui
3241 4674 3449 4733 omnia
3469 4677 3606 4732 ante

1940 4789 2129 4848 quam
2162 4773 2313 4829 ﬁant
2343 4771 2451 4827 scit
2479 4767 2793 4837 Dominus,
2822 4768 2899 4825 de
2927 4782 3086 4841 pane
3135 4781 3344 4838 agens,
3368 4769 3608 4839 praster-

1940 4862 2103 4921 misit
2147 4886 2175 4913 ‹‹
2232 4875 2481 4919 omnes:
2518 4878 2544 4908 ›
2594 4858 2671 4915 de
2725 4857 2910 4915 calice
2969 4860 3194 4928 autem,
3223 4855 3371 4928 quia
3421 4854 3607 4912 ludas

1940 4967 2186 5028 quoque
2225 4955 2577 5024 sumpturus
2624 4952 2769 5015 erat,
2799 4945 3282 5004 additamentum
3329 4941 3606 5003 vocabuli

1938 5042 2092 5099 fecit.
2124 5045 2317 5114 Atque
2347 5040 2639 5098 hactenus
2662 5034 2737 5093 de
2765 5035 2882 5092 hoc
2912 5034 3139 5092 dictum
3164 5036 3315 5092 esto.

1941 5257 2075 5298 cum
2115 5240 2310 5297 dicat:
2334 5236 2532 5294 Bibite
2550 5250 2625 5293 ea:
2664 5234 2775 5291 hoc
2794 5248 3011 5290 omnes.
3036 5232 3148 5290 Sed
3169 5232 3464 5305 quarilur
3481 5245 3604 5305 qua

1941 5313 2177 5369 ratione
2196 5310 2460 5367 medicus
2476 5308 2766 5364 salutaris
2784 5306 3143 5362 medicinam
3159 5304 3342 5360 dabat
3360 5304 3599 5373 aegroto,

1942 5398 2121 5457 quam
2139 5381 2437 5457 eiscz‘ebat
2455 5377 2829 5457 mortiferam
2841 5374 2978 5457 ?Ad
3007 5377 3117 5432 hoc
3140 5377 3366 5457 scilicet
3391 5374 3597 5457 dabat,

1941 5448 2008 5509 ut
2035 5470 2138 5510 suo
2163 5454 2481 5510 doceretur
2510 5448 2970 5520 exemplo,quod
2993 5449 3270 5505 sacerdos
3292 5464 3412 5504 non
3431 5448 3601 5520 debet

1940 5526 2060 5581 ulli
2087 5526 2550 5582 communionem
2576 5519 2830 5591 negare,
2856 5521 3030 5589 cujus
3059 5521 3306 5589 crimen,
3352 5522 3464 5576 etsi
3490 5519 3604 5574 sibi

1938 5599 2015 5653 sit
2038 5608 2266 5668 notum,
2298 5610 2419 5676 ηομ
2477 5599 2675 5676 tamen
2710 5591 3034 5664 Ecclesiae;
3063 5606 3140 5651 ne
3179 5593 3343 5664 forte
3370 5606 3493 5649 non
3521 5591 3601 5648 sit

1938 5664 2260 5740 corrector,
2286 5666 2390 5726 sed
2411 5664 2705 5737 proditor.
