  <div class='ocr_page' id='page_1' title='image "/cluster/home/n/w/nwhite01/storage/ocr_20150623/140/coo.31924054870450/235.png"; bbox 0 0 4134 6392; ppageno 0'>
   <div class='ocr_carea' id='block_1_1' title="bbox 3810 347 3929 420">
    <p class='ocr_par' dir='ltr' id='par_1_1' title="bbox 3810 347 3929 420">
     <span class='ocr_line' id='line_1_1' title="bbox 3810 347 3929 420; baseline -0.008 0"><span class='ocrx_word' id='word_1_1' title='bbox 3810 347 3929 420; x_wconf 62' lang='grc' dir='ltr'><strong>ιιέὶ</strong></span> 
     </span>
    </p>
   </div>
   <div class='ocr_carea' id='block_1_2' title="bbox 2388 485 3931 559">
    <p class='ocr_par' dir='ltr' id='par_1_2' title="bbox 2388 485 3931 559">
     <span class='ocr_line' id='line_1_2' title="bbox 2388 485 3931 559; baseline -0.004 -14"><span class='ocrx_word' id='word_1_2' title='bbox 2388 492 2480 555; x_wconf 86' lang='grc' dir='ltr'>κς’.</span> <span class='ocrx_word' id='word_1_3' title='bbox 2523 498 2720 545; x_wconf 88' lang='grc' dir='ltr'>Λοιπον</span> <span class='ocrx_word' id='word_1_4' title='bbox 2780 485 2841 542; x_wconf 67' lang='grc' dir='ltr'>δὲ</span> <span class='ocrx_word' id='word_1_5' title='bbox 2894 493 2985 542; x_wconf 78' lang='grc' dir='ltr'>καὶ</span> <span class='ocrx_word' id='word_1_6' title='bbox 3043 491 3103 542; x_wconf 89' lang='grc' dir='ltr'>τὸ</span> <span class='ocrx_word' id='word_1_7' title='bbox 3155 488 3225 550; x_wconf 79' lang='grc' dir='ltr'><strong>είς</strong></span> <span class='ocrx_word' id='word_1_8' title='bbox 3288 491 3465 547; x_wconf 78' lang='grc' dir='ltr'>κοινὴν</span> <span class='ocrx_word' id='word_1_9' title='bbox 3532 485 3775 559; x_wconf 72' lang='grc' dir='ltr'>ὦφίλειαν</span> <span class='ocrx_word' id='word_1_10' title='bbox 3832 492 3931 539; x_wconf 84' lang='grc' dir='ltr'>καὶ</span> 
     </span>
    </p>
   </div>
   <div class='ocr_carea' id='block_1_3' title="bbox 2319 571 3934 652">
    <p class='ocr_par' dir='ltr' id='par_1_3' title="bbox 2319 571 3934 652">
     <span class='ocr_line' id='line_1_3' title="bbox 2319 571 3934 652; baseline -0.005 -17"><span class='ocrx_word' id='word_1_11' title='bbox 2319 578 2673 635; x_wconf 75' lang='grc' dir='ltr'><strong>διδασκαλίαν</strong></span> <span class='ocrx_word' id='word_1_12' title='bbox 2716 580 2845 652; x_wconf 85' lang='grc' dir='ltr'>μετὰ</span> <span class='ocrx_word' id='word_1_13' title='bbox 2888 585 3056 630; x_wconf 87' lang='grc' dir='ltr'>ταῦτα</span> <span class='ocrx_word' id='word_1_14' title='bbox 3106 578 3207 630; x_wconf 83' lang='grc' dir='ltr'><strong>ὑπὸ</strong></span> <span class='ocrx_word' id='word_1_15' title='bbox 3254 585 3355 629; x_wconf 83' lang='grc' dir='ltr'>τῶν</span> <span class='ocrx_word' id='word_1_16' title='bbox 3402 575 3750 649; x_wconf 76' lang='grc' dir='ltr'>μυστηπὸλων</span> <span class='ocrx_word' id='word_1_17' title='bbox 3802 571 3934 628; x_wconf 82' lang='grc' dir='ltr'>δια-</span> 
     </span>
    </p>
   </div>
   <div class='ocr_carea' id='block_1_4' title="bbox 2315 663 3931 744">
    <p class='ocr_par' dir='ltr' id='par_1_4' title="bbox 2315 663 3931 744">
     <span class='ocr_line' id='line_1_4' title="bbox 2315 663 3931 744; baseline -0.005 -20"><span class='ocrx_word' id='word_1_18' title='bbox 2315 674 2634 744; x_wconf 79' lang='grc' dir='ltr'>τυπούμενον</span> <span class='ocrx_word' id='word_1_19' title='bbox 2689 666 2988 740; x_wconf 80' lang='grc' dir='ltr'>διηγητέον.</span> <span class='ocrx_word' id='word_1_20' title='bbox 3042 666 3224 729; x_wconf 77' lang='grc' dir='ltr'>Απλῶς</span> <span class='ocrx_word' id='word_1_21' title='bbox 3273 668 3476 741; x_wconf 81' lang='grc' dir='ltr'>εἴρηται</span> <span class='ocrx_word' id='word_1_22' title='bbox 3513 668 3572 718; x_wconf 85' lang='grc' dir='ltr'><strong>τό</strong></span> <span class='ocrx_word' id='word_1_23' title='bbox 3632 686 3660 715; x_wconf 90' lang='grc'><strong>‹‹</strong></span> <span class='ocrx_word' id='word_1_24' title='bbox 3701 663 3931 731; x_wconf 81' lang='grc' dir='ltr'>Λάϐετε,</span> 
     </span>
    </p>
   </div>
   <div class='ocr_carea' id='block_1_5' title="bbox 2319 752 3934 831">
    <p class='ocr_par' dir='ltr' id='par_1_5' title="bbox 2319 752 3934 831">
     <span class='ocr_line' id='line_1_5' title="bbox 2319 752 3934 831; baseline -0.004 -20"><span class='ocrx_word' id='word_1_25' title='bbox 2319 761 2525 831; x_wconf 77' lang='grc' dir='ltr'><strong>φάγετε,</strong></span> <span class='ocrx_word' id='word_1_26' title='bbox 2563 779 2592 808; x_wconf 85' lang='grc'><strong>››</strong></span> <span class='ocrx_word' id='word_1_27' title='bbox 2648 761 2788 829; x_wconf 83' lang='grc' dir='ltr'>νόμῳ</span> <span class='ocrx_word' id='word_1_28' title='bbox 2846 752 3204 817; x_wconf 78' lang='grc' dir='ltr'><strong>διδασκαλίας</strong></span> <span class='ocrx_word' id='word_1_29' title='bbox 3245 760 3335 807; x_wconf 84' lang='grc' dir='ltr'>καὶ</span> <span class='ocrx_word' id='word_1_30' title='bbox 3391 757 3742 827; x_wconf 79' lang='grc' dir='ltr'><strong>παραινέσεως</strong></span> <span class='ocrx_word' id='word_1_31' title='bbox 3796 757 3934 826; x_wconf 84' lang='grc' dir='ltr'>πρός</span> 
     </span>
    </p>
   </div>
   <div class='ocr_carea' id='block_1_6' title="bbox 2315 843 3721 920">
    <p class='ocr_par' dir='ltr' id='par_1_6' title="bbox 2315 843 3721 920">
     <span class='ocr_line' id='line_1_6' title="bbox 2315 843 3721 920; baseline -0.003 -22"><span class='ocrx_word' id='word_1_32' title='bbox 2315 848 2515 907; x_wconf 85' lang='grc' dir='ltr'>πάντας</span> <span class='ocrx_word' id='word_1_33' title='bbox 2609 843 2913 920; x_wconf 79' lang='grc' dir='ltr'><strong>ἀνθρώπους</strong></span> <span class='ocrx_word' id='word_1_34' title='bbox 2944 887 2957 910; x_wconf 92' lang='grc'><strong>,</strong></span> <span class='ocrx_word' id='word_1_35' title='bbox 3031 849 3415 916; x_wconf 59' lang='grc' dir='ltr'>ππρικώτερεν</span> <span class='ocrx_word' id='word_1_36' title='bbox 3501 844 3721 905; x_wconf 79' lang='grc' dir='ltr'><strong>τούτους</strong></span> 
     </span>
    </p>
   </div>
   <div class='ocr_carea' id='block_1_7' title="bbox 548 354 2630 429">
    <p class='ocr_par' dir='ltr' id='par_1_7' title="bbox 548 354 2630 429">
     <span class='ocr_line' id='line_1_7' title="bbox 548 354 2630 429; baseline -0.002 -2"><span class='ocrx_word' id='word_1_37' title='bbox 548 362 653 427; x_wconf 70' lang='lat'><strong>451</strong></span> <span class='ocrx_word' id='word_1_38' title='bbox 1817 361 2171 429; x_wconf 67' lang='lat' dir='ltr'><strong>resonent</strong></span> <span class='ocrx_word' id='word_1_39' title='bbox 2208 354 2630 427; x_wconf 70' lang='lat' dir='ltr'><strong>ANDIDENSIS</strong></span> 
     </span>
    </p>
   </div>
   <div class='ocr_carea' id='block_1_8' title="bbox 623 492 2289 567">
    <p class='ocr_par' dir='ltr' id='par_1_8' title="bbox 623 492 2289 567">
     <span class='ocr_line' id='line_1_8' title="bbox 623 492 2289 567; baseline 0.001 -18"><span class='ocrx_word' id='word_1_40' title='bbox 623 499 713 550; x_wconf 81' lang='lat'><strong>26.</strong></span> <span class='ocrx_word' id='word_1_41' title='bbox 743 492 1060 566; x_wconf 84' lang='lat' dir='ltr'><strong>Reliquum</strong></span> <span class='ocrx_word' id='word_1_42' title='bbox 1086 494 1195 563; x_wconf 86' lang='lat' dir='ltr'><strong>est,</strong></span> <span class='ocrx_word' id='word_1_43' title='bbox 1225 495 1292 550; x_wconf 88' lang='lat' dir='ltr'><strong>ut</strong></span> <span class='ocrx_word' id='word_1_44' title='bbox 1317 493 1496 552; x_wconf 91' lang='lat' dir='ltr'><strong>etiam</strong></span> <span class='ocrx_word' id='word_1_45' title='bbox 1519 494 1687 567; x_wconf 89' lang='lat' dir='ltr'><strong>quod</strong></span> <span class='ocrx_word' id='word_1_46' title='bbox 1710 493 1789 552; x_wconf 90' lang='lat' dir='ltr'><strong>ad</strong></span> <span class='ocrx_word' id='word_1_47' title='bbox 1819 508 2208 551; x_wconf 85' lang='lat' dir='ltr'><strong>communem</strong></span> <span class='ocrx_word' id='word_1_48' title='bbox 2242 499 2289 551; x_wconf 77' lang='grc' dir='ltr'><strong>Α</strong></span> 
     </span>
    </p>
   </div>
   <div class='ocr_carea' id='block_1_9' title="bbox 552 582 2208 655">
    <p class='ocr_par' dir='ltr' id='par_1_9' title="bbox 552 582 2208 655">
     <span class='ocr_line' id='line_1_9' title="bbox 552 582 2208 655; baseline 0 -16"><span class='ocrx_word' id='word_1_49' title='bbox 552 583 862 639; x_wconf 77' lang='lat' dir='ltr'><strong>utilitatem</strong></span> <span class='ocrx_word' id='word_1_50' title='bbox 885 596 956 637; x_wconf 89' lang='lat' dir='ltr'><strong>ac</strong></span> <span class='ocrx_word' id='word_1_51' title='bbox 976 582 1393 652; x_wconf 82' lang='lat' dir='ltr'><strong>magisterium</strong></span> <span class='ocrx_word' id='word_1_52' title='bbox 1419 588 1631 655; x_wconf 91' lang='lat' dir='ltr'><strong>postea</strong></span> <span class='ocrx_word' id='word_1_53' title='bbox 1654 583 1890 655; x_wconf 81' lang='lat' dir='ltr'><strong>mystici</strong></span> <span class='ocrx_word' id='word_1_54' title='bbox 1919 599 2208 655; x_wconf 85' lang='lat' dir='ltr'><strong>exposue-</strong></span> 
     </span>
    </p>
   </div>
   <div class='ocr_carea' id='block_1_10' title="bbox 550 669 2205 743">
    <p class='ocr_par' dir='ltr' id='par_1_10' title="bbox 550 669 2205 743">
     <span class='ocr_line' id='line_1_10' title="bbox 550 669 2205 743; baseline -0.001 -16"><span class='ocrx_word' id='word_1_55' title='bbox 550 675 708 737; x_wconf 85' lang='lat' dir='ltr'><strong>runt,</strong></span> <span class='ocrx_word' id='word_1_56' title='bbox 757 669 1054 725; x_wconf 86' lang='lat' dir='ltr'><strong>dicamus.</strong></span> <span class='ocrx_word' id='word_1_57' title='bbox 1096 669 1381 726; x_wconf 87' lang='lat' dir='ltr'><strong>Absolute</strong></span> <span class='ocrx_word' id='word_1_58' title='bbox 1423 671 1651 727; x_wconf 88' lang='lat' dir='ltr'><strong>dictum</strong></span> <span class='ocrx_word' id='word_1_59' title='bbox 1708 676 1812 726; x_wconf 90' lang='lat' dir='ltr'><strong>est.</strong></span> <span class='ocrx_word' id='word_1_60' title='bbox 1847 693 1875 721; x_wconf 85' lang='grc'><em>‹‹</em></span> <span class='ocrx_word' id='word_1_61' title='bbox 1922 671 2205 743; x_wconf 84' lang='lat' dir='ltr'><strong>Accipite,</strong></span> 
     </span>
    </p>
   </div>
   <div class='ocr_carea' id='block_1_11' title="bbox 552 759 2210 832">
    <p class='ocr_par' dir='ltr' id='par_1_11' title="bbox 552 759 2210 832">
     <span class='ocr_line' id='line_1_11' title="bbox 552 759 2210 832; baseline -0.001 -16"><span class='ocrx_word' id='word_1_62' title='bbox 552 760 935 830; x_wconf 90' lang='lat' dir='ltr'><strong>manducate,</strong></span> <span class='ocrx_word' id='word_1_63' title='bbox 968 782 996 809; x_wconf 85' lang='lat'><strong>»</strong></span> <span class='ocrx_word' id='word_1_64' title='bbox 1030 759 1183 832; x_wconf 89' lang='lat' dir='ltr'><strong>stylo</strong></span> <span class='ocrx_word' id='word_1_65' title='bbox 1237 759 1602 817; x_wconf 89' lang='lat' dir='ltr'><strong>didascalico</strong></span> <span class='ocrx_word' id='word_1_66' title='bbox 1629 764 1687 817; x_wconf 91' lang='lat' dir='ltr'><strong>et</strong></span> <span class='ocrx_word' id='word_1_67' title='bbox 1726 761 2056 817; x_wconf 89' lang='lat' dir='ltr'><strong>hortatorio</strong></span> <span class='ocrx_word' id='word_1_68' title='bbox 2085 765 2210 816; x_wconf 87' lang='lat' dir='ltr'><strong>tan-</strong></span> 
     </span>
    </p>
   </div>
   <div class='ocr_carea' id='block_1_12' title="bbox 552 848 2210 923">
    <p class='ocr_par' dir='ltr' id='par_1_12' title="bbox 552 848 2210 923">
     <span class='ocr_line' id='line_1_12' title="bbox 552 848 2210 923; baseline -0.001 -17"><span class='ocrx_word' id='word_1_69' title='bbox 552 866 740 923; x_wconf 90' lang='lat' dir='ltr'><strong>quam</strong></span> <span class='ocrx_word' id='word_1_70' title='bbox 787 848 866 906; x_wconf 85' lang='lat' dir='ltr'><strong>ad</strong></span> <span class='ocrx_word' id='word_1_71' title='bbox 896 864 1110 905; x_wconf 88' lang='lat' dir='ltr'><strong>omnes</strong></span> <span class='ocrx_word' id='word_1_72' title='bbox 1152 849 1450 919; x_wconf 87' lang='lat' dir='ltr'><strong>homines,</strong></span> <span class='ocrx_word' id='word_1_73' title='bbox 1486 865 1641 922; x_wconf 91' lang='lat' dir='ltr'><strong>quos</strong></span> <span class='ocrx_word' id='word_1_74' title='bbox 1691 856 1945 923; x_wconf 82' lang='lat' dir='ltr'><strong>paterno</strong></span> <span class='ocrx_word' id='word_1_75' title='bbox 1990 849 2210 905; x_wconf 72' lang='lat' dir='ltr'><strong>aﬂ‘ectu</strong></span> 
     </span>
    </p>
   </div>
   <div class='ocr_carea' id='block_1_13' title="bbox 551 936 2210 1011">
    <p class='ocr_par' dir='ltr' id='par_1_13' title="bbox 551 936 2210 1011">
     <span class='ocr_line' id='line_1_13' title="bbox 551 936 2210 1011; baseline -0.001 -16"><span class='ocrx_word' id='word_1_76' title='bbox 551 940 674 995; x_wconf 91' lang='lat' dir='ltr'><strong>divi</strong></span> <span class='ocrx_word' id='word_1_77' title='bbox 720 942 916 994; x_wconf 84' lang='lat' dir='ltr'><strong>Patres</strong></span> <span class='ocrx_word' id='word_1_78' title='bbox 968 938 1391 1006; x_wconf 82' lang='lat' dir='ltr'><strong>cohortantur;</strong></span> <span class='ocrx_word' id='word_1_79' title='bbox 1427 944 1489 995; x_wconf 93' lang='lat' dir='ltr'><strong>ut</strong></span> <span class='ocrx_word' id='word_1_80' title='bbox 1530 938 1802 995; x_wconf 91' lang='lat' dir='ltr'><strong>inﬁdeles</strong></span> <span class='ocrx_word' id='word_1_81' title='bbox 1850 938 2099 1011; x_wconf 89' lang='lat' dir='ltr'><strong>quidem</strong></span> <span class='ocrx_word' id='word_1_82' title='bbox 2128 936 2210 993; x_wconf 88' lang='lat' dir='ltr'><strong>ad</strong></span> 
     </span>
    </p>
   </div>
   <div class='ocr_carea' id='block_1_14' title="bbox 551 1026 2210 1097">
    <p class='ocr_par' dir='ltr' id='par_1_14' title="bbox 551 1026 2210 1097">
     <span class='ocr_line' id='line_1_14' title="bbox 551 1026 2210 1097; baseline -0.001 -14"><span class='ocrx_word' id='word_1_83' title='bbox 551 1029 737 1084; x_wconf 90' lang='lat' dir='ltr'><strong>ﬁdem</strong></span> <span class='ocrx_word' id='word_1_84' title='bbox 758 1026 1068 1096; x_wconf 91' lang='lat' dir='ltr'><strong>accedant,</strong></span> <span class='ocrx_word' id='word_1_85' title='bbox 1093 1027 1259 1082; x_wconf 89' lang='lat' dir='ltr'><strong>haud</strong></span> <span class='ocrx_word' id='word_1_86' title='bbox 1307 1028 1365 1083; x_wconf 94' lang='lat' dir='ltr'><strong>vi</strong></span> <span class='ocrx_word' id='word_1_87' title='bbox 1404 1027 1501 1083; x_wconf 86' lang='lat' dir='ltr'><strong>vel</strong></span> <span class='ocrx_word' id='word_1_88' title='bbox 1524 1028 1873 1084; x_wconf 88' lang='lat' dir='ltr'><strong>necessitate</strong></span> <span class='ocrx_word' id='word_1_89' title='bbox 1894 1028 2077 1097; x_wconf 89' lang='lat' dir='ltr'><strong>ducti,</strong></span> <span class='ocrx_word' id='word_1_90' title='bbox 2102 1027 2210 1082; x_wconf 89' lang='lat' dir='ltr'><strong>sed</strong></span> 
     </span>
    </p>
   </div>
   <div class='ocr_carea' id='block_1_15' title="bbox 552 1116 2209 1191">
    <p class='ocr_par' dir='ltr' id='par_1_15' title="bbox 552 1116 2209 1191">
     <span class='ocr_line' id='line_1_15' title="bbox 552 1116 2209 1191; baseline -0.002 -17"><span class='ocrx_word' id='word_1_91' title='bbox 552 1117 950 1191; x_wconf 86' lang='lat' dir='ltr'><strong>persuasione</strong></span> <span class='ocrx_word' id='word_1_92' title='bbox 996 1116 1197 1187; x_wconf 85' lang='lat' dir='ltr'><strong>potius</strong></span> <span class='ocrx_word' id='word_1_93' title='bbox 1254 1119 1435 1188; x_wconf 89' lang='lat' dir='ltr'><strong>atque</strong></span> <span class='ocrx_word' id='word_1_94' title='bbox 1479 1116 1665 1173; x_wconf 91' lang='lat' dir='ltr'><strong>animi</strong></span> <span class='ocrx_word' id='word_1_95' title='bbox 1716 1116 2043 1188; x_wconf 89' lang='lat' dir='ltr'><strong>proposito,</strong></span> <span class='ocrx_word' id='word_1_96' title='bbox 2071 1131 2209 1188; x_wconf 67' lang='lat' dir='ltr'><strong>quae</strong></span> 
     </span>
    </p>
   </div>
   <div class='ocr_carea' id='block_1_16' title="bbox 554 1202 2208 1277">
    <p class='ocr_par' dir='ltr' id='par_1_16' title="bbox 554 1202 2208 1277">
     <span class='ocr_line' id='line_1_16' title="bbox 554 1202 2208 1277; baseline -0.002 -16"><span class='ocrx_word' id='word_1_97' title='bbox 554 1220 767 1277; x_wconf 88' lang='lat' dir='ltr'><strong>reapse</strong></span> <span class='ocrx_word' id='word_1_98' title='bbox 797 1208 886 1260; x_wconf 88' lang='lat' dir='ltr'><strong>est</strong></span> <span class='ocrx_word' id='word_1_99' title='bbox 905 1203 1099 1259; x_wconf 89' lang='lat' dir='ltr'><strong>cultus</strong></span> <span class='ocrx_word' id='word_1_100' title='bbox 1145 1202 1407 1272; x_wconf 76' lang='lat' dir='ltr'><strong>fideique</strong></span> <span class='ocrx_word' id='word_1_101' title='bbox 1452 1204 1571 1261; x_wconf 82' lang='lat' dir='ltr'><strong>lex.</strong></span> <span class='ocrx_word' id='word_1_102' title='bbox 1604 1205 1932 1276; x_wconf 87' lang='lat' dir='ltr'><strong>Postquam</strong></span> <span class='ocrx_word' id='word_1_103' title='bbox 1958 1220 2095 1259; x_wconf 83' lang='lat' dir='ltr'><strong>vero</strong></span> <span class='ocrx_word' id='word_1_104' title='bbox 2116 1220 2208 1259; x_wconf 91' lang='lat' dir='ltr'><strong>ac-</strong></span> 
     </span>
    </p>
   </div>
   <div class='ocr_carea' id='block_1_17' title="bbox 556 1291 2206 1365">
    <p class='ocr_par' dir='ltr' id='par_1_17' title="bbox 556 1291 2206 1365">
     <span class='ocr_line' id='line_1_17' title="bbox 556 1291 2206 1365; baseline -0.003 -14"><span class='ocrx_word' id='word_1_105' title='bbox 556 1295 998 1358; x_wconf 88' lang='lat' dir='ltr'><strong>cesserimus,et</strong></span> <span class='ocrx_word' id='word_1_106' title='bbox 1017 1308 1189 1348; x_wconf 89' lang='lat' dir='ltr'><strong>sacro</strong></span> <span class='ocrx_word' id='word_1_107' title='bbox 1209 1291 1573 1365; x_wconf 87' lang='lat' dir='ltr'><strong>baptismate</strong></span> <span class='ocrx_word' id='word_1_108' title='bbox 1603 1292 1879 1349; x_wconf 90' lang='lat' dir='ltr'><strong>mundati</strong></span> <span class='ocrx_word' id='word_1_109' title='bbox 1896 1292 2206 1362; x_wconf 82' lang='lat' dir='ltr'><strong>fuerimus,</strong></span> 
     </span>
    </p>
   </div>
   <div class='ocr_carea' id='block_1_18' title="bbox 558 1381 2215 1452">
    <p class='ocr_par' dir='ltr' id='par_1_18' title="bbox 558 1381 2215 1452">
     <span class='ocr_line' id='line_1_18' title="bbox 558 1381 2215 1452; baseline -0.001 -13"><span class='ocrx_word' id='word_1_110' title='bbox 558 1384 642 1439; x_wconf 89' lang='lat' dir='ltr'><strong>sic</strong></span> <span class='ocrx_word' id='word_1_111' title='bbox 670 1382 917 1438; x_wconf 88' lang='lat' dir='ltr'><strong>demum</strong></span> <span class='ocrx_word' id='word_1_112' title='bbox 946 1381 1114 1450; x_wconf 83' lang='lat' dir='ltr'><strong>digni</strong></span> <span class='ocrx_word' id='word_1_113' title='bbox 1144 1384 1333 1437; x_wconf 91' lang='lat' dir='ltr'><strong>simus</strong></span> <span class='ocrx_word' id='word_1_114' title='bbox 1357 1381 1709 1439; x_wconf 89' lang='lat' dir='ltr'><strong>solidiorem</strong></span> <span class='ocrx_word' id='word_1_115' title='bbox 1734 1381 2092 1452; x_wconf 90' lang='lat' dir='ltr'><strong>dogmatum</strong></span> <span class='ocrx_word' id='word_1_116' title='bbox 2109 1381 2215 1437; x_wconf 86' lang='lat' dir='ltr'><strong>ali-</strong></span> 
     </span>
    </p>
   </div>
   <div class='ocr_carea' id='block_1_19' title="bbox 558 1471 2213 1543">
    <p class='ocr_par' dir='ltr' id='par_1_19' title="bbox 558 1471 2213 1543">
     <span class='ocr_line' id='line_1_19' title="bbox 558 1471 2213 1543; baseline 0 -15"><span class='ocrx_word' id='word_1_117' title='bbox 558 1473 830 1529; x_wconf 90' lang='lat' dir='ltr'><strong>moniam</strong></span> <span class='ocrx_word' id='word_1_118' title='bbox 859 1471 1141 1543; x_wconf 86' lang='lat' dir='ltr'><strong>recipere.</strong></span> <span class='ocrx_word' id='word_1_119' title='bbox 1162 1471 1255 1526; x_wconf 82' lang='lat' dir='ltr'><strong>Ait</strong></span> <span class='ocrx_word' id='word_1_120' title='bbox 1278 1471 1436 1526; x_wconf 89' lang='lat' dir='ltr'><strong>enim</strong></span> <span class='ocrx_word' id='word_1_121' title='bbox 1469 1486 1730 1541; x_wconf 84' lang='lat' dir='ltr'><strong>magnus</strong></span> <span class='ocrx_word' id='word_1_122' title='bbox 1762 1472 2010 1528; x_wconf 88' lang='lat' dir='ltr'><strong>Basilius</strong></span> <span class='ocrx_word' id='word_1_123' title='bbox 2040 1487 2213 1528; x_wconf 84' lang='lat' dir='ltr'><strong>sacro</strong></span> 
     </span>
    </p>
   </div>
   <div class='ocr_carea' id='block_1_20' title="bbox 557 1558 2213 1634">
    <p class='ocr_par' dir='ltr' id='par_1_20' title="bbox 557 1558 2213 1634">
     <span class='ocr_line' id='line_1_20' title="bbox 557 1558 2213 1634; baseline -0.001 -17"><span class='ocrx_word' id='word_1_124' title='bbox 557 1561 919 1634; x_wconf 85' lang='lat' dir='ltr'><strong>baptismate</strong></span> <span class='ocrx_word' id='word_1_125' title='bbox 966 1558 1242 1615; x_wconf 91' lang='lat' dir='ltr'><strong>nondum</strong></span> <span class='ocrx_word' id='word_1_126' title='bbox 1271 1560 1468 1615; x_wconf 91' lang='lat' dir='ltr'><strong>tinctis</strong></span> <span class='ocrx_word' id='word_1_127' title='bbox 1502 1578 1515 1615; x_wconf 91' lang='lat'><strong>:</strong></span> <span class='ocrx_word' id='word_1_128' title='bbox 1550 1581 1578 1609; x_wconf 85' lang='lat'><strong>«</strong></span> <span class='ocrx_word' id='word_1_129' title='bbox 1612 1560 1791 1617; x_wconf 85' lang='lat' dir='ltr'><strong>Mellis</strong></span> <span class='ocrx_word' id='word_1_130' title='bbox 1833 1560 2213 1616; x_wconf 87' lang='lat' dir='ltr'><strong>dulcedinem</strong></span> 
     </span>
    </p>
   </div>
   <div class='ocr_carea' id='block_1_21' title="bbox 556 1638 2221 1723">
    <p class='ocr_par' dir='ltr' id='par_1_21' title="bbox 556 1648 2214 1723">
     <span class='ocr_line' id='line_1_21' title="bbox 556 1648 2214 1723; baseline -0.001 -17"><span class='ocrx_word' id='word_1_131' title='bbox 556 1648 870 1723; x_wconf 89' lang='lat' dir='ltr'><strong>quomodo</strong></span> <span class='ocrx_word' id='word_1_132' title='bbox 916 1648 1247 1719; x_wconf 88' lang='lat' dir='ltr'><strong>signiﬁcem</strong></span> <span class='ocrx_word' id='word_1_133' title='bbox 1284 1648 1702 1717; x_wconf 85' lang='lat' dir='ltr'><strong>ignorantibus</strong></span> <span class='ocrx_word' id='word_1_134' title='bbox 1722 1649 1751 1705; x_wconf 91' lang='lat'><strong>?</strong></span> <span class='ocrx_word' id='word_1_135' title='bbox 1778 1650 2022 1706; x_wconf 82' lang='lat' dir='ltr'><strong>Gustate</strong></span> <span class='ocrx_word' id='word_1_136' title='bbox 2048 1655 2104 1706; x_wconf 83' lang='lat' dir='ltr'><strong>et</strong></span> <span class='ocrx_word' id='word_1_137' title='bbox 2133 1651 2214 1706; x_wconf 83' lang='lat' dir='ltr'><strong>vi-</strong></span> 
     </span>
    </p>
   </div>
   <div class='ocr_carea' id='block_1_22' title="bbox 2327 1638 3937 1723">
    <p class='ocr_par' dir='ltr' id='par_1_22' title="bbox 2327 1638 3937 1714">
     <span class='ocr_line' id='line_1_22' title="bbox 2327 1638 3937 1714; baseline -0.002 -18"><span class='ocrx_word' id='word_1_138' title='bbox 2327 1642 2611 1714; x_wconf 75' lang='grc' dir='ltr'>ἁναγγείλω</span> <span class='ocrx_word' id='word_1_139' title='bbox 2680 1649 2789 1703; x_wconf 81' lang='grc' dir='ltr'>τοῖς</span> <span class='ocrx_word' id='word_1_140' title='bbox 2865 1642 3150 1713; x_wconf 54' lang='lat' dir='ltr'><strong>air/vocum;</strong></span> <span class='ocrx_word' id='word_1_141' title='bbox 3192 1643 3459 1694; x_wconf 88' lang='grc' dir='ltr'>Γεύσασθε</span> <span class='ocrx_word' id='word_1_142' title='bbox 3519 1645 3608 1693; x_wconf 77' lang='grc' dir='ltr'>καὶ</span> <span class='ocrx_word' id='word_1_143' title='bbox 3659 1638 3809 1693; x_wconf 80' lang='grc' dir='ltr'>ἴδετε</span> <span class='ocrx_word' id='word_1_144' title='bbox 3858 1642 3937 1693; x_wconf 85' lang='grc' dir='ltr'>ὃτι</span> 
     </span>
    </p>
   </div>
   <div class='ocr_carea' id='block_1_23' title="bbox 559 1727 2221 1810">
    <p class='ocr_par' dir='ltr' id='par_1_23' title="bbox 559 1737 2215 1810">
     <span class='ocr_line' id='line_1_23' title="bbox 559 1737 2215 1810; baseline -0.002 -14"><span class='ocrx_word' id='word_1_145' title='bbox 559 1740 707 1802; x_wconf 69' lang='lat' dir='ltr'><strong>dele,</strong></span> <span class='ocrx_word' id='word_1_146' title='bbox 740 1739 1023 1810; x_wconf 86' lang='lat' dir='ltr'><strong>quoniam</strong></span> <span class='ocrx_word' id='word_1_147' title='bbox 1061 1737 1262 1793; x_wconf 80' lang='lat' dir='ltr'><strong>suavis</strong></span> <span class='ocrx_word' id='word_1_148' title='bbox 1292 1742 1374 1793; x_wconf 80' lang='lat' dir='ltr'><strong>est</strong></span> <span class='ocrx_word' id='word_1_149' title='bbox 1400 1738 1690 1793; x_wconf 83' lang='lat' dir='ltr'><strong>Dominus</strong></span> <span class='ocrx_word' id='word_1_150' title='bbox 1719 1739 1787 1792; x_wconf 77' lang='grc' dir='ltr'><strong>³ο.</strong></span> <span class='ocrx_word' id='word_1_151' title='bbox 1819 1760 1846 1789; x_wconf 86' lang='grc'><strong>››</strong></span> <span class='ocrx_word' id='word_1_152' title='bbox 1875 1739 1985 1804; x_wconf 86' lang='lat' dir='ltr'><strong>Qui</strong></span> <span class='ocrx_word' id='word_1_153' title='bbox 2012 1744 2215 1794; x_wconf 90' lang='lat' dir='ltr'><strong>tamen</strong></span> 
     </span>
    </p>
   </div>
   <div class='ocr_carea' id='block_1_24' title="bbox 2327 1727 3936 1810">
    <p class='ocr_par' dir='ltr' id='par_1_24' title="bbox 2327 1727 3936 1805">
     <span class='ocr_line' id='line_1_24' title="bbox 2327 1727 3936 1805; baseline -0.001 -22"><span class='ocrx_word' id='word_1_154' title='bbox 2327 1735 2566 1805; x_wconf 85' lang='grc' dir='ltr'>χρηστός</span> <span class='ocrx_word' id='word_1_155' title='bbox 2620 1732 2646 1782; x_wconf 89' lang='grc' dir='ltr'><strong>ό</strong></span> <span class='ocrx_word' id='word_1_156' title='bbox 2697 1734 2908 1805; x_wconf 80' lang='grc' dir='ltr'>Κύριος.</span> <span class='ocrx_word' id='word_1_157' title='bbox 2942 1750 2971 1779; x_wconf 87' lang='grc'>››</span> <span class='ocrx_word' id='word_1_158' title='bbox 3022 1732 3088 1782; x_wconf 82' lang='lat' dir='ltr'><strong>Oi</strong></span> <span class='ocrx_word' id='word_1_159' title='bbox 3142 1734 3316 1802; x_wconf 77' lang='grc' dir='ltr'>μέντοι</span> <span class='ocrx_word' id='word_1_160' title='bbox 3362 1727 3471 1788; x_wconf 80' lang='grc' dir='ltr'><strong>ἤδη</strong></span> <span class='ocrx_word' id='word_1_161' title='bbox 3533 1732 3936 1797; x_wconf 75' lang='grc' dir='ltr'><strong>πιστεύσαντες,</strong></span> 
     </span>
    </p>
   </div>
   <div class='ocr_carea' id='block_1_25' title="bbox 554 1815 2221 1905">
    <p class='ocr_par' dir='ltr' id='par_1_25' title="bbox 554 1824 2213 1899">
     <span class='ocr_line' id='line_1_25' title="bbox 554 1824 2213 1899; baseline -0.001 -16"><span class='ocrx_word' id='word_1_162' title='bbox 554 1828 686 1899; x_wconf 90' lang='lat' dir='ltr'><strong>jam</strong></span> <span class='ocrx_word' id='word_1_163' title='bbox 700 1824 1163 1892; x_wconf 87' lang='lat' dir='ltr'><strong>crediderunt,et</strong></span> <span class='ocrx_word' id='word_1_164' title='bbox 1191 1824 1508 1881; x_wconf 83' lang='lat' dir='ltr'><strong>orthodoxi</strong></span> <span class='ocrx_word' id='word_1_165' title='bbox 1537 1831 1724 1881; x_wconf 84' lang='lat' dir='ltr'><strong>coetus</strong></span> <span class='ocrx_word' id='word_1_166' title='bbox 1753 1827 2029 1883; x_wconf 91' lang='lat' dir='ltr'><strong>membra</strong></span> <span class='ocrx_word' id='word_1_167' title='bbox 2051 1832 2213 1895; x_wconf 90' lang='lat' dir='ltr'><strong>sunt,</strong></span> 
     </span>
    </p>
   </div>
   <div class='ocr_carea' id='block_1_26' title="bbox 2327 1815 3939 1905">
    <p class='ocr_par' dir='ltr' id='par_1_26' title="bbox 2327 1815 3939 1894">
     <span class='ocr_line' id='line_1_26' title="bbox 2327 1815 3939 1894; baseline -0.001 -23"><span class='ocrx_word' id='word_1_168' title='bbox 2327 1824 2415 1872; x_wconf 78' lang='grc' dir='ltr'>καὶ</span> <span class='ocrx_word' id='word_1_169' title='bbox 2467 1825 2560 1872; x_wconf 85' lang='grc' dir='ltr'><strong>τοῦ</strong></span> <span class='ocrx_word' id='word_1_170' title='bbox 2606 1827 2707 1871; x_wconf 84' lang='grc' dir='ltr'>τῶν</span> <span class='ocrx_word' id='word_1_171' title='bbox 2772 1815 3064 1894; x_wconf 84' lang='grc' dir='ltr'>ὀρθοδοξων</span> <span class='ocrx_word' id='word_1_172' title='bbox 3126 1823 3467 1890; x_wconf 77' lang='grc' dir='ltr'>συστήματος</span> <span class='ocrx_word' id='word_1_173' title='bbox 3519 1822 3672 1891; x_wconf 82' lang='grc' dir='ltr'>μέρος</span> <span class='ocrx_word' id='word_1_174' title='bbox 3713 1820 3939 1890; x_wconf 79' lang='grc' dir='ltr'>τυγχά-</span> 
     </span>
    </p>
   </div>
   <div class='ocr_carea' id='block_1_27' title="bbox 558 1903 2221 1987">
    <p class='ocr_par' dir='ltr' id='par_1_27' title="bbox 558 1912 2213 1987">
     <span class='ocr_line' id='line_1_27' title="bbox 558 1912 2213 1987; baseline -0.001 -16"><span class='ocrx_word' id='word_1_175' title='bbox 558 1932 635 1971; x_wconf 92' lang='lat' dir='ltr'><strong>ne</strong></span> <span class='ocrx_word' id='word_1_176' title='bbox 657 1914 907 1971; x_wconf 86' lang='lat' dir='ltr'><strong>omnino</strong></span> <span class='ocrx_word' id='word_1_177' title='bbox 930 1912 1335 1969; x_wconf 86' lang='lat' dir='ltr'><strong>indifferenter</strong></span> <span class='ocrx_word' id='word_1_178' title='bbox 1349 1920 1406 1968; x_wconf 90' lang='lat' dir='ltr'><strong>et</strong></span> <span class='ocrx_word' id='word_1_179' title='bbox 1429 1915 1555 1970; x_wconf 92' lang='lat' dir='ltr'><strong>sine</strong></span> <span class='ocrx_word' id='word_1_180' title='bbox 1573 1915 1926 1987; x_wconf 85' lang='lat' dir='ltr'><strong>probatione</strong></span> <span class='ocrx_word' id='word_1_181' title='bbox 1948 1919 2213 1972; x_wconf 89' lang='lat' dir='ltr'><strong>sumant.</strong></span> 
     </span>
    </p>
   </div>
   <div class='ocr_carea' id='block_1_28' title="bbox 2327 1903 3935 1987">
    <p class='ocr_par' dir='ltr' id='par_1_28' title="bbox 2327 1903 3935 1979">
     <span class='ocr_line' id='line_1_28' title="bbox 2327 1903 3935 1979; baseline -0.001 -20"><span class='ocrx_word' id='word_1_182' title='bbox 2327 1927 2521 1977; x_wconf 79' lang='grc' dir='ltr'>νοντες,</span> <span class='ocrx_word' id='word_1_183' title='bbox 2591 1912 2662 1979; x_wconf 81' lang='grc' dir='ltr'>μὴ</span> <span class='ocrx_word' id='word_1_184' title='bbox 2722 1910 2926 1970; x_wconf 87' lang='grc' dir='ltr'>πάντως</span> <span class='ocrx_word' id='word_1_185' title='bbox 2988 1905 3164 1967; x_wconf 80' lang='grc' dir='ltr'>ἁπλῶς</span> <span class='ocrx_word' id='word_1_186' title='bbox 3230 1903 3605 1978; x_wconf 81' lang='grc' dir='ltr'>ἀδοκιμάστως</span> <span class='ocrx_word' id='word_1_187' title='bbox 3676 1905 3890 1958; x_wconf 85' lang='grc' dir='ltr'>λάϐωσι</span> <span class='ocrx_word' id='word_1_188' title='bbox 3922 1927 3935 1939; x_wconf 92' lang='grc'><strong>·</strong></span> 
     </span>
    </p>
   </div>
   <div class='ocr_carea' id='block_1_29' title="bbox 563 1991 2221 2076">
    <p class='ocr_par' dir='ltr' id='par_1_29' title="bbox 563 2001 2216 2076">
     <span class='ocr_line' id='line_1_29' title="bbox 563 2001 2216 2076; baseline 0 -16"><span class='ocrx_word' id='word_1_189' title='bbox 563 2004 711 2060; x_wconf 89' lang='lat' dir='ltr'><strong>Dicit</strong></span> <span class='ocrx_word' id='word_1_190' title='bbox 762 2003 925 2059; x_wconf 89' lang='lat' dir='ltr'><strong>enim</strong></span> <span class='ocrx_word' id='word_1_191' title='bbox 964 2001 1286 2073; x_wconf 79' lang='lat' dir='ltr'><strong>Apostolus</strong></span> <span class='ocrx_word' id='word_1_192' title='bbox 1317 2018 1330 2052; x_wconf 86' lang='lat'><strong>:</strong></span> <span class='ocrx_word' id='word_1_193' title='bbox 1363 2022 1391 2051; x_wconf 82' lang='lat'><strong>«</strong></span> <span class='ocrx_word' id='word_1_194' title='bbox 1425 2003 1639 2059; x_wconf 84' lang='lat' dir='ltr'><strong>Probet</strong></span> <span class='ocrx_word' id='word_1_195' title='bbox 1680 2010 1881 2059; x_wconf 88' lang='lat' dir='ltr'><strong>autem</strong></span> <span class='ocrx_word' id='word_1_196' title='bbox 1926 2018 1989 2060; x_wconf 90' lang='lat' dir='ltr'><strong>se</strong></span> <span class='ocrx_word' id='word_1_197' title='bbox 2012 2004 2216 2076; x_wconf 89' lang='lat' dir='ltr'><strong>ipsum</strong></span> 
     </span>
    </p>
   </div>
   <div class='ocr_carea' id='block_1_30' title="bbox 2327 1991 3937 2076">
    <p class='ocr_par' dir='ltr' id='par_1_30' title="bbox 2327 1991 3937 2071">
     <span class='ocr_line' id='line_1_30' title="bbox 2327 1991 3937 2071; baseline -0.001 -22"><span class='ocrx_word' id='word_1_198' title='bbox 2327 1997 2456 2068; x_wconf 78' lang='grc' dir='ltr'>λέγει</span> <span class='ocrx_word' id='word_1_199' title='bbox 2492 2000 2591 2071; x_wconf 82' lang='grc' dir='ltr'>γὰρ</span> <span class='ocrx_word' id='word_1_200' title='bbox 2623 1997 2650 2048; x_wconf 90' lang='grc' dir='ltr'><strong>ό</strong></span> <span class='ocrx_word' id='word_1_201' title='bbox 2691 1995 3013 2057; x_wconf 85' lang='grc' dir='ltr'>Ἀπόστολος</span> <span class='ocrx_word' id='word_1_202' title='bbox 3054 2012 3069 2027; x_wconf 75' lang='grc'><strong>⁸</strong></span> <span class='ocrx_word' id='word_1_203' title='bbox 3120 2016 3150 2046; x_wconf 89' lang='grc'><strong>‹‹</strong></span> <span class='ocrx_word' id='word_1_204' title='bbox 3193 1996 3526 2060; x_wconf 75' lang='grc' dir='ltr'>Δοκιμαζέτω</span> <span class='ocrx_word' id='word_1_205' title='bbox 3583 1991 3643 2048; x_wconf 76' lang='grc' dir='ltr'><strong>δε</strong></span> <span class='ocrx_word' id='word_1_206' title='bbox 3715 1995 3937 2056; x_wconf 68' lang='grc' dir='ltr'>ἕκαστος</span> 
     </span>
    </p>
   </div>
   <div class='ocr_carea' id='block_1_31' title="bbox 563 2082 2221 2165">
    <p class='ocr_par' dir='ltr' id='par_1_31' title="bbox 563 2091 2218 2165">
     <span class='ocr_line' id='line_1_31' title="bbox 563 2091 2218 2165; baseline -0.001 -15"><span class='ocrx_word' id='word_1_207' title='bbox 563 2094 1003 2165; x_wconf 88' lang='lat' dir='ltr'><strong>unusquisque,</strong></span> <span class='ocrx_word' id='word_1_208' title='bbox 1038 2097 1095 2147; x_wconf 91' lang='lat' dir='ltr'><strong>et</strong></span> <span class='ocrx_word' id='word_1_209' title='bbox 1122 2092 1205 2147; x_wconf 90' lang='lat' dir='ltr'><strong>sic</strong></span> <span class='ocrx_word' id='word_1_210' title='bbox 1244 2091 1318 2147; x_wconf 92' lang='lat' dir='ltr'><strong>de</strong></span> <span class='ocrx_word' id='word_1_211' title='bbox 1338 2108 1497 2165; x_wconf 90' lang='lat' dir='ltr'><strong>pane</strong></span> <span class='ocrx_word' id='word_1_212' title='bbox 1522 2092 1623 2149; x_wconf 91' lang='lat' dir='ltr'><strong>illo</strong></span> <span class='ocrx_word' id='word_1_213' title='bbox 1667 2094 1825 2163; x_wconf 87' lang='lat' dir='ltr'><strong>edat,</strong></span> <span class='ocrx_word' id='word_1_214' title='bbox 1849 2098 1903 2150; x_wconf 87' lang='lat' dir='ltr'><strong>et</strong></span> <span class='ocrx_word' id='word_1_215' title='bbox 1929 2094 2004 2150; x_wconf 91' lang='lat' dir='ltr'><strong>de</strong></span> <span class='ocrx_word' id='word_1_216' title='bbox 2035 2094 2218 2150; x_wconf 87' lang='lat' dir='ltr'><strong>calice</strong></span> 
     </span>
    </p>
   </div>
   <div class='ocr_carea' id='block_1_32' title="bbox 2327 2082 3935 2165">
    <p class='ocr_par' dir='ltr' id='par_1_32' title="bbox 2327 2082 3935 2160">
     <span class='ocr_line' id='line_1_32' title="bbox 2327 2082 3935 2160; baseline -0.001 -22"><span class='ocrx_word' id='word_1_217' title='bbox 2327 2086 2551 2155; x_wconf 78' lang='grc' dir='ltr'>ἑαυτὸν,</span> <span class='ocrx_word' id='word_1_218' title='bbox 2598 2102 2687 2136; x_wconf 91' lang='grc' dir='ltr'><strong>και</strong></span> <span class='ocrx_word' id='word_1_219' title='bbox 2738 2083 2898 2145; x_wconf 68' lang='grc' dir='ltr'>οὕτως</span> <span class='ocrx_word' id='word_1_220' title='bbox 2951 2083 3006 2136; x_wconf 78' lang='grc' dir='ltr'>ἐκ</span> <span class='ocrx_word' id='word_1_221' title='bbox 3062 2091 3155 2135; x_wconf 86' lang='grc' dir='ltr'><strong>τοῦ</strong></span> <span class='ocrx_word' id='word_1_222' title='bbox 3221 2082 3383 2160; x_wconf 84' lang='grc' dir='ltr'>ἆρτου</span> <span class='ocrx_word' id='word_1_223' title='bbox 3441 2082 3676 2146; x_wconf 71' lang='grc' dir='ltr'>ἐσθιέτω,</span> <span class='ocrx_word' id='word_1_224' title='bbox 3732 2090 3832 2137; x_wconf 80' lang='grc' dir='ltr'>καὶ</span> <span class='ocrx_word' id='word_1_225' title='bbox 3883 2087 3935 2137; x_wconf 73' lang='lat' dir='ltr'><strong>lx</strong></span> 
     </span>
    </p>
   </div>
   <div class='ocr_carea' id='block_1_33' title="bbox 561 2168 2221 2252">
    <p class='ocr_par' dir='ltr' id='par_1_33' title="bbox 561 2182 2219 2252">
     <span class='ocr_line' id='line_1_33' title="bbox 561 2182 2219 2252; baseline 0.001 -15"><span class='ocrx_word' id='word_1_226' title='bbox 561 2182 817 2238; x_wconf 78' lang='lat' dir='ltr'><strong>bibat&quot;.</strong></span> <span class='ocrx_word' id='word_1_227' title='bbox 844 2204 873 2230; x_wconf 86' lang='lat'>»</span> <span class='ocrx_word' id='word_1_228' title='bbox 906 2182 1408 2252; x_wconf 90' lang='lat' dir='ltr'><strong>Unumquemque</strong></span> <span class='ocrx_word' id='word_1_229' title='bbox 1430 2187 1633 2237; x_wconf 90' lang='lat' dir='ltr'><strong>autem</strong></span> <span class='ocrx_word' id='word_1_230' title='bbox 1663 2182 1778 2238; x_wconf 91' lang='lat' dir='ltr'><strong>hoc</strong></span> <span class='ocrx_word' id='word_1_231' title='bbox 1806 2182 1941 2238; x_wconf 89' lang='lat' dir='ltr'><strong>loco</strong></span> <span class='ocrx_word' id='word_1_232' title='bbox 1981 2182 2124 2238; x_wconf 90' lang='lat' dir='ltr'><strong>dicit</strong></span> <span class='ocrx_word' id='word_1_233' title='bbox 2152 2182 2219 2237; x_wconf 86' lang='lat' dir='ltr'><strong>ﬁ-</strong></span> 
     </span>
    </p>
   </div>
   <div class='ocr_carea' id='block_1_34' title="bbox 2327 2168 3934 2252">
    <p class='ocr_par' dir='ltr' id='par_1_34' title="bbox 2327 2168 3934 2248">
     <span class='ocr_line' id='line_1_34' title="bbox 2327 2168 3934 2248; baseline -0.002 -21"><span class='ocrx_word' id='word_1_234' title='bbox 2327 2183 2418 2227; x_wconf 90' lang='grc' dir='ltr'><strong>τοῦ</strong></span> <span class='ocrx_word' id='word_1_235' title='bbox 2480 2179 2736 2248; x_wconf 77' lang='grc' dir='ltr'>ποτηρίου</span> <span class='ocrx_word' id='word_1_236' title='bbox 2792 2177 2998 2227; x_wconf 75' lang='grc' dir='ltr'>πινέτω.</span> <span class='ocrx_word' id='word_1_237' title='bbox 3046 2196 3075 2224; x_wconf 83' lang='grc'><strong>››</strong></span> <span class='ocrx_word' id='word_1_238' title='bbox 3133 2172 3391 2226; x_wconf 75' lang='grc' dir='ltr'>Ἐκαστον</span> <span class='ocrx_word' id='word_1_239' title='bbox 3449 2168 3510 2225; x_wconf 65' lang='grc' dir='ltr'>δὲ</span> <span class='ocrx_word' id='word_1_240' title='bbox 3565 2171 3794 2225; x_wconf 80' lang='grc' dir='ltr'>ἐνταῦθα</span> <span class='ocrx_word' id='word_1_241' title='bbox 3852 2176 3934 2226; x_wconf 77' lang='grc' dir='ltr'>τὸν</span> 
     </span>
    </p>
   </div>
   <div class='ocr_carea' id='block_1_35' title="bbox 562 2259 2221 2343">
    <p class='ocr_par' dir='ltr' id='par_1_35' title="bbox 562 2270 2218 2343">
     <span class='ocr_line' id='line_1_35' title="bbox 562 2270 2218 2343; baseline 0 -15"><span class='ocrx_word' id='word_1_242' title='bbox 562 2272 780 2328; x_wconf 89' lang='lat' dir='ltr'><strong>delem.</strong></span> <span class='ocrx_word' id='word_1_243' title='bbox 810 2270 921 2337; x_wconf 84' lang='lat' dir='ltr'><strong>Qui</strong></span> <span class='ocrx_word' id='word_1_244' title='bbox 958 2286 1100 2340; x_wconf 89' lang='lat' dir='ltr'><strong>ergo</strong></span> <span class='ocrx_word' id='word_1_245' title='bbox 1149 2271 1425 2326; x_wconf 91' lang='lat' dir='ltr'><strong>conscius</strong></span> <span class='ocrx_word' id='word_1_246' title='bbox 1470 2276 1560 2327; x_wconf 88' lang='lat' dir='ltr'><strong>est</strong></span> <span class='ocrx_word' id='word_1_247' title='bbox 1619 2288 1683 2328; x_wconf 92' lang='lat' dir='ltr'><strong>se</strong></span> <span class='ocrx_word' id='word_1_248' title='bbox 1736 2289 1868 2328; x_wconf 90' lang='lat' dir='ltr'><strong>esse</strong></span> <span class='ocrx_word' id='word_1_249' title='bbox 1896 2273 2218 2343; x_wconf 89' lang='lat' dir='ltr'><strong>indignum</strong></span> 
     </span>
    </p>
   </div>
   <div class='ocr_carea' id='block_1_36' title="bbox 2327 2259 3937 2343">
    <p class='ocr_par' dir='ltr' id='par_1_36' title="bbox 2327 2259 3937 2334">
     <span class='ocr_line' id='line_1_36' title="bbox 2327 2259 3937 2334; baseline -0.001 -18"><span class='ocrx_word' id='word_1_250' title='bbox 2327 2268 2511 2316; x_wconf 90' lang='grc' dir='ltr'>πιστόν</span> <span class='ocrx_word' id='word_1_251' title='bbox 2573 2282 2752 2334; x_wconf 78' lang='grc' dir='ltr'>φησιν.</span> <span class='ocrx_word' id='word_1_252' title='bbox 2810 2261 2902 2324; x_wconf 77' lang='grc' dir='ltr'>’ος</span> <span class='ocrx_word' id='word_1_253' title='bbox 2974 2270 3097 2333; x_wconf 88' lang='grc' dir='ltr'>γοῦν</span> <span class='ocrx_word' id='word_1_254' title='bbox 3161 2259 3398 2314; x_wconf 76' lang='grc' dir='ltr'>σύνοιδεν</span> <span class='ocrx_word' id='word_1_255' title='bbox 3469 2264 3651 2314; x_wconf 79' lang='grc' dir='ltr'>εαυτόν</span> <span class='ocrx_word' id='word_1_256' title='bbox 3725 2259 3937 2325; x_wconf 75' lang='grc' dir='ltr'>ἀνάξιον</span> 
     </span>
    </p>
   </div>
   <div class='ocr_carea' id='block_1_37' title="bbox 562 2348 2221 2433">
    <p class='ocr_par' dir='ltr' id='par_1_37' title="bbox 562 2359 2219 2433">
     <span class='ocr_line' id='line_1_37' title="bbox 562 2359 2219 2433; baseline -0.001 -16"><span class='ocrx_word' id='word_1_257' title='bbox 562 2362 779 2418; x_wconf 88' lang='lat' dir='ltr'><strong>horum</strong></span> <span class='ocrx_word' id='word_1_258' title='bbox 799 2359 1486 2432; x_wconf 85' lang='lat' dir='ltr'><strong>participatione,neque</strong></span> <span class='ocrx_word' id='word_1_259' title='bbox 1506 2376 1746 2417; x_wconf 88' lang='lat' dir='ltr'><strong>sumere</strong></span> <span class='ocrx_word' id='word_1_260' title='bbox 1770 2362 1994 2418; x_wconf 88' lang='lat' dir='ltr'><strong>audeat</strong></span> <span class='ocrx_word' id='word_1_261' title='bbox 2020 2377 2219 2433; x_wconf 87' lang='lat' dir='ltr'><strong>neque</strong></span> 
     </span>
    </p>
   </div>
   <div class='ocr_carea' id='block_1_38' title="bbox 2327 2348 3933 2433">
    <p class='ocr_par' dir='ltr' id='par_1_38' title="bbox 2327 2348 3933 2423">
     <span class='ocr_line' id='line_1_38' title="bbox 2327 2348 3933 2423; baseline -0.002 -19"><span class='ocrx_word' id='word_1_262' title='bbox 2327 2353 2452 2404; x_wconf 82' lang='grc' dir='ltr'>ὄντα</span> <span class='ocrx_word' id='word_1_263' title='bbox 2481 2359 2579 2412; x_wconf 83' lang='grc' dir='ltr'>τῆς</span> <span class='ocrx_word' id='word_1_264' title='bbox 2631 2353 2822 2404; x_wconf 88' lang='grc' dir='ltr'>τούτων</span> <span class='ocrx_word' id='word_1_265' title='bbox 2874 2350 3207 2423; x_wconf 68' lang='grc' dir='ltr'>μεταλήψεως</span> <span class='ocrx_word' id='word_1_266' title='bbox 3229 2394 3244 2421; x_wconf 84' lang='grc'><strong>,</strong></span> <span class='ocrx_word' id='word_1_267' title='bbox 3278 2355 3404 2422; x_wconf 80' lang='grc' dir='ltr'>μήτε</span> <span class='ocrx_word' id='word_1_268' title='bbox 3451 2348 3625 2402; x_wconf 84' lang='grc' dir='ltr'>λαϐεῖν</span> <span class='ocrx_word' id='word_1_269' title='bbox 3689 2349 3933 2422; x_wconf 72' lang='grc' dir='ltr'>τολμήσῃ</span> 
     </span>
    </p>
   </div>
   <div class='ocr_carea' id='block_1_39' title="bbox 563 2436 2221 2523">
    <p class='ocr_par' dir='ltr' id='par_1_39' title="bbox 563 2448 2221 2523">
     <span class='ocr_line' id='line_1_39' title="bbox 563 2448 2221 2523; baseline -0.001 -16"><span class='ocrx_word' id='word_1_270' title='bbox 563 2449 952 2507; x_wconf 87' lang='lat' dir='ltr'><strong>manducare.</strong></span> <span class='ocrx_word' id='word_1_271' title='bbox 976 2448 1202 2504; x_wconf 87' lang='lat' dir='ltr'><strong>Idcirco</strong></span> <span class='ocrx_word' id='word_1_272' title='bbox 1224 2448 1469 2505; x_wconf 85' lang='lat' dir='ltr'><strong>dictioni</strong></span> <span class='ocrx_word' id='word_1_273' title='bbox 1490 2470 1520 2499; x_wconf 87' lang='grc'><strong>‹‹</strong></span> <span class='ocrx_word' id='word_1_274' title='bbox 1543 2450 1792 2523; x_wconf 85' lang='lat' dir='ltr'><strong>accipite</strong></span> <span class='ocrx_word' id='word_1_275' title='bbox 1820 2472 1847 2499; x_wconf 85' lang='lat'>»</span> <span class='ocrx_word' id='word_1_276' title='bbox 1871 2466 1995 2507; x_wconf 89' lang='lat' dir='ltr'><strong>non</strong></span> <span class='ocrx_word' id='word_1_277' title='bbox 2011 2459 2098 2507; x_wconf 90' lang='lat' dir='ltr'><strong>est</strong></span> <span class='ocrx_word' id='word_1_278' title='bbox 2115 2451 2221 2507; x_wconf 90' lang='lat' dir='ltr'><strong>ad-</strong></span> 
     </span>
    </p>
   </div>
   <div class='ocr_carea' id='block_1_40' title="bbox 2327 2436 3938 2523">
    <p class='ocr_par' dir='ltr' id='par_1_40' title="bbox 2327 2436 3938 2513">
     <span class='ocr_line' id='line_1_40' title="bbox 2327 2436 3938 2513; baseline -0.001 -20"><span class='ocrx_word' id='word_1_279' title='bbox 2327 2445 2461 2513; x_wconf 78' lang='grc' dir='ltr'>μήτε</span> <span class='ocrx_word' id='word_1_280' title='bbox 2506 2446 2687 2513; x_wconf 76' lang='grc' dir='ltr'>φαγεῖν</span> <span class='ocrx_word' id='word_1_281' title='bbox 2732 2459 2749 2475; x_wconf 77' lang='grc' dir='ltr'>σ</span> <span class='ocrx_word' id='word_1_282' title='bbox 2793 2443 2981 2491; x_wconf 82' lang='grc' dir='ltr'>τούτου</span> <span class='ocrx_word' id='word_1_283' title='bbox 3046 2442 3148 2512; x_wconf 80' lang='grc' dir='ltr'><strong>γὰρ</strong></span> <span class='ocrx_word' id='word_1_284' title='bbox 3206 2438 3366 2492; x_wconf 68' lang='grc' dir='ltr'>ἕνεκεν</span> <span class='ocrx_word' id='word_1_285' title='bbox 3429 2436 3706 2509; x_wconf 73' lang='grc' dir='ltr'>ἂπέλεεψσν</span> <span class='ocrx_word' id='word_1_286' title='bbox 3767 2437 3821 2491; x_wconf 75' lang='grc' dir='ltr'>ἓν</span> <span class='ocrx_word' id='word_1_287' title='bbox 3868 2445 3938 2509; x_wconf 73' lang='grc' dir='ltr'><strong>τῷ</strong></span> 
     </span>
    </p>
   </div>
   <div class='ocr_carea' id='block_1_41' title="bbox 565 2524 2221 2612">
    <p class='ocr_par' dir='ltr' id='par_1_41' title="bbox 565 2537 2221 2612">
     <span class='ocr_line' id='line_1_41' title="bbox 565 2537 2221 2612; baseline -0.001 -16"><span class='ocrx_word' id='word_1_288' title='bbox 565 2539 759 2596; x_wconf 90' lang='lat' dir='ltr'><strong>ditum</strong></span> <span class='ocrx_word' id='word_1_289' title='bbox 788 2560 817 2590; x_wconf 85' lang='lat'><strong>«</strong></span> <span class='ocrx_word' id='word_1_290' title='bbox 870 2552 1104 2594; x_wconf 91' lang='lat' dir='ltr'><strong>omnes.</strong></span> <span class='ocrx_word' id='word_1_291' title='bbox 1137 2558 1165 2587; x_wconf 86' lang='grc'><strong>››</strong></span> <span class='ocrx_word' id='word_1_292' title='bbox 1211 2537 1272 2592; x_wconf 88' lang='lat' dir='ltr'><strong>Id</strong></span> <span class='ocrx_word' id='word_1_293' title='bbox 1328 2543 1436 2605; x_wconf 87' lang='lat' dir='ltr'><strong>est,</strong></span> <span class='ocrx_word' id='word_1_294' title='bbox 1489 2539 1760 2610; x_wconf 83' lang='lat' dir='ltr'><strong>accipite,</strong></span> <span class='ocrx_word' id='word_1_295' title='bbox 1810 2539 1915 2611; x_wconf 91' lang='lat' dir='ltr'><strong>qui</strong></span> <span class='ocrx_word' id='word_1_296' title='bbox 1963 2540 2221 2612; x_wconf 86' lang='lat' dir='ltr'><strong>probata</strong></span> 
     </span>
    </p>
   </div>
   <div class='ocr_carea' id='block_1_42' title="bbox 2327 2524 3939 2612">
    <p class='ocr_par' dir='ltr' id='par_1_42' title="bbox 2330 2524 3939 2597">
     <span class='ocr_line' id='line_1_42' title="bbox 2330 2524 3939 2597; baseline -0.001 -16"><span class='ocrx_word' id='word_1_297' title='bbox 2330 2552 2360 2581; x_wconf 83' lang='grc'><strong>‹‹</strong></span> <span class='ocrx_word' id='word_1_298' title='bbox 2390 2528 2569 2583; x_wconf 88' lang='grc' dir='ltr'>λάϐετε</span> <span class='ocrx_word' id='word_1_299' title='bbox 2598 2552 2628 2580; x_wconf 84' lang='grc'><strong>››</strong></span> <span class='ocrx_word' id='word_1_300' title='bbox 2671 2532 2755 2593; x_wconf 86' lang='grc' dir='ltr'>τὸ,</span> <span class='ocrx_word' id='word_1_301' title='bbox 2805 2549 2834 2579; x_wconf 80' lang='grc' dir='ltr'>ι(</span> <span class='ocrx_word' id='word_1_302' title='bbox 2874 2531 3062 2590; x_wconf 89' lang='grc' dir='ltr'>πάντες</span> <span class='ocrx_word' id='word_1_303' title='bbox 3094 2549 3107 2561; x_wconf 88' lang='grc'><strong>·</strong></span> <span class='ocrx_word' id='word_1_304' title='bbox 3143 2550 3173 2579; x_wconf 82' lang='grc'><strong>››</strong></span> <span class='ocrx_word' id='word_1_305' title='bbox 3214 2532 3478 2597; x_wconf 78' lang='grc' dir='ltr'>τουτέστι,</span> <span class='ocrx_word' id='word_1_306' title='bbox 3520 2526 3721 2581; x_wconf 82' lang='grc' dir='ltr'>Λάϐετε</span> <span class='ocrx_word' id='word_1_307' title='bbox 3754 2530 3808 2580; x_wconf 81' lang='grc' dir='ltr'>οἱ</span> <span class='ocrx_word' id='word_1_308' title='bbox 3848 2524 3939 2580; x_wconf 82' lang='grc' dir='ltr'>δε·</span> 
     </span>
    </p>
   </div>
   <div class='ocr_carea' id='block_1_43' title="bbox 3828 862 3933 893">
    <p class='ocr_par' dir='ltr' id='par_1_43' title="bbox 3828 862 3933 893">
     <span class='ocr_line' id='line_1_43' title="bbox 3828 862 3933 893; baseline -0.01 0"><span class='ocrx_word' id='word_1_309' title='bbox 3828 862 3933 893; x_wconf 77' lang='grc' dir='ltr'><strong>των</strong></span> 
     </span>
    </p>
   </div>
   <div class='ocr_carea' id='block_1_44' title="bbox 2320 930 3933 1008">
    <p class='ocr_par' dir='ltr' id='par_1_44' title="bbox 2320 930 3933 1008">
     <span class='ocr_line' id='line_1_44' title="bbox 2320 930 3933 1008; baseline -0.002 -21"><span class='ocrx_word' id='word_1_310' title='bbox 2320 938 2465 988; x_wconf 84' lang='grc' dir='ltr'>θείων</span> <span class='ocrx_word' id='word_1_311' title='bbox 2528 938 2768 1007; x_wconf 84' lang='grc' dir='ltr'>Πατέρων</span> <span class='ocrx_word' id='word_1_312' title='bbox 2825 932 3390 1008; x_wconf 80' lang='grc' dir='ltr'>παρακαλούντων,ἳνα</span> <span class='ocrx_word' id='word_1_313' title='bbox 3443 935 3492 984; x_wconf 83' lang='grc' dir='ltr'>οἱ</span> <span class='ocrx_word' id='word_1_314' title='bbox 3553 935 3642 1004; x_wconf 74' lang='grc' dir='ltr'>μὲν</span> <span class='ocrx_word' id='word_1_315' title='bbox 3708 930 3933 984; x_wconf 75' lang='grc' dir='ltr'>ἄπιστοι</span> 
     </span>
    </p>
   </div>
   <div class='ocr_carea' id='block_1_45' title="bbox 2317 1020 3934 1098">
    <p class='ocr_par' dir='ltr' id='par_1_45' title="bbox 2317 1020 3934 1098">
     <span class='ocr_line' id='line_1_45' title="bbox 2317 1020 3934 1098; baseline -0.002 -22"><span class='ocrx_word' id='word_1_316' title='bbox 2317 1032 2379 1096; x_wconf 75' lang='grc' dir='ltr'><strong>τῇ</strong></span> <span class='ocrx_word' id='word_1_317' title='bbox 2413 1030 2587 1076; x_wconf 84' lang='grc' dir='ltr'>πίστει</span> <span class='ocrx_word' id='word_1_318' title='bbox 2633 1022 3011 1098; x_wconf 72' lang='grc' dir='ltr'>προσελθωσιν,</span> <span class='ocrx_word' id='word_1_319' title='bbox 3062 1021 3121 1074; x_wconf 83' lang='grc' dir='ltr'><strong>ού</strong></span> <span class='ocrx_word' id='word_1_320' title='bbox 3162 1020 3259 1094; x_wconf 80' lang='grc' dir='ltr'>βίᾳ</span> <span class='ocrx_word' id='word_1_321' title='bbox 3286 1026 3389 1073; x_wconf 86' lang='grc' dir='ltr'>τινὶ</span> <span class='ocrx_word' id='word_1_322' title='bbox 3424 1023 3453 1080; x_wconf 75' lang='grc' dir='ltr'><strong>ᾖ</strong></span> <span class='ocrx_word' id='word_1_323' title='bbox 3487 1020 3685 1093; x_wconf 75' lang='grc' dir='ltr'>ἀνάγκῃ</span> <span class='ocrx_word' id='word_1_324' title='bbox 3728 1022 3934 1093; x_wconf 80' lang='grc' dir='ltr'>ἀγόμε-</span> 
     </span>
    </p>
   </div>
   <div class='ocr_carea' id='block_1_46' title="bbox 2316 1108 3934 1184">
    <p class='ocr_par' dir='ltr' id='par_1_46' title="bbox 2316 1108 3934 1184">
     <span class='ocr_line' id='line_1_46' title="bbox 2316 1108 3934 1184; baseline -0.001 -21"><span class='ocrx_word' id='word_1_325' title='bbox 2316 1132 2397 1165; x_wconf 88' lang='grc' dir='ltr'><strong>νοι</strong></span> <span class='ocrx_word' id='word_1_326' title='bbox 2421 1156 2435 1180; x_wconf 88' lang='grc'><strong>,</strong></span> <span class='ocrx_word' id='word_1_327' title='bbox 2470 1114 2645 1164; x_wconf 87' lang='grc' dir='ltr'>πειθοῖ</span> <span class='ocrx_word' id='word_1_328' title='bbox 2697 1108 2757 1163; x_wconf 72' lang='grc' dir='ltr'><strong>δε</strong></span> <span class='ocrx_word' id='word_1_329' title='bbox 2814 1110 3003 1182; x_wconf 81' lang='grc' dir='ltr'>μᾶλλον</span> <span class='ocrx_word' id='word_1_330' title='bbox 3042 1114 3132 1161; x_wconf 86' lang='grc' dir='ltr'>καὶ</span> <span class='ocrx_word' id='word_1_331' title='bbox 3179 1113 3479 1184; x_wconf 82' lang='grc' dir='ltr'>προαιρέσει</span> <span class='ocrx_word' id='word_1_332' title='bbox 3519 1108 3729 1180; x_wconf 72' lang='grc' dir='ltr'>ψυχῆς,</span> <span class='ocrx_word' id='word_1_333' title='bbox 3767 1109 3934 1182; x_wconf 83' lang='grc' dir='ltr'>ὅσπερ</span> 
     </span>
    </p>
   </div>
   <div class='ocr_carea' id='block_1_47' title="bbox 2320 1195 3933 1273">
    <p class='ocr_par' dir='ltr' id='par_1_47' title="bbox 2320 1195 3933 1273">
     <span class='ocr_line' id='line_1_47' title="bbox 2320 1195 3933 1273; baseline -0.002 -20"><span class='ocrx_word' id='word_1_334' title='bbox 2320 1198 2388 1258; x_wconf 79' lang='grc' dir='ltr'>δὴ</span> <span class='ocrx_word' id='word_1_335' title='bbox 2452 1206 2603 1271; x_wconf 85' lang='grc' dir='ltr'>νόμος</span> <span class='ocrx_word' id='word_1_336' title='bbox 2658 1199 2898 1273; x_wconf 87' lang='grc' dir='ltr'>λατρείας</span> <span class='ocrx_word' id='word_1_337' title='bbox 2948 1203 3039 1251; x_wconf 76' lang='grc' dir='ltr'>καὶ</span> <span class='ocrx_word' id='word_1_338' title='bbox 3089 1203 3316 1258; x_wconf 89' lang='grc' dir='ltr'>πίστεως</span> <span class='ocrx_word' id='word_1_339' title='bbox 3371 1219 3384 1231; x_wconf 92' lang='grc'><strong>·</strong></span> <span class='ocrx_word' id='word_1_340' title='bbox 3435 1197 3812 1270; x_wconf 81' lang='grc' dir='ltr'>προσελθόντες</span> <span class='ocrx_word' id='word_1_341' title='bbox 3854 1195 3933 1265; x_wconf 67' lang='grc' dir='ltr'>δὲ,</span> 
     </span>
    </p>
   </div>
   <div class='ocr_carea' id='block_1_48' title="bbox 2318 1287 3936 1361">
    <p class='ocr_par' dir='ltr' id='par_1_48' title="bbox 2318 1287 3936 1361">
     <span class='ocr_line' id='line_1_48' title="bbox 2318 1287 3936 1361; baseline -0.003 -19"><span class='ocrx_word' id='word_1_342' title='bbox 2318 1294 2410 1342; x_wconf 82' lang='grc' dir='ltr'>καὶ</span> <span class='ocrx_word' id='word_1_343' title='bbox 2458 1287 2552 1342; x_wconf 83' lang='grc' dir='ltr'>διὰ</span> <span class='ocrx_word' id='word_1_344' title='bbox 2595 1296 2687 1341; x_wconf 87' lang='grc' dir='ltr'><strong>τοῦ</strong></span> <span class='ocrx_word' id='word_1_345' title='bbox 2743 1291 2880 1341; x_wconf 81' lang='grc' dir='ltr'>θείου</span> <span class='ocrx_word' id='word_1_346' title='bbox 2945 1287 3320 1360; x_wconf 82' lang='grc' dir='ltr'>βαπτίσματος</span> <span class='ocrx_word' id='word_1_347' title='bbox 3378 1288 3737 1361; x_wconf 80' lang='grc' dir='ltr'>καθορθέντες,</span> <span class='ocrx_word' id='word_1_348' title='bbox 3799 1287 3936 1338; x_wconf 80' lang='grc' dir='ltr'>οὓτω</span> 
     </span>
    </p>
   </div>
   <div class='ocr_carea' id='block_1_49' title="bbox 2318 1372 3937 1450">
    <p class='ocr_par' dir='ltr' id='par_1_49' title="bbox 2318 1372 3937 1450">
     <span class='ocr_line' id='line_1_49' title="bbox 2318 1372 3937 1450; baseline -0.002 -20"><span class='ocrx_word' id='word_1_349' title='bbox 2318 1378 2717 1450; x_wconf 84' lang='grc' dir='ltr'>καταξιωθῶμεν</span> <span class='ocrx_word' id='word_1_350' title='bbox 2789 1374 3044 1447; x_wconf 83' lang='grc' dir='ltr'>δέξασθαι</span> <span class='ocrx_word' id='word_1_351' title='bbox 3094 1383 3187 1437; x_wconf 87' lang='grc' dir='ltr'>τῆς</span> <span class='ocrx_word' id='word_1_352' title='bbox 3233 1381 3444 1450; x_wconf 86' lang='grc' dir='ltr'>στερεᾶς</span> <span class='ocrx_word' id='word_1_353' title='bbox 3488 1384 3586 1428; x_wconf 86' lang='grc' dir='ltr'>τῶν</span> <span class='ocrx_word' id='word_1_354' title='bbox 3647 1372 3937 1448; x_wconf 75' lang='grc' dir='ltr'>δογμάτων</span> 
     </span>
    </p>
   </div>
   <div class='ocr_carea' id='block_1_50' title="bbox 2318 1463 3942 1542">
    <p class='ocr_par' dir='ltr' id='par_1_50' title="bbox 2318 1463 3942 1542">
     <span class='ocr_line' id='line_1_50' title="bbox 2318 1463 3942 1542; baseline -0.002 -23"><span class='ocrx_word' id='word_1_355' title='bbox 2318 1475 2512 1542; x_wconf 69' lang='grc' dir='ltr'>τροφῆς</span> <span class='ocrx_word' id='word_1_356' title='bbox 2540 1488 2553 1500; x_wconf 74' lang='grc' dir='ltr'><strong><em>ο</em></strong></span> <span class='ocrx_word' id='word_1_357' title='bbox 2585 1466 2722 1537; x_wconf 82' lang='grc' dir='ltr'>λέγει</span> <span class='ocrx_word' id='word_1_358' title='bbox 2765 1467 2866 1539; x_wconf 84' lang='grc' dir='ltr'><strong>γὰρ</strong></span> <span class='ocrx_word' id='word_1_359' title='bbox 2916 1466 2941 1517; x_wconf 86' lang='grc' dir='ltr'>ὁ</span> <span class='ocrx_word' id='word_1_360' title='bbox 2989 1470 3154 1537; x_wconf 82' lang='grc' dir='ltr'>μέγας</span> <span class='ocrx_word' id='word_1_361' title='bbox 3202 1465 3471 1527; x_wconf 87' lang='grc' dir='ltr'>Βασίλειος</span> <span class='ocrx_word' id='word_1_362' title='bbox 3516 1470 3628 1525; x_wconf 80' lang='grc' dir='ltr'>τοῖς</span> <span class='ocrx_word' id='word_1_363' title='bbox 3675 1463 3942 1537; x_wconf 74' lang='grc' dir='ltr'>ἀμυήτοις</span> 
     </span>
    </p>
   </div>
   <div class='ocr_carea' id='block_1_51' title="bbox 2321 1552 3941 1627">
    <p class='ocr_par' dir='ltr' id='par_1_51' title="bbox 2321 1552 3941 1627">
     <span class='ocr_line' id='line_1_51' title="bbox 2321 1552 3941 1627; baseline -0.002 -20"><span class='ocrx_word' id='word_1_364' title='bbox 2321 1564 2414 1607; x_wconf 88' lang='grc' dir='ltr'><strong>τοῦ</strong></span> <span class='ocrx_word' id='word_1_365' title='bbox 2468 1557 2606 1607; x_wconf 90' lang='grc' dir='ltr'>θείου</span> <span class='ocrx_word' id='word_1_366' title='bbox 2648 1552 3058 1627; x_wconf 77' lang='grc' dir='ltr'>βαπτίσματος,</span> <span class='ocrx_word' id='word_1_367' title='bbox 3112 1574 3140 1603; x_wconf 86' lang='grc'><em>‹‹</em></span> <span class='ocrx_word' id='word_1_368' title='bbox 3195 1553 3498 1611; x_wconf 83' lang='grc' dir='ltr'>Γλυκύτητα</span> <span class='ocrx_word' id='word_1_369' title='bbox 3566 1552 3780 1626; x_wconf 74' lang='grc' dir='ltr'>μελιτος</span> <span class='ocrx_word' id='word_1_370' title='bbox 3834 1560 3941 1612; x_wconf 85' lang='grc' dir='ltr'>πῶς</span> 
     </span>
    </p>
   </div>
   <div class='ocr_carea' id='block_1_52' title="bbox 568 2625 2219 2685">
    <p class='ocr_par' dir='ltr' id='par_1_52' title="bbox 568 2625 2219 2685">
     <span class='ocr_line' id='line_1_52' title="bbox 568 2625 2219 2685; baseline 0 -2"><span class='ocrx_word' id='word_1_371' title='bbox 568 2626 934 2684; x_wconf 89' lang='lat' dir='ltr'><strong>conscientia</strong></span> <span class='ocrx_word' id='word_1_372' title='bbox 962 2627 1122 2682; x_wconf 86' lang='lat' dir='ltr'><strong>estis.</strong></span> <span class='ocrx_word' id='word_1_373' title='bbox 1152 2630 1218 2681; x_wconf 87' lang='lat' dir='ltr'><strong>In</strong></span> <span class='ocrx_word' id='word_1_374' title='bbox 1262 2625 1564 2682; x_wconf 90' lang='lat' dir='ltr'><strong>locutione</strong></span> <span class='ocrx_word' id='word_1_375' title='bbox 1591 2633 1793 2684; x_wconf 91' lang='lat' dir='ltr'><strong>autem</strong></span> <span class='ocrx_word' id='word_1_376' title='bbox 1819 2650 1847 2679; x_wconf 88' lang='grc'><em>‹‹</em></span> <span class='ocrx_word' id='word_1_377' title='bbox 1870 2628 2058 2685; x_wconf 90' lang='lat' dir='ltr'><strong>bibite</strong></span> <span class='ocrx_word' id='word_1_378' title='bbox 2087 2644 2219 2684; x_wconf 91' lang='lat' dir='ltr'><strong>om-</strong></span> 
     </span>
    </p>
   </div>
   <div class='ocr_carea' id='block_1_53' title="bbox 567 2714 2219 2790">
    <p class='ocr_par' dir='ltr' id='par_1_53' title="bbox 567 2714 2219 2790">
     <span class='ocr_line' id='line_1_53' title="bbox 567 2714 2219 2790; baseline -0.002 -16"><span class='ocrx_word' id='word_1_379' title='bbox 567 2732 674 2774; x_wconf 87' lang='lat' dir='ltr'><strong>nes</strong></span> <span class='ocrx_word' id='word_1_380' title='bbox 707 2739 735 2767; x_wconf 88' lang='grc'><strong>››</strong></span> <span class='ocrx_word' id='word_1_381' title='bbox 756 2716 851 2772; x_wconf 82' lang='lat' dir='ltr'><strong>lex</strong></span> <span class='ocrx_word' id='word_1_382' title='bbox 902 2714 1086 2771; x_wconf 86' lang='lat' dir='ltr'><strong>fertur</strong></span> <span class='ocrx_word' id='word_1_383' title='bbox 1130 2714 1627 2787; x_wconf 86' lang='lat' dir='ltr'><strong>participantibus</strong></span> <span class='ocrx_word' id='word_1_384' title='bbox 1666 2717 1940 2774; x_wconf 90' lang='lat' dir='ltr'><strong>divinum</strong></span> <span class='ocrx_word' id='word_1_385' title='bbox 1979 2733 2219 2790; x_wconf 88' lang='lat' dir='ltr'><strong>corpus,</strong></span> 
     </span>
    </p>
   </div>
   <div class='ocr_carea' id='block_1_54' title="bbox 570 2803 2221 2878">
    <p class='ocr_par' dir='ltr' id='par_1_54' title="bbox 570 2803 2221 2878">
     <span class='ocr_line' id='line_1_54' title="bbox 570 2803 2221 2878; baseline -0.001 -16"><span class='ocrx_word' id='word_1_386' title='bbox 570 2805 872 2862; x_wconf 85' lang='lat' dir='ltr'><strong>mandans</strong></span> <span class='ocrx_word' id='word_1_387' title='bbox 900 2804 992 2861; x_wconf 88' lang='lat' dir='ltr'><strong>his</strong></span> <span class='ocrx_word' id='word_1_388' title='bbox 1029 2803 1362 2875; x_wconf 85' lang='lat' dir='ltr'><strong>dicensque</strong></span> <span class='ocrx_word' id='word_1_389' title='bbox 1408 2820 1421 2858; x_wconf 90' lang='lat'>:</span> <span class='ocrx_word' id='word_1_390' title='bbox 1475 2807 1662 2861; x_wconf 86' lang='lat' dir='ltr'><strong>Nemo</strong></span> <span class='ocrx_word' id='word_1_391' title='bbox 1718 2822 1930 2862; x_wconf 88' lang='lat' dir='ltr'><strong>eorum</strong></span> <span class='ocrx_word' id='word_1_392' title='bbox 1978 2806 2086 2878; x_wconf 92' lang='lat' dir='ltr'><strong>qui</strong></span> <span class='ocrx_word' id='word_1_393' title='bbox 2141 2806 2221 2862; x_wconf 89' lang='lat' dir='ltr'><strong>ad</strong></span> 
     </span>
    </p>
   </div>
   <div class='ocr_carea' id='block_1_55' title="bbox 568 2891 2221 2966">
    <p class='ocr_par' dir='ltr' id='par_1_55' title="bbox 568 2891 2221 2966">
     <span class='ocr_line' id='line_1_55' title="bbox 568 2891 2221 2966; baseline -0.001 -15"><span class='ocrx_word' id='word_1_394' title='bbox 568 2910 805 2951; x_wconf 84' lang='lat' dir='ltr'><strong>sacram</strong></span> <span class='ocrx_word' id='word_1_395' title='bbox 829 2892 1111 2966; x_wconf 85' lang='lat' dir='ltr'><strong>synaxim</strong></span> <span class='ocrx_word' id='word_1_396' title='bbox 1143 2891 1561 2962; x_wconf 88' lang='lat' dir='ltr'><strong>admittuntur,</strong></span> <span class='ocrx_word' id='word_1_397' title='bbox 1584 2908 1789 2951; x_wconf 91' lang='lat' dir='ltr'><strong>secum</strong></span> <span class='ocrx_word' id='word_1_398' title='bbox 1818 2894 1997 2963; x_wconf 90' lang='lat' dir='ltr'><strong>dicat,</strong></span> <span class='ocrx_word' id='word_1_399' title='bbox 2018 2910 2221 2951; x_wconf 78' lang='lat' dir='ltr'><strong>neces-</strong></span> 
     </span>
    </p>
   </div>
   <div class='ocr_carea' id='block_1_56' title="bbox 568 2979 2221 3055">
    <p class='ocr_par' dir='ltr' id='par_1_56' title="bbox 568 2979 2221 3055">
     <span class='ocr_line' id='line_1_56' title="bbox 568 2979 2221 3055; baseline -0.001 -16"><span class='ocrx_word' id='word_1_400' title='bbox 568 2984 797 3040; x_wconf 85' lang='lat' dir='ltr'><strong>sarium</strong></span> <span class='ocrx_word' id='word_1_401' title='bbox 845 2995 970 3038; x_wconf 91' lang='lat' dir='ltr'><strong>non</strong></span> <span class='ocrx_word' id='word_1_402' title='bbox 1012 2996 1144 3037; x_wconf 83' lang='lat' dir='ltr'><strong>esse</strong></span> <span class='ocrx_word' id='word_1_403' title='bbox 1171 2979 1248 3035; x_wconf 85' lang='lat' dir='ltr'><strong>de</strong></span> <span class='ocrx_word' id='word_1_404' title='bbox 1272 2981 1567 3051; x_wconf 88' lang='lat' dir='ltr'><strong>sanguine</strong></span> <span class='ocrx_word' id='word_1_405' title='bbox 1595 2998 1842 3055; x_wconf 90' lang='lat' dir='ltr'><strong>quoque</strong></span> <span class='ocrx_word' id='word_1_406' title='bbox 1864 2983 2090 3053; x_wconf 87' lang='lat' dir='ltr'><strong>bibere,</strong></span> <span class='ocrx_word' id='word_1_407' title='bbox 2114 2983 2221 3039; x_wconf 90' lang='lat' dir='ltr'><strong>sed</strong></span> 
     </span>
    </p>
   </div>
   <div class='ocr_carea' id='block_1_57' title="bbox 566 3068 2221 3144">
    <p class='ocr_par' dir='ltr' id='par_1_57' title="bbox 566 3068 2221 3144">
     <span class='ocr_line' id='line_1_57' title="bbox 566 3068 2221 3144; baseline 0 -16"><span class='ocrx_word' id='word_1_408' title='bbox 566 3087 780 3129; x_wconf 90' lang='lat' dir='ltr'><strong>omnes</strong></span> <span class='ocrx_word' id='word_1_409' title='bbox 829 3072 1128 3142; x_wconf 89' lang='lat' dir='ltr'><strong>quotquot</strong></span> <span class='ocrx_word' id='word_1_410' title='bbox 1176 3068 1451 3125; x_wconf 86' lang='lat' dir='ltr'><strong>divinum</strong></span> <span class='ocrx_word' id='word_1_411' title='bbox 1490 3086 1710 3143; x_wconf 87' lang='lat' dir='ltr'><strong>corpus</strong></span> <span class='ocrx_word' id='word_1_412' title='bbox 1753 3072 2120 3144; x_wconf 88' lang='lat' dir='ltr'><strong>sumpsistis,</strong></span> <span class='ocrx_word' id='word_1_413' title='bbox 2145 3072 2221 3128; x_wconf 89' lang='lat' dir='ltr'><strong>de</strong></span> 
     </span>
    </p>
   </div>
   <div class='ocr_carea' id='block_1_58' title="bbox 565 3157 2222 3232">
    <p class='ocr_par' dir='ltr' id='par_1_58' title="bbox 565 3157 2222 3232">
     <span class='ocr_line' id='line_1_58' title="bbox 565 3157 2222 3232; baseline 0 -15"><span class='ocrx_word' id='word_1_414' title='bbox 565 3160 752 3217; x_wconf 90' lang='lat' dir='ltr'><strong>calice</strong></span> <span class='ocrx_word' id='word_1_415' title='bbox 778 3173 1026 3230; x_wconf 90' lang='lat' dir='ltr'><strong>quoque</strong></span> <span class='ocrx_word' id='word_1_416' title='bbox 1058 3157 1334 3214; x_wconf 90' lang='lat' dir='ltr'><strong>divinum</strong></span> <span class='ocrx_word' id='word_1_417' title='bbox 1359 3159 1715 3232; x_wconf 87' lang='lat' dir='ltr'><strong>sanguinem</strong></span> <span class='ocrx_word' id='word_1_418' title='bbox 1743 3160 1928 3216; x_wconf 90' lang='lat' dir='ltr'><strong>bibite</strong></span> <span class='ocrx_word' id='word_1_419' title='bbox 1961 3178 1975 3215; x_wconf 89' lang='lat'><strong>:</strong></span> <span class='ocrx_word' id='word_1_420' title='bbox 2010 3166 2075 3217; x_wconf 92' lang='lat' dir='ltr'><strong>ut</strong></span> <span class='ocrx_word' id='word_1_421' title='bbox 2104 3161 2222 3218; x_wconf 88' lang='lat' dir='ltr'><strong>hoc</strong></span> 
     </span>
    </p>
   </div>
   <div class='ocr_carea' id='block_1_59' title="bbox 566 3245 2221 3320">
    <p class='ocr_par' dir='ltr' id='par_1_59' title="bbox 566 3245 2221 3320">
     <span class='ocr_line' id='line_1_59' title="bbox 566 3245 2221 3320; baseline -0.001 -15"><span class='ocrx_word' id='word_1_422' title='bbox 566 3249 752 3305; x_wconf 82' lang='lat' dir='ltr'><strong>etiam</strong></span> <span class='ocrx_word' id='word_1_423' title='bbox 775 3247 895 3303; x_wconf 87' lang='lat' dir='ltr'><strong>ritu</strong></span> <span class='ocrx_word' id='word_1_424' title='bbox 922 3251 1169 3303; x_wconf 89' lang='lat' dir='ltr'><strong>naturas</strong></span> <span class='ocrx_word' id='word_1_425' title='bbox 1196 3245 1351 3304; x_wconf 91' lang='lat' dir='ltr'><strong>duas</strong></span> <span class='ocrx_word' id='word_1_426' title='bbox 1380 3248 1442 3303; x_wconf 89' lang='lat' dir='ltr'><strong>in</strong></span> <span class='ocrx_word' id='word_1_427' title='bbox 1463 3264 1725 3320; x_wconf 88' lang='lat' dir='ltr'><strong>persona</strong></span> <span class='ocrx_word' id='word_1_428' title='bbox 1742 3265 1866 3305; x_wconf 92' lang='lat' dir='ltr'><strong>una</strong></span> <span class='ocrx_word' id='word_1_429' title='bbox 1886 3250 2098 3305; x_wconf 89' lang='lat' dir='ltr'><strong>Christi</strong></span> <span class='ocrx_word' id='word_1_430' title='bbox 2120 3249 2221 3306; x_wconf 88' lang='lat' dir='ltr'><strong>Dei</strong></span> 
     </span>
    </p>
   </div>
   <div class='ocr_carea' id='block_1_60' title="bbox 568 3333 2223 3409">
    <p class='ocr_par' dir='ltr' id='par_1_60' title="bbox 568 3333 2223 3409">
     <span class='ocr_line' id='line_1_60' title="bbox 568 3333 2223 3409; baseline 0.001 -17"><span class='ocrx_word' id='word_1_431' title='bbox 568 3336 758 3393; x_wconf 87' lang='lat' dir='ltr'><strong>nostri</strong></span> <span class='ocrx_word' id='word_1_432' title='bbox 785 3333 1224 3403; x_wconf 89' lang='lat' dir='ltr'><strong>conﬁteamini;</strong></span> <span class='ocrx_word' id='word_1_433' title='bbox 1255 3340 1437 3408; x_wconf 89' lang='lat' dir='ltr'><strong>atque</strong></span> <span class='ocrx_word' id='word_1_434' title='bbox 1464 3337 1650 3399; x_wconf 91' lang='lat' dir='ltr'><strong>hunc,</strong></span> <span class='ocrx_word' id='word_1_435' title='bbox 1671 3342 1963 3409; x_wconf 87' lang='lat' dir='ltr'><strong>tanquam</strong></span> <span class='ocrx_word' id='word_1_436' title='bbox 1983 3337 2223 3395; x_wconf 80' lang='lat' dir='ltr'><strong>liberta-</strong></span> 
     </span>
    </p>
   </div>
   <div class='ocr_carea' id='block_1_61' title="bbox 568 3423 2217 3496">
    <p class='ocr_par' dir='ltr' id='par_1_61' title="bbox 568 3423 2217 3496">
     <span class='ocr_line' id='line_1_61' title="bbox 568 3423 2217 3496; baseline 0.002 -15"><span class='ocrx_word' id='word_1_437' title='bbox 568 3425 645 3482; x_wconf 89' lang='lat' dir='ltr'><strong>tis</strong></span> <span class='ocrx_word' id='word_1_438' title='bbox 707 3423 921 3481; x_wconf 91' lang='lat' dir='ltr'><strong>mundi</strong></span> <span class='ocrx_word' id='word_1_439' title='bbox 971 3424 1229 3496; x_wconf 89' lang='lat' dir='ltr'><strong>pretium</strong></span> <span class='ocrx_word' id='word_1_440' title='bbox 1277 3430 1494 3496; x_wconf 91' lang='lat' dir='ltr'><strong>sponte</strong></span> <span class='ocrx_word' id='word_1_441' title='bbox 1549 3425 1835 3482; x_wconf 86' lang='lat' dir='ltr'><strong>collatum</strong></span> <span class='ocrx_word' id='word_1_442' title='bbox 1892 3433 2217 3484; x_wconf 89' lang='lat' dir='ltr'><strong>sumentes.</strong></span> 
     </span>
    </p>
   </div>
   <div class='ocr_carea' id='block_1_62' title="bbox 570 3514 2223 3588">
    <p class='ocr_par' dir='ltr' id='par_1_62' title="bbox 570 3514 2223 3588">
     <span class='ocr_line' id='line_1_62' title="bbox 570 3514 2223 3588; baseline 0.002 -20"><span class='ocrx_word' id='word_1_443' title='bbox 570 3518 877 3587; x_wconf 89' lang='lat' dir='ltr'><strong>postremo</strong></span> <span class='ocrx_word' id='word_1_444' title='bbox 902 3529 1009 3570; x_wconf 83' lang='lat' dir='ltr'><strong>vos</strong></span> <span class='ocrx_word' id='word_1_445' title='bbox 1052 3514 1168 3586; x_wconf 85' lang='lat' dir='ltr'><strong>ipsi</strong></span> <span class='ocrx_word' id='word_1_446' title='bbox 1216 3514 1552 3570; x_wconf 87' lang='lat' dir='ltr'><strong>libertatem</strong></span> <span class='ocrx_word' id='word_1_447' title='bbox 1602 3516 2074 3588; x_wconf 90' lang='lat' dir='ltr'><strong>consequemini.</strong></span> <span class='ocrx_word' id='word_1_448' title='bbox 2102 3520 2223 3572; x_wconf 85' lang='lat' dir='ltr'><strong>Hoc</strong></span> 
     </span>
    </p>
   </div>
   <div class='ocr_carea' id='block_1_63' title="bbox 569 3602 2223 3662">
    <p class='ocr_par' dir='ltr' id='par_1_63' title="bbox 569 3602 2223 3662">
     <span class='ocr_line' id='line_1_63' title="bbox 569 3602 2223 3662; baseline 0 -1"><span class='ocrx_word' id='word_1_449' title='bbox 569 3608 771 3662; x_wconf 89' lang='lat' dir='ltr'><strong>autem</strong></span> <span class='ocrx_word' id='word_1_450' title='bbox 799 3603 860 3659; x_wconf 89' lang='lat' dir='ltr'><strong>in</strong></span> <span class='ocrx_word' id='word_1_451' title='bbox 885 3602 1045 3659; x_wconf 90' lang='lat' dir='ltr'><strong>illius</strong></span> <span class='ocrx_word' id='word_1_452' title='bbox 1082 3603 1723 3660; x_wconf 85' lang='lat' dir='ltr'><strong>commemorationem</strong></span> <span class='ocrx_word' id='word_1_453' title='bbox 1768 3606 1965 3661; x_wconf 85' lang='lat' dir='ltr'><strong>facere</strong></span> <span class='ocrx_word' id='word_1_454' title='bbox 2012 3606 2223 3661; x_wconf 88' lang='lat' dir='ltr'><strong>admo-</strong></span> 
     </span>
    </p>
   </div>
   <div class='ocr_carea' id='block_1_64' title="bbox 568 3691 2222 3767">
    <p class='ocr_par' dir='ltr' id='par_1_64' title="bbox 568 3691 2222 3767">
     <span class='ocr_line' id='line_1_64' title="bbox 568 3691 2222 3767; baseline 0.001 -18"><span class='ocrx_word' id='word_1_455' title='bbox 568 3708 821 3750; x_wconf 90' lang='lat' dir='ltr'><strong>nemur.</strong></span> <span class='ocrx_word' id='word_1_456' title='bbox 869 3695 938 3748; x_wconf 86' lang='lat' dir='ltr'><strong>Et</strong></span> <span class='ocrx_word' id='word_1_457' title='bbox 984 3692 1233 3765; x_wconf 90' lang='lat' dir='ltr'><strong>quidem</strong></span> <span class='ocrx_word' id='word_1_458' title='bbox 1282 3691 1502 3748; x_wconf 90' lang='lat' dir='ltr'><strong>locutio</strong></span> <span class='ocrx_word' id='word_1_459' title='bbox 1563 3708 1577 3747; x_wconf 90' lang='lat'><strong>:</strong></span> <span class='ocrx_word' id='word_1_460' title='bbox 1644 3714 1673 3744; x_wconf 85' lang='grc'><strong>‹‹</strong></span> <span class='ocrx_word' id='word_1_461' title='bbox 1732 3693 2222 3767; x_wconf 88' lang='lat' dir='ltr'><strong>Quotiescunque</strong></span> 
     </span>
    </p>
   </div>
   <div class='ocr_carea' id='block_1_65' title="bbox 568 3780 2220 3853">
    <p class='ocr_par' dir='ltr' id='par_1_65' title="bbox 568 3780 2220 3853">
     <span class='ocr_line' id='line_1_65' title="bbox 568 3780 2220 3853; baseline -0.002 -14"><span class='ocrx_word' id='word_1_462' title='bbox 568 3782 1013 3839; x_wconf 86' lang='lat' dir='ltr'><strong>manducabitis</strong></span> <span class='ocrx_word' id='word_1_463' title='bbox 1060 3796 1283 3853; x_wconf 89' lang='lat' dir='ltr'><strong>panem</strong></span> <span class='ocrx_word' id='word_1_464' title='bbox 1328 3780 1491 3837; x_wconf 90' lang='lat' dir='ltr'><strong>hunc</strong></span> <span class='ocrx_word' id='word_1_465' title='bbox 1528 3785 1588 3837; x_wconf 92' lang='lat' dir='ltr'><strong>et</strong></span> <span class='ocrx_word' id='word_1_466' title='bbox 1627 3782 1875 3840; x_wconf 88' lang='lat' dir='ltr'><strong>calicem</strong></span> <span class='ocrx_word' id='word_1_467' title='bbox 1930 3784 2167 3852; x_wconf 89' lang='lat' dir='ltr'><strong>bibetis,</strong></span> <span class='ocrx_word' id='word_1_468' title='bbox 2191 3805 2220 3835; x_wconf 68' lang='grc' dir='ltr'><strong>ν</strong></span> 
     </span>
    </p>
   </div>
   <div class='ocr_carea' id='block_1_66' title="bbox 567 3870 2224 3945">
    <p class='ocr_par' dir='ltr' id='par_1_66' title="bbox 567 3870 2224 3945">
     <span class='ocr_line' id='line_1_66' title="bbox 567 3870 2224 3945; baseline 0 -16"><span class='ocrx_word' id='word_1_469' title='bbox 567 3873 961 3942; x_wconf 82' lang='lat' dir='ltr'><strong>demonstrat,</strong></span> <span class='ocrx_word' id='word_1_470' title='bbox 981 3870 1201 3927; x_wconf 88' lang='lat' dir='ltr'><strong>debere</strong></span> <span class='ocrx_word' id='word_1_471' title='bbox 1253 3870 1371 3927; x_wconf 90' lang='lat' dir='ltr'><strong>hoc</strong></span> <span class='ocrx_word' id='word_1_472' title='bbox 1422 3872 1688 3944; x_wconf 90' lang='lat' dir='ltr'><strong>quotidie</strong></span> <span class='ocrx_word' id='word_1_473' title='bbox 1736 3873 1865 3928; x_wconf 88' lang='lat' dir='ltr'><strong>ﬁeri</strong></span> <span class='ocrx_word' id='word_1_474' title='bbox 1906 3873 1985 3930; x_wconf 91' lang='lat' dir='ltr'><strong>ab</strong></span> <span class='ocrx_word' id='word_1_475' title='bbox 2014 3874 2087 3929; x_wconf 90' lang='lat' dir='ltr'><strong>iis</strong></span> <span class='ocrx_word' id='word_1_476' title='bbox 2117 3873 2224 3945; x_wconf 90' lang='lat' dir='ltr'><strong>qui</strong></span> 
     </span>
    </p>
   </div>
   <div class='ocr_carea' id='block_1_67' title="bbox 566 3960 2220 4034">
    <p class='ocr_par' dir='ltr' id='par_1_67' title="bbox 566 3960 2220 4034">
     <span class='ocr_line' id='line_1_67' title="bbox 566 3960 2220 4034; baseline 0.001 -17"><span class='ocrx_word' id='word_1_477' title='bbox 566 3967 845 4034; x_wconf 87' lang='lat' dir='ltr'><strong>possunt,</strong></span> <span class='ocrx_word' id='word_1_478' title='bbox 873 3960 1130 4032; x_wconf 87' lang='lat' dir='ltr'><strong>ejusque</strong></span> <span class='ocrx_word' id='word_1_479' title='bbox 1150 3974 1262 4031; x_wconf 91' lang='lat' dir='ltr'><strong>pro</strong></span> <span class='ocrx_word' id='word_1_480' title='bbox 1285 3960 1462 4015; x_wconf 90' lang='lat' dir='ltr'><strong>nobis</strong></span> <span class='ocrx_word' id='word_1_481' title='bbox 1489 3960 1838 4032; x_wconf 88' lang='lat' dir='ltr'><strong>passionem</strong></span> <span class='ocrx_word' id='word_1_482' title='bbox 1878 3961 2220 4031; x_wconf 88' lang='lat' dir='ltr'><strong>gloriﬁcari,</strong></span> 
     </span>
    </p>
   </div>
   <div class='ocr_carea' id='block_1_68' title="bbox 566 4048 2223 4124">
    <p class='ocr_par' dir='ltr' id='par_1_68' title="bbox 566 4048 2223 4124">
     <span class='ocr_line' id='line_1_68' title="bbox 566 4048 2223 4124; baseline 0 -15"><span class='ocrx_word' id='word_1_483' title='bbox 566 4056 627 4109; x_wconf 86' lang='lat' dir='ltr'><strong>et</strong></span> <span class='ocrx_word' id='word_1_484' title='bbox 654 4066 848 4124; x_wconf 88' lang='lat' dir='ltr'><strong>usque</strong></span> <span class='ocrx_word' id='word_1_485' title='bbox 879 4049 961 4106; x_wconf 82' lang='lat' dir='ltr'><strong>ad</strong></span> <span class='ocrx_word' id='word_1_486' title='bbox 1005 4048 1342 4105; x_wconf 88' lang='lat' dir='ltr'><strong>secundum</strong></span> <span class='ocrx_word' id='word_1_487' title='bbox 1371 4049 1502 4120; x_wconf 88' lang='lat' dir='ltr'><strong>ejus</strong></span> <span class='ocrx_word' id='word_1_488' title='bbox 1531 4049 1859 4121; x_wconf 86' lang='lat' dir='ltr'><strong>gloriosum</strong></span> <span class='ocrx_word' id='word_1_489' title='bbox 1892 4052 2223 4109; x_wconf 85' lang='lat' dir='ltr'><strong>adventum</strong></span> 
     </span>
    </p>
   </div>
   <div class='ocr_carea' id='block_1_69' title="bbox 565 4138 995 4196">
    <p class='ocr_par' dir='ltr' id='par_1_69' title="bbox 565 4138 995 4196">
     <span class='ocr_line' id='line_1_69' title="bbox 565 4138 995 4196; baseline -0.005 0"><span class='ocrx_word' id='word_1_490' title='bbox 565 4138 995 4196; x_wconf 88' lang='lat' dir='ltr'><strong>concelebrari.</strong></span> 
     </span>
    </p>
   </div>
   <div class='ocr_carea' id='block_1_70' title="bbox 637 4313 2225 4392">
    <p class='ocr_par' dir='ltr' id='par_1_70' title="bbox 637 4313 2225 4392">
     <span class='ocr_line' id='line_1_70' title="bbox 637 4313 2225 4392; baseline 0.002 -20"><span class='ocrx_word' id='word_1_491' title='bbox 637 4322 727 4372; x_wconf 83' lang='lat'><strong>27.</strong></span> <span class='ocrx_word' id='word_1_492' title='bbox 764 4319 829 4371; x_wconf 83' lang='lat' dir='ltr'><strong>Et</strong></span> <span class='ocrx_word' id='word_1_493' title='bbox 854 4320 989 4388; x_wconf 89' lang='lat' dir='ltr'><strong>post</strong></span> <span class='ocrx_word' id='word_1_494' title='bbox 1011 4313 1319 4373; x_wconf 89' lang='lat' dir='ltr'><strong>recitatam</strong></span> <span class='ocrx_word' id='word_1_495' title='bbox 1348 4331 1591 4389; x_wconf 90' lang='lat' dir='ltr'><strong>precem</strong></span> <span class='ocrx_word' id='word_1_496' title='bbox 1614 4318 1879 4375; x_wconf 91' lang='lat' dir='ltr'><strong>ostendit</strong></span> <span class='ocrx_word' id='word_1_497' title='bbox 1901 4318 2225 4392; x_wconf 90' lang='lat' dir='ltr'><strong>episcopus</strong></span> 
     </span>
    </p>
   </div>
   <div class='ocr_carea' id='block_1_71' title="bbox 566 4402 2224 4480">
    <p class='ocr_par' dir='ltr' id='par_1_71' title="bbox 566 4402 2224 4480">
     <span class='ocr_line' id='line_1_71' title="bbox 566 4402 2224 4480; baseline -0.001 -16"><span class='ocrx_word' id='word_1_498' title='bbox 566 4422 665 4463; x_wconf 88' lang='lat' dir='ltr'><strong>res</strong></span> <span class='ocrx_word' id='word_1_499' title='bbox 695 4409 937 4461; x_wconf 82' lang='lat' dir='ltr'><strong>sanctas</strong></span> <span class='ocrx_word' id='word_1_500' title='bbox 966 4402 1174 4459; x_wconf 91' lang='lat' dir='ltr'><strong>dicens</strong></span> <span class='ocrx_word' id='word_1_501' title='bbox 1199 4422 1212 4459; x_wconf 89' lang='lat'><strong>:</strong></span> <span class='ocrx_word' id='word_1_502' title='bbox 1249 4426 1278 4456; x_wconf 76' lang='grc' dir='ltr'>κ</span> <span class='ocrx_word' id='word_1_503' title='bbox 1299 4408 1366 4461; x_wconf 90' lang='lat' dir='ltr'><strong>Et</strong></span> <span class='ocrx_word' id='word_1_504' title='bbox 1394 4405 1487 4462; x_wconf 85' lang='lat' dir='ltr'><strong>fac</strong></span> <span class='ocrx_word' id='word_1_505' title='bbox 1508 4412 1574 4463; x_wconf 90' lang='lat' dir='ltr'><strong>ut</strong></span> <span class='ocrx_word' id='word_1_506' title='bbox 1609 4409 1789 4478; x_wconf 90' lang='lat' dir='ltr'><strong>panis</strong></span> <span class='ocrx_word' id='word_1_507' title='bbox 1815 4407 1912 4462; x_wconf 91' lang='lat' dir='ltr'><strong>hic</strong></span> <span class='ocrx_word' id='word_1_508' title='bbox 1929 4406 2004 4462; x_wconf 88' lang='lat' dir='ltr'><strong>sit</strong></span> <span class='ocrx_word' id='word_1_509' title='bbox 2021 4407 2224 4480; x_wconf 91' lang='lat' dir='ltr'><strong>ipsum</strong></span> 
     </span>
    </p>
   </div>
   <div class='ocr_carea' id='block_1_72' title="bbox 567 4493 2225 4567">
    <p class='ocr_par' dir='ltr' id='par_1_72' title="bbox 567 4493 2225 4567">
     <span class='ocr_line' id='line_1_72' title="bbox 567 4493 2225 4567; baseline 0.001 -17"><span class='ocrx_word' id='word_1_510' title='bbox 567 4493 900 4567; x_wconf 85' lang='lat' dir='ltr'><strong>pretiosum</strong></span> <span class='ocrx_word' id='word_1_511' title='bbox 928 4507 1149 4565; x_wconf 91' lang='lat' dir='ltr'><strong>corpus</strong></span> <span class='ocrx_word' id='word_1_512' title='bbox 1173 4495 1411 4551; x_wconf 90' lang='lat' dir='ltr'><strong>Domini</strong></span> <span class='ocrx_word' id='word_1_513' title='bbox 1443 4496 1543 4552; x_wconf 89' lang='lat' dir='ltr'><strong>Dei</strong></span> <span class='ocrx_word' id='word_1_514' title='bbox 1579 4512 1652 4552; x_wconf 88' lang='lat' dir='ltr'><strong>ac</strong></span> <span class='ocrx_word' id='word_1_515' title='bbox 1681 4496 2011 4551; x_wconf 89' lang='lat' dir='ltr'><strong>Servatoris</strong></span> <span class='ocrx_word' id='word_1_516' title='bbox 2035 4496 2225 4552; x_wconf 91' lang='lat' dir='ltr'><strong>nostri</strong></span> 
     </span>
    </p>
   </div>
   <div class='ocr_carea' id='block_1_73' title="bbox 567 4582 2224 4657">
    <p class='ocr_par' dir='ltr' id='par_1_73' title="bbox 567 4582 2224 4657">
     <span class='ocr_line' id='line_1_73' title="bbox 567 4582 2224 4657; baseline 0.002 -17"><span class='ocrx_word' id='word_1_517' title='bbox 567 4585 710 4640; x_wconf 77' lang='lat' dir='ltr'><strong>Jesu</strong></span> <span class='ocrx_word' id='word_1_518' title='bbox 734 4582 976 4651; x_wconf 87' lang='lat' dir='ltr'><strong>Christi;</strong></span> <span class='ocrx_word' id='word_1_519' title='bbox 1007 4583 1175 4655; x_wconf 89' lang='lat' dir='ltr'><strong>quod</strong></span> <span class='ocrx_word' id='word_1_520' title='bbox 1205 4589 1406 4641; x_wconf 89' lang='lat' dir='ltr'><strong>autem</strong></span> <span class='ocrx_word' id='word_1_521' title='bbox 1433 4585 1602 4642; x_wconf 88' lang='lat' dir='ltr'><strong>estin</strong></span> <span class='ocrx_word' id='word_1_522' title='bbox 1624 4586 1741 4641; x_wconf 89' lang='lat' dir='ltr'><strong>hoc</strong></span> <span class='ocrx_word' id='word_1_523' title='bbox 1770 4583 1970 4655; x_wconf 87' lang='lat' dir='ltr'><strong>calice,</strong></span> <span class='ocrx_word' id='word_1_524' title='bbox 1997 4584 2070 4641; x_wconf 90' lang='lat' dir='ltr'><strong>sit</strong></span> <span class='ocrx_word' id='word_1_525' title='bbox 2094 4585 2224 4657; x_wconf 89' lang='lat' dir='ltr'><strong>ipse</strong></span> 
     </span>
    </p>
   </div>
   <div class='ocr_carea' id='block_1_74' title="bbox 570 4671 2225 4745">
    <p class='ocr_par' dir='ltr' id='par_1_74' title="bbox 570 4671 2225 4745">
     <span class='ocr_line' id='line_1_74' title="bbox 570 4671 2225 4745; baseline 0.002 -17"><span class='ocrx_word' id='word_1_526' title='bbox 570 4671 867 4745; x_wconf 90' lang='lat' dir='ltr'><strong>pretiosus</strong></span> <span class='ocrx_word' id='word_1_527' title='bbox 914 4672 1163 4742; x_wconf 88' lang='lat' dir='ltr'><strong>sanguis</strong></span> <span class='ocrx_word' id='word_1_528' title='bbox 1213 4673 1427 4730; x_wconf 87' lang='lat' dir='ltr'><strong>Christi</strong></span> <span class='ocrx_word' id='word_1_529' title='bbox 1477 4672 1583 4743; x_wconf 89' lang='lat' dir='ltr'><strong>tui,</strong></span> <span class='ocrx_word' id='word_1_530' title='bbox 1631 4672 1964 4729; x_wconf 88' lang='lat' dir='ltr'><strong>immutans</strong></span> <span class='ocrx_word' id='word_1_531' title='bbox 2013 4683 2225 4731; x_wconf 89' lang='lat' dir='ltr'><strong>sancto</strong></span> 
     </span>
    </p>
   </div>
   <div class='ocr_carea' id='block_1_75' title="bbox 571 4759 2225 4834">
    <p class='ocr_par' dir='ltr' id='par_1_75' title="bbox 571 4759 2225 4834">
     <span class='ocr_line' id='line_1_75' title="bbox 571 4759 2225 4834; baseline 0.001 -16"><span class='ocrx_word' id='word_1_532' title='bbox 571 4760 793 4834; x_wconf 88' lang='lat' dir='ltr'><strong>Spiritu</strong></span> <span class='ocrx_word' id='word_1_533' title='bbox 817 4765 939 4828; x_wconf 91' lang='lat' dir='ltr'><strong>tuo,</strong></span> <span class='ocrx_word' id='word_1_534' title='bbox 963 4761 1071 4834; x_wconf 89' lang='lat' dir='ltr'><strong>qui</strong></span> <span class='ocrx_word' id='word_1_535' title='bbox 1095 4761 1325 4818; x_wconf 81' lang='lat' dir='ltr'><strong>effusus</strong></span> <span class='ocrx_word' id='word_1_536' title='bbox 1342 4759 1452 4817; x_wconf 81' lang='lat' dir='ltr'><strong>fuit</strong></span> <span class='ocrx_word' id='word_1_537' title='bbox 1478 4776 1591 4833; x_wconf 85' lang='lat' dir='ltr'><strong>pro</strong></span> <span class='ocrx_word' id='word_1_538' title='bbox 1618 4760 1835 4817; x_wconf 89' lang='lat' dir='ltr'><strong>mundi</strong></span> <span class='ocrx_word' id='word_1_539' title='bbox 1872 4764 2016 4819; x_wconf 88' lang='lat' dir='ltr'><strong>vita.</strong></span> <span class='ocrx_word' id='word_1_540' title='bbox 2045 4764 2225 4828; x_wconf 70' lang='lat' dir='ltr'><strong>»Qu¢n</strong></span> 
     </span>
    </p>
   </div>
   <div class='ocr_carea' id='block_1_76' title="bbox 638 4876 1747 4950">
    <p class='ocr_par' dir='ltr' id='par_1_76' title="bbox 638 4876 1747 4950">
     <span class='ocr_line' id='line_1_76' title="bbox 638 4876 1747 4950; baseline -0.001 -18"><span class='ocrx_word' id='word_1_541' title='bbox 638 4877 690 4912; x_wconf 72' lang='grc' dir='ltr'><strong>³ο</strong></span> <span class='ocrx_word' id='word_1_542' title='bbox 726 4876 878 4933; x_wconf 89' lang='lat' dir='ltr'><strong>Psal.</strong></span> <span class='ocrx_word' id='word_1_543' title='bbox 904 4893 1093 4950; x_wconf 69' lang='grc' dir='ltr'>χχχιιι,</span> <span class='ocrx_word' id='word_1_544' title='bbox 1116 4880 1169 4934; x_wconf 83' lang='grc'><strong>9.</strong></span> <span class='ocrx_word' id='word_1_545' title='bbox 1246 4878 1292 4913; x_wconf 83' lang='grc'>²¹</span> <span class='ocrx_word' id='word_1_546' title='bbox 1335 4878 1355 4930; x_wconf 89' lang='grc' dir='ltr'>Ι</span> <span class='ocrx_word' id='word_1_547' title='bbox 1383 4879 1515 4933; x_wconf 91' lang='lat' dir='ltr'><strong>Cor.</strong></span> <span class='ocrx_word' id='word_1_548' title='bbox 1544 4892 1625 4943; x_wconf 70' lang='grc' dir='ltr'>χι,</span> <span class='ocrx_word' id='word_1_549' title='bbox 1658 4880 1747 4933; x_wconf 83' lang='lat'><strong>28.</strong></span> 
     </span>
    </p>
   </div>
   <div class='ocr_carea' id='block_1_77' title="bbox 644 4991 2225 5068">
    <p class='ocr_par' dir='ltr' id='par_1_77' title="bbox 644 4991 2225 5068">
     <span class='ocr_line' id='line_1_77' title="bbox 644 4991 2225 5068; baseline 0.003 -21"><span class='ocrx_word' id='word_1_550' title='bbox 644 4993 759 5068; x_wconf 82' lang='lat'><strong>(29)</strong></span> <span class='ocrx_word' id='word_1_551' title='bbox 788 4993 1067 5068; x_wconf 83' lang='lat' dir='ltr'><strong>Proponit</strong></span> <span class='ocrx_word' id='word_1_552' title='bbox 1104 4991 1202 5068; x_wconf 79' lang='lat' dir='ltr'><strong>hic</strong></span> <span class='ocrx_word' id='word_1_553' title='bbox 1242 4992 1482 5068; x_wconf 66' lang='lat' dir='ltr'><strong>Graecus</strong></span> <span class='ocrx_word' id='word_1_554' title='bbox 1522 4991 1714 5068; x_wconf 77' lang='lat' dir='ltr'><strong>homo</strong></span> <span class='ocrx_word' id='word_1_555' title='bbox 1752 4996 2048 5068; x_wconf 86' lang='lat' dir='ltr'><strong>tanquam</strong></span> <span class='ocrx_word' id='word_1_556' title='bbox 2093 5011 2225 5068; x_wconf 79' lang='lat' dir='ltr'><strong>per-</strong></span> 
     </span>
    </p>
   </div>
   <div class='ocr_carea' id='block_1_78' title="bbox 571 5060 2225 5137">
    <p class='ocr_par' dir='ltr' id='par_1_78' title="bbox 571 5060 2225 5137">
     <span class='ocr_line' id='line_1_78' title="bbox 571 5060 2225 5137; baseline 0.001 -17"><span class='ocrx_word' id='word_1_557' title='bbox 571 5060 938 5137; x_wconf 79' lang='lat' dir='ltr'><strong>emptionem</strong></span> <span class='ocrx_word' id='word_1_558' title='bbox 993 5063 1206 5137; x_wconf 82' lang='lat' dir='ltr'><strong>Christi</strong></span> <span class='ocrx_word' id='word_1_559' title='bbox 1254 5063 1452 5137; x_wconf 86' lang='lat' dir='ltr'><strong>legem</strong></span> <span class='ocrx_word' id='word_1_560' title='bbox 1500 5060 1574 5118; x_wconf 89' lang='lat' dir='ltr'><strong>de</strong></span> <span class='ocrx_word' id='word_1_561' title='bbox 1631 5060 2057 5137; x_wconf 73' lang='lat' dir='ltr'><strong>communione</strong></span> <span class='ocrx_word' id='word_1_562' title='bbox 2094 5060 2225 5122; x_wconf 68' lang='lat' dir='ltr'><strong>&#39;sub</strong></span> 
     </span>
    </p>
   </div>
   <div class='ocr_carea' id='block_1_79' title="bbox 570 5134 2227 5210">
    <p class='ocr_par' dir='ltr' id='par_1_79' title="bbox 570 5134 2227 5210">
     <span class='ocr_line' id='line_1_79' title="bbox 570 5134 2227 5210; baseline 0.001 -18"><span class='ocrx_word' id='word_1_563' title='bbox 570 5134 823 5210; x_wconf 75' lang='lat' dir='ltr'><strong>utraque</strong></span> <span class='ocrx_word' id='word_1_564' title='bbox 848 5136 1066 5210; x_wconf 88' lang='lat' dir='ltr'><strong>specie.</strong></span> <span class='ocrx_word' id='word_1_565' title='bbox 1094 5134 1206 5189; x_wconf 92' lang='lat' dir='ltr'><strong>Sed</strong></span> <span class='ocrx_word' id='word_1_566' title='bbox 1238 5134 1459 5189; x_wconf 85' lang='lat' dir='ltr'><strong>videsis</strong></span> <span class='ocrx_word' id='word_1_567' title='bbox 1485 5135 1651 5210; x_wconf 81' lang='lat' dir='ltr'><strong>apud</strong></span> <span class='ocrx_word' id='word_1_568' title='bbox 1680 5136 1994 5210; x_wconf 82' lang='lat' dir='ltr'><strong>theologos</strong></span> <span class='ocrx_word' id='word_1_569' title='bbox 2022 5139 2227 5210; x_wconf 89' lang='lat' dir='ltr'><strong>apolo-</strong></span> 
     </span>
    </p>
   </div>
   <div class='ocr_carea' id='block_1_80' title="bbox 571 5205 2227 5280">
    <p class='ocr_par' dir='ltr' id='par_1_80' title="bbox 571 5205 2227 5280">
     <span class='ocr_line' id='line_1_80' title="bbox 571 5205 2227 5280; baseline 0.001 -16"><span class='ocrx_word' id='word_1_570' title='bbox 571 5208 701 5277; x_wconf 86' lang='lat' dir='ltr'><strong>gias</strong></span> <span class='ocrx_word' id='word_1_571' title='bbox 722 5205 1022 5280; x_wconf 74' lang='lat' dir='ltr'><strong>plurimas</strong></span> <span class='ocrx_word' id='word_1_572' title='bbox 1052 5220 1186 5280; x_wconf 86' lang='lat' dir='ltr'><strong>pro_</strong></span> <span class='ocrx_word' id='word_1_573' title='bbox 1208 5205 1653 5280; x_wconf 77' lang='lat' dir='ltr'><strong>communionis</strong></span> <span class='ocrx_word' id='word_1_574' title='bbox 1680 5207 1794 5263; x_wconf 89' lang='lat' dir='ltr'><strong>sub</strong></span> <span class='ocrx_word' id='word_1_575' title='bbox 1820 5205 1999 5265; x_wconf 86' lang='lat' dir='ltr'><strong>unica</strong></span> <span class='ocrx_word' id='word_1_576' title='bbox 2027 5205 2227 5280; x_wconf 82' lang='lat' dir='ltr'><strong>specie</strong></span> 
     </span>
    </p>
   </div>
   <div class='ocr_carea' id='block_1_81' title="bbox 569 5274 2227 5351">
    <p class='ocr_par' dir='ltr' id='par_1_81' title="bbox 569 5274 2227 5351">
     <span class='ocr_line' id='line_1_81' title="bbox 569 5274 2227 5351; baseline 0.001 -17"><span class='ocrx_word' id='word_1_577' title='bbox 569 5274 706 5351; x_wconf 71' lang='lat' dir='ltr'><strong>ritu,</strong></span> <span class='ocrx_word' id='word_1_578' title='bbox 727 5274 858 5351; x_wconf 70' lang='lat' dir='ltr'><strong>quo</strong></span> <span class='ocrx_word' id='word_1_579' title='bbox 884 5274 1133 5351; x_wconf 60' lang='lat' dir='ltr'><strong>utuntur</strong></span> <span class='ocrx_word' id='word_1_580' title='bbox 1162 5274 1371 5351; x_wconf 80' lang='lat' dir='ltr'><strong>Latini.</strong></span> <span class='ocrx_word' id='word_1_581' title='bbox 1396 5278 1594 5351; x_wconf 59' lang='lat' dir='ltr'><strong>Exstat</strong></span> <span class='ocrx_word' id='word_1_582' title='bbox 1621 5295 1863 5351; x_wconf 89' lang='lat' dir='ltr'><strong>quoque</strong></span> <span class='ocrx_word' id='word_1_583' title='bbox 1889 5274 2085 5336; x_wconf 65' lang='lat' dir='ltr'><strong>.tllatii</strong></span> <span class='ocrx_word' id='word_1_584' title='bbox 2113 5279 2227 5336; x_wconf 89' lang='lat' dir='ltr'><strong>hac</strong></span> 
     </span>
    </p>
   </div>
   <div class='ocr_carea' id='block_1_82' title="bbox 571 5347 2228 5423">
    <p class='ocr_par' dir='ltr' id='par_1_82' title="bbox 571 5347 2228 5423">
     <span class='ocr_line' id='line_1_82' title="bbox 571 5347 2228 5423; baseline 0.002 -19"><span class='ocrx_word' id='word_1_585' title='bbox 571 5349 645 5423; x_wconf 66' lang='lat' dir='ltr'><strong>de</strong></span> <span class='ocrx_word' id='word_1_586' title='bbox 674 5347 1090 5423; x_wconf 34' lang='lat' dir='ltr'><strong>rejdisputatio</strong></span> <span class='ocrx_word' id='word_1_587' title='bbox 1128 5363 1239 5417; x_wconf 86' lang='lat' dir='ltr'><strong>pro</strong></span> <span class='ocrx_word' id='word_1_588' title='bbox 1289 5347 1539 5415; x_wconf 88' lang='lat' dir='ltr'><strong>Latinis;</strong></span> <span class='ocrx_word' id='word_1_589' title='bbox 1581 5347 1786 5423; x_wconf 82' lang='lat' dir='ltr'><strong>neque</strong></span> <span class='ocrx_word' id='word_1_590' title='bbox 1828 5351 1990 5406; x_wconf 89' lang='lat' dir='ltr'><strong>enim</strong></span> <span class='ocrx_word' id='word_1_591' title='bbox 2015 5366 2228 5407; x_wconf 92' lang='lat' dir='ltr'><strong>omnes</strong></span> 
     </span>
    </p>
   </div>
   <div class='ocr_carea' id='block_1_83' title="bbox 569 5418 1219 5477">
    <p class='ocr_par' dir='ltr' id='par_1_83' title="bbox 569 5418 1219 5477">
     <span class='ocr_line' id='line_1_83' title="bbox 569 5418 1219 5477; baseline -0.008 0"><span class='ocrx_word' id='word_1_592' title='bbox 569 5419 757 5477; x_wconf 78' lang='lat' dir='ltr'><strong>Graeci</strong></span> <span class='ocrx_word' id='word_1_593' title='bbox 785 5418 1219 5474; x_wconf 88' lang='lat' dir='ltr'><strong>contradicunt.</strong></span> 
     </span>
    </p>
   </div>
   <div class='ocr_carea' id='block_1_84' title="bbox 642 5488 2228 5564">
    <p class='ocr_par' dir='ltr' id='par_1_84' title="bbox 642 5488 2228 5564">
     <span class='ocr_line' id='line_1_84' title="bbox 642 5488 2228 5564; baseline 0.002 -18"><span class='ocrx_word' id='word_1_594' title='bbox 642 5492 759 5557; x_wconf 85' lang='lat'><strong>(30)</strong></span> <span class='ocrx_word' id='word_1_595' title='bbox 802 5491 857 5564; x_wconf 90' lang='lat' dir='ltr'><strong>S_.</strong></span> <span class='ocrx_word' id='word_1_596' title='bbox 904 5490 1106 5546; x_wconf 87' lang='lat' dir='ltr'><strong>Petrus</strong></span> <span class='ocrx_word' id='word_1_597' title='bbox 1148 5488 1435 5564; x_wconf 85' lang='lat' dir='ltr'><strong>_Damiani</strong></span> <span class='ocrx_word' id='word_1_598' title='bbox 1486 5506 1586 5564; x_wconf 90' lang='lat' dir='ltr'><strong>op.</strong></span> <span class='ocrx_word' id='word_1_599' title='bbox 1621 5492 1716 5564; x_wconf 86' lang='lat' dir='ltr'><strong>cit.</strong></span> <span class='ocrx_word' id='word_1_600' title='bbox 1757 5507 1822 5549; x_wconf 89' lang='lat' dir='ltr'><strong>n.</strong></span> <span class='ocrx_word' id='word_1_601' title='bbox 1870 5495 1901 5548; x_wconf 92' lang='lat'>8</span> <span class='ocrx_word' id='word_1_602' title='bbox 1945 5509 1957 5547; x_wconf 92' lang='lat'>:</span> <span class='ocrx_word' id='word_1_603' title='bbox 2012 5493 2228 5551; x_wconf 78' lang='lat' dir='ltr'><strong>Faciat</strong></span> 
     </span>
    </p>
   </div>
   <div class='ocr_carea' id='block_1_85' title="bbox 570 5560 2225 5635">
    <p class='ocr_par' dir='ltr' id='par_1_85' title="bbox 570 5560 2225 5635">
     <span class='ocr_line' id='line_1_85' title="bbox 570 5560 2225 5635; baseline 0.004 -20"><span class='ocrx_word' id='word_1_604' title='bbox 570 5562 981 5635; x_wconf 59' lang='lat' dir='ltr'><strong>unusquisque</strong></span> <span class='ocrx_word' id='word_1_605' title='bbox 1000 5560 1160 5631; x_wconf 85' lang='lat' dir='ltr'><strong>quod</strong></span> <span class='ocrx_word' id='word_1_606' title='bbox 1174 5562 1341 5635; x_wconf 64' lang='lat' dir='ltr'><strong>pium</strong></span> <span class='ocrx_word' id='word_1_607' title='bbox 1363 5560 1685 5635; x_wconf 61' lang='lat' dir='ltr'><strong>crediderit</strong></span> <span class='ocrx_word' id='word_1_608' title='bbox 1708 5578 1829 5619; x_wconf 85' lang='lat' dir='ltr'><strong>esse</strong></span> <span class='ocrx_word' id='word_1_609' title='bbox 1846 5564 2225 5635; x_wconf 81' lang='lat' dir='ltr'><strong>faciendum;</strong></span> 
     </span>
    </p>
   </div>
   <div class='ocr_carea' id='block_1_86' title="bbox 573 5631 2227 5694">
    <p class='ocr_par' dir='ltr' id='par_1_86' title="bbox 573 5631 2227 5694">
     <span class='ocr_line' id='line_1_86' title="bbox 573 5631 2227 5694; baseline 0.003 -7"><span class='ocrx_word' id='word_1_610' title='bbox 573 5631 786 5687; x_wconf 79' lang='lat' dir='ltr'><strong>hortor</strong></span> <span class='ocrx_word' id='word_1_611' title='bbox 820 5633 1018 5687; x_wconf 79' lang='lat' dir='ltr'><strong>tamen</strong></span> <span class='ocrx_word' id='word_1_612' title='bbox 1054 5631 1327 5688; x_wconf 81' lang='lat' dir='ltr'><strong>omnibus</strong></span> <span class='ocrx_word' id='word_1_613' title='bbox 1374 5633 1581 5690; x_wconf 73' lang='lat' dir='ltr'><strong>diebus</strong></span> <span class='ocrx_word' id='word_1_614' title='bbox 1624 5631 1952 5691; x_wconf 79' lang='lat' dir='ltr'><strong>Dominicis</strong></span> <span class='ocrx_word' id='word_1_615' title='bbox 1985 5650 2107 5694; x_wconf 85' lang='lat' dir='ltr'><strong>esse</strong></span> <span class='ocrx_word' id='word_1_616' title='bbox 2128 5631 2227 5692; x_wconf 55' lang='lat' dir='ltr'><strong>su;</strong></span> 
     </span>
    </p>
   </div>
   <div class='ocr_carea' id='block_1_87' title="bbox 2331 2613 3941 2691">
    <p class='ocr_par' dir='ltr' id='par_1_87' title="bbox 2331 2613 3941 2691">
     <span class='ocr_line' id='line_1_87' title="bbox 2331 2613 3941 2691; baseline -0.001 -20"><span class='ocrx_word' id='word_1_617' title='bbox 2331 2615 2707 2691; x_wconf 78' lang='grc' dir='ltr'>δοκιμασμένοι</span> <span class='ocrx_word' id='word_1_618' title='bbox 2746 2622 2844 2675; x_wconf 83' lang='grc' dir='ltr'>τὴν</span> <span class='ocrx_word' id='word_1_619' title='bbox 2885 2613 3211 2675; x_wconf 72' lang='grc' dir='ltr'>συνείδησιν.</span> <span class='ocrx_word' id='word_1_620' title='bbox 3247 2620 3319 2670; x_wconf 89' lang='lat' dir='ltr'><strong>T6</strong></span> <span class='ocrx_word' id='word_1_621' title='bbox 3358 2613 3419 2669; x_wconf 72' lang='grc' dir='ltr'>δὲ</span> <span class='ocrx_word' id='word_1_622' title='bbox 3465 2614 3516 2669; x_wconf 74' lang='grc' dir='ltr'>ἓν</span> <span class='ocrx_word' id='word_1_623' title='bbox 3563 2624 3635 2687; x_wconf 80' lang='grc' dir='ltr'>τῷ</span> <span class='ocrx_word' id='word_1_624' title='bbox 3659 2659 3674 2687; x_wconf 90' lang='grc'><strong>,</strong></span> <span class='ocrx_word' id='word_1_625' title='bbox 3706 2638 3737 2668; x_wconf 82' lang='grc'><strong>‹‹</strong></span> <span class='ocrx_word' id='word_1_626' title='bbox 3791 2622 3941 2670; x_wconf 86' lang='grc' dir='ltr'>πίετε</span> 
     </span>
    </p>
   </div>
   <div class='ocr_carea' id='block_1_88' title="bbox 2328 2705 3940 2779">
    <p class='ocr_par' dir='ltr' id='par_1_88' title="bbox 2328 2705 3940 2779">
     <span class='ocr_line' id='line_1_88' title="bbox 2328 2705 3940 2779; baseline -0.002 -18"><span class='ocrx_word' id='word_1_627' title='bbox 2328 2711 2537 2776; x_wconf 87' lang='grc' dir='ltr'>πάντες,</span> <span class='ocrx_word' id='word_1_628' title='bbox 2576 2729 2608 2759; x_wconf 81' lang='grc'><strong>››</strong></span> <span class='ocrx_word' id='word_1_629' title='bbox 2664 2712 2817 2779; x_wconf 86' lang='grc' dir='ltr'>νόμος</span> <span class='ocrx_word' id='word_1_630' title='bbox 2864 2705 2978 2760; x_wconf 76' lang='grc' dir='ltr'>ὶστὶ</span> <span class='ocrx_word' id='word_1_631' title='bbox 3045 2705 3151 2767; x_wconf 74' lang='grc' dir='ltr'><strong>τοίς</strong></span> <span class='ocrx_word' id='word_1_632' title='bbox 3214 2706 3550 2779; x_wconf 77' lang='grc' dir='ltr'>μετειληφόσι</span> <span class='ocrx_word' id='word_1_633' title='bbox 3627 2714 3720 2759; x_wconf 89' lang='grc' dir='ltr'><strong>τοῦ</strong></span> <span class='ocrx_word' id='word_1_634' title='bbox 3789 2709 3940 2759; x_wconf 84' lang='grc' dir='ltr'>θείου</span> 
     </span>
    </p>
   </div>
   <div class='ocr_carea' id='block_1_89' title="bbox 2332 2795 3938 2871">
    <p class='ocr_par' dir='ltr' id='par_1_89' title="bbox 2332 2795 3938 2871">
     <span class='ocr_line' id='line_1_89' title="bbox 2332 2795 3938 2871; baseline -0.001 -19"><span class='ocrx_word' id='word_1_635' title='bbox 2332 2803 2574 2870; x_wconf 83' lang='grc' dir='ltr'>σώματος</span> <span class='ocrx_word' id='word_1_636' title='bbox 2600 2838 2615 2865; x_wconf 91' lang='grc'><strong>,</strong></span> <span class='ocrx_word' id='word_1_637' title='bbox 2651 2795 3125 2871; x_wconf 79' lang='grc' dir='ltr'>παρακελευόμενος</span> <span class='ocrx_word' id='word_1_638' title='bbox 3178 2799 3384 2858; x_wconf 85' lang='grc' dir='ltr'>τούτοις</span> <span class='ocrx_word' id='word_1_639' title='bbox 3420 2801 3511 2849; x_wconf 84' lang='grc' dir='ltr'>καὶ</span> <span class='ocrx_word' id='word_1_640' title='bbox 3757 2814 3772 2829; x_wconf 76' lang='grc' dir='ltr'><strong><em>ο</em></strong></span> <span class='ocrx_word' id='word_1_641' title='bbox 3805 2801 3938 2852; x_wconf 79' lang='grc' dir='ltr'><strong>Μη-</strong></span> 
     </span>
    </p>
   </div>
   <div class='ocr_carea' id='block_1_90' title="bbox 2332 2883 3942 2957">
    <p class='ocr_par' dir='ltr' id='par_1_90' title="bbox 2332 2883 3942 2957">
     <span class='ocr_line' id='line_1_90' title="bbox 2332 2883 3942 2957; baseline -0.002 -18"><span class='ocrx_word' id='word_1_642' title='bbox 2332 2884 2440 2949; x_wconf 83' lang='grc' dir='ltr'>δεὶς</span> <span class='ocrx_word' id='word_1_643' title='bbox 2495 2894 2597 2938; x_wconf 85' lang='grc' dir='ltr'>τῶν</span> <span class='ocrx_word' id='word_1_644' title='bbox 2632 2893 2725 2938; x_wconf 80' lang='grc' dir='ltr'><strong>τοῦ</strong></span> <span class='ocrx_word' id='word_1_645' title='bbox 2776 2887 2914 2938; x_wconf 87' lang='grc' dir='ltr'>θείου</span> <span class='ocrx_word' id='word_1_646' title='bbox 2968 2890 3210 2957; x_wconf 81' lang='grc' dir='ltr'>σώματος</span> <span class='ocrx_word' id='word_1_647' title='bbox 3254 2884 3672 2947; x_wconf 83' lang='grc' dir='ltr'>καταξιωθέντων</span> <span class='ocrx_word' id='word_1_648' title='bbox 3712 2883 3942 2956; x_wconf 73' lang='grc' dir='ltr'>μεταλα-</span> 
     </span>
    </p>
   </div>
   <div class='ocr_carea' id='block_1_91' title="bbox 2330 2972 3940 3048">
    <p class='ocr_par' dir='ltr' id='par_1_91' title="bbox 2330 2972 3940 3048">
     <span class='ocr_line' id='line_1_91' title="bbox 2330 2972 3940 3048; baseline -0.001 -21"><span class='ocrx_word' id='word_1_649' title='bbox 2330 2979 2435 3029; x_wconf 78' lang='grc' dir='ltr'>ϐεῖν</span> <span class='ocrx_word' id='word_1_650' title='bbox 2481 2978 2620 3027; x_wconf 79' lang='grc' dir='ltr'>εἴποι</span> <span class='ocrx_word' id='word_1_651' title='bbox 2645 2977 2776 3048; x_wconf 88' lang='grc' dir='ltr'>πρὸς</span> <span class='ocrx_word' id='word_1_652' title='bbox 2806 2972 2986 3027; x_wconf 71' lang='grc' dir='ltr'>ἑαυτὸν</span> <span class='ocrx_word' id='word_1_653' title='bbox 3042 2977 3111 3036; x_wconf 80' lang='grc' dir='ltr'>ὡς</span> <span class='ocrx_word' id='word_1_654' title='bbox 3153 2974 3247 3026; x_wconf 75' lang='grc' dir='ltr'><strong>οῦκ</strong></span> <span class='ocrx_word' id='word_1_655' title='bbox 3309 2977 3591 3045; x_wconf 81' lang='grc' dir='ltr'>ἀναγκαῖόν</span> <span class='ocrx_word' id='word_1_656' title='bbox 3628 2972 3774 3025; x_wconf 75' lang='grc' dir='ltr'>ἐστὶν</span> <span class='ocrx_word' id='word_1_657' title='bbox 3803 2980 3940 3026; x_wconf 78' lang='grc' dir='ltr'>πιεῖν</span> 
     </span>
    </p>
   </div>
   <div class='ocr_carea' id='block_1_92' title="bbox 2329 3060 3941 3134">
    <p class='ocr_par' dir='ltr' id='par_1_92' title="bbox 2329 3060 3941 3134">
     <span class='ocr_line' id='line_1_92' title="bbox 2329 3060 3941 3134; baseline -0.001 -19"><span class='ocrx_word' id='word_1_658' title='bbox 2329 3068 2421 3116; x_wconf 80' lang='grc' dir='ltr'>καὶ</span> <span class='ocrx_word' id='word_1_659' title='bbox 2495 3062 2598 3116; x_wconf 77' lang='grc' dir='ltr'><strong>ἀπό</strong></span> <span class='ocrx_word' id='word_1_660' title='bbox 2661 3069 2755 3115; x_wconf 86' lang='grc' dir='ltr'><strong>τοῦ</strong></span> <span class='ocrx_word' id='word_1_661' title='bbox 2811 3063 3029 3134; x_wconf 80' lang='grc' dir='ltr'>αἵματος</span> <span class='ocrx_word' id='word_1_662' title='bbox 3104 3063 3218 3131; x_wconf 85' lang='grc'>(29)</span> <span class='ocrx_word' id='word_1_663' title='bbox 3246 3078 3262 3095; x_wconf 73' lang='grc'><strong>⁸</strong></span> <span class='ocrx_word' id='word_1_664' title='bbox 3295 3061 3424 3115; x_wconf 80' lang='grc' dir='ltr'>ἀλλὰ</span> <span class='ocrx_word' id='word_1_665' title='bbox 3488 3064 3677 3122; x_wconf 84' lang='grc' dir='ltr'>πάντες</span> <span class='ocrx_word' id='word_1_666' title='bbox 3715 3060 3836 3114; x_wconf 88' lang='grc' dir='ltr'>ὂσοι</span> <span class='ocrx_word' id='word_1_667' title='bbox 3888 3060 3941 3113; x_wconf 72' lang='grc' dir='ltr'>ἐκ</span> 
     </span>
    </p>
   </div>
   <div class='ocr_carea' id='block_1_93' title="bbox 2330 3148 3939 3225">
    <p class='ocr_par' dir='ltr' id='par_1_93' title="bbox 2330 3148 3939 3225">
     <span class='ocr_line' id='line_1_93' title="bbox 2330 3148 3939 3225; baseline -0.001 -21"><span class='ocrx_word' id='word_1_668' title='bbox 2330 3160 2422 3205; x_wconf 80' lang='grc' dir='ltr'><strong>τοῦ</strong></span> <span class='ocrx_word' id='word_1_669' title='bbox 2458 3158 2698 3225; x_wconf 82' lang='grc' dir='ltr'>σώματος</span> <span class='ocrx_word' id='word_1_670' title='bbox 2743 3149 3063 3223; x_wconf 84' lang='grc' dir='ltr'>μετελάϐετε,</span> <span class='ocrx_word' id='word_1_671' title='bbox 3090 3155 3181 3203; x_wconf 82' lang='grc' dir='ltr'>καὶ</span> <span class='ocrx_word' id='word_1_672' title='bbox 3228 3149 3285 3203; x_wconf 69' lang='grc' dir='ltr'>ἐκ</span> <span class='ocrx_word' id='word_1_673' title='bbox 3336 3158 3429 3204; x_wconf 87' lang='grc' dir='ltr'><strong>τοῦ</strong></span> <span class='ocrx_word' id='word_1_674' title='bbox 3484 3148 3533 3202; x_wconf 71' lang='grc' dir='ltr'>ἓν</span> <span class='ocrx_word' id='word_1_675' title='bbox 3578 3159 3653 3221; x_wconf 82' lang='grc' dir='ltr'>τῷ</span> <span class='ocrx_word' id='word_1_676' title='bbox 3700 3155 3939 3223; x_wconf 66' lang='grc' dir='ltr'>ποτηρίῳ</span> 
     </span>
    </p>
   </div>
   <div class='ocr_carea' id='block_1_94' title="bbox 2332 3236 3938 3313">
    <p class='ocr_par' dir='ltr' id='par_1_94' title="bbox 2332 3236 3938 3313">
     <span class='ocr_line' id='line_1_94' title="bbox 2332 3236 3938 3313; baseline -0.002 -19"><span class='ocrx_word' id='word_1_677' title='bbox 2332 3243 2469 3294; x_wconf 85' lang='grc' dir='ltr'>θείου</span> <span class='ocrx_word' id='word_1_678' title='bbox 2515 3239 2729 3313; x_wconf 69' lang='grc' dir='ltr'>αἳματος</span> <span class='ocrx_word' id='word_1_679' title='bbox 2775 3244 2917 3293; x_wconf 81' lang='grc' dir='ltr'>πίετε</span> <span class='ocrx_word' id='word_1_680' title='bbox 2949 3260 2961 3272; x_wconf 91' lang='grc'><strong>·</strong></span> <span class='ocrx_word' id='word_1_681' title='bbox 2996 3238 3081 3292; x_wconf 77' lang='grc' dir='ltr'>ἳνα</span> <span class='ocrx_word' id='word_1_682' title='bbox 3125 3244 3216 3292; x_wconf 81' lang='grc' dir='ltr'>καὶ</span> <span class='ocrx_word' id='word_1_683' title='bbox 3254 3242 3418 3311; x_wconf 85' lang='grc' dir='ltr'>τούτῳ</span> <span class='ocrx_word' id='word_1_684' title='bbox 3451 3242 3549 3299; x_wconf 77' lang='grc' dir='ltr'><strong>τὰς</strong></span> <span class='ocrx_word' id='word_1_685' title='bbox 3607 3236 3709 3292; x_wconf 80' lang='grc' dir='ltr'><strong>δύο</strong></span> <span class='ocrx_word' id='word_1_686' title='bbox 3758 3241 3938 3310; x_wconf 73' lang='grc' dir='ltr'>φύσεις</span> 
     </span>
    </p>
   </div>
   <div class='ocr_carea' id='block_1_95' title="bbox 2328 3326 3938 3402">
    <p class='ocr_par' dir='ltr' id='par_1_95' title="bbox 2328 3326 3938 3402">
     <span class='ocr_line' id='line_1_95' title="bbox 2328 3326 3938 3402; baseline -0.001 -21"><span class='ocrx_word' id='word_1_687' title='bbox 2328 3336 2421 3381; x_wconf 83' lang='grc' dir='ltr'><strong>τοῦ</strong></span> <span class='ocrx_word' id='word_1_688' title='bbox 2479 3326 2528 3379; x_wconf 76' lang='grc' dir='ltr'>ἐν</span> <span class='ocrx_word' id='word_1_689' title='bbox 2579 3334 2681 3399; x_wconf 73' lang='grc' dir='ltr'>μιᾷ</span> <span class='ocrx_word' id='word_1_690' title='bbox 2738 3326 3032 3380; x_wconf 74' lang='grc' dir='ltr'>ὑποστάσει</span> <span class='ocrx_word' id='word_1_691' title='bbox 3089 3334 3324 3402; x_wconf 81' lang='grc' dir='ltr'>Χριστοῦ</span> <span class='ocrx_word' id='word_1_692' title='bbox 3398 3332 3533 3381; x_wconf 83' lang='grc' dir='ltr'>Θεοῦ</span> <span class='ocrx_word' id='word_1_693' title='bbox 3597 3328 3749 3398; x_wconf 72' lang='grc' dir='ltr'>ἡμῶν</span> <span class='ocrx_word' id='word_1_694' title='bbox 3807 3326 3938 3379; x_wconf 78' lang='grc' dir='ltr'>ὑπο-</span> 
     </span>
    </p>
   </div>
   <div class='ocr_carea' id='block_1_96' title="bbox 2327 3416 3941 3492">
    <p class='ocr_par' dir='ltr' id='par_1_96' title="bbox 2327 3416 3941 3492">
     <span class='ocr_line' id='line_1_96' title="bbox 2327 3416 3941 3492; baseline -0.001 -23"><span class='ocrx_word' id='word_1_695' title='bbox 2327 3416 2564 3492; x_wconf 72' lang='grc' dir='ltr'>γράψητε</span> <span class='ocrx_word' id='word_1_696' title='bbox 2590 3438 2604 3450; x_wconf 72' lang='grc' dir='ltr'>σ</span> <span class='ocrx_word' id='word_1_697' title='bbox 2645 3420 2735 3469; x_wconf 84' lang='grc' dir='ltr'>καὶ</span> <span class='ocrx_word' id='word_1_698' title='bbox 2773 3419 2843 3478; x_wconf 80' lang='grc' dir='ltr'>ὡς</span> <span class='ocrx_word' id='word_1_699' title='bbox 2893 3421 3053 3488; x_wconf 76' lang='grc' dir='ltr'>τιμὴν</span> <span class='ocrx_word' id='word_1_700' title='bbox 3105 3424 3259 3470; x_wconf 79' lang='grc' dir='ltr'>τοῦτο</span> <span class='ocrx_word' id='word_1_701' title='bbox 3290 3416 3417 3490; x_wconf 65' lang='grc' dir='ltr'>ὑπὲρ</span> <span class='ocrx_word' id='word_1_702' title='bbox 3456 3422 3549 3476; x_wconf 78' lang='grc' dir='ltr'>τῆς</span> <span class='ocrx_word' id='word_1_703' title='bbox 3592 3423 3687 3468; x_wconf 84' lang='grc' dir='ltr'><strong>τοῦ</strong></span> <span class='ocrx_word' id='word_1_704' title='bbox 3730 3419 3941 3487; x_wconf 79' lang='grc' dir='ltr'>κόσμου</span> 
     </span>
    </p>
   </div>
   <div class='ocr_carea' id='block_1_97' title="bbox 2328 3500 3941 3578">
    <p class='ocr_par' dir='ltr' id='par_1_97' title="bbox 2328 3500 3941 3578">
     <span class='ocr_line' id='line_1_97' title="bbox 2328 3500 3941 3578; baseline 0 -21"><span class='ocrx_word' id='word_1_705' title='bbox 2328 3504 2616 3578; x_wconf 75' lang='grc' dir='ltr'>ἐλευθερίας</span> <span class='ocrx_word' id='word_1_706' title='bbox 2682 3504 2929 3566; x_wconf 73' lang='grc' dir='ltr'>ἑκουσίως</span> <span class='ocrx_word' id='word_1_707' title='bbox 2980 3503 3399 3563; x_wconf 81' lang='grc' dir='ltr'>καταϐληθεῖσαν</span> <span class='ocrx_word' id='word_1_708' title='bbox 3465 3500 3774 3576; x_wconf 84' lang='grc' dir='ltr'>δεχόμενοι,</span> <span class='ocrx_word' id='word_1_709' title='bbox 3847 3520 3941 3558; x_wconf 83' lang='grc' dir='ltr'>τε-</span> 
     </span>
    </p>
   </div>
   <div class='ocr_carea' id='block_1_98' title="bbox 2327 3589 3939 3667">
    <p class='ocr_par' dir='ltr' id='par_1_98' title="bbox 2327 3589 3939 3667">
     <span class='ocr_line' id='line_1_98' title="bbox 2327 3589 3939 3667; baseline -0.001 -20"><span class='ocrx_word' id='word_1_710' title='bbox 2327 3594 2473 3657; x_wconf 86' lang='grc' dir='ltr'>λείως</span> <span class='ocrx_word' id='word_1_711' title='bbox 2524 3599 2617 3648; x_wconf 79' lang='grc' dir='ltr'>καὶ</span> <span class='ocrx_word' id='word_1_712' title='bbox 2666 3594 2816 3648; x_wconf 74' lang='grc' dir='ltr'>αὐτοὶ</span> <span class='ocrx_word' id='word_1_713' title='bbox 2871 3594 3111 3657; x_wconf 81' lang='grc' dir='ltr'>τεύξεσθε</span> <span class='ocrx_word' id='word_1_714' title='bbox 3154 3602 3249 3656; x_wconf 73' lang='grc' dir='ltr'>τῆς</span> <span class='ocrx_word' id='word_1_715' title='bbox 3309 3592 3615 3667; x_wconf 69' lang='grc' dir='ltr'>ἐλευθερίας.</span> <span class='ocrx_word' id='word_1_716' title='bbox 3655 3598 3816 3645; x_wconf 79' lang='grc' dir='ltr'>Τοῦτο</span> <span class='ocrx_word' id='word_1_717' title='bbox 3870 3589 3939 3645; x_wconf 69' lang='grc' dir='ltr'><strong>δε</strong></span> 
     </span>
    </p>
   </div>
   <div class='ocr_carea' id='block_1_99' title="bbox 2330 3679 3941 3757">
    <p class='ocr_par' dir='ltr' id='par_1_99' title="bbox 2330 3679 3941 3757">
     <span class='ocr_line' id='line_1_99' title="bbox 2330 3679 3941 3757; baseline -0.003 -19"><span class='ocrx_word' id='word_1_718' title='bbox 2330 3692 2492 3738; x_wconf 87' lang='grc' dir='ltr'>ποιεῖν</span> <span class='ocrx_word' id='word_1_719' title='bbox 2545 3681 2638 3737; x_wconf 77' lang='grc' dir='ltr'>διὰ</span> <span class='ocrx_word' id='word_1_720' title='bbox 2716 3686 2905 3744; x_wconf 80' lang='grc' dir='ltr'>παντὸς</span> <span class='ocrx_word' id='word_1_721' title='bbox 2959 3683 3027 3745; x_wconf 80' lang='grc' dir='ltr'>εἰς</span> <span class='ocrx_word' id='word_1_722' title='bbox 3077 3687 3173 3743; x_wconf 75' lang='grc' dir='ltr'>τὴν</span> <span class='ocrx_word' id='word_1_723' title='bbox 3219 3682 3410 3737; x_wconf 71' lang='grc' dir='ltr'>ἐκείνου</span> <span class='ocrx_word' id='word_1_724' title='bbox 3476 3681 3761 3757; x_wconf 77' lang='grc' dir='ltr'>ἀνάμνησιν</span> <span class='ocrx_word' id='word_1_725' title='bbox 3834 3679 3941 3734; x_wconf 80' lang='grc' dir='ltr'><strong>ἰπ-</strong></span> 
     </span>
    </p>
   </div>
   <div class='ocr_carea' id='block_1_100' title="bbox 2328 3770 3944 3846">
    <p class='ocr_par' dir='ltr' id='par_1_100' title="bbox 2328 3770 3944 3846">
     <span class='ocr_line' id='line_1_100' title="bbox 2328 3770 3944 3846; baseline 0.001 -21"><span class='ocrx_word' id='word_1_726' title='bbox 2328 3774 2622 3846; x_wconf 83' lang='grc' dir='ltr'>ετράπημεν</span> <span class='ocrx_word' id='word_1_727' title='bbox 2654 3793 2668 3805; x_wconf 88' lang='grc'><strong>·</strong></span> <span class='ocrx_word' id='word_1_728' title='bbox 2700 3776 2759 3825; x_wconf 93' lang='lat'><strong>1&#39;6</strong></span> <span class='ocrx_word' id='word_1_729' title='bbox 2811 3775 2913 3846; x_wconf 83' lang='grc' dir='ltr'>γὰρ</span> <span class='ocrx_word' id='word_1_730' title='bbox 2941 3793 2971 3822; x_wconf 85' lang='grc'>‹‹</span> <span class='ocrx_word' id='word_1_731' title='bbox 3009 3774 3227 3834; x_wconf 79' lang='grc' dir='ltr'>Ὁσάκις</span> <span class='ocrx_word' id='word_1_732' title='bbox 3282 3771 3344 3824; x_wconf 79' lang='grc' dir='ltr'><strong>ἂν</strong></span> <span class='ocrx_word' id='word_1_733' title='bbox 3400 3770 3610 3831; x_wconf 73' lang='grc' dir='ltr'>ἐσθίητε</span> <span class='ocrx_word' id='word_1_734' title='bbox 3641 3774 3727 3824; x_wconf 88' lang='grc' dir='ltr'><strong>τόν</strong></span> <span class='ocrx_word' id='word_1_735' title='bbox 3778 3770 3944 3845; x_wconf 64' lang='grc' dir='ltr'>ἱρταν</span> 
     </span>
    </p>
   </div>
   <div class='ocr_carea' id='block_1_101' title="bbox 2329 3854 3942 3935">
    <p class='ocr_par' dir='ltr' id='par_1_101' title="bbox 2329 3854 3942 3935">
     <span class='ocr_line' id='line_1_101' title="bbox 2329 3854 3942 3935; baseline 0.015 -31"><span class='ocrx_word' id='word_1_736' title='bbox 2329 3870 2531 3927; x_wconf 65' lang='grc' dir='ltr'>τοῦτον,</span> <span class='ocrx_word' id='word_1_737' title='bbox 2562 3866 2654 3913; x_wconf 81' lang='grc' dir='ltr'>καὶ</span> <span class='ocrx_word' id='word_1_738' title='bbox 2684 3864 2740 3913; x_wconf 87' lang='grc' dir='ltr'><strong>τό</strong></span> <span class='ocrx_word' id='word_1_739' title='bbox 2792 3865 3043 3935; x_wconf 86' lang='grc' dir='ltr'>ποτήριον</span> <span class='ocrx_word' id='word_1_740' title='bbox 3082 3868 3234 3914; x_wconf 83' lang='grc' dir='ltr'>τοῦτο</span> <span class='ocrx_word' id='word_1_741' title='bbox 3279 3865 3479 3932; x_wconf 78' lang='grc' dir='ltr'>πίνητε,</span> <span class='ocrx_word' id='word_1_742' title='bbox 3509 3883 3539 3911; x_wconf 72' lang='grc' dir='ltr'>»ι</span> <span class='ocrx_word' id='word_1_743' title='bbox 3579 3867 3729 3914; x_wconf 83' lang='grc' dir='ltr'>τοῦτο</span> <span class='ocrx_word' id='word_1_744' title='bbox 3757 3854 3942 3929; x_wconf 69' lang='grc' dir='ltr'><strong>δηλοῖῡ</strong></span> 
     </span>
    </p>
   </div>
   <div class='ocr_carea' id='block_1_102' title="bbox 2330 3948 3950 4022">
    <p class='ocr_par' dir='ltr' id='par_1_102' title="bbox 2330 3948 3950 4022">
     <span class='ocr_line' id='line_1_102' title="bbox 2330 3948 3950 4022; baseline 0.001 -20"><span class='ocrx_word' id='word_1_745' title='bbox 2330 3952 2402 4013; x_wconf 78' lang='grc' dir='ltr'>ὡς</span> <span class='ocrx_word' id='word_1_746' title='bbox 2443 3950 2563 4002; x_wconf 84' lang='grc' dir='ltr'>καθ’</span> <span class='ocrx_word' id='word_1_747' title='bbox 2610 3948 2835 4007; x_wconf 81' lang='grc' dir='ltr'>ἑκάστην</span> <span class='ocrx_word' id='word_1_748' title='bbox 2889 3951 3084 4022; x_wconf 81' lang='grc' dir='ltr'>ἡμέραν</span> <span class='ocrx_word' id='word_1_749' title='bbox 3132 3953 3241 4021; x_wconf 80' lang='grc' dir='ltr'>χρὴ</span> <span class='ocrx_word' id='word_1_750' title='bbox 3278 3957 3430 4002; x_wconf 89' lang='grc' dir='ltr'>τοῦτο</span> <span class='ocrx_word' id='word_1_751' title='bbox 3492 3948 3754 4002; x_wconf 83' lang='grc' dir='ltr'>τελεῖσθαι</span> <span class='ocrx_word' id='word_1_752' title='bbox 3792 3951 3950 4020; x_wconf 68' lang='grc' dir='ltr'>παρὰ</span> 
     </span>
    </p>
   </div>
   <div class='ocr_carea' id='block_1_103' title="bbox 2330 4035 3945 4113">
    <p class='ocr_par' dir='ltr' id='par_1_103' title="bbox 2330 4035 3945 4113">
     <span class='ocr_line' id='line_1_103' title="bbox 2330 4035 3945 4113; baseline -0.002 -21"><span class='ocrx_word' id='word_1_753' title='bbox 2330 4048 2430 4092; x_wconf 78' lang='grc' dir='ltr'>τῶν</span> <span class='ocrx_word' id='word_1_754' title='bbox 2484 4035 2780 4110; x_wconf 78' lang='grc' dir='ltr'>δυναμένων</span> <span class='ocrx_word' id='word_1_755' title='bbox 2812 4040 2951 4109; x_wconf 85' lang='grc'><strong>(30),</strong></span> <span class='ocrx_word' id='word_1_756' title='bbox 2982 4042 3074 4090; x_wconf 80' lang='grc' dir='ltr'>καὶ</span> <span class='ocrx_word' id='word_1_757' title='bbox 3122 4040 3188 4090; x_wconf 84' lang='grc' dir='ltr'><strong>τὰ</strong></span> <span class='ocrx_word' id='word_1_758' title='bbox 3233 4039 3360 4113; x_wconf 73' lang='grc' dir='ltr'>ὑπερ</span> <span class='ocrx_word' id='word_1_759' title='bbox 3409 4039 3556 4110; x_wconf 73' lang='grc' dir='ltr'>ἡμῶν</span> <span class='ocrx_word' id='word_1_760' title='bbox 3591 4036 3754 4090; x_wconf 76' lang='grc' dir='ltr'>αὐτοῦ</span> <span class='ocrx_word' id='word_1_761' title='bbox 3792 4040 3945 4095; x_wconf 78' lang='grc' dir='ltr'>πάθη</span> 
     </span>
    </p>
   </div>
   <div class='ocr_carea' id='block_1_104' title="bbox 2332 4122 3951 4201">
    <p class='ocr_par' dir='ltr' id='par_1_104' title="bbox 2332 4122 3951 4201">
     <span class='ocr_line' id='line_1_104' title="bbox 2332 4122 3951 4201; baseline -0.001 -21"><span class='ocrx_word' id='word_1_762' title='bbox 2332 4125 2596 4196; x_wconf 79' lang='grc' dir='ltr'>δοξάζειν,</span> <span class='ocrx_word' id='word_1_763' title='bbox 2624 4131 2715 4179; x_wconf 81' lang='grc' dir='ltr'>καὶ</span> <span class='ocrx_word' id='word_1_764' title='bbox 2742 4124 2978 4199; x_wconf 79' lang='grc' dir='ltr'>ἁνυμνεῖν</span> <span class='ocrx_word' id='word_1_765' title='bbox 3017 4126 3154 4199; x_wconf 78' lang='grc' dir='ltr'>ἁχρι</span> <span class='ocrx_word' id='word_1_766' title='bbox 3200 4135 3296 4188; x_wconf 81' lang='grc' dir='ltr'>τῆς</span> <span class='ocrx_word' id='word_1_767' title='bbox 3344 4122 3594 4201; x_wconf 78' lang='grc' dir='ltr'>δευτέρας</span> <span class='ocrx_word' id='word_1_768' title='bbox 3649 4129 3813 4179; x_wconf 79' lang='grc' dir='ltr'>αὑτοῦ</span> <span class='ocrx_word' id='word_1_769' title='bbox 3851 4132 3951 4179; x_wconf 78' lang='grc' dir='ltr'>καὶ</span> 
     </span>
    </p>
   </div>
   <div class='ocr_carea' id='block_1_105' title="bbox 2330 4212 2882 4290">
    <p class='ocr_par' dir='ltr' id='par_1_105' title="bbox 2330 4212 2882 4290">
     <span class='ocr_line' id='line_1_105' title="bbox 2330 4212 2882 4290; baseline 0.002 -21"><span class='ocrx_word' id='word_1_770' title='bbox 2330 4212 2545 4279; x_wconf 78' lang='grc' dir='ltr'>ἐνδόξου</span> <span class='ocrx_word' id='word_1_771' title='bbox 2565 4219 2882 4290; x_wconf 88' lang='grc' dir='ltr'>παρουσίας.</span> 
     </span>
    </p>
   </div>
   <div class='ocr_carea' id='block_1_106' title="bbox 2401 4319 3948 4395">
    <p class='ocr_par' dir='ltr' id='par_1_106' title="bbox 2401 4319 3948 4395">
     <span class='ocr_line' id='line_1_106' title="bbox 2401 4319 3948 4395; baseline -0.001 -20"><span class='ocrx_word' id='word_1_772' title='bbox 2401 4321 2503 4383; x_wconf 78' lang='grc' dir='ltr'>κζ’.</span> <span class='ocrx_word' id='word_1_773' title='bbox 2546 4328 2649 4376; x_wconf 75' lang='grc' dir='ltr'><strong>Καὶ</strong></span> <span class='ocrx_word' id='word_1_774' title='bbox 2698 4325 2829 4395; x_wconf 81' lang='grc' dir='ltr'>μετὰ</span> <span class='ocrx_word' id='word_1_775' title='bbox 2870 4327 2964 4381; x_wconf 81' lang='grc' dir='ltr'>τὴν</span> <span class='ocrx_word' id='word_1_776' title='bbox 3029 4321 3352 4395; x_wconf 71' lang='grc' dir='ltr'>ἐπαγομένην</span> <span class='ocrx_word' id='word_1_777' title='bbox 3409 4323 3575 4395; x_wconf 74' lang='grc' dir='ltr'>εὐχὴν</span> <span class='ocrx_word' id='word_1_778' title='bbox 3628 4319 3948 4376; x_wconf 79' lang='grc' dir='ltr'>ἀναδείκνυ-</span> 
     </span>
    </p>
   </div>
   <div class='ocr_carea' id='block_1_107' title="bbox 2332 4410 3948 4485">
    <p class='ocr_par' dir='ltr' id='par_1_107' title="bbox 2332 4410 3948 4485">
     <span class='ocr_line' id='line_1_107' title="bbox 2332 4410 3948 4485; baseline -0.001 -20"><span class='ocrx_word' id='word_1_779' title='bbox 2332 4431 2416 4465; x_wconf 90' lang='grc' dir='ltr'><strong>σιν</strong></span> <span class='ocrx_word' id='word_1_780' title='bbox 2441 4414 2468 4464; x_wconf 89' lang='grc' dir='ltr'><strong>ό</strong></span> <span class='ocrx_word' id='word_1_781' title='bbox 2527 4410 2805 4485; x_wconf 81' lang='grc' dir='ltr'>ἀρχιερεύς</span> <span class='ocrx_word' id='word_1_782' title='bbox 2845 4415 2913 4464; x_wconf 80' lang='grc' dir='ltr'>τὰ</span> <span class='ocrx_word' id='word_1_783' title='bbox 2957 4411 3088 4483; x_wconf 85' lang='grc' dir='ltr'>ἃγια</span> <span class='ocrx_word' id='word_1_784' title='bbox 3121 4454 3137 4479; x_wconf 91' lang='grc'><strong>,</strong></span> <span class='ocrx_word' id='word_1_785' title='bbox 3196 4411 3355 4484; x_wconf 77' lang='grc' dir='ltr'>λέγων</span> <span class='ocrx_word' id='word_1_786' title='bbox 3388 4430 3401 4441; x_wconf 77' lang='grc'><strong><em>⁸</em></strong></span> <span class='ocrx_word' id='word_1_787' title='bbox 3438 4417 3541 4465; x_wconf 79' lang='grc' dir='ltr'><strong>Καὶ</strong></span> <span class='ocrx_word' id='word_1_788' title='bbox 3590 4418 3811 4471; x_wconf 66' lang='grc' dir='ltr'>ποίησον</span> <span class='ocrx_word' id='word_1_789' title='bbox 3850 4416 3948 4464; x_wconf 80' lang='grc' dir='ltr'>τὸν</span> 
     </span>
    </p>
   </div>
   <div class='ocr_carea' id='block_1_108' title="bbox 2330 4500 3947 4575">
    <p class='ocr_par' dir='ltr' id='par_1_108' title="bbox 2330 4500 3947 4575">
     <span class='ocr_line' id='line_1_108' title="bbox 2330 4500 3947 4575; baseline 0 -21"><span class='ocrx_word' id='word_1_790' title='bbox 2330 4504 2421 4573; x_wconf 74' lang='grc' dir='ltr'><strong>μεν</strong></span> <span class='ocrx_word' id='word_1_791' title='bbox 2469 4500 2624 4575; x_wconf 79' lang='grc' dir='ltr'>ἄρτον</span> <span class='ocrx_word' id='word_1_792' title='bbox 2673 4508 2853 4553; x_wconf 84' lang='grc' dir='ltr'>τοῦτον</span> <span class='ocrx_word' id='word_1_793' title='bbox 2896 4501 3025 4553; x_wconf 77' lang='grc' dir='ltr'>αὐτὸ</span> <span class='ocrx_word' id='word_1_794' title='bbox 3078 4506 3137 4554; x_wconf 90' lang='grc' dir='ltr'><strong>τό</strong></span> <span class='ocrx_word' id='word_1_795' title='bbox 3193 4506 3366 4573; x_wconf 83' lang='grc' dir='ltr'>τίμιον</span> <span class='ocrx_word' id='word_1_796' title='bbox 3426 4509 3580 4573; x_wconf 83' lang='grc' dir='ltr'>σῶμα</span> <span class='ocrx_word' id='word_1_797' title='bbox 3606 4509 3698 4553; x_wconf 83' lang='grc' dir='ltr'><strong>τοῦ</strong></span> <span class='ocrx_word' id='word_1_798' title='bbox 3737 4506 3947 4575; x_wconf 74' lang='grc' dir='ltr'>Κυρίου</span> 
     </span>
    </p>
   </div>
   <div class='ocr_carea' id='block_1_109' title="bbox 2330 4587 3951 4664">
    <p class='ocr_par' dir='ltr' id='par_1_109' title="bbox 2330 4587 3951 4664">
     <span class='ocr_line' id='line_1_109' title="bbox 2330 4587 3951 4664; baseline 0.001 -21"><span class='ocrx_word' id='word_1_799' title='bbox 2330 4595 2422 4643; x_wconf 77' lang='grc' dir='ltr'>καὶ</span> <span class='ocrx_word' id='word_1_800' title='bbox 2445 4595 2572 4644; x_wconf 74' lang='grc' dir='ltr'>Θεοῦ</span> <span class='ocrx_word' id='word_1_801' title='bbox 2627 4594 2719 4642; x_wconf 82' lang='grc' dir='ltr'>καὶ</span> <span class='ocrx_word' id='word_1_802' title='bbox 2755 4597 2995 4662; x_wconf 82' lang='grc' dir='ltr'>Σωτῆρος</span> <span class='ocrx_word' id='word_1_803' title='bbox 3035 4591 3182 4661; x_wconf 74' lang='grc' dir='ltr'>ἡμῶν</span> <span class='ocrx_word' id='word_1_804' title='bbox 3234 4590 3413 4647; x_wconf 83' lang='grc' dir='ltr'>Ἰησοῦ</span> <span class='ocrx_word' id='word_1_805' title='bbox 3465 4597 3705 4664; x_wconf 79' lang='grc' dir='ltr'>Χριστοῦ</span> <span class='ocrx_word' id='word_1_806' title='bbox 3730 4603 3747 4620; x_wconf 86' lang='grc'>⁶</span> <span class='ocrx_word' id='word_1_807' title='bbox 3781 4593 3842 4642; x_wconf 86' lang='lat'><strong>1&#39;6</strong></span> <span class='ocrx_word' id='word_1_808' title='bbox 3882 4587 3951 4644; x_wconf 71' lang='grc' dir='ltr'><strong>δε</strong></span> 
     </span>
    </p>
   </div>
   <div class='ocr_carea' id='block_1_110' title="bbox 2331 4678 3949 4752">
    <p class='ocr_par' dir='ltr' id='par_1_110' title="bbox 2331 4678 3949 4752">
     <span class='ocr_line' id='line_1_110' title="bbox 2331 4678 3949 4752; baseline 0.001 -21"><span class='ocrx_word' id='word_1_809' title='bbox 2331 4678 2381 4731; x_wconf 77' lang='grc' dir='ltr'>ἐν</span> <span class='ocrx_word' id='word_1_810' title='bbox 2444 4686 2519 4749; x_wconf 81' lang='grc' dir='ltr'>τῷ</span> <span class='ocrx_word' id='word_1_811' title='bbox 2582 4683 2820 4751; x_wconf 73' lang='grc' dir='ltr'>ποτηρίῳ</span> <span class='ocrx_word' id='word_1_812' title='bbox 2873 4681 3041 4751; x_wconf 78' lang='grc' dir='ltr'>τούτῳ</span> <span class='ocrx_word' id='word_1_813' title='bbox 3110 4679 3238 4732; x_wconf 76' lang='grc' dir='ltr'>αὐτὸ</span> <span class='ocrx_word' id='word_1_814' title='bbox 3293 4682 3353 4732; x_wconf 87' lang='grc' dir='ltr'><strong>τό</strong></span> <span class='ocrx_word' id='word_1_815' title='bbox 3419 4684 3591 4752; x_wconf 85' lang='grc' dir='ltr'>τίμιον</span> <span class='ocrx_word' id='word_1_816' title='bbox 3648 4681 3783 4752; x_wconf 80' lang='grc' dir='ltr'>αἷμα</span> <span class='ocrx_word' id='word_1_817' title='bbox 3845 4688 3949 4733; x_wconf 76' lang='grc' dir='ltr'><strong>τοῦ</strong></span> 
     </span>
    </p>
   </div>
   <div class='ocr_carea' id='block_1_111' title="bbox 2330 4766 3950 4841">
    <p class='ocr_par' dir='ltr' id='par_1_111' title="bbox 2330 4766 3950 4841">
     <span class='ocr_line' id='line_1_111' title="bbox 2330 4766 3950 4841; baseline 0 -20"><span class='ocrx_word' id='word_1_818' title='bbox 2330 4775 2568 4841; x_wconf 82' lang='grc' dir='ltr'>Χριστοῦ</span> <span class='ocrx_word' id='word_1_819' title='bbox 2626 4786 2744 4835; x_wconf 89' lang='grc' dir='ltr'>σου,</span> <span class='ocrx_word' id='word_1_820' title='bbox 2789 4766 3090 4839; x_wconf 84' lang='grc' dir='ltr'>μεταϐαλὼν</span> <span class='ocrx_word' id='word_1_821' title='bbox 3128 4769 3243 4837; x_wconf 84' lang='grc'><strong>(31)</strong></span> <span class='ocrx_word' id='word_1_822' title='bbox 3279 4775 3354 4839; x_wconf 82' lang='grc' dir='ltr'>τῷ</span> <span class='ocrx_word' id='word_1_823' title='bbox 3412 4771 3675 4841; x_wconf 77' lang='grc' dir='ltr'>Πνεύματί</span> <span class='ocrx_word' id='word_1_824' title='bbox 3730 4787 3827 4822; x_wconf 90' lang='grc' dir='ltr'><strong>σου</strong></span> <span class='ocrx_word' id='word_1_825' title='bbox 3866 4778 3950 4841; x_wconf 67' lang='grc' dir='ltr'>τῷ</span> 
     </span>
    </p>
   </div>
   <div class='ocr_carea' id='block_1_112' title="bbox 2332 4999 3950 5070">
    <p class='ocr_par' dir='ltr' id='par_1_112' title="bbox 2332 4999 3950 5070">
     <span class='ocr_line' id='line_1_112' title="bbox 2332 4999 3950 5070; baseline 0.002 -16"><span class='ocrx_word' id='word_1_826' title='bbox 2332 4999 2632 5069; x_wconf 80' lang='lat' dir='ltr'><strong>mendum,</strong></span> <span class='ocrx_word' id='word_1_827' title='bbox 2655 4999 2710 5053; x_wconf 84' lang='lat' dir='ltr'><strong>si</strong></span> <span class='ocrx_word' id='word_1_828' title='bbox 2738 5004 2939 5070; x_wconf 63' lang='lat' dir='ltr'><strong>tamen</strong></span> <span class='ocrx_word' id='word_1_829' title='bbox 2989 5013 3153 5056; x_wconf 80' lang='lat' dir='ltr'><strong>mens</strong></span> <span class='ocrx_word' id='word_1_830' title='bbox 3202 5013 3325 5055; x_wconf 82' lang='lat' dir='ltr'><strong>non</strong></span> <span class='ocrx_word' id='word_1_831' title='bbox 3354 5000 3432 5055; x_wconf 78' lang='lat' dir='ltr'><strong>sit</strong></span> <span class='ocrx_word' id='word_1_832' title='bbox 3453 5001 3515 5056; x_wconf 83' lang='lat' dir='ltr'><strong>in</strong></span> <span class='ocrx_word' id='word_1_833' title='bbox 3548 5001 3771 5070; x_wconf 73' lang='lat' dir='ltr'><strong>affectu</strong></span> <span class='ocrx_word' id='word_1_834' title='bbox 3799 5015 3950 5070; x_wconf 82' lang='lat' dir='ltr'><strong>pec-</strong></span> 
     </span>
    </p>
   </div>
   <div class='ocr_carea' id='block_1_113' title="bbox 2333 5068 3950 5144">
    <p class='ocr_par' dir='ltr' id='par_1_113' title="bbox 2333 5068 3950 5144">
     <span class='ocr_line' id='line_1_113' title="bbox 2333 5068 3950 5144; baseline 0.002 -19"><span class='ocrx_word' id='word_1_835' title='bbox 2333 5071 2531 5144; x_wconf 75' lang='lat' dir='ltr'><strong>candi.</strong></span> <span class='ocrx_word' id='word_1_836' title='bbox 2573 5068 2758 5125; x_wconf 70' lang='grc' dir='ltr'><strong>δι’ωοὶ</strong></span> <span class='ocrx_word' id='word_1_837' title='bbox 2799 5068 3097 5144; x_wconf 87' lang='lat' dir='ltr'><strong>hodierni,</strong></span> <span class='ocrx_word' id='word_1_838' title='bbox 3128 5074 3195 5125; x_wconf 90' lang='lat' dir='ltr'><strong>ut</strong></span> <span class='ocrx_word' id='word_1_839' title='bbox 3244 5070 3448 5138; x_wconf 90' lang='lat' dir='ltr'><strong>audio,</strong></span> <span class='ocrx_word' id='word_1_840' title='bbox 3476 5068 3689 5144; x_wconf 80' lang='lat' dir='ltr'><strong>quater</strong></span> <span class='ocrx_word' id='word_1_841' title='bbox 3725 5068 3950 5129; x_wconf 86' lang='lat' dir='ltr'><strong>saltem</strong></span> 
     </span>
    </p>
   </div>
   <div class='ocr_carea' id='block_1_114' title="bbox 2332 5141 3088 5197">
    <p class='ocr_par' dir='ltr' id='par_1_114' title="bbox 2332 5141 3088 5197">
     <span class='ocr_line' id='line_1_114' title="bbox 2332 5141 3088 5197; baseline -0.004 0"><span class='ocrx_word' id='word_1_842' title='bbox 2332 5143 2393 5197; x_wconf 92' lang='lat' dir='ltr'><strong>in</strong></span> <span class='ocrx_word' id='word_1_843' title='bbox 2425 5155 2587 5196; x_wconf 90' lang='lat' dir='ltr'><strong>anno</strong></span> <span class='ocrx_word' id='word_1_844' title='bbox 2618 5141 3088 5196; x_wconf 89' lang='lat' dir='ltr'><strong>communicant.</strong></span> 
     </span>
    </p>
   </div>
   <div class='ocr_carea' id='block_1_115' title="bbox 2406 5210 3951 5283">
    <p class='ocr_par' dir='ltr' id='par_1_115' title="bbox 2406 5210 3951 5283">
     <span class='ocr_line' id='line_1_115' title="bbox 2406 5210 3951 5283; baseline 0.001 -15"><span class='ocrx_word' id='word_1_845' title='bbox 2406 5213 2517 5278; x_wconf 77' lang='lat' dir='ltr'><strong>(3t)</strong></span> <span class='ocrx_word' id='word_1_846' title='bbox 2558 5211 2942 5268; x_wconf 89' lang='lat' dir='ltr'><strong>Concorditer</strong></span> <span class='ocrx_word' id='word_1_847' title='bbox 2970 5210 3156 5268; x_wconf 64' lang='lat' dir='ltr'><strong>Graeci</strong></span> <span class='ocrx_word' id='word_1_848' title='bbox 3186 5212 3533 5283; x_wconf 85' lang='lat' dir='ltr'><strong>mutationis</strong></span> <span class='ocrx_word' id='word_1_849' title='bbox 3552 5213 3781 5283; x_wconf 88' lang='lat' dir='ltr'><strong>dogma</strong></span> <span class='ocrx_word' id='word_1_850' title='bbox 3802 5229 3951 5270; x_wconf 83' lang='lat' dir='ltr'><strong>con-</strong></span> 
     </span>
    </p>
   </div>
   <div class='ocr_carea' id='block_1_116' title="bbox 2333 5281 3950 5356">
    <p class='ocr_par' dir='ltr' id='par_1_116' title="bbox 2333 5281 3950 5356">
     <span class='ocr_line' id='line_1_116' title="bbox 2333 5281 3950 5356; baseline 0.002 -18"><span class='ocrx_word' id='word_1_851' title='bbox 2333 5281 2596 5356; x_wconf 79' lang='lat' dir='ltr'><strong>ﬁtentur,</strong></span> <span class='ocrx_word' id='word_1_852' title='bbox 2627 5283 2733 5338; x_wconf 90' lang='lat' dir='ltr'><strong>sed</strong></span> <span class='ocrx_word' id='word_1_853' title='bbox 2757 5297 2877 5356; x_wconf 82' lang='lat' dir='ltr'><strong>non</strong></span> <span class='ocrx_word' id='word_1_854' title='bbox 2901 5297 3113 5339; x_wconf 92' lang='lat' dir='ltr'><strong>omnes</strong></span> <span class='ocrx_word' id='word_1_855' title='bbox 3139 5282 3391 5356; x_wconf 80' lang='lat' dir='ltr'><strong>modum</strong></span> <span class='ocrx_word' id='word_1_856' title='bbox 3416 5281 3740 5356; x_wconf 74' lang='lat' dir='ltr'><strong>explicant.</strong></span> <span class='ocrx_word' id='word_1_857' title='bbox 3762 5285 3950 5342; x_wconf 88' lang='lat' dir='ltr'><strong>Crito—</strong></span> 
     </span>
    </p>
   </div>
   <div class='ocr_carea' id='block_1_117' title="bbox 2333 5352 3952 5435">
    <p class='ocr_par' dir='ltr' id='par_1_117' title="bbox 2333 5352 3952 5435">
     <span class='ocr_line' id='line_1_117' title="bbox 2333 5352 3952 5435; baseline 0 -26"><span class='ocrx_word' id='word_1_858' title='bbox 2333 5353 2515 5435; x_wconf 79' lang='lat' dir='ltr'><strong>pulus</strong></span> <span class='ocrx_word' id='word_1_859' title='bbox 2574 5352 2709 5435; x_wconf 69' lang='lat' dir='ltr'><strong>Cap.</strong></span> <span class='ocrx_word' id='word_1_860' title='bbox 2750 5352 2997 5435; x_wconf 59' lang='grc' dir='ltr'>θεᾜστι</span> <span class='ocrx_word' id='word_1_861' title='bbox 3059 5357 3161 5435; x_wconf 78' lang='grc' dir='ltr'><strong>γὰρ</strong></span> <span class='ocrx_word' id='word_1_862' title='bbox 3491 5352 3646 5429; x_wconf 75' lang='grc' dir='ltr'>σῶμα</span> <span class='ocrx_word' id='word_1_863' title='bbox 3702 5363 3952 5435; x_wconf 58' lang='grc' dir='ltr'>Χριστοῦ</span> 
     </span>
    </p>
   </div>
   <div class='ocr_carea' id='block_1_118' title="bbox 2335 5423 3951 5507">
    <p class='ocr_par' dir='ltr' id='par_1_118' title="bbox 2335 5423 3951 5507">
     <span class='ocr_line' id='line_1_118' title="bbox 2335 5423 3951 5507; baseline 0.002 -29"><span class='ocrx_word' id='word_1_864' title='bbox 2335 5423 2361 5478; x_wconf 76' lang='grc' dir='ltr'><strong><em>ὃ</em></strong></span> <span class='ocrx_word' id='word_1_865' title='bbox 2404 5423 2823 5505; x_wconf 64' lang='grc' dir='ltr'>ἱερουργούμενος</span> <span class='ocrx_word' id='word_1_866' title='bbox 2843 5426 3036 5507; x_wconf 46' lang='grc' dir='ltr'>Λάρτος,</span> <span class='ocrx_word' id='word_1_867' title='bbox 3067 5423 3263 5507; x_wconf 37' lang='grc' dir='ltr'>’καὶιιτό</span> <span class='ocrx_word' id='word_1_868' title='bbox 3321 5423 3372 5478; x_wconf 69' lang='grc' dir='ltr'>ἐν</span> <span class='ocrx_word' id='word_1_869' title='bbox 3429 5435 3503 5498; x_wconf 84' lang='grc' dir='ltr'>τῷ</span> <span class='ocrx_word' id='word_1_870' title='bbox 3539 5423 3778 5500; x_wconf 76' lang='grc' dir='ltr'>ποτηρίῲ</span> <span class='ocrx_word' id='word_1_871' title='bbox 3811 5426 3951 5500; x_wconf 79' lang='grc' dir='ltr'>αἷμα</span> 
     </span>
    </p>
   </div>
   <div class='ocr_carea' id='block_1_119' title="bbox 2334 5492 3949 5571">
    <p class='ocr_par' dir='ltr' id='par_1_119' title="bbox 2334 5492 3949 5571">
     <span class='ocr_line' id='line_1_119' title="bbox 2334 5492 3949 5571; baseline 0.001 -21"><span class='ocrx_word' id='word_1_872' title='bbox 2334 5492 2594 5571; x_wconf 61' lang='grc' dir='ltr'><strong>Χριστοῦ⁷</strong></span> <span class='ocrx_word' id='word_1_873' title='bbox 2639 5492 2999 5571; x_wconf 71' lang='grc' dir='ltr'>ἀναμφιϐόλως</span> <span class='ocrx_word' id='word_1_874' title='bbox 3035 5513 3049 5526; x_wconf 84' lang='lat'><strong><em>°</em></strong></span> <span class='ocrx_word' id='word_1_875' title='bbox 3091 5498 3116 5548; x_wconf 85' lang='lat'><strong>6</strong></span> <span class='ocrx_word' id='word_1_876' title='bbox 3158 5492 3218 5571; x_wconf 68' lang='grc' dir='ltr'>δὲ</span> <span class='ocrx_word' id='word_1_877' title='bbox 3278 5492 3482 5570; x_wconf 68' lang='grc' dir='ltr'>τροπος</span> <span class='ocrx_word' id='word_1_878' title='bbox 3529 5507 3623 5560; x_wconf 80' lang='grc' dir='ltr'>τῆς</span> <span class='ocrx_word' id='word_1_879' title='bbox 3678 5492 3949 5561; x_wconf 64' lang='grc' dir='ltr'>’τοιαύτης</span> 
     </span>
    </p>
   </div>
   <div class='ocr_carea' id='block_1_120' title="bbox 2334 5565 3948 5649">
    <p class='ocr_par' dir='ltr' id='par_1_120' title="bbox 2334 5565 3948 5649">
     <span class='ocr_line' id='line_1_120' title="bbox 2334 5565 3948 5649; baseline 0.002 -29"><span class='ocrx_word' id='word_1_880' title='bbox 2334 5565 2623 5649; x_wconf 53' lang='grc' dir='ltr'>μεταϐολῆς</span> <span class='ocrx_word' id='word_1_881' title='bbox 2683 5565 2946 5649; x_wconf 62' lang='grc' dir='ltr'>άγνωστος</span> <span class='ocrx_word' id='word_1_882' title='bbox 2980 5572 3092 5649; x_wconf 41' lang='grc' dir='ltr'>,καί</span> <span class='ocrx_word' id='word_1_883' title='bbox 3139 5565 3543 5649; x_wconf 32' lang='lat' dir='ltr'><strong>dupli-viventes.</strong></span> <span class='ocrx_word' id='word_1_884' title='bbox 3598 5573 3948 5649; x_wconf 66' lang='lat' dir='ltr'><strong>En__tamen</strong></span> 
     </span>
    </p>
   </div>
   <div class='ocr_carea' id='block_1_121' title="bbox 2333 5638 3949 5701">
    <p class='ocr_par' dir='ltr' id='par_1_121' title="bbox 2333 5638 3949 5701">
     <span class='ocr_line' id='line_1_121' title="bbox 2333 5638 3949 5701; baseline 0.001 -4"><span class='ocrx_word' id='word_1_885' title='bbox 2333 5638 2398 5697; x_wconf 88' lang='lat' dir='ltr'><strong>in</strong></span> <span class='ocrx_word' id='word_1_886' title='bbox 2425 5639 2547 5698; x_wconf 84' lang='lat' dir='ltr'><strong>alia</strong></span> <span class='ocrx_word' id='word_1_887' title='bbox 2580 5638 2848 5697; x_wconf 71' lang='lat' dir='ltr'><strong>Ecclésia</strong></span> <span class='ocrx_word' id='word_1_888' title='bbox 2896 5638 3212 5697; x_wconf 84' lang='lat' dir='ltr'><strong>Orientalis</strong></span> <span class='ocrx_word' id='word_1_889' title='bbox 3234 5638 3640 5700; x_wconf 68' lang='lat' dir='ltr'><strong>confessione</strong></span> <span class='ocrx_word' id='word_1_890' title='bbox 3685 5640 3949 5701; x_wconf 81' lang='lat' dir='ltr'><strong>Nectarii</strong></span> 
     </span>
    </p>
   </div>
  </div>
