4134 6384
538 339 644 399 uss
1802 316 2160 392 insomni
2193 316 2620 394 ANDlDENSlS
3806 327 3919 399 εδδ

540 478 706 533 vero,
727 462 1002 536 inquam,
1023 459 1318 536 quoniam
1337 454 1507 527 digni
1530 455 1669 514 facti
1692 460 1851 527 sunt,
1882 462 1949 516 ut
1984 475 2169 532 magn

2304 459 2462 514 λιστα
2506 463 2597 534 μὲν
2640 456 2728 514 οὖν
2774 466 2886 525 ⁴πόῖς
2935 460 3117 533 ἀξίοις,
3161 462 3228 523 ὡς
3255 463 3314 515 τό
3342 467 3435 515 τοῦ
3461 461 3687 535 μεγάλου
3728 462 3923 538 ἀρχιε-

541 552 839 626 pontiﬁcis
877 565 1206 625 personam
1254 549 1484 619 gerant,
1536 546 1602 603 id
1630 546 1760 604 ﬁeri
1796 551 2008 621 potest.
2043 552 2173 607 Nan

2305 553 2429 623 ρέως
2474 554 2688 626 φέρουσι
2740 554 3044 625 πρόσωπον,
3089 550 3184 605 οὐκ
3233 548 3494 606 ἀδύνατον
3520 573 3533 586 ο
3590 557 3683 606 καὶ
3746 553 3923 616 ἄλλως

541 647 599 699 et
628 640 897 714 alioquin
921 639 1037 706 isti,
1068 654 1205 713 qum
1242 635 1493 710 quidem
1531 651 1606 693 ex
1652 652 1912 710 persona
1948 638 2173 711 propri:

2308 635 2357 691 δ’
2398 639 2542 693 οὗτοι
2579 642 2646 694 τά
2682 644 2773 715 μὲν
2820 649 2919 693 τῶν
2961 640 3085 714 παρ’
3134 644 3310 704 αὺτοῖς
3355 640 3637 715 λεγομένων
3680 643 3713 702 ἦ
3743 662 3921 719 πρατ-

541 730 751 788 dicunt
793 728 889 787 vel
912 732 1102 801 agunt
1122 728 1184 785 in
1226 725 1430 783 divina
1469 724 1735 799 liturgia,
1765 726 1929 785 velut
1948 730 2173 800 accept:

2307 732 2526 802 τομένων
2600 728 2650 783 ἐν
2728 738 2791 804 τῇ
2871 732 2983 803 θείᾳ
3059 732 3324 806 ἱερουργίᾳ
3384 734 3454 793 ὡς
3509 729 3562 794 ἐξ
3624 731 3919 807 ἀνθρώπων

543 818 623 877 ab
649 818 1000 876 hominibus
1024 817 1392 889 auctoritate;
1420 824 1487 877 ut
1523 816 1792 891 episcopi
1817 815 2085 874 factitare
2114 816 2173 873 vi

2303 817 2680 893 λαμϐανόμενοι
2753 819 3015 896 ἀρχιερεῖς
3087 828 3251 875 ποιεῖν
3326 827 3599 894 φαίνονται
3626 844 3639 856 ·
3716 826 3785 877 τὰ
3858 820 3920 877 δε

543 907 761 964 dentur
776 926 789 976 ;
802 906 903 964 illa
918 911 1123 964 tamen
1144 922 1283 980 quae
1304 925 1488 982 supra
1501 906 1767 965 hominis
1789 905 2175 963 conditionen

2307 907 2433 981 ὑπὲρ
2503 909 2773 984 ἄνθρωπον
2841 912 3108 982 πεφυκότα
3171 913 3549 984 προσφέρουσι,
3610 913 3735 974 τοὺς
3809 930 3920 984 χε-

543 995 848 1067 exhibent,
881 995 1047 1053 velut
1072 996 1337 1069 hymnos
1363 996 1719 1054 cherubicos
1751 1011 1822 1052 ac
1847 994 2175 1068 seraphico:

2305 995 2586 1072 ρουϐικούς
2642 1003 2732 1051 καὶ
2783 1002 3096 1073 σεραφικοὺς
3138 1000 3352 1071 ὕμνους,
3398 1004 3488 1053 καὶ
3525 999 3691 1053 τᾶλλα
3737 1003 3922 1054 πάντα

545 1090 602 1142 et
627 1085 748 1143 alia
767 1086 995 1156 omnia,
1034 1085 1242 1159 utique
1285 1087 1418 1144 11th
1459 1093 1678 1159 praeter
1704 1085 1974 1159 ipsorum
2000 1084 2177 1155 digni

2307 1088 2410 1140 ὅσα
2472 1087 2599 1162 ὑπὲρ
2654 1092 2750 1146 τὴν
2817 1088 3010 1141 ἑαυτῶν
3078 1086 3226 1152 ἀξίαν
3288 1087 3627 1161 ἐκφωνοῡντες
3687 1091 3719 1150 ἣ
3791 1091 3919 1144 καθ’

544 1177 754 1244 tatem,
785 1178 916 1231 tum
955 1174 1113 1232 elata
1139 1180 1271 1231 tum
1302 1175 1613 1233 submissa
1648 1189 1795 1231 voce
1820 1173 2176 1247 pronuntiar

2308 1175 2522 1239 ἑαυτοὺς
2603 1174 2827 1238 ἐπιόντες
2892 1173 3235 1231 δείκνυνται·
3302 1180 3442 1231 καθά
3500 1183 3591 1233 καὶ
3657 1180 3684 1232 6
3748 1184 3923 1252 μέγας

546 1262 624 1320 ab
645 1263 729 1319 eis
772 1267 1028 1335 constat,
1075 1262 1229 1321 sicut
1277 1279 1540 1336 magnus
1589 1277 1835 1337 quoque
1881 1262 2178 1336 Dionysiu:

2309 1268 2576 1327 Διονύσιος
2640 1263 3007 1343 ἀριδηλότερον
3080 1273 3401 1344 παρίστησιν
3468 1268 3585 1340 (36)
3623 1285 3636 1300 '
3722 1268 3922 1333 ἐκεῖνος

544 1352 920 1410 manifestius
977 1352 1156 1410 nobis
1195 1352 1363 1410 sistit.
1411 1357 1466 1409 ιε
1513 1353 1675 1410 enim
1719 1355 1991 1409 nostram
2037 1351 2176 1408 ham

2306 1357 2408 1429 γὰρ
2453 1359 2546 1414 τὴν
2593 1363 2865 1430 παροῦσαν
2925 1356 3062 1410 θείαν
3108 1356 3437 1432 λειτουργίαν
3493 1361 3629 1411 κατὰ
3680 1362 3922 1432 μίμησιν

545 1443 816 1500 divinam
833 1443 1136 1514 liturgiam
1165 1443 1244 1499 ad
1271 1443 1668 1500 imitationem
1704 1441 1834 1499 ﬁeri
1863 1441 2177 1499 ccelestiun

2310 1446 2441 1518 φησὶ
2492 1443 2754 1497 τελεῖσθαι
2803 1454 2903 1498 τῶν
2950 1444 3266 1521 ἐπουρανίων
3320 1443 3612 1519 δυνάμεων,
3665 1452 3759 1500 καὶ
3814 1456 3925 1501 τῶν

544 1536 931 1606 potestatum,
956 1536 1011 1589 et
1031 1531 1317 1588 ordinum
1338 1532 1601 1599 illorum,
1643 1544 1908 1604 quorum
1936 1530 2176 1600 ﬁguran

2308 1535 2587 1606 ταγμάτων
2646 1532 2848 1587 ἐκείνων
2872 1573 2887 1600 ,
2938 1535 3006 1586 ὧν
3060 1538 3219 1589 τύπον
3278 1540 3520 1611 φέρουσιν
3584 1538 3634 1589 οἱ
3685 1535 3929 1612 λειτουρ-

544 1625 760 1691 gerunt
788 1621 942 1677 sacri
968 1620 1249 1693 ministri,
1297 1620 1399 1678 alii
1437 1620 1689 1694 quidem
1718 1619 1980 1693 primam
2012 1617 2176 1675 sortit

2309 1631 2530 1697 γοῦντες,
2588 1625 2637 1676 οἱ
2701 1627 2792 1695 μὲν
2848 1633 2940 1685 τῆς
2989 1629 3193 1700 πρώτης
3238 1623 3488 1697 λαχόντες
3532 1627 3771 1688 στάσεως
3827 1632 3926 1680 καὶ

543 1711 863 1768 stationem
894 1715 952 1767 et
986 1710 1283 1775 ordinem,
1323 1709 1424 1767 alii
1475 1709 1839 1777 secundum,
1864 1712 1922 1766 et
1951 1708 2036 1765 sic
2059 1706 2175 1765 reli-

2307 1711 2520 1780 τάξεως,
2577 1713 2627 1765 οἰ
2676 1709 2735 1766 δὲ
2781 1721 2873 1775 τῆς
2921 1711 3188 1789 δευτέρας,
3247 1720 3337 1767 καὶ
3383 1723 3483 1766 τῶν
3515 1715 3653 1778 ἑξῆς.
3697 1720 3801 1769 Καὶ
3828 1720 3926 1768 τὸν

539 1816 716 1874 quos.
748 1804 815 1857 Et
845 1800 1175 1857 diaconum
1218 1800 1469 1873 quidem
1497 1800 1767 1873 appellat
1817 1799 2161 1872 expiantem

2311 1804 2400 1874 μὲν
2476 1798 2718 1856 διάκονον
2791 1804 3108 1877 καθαρτικόν
3174 1804 3440 1875 ὀνομάζει,
3498 1807 3585 1856 τὸν
3654 1801 3715 1857 δὲ
3783 1807 3928 1878 ἱερέα

544 1888 939 1957 sacerdotem,
975 1889 1454 1957 illuminantem;
1490 1888 1862 1962 episcopum,
1885 1888 2175 1962 perﬁcien

2312 1895 2647 1965 φωτιστικόν,
2700 1896 2787 1946 τόν
2846 1890 2906 1946 δε
2971 1892 3223 1969 ἀρχιερέα
3271 1892 3582 1950 τελεστικόν.
3640 1893 3810 1947 Ὀταν
3871 1892 3927 1948 δ’

548 1981 668 2035 tem
684 2018 697 2031 .
730 1979 878 2033 Cum
898 1978 1101 2051 itaque
1121 1977 1312 2034 verba
1334 1977 1543 2035 audies
1567 1995 1579 2032 :
1612 2002 1632 2027 ι
1659 1976 1875 2034 Adhuc
1890 1977 2180 2034 otferimu:

2300 1980 2544 2055 ,ἀκούσης
2616 1984 2694 2051 τό,
2770 1980 2884 2036 Ἐτι
2956 1986 3313 2058 προσφέρομίν
3391 2001 3476 2036 σοι
3548 1987 3643 2043 τὴν
3703 1982 3926 2056 λογικὴν

546 2067 652 2125 tibi
665 2066 1025 2125 rationalem
1037 2066 1267 2125 cultum
1282 2067 1467 2139 hunc,
1488 2072 1546 2124 et
1566 2067 1823 2125 aliorum
1854 2071 2178 2125 sanctorun

2311 2069 2548 2145 λατρείαν
2612 2073 2830 2141 ταύτην,
2897 2075 2989 2124 καὶ
3054 2080 3153 2124 τῶν
3210 2074 3300 2144 μὲν
3357 2071 3521 2124 ἄλλων
3588 2071 3755 2145 ἁγίων
3831 2076 3924 2136 τὰς

545 2156 798 2214 nomina
816 2156 1069 2229 mystice
1088 2156 1398 2213 submissa
1412 2172 1561 2214 voce
1576 2157 2063 2214 insusurrantem
2078 2155 2177 2229 epi

2312 2161 2520 2225 κλήσεις
2591 2170 2860 2235 μυστικῶς
2935 2159 3389 2236 ὑποψιθυρίζοντα
3460 2166 3546 2215 τόν
3620 2162 3918 2238 ἀρχιερέα,

550 2260 804 2318 scopum
812 2264 831 2317 ς
862 2251 919 2302 et
937 2262 1080 2302 mox
1097 2245 1261 2302 clara
1290 2261 1434 2303 voce
1446 2245 1836 2304 clamantem:
1860 2268 1888 2297 »
1902 2245 2182 2319 Praecipui

2311 2250 2638 2324 ἑκφωνοῦντα
2701 2248 2761 2305 δὲ
2819 2255 3122 2327 τρανότερον
3182 2254 3262 2323 τό,
3338 2274 3361 2303 ε
3436 2251 3747 2327 Ἐξαιρέτως
3828 2262 3926 2316 τῆς

540 2335 1468 2407 .sanctissimae,immaculataa,et
1485 2352 1611 2409 prae
1627 2335 1855 2393 caeteris
1871 2335 2172 2393 benedicta

2312 2346 2571 2414 παναγίας
2672 2339 2929 2416 ἀκράντου
3042 2340 3522 2415 ὑπερευλογημένης
3634 2348 3925 2405 Δεσποίνης

546 2424 816 2481 Dominae
836 2429 1058 2481 nostrae
1075 2425 1405 2498 Deiparae,»
1428 2423 1673 2495 qualem
1694 2429 2118 2498 quantumque
2140 2428 2178 2481 ti

2317 2432 2460 2504 ἡμῶν
2491 2434 2768 2502 Θεοτόκου,
2829 2453 2859 2481 ››
2910 2434 3144 2485 ποταπὸν
3192 2427 3316 2484 εἶνοι
3367 2433 3450 2504 οἵῃ
3503 2434 3591 2484 τόν
3635 2440 3795 2486 τοῦτο
3847 2433 3928 2488 λέ-

547 2513 678 2569 haac
711 2512 1011 2570 dicentem
1045 2529 1177 2571 csse
1225 2513 1576 2571 arbitraris?
1605 2513 1741 2572 Mihi
1773 2519 1927 2571 certe
1968 2514 2099 2570 haec
2131 2528 2179 2570 e:

2311 2537 2504 2593 γοντας
2559 2520 2705 2593 Ἐμοὶ
2746 2515 2892 2573 δοκεῖ
2939 2519 3008 2582 ὠς
3045 2518 3101 2572 ἐκ
3153 2524 3440 2594 προσώπου
3478 2527 3635 2574 τοῦτο
3673 2520 3926 2594 λέγεσθαι

549 2601 790 2659 Domini
808 2617 1068 2674 persona
1086 2601 1322 2659 videtur
1342 2602 1753 2675 pronuntiare.
1786 2605 2060 2675 Namque
2087 2601 2181 2658 alia

2313 2619 2406 2664 τοῦ
2457 2614 2652 2685 Κυρίου
2674 2623 2690 2639 ο
2740 2607 2873 2682 λέγει
2917 2611 3019 2683 γὰρ
3065 2607 3115 2660 ἐν
3156 2608 3306 2683 ἑτέρᾳ
3348 2609 3484 2683 εὐχῇ
3511 2625 3525 2640 °
3559 2630 3589 2661 ι(
3617 2613 3686 2663 Σὺ
3714 2612 3823 2684 γὰρ
3857 2610 3926 2675 εἷς

549 2691 793 2764 inprece
812 2690 954 2747 dicit
981 2707 994 2746 :
1020 2713 1048 2741 ι(
1069 2693 1155 2748 Tu
1189 2691 1351 2747 enim
1372 2707 1436 2748 es
1458 2691 1563 2764 qui
1597 2690 1778 2748 offers
1799 2695 1857 2748 et
1894 2690 2127 2748 offerris
2148 2706 2179 2747 e

2312 2703 2616 2775 προσφέρων
2682 2702 2773 2751 καὶ
2850 2702 3266 2774 προσφερόμενος
3297 2742 3313 2769 ,
3389 2700 3416 2751 6
3491 2696 3927 2773 προσδεχόμενος

553 2779 777 2853 excipis
789 2784 845 2837 et
859 2780 990 2836 das.
1008 2801 1037 2831 »
1048 2781 1142 2837 Sic
1153 2795 1298 2851 ergo
1309 2780 1774 2851 demonstratur,
1790 2778 1994 2853 ipsum
2007 2778 2185 2836 solun

2313 2793 2404 2842 καὶ
2450 2784 2863 2859 διαδισόμενοςο
2917 2808 2948 2837 ››
3008 2785 3072 2838 ἶν’
3115 2783 3201 2839 οὖν
3251 2782 3445 2861 δειχθῇ
3497 2790 3573 2840 ὅτι
3613 2790 3767 2859 μόνος
3822 2792 3925 2840 αὐ-

551 2885 752 2928 carere
797 2874 1046 2943 peccato
1100 2870 1571 2943 theanthropum
1623 2869 1963 2941 Dominum,
2014 2872 2073 2925 et
2095 2883 2183 2941 pr<

2314 2881 2399 2940 τὸς
2450 2879 2590 2939 ἐκτός
2646 2880 2910 2950 άμαρτίας
2964 2877 2990 2928 6
3050 2876 3376 2950 θεάνθρωπος
3437 2878 3647 2951 Κύριος,
3692 2880 3785 2929 καὶ
3843 2878 3928 2930 ὅτι

551 2959 838 3016 omnibus
881 2957 1231 3032 simpliciter
1268 2959 1665 3027 satisfecisse;
1698 2963 1755 3015 et
1786 2958 1888 3015 illa
1907 2958 2038 3030 ejus
2061 2962 2182 3014 tem

2314 2969 2451 3043 ὑπὰρ
2509 2969 2711 3020 πάντων
2776 2965 2955 3019 ἑαυτὸν
3022 2964 3196 3028 ἁπλῶς
3248 2962 3470 3037 δέδωκε,
3528 2971 3620 3019 καὶ
3676 2968 3760 3019 ὃτι
3824 2968 3929 3021 ὅσα

549 3048 714 3121 poris
731 3053 886 3113 acta,
902 3047 1278 3120 passionem,
1300 3048 1577 3120 inquam,
1597 3047 1991 3121 sepulturam,
2010 3062 2181 3103 resur

2314 3063 2449 3127 τότε,
2493 3061 2551 3111 τὸ
2596 3059 2783 3127 πάθος,
2832 3057 2863 3114 ἡ
2911 3059 3072 3130 ταφὴ,
3117 3058 3266 3116 καὶὴ
3312 3055 3604 3118 ἀνάστασις
3639 3056 3927 3129 εἰργάσατο

549 3138 903 3206 rectionem,
935 3151 1100 3193 nunc
1129 3153 1236 3210 per
1266 3136 1548 3210 symbola
1576 3154 1614 3195 a
1642 3136 2023 3194 credentibus
2050 3140 2181 3192 recti

2316 3156 2484 3201 ταῦτα
2526 3166 2699 3201 παντα
2753 3149 2844 3198 καὶ
2900 3153 2988 3197 νῦν
3045 3142 3080 3198 δ
3086 3148 3140 3199 ιά
3193 3153 3295 3199 τῶν
3354 3144 3628 3218 συμϐόλων
3689 3146 3799 3208 τοῖς
3842 3167 3931 3200 πι-

551 3225 762 3282 omnia
788 3225 1014 3297 perﬁci.
1042 3229 1232 3298 Atque
1265 3225 1429 3282 idem
1465 3227 1597 3300 pari
1640 3225 1826 3283 modo
1848 3240 1886 3282 a
1913 3223 2183 3298 deiloqui

2319 3239 2564 3291 στεύουσι
2632 3237 2985 3310 κάτορθοῡταί
3043 3251 3058 3264 ·
3161 3239 3251 3287 κᾶὶ
3327 3233 3482 3288 ταλτό
3540 3232 3671 3298 τοῖς
3742 3237 3928 3307 θεηγόο

538 3314 855 3385 magistris
887 3314 1156 3372 conﬁteri
1176 3318 1466 3374 statutum
1496 3315 1631 3373 fuit.

2316 3346 2424 3403 ροις
2496 3330 2587 3379 καὶ
2660 3321 3010 3387 διδασκάλοις
3084 3327 3436 3397 τοιουτρόπως
3508 3323 3771 3378 τελεῖσθαι
3848 3344 3927 3378 τε·

2320 3419 2625 3474 θέσπισται.

618 3498 707 3550 29.
733 3491 1073 3565 Simplicem
1093 3496 1297 3550 autem
1318 3493 1405 3550 rei
1423 3492 1879 3564 intelligentiam
1900 3508 2013 3550 nos
2033 3492 2211 3550 docet

2387 3506 2491 3563 κθ’.
2551 3505 2638 3568 Εἰς
2694 3508 2788 3564 τὴν
2845 3503 3012 3578 ἁπλῇν
3067 3499 3127 3558 δὲ
3193 3507 3380 3557 ἔινοιαν
3444 3504 3585 3577 ἡμᾶς
3642 3502 3819 3575 ἀνάγει
3891 3505 3923 3563 ἠ

549 3581 652 3639 illa
664 3586 796 3655 post
808 3583 1118 3641 recitatam
1145 3583 1305 3640 hanc
1321 3584 1657 3640 orationem
1676 3583 2054 3652 exclamatio,
2070 3599 2181 3657 qua

2315 3597 2445 3669 μετά
2487 3599 2581 3654 τὴν
2631 3593 3010 3668 συμπληρωσιν
3053 3601 3149 3657 τῆς
3200 3595 3445 3655 τοιαύτης
3493 3593 3642 3654 εὐχῆς
3682 3590 3929 3663 ἐκφὼνη-

546 3674 676 3728 tum
706 3673 890 3729 etiam
911 3688 948 3728 a
969 3686 1194 3743 magno
1217 3671 1454 3742 Basilio,
1483 3675 1612 3729 tum
1633 3672 1813 3730 etiam
1846 3690 1883 3730 a
1918 3674 2178 3747 Chrysos

2317 3704 2396 3746 σις
2452 3687 2615 3744 οὕτως
2668 3684 2940 3758 εἰρημένης
2994 3687 3085 3736 καὶ
3134 3685 3279 3757 παρά
3333 3690 3426 3736 τοῦ
3479 3681 3696 3755 μεγάλου
3756 3687 3933 3734 Bato".-

548 3765 715 3817 tomo
735 3761 971 3819 dicitur.
998 3761 1318 3828 Quomodo
1340 3763 1502 3818 enim
1525 3762 1917 3820 concordabit
1937 3763 2164 3820 dictum

2312 3774 2472 3846 λείου,
2529 3778 2595 3836 ὡς
2639 3778 2730 3827 καὶ
2776 3778 2920 3846 παρά
2979 3780 3071 3826 τοῦ
3128 3778 3557 3846 Χρυσοστόμουθ
3588 3780 3697 3833 πῶς
3722 3772 3828 3844 γὰρ
3866 3771 3933 3824 ἂν

555 3873 575 3899 α
603 3851 1064 3908 Utinveniamus
1086 3850 1561 3907 misericordiam
1586 3853 1933 3921 etgratiam,
1955 3875 1984 3903 ››
2002 3852 2187 3925 praeci

2316 3867 2638 3938 συνταχθείη
2682 3867 2739 3917 τό
2771 3863 3055 3938 εἰρημένον,
3086 3883 3114 3913 ‹‹
3140 3861 3249 3916 Ἵνα
3279 3862 3503 3938 εὕρωμεν
3527 3861 3662 3922 ἔλεος
3690 3864 3784 3913 καὶ
3814 3862 3928 3932 χά-

546 3955 839 4012 puecum,
855 3961 884 3990 «
906 3939 1695 3998 sanctissmaimmaculata
1717 3944 1745 3999 ‘I
1772 3964 1793 3991 ι
1811 3941 1874 3998 in
1891 3958 2015 4015 quo
2030 3941 2175 3998 etali

2312 3975 2414 4031 ριν,
2446 3978 2474 4006 ν)
2506 3956 2638 4027 μετά
2661 3959 2774 4025 τοῦ,
2810 3974 2838 4002 ‹‹
2873 3952 3144 4026 ἐξαιρετως
3162 3960 3255 4013 τῆς
3273 3955 3533 4023 παναγίας
3557 3949 3831 4026 ἀχράντου
3860 3967 3929 4020 ς»

544 4029 631 4085 ud
656 4044 904 4101 prorsus
931 4029 1229 4100 signiﬁcat
1257 4028 1575 4102 deiloquus
1599 4047 1611 4085 :
1644 4046 1863 4103 nempe
1910 4031 2176 4103 quonian

2313 4047 2340 4098 ὃ
2368 4047 2570 4105 πάντως
2600 4045 2747 4115 τάχα
2788 4041 2878 4094 καὶ
2931 4041 3051 4094 ἄλλο
3096 4042 3122 4094 ό
3172 4042 3462 4116 θεοφάντωρ
3513 4041 3877 4112 ὑποσημαίνει
3914 4056 3929 4071 ο

544 4132 761 4173 omnes
776 4118 923 4189 justi
946 4117 1008 4173 in
1036 4116 1248 4174 dextra
1262 4117 1483 4189 judicis
1512 4124 1682 4191 parte
1705 4120 2018 4177 constituti
2041 4122 2176 4175 sunt

2314 4134 2382 4197 ὠς
2434 4133 2546 4187 ἐπεὶ
2589 4134 2773 4193 πάντες
2828 4133 2877 4184 οἱ
2919 4127 3120 4184 δικαιοι
3170 4129 3218 4182 ἐν
3273 4137 3380 4192 τοῖς
3412 4126 3600 4192 δεξιοῖς
3620 4135 3712 4181 τοῦ
3737 4137 3934 4202 κριτοῦ

545 4204 748 4300 ibique
776 4211 833 4262 et
856 4205 991 4279 ipsa
1014 4205 1397 4280 theanthropi
1425 4209 1661 4265 Domini
1682 4213 1878 4281 Mater,
1912 4212 1969 4265 et
1990 4208 2177 4265 unius.

2313 4229 2495 4300 μέρεσι
2531 4222 2804 4297 μέλλουσιν
2844 4223 3121 4290 ἵστασθαι,
3171 4223 3302 4295 πρὸς
3357 4216 3417 4272 δε
3464 4218 3555 4271 καί
3604 4219 3737 4275 αὕτη
3771 4220 3801 4277 ἡ
3840 4238 3932 4271 τε-

547 4293 843 4387 cujusque
903 4295 1128 4365 gradus
1180 4300 1236 4352 et
1272 4297 1464 4381 ‘statio
1511 4298 1831 4355 distinctus
1895 4299 2057 4367 erit;
2112 4298 2179 4353 ni

2313 4317 2483 4366 κούσα
2531 4332 2616 4366 τον
2685 4312 3010 4387 θεάνθρωπον
3068 4312 3278 4385 Κύριον,
3334 4309 3424 4361 καί
3472 4311 3501 4367 ἡ
3557 4307 3722 4376 τάξις,
3766 4308 3863 4360 καί
3895 4311 3929 4368 ἡ

543 4381 1240 4456 hilomninus,tanquam
1261 4384 1324 4441 in
1348 4402 1470 4443 una
1488 4402 1702 4444 omnes
1724 4390 1927 4459 partes
1953 4385 2047 4442 siti
2074 4387 2175 4444 fue

2314 4407 2496 4464 στὰσις
2572 4402 2794 4454 ἑκάστου
2862 4396 3224 4474 ἀποδιῄρηται
3257 4419 3270 4433 ο
3341 4396 3446 4450 ἀλλ’
3516 4399 3655 4470 ὅμως
3728 4397 3797 4457 ὠς
3876 4395 3930 4449 ἐν

544 4472 764 4541 rimus,
804 4476 979 4543 rogat
1026 4473 1310 4531 sacerdos
1348 4481 1415 4532 ut
1465 4475 1707 4532 illorum
1745 4474 2002 4532 statione
2027 4475 2174 4546 dign

2310 4497 2454 4567 μέρει
2519 4495 2665 4552 όντας
2720 4490 2967 4559 ἅπαντας,
3025 4488 3158 4542 αἰτεῖ
3214 4493 3307 4540 τοῦ
3373 4491 3557 4560 μέρους
3621 4493 3717 4547 τῆς
3788 4487 3933 4539 στά-

542 4560 898 4631 habeamur,
930 4562 1035 4635 qui
1061 4563 1187 4620 sine
1211 4569 1462 4636 peccato
1499 4563 1778 4621 videlicet
1807 4564 2036 4621 Christo
2071 4565 2174 4637 pla

2311 4601 2441 4644 σεως
2482 4580 2650 4634 αὐτῶν
2698 4578 3085 4641 καταξιωθῆναι
3145 4578 3289 4649 ἡμᾶς
3335 4584 3435 4628 τῶν
3485 4574 3765 4648 ἀμέμπτως
3819 4570 3934 4634 δη-

544 4656 833 4721 cuerunt;
879 4668 1004 4709 non
1052 4658 1256 4710 autem
1300 4670 1440 4710 cum
1490 4653 1739 4709 sinistris
1780 4656 1839 4709 et
1882 4653 2176 4711 damnatis

2305 4669 2441 4730 λαδὴ
2492 4670 2947 4743 εὐαρεστησάντων
2992 4666 3153 4737 αὐτῷ,
3202 4664 3330 4718 ἀλλὰ
3379 4670 3450 4738 μὴ
3478 4672 3588 4726 τοῖς
3621 4663 3934 4739 ἀριστεροῖς

543 4755 1069 4799 connumeremur.
1097 4743 1212 4800 Sed
1232 4743 1410 4814 longe
1432 4747 1520 4799 est
1547 4742 1761 4798 melius
1793 4743 1920 4799 haec
1950 4743 2175 4815 intellig

2303 4761 2395 4813 καὶ
2449 4742 3014 4830 καταδεδικασμένοις.
3073 4761 3393 4830 κυριώτερον
3445 4751 3504 4807 δὲ
3562 4761 3715 4806 τοῦτο
3760 4761 3928 4822 νοεῖν,

540 4836 893 4905 tanquama
918 4833 1145 4890 Christo
1182 4833 1339 4889 dicta
1383 4836 1439 4888 et
1482 4836 1638 4889 acta.
1670 4834 1770 4887 Est
1809 4832 1971 4888 enim
2013 4834 2172 4890 Filiu:

2303 4851 2374 4913 ὠς
2414 4852 2559 4924 παρὰ
2599 4856 2692 4901 τοῦ
2743 4852 2979 4923 Χριστοῦ
3026 4844 3262 4917 λέγονταί
3311 4863 3365 4896 τε
3412 4850 3581 4896 ταῦτα
3630 4842 3722 4894 καί
3753 4846 3932 4916 προέτ-

540 4926 598 4980 et
615 4921 897 4993 Verbum,
926 4922 1056 4979 sine
1076 4920 1490 4978 immolatione
1516 4920 1886 4991 immolatus,
1919 4939 2115 4995 agnus
2139 4941 2171 4981 e

2301 4956 2497 4994 τονται·
2529 4941 2653 5000 Υἱός
2694 4939 2796 5011 γὰρ
2827 4934 2918 4988 καί
2965 4938 3134 5006 Λόγος
3178 4936 3238 4986 τό
3286 4931 3489 4994 ἀθύτως
3522 4933 3792 5003 θυόμενον,
3825 4933 3933 4986 καί

537 5011 784 5069 victima
814 5011 976 5068 idem
1017 5015 1074 5067 et
1117 5008 1386 5082 pontifex
1423 5007 1486 5065 in
1529 5015 1841 5067 aeternum.
1880 5016 2009 5086 Ipse
2049 5029 2169 5085 ergt

2303 5028 2462 5102 ἀμνὸς
2509 5028 2600 5080 καί
2660 5029 2801 5099 θῦμα
2857 5027 2883 5078 6
2940 5024 3093 5084 αὐτὸς
3151 5022 3241 5075 καὶ
3262 5021 3541 5096 ἀρχιερεὺς
3572 5020 3646 5083 εἰς
3672 5023 3760 5073 τὸν
3796 5020 3931 5073 αἰῶ-

537 5104 673 5157 orat
708 5115 819 5173 pro
851 5098 1030 5156 nobis
1062 5099 1297 5154 Patrem
1334 5112 1535 5153 suum.
1582 5100 1811 5171 Reapse
1854 5100 2003 5156 dum
2051 5100 2169 5157 dici

2302 5138 2388 5175 να.
2465 5117 2632 5178 Αὐτός
2697 5115 2785 5168 όῦν
2843 5112 3150 5186 ἐντυγχάνει
3211 5112 3338 5185 ὑπὲρ
3400 5113 3546 5183 ἡμῶν
3615 5116 3689 5180 τῷ
3744 5111 3934 5185 Πατρί

537 5190 861 5246 sacerdos:
892 5210 919 5239 «
957 5184 1241 5257 Accipite,
1285 5185 1672 5257 manducatc,
1703 5188 1819 5245 hoc
1856 5195 1943 5246 est
1972 5206 2169 5263 corpu:

2299 5209 2483 5264 αὐτοῦ.
2542 5205 2678 5260 Αὐτὸ
2724 5201 2783 5257 δὲ
2830 5207 2890 5255 τὸ
2934 5203 3097 5275 λέγειν
3131 5202 3219 5254 τόν
3277 5200 3413 5274 ἱερέα
3440 5243 3453 5262 ,
3505 5221 3533 5250 ι(
3566 5197 3790 5267 Λάϐετε,
3824 5203 3930 5271 φά-

536 5290 1034 5347 meum;»nonne
1050 5273 1165 5330 hoc
1181 5278 1469 5347 tanquam
1493 5274 1571 5331 ab
1593 5277 1724 5348 ipso
1777 5278 2008 5334 Christo
2045 5278 2168 5334 dicit

2296 5316 2434 5369 γετε,
2456 5299 2609 5348 τοῦτό
2639 5296 2739 5368 μού
2769 5292 2908 5346 ἐστιν
2938 5295 2995 5345 τό
3030 5299 3185 5363 σῶμα
3204 5332 3217 5355 ,
3268 5312 3296 5340 ››
3344 5290 3451 5361 οὐχ
3482 5289 3549 5351 ὠς
3593 5288 3721 5363 παρ’
3752 5288 3928 5342 αὐτοῦ

534 5367 757 5424 tur?Sic
770 5379 907 5433 ergo
921 5362 1221 5435 tripliciter
1231 5363 1637 5434 intelliguntur
1649 5367 1726 5421 ab
1740 5367 2018 5440 episcopo
2032 5367 2166 5424 dict:

2298 5386 2496 5459 λέγεται
2534 5392 2625 5437 τοῦ
2683 5389 2964 5457 Χριστοῦ;
3018 5382 3197 5442 Οὕτως
3248 5380 3335 5433 οὖν
3385 5387 3583 5454 τριχῶς
3623 5385 3824 5430 νοεῖται
3854 5378 3930 5431 τά

532 5456 596 5512 in
622 5455 824 5511 divina
853 5452 1269 5524 mystagogia;
1294 5451 1413 5509 alia
1435 5455 1683 5526 quidem
1714 5461 1831 5511 uta
1856 5456 2164 5513 mediatore

2294 5479 2439 5551 παρὰ
2499 5481 2590 5528 τοῦ
2652 5476 2942 5547 ἀρχιερέως
3010 5470 3261 5542 λεγόμενα
3312 5468 3397 5522 ἐπί
3454 5475 3515 5540 τῇ
3577 5469 3692 5541 θείᾳ
3749 5486 3924 5542 μυστ-

533 5576 1033 5657 quemadmodum
1059 5578 1208 5634 alios
1237 5579 1343 5649 qui
1353 5578 1424 5657 _z'n
1464 5594 1615 5657 ραι-ε
1668 5581 2098 5657 νςᾳιιίθειίιηιη
2120 5589 2185 5657 ιιι
2293 5588 2595 5657 ιιιιροιοιιᾼιη
2623 5580 2884 5657 vestigiis
2910 5577 3357 5657 adhtpi‘eamus:

529 5648 715 5710 étiam
736 5663 851 5720 pro
871 5649 951 5706 eis
976 5662 1230 5719 oremus,
1244 5648 1367 5709 ’sed
1389 5648 1581 5724 magis
1611 5658 1679 5709 ut
1700 5648 1817 5724 ipsi
1847 5668 1964 5725 pro
1993 5648 2185 5729 nobis,
2364 5654 2481 5728 (36)
2510 5655 2597 5712 De
2616 5648 3019 5711 ecclesiastica
3044 5648 3417 5719 hierarchia,
3448 5661 3586 5720 cap.
3631 5649 3687 5705 5.
