4134 6388
523 299 631 356 L59

1796 295 2156 353 TEEODORI
2190 295 2365 354 ANDI
2394 298 2618 356 )BNBlS

3797 310 3913 365 660

521 420 832 495 propheta
888 434 1027 478 ore:
1060 441 1091 472 «
1112 420 1261 476 Ecce
1292 416 1422 476 dies
1471 418 1744 487 veniunt,
1799 423 1859 475 et
1913 423 2162 478 statuam

2290 428 2384 475 τοῦ
2411 425 2609 481 ταύτην
2656 430 2769 484 ταῖς
2809 423 3022 497 ψυχαῖς
3066 432 3166 480 τῶν
3210 434 3413 482 πιστῶν
3467 426 3871 504 ἄγχαράξαντος
3894 453 3909 466 ·

522 509 742 579 fcedus,
795 524 921 566 non
978 507 1320 566 secundum
1368 506 1569 566 fmdus
1602 506 1771 581 quod
1824 508 2005 566 statui
2033 524 2175 565 cum

519 598 796 673 patribus
827 597 1040 665 vestris
1070 598 1119 634 ²⁶
1147 616 1162 667 ;
1194 596 1301 654 sed
1327 596 1493 655 dabo
1519 596 1683 669 leges
1707 614 1878 654 meas
1897 597 1960 653 in
1987 596 2170 654 corda

519 688 814 761 ipsorum,
866 692 926 744 et
963 691 1331 757 cognoscent
1384 701 1485 743 me
1539 686 1737 743 cuncti
1794 701 1832 742 ε
1867 701 2060 757 parvo
2095 684 2177 741 ad

518 778 881 844 maximum,
910 780 970 832 et
992 779 1169 831 erunt
1185 789 1401 832 omnes
1421 774 1712 831 docibiles
1747 774 1849 831 Dei
1878 775 1946 829 ³⁷.
1986 797 2008 823 ι
2039 776 2176 830 Pro-

520 870 728 939 pterea
753 864 904 922 nihil
933 866 1223 937 scriptum
1250 862 1491 937 reliquit
1518 864 1806 931 Christus,
1835 863 1941 920 sed
1969 862 2175 920 verba-

521 954 631 1012 tim
659 955 1001 1011 doctrinam
1050 959 1231 1026 atque
1258 952 1572 1022 mandata,
1601 953 1664 1009 id
1702 958 1795 1009 est
1843 952 2041 1024 legem
2068 968 2178 1009 no-

522 1050 729 1112 stram,
784 1043 993 1112 dedit;
1024 1048 1083 1099 et
1106 1058 1215 1116 per
1242 1044 1570 1113 practicam
1602 1042 2006 1106 traditionem,
2048 1058 2176 1113 my-

524 1134 794 1191 sterium.
845 1137 1094 1206 Insuper
1123 1132 1398 1205 promisit
1425 1133 1631 1189 dicens
1661 1149 1675 1187 :
1707 1156 1733 1183 «
1775 1134 1918 1189 Cum
1948 1131 2178 1188 venerit

520 1222 880 1289 Paracletus,
933 1237 1117 1294 quem
1147 1236 1260 1291 ego
1290 1223 1525 1277 mittam
1552 1221 1726 1277 vobis
1756 1237 1794 1277 a
1844 1221 2037 1288 Patre,
2080 1219 2177 1276 ille

519 1328 630 1369 vos
679 1310 923 1367 docebit
974 1310 1199 1379 omnia,
1232 1314 1291 1365 et
1316 1309 1379 1364 in
1409 1315 1674 1366 mentem
1704 1310 2009 1366 revocabit
2036 1325 2175 1380 qua:

521 1400 694 1457 vobis
722 1399 866 1467 dixi,
925 1403 983 1454 et
1014 1398 1131 1455 alia
1158 1398 1559 1465 annuntiabit,
1584 1414 1723 1471 que
1754 1398 2029 1455 nondum
2072 1413 2175 1453 au-

520 1489 645 1547 dire
670 1493 728 1546 et
768 1488 919 1544 ferre
945 1486 1153 1543 valetis
1178 1487 1246 1540 ³⁸.
1268 1509 1297 1537 ››
1332 1490 1572 1545 Factum
1604 1502 1744 1544 vero
1772 1486 1835 1543 id
1888 1493 2000 1549 est,
2034 1502 2175 1542 cum

516 1576 760 1635 advenit
789 1575 1144 1633 Paracletus.

2287 508 2425 582 λέγει
2466 512 2566 586 γάρ
2618 507 2713 566 διὰ
2756 521 2847 566 τοῦ
2889 520 3161 588 προφήτου
3185 534 3197 545 ·
3238 539 3258 567 ι
3319 514 3459 572 Ἰδοὺ
3489 520 3681 593 ἡμέραι
3719 522 3912 594 ἔρχον-

2286 619 2394 665 ται,
2444 605 2534 653 καὶ
2589 597 2920 675 διαθήσομαι
2970 600 3091 676 ὑμῖν
3140 600 3405 666 διαθήκην
3433 648 3448 674 ,
3501 608 3560 661 οὐ
3618 612 3758 663 κατά
3807 615 3912 668 τὴν

2288 685 2551 748 διαθήκην
2615 690 2677 749 ἣν
2745 686 2990 764 διεθέμην
3057 701 3168 756 τοῖς
3224 698 3491 771 πατράσιν
3558 698 3726 770 ὑμῶν,
3791 681 3910 751 ἀλλ’

2286 779 2470 850 ἔσομαι
2537 775 2723 842 διδοὺς
2787 785 2979 853 νόμους
3023 801 3125 854 μου
3172 783 3245 845 εἰς
3297 787 3386 846 τὰς
3438 782 3661 861 καρδίας
3685 786 3865 839 αὐτῶν
3890 805 3904 817 ·

2285 871 2375 919 καὶ
2428 863 2709 925 εἰδήσουσι
2762 888 2825 941 με
2875 866 3059 933 πάντες
3119 871 3220 925 ἀπὸ
3276 882 3470 949 μικροῦ
3524 876 3621 938 ἕως
3666 876 3910 948 μεγάλου

2286 954 2487 1007 αὐτῶνο
2547 961 2638 1010 καὶ
2689 959 2895 1010 ἔσονται
2950 961 3136 1023 πάντες
3206 957 3457 1016 διδακτοὶ
3513 972 3671 1022 Θεοῦ.
3720 987 3750 1013 ››
3803 969 3912 1019 Διά

2284 1052 2440 1096 τοῦτο
2503 1042 2655 1098 οὐδὶν
2721 1045 2985 1120 ἐγγράφως
3040 1050 3307 1104 κατέλιπεν
3363 1053 3390 1104 ό
3448 1056 3696 1125 Χριστὸς,
3771 1052 3912 1107 ἀλλά

2287 1128 2382 1185 διὰ
2430 1132 2594 1205 λόγων
2784 1138 2850 1187 τά
2906 1133 3221 1210 διδάγματα
3270 1144 3361 1192 καὶ
3406 1143 3502 1203 τὰς
3558 1140 3768 1205 ἐντολὰς
3810 1148 3907 1196 τόν

2285 1224 2405 1276 καθ’
2476 1224 2615 1294 ἡμᾶς
2678 1228 2831 1296 νόμον
2897 1223 3134 1291 ἕπέταξεν
3177 1248 3189 1261 ·
3260 1225 3357 1281 διά
3428 1226 3486 1282 δὲ
3551 1227 3909 1303 παραδόσεως

2284 1320 2580 1385 πρακτικῆς
2633 1315 2690 1364 τό
2744 1318 3060 1389 μυστήριον.
3117 1316 3235 1369 Ἐπὶ
3289 1314 3349 1370 δε
3398 1319 3661 1391 ὑπέσχετο
3708 1319 3902 1392 λέγων·

2288 1420 2316 1447 ‹‹
2363 1396 2523 1451 Ὀταν
2581 1399 2702 1472 ἔλθη
2745 1402 2771 1453 ό
2830 1402 3191 1476 Παράκλητος,
3252 1406 3306 1458 ὃν
3363 1408 3463 1477 ἐγὼ
3520 1407 3710 1480 πέμψω
3772 1410 3905 1481 ὑμῖν

2283 1490 2429 1561 παρά
2473 1496 2565 1540 τοῦ
2616 1494 2834 1562 Πατρός,
2885 1490 3069 1553 ἐκεῖνος
3107 1489 3320 1557 διδάξει
3361 1495 3500 1567 ὑμᾶς
3536 1502 3625 1549 xui
3666 1498 3908 1570 ὑπομνήο

2287 1596 2367 1628 σει
2421 1579 2592 1630 πάντα
2641 1577 2676 1629 ἂ
2728 1576 2867 1631 εἶπον
2915 1579 3036 1653 ὑμῖν
3059 1595 3073 1611 ⁸
3118 1587 3207 1634 καὶ
3258 1583 3423 1637 τᾶλλα
3469 1583 3761 1657 ἀναγγελεῖ,
3794 1589 3910 1641 ὅσα

518 1666 722 1720 ἀκούειν
751 1667 781 1725 ἡ
808 1663 1096 1739 βαστάζειν
1128 1664 1187 1717 οὐ
1220 1662 1454 1719 δυνασθε
1476 1667 1618 1741 ἄρτι.
1651 1689 1679 1717 ››
1714 1671 1893 1738 Γέγονε
1924 1661 2108 1739 δὲὸπερ
2139 1666 2425 1737 ὑπέσχετο,
2452 1675 2542 1720 του
2575 1668 2918 1740 Παρακλήτου
2949 1669 3200 1735 ἐλθόντος.

587 1762 674 1815 32.
705 1759 868 1812 Tunc
897 1756 1157 1828 apostoli
1210 1757 1482 1813 exstitere
1511 1756 1782 1829 episcopi
1811 1772 1826 1822 ;
1856 1761 1913 1812 et
1963 1755 2169 1811 divino
2205 1755 2243 1808 Β

514 1845 622 1920 qui
648 1845 713 1901 in
738 1843 887 1917 ipsis
912 1843 1309 1915 inhabitabat,
1344 1844 1458 1901 snb
1481 1844 1798 1915 ignearum
1824 1844 2170 1914 linguarum

519 1934 739 2008 specie,
794 1932 1014 2006 Spiritu
1044 1933 1349 1989 erudiente
1397 1949 1502 1989 eos
1555 1950 1693 2007 quae
1749 1934 2085 2005 oportebat,
2116 1936 2171 1987 et

511 2023 836 2097 unicuique
868 2027 1110 2093 gentem
1131 2038 1309 2078 suam
1333 2023 1703 2093 assignante,
1721 2022 1896 2093 cujus
1922 2021 2169 2077 eosdem

508 2114 786 2184 linguam
814 2111 1091 2183 docebat,
1124 2111 1361 2169 divinas
1391 2113 1819 2185 mysteriorum
1872 2127 2080 2183 preces
2111 2115 2167 2166 et

511 2218 686 2260 sacra
736 2201 955 2273 ofﬁcia,
990 2205 1169 2273 prout
1218 2216 1369 2272 gens
1418 2216 1676 2274 quaeque
1728 2201 1851 2273 pati
1910 2204 2164 2273 poterat,

509 2296 567 2349 et
588 2297 929 2363 temporum
961 2288 1246 2361 adjuncta
1275 2289 1568 2359 ferebant,
1587 2294 1645 2346 et
1675 2288 2168 2361 persequentium

507 2379 764 2450 insidiae,
796 2379 882 2436 sic
933 2378 1323 2452 peragebant.
1363 2382 1428 2436 Et
1482 2378 1766 2452 precibus
1803 2378 2051 2451 quidem
2094 2394 2166 2432 ac

507 2468 1090 2543 proclamationibus
1110 2468 1360 2525 fortasse
1385 2469 1538 2524 inter
1553 2485 1616 2524 se
1642 2467 2033 2533 differebant;
2059 2465 2165 2522 sed

506 2565 712 2617 tamen
740 2557 1097 2615 traditarum
1127 2558 1553 2630 mysteriorum
1584 2557 1781 2612 forma
1808 2572 1880 2612 ea
1916 2572 2161 2628 prorsus

504 2649 617 2706 fuit
643 2665 831 2721 quam
859 2648 1146 2706 Dominus
1175 2653 1380 2705 noster
1398 2650 1573 2705 Jesus
1599 2646 1868 2703 Christus
1900 2646 2159 2703 tradidit.

501 2739 640 2793 Post
665 2735 982 2808 deiloquos
1010 2742 1214 2792 autem
1244 2734 1574 2808 apostolos,
1594 2734 1869 2791 nonnulli
1923 2738 2159 2790 sancto-

498 2841 638 2881 rum
657 2827 921 2894 Patrum,
974 2824 1353 2897 peculiariter
1370 2823 1610 2894 singuli,
1627 2839 1837 2896 preces
1858 2822 2162 2879 faciebant

2355 1754 2461 1826 λβ.
2509 1760 2636 1809 Τότε
2685 1754 2753 1815 δη
2783 1779 2794 1789 ·
2830 1763 2919 1810 καὶ
2949 1757 3214 1834 ἀρχιερεῖς
3253 1763 3299 1814 οἱ
3340 1760 3622 1816 ἀπόστολοι
3650 1763 3903 1839 ἐχρημά-

2281 1862 2454 1910 τισαν,
2512 1849 2603 1896 καὶ
2659 1853 2750 1896 τοῦ
2805 1846 2854 1897 ἐν
2913 1844 3042 1899 εῖδει
3107 1854 3333 1923 πυρίνων
3385 1850 3638 1922 γλωσσῶν
3692 1851 3905 1912 ένοική-

2283 1950 2467 1992 σαντος
2519 1931 2567 1984 ἐν
2617 1933 2797 1995 αὐτοῖς
2845 1937 2983 1988 θείου
3030 1940 3353 2010 Πνεύματος,
3397 1935 3753 2002 διδάσκοντος
3803 1943 3903 1995 αὖ·

2280 2024 2400 2082 τοὺς
2452 2017 2537 2072 οἶα
2590 2017 2695 2091 δεῖ,
2748 2028 2834 2074 καὶ
2885 2031 3363 2099 προχειρισαμένου
3431 2030 3650 2082 ἕκαστον
3717 2032 3899 2084 αὐτῶν

2279 2109 2329 2162 ἐν
2377 2117 2448 2181 τῷ
2502 2113 2650 2178 ἔθνει,
2707 2108 2766 2164 οὗ
2813 2117 2908 2171 τήν
2967 2110 3236 2168 διάλεκτον
3287 2116 3455 2170 λαλεῖν
3509 2122 3722 2180 τούτους
3780 2120 3896 2173 ἐσό-

2278 2217 2397 2269 φισε
2445 2199 2572 2269 (37),
2630 2198 2790 2270 εὐχὰς
2835 2200 2951 2274 (38)
3003 2209 3306 2277 μυστηρίων
3363 2207 3505 2267 θείας
3555 2213 3644 2259 xui
3691 2210 3896 2283 ἱερουρο

2274 2293 2394 2357 γίας
2438 2287 2788 2350 καταλλήλους
2837 2298 2899 2348 τῆ
2957 2298 3206 2365 καρτερίᾳ
3252 2302 3343 2346 τοῦ
3391 2296 3591 2365 ἔθνους,
3641 2303 3734 2350 xui
3778 2306 3894 2362 τοῖς

2274 2384 2479 2450 καιροῖς
2552 2386 2650 2428 τῶν
2717 2382 3118 2450 περιστάσεων,
3180 2387 3269 2434 καὶ
3323 2390 3433 2445 ταῖς
3490 2382 3725 2458 ἐνέδραις
3787 2396 3891 2439 τῶν

2276 2462 2589 2535 διωκόντων,
2655 2463 2879 2521 ἐποίουν.
2953 2473 3051 2522 Καὶ
3120 2468 3167 2522 ἐν
3234 2473 3324 2541 μὲν
3382 2480 3500 2534 ταῖς
3560 2474 3753 2545 εὐχαῖς
3794 2483 3885 2528 καὶ

2272 2562 2390 2616 ταῖς
2451 2554 2819 2626 ἐκφωνήσεσιν,
2874 2559 3001 2618 ἴσως
3052 2554 3285 2632 διέφερον
3339 2558 3603 2619 ἀλλήλων·
3661 2564 3686 2614 ό
3736 2560 3802 2615 δέ
3827 2585 3891 2636 γε

2272 2647 2432 2705 τύπος
2497 2646 2608 2715 (39)
2675 2652 2768 2706 τῆς
2835 2643 3184 2717 παραδόσεως
3235 2656 3335 2699 τῶν
3387 2656 3714 2725 μυστηρίων,
3741 2655 3893 2705 κοιθά

2271 2737 2362 2785 xui
2405 2734 2430 2783 ό
2492 2736 2682 2806 Κύριος
2729 2736 2873 2805 ἡμων
2925 2735 3130 2797 Ἰησους
3186 2741 3413 2811 Χριστός
3472 2748 3646 2792 τουτον
3712 2747 3883 2814 παρέ-

2272 2818 2439 2878 δωκε.
2507 2824 2651 2874 Μετά
2716 2819 2775 2875 δὲ
2840 2827 2962 2887 τοὺς
3031 2826 3313 2897 θεηγορους
3381 2824 3693 2889 ἀποστόλους
3735 2832 3885 2892 τινες

498 2917 557 2969 et
573 2912 1101 2985 proclamationes,
1124 2917 1181 2969 et
1200 2911 1493 2968 absolutae
1513 2910 1767 2981 liturgias
1790 2909 2018 2976 cilicia;
2047 2910 2161 2965 vel-

2276 2916 2367 2958 τών
2422 2909 2585 2980 ἁγίων
2641 2914 2880 2983 Πατέρων
2934 2909 3242 2977 ἰδιαζόντως
3299 2916 3520 2977 ἕκαστος
3572 2922 3661 2969 καὶ
3706 2921 3886 2990 εὐχὰς

495 3002 584 3059 uti
598 3007 845 3059 sanctus
854 3001 1103 3059 illustris
1118 3001 1506 3074 Epiphanius,
1518 3006 1577 3057 et
1597 3015 1860 3072 magnus
1886 2999 2156 3068 Basilius,

496 3095 556 3148 et
573 3091 751 3147 divus
805 3090 1288 3163 Chrysostomus.
1320 3089 1530 3146 Cuncti
1576 3094 1780 3145 autem
1820 3104 1894 3144 ex
1939 3088 2159 3146 viviﬁci

495 3179 679 3237 fontis
725 3178 1010 3236 Paraeleti
1038 3178 1277 3237 ﬂuentis
1315 3178 1650 3236 hauserunt
1674 3177 1988 3248 dogmata,
2018 3193 2156 3249 quas

497 3265 977 3326 orthodoxorum
1007 3267 1291 3339 Ecclesia,
1336 3283 1447 3323 ceu
1476 3265 1556 3322 ab
1576 3266 1709 3338 ipso
1731 3265 1960 3322 Christo
1998 3265 2157 3323 dicta

497 3360 557 3413 et
607 3354 768 3413 facta
826 3356 1050 3429 recepit
1092 3373 1106 3412 :
1165 3360 1223 3414 et
1265 3371 1430 3413 nunc
1488 3370 1610 3426 prae
1669 3354 1896 3410 caeteris
1954 3353 2157 3411 divina

495 3443 739 3515 liturgia
767 3445 979 3517 magni
1006 3445 1225 3513 Basilii,
1257 3459 1373 3501 nec
1425 3458 1551 3500 non
1588 3442 1713 3499 divi
1743 3443 2157 3515 Chrysostomi

495 3534 559 3590 in
610 3549 780 3591 more
807 3538 916 3605 est,
950 3550 1090 3591 cum
1129 3533 1229 3591 illa
1276 3531 1936 3605 praesanctiticatorum,
1967 3548 2150 3604 quam

491 3622 769 3680 nonnulli
794 3623 1002 3680 Jacobi
1032 3638 1161 3678 esse
1186 3621 1415 3686 dicunt,
1448 3619 1553 3692 qui
1573 3620 1753 3676 frater
1776 3620 2009 3676 Domini
2041 3637 2154 3692 ap-

493 3711 753 3787 pellatus
805 3712 953 3783 fuit;
1005 3712 1107 3771 alii
1162 3711 1315 3769 Petri
1370 3709 1625 3783 apostoli
1655 3726 1725 3768 ac
1784 3712 2149 3777 summatis;

494 3801 596 3860 alii
620 3801 900 3860 aliorum.

2267 2994 2554 3055 ἐποιοῦντο.
2630 3003 2719 3049 καὶ
2786 2998 3130 3070 ἐκφωνήσεις,
3196 3008 3287 3055 xui
3353 3003 3744 3079 ἀπηρτισμένης
3819 3010 3885 3061 ἰε-

2264 3091 2512 3158 ρουργίας
2566 3083 2874 3138 ἀκολουθίαν
2926 3092 3061 3157 (40)·
3112 3092 3182 3151 ὡς
3238 3093 3264 3142 ό
3313 3090 3360 3143 ἐν
3410 3092 3581 3164 ἁγίοις
3625 3092 3886 3167 ἐπιφανὴς

2269 3174 2581 3246 Ἐπιφάνιος,
2658 3181 2747 3228 καὶ
2815 3178 2840 3226 ό
2902 3182 3058 3249 μέγας
3126 3180 3391 3243 Βασίλειος
3416 3224 3430 3248 ,
3495 3188 3586 3234 xui
3651 3185 3679 3235 ό
3743 3186 3883 3248 θεῖος

2267 3270 2669 3336 Χρυσόστομος.
2725 3268 2918 3327 Πάντες
2962 3263 3011 3318 δ’
3057 3269 3196 3341 ὅμως
3251 3268 3306 3321 ἐκ
3353 3279 3450 3321 τῶν
3498 3275 3741 3344 ναμάτων
3778 3282 3874 3336 τῆς

2269 3352 2573 3429 ζωηρρύτου
2647 3364 2823 3426 πηγῆς
2893 3364 2985 3407 τοῦ
3052 3358 3397 3432 Παρακλητου
3466 3362 3732 3433 ἠρύσαντο
3811 3367 3881 3415 τὰ

2266 3439 2547 3515 δόγματα·
2604 3442 2734 3516 άπερ
2811 3445 2843 3503 ἠ
2915 3452 3017 3495 τῶν
3093 3444 3387 3520 ὀρθοδόξων
3457 3450 3744 3509 Ἐκκλησία
3808 3456 3883 3514 ὡς

2262 3531 2385 3607 παρ’
2434 3532 2595 3584 αὑτοῦ
2643 3540 2735 3583 του
2784 3540 3020 3606 Χριστοῦ
3063 3534 3318 3608 λεχθέντα
3364 3557 3418 3590 τε
3448 3544 3538 3592 καί
3561 3542 3880 3613 πραχθέντα

2264 3617 2511 3683 ἐδέξατο·
2567 3626 2656 3672 καὶ
2712 3629 2799 3672 νῦν
2858 3624 2958 3697 πρὸ
3006 3632 3105 3675 τῶν
3157 3624 3320 3678 ἄλλων
3373 3629 3403 3685 ἡ
3442 3628 3876 3701 θειαλειτουργία

2263 3719 2355 3763 τοῦ
2406 3709 2632 3783 μεγάλου
2683 3709 2951 3763 Βασιλείου
2990 3718 3079 3765 καὶ
3136 3723 3228 3767 τοῦ
3287 3718 3425 3768 θείου
3485 3722 3880 3791 Χρυσοστόμου

2262 3807 2441 3877 κρατεῖ
2490 3801 2622 3871 μετά
2687 3818 2746 3869 γε
2809 3808 2904 3860 τῆς
2969 3810 3070 3852 τῶν
3134 3810 3589 3878 προηγιασμένων,
3642 3809 3702 3866 ἧν
3742 3827 3885 3870 τινες

492 3895 584 3967 μὲν
642 3891 892 3947 Ἰακώϐου
950 3887 1081 3946 εἶναί
1133 3910 1264 3964 φασι
1315 3896 1408 3944 τοῦ
1465 3889 1841 3963 ὀνομασθέντος
1901 3887 2125 3963 ἀδελφοῦ
2187 3895 2405 3965 Κυρίου,
2474 3888 2635 3962 ἕτεροι
2689 3884 2748 3940 δὲ
2797 3892 2993 3964 Πέτρου
3047 3901 3139 3944 του
3206 3890 3503 3947 ἀποστόλου
3556 3900 3645 3948 xui
3718 3916 3884 3972 κορυ-

494 4000 673 4055 φαίου,
698 3986 791 4036 xui
814 3980 964 4036 ἄλλοι
992 3980 1177 4037 ἄλλων.

565 4074 657 4130 33.
700 4072 842 4128 Post
870 4070 1299 4143 praedictorum
1330 4067 1745 4141 apostolorum
1775 4074 2152 4128 sanctorum-

493 4175 614 4234 que
651 4158 1319 4226 commemorationem,
1350 4157 1600 4215 nomina
1648 4158 2001 4215 nuntiantur
2048 4159 2153 4215 de-

492 4247 865 4316 functorum,
894 4262 1157 4320 quorum
1185 4246 1253 4303 fit
1309 4247 1552 4315 mentio,
1608 4263 1718 4303 nec
1760 4262 1881 4303 non
1913 4247 2153 4304 illorum

496 4352 608 4410 pro
637 4337 864 4409 quibus
891 4335 1048 4392 ﬁunt
1074 4335 1406 4394 oblationes
1434 4356 1451 4407 ;
1483 4353 1628 4392 mox
1657 4335 2043 4394 sacerdotum
2082 4351 2154 4393 ac

488 4440 709 4496 regum
755 4429 813 4481 et
860 4425 1134 4481 omnium
1187 4425 1384 4482 simul.
1430 4428 1624 4497 Atque
1653 4424 1716 4481 hi
1759 4424 2030 4494 magistri
2085 4424 2150 4480 li-

491 4512 729 4584 turgiaa,
760 4513 1022 4571 volentes
1049 4517 1167 4572 Deo
1194 4515 1449 4572 similem
1476 4530 1607 4571 esse
1635 4514 2012 4587 episcopum,
2040 4530 2151 4587 pro

492 4603 752 4662 inimicis
780 4620 1027 4678 quoque
1057 4605 1135 4663 ab
1165 4621 1236 4662 eo
1285 4620 1493 4679 preces
1516 4599 1710 4670 fundi,
1739 4618 1988 4675 aequum
2017 4619 2152 4660 cen-

494 4697 660 4751 sent:
703 4693 885 4751 talem
915 4695 1077 4751 enim
1106 4710 1236 4752 esse
1286 4696 1522 4767 oportet
1567 4691 1946 4764 episcOpum,
1999 4692 2151 4751 inter

492 4786 686 4841 Deum
712 4783 987 4842 videlicet
1036 4788 1094 4840 et
1116 4782 1396 4841 homines
1449 4780 1865 4838 mediatorem.
1926 4781 2149 4839 Deinde

489 4871 648 4931 elata
698 4888 888 4931 voce:
924 4875 1213 4931 Memento
1266 4872 1330 4928 in
1358 4869 1591 4943 primis,
1635 4867 1909 4937 Domine,
1960 4871 2150 4929 archi-

489 4961 759 5037 episcopi
783 4962 971 5022 nostri
996 4981 1013 5032 ;
1042 4960 1269 5035 quibus
1301 4957 1497 5017 verbis
1522 4956 1867 5017 odedientia
1889 4961 2149 5019 ostendi-

560 5104 612 5141 ²⁶
650 5104 869 5163 Jerem.
893 5120 1064 5172 xxxx,
1092 5103 1181 5159 31.
1227 5102 1273 5138 ’⁷
1299 5102 1397 5158 Isa
1416 5116 1527 5168 ων,
1560 5101 1629 5157 12
1673 5101 1722 5137 ³⁸
1742 5103 1924 5161 Joan.
1956 5119 2059 5173 xv,
2090 5107 2180 5160 26.

556 5230 674 5308 (37)
723 5228 1146 5308 Animadverte
1195 5223 1474 5308 auctoris.
1510 5223 1701 5308 nostri
1769 5226 2137 5308 opinionem,

484 5295 657 5382 quod
673 5299 1092 5382 unusquisque
1110 5295 1424 5382 apostolus
1440 5296 1651 5378 doctus
1668 5295 1843 5380 fuerit
1856 5295 2139 5382 divinitus

481 5367 752 5443 linguam
786 5367 1365 5443 admin'atim'gentis
1407 5369 1556 5440 ejus,
1612 5369 1710 5426 cui
1761 5370 2141 5443 peculiariter

482 5440 884 5500 deitinandus
906 5440 1076 5497 foret.

554 5516 671 5595 (338.2
722 5515 808 5595 ita
851 5511 1329 5595 etiam-sanctus
1376 5510 1753 5585 Sophronius
1806 5512 1971 5586 apud
2020 5528 2136 5572 nos

724 5585 896 5645 Rom.
929 5587 973 5644 t.
1003 5583 1093 5642 IV.
1121 5598 1186 5660 p.
1211 5586 1304 5662 31ε

2334 4066 2434 4119 λε’.
2476 4068 2620 4119 Μετά
2673 4063 2731 4119 δὲ
2778 4071 2873 4125 τὴν
2922 4074 3131 4139 μνήμην
3184 4079 3283 4122 τῶν
3329 4078 3715 4147 προειρημένων
3742 4072 3887 4128 ἀπο-

2266 4155 2460 4209 στόλων
2502 4161 2592 4207 xui
2640 4153 2801 4227 ἁγίων
2850 4161 2940 4209 καὶ
2984 4158 3009 4208 ό
3059 4160 3348 4231 κατάλογος
3386 4166 3586 4233 γίνεται
3613 4171 3713 4214 τῶν
3743 4184 3882 4236 μνη.

2263 4249 2610 4316 μονευομένων
2674 4253 2882 4317 νεκρῶν,
2947 4251 3037 4299 xui
3093 4249 3219 4324 ὑπὲρ
3290 4246 3358 4300 ὧν
3423 4252 3479 4302 αἱ
3528 4259 3839 4326 προσφοραί
3867 4273 3881 4283 ·

2261 4328 2370 4388 εἶτα
2416 4336 2583 4408 ἱερέων
2641 4338 2731 4386 xui
2781 4332 3040 4405 ﬁumh’wu
3087 4342 3177 4389 xui
3232 4341 3437 4393 πάντων
3499 4341 3651 4412 ὁμοῦ.
3708 4337 3887 4398 Οὗτοι

2262 4420 2321 4476 δὲ
2374 4419 2685 4485 σπευδοντες
2732 4421 3101 4496 ἐξομοιοῦσθαι
3152 4435 3224 4498 τῷ
3284 4436 3398 4500 Θεῷ
3446 4434 3534 4481 τόν
3589 4427 3882 4507 ἀρχιερέα,

2259 4517 2349 4564 καὶ
2387 4513 2513 4585 ὑπὲρ
2558 4520 2658 4563 τῶν
2715 4510 2919 4587 ἐχθρῶν
2983 4516 3240 4587 εὔχεσθαι
3271 4513 3545 4572 δικαιοῦσι
3575 4536 3588 4549 ·
3630 4528 3884 4576 τοιοῦτον

2256 4606 2355 4675 γὰρ
2407 4608 2535 4653 εῖναι
2593 4596 2676 4653 δεῖ
2725 4604 2807 4653 τόν
2867 4600 3137 4678 ἀρχιερέα,
3193 4610 3412 4677 μεσίτην
3469 4616 3603 4662 Θεοῦ
3655 4617 3749 4664 καί
3782 4611 3884 4667 ἂν.

2260 4694 2496 4767 θρὼπων.
2556 4687 2683 4745 Εἶτα
2738 4693 2768 4749 ἡ
2815 4690 3106 4765 ἐκφωνησις
3143 4695 3293 4768 (41)’
3345 4697 3427 4750 Ἐν
3472 4706 3702 4774 πρώτοις
3735 4709 3887 4776 μνή-

2261 4782 2439 4846 σθητι,
2497 4783 2673 4855 Κύριε,
2726 4788 2819 4833 τοῦ
2888 4780 3315 4856 ἀρχιεπισκόπου
3379 4788 3524 4860 ἡμῶν
3560 4806 3572 4819 ·
3650 4786 3737 4863 ἀφ’
3810 4790 3885 4856 ἧς

2259 4866 2528 4923 δείκνυται
2589 4871 2825 4944 ὑποταγὴ
2894 4873 2922 4929 ἡ
2983 4876 3115 4946 πρὸς
3165 4877 3221 4927 τό
3289 4877 3581 4953 ὑπερέχον·
3640 4885 3733 4934 xui
3782 4884 3886 4939 ὅτι

2259 4962 2445 5014 τούτου
2490 4964 2938 5033 μνημονευόμενον
2984 4960 3273 5038 ἀρχιερέως
3321 4972 3562 5030 κοινωνός
3611 4966 3727 5022 ἐστι
3770 4982 3883 5029 καὶ

2323 5228 2436 5298 (39)
2468 5227 2613 5285 Citat
2651 5224 2815 5286 hunc
2851 5227 3056 5288 locum
3092 5249 3165 5290 ex
3207 5250 3321 5291 ms.
3354 5234 3606 5294 Allatius
3640 5240 3885 5301 Contra

2248 5299 2679 5373 Hottingerum
2704 5316 2762 5373 p.
2804 5305 2886 5357 Η.

2318 5369 2444 5498 (4οὲ
2464 5369 2638 5429 Deest
2654 5369 2959 5463 mendose
2988 5376 3156 5449 apud
3176 5377 3541 5450 praedictum
3569 5382 3875 5445 Allatium

2318 5458 2401 5498 ica
2449 5442 2616 5498 ulum
2644 5444 2975 5498 ακολουθιαν.

2245 5442 2616 5500 voeabulum
2644 5442 2975 5504 ἀκολουθίαν.

2271 5583 2289 5594 ⁸
2320 5514 2433 5594 (4t)
2456 5514 2684 5571 Laudat
2708 5515 2853 5594 hinc
2882 5518 3240 5594 particulam
3267 5538 3345 5594 ex,
3368 5538 3483 5580 ms.
3505 5525 3673 5586 idem
3699 5528 3873 5589 Alla-

2244 5588 2364 5661 tius
2391 5588 2456 5643 in
2482 5600 2666 5659 opere
2694 5588 2783 5645 De
2802 5588 3117 5664 cuiusnam,
3143 5592 3259 5652 col.
3293 5593 3430 5653 1185
