4134 6380
549 323 653 383 463

1825 315 2182 373 THEODORI
2217 311 2641 375 ANDIDENSIS

3820 325 3932 383 464

551 453 619 506 Et
646 465 809 506 nunc
827 449 994 506 haud
1024 446 1201 505 nobis
1232 461 1301 502 os
1320 442 1552 517 aperire
1578 440 1748 499 licet:
1781 441 2117 512 ignominia
2145 447 2186 497 ei

2312 444 2473 517 πυρὸς
2515 439 2852 519 έδροσίζοντο
2893 460 2906 511 ;
2962 448 3112 518 ουχὶ,
3142 443 3487 520 Ἡμάρτομεν,
3553 446 3930 522 ἠνομήσαμεν,

551 539 946 610 Opprobrium
975 537 1117 594 facti
1143 552 1354 592 sumus
1385 533 1570 590 servis
1607 533 1746 601 tuis,
1777 536 1836 588 et
1864 530 2201 588 colentibus

549 633 636 684 te:
665 633 724 685 et
749 643 1130 700 quaecunque
1170 625 1293 682 alia
1331 621 1925 695 comprehenduntur
1952 619 2052 676 illa
2076 635 2207 676 ora-

549 717 728 772 tione.
763 721 912 773 Nam
964 714 1147 772 veluti
1185 713 1352 770 haud
1398 713 1493 768 his
1535 710 1817 775 contenti,
1863 713 2204 766 creaturam

548 805 896 862 universam
933 804 1014 862 ad
1053 802 1324 874 agendas
1371 800 1596 871 gratias
1631 797 2204 869 decantandumque

551 895 891 948 Creatorem
914 891 1188 948 invitant.
1213 893 1364 946 Num
1401 894 1458 945 et
1494 889 1624 945 haec
1638 886 1976 959 loquacitas
2007 885 2138 953 fuit,
2165 900 2202 942 ο

548 981 886 1038 Antichristi
909 980 1205 1052 discipuli,
1234 979 1485 1051 ejusque
1507 977 1787 1034 adventui
1826 975 2204 1047 praeeuntes?

547 1085 745 1142 neque
758 1071 919 1127 enim
937 1087 1044 1126 vos
1061 1085 1459 1142 praecursores
1471 1067 1628 1123 illius
1646 1065 1951 1138 appellare
1967 1064 2198 1120 dubito.

549 1160 645 1214 His
669 1177 812 1228 ergo
833 1177 870 1217 a
894 1159 1114 1216 sanctis
1155 1158 1423 1215 Patribus
1449 1155 1801 1228 compositis
1827 1153 2202 1210 orationibus

547 1252 702 1304 Deus
732 1249 1113 1322 potissimum
1142 1247 1518 1320 propitiatur,
1552 1250 1732 1317 atque
1762 1243 1843 1300 ad
1872 1242 2200 1300 misericor-

545 1336 709 1395 diam
747 1339 1020 1394 flectitur.

611 1573 698 1626 36.
724 1572 848 1641 Age
875 1583 1015 1624 vero
1045 1566 1126 1624 ad
1147 1565 1308 1623 hunc
1357 1564 1654 1623 sermonis
1710 1563 1914 1622 locum
1961 1562 2198 1620 delatus

535 1663 673 1731 post
708 1658 1021 1714 recitatam
1050 1656 1207 1714 elata
1229 1671 1378 1712 voce
1417 1655 1775 1720 orationem,
1815 1671 1951 1727 quae
1981 1653 2200 1712 dicitur

2311 529 2544 601 λέγοντες
2584 550 2598 600 ;
2637 537 2735 586 Καὶ
2785 539 2875 584 νύν
2909 533 3004 585 ούκ
3043 535 3184 586 ἔστιν
3224 536 3349 608 ἡμῖν
3394 533 3595 600 ἀνοῖξαι
3632 541 3690 591 1'6
3727 542 3928 612 στόμα·

2313 618 2547 691 αἰσχύνη
2604 627 2693 674 καὶ
2749 618 2948 685 ὄνειδος
3004 621 3313 697 ἐγενήθημεν
3370 632 3480 686 τοῖς
3547 621 3754 690 δούλοις
3800 647 3928 700 σου,

2313 712 2403 760 καί
2453 717 2558 770 τοῖς
2612 710 2906 784 σεϐομένοις
2963 730 3038 766 σε·
3105 717 3193 766 καὶ
3255 715 3358 767 ὅσα
3415 723 3478 788 τῇ
3548 716 3682 790 εὐχῇ
3751 721 3925 791 ταύτῃ

2315 802 2672 852 συντέτακται·
2725 797 2832 854 εἶτα
2878 803 2947 862 ὡς
2992 807 3064 874 μὴ
3119 801 3410 878 ἀρκούντων
3459 805 3640 868 αὐτοῖς
3696 810 3928 872 τούτων,

2311 892 2402 939 καὶ
2469 895 2644 942 πᾶσαν
2695 895 2789 949 τὴν
2848 895 3022 944 κτίσιν
3069 892 3142 954 εὶς
3201 892 3546 969 εὐχαριστίαν
3610 901 3702 950 καὶ
3761 897 3930 969 ύμνον

2313 973 2684 1040 ἀνακαλοῦντες
2739 987 2830 1032 τοῦ
2883 987 3127 1038 Ποιητοῦ.
3172 986 3257 1040 Μὴ
3291 984 3396 1055 ἄρα
3437 987 3528 1036 καὶ
3573 992 3745 1037 ταῦτα
3789 984 3930 1057 βατ-

2310 1064 2539 1137 τολογία,
2591 1063 2630 1117 ὦ
2676 1075 2766 1120 τού
2829 1069 3198 1142 Ἀντιχρίστου
3255 1073 3489 1144 μαθηταὶ
3539 1078 3630 1126 καὶ
3690 1079 3930 1148 προτρέ-

2309 1173 2492 1226 χοντες
2546 1156 2700 1209 ούτοῦ
2765 1164 3057 1231 παρουσίας
3090 1176 3104 1228 ;
3137 1159 3215 1212 Ού
3240 1163 3342 1234 γὰρ
3394 1157 3728 1237 προδρόμους
3783 1164 3931 1234 ὑμᾶς

2311 1243 2559 1318 ἐνέχομαι
2606 1245 2878 1319 ὀνομάζειν
2926 1247 3143 1304 ἐκείνου.
3197 1253 3414 1313 Τούτοις
3465 1246 3554 1303 οὖν
3606 1259 3717 1313 τοῖς
3788 1257 3929 1325 πρὸς

2309 1342 2406 1386 τῶν
2471 1334 2631 1408 ἁγίων
2693 1336 2981 1412 εἰρημένοις
3041 1341 3099 1391 1'6
3169 1346 3318 1392 Θεῖον
3376 1339 3566 1412 μᾶλλον
3631 1339 3930 1404 έξιλεοῡται

2309 1427 2548 1498 καὶπρὸς
2577 1427 2904 1498 συμπάθειαν
2935 1428 3254 1500 κάμπτεται.

2378 1564 2468 1628 λς’.
2518 1566 2654 1620 Ἀλλ’
2687 1564 2791 1621 ὦδε
2843 1576 2934 1621 τοῦ
2963 1568 3120 1642 λόγου
3166 1575 3456 1643 γινόμενος,
3489 1574 3622 1644 μετὰ
3666 1581 3764 1632 τῆν
3834 1571 3924 1626 έκ-

2309 1661 2538 1728 φὼνησιν
2625 1666 2720 1719 τῆς
2831 1659 2998 1731 εὐχῆς
3089 1659 3488 1732 κεφαλοκλισίας
3584 1669 3927 1738 πραττόμενα

535 1747 937 1803 inclinationis
967 1746 1199 1819 capitis,
1231 1761 1304 1802 ea
1327 1760 1464 1817 quae
1496 1745 1648 1800 tiunt
1696 1744 1871 1815 juxta
1919 1743 2186 1800 ecclesia-

2306 1748 2442 1798 κατὰ
2486 1743 2785 1820 παράδοσιν
2835 1747 3282 1809 ἐκκλησιαστικην
3338 1753 3665 1824 παρενθεῖναι
3714 1753 3920 1824 ᾠήθην·

535 1840 747 1893 sticam
782 1835 1164 1892 traditionem
1210 1834 1308 1890 hic
1346 1832 1757 1890 interserenda
1794 1849 1924 1888 esse
1966 1833 2194 1905 putavi.

536 1925 768 1980 Dictum
823 1925 986 1980 enim
1034 1923 1164 1995 jam
1229 1922 1360 1993 fuit,
1446 1922 1612 1994 quod
1666 1938 1806 1978 cum
1882 1923 2197 1980 instruitur

531 2014 853 2086 prothesis,
928 2017 1305 2086 praeparatur
1395 2028 1534 2068 cum
1634 2011 1842 2068 divino
1943 2029 2195 2085 corpore

529 2103 712 2160 etiam
742 2102 1089 2160 Dominicus
1137 2101 1387 2172 sanguis
1419 2117 1457 2158 a
1503 2100 1784 2170 diacono,
1824 2101 1930 2174 qni
1979 2107 2038 2159 et
2076 2103 2194 2159 exi-

529 2208 716 2264 guam
745 2208 922 2265 aquae.
948 2197 1184 2264 partem
1222 2190 1487 2248 immittit
1525 2208 1538 2246 :
1586 2206 1779 2264 eaque
1827 2192 1912 2247 ita
1942 2196 2198 2249 manent

527 2282 904 2339 sanctificata
931 2285 989 2338 et
1012 2284 1415 2338 transmutata
1435 2296 1469 2336 a
1495 2285 1705 2336 sancto
1729 2279 1969 2352 Spiritu,
1997 2296 2195 2353 usque

527 2371 608 2427 ad
637 2376 899 2444 tempus,
932 2386 1056 2442 quo
1086 2370 1349 2426 elevatur
1365 2370 1694 2442 pretiosum
1726 2369 1939 2426 Christi
1975 2385 2194 2443 corpus

525 2461 628 2516 Dei
681 2460 886 2518 nostri.
941 2462 1101 2516 Tunc
1163 2475 1304 2515 vero
1371 2458 1618 2516 affertur
1669 2475 1840 2529 aquas
1901 2458 2190 2516 ferventis

523 2565 716 2623 parva
736 2549 960 2622 phiala,
1000 2564 1074 2606 ex
1113 2563 1304 2621 eaque
1342 2547 1670 2604 infundunt
1685 2548 1750 2603 in
1772 2551 1996 2604 sanctis
2027 2564 2194 2604 men-

523 2656 606 2696 sas
636 2639 919 2711 imposita
955 2653 1123 2708 vasa,
1180 2638 1306 2693 sive
1351 2641 1609 2694 crateres
1641 2636 1760 2692 sint
1783 2637 1907 2693 sive
1929 2636 2188 2709 pocula;

523 2733 588 2785 ut
625 2727 1143 2801 quemadmodum
1184 2725 1368 2783 ambo
1417 2726 1606 2799 (aqua
1627 2729 1686 2782 et
1713 2726 1980 2796 sanguis)
2010 2742 2082 2783 ex
2109 2727 2194 2783 vi-

520 2817 623 2875 tali
678 2817 832 2874 sacri
875 2817 1078 2874 lateris
1135 2816 1293 2872 fonte
1347 2815 1610 2871 calentes
1677 2814 2050 2887 prodierunt,
2107 2815 2193 2873 ita

521 2923 684 2980 aqua
711 2905 940 2963 fervida
975 2904 1336 2977 sumptionis
1388 2909 1658 2976 tempore
1687 2903 1931 2975 injecta,
1965 2904 2193 2977 perfec-

518 3008 649 3060 tum
662 3008 872 3076 typum
885 3001 1186 3068 absolvat,
1204 3001 1354 3057 dum
1366 3001 1883 3058 communicantes
1897 3001 2188 3073 papillam

517 3091 703 3148 veluti
751 3090 976 3158 calicis,
1025 3088 1200 3162 quasi
1239 3089 1448 3160 ipsum
1477 3088 1653 3145 vitale
1684 3091 1842 3146 latus
1862 3089 2182 3161 attingunt.

519 3181 636 3239 Sed
662 3180 744 3238 ad
771 3178 1067 3236 sermonis
1104 3178 1318 3235 seriem
1346 3177 1684 3236 redeamus.

595 3364 686 3416 37.
717 3361 854 3416 Post
871 3355 1308 3431 proclamatam
1335 3357 1538 3430 itaque
1555 3356 1889 3414 orationem
1928 3374 2065 3432 quae
2095 3359 2186 3416 di-

523 3448 676 3506 citur
702 3447 1104 3504 inclinationis
1136 3447 1368 3520 capitis,
1395 3451 1454 3504 et
1481 3452 1618 3520 post
1641 3447 1911 3521 episcopi
1932 3449 2183 3520 profun-

523 3540 669 3596 dam
688 3538 1124 3606 adorationem,
1168 3537 1236 3594 ﬁt
1272 3537 1523 3594 elevatio
1550 3537 1878 3594 venerandi
1916 3539 2184 3611 corporis

527 3629 739 3687 Christi
765 3628 868 3685 Dei
897 3629 1104 3696 nostri,
1150 3630 1218 3684 ut
1258 3631 1548 3685 attestans
1577 3629 1658 3684 ait
1685 3628 1994 3695 sacerdos,
2045 3643 2184 3700 pro-

523 3719 857 3792 pemodum
881 3718 962 3775 ita
991 3717 1236 3774 dicens:
1265 3739 1294 3768 »
1317 3717 1584 3774 Exaltate
1623 3716 1946 3775 Dominum
1968 3718 2180 3786 Deum,

521 3812 798 3866 nostrum
809 3811 867 3864 et
881 3807 1130 3865 adorato
1141 3805 1474 3864 scabellum
1485 3805 1713 3880 pedum
1729 3807 1876 3878 ejus,
1889 3805 2034 3879 quia
2049 3822 2183 3863 san-

520 3902 652 3955 ctus
670 3901 756 3956 est
773 3915 788 3956 :
819 3913 959 3955 ecce
973 3896 1296 3970 praedictus
1313 3901 1559 3953 sanctus
1581 3897 1868 3952 Dominus
1892 3896 2177 3954 elevatur.

523 3988 806 4062 Quisquis
847 3987 1028 4058 igitur
1065 3989 1314 4043 sanctus
1345 3988 1450 4051 est,
1492 3985 1758 4042 accedat.
1791 3989 1942 4044 Nam
1972 3991 2181 4045 sancta

520 4082 762 4135 sanctos
820 4076 1052 4133 decent.
1087 4096 1117 4125 »
1157 4073 1471 4131 Auditores
1516 4090 1681 4144 vero,
1728 4076 2015 4133 humanae
2071 4092 2181 4135 na-

519 4172 670 4223 turas
697 4165 1108 4222 inﬁrmitatem
1137 4168 1505 4236 reputantes,
1531 4163 1774 4223 dicunt:
1806 4190 1833 4219 «
1857 4169 2018 4224 Unus
2045 4183 2183 4225 san-

517 4258 650 4312 ctus
675 4253 973 4311 Dominua
1011 4254 1178 4307 Jesus
1226 4251 1510 4322 Christus,
1543 4260 1790 4325 peccato
1818 4255 2068 4312 omnino
2087 4256 2180 4313 in-

518 4357 840 4402 accessus.
866 4364 897 4393 »
943 4340 1275 4413 Statimque
1319 4341 1508 4398 divini
1556 4342 1862 4415 perﬁcitur
1906 4345 2178 4418 corporis

516 4430 754 4488 divisio.
780 4429 896 4489 Sed
923 4445 1281 4503 quanquam
1299 4429 1363 4486 in
1381 4435 1584 4504 partes
1620 4431 1926 4505 scinditur,
1971 4441 2180 4494 manet

515 4526 720 4578 tamen
749 4518 1130 4592 impartibilis
1159 4524 1218 4576 et
1235 4519 1529 4576 indivisus
1566 4520 1629 4576 in
1683 4537 2056 4596 unaquaque
2093 4525 2180 4582 di-

515 4609 781 4668 visarum
806 4613 1068 4682 partium
1097 4608 1260 4666 idem
1302 4614 1463 4666 totus
1495 4609 1654 4667 Deus
1683 4611 1869 4669 homo
1907 4613 2090 4671 etiam
2113 4615 2178 4672 in

511 4702 715 4772 partes
735 4704 948 4757 sectus.
982 4699 1104 4755 Etsi
1134 4699 1295 4755 enim
1317 4703 1374 4756 et
1401 4700 1881 4772 corruptibilitati
1925 4701 2037 4760 fuit
2071 4703 2178 4761 ob-

511 4788 732 4846 noxius
779 4805 850 4847 ac
897 4787 1098 4857 morti,
1154 4792 1422 4844 attamen
1468 4804 1610 4846 caro
1661 4790 1792 4861 ejus
1839 4791 1902 4846 in
1940 4791 2174 4851 inferno

510 4894 636 4936 non
657 4879 907 4950 agnovit
943 4877 1414 4950 corruptionem.
1454 4877 1715 4936 Etevatio
1745 4884 1950 4938 autem
1994 4898 2174 4939 vene-

508 4968 687 5026 randi
722 4967 990 5041 corporis
1019 4966 1415 5024 elevationem
1451 4966 1514 5023 in
1543 4983 1783 5024 crucem
1841 4985 2173 5043 repraesen-

508 5062 613 5130 tat,
669 5057 876 5130 ibique
933 5061 1212 5124 mortem,
1278 5056 1601 5128 ipsamque
1648 5059 2170 5120 resurrectionem.

508 5149 691 5204 Porro
712 5151 770 5202 et
796 5145 1172 5218 participatio
1201 5145 1451 5203 denotat
1471 5144 1637 5202 illam
1658 5151 1794 5203 ante
1825 5147 2172 5220 passionem

507 5237 571 5292 in
592 5236 848 5307 mystico
869 5236 1145 5294 convivio
1161 5235 1546 5293 traditionem
1562 5237 1738 5308 panis
1755 5241 1812 5293 et
1827 5240 2170 5296 communis

510 5324 746 5394 calicis;
791 5325 866 5381 de
896 5341 1018 5399 quo
1067 5325 1216 5382 dixit
1264 5327 1539 5382 Servator
1574 5330 1816 5383 noster:
1851 5350 1880 5379 ι(
1931 5329 2167 5386 Amodo

511 5427 585 5468 ex
599 5412 715 5469 hoc
730 5429 854 5470 non
872 5413 1107 5482 bibam,
1128 5413 1323 5470 donec
1361 5428 1592 5470 novum
1623 5413 1924 5472 bibiturus
1942 5433 2077 5473 sum
2102 5418 2165 5476 in

507 5515 697 5572 regno
715 5503 903 5561 Patris
924 5503 1046 5560 mei
1071 5519 1084 5568 ;
1119 5523 1147 5554 ν
1169 5518 1355 5575 quem
1378 5517 1596 5574 reapse
1623 5507 1762 5576 post
1780 5507 2164 5566 resurrectio-

507 5604 651 5651 nem
672 5589 828 5654 bibit
862 5590 1216 5654 mirabiliter
1244 5595 1304 5652 et
1329 5589 1601 5654 insolito:
1640 5606 1768 5656 non
1795 5593 1958 5657 enim
1987 5597 2164 5671 quasi

2307 1838 2510 1908 εἳρηται
2565 1840 2667 1910 γὰρ
2721 1835 2769 1889 ἐν
2823 1845 2883 1910 τῇ
2941 1836 3085 1912 ἀρχῇ
3137 1847 3234 1902 τῆς
3270 1842 3559 1914 προθέσεως
3597 1844 3662 1902 ὡς
3706 1842 3922 1915 ἑτοιμά-

2307 1925 2452 1985 ζεται
2509 1928 2639 1998 μετὰ
2687 1933 2777 1978 τοῦ
2833 1928 2969 1980 θείου
3041 1934 3280 2000 σώματος
3321 1935 3410 1982 καὶ
3466 1933 3525 1982 1'6
3596 1937 3922 1986 Δεσποτικόν

2307 2013 2438 2088 αἷμα
2465 2019 2610 2092 παρὰ
2649 2024 2740 2070 τού
2780 2013 3050 2088 διακόνου,
3097 2018 3499 2092 ἐπεμϐάλλοντος
3549 2017 3796 2079 δηλονότι
3825 2029 3920 2078 καὶ

2304 2109 2459 2178 μέρος
2513 2110 2700 2179 μικρὸν
2765 2102 2980 2170 ὓδατοςο
3049 2113 3140 2160 καὶ
3203 2113 3448 2182 μένουσιν
3514 2109 3680 2172 οὓτως
3759 2111 3918 2183 ἁγια-

2307 2195 2497 2267 ζόμενα
2547 2201 2638 2249 καὶ
2693 2199 3112 2271 μεταποιούμενα
3156 2207 3230 2270 τῷ
3278 2198 3414 2270 ἁγιῷ
3465 2203 3729 2272 Πνεύματι
3779 2200 3918 2276 ἆχρι

2303 2292 2396 2338 τοῦ
2451 2294 2640 2359 καιροῦ
2695 2294 2792 2347 τῆς
2851 2285 3105 2358 ύψὼσεως
3154 2296 3246 2341 τοῦ
3293 2293 3470 2360 τιμίου
3520 2295 3767 2362 σώματος
3819 2299 3917 2344 τοῦ

2303 2383 2540 2451 Χριστοῦ
2593 2380 2684 2428 καὶ
2735 2382 2869 2428 Θεοῦ
2918 2379 3082 2448 ἡμῶν·
3139 2381 3255 2430 τότε
3312 2373 3380 2436 δὴ
3430 2379 3708 2452 κομίζεται
3761 2376 3913 2454 ὓδωρ

2307 2465 2618 2537 θερμότατον
2663 2463 2736 2526 εἰς
2805 2463 2923 2522 λεϐη
2939 2467 3129 2539 τάριον,
3197 2471 3287 2518 καὶ
3335 2475 3581 2540 κιρνῶσιν
3637 2467 3692 2530 ἐξ
3745 2468 3915 2522 αὐτοῦ

2303 2555 2369 2605 τὰ
2413 2558 2725 2626 προκείμενα
2785 2552 2833 2605 έν
2889 2561 2951 2625 τῇ
3012 2553 3141 2626 ἁγίᾳ
3200 2555 3455 2629 τραπέζῃ,
3500 2559 3599 2609 εἴτε
3655 2565 3914 2633 κρατῆρες

2304 2644 2404 2694 εἶτε
2453 2648 2682 2715 ποτήρια
2734 2643 2848 2695 εἶεν³
2912 2642 2976 2694 ἶν’
3023 2645 3198 2717 ὥσπερ
3251 2646 3320 2706 ὡς
3377 2642 3433 2696 έκ
3489 2645 3615 2707 ζοῆς
3644 2646 3912 2717 προῆλθον

2300 2739 2397 2793 τῆς
2441 2733 2577 2793 θείας
2618 2731 2856 2804 πλευρᾶς,
2925 2729 3192 2806 ἀμφότερα
3261 2734 3572 2806 θερμότητος
3619 2733 3913 2808 πεπληρω-

2300 2825 2448 2894 μένα,
2503 2819 2638 2872 ούτω
2683 2817 2749 2878 δὴ
2804 2824 2865 2872 τό
2915 2817 3059 2894 ὕδωρ
3135 2823 3447 2896 θερμότατον
3490 2820 3537 2874 έν
3602 2828 3672 2873 τῶ
3726 2831 3909 2897 καιρῷ

2298 2917 2390 2970 τῆς
2439 2909 2776 2982 μεταλήψευς
2829 2908 3287 2982 ἐπεμϐαλλόμενον,
3353 2911 3538 2964 τέλειον
3592 2914 3679 2964 τὸν
3739 2913 3912 2965 τύπον

2298 2997 2588 3074 ἀναπληροῖ
2633 3007 2734 3051 τῶν
2789 2998 3284 3072 μεταλαμϐανόντων
3333 3008 3395 3058 τῆ
3466 2999 3596 3060 θηλῆ
3660 3008 3754 3054 τοῦ
3817 3021 3914 3056 πο-

2293 3094 2500 3164 τηρίου,
2554 3091 2623 3151 ὡς
2677 3088 2804 3162 αὐτῇ
2863 3096 2925 3161 τῇ
2988 3089 3319 3164 ζωοπαρόχῳ
3366 3089 3564 3162 πλευρᾴ
3609 3089 3907 3162 ψαυόντων.

2295 3177 2431 3232 Ἀλλ’
2507 3177 2593 3231 έπὶ
2652 3181 2746 3236 τὴν
2829 3178 3139 3232 ἀκολουθίαν
3201 3178 3294 3231 τοῦ
3369 3177 3525 3251 λόγου
3609 3177 3910 3254 ἐπαναδρά-

2291 3271 2466 3342 μωμεν
2475 3309 2487 3322 .

2362 3354 2461 3417 λζ.
2517 3359 2664 3410 Μετὰ
2709 3359 2803 3414 τὴν
2853 3354 3142 3429 ἐκφώνησίν
3195 3364 3284 3410 οῦν
3347 3364 3445 3420 τῆς
3495 3357 3904 3430 κεφαλοκλισίας

2291 3450 2379 3498 καὶ
2430 3451 2525 3505 τὴν
2576 3447 2881 3499 ύπόπτωσιν
2929 3453 3022 3499 τοῦ
3053 3445 3340 3521 ἀρχιερέως
3368 3451 3572 3520 ’γίνεται
3627 3447 3690 3507 ὒὴ
3720 3447 3904 3520 ψωσις

2290 3542 2383 3588 τοῦ
2429 3539 2606 3608 τιμίου
2667 3540 2905 3607 σώματος
2963 3541 3056 3588 τοῦ
3104 3542 3342 3610 Χριστοῦ
3393 3541 3485 3588 καὶ
3539 3532 3669 3590 Θεοῦ
3717 3539 3896 3607 ἡμῶν.

2290 3627 2355 3685 ὡς
2447 3621 2928 3699 διαμαρτυρόμενος
3001 3623 3134 3696 λέγει
3225 3624 3252 3677 ὀ
3347 3626 3530 3700 ἱερεὺς,
3599 3631 3898 3697 μονονουχὶ

2287 3715 2485 3767 ούτώσι
2536 3715 2747 3787 φάσκων
2791 3713 2871 3765 ότι
2921 3709 3101 3772 ἐπειδὴ
3152 3715 3202 3766 οἱ
3243 3722 3508 3789 προφῆται
3551 3718 3649 3788 πρὸ
3687 3712 3902 3768 πολλῶν

2286 3813 2466 3876 γενεῶν
2537 3802 2921 3880 προετρέψαντο
2999 3802 3248 3875 λέγοντες.
3325 3826 3348 3855 ε
3422 3803 3639 3876 ’Υψοῡτε
3699 3807 3903 3878 Κύριον

2285 3897 2374 3946 τόν
2419 3897 2548 3946 Θεὸν
2594 3894 2760 3965 ἡμῶν,
2807 3895 2896 3945 καὶ
2936 3899 3275 3966 προσκυνεῖτε
3338 3901 3410 3964 τῷ
3463 3889 3740 3964 ὑποποδίῳ
3789 3902 3901 3947 τῶν

2285 3979 2464 4036 ποδῶν
2522 3981 2701 4054 αὑτοῦ,
2775 3983 2856 4034 ὅτι
2902 3981 3047 4053 ἅγιός
3094 3979 3255 4034 έστινο
3323 3977 3442 4035 ἰδού
3495 3983 3523 4035 ό
3577 3981 3902 4058 προρρηθεὶς

2285 4072 2429 4146 ἅγιος
2477 4075 2665 4146 Κύριος
2720 4070 2969 4143 ὑψοῦται.
3011 4069 3202 4134 Ὂστις
3259 4078 3350 4125 οῦν
3425 4071 3593 4145 ἅγιος,
3670 4073 3906 4147 προσελ-

2289 4165 2438 4218 θέτω.
2487 4163 2566 4215 Τὰ
2619 4162 2722 4234 ’γὰρ
2777 4161 2908 4230 άγια
2952 4168 3058 4222 τοῖς
3107 4161 3279 4233 ἁγίοις
3328 4165 3532 4237 πρέπει.
3597 4183 3621 4211 ι
3703 4164 3771 4215 Οἱ
3839 4159 3903 4217 δε

2287 4249 2562 4325 ἁκροαται,
2654 4257 2751 4313 τῆς
2839 4249 3166 4324 ἀνθρωπίνης
3257 4252 3456 4324 φύσεως
3529 4253 3590 4304 1'6
3684 4249 3903 4314 ἀσθενὲς

2287 4340 2732 4413 ἀναλογιζόμενοι,
2785 4339 3046 4412 λέγουσιν·
3113 4362 3135 4392 ι
3205 4337 3290 4401 Εἷς
3349 4344 3504 4413 μόνος
3569 4340 3715 4412 ἅγιος
3783 4345 3903 4394 Κύ-

2244 4425 2393 4505 ίριος
2451 4430 2654 4492 Ἰησοῦς
2697 4434 2952 4504 Χριστὸς,
3010 4430 3036 4482 ό
3102 4431 3363 4505 ἁμαρτίας
3427 4428 3684 4491 παντελῶς
3742 4428 3902 4484 ἀνεπί

2211 4497 2257 4553 D
2284 4497 2485 4581 δεκτός.
2537 4537 2567 4574 ν
2630 4497 2944 4580 Καὶέύθύς⁷
2974 4519 3001 4570 ό
3049 4497 3308 4592 μερισμὸς
3347 4526 3442 4571 τοῦ
3491 4519 3628 4572 θείου
3669 4517 3904 4573 τελεῖται

2286 4615 2546 4681 σώματος.
2601 4607 2759 4662 Ἀλλὰ
2819 4609 2915 4660 κάν
2983 4611 3271 4681 μερίζεται,
3320 4609 3596 4681 ἀμέριστος
3649 4604 3900 4682 διαμένει

2281 4704 2371 4751 καὶ
2426 4697 2656 4770 ἆτμητος
2718 4696 2803 4769 ὑφ’
2868 4696 2941 4750 ἑνὶ
3019 4696 3220 4768 ἑκάστῳ
3282 4701 3426 4770 μέρει
3481 4701 3800 4771 τεμνομένων
3870 4702 3902 4752 ὀ

2282 4787 2433 4848 αύτός
2475 4787 2589 4848 ὅλος
2649 4787 2969 4859 θεάνθρωπος
3037 4787 3374 4862 μεριζόμενος
3407 4805 3460 4838 τε
3507 4792 3598 4838 καὶ
3647 4788 3904 4859 εὑρισκό-

2280 4893 2448 4950 μενος⁶
2501 4877 2546 4930 εἰ
2585 4878 2686 4951 γὰρ
2735 4879 2826 4928 καί
2877 4877 3044 4950 φθορᾴ
3093 4877 3292 4934 ὑπέστη
3347 4880 3436 4928 καί
3482 4877 3708 4948 θανάτῳ,
3780 4875 3900 4930 ἀλλ’

2281 4968 2312 5025 ἡ
2363 4967 2498 5040 σὰρξ
2526 4965 2688 5019 αὐτοῦ
2745 4963 2794 5017 ἐν
2831 4972 2903 5036 τῷ
2932 4961 3037 5038 ᾁδη
3071 4965 3164 5016 οὐκ
3213 4960 3320 5018 εῖδε
3361 4960 3674 5039 διαφθοράν.
3706 4964 3767 5020 Ἦ
3830 4964 3900 5020 δε

2278 5055 2483 5128 ὕψωσις
2532 5062 2624 5109 τοῦ
2670 5059 2848 5128 τιμίου
2899 5058 3139 5127 σώματος
3195 5054 3436 5115 εἰκονίζει
3493 5059 3588 5113 την
3654 5052 3740 5108 έπί
3796 5066 3901 5110 τοῦ

2280 5152 2511 5220 σταυροῦ
2562 5143 2788 5216 ὕψωσιν,
2840 5149 2931 5196 καί
2960 5147 3048 5196 τὸν
3093 5141 3143 5195 έν
3174 5144 3316 5215 αὐτῷ
3368 5146 3606 5214 θάνατον,
3659 5149 3752 5197 καί
3797 5148 3899 5200 αὐ-

2275 5240 2370 5294 τὴν
2425 5239 2520 5292 τὴν
2561 5233 2868 5288 ἀνάστασιν.
2923 5232 3080 5291 Δηλοῖ
3119 5229 3179 5286 δε
3225 5237 3316 5286 καί
3373 5234 3402 5290 ἠ
3451 5233 3749 5306 μετάληψις
3791 5241 3898 5296 τὴν

2273 5329 2375 5398 πρὸ
2406 5331 2497 5377 τοῦ
2543 5325 2744 5386 πάθους
2792 5323 2876 5376 ἐπί
2903 5330 2996 5375 τοῦ
3035 5330 3296 5396 μυστικοῦ
3347 5318 3560 5376 δείπνου
3591 5320 3897 5396 μετάδοσιν

2271 5422 2362 5468 τοῦ
2417 5415 2576 5490 ἄρτου
2635 5416 2726 5466 καί
2771 5420 2865 5466 τοῦ
2914 5420 3090 5466 κοινοῦ
3138 5416 3417 5486 ποτηρίουο
3467 5417 3588 5486 περὶ
3631 5408 3692 5466 οὗ
3747 5410 3894 5469 εἶπεν

2271 5510 2450 5580 Σωτὴρ
2490 5506 2659 5578 ἡμῶν,
2710 5525 2739 5554 ‹‹
2791 5503 2983 5557 Οὐκέτι
3038 5502 3095 5558 ἐκ
3145 5505 3333 5558 τούτου
3373 5507 3497 5572 πίω,
3547 5504 3716 5578 ἀρχις
3763 5509 3891 5558 ὅτου

2271 5598 2449 5653 καινὸν
2496 5594 2623 5653 αὐτὸ
2671 5597 2774 5651 πίω
2823 5591 2873 5650 ἐν
2909 5600 2970 5670 τῇ
3027 5591 3276 5668 βασιλεία
3314 5599 3406 5674 τοᾷ
3458 5595 3669 5673 Πατρός
3718 5613 3883 5676 μοις.»
