4134 6384
214 397 335 454 465

227 719 402 774 ματος
467 703 672 772 ἔχοντος
728 711 948 775 τροφῆς,
1021 702 1129 756 ἀλλ’
1196 703 1269 767 εἰς
1333 703 1687 779 πληροφορίαν
1747 713 1846 759 τῶν

228 791 488 862 μαθητῶν
516 797 608 852 τῆς
631 791 973 855 ἀναστάσεως
1001 794 1161 848 ἕνεκα.

307 877 416 937 λη’.
457 881 596 932 Μετὰ
644 885 815 932 ταῦτα
862 881 893 939 ἡ
955 880 1088 952 εύχὴ
1140 889 1236 944 τῆς
1289 883 1652 956 εὐχαριστίας,
1697 883 1841 940 καὶὴ

224 967 391 1041 ἄρσις
441 975 537 1020 τῶν
601 968 1042 1041 καταλειφθέντων
1099 973 1245 1024 θείων
1297 971 1572 1044 λειψάνων,
1611 974 1724 1034 ἣτις
1751 975 1844 1031 τὴν

227 1053 496 1127 ἀνάληψιν
545 1064 637 1110 τοῦ
695 1062 893 1133 Κυρίου
945 1064 1036 1112 καὶ
1085 1067 1220 1115 Θεοῦ
1268 1062 1411 1133 ἡμῶν
1453 1063 1842 1114 ύπαινίττεται·

225 1143 372 1217 λέγει
422 1147 523 1219 γὰρ
568 1150 686 1200 τότε
737 1148 765 1199 ό
816 1149 998 1222 ἱερεύς⁴
1047 1167 1080 1203 ‹
1127 1149 1391 1222 ’Υψὼθητι
1430 1149 1514 1204 ἐπὶ
1542 1154 1665 1212 τοὺς
1694 1154 1845 1226 ούρα-

217 1238 369 1299 νούς,
431 1236 458 1287 ό
511 1239 668 1301 Θεὸς,
727 1241 819 1290 καὶ
876 1236 960 1290 ἔπι
988 1244 1164 1291 πᾶσαν
1193 1244 1287 1298 τήν
1315 1248 1415 1312 γῆν
1444 1245 1474 1298 ἠ
1506 1237 1638 1304 δόξα
1660 1260 1776 1294 σου.
1814 1261 1842 1289 )›

208 1322 546 1396 ’Υψουμένου
603 1328 706 1398 γὰρ
760 1325 810 1378 ἐν
867 1335 932 1399 τῇ
994 1325 1267 1398 ἀναλήψει,
1319 1329 1490 1402 ἔλεγον
1543 1332 1591 1382 οἱ
1629 1331 1842 1402 ἄγγελοι

213 1420 334 1475 τοῖς
415 1411 735 1476 ἀποστόλοις
775 1431 788 1446 ⁶
861 1422 1029 1479 Οῦτος
1094 1419 1119 1470 6
1188 1418 1500 1492 ἀναληφθεὶς
1563 1418 1632 1491 ἀφ
1697 1421 1840 1492 ὑμῶν

209 1502 376 1555 παλιν
427 1501 691 1556 ἐλεύσεται
743 1506 814 1566 ὡς
866 1512 1072 1580 κριτής.
1127 1512 1254 1561 Τότε
1303 1505 1363 1562 δε
1409 1515 1510 1561 πᾶν
1549 1513 1674 1581 γόνυ
1705 1511 1840 1582 κάμι-

201 1591 304 1662 ψει
364 1590 506 1662 αὐτῷ
561 1591 880 1666 ἐπουρανίων
937 1601 1028 1648 καὶ
1082 1596 1341 1670 ἐπιγείων,
1399 1603 1490 1650 καὶ
1545 1601 1690 1651 ἔσται
1749 1596 1835 1650 ἐπὶ

200 1685 391 1733 πᾶσαν
455 1686 552 1740 τήν
594 1691 696 1754 γῆν
747 1686 776 1742 ἡ
829 1681 962 1748 δόξα
1018 1685 1200 1739 αὐτοῦ.
1257 1687 1315 1739 Εἰ
1362 1690 1464 1762 γὰρ
1489 1691 1580 1739 καὶ
1607 1695 1694 1739 νῦν
1732 1688 1836 1740 εἰσί

202 1789 344 1830 τινες
396 1779 498 1822 τῶν
546 1775 621 1843 μὴ
679 1772 1066 1844 ὁμολογούντων
1119 1775 1294 1842 αὐτόν,
1351 1775 1478 1828 ἀλλά
1509 1796 1625 1829 τοτε
1655 1773 1832 1838 οὐδεὶς

213 1857 467 1932 ἀντερεῖ.
532 1864 664 1913 Τότε
727 1864 869 1936 γὰρ,
938 1867 1057 1921 ησὶν
1119 1865 1145 1916 6
1213 1865 1465 1937 Θεολόγος
1527 1870 1831 1940 Γρηγόριος.

215 1951 625 2020 πιστεύσουσιν,
669 1952 791 2002 ὅταν
835 1948 1027 2005 ἴδωσιν
1080 1953 1234 2006 αὐτόν
1285 1953 1338 2017 ἐξ
1384 1955 1604 2028 ούρανοῦ
1652 1974 1835 2028 κατορ-

209 2042 481 2110 χόμενον,
539 2045 630 2093 καὶ
679 2043 748 2103 ὡς
803 2046 986 2116 κριτὴν
1033 2045 1392 2118 καθεζόμενον.
1452 2045 1511 2097 Ὀ
1560 2042 1618 2097 δὲ
1665 2045 1832 2098 τελευ-

213 2135 370 2191 ταῖος
429 2132 688 2202 θυμιατός
740 2135 837 2189 τὴν
888 2134 1052 2206 χάριν
1109 2141 1200 2186 τοῦ
1259 2134 1411 2205 ἁγίου
1470 2131 1628 2192 δηλοῖ
1680 2136 1836 2187 Πνεύ-

220 2237 389 2290 ματος
435 2222 531 2277 τὴν
581 2215 654 2272 δι’
714 2218 1092 2293 ἔμφυσὴματος
1148 2219 1393 2276 δοθεῖσαν
1449 2231 1555 2284 τοῖς
1611 2223 1835 2277 ἀποστό-

214 2306 332 2368 λοις
387 2309 515 2378 μετὰ
565 2313 662 2367 τὴν
717 2307 1028 2363 ἀνάσῒσῑενιν⁶
1085 2313 1114 2370 ἡ
1176 2308 1227 2364 δ’
1261 2312 1660 2385 ὁπισθάμϐωνος
1696 2313 1828 2385 εύχὴ

218 2398 380 2448 οἱονεὶ
436 2402 658 2470 σφραγίς
727 2397 842 2451 ἐστι
907 2402 1113 2452 πάντων
1180 2409 1280 2453 τῶν
1350 2402 1673 2474 αἰτημάτων,
1741 2408 1832 2455 καὶ

214 2482 661 2556 ἀνακεφαλαίωσις
736 2491 960 2546 τακτικὴ
988 2531 1000 2554 ,
1080 2493 1356 2564 πρέπουσα
1430 2498 1536 2551 τοῖς
1603 2495 1832 2565 πρώτοις

212 2578 312 2626 καὶ
390 2580 714 2651 τιμιωτέροις
774 2575 1032 2650 ἐπιλόγοις
1090 2581 1221 2646 (42)⁶
1281 2576 1461 2638 ἐπειδὴ
1517 2600 1614 2652 γαρ
1681 2586 1830 2634 πᾶσα

212 2665 246 2722 ἠ
332 2665 448 2716 θεία
526 2667 814 2740 ἱερουργία,
891 2672 1296 2742 προηγουμένως
1371 2672 1462 2742 μὲν
1537 2672 1664 2744 ὑπὲρ
1728 2679 1828 2723 τῶν

206 2758 682 2826 προσενεγκόντων,
745 2761 838 2809 καὶ
888 2753 960 2809 δι’
1021 2756 1111 2818 οὓς
1170 2763 1510 2830 προσήγαγον
1567 2759 1824 2812 τελείταιο

212 2845 396 2895 ἔπειτα
471 2840 534 2896 δε
602 2849 693 2897 καὶ
765 2847 894 2921 ὑπὲρ
961 2848 1166 2899 πάντων
1229 2855 1330 2900 τῶν
1391 2847 1824 2920 καταλειφθέντων

213 2933 356 2982 κατά
411 2934 572 3002 μόνην
629 2933 828 3004 εὐχήν·
890 2932 1073 2994 ἐπειδὴ
1135 2938 1236 3009 γάρ
1286 2957 1420 3000 τινες
1463 2946 1562 2990 τῶν
1612 2937 1706 3000 ἔξω
1734 2945 1825 2990 τοῦ

215 3021 616 3094 θυσιαστηρίου
689 3021 918 3076 ἑστώτων
981 3025 1052 3086 εἰς
1118 3024 1337 3098 ἀπορίαν
1402 3026 1651 3088 πολλάκις
1714 3048 1825 3100 χω-

207 3116 394 3181 ροῦσι,
454 3120 917 3184 γνωσιμαχοῦντες
978 3119 1068 3167 καὶ
1131 3115 1380 3186 λέγοντες,
1458 3121 1544 3176 Τίς
1618 3117 1722 3192 ἄρα
1797 3119 1822 3169 6
1853 3141 1895 3198 ρ

207 3202 425 3265 σκοπός,
477 3205 569 3252 καὶ
624 3206 654 3260 ἠ
701 3210 802 3254 τῶν
848 3205 994 3275 παρά
1047 3211 1139 3256 τοῦ
1189 3203 1471 3279 ἀρχιερέως
1508 3205 1824 3279 ύποψιθυρι-

200 3288 436 3360 ζομένων
493 3289 667 3362 εύχῶν
719 3294 888 3344 ἔννοιά
944 3311 1000 3346 τε
1053 3298 1145 3347 καὶ
1189 3290 1564 3367 δύναμις;καὶ
1593 3296 1820 3367 ἐφίενταί

203 3397 328 3429 τινα
357 3374 568 3436 εἴδησιν
606 3384 698 3433 καὶ
747 3383 944 3434 τούτων
994 3381 1166 3436 λαϐεῖν
1192 3399 1206 3414 ⁶
1259 3386 1394 3436 κατά
1421 3392 1572 3436 τοῦτο
1612 3387 1661 3437 οἱ
1693 3386 1820 3437 θεῖοι

203 3470 435 3541 Πατέρες
499 3470 567 3530 ὡς
631 3470 1080 3543 ἀνακεφαλαίωσιν
1144 3473 1349 3525 πάντων
1404 3480 1504 3526 τῶν
1571 3470 1666 3526 διὰ
1719 3483 1818 3527 τῶν

201 3555 380 3628 εὐχῶν
444 3557 760 3632 αἰτουμένων
819 3563 910 3612 τόν
987 3570 1309 3637 χαρακτῆρα
1385 3565 1577 3624 ταύτης
1643 3562 1818 3624 ἐποιή-

201 3666 360 3700 σαντο
393 3690 406 3713 ,
499 3644 852 3713 διδάσκοντες
936 3655 1054 3712 τοὺς
1137 3650 1511 3716 ἔπιξητοῦντας
1583 3652 1636 3706 ἐκ
1723 3662 1816 3707 τοῦ

203 3733 511 3810 κρασπέδου
563 3741 626 3790 τό
677 3739 918 3812 ὕφασμα.
963 3743 1027 3792 Τί
1073 3737 1128 3793 δ’
1175 3740 1297 3793 οῖλλο
1342 3740 1456 3795 ἔστι
1484 3746 1542 3795 τό
1581 3742 1814 3818 λειπόμε-

202 3844 292 3877 νον
342 3826 372 3882 ᾖ
430 3827 456 3876 6
494 3834 583 3879 τοῦ
626 3829 943 3903 παρθενικοῦ
994 3833 1238 3902 σώματος
1279 3833 1461 3894 τύπος,
1507 3833 1532 3883 6
1563 3837 1815 3906 μερισμὸς

202 3921 306 3974 τῆς
358 3913 591 3985 εύλογίας
650 3922 742 3970 καὶ
805 3924 1107 3992 προσφορᾶς
1157 3919 1314 3988 (43);
1380 3919 1578 3973 κλᾶται
1633 3924 1734 3994 γὰρ
1786 3924 1812 3974 6

203 4004 389 4076 ἄρτος,
444 4000 772 4078 διατίμνεται
829 4003 890 4059 δὲ
944 4008 1015 4068 ὡς
1077 4005 1304 4082 ἀρρήτου
1363 4008 1595 4080 εὐλογίας
1659 4013 1814 4084 μετά-

200 4091 366 4163 ληψις
438 4101 545 4156 τοῖς
626 4095 1088 4169 μεταλαμϐάνουσι
1160 4100 1292 4170 μετὰ
1381 4103 1600 4161 πίστεως
1633 4116 1646 4130 ⁸
1725 4107 1812 4163 ὠς-

195 4185 476 4259 προσφορὰ
527 4181 588 4237 δε
647 4191 753 4246 τοῖς
813 4184 1094 4258 ἔνηνοχόσι
1143 4186 1347 4262 πλήρης
1404 4187 1702 4259 ἁγιωσύνης
1756 4190 1810 4244 ἔκ

191 4279 291 4324 τῶν
361 4273 532 4345 ἁγίων
601 4272 1066 4350 ἀντιπροσφερεται
1098 4291 1111 4306 ⁸
1179 4281 1271 4328 καὶ
1336 4280 1495 4338 οὕτως
1557 4277 1656 4332 ἀπὸ
1719 4285 1810 4354 μίν

190 4369 289 4424 τῆς
331 4362 678 4435 μεταλήψεως
725 4371 817 4417 τοῦ
863 4363 1134 4439 ἀχράντου
1185 4371 1428 4439 σώματος
1482 4375 1575 4420 τοῦ
1623 4369 1677 4432 ἐξ
1707 4375 1806 4423 αὺ-

1471 397 1980 460 COMMENTATIO
2019 400 2398 460 LITURGICA

219 522 250 574 ὁ
322 521 418 575 καὶ
475 518 589 574 ἔπιε
634 519 773 595 μετά
837 522 934 582 τὴν
993 522 1284 578 ἀνάστασιν
1346 523 1498 588 ξένως
1561 527 1694 598 ὁμοῦ
1755 545 1825 579 κα

1962 529 2102 584 tunc
2142 543 2364 602 corpus
2401 542 2540 585 esca
2566 530 2785 599 egeret,
2841 527 2947 585 sed
2970 529 3036 586 ut
3063 525 3373 600 discipulis
3407 539 3608 584 resur'

218 618 585 684 καινοπρεπῶς
613 630 628 645 ο
680 610 743 664 οὗ
791 611 894 688 γάρ
943 615 1014 675 ὡς
1053 617 1242 687 χρείαν
1287 621 1578 674 τηνικαῦτα
1621 621 1714 668 τοῦ
1746 621 1848 668 σω-

3503 403 3610 458 466

1956 617 2278 676 rectionem
2307 633 2484 675 suam
2515 619 2814 675 suaderet.

2028 890 2115 944 38.
2158 888 2302 944 Exin
2329 889 2396 946 ﬁt
2443 887 2634 946 oratio
2664 888 2993 958 gratiarum
3037 885 3304 949 actionis,
3331 888 3388 942 et
3412 885 3610 942 subla-

1954 974 2038 1032 tio
2058 976 2403 1035 divinorum
2424 994 2561 1052 quae
2578 976 2785 1034 relicta
2807 981 2948 1033 sunt
2963 976 3464 1046 fragmentorum,
3482 990 3607 1046 quo

1953 1068 2094 1122 actu
2117 1067 2452 1141 assumptio
2492 1066 2731 1123 Domini
2762 1065 2863 1122 Dei
2893 1065 3084 1122 nostri
3125 1064 3416 1120 innuitur.
3443 1066 3607 1120 Tunc

1951 1155 2114 1212 enim
2191 1157 2371 1216 dicit:
2427 1179 2456 1208 «
2529 1156 2802 1212 Exaltare
2871 1171 3054 1229 snper
3120 1155 3322 1220 caelos,
3383 1156 3540 1209 Deus
3589 1173 3604 1222 ;

1952 1248 2008 1301 et
2046 1245 2104 1300 in
2125 1246 2408 1302 universa
2438 1250 2593 1303 terra
2623 1245 2813 1316 gloria
2833 1249 2955 1300 tua.
2979 1267 3008 1295 »
3029 1247 3303 1316 Namque
3333 1257 3424 1311 eo,
3456 1243 3604 1298 dum

1950 1338 2381 1403 assumeretur,
2427 1335 2686 1391 exaltato
2740 1334 2983 1390 aiebant
3024 1333 3225 1403 angeli
3272 1331 3600 1404 apostolis:

1950 1423 2050 1479 Hic
2081 1423 2186 1496 qui
2215 1429 2564 1496 assumptus
2603 1428 2696 1480 est
2726 1439 2762 1480 a
2799 1423 3000 1491 vobis,
3051 1422 3134 1477 sic
3172 1421 3374 1477 denuo
3401 1420 3602 1476 veniet

1947 1517 2239 1584 tanquam
2281 1512 2490 1584 judex.
2518 1515 2680 1568 Tunc
2702 1516 2904 1568 autem
2932 1525 3112 1567 omne
3144 1525 3302 1580 genu
3331 1507 3602 1564 ﬂectetur

1946 1601 1999 1656 ei
2043 1600 2369 1656 ccelestium
2402 1606 2458 1657 et
2500 1602 2888 1665 terrestrium,
2944 1599 3170 1672 eritque
3209 1599 3269 1652 in
3314 1597 3598 1652 universa

1948 1695 2102 1746 terra
2131 1690 2318 1760 gloria
2349 1693 2498 1761 ejus.
2528 1693 2888 1762 Quanquam
2917 1689 3078 1744 enim
3105 1703 3264 1742 nunc
3291 1690 3594 1741 suntnon-

1943 1780 2088 1836 nulli
2121 1780 2224 1852 qui
2256 1795 2393 1835 eum
2426 1795 2544 1836 non
2597 1780 2976 1843 confitentur,
3018 1783 3160 1833 tunc
3183 1783 3382 1832 tamen
3413 1790 3594 1830 nemo

1943 1870 2328 1926 contradicet.
2362 1873 2524 1925 Tunc
2552 1885 2718 1935 sane,
2763 1869 2958 1940 inquit
2987 1867 3300 1937 Gregorius
3348 1864 3594 1920 Theolo-

1945 1975 2080 2029 gus,
2123 1959 2366 2014 credent
2396 1974 2536 2013 cum
2582 1974 2720 2013 eum
2755 1958 3046 2012 videbunt
3068 1955 3143 2010 de
3170 1953 3320 2010 coelo
3351 1953 3594 2008 venien-

1942 2053 2086 2118 tem,
2129 2051 2186 2104 et
2228 2047 2448 2119 judicis
2487 2062 2654 2103 more
2694 2047 3024 2102 sedentem.
3073 2047 3204 2101 Jam
3250 2047 3596 2115 postremus

1945 2138 2180 2194 sufﬁtus
2211 2137 2465 2206 gratiam
2499 2136 2692 2191 sancti
2743 2135 2996 2207 Spiritus
3041 2132 3356 2203 signiﬁcat,
3407 2147 3594 2202 quam

1941 2227 2149 2283 ﬂando
2175 2225 2339 2282 dedit
2367 2225 2654 2298 apostolis
2692 2229 2828 2297 post
2865 2223 3382 2279 resurrectionem.
3424 2219 3593 2276 Deni-

1941 2332 2061 2389 que
2093 2316 2283 2372 oratio
2314 2319 2452 2386 pOst
2474 2315 2823 2381 ambonem,
2857 2312 3116 2381 sigillum
3138 2310 3320 2366 veluti
3350 2313 3437 2364 est
3466 2325 3594 2364 om-

1940 2407 2110 2462 nium
2131 2421 2405 2479 precum,
2435 2409 2492 2460 et
2529 2404 2804 2460 ordinata
2843 2401 3282 2474 recapitulatio,
3311 2415 3447 2472 quae
3472 2398 3594 2470 pri-

1939 2495 2056 2552 mis
2071 2500 2126 2551 et
2146 2493 2694 2551 aestimabilioribus
2707 2493 2960 2565 epilogis
2996 2491 3424 2564 requiparatur.
3446 2491 3594 2544 Nam

1939 2585 2084 2658 quia
2105 2588 2229 2640 tota
2267 2583 2474 2640 divina
2503 2581 2762 2652 liturgia,
2805 2581 3107 2653 praecipue
3141 2594 3252 2651 pro
3301 2577 3596 2633 offerenti-

1937 2675 2075 2744 bus,
2135 2678 2190 2730 et
2260 2677 2506 2746 propter
2557 2687 2713 2744 quos
2768 2671 2807 2726 ii
2864 2669 3210 2726 obtulerunt
3263 2667 3592 2739 perﬁcitur,

1937 2767 2245 2837 postremo
2271 2767 2326 2818 et
2343 2777 2452 2834 pro
2497 2760 2743 2832 reliquis
2790 2759 3097 2824 omnibus,
3145 2773 3269 2812 una
3307 2758 3422 2812 hac
3457 2771 3592 2810 ora-

1938 2855 2098 2910 tione
2120 2851 2452 2924 suppletur.
2491 2851 2723 2922 Quippe
2760 2849 2902 2920 quia
2923 2847 3197 2902 nonnulli
3219 2850 3384 2902 extra
3407 2845 3591 2900 altare

1938 2942 2349 3007 consistentes,
2381 2940 2442 2994 in
2487 2939 2875 3012 perplexitate
2911 2951 3072 3008 saepe
3115 2938 3432 2990 versantur
3481 2933 3589 2987 llu-

1937 3035 2207 3088 ctuantes
2236 3029 2453 3086 animis
2483 3027 2869 3099 dicentesque
2894 3044 2906 3080 :
2938 3026 3198 3091 Quinam
3226 3039 3448 3095 scopus
3479 3026 3588 3088 est,

1935 3126 1992 3178 et
2022 3121 2272 3193 quinam
2314 3121 2765 3173 susurratarum
2789 3120 3014 3170 secreto
3039 3113 3119 3169 ab
3140 3113 3430 3186 episcopo
3461 3125 3592 3183 pre-

1932 3225 2070 3266 cum
2104 3223 2317 3264 sensus
2341 3222 2412 3262 ac
2441 3206 2573 3262 vis?
2603 3209 2933 3277 optantque
2956 3204 3173 3258 harum
3203 3217 3450 3274 quoque
3480 3215 3588 3255 no-

1930 3299 2123 3356 titiam
2148 3297 2486 3370 percipere;
2517 3299 2836 3367 propterea
2877 3293 2998 3348 divi
3030 3295 3249 3359 Patres,
3293 3295 3588 3362 tanquam

1927 3387 2484 3461 recapitulationem
2509 3384 2782 3439 omnium
2827 3397 2934 3454 per
2971 3397 3179 3454 preces
3235 3379 3586 3453 postulatio-

1927 3494 2094 3542 num.
2127 3475 2309 3533 talem
2333 3474 2517 3544 hujus
2545 3471 2832 3529 orationis
2851 3471 3112 3527 formam
3147 3470 3585 3538 excogitarunt,

1845 3557 1851 3564 ’
1927 3567 2271 3631 edocentes,
2319 3567 2618 3634 tanquam
2674 3576 2746 3616 ex
2787 3560 3031 3616 ﬁmbria
3083 3562 3450 3623 contextum,
3499 3557 3584 3612 rei

1926 3655 2216 3712 curiosos.
2250 3651 2405 3719 Quid
2429 3654 2631 3707 autem
2656 3649 2957 3720 reliquum
2987 3651 3097 3715 est,
3129 3647 3246 3703 nisi
3276 3645 3584 3716 virginalis

1925 3743 2192 3817 corporis
2237 3745 2442 3813 typus,
2487 3737 2748 3794 diribitio
2790 3737 3078 3792 nimirum
3115 3735 3366 3805 eulogias
3403 3739 3582 3806 atque

1924 3829 2297 3890 oblationis?
2339 3828 2654 3898 Frangitur
2710 3827 2871 3882 enim
2927 3826 3126 3898 panis,
3171 3824 3579 3896 dividiturque

1924 3927 2216 3994 tanquam
2273 3917 2592 3974 ineffabilis
2641 3915 2892 3985 eulogiaa
2921 3913 3302 3987 participatio
3334 3928 3578 3968 sumen-

1923 4012 2086 4068 tibus
2115 4025 2254 4066 cum
2283 4007 2441 4062 ﬁde:
2483 4011 2550 4061 ut
2575 4003 2801 4060 oblatio
2832 4008 3056 4070 autem,
3108 4003 3181 4057 iis
3221 4001 3327 4074 qui
3374 4001 3580 4057 attule-

1921 4104 2082 4168 runt,
2109 4097 2290 4171 plena
2341 4094 2671 4152 sanctitatis
2701 4109 2773 4149 ex
2824 4109 3000 4174 sacro
3045 4093 3164 4148 ritu
3205 4091 3574 4149 redhibetur.

1922 4191 2118 4261 Atque
2143 4187 2225 4242 ita
2253 4201 2290 4242 a
2321 4183 2777 4258 participatione
2804 4181 3176 4238 immaculati
3206 4180 3474 4248 corporis
3503 4194 3576 4235 ex

1923 4277 2158 4348 Virgine
2186 4274 2313 4330 nati
2346 4272 2523 4331 Chriti
2573 4272 2674 4328 Dei
2711 4271 2918 4341 nostri,
2953 4275 3008 4328 et
3047 4268 3292 4342 pretiosi
3332 4268 3574 4340 sangui-

1920 4368 2034 4437 nis,
2067 4362 2459 4422 sanctiﬂcatio
2489 4366 2546 4418 et
2572 4361 2909 4418 benedictio
2951 4359 3232 4416 fidelibus
3262 4358 3574 4427 contingit.

191 4459 288 4514 τῆς
342 4454 622 4524 τεχθέντος
677 4462 914 4530 Χριστοῦ
963 4462 1056 4508 τοῦ
1104 4462 1239 4508 Θεοῦ
1290 4457 1456 4529 ἡμῶν,
1506 4463 1596 4510 καὶ
1643 4459 1736 4512 τοῦ
1781 4464 1959 4535 τιμίου
2008 4458 2247 4530 αἵματος,
2291 4454 2317 4506 6
2372 4454 2637 4525 άγιασμός
2687 4456 2777 4504 καὶ
2831 4453 2861 4510 ἡ
2919 4449 3128 4522 εύλογία
3195 4456 3306 4511 τοῖς
3361 4456 3574 4510 πιστοῖς

194 4545 518 4612 περιγίνεται
531 4587 545 4600 .

272 4628 372 4683 λθ’.
427 4622 514 4685 Ἓν
573 4634 649 4685 ἔτι
696 4635 964 4708 προσθεὶς,
1020 4633 1164 4696 τέλος
1209 4635 1445 4694 ἐπιθήσω
1498 4643 1568 4706 τῷ
1615 4636 1752 4710 λόγῳ
1785 4659 1800 4674 ο
1834 4644 1878 4699 D

198 4714 423 4776 Ἐπειδὴ
470 4740 599 4784 τινες
647 4729 746 4774 τῶν
798 4725 990 4798 ἱερέων,
1037 4725 1086 4776 οἱ
1132 4726 1222 4796 μὲν
1275 4729 1452 4787 πενίας
1496 4729 1756 4799 προφλσει
1787 4769 1802 4796 ,

197 4810 253 4862 οἱ
313 4803 374 4861 δ¹ι
418 4806 678 4884 ἀκορέστῳ
723 4811 986 4885 πλεονεξίᾳ
1027 4808 1124 4866 δύο
1172 4821 1334 4866 ποιεῖν
1382 4814 1703 4890 λειτουργίας
1746 4817 1804 4870 ού

201 4894 492 4970 φείδονται,
544 4899 673 4953 ἀλλά
726 4900 1002 4976 τολμηρῶς
1061 4911 1354 4976 σταυροῦσι
1409 4907 1496 4956 τόν
1549 4909 1806 4977 Χριστόν,

197 4993 290 5040 καὶ
341 4987 490 5052 αὖθις
528 4988 923 5066 ἀνασταυροῦσι
979 4991 1225 5056 πολλάκις
1280 4998 1370 5046 καὶ
1418 4993 1492 5065 ἐφ’
1525 4993 1596 5047 ἑνὶ
1639 5002 1806 5048 ταῦτα

197 5074 425 5150 δρῶντες
483 5081 850 5156 θυσαστηρίῳ,
912 5083 970 5134 τὸ
1037 5078 1462 5155 φρικωδέστατον
1517 5087 1608 5136 καὶ
1668 5087 1804 5138 κατὰ

189 5173 348 5220 τοῦτο
401 5165 809 5232 σπουδάζοντες·
863 5169 1114 5233 πολλάκις
1163 5168 1222 5225 δε
1271 5176 1360 5224 καὶ
1405 5174 1542 5225 κατὰ
1592 5177 1801 5247 περιπέ-

181 5276 328 5311 τειαν
380 5256 510 5331 βίου
561 5259 590 5317 ἦ
644 5259 906 5334 ῥαθυμίαν
960 5259 1148 5334 ἀφιᾶσι
1202 5263 1269 5314 τὰ
1325 5257 1474 5335 δῶρα
1529 5260 1798 5331 ἀτέλεστα,

269 5492 382 5563 (42)
439 5492 814 5577 Ηφσοεειῐίο
864 5493 1669 5577 respondet-quodammodo
1695 5508 1801 5566 po-

193 5567 441 5638 strenue
477 5565 827 5622 Latinorum
872 5565 1152 5632 orationi,
1173 5565 1391 5622 Libera
1420 5581 1549 5638 nos,
1572 5565 1805 5638 quaesu-

185 5636 684 5708 mus,_‘Domine,
739 5650 930 5708 quam
981 5639 1037 5695 S.
1069 5639 1276 5695 Petrus
1302 5636 1598 5707 Damiani,
1619 5651 1680 5693 n.
1713 5641 1800 5705 t7,

187 5705 465 5780 appellat
501 5705 935 5767 embolisinum.

1985 4638 2074 4693 39.
2111 4635 2238 4691 Uno
2261 4631 2462 4690 adhuc
2483 4631 2712 4702 addito,
2735 4633 2918 4687 ﬁnem
2951 4628 3213 4686 sermoni
3231 4628 3569 4702 imponam.

1914 4722 2212 4790 Quoniam
2239 4719 2515 4776 nonnulli
2546 4719 2906 4786 sacerdotes,
2927 4718 3145 4791 partim
3175 4718 3394 4789 inopiae
3422 4733 3568 4790 prte—

1909 4817 2094 4881 textu,
2153 4809 2372 4883 partim
2417 4809 2746 4866 insatiabili
2768 4809 3042 4878 avaritia,
3079 4808 3235 4864 duas
3266 4807 3567 4865 celebrare

1909 4902 2128 4959 missas
2148 4915 2271 4956 non
2288 4898 2586 4969 dubitant,
2610 4897 3020 4971 audacterque
3055 4896 3358 4952 Christum
3380 4897 3567 4953 semel

1911 4995 1966 5048 et
1995 4991 2213 5046 iterum
2251 4987 2627 5059 cruciﬁgunt,
2669 5003 2828 5059 saepe
2867 4987 2928 5042 id
2975 4987 3036 5042 in
3067 5001 3190 5040 uno
3219 4985 3399 5040 etiam
3431 5001 3564 5056 per-

1908 5083 2155 5151 agentes
2176 5077 2370 5146 altari,
2394 5093 2522 5134 rem
2544 5076 2920 5134 tremendam
2937 5075 3052 5130 hac
3068 5089 3312 5147 quoque
3331 5074 3562 5130 ratione

1908 5172 2265 5226 attentantes
2297 5184 2311 5234 ;
2336 5183 2444 5224 nec
2463 5183 2601 5224 raro
2644 5171 2890 5240 propter
2909 5163 3040 5220 vitae
3067 5163 3340 5220 fortuitos
3360 5179 3557 5232 casus,

1906 5258 2003 5315 vel
2030 5258 2110 5315 ob
2161 5257 2614 5330 negligentiam,
2662 5254 3080 5328 imperfectum
3122 5268 3278 5326 opus
3306 5253 3561 5311 derelin-

1980 5493 2094 5564 (43)
2138 5491 2379 5575 μεθεὶς
2425 5491 2921 5575 Christophorum
2973 5489 3273 5575 Angelum
3303 5507 3440 5575 cap.
3472 5497 3555 5575 14ε

1909 5562 2174 5621 Armenii
2202 5562 2446 5634 quoque
2471 5578 2640 5620 more
2663 5562 3008 5634 Graecorum
3043 5562 3418 5634 dispensant,
3451 5565 3558 5620 sed

1908 5633 2315 5780 ρέἕὲιέιέἔέῐιίε
2327 5633 2720 5704 fermentatis,
2733 5633 2929 5706 azymi
2941 5633 3159 5692 tenues
3174 5635 3404 5692 formas
3418 5650 3559 5692 cum
