4134 6394
527 403 631 458 46⁵7
1805 397 2162 456 THEODORI
2197 444 2200 453 .

2312 399 2622 457 οῐηΕιιειε
3801 399 3916 455 468

526 528 778 598 quentes
800 541 813 589 ;
839 522 1176 596 acciditque
1197 527 1264 579 ut
1281 527 1419 596 post
1434 523 1698 580 triduum
1711 523 1804 579 vel
1826 523 1975 579 ultra
2006 523 2182 579 etiam

2312 532 2389 578 ιαὶ
2458 525 2729 598 συμϐαίνει
2789 527 2921 597 μετὰ
2981 521 3333 600 παραδρομὴν
3400 526 3604 599 ἡμερῶν
3659 531 3822 598 τριῶν
3880 525 3911 582 £-

528 612 977 682 comperiantur
1031 627 1202 667 sacra
1263 611 1428 668 dona
1489 613 1741 669 madore
1788 618 1888 667 aut
1940 613 2186 681 fuligine

528 697 727 769 plena,
745 698 1002 771 ideoque
1016 716 1050 753 a
1064 700 1302 754 nemine
1317 701 1800 771 possintabsumi
1818 719 1829 767 ;
1850 706 2186 772 propterea,

527 788 802 858 inquam,
834 803 1078 843 necesse
1105 795 1193 843 est
1233 789 1362 843 haec
1388 789 1524 859 igne
1553 804 1929 856 consumere,
1961 795 2019 844 et
2057 789 2187 844 reli-

528 890 686 947 quos
727 892 799 931 ex
830 876 902 931 iis
945 878 1194 945 cineres,
1240 877 1299 932 in
1334 877 1468 933 loco
1517 877 1702 932 nobili
1747 877 2064 934 collocare.
2098 877 2190 933 Sic

530 965 691 1020 enim
723 965 905 1020 etiam
945 965 1150 1022 relicta
1197 967 1340 1036 agni
1398 965 1554 1022 illius
1611 966 1824 1022 veteris
1867 983 2008 1022 ossa
2051 967 2189 1035 igne

530 1053 1065 1110 comburebantur.
1116 1058 1317 1127 Neque
1369 1071 1510 1111 vero
1560 1055 1665 1127 qui
1706 1055 1834 1110 haec
1864 1055 2193 1125 neglexerit

531 1142 834 1209 sacerdos,
888 1158 1103 1214 poenas
1143 1158 1180 1198 a
1227 1143 1564 1200 canonibus
1594 1143 1911 1215 impositas
1941 1144 2187 1200 vitabit:

530 1245 798 1302 namque
824 1231 976 1300 Agni
1014 1231 1202 1286 nostri
1232 1231 1379 1287 nihil
1408 1248 1529 1288 non
1551 1232 1726 1288 edule
1757 1237 1865 1297 est,
1894 1232 2039 1288 nihil
2082 1231 2191 1287 du-

533 1334 666 1374 rum
701 1325 805 1374 aut
834 1335 1102 1376 osseum.
1138 1321 1368 1392 Quippe
1391 1325 1478 1376 est
1506 1321 2030 1393 enhypostaticum
2060 1321 2196 1376 Ver-

532 1407 703 1464 bum.
731 1409 1061 1480 Suscipitur
1087 1415 1288 1466 autem
1335 1410 1598 1466 Verbum
1645 1411 1726 1466 ab
1777 1411 1943 1466 omni
1989 1411 2194 1465 anima

532 1501 721 1552 semet
748 1497 930 1567 digne
957 1503 1208 1570 parante
1263 1503 1327 1554 ut
1358 1499 1434 1554 sit
1478 1499 1891 1555 habitaculum
1926 1500 2056 1569 ejus
2083 1498 2194 1554 :ad

534 1601 720 1656 quam
747 1602 871 1642 non
903 1587 1104 1659 ipsum
1137 1587 1334 1644 solum
1385 1588 1666 1653 Verbum,
1715 1589 1817 1644 sed
1870 1594 1926 1642 et
1960 1589 2194 1643 Patrem

536 1690 741 1730 secum
801 1675 949 1732 dixit
997 1693 1130 1732 esse
1180 1681 1524 1742 venturum,
1585 1693 1695 1732 nec
1746 1693 1868 1732 non
1913 1677 2196 1748 Spiritum

539 1769 838 1831 sanctum,
869 1770 926 1820 et
953 1765 1334 1821 mansionem
1363 1766 1528 1837 apud
1561 1765 1759 1838 ipsam
1800 1765 2082 1821 facturos.

613 2033 704 2084 40.
738 2029 876 2084 Haec
895 2045 1005 2101 pro
1033 2034 1240 2086 nostra
1262 2030 1664 2086 imbecillitate
1694 2031 1913 2103 raptim
1935 2031 2194 2087 conscri-

542 2119 797 2191 psimus,
844 2124 1079 2189 propter
1109 2119 1419 2175 assiduam
1448 2119 1715 2190 jubentis
1774 2120 2033 2175 hominis
2085 2120 2196 2176 fer-

543 2207 958 2263 ventissimam
991 2207 1500 2279 deprecationem.
1536 2208 1645 2273 Qui
1691 2224 1832 2264 vero
1865 2208 1992 2263 haec
2022 2209 2194 2280 leget,

544 2296 817 2352 nondum
851 2297 1094 2368 plenam
1127 2314 1441 2353 sacrorum
1476 2299 1896 2370 mysteriorum
1919 2299 2199 2370 explana-

545 2387 770 2443 tionem
797 2387 911 2442 hoc
947 2388 1171 2459 scripto
1213 2388 1432 2443 factam
1457 2389 1769 2443 existimet.
1805 2389 1917 2444 Sed
1947 2389 2059 2444 hoc
2092 2389 2203 2444 sibi

545 2475 811 2531 evenisse
839 2481 1029 2547 putet,
1073 2492 1182 2530 ceu
1213 2476 1261 2531 si
1308 2477 1445 2548 quis
1471 2482 1741 2548 spectare
1767 2477 2014 2548 cupiens
2038 2478 2202 2532 urbis

545 2564 1058 2636 pulchritudinem
1084 2565 1366 2620 eximiam
1384 2566 1844 2635 etincognitam,
1861 2567 2076 2622 ducem
2102 2567 2204 2623 ali-

544 2670 723 2726 quem
757 2655 1160 2721 nanciscatur,
1202 2671 1238 2711 a
1267 2671 1390 2726 quo
1443 2656 1876 2720 manuductus,
1911 2661 2206 2727 tanquam

545 2758 618 2797 ex
652 2741 856 2814 aliqua
914 2742 1174 2798 fenestra
1222 2744 1418 2799 videre
1459 2748 1643 2816 queat
1692 2743 2000 2799 radiorum
2052 2744 2208 2798 velut

546 2830 685 2886 inde
742 2831 1063 2886 missorum
1114 2831 1312 2887 lucem
1368 2837 1550 2904 atque
1605 2831 2008 2904 splendorem,
2084 2847 2206 2887 non

546 2923 745 2974 tamen
760 2919 958 2990 ipsam
977 2926 1256 2975 naturam
1273 2920 1571 2975 bonorum
1591 2919 1708 2975 illic
1737 2921 2204 2976 reconditorum.

545 3011 694 3064 Nam
750 3013 977 3064 secreta
1050 3025 1206 3073 mea,
1260 3009 1453 3076 inquit
1499 3007 1805 3073 Dominus,
1851 3009 1998 3064 mihi
2030 3010 2206 3064 meis-

543 3112 663 3169 que
713 3097 780 3152 ³ο.
830 3096 1147 3163 Quomodo
1197 3102 1397 3152 autem
1449 3111 1581 3166 ego,
1642 3097 1745 3168 qui
1775 3113 1896 3152 non
1943 3097 2140 3152 solum
2171 3115 2206 3153 a

544 3187 666 3242 Deo
699 3200 793 3240 me
825 3185 1123 3254 elongavi,
1148 3185 1250 3240 sed
1280 3186 1459 3241 etiam
1483 3186 2117 3258 appropinquantibus
2154 3188 2204 3242 ei

545 3273 757 3345 procul
789 3273 1033 3336 absum,
1087 3263 1343 3342 dignum
1374 3273 1601 3345 aliquid
1652 3277 1769 3330 Deo
1810 3277 2069 3344 cogitare
2104 3280 2209 3331 aut

547 3361 746 3432 eloqui
770 3377 993 3433 queam
1023 3361 1050 3414 ‘?
1074 3367 1348 3418 Attamen
1373 3366 1612 3431 gratum
1641 3367 1748 3429 est,
1775 3363 2073 3436 quidquid
2097 3380 2206 3436 pro

547 3449 776 3505 viribus
805 3450 888 3519 ﬁt,
924 3449 1260 3506 dummodo
1305 3450 1366 3506 id
1415 3449 1494 3505 ab
1519 3449 1675 3506 illius
1705 3450 2096 3521 dogmatibus
2127 3458 2208 3509 at-

547 3554 666 3610 que
697 3539 1011 3610 praeceptis
1041 3538 1205 3595 haud
1238 3538 1510 3594 videatur
1549 3539 1879 3595 discedere.
1944 3541 2114 3606 Quod
2159 3542 2204 3597 si

547 3627 685 3700 quis
727 3628 866 3684 utile
893 3627 1122 3700 aliquid
1146 3628 1204 3683 in
1228 3629 1322 3683 his
1383 3629 1616 3700 scriptis
1671 3629 2105 3700 deprehendet,
2157 3631 2206 3686 is

546 3733 658 3789 pro
682 3733 776 3773 me
807 3714 915 3790 qui
939 3715 1269 3783 elaboravi,
1321 3733 1561 3789 precem
1627 3733 1737 3788 pro
1798 3720 1970 3774 venia
2015 3720 2206 3792 impe-

549 3806 768 3862 tranda
816 3810 935 3862 Deo
993 3807 1224 3876 offerat,
1273 3813 1607 3863 erratorum
1667 3823 1938 3863 meorum
1999 3825 2204 3866 causa.

551 3895 774 3954 Deinde
795 3897 974 3952 etiam
994 3896 1322 3965 gratiarum
1357 3895 1676 3966 actionem,
1711 3898 2210 3970 proptereaquod

547 3983 645 4042 ille
672 3983 821 4041 solet
869 4001 972 4040 eos
1001 3984 1340 4040 illuminare
1372 4000 1408 4039 a
1439 3984 1748 4039 montibus
1787 3987 2048 4053 aeternis,
2105 3987 2210 4060 qui

553 4073 718 4143 digni
764 4073 948 4129 habiti
1001 4073 1216 4128 iuerint
1276 4071 1749 4128 intellectualiter
1793 4075 2206 4147 contemplari.

553 4161 706 4226 Quia
747 4163 948 4232 ipsum
972 4161 1142 4217 decet
1170 4161 1369 4216 omnis
1403 4161 1610 4230 gloria,
1663 4163 1877 4233 honor,
1912 4169 1968 4218 et
1997 4164 2209 4220 adora-

552 4251 658 4313 tio,
717 4253 945 4306 Patrem
988 4250 1229 4311 scilicet,
1273 4255 1331 4305 et
1389 4251 1616 4319 Filium,
1647 4256 1705 4306 et
1745 4258 2022 4308 sanctum
2085 4254 2209 4325 Spi-

553 4339 757 4404 ritum,
810 4354 974 4394 nunc
1003 4343 1059 4394 et
1111 4354 1347 4410 semper
1375 4344 1430 4394 et
1450 4356 1556 4412 per
1578 4339 1796 4395 saecula
1828 4339 2208 4397 saeculorum.

555 4431 768 4482 Amen.

633 4553 682 4586 ³ο
718 4554 1102 4607 lsa.xx1v16.

635 4680 748 4748 (lii)
780 4678 869 4734 Sic
900 4678 1150 4752 omnino
1182 4675 1412 4752 solebat
1458 4678 1514 4730 S.
1563 4680 1765 4752 Petrus
1807 4677 2076 4752 Damiani
2112 4695 2209 4752 op.

565 4748 663 4804 cit.
688 4765 750 4804 n.
800 4753 849 4805 4.
899 4751 1026 4820 Ego
1061 4749 1220 4820 quod
1254 4749 1554 4804 residuum
1593 4754 1698 4814 est,
1735 4750 1859 4818 igne
1886 4748 2167 4806 comburo
2197 4769 2210 4805 :

2300 621 2389 667 xui.
2454 615 2696 667 πλειόνων
2763 615 3033 688 εὑρεθῆναι
3099 622 3264 666 ταῦτα
3331 613 3709 686 πεπληρωμένα
3772 619 3917 664 νοτί-

2301 700 2394 765 δος
2436 708 2525 755 καὶ
2570 702 2795 774 λιγνύος,
2846 708 2935 755 καὶ
2981 699 3072 754 διὰ
3101 711 3254 754 τοῦτο
3285 699 3563 770 ἀδύνατον,
3597 704 3715 754 τινὰ
3743 721 3921 775 προσ-

2301 795 2474 859 έσθαι,
2522 788 2637 844 δέον
2697 791 2811 843 ἐστὶ
2867 800 3034 843 ταῦτα
3077 797 3206 866 πυρὶ
3251 790 3575 850 ἀναλωθῆναι
3627 794 3760 858 (44),
3823 797 3921 843 καὶ

2299 884 2394 938 τὴν
2464 879 2518 932 ἐκ
2583 882 2778 932 τούτων
2845 879 3274 952 καταλειφθεῖσαν
3335 875 3532 933 σποδόν
3568 923 3580 946 ,
3649 877 3698 930 έν
3764 884 3920 950 τόπῳ

2301 966 2544 1038 ἐπισήμῳ
2607 969 2969 1038 έγκαταθείναι
3002 986 3013 997 ·
3093 968 3228 1020 οὕτω
3289 971 3392 1042 γὰρ
3457 973 3548 1020 καὶ
3611 970 3677 1019 τὰ
3744 987 3918 1018 κατα-

2301 1055 2567 1128 λειφθέντα
2611 1056 2746 1108 όστα
2792 1064 2884 1108 τοῦ
2915 1055 3079 1129 ἀμνοῦ
3128 1056 3320 1109 ἐκείνου
3369 1064 3460 1108 τοῦ
3507 1056 3734 1109 παλαιοῦ
3779 1061 3922 1130 πυρὶ

2302 1150 2637 1197 κατεκαίοντο
2669 1161 2682 1176 ⁸
2742 1145 2802 1197 ού
2855 1152 2958 1218 μὴν
3006 1147 3032 1196 ό
3078 1153 3244 1197 ταῦτα
3290 1145 3678 1217 καταλιμπάνον
3723 1148 3920 1210 ἱερεύς,

2303 1242 2403 1285 τῶν
2452 1234 2506 1286 ἐκ
2548 1243 2647 1286 τῶν
2695 1239 2918 1288 κανόνων
2971 1237 3280 1308 όρισθέντων
3357 1235 3626 1306 ἐπιτιμίων
3704 1233 3920 1286 ἐλεύθε-

2304 1342 2387 1396 ρος
2439 1325 2626 1375 ἔσται·
2685 1326 2766 1375 ὅτι
2817 1343 2908 1397 περ
2967 1331 3056 1375 τοῦ
3120 1326 3371 1398 ἡμετέρου
3430 1323 3622 1396 Ἀμνοῦ
3671 1321 3923 1396 ἄϐρωτον

2306 1408 2458 1464 οὐδὲν
2513 1409 2637 1465 οὐδὲ
2700 1417 2875 1487 τραχύ
2925 1419 3010 1464 καὶ
3071 1410 3297 1472 ὀστῶδες
3321 1427 3334 1441 °
3369 1415 3449 1465 ὅτι
3487 1418 3578 1464 καὶ
3612 1417 3784 1482 Λόγος
3810 1411 3927 1463 ἐνυ-

2306 1505 2565 1561 πόστατος
2621 1502 2818 1562 οὗτος·
2878 1521 2964 1553 και
3020 1508 3266 1574 χωρητός
3324 1502 3464 1554 ἐστιν
3522 1503 3547 1552 ό
3605 1506 3776 1572 Λόγος
3851 1502 3926 1561 εἰς

2305 1596 2482 1641 πᾶσαν
2555 1590 2741 1661 ψυχὴν
2817 1595 2910 1647 τὴν
2977 1590 3130 1653 ἀξίως
3196 1591 3549 1662 ἐτοιμάσασαν
3603 1591 3794 1646 ἑαυτὴν
3852 1591 3926 1651 εἰς

2307 1683 2578 1730 κατοικίαν
2643 1680 2803 1731 αὐτοῦ
2835 1697 2846 1708 ⁸
2911 1683 3040 1751 πρὸς
3103 1681 3163 1738 ἣν
3229 1680 3323 1731 ούκ
3371 1681 3523 1740 αὐτὸς
3560 1684 3736 1750 μόνος,
3785 1677 3928 1730 ἀλλά

2307 1771 2396 1818 καὶ
2440 1772 2527 1819 τόν
2576 1772 2784 1842 Πατέρα
2836 1771 2994 1839 ἔφησε
3049 1773 3142 1819 σύν
3196 1769 3336 1838 αύτῷ
3387 1769 3690 1820 ἂεύσεσθαι
3716 1773 3811 1819 καὶ
3861 1772 3924 1818 τὸ

2309 1863 2517 1927 Πνεῦμα
2579 1860 2637 1908 τὸ
2712 1857 2880 1928 ἅγιον,

2309 1948 2516 2000 σεσθαι.

2956 1861 3047 1909 καὶ
3127 1862 3288 1929 μονὴν
3351 1860 3477 1929 παρ’
3542 1857 3683 1927 αύτῷ
3760 1864 3923 1914 ποιή-

2379 2033 2453 2106 μί.
2537 2042 2714 2088 Ταῦτα
2788 2039 2877 2108 μὲν
2952 2038 3088 2088 κατὰ
3161 2040 3256 2093 τὴν
3322 2037 3573 2108 ἡμετέραν
3640 2033 3919 2087 ἀσθένειαν

2309 2121 2702 2194 ἐσχεδίασται,
2765 2122 2859 2176 διὰ
2923 2130 3017 2182 τὴν
3096 2125 3334 2196 ἐπίμονον
3400 2132 3492 2176 τού
3560 2123 3917 2196 ἐντειλαμένου

2311 2209 2498 2284 ἀνδρὸς
2566 2215 2886 2285 θερμοτάτην
2955 2213 3211 2275 ἀξίωσιν·
3279 2216 3305 2264 ό
3363 2209 3423 2265 δέ
3469 2233 3530 2284 γε
3576 2217 3786 2276 τούτοις
3845 2217 3920 2266 ἐν·

2309 2305 2587 2372 τυγχάνων
2619 2345 2634 2370 ,
2711 2308 2870 2374 μήπω
2943 2306 3117 2363 πάσης
3193 2303 3484 2372 ἐξηγήσεως
3546 2311 3647 2354 τὼν
3713 2312 3922 2354 σεπτῶν

3791 2390 3926 2442 ἀλλὰ

2314 2483 2533 2550 τοιούτῳ
2606 2485 2707 2532 τινὶ
2780 2481 2967 2534 οἰέσθω
3027 2481 3427 2551 ἐντετυχηκέναι
3463 2523 3476 2545 ,
3551 2484 3620 2541 ὡς
3688 2483 3774 2532 εοίν
3840 2500 3928 2542 τις

2313 2397 2614 2463 μυστηρίων
2709 2395 2756 2443 εν
2846 2395 3051 2454 τούτοις
3123 2393 3384 2444 τελεῖσθαι
3457 2397 3648 2464 νομίσῃ
3693 2406 3708 2420 '

2314 2579 2412 2623 τῶν
2488 2571 2782 2622 ποθούντων
2850 2567 2979 2622 ἰδεῖν
3043 2570 3203 2628 κάλλη
3274 2569 3460 2630 πόλεως
3526 2572 3761 2641 ὑπερφυῆ
3831 2576 3928 2621 xui.

2319 2659 2530 2724 ἀθέατα,
2577 2663 2737 2730 τύχοι
2785 2664 2923 2722 τινος
2963 2656 3296 2730 όδηγοῡντος,
3345 2659 3428 2730 ὑφ’
3462 2655 3521 2710 οὗ
3551 2661 3928 2732 χειραγωγού-

2317 2768 2481 2819 μενος,
2541 2751 2610 2810 ὡς
2668 2745 2760 2800 διά
2807 2769 2946 2810 τινος
3003 2745 3220 2822 θυρίδος
3276 2749 3492 2819 ἰσχύσει
3539 2743 3769 2799 κατιδεῖν
3820 2752 3928 2803 τὴν

2318 2837 2504 2889 ἐκεῖθεν
2565 2836 2956 2910 ἐκπεμπομένων
3019 2837 3237 2889 ἀκτινων
3305 2837 3490 2908 αἴγλην
3556 2856 3608 2888 τε
3647 2836 3738 2887 καί
3780 2834 3928 2906 λαμ-

2318 2932 2554 3000 πρότητα
2585 2950 2595 2960 ·
2655 2928 2711 2978 οὗ
2767 2933 2866 2988 μὴν
2896 2933 3058 2985 αὐτὴν
3115 2932 3208 2985 τὴν
3259 2931 3414 2999 φύσιν
3457 2936 3556 2978 τῶν
3606 2923 3751 2978 ἔνδον
3795 2923 3926 2977 ἀπο-

2318 3022 2558 3088 κειμένων
2615 3016 2841 3086 ἀγαθῶν.
2897 3021 2972 3068 Τά
3028 3021 3130 3089 γὰρ
3186 3019 3457 3088 μυστήρια
3514 3036 3638 3088 μου,
3687 3035 3851 3087 φησιν
3902 3017 3926 3065 ὁ

2321 3111 2548 3180 Κύριος,
2605 3107 2717 3178 ἐμοὶ
2769 3106 2859 3158 καὶ
2915 3115 3019 3166 τοῖς
3086 3111 3243 3178 ἐμοῖς.
3305 3113 3420 3168 Πὼς
3451 3103 3511 3158 δὲ
3540 3110 3700 3167 αὐτὸς
3732 3106 3856 3176 ἐγὼ.
3901 3108 3927 3156 ό

2317 3203 2387 3268 μη
2460 3201 2611 3266 μόνον
2671 3194 2724 3257 εξ
2786 3195 2946 3247 αὐτοῦ
3003 3199 3270 3269 μακρύνας
3329 3195 3570 3267 ἐμαυτὸν,
3637 3193 3766 3246 ἀλλὰ
3833 3193 3926 3244 καὶ

2316 3294 2414 3337 τῶν
2484 3285 2797 3354 ἐγγιζόντων
2864 3285 3006 3354 αύτῷ
3072 3288 3275 3357 μακράν
3337 3283 3727 3356 ἀπεσχισμένος
3759 3325 3772 3343 .
3839 3283 3927 3335 ἑπ-

2319 3375 2461 3436 άξιόν
2522 3393 2573 3425 τι
2641 3382 2739 3424 τῶν
2797 3373 2988 3426 ἐκείνου
3045 3383 3234 3432 νοῆσαι
3293 3374 3320 3432 ἦ
3379 3373 3703 3444 φθέγξασθαι
3759 3370 3930 3431 δυνη-

2321 3467 2506 3531 θείην;
2565 3463 2700 3516 Ἀλλ’
2749 3466 2887 3535 ὅμως
2945 3463 3087 3535 φίλον
3146 3463 3364 3535 κάκείνῳ
3411 3467 3471 3514 τό
3509 3467 3643 3515 κατὰ
3675 3460 3929 3535 δύναμιν,

2320 3555 2363 3608 εἰ
2439 3558 2592 3625 μόνον
2669 3557 2740 3624 μὴ
2819 3552 2997 3628 πόρρω
3063 3562 3162 3605 τὼν
3234 3552 3425 3606 ἐκείνου
3495 3549 3766 3623 δογμάτων
3832 3555 3936 3604 καὶ

2319 3642 2530 3696 ἐντολῶν
2586 3646 2661 3699 εἴη
2725 3645 2784 3693 τό
2844 3644 3224 3716 θεωρούμενον·
3284 3642 3326 3695 εἰ
3374 3639 3434 3694 δέ
3484 3662 3558 3701 τις
3603 3641 3928 3714 ὀνησιφόρον

2319 3752 2371 3785 τι
2447 3733 2585 3804 εὖροι
2653 3739 2761 3791 τοῖς
2825 3737 3224 3803 γεγραμμένοις,
3294 3734 3421 3806 ὑπὲρ
3485 3735 3608 3802 ἐμοῦ
3673 3734 3760 3801 μὶν
3829 3741 3934 3782 τοῦ

2319 3825 2710 3883 πεπονηκότος,
2785 3820 2949 3891 εὐχὴν
3029 3826 3422 3894 συγχωρήσεως
3507 3826 3615 3890 Θεῷ
3676 3815 3934 3872 ἀποδότω

2321 3920 2419 3963 των
2479 3914 2833 3981 ὲπταισμένων
2910 3929 2998 3981 μοι
3071 3911 3215 3962 ἓνεκα
3249 3927 3260 3936 ·
3332 3913 3508 3962 ἔπειτα
3569 3906 3628 3961 δε
3694 3909 3784 3959 καί
3849 3911 3934 3961 εύ-

2319 4005 2626 4072 χαριστίαν,
2674 3999 2782 4050 ἀνθ’
2825 3996 2892 4050 ὧν
2931 4001 3120 4051 ἄνωθεν
3172 4001 3315 4051 εἴωθε
3353 3998 3592 4070 φωτίζειν
3624 3997 3724 4049 ἀπό
3768 4000 3934 4071 ὁρέων

2322 4091 2562 4153 αἰωνίων,
2624 4091 2744 4148 τούς
2807 4096 2992 4160 νοερῶς
3059 4087 3367 4150 ἀξιωθέντας
3430 4089 3573 4158 όρᾲν·
3639 4089 3718 4138 ὃτι
3786 4088 3936 4158 αύτῷ

2321 4182 2501 4251 πρέπει
2558 4183 2705 4228 πᾶσα
2761 4173 2908 4239 δόξα,
2963 4181 3110 4247 τιμὴ9
3163 4176 3253 4227 καὶ
3307 4178 3669 4250 προσκύνησις
3722 4185 3794 4245 τῷ
3824 4183 3934 4227 Πα-

2321 4266 2406 4339 τρί
2448 4265 2538 4316 καὶ
2586 4275 2658 4316 τῶ
2703 4268 2806 4335 Υίῷ
2849 4265 2938 4316 καί
2990 4275 3062 4335 τῷ
3110 4267 3244 4336 ἀγίῳ
3295 4268 3573 4337 Πνεύματι,
3609 4273 3698 4316 νύν
3724 4265 3817 4316 καί
3852 4265 3938 4317 ἀεὶ

2320 4355 2411 4408 καί
2440 4356 2511 4416 εἰς
2529 4358 2649 4416 τούς
2680 4354 2868 4416 αἰῶνας
2886 4363 2984 4407 τῶν
3009 4355 3224 4406 αἰώνων.
3260 4355 3451 4426 Ἀμήν.

2321 4697 2462 4736 nam
2491 4682 2730 4737 credere
2757 4681 3065 4751 jubemur,
3113 4683 3480 4751 distinguere
3515 4682 3940 4750 prohibemur.

2324 4752 2466 4807 Vide
2495 4753 2574 4807 ibi
2603 4759 2815 4808 caetera
2841 4770 2976 4826 qua:
3015 4760 3153 4810 sunt
3187 4753 3496 4826 przeclara.
