4134 6408
480 387 586 446 471

1666 382 2021 445 MANUELIS
2058 382 2281 445 IAGNI
2314 381 2662 444 RHETORIS

505 509 3871 538 Μ

1389 655 1987 745 ΑΠΟΛΟΓΙΑ
2046 655 2248 747 ΚΑΙ
2307 652 2942 745 ΑΝΑΤΡΟΠΗ

1887 821 2025 871 ΤΩΝ
2066 817 2461 870 ΚΕΦΑΛΛῙΩΝ

1144 950 1147 953 ’
1244 981 1524 1094 ΤΟΥ
1601 980 1995 1096 ΦΡΑΡ
2074 974 3100 1095 ΦΡΑΤΖΗΣΚΟΥ

1401 1249 2006 1345 APOLOGIA
2064 1252 2213 1346 ET
2283 1251 2957 1346 REFUTATIO

2024 1429 2326 1486 CAPITUM

1212 1527 2007 1675 FRATRIS
2144 1551 3122 1678 FRANCISCI

487 1852 739 1911 Manuel
784 1868 1041 1926 magnus
1074 1854 1283 1912 rhetor
1335 1855 1579 1926 Magum
1611 1856 1892 1926 ecclesias,
1959 1857 2188 1927 fratril

2261 1856 2512 1917 Μανουὴλ
2576 1859 2602 1910 ὁ
2685 1860 2847 1932 μέγας
2904 1857 3081 1933 ῥήτωρ
3165 1862 3259 1917 τῆς
3335 1852 3578 1926 Μεγάλης
3658 1850 3869 1910 ἔκκλη-

560 1942 888 2001 Francisco
907 1943 1309 2013 pradz‘catorz’
1336 1945 1550 2000 veteris
1581 1944 1800 2014 Roma,
1830 1945 2110 2004 salutem.

561 2120 793 2194 Scripta
842 2123 947 2178 tua
1001 2120 1256 2194 epistola
1301 2121 1381 2179 ad
1424 2138 1538 2180 nos
1568 2122 1836 2196 pervenit
1873 2126 1930 2179 et
1967 2122 2148 2180 simul

489 2209 719 2283 ubique
739 2214 857 2267 tua:
880 2211 1505 2283 mentisexiguitatem
1528 2212 1812 2286 prodidit,
1841 2216 1963 2269 tam
1985 2213 2147 2269 circa

489 2298 629 2367 alia,
664 2314 852 2373 quam
901 2299 1060 2356 circa
1106 2302 1565 2373 grammaticam
1612 2302 1923 2370 Graecam;
1981 2317 2146 2358 erras

489 2387 652 2444 enim
681 2388 743 2444 in
782 2387 1167 2460 dictionibus,
1198 2389 1424 2456 litteris,
1458 2394 1516 2446 et
1544 2389 1915 2457 accentibus,
1950 2394 2008 2448 et
2036 2390 2145 2447 de-

488 2477 682 2534 claras
700 2477 763 2535 id
784 2479 951 2551 quod
979 2483 1068 2535 est
1095 2478 1273 2550 longe
1303 2496 1339 2538 a
1367 2495 1513 2536 vera
1536 2480 1835 2551 theologia
1860 2480 2143 2537 constitu-

486 2571 638 2626 tum.
669 2570 735 2624 ln
765 2568 989 2641 scripto
1016 2568 1243 2642 quippe
1276 2572 1379 2625 tuo
1405 2570 1605 2643 capita
1656 2570 2058 2635 continentur,
2090 2574 2147 2626 et

484 2657 771 2732 quaedam
800 2657 1185 2731 problemata
1208 2657 1510 2715 multoties
1534 2659 1664 2731 jam
1695 2660 1937 2730 agitata,
1966 2664 2023 2717 et
2051 2676 2147 2716 ex-

483 2746 744 2820 plorata,
773 2746 873 2803 illa
897 2763 1039 2804 vero
1069 2747 1348 2805 inscrihis
1382 2748 1808 2806 Conclusiones
1856 2749 2144 2820 theologi-

484 2853 610 2901 cas.
665 2853 804 2895 cum
850 2838 966 2893 sint
994 2839 1194 2911 potius
1224 2839 1548 2896 cacodoxae
1581 2843 1638 2896 et
1680 2840 1979 2912 pessimae,
2011 2845 2068 2897 et
2110 2857 2147 2897 a

479 2926 727 2984 veritate
780 2932 838 2983 et
887 2931 1047 2983 recta
1090 2926 1367 2985 doctrina
1412 2928 1653 3001 penitus
1710 2928 1941 2985 alienae.
2002 2931 2148 2986 Cou-

479 3017 674 3075 clusio
695 3018 877 3085 enim,
927 3022 988 3074 ut
1012 3018 1128 3073 hoc
1153 3018 1345 3074 obiter
1385 3018 1604 3090 dicam,
1630 3023 1719 3075 est
1754 3020 1838 3075 rei
1865 3019 2145 3077 determi-

480 3111 637 3163 natae
667 3111 725 3163 et
749 3106 1173 3162 demonstratae
1193 3107 1495 3179 probatio.
1524 3111 1653 3163 lstse
1682 3123 1823 3163 vero
1844 3112 1960 3164 tuae
1980 3125 2143 3182 qure-

481 3195 708 3252 stiones
737 3198 877 3251 sunt
904 3195 1105 3267 potius
1136 3196 1519 3263 assertiones,
1571 3196 1770 3252 theses
1812 3195 2057 3270 iniquae,
2088 3203 2146 3254 et
2172 3208 2213 3262 Β

480 3283 928 3357 propositiones
960 3283 1179 3339 mentis
1206 3298 1332 3340 non
1363 3284 1479 3340 sibi
1527 3284 1879 3341 cohaerentis
1908 3291 1964 3342 et
1991 3287 2148 3344 deci-

479 3373 718 3447 pientis,
750 3388 888 3445 quaa
913 3371 1277 3429 sufﬁcienter
1306 3377 1566 3430 tractatas
1604 3379 1764 3442 sunt,
1815 3375 2140 3445 multoties,

481 3467 543 3520 et
564 3461 745 3518 variis
797 3461 1173 3535 diversisque
1198 3463 1594 3535 temporibus,
1625 3468 1751 3520 tam
1782 3480 1819 3521 a
1850 3466 2144 3522 veteribus

480 3567 667 3626 quam
688 3551 1120 3610 recentioribus
1140 3552 1358 3609 divinis
1375 3553 1745 3623 hominibus,
1767 3555 2030 3627 perfecta
2052 3572 2145 3613 sa-

479 3640 709 3715 pientia
736 3645 792 3698 et
839 3643 1153 3699 sanctitate
1181 3642 1408 3699 ornatis
1461 3647 1520 3699 et
1561 3644 2033 3716 praestantibus;
2085 3651 2143 3702 et

478 3734 547 3786 ut
594 3728 975 3804 blaspheme,
1029 3731 1329 3788 contraria
1384 3735 1442 3788 et
1487 3732 1769 3805 opposita
1817 3733 1936 3805 ipsi
1989 3733 2142 3790 veri-

479 3817 897 3885 tati,nimirum
919 3819 1152 3876 Christo
1184 3822 1303 3877 Deo
1322 3823 1546 3887 nostro,
1572 3819 1898 3893 reprobate
1926 3826 2066 3879 sunt
2087 3824 2146 3879 et

478 3907 721 3979 reiecta.
779 3909 1132 3982 Quaproper
1176 3924 1289 3965 nos
1346 3909 1562 3965 armati
1600 3908 1734 3966 luce
1782 3910 2047 3968 veritatis
2085 3915 2145 3969 et

480 4010 635 4053 veras
661 3997 997 4069 theologiaa.

555 4267 743 4321 Tuam
761 4263 1023 4338 primam
1040 4262 1437 4337 quaestionem
1460 4280 1596 4338 quas
1617 4266 1828 4323 asserit
1860 4266 2143 4340 Spiritum

487 4357 767 4413 sanctum
789 4351 1115 4427 procedere
1135 4367 1172 4409 a
1194 4354 1362 4410 Patre
1386 4358 1444 4411 et
1470 4353 1609 4412 Filio
1634 4354 2063 4428 hlasphemam
2090 4359 2148 4412 et

483 4442 830 4502 haereticam
852 4440 1234 4499 declaramus
1258 4444 1355 4514 (l).
1391 4445 1520 4501 Non
1550 4445 1713 4501 enim
1735 4445 1797 4500 in
1824 4444 2146 4515 Evangiliis

2332 1950 2447 2009 σίας
2504 1949 2637 2023 φρὰρ
2694 1951 3021 2021 Φρατζήσκῳ
3073 1952 3146 2018 τῷ
3204 1940 3575 2020 Πρεδικατορῳ
3634 1940 3876 2004 παλαιᾶς

2327 2034 2526 2110 Ῥώμης
2553 2040 2783 2112 χαίρειν.

2324 2128 2395 2178 Τὸ
2453 2124 2780 2179 ἕπιστολαῖόν
2850 2131 2945 2179 σοῦ
3025 2127 3157 2200 πρὸς
3222 2125 3359 2197 ἡμᾶς
3415 2121 3557 2176 ἐλθόν
3634 2121 3872 2195 γράμμα

2259 2209 2499 2287 δέδειχεν
2566 2212 2890 2287 ἀμωσγέπως
2958 2234 3018 2287 γε
3091 2218 3150 2267 τό
3236 2231 3293 2267 τε
3359 2211 3699 2288 βραχύτατον
3765 2216 3870 2273 τῆς

2256 2298 2490 2364 διανοίας
2538 2310 2629 2364 τῆς
2684 2311 2784 2375 σῇς
2839 2306 2967 2378 πρὸς
3023 2322 3079 2355 τε
3128 2303 3197 2355 τὰ
3255 2300 3408 2369 ἄλλα,
3456 2302 3717 2373 καὶπρὸς
3765 2304 3871 2359 τὴν

2253 2390 2370 2444 καθ’
2424 2390 2675 2455 Ἕλληνας
2727 2396 3119 2468 γραμματικήν
3175 2394 3225 2444 ἓν
3276 2409 3332 2444 τε
3376 2391 3478 2465 γὰρ
3535 2388 3702 2452 λέξεσι
3770 2393 3870 2441 καὶ

2255 2478 2664 2552 ἆντιστοιχείοις
2711 2485 2801 2534 καὶ
2852 2477 3175 2557 προσωδίαις
3232 2479 3544 2553 ἐσφαλμένον
3588 2476 3723 2546 ἐστι,
3770 2481 3875 2530 καὶ

2252 2573 2312 2622 τὸ
2376 2568 2553 2645 πόῥρω
2624 2567 2796 2629 δηλῶν
2878 2572 3197 2624 καθεστάναι
3254 2578 3349 2631 τῆς
3415 2567 3637 2630 ἀληθοῦς
3693 2567 3869 2620 θεολο-

2252 2664 2396 2732 γίας.
2468 2662 2547 2714 Τὰ
2607 2663 2706 2737 γὰρ
2771 2659 2820 2712 ἓν
2879 2661 3022 2732 αὐτῷ
3080 2659 3354 2733 κεφάλαια,
3415 2658 3716 2731 ζητήματα,
3768 2660 3868 2711 καὶ

2252 2748 2596 2825 προϐλήματα
2673 2751 2816 2820 ὄντα,
2873 2754 2964 2803 καὶ
3037 2758 3138 2803 τῶν
3223 2750 3540 2822 ζητημάτων
3600 2745 3864 2808 πολλάκις

2256 2834 2770 2911 ὃιακωδωνισθέντα,
2831 2838 3133 2916 ἐπιγράφεις
3206 2839 3342 2892 αὐτὰ
3410 2838 3861 2911 συμπεράσματα,

2252 2934 2343 2982 καὶ
2388 2926 2667 3002 ὀρθόδοξα,
2713 2925 2982 2993 κακόδοξα
3033 2929 3223 3001 μᾶλλον
3272 2933 3416 2998 ὄντα,
3454 2931 3546 2979 καὶ
3572 2935 3670 2988 τῆς
3700 2925 3865 3001 ὀρθο-

2257 3014 2435 3081 δοξίας
2501 3024 2590 3071 καὶ
2647 3017 2887 3080 ἀληθείας
2962 3018 3392 3074 ἀποπεπτωκότα.
3480 3020 3579 3071 Καὶ
3647 3015 3733 3068 τοί
3803 3035 3871 3087 γε

2258 3111 2615 3181 συμπέρασμα
2666 3106 2829 3176 ἐστιν,
2897 3111 2966 3171 ὡς
3028 3108 3080 3161 ἐν
3139 3111 3284 3180 τύπῳ
3350 3106 3528 3173 εἰπεῖν,
3592 3104 3868 3178 ἀπόφασις

2258 3192 2608 3273 διωρισμένον
2660 3202 2751 3250 καὶ
2801 3192 3246 3269 ἀποδεδειγμένου
3294 3197 3622 3271 πράγματος.
3680 3201 3866 3247 Ταῦτα

2257 3282 2317 3339 δὲ
2344 3288 2412 3339 τὰ
2442 3287 2723 3359 ζητήματα
2768 3285 2913 3355 ὄντα,
2961 3285 3152 3359 μᾶλλον
3199 3282 3260 3338 δε
3291 3287 3454 3346 θέσεις
3503 3284 3534 3344 ἣ
3587 3285 3861 3355 προθέσεις

2254 3377 2500 3448 ἄθεσμοι,
2558 3380 2649 3428 καὶ
2703 3378 2980 3449 προτάσεις
3037 3371 3276 3437 διανοίας
3339 3373 3725 3446 ἀσυλλογίστοῦ
3768 3377 3869 3426 καὶ

2253 3468 2592 3539 κακόφρονος,
2680 3462 2971 3536 ἀρκούντως
3058 3461 3513 3539 ἐτρακταῖσθησαν
3607 3459 3869 3524 πολλάκις

2253 3558 2345 3607 καὶ
2408 3552 2680 3626 πολλαχοῦ
2723 3554 2825 3606 ὑπὸ
2880 3552 3079 3606 πολλῶν
3126 3557 3217 3605 καὶ
3260 3548 3525 3627 διαφόρων
3575 3549 3693 3603 ἑτῶν
3746 3550 3859 3602 ὑπὸ

2252 3662 2307 3695 τε
2355 3642 2588 3695 παλαιῶν
2631 3646 2721 3695 καὶ
2747 3646 2870 3696 νέων
2927 3644 3074 3696 θείων
3105 3638 3329 3715 ἀνδρῶν,
3389 3641 3554 3713 τελείᾳ
3600 3642 3758 3710 σοφίᾳ
3793 3656 3860 3691 τε

2252 3736 2343 3785 καὶ
2408 3731 2676 3805 ἁγίωσύνῃ
2756 3735 3176 3805 κεκοσμημένων,
3244 3735 3335 3784 καὶ
3426 3732 3493 3792 ὡς
3561 3727 3867 3803 βλάσφημα

2252 3827 2338 3874 καὶ
2422 3826 2516 3880 τὴν
2583 3820 2883 3874 ἐναντίωσιν
2948 3821 3229 3894 εἰσάγοντα
3292 3828 3568 3896 προφανῶς
3629 3821 3721 3870 καὶ
3786 3825 3861 3891 τῇ

2255 3910 2604 3983 αῦτοαληθείᾳ
2662 3918 2878 3987 Χριστῷ
2936 3919 3009 3983 τῷ
3067 3918 3182 3981 Θεῷ
3256 3912 3403 3984 ἡμῶν
3464 3909 3861 3982 ἀντιφερόμενα,

2255 3996 2764 4073 ἁπεδοκιμάσθησάν
2805 4018 2859 4053 τε
2904 4004 2993 4053 καὶ
3042 3998 3421 4076 ἀπερρίφησαν,
3454 3994 3542 4051 διὸ
3589 4002 3679 4051 καὶ
3708 3998 3868 4070 ἡμεῖς

2253 4088 2679 4163 καθωπλισμένοι
2720 4089 2856 4153 ὄντες
2898 4098 2972 4161 τῷ
3023 4097 3120 4152 τῆς
3184 4088 3432 4152 ἀληθείας
3495 4091 3587 4141 καὶ
3635 4085 3868 4149 ἀληθοῦς

2257 4179 2526 4252 θεολογίας
2556 4198 2709 4252 φωτι.

2325 4272 2396 4322 Τό
2427 4273 2630 4342 πρῶτόν
2681 4287 2776 4322 σου
2826 4269 3059 4342 ζήτημα,
3115 4267 3261 4340 λέγον
3321 4270 3403 4321 ὅτι
3440 4270 3500 4320 τὸ
3548 4271 3762 4339 Πνεῦμα
3798 4267 3866 4318 τὸ

2256 4358 2402 4431 ἅγιον
2448 4358 2503 4411 ἐκ
2550 4365 2644 4412 τοῦ
2698 4361 2905 4434 Πατρός
2957 4363 3048 4412 καὶ
3094 4360 3220 4411 Υἰοῦ
3271 4354 3626 4430 ἐκπορεύεται,
3688 4352 3868 4427 βλάσ-

2257 4467 2425 4522 φημον
2470 4453 2561 4501 καὶ
2610 4449 2866 4521 αἱρετικὸν
2921 4446 3330 4521 ἀποφαινόμεθα.
3381 4445 3441 4498 Ὀ
3506 4446 3606 4520 γὰρ
3665 4445 3869 4516 Κύριος

486 4532 782 4595 Dominus
809 4531 895 4588 sic
921 4531 1206 4605 loquitur,
1241 4532 1350 4590 sed
1378 4533 1549 4591 illum
1578 4549 1651 4590 ex
1682 4534 1855 4591 Patre
1907 4538 2142 4592 tantum
2175 4564 2188 4612 ε

2257 4540 2402 4611 ἡμῶν
2454 4536 2503 4590 ἐν
2534 4536 2867 4609 Εὑαγγελίοις
2912 4537 3008 4590 οὐκ
3066 4537 3200 4590 οὕτω
3232 4540 3412 4609 φησὶν,
3459 4532 3569 4586 ἀλλ’
3611 4530 3668 4586 ἐκ
3695 4536 3866 4605 μόνον

486 4619 835 4697 procedere,
876 4621 983 4679 ubi
1023 4621 1204 4680 dicit:
1237 4644 1267 4673 «
1312 4625 1460 4681 Cum
1515 4622 1741 4679 venerit
1805 4624 2146 4681 Paracletus

488 4728 674 4787 quem
698 4727 811 4785 ego
839 4712 1012 4770 vobis
1042 4713 1278 4772 mittam
1308 4728 1345 4770 a
1378 4714 1572 4783 Patre,
1604 4712 1856 4786 Spiritus
1883 4713 2145 4772 veritatis

489 4803 659 4878 quia
708 4805 877 4860 Patre
908 4802 1199 4877 procedit,
1253 4801 1350 4859 ille
1387 4801 1465 4858 de
1504 4817 1604 4859 me
1653 4801 1970 4860 testabitur
1999 4806 2016 4841 ι
2066 4819 2080 4871 ;
2115 4826 2144 4856 ››

487 4892 696 4951 missio
717 4908 862 4951 vero
889 4896 948 4951 et
974 4892 1284 4965 processio
1311 4906 1437 4949 non
1467 4896 1609 4949 sunt
1635 4892 1818 4951 idem.
1842 4893 2145 4952 Processio

487 4984 649 5042 enim
696 4983 984 5057 importat
1020 4982 1273 5039 modum
1305 4986 1363 5038 et
1389 4986 1748 5056 conceptum
1765 4983 2143 5051 exsistentiae,

486 5073 700 5133 missio
753 5089 895 5131 vero
931 5072 1295 5144 legationem
1339 5075 1395 5128 et
1438 5072 1846 5145 apostolatum
1884 5078 2046 5131 nota.
2079 5076 2146 5132 Et

489 5163 826 5223 secundum
854 5161 1301 5236 processionem
1330 5161 1580 5233 Spiritus
1611 5165 1855 5218 sanctus
1884 5178 1959 5218 ex
2012 5178 2143 5236 per-

486 5269 640 5312 sona
650 5252 836 5310 Patris
844 5254 1140 5323 tanquam
1152 5266 1223 5307 ex
1238 5265 1422 5308 causa
1435 5250 1783 5309 immediate
1797 5251 1981 5309 habet
1992 5268 2142 5321 esse,

488 5342 829 5401 secundum
871 5339 1227 5397 missionem
1277 5355 1422 5397 vero
1467 5339 1643 5398 Filius
1686 5344 1741 5398 et
1791 5343 1964 5398 Pater
2020 5358 2145 5400 una

485 5432 733 5490 mittunt
778 5428 1065 5502 Spiritum
1095 5424 1543 5487 sanctissimum
1580 5429 1643 5486 in
1689 5427 1898 5488 ﬁdeles
1927 5435 1985 5489 et
2037 5447 2141 5489 eos

555 5612 572 5646 ¹
603 5610 779 5666 Joan.
800 5620 875 5664 xv
894 5642 914 5675 ,
941 5608 1033 5662 26.

557 5698 634 5771 (t)
671 5695 849 5756 Vides
878 5697 1219 5755 Graecorum
1241 5693 1567 5755 insaniam.

2254 4634 2347 4680 τοῦ
2401 4631 2606 4702 Πατρός
2636 4626 2683 4679 ἐν
2727 4634 2805 4688 οἱς
2850 4626 3006 4699 λέγει·
3064 4648 3093 4676 ‹‹
3137 4624 3298 4678 Ὅταν
3353 4621 3412 4678 δὲ
3453 4624 3579 4696 ἔλθη
3612 4624 3639 4675 ὁ
3682 4622 3870 4697 Παρά-

2255 4715 2463 4788 κλητος,
2514 4717 2569 4769 ὄν
2617 4715 2718 4787 ἐγὼ
2763 4714 2954 4789 πέμψω
3002 4713 3124 4788 ὑμῖν
3178 4715 3322 4790 παρὰ
3371 4720 3467 4767 τοῦ
3513 4713 3739 4785 Πταρός,
3797 4714 3866 4764 τὸ

2257 4812 2468 4878 Πνεῦμα
2507 4813 2605 4867 τῆς
2645 4803 2912 4871 ἀληθείας,
2955 4807 2982 4858 ὅ
3023 4806 3168 4879 παρὰ
3218 4811 3311 4857 ⁸1ὀῦ
3362 4806 3565 4879 Πατρός
3612 4800 3867 4876 ἐκπορεύ-

2257 4914 2387 4963 εται,
2440 4894 2623 4956 ἐκεῖνος
2668 4899 3009 4969 μαρτυρήσει,
3056 4899 3176 4970 περὶ
3230 4893 3376 4968 ἐμοῦ.
3438 4914 3467 4943 ››
3534 4890 3742 4965 Πέμψις
3800 4886 3870 4944 δὶ

2254 4989 2345 5038 καί
2391 4983 2698 5054 ἐκπόρευσις
2754 4983 2814 5037 οὐ
2863 4984 3072 5037 ταύτὸν*
3133 4985 3164 5043 ἡ
3232 4987 3323 5057 μέν
3385 4983 3489 5056 ’γὰρ
3549 4979 3866 5055 ἐκπύρωσις

2254 5075 2445 5127 ἔννοιαν
2496 5072 2763 5145 ὑπάρξεως
2822 5072 3042 5145 εἰσάγει,
3107 5074 3139 5132 ἠ
3200 5069 3261 5127 δε
3316 5070 3512 5145 πέμψις
3558 5067 3867 5130 ἀποστολῆς

2253 5168 2343 5216 καί
2393 5165 2532 5216 κατὰ
2574 5166 2665 5236 μὲν
2720 5167 2814 5222 τὴν
2863 5161 3169 5238 ἑκπόρευσιν
3225 5165 3281 5215 τό
3333 5168 3546 5235 Πνεῦμα
3595 5162 3655 5213 τό
3706 5156 3865 5231 ἅγιον

2255 5252 2310 5306 ἐκ
2337 5261 2434 5314 τῆς
2474 5259 2736 5329 πατρικῆς
2765 5252 3105 5314 ὑποστασεως
3159 5254 3229 5315 ὡς
3293 5249 3382 5304 ἀπ’
3427 5250 3602 5313 αἰτίας
3648 5247 3865 5322 ἀμὶσως

2254 5342 2368 5415 ἔχει
2412 5345 2472 5395 τό
2512 5339 2662 5396 εἶναι’
2710 5344 2848 5395 κατὰ
2889 5339 2950 5395 δὲ
2997 5345 3093 5400 τὴν
3120 5340 3320 5416 πέμψιν
3350 5341 3376 5395 ὁ
3442 5344 3563 5402 Υίος
3619 5357 3860 5392 συναπο-

2254 5430 2451 5487 στέλλει
2493 5440 2567 5504 τῷ
2616 5436 2787 5509 Πατρί
2824 5436 2884 5486 τό
2930 5441 3186 5505 παναγιον
3261 5437 3472 5507 Πνεῦμα
3544 5431 3677 5506 πρὸς
3737 5431 3862 5489 τοὺς
