4134 6388
253 388 368 448 673
1781 389 1885 447 Alit

2007 387 2142 448 DGIA
3533 398 3639 457 474

257 514 486 576 πιστοὺς
529 511 622 566 καὶ
669 509 794 574 τοὺς
846 516 942 574 τῆς
990 509 1212 588 χάριτος
1281 510 1443 567 αὐτοῦ
1498 511 1694 578 ἀξίους.
1763 513 1880 569 Ἐπὶ

2008 515 2096 589 ῃιὶ
2125 516 2265 573 sunt
2285 514 2452 588 digni
2482 515 2677 587 gratia
2703 533 2836 577 sua.
2859 521 2924 577 In
2945 519 3138 579 tribus
3162 521 3440 596 personis
3458 523 3640 582 unica

262 611 386 668 ταῖς
429 607 603 676 τρισὶν
633 601 968 656 ὑποστάσεσι
1012 605 1112 675 μία
1153 601 1270 656 ﬁeri
1300 601 1465 676 βουλὴ
1516 609 1607 657 καὶ
1657 600 1882 677 δύναμις

2005 609 2078 662 ast
2112 605 2412 678 voluntas,
2457 607 2637 665 unica
2690 609 2901 678 virtus,
2958 611 3138 668 unica
3193 615 3283 669 est
3345 614 3637 686 operatio,

265 699 363 747 xui
435 693 677 768 ἐνέργεια,
722 693 790 752 ὡς
859 695 958 764 μία
1017 690 1175 745 οὐσία
1218 699 1292 763 τῷ
1358 691 1565 768 ἀριθμῷ
1627 698 1718 746 καὶ
1782 697 1883 767 μία

2003 693 2142 750 sicut
2179 695 2360 752 unica
2416 711 2672 754 numero
2711 699 2992 768 essentia,
3031 704 3089 757 et
3126 700 3306 758 unica
3334 700 3635 761 divinitas.

273 785 481 845 θεότης,
517 783 666 835 Ὅθεν
720 784 814 833 καὶ
869 782 931 833 τό
986 787 1196 854 Πνεῦμα
1255 785 1314 835 τὸ
1367 782 1514 854 ἆγιον
1581 782 1880 837 ἀποστέλλει

2014 783 2154 840 Inde
2179 783 2246 842 ﬁt
2275 787 2341 842 ut
2371 785 2627 858 Spiritus
2665 791 2910 844 sanctus
2947 787 3144 846 mittat
3181 789 3391 846 Filium
3430 806 3640 848 secun-

265 875 359 926 τὸν
388 874 509 926 Υἱόν
537 873 668 924 κατά
701 873 797 928 τὴν
855 874 1120 945 χρονικηη
1177 875 1438 943 γέννησιν,
1471 873 1542 935 ὡς
1584 870 1633 924 ἓν
1680 871 1881 945 Ἦσαῖα

2007 871 2136 929 lum
2174 875 2571 948 temporalem
2609 892 2784 934 suam
2823 878 3296 948 generationem,
3336 879 3489 936 sicut
3521 880 3639 938 hoc

266 965 565 1035 γέγραπται
616 967 688 1031 τῷ
732 964 1001 1034 προφήτηο
1053 979 1083 1010 ι(
1128 967 1339 1032 Πνεῦμα
1388 964 1584 1035 Κυρίου
1633 959 1714 1014 ἐπ’
1768 960 1876 1034 ἔμε,

2008 962 2263 1020 :cribitur
2307 964 2471 1037 apud
2503 965 2718 1023 Isaiam
2757 967 3153 1040 prophetam:
3186 987 3214 1018 «
3249 968 3502 1041 Spiritus
3530 971 3640 1026 Do—

265 1047 331 1102 οὖ
391 1050 566 1103 εἵνεκεν
619 1051 805 1122 ἓχρισέ
853 1067 936 1121 με,
1008 1047 1444 1121 εὐαγγελίσασθαι
1481 1057 1722 1122 πτωχοῖς
1751 1049 1878 1104 ἀπέ-

2006 1051 2134 1108 nini
2159 1057 2247 1110 est
2273 1069 2455 1126 super
2479 1069 2597 1122 me,
2626 1054 2764 1112 ideo
2791 1071 2890 1112 me
2918 1057 3100 1128 unxit,
3145 1060 3202 1114 et
3229 1057 3392 1114 misit
3430 1073 3529 1115 me
3559 1059 3638 1115 ad

266 1138 463 1192 σταλκέ
497 1156 580 1211 με·
632 1157 663 1191 ν
711 1140 846 1191 ὥστε
888 1141 1051 1210 μόνου
1098 1139 1129 1196 ἡ
1181 1145 1274 1191 τοῦ
1324 1142 1532 1213 Πατρός
1582 1141 1878 1203 ὑπόστασις

2007 1141 2373 1212 Ξνεηεθιὶιιω
2417 1144 2908 1201 annuntiandum
2935 1146 3382 1220 pauperibus’;
3406 1167 3434 1196 »
3487 1146 3639 1204 adeo

257 1226 358 1280 οὐκ
409 1226 798 1293 ἀποστέλλεται,
847 1229 919 1289 ὡς
962 1227 1090 1301 ῥίζα
1134 1232 1224 1279 καὶ
1271 1232 1417 1299 πηγὴ
1465 1236 1558 1290 τῆς
1604 1229 1866 1290 θεότητος·

2007 1233 2049 1287 It
2077 1231 2206 1288 sola
2235 1232 2420 1288 Patris
2445 1249 2706 1305 persona
2727 1250 2851 1290 non
2883 1235 3172 1303 mittatur,
3195 1251 3335 1291 cum
3367 1236 3440 1293 sit
3464 1236 3639 1294 radix

249 1317 286 1375 ἡ
341 1313 404 1370 δὲ
463 1323 557 1370 τοῦ
604 1318 730 1369 Υἰοῦ
782 1319 874 1368 καὶ
931 1322 1024 1368 τοῦ
1091 1318 1385 1389 Πνεῦματος
1447 1315 1681 1377 ἀλλήλοις
1747 1315 1875 1369 ἀπο-

2006 1325 2040 1376 at
2066 1319 2200 1376 fons
2227 1319 2592 1390 divinitatis;
2639 1338 2905 1394 persona
2946 1339 3091 1381 vero
3127 1324 3251 1381 Filii
3292 1329 3349 1381 et
3374 1339 3638 1398 persona

257 1405 559 1458 στέλλονται
604 1413 667 1478 τῇ
712 1412 806 1458 τοῦ
853 1408 1060 1480 Πατρός
1105 1401 1341 1478 εὐδοκία,
1392 1407 1418 1458 ό
1457 1408 1546 1478 μὶν
1578 1405 1698 1468 Υἱὸς
1739 1409 1876 1459 κατὰ

2009 1409 2238 1480 Spiritus
2267 1410 2457 1466 sancti
2489 1411 2831 1469 alternatim
2857 1416 2914 1468 et
2942 1428 2979 1469 a
3008 1428 3071 1470 se
3107 1412 3367 1469 invicem
3395 1413 3641 1470 mittun-

252 1499 357 1554 τὴν
385 1499 641 1569 χρονικην
670 1499 930 1567 γέννησιν,
984 1498 1044 1547 τὸ
1076 1491 1136 1548 δε
1185 1502 1394 1568 Πνεῦμα
1441 1498 1500 1548 τό
1549 1496 1697 1566 ἅγιον
1742 1498 1876 1548 κατά

2007 1513 2077 1553 ur
2107 1499 2442 1555 secundum
2458 1502 2644 1556 Patris
2669 1500 3134 1574 beneplacitum’
3161 1501 3336 1558 Filius
3383 1501 3637 1574 quidem

246 1590 352 1644 τὴν
412 1589 669 1658 χρονικην
717 1582 966 1660 πρόοδον,
1024 1590 1110 1637 καὶ
1164 1589 1259 1644 τὴν
1328 1585 1397 1646 εἰς
1466 1589 1583 1646 τοὺς
1652 1589 1874 1647 πιστοὺς

2001 1587 2314 1644 secundum
2330 1589 2726 1662 temporalem
2744 1590 3215 1660 generationem,
3235 1590 3482 1662 Spiritus
3494 1605 3633 1647 san-

244 1673 614 1748 ἕπιφοίτησιν·
666 1674 725 1727 οῦ
769 1679 868 1746 μὴν
922 1677 1058 1726 κατὰ
1113 1678 1207 1732 τὴν
1264 1673 1491 1746 ἄχρονον
1540 1673 1734 1733 ἐκείνην
1790 1679 1870 1727 ἐκ-

2001 1679 2110 1732 :tus
2138 1692 2300 1746 vero,
2326 1677 2664 1734 secundum
2689 1679 3084 1752 temporalem
3105 1694 3482 1751 processum,
3500 1679 3633 1735 etin

244 1769 528 1839 πόρευσιν,
572 1769 669 1834 τὴν
720 1763 922 1836 ἀμέσως
970 1762 1025 1816 ἐκ
1071 1771 1168 1826 τῆς
1220 1772 1484 1838 πατρικῆς
1530 1766 1872 1826 ὑποστάσεως

1999 1764 2184 1820 ideles
2208 1781 2527 1822 accessum
2549 1767 2968 1838 etadventum,
2993 1783 3118 1824 non
3138 1783 3280 1823 vero
3297 1766 3631 1824 secundum

252 1849 442 1919 οὖσαν,
481 1853 601 1906 καθ’
652 1855 715 1912 ἣν
763 1855 877 1924 ἔχει
924 1856 984 1906 τὸ
1034 1853 1162 1905 εἶναι
1210 1851 1548 1927 ἐκπορευτῶς,
1600 1856 1668 1915 ὡς
1709 1858 1799 1905 καὶ
1842 1855 1868 1906 6

2004 1859 2264 1913 sternam
2290 1855 2446 1911 illius
2477 1856 2949 1928 processionem,
2982 1872 3121 1930 quas
3147 1854 3494 1912 immediate
3521 1855 3636 1912 ori-

252 1945 379 2005 Υἱὸς
430 1939 618 2004 ἀῐδίως
674 1944 788 2014 ἕχει
826 1945 884 1994 τό
940 1939 1070 1994 εἶναι
1117 1940 1174 1994 ἐκ
1218 1950 1314 2004 τῆς
1343 1941 1508 2004 αὐτῆς
1536 1943 1868 2004 ὑποστάσεως

2000 1945 2177 2014 ginem
2207 1945 2385 2001 trahit
2415 1961 2451 2000 a
2481 1961 2742 2018 persona
2773 1946 2981 2016 Patris,
3005 1949 3060 2002 et
3081 1944 3415 2002 secundum
3444 1959 3632 2017 quam

252 2029 466 2103 ἀμίσως
545 2039 826 2102 γεννητῶς.
886 2032 1039 2083 ’Ὀθεν
1122 2035 1213 2083 καὶ
1274 2033 1300 2083 ό
1387 2033 1516 2092 θεῖος
1579 2030 1868 2094 ἀπόστολος

1997 2035 2158 2092 labet
2177 2049 2310 2089 esse
2339 2034 2856 2107 processionaliter
2882 2050 2990 2090 seu
3016 2049 3125 2107 per
3160 2033 3629 2106 processionem,

250 2119 477 2189 Παῦλος,
523 2125 619 2178 τὴν
668 2119 724 2172 ἐκ
751 2127 842 2172 τοῦ
895 2123 1097 2193 Πατρός
1139 2115 1215 2172 δι’
1266 2121 1392 2172 Υἱοῦ
1442 2127 1533 2173 τοῦ
1573 2123 1868 2193 Πνεῦματος

1997 2123 2131 2180 ιίοιλῑ
2160 2123 2336 2179 Filius
2362 2123 2440 2178 ab
2465 2127 2690 2180 interno
2745 2123 2928 2180 habet
2973 2138 3106 2180 esse
3150 2121 3496 2180 immediate
3549 2121 3629 2178 ab

250 2215 513 2283 χρονικην
564 2214 656 2262 xui
711 2205 1063 2282 μεταδοτικην
1131 2206 1303 2268 δηλῶν
1369 2207 1616 2284 πρόοδον,
1684 2230 1862 2282 φησιν·

1996 2213 2187 2269 :adem
2221 2227 2479 2284 persona
2509 2213 2693 2268 Patris
2721 2229 2829 2285 per
2853 2212 3324 2283 generationem.
3363 2212 3628 2283 Quapro-

261 2297 527 2350 ι’Ἐσωσεν
591 2300 734 2371 ἡμᾶς
794 2299 820 2350 ό
892 2301 1024 2359 Θεὸς
1081 2302 1164 2350 xui
1227 2301 1407 2367 Πατὴρ
1476 2295 1719 2356 δηλονότι
1773 2295 1868 2351 διὰ

1997 2307 2104 2358 >ter
2121 2301 2298 2357 divus
2319 2301 2626 2374 apostolus
2637 2301 2878 2370 Paulus,
2896 2301 3218 2359 ostendens
3238 2299 3629 2374 temporalem

251 2387 476 2461 λουτροῦ
553 2392 644 2440 xui
727 2385 1102 2449 ἀνακαινίσεως
1195 2389 1494 2460 Πνεῦματος
1575 2387 1727 2460 ἀγίου
1806 2389 1867 2441 οὗ

1995 2396 2031 2448 ει
2060 2391 2384 2461 gratiosam
2414 2390 2764 2447 missionem
2804 2391 3054 2464 Spiritus
3087 2407 3123 2448 a
3171 2394 3340 2446 Patre
3388 2405 3494 2462 per
3542 2389 3627 2445 Fi-

255 2476 458 2547 ἒξέχεεν
505 2475 576 2548 ἐφ’
624 2478 765 2549 ἡμᾶς
814 2476 1079 2539 πλουσίως
1121 2473 1214 2529 διὰ
1249 2477 1428 2534 Ἰησοῦ
1460 2485 1718 2552 Χριστοῦ.
1750 2498 1779 2528 n
1807 2477 1868 2530 Εἰ

1995 2480 2144 2548 ium,
2175 2479 2352 2535 dicit:
2388 2500 2416 2529 «
2447 2480 2846 2536 Servavitnos
2869 2483 3023 2536 Deus
3052 2485 3108 2536 et
3136 2483 3305 2536 Pater
3333 2494 3440 2551 per
3467 2477 3627 2535 lava-

250 2571 434 2618 τοίνυν
463 2572 832 2639 γνωριμώτερα
889 2573 1019 2618 εῖναι
1073 2562 1155 2618 δεῖ
1191 2572 1282 2618 καὶ
1315 2563 1452 2626 δῆλά
1480 2585 1535 2620 τε
1563 2571 1654 2619 καὶ
1701 2575 1862 2640 σαφῆ,

1995 2585 2167 2635 :rum,
2199 2573 2256 2625 et
2283 2570 2732 2625 renovationem
2773 2569 3020 2642 Spiritus
3074 2583 3258 2641 quem
3297 2582 3478 2641 super
3512 2581 3627 2624 nos

250 2657 360 2708 ὃσα
407 2655 537 2708 εἰσὶν
578 2655 834 2730 ἐγγυτέρω
886 2665 988 2708 τῶν
1056 2654 1236 2730 ἀρχῶν
1293 2659 1444 2728 φύσει
1500 2659 1867 2731 φανερωτάτων

1996 2657 2355 2714 ibundanter
2391 2657 2632 2713 diffudit
2669 2673 2777 2731 per
2811 2661 3016 2714 Jesum
3057 2657 3353 2714 Christum
3405 2658 3427 2692 ³
3453 2696 3468 2710 .
3499 2677 3528 2708 ››
3569 2656 3628 2713 Si

245 2745 445 2811 οὐσῶν,
480 2744 647 2818 ἀρχαι
677 2742 735 2798 δι
761 2745 894 2798 εἰσιν
924 2746 1050 2818 ἡμῖν
1076 2753 1172 2808 τῆς
1198 2749 1424 2808 πίστεως
1449 2749 1500 2798 οῖ
1548 2754 1640 2798 τοῦ
1671 2749 1866 2818 κυρίου

2017 2748 2208 2803 otiora
2235 2746 2504 2817 clariora,
2541 2747 2954 2803 manifestiora
2973 2762 3045 2803 ea
3063 2745 3286 2803 debent
3319 2761 3474 2815 esse,
3503 2760 3630 2819 qua

244 2836 401 2905 ἡμῶν
445 2834 628 2892 Ἰησοῦ
683 2840 915 2907 Χριστοῦ
961 2833 1126 2905 λόγοι,
1179 2841 1255 2895 οῖς
1284 2837 1335 2886 οἱ
1375 2833 1655 2887 ἀπόστολοι
1697 2839 1787 2886 καὶ
1817 2835 1865 2886 οἱ

1995 2835 2261 2892 riciniora
2285 2839 2444 2900 sunt,
2475 2840 2532 2891 et
2558 2835 2806 2907 propius
2836 2835 3132 2892 accedunt
3159 2835 3239 2891 ad
3264 2835 3402 2906 ipsa
3427 2834 3627 2906 prima

255 2919 586 2974 διδάσκαλοι
643 2921 880 2995 ἀσφαλῶς
948 2921 1186 2994 ἑπόμενοι
1254 2932 1640 2996 συμφωνοῦσιν·
1711 2920 1862 2981 356‘?)-

1993 2924 2267 2996 )rincipia
2288 2928 2344 2980 et
2365 2923 2556 2994 initia,
2583 2940 2722 2980 cum
2753 2923 2888 2996 ipsa
2923 2923 3222 2996 principia
3251 2924 3369 2980 sint
3413 2937 3521 2995 per
3561 2937 3625 2978 se

251 3011 344 3062 λον
375 3013 457 3063 ὅτι
499 3015 590 3063 xui
631 3013 659 3069 ἡ
707 3011 915 3070 ἀλήθεια
957 3017 1048 3064 xui
1106 3014 1136 3070 ἠ
1179 3011 1402 3087 ὀρθότης
1427 3020 1529 3064 τῶν
1583 3009 1861 3085 δογμάτῶν

1994 3011 2225 3069 :lariora
2249 3017 2308 3068 et
2335 3013 2530 3082 magis
2560 3012 2900 3084 perspicua,
2931 3013 3294 3085 principium
3323 3027 3466 3068 vero
3485 3011 3626 3067 ﬁdei

249 3107 349 3161 τῆς
411 3104 633 3160 πίστεως
692 3099 740 3152 ἐν
786 3099 912 3172 ἡμῖν
963 3099 1076 3154 ἔστι
1127 3107 1218 3154 καὶ
1266 3101 1314 3153 ἓν
1371 3109 1434 3160 τῆ
1492 3103 1715 3176 ἡμετέρα
1764 3121 1860 3154 xu-

1993 3108 2192 3159 tostrae
2226 3103 2300 3160 sit
2327 3102 2583 3159 verbum
2617 3104 2854 3161 Domini
2883 3105 3025 3160 Jesu
3073 3102 3305 3173 Christi,
3357 3103 3451 3158 cui
3495 3102 3625 3158 sine

246 3189 434 3262 θολικῇ
470 3190 773 3262 Ἐκκλησία,
824 3195 914 3244 καὶ
952 3197 1056 3252 τοῖς
1099 3193 1430 3263 καθηγηταῖς
1465 3197 1555 3244 καὶ
1587 3188 1860 3244 διδασκά-

1997 3191 2093 3248 illa
2122 3192 2501 3249 aberratione
2529 3193 2837 3249 adhaerent
2872 3198 2930 3249 et
2957 3191 3342 3249 consentiunt
3370 3189 3629 3264 apostoli

235 3280 352 3341 λοις
421 3281 591 3352 ἡμῶν,
681 3284 774 3332 καὶ
838 3282 1167 3354 προστάταις
1248 3281 1428 3341 αὐτῆςο
1497 3280 1594 3332 Ὧν
1655 3289 1861 3356 πρῶτος

1997 3287 2026 3337 :t
2059 3281 2374 3352 doctores;
2409 3281 2802 3338 manifestum
2855 3285 2946 3338 est
2999 3282 3309 3338 veritatem
3359 3285 3418 3337 et
3465 3284 3629 3336 recta

244 3371 517 3429 Διονύσιος
591 3370 618 3422 6
705 3368 1083 3442 Ἀρεοπαγίτης
1161 3367 1209 3421 ἓν
1295 3367 1519 3444 δευτέρῳ
1600 3369 1860 3441 κεφαλαίῳ

1998 3369 2107 3426 idei
2137 3369 2427 3439 dogmata
2454 3369 2720 3427 obtinere
2751 3370 2916 3444 apud
2945 3386 3080 3436 nos,
3111 3375 3169 3426 et
3192 3370 3358 3442 apud
3388 3367 3630 3426 catholi-

243 3462 371 3532 περὶ
439 3459 698 3530 ἡνωμένης
761 3457 1028 3529 θεολογίας
1108 3463 1197 3511 καὶ
1265 3455 1662 3532 διακεκριμένης
1729 3462 1860 3531 φησί

1998 3474 2104 3514 iam
2125 3458 2451 3515 Ecclesiam
2472 3464 2768 3527 nostram,
2796 3465 2852 3516 et
2872 3459 3039 3532 apud
3055 3459 3188 3531 ejus
3209 3459 3630 3516 informatores

240 3567 372 3608 πως·
425 3545 683 3600 ’Λκουσον
726 3555 842 3615 τοῦ,
891 3543 1033 3600 Τάδε
1083 3547 1219 3618 λέγει
1275 3550 1486 3622 Κύριος,
1543 3549 1570 3599 ό
1599 3549 1686 3618 ὢν,
1722 3545 1858 3610 όῆν,

1999 3550 2243 3607 loctores
2271 3555 2328 3607 et
2351 3551 2662 3623 praesules.
2696 3552 2922 3608 Horum
2945 3567 3089 3608 vero
3128 3551 3359 3624 primus
3375 3550 3486 3606 fuit
3502 3549 3631 3606 Dio-

237 3638 266 3690 6
307 3636 610 3710 ἐρχόμενος,
659 3641 751 3689 καὶ
797 3638 824 3689 6
873 3638 1266 3712 παντοκράτῶρ,
1315 3642 1407 3689 καὶ
1466 3640 1531 3689 σὺ
1590 3633 1650 3690 δε
1707 3636 1860 3698 αὐτὸς

1997 3640 2178 3712 ιγεὶιιε
2205 3640 2566 3712 Areopagita
2593 3640 2699 3714 qui
2723 3641 2785 3697 in
2807 3640 3076 3697 secundo
3114 3641 3309 3713 capite
3338 3639 3414 3695 de
3464 3638 3629 3695 unita

247 3724 316 3792 εἶ,
361 3729 540 3779 καὶτὸ
591 3732 802 3798 Πνεῦμα
846 3735 939 3786 τῆς
987 3725 1233 3788 ἀληθείας
1277 3729 1337 3778 τό
1383 3725 1459 3791 ὃν,
1503 3725 1530 3778 ὃ
1577 3728 1722 3800 παρὰ
1766 3733 1858 3778 τοῦ

1995 3733 2025 3785 ιι
2054 3733 2331 3802 separata
2358 3729 2662 3801 theologia
2701 3730 2786 3785 sic
2836 3729 3005 3786 inﬁt:
3058 3730 3214 3785 Audi
3261 3727 3438 3785 illud:
3494 3729 3627 3784 Haec

249 3819 458 3887 Πατρός
512 3814 858 3888 ἐκπορεύεται.
919 3820 1020 3868 Καὶ
1069 3817 1096 3866 6
1148 3819 1312 3887 μέγας
1367 3817 1673 3876 Ἀθανάσιος
1713 3813 1761 3867 ἓν
1791 3823 1854 3887 τῇ

1996 3817 2108 3874 licit
2153 3819 2442 3873 Dominus
2507 3818 2612 3891 qui
2650 3823 2743 3874 est
2770 3819 2874 3891 qui
2913 3822 3060 3888 erat,
3115 3821 3172 3874 et
3195 3818 3302 3890 qui
3327 3817 3628 3889 [venturus

250 3906 383 3977 πρός
414 3910 706 3980 Σεραπίωνα
755 3905 918 3958 αὐτοῦ
965 3903 1237 3976 ἐπιστολῇ·
1280 3908 1484 3958 Οὔκουν
1511 3904 1681 3966 καλῶς
1735 3924 1858 3980 φρο-

1997 3912 2056 3963 st
2083 3910 2141 3962 et
2164 3908 2575 3979 omnipotens,
2608 3912 2666 3963 et
2690 3912 2753 3962 tu
2782 3907 2911 3980 ipse
2943 3923 3028 3974 es,
3057 3910 3116 3963 et
3161 3906 3413 3979 Spiritus
3469 3905 3629 3961 veri-

243 4001 454 4056 νοῦντες
503 4000 620 4069 περὶ
667 4001 761 4046 τοῦ
820 4001 1120 4066 Πνεῦμα-τος
1174 4001 1268 4046 τοῦ
1325 3994 1499 4066 ἁγίου,
1559 3990 1684 4046 οὐδὲ
1739 3999 1858 4066 περὶ

1996 3996 2103 4052 atis
2131 3996 2234 4069 qui
2265 4002 2372 4060 est,
2437 3996 2543 4069 qui
2597 3996 2870 4069 procedit
2918 4011 2954 4052 a
2996 3997 3192 4053 Patre.
3246 3997 3312 4051 Et
3366 4009 3628 4064 magnus

244 4090 341 4135 τοῦ
416 4084 539 4136 Υὶοῦ
589 4082 756 4143 καλῶς
813 4090 1106 4156 φρονοῦσιν
1165 4082 1209 4135 εἰ
1250 4085 1350 4158 γὰρ
1408 4081 1647 4158 ἔγρόνουν
1693 4081 1858 4156 ὀρθῶς

1996 4085 2412 4142 ιῐιιεηαεὶυεὶῐι
2441 4101 2551 4142 sua
2579 4085 2658 4141 ad
2709 4085 3100 4158 Serapionem
3152 4084 3442 4157 epistola:
3500 4086 3628 4140 Non

237 4176 357 4246 περὶ
385 4180 483 4226 τοῦ
506 4174 658 4238 Υἱοῦ,
705 4171 947 4244 ἐφρόνουν
1009 4172 1167 4243 ὑγιῶς
1221 4176 1311 4224 καὶ
1366 4177 1486 4246 περὶ
1542 4179 1632 4225 τοῦ
1701 4169 1856 4243 ἁγίου

1999 4191 2120 4231 ιοῐιθ
2151 4175 2413 4232 sentiunt
2439 4174 2516 4230 de
2538 4174 2758 4246 Spiritu
2784 4179 3016 4244 sancto,
3042 4190 3153 4230 nec
3177 4173 3331 4230 bene
3371 4172 3631 4230 sentiunt

236 4265 566 4335 Πνεύματος,
617 4263 644 4314 ὃ
671 4263 815 4334 παρά
842 4267 934 4314 τοῦ
982 4263 1188 4336 Πατρός
1229 4259 1582 4333 ἐκπορεύεται,
1628 4265 1718 4313 καὶ
1767 4268 1858 4314 τοῦ

1996 4264 2042 4320 le
2075 4263 2251 4330 Filio;
2283 4263 2329 4320 si
2370 4264 2532 4320 enim
2562 4267 2789 4320 rectam
2839 4265 2916 4320 de
2969 4263 3110 4320 Filio
3155 4263 3447 4319 haberent
3492 4276 3628 4318 sen-

235 4352 364 4403 Υἰοῦ
414 4347 559 4403 ἶδιόν
587 4352 751 4411 ἑστιν,
779 4351 806 4403 6
836 4348 959 4424 παρ’
992 4349 1152 4402 αὐτοῦ
1183 4345 1399 4402 δίδοται
1443 4357 1548 4411 τοῖς
1578 4351 1854 4422 μαθηταῖς,

1997 4354 2237 4419 entiam,
2269 4354 2474 4426 utique
2504 4358 2562 4410 et
2596 4369 2808 4409 sanam
2842 4353 3200 4410 sententiam
3243 4353 3514 4409 foverent
3555 4352 3629 4407 de

235 4446 328 4492 xui
376 4445 516 4492 πᾶσι
566 4445 679 4501 τοῖς
724 4442 1065 4492 πιστεύουσιν
1111 4438 1181 4501 εἰς
1233 4437 1411 4495 αὐτόν.
1458 4438 1594 4513 Ὀρα
1622 4442 1713 4500 τάς
1759 4436 1857 4491 δύο

1995 4442 2190 4515 Spiritu
2221 4449 2448 4508 sancto,
2483 4444 2588 4514 qui
2642 4441 2910 4515 procedit
2939 4457 2977 4498 a
3013 4443 3205 4508 Patre,
3239 4446 3296 4498 et
3347 4440 3627 4514 proprius

241 4525 506 4598 προόδους
616 4534 710 4580 τοῦ
807 4531 1065 4598 παναγίου
1185 4526 1356 4590 καλῶς
1455 4527 1858 4600 θεολογήσαντος

1999 4535 2061 4586 :st
2088 4530 2358 4602 Filii,qui
2385 4529 2463 4585 ab
2515 4529 2617 4586 illo
2661 4531 2840 4586 datur
2885 4529 3198 4603 discipulis
3247 4529 3390 4601 suis,
3449 4533 3509 4586 et
3559 4529 3631 4585 iis

247 4621 568 4689 ῐινεῦμοιτος,
622 4622 718 4676 τήν
774 4621 865 4690 μὶν
920 4616 976 4669 ἐκ
1025 4621 1182 4689 μόνης
1238 4625 1334 4680 τῆς
1405 4625 1668 4692 πατρικῆς
1723 4619 1855 4670 ὑπο-

1999 4620 2074 4694 [ui
2103 4619 2164 4676 in
2194 4619 2360 4676 illum
2393 4619 2664 4678 credunt.
2695 4620 2839 4676 Vide
2866 4619 3022 4676 duas
3051 4619 3469 4692 processiones
3487 4633 3631 4674 san-

248 4709 486 4770 στάσεως
527 4712 622 4766 τήν
672 4703 847 4760 ἀίδιον
885 4706 1080 4764 ἐκείνην
1128 4711 1214 4760 καὶ
1262 4706 1507 4781 ἄρρητον,
1552 4712 1642 4760 καὶ
1689 4709 1858 4783 ὐπαρο

2001 4709 2225 4766 tissimi
2257 4709 2508 4782 Spiritus
2537 4724 2692 4782 quas
2721 4709 2898 4766 docet
2916 4710 3148 4782 optima
3173 4714 3232 4766 et
3275 4713 3441 4766 recta
3470 4707 3633 4766 theo-

244 4801 457 4860 κτικήν,
512 4798 745 4871 καθάπερ
795 4799 882 4848 xui
917 4797 943 4848 6
996 4798 1186 4869 Κύριος
1227 4794 1276 4848 ἕν
1327 4795 1661 4867 Εὐαγγελίοις
1711 4796 1857 4869 εἰρή-

2001 4800 2152 4870 ogia.
2190 4800 2381 4854 Unam
2403 4813 2475 4854 ex
2507 4797 2636 4855 sola
2665 4813 2930 4870 persona
2955 4797 3633 4872 Patris,illamquemter-

245 4903 349 4950 κει,
407 4891 494 4938 xui
542 4891 632 4944 τὴν
681 4887 783 4938 ὑπὸ
829 4889 1022 4958 χρόνον
1069 4890 1160 4937 xui
1215 4881 1590 4957 μεταδοτικὴν,
1634 4890 1729 4944 τὴν
1783 4882 1858 4939 δι’

2001 4905 2134 4955 iam,
2172 4887 2562 4954 invisibilem,
2604 4887 2997 4957 ineffabilem,
3038 4887 3442 4959 personatam,
3481 4887 3633 4943 sicut

243 4977 392 5032 Υἱοῡ.
441 4974 498 5028 Ὀ
535 4975 697 5038 αὐτὸς
735 4980 826 5026 xui
873 4973 922 5026 ἐν
965 4982 1038 5045 τῷ
1066 4979 1181 5049 περὶ
1231 4971 1458 5048 Τριάδος
1509 4974 1671 5027 αὐτοῦ
1699 4974 1852 5047 λόγῳ·

2000 4978 2256 5034 Dominus
2284 4977 2550 5049 loquitur
2575 4977 2637 5033 in
2659 4976 2986 5047 Evangeliis
3008 4995 3024 5047 ;
3065 4975 3247 5032 aliam
3286 4991 3430 5033 vero
3487 4979 3632 5032 tem-

243 5067 372 5126 Θεός
400 5063 538 5118 ἔστιν
578 5066 608 5122 ἡ
663 5065 868 5116 πάντων
899 5061 1044 5137 ἀρχὴ
1077 5064 1214 5115 κατά
1263 5067 1350 5115 τὸν
1399 5063 1713 5116 ’Λπόστολον
1779 5065 1856 5116 λέ-

1998 5065 2236 5123 ιοιιειθω
2265 5071 2323 5123 et
2378 5066 2707 5137 gratiosam
2761 5082 2898 5137 quas
2947 5064 3016 5121 fit
3066 5080 3172 5137 per
3223 5063 3630 5121 Filium.ldem

234 5174 419 5227 γοντα·
481 5156 574 5215 Εἷς
641 5157 772 5215 Θεός
833 5155 860 5206 6
929 5156 1107 5224 Πατὴρ
1174 5151 1227 5215 ἐξ
1292 5149 1350 5205 οὗ
1417 5155 1482 5204 τὰ
1538 5154 1723 5206 πάντα·
1765 5159 1854 5206 καὶ

2002 5155 2328 5213 Jhanasius
2353 5155 2414 5212 in
2436 5171 2546 5211 suo
2571 5155 2645 5211 de
2675 5155 2950 5211 Trinitate
2999 5158 3272 5220 tractatu,
3320 5155 3498 5220 Deus,
3547 5153 3634 5210 in-

224 5248 332 5319 γὰρ
363 5247 390 5298 6
419 5248 619 5316 ΣςΛόγος
672 5242 724 5306 ἐξ
775 5242 936 5296 αὐτοῦ
981 5249 1256 5314 γεννητῶς,
1287 5246 1377 5294 καὶ
1422 5244 1481 5294 τό
1541 5249 1750 5315 Πνεῦμα
1794 5247 1853 5297 τό

1999 5247 2113 5319 ςιιὶι,
2159 5249 2249 5303 est
2291 5261 2494 5302 rerum
2541 5244 2815 5300 omnium
2858 5243 3240 5316 principium,
3296 5243 3631 5301 secundum

223 5336 383 5406 ἅγιον
434 5333 782 5400 ἐκπορευτῶς.
817 5335 920 5384 Καὶ
972 5332 998 5383 6
1056 5332 1186 5391 θεῖος
1238 5335 1327 5382 καὶ
1378 5334 1543 5403 μέγας
1591 5332 1854 5394 Βασίλειος

2004 5335 2306 5408 postolum
2335 5335 2668 5390 dicentem:
2707 5333 2926 5389 Unicus
2962 5335 3136 5403 Deus,
3165 5332 3388 5392 scilicet
3411 5337 3580 5391 Pater
3599 5350 3636 5392 a

227 5424 280 5477 ἐν
325 5433 389 5497 τῇ
447 5427 579 5499 πρὸς
626 5426 713 5476 τόν
791 5417 930 5474 ’ίδιον
977 5416 1198 5492 ἀδελφόν
1253 5424 1538 5494 Γρηγόριον
1601 5419 1847 5494 ἐπιστολῇ

2007 5441 2086 5481 uo
2116 5428 2256 5480 sunt
2280 5424 2523 5489 omnia;
2555 5438 2699 5479 nam
2739 5421 2920 5478 Filius
2961 5421 3090 5496 ipse
3137 5427 3225 5481 est
3266 5423 3346 5481 ab
3383 5423 3485 5481 illo
3530 5439 3637 5498 per

231 5513 395 5566 αὑτοῦ
422 5514 559 5568 οὓτω
645 5515 833 5586 φησίν.
891 5505 1106 5568 Ἐπειδή
1171 5513 1342 5562 τοίνυν
1404 5513 1462 5562 τό
1523 5515 1732 5586 Πνεῦμα
1790 5517 1848 5568 τὸ

1994 5512 2437 5584 :enerationem,
2462 5516 2520 5570 et
2538 5511 2666 5586 ipse
2713 5511 2964 5584 Spiritus
3001 5527 3110 5585 per
3145 5513 3626 5587 processionem.

297 5693 324 5730 ³
354 5695 468 5752 lsa.
500 5707 621 5765 ιιι,
651 5691 678 5748 1
706 5706 725 5762 ς
751 5691 896 5749 Luc.
923 5703 999 5757 Iv,
1027 5689 1114 5746 18.
1147 5687 1170 5724 ⁸
1194 5686 1300 5746 Tit.
1332 5700 1412 5756 ιιι,
1454 5691 1509 5745 5.
