4134 6388
523 377 632 438 ιπ
1708 377 2060 436 MANUELIS
2098 376 2321 435 IAGNI
2354 376 2702 435 BHETORIS
3781 380 3898 437 676

527 507 593 561 Et
616 503 856 562 divinus
869 507 926 561 et
943 516 1207 575 magnus
1226 502 1476 561 Basilius
1503 504 1566 561 in
1578 519 1689 561 sua
1712 504 1793 561 ad
1826 504 2160 573 Gregorium

2288 503 2456 574 ἅγιον,
2509 503 2595 575 αφ’
2643 498 2703 554 οὗ
2753 505 2903 555 πᾶσα
2948 500 3034 561 ἰπὶ
3088 504 3183 561 τήν
3252 505 3427 559 κτίσιν
3468 503 3617 576 ἡμῶν
3672 502 3894 576 ἀγαθῶν

526 607 885 662 germanum
899 609 1080 650 suum
1092 591 1346 665 epistola
1366 613 1380 648 :
1395 592 1691 659 Quoniam
1719 592 1898 663 igitur
1921 591 2160 663 Spiritu:

2285 596 2522 668 χορηγία
2570 590 2824 661 πηγάζέι,
2890 597 2983 643 τοῦ
3047 592 3173 644 Υἱοῦ
3237 593 3330 664 μὶν
3391 589 3610 666 εἶρκται,
3657 596 3730 655 ὡς
3770 591 3894 649 ἁδι-

524 698 563 738 a
578 698 705 754 quo
727 681 927 740 omnis
940 681 1104 738 velut
1123 698 1191 739 ex
1211 681 1372 738 fonte
1406 682 1484 737 ad
1515 686 1821 739 creaturas
1854 696 2160 753 promanai

2286 683 2541 742 στάκτως·
2595 678 3175 752 συγκαταλιὶμϐανεται,
3233 687 3331 741 τῆς
3397 676 3457 733 δὲ
3510 688 3603 734 τοῦ
3680 686 3896 754 Πατρός

524 771 827 828 bonorum
882 770 1309 843 suppeditatio,
1361 787 1399 828 a
1449 770 1590 827 Filio
1640 770 1888 843 quidem
1945 769 2160 842 depen-

2283 769 2457 831 αἰτίας
2505 768 2818 841 ἕξηγημίνον
2868 771 2984 841 ἔχει
3030 772 3090 821 τὸ
3145 765 3299 831 εἶναι,
3354 770 3468 822 ὅθεν
3520 774 3609 823 καὶ
3668 769 3893 825 ἰκπεπό-

524 860 627 917 det
670 876 939 934 quocum
987 875 1111 917 una
1164 861 1294 916 sine
1341 859 1465 918 ulla
1504 860 1790 916 distantia
1841 859 2160 932 concipitur

2281 877 2461 932 pw'at
2511 865 2665 911 τοῦτο
2711 861 3058 932 γνωρίστικὸν
3106 865 3198 918 τῆς
3253 860 3391 911 κατὰ
3439 862 3535 918 τὴν
3584 858 3895 914 ὑπόστασιν

514 954 749 1013 mente,
772 966 972 1007 causae
1005 965 1150 1007 vero
1179 950 1366 1007 Patris
1402 950 1689 1007 insertam
1741 947 1927 1006 habet
1975 962 2160 1005 essen!

2283 943 2553 1009 ἰδιότητος
2606 953 2820 1019 σημεῖον
2874 949 3009 1019 ἔχει,
3059 950 3117 999 τὸ
3168 949 3301 1019 μετὰ
3355 954 3448 1000 τοῦ
3497 949 3624 1002 Υίοῡ
3665 953 3761 1002 καὶ
3790 954 3894 1003 σὺν

525 1040 693 1109 tiam,
724 1039 884 1096 unde
914 1044 972 1096 et
993 1039 1288 1112 procedit,
1319 1039 1477 1096 hanc
1502 1039 1835 1109 notionem,
1862 1042 1921 1095 et
1948 1052 2160 1110 cogno«

2281 1035 2422 1106 αὐτῷ
2468 1035 2841 1110 γνωρίζεσθαι,
2892 1039 2983 1088 καὶ
3028 1033 3086 1089 ἐκ
3136 1042 3230 1093 τοῦ
3261 1038 3467 1110 Πατρός
3513 1036 3830 1108 ὑφεστάναι·
3867 1038 3896 1089 ό

524 1128 729 1184 scibile
756 1128 996 1197 signum
1029 1128 1160 1199 ejus
1186 1143 1326 1201 quas
1352 1127 1689 1185 secundum
1716 1142 2046 1199 personam
2085 1132 2160 1182 est

2284 1121 2344 1178 δί
2383 1126 2522 1191 Υἱός,
2556 1125 2582 1176 ό
2620 1127 2679 1178 τό
2709 1122 2766 1176 ix
2811 1129 2904 1176 τοῦ
2938 1126 3148 1199 Πατρός
3195 1124 3357 1178 αὐτοῦ
3389 1130 3599 1198 Πνεῦμα
3651 1120 3688 1178 δ
3693 1124 3728 1179 ι’
3759 1124 3897 1179 ἑαυ-

522 1215 908 1290 proprietatis
951 1215 1152 1283 habet,
1183 1232 1308 1290 quo
1337 1232 1478 1273 cum
1534 1216 1675 1274 Filio
1712 1216 1890 1272 simul
1940 1220 1998 1272 et
2045 1215 2160 1287 ipse

2281 1220 2373 1266 τοῦ
2423 1213 2691 1285 γνωρίζων
2743 1215 2897 1284 μόνος
2978 1220 3266 1284 μονογενῶς
3330 1210 3386 1269 ἰκ
3443 1219 3538 1266 τοῦ
3599 1211 3895 1284 ἆγεννήτον

524 1320 590 1361 se
618 1304 759 1361 facit
794 1304 1135 1370 internosci,
1167 1310 1225 1361 et
1266 1321 1391 1378 quo
1419 1320 1492 1361 ex
1524 1309 1689 1362 Patre
1738 1304 2042 1372 subsistit;
2090 1304 2149 1360 Fi

2282 1304 2449 1374 φωτός
2504 1300 2793 1373 ἐκλάμψας,
2852 1296 3102 1372 οὐδεμίαν
3171 1303 3310 1355 κατὰ
3385 1302 3444 1356 τό
3510 1297 3717 1362 ἰδιάζον
3783 1311 3895 1357 τῶν

522 1392 638 1449 lius
668 1409 811 1449 vero
839 1393 943 1465 qui
968 1408 1041 1449 ex
1073 1395 1244 1450 Patre
1272 1393 1701 1466 procedentem
1734 1393 2017 1465 Spiritum
2066 1407 2160 1464 pel

2279 1392 2658 1464 γνωρισμάτων
2718 1394 2810 1448 τὴν
2863 1394 3133 1444 κοινωνίαν
3177 1392 3292 1462 ἔχει
3336 1394 3463 1463 πρὸς
3517 1393 3606 1445 τόν
3673 1394 3897 1464 Πατέρα

523 1483 789 1555 seipsum
820 1487 877 1539 et
904 1499 1044 1538 cum
1076 1484 1276 1557 seipso
1305 1489 1520 1541 notum
1541 1482 2160 1552 facit,solusUnigeni-

2281 1481 2312 1539 ἡ
2361 1485 2494 1554 πρός
2546 1484 2605 1534 τό
2653 1488 2862 1554 Πνεῦμα
2914 1484 2973 1534 τὸ
3024 1481 3193 1551 ἅγιον·
3257 1480 3386 1534 ἀλλὰ
3438 1488 3549 1543 τοῖς
3596 1482 3897 1557 εἰρημένοις

521 1577 618 1629 tus
647 1589 719 1628 ex
747 1572 1013 1643 ingenito
1040 1574 1269 1630 lumine
1291 1573 1524 1643 reluxit,
1546 1574 1900 1646 nullamque
1920 1588 2160 1645 prorsus

2283 1576 2522 1644 σημείοις
2548 1572 2879 1645 γνωρίζεται.

517 1662 832 1718 notionum
862 1663 1475 1720 communicationem
1507 1662 1841 1719 secundum
1869 1661 2294 1734 proprietatem
2322 1676 2497 1716 suam
2530 1664 2655 1716 tam
2685 1676 2822 1717 cum
2857 1660 3046 1725 Patre,
3074 1674 3263 1731 quam
3292 1674 3431 1719 cum
3458 1659 3676 1732 Spiritu
3706 1675 3895 1718 sane-

517 1754 578 1807 to
602 1750 821 1819 habet;
850 1751 960 1808 sed
989 1768 1063 1808 ex
1087 1751 1262 1808 dictis
1277 1752 1407 1825 jam
1462 1751 1649 1821 signis
1699 1751 1865 1808 solus
1910 1749 2277 1820 agnoscitur.

590 1841 659 1895 Et
712 1840 1029 1909 Gregorius
1069 1840 1405 1913 Theologus
1450 1840 1514 1897 in
1540 1844 1795 1897 tractatu
1825 1842 1904 1897 De
1948 1838 2160 1912 Spiritu

2352 1843 2452 1893 Καὶ
2507 1839 2535 1891 ὅ
2586 1837 2839 1910 Θεολόγος
2896 1841 3180 1912 Γρηγόριος
3230 1836 3279 1890 ἓν
3326 1845 3399 1909 τῷ
3424 1843 3541 1912 περὶ
3592 1844 3687 1892 τοῦ
3726 1837 3891 1911 ἁγίου

518 1932 746 1996 sancto,
790 1929 890 1984 Dic
922 1929 1091 1999 mihi,
1124 1930 1338 2003 inquit,
1374 1930 1626 1986 ubinam
1676 1931 2003 1987 constitues
2032 1945 2169 2001 pro-

516 2031 755 2074 cessum
786 2034 894 2075 seu
917 2017 979 2074 id
1025 2020 1190 2091 quod
1235 2019 1548 2092 procedit?
1585 2021 1748 2093 quod
1790 2019 2165 2090 interjectum

514 2110 682 2177 patet
703 2106 855 2169 inter
880 2106 1036 2162 duas
1064 2107 1375 2163 divisionis
1403 2112 1518 2164 tua;
1549 2112 1748 2180 partes
1777 2113 1831 2163 et
1879 2108 1958 2164 ab
2000 2107 2165 2163 theo-

514 2193 656 2266 logo
684 2198 740 2250 te
769 2194 958 2251 multo
977 2197 1400 2269 praestantiori,
1422 2200 1730 2253 Servatore
1743 2196 2026 2252 nimirum
2063 2210 2167 2251 no-

2278 1931 2571 2001 ΙΙνεύματος
2620 1927 2773 1999 λόγῳ·
2844 1934 2951 1982 Ποῦ
3007 1930 3107 2001 γὰρ
3175 1929 3359 1989 θήσεις
3418 1931 3477 1982 τό
3543 1926 3886 2003 ἰκπορευτόν,

2274 2017 2383 2071 εἰπέ
2431 2037 2542 2090 μοι,
2591 2021 2748 2089 μέσον
2802 2015 3050 2089 ἀναφανεν
3107 2023 3198 2077 τῆς
3274 2024 3369 2078 σῆς
3427 2012 3736 2091 διαιρέσεως
3790 2036 3887 2071 και

2271 2107 2417 2181 παρὰ
2457 2113 2702 2180 κρεῖσσον
2764 2105 2793 2163 ἦ
2854 2108 2989 2157 κατὰ
3049 2108 3107 2159 σε
3169 2103 3410 2176 θεολόγον
3462 2113 3554 2158 τοῦ
3611 2113 3881 2181 Σωτῆρος,

2273 2194 2625 2267 εἰσαγόμενον,
2689 2196 2733 2247 εἰ
2800 2198 2872 2266 μὴ
2929 2199 3024 2252 τὴν
3107 2198 3276 2266 φωνὴν
3336 2192 3533 2253 ἆκείνην
3609 2203 3711 2247 τῶν
3773 2202 3884 2248 σῶν

2272 2281 2478 2346 ὶξῆλθες
2530 2282 2872 2354 Εὐαγγελίων,
2933 2279 3028 2334 διὰ
3082 2286 3171 2341 τὴν
3215 2287 3393 2356 τρίτην
3448 2301 3544 2341 σου
3584 2285 3882 2351 Διαθήκην,

2269 2375 2328 2425 τό
2380 2378 2588 2444 Πνεῦμα
2646 2375 2706 2424 τὸ
2746 2369 2894 2442 ἂγιον
2942 2372 2968 2423 ὃ
3032 2373 3178 2445 παρὰ
3221 2379 3315 2424 τοῦ
3368 2375 3574 2444 Πατρός
3636 2370 3885 2447 ἐκπορεύ-

2272 2479 2401 2515 εται.
2452 2462 2688 2514 Καθόσον
2886 2460 3071 2512 ἐκεῖθεν
3125 2459 3480 2531 ἐκπορεύεται,
3539 2460 3600 2511 οὗ
3654 2464 3879 2534 κτίσμα,

2269 2551 2496 2602 καθόσον
2543 2546 2602 2603 δε
2641 2548 2700 2602 οὗ
2724 2552 2987 2619 γεννητόν,
3038 2549 3144 2619 οὐχ
3196 2550 3336 2609 Υἱός.
3387 2554 3487 2602 Καὶ
3541 2549 3592 2603 ἐν
3634 2556 3708 2621 τῷ
3757 2556 3884 2623 περὶ

2269 2641 2395 2692 Υὶοῦ
2450 2644 2637 2712 πρώτῳ
2689 2638 2847 2691 αὑτοῦ
2895 2637 3028 2709 λόγῳ
3084 2640 3110 2689 ό
3167 2639 3325 2699 αὐτός
3372 2657 3524 2712 φησι·
3578 2641 3674 2692 Διά
3721 2646 3883 2692 τοῦτο

2271 2727 2355 2781 ἐπὶ
2409 2736 2508 2780 τῶν
2576 2729 2837 2800 ἡμετέρων
2894 2729 3024 2799 ὅρων
3093 2726 3380 2798 ἱστάμενοι,
3469 2730 3527 2781 1'6
3597 2725 3878 2797 ἀγέννητον

2271 2816 2576 2888 εἰσάγωμεν,
2633 2821 2723 2869 καὶ
2788 2819 2844 2868 τό
2917 2819 3179 2886 γεννητόν,
3242 2822 3333 2869 καὶ
3391 2816 3448 2871 ἐκ
3512 2822 3600 2868 τοῦ
3660 2818 3878 2889 Πατρός

2270 2906 2686 2978 ἐκπορευόμενον,
2747 2908 2811 2966 ὦς
2868 2908 2968 2958 πού
3031 2925 3190 2977 φησιν
3246 2907 3398 2965 αὑτός
3450 2909 3540 2957 καὶ
3589 2905 3615 2956 ό
3678 2908 3878 2974 Λόγος·

516 2286 659 2353 stro,
690 2288 782 2339 est
802 2283 1231 2341 introductum.
1265 2285 1381 2342 Nisi
1409 2291 1651 2358 propter
1701 2290 1870 2341 tuum
1930 2284 2164 2341 tertium

516 2371 988 2443 Testamentum,
1002 2390 1075 2430 ex
1089 2376 1250 2430 Evan
1260 2374 1425 2443 geliis
1438 2375 2006 2440 tuis,existimaveris
2035 2375 2165 2431 haec

514 2462 887 2519 removenda
907 2462 1109 2519 verba.
1137 2486 1165 2515 ς
1201 2464 1452 2536 Spiritus
1483 2470 1730 2520 sanctus
1761 2465 1863 2537 qui
1908 2480 1945 2520 a
1998 2467 2164 2521 Patre

510 2552 799 2623 procedit,
829 2570 860 2605 ν
908 2552 1009 2625 qui
1040 2558 1338 2626 quatenus
1388 2552 1550 2610 illinc
1592 2554 1860 2627 procedit
1911 2570 2036 2610 non
2076 2558 2167 2610 est

510 2645 765 2705 creatus,
796 2648 1097 2714 quatenus
1129 2658 1271 2698 vero
1300 2644 1602 2712 ingenitus
1633 2648 1742 2704 est.
1792 2659 1915 2699 non
1946 2648 2036 2698 est
2074 2644 2162 2699 Fi-

510 2728 647 2786 lius.
673 2732 739 2787 Et
759 2729 820 2786 in
845 2746 956 2787 suo
982 2730 1057 2786 de
1090 2730 1232 2787 Filio
1262 2748 1537 2788 sermone
1567 2732 1763 2803 primo
1792 2732 1953 2788 idem
1980 2732 2159 2789 dicit:

511 2820 859 2889 Propterera
887 2820 1108 2875 nostris
1138 2820 1391 2876 decretis
1420 2821 1796 2890 inhaerentes,
1837 2822 2162 2878 introduci-

510 2923 648 2963 mus
665 2913 723 2964 et
751 2909 1990 2979 asserimus,ingeneratum,generatum,et
2026 2926 2162 2984 pro-

511 2996 820 3052 cedentem
869 3014 907 3052 a
950 3000 1137 3061 Patre.
1185 3003 1253 3052 ut
1304 2998 1524 3053 alicubi
1583 2999 1850 3071 loquitur
1902 3000 2160 3055 Verbum

2273 3000 2373 3048 Καὶ
2432 2994 2478 3049 ἐν
2541 3003 2613 3063 τῷ
2669 2997 2804 3046 κατά
2861 2993 3175 3046 Σαϐελιανών
3228 2993 3365 3064 λόγῳ
3417 2993 3580 3047 αὐτοῦ
3632 2993 3658 3046 6
3717 2997 3883 3065 μέγας

508 3085 732 3157 ipsum.
770 3089 832 3142 Et
859 3086 917 3141 in
950 3102 1060 3141 suo
1089 3092 1298 3142 contra
1328 3086 1698 3143 Sabellianos
1727 3103 2002 3145 sermone
2023 3089 2160 3145 dicit

2270 3082 2534 3144 Βασίλειος
2581 3084 2734 3154 λέγει·
2784 3082 2936 3138 Ἐστι
2991 3087 3092 3158 γὰρ
3141 3083 3166 3135 ό
3229 3088 3410 3156 Πατὴρ
3478 3082 3671 3136 τέλειον
3736 3086 3882 3154 ἔχων

510 3189 773 3246 magnus
799 3174 1089 3231 Basilius:
1122 3174 1293 3231 Pater
1321 3175 1504 3233 habet
1547 3192 1678 3233 esse
1726 3177 2055 3249 perfectum
2109 3183 2160 3234 et

2271 3176 2330 3225 τό
2379 3169 2510 3226 εἶναι
2552 3178 2641 3227 καὶ
2694 3169 2937 3239 ἀνενδεες,
2996 3174 3123 3247 ῥίζα
3170 3178 3260 3226 καὶ
3290 3177 3435 3245 πηγὴ
3466 3180 3562 3227 τοῦ
3606 3175 3754 3242 Υἰοῦ,
3787 3180 3879 3226 καὶ

511 3262 734 3318 nullius
760 3263 841 3319 rei
871 3263 1167 3335 indigum,
1224 3271 1280 3321 et
1321 3272 1409 3322 est
1438 3267 1610 3324 radix
1653 3273 1710 3323 et
1742 3268 1876 3324 fons
1932 3267 2053 3323 Filii
2109 3273 2160 3323 el

2274 3260 2423 3333 ἁγίου
2483 3265 2796 3334 Πνεύματος.
2849 3267 2982 3336 Τρία
3037 3259 3096 3315 δε
3151 3264 3216 3315 τὰ
3267 3271 3360 3324 τῆς
3408 3269 3586 3333 πηγῆς
3644 3262 3874 3335 ὀνόματα

513 3351 764 3423 Spiritus
816 3353 1025 3409 sancti.
1076 3354 1207 3409 Tria
1254 3371 1397 3411 vero
1447 3357 1697 3412 nomina
1742 3356 1925 3413 fontis
1966 3356 2160 3413 decla-

2277 3356 2688 3423 συνεκφαίνεται·
2740 3355 2799 3404 τό
2854 3350 3099 3425 ἀρχικόν,
3150 3355 3208 3404 τό
3251 3351 3460 3425 πλῆρες.
3498 3356 3590 3404 καί
3633 3354 3693 3404 τό
3735 3350 3879 3404 ἁνίκα

508 3445 666 3509 rant,
697 3456 832 3497 esse
871 3442 1270 3515 principium,
1303 3460 1434 3501 esse
1485 3445 1730 3517 plenum
1785 3450 1844 3501 et
1901 3462 2030 3502 esse
2080 3448 2160 3502 in-

2272 3438 2496 3494 λειπτον.
2544 3439 2689 3500 Ἦτις
2744 3441 2831 3492 οὖν
2878 3441 2989 3492 ἐστι
3035 3446 3224 3501 κυρίως
3274 3444 3443 3512 πηγὴ,
3504 3445 3595 3493 καί
3642 3443 3707 3493 τὰ
3755 3445 3884 3511 τρία

509 3529 813 3587 desinens.
867 3531 962 3588 Ille
1011 3548 1155 3603 ergo
1192 3534 1295 3606 qui
1327 3550 1464 3590 vere
1514 3540 1571 3591 et
1616 3535 2024 3609 principaliter
2073 3542 2160 3594 est

2272 3530 2418 3581 ταῦτ’
2460 3533 2592 3601 ἔχει.
2622 3529 2790 3602 Ἀρχή
2829 3549 2882 3582 τε
2920 3534 3022 3603 γὰρ
3068 3530 3208 3582 ἐστίν
3267 3529 3428 3581 αὐτοῦ
3481 3537 3730 3601 φυσικῶς,
3788 3532 3881 3582 ὅτι

508 3618 664 3683 fons,
705 3620 821 3676 ista
856 3621 967 3677 tria
996 3622 1055 3677 in
1097 3639 1162 3678 se
1185 3623 1621 3695 complectitur.
1652 3624 1750 3680 Est
1800 3625 2159 3698 principium

508 3707 668 3764 illius
697 3710 968 3766 naturale
996 3712 1141 3783 quia
1171 3712 1250 3767 ab
1280 3728 1353 3767 eo
1384 3712 1671 3784 procedit,
1705 3714 1950 3783 exsistit,
1977 3721 2035 3772 et
2058 3716 2161 3771 ha-

506 3796 611 3854 bet
637 3813 814 3855 suum
851 3816 986 3857 esse
1011 3818 1025 3867 ;
1052 3801 1153 3857 illo
1170 3801 1350 3857 etiam
1364 3802 1579 3874 plenus
1600 3808 1689 3858 est
1708 3820 1879 3859 :nam
1907 3808 2064 3860 totus
2078 3810 2161 3861 to-

506 3889 635 3942 tum
675 3889 1122 3960 comprehendit
1162 3906 1338 3946 suum
1372 3892 1820 3953 coexistentem.
1851 3899 1909 3948 et
1935 3894 2161 3950 indesi-

506 3972 717 4025 nenter
744 3968 823 4024 ab
852 3971 989 4039 ipso
1018 3970 1326 4039 emittitur,
1377 3976 1436 4027 et
1490 3972 1724 4031 inﬁnito
1780 3974 2052 4045 quodam
2101 3981 2159 4031 et

505 4060 728 4112 aeterno
757 4057 1157 4131 invisibilique:
1181 4060 1511 4128 generandi
1543 4062 1724 4117 modo
1746 4061 1916 4120 illum
1938 4063 2157 4134 produ-

2269 4083 2373 4124 σιν,
2416 4063 2459 4115 εἰ
2506 4068 2595 4115 καί
2669 4063 2787 4113 καθ’
2848 4064 3139 4115 ὑπόστασιν
3196 4064 3467 4136 ὑπερφυῶς
3520 4059 3877 4136 διακρίνεται.

505 4143 1224 4208 eit,etabillosecundum
1248 4152 1525 4206 naturam
1552 4166 1673 4208 non
1724 4156 1919 4222 potest
1941 4152 2270 4221 discedere,
2307 4153 2440 4209 licet
2490 4152 2823 4207 secundum
2867 4151 3271 4207 exsistentiam
3321 4157 3379 4208 et
3418 4166 3746 4223 personam
3791 4152 3883 4208 ab

503 4229 605 4286 illo
626 4233 1158 4303 supernaturaliter
1184 4233 1606 4305 distinguatur.

576 4320 827 4390 Insuper
855 4319 1029 4376 divus
1054 4322 1304 4394 Cyrillus
1336 4325 1395 4380 in
1419 4342 1531 4382 sua
1565 4327 1641 4382 ad
1679 4329 2061 4400 Evangelium
2093 4345 2158 4383 se

2342 4328 2458 4382 Ἔτι
2500 4326 2559 4383 δε
2603 4335 2692 4382 καί
2756 4332 2782 4381 6
2839 4327 2990 4391 Θείος
3042 4330 3288 4404 Κύριλλος
3345 4330 3393 4383 εν
3451 4338 3514 4402 τῇ
3584 4338 3675 4383 τοῦ
3737 4334 3887 4383 κατὰ

503 4407 772 4464 cundum
807 4411 1026 4465 Lucam
1070 4414 1445 4471 enarratione
1488 4416 1661 4472 dicit:
1724 4418 1883 4474 Sicut
1933 4419 2155 4489 digitus

2271 4425 2478 4471 Λουκᾶν
2534 4419 2847 4489 Εὐαγγελίου
2908 4420 3155 4491 ἐξηγήσει
3201 4419 3356 4491 λέγει·
3414 4419 3613 4492 Ὥσπερ
3695 4421 3722 4471 ό
3781 4416 3886 4472 δά-

501 4496 761 4552 insertus
781 4501 1117 4568 estmanui,
1146 4517 1266 4557 non
1295 4503 1570 4561 diversus
1594 4506 1672 4563 ab
1694 4505 1815 4567 illa,
1846 4506 1950 4562 sed
1976 4507 2034 4562 in
2058 4506 2158 4564 illa

502 4585 857 4643 naturaliter
885 4589 1122 4661 exsistit,
1156 4592 1242 4647 sic
1270 4594 1519 4665 Spiritus
1558 4601 1800 4651 sanctus
1845 4596 2159 4667 conjungi-

498 4678 596 4730 tur
629 4674 763 4731 Filio
792 4680 849 4732 et
879 4678 1103 4736 ratione
1131 4682 1766 4740 consubstantialitatis
1791 4686 1989 4742 unitur
2017 4701 2157 4741 cum

501 4762 666 4829 Filio,
712 4767 983 4836 procedit
1038 4785 1177 4825 vero
1232 4786 1268 4827 a
1318 4774 1434 4827 Deo
1495 4774 1680 4827 Patre.
1741 4772 1902 4829 idem
1947 4775 2159 4829 asserit

502 4858 746 4909 sanctus
766 4856 1191 4913 Damascenus.
1219 4858 1501 4925 llicimus,
1527 4861 1740 4933 inquit.
1767 4862 2048 4932 Spiritum
2074 4864 2159 4917 Fi-

498 4940 583 5008 lii,
604 4957 729 4999 non
749 4960 886 5001 vero
911 4945 1194 5018 Spiritum
1225 4962 1297 5001 ex
1316 4946 1462 5003 Filio
1506 4951 1569 5004 Et
1591 4950 2004 5007 sanctissimus
2021 4955 2157 5008 Gre-

500 5030 704 5100 gorius
735 5034 1039 5104 Nyssenus
1068 5033 1127 5088 in
1177 5033 1331 5089 libro
1380 5050 1492 5090 suo
1521 5035 1595 5090 de
1627 5037 1976 5108 theonymia
2006 5060 2018 5094 :
2062 5042 2160 5095 Est

499 5133 623 5177 una
643 5135 901 5193 persona
930 5121 1115 5177 Patris
1133 5138 1170 5176 a
1198 5138 1321 5193 quo
1355 5122 1526 5179 Filius
1547 5130 1865 5193 generatur
1889 5133 1943 5182 et
1973 5143 2009 5182 a
2034 5143 2157 5200 quo

498 5208 750 5283 Spiritus
789 5215 1034 5273 sanctus
1065 5212 1355 5283 procedit.
1384 5216 1447 5269 Et
1473 5219 1714 5270 sanctus
1748 5215 1909 5270 Nilus
1939 5218 2000 5272 in
2046 5233 2157 5272 suo

498 5292 573 5354 de
606 5303 819 5357 sancta
863 5298 1141 5356 Trinitate
1194 5292 1510 5357 Sermone:
1560 5302 1822 5359 Ecclesia
1862 5305 2155 5362 catholica

498 5380 875 5447 docetunum
905 5391 1131 5445 Patrem
1153 5390 1256 5462 qui
1276 5392 1351 5445 sit
1377 5392 1699 5464 ingenitus,
1728 5409 1914 5453 unum
1938 5395 2153 5452 Filium

498 5475 768 5547 genitum
799 5491 838 5532 a
865 5478 1052 5544 Patre,
1086 5481 1144 5535 et
1173 5492 1364 5539 unum
1396 5480 1676 5551 Spiritum
1710 5487 1987 5541 sanctum
2012 5500 2154 5556 pro-

495 5562 812 5619 cedentem
849 5579 887 5620 a
913 5564 1042 5621 solo
1072 5568 1262 5634 Patre,
1288 5583 1412 5623 non
1442 5584 1581 5625 vero
1611 5585 1683 5625 ex
1729 5570 1893 5629 Filio.
1941 5576 2008 5629 Et
2029 5590 2154 5629 om—

494 5670 605 5735 nes
626 5664 858 5722 magna:
887 5653 1193 5711 catholicae
1227 5661 1447 5713 noetrae
1477 5657 1749 5718 Fcclesias
1787 5660 2064 5720 doctores
2101 5669 2159 5721 et

2273 3619 2325 3682 ἐξ
2381 3619 2542 3671 αὐτοῦ
2608 3618 2959 3693 ἐκπορεύεται,
3021 3624 3113 3671 καί
3196 3620 3502 3690 ὑφίσταται,
3566 3618 3721 3688 ἤγουν
3808 3622 3876 3669 τό

2273 3705 2401 3761 εἶναι
2438 3710 2573 3778 ἔχει,
2622 3713 2710 3760 καί
2754 3711 2958 3780 πλήρης
3011 3707 3149 3760 εστιν
3200 3709 3376 3760 αὑτοῦ·
3432 3707 3546 3768 ὅλος
3594 3709 3695 3779 γὰρ
3756 3705 3880 3758 ὅλον

2270 3799 2384 3867 ἔχει
2436 3800 2493 3848 τό
2544 3800 2719 3861 συνόν,
2776 3801 2867 3848 καί
2915 3794 3250 3856 ἀνεκλείπτῶς
3295 3796 3436 3865 αὐτῲ
3502 3794 3876 3867 προϐάλλεται.

3349 3889 3656 3956 γονιμότητι
3717 3892 3881 3938 τοῦτο

2267 3976 2504 4047 προάγει,
2549 3978 2638 4024 καὶ
2683 3971 3061 4044 ἀνεκφοιτήτως
3109 3972 3255 4025 ἐστίν
3302 3973 3349 4027 ἐν
3399 3973 3536 4042 αὐτῷ
3592 3975 3729 4025 κατὰ
3781 3978 3883 4044 φιλ-

2272 3887 2492 3956 Ἀπείρῳ
2567 3886 2665 3957 γὰρ
2745 3903 2848 3936 τινι
2919 3890 3006 3937 καί
3097 3881 3252 3955 ἀῑδίῳ

2269 4507 2451 4569 κτυλος
2504 4507 2800 4581 ἀπήρτηται
2838 4517 2928 4570 τῆς
2975 4513 3171 4582 χειρός.
3233 4510 3326 4561 οὐκ
3359 4508 3625 4582 ἀλλότριος
3672 4514 3741 4561 ὢν
3784 4510 3889 4561 αὖ-

2268 4604 2377 4655 τῆς.
2440 4596 2546 4647 ἀλλ’
2602 4597 2650 4648 ἐν
2701 4597 2827 4668 αὐτῇ
2888 4606 3141 4668 φυσικῶς·
3212 4599 3348 4651 οὕτω
3404 4603 3493 4650 καί
3547 4602 3605 4650 τό
3666 4604 3891 4668 Πνεῦμα

2265 4688 2320 4736 τό
2378 4685 2526 4755 ἅγιον
2582 4695 2652 4754 τῷ
2706 4694 2801 4747 τῆς
2856 4688 3265 4757 όμοουσιότητος
3312 4686 3448 4758 λόγῳ
3483 4694 3748 4745 συνῆπται
3783 4691 3889 4757 μὲν

2264 4778 2393 4845 πρὸς
2444 4776 2623 4826 ἕνωσιν
2685 4784 2755 4843 τῷ
2810 4778 2933 4844 Υἰῷ,
2992 4776 3046 4826 ἐκ
3084 4783 3175 4826 τοῦ
3235 4782 3367 4828 Θεοῦ
3425 4771 3484 4828 δε
3538 4779 3630 4827 καί
3672 4780 3892 4847 Πατρός

2266 4862 2616 4933 ἐκπορεύεται.
2665 4868 2735 4916 Τό
2784 4864 2911 4916 αὑτό
2971 4884 3099 4935 φησι
3154 4885 3242 4917 και
3271 4868 3298 4917 ό
3331 4867 3459 4937 ἰερος
3507 4870 3883 4935 Δαμασκήνος·

2268 4958 2478 5023 Πνεῦμα
2514 4955 2635 5004 Υἰου
2674 4956 2763 5024 μεν
2816 4953 3046 5025 λέγομεν,
3096 4954 3150 5007 ἐκ
3208 4962 3297 5007 τοῦ
3356 4956 3479 5007 Υἱού
3523 4950 3583 5007 δε
3614 4953 3673 5005 οὐ
3729 4952 3894 5023 λεγό-

2267 5059 2377 5112 μεν.
2437 5046 2534 5095 Καί
2586 5042 2611 5093 ό
2669 5043 2949 5115 ἱερώτατος
2996 5039 3056 5095 δε
3109 5046 3331 5105 Νύσσης
3383 5047 3669 5117 Γρηγόριος
3716 5042 3766 5095 ἐν
3797 5052 3885 5112 τῷ

2265 5134 2384 5204 περί
2420 5132 2730 5201 θεωνυμίας.
2764 5130 2785 5142 ”
2827 5138 2895 5183 Τν
2944 5133 3043 5205 γάρ
3093 5138 3372 5205 πρόσωπον
3419 5137 3509 5184 καί
3534 5136 3592 5184 τό
3624 5132 3753 5184 αὐτὸ
3783 5141 3891 5184 τοῦ

2268 5224 2489 5292 Πατρός,
2546 5219 2597 5282 ἐξ
2650 5216 2708 5271 οὗ
2758 5221 2784 5273 ό
2816 5222 2936 5280 Υἱός
2963 5227 3205 5291 γεννᾶται
3266 5227 3356 5277 καί
3402 5226 3460 5274 τό
3520 5222 3669 5291 ἃγιον
3724 5221 3889 5274 ἐκπο-

2266 5312 2471 5380 ρεύεται
2519 5316 2744 5382 Πνεῦμα.
2806 5313 2906 5362 Καί
2953 5310 3151 5381 όᾶγιος
3194 5310 3373 5374 Νεῖλος
3422 5310 3470 5363 ἰν
3510 5319 3581 5381 τῷ
3620 5316 3737 5384 περί
3788 5319 3894 5384 τῇς

2268 5396 2423 5469 ἁγίας
2477 5396 2710 5471 Τριάὸος
2751 5399 2910 5452 αὐτου
2937 5398 3092 5471 λόγῳ,
3142 5400 3199 5453 Ἠ
3249 5400 3393 5471 ἁγία,
3436 5419 3587 5473 φησι,
3621 5401 3886 5460 καθολική

2267 5486 2552 5544 Ἐκκλησία
2623 5491 2711 5540 τόν
2784 5492 2872 5560 μὲν
2922 5493 3131 5562 Πατέρα
3194 5486 3507 5563 δογματιζει
3573 5487 3883 5561 ἀγέννητον,

2264 5579 2353 5628 τόν
2384 5579 2503 5628 Υὶόν
2562 5573 2621 5629 δε
2669 5585 2910 5647 γεννητόν
2951 5579 3007 5631 ἐκ
3056 5587 3147 5631 τοῦ
3202 5582 3422 5653 Πατρός,
3471 5582 3529 5630 τό
3575 5575 3634 5631 δὲ
3663 5585 3883 5651 Πνεῦμα

2267 5669 2325 5716 τὸ
2384 5664 2532 5738 ἆγιον
2588 5666 2925 5741 ἐκποορευτὸν
2989 5666 3046 5723 ἐκ
3108 5673 3269 5740 μόνου
3324 5676 3419 5723 τοῦ
3465 5670 3693 5740 Πατρός,
3763 5668 3877 5721 ἀλλ’
