4134 6416
258 416 392 479 ιτῖ

1790 411 2164 479 APQLDGIA-

3560 414 3671 489 ινδ

276 539 418 612 οὐχὶ
558 537 617 601 ἐκ
651 546 751 593 τοῦ
779 541 927 597 tam
961 543 1064 601 Καὶ
1087 541 1274 604 πάντες
1313 536 1373 603 δί
1406 540 1458 595 οἱ
1496 546 1588 605 τῆς
1616 538 1735 592 καθ’
1766 540 1889 610 ἡμᾶς

2012 537 2284 602 magistri
2324 537 2485 601 idem
2534 538 2803 605 sentiunt
2842 542 2901 596 et
2944 537 3332 611 'anpuntiant,
3360 537 3572 601 Christi
3613 543 3672 601 et

282 628 520 701 μεγάλης
541 632 633 681 καὶ
660 629 950 691 καθολικῆς
994 629 1309 693 Ἐκκλησίας
1345 629 1632 701 ἁγιώτατοι
1676 630 1901 698 καθηγε·

285 722 447 790 μόνες
482 721 571 775 καὶ
602 714 931 775 διδάσκαλοι
959 723 1018 771 τὸ
1066 718 1193 771 αὐτὸ
1223 722 1473 795 φρονοῦσί
1510 736 1564 769 τε
1592 721 1682 769 καὶ
1711 718 1903 791 κηρύτ-

286 824 499 872 τουσιν,
546 809 608 867 ὡς
640 814 861 885 Χριστῷ
914 815 987 880 τῷ
1045 815 1160 879 Θεῷ
1216 813 1307 860 καὶ
1369 814 1480 869 τοῖς
1545 805 1707 858 αὐτοῦ
1749 805 1904 880 ἱεροῖς

285 903 576 970 προσεχῶς
618 893 917 975 ἐφεπόμενοι
965 899 1244 970 μαθηταῖς.
1288 895 1443 950 Ἀλλά
1479 899 1569 947 καὶ
1603 897 1846 967 Δάμασος
1876 894 1901 944 6

284 982 591 1061 ἀγιὼτατος
633 985 855 1047 πάππας
880 985 1099 1058 Ῥώμης,
1138 990 1268 1063 πρός
1316 984 1570 1038 Παυλῖνον
1618 983 1899 1037 ἐπίσκοπον

277 1076 522 1156 γράφων,
554 1078 710 1146 φησίν
736 1094 750 1107 ·
786 1078 848 1126 Εἰ
871 1094 948 1135 τις
989 1080 1061 1151 μὴ
1092 1079 1227 1128 εἴποι
1256 1078 1316 1127 τό
1347 1082 1557 1149 Πνεῦμα
1583 1077 1643 1129 τό
1672 1072 1818 1145 ἅγιον
1845 1070 1900 1124 ἔκ

272 1169 384 1213 τοῦ
416 1164 622 1239 Πατρός
650 1158 779 1214 εἶναι
800 1160 1002 1224 ἀληθῶς
1046 1168 1136 1217 καὶ
1155 1169 1371 1237 κυρίως,
1419 1167 1488 1226 ὡς
1536 1167 1624 1216 καὶ
1662 1165 1750 1214 τόν
1779 1163 1899 1214 Υὶόν

264 1254 375 1302 καὶ
416 1257 555 1304 Θεοῦ
587 1253 718 1305 Θεὸν
753 1256 946 1324 Λόγον,
978 1251 1209 1328 ἀνάθεμα
1234 1256 1390 1310 ἔστω,
1419 1257 1521 1309 Καὶ
1550 1254 1580 1311 ἡ
1611 1247 1808 1324 ἑϐδόμη
1839 1246 1899 1302 δὲ

261 1335 505 1399 σύνοδος
533 1344 628 1393 καὶ
668 1339 800 1400 αῦτή
835 1361 997 1413 φησιν
1017 1358 1030 1369 ·
1061 1340 1233 1414 Ἡμεῖς
1260 1349 1321 1415 τῇ
1353 1340 1559 1418 ἀρχαίᾳ
1582 1341 1898 1417 θεσμοθεσία

260 1434 377 1487 τῆς
410 1427 735 1491 Ἐκκλησίας
782 1437 878 1491 τῆς
925 1430 1204 1492 καθολικῆς
1248 1429 1711 1501 ἑπακολουθοῦμεν,
1744 1430 1896 1502 ἡμεῖς

260 1521 405 1580 τοὺς
430 1519 660 1593 θεσμοὺς
683 1527 784 1571 τῶν
809 1518 1112 1572 ἀποστόλων
1143 1524 1232 1573 καὶ
1272 1525 1513 1595 Πατέρων
1552 1519 1892 1593 φυλάττομεν,

257 1608 429 1681 ἡμεῖς
466 1610 594 1669 τοὺς
631 1609 1010 1685 προστιθέντας
1036 1608 1065 1669 ᾖ
1110 1607 1453 1683 ἀφαιροῦντάς
1480 1629 1531 1660 τι
1560 1606 1614 1660 ἐκ
1646 1615 1740 1670 τῆς
1772 1607 1893 1660 Ἐκ-

251 1695 504 1761 κλησίας
549 1695 1020 1771 ἀναθεματίζομεν.
1056 1698 1288 1760 Ἀκούεις
1330 1701 1425 1759 τὰς
1469 1697 1755 1771 ἀποφάσεις
1795 1705 1894 1748 τῶν

256 1785 440 1856 ἁγίων
479 1789 575 1837 καὶ
606 1794 709 1837 τῶν
742 1783 1000 1853 συνόδων,
1032 1791 1082 1841 τί
1120 1785 1510 1859 ἀποφαίνονται,
1540 1786 1620 1838 ὅτι
1650 1784 1708 1838 ἐκ
1734 1788 1895 1859 μόνης

2010 624 2449 698 discipulorum
2503 642 2752 685 suorum
2813 628 2948 699 jure
2995 626 3247 696 vestigia
3301 633 3665 701 prementes.

2013 714 2178 783 Quod
2198 720 2256 770 et
2270 715 2397 787 ipse
2414 718 2706 771 Damasus
2723 716 3139 772 sanctissimus
3155 731 3320 788 papa
3336 718 3664 783 Romanus,

2011 802 2268 875 epistola
2289 803 2367 860 ad
2393 804 2711 860 Paulinum
2734 805 3087 881 episcopum
3109 804 3250 861 dicit
3272 821 3284 859 :
3312 805 3366 859 Si
3388 805 3525 877 quis
3544 819 3665 860 non

2012 896 2245 949 asserat
2277 893 2559 967 Spiritum
2600 900 2875 950 sanctum
2898 909 2934 950 a
2966 896 3154 962 Patre,
3177 893 3328 948 sicut
3358 892 3534 948 Filius
3568 893 3668 948 Dei

2010 986 2067 1037 et
2097 982 2351 1038 Verbum
2385 985 2558 1054 Deus,
2589 1000 2739 1050 esse,
2771 983 2845 1039 sit
2864 984 3207 1040 anathema.
3243 981 3506 1055 Denique
3534 982 3667 1053 ipsa

2010 1069 2281 1145 synodus
2315 1072 2574 1146 septima
2602 1073 2763 1128 idem
2791 1072 3007 1129 asserit
3029 1072 3236 1129 dicens
3263 1088 3276 1127 :
3297 1074 3412 1128 Nos
3429 1070 3667 1126 decreta

2007 1159 2418 1230 apostolorum
2452 1166 2505 1217 et
2536 1164 2776 1218 Patrum
2808 1160 3223 1229 observantes,
3254 1175 3368 1216 nos
3404 1158 3666 1231 antiquis

2006 1247 2242 1318 legibus
2271 1250 2543 1305 Ecclesim
2575 1252 2882 1308 catholicae
2908 1250 3272 1322 insistentes,
3297 1264 3409 1306 nos
3437 1248 3664 1304 adden-

2008 1342 2094 1393 tes
2125 1338 2374 1411 aliquid,
2410 1346 2513 1397 aut
2539 1341 2826 1413 tollentes,
2852 1358 2924 1400 ex
2966 1340 3227 1405 Ecclesia
3256 1353 3660 1405 removemus,

2006 1432 2061 1480 et
2093 1427 2496 1485 anathematis
2526 1428 2765 1484 vinculo
2794 1427 3384 1484 innodamus.Audis
3401 1425 3665 1481 declara-

2006 1514 2195 1570 tiones
2227 1518 2595 1581 sanctorum,
2629 1525 2685 1574 et
2722 1516 3121 1589 synodorum,
3154 1516 3302 1588 quid
3359 1513 3666 1571 declarent

2003 1609 2063 1659 et
2093 1610 2380 1667 asserant,
2415 1622 2488 1661 ex
2519 1605 2648 1661 sola
2694 1606 2978 1663 nimirum
3010 1620 3271 1678 persona
3302 1603 3484 1660 Patris
3514 1602 3663 1659 divi-

2004 1709 2150 1748 num
2198 1695 2481 1769 Spiritum
2532 1696 2875 1751 immediate
2924 1694 3268 1768 procedere,
3313 1708 3419 1765 per
3449 1692 3660 1748 Filium

2003 1800 2165 1855 vero,
2195 1783 2580 1857 eﬂ‘ulgentem
2610 1791 2668 1841 et
2709 1785 3159 1859 suppeditatum
3202 1783 3339 1840 ﬁliis
3388 1782 3660 1854 adoptio-

261 1881 376 1937 τῆς
407 1881 671 1946 πατρικῆς
700 1875 1043 1937 ὑποστάσεως
1074 1874 1275 1949 ἀμέσως
1304 1877 1362 1928 τό
1404 1878 1534 1929 θεῖον
1564 1873 1889 1948 ἐκπορεύεται

2004 1872 2119 1942 nis,
2146 1879 2392 1946 propter
2420 1875 2906 1946 conjunctionem
2947 1873 3218 1929 essentiae
3265 1877 3323 1928 et
3369 1873 3656 1927 unitatem

270 1968 515 2035 Πνεῦμα,
550 1958 628 2015 δι’
655 1962 783 2016 Υἰοῦ
825 1960 884 2016 δὲ
922 1971 1030 2026 τοῖς
1075 1965 1480 2037 υἱοθετουμένοις
1518 1962 1777 2037 ἐκλάμπον
1805 1974 1896 2022 καὶ

264 2054 678 2131 χορηγούμενον
721 2048 815 2105 διά
862 2072 917 2105 τε
956 2055 1014 2105 τό
1065 2056 1287 2126 συναφὲς
1323 2062 1415 2115 τῆς
1458 2052 1643 2114 οὐσίας
1680 2057 1770 2105 καὶ
1800 2056 1893 2109 τὴν

267 2138 621 2217 ὁμοϐουλίαν.
646 2145 751 2193 Καὶ
781 2142 808 2192 6
840 2142 972 2202 θεῖος
991 2137 1050 2194 δὲ
1077 2146 1167 2194 καὶ
1193 2146 1357 2213 μέγας
1379 2140 1669 2203 ἀπόστολος
1695 2139 1896 2200 Παῦλος

271 2235 353 2298 τῷ
376 2227 666 2302 ἀναθέματι
680 2235 1042 2309 παραπέμπων
1068 2235 1303 2304 φαίνεται
1330 2234 1454 2292 τοὺς
1476 2231 1813 2307 προστιθέναι
1842 2239 1894 2280 τι

275 2314 646 2391 τολμήσαντας
671 2325 784 2378 τοῖς
831 2325 927 2381 τῆς
956 2322 1184 2381 πίστεως
1224 2316 1481 2392 δόγμασι,
1514 2317 1636 2394 παρ’
1667 2318 1692 2370 6
1730 2320 1890 2391 παρέ-

273 2402 437 2456 λαϐον
467 2404 522 2468 ἐξ
551 2405 717 2459 αὑτοῦ
737 2414 939 2479 πρῶτον
965 2414 1202 2489 Χριστοῦ
1240 2415 1333 2460 τοῦ
1361 2415 1494 2461 Θεοῦ
1523 2409 1553 2465 ἡ
1562 2415 1691 2481 μῶν,
1715 2409 1893 2460 ἔπειτα

279 2491 339 2545 ἐκ
375 2494 557 2547 τοῦτον
581 2514 638 2555 τε
675 2501 763 2547 καὶ
806 2503 916 2559 τοῖς
952 2496 1157 2560 λοιποῖς
1186 2496 1492 2560 ἀποστόλοις
1516 2506 1603 2550 και
1626 2494 1722 2550 διδ
1726 2499 1891 2549 ασκά-

276 2582 421 2645 λοις.
470 2590 651 2638 Καὶτοι
678 2605 738 2659 γε
767 2586 919 2640 αὐτοί
960 2586 1075 2661 ἐστε
1123 2589 1268 2660 ὑμεῖς
1299 2590 1348 2640 οἱ
1385 2589 1768 2664 προστιθέντες,
1799 2591 1888 2640 καὶ

275 2675 591 2747 προσθήκην
646 2674 971 2748 ἐσφαλμένην
1022 2678 1153 2753 ἄγαν
1208 2696 1262 2730 τε
1325 2681 1416 2728 καὶ
1478 2679 1745 2753 αἰρετικὴν
1796 2680 1887 2729 καὶ

273 2760 534 2817 ἀντίθεον.
594 2768 680 2822 Μὴ
738 2772 911 2817 τοῖνυν
974 2773 1065 2817 τοῦ
1116 2764 1299 2817 λοιποῦ
1362 2764 1575 2838 ἀμαθῶς
1621 2764 1888 2838 τολμήσῃς

277 2855 618 2924 σοφίζεσθαι,
650 2859 739 2906 καὶ
774 2851 1120 2927 ψευδοδοξεῖν
1164 2853 1237 2927 ἐφ’
1264 2854 1358 2929 ὕλῃ
1405 2859 1491 2906 καί
1533 2855 1793 2916 ὑποθέσει,
1829 2854 1886 2914 ἧς

283 2941 316 2995 ἡ
353 2938 573 2997 ἀλήθεια
628 2944 747 3014 ἡμῖν
802 2942 1052 3016 ἐκλάμπει
1092 2947 1161 3005 ὡς
1207 2947 1366 3017 μέγας
1408 2943 1549 3004 ἥλιος
1595 2942 1682 2995 ἀπ’
1716 2942 1885 2995 αὐτῶν

283 3035 495 3102 πρῶτον
531 3038 629 3081 τῶν
674 3032 810 3083 θείων
832 3032 1082 3111 ῥημάτων
1126 3040 1218 3084 τοῦ
1270 3037 1463 3105 Κυρίου
1494 3034 1523 3090 ἡ
1532 3041 1639 3106 μῶν
1666 3038 1755 3084 καὶ
1785 3041 1884 3084 τῶν

282 3118 451 3191 ἁγίων
507 3119 821 3188 ἀποστόλων,
867 3127 959 3175 καὶ
1002 3130 1172 3195 σοφῶν
1227 3123 1496 3194 θεολόγων,
1539 3121 1587 3175 οἳ
1636 3127 1885 3194 γεγόνασι

276 3217 556 3284 φωστῆρες
579 3208 629 3262 ἐν
651 3216 855 3284 κόσμῳ,
886 3211 1038 3282 λόγον
1066 3213 1172 3272 ζωῆ
1187 3233 1207 3274 ς
1232 3211 1527 3283 ἐπέχοντες.

347 3303 454 3349 Καὶ
511 3305 684 3350 ταῦτα
742 3302 833 3371 μὲν
892 3297 1333 3372 ἀπελογησάμεθά
1391 3318 1477 3351 σοι
1528 3303 1657 3372 πρός
1721 3319 1776 3352 τε
1826 3302 1886 3351 τό

272 3389 485 3458 πρῶτόν
514 3405 611 3438 σου
652 3387 871 3459 ζήτημα
898 3392 989 3440 καὶ
1018 3392 1076 3441 τὸ
1117 3385 1372 3461 δεύτερον.

349 3473 419 3543 γ’.
462 3478 598 3548 Πρός
628 3472 691 3528 δε
727 3479 787 3529 τό
824 3481 997 3551 τρίτον
1030 3495 1127 3530 σου
1167 3477 1402 3548 ζήτημα,
1448 3475 1498 3530 ἓν
1602 3476 1767 3548 λέγεις
1804 3479 1887 3530 ὅτι

272 3560 327 3613 ἓν
349 3562 537 3636 ἀζύμῳ
574 3568 635 3616 τό
664 3573 819 3637 σῶμα
846 3573 940 3618 τοῦ
971 3574 1205 3640 Χριστοῦ
1244 3566 1546 3629 τελειοῦται,
1591 3565 1766 3641 πόρρω
1790 3575 1885 3626 τῆς

270 3649 523 3715 ἀληθείας
547 3656 681 3726 ἄγαν
709 3659 802 3707 καὶ
841 3663 995 3707 τοῦτο
1032 3657 1374 3713 καθέστηκεν.
1427 3655 1538 3707 Οὐκ
1585 3652 1737 3717 οἶδας
1782 3658 1882 3727 γὰρ

276 3742 361 3797 ὅτι
388 3745 447 3792 τό
478 3746 614 3816 ἱερὸν
645 3743 978 3815 Εὐαγγέλιον,
1011 3746 1133 3799 ἔνθα
1152 3742 1212 3803 ἦν
1242 3745 1443 3817 ἄζυμα,
1477 3746 1721 3817 καθαρῶς
1751 3746 1885 3797 αὑτά

278 3830 468 3902 ἄζυμα
510 3830 838 3904 ἐπονομάζει,
880 3832 1003 3889 ἔνθα
1050 3830 1109 3886 δὲ
1143 3830 1203 3893 ἦν
1243 3835 1414 3908 ἄρτος,
1457 3838 1619 3904 ἤγουν
1665 3837 1882 3906 ἕνζυμον

278 3922 521 3993 φύραμα,
546 3920 778 3993 ἐμφανῶς
807 3924 965 3998 ἄρτον
1005 3928 1156 3996 φησί.
1189 3928 1276 3977 Διό
1318 3928 1408 3976 καὶ
1443 3923 1669 3995 λέγεται,
1700 3923 1796 3979 Ἦν
1824 3921 1883 3977 δὲ

273 4012 341 4061 τὸ
374 4010 570 4081 Πάσχα
592 4016 684 4065 καὶ
721 4015 789 4067 τὰ
836 4012 1038 4085 ἄζυμα,
1073 4017 1143 4065 Τό
1180 4015 1282 4087 γὰρ
1330 4020 1621 4071 τηνικαῦτα
1658 4015 1878 4083 Πάσχα,

269 4100 362 4155 ὅτε
392 4101 519 4152 αὐτὸ
545 4104 595 4154 οἱ
626 4098 879 4155 Ἰουδαῖοι
908 4100 1128 4167 ἐτέλουν,
1168 4105 1195 4154 6
1226 4106 1459 4176 Χριστός
1500 4101 1784 4175 ἀπῃὼρητο
1812 4111 1882 4173 τῷ

264 4197 488 4264 σταυρῷ
512 4211 526 4222 ·
560 4196 651 4243 καὶ
690 4194 841 4255 σύνες
878 4194 938 4244 τὸ
985 4191 1131 4262 λέγον
1173 4192 1500 4263 εὐαγγελικόν
1551 4193 1730 4266 ῥητόν,
1782 4197 1883 4247 Καὶ

258 4278 424 4335 αὐτοὶ
450 4278 552 4333 οὐκ
577 4279 818 4339 εἰσῆλθον
857 4280 926 4341 εἰς
954 4284 1013 4333 τό
1053 4287 1391 4355 πραιτώριον,
1434 4283 1517 4334 ἶνα
1553 4286 1625 4354 μὴ
1653 4283 1878 4352 μιανθῶ-

262 4386 373 4423 σιν,
409 4366 523 4419 ἀλλ’
556 4369 640 4421 ἶνα
665 4371 876 4441 φάγωσι
901 4373 958 4422 τό
986 4372 1207 4441 Πάσχα.
1243 4375 1345 4424 Καὶ
1386 4374 1445 4423 τὸ
1471 4372 1561 4444 μὲν
1602 4374 1802 4441 Πάσχα
1832 4370 1882 4422 οἱ

262 4453 532 4513 Ἰουδαῖοι
562 4454 892 4530 ὀρθοστάδην
933 4458 1122 4511 ἐσθίειν
1146 4461 1569 4531 νενομοθέτηνται
1594 4481 1606 4494 ·
1640 4461 1665 4511 ό
1698 4456 1756 4513 δε
1780 4463 1880 4512 Κύ-

269 4564 386 4617 ριος
407 4546 682 4618 προλαϐὼν
699 4546 747 4603 ἓν
768 4556 841 4618 τῇ»
856 4556 1099 4619 μυστικῷ
1121 4544 1316 4619 δείπνῳ
1332 4552 1392 4600 τό
1417 4547 1658 4606 ἀληθινόν
1682 4550 1882 4620 Πάσχα
1914 4576 1956 4630 Ι)

271 4642 389 4695 τοῖς
415 4638 676 4705 μαθηταῖς
695 4646 1058 4709 μυσταγωγῶν
1082 4642 1173 4688 καὶ
1196 4633 1528 4712 παραδιδοὺς
1554 4637 1881 4710 ἀνακείμενος

275 4722 391 4794 μετ’
422 4724 584 4776 αὐτῶν
611 4727 770 4797 ἔσθιε,
803 4728 977 4787 καθὼς
1005 4730 1065 4778 τό
1098 4729 1229 4799 ἱερόν
1261 4724 1507 4789 διέξεισιν
1547 4727 1878 4798 Εὗαγγέλιον.

277 4811 475 4881 Ὀψίας
522 4810 583 4866 δὲ
648 4820 926 4888 γενομένης
990 4815 1214 4869 ἀνέκειτο
1279 4820 1411 4888 μετά
1462 4825 1561 4869 τῶν
1630 4812 1878 4871 δώδεκα·

271 4899 555 4957 ἐσθιόντων
592 4900 653 4957 δὲ
690 4903 881 4972 αὐτῶν,
909 4903 1079 4957 λαϐὼν
1111 4906 1136 4957 6
1165 4905 1372 4967 Ἰησοῦς
1398 4907 1577 4977 ἄρτον,
1607 4910 1698 4958 καὶ
1737 4905 1881 4958 εὐλο-

261 4995 447 5063 γήσας
486 4991 673 5045 ἕκλασε
724 4998 815 5049 καὶ
865 4990 1052 5047 ἐδίδου
1099 5002 1209 5057 τοῖς
1249 4995 1526 5066 μαθηταῖς.
1581 4999 1683 5055 Καὶ
1722 4990 1881 5053 δῆλον

257 5080 499 5141 ἐντεῦθεν
526 5083 609 5135 ὅτι
634 5085 695 5136 τὸ
717 5078 1011 5137 Ἰουδαϊκόν
1040 5082 1135 5137 οὐκ
1165 5080 1227 5147 ἧν
1258 5086 1478 5156 Πάσχα,
1512 5085 1632 5137 ἔνθα
1660 5080 1795 5156 ᾖσαν
1816 5086 1882 5137 τὰ

257 5171 472 5244 ἄζυμα,
496 5169 630 5226 ἀλλά
650 5174 709 5227 τὸ
735 5176 994 5244 μυστικόν
1015 5177 1106 5226 καὶ
1128 5172 1390 5233 ἀληθινόν.
1417 5195 1439 5223 ε
1470 5172 1757 5245 Ἐπιθυμίᾳ
1778 5176 1878 5247 γὰρ

254 5259 598 5334 ὶπεθῦμησα,
629 5283 652 5311 ι
676 5265 859 5334 φησὶν,
880 5284 902 5313 ‹
928 5268 1082 5315 τοῦτο
1102 5264 1161 5315 τὸ
1184 5263 1387 5333 Πάσχα
1407 5268 1585 5333 φαγεῖν
1607 5263 1717 5334 μεθ’
1737 5263 1880 5335 ὑμῶν

248 5353 365 5423 πρὸ
395 5357 490 5404 τοῦ
517 5369 583 5423 με
600 5347 807 5416 παθεῖν,
827 5370 856 5400 ››
872 5346 1147 5414 δεικτικῶς
1167 5358 1321 5404 τοῦτο
1350 5349 1776 5423 ἀποφαινόμενος.
1792 5353 1878 5413 Διό

260 5442 423 5515 ἄρτος
445 5439 495 5494 ἄν
517 5438 741 5513 ἀληθείᾳ
763 5437 849 5508 ἧν,
875 5443 1037 5512 ἤγουν
1062 5440 1280 5512 ἔνζυμον
1307 5443 1539 5514 φύραμα,
1568 5440 1662 5493 κᾶν
1685 5445 1880 5516 μυρίας

262 5529 432 5609 λόγων
458 5534 693 5607 ματαίας
725 5533 1023 5606 συμφέρητε
1059 5529 1372 5600 λεσχηνείας
1401 5534 1491 5582 καὶ
1521 5529 1795 5604 φλυαρίας.

2005 1961 2355 2019 voluntatis.
2390 1966 2457 2020 Et
2501 1963 2679 2019 divus
2711 1979 2970 2035 magnus
2996 1961 3304 2039 apostolus
3330 1960 3554 2016 Paulus
3576 1958 3661 2015 vi-

2003 2050 2241 2107 debitur
2266 2052 2635 2109 anathemati
2673 2053 2907 2109 tradere
2936 2068 3043 2107 eos
3073 2051 3179 2125 qui
3206 2065 3278 2107 eo
3309 2046 3655 2105 temeritatis

2004 2140 2400 2214 abripiuntur,
2435 2148 2498 2198 ut
2545 2142 2774 2216 aliquid
2804 2142 3034 2198 addant
3087 2139 3227 2196 ﬁdei
3265 2136 3657 2208 dogmatibus

2002 2246 2139 2303 quae
2171 2230 2366 2307 primo
2397 2236 2643 2304 accepta
2672 2237 2807 2288 sunt
2848 2238 2906 2287 et
2942 2231 3159 2288 tradita
3197 2244 3233 2285 a
3281 2228 3508 2284 Christo
3538 2229 3655 2281 Deo

2001 2325 2227 2389 nostro,
2251 2327 2308 2375 et
2336 2327 2548 2395 postea
2592 2321 2670 2377 ab
2722 2319 2822 2376 illo
2875 2324 2933 2376 et
2978 2319 3207 2375 caeteris
3263 2313 3551 2391 apostolis
3600 2318 3658 2369 et

2000 2407 2372 2467 doctoribus.
2400 2410 2520 2465 Vos
2544 2426 2687 2467 vero
2716 2409 2833 2483 ipsi
2862 2409 3005 2465 estis
3032 2408 3135 2481 qui
3163 2406 3400 2477 additis,
3430 2409 3487 2460 et
3519 2402 3657 2476 qui-

1999 2495 2138 2553 dem
2193 2497 2563 2554 additionem
2616 2499 3003 2556 vehementer
3053 2511 3387 2567 erroneam,
3420 2492 3655 2551 haereti-

1999 2601 2134 2641 cam
2168 2630 2183 2656 ,
2240 2591 2298 2642 et
2354 2589 2471 2643 Deo
2525 2588 2906 2644 contrariam.
2963 2590 3043 2644 Ne
3081 2600 3224 2657 ergo
3279 2585 3654 2657 inposterum

1996 2674 2223 2731 audeas
2253 2677 2645 2748 sophisticum
2667 2692 2863 2749 agere,
2879 2682 2937 2732 et
2954 2675 3104 2732 falsa
3124 2675 3415 2743 dogmata
3435 2670 3654 2728 cudere

1995 2763 2055 2818 in
2089 2766 2338 2822 materia
2374 2771 2431 2821 et
2458 2765 2797 2839 hypothesi,
2827 2766 2999 2837 cujus
3021 2765 3239 2820 veritas
3264 2779 3377 2818 nos
3398 2760 3654 2817 illustrat

1996 2853 2148 2909 sicut
2200 2854 2289 2909 sol
2342 2870 2623 2926 magnus,
2667 2872 2805 2930 quae
2860 2854 3066 2910 lumen
3120 2869 3296 2909 suum
3342 2853 3653 2907 mutuatur

1994 2943 2191 3014 primo
2218 2960 2253 2998 a
2279 2945 2473 2999 verbis
2507 2944 2651 3019 ipsis
2679 2944 2915 3003 Domini
2944 2943 3150 3012 nostri,
3173 2941 3391 2998 deinde
3422 2956 3491 2995 ex
3520 2954 3649 2994 ver-

1992 3032 2086 3087 bis
2113 3038 2455 3089 sanctorum
2501 3034 2931 3108 apostolorum,
2985 3039 3041 3089 et
3089 3032 3506 3102 theologorum
3554 3046 3646 3085 sa-

1994 3120 2233 3176 niorum
2265 3128 2321 3177 et
2363 3123 2817 3192 sapientiorum,
2849 3123 2953 3197 qui
2981 3128 3044 3178 ut
3073 3122 3271 3177 sidera
3311 3121 3371 3178 in
3415 3119 3646 3175 mundo

1916 3227 1957 3283 C
1994 3209 2327 3281 radiarunt,
2353 3219 2658 3267 servantes
2689 3212 2942 3268 verbum
2964 3212 3119 3267 vitm.

2068 3301 2133 3354 Et
2173 3299 2302 3354 haec
2333 3307 2471 3356 sunt
2500 3301 2774 3357 vindiciae
2814 3306 3033 3357 nostras
3063 3299 3142 3357 ad
3165 3301 3426 3373 primam
3464 3303 3521 3355 et
3558 3313 3648 3354 se-

1994 3387 2260 3443 cundam
2287 3394 2449 3445 tuam
2482 3390 2899 3462 quaestionem.

2065 3481 2117 3532 3.
2136 3477 2493 3534 Accedimus
2514 3496 2656 3535 vero
2677 3480 2754 3536 ad
2780 3480 3020 3536 tertium
3044 3479 3368 3553 quaesitum
3387 3482 3554 3535 tuum
3587 3476 3646 3531 in

1993 3580 2118 3635 quo
2149 3566 2296 3621 dicis
2325 3568 2490 3639 quod
2522 3585 2743 3640 corpus
2768 3568 2975 3625 Christi
2994 3568 3310 3623 conﬁcitur
3329 3567 3385 3621 in
3411 3582 3646 3637 azymo.

1992 3655 2157 3727 quod
2182 3660 2336 3712 certe
2367 3672 2403 3712 a
2435 3658 2672 3714 veritate
2703 3666 2825 3715 tam
2852 3664 2942 3717 est
2968 3658 3236 3715 alienum
3270 3673 3456 3729 quam
3481 3654 3650 3727 quod

1994 3745 2281 3801 maxime.
2314 3746 2513 3802 Nescis
2541 3748 2700 3805 enim
2732 3747 2900 3820 quod
2931 3751 3211 3805 sanctum
3232 3743 3646 3814 ‘Evangelium,

1996 3832 2097 3888 ubi
2126 3849 2480 3905 azymorum
2497 3837 2753 3893 occurrit
2776 3837 3002 3901 mentio
3024 3835 3319 3907 facienda,
3343 3851 3414 3895 ea
3434 3849 3650 3907 azyma

1993 3920 2147 3983 clare
2173 3928 2231 3979 et
2255 3923 2513 3980 rotunde
2553 3927 2922 3996 pronuntiat.
2958 3925 3066 3982 Ubi
3097 3941 3238 3981 vero
3268 3929 3358 3981 est
3384 3923 3561 3999 panis
3593 3927 3650 3977 et

1988 4008 2346 4075 fermentata
2376 4028 2604 4083 massa,
2651 4013 2967 4075 manifeste
2998 4029 3221 4085 panem
3272 4016 3568 4071 memorat
3591 4015 3649 4071 et

1990 4101 2178 4157 notat.
2238 4099 2381 4156 Ideo
2428 4100 2667 4161 dicitur.
2710 4105 2846 4158 Erat
2897 4102 3129 4161 Pascha
3183 4108 3241 4158 et
3296 4099 3647 4159 solemnitas

1991 4202 2370 4258 azymorum.
2417 4192 2498 4246 Eo
2555 4206 2692 4247 vero
2722 4207 2847 4264 quo
2896 4190 3084 4252 Judaei
3116 4190 3345 4249 Pascha
3387 4187 3648 4261 celebra-

1988 4274 2139 4333 bant
2169 4281 2458 4349 tempore,
2492 4279 2756 4335 Christus
2787 4281 2845 4336 in
2879 4295 3118 4336 crucem
3139 4285 3349 4352 raptus
3375 4283 3431 4332 et
3457 4277 3646 4333 elatus

1991 4363 2119 4434 fuit,
2178 4372 2236 4420 et
2287 4367 2827 4425 animadvertenda
2868 4375 3008 4427 sunt
3037 4368 3224 4425 verba
3276 4366 3643 4435 evangelica.

1991 4451 2078 4507 illi
2107 4469 2229 4509 non
2262 4455 2514 4525 ingressi
2544 4462 2684 4514 sunt
2713 4459 3079 4530 praetorium,
3111 4474 3185 4514 ne
3217 4457 3644 4530 polluerentur,

1990 4541 2096 4601 sed
2126 4545 2511 4601 comederent
2537 4547 2759 4605 Pascha
2786 4566 2798 4615 ;
2831 4553 2889 4603 et
2913 4547 3133 4605 Iudaeis
3169 4546 3264 4602 lex
3296 4549 3421 4603 erat
3450 4542 3646 4617 posita

1988 4645 2112 4703 Qua
2140 4637 2363 4689 stantes
2391 4633 2608 4693 festum
2642 4636 2946 4693 Paschatis
2974 4635 3279 4695 debebant
3308 4633 3636 4690 celebrare.

1991 4717 2281 4781 Dominus
2308 4737 2452 4777 vero
2482 4728 2884 4790 antevertens,
2917 4729 2973 4780 et
2995 4723 3172 4795 quasi
3199 4722 3554 4795 anticipans,
3586 4717 3646 4774 in

1990 4809 2247 4877 mystica
2280 4825 2472 4878 coena,
2495 4827 2704 4867 verum
2734 4812 2965 4871 Pascha
2996 4813 3245 4885 mystice
3267 4825 3563 4883 peragens
3590 4813 3647 4863 et

1991 4898 2236 4954 tradens
2264 4899 2576 4971 discipulis
2601 4917 2739 4961 cum
2766 4901 2878 4958 illis
2904 4918 3129 4959 mensae
3159 4901 3513 4965 accumbens
3538 4912 3643 4960 cp:

1991 4987 2198 5054 medit,
2228 4988 2383 5045 sicut
2418 4989 2532 5046 hoc
2588 4990 2853 5049 declarat
2907 4996 3181 5047 sanctum
3232 4984 3641 5057 Evangelium.

1989 5077 2336 5149 Vespertino
2417 5083 2689 5151 tempore
2760 5079 3041 5141 accubuit
3116 5094 3257 5135 cum
3321 5076 3642 5133 duodecim

1989 5165 2456 5239 ApOSthlSleS
2486 5183 2628 5224 vero
2657 5167 3141 5231 comedentibus,
3169 5182 3306 5223 cum
3336 5168 3508 5223 Jesus
3538 5181 3641 5237 pa-

1988 5270 2128 5313 nem
2159 5257 2505 5328 accepisset,
2536 5256 2701 5313 illum
2733 5255 3060 5323 benedixit,
3089 5261 3143 5312 et
3171 5254 3360 5325 fregit,
3392 5259 3446 5313 et
3479 5254 3645 5312 dedit

1989 5341 2321 5416 discipulis,
2365 5345 2504 5409 hinc
2559 5344 2873 5407 manifeste
2910 5343 3256 5415 ostendens,
3303 5344 3467 5418 quod
3518 5359 3641 5421 non

1989 5437 2116 5493 erat
2159 5433 2474 5501 Iudaicum
2520 5434 2762 5502 Pascha,
2818 5433 2880 5488 in
2937 5448 3058 5507 quo
3109 5449 3327 5505 azyma
3367 5432 3644 5491 solebant

1986 5522 2289 5594 usurpari,
2319 5522 2425 5578 sed
2454 5538 2665 5578 verum
2696 5527 2753 5578 et
2776 5522 3101 5593 mysticum
3130 5523 3377 5579 Pascha.
3415 5546 3436 5573 ι
3473 5523 3641 5578 Desi-

1984 5610 2172 5681 derio,
2200 5612 2415 5684 inquit,
2455 5611 2797 5669 desideravi
2834 5612 3151 5669 comedere
3179 5613 3496 5671 vobiscum
3524 5614 3642 5669 hoc

1980 5696 2213 5791 Pascha
2239 5704 2568 5793 antequam
2592 5701 2790 5796 patiar
2810 5703 2853 5798 εδ
2890 5723 2912 5775 ν
2944 5701 3063 5783 hac
3090 5703 3298 5793 issem
3323 5701 3639 5787 manifeste
