4134 6424
495 422 604 482 479

1686 403 2039 466 MANUELIS
2077 401 2300 464 MAGN!
2333 402 2682 466 RHETORIS

3773 416 3900 474 480

493 550 553 605 et
570 540 1041 604 demonstrative
1083 537 1424 597 declarans.
1465 535 1602 593 Ideo
1640 537 1876 592 constat
1924 549 2065 591 vere
2119 547 2347 607 panem
2404 531 2608 606 fuisse,
2651 547 2760 591 seu
2811 549 3083 597 massam
3135 539 3430 600 fermento
3475 541 3894 612 maceratam,

493 635 725 695 etiamsi
771 636 984 691 contra
1034 629 1389 688 innumeras
1433 624 1774 697 congeratis
1826 623 2153 680 verborum
2181 622 2464 696 ineptias,
2494 637 2694 694 nugas
2721 628 2780 682 et
2798 624 3126 688 fuﬁlitates.

567 765 685 819 4-5.
717 757 899 826 Quod
910 755 991 813 ad
1021 755 1223 828 ignem
1249 751 1688 827 purgatorium,
1713 747 1916 806 nullus
1933 747 2154 804 exsistit

2341 744 2478 804 δ’-ε’.
2510 747 2626 801 Ἔτι
2662 751 3014 828 καθαρτήριον
3053 761 3156 830 πῦρ
3185 751 3448 817 οὐδ’ὄλως
3485 755 3723 830 ὑπάρχει
3745 755 3902 827 μετὰ

496 852 638 926 post
665 850 944 914 mortem,
997 859 1105 899 seu
1155 842 1296 900 hinc
1339 840 1763 911 migrationem
1800 841 1858 894 et
1907 837 2156 893 exitum.

498 924 600 996 Est
654 936 881 1010 quippe
929 932 1084 989 fetus
1141 931 1439 988 haereseos
1479 926 1874 998 Origenianae,
1900 924 2158 998 ideoque

497 1025 671 1084 illum
724 1029 789 1080 ut
843 1021 1274 1094 blasphemum
1330 1015 1519 1088 rejicit
1564 1021 1622 1072 et
1659 1014 1880 1070 divinae
1924 1012 2158 1069 veritati

498 1114 867 1173 contrarium
907 1110 1170 1168 Ecclesia
1214 1111 1423 1165 nostra
1470 1109 1680 1162 sancta
1707 1108 1767 1161 et
1793 1103 2155 1169 orthodoxa,

500 1210 559 1262 et
597 1220 702 1261 eos
729 1203 836 1276 qui
872 1201 1050 1258 istam
1089 1198 1448 1255 sententiam
1487 1199 1730 1252 tuentur
1753 1194 1887 1266 jure
1916 1192 2157 1248 anathe-

499 1295 646 1352 mati
675 1291 1051 1363 subjicimus.
1085 1310 1112 1338 ‹‹
1147 1291 1210 1344 In
1232 1285 1438 1343 inferis
1467 1287 1694 1359 quippe
1720 1283 1858 1357 quis
1887 1281 1994 1338 tibi
2020 1296 2158 1337 con-

499 1381 812 1439 ﬁtebitur?
845 1400 869 1431 ι
901 1378 1097 1451 inquit
1117 1374 1627 1448 Psalmographus
1646 1375 1691 1438 ⁵,
1721 1371 1783 1428 id
1803 1375 1908 1443 est,
1933 1369 2157 1427 nullus.

498 1471 878 1528 Tentationes
927 1482 1071 1524 vero
1108 1466 1182 1522 iis
1239 1465 1344 1538 qui
1379 1463 1662 1536 prmsenti
1711 1461 1835 1517 vita
1880 1460 2160 1516 fruuntur

496 1561 692 1617 illatas
722 1574 760 1615 a
812 1561 932 1615 Deo
971 1560 1215 1630 propter
1269 1554 1556 1627 quaedam
1613 1554 1878 1624 peccata,
1907 1554 1961 1606 et
2017 1564 2158 1604 cum

496 1647 789 1723 patientia
817 1646 1121 1714 toleratas,
1169 1648 1226 1700 et
1276 1643 1355 1699 ad
1406 1642 1595 1698 Deum
1647 1657 1784 1696 cum
1826 1639 2158 1708 gratiarum

497 1737 733 1795 actione
763 1735 1005 1804 relatas,
1038 1749 1142 1789 eas
1171 1731 1431 1788 dicimus
1470 1745 1600 1786 esse
1641 1729 1903 1801 speciem
1946 1743 2159 1799 quam-

497 1827 644 1882 dam
675 1824 832 1896 ignis
871 1821 1236 1896 purgatorii;
1270 1819 1627 1892 probatione
1657 1817 1885 1890 quippe
1907 1816 2158 1872 istarum

497 1913 898 1970 tentationum
911 1910 990 1966 ad
1011 1909 1465 1966 instructionem
1488 1907 1545 1962 in
1556 1907 1850 1962 flictarum
1869 1905 2158 1974 contingit

2271 839 2490 892 θάνατον
2545 843 2636 892 καὶ
2693 845 2788 900 τὴν
2827 841 3000 898 ένθέδε
3067 844 3370 919 ἀπαλλαγὴν
3425 851 3516 900 καὶ
3558 845 3896 900 ἀποϐίωσιν.

2267 933 2432 981 Τοῦτο
2480 930 2582 1002 γὰρ
2630 937 2722 992 τῆς
2773 931 3066 1006 Ὠριγένονς
3097 938 3340 1010 αἱρέσεώς
3379 935 3519 989 ἐστιν
3562 934 3896 1007 ἀποκὺημα,

2269 1012 2356 1070 διὸ
2413 1019 2482 1081 ὡς
2540 1016 2852 1094 βλάσφημον
2910 1027 2999 1076 καὶ
3040 1022 3298 1078 ἀντίθετον
3353 1033 3416 1099 τῇ
3477 1028 3589 1096 θείᾳ
3655 1024 3901 1096 ἀληθείᾳ

2267 1108 2474 1179 μακράν
2536 1106 2792 1183 ἀπερρίφη
2849 1119 2946 1173 τῆς
3004 1112 3120 1166 καθ’
3156 1115 3298 1187 ἡμᾶς
3363 1110 3649 1186 όρθοδόξον
3722 1112 3901 1184 ἁγίας

2267 1193 2600 1262 Ἐκκλησίας,
2654 1201 2897 1261 καὶτοὺς
2945 1201 3078 1254 οὕτω
3117 1209 3422 1276 φρονοῦντας
3466 1210 3538 1274 τῷ
3586 1200 3900 1274 ἀναθέματι

2268 1281 2482 1346 ἐνδίκως
2509 1285 2881 1361 ὑποϐάλλομεν.
2916 1312 2936 1337 α
2966 1288 3047 1342 Ἐν
3071 1292 3170 1365 ’γὰρ
3199 1299 3270 1362 τῷ
3300 1287 3404 1364 ᾅδῃ
3442 1295 3525 1354 τίς
3553 1289 3898 1363 ἐξομολογή-

2271 1379 2418 1427 σεταί
2459 1394 2561 1441 σοι,
2602 1398 2622 1422 ι
2677 1381 2836 1450 φησὶν
2875 1379 2901 1430 ὁ
2968 1375 3276 1452 Ψαλμῳδός,
3344 1379 3458 1432 ἀντὶ
3506 1379 3618 1446 τοῦ,
3670 1375 3896 1441 οὐδείς.

2266 1465 2396 1523 Τοὺς
2444 1465 2518 1515 ἔτι
2554 1460 2614 1515 δὲ
2659 1471 2733 1534 τῷ
2779 1469 2999 1538 παρόντι
3045 1474 3289 1541 περιοῦσι
3336 1466 3440 1541 βίῳ
3479 1466 3901 1541 ἐπιφερομένους

2266 1555 2595 1624 πειρασμοὺς
2623 1560 2714 1606 τοῦ
2745 1561 2879 1606 Θεοῦ
2926 1563 3332 1630 συγχωροῦντος
3372 1553 3466 1608 διά
3515 1575 3659 1618 τινας
3709 1556 3902 1629 ἁμαρο

2268 1644 2405 1708 τίας,
2431 1645 2523 1693 καὶ
2560 1642 2674 1714 μεθ’
2706 1643 2970 1716 ὑπομονῆς
3023 1643 3374 1718 ἀνεχομένοις,
3421 1651 3512 1698 καὶ
3543 1645 3901 1718 εὐχαρίστως

2267 1733 2394 1806 πρὸς
2446 1733 2574 1784 Θεὸν
2634 1729 3005 1806 ἀνακειμένοις,
3046 1738 3258 1796 τούτους
3305 1738 3467 1809 φαμὲν
3524 1736 3676 1808 ἡμεῖς
3752 1732 3899 1788 εἶναι

2268 1821 2441 1892 ὥσπερ
2472 1839 2524 1872 τι
2553 1821 2904 1896 καθαρτήριον
2935 1830 3061 1898 πῦρ.
3094 1830 3167 1896 Τῇ
3218 1825 3320 1898 ο)ἀρ
3359 1828 3552 1899 χρονίᾳ
3579 1828 3741 1899 πείρᾳ
3784 1833 3896 1876 τῶν

2265 1911 2514 1961 τοιούτων
2543 1919 2846 1983 πειρασμῶν
2871 1908 3228 1975 παιδευτικῶς
3257 1911 3648 1988 ἐπιφερομένων,
3684 1915 3895 1966 καθαί-

497 1999 806 2073 quosdam
828 1996 1141 2054 emendari
1169 2001 1226 2052 et
1255 2012 1292 2052 a
1320 1994 1581 2068 peccatis
1610 1993 1879 2066 purgari.
1917 1995 1986 2048 Ut
2017 2008 2154 2047 cum

2265 1999 2452 2072 ρεσθαι
2493 1998 2769 2070 συμϐαίνει
2799 2003 2942 2063 τινὰς
2980 2000 3032 2064 ἐξ
3060 2001 3352 2076 ἁμαρτιῶν·
3388 2003 3458 2064 ὡς
3486 2005 3544 2055 τό
3591 2024 3613 2052 ε
3647 2002 3892 2060 Διὴλθο-

499 2088 717 2145 dicitur
749 2105 762 2144 :
799 2108 827 2137 «
849 2085 1258 2142 Transivimus
1287 2099 1394 2156 per
1413 2083 1709 2152 ignem,et
1729 2097 1835 2154 per
1855 2097 2102 2153 aquam,
2131 2103 2151 2129 ι

494 2181 576 2248 et,
608 2199 630 2226 ε
663 2179 779 2232 Nos
801 2175 1046 2231 tandem
1076 2171 1378 2228 deduxisti
1411 2173 1489 2228 ad
1509 2171 1708 2226 locum
1737 2169 2029 2239 refrigerii
2047 2171 2091 2224 δ.
2127 2189 2155 2218 »

497 2268 568 2322 Et
601 2265 652 2321 si
681 2269 815 2337 post
852 2265 1110 2319 mortem
1132 2261 1262 2317 talis
1291 2260 1537 2317 daretur
1557 2258 1712 2330 ignis
1738 2259 1844 2331 qui
1873 2263 2160 2330 purgaret

497 2355 736 2411 animas
791 2357 930 2409 ante
982 2352 1144 2408 diem
1185 2350 1418 2422 judicii,
1471 2355 1534 2406 ut
1572 2349 1731 2404 male
1781 2348 2154 2418 existimatis,

497 2458 714 2500 omnes
743 2442 962 2499 animae
1000 2445 1406 2514 purgarentur
1435 2444 1558 2496 tam
1609 2439 1794 2508 longo
1832 2441 1889 2494 et
1925 2437 2160 2493 infinito

500 2531 788 2606 temporis
836 2530 1172 2593 intervallo,
1211 2533 1268 2586 et
1313 2528 1480 2585 nulla
1505 2529 1862 2601 reperiretur
1891 2532 2160 2599 tempore

494 2623 728 2695 judicii,
786 2637 924 2696 quae
983 2620 1184 2678 adhuc
1253 2619 1445 2694 poenis
1511 2623 1568 2675 et
1633 2617 1946 2690 suppliciis
2005 2620 2163 2674 esset

501 2712 788 2769 obnoxia.
813 2711 976 2768 Adeo
993 2715 1058 2766 ut
1085 2711 1305 2766 frustra
1324 2708 1552 2764 dictum
1574 2707 1782 2764 fuisset
1810 2723 1846 2762 a
1868 2707 2121 2763 Domino
2141 2724 2154 2762 :

503 2823 525 2851 ε
565 2803 632 2857 Et
674 2801 772 2856 isti
819 2799 900 2856 ad
943 2804 1230 2856 aeternum
1281 2797 1646 2871 supplicium
1691 2795 1965 2865 abibunt,
2011 2795 2161 2866 justi

495 2906 638 2947 vero
669 2889 748 2947 ad
769 2891 954 2946 vitam
981 2895 1268 2945 aeternam
1289 2889 1333 2942 ⁷.
1362 2909 1391 2936 ν)
1431 2891 1644 2943 Alvum
1683 2902 1825 2942 vero
1855 2891 1944 2941 est
1981 2885 2161 2958 parti-

497 2995 638 3052 ceps
677 2979 1041 3036 aeternitatis.
1071 2977 1387 3034 Eternitas
1415 2991 1559 3032 vero
1597 2991 1709 3032 nec
1758 2979 1847 3030 est
1893 2979 2156 3046 tempus,

495 3084 607 3125 nec
654 3083 796 3142 pars
836 3068 1150 3140 temporis,
1190 3081 1337 3122 nam
1392 3079 1515 3120 non
1569 3069 1659 3119 est
1708 3062 2156 3119 mensurabilis.

501 3131 675 3214 Unde
694 3156 911 3213 dicitur
936 3131 1064 3212 sine
1089 3131 1208 3211 ﬁne
1233 3160 1291 3210 et
1322 3155 1596 3210 termino.
1621 3153 1794 3208 Vides
1823 3167 1967 3221 ergo
1995 3153 2161 3226 quod
2191 3131 2231 3187 Ο

497 3246 560 3302 in
584 3261 656 3302 eo
687 3247 868 3302 etiam
902 3244 1156 3302 Domino
1186 3243 1504 3300 manifeste
1529 3241 1952 3299 contradicitis.

2267 2104 2357 2160 μεν
2384 2083 2478 2139 διὰ
2509 2091 2671 2162 πυρὸς
2699 2093 2789 2140 καὶ
2819 2085 3031 2159 ὑδατός,
3060 2110 3081 2139 ›
3116 2094 3227 2162 καὶ,
3265 2113 3287 2140 ε
3327 2091 3606 2162 Ἐξήγαογες
3632 2092 3784 2163 ἡμᾶς
3813 2091 3890 2153 εἰς

2269 2174 2572 2248 ἀναψυχήν.
2618 2199 2637 2224 ι
2692 2177 2752 2229 Εἰ
2800 2174 2852 2230 δ’
2884 2175 2945 2237 ἧν
2988 2184 3220 2232 τοιοῦτόν
3273 2199 3326 2231 τι
3372 2187 3476 2253 πῦρ
3516 2181 3886 2254 καθαρτήριον

2267 2267 2398 2338 μετὰ
2427 2266 2642 2318 θάνατον
2672 2275 2772 2318 τῶν
2801 2267 2994 2338 ψυχῶν
3025 2271 3124 2342 πρὸ
3162 2277 3253 2328 τῆς
3280 2273 3514 2343 κρίσεως,
3545 2271 3614 2330 ὡς
3643 2277 3889 2341 φρονεῖτε

2268 2355 2411 2426 ὑμεῖς
2474 2362 2666 2421 κακῶς,
2711 2357 2765 2407 αἱ
2813 2354 2994 2427 ψυχαὶ
3043 2353 3102 2410 δὲ
3158 2363 3328 2409 πᾶσαι
3393 2364 3466 2427 τῷ
3517 2365 3611 2410 τοῦ
3673 2362 3885 2430 χρόνον

2269 2441 2464 2516 ἀπείρῳ
2484 2449 2641 2516 μήκει
2671 2443 3039 2518 ἇκαθάρθησαν
3070 2445 3152 2515 ἂν,
3183 2451 3273 2498 καὶ
3303 2443 3529 2518 οὐδεμία
3572 2447 3623 2498 ἐν
3671 2455 3745 2518 τῷ
3787 2456 3887 2508 τῆς

2266 2538 2490 2606 κρίσεως
2528 2533 2708 2608 εὑρέθη
2741 2543 2906 2607 καιρῷ
2944 2533 3157 2588 κολάσει
3197 2531 3473 2598 ὑπόδικος.
3503 2535 3665 2589 ’Ὡστε
3701 2538 3884 2608 μάτην

2267 2620 2498 2674 λέλεκται
2550 2631 2623 2694 τῷ
2670 2628 2843 2698 Κυρίῳ
2874 2627 2954 2690 τὸ,
3001 2645 3023 2673 ε
3072 2624 3170 2677 Καὶ
3214 2622 3586 2678 ἀπελεύσονται
3628 2621 3773 2677 οὑτοι
3808 2626 3887 2687 εἰς

2267 2708 2484 2762 κόλασιν
2534 2711 2759 2777 αἰώνιον,
2802 2715 2851 2764 οι
2900 2709 2960 2765 δὲ
3007 2708 3210 2765 δίκαιοι
3250 2713 3318 2774 εἰς
3371 2714 3511 2774 ζωὴν
3565 2714 3795 2768 αἰώνιον.
3853 2737 3877 2762 ι

2270 2799 2485 2853 Αἰὼνιον
2516 2796 2576 2852 δὲ
2615 2804 2671 2852 τὸ
2711 2805 2931 2874 μετέχον
2986 2801 3190 2863 αἰῶνος.
3247 2802 3381 2853 Λίὼν
3422 2800 3482 2854 δὲ
3526 2807 3638 2854 οὔτε
3675 2806 3877 2874 χρόνος

2269 2889 2385 2942 οὑτε
2415 2893 2612 2962 χρόνου
2641 2909 2693 2941 τι
2720 2894 2905 2963 μέρος’
2942 2887 3066 2943 οὐδὲ
3102 2895 3204 2965 γὰρ
3229 2896 3484 2966 μετρητόν
3513 2912 3527 2925 ο
3553 2891 3677 2944 ὡσεὶ
3707 2891 3882 2962 ἔλεγεν

2269 2976 2600 3036 ἀτελεύτητον
2656 2978 2746 3030 καί
2808 2977 3104 3054 ἀπέροντον.
3170 2979 3322 3052 Ὀρᾴς
3396 2981 3475 3032 ὅτι
3538 2982 3635 3032 κάν
3709 2983 3882 3054 τούτῳ

2268 3075 2542 3139 προφανῶς
2567 3065 3024 3141 ἀντιφθεγγόμενοι
3051 3067 3165 3121 έστε
3183 3076 3257 3140 τῷ
3291 3072 3484 3143 Κυρίῳ.

677 3460 1060 3532 Responsum
1091 3455 1170 3514 ad
1189 3456 1463 3531 quintam
1490 3455 2042 3528 interrogationem,
2073 3473 2211 3531 quae
2251 3461 2342 3515 est
2368 3459 2456 3516 De
2472 3457 2749 3530 primatu
2773 3473 2975 3530 papae,
3000 3458 3278 3517 consulto
3297 3458 3654 3518 omittimus.

569 3659 621 3712 6.
645 3655 950 3729 Baptisma
969 3669 1113 3712 vero
1134 3654 1196 3712 in
1217 3653 1462 3712 nomine
1493 3654 1700 3723 Patris,
1723 3658 1781 3711 et
1801 3654 1921 3711 Filii
1944 3658 2002 3710 et
2033 3655 2158 3728 Spi-

495 3745 642 3804 ritus
673 3746 886 3813 sancti,
930 3761 1071 3802 cum
1119 3743 1308 3801 tribus
1359 3743 1856 3800 immersionibus
1905 3743 2160 3801 admini-

497 3834 1116 3906 stratum,secundum
1133 3849 1364 3891 morem
1386 3832 1801 3906 apostolorum
1813 3837 1872 3888 et
1894 3836 2156 3902 Patrum,

496 3925 890 3997 admittimus,
916 3925 1082 3998 quod
1104 3939 1230 3980 non
1256 3927 1349 3980 est
1368 3923 1528 3978 idem
1551 3937 1690 3978 cum
1716 3937 1787 3978 eo
1802 3922 1970 3995 quod
1991 3923 2158 3996 apud

493 4030 606 4071 vos
636 4020 985 4088 usurpatur.
1016 4016 1132 4070 Nos
1149 4011 1376 4085 quippe
1398 4011 1656 4067 dicimus
1676 4011 1738 4068 in
1768 4010 2030 4068 formula
2054 4011 2158 4068 ad-

494 4103 878 4160 ministrandi
906 4101 1196 4174 baptismi
1226 4117 1240 4156 :
1268 4123 1296 4152 «
1334 4100 1674 4173 Baptizatur
1712 4117 1922 4157 servus
1961 4101 2083 4171 Dei,
2128 4121 2156 4151 »

493 4193 608 4250 ista
635 4194 866 4250 ratione
896 4191 1280 4248 ostendentes
1321 4194 1748 4263 spontaneum,
1786 4189 2067 4259 liberum,
2099 4194 2158 4248 et

492 4281 900 4338 voluntarium
934 4284 1167 4336 motum
1193 4278 1557 4351 baptizandi,
1588 4279 1928 4336 accedentis
1954 4278 2033 4335 ad
2059 4295 2156 4335 sa-

493 4386 664 4427 crum
690 4369 1151 4443 baptisma.Vos
1180 4383 1325 4424 vero
1346 4384 1484 4424 cum
1506 4369 1772 4426 vanitate
1789 4372 1847 4425 et
1869 4367 2156 4442 superbia

492 4457 690 4514 dicitis
723 4474 736 4513 :
770 4479 798 4508 «
833 4460 952 4529 Ego
982 4461 1055 4522 te,
1088 4459 1177 4522 N.,
1209 4455 1470 4530 baptizo,
1508 4479 1528 4505 ι
1561 4457 1728 4529 quod
1759 4459 1914 4512 certe
1944 4471 2066 4512 non
2091 4455 2154 4512 in

493 4545 777 4604 eumdem
799 4561 1052 4619 scopum
1083 4549 1138 4602 et
1168 4544 1485 4602 consilium
1507 4545 1831 4601 nobiscum
1853 4543 2152 4602 collineat.
2185 4532 2230 4588 D

493 4635 815 4702 Quomodo
872 4649 1017 4706 ergo
1071 4649 1264 4691 unum
1321 4640 1378 4692 et
1429 4633 1592 4690 idem
1631 4637 1784 4689 esset
1820 4632 2151 4705 baptisma,

490 4721 991 4796 quandoquidem
1020 4721 1348 4779 certissime
1379 4721 1509 4778 haec
1549 4720 1740 4776 facitis
1761 4723 1817 4776 et
1845 4720 2084 4778 dicitis?

564 4816 615 4868 8.
644 4813 890 4883 Insuper
908 4816 1110 4868 autem
1131 4811 1298 4885 quod
1319 4826 1457 4866 cum
1471 4808 1838 4865 contumelia
1849 4825 1918 4865 ac
1935 4809 2154 4881 injuria

489 4900 668 4958 nobis
695 4899 928 4972 objicis,
955 4917 1068 4958 nos
1109 4901 1336 4958 scilicet
1362 4915 1397 4955 a
1427 4897 1556 4954 viro
1589 4913 1869 4970 separare
1899 4915 2151 4956 uxorem

489 5007 624 5064 quae
653 4991 716 5047 in
745 4989 1106 5048 adulterium
1134 4995 1192 5046 et
1219 4988 1676 5046 fornicationem
1707 4987 1933 5058 incidit,
1955 4993 2042 5045 est
2061 4989 2151 5045 in-

489 5079 714 5136 dicium
748 5084 800 5136 te
829 5080 1064 5137 nescire
1107 5077 1256 5151 quid
1295 5076 1485 5133 dicas.
1534 5079 1684 5133 Nam
1738 5077 1855 5134 hoc
1892 5078 2151 5134 facimus

489 5173 670 5238 recte,
695 5173 752 5226 et
777 5169 1113 5226 secundum
1159 5165 1342 5237 leges,
1367 5170 1423 5222 et
1459 5180 1604 5237 erga
1650 5168 1839 5223 Deum
1864 5166 2151 5224 charitate

491 5264 548 5316 et
603 5259 933 5316 reverentia
970 5255 1158 5313 ducti.
1217 5256 1312 5313 Sic
1360 5256 1521 5312 enim
1559 5256 1823 5330 loquitur
1862 5258 2152 5314 Dominus

489 5349 619 5421 ipse
647 5349 707 5405 in
739 5345 1079 5416 Evangeliis
1111 5363 1124 5399 :
1160 5367 1188 5394 «
1219 5345 1332 5412 Qui
1369 5360 1622 5403 uxorem
1646 5361 1822 5403 suam
1860 5346 2153 5405 dimiserit

493 5440 550 5492 et
567 5433 967 5510 repudiaverit
997 5432 1114 5492 alia
1135 5433 1367 5491 ratione
1391 5449 1578 5507 quam
1616 5437 1860 5508 propter
1886 5434 2149 5493 fornica-

2342 3654 2409 3718 ζ’.
2451 3657 2730 3728 Βάπτισμα
2761 3651 2820 3710 δι
2847 3658 2905 3709 τὸ
2945 3655 3016 3720 εἰς
3040 3659 3268 3732 Πατέρα,
3299 3656 3391 3709 καὶ
3419 3660 3557 3723 ree»,
3586 3654 3674 3708 καί
3700 3662 3872 3709 Πνεῦ-

2265 3764 2344 3818 μα
2393 3744 2540 3816 οἷγιον
2580 3743 2628 3796 έν
2685 3744 2832 3820 τρισί
2867 3748 3129 3818 γινόμενον
3181 3742 3533 3811 καταδύσεσι,
3573 3743 3664 3797 καί
3707 3747 3878 3798 κατά-

2265 3838 2361 3892 τὴν
2401 3832 2753 3892 ἀποπολαὴν
2791 3834 2881 3886 καὶ
2926 3838 3180 3910 πατρικὴν
3231 3837 3527 3909 ἱεροτυπίαν
3576 3831 3880 3907 ἀπεκδεχό-

2264 3925 2416 3997 μεθα,
2457 3925 2578 3997 ὅπερ
2632 3923 2727 3977 οὑκ
2773 3926 2888 3977 ἔστι
2925 3924 3110 3977 ταύτὸν
3161 3931 3235 3995 τῷ
3281 3929 3534 3998 γενομένῳ
3585 3924 3670 3997 ὑφ’
3701 3926 3876 3996 ὑμῶν,

2263 4011 2439 4085 Ἡμεῖς
2506 4016 2598 4085 μεν
2651 4015 2755 4086 γὰρ
2823 4012 3034 4086 λέγομεν
3070 4056 3084 4083 ,
3157 4036 3177 4062 ι
3229 4014 3542 4074 Βαπτίζεται
3599 4015 3626 4065 ὁ
3684 4009 3881 4074 δοῦλος

2263 4108 2356 4154 τοῦ
2387 4109 2541 4173 Θεοῦ,
2581 4125 2602 4150 ι
2661 4098 2951 4165 δεικνύντες
2990 4100 3214 4156 ἐντεῦθεν
3269 4106 3365 4161 τὴν
3422 4102 3727 4178 αὐθαίρετον
3781 4102 3881 4155 καὶ

2265 4189 2319 4254 ἐξ
2374 4187 2515 4254 ἰδίας
2574 4189 2818 4251 θελήσεως
2878 4195 3086 4250 κίνησιν
3149 4198 3243 4244 τοῦ
3301 4189 3690 4264 βαπτιζομένου
3738 4193 3877 4265 πρός

2263 4282 2322 4332 τό
2384 4281 2516 4332 θεῖον
2580 4278 2896 4352 βάπτισμα-
2959 4281 3107 4353 ὑμεῖς
3163 4276 3223 4333 δε
3289 4278 3551 4343 ἀλαζόνως
3610 4299 3723 4341 πως
3777 4280 3878 4332 καὶ

2265 4368 2603 4442 ὑπερηφάνως
2651 4372 2777 4441 φατέ
2799 4389 2812 4402 ο
2852 4392 2871 4417 ι
2924 4369 3167 4430 Βαπτίζω
3209 4367 3305 4441 ἐγὼ
3344 4372 3432 4422 τὸν
3463 4366 3608 4423 δεῖνα
3631 4390 3644 4403 ο
3683 4392 3704 4418 ι
3741 4371 3871 4444 ὅπερ

2263 4456 2324 4509 οὑ
2362 4460 2449 4509 τὸν
2497 4457 2653 4510 αὐτόν
2692 4465 2764 4529 τῷ
2817 4459 3050 4534 ἡμετέρῳ
3102 4460 3215 4529 ἔχει
3279 4462 3493 4514 σκοπόν.
3541 4464 3658 4520 Πῶς
3695 4454 3786 4510 οὖν
3817 4458 3872 4511 ἓν

2261 4546 2450 4617 γένοιτ’
2489 4547 2589 4616 civ;
2638 4545 2960 4619 Ἐπισφαλῶς
3013 4549 3114 4622 γὰρ
3167 4553 3320 4600 τοῦτο
3375 4546 3466 4600 καί
3525 4553 3718 4602 ποιεῖτε
3774 4547 3873 4602 καί

2261 4634 2452 4708 λέγετε.

2333 4811 2398 4871 η’.
2454 4811 2568 4866 "En
2624 4814 2746 4889 ὅπερ
2803 4809 3164 4877 ὁνειδιστικῶς
3222 4818 3527 4889 προσφέρεις
3572 4815 3719 4887 ἡμῖν,
3782 4816 3866 4868 ὅτι

2259 4902 2559 4977 χωρίζομεν
2605 4910 2698 4955 τοῦ
2748 4898 2936 4979 ἀνδρὸς
2970 4911 3213 4975 γυναῖκα,
3253 4909 3347 4962 τὴν
3403 4908 3612 4979 πορνεία
3652 4923 3865 4978 περιπε-

2263 4998 2483 5060 σοῦσαν,
2542 4994 2701 5046 ἔοικεν
2744 4994 2824 5045 ὃτι
2876 4992 2972 5046 οὑκ
3019 4989 3167 5055 οἶδας
3219 4997 3270 5046 τί
3325 4993 3507 5066 λέγεις.
3566 4993 3666 5046 Καὶ
3712 5001 3864 5047 τοῦτο

2257 5082 2360 5154 γὰρ
2425 5080 2596 5144 καλῶς
2650 5081 2929 5154 μάλιστα,
2990 5082 3080 5134 καὶ
3129 5082 3367 5156 θεοφιλῶς
3399 5124 3412 5150 ,
3475 5082 3568 5135 καὶ
3629 5087 3868 5156 νομίμως

2259 5177 2526 5243 ποιοῦμεν.
2573 5171 2726 5224 Οὕτω
2780 5173 2932 5245 γάρό
2991 5174 3180 5247 Κύριος
3230 5173 3376 5245 ἡμῶν
3433 5171 3480 5225 ἐν
3523 5171 3867 5244 [εὐαγγελίοις

2262 5259 2442 5331 φησὶν,
2504 5282 2525 5308 ε
2572 5259 2667 5322 ⁸ος
2723 5259 2782 5312 ἂν
2844 5258 3095 5314 ἀπολύσει
3149 5266 3244 5320 τήν
3300 5267 3526 5334 γυναῖκα
3581 5260 3742 5314 αὑτοῦ
3791 5267 3864 5334 μὴ

2261 5347 2345 5402 ἐπὶ
2378 5353 2610 5422 πορνείᾳ,
2658 5349 2749 5402 καί
2793 5355 3027 5423 γαμήσει
3077 5349 3258 5420 ἄλλην,
3315 5355 3596 5424 μοιχᾶται.
3642 5372 3664 5401 ›
3697 5349 3864 5405 Ὥστε

2260 5434 2466 5491 δίκαιόν
2515 5439 2655 5493 ἐστιν
2709 5439 2872 5499 αὐτὴν
2923 5438 3205 5510 ἀπολῦσαι,
3245 5439 3330 5494 ἐάν
3379 5459 3473 5514 περ
3516 5444 3732 5515 πορνείᾳ
3774 5461 3864 5494 περ

576 5719 597 5754 ⁸
638 5717 776 5774 Luc.
810 5727 946 5791 xxn,
971 5723 1059 5781 15.
1134 5720 1156 5758 ⁸
1185 5717 1342 5780 Psal.
1367 5733 1450 5793 vr,
1479 5722 1534 5780 6.
1612 5722 1634 5761 ⁸
1663 5719 1819 5782 Psal.
1851 5737 1982 5794 ειν,
2016 5702 2102 5783 l2.

2265 5721 2433 5783 [atth.
2460 5738 2602 5796 xxv,
2633 5725 2726 5782 46.
