4134 6388
246 303 354 364 481

1763 281 2117 349 APOLOGIA

3528 294 3638 360 482

245 431 470 502 ριπέσῃ,
531 429 674 481 κατὰ
722 429 818 487 τὴν
873 431 965 480 τοῦ
1027 423 1222 498 Κυρίου
1275 415 1559 493 ἀπόφασιν⁸
1696 434 1865 470 κατα-

1979 415 2226 477 tionem,
2246 415 2306 502 et
2329 407 2513 471 aliam
2540 429 2794 474 uxorem
2838 416 3222 476 matrimonio
3252 419 3366 478 sibi
3424 421 3634 493 junxe-

246 517 623 579 κολουθοῡντες
673 518 850 591 ἡμεῖς,
892 517 988 576 τῆν
1043 517 1428 587 περιπεσοῦσαν
1473 513 1702 580 γυναῖκα
1736 523 1868 579 πορ-

252 612 396 670 νείας
454 606 733 680 μολυσμῷ,
790 613 882 660 τοῦ
936 599 1122 680 ἀνδρὸς
1177 596 1568 672 ἁποδιιστῶμεν
1623 600 1713 649 καὶ
1760 615 1870 667 χω-

259 700 499 770 ρίζομεν.
546 696 718 770 Ὑμεῖς
772 691 834 749 δε
882 696 933 748 οἱ
978 693 1094 746 κατ’
1150 691 1228 744 ὶκ“
1283 688 1476 750 πολλῆς
1529 683 1869 745 δικαιοσύνης

263 784 482 848 ἐνούσης
520 787 661 860 ὑμῖν,
709 788 740 844 ἦ
776 783 968 858 μᾶλλον
1026 782 1182 836 εἰπεῖν
1252 781 1538 852 παρανοίας
1589 779 1680 828 καὶ
1744 775 1870 827 υπο-

261 881 508 948 κρίσεως,
579 881 665 928 καὶ
730 873 873 944 αὐτῷ
933 871 1389 945 ἀντιφθεγγὸμενοί
1464 865 1579 920 ἐστε
1643 859 1870 923 ἀναιδῶς

259 973 340 1036 τῷ
400 968 596 1038 Κυρίῳο
657 959 745 1016 διὸ
813 959 882 1022 δὴ
942 965 1033 1014 καὶ
1087 961 1220 1033 μετὰ
1280 957 1438 1030 λόγου
1503 958 1744 1029 πορνείας
1808 951 1868 1004 οὐ

261 1051 626 1129 διαχορίξετε,
693 1051 872 1113 ἐῶντες
927 1055 1014 1105 τὸν
1067 1045 1240 1122 ἄνδρα
1302 1046 1615 1120 ἁμαρτάνειν
1682 1042 1748 1103 εἰς
1810 1044 1868 1094 τὸ

259 1139 402 1196 ἱδιον
433 1141 512 1194 ἀεὶ
540 1150 716 1215 σῶμα,
747 1144 870 1216 ὅπερ
897 1141 924 1193 ὁ
956 1142 1086 1200 θεῖος
1112 1135 1346 1211 ἀπείργει
1378 1133 1602 1196 Παῦλος.

1976 503 2070 571 rit,
2103 501 2433 560 fornicatur
2460 506 2517 560 et
2552 503 2971 565 adulteratur'.
3035 525 3066 562 ι
3126 508 3502 584 Quapropter
3537 512 3636 584 ju.

1978 597 2139 650 stum
2169 597 2227 649 et
2253 607 2498 665 aequum
2527 597 2622 652 est
2647 594 2812 653 illam
2833 595 3172 668 repudiare,
3195 598 3246 655 si
3269 599 3333 656 in
3375 600 3635 660 fornica-

1977 683 2204 738 tionem
2224 681 2514 750 inciderit,
2539 683 2876 740 secundum
2898 685 3132 742 Domini
3153 687 3345 745 nostri
3393 694 3626 748 senten-

1977 771 2124 828 tiam
2190 774 2246 827 et
2319 770 2810 830 declarationem.
2887 774 2995 830 Cui
3061 790 3174 831 nos
3232 777 3628 846 adhaerentes,

1977 859 2388 917 fornicationis
2408 859 2542 918 labe
2555 862 2964 936 etimpuritate
2981 866 3458 923 contaminatam
3481 883 3630 926 uxo-

1976 965 2105 1006 rem
2135 964 2173 1005 a
2199 949 2327 1005 viro
2358 965 2751 1022 segregamus
2783 955 2840 1008 et
2868 967 3247 1025 separamus.
3312 954 3433 1011 Vos
3486 972 3632 1014 vero

1977 1055 2102 1112 qua
2131 1039 2270 1095 estis
2297 1038 2520 1110 insigni
2550 1040 2845 1114 tequitate,
2897 1043 3228 1114 sanctitate,
3288 1047 3347 1100 et
3377 1045 3628 1116 justitia,

1978 1129 2102 1185 imo
2123 1127 2488 1200 insipientia,
2508 1134 2565 1186 et
2591 1128 2922 1202 hypocrisi,
2956 1130 3066 1203 ipsi
3111 1131 3366 1189 Domino
3429 1137 3634 1191 nostro

251 1229 646 1304 impudenter
693 1235 753 1288 et
789 1229 1196 1287 inverecunde
1249 1222 1678 1292 contradicitis,
1727 1219 1865 1277 ideo
1891 1218 2040 1291 quia
2067 1232 2320 1273 uxorem
2351 1223 2597 1290 propter
2641 1218 2938 1276 rationem
2969 1219 3384 1277 fornicationis
3437 1238 3476 1279 a
3501 1221 3632 1280 viro

248 1335 379 1377 non
411 1320 736 1393 separatis,
773 1318 1184 1394 permittentes
1210 1315 1408 1373 virum
1436 1312 1498 1370 in
1539 1326 1718 1368 suum
1746 1307 2060 1383 proprium
2091 1321 2312 1378 corpus
2349 1320 2620 1379 peccare,
2651 1307 2817 1379 quod
2857 1307 2985 1382 ipse
3017 1310 3082 1365 D.
3114 1308 3331 1366 Paulus
3361 1309 3558 1383 arguit
3577 1314 3635 1368 et

251 1408 562 1482 prohibet.
597 1411 642 1465 ³.

330 1496 398 1556 η’.
460 1496 581 1551 Ἐτι
636 1500 758 1571 περὶ
820 1502 923 1547 τῶν
992 1496 1140 1548 θείων
1204 1497 1296 1546 καὶ
1361 1498 1632 1565 μυστικῶν
1705 1487 1868 1560 λέγεις

255 1585 554 1659 συμϐόλων,
611 1593 706 1638 τοῦ
754 1586 893 1638 θείου
952 1588 1042 1637 καὶ
1072 1589 1392 1636 Δεσποτικοῡ
1437 1575 1646 1639 δηλαδὴ
1679 1583 1867 1650 σώμα-

246 1696 356 1744 τος,
417 1678 503 1729 ὅτι
549 1680 686 1748 μόνα
745 1676 813 1726 τὰ
876 1674 1091 1748 ῥήματα
1139 1680 1232 1724 τοῦ
1287 1675 1504 1745 Κυρίου,
1561 1690 1589 1719 ‹‹
1645 1665 1865 1736 Λάϐετε,

249 1768 463 1838 φάγετε,
528 1770 621 1818 καὶ
679 1769 845 1832 πίετε,
911 1786 942 1814 ››
1002 1760 1387 1836 μεταϐάλλουσι
1443 1763 1533 1812 καὶ
1585 1756 1868 1810 τελεῖοῡσιν

256 1855 418 1924 αὐτὰ,
471 1854 532 1907 οὐ
581 1858 687 1927 μὴν
743 1857 834 1905 καὶ
881 1854 936 1905 αἱ
997 1853 1131 1905 θεῖαι
1181 1858 1282 1902 τῶν
1340 1847 1501 1920 ἁγίων
1550 1847 1728 1920 εὐχαι,
1780 1848 1868 1898 καί

259 1948 398 2016 ἱεραὶ
459 1940 684 2015 ἐπῳδαῖ-
747 1941 926 2015 Ἦμεῖς
1005 1936 1065 1994 δε
1129 1944 1220 1992 καὶ
1277 1937 1412 1991 αὐτὰ
1475 1938 1540 1989 τὰ
1607 1937 1720 1988 θεῖα
1778 1939 1869 1987 καὶ

253 2035 554 2086 Δεσποτικὰ
618 2032 835 2107 ῥήματα
898 2033 1030 2104 πρὸς
1111 2028 1371 2082 τελείωσίν
1451 2043 1612 2099 φαμεν
1676 2023 1866 2095 αὐτων,

247 2126 343 2175 καὶ
398 2123 428 2180 ἡ
481 2128 581 2183 τῆς
641 2122 915 2194 ἱεροσύνης
960 2114 1184 2191 δύναμις
1233 2113 1330 2170 διὰ
1368 2123 1469 2168 τῶν
1502 2116 1646 2168 Θείων
1698 2112 1867 2186 εὐχῶν

251 2215 350 2263 καὶ
417 2205 635 2281 ὶπῳδῷν
681 2216 775 2262 τοῦ
845 2211 984 2282 ἱεροῦ
1037 2209 1204 2280 τυχὸν
1255 2208 1641 2280 Χρυσοστὸμου
1695 2203 1724 2261 ἦ
1777 2208 1870 2254 τοῦ

256 2297 488 2372 μεγάλου
546 2297 846 2352 Βασιλείου.
921 2300 992 2350 Τὸ
1053 2298 1152 2369 γὰρ
1218 2297 1348 2349 θεῖον
1423 2301 1519 2354 τῆς
1586 2293 1871 2366 ἱερωσύνης

259 2390 515 2463 χάρισμα
550 2384 644 2441 διὰ
699 2394 856 2440 τοῦτο
913 2387 1015 2439 ὑπὸ
1071 2392 1161 2439 τοῦ
1191 2391 1435 2458 Χριστσῠ
1479 2377 1698 2435 δέδοται
1760 2387 1872 2442 τοῖς

264 2475 598 2540 ἀποστόλοις,
670 2481 761 2530 καὶ
821 2475 894 2541 ἐξ,
952 2473 1150 2528 ἐκείνων
1208 2468 1702 2543 ἀλληλοδιαδοχως,
1780 2474 1871 2522 καὶ

261 2569 400 2640 πρὸς
447 2568 587 2637 ἡμῶν
637 2572 748 2627 τοῖς
799 2566 958 2640 ἱεροῖς
1003 2564 1072 2624 εἰς
1119 2566 1177 2616 τὸ
1230 2561 1451 2616 τελειοῦν
1497 2563 1636 2613 κατὰ
1662 2561 1730 2612 τὰ
1760 2559 1872 2612 θεῖα

261 2651 439 2729 δῶρα,
497 2651 590 2708 διὰ
641 2663 738 2718 τῆς
813 2653 1134 2716 ἐπικλήσεως
1202 2655 1294 2705 καὶ
1355 2650 1732 2723 ἐπιφοιτήσεως
1777 2655 1870 2701 τοῦ

253 2749 524 2816 παναγῶν
609 2747 925 2816 Πνεύματος.
1001 2743 1178 2802 Οὕτως
1257 2743 1404 2814 ἡμεῖς
1482 2743 1602 2814 περὶ
1675 2740 1870 2791 τούτων

253 2841 546 2908 φρονοῦμεν
594 2838 685 2886 καὶ
737 2832 952 2905 λέγομεν
1011 2827 1321 2906 ὀρθοδὸξως,
1377 2834 1468 2882 καὶ
1533 2825 1871 2880 ἀποστολικο-

260 2918 770 2995 πατροπαραδοτως,
847 2921 909 2974 οὐ
975 2922 1208 2994 καθάπερ
1275 2920 1422 2992 ὑμεῖς
1487 2923 1714 2993 φρονεῖτε
1779 2921 1870 2969 καὶ

258 3010 441 3082 λέγετε
487 3012 630 3062 ὼσὰν
682 3011 710 3069 ἡ
759 3008 805 3064 ἄν
854 3011 980 3084 ὑμῖν
1034 3005 1228 3073 δόξειεν
1257 3009 1288 3068 ἠ
1341 3010 1628 3082 ὑπερόφρυς
1673 3004 1868 3066 ἀλαζο-

253 3103 378 3152 νεία
432 3103 524 3152 καὶ
572 3101 760 3162 οἴησις.
815 3097 972 3152 Ἀλλά
1026 3103 1146 3174 περί
1200 3099 1397 3150 τούτων
1457 3103 1692 3149 τοσαῦτα
1746 3095 1868 3167 ὑμῖν

249 3187 617 3261 ἀποχρώντως
669 3185 868 3261 σχεδὸν
919 3207 973 3241 τι
1024 3190 1246 3262 εἴρηται·
1305 3188 1499 3260 Καιρὸς
1557 3181 1618 3238 δέ
1660 3185 1770 3238 ἐστι
1800 3186 1870 3248 ὡς

244 3278 415 3333 εἰπεῖν
476 3273 587 3338 ἠδη
655 3283 748 3330 καί
809 3281 930 3350 περί
989 3285 1090 3330 τῶν
1153 3275 1346 3350 ψυχῶν
1408 3280 1524 3330 τίνα
1591 3293 1652 3348 γε
1719 3275 1871 3346 ἡμεῖς

247 3371 378 3440 περί
399 3366 569 3439 αὐτῶν
601 3363 764 3431 δόξαν
784 3369 995 3440 ἔχομεν.

2046 1489 2102 1542 8.
2121 1485 2292 1551 Quod
2311 1500 2455 1542 vero
2475 1483 2627 1542 dicis
2646 1484 2722 1542 de
2737 1484 2957 1542 divinis
2972 1489 3032 1543 et
3046 1485 3315 1559 mysticis
3336 1485 3634 1559 symbolis

1976 1575 2160 1632 divini
2189 1581 2246 1632 et
2270 1575 2558 1633 Dominici
2583 1574 2805 1633 scilicet
2868 1577 3136 1649 corporis
3187 1581 3246 1634 et
3297 1577 3631 1648 sanguinis,

1975 1664 2144 1736 quod
2181 1665 2310 1722 sola
2364 1664 2548 1721 verba
2593 1664 2866 1720 Domini:
2912 1686 2941 1714 «
2979 1664 3261 1738 Accipite,
3313 1664 3629 1730 comedite,

1975 1752 2183 1822 bibite,
2211 1775 2240 1804 ››
2271 1752 2372 1810 illa
2415 1753 2698 1825 symbola
2749 1757 3150 1810 transmutent
3194 1759 3254 1811 et
3295 1753 3628 1827 perﬁciant,

1976 1857 2102 1899 non
2124 1857 2268 1898 vero
2296 1842 2516 1898 divinae
2546 1846 2892 1899 sanctorum
2922 1857 3153 1915 preces,
3179 1847 3234 1899 et
3263 1857 3448 1899 sacrae
3501 1857 3634 1899 ora-

1976 1931 2166 1988 tiones
2191 1936 2249 1988 et
2271 1931 2606 2000 cantilenae,
2634 1947 2746 1988 nos
2783 1946 2927 1988 vero
2957 1931 3139 1988 etiam
3181 1931 3440 1988 dicimus
3493 1930 3633 2003 ipsa

1975 2020 2180 2078 divina
2200 2025 2259 2077 et
2274 2020 2587 2078 Dominica
2608 2019 2797 2077 verba
2825 2019 2905 2078 ad
2927 2035 3136 2078 eorum
3159 2019 3587 2092 perfectionem
3615 2037 3630 2089 ;

1978 2109 2300 2167 sacerdotii
2326 2125 2470 2168 vero
2498 2110 2683 2167 virtus
2712 2109 2997 2166 exseritur
3024 2123 3133 2183 per
3151 2109 3387 2167 divinas
3424 2123 3634 2181 preces

1976 2204 2035 2258 et
2086 2200 2359 2271 liturgias
2446 2199 2637 2256 sancti
2700 2199 2976 2256 videlicet
3037 2199 3466 2272 Chrysostomi,
3531 2201 3635 2256 aut

1977 2289 2184 2360 magni
2208 2288 2436 2346 Basilii.
2493 2292 2646 2346 Nam
2701 2287 2980 2345 divinum
3033 2287 3352 2346 sacerdotii
3401 2287 3634 2344 donum

1977 2385 2296 2452 propterea
2315 2395 2352 2436 a
2389 2379 2620 2436 Christo
2658 2378 3178 2436 communicatum
3206 2382 3298 2434 est
3317 2377 3632 2450 apostolis,

1977 2472 2036 2524 et
2055 2484 2266 2524 eorum
2295 2467 2762 2532 successoribus,
2813 2471 2872 2523 et
2927 2466 3345 2524 sacerdotibus
3389 2465 3632 2538 nostris,

1977 2556 2058 2615 ad
2086 2556 2448 2629 perﬁcienda
2469 2556 2676 2613 divina
2697 2555 2880 2623 dona,
2926 2571 3036 2628 per
3079 2555 3523 2614 invocationem
3576 2558 3635 2611 et

1977 2646 2306 2703 adventum
2328 2645 2974 2717 sanctissimiSpiritus.
3019 2644 3113 2702 Sic
3145 2644 3221 2702 de
3275 2645 3461 2702 rebus
3506 2642 3636 2700 istis

1975 2735 2283 2808 loquimur
2311 2739 2369 2791 et
2387 2734 2684 2791 sentimus
2703 2733 3038 2791 orthodoxe
3064 2738 3121 2790 et
3154 2733 3492 2790 secundum
3517 2736 3635 2790 tra-

1976 2825 2264 2882 ditionem
2291 2823 2704 2897 apostolorum
2751 2827 2809 2880 et
2843 2825 3108 2892 Patrum,
3139 2837 3266 2880 non
3302 2837 3443 2879 vero
3481 2821 3635 2880 sicut

1976 2931 2086 2972 vos
2113 2913 2342 2970 sentitis
2391 2917 2449 2970 et
2497 2912 2833 2986 loquimini,
2884 2911 3220 2970 secundum
3257 2911 3480 2985 placita
3537 2926 3634 2968 νο-

1978 3009 2114 3062 strae
2140 3003 2546 3076 superciliosae
2577 3002 2876 3076 superbius
2919 3007 2976 3059 et
3023 3000 3326 3076 opinionis
3372 3005 3431 3058 et
3483 3015 3635 3074 prae-

1978 3093 2360 3167 sumptionis.
2394 3093 2510 3151 Sed
2547 3091 2623 3150 de
2653 3091 2780 3149 istis
2805 3091 3014 3150 forsan
3064 3091 3310 3149 abunde
3355 3094 3415 3148 et
3467 3089 3634 3146 sufﬁ-

1978 3183 2220 3240 cienter.
2252 3185 2419 3240 Nunc
2443 3181 2575 3255 jam
2612 3185 2852 3256 tempus
2881 3185 2971 3238 est
2996 3179 3334 3239 disserendi
3373 3178 3450 3237 de
3475 3181 3636 3238 statu

1977 3272 2344 3341 animarum,
2372 3275 2429 3329 et
2445 3287 2635 3345 quam
2672 3271 2749 3328 de
2772 3269 2886 3327 illis
2923 3273 3062 3343 post
3103 3274 3362 3331 mortem
3402 3271 3636 3328 senten-

1976 3362 2125 3420 tiam
2150 3361 2484 3429 foveamus,
2525 3359 2771 3420 tandem
2798 3358 3162 3433 signiﬁcare.

1695 3541 1924 3601 Caetera
1959 3541 2198 3601 desunt.

328 3778 353 3816 ⁸
376 3777 574 3838 Matth.
602 3793 724 3846 xix,
758 3781 813 3836 9.
836 3778 858 3814 ν
881 3779 902 3834 l
923 3778 1058 3835 Cor.
1081 3789 1156 3848 τι,
1185 3778 1270 3832 t6.
