4134 6380
1808 498 2008 549 ANNO
2062 499 2335 548 DOMINI
2378 498 2567 547 MGOL

1379 742 2752 909 PANTALEON
2773 743 2978 908 IS

1911 1092 2040 1155 ΟΡ.
2090 1091 2436 1155 DIACONI
2464 1094 2489 1117 *

527 1344 1426 1531 TRACTATUS
1486 1344 2095 1632 CONTRA
2171 1240 3069 1531 GH/ECORUM
3120 1336 3840 1528 ERROBES

497 1758 589 1818 Ex
620 1757 1051 1835 manuscripto
1084 1754 1301 1817 codice
1374 1755 1773 1818 bibliothecae
1846 1757 2196 1825 Bavaricze.
2259 1757 2321 1817 in
2395 1759 2601 1817 lucem
2672 1759 2961 1836 prolatus
3029 1757 3239 1819 studio
3312 1755 3485 1817 Petri
3558 1752 3876 1815 Stevartii

615 1862 861 1933 Leodii,
898 1865 1020 1926 SS.
1056 1863 1395 1941 theologia)
1426 1862 1829 1942 professoris,
1864 1870 1928 1925 et
1983 1864 2046 1924 in
2119 1871 2289 1927 Lomo
2360 1864 2447 1926 IV
2520 1864 2856 1925 Lectionum
2930 1866 3322 1946 antiquarum
3391 1860 3624 1923 Canisii
3694 1858 3865 1922 edit.

614 1968 918 2050 Basnagii
949 1971 1257 2051 repetitus

1683 2575 2064 2641 LECTORI
2127 2574 2290 2638 STE
2305 2571 2464 2638 VAR
2481 2568 2691 2639 TIUS.

570 2816 890 2900 Reprimas
974 2822 1302 2881 lratactum
1392 2825 1571 2880 istum
1655 2820 1718 2878 in
1797 2816 2153 2880 bibliotheca
2226 2816 2538 2880 Bavurica
2602 2816 2821 2899 absque
2912 2815 3159 2896 speciali
3232 2818 3499 2877 auctoris
3583 2816 3857 2878 nomine.

487 2926 705 3009 Itaque
732 2946 919 3008 neque
949 2946 1052 2987 nos
1085 2926 1156 2986 de
1197 2935 1449 2987 auctore
1507 2925 1928 2987 divinabimus.
2001 2924 2207 2987 Codex
2276 2924 2610 2985 Bavaricus
2677 2940 2966 3004 perquam
3035 2924 3288 2983 vitiosus
3351 2930 3501 2984 erat.
3564 2922 3867 2997 Quocirca

487 3053 561 3099 ne
590 3034 854 3106 mireris,
887 3034 939 3094 si
968 3034 1030 3096 et
1058 3029 1212 3094 liber
1242 3034 1349 3092 iste
1380 3029 1792 3093 inemendalus
1849 3031 1913 3092 in
1968 3051 2182 3091 manus
2241 3040 2372 3092 tuas
2430 3033 2658 3094 veniat.
2732 3032 2944 3091 Satius
2996 3038 3047 3090 et
3111 3022 3368 3111 aliquid,
3431 3048 3618 3111 quam
3673 3028 3860 3092 nihil.

484 3138 721 3206 Forsan
744 3139 903 3201 alius
931 3142 998 3197 in
1025 3137 1334 3219 exemplar
1388 3141 1713 3200 correctius
1769 3138 2016 3208 incidet,
2066 3137 2523 3219 praestabatque.
2578 3158 2713 3218 quae
2743 3158 2780 3198 a
2844 3135 3021 3198 nobis
3078 3138 3381 3217 praestari
3428 3138 3856 3218 nequiverunt.

487 3245 724 3307 Imma
786 3244 880 3305 his
953 3243 1486 3325 qualibusqu
1544 3245 1782 3324 fruere,
1854 3251 1914 3305 et
1968 3243 2238 3306 studium
2287 3255 2559 3305 nostrum
2625 3242 3007 3305 illustrandae
3072 3241 3428 3303 orthodoxa:
3475 3243 3855 3323 antiquitatis

484 3352 700 3430 farore
755 3361 854 3412 tuo
894 3350 1083 3429 juv‘tz'.
1143 3344 1294 3412 Cum
1347 3354 1506 3411 enim
1549 3359 1865 3412 navaturos
1911 3351 2095 3432 lmjus
2151 3353 2436 3431 temporis
2492 3349 2761 3412 studiose
2819 3352 2880 3410 in
2941 3348 3132 3410 lucem
3175 3347 3502 3411 extrahant
3555 3350 3863 3430 quidun

488 3456 629 3519 olim
658 3456 1008 3517 chartarum
1029 3476 1126 3516 seu
1171 3477 1209 3516 a
1268 3455 1519 3530 Graecis,
1564 3475 1668 3517 seu
1729 3477 1768 3518 a
1818 3456 2059 3518 Latinis
2106 3475 2392 3517 alversus
2449 3457 2797 3518 cathedram
2846 3456 3019 3517 Petri
3073 3476 3111 3516 a
3166 3455 3321 3516 male
3371 3460 3539 3516 sanis
3594 3459 3862 3535 ingeniis

487 3563 894 3645 conscriptum
960 3574 1083 3637 est;
1142 3562 1307 3624 nihil
1359 3562 1701 3624 laborantes
1770 3563 1841 3623 de
1887 3564 2177 3624 sermonis
2233 3559 2541 3643 elegantia
2585 3563 2679 3624 vel
2724 3562 3118 3645 inelegantia,
3165 3581 3295 3644 par
3348 3581 3469 3622 non
3526 3571 3612 3624 est
3670 3572 3739 3622 ut
3786 3582 3859 3623 ea

483 3689 617 3750 quae
661 3690 776 3751 pro
828 3670 898 3734 δ’.
955 3670 1126 3733 Petri
1178 3689 1511 3731 successore
1558 3670 1828 3731 Romano
1898 3671 2194 3752 pontiﬁce
2263 3674 2443 3733 etiam
2490 3672 2635 3732 rudi
2700 3671 2856 3752 stylo
2928 3680 3185 3731 exarata
3237 3676 3401 3741 sunt,
3454 3690 3492 3729 a
3540 3668 3745 3730 blattis
3798 3677 3857 3730 et

486 3779 659 3838 tineis
740 3778 967 3841 absumi
1041 3779 1329 3851 sinamus,
1417 3776 1888 3858 quisquz‘liisque
1973 3777 2268 3839 htereticis
2342 3785 2399 3839 et
2457 3777 2865 3840 schismaticis
2919 3776 3143 3838 solidas
3210 3775 3634 3855 refutationes,
3709 3770 3854 3840 licet

482 3883 648 3945 cultu
675 3885 821 3961 styli
850 3892 1141 3962 carentes,
1171 3903 1288 3945 non
1330 3903 1718 3965 opponamus.
1760 3882 1924 3946 Vale.

555 4177 573 4248 ξ
600 4176 682 4231 De
711 4176 825 4232 hoc
850 4178 1206 4234 Pantaleone
1232 4176 1325 4232 vel
1340 4176 1721 4248 homonme
1734 4175 1969 4248 seniore
1997 4175 2133 4230 vide
2154 4175 2486 4231 Fabricium
2507 4191 2646 4230 cum
2671 4174 2919 4248 Harlesii
2947 4178 3104 4231 notis
3129 4177 3190 4231 in
3210 4181 3377 4231 tomo
3402 4173 3853 4248 nostroXCVllAl,

481 4245 594 4302 col.
631 4248 784 4302 1239.
819 4248 899 4303 lbi
934 4256 1169 4304 exstant
1199 4245 1594 4313 Pantaleonis‘,
1625 4247 1899 4317 quisquis
1930 4247 2023 4312 sit,
2053 4248 2321 4302 Homilia
2346 4248 2413 4301 de
2479 4247 2804 4301 luminibus
2851 4252 3095 4312 sanctis,
3159 4265 3230 4304 ex
3282 4249 3534 4311 Ducteo;
3591 4246 3738 4300 item
3786 4245 3856 4300 in

479 4318 623 4389 Jes_u
648 4317 876 4389 Christi
898 4321 1502 4389 Transﬁgurationem
1532 4316 1799 4373 horﬁiliae
1823 4317 1980 4385 dum,
2013 4334 2085 4371 ex
2124 4317 2484 4373 Combeﬁsio
2516 4335 2528 4385 ;
2572 4318 2923 4389 Encomium
2973 4320 3283 4376 Michaelis
3334 4316 3715 4386 archangeli,
3775 4332 3853 4371 ex

481 4386 728 4460 eodem;
763 4388 1012 4446 homilia
1031 4386 1097 4447 in
1116 4386 1570 4460 Exaltationem
1594 4389 1808 4454 crucis,
1840 4405 1912 4443 ex
1935 4392 2228 4445 Gretsero.
2272 4389 2498 4460 Scripta
2528 4388 2841 4460 sequentia
2881 4390 3095 4447 seriem
3117 4391 3437 4447 absolvunt
3465 4403 3673 4444 eorum
3707 4403 3853 4459 quae

479 4458 832 4516 Pantaleoni
868 4461 1210 4519 tribuuntur
1236 4476 1493 4535 quaeque
1517 4457 1772 4515 fortasse
1793 4459 2118 4531 praestabat
2145 4460 2206 4515 in
2249 4457 2436 4514 unum
2461 4457 2814 4515 fuscieulum
2839 4461 3133 4531 colligere.
3167 4470 3317 4518 Em'r.
3349 4462 3521 4516 Pun.
