4134 6384
215 325 326 380 485
1173 325 1654 387 PANTALEONIS
1693 325 1980 387 DIAGONI
2019 324 2294 386 CONTRA
2332 323 2643 387 GRAECOS.

1345 577 1782 672 JACOBI
1872 575 2480 671 BASNAGII

844 742 934 807 IN
984 742 1514 807 TRACTATUM
1563 743 1916 809 CONTRA
1964 741 2342 807 GRIECOS
2393 740 2962 806 OBSERVATIO.

305 975 644 1031 Pantaleoni
674 975 952 1033 tribuitur
980 977 1077 1033 hic
1106 982 1426 1044 tractatus;
1477 978 1536 1033 id
1563 979 1818 1034 sensisse
1851 977 2126 1033 videntur
2161 977 2505 1033 novissima
2537 975 2908 1033 Bibliotheca
2944 976 3189 1032 Patrum
3229 975 3487 1032 editores
3526 978 3589 1032 in

219 1064 640 1120 admonitione
703 1065 784 1120 ad
827 1066 1110 1122 lectorem
1165 1071 1309 1122 tom.
1363 1069 1534 1136 XXVI,
1597 1068 1702 1122 ubi
1753 1067 1828 1122 de
1878 1069 2107 1122 Joanne
2158 1066 2366 1121 Caleca
2409 1066 2622 1136 agitur.
2669 1065 2730 1121 Id
2777 1066 2964 1122 sensit
2999 1065 3179 1120 etiam
3221 1065 3588 1137 Ciampinus,

217 1168 584 1224 quanquam
605 1151 757 1209 alias
790 1154 1012 1209 dubius
1033 1155 1276 1222 hareat,
1306 1163 1507 1228 utpote
1529 1157 1631 1228 qui
1660 1162 1822 1210 tract;
1853 1161 1975 1210 tum
2005 1161 2067 1211 ut
2089 1171 2467 1226 anonymum
2489 1155 2775 1210 citaverit.
2808 1158 3031 1210 Revera
3059 1155 3189 1209 hac
3217 1153 3495 1223 leguntur
3512 1153 3590 1209 ad

208 1241 404 1296 ﬁnem
436 1242 658 1312 operis,
683 1249 1011 1305 auctorem.
1047 1250 1106 1299 ut
1137 1245 1333 1316 prima
1362 1245 1553 1299 fronte
1585 1244 1836 1306 videtur,
1863 1244 2186 1300 indicantia
2213 1262 2224 1298 :
2256 1246 2387 1314 Ego
2419 1245 2748 1300 Pantaleon
2774 1258 2906 1298 cum
2934 1258 3110 1298 essem
3134 1243 3233 1313 ibi,
3260 1244 3593 1299 Constanti-

205 1331 444 1398 n0poli,
473 1331 579 1384 ubi
611 1331 723 1387 hoc
744 1339 942 1388 actum
975 1340 1078 1402 est,
1102 1334 1213 1389 hoc
1239 1333 1462 1388 idcirco
1482 1333 1873 1389 Memorabile
1895 1334 2038 1402 feci.

294 1419 425 1474 Fuit
450 1425 657 1474 autem
676 1421 999 1476 Pantaleon
1021 1421 1318 1476 diaconus
1349 1427 1403 1476 et
1420 1422 1853 1494 chartophylax
1873 1423 2140 1478 Ecclesia
2169 1421 2862 1492 Constantinopolitanae,
2887 1425 2944 1475 et
2970 1436 3042 1475 ex
3064 1435 3135 1475 eo
3161 1420 3328 1492 quod
3358 1420 3592 1476 dicatur

210 1508 394 1580 apud
428 1511 792 1576 Gretserum,
826 1513 928 1582 qui
956 1511 1144 1582 ipsius
1181 1517 1497 1567 tractatum
1525 1515 1583 1566 in
1618 1514 2047 1567 exultationem
2083 1513 2276 1566 crucis
2327 1510 2527 1579 edidit,
2567 1509 2879 1578 presbyter
2910 1511 3254 1564 monasterii
3297 1509 3589 1577 Byzanti-

203 1613 459 1663 norum,
487 1615 562 1652 ex
588 1598 849 1653 diacono
881 1599 1304 1670 presbyterum
1345 1599 1598 1668 alicujus
1632 1599 1974 1654 monasterii
2025 1596 2252 1654 factam
2299 1599 2536 1669 conjicit
2580 1597 2990 1653 Combeﬁsius.
3037 1596 3150 1667 ipsi
3191 1596 3392 1652 tribuit
3429 1597 3590 1652 idem

200 1685 616 1741 Combeﬁsius
646 1687 957 1743 Orationes
990 1689 1052 1742 in
1093 1690 1686 1757 transﬁgurationem
1713 1688 1973 1743 Domini.
2009 1691 2373 1758 Quanquam
2401 1687 2452 1741 ei
2493 1687 2562 1742 sit
2598 1686 2800 1757 aliqua
2840 1685 3123 1756 suspicio,
3156 1701 3260 1740 eas
3291 1685 3588 1740 orationes

199 1774 373 1846 stylo
402 1775 822 1846 discrepantes
854 1776 1028 1832 binos
1056 1777 1278 1832 habere
1308 1783 1606 1848 parentes.
1643 1778 1908 1848 Denique
1937 1777 2132 1832 eidem
2165 1775 2511 1831 Pantaleoni
2541 1774 2792 1829 asseruit
2807 1774 3169 1846 opusculum
3190 1774 3263 1829 de
3282 1775 3590 1829 miraculis

198 1864 559 1931 Michaelis,
585 1865 754 1936 quod
789 1864 1004 1935 legitur
1041 1867 1206 1936 apud
1249 1867 1507 1934 Surium,
1539 1866 1802 1937 indeque
1843 1865 2166 1932 concludit,
2198 1864 2625 1920 Pantaleonem
2653 1863 2868 1918 vixisse
2894 1862 2998 1918 diu
3027 1869 3166 1934 post
3193 1861 3590 1927 Theodoram,

203 1969 355 2007 cum
389 1953 686 2008 miracula
713 1953 897 2025 longo
925 1959 1193 2025 tempore
1225 1961 1360 2026 post
1382 1955 1774 2026 imperatricis
1812 1954 2045 2009 obitum
2072 1958 2308 2025 patrata
2336 1952 2686 2008 narraverit.

285 2044 432 2106 Qua
465 2042 812 2098 Combeﬁsii
843 2044 1187 2114 conjectura
1213 2044 1355 2099 satis
1381 2044 1627 2105 indicat,
1657 2044 1770 2115 ipsi
1801 2043 1988 2099 fuisse
2013 2043 2305 2098 incertam
2337 2041 2720 2097 Pantaleonis
2750 2046 3010 2106 atatem,
3042 2040 3298 2112 ideoque
3329 2055 3452 2096 non
3479 2040 3594 2111 ipsi

206 2131 562 2186 vindicasse
600 2133 951 2187 Tractatum
983 2139 1196 2188 contra
1225 2133 1460 2188 Graecos
1492 2133 1666 2204 cujus
1701 2148 1921 2204 parens
1951 2132 2158 2204 procul
2183 2132 2372 2188 dubio
2403 2147 2501 2188 an.
2533 2135 2665 2186 1252
2688 2131 2904 2186 vixisse
2919 2130 3161 2199 debuit;
3193 2129 3361 2186 aliter
3390 2136 3593 2187 tamen

213 2219 340 2285 alii,
367 2224 430 2274 ut
449 2221 727 2292 superius
755 2221 1165 2276 observatum.

298 2311 411 2363 Nos
458 2310 620 2364 hunc
642 2315 992 2374 tractatum,
1019 2311 1080 2365 in
1110 2326 1234 2383 quo
1267 2311 1458 2366 multa
1483 2315 1808 2366 occurrunt
1829 2309 2482 2382 observationeZdigna,
2504 2309 2564 2364 in
2599 2313 2713 2363 tres
2744 2313 2946 2380 partes
2977 2307 3423 2378 distinguimus,
3453 2322 3592 2379 qua

225 2401 312 2453 tot
335 2398 599 2454 habeant
637 2405 932 2454 auctores.

303 2489 461 2542 Prior
474 2505 631 2560 pars,
646 2505 786 2561 qua
807 2495 1071 2561 quatuor
1088 2490 1538 2546 dissertationes
1563 2490 1856 2545 adversus
1875 2492 2110 2545 Gracos
2130 2488 2413 2552 continet,
2430 2503 2552 2543 non
2573 2486 2757 2542 modo
2776 2485 2935 2541 edita
2959 2491 3046 2542 est
3070 2487 3595 2553 Constantinopoli

222 2577 291 2629 in
327 2577 548 2632 adibus
576 2579 864 2634 Fratrum
902 2580 1378 2635 Pradicatorum
1410 2595 1510 2634 an.
1551 2584 1702 2643 i252,
1735 2585 1796 2633 ut
1822 2579 1931 2634 fert
1959 2578 2202 2642 titulus;
2255 2577 2361 2632 sed
2401 2575 2478 2632 ab
2516 2576 2667 2647 ipsis
2711 2575 3016 2630 Fratribus
3047 2575 3452 2631 Dominicanis
3481 2573 3594 2630 fuit

221 2668 600 2723 concinnata.
633 2670 723 2725 Sic
754 2670 915 2724 enim
937 2670 1051 2741 ipsi
1072 2669 1431 2741 loquuntur:
1458 2671 1600 2724 Hac
1629 2669 1862 2736 scripta
1888 2675 2027 2724 sunt
2049 2682 2210 2723 anno
2239 2669 2460 2732 1252,in
2490 2666 2730 2720 civitate
2760 2665 3287 2732 Constantinopoli
3305 2680 3341 2721 a
3361 2664 3594 2720 Fratri-

218 2756 330 2810 bus
351 2757 858 2814 Praedicatoribus
886 2759 966 2814 ad
996 2759 1446 2826 aediﬁcationem
1473 2765 1526 2813 et
1559 2759 1896 2826 profectum
1928 2759 2292 2825 animarum,
2323 2756 2404 2810 ad
2435 2754 2671 2809 laudem
2694 2759 2750 2808 et
2779 2753 3035 2821 gloriam
3057 2753 3263 2809 Patris
3284 2759 3339 2809 et
3362 2754 3512 2808 Filii
3535 2757 3594 2808 et

218 2846 488 2912 Spiritus
520 2849 731 2903 sancti.
754 2851 968 2904 Amen.

301 2933 431 2988 Duo
455 2937 898 2993 suntnotanda:
941 2944 1011 2991 ιο.
1033 2937 1133 2991 Hic
1155 2937 1425 2992 desinere
1457 2953 1612 3007 Opus
1642 2936 1810 3005 illud,
1846 2935 2012 3006 quod
2039 2937 2406 2990 tentaverant
2433 2935 2685 3000 Fratres;
2714 2931 2795 2985 illi
2815 2929 3035 3001 quippe
3056 2936 3316 3001 quatuor
3332 2929 3594 3001 capitula

218 3022 524 3079 adversus
549 3028 768 3081 Graecos
783 3027 1206 3098 probaverant,
1225 3027 1442 3082 deinde
1465 3026 1804 3081 clausulam
1826 3026 2038 3092 Amen,
2055 3041 2178 3096 qua
2194 3024 2332 3078 linis
2352 3022 2548 3094 operis
2574 3020 2895 3085 indicatur,
2912 3020 3285 3089 adjecerunt:
3307 3019 3590 3090 denique,

217 3115 284 3167 ut
316 3111 548 3183 patebit
573 3114 838 3184 inferius,
857 3132 994 3187 quie
1023 3125 1358 3187 sequuntur
1377 3133 1447 3169 ex
1477 3117 1608 3170 aliis
1636 3115 1875 3186 scriptis
1901 3117 2042 3168 sunt
2063 3117 2360 3182 excerpta.
2396 3115 2475 3164 2°.
2501 3111 2643 3163 lnde
2697 3114 2853 3179 patet
2875 3107 3297 3164 Pantaleonem
3322 3122 3442 3162 non
3461 3122 3593 3162 esse

210 3201 398 3272 hujus
431 3204 632 3275 scripti
653 3211 982 3271 auctorem,
1017 3211 1222 3276 utpote
1247 3206 1348 3277 qui
1383 3206 1678 3260 diaconus
1715 3212 1817 3259 aut
1846 3201 2180 3276 aliquando
2204 3200 2552 3255 monasterii
2591 3199 2926 3271 presbyter,
2951 3213 3074 3252 non
3090 3213 3231 3252 vero
3258 3197 3594 3252 monachus

213 3291 474 3348 dicatur.
505 3300 576 3349 At
610 3294 931 3350 indubiam
964 3300 1071 3362 est,
1096 3295 1265 3349 illum
1295 3300 1616 3350 tractatum
1643 3310 1679 3349 a
1708 3291 2025 3348 monachis
2054 3289 2392 3345 confectum
2423 3289 2631 3352 fuisse,
2659 3294 2715 3342 et
2747 3303 3124 3357 anonymum
3156 3301 3467 3341 remanere
3496 3285 3596 3341 de-

217 3380 450 3451 buisse,
479 3389 540 3438 ut
567 3383 760 3439 solent
784 3399 920 3456 qua
941 3386 1114 3453 jussu
1147 3391 1402 3454 etopera
1419 3383 1903 3453 congregationis
1928 3380 2182 3449 alicujus
2201 3379 2424 3450 scripta
2453 3384 2627 3432 sunt:
2663 3376 2799 3432 ideo
2831 3375 3122 3448 plurimos
3142 3379 3418 3430 auctores
3447 3389 3597 3446 prae

219 3469 336 3525 fert
365 3475 422 3526 et
451 3487 686 3542 semper
717 3473 935 3545 plurali
956 3488 1210 3528 numero
1239 3487 1372 3527 sese
1405 3473 1671 3527 indicant
1700 3476 2011 3526 auctores:
2045 3469 2118 3523 In
2147 3469 2434 3537 prooemio
2465 3468 2648 3536 hujus
2679 3466 2956 3534 opusculi
2985 3467 3184 3520 testati
3207 3479 3433 3520 sumus.

296 3561 573 3618 Secunda
600 3577 740 3633 pars
773 3577 896 3633 non
929 3562 1036 3617 fuit
1056 3561 1614 3626 Dominicanorum,
1639 3560 1740 3614 sed
1775 3559 2039 3628 Hugonis
2068 3557 2410 3624 Etheriani,
2446 3557 2545 3627 qui
2581 3555 2802 3612 saculo
2817 3554 3112 3626 praeterito
3143 3555 3376 3610 Gracos
3392 3552 3597 3609 confuo

227 3655 476 3706 taverat.
511 3651 686 3706 Miror
713 3629 830 3706 hoc
860 3666 983 3705 non
1024 3650 1239 3704 vidisse
1269 3650 1426 3705 viros
1457 3649 1739 3714 eruditos,
1782 3649 2024 3720 quippe,
2061 3653 2142 3711 3ο,
2178 3649 2260 3702 sic
2287 3647 2618 3719 loquuntur
2659 3647 2884 3700 Fratres
2917 3643 3336 3698 Pradicatores
3370 3659 3382 3697 :
3434 3642 3599 3710 Quod

227 3738 364 3793 licet
377 3741 504 3806 jam
526 3744 794 3811 quatuor
812 3739 987 3795 dictis
1003 3739 1280 3794 articulis
1301 3739 1762 3807 demonstretur,
1781 3746 1978 3793 tamen
2000 3739 2199 3794 adhuc
2219 3739 2278 3792 in
2303 3737 2393 3792 his
2411 3750 2542 3806 quas
2562 3735 2827 3804 subjecta
2845 3742 2984 3789 sunt
3006 3733 3359 3799 ostenditur,
3376 3747 3506 3805 qua
3522 3747 3598 3788 ea:

223 3826 405 3881 dictis
424 3831 700 3898 magistri
721 3831 998 3898 Hugonis
1029 3829 1390 3884 dit/teriam
1409 3843 1604 3896 nuper
1628 3833 1901 3883 extracta
1923 3826 2062 3882 huic
2087 3828 2254 3894 operi
2279 3826 2565 3880 duximus
2587 3822 2916 3879 inserenda.
2947 3823 3171 3878 Dicunt
3197 3823 3351 3877 enim
3375 3825 3430 3878 et
3449 3822 3596 3877 scri-

223 3917 402 3981 bunt,
435 3922 538 3972 etc.
573 3918 750 3973 Vides
777 3918 874 3974 hic
903 3917 1073 3973 ﬁnito
1099 3933 1299 3988 opere,
1327 3917 1612 3988 quadam
1644 3931 1714 3970 ex
1741 3915 2007 3986 Hugonis
2039 3916 2274 3972 Etherii
2308 3914 2543 3985 scriptis
2573 3913 2769 3984 adjici.
2807 3911 2962 3977 Quid
2991 3912 3367 3968 evidentius?
3403 3913 3596 3966 Unum

224 4009 434 4060 tamen
464 4006 602 4062 addi
634 4010 851 4078 potest,
885 4005 1076 4061 multa
1097 4005 1179 4060 ibi
1205 4005 1323 4060 dici
1343 4020 1480 4076 qua
1518 4003 1819 4059 Fratribus
1853 4004 2351 4061 Pradicatoribus
2392 4018 2518 4058 non
2548 4001 2927 4058 conveniant.
2956 4002 3181 4056 Asserit
3208 4005 3436 4067 auctor,
3468 4010 3600 4056 sese

221 4093 390 4150 velut
424 4095 794 4166 singularem
818 4110 1143 4167 personam
1173 4093 1468 4159 indicans,
1502 4093 1726 4148 vidisse
1755 4095 2096 4150 sacerdotes
2126 4093 2376 4150 sacratis
2409 4091 2696 4147 manibus
2728 4092 2834 4162 qui
2854 4091 2966 4146 viri
3001 4091 3364 4160 sanguinum
3391 4095 3596 4159 essent,

213 4185 366 4242 dum
394 4193 790 4258 sequerentur
819 4189 1242 4255 imperatorem
1277 4199 1388 4254 per
1427 4185 1874 4253 Cappadociam
1902 4187 2343 4253 Persarumque
2378 4183 2665 4251 regiones.
2716 4179 2965 4250 Subjicit
3005 4177 3224 4234 deinde
3272 4195 3334 4233 se
3378 4179 3600 4235 vidisse

217 4275 467 4331 clericos
500 4277 818 4347 fustigatos
851 4283 907 4331 et
936 4275 1300 4334 verberatos.
1336 4274 1574 4329 sublata
1598 4275 1764 4344 prius
1803 4279 2050 4345 τιματίῳ,
2084 4274 2200 4328 hoc
2232 4276 2323 4326 est
2360 4277 2516 4326 veste
2554 4271 2846 4336 clericali,
2877 4269 3059 4340 idque
3089 4268 3205 4340 ipsi
3236 4269 3507 4323 evenisse
3535 4267 3598 4323 in

221 4367 426 4421 Nicaea
449 4367 710 4421 civitate.
742 4372 831 4421 An
863 4364 1073 4420 credas
1107 4366 1374 4419 Fratrum
1399 4378 1644 4434 gregem
1676 4363 1940 4431 vestigiis
1961 4361 2341 4434 imperatoris
2372 4358 2881 4424 adhasisse,dum
2904 4357 3229 4414 Orientales
3253 4359 3603 4429 peragraret

223 4457 503 4527 regiones
534 4457 560 4510 ?
594 4455 834 4524 Deinde,
879 4455 1016 4527 quis
1048 4454 1374 4526 imperator
1405 4453 1502 4507 ille
1530 4453 1560 4506 ‘t
1587 4457 1674 4507 An
1709 4451 2037 4506 Balduinus
2083 4453 2145 4517 ll,
2189 4450 2296 4522 qui
2334 4466 2365 4505 e
2403 4452 2573 4520 parte
2614 4448 2957 4503 Latinorum
2995 4449 3295 4519 praerat?
3343 4446 3460 4503 Sed
3501 4445 3597 4502 hic

230 4543 524 4598 adversus
546 4546 754 4599 Persas
781 4543 1006 4598 bellum
1026 4557 1348 4613 nunquam
1379 4543 1584 4611 gessit.
1613 4543 1828 4595 Verum
1854 4540 2104 4612 quidem
2130 4545 2235 4604 est,
2261 4539 2557 4594 Joannem
2582 4539 2902 4602 Vatatzem,
2925 4552 3108 4608 quem
3131 4537 3361 4592 Ducam
3391 4535 3597 4607 appel-

229 4631 365 4687 lant
393 4631 650 4702 plurimi,
680 4632 888 4688 Nicaa
919 4631 1125 4686 sedem
1155 4628 1529 4701 imperialem
1562 4628 1868 4683 habuisse.
1903 4629 2017 4684 Sed
2047 4627 2364 4683 verisimile
2398 4641 2521 4681 non
2568 4624 2634 4680 tit
2675 4625 3102 4680 Pradicatores
3141 4640 3212 4680 eo
3243 4629 3511 4697 tempore
3537 4624 3600 4679 in

230 4721 368 4790 ejus
394 4719 592 4777 aulam
622 4719 928 4776 admissos
959 4719 1170 4776 itinera
1200 4734 1338 4774 cum
1371 4718 1504 4789 ipso
1536 4717 1701 4772 varia
1727 4717 2076 4775 confecisse.
2109 4719 2243 4772 Hac
2268 4731 2393 4771 non
2421 4714 2606 4770 modo
2633 4714 2997 4779 verisimilia,
3027 4713 3134 4769 sed
3161 4729 3304 4770 vera
3347 4717 3486 4769 sunt
3523 4713 3604 4769 de

223 4809 510 4875 :Etherio,
557 4810 686 4882 qui,
732 4825 871 4865 cum
919 4809 1116 4878 gratia
1152 4823 1395 4862 summa
1436 4805 1683 4878 polleret
1729 4806 1896 4877 apud
1927 4805 2256 4862 Manuelem
2288 4804 2686 4872 Comnenum,
2721 4803 2940 4859 Latinis
2968 4803 3273 4858 faventem
3297 4806 3355 4858 et
3379 4800 3599 4874 sapius

224 4899 521 4955 adversus
549 4901 771 4954 Turcas
798 4899 1249 4968 Saracenosque
1279 4893 1755 4964 belligerantem,
1777 4894 1979 4966 ipsum
2004 4911 2111 4967 per
2127 4894 2325 4951 varios
2352 4909 2528 4949 casus
2550 4898 2605 4948 et
2621 4892 2972 4948 discrimina
2991 4908 3192 4948 rerum
3211 4891 3596 4964 sequebatur.

227 4990 425 5044 Unum
451 4987 636 5058 objici
667 4991 879 5058 potest,
901 5002 1040 5058 qua
1068 4984 1350 5055 leguntur
1378 4984 1440 5038 in
1479 4985 1773 5039 Tractatu
1801 4989 2017 5040 contra
2046 4985 2282 5039 Graecos
2311 4997 2434 5038 non
2465 4981 2708 5054 reperiri
2733 4981 2898 5052 apud
2919 4981 3254 5038 [Etherium
3279 4998 3292 5044 ;
3325 4978 3430 5034 sed
3458 4971 3599 5034 inde

225 5092 388 5133 nova
417 5076 561 5132 oriri
588 5081 784 5148 potest
813 5074 1177 5145 conjectura,
1208 5072 1471 5146 plurima
1500 5071 1764 5127 edidisse
1807 5071 2132 5127 Etherium
2165 5069 2459 5142 opuscula
2499 5069 2793 5125 adversus
2823 5070 3078 5136 Gracos,
3107 5085 3180 5125 ex
3207 5067 3430 5141 quibus
3461 5082 3598 5139 qua

225 5163 324 5220 hic
355 5165 744 5237 proferuntur
770 5162 992 5219 fuerint
1021 5167 1320 5234 excerpta.

297 5255 488 5312 Tertia
517 5253 786 5326 denique
815 5268 955 5325 pars
984 5252 1166 5322 hujus
1195 5249 1416 5322 scripti,
1447 5249 1526 5306 ab
1556 5249 1686 5305 aliis
1709 5249 1888 5322 plane
1912 5249 2172 5318 diversa,
2203 5249 2467 5305 continet
2496 5252 2730 5305 tantum
2772 5246 3178 5304 narrationem
3206 5246 3464 5319 portenti
3493 5263 3597 5303 cu-

215 5345 470 5416 jusdam
501 5344 670 5417 quod
698 5341 1070 5414 temporibus
1096 5339 1392 5397 Michaelis
1424 5339 1705 5396 Cerularii
1731 5339 1938 5396 debuit
1962 5339 2252 5396 evenisse.
2288 5339 2402 5395 Sed
2428 5353 2550 5393 non
2578 5337 2771 5410 potuit
2794 5335 3016 5392 habere
3043 5338 3272 5392 Fratres
3312 5337 3600 5394 Pradica-

226 5442 382 5492 tores
412 5443 721 5502 auctores,
753 5433 861 5507 qui
891 5432 1058 5505 prius
1087 5432 1217 5488 fuse
1245 5435 1493 5500 egerant
1521 5430 1596 5485 de
1625 5429 1946 5488 schismate
1975 5427 2294 5494 Michaelis,
2328 5431 2385 5484 et
2409 5443 2483 5483 ne
2515 5425 2768 5482 verbum
2794 5425 3042 5497 quidem
3086 5426 3161 5481 de
3191 5425 3291 5482 illo
3322 5430 3599 5498 portento

230 5524 522 5597 dixerant,
560 5525 861 5600 quodque
896 5522 1030 5577 huic
1060 5521 1229 5593 operi
1260 5521 1386 5577 sine
1415 5520 1612 5577 fibula
1633 5519 1742 5577 fuit
1767 5519 2037 5576 afﬁxam.
2070 5517 2176 5575 Illa
2193 5517 2393 5574 brevis
2424 5514 2688 5573 narratio
2717 5517 2911 5588 potest
2930 5529 3060 5570 esse
3087 5515 3486 5583 Pantaleonis,
3505 5514 3601 5570 cui

219 5615 378 5678 male
407 5623 608 5679 totum
638 5630 798 5689 opus
827 5610 1210 5672 adscribitur.
