4134 6384
529 298 639 368 ιετ

1735 296 2219 367 PANTALEONIS
2255 297 2541 369 DIACONI
2579 310 2686 368 ΟΡ.

3794 305 3905 364 488

1896 582 2534 668 TRACTATUS

1084 800 1657 910 CONTRA
1726 800 2393 912 ERRORES
2470 794 3354 929 GRZECORUM,
3434 810 3445 830 “

746 1031 855 1095 DE
897 1030 1481 1095 PROCESSIONE
1527 1030 1925 1096 SPIRITUS
1971 1032 2297 1097 SANCTI.
2345 1032 2455 1095 DE
2497 1031 2953 1096 ANIMABUS
2999 1025 3674 1094 DEFUNCTORUM.

1571 1165 1682 1226 DE
1724 1164 2049 1229 AZYMIS
2094 1166 2203 1230 ET
2242 1165 2850 1239 FERMENTATO,

1403 1298 1515 1361 DE
1565 1298 2079 1362 OBEDIENTIA
2120 1300 2516 1364 ROMANAS
2560 1298 3016 1375 ECCLESIZE,

695 1430 917 1493 Editus
978 1429 1555 1511 Constantinopoli,
1615 1432 1677 1494 in
1736 1433 1987 1496 aedibus
2049 1433 2345 1496 Fratrum
2405 1434 2935 1506 Prtedicatorum,
3003 1450 3170 1493 anno
3235 1428 3492 1493 Domini
3555 1430 3735 1491 1252.

606 1751 762 1808 Licet
780 1753 1117 1808 Graecorum
1143 1751 1476 1809 Ecclesiam
1506 1752 1795 1811 virtutum
1835 1752 2087 1810 ﬂoribus
2127 1755 2185 1810 et
2210 1755 2258 1809 A
2296 1756 2583 1809 creatura:
2613 1751 2887 1809 fermenti
2911 1751 3166 1809 termino
3183 1749 3390 1807 volens
3414 1751 3913 1815 coarctare,voce

532 1840 929 1914 philosophia:
971 1840 1179 1898 studiis
1226 1840 1370 1898 olim
1417 1841 1765 1900 decoratam
1810 1843 2179 1912 noverimus,

532 1946 645 1986 nec
681 1946 804 1986 non
842 1934 901 1986 et
942 1934 1289 1987 sanctorum
1326 1932 1586 1999 Patrum,
1629 1932 2086 2004 prophetarum,
2129 1936 2187 1987 et

534 2018 949 2092 apostolorum
997 2018 1184 2075 veloci
1216 2034 1396 2075 cursu
1422 2019 1662 2076 calcans
1695 2020 1965 2090 vestigia,
1995 2037 2185 2093 quam

534 2108 736 2181 plures
769 2123 843 2163 ex
871 2123 933 2163 se
968 2107 1141 2163 vivos
1169 2112 1227 2164 et
1249 2107 1471 2178 iguitos
1500 2108 1735 2181 lapides
1768 2109 1831 2164 in
1861 2108 2185 2165 aediﬁcium

535 2213 809 2271 supernae
887 2196 1215 2254 Jerusalem
1287 2196 1521 2254 dudum
1586 2198 1985 2255 transmiserit
2047 2214 2185 2255 con-

533 2285 909 2355 struendum,
939 2301 1102 2341 nunc
1125 2289 1329 2341 tamen
1357 2286 1419 2341 in
1458 2286 1575 2343 ﬁne
1622 2291 1981 2360 temporum,
2018 2286 2185 2359 quod

533 2377 661 2431 sine
691 2374 859 2445 gravi
878 2389 1136 2430 maerore
1172 2374 1438 2446 proferre
1465 2390 1591 2431 non
1621 2391 1968 2447 possumus,
2012 2375 2186 2431 innu-

531 2465 715 2521 meris
736 2468 793 2519 et
818 2462 1067 2519 diversis
1092 2478 1364 2519 errorum
1389 2463 1708 2521 obfuscata
1734 2463 2094 2531 turbinibus,
2121 2464 2183 2519 in

531 2554 747 2611 eadem
758 2551 1012 2623 caligine
1026 2568 1272 2608 suarum
1283 2552 1658 2624 opinionum,
1673 2554 1914 2610 diversa
1927 2570 1962 2610 a
1974 2560 2185 2610 sancta

530 2645 803 2699 Romana
830 2640 1094 2696 Ecclesia
1122 2647 1482 2712 perseverat.
1534 2644 1600 2697 Et
1643 2641 1921 2714 quamvis
1948 2640 2184 2698 inﬁnita

528 2730 852 2788 haeresium
879 2729 1149 2800 germina
1178 2745 1216 2785 a
1257 2729 1532 2786 trecentis
1568 2731 1873 2800 octoginta
1896 2730 2097 2798 annis,
2126 2735 2185 2787 et

528 2820 706 2889 circa,
754 2819 819 2875 id
856 2824 964 2887 est,
1007 2833 1045 2874 a
1085 2823 1355 2891 tempore
1405 2820 1614 2883 Photii,
1659 2819 1751 2876 vel
1793 2819 2025 2876 Photini
2079 2820 2178 2891 (1),

524 2909 706 2983 primi
733 2909 917 2980 hujus
948 2907 1290 2964 schismatis
1317 2909 1667 2975 inventoris,
1691 2909 1755 2965 in
1783 2908 2036 2965 diversis
2058 2910 2183 2965 suis

524 2998 818 3071 partibus,
868 3003 1115 3070 propter
1159 2996 1460 3067 defectum
1505 2997 1788 3065 scientiae,
1833 3002 1891 3053 et
1940 2997 2181 3054 invidiae

2291 1840 2652 1914 blasphema
2671 1841 2975 1915 praedicat,
2996 1857 3120 1897 non
3140 1839 3253 1896 nisi
3280 1839 3342 1895 in
3369 1837 3706 1895 fermentati
3723 1836 3913 1909 panis

2294 1930 2550 1987 materia
2578 1930 2783 2002 perﬁci
2806 1946 2982 2003 posse
3009 1928 3366 2002 mysterium
3390 1926 3774 1985 sacramenti.
3800 1926 3912 1982 His

2291 2020 2494 2092 itaque
2522 2019 2684 2089 ﬁdei,
2729 2026 2786 2077 et
2829 2019 3154 2087 charitatis,
3189 2018 3439 2091 speique
3478 2015 3823 2083 virtutibus,
3873 2032 3913 2073 a

2293 2109 2579 2165 cordibus
2602 2109 2873 2167 ﬁdelium
2899 2110 3062 2166 dicto
3094 2107 3292 2165 studio
3323 2112 3380 2163 et
3407 2106 3621 2163 ordine
3649 2104 3869 2162 deletis
3897 2121 3911 2161 :

2294 2197 2525 2267 ultimo,
2577 2198 2640 2254 in
2698 2199 2875 2255 totius
2941 2195 3534 2254 consummationem
3599 2192 3911 2266 nequitiae,

2293 2292 2579 2359 quartum
2608 2303 2743 2344 eam
2764 2286 2866 2354 (ad
2886 2303 3075 2359 quam
3094 2286 3317 2343 horum
3345 2288 3402 2341 et
3430 2282 3718 2339 similium
3743 2296 3915 2339 erro-

2292 2392 2430 2432 rum
2454 2379 2686 2449 spectat
2704 2376 3034 2447 correctio),
3055 2375 3119 2431 id
3135 2379 3239 2441 est,
3260 2378 3536 2431 sanctam
3562 2374 3913 2428 Romanam

2295 2464 2643 2531 Ecclesiam,
2663 2464 3048 2535 aggreditur;
3080 2479 3191 2519 nec
3217 2462 3271 2519 ei
3290 2460 3702 2519 obediendum
3733 2475 3914 2516 eom-

2293 2553 2555 2610 muniter
2593 2553 2919 2610 asserendo
2960 2552 3269 2626 praedicat,
3309 2550 3582 2608 moribus
3612 2546 3910 2616 afﬁrmat,

2294 2648 2351 2700 et
2373 2642 2543 2700 factis
2567 2642 2727 2699 dicit.

2367 2735 2584 2790 Contra
2602 2748 2757 2805 quos
2778 2747 3008 2789 errores
3038 2729 3349 2804 pestiferos
3373 2727 3646 2802 quamvis
3674 2725 3913 2782 multo-

2293 2838 2427 2878 rum
2440 2822 2570 2894 jam
2586 2821 2856 2878 ﬁdelium
2870 2819 3186 2877 desudavit
3198 2819 3391 2887 labor,
3408 2822 3464 2874 et
3480 2815 3734 2889 plurima
3748 2813 3910 2870 scri-

2292 2917 2397 2983 pta
2408 2911 2487 2968 ad
2499 2911 2913 2968 defensionem
2925 2926 3081 2967 vera;
3091 2908 3231 2966 ﬁdei
3243 2907 3547 2965 catholicae
3559 2903 3911 2961 dimiserint

2292 3000 2685 3073 perlegenda:
2713 3000 2860 3073 quia
2887 3005 3090 3056 tamen
3107 2996 3387 3055 moderni
3412 2994 3617 3063 Grmci,
3630 2992 3778 3050 novi
3796 3009 3908 3066 pa-

524 3086 1011 3153 amaritudinem,
1040 3086 1353 3141 manifeste
1383 3085 1845 3158 pullulaverint:
1880 3088 2181 3158 praecipue
2212 3105 2253 3160 Β
2291 3090 2450 3160 riter,
2484 3093 2541 3145 et
2570 3089 2803 3161 antiqui
2837 3086 3224 3155 schismatici,
3263 3102 3375 3142 nec
3404 3083 3775 3154 argumentis
3802 3080 3906 3139 vel

521 3180 729 3234 tamen
766 3175 829 3231 in
870 3180 1133 3247 quatuor
1161 3173 1424 3230 articulis
1466 3175 1836 3245 generaliter,
1868 3190 1977 3231 seu
2013 3191 2175 3232 com-

520 3263 782 3321 muniter
808 3263 1178 3333 dignoscitur
1196 3262 1438 3320 deviare
1458 3280 1494 3320 a
1518 3264 1717 3321 nobis.
1752 3266 2020 3331 Quorum
2047 3264 2175 3337 pri-

520 3369 681 3419 mus,
707 3352 853 3425 quia
874 3351 953 3408 ab
978 3352 1113 3423 ipsa
1134 3351 1338 3409 divina
1367 3352 1680 3423 majestate
1716 3353 2031 3420 inchoans,
2071 3368 2175 3409 ore

520 3441 752 3513 polluto
778 3440 1040 3499 affirmat
1076 3446 1286 3497 contra
1313 3442 1685 3514 opinionem,
1707 3442 1831 3498 imo
1858 3441 2046 3498 ﬁdem
2075 3457 2176 3499 ca-

520 3530 824 3596 tholicam,
876 3530 1110 3587 tertiam
1155 3546 1483 3602 personam
1525 3531 1586 3587 in
1624 3530 1920 3598 Trinitate,
1967 3530 2030 3586 id
2063 3536 2173 3600 est,

521 3620 805 3693 Spiritum
843 3624 1121 3676 sanctum
1167 3641 1194 3670 ‹‹
1233 3637 1271 3678 a
1309 3620 1452 3676 Filio
1484 3620 1733 3677 minime
1764 3619 2113 3692 procedere,
2140 3642 2171 3672 ››

516 3709 608 3766 vel
639 3708 874 3781 spirari,
901 3713 1005 3765 aut
1032 3708 1437 3765 exsistentiam
1460 3708 1708 3765 habere.

589 3797 902 3855 Secundus
932 3803 1156 3865 autem,
1180 3797 1516 3854 secundum
1538 3796 1869 3869 theologos,
1890 3798 2172 3856 virtutem

514 3903 770 3944 numero
791 3886 1147 3957 secundam,
1172 3886 1234 3943 id
1260 3891 1349 3943 est
1367 3902 1539 3959 spem
1559 3886 1852 3959 ﬁdelium,
1874 3888 2172 3947 virulento

514 3977 837 4034 conanime
859 3976 1199 4033 interimere
1239 3975 1510 4042 studens,
1544 3977 1778 4045 asserit,
1806 4001 1827 4027 ι
1862 3978 2172 4035 defuncto-

511 4082 651 4123 rum
685 4066 924 4123 animas
962 4082 1075 4122 nec
1104 4066 1376 4124 Paradisi
1405 4066 1642 4136 gaudiis
1666 4067 1912 4139 perfrui,
1941 4084 2054 4124 nec
2076 4070 2168 4125 in-

512 4154 824 4211 fernarum
869 4155 1198 4228 suppliciis,
1249 4154 1344 4211 vel
1384 4155 1522 4227 igne
1562 4157 1930 4229 purgatorio,
1970 4179 1990 4206 ι
2021 4157 2173 4214 citra

514 4242 675 4299 diem
690 4243 919 4315 judicii,
936 4250 1040 4301 aut
1066 4248 1204 4301 ante
1228 4243 1417 4301 latam
1436 4245 1797 4303 sententiam
1812 4249 2169 4317 extremam,

506 4331 748 4404 judiciis
776 4349 953 4406 posse
977 4334 1311 4406 subiacere.

586 4422 818 4480 Tertius
848 4439 987 4482 vero
1015 4424 1220 4497 ipsam
1240 4425 1669 4498 omnipotentis
1713 4424 1812 4481 Dei
1835 4424 2169 4497 potentiam

2287 3178 2643 3246 rationibus,
2675 3193 2787 3233 nec
2816 3193 3002 3234 sacrae
3025 3176 3345 3249 Scripturae
3376 3172 3751 3242 testimoniis,
3776 3170 3901 3226 nisi

2290 3283 2542 3324 suorum
2563 3266 2797 3340 scriptis
2819 3273 3187 3331 sanctorum,
3201 3264 3422 3338 quibus
3445 3262 3773 3336 plurimum
3798 3259 3896 3315 in-

2286 3356 2558 3413 nituntur
2578 3359 2703 3412 tam
2722 3355 3111 3429 apocryphis,
3139 3370 3327 3427 quam
3352 3353 3529 3415 veris,
3556 3351 3771 3408 nolunt
3800 3364 3903 3404 su-

2287 3445 2484 3518 perari
2504 3464 2516 3502 :
2541 3444 2815 3502 fraternis
2831 3459 3074 3518 quoque
3095 3442 3376 3516 precibus
3389 3440 3735 3508 inclinatus,
3747 3453 3904 3510 qua-

2285 3532 2415 3589 liter
2436 3549 2510 3589 ex
2530 3532 2653 3588 suis
2680 3532 2846 3588 libris
2875 3547 3085 3588 eorum
3112 3530 3501 3587 convincatur
3539 3525 3899 3600 pertinacia,

2285 3622 2522 3692 virtute,
2554 3637 2680 3694 qua
2706 3626 2938 3693 potero,
2964 3618 3278 3676 ostendere
3306 3616 3626 3674 laborabo.

2360 3711 2417 3768 Si
2471 3710 2619 3783 quid
2656 3725 2799 3781 ergo
2816 3708 3019 3780 vobis,
3051 3708 3232 3764 frater
3278 3705 3650 3775 charissima,
3695 3703 3761 3760 in
3802 3703 3906 3760 his

2286 3804 2525 3873 gratum
2538 3800 2730 3867 fuerit,
2748 3798 2828 3855 ad
2844 3798 3071 3855 fontem
3086 3797 3389 3854 bonorum
3406 3794 3682 3852 omnium
3700 3795 3905 3849 Deum

2282 3892 2624 3955 referentes,
2639 3889 2712 3962 ei,
2728 3888 2824 3945 cui
2844 3903 3025 3945 omne
3046 3903 3149 3943 cor
3169 3891 3351 3960 patet,
3375 3892 3429 3944 et
3460 3883 3662 3941 omnis
3682 3880 3905 3939 volun-

2283 3984 2376 4035 tas
2423 3980 2707 4053 loquitur,
2758 3978 3100 4035 orationum
3138 3974 3476 4049 frequentia
3526 3988 3625 4028 me
3675 3970 3904 4027 sedulo

2283 4068 2727 4126 commendate.
2767 4067 2825 4123 Si
2871 4083 2997 4139 qua
3034 4081 3192 4132 vero,
3234 4068 3450 4137 praeter
3492 4060 3904 4119 intentionem

2282 4174 2505 4228 meam,
2521 4157 2721 4213 minus
2732 4156 2960 4213 veritati
2980 4169 3250 4211 consona
3266 4153 3470 4209 forsan
3482 4149 3901 4224 apparebunt,

2281 4251 2496 4305 vestrae
2543 4245 2924 4303 correctionis
2971 4244 3120 4300 lima
3174 4242 3501 4315 depuretis,
3551 4239 3629 4295 ad
3680 4238 3905 4295 lumen

2281 4336 2545 4393 veritatis
2574 4334 2955 4392 charitatisve
2982 4333 3361 4399 reducentes,
3393 4345 3545 4386 mete
3571 4326 3903 4401 imperitia

2283 4430 2340 4482 et
2365 4425 2668 4484 brevitatis
2692 4424 2913 4497 inopiae
2933 4422 3175 4481 veniam
3204 4418 3569 4479 concedatis.

1455 4602 1932 4671 SEQUUNTUB
1973 4603 2417 4664 OPINIONES
2453 4604 2940 4661 GRzECORUM.

513 4728 794 4787 Rationes
820 4728 1183 4804 Graecorum
1213 4729 1295 4786 ad
1311 4729 1575 4797 primum
1607 4730 1935 4804 articulum
1957 4747 1977 4784 .·
2009 4731 2171 4802 quod
2278 4730 2573 4804 procedat
2602 4729 2853 4802 Spiritus
2875 4696 3157 4784 sanctus?
3181 4729 3332 4796 Ergo
3353 4722 3905 4797 superﬂuitsecun-

715 4802 982 4871 Spiritus
1006 4807 1252 4858 sanctus
1275 4816 1398 4855 non
1411 4799 1705 4869 procedat
1727 4815 1765 4857 a
1782 4800 1962 4857 Filio.

581 4908 766 4979 Igitur
793 4908 981 4964 Graeci
1005 4908 1269 4981 primum
1299 4904 1618 4963 articulum
1646 4905 1768 4961 suis
1806 4906 2165 4981 rationibus,

511 5000 569 5054 et
596 4997 1022 5055 auctoritutum
1044 4994 1399 5053 testimoniis
1430 4993 1753 5051 defendere
1773 4993 2063 5069 volentes,
2085 4997 2169 5054 ita

509 5086 864 5159 procedunt.

580 5176 778 5232 Primo
807 5193 819 5232 :
856 5176 915 5233 Si
940 5173 1190 5247 Spiritus
1216 5175 1480 5241 sanctus,
1508 5171 1811 5246 inquiunt,
1846 5174 2171 5247 procedita

506 5264 1039 5333 Patre,secundum
1052 5261 1463 5333 Evangelium,
1480 5263 1864 5335 autprocedit
1876 5264 2169 5337 perfecte;

512 5355 657 5422 sive,
692 5353 796 5410 illa
833 5352 1141 5425 processio
1170 5351 1435 5425 perfecta
1472 5356 1583 5423 est,
1619 5357 1722 5410 aut
1740 5368 1905 5411 non:
1959 5354 2011 5410 si
2035 5369 2171 5426 per-

509 5444 682 5513 fecta,
709 5446 776 5499 ut
803 5440 1165 5508 concedetis,
1191 5456 1380 5513 quare
1418 5456 1668 5499 necesse
1702 5448 1815 5513 est,
1855 5447 1922 5500 ut
1950 5459 1987 5501 a
2026 5443 2169 5500 Filio

2281 4821 2364 4878 da
2400 4820 2727 4893 processio,
2767 4817 2936 4891 quod
2976 4821 3065 4872 est
3107 4813 3505 4888 superﬂuum,
3537 4817 3643 4871 aut
3680 4812 3903 4871 incon-

2279 4911 2529 4967 veniens
2558 4910 2620 4965 in
2647 4908 2983 4964 Divinitate.
3017 4908 3192 4977 Ergo,
3225 4910 3336 4962 etc.

2355 5000 2522 5066 Item,
2553 5013 2693 5055 cum
2727 5012 2853 5053 una
2897 4996 2973 5052 sit
2996 5010 3184 5051 causa
3212 4998 3271 5050 et
3296 4992 3432 5049 fons
3461 4991 3524 5048 in
3550 4990 3899 5064 Divinitate,

2283 5088 2503 5145 scilicet
2539 5090 2728 5156 Pater,
2756 5090 2880 5143 tam
2924 5084 3101 5141 Filius
3140 5098 3329 5156 quam
3358 5082 3610 5154 Spiritus
3639 5086 3903 5138 sanctus

2282 5177 2580 5233 exsistunt
2606 5192 2644 5232 a
2673 5178 2862 5241 Patre,
2888 5173 2985 5230 ille
3011 5188 3118 5245 per
3147 5172 3619 5244 generationem,
3648 5169 3759 5226 iste
3784 5186 3908 5243 per

2281 5265 2757 5337 processionem.
2785 5263 2899 5320 Sed
2928 5264 2977 5318 si
3003 5278 3040 5318 a
3067 5261 3208 5317 Filio
3231 5260 3458 5317 exsistit
3485 5264 3590 5315 aut
3617 5260 3906 5331 procedit

2285 5354 2537 5427 Spiritus
2564 5358 2837 5423 sanctus,
2860 5352 3041 5409 etiam
3071 5350 3247 5407 Filius
3269 5350 3377 5406 erit
3413 5364 3601 5407 causa
3639 5348 3905 5419 Spiritus

2282 5446 2496 5513 sancti,
2523 5447 2582 5502 et
2597 5444 2681 5502 ita
2701 5442 2838 5500 duae
2866 5456 3067 5501 causae
3093 5456 3105 5497 :
3130 5444 3187 5499 et
3214 5455 3322 5514 per
3341 5451 3743 5511 consequens,
3766 5437 3901 5497 duo

578 5594 659 5669 (1)
695 5592 841 5655 Male
868 5610 886 5666 ;
916 5592 1159 5657 Photius
1187 5593 1350 5656 enim
1374 5610 1413 5660 a
1438 5595 1690 5659 Photino
1718 5595 1829 5658 fuit
1847 5596 2029 5671 plane
2058 5596 2360 5677 diversus,
2390 5600 2527 5660 BAS.
