2067 3192
97 57 146 78 ια’.-
200 53 271 74 ,4,ίᾼ
291 54 326 70 ⁴-.ν
352 55 364 67 Ἰ
459 70 462 71 ,

308 194 478 228 minus.
492 196 561 227 Sed
575 195 635 227 hoc
651 198 698 227 est
710 197 938 230 inconveniens.
952 199 978 227 Α
992 202 1218 249 Filii,
1248 207 1295 236 vel
1308 209 1392 245 quod
1407 210 1533 247 Spiritus
1547 213 1683 244 mittatur
1715 224 1734 247 α
1749 219 1820 249 Filio

94 238 202 276 igitur,
215 240 274 270 etc.

133 283 343 323 Tertium
357 285 390 315 in
403 286 520 315 Joanne
545 285 617 316 dicit
641 286 754 316 Veritas
780 288 937 325 discipulis

98 327 182 358 suis:
195 329 505 368 οιυιόαησωεκησαε
516 331 623 360 audivi
636 339 656 361 a
669 332 764 362 Patre
775 341 850 369 meo,
864 337 937 364 nota

98 374 166 410 feci
177 374 263 404 nobis
274 375 296 404 ἰ
313 375 370 404 [ibi
387 375 461 406 dicit
470 377 592 406 Glossa:
610 388 624 402 ‹‹
643 378 753 406 Omnia
763 380 936 409 necessaria

101 419 146 449 ad
156 419 413 458 ..Μαικήνα
437 424 509 451 sunt
518 422 552 451 in
565 422 737 458 Evangelia.
750 435 765 450 »
782 424 839 453 Sed
862 424 935 454 illud

99 471 169 493 non
180 466 228 493 est
239 464 384 503 scriptum
398 465 432 495 in
458 466 640 502 Evangelia;
667 475 740 503 ergo
756 476 820 497 non
838 471 884 498 est
896 469 935 498 de

98 509 283 539 necessariis
302 509 345 539 ad
366 510 505 541 salutem.
533 512 610 547 Ergo
623 519 686 540 non
708 514 846 542 tenemur
874 522 935 543 cre-

99 553 186 582 dere.
203 553 263 583 Sed
273 561 344 591 qua
362 563 436 584 vera
447 558 518 584 sunt
531 558 669 584 tenemur
690 556 823 592 credere,
840 560 870 586 et
886 566 936 587 ve-

99 597 212 633 nerari,
221 598 359 629 mun'me
379 607 451 637 qua;
464 600 600 629 divinam
613 601 777 630 essentiam
794 602 936 632 videntur

95 641 278 679 praedicare.
293 643 354 673 Sed
365 643 448 673 istud
462 652 525 674 non
539 648 676 674 tenemur
695 646 827 676 credere.
858 649 935 683 Ergo

95 694 162 716 non
172 689 219 717 est
232 695 357 717 verum.

137 732 250 766 Quarto
260 741 269 762 :
280 741 354 763 cum
364 734 478 763 Veritas
493 735 605 764 faceret
614 736 801 765 mentionem
817 737 855 766 de
867 745 935 774 pro-

97 776 237 806 cessione
242 777 372 814 Spiritus
390 779 487 807 sancti
503 779 544 808 ait
553 788 560 808 :
568 780 625 814 Qui
637 788 656 809 a
665 781 759 810 Patre
768 782 904 816 procedit
912 784 934 817 ',

94 828 162 850 non
174 821 267 851 dixit:
288 822 354 852 Eta
368 823 452 852 Filio.
472 824 560 857 Quod
574 825 599 852 si
622 824 732 854 Veritas
746 825 829 854 aliud
852 826 936 855 intel-

785 136 926 168 GONTRA
943 138 1091 170 GHECOS

1767 147 1822 186 tot)

992 245 1051 295 hoc
1059 246 1208 295 habuistis
1225 259 1234 278 :
1246 251 1358 287 sciatis,
1369 245 1482 284 vos—vel
1491 264 1553 285 non
1564 245 1734 295 intelligere

991 294 1107 339 ptui-as,
1136 294 1182 339 vel
1209 295 1374 326 intellectas
1403 300 1535 330 studiose
1562 294 1739 339 pervertere,
1766 310 1821 337 aut

991 338 1068 365 certe
1083 345 1138 373 per
1150 338 1356 375 ignorantiam
1369 343 1500 373 multum
1515 353 1533 374 a
1544 348 1668 377 veritate
1695 353 1724 379 et
1749 359 1819 380 san-

990 383 1107 433 ctorum
1121 384 1359 419 expositionibus
1372 387 1504 418 deviare.
1521 391 1618 423 Quare
1634 394 1673 422 ad
1687 402 1754 429 nos,
1766 397 1818 433 qui

988 425 1086 454 fontes
1101 435 1218 462 sumus,
1234 430 1405 466 redeuntes,
1430 434 1534 463 audire
1563 438 1696 471 poteritis
1711 425 1819 469 veriia-i

989 471 1187 520 tem..Dicitur
1199 473 1290 520 igitur
1305 476 1432 512 Spiritus
1448 478 1520 515 Filii,
1550 488 1613 509 non
1627 483 1700 519 quia
1715 492 1819 520 proce-

989 514 1033 543 dit
1045 515 1085 565 ab
1102 524 1148 552 eo,
1164 517 1217 546 sed
1231 520 1377 555 quoniam
1404 514 1521 553 ratione
1535 514 1647 555 divinae
1671 514 1817 566 essentiae,

989 562 1036 588 est
1050 560 1077 588 ei
1091 563 1365 594 ccnsubstantialis.

1026 604 1109 655 Item,
1133 607 1352 655 dicitur‘mitti,
1378 613 1427 640 vel
1453 613 1519 642 dari
1545 623 1563 644 ει
1593 616 1665 646 Filio
1691 619 1820 655 Spiritus

991 652 1124 683 sanctus,
1140 651 1213 687 quia
1228 652 1268 681 ab
1280 653 1348 690 ipso
1362 656 1498 692 mittitur,
1512 658 1550 687 ad
1564 651 1818 694 sanctiﬁcandum

990 698 1153 729 creaturas,
1176 696 1252 726 sicut
1263 698 1295 726 in
1308 699 1426 728 Joanne
1450 702 1515 738 ipse
1541 705 1666 734 testatur
1689 707 1816 738 dicens:

989 739 1022 767 Si
1044 747 1105 767 non
1115 740 1224 774 abiero,
1246 743 1425 773 Paractetus
1436 754 1495 775 non
1504 749 1602 777 veniet
1609 750 1651 778 ad
1658 758 1709 780 vos
1722 753 1751 780 si
1762 761 1818 782 au-

991 786 1047 811 tem
1064 784 1174 818 abiero,
1189 787 1306 816 mittam
1317 796 1384 817 eum
1394 790 1435 818 ad
1451 798 1500 819 vos
1508 793 1530 820 ³.
1549 793 1636 826 Quod
1651 803 1723 824 vero
1746 797 1818 827 alibi

990 827 1062 875 dicit
1072 828 1137 864 ipse
1153 830 1239 858 Filius
1251 840 1257 859 :
1274 833 1333 861 Ille
1345 842 1391 862 me
1416 836 1605 872 clariﬁcabz‘t,
1619 840 1692 875 quia
1705 841 1742 870 de
1753 850 1817 871 meo

93 865 233 915 leuisset,
255 866 342 896 aliud
359 867 506 915 dixisset;
536 876 594 904 ego
619 871 722 898 autem
742 869 840 898 verbis
869 871 935 907 ejus
953 880 974 908 Β
990 874 1115 908 accipiet
1130 875 1149 907 ι,
1167 876 1395 912 intelligendum
1410 883 1465 914 est,
1492 865 1532 909 Ide
1555 865 1740 914 meojPa—tre:

96 910 213 946 addere
230 917 297 940 non
311 911 424 948 audeo,
439 920 496 941 nec
510 921 671 949 praesumo.

134 953 225 991 lim:
239 955 307 984 Non
324 955 425 985 solum
439 956 572 986 Christus
590 958 649 986 hoc
670 958 771 992 tacuit,
797 959 851 987 sed
880 967 936 988 nec

228 999 441 1037 Ilio-{olorum
456 1001 515 1030 tale
529 1001 643 1039 aliquid
652 1003 741 1038 dixit;
756 1003 856 1032 nullus
867 1012 936 1033 san-

303 1044 492 1083 prtedicavit.
521 1046 595 1080 imo,
623 1047 707 1083 quod
728 1048 797 1084 plus
819 1051 875 1084 est,
905 1049 936 1077 in

245 1096 328 1118 veras
342 1088 424 1125 ﬁdei,
442 1092 548 1119 sancta
560 1090 688 1119 concilia
697 1083 771 1120 nihil
781 1101 871 1129 super
878 1093 936 1122 hoc

102 1131 376 1174 ἰωὰ
388 1137 536 1171 ponentes
547 1135 578 1163 in
587 1135 743 1172 Symbolo,
758 1145 826 1173 qua:
836 1145 937 1166 neces-

326 1177 467 1215 salutem,
480 1170 810 1216 omnemradditionein,
820 1182 936 1218 exposi-

105 1218 495 1263 ﬁmﬁeeiarstionem
524 1224 582 1253 sub
598 1224 801 1254 anathematis
816 1226 937 1255 vinculo

329 1269 360 1301 et
371 1268 551 1305 rejecerunt.

141 1311 224 1343 Item.
338 1315 515 1342 nostrorum
534 1314 693 1343 doctorum
707 1323 839 1351 quorum
862 1316 938 1344 auti-

98 1346 461 1395 quissimﬁgiptaapud
466 1366 523 1386 nos
531 1366 627 1395 usque
634 1346 728 1388 hodie
732 1363 939 1397 perseverant,

101 1399 359 1442 ut,
375 1404 405 1432 et
422 1403 553 1439 quidam.
562 1403 620 1439 alii,
649 1405 834 1433 contrarium
848 1405 940 1442 hujus

106 1442 378 1481 opinionisvm
398 1448 582 1484 scripserunt
593 1451 622 1476 et
635 1449 865 1478 mandaverunt.
883 1451 940 1479 Da-

104 1496 271 1524 mascennl
285 1497 413 1531 quoque,
430 1491 519 1527 cujus
541 1493 660 1529 scriptis
677 1496 755 1521 certe
785 1495 940 1523 contradi-

104 1541 176 1570 cere
183 1541 247 1563 non
261 1532 394 1574 potestis,
408 1536 515 1566 volens
527 1537 699 1574 ostendere,
715 1538 799 1574 quod
814 1541 875 1567 tam
896 1540 940 1568 Fi-

102 1577 165 1608 lius
179 1585 274 1617 quam
285 1573 414 1619 Spiritus
423 1585 547 1611 sanctus
571 1573 734 1612 exsistunt,
749 1592 767 1612 a
793 1586 887 1618 Patre,
914 1588 942 1614 et

100 1624 188 1667 quod
338 1628 463 1656 Sanetus
477 1635 539 1656 non
563 1627 699 1664 procedit
714 1636 733 1656 a
748 1628 828 1663 Filio,
846 1632 940 1659 meta-

340 1671 548 1701 etintellectus
568 1672 724 1701 adducens
736 1673 767 1701 in
793 1673 938 1708 medium,

104 1713 169 1751 ait:
178 1711 370 1757 efﬁcient
382 1715 560 1752 intellectus,
582 1717 692 1746 deinde
716 1718 843 1746 verbum
859 1721 940 1747 exte-

104 1756 406 1799 vox;
432 1761 554 1797 spiritus
576 1764 677 1790 autem
699 1762 873 1791 vehiculum
897 1765 941 1792 est

105 1798 199 1850 verbi.
409 1796 500 1850 igitur
513 1806 625 1835 format
638 1815 754 1841 vocem,
781 1810 809 1835 et
829 1807 858 1835 in
873 1807 941 1844 ipsa

415 1849 594 1879 intellectus.
617 1852 649 1879 Et
667 1851 835 1880 intellectus
851 1852 938 1886 Patri,

105 1885 372 1931 silv-ﬁlium,
389 1894 510 1931 spiritus
534 1895 654 1932 Spiritui
680 1899 785 1924 sancto
805 1895 938 1925 attribui-

102 1939 165 1966 tur.
352 1938 505 1974 videmus,
518 1940 602 1976 quod
613 1940 652 1969 ab
662 1940 814 1969 intellectu
836 1949 939 1977 proce-

98 1978 288 2024 ditsﬁﬂlﬁ‘
306 1985 336 2013 et
354 1991 416 2013 vox
431 1986 460 2013 et
474 1992 536 2013 non
561 1985 683 2022 spiritus
712 1993 730 2014 a
753 1994 845 2022 voce;
868 1986 938 2015 sica

98 2023 338 2065 Patrem“
347 2028 438 2058 Filius
464 2032 492 2058 et
519 2029 644 2066 Spiritus
669 2032 800 2066 sanctus,
823 2033 852 2059 et
875 2039 936 2060 non

242 2074 367 2103 sanctus
386 2081 406 2102 a
416 2073 497 2102 Filio.
517 2085 530 2099 n
886 2115 888 2117 ἒ

131 2114 325 2157 Epiphanius
337 2121 471 2155 sanctus,
487 2118 647 2156 episcopus
676 2120 776 2157 Cypri,
801 2120 832 2148 in
858 2115 935 2149 libro

92 2156 366 2198 Deunabeitate,
396 2163 434 2192 de
462 2163 572 2200 Spiritu
600 2167 705 2193 sancto
717 2164 760 2192 sic
790 2166 932 2193 testatur:

92 2217 109 2231 κ
127 2206 260 2243 Spiritus
275 2210 399 2236 sanctus
410 2209 487 2236 Deus
501 2210 556 2243 est,
568 2211 596 2237 et
611 2209 736 2246 Spiritus
756 2209 864 2238 Christi
878 2212 931 2245 est,

92 2257 164 2291 non
177 2250 348 2285 secundum
364 2252 500 2290 aliquam
514 2254 933 2290 compositionem,quemad—

91 2293 366 2335 moduminnobis
381 2304 493 2334 corpus
504 2299 534 2327 et
542 2298 644 2327 anima.
652 2307 659 2326 :
668 2299 780 2327 scilicet
790 2299 822 2327 in
831 2299 933 2327 medio

87 2340 196 2370 Patris
214 2339 431 2382 et'l'jiliiaNon
451 2351 523 2379 ergo
547 2343 701 2372 mediante
725 2344 808 2379 Filio,
824 2346 858 2373 ut
877 2352 932 2373 vos

84 2385 243 2423 deliratio,
254 2387 392 2425 procedit
417 2387 542 2424 Spiritus
566 2391 688 2417 sanctus
703 2390 835 2422 aPatre;
861 2397 931 2418 cum

83 2429 266 2460 secundum
272 2432 464 2469 Patrishujus
472 2440 589 2467 vocem,
605 2433 723 2461 medius
730 2433 807 2462 inter
814 2435 931 2463 Patrem

82 2477 114 2505 et
129 2474 245 2506 Filium
259 2475 418 2507 ordinetur
433 2477 562 2514 Spiritus
578 2480 715 2506 sanctus.

119 2520 297 2558 ltem,,qnis
306 2520 395 2550 vobis
413 2520 472 2551 hoc
481 2529 512 2550 re
517 2521 626 2550 velavit
635 2522 650 2550 ?
662 2522 745 2551 Unde
756 2521 906 2551 habuistis
916 2522 931 2551 ?

83 2563 190 2596 Quare
197 2563 292 2595 etiam
302 2565 393 2595 nobis
404 2566 463 2595 hoc
475 2573 538 2594 non
553 2566 609 2595 fuit
628 2567 795 2595 revelatum
806 2567 820 2595 ‘I
834 2568 930 2601 Quare

79 2607 114 2637 in
122 2606 281 2649 Symbblo‘
285 2609 343 2639 tale
348 2610 498 2649 quiddam
503 2610 768 2648 inseruistis,quod
774 2619 929 2649 nusquam

78 2647 226 2690 positum
231 2651 291 2681 fuit
297 2658 317 2682 ο.
323 2647 436 2684 sanctis
442 2655 581 2684 Patribus
587 2655 602 2683 *Γ
608 2655 638 2685 Si
643 2647 713 2685 vero
722 2647 929 2693 quorumdam

79 2695 255 2738 versuum
273 2697 438 2728 occasione
452 2699 563 2729 divina:
575 2701 747 2738 Scripturtn,
761 2701 928 2731 dicentium

990 917 1041 946 nia
1054 917 1145 953 enim,
1161 927 1230 955 quas
1240 922 1334 949 Patris
1346 926 1425 958 sunt,
1436 926 1569 961 exceptis
1583 929 1818 964 proprietatibus

990 963 1210 998 personalibus,
1227 967 1402 995 communia
1422 972 1492 998 sunt
1502 971 1620 1007 utrique
1636 963 1650 999 ί
1660 975 1819 1010 proprium

990 1006 1121 1035 dicimus
1139 1016 1203 1036 esse
1218 1011 1305 1044 Patri,
1321 1013 1354 1040 ut
1369 1012 1408 1040 ab
1423 1012 1489 1049 ipso
1503 1006 1634 1051 tantum,
1654 1006 1684 1047 et
1704 1006 1765 1048 non
1779 1020 1819 1049 ab

990 1051 1049 1080 alio
1063 1053 1208 1088 procedat
1221 1054 1346 1091 Spiritus
1363 1059 1497 1087 sanctus.

1096 1122 1257 1156 Responsio
1274 1127 1380 1153 contra
1395 1128 1496 1160 prima
1512 1128 1572 1157 duo
1584 1130 1711 1165 objecta.

1027 1179 1075 1208 His
1091 1180 1217 1216 aliisque
1233 1189 1328 1218 quam
1347 1183 1486 1219 plurimis
1512 1188 1736 1225 conamiuibus,
1751 1198 1820 1227 quas

993 1232 1085 1253 causa
1099 1225 1252 1254 brevitatis
1267 1234 1330 1255 non
1346 1232 1416 1256 sunt
1430 1230 1530 1265 posita
1543 1231 1605 1267 (illa
1619 1236 1721 1262 autem
1751 1225 1821 1272 quae

993 1270 1091 1304 magis
1106 1270 1216 1298 usitata
1232 1274 1312 1306 sunt,
1329 1274 1429 1308 posita
1441 1276 1531 1310 sunt),
1562 1280 1699 1307 sanctam
1714 1270 1822 1309 Roma-

994 1322 1066 1342 nam
1081 1314 1244 1343 Ecclesiam
1259 1324 1390 1351 errasse,
1406 1321 1435 1346 et
1459 1319 1491 1347 in
1507 1327 1657 1350 canonem
1673 1323 1742 1352 latae
1758 1332 1824 1353 seu-

995 1358 1090 1386 tentiae
1105 1359 1257 1395 incidisse,
1275 1361 1461 1390 mendaciter
1486 1364 1614 1394 fatentes
1627 1368 1726 1402 ϐυθοὶ,
1743 1369 1824 1398 debi-

995 1405 1057 1431 tam
1073 1403 1276 1432 obedientiam
1291 1407 1320 1433 et
1341 1408 1541 1437 reverentiam
1569 1410 1710 1440 devotam
1726 1413 1825 1442 eidem

995 1447 1131 1476 Ecclesiae
1142 1448 1221 1483 juste
1234 1457 1265 1477 se
1281 1449 1476 1483 subtraxisse.
1493 1452 1668 1483 hominibus
1682 1457 1824 1493 simplici-

996 1491 1054 1519 bus
1069 1493 1250 1528 persuadere
1273 1494 1422 1524 laborant.
1450 1498 1508 1525 Nos
1534 1506 1606 1527 vero
1619 1500 1723 1535 Latini,
1737 1491 1784 1530 his
1796 1505 1826 1532 et

997 1536 1061 1565 aliis
1077 1538 1266 1566 contumeliis
1280 1539 1346 1567 loco
1361 1549 1416 1568 suo
1432 1541 1576 1577 dimissis,

1032 1582 1075 1609 Ad
1086 1583 1219 1618 primum
1230 1586 1259 1611 et
1269 1584 1438 1614 secundum
1449 1586 1604 1622 objectum
1615 1597 1708 1619 unam
1717 1591 1826 1621 dantes

996 1627 1226 1662 responsionem
1256 1628 1298 1656 sic
1324 1629 1488 1659 solvimus:
1517 1633 1718 1663 Coucedimus
1744 1637 1826 1672 quod

996 1671 1086 1708 plena
1096 1675 1124 1700 et
1135 1673 1266 1709 perfecta
1287 1675 1482 1709 processioue
1493 1678 1627 1712 procedit
1638 1686 1656 1707 a
1668 1680 1738 1708 Filio
1751 1671 1762 1708 ί
1770 1689 1827 1709 nec

995 1719 1097 1745 tamen
1109 1718 1244 1754 sequitur
1269 1718 1353 1754 quod
1381 1720 1440 1748 sint
1467 1721 1534 1749 duae
1562 1724 1781 1760 processiones,
1797 1729 1827 1756 et

997 1769 1059 1789 una
1071 1770 1176 1790 earum
1201 1763 1364 1798 superﬂua,
1392 1764 1465 1800 quia
1491 1765 1520 1793 in
1537 1766 1589 1795 illa
1602 1767 1826 1804 simplicissima

996 1806 1161 1834 Diviuitatis
1186 1809 1304 1842 natura,
1331 1815 1385 1836 nec
1414 1817 1559 1838 numerus
1571 1812 1823 1849 vicissitudinum,

995 1858 1051 1878 nec
1066 1851 1211 1886 temporis
1223 1852 1362 1886 varietas,
1378 1860 1434 1880 nec
1449 1854 1555 1882 localis
1570 1857 1688 1891 positio,
1702 1866 1758 1886 nec
1770 1859 1826 1888 ﬂu~

995 1903 1061 1928 xus,
1091 1903 1148 1923 nec
1175 1895 1290 1929 incisio,
1319 1904 1374 1925 nec
1401 1897 1603 1936 interstitium,
1627 1904 1681 1930 aut
1692 1902 1824 1939 spatium

995 1940 1139 1976 temporis
1169 1940 1275 1969 cadere
1304 1944 1411 1977 potest.
1438 1943 1510 1971 lude
1524 1947 1579 1979 est,
1595 1946 1679 1981 quod
1692 1946 1742 1975 illa
1756 1956 1824 1984 pro~

994 1985 1088 2012 cessio
1114 1993 1177 2021 qua
1204 1985 1329 2021 Spiritus
1354 1989 1477 2015 sanctus
1501 1990 1637 2024 procedit
1666 1999 1683 2018 a
1698 1993 1782 2020 Patre
1794 1995 1824 2022 et

994 2030 1064 2058 Filio
1075 2037 1129 2057 nec
1140 2029 1294 2058 intervallo
1306 2032 1459 2067 temporis,
1471 2040 1525 2060 nec
1549 2035 1646 2070 spatio
1670 2035 1739 2071 loci,
1751 2045 1822 2066 cum

991 2082 1054 2103 non
1070 2074 1105 2102 sit
1121 2074 1204 2110 prius
1218 2074 1267 2103 vel
1285 2076 1443 2110 posterius,
1463 2077 1538 2106 alias
1566 2080 1738 2114 perﬁcitur:
1767 2083 1822 2112 sed

991 2119 1081 2147 simul
1108 2122 1136 2148 et
1163 2119 1257 2147 semel
1282 2122 1329 2147 est
1342 2128 1360 2148 a
1375 2121 1461 2149 Patre
1479 2125 1507 2150 et
1537 2123 1627 2159 Filio;
1644 2133 1661 2153 a
1678 2127 1761 2155 Patre
1774 2129 1821 2155 ta-

990 2172 1060 2192 men
1074 2163 1249 2200 procedens,
1280 2164 1432 2193 mediante
1446 2166 1527 2200 Filio,
1557 2169 1725 2198 secundum
1740 2172 1821 2200 testi-

989 2209 1093 2237 monia
1108 2208 1230 2237 inferius
1240 2209 1352 2245 posita,
1367 2211 1502 2246 procedit
1517 2221 1523 2239 τ
1540 2212 1571 2240 id
1584 2215 1640 2246 est,
1656 2214 1714 2243 hoc
1728 2216 1821 2245 habet

990 2254 1109 2282 Filiusa
1132 2254 1226 2288 Patre,
1253 2256 1286 2281 ut
1314 2254 1353 2281 ab
1379 2255 1447 2291 ipso
1474 2257 1619 2293 procedat
1644 2260 1672 2287 et
1692 2260 1821 2296 spiretur

990 2298 1113 2335 Spiritus
1141 2300 1274 2334 sanctus,
1304 2299 1440 2327 mittatur
1467 2303 1495 2328 et
1521 2301 1616 2330 detur.
1634 2304 1717 2332 Unde
1736 2307 1765 2334 et
1779 2305 1820 2334 ad

986 2343 1086 2379 ipsum
1103 2344 1232 2377 Patrem,
1256 2342 1294 2370 de
1307 2351 1369 2379 quo
1395 2344 1486 2373 etiam
1502 2345 1594 2375 habet
1625 2347 1713 2376 Filius
1727 2357 1819 2378 omne

986 2387 1069 2424 quod
1085 2395 1175 2416 suum
1191 2389 1244 2421 est,
1258 2387 1401 2422 referens,
1418 2391 1447 2417 et
1458 2390 1483 2418 ei
1514 2392 1611 2419 totum
1640 2393 1817 2428 attribuens,

984 2432 1058 2461 dicit
1072 2432 1155 2468 apud
1169 2432 1319 2460 Joannem
1335 2441 1342 2460 :
1358 2434 1427 2462 Mea
1439 2434 1590 2470 doctrina,
1602 2445 1664 2465 non
1682 2441 1726 2466 est
1738 2446 1816 2472 mea,

984 2477 1038 2506 sed
1053 2478 1117 2512 ejus
1133 2478 1187 2513 qui
1202 2477 1280 2505 misit
1297 2485 1344 2506 me
1360 2478 1381 2505 ⁵.
1401 2479 1434 2506 Et
1455 2479 1582 2508 iterum:
1601 2481 1675 2509 Cum
1702 2483 1817 2511 venerit

984 2523 1173 2556 Paractetus,
1181 2529 1266 2557 quem
1272 2529 1320 2558 ego
1326 2523 1443 2551 mittam
1450 2523 1542 2558 vobis,
1549 2524 1697 2559 Spiritum
1707 2527 1815 2555 verita-

985 2567 1033 2601 tis,
1046 2567 1099 2602 qui
1114 2574 1133 2595 a
1150 2567 1244 2594 Patre
1254 2567 1391 2601 procedit
1409 2568 1441 2602 ³,·
1458 2575 1493 2595 ac
1522 2568 1548 2596 si
1577 2569 1688 2598 diceret
1705 2570 1813 2599 Filius:

984 2613 1101 2640 Patrem
1117 2612 1233 2639 tantum
1262 2611 1293 2638 in
1315 2611 1509 2646 processione
1526 2612 1651 2648 Spiritus
1664 2614 1812 2644 nomino:

983 2656 1056 2693 quia
1069 2662 1160 2683 omne
1175 2655 1258 2691 quod
1271 2655 1381 2690 habeo,
1398 2656 1513 2686 ratione
1535 2665 1602 2685 esse
1618 2660 1647 2687 et
1660 2659 1813 2696 principii,

984 2701 1023 2730 ab
1038 2701 1106 2737 ipso
1122 2702 1216 2734 Patre,
1230 2700 1283 2736 qui
1302 2703 1453 2730 estcausa
1473 2704 1501 2730 et
1514 2702 1698 2741 principium
1713 2705 1747 2735 in
1768 2705 1814 2735 di-

125 2788 135 2806 t
148 2774 236 2806 toan.
250 2776 364 2817 13,15.
403 2774 565 2817 ’ξὺὶᾶλὲςὴ
603 2777 615 2795 ³
629 2777 717 2809 Joan.
731 2786 789 2815 xvx,
804 2781 832 2810 7.
870 2777 971 2817 fibid.
985 2778 1028 2809 14.
1066 2778 1076 2795 ⁵
1089 2778 1174 2807 Joan.
1188 2783 1240 2813 ut,
1259 2779 1301 2806 16.
1340 2778 1351 2795 ιδ
1362 2778 1448 2809 toan.
1463 2786 1513 2816 xv,
1528 2781 1574 2809 26.

270 2812 399 2840 Panos.
419 2811 471 2840 Gs.
491 2813 568 2842 CXL.

110 3164 224 3192 £3331;-
239 3182 259 3192 μ
310 3187 316 3190 ι

1556 2819 1589 2846 l6
