2067 3190
254 117 312 170 tot

877 127 1122 163 PANTALBOIB
1136 130 1279 162 nucem
1295 131 1350 160 CP.

1920 125 1980 157 401

259 198 577 236 vilitate,me
584 198 838 233 «Oenomaum
855 198 890 226 ut
907 196 1007 225 aFilio
1018 203 1088 233 pro-
1104 195 1128 224 Δ
1141 197 1234 230 ctum,
1259 195 1354 222 Deum
1379 195 1409 222 et
1434 191 1600 225 viviﬁcum,
1624 197 1662 220 ex
1685 191 1771 220 Patre
1797 195 1853 226 per
1866 188 1979 218 Filium

260 245 349 275 cedat
363 244 490 281 Spiritus
504 244 640 276 senem,
666 240 727 270 hoc
737 240 833 270 habet
846 240 937 269 Filius
950 249 969 270 ι
982 242 1087 274 Patre;

258 290 349 320 Pater
361 296 434 317 vero
447 295 512 317 non
529 287 571 316 ab
582 286 653 321 alio,
669 285 725 314 sed
738 293 758 315 a
769 292 805 315 se
815 287 944 315 tantum.

295 334 389 363 Istam
413 333 518 369 itaque
530 330 733 361 differentiam
746 330 825 359 sacri
851 330 1002 364 doctores,
1016 329 1090 358 ﬁdei

258 378 350 409 oculo
363 376 514 407 interioris
537 375 671 404 hominis
698 377 727 403 et
741 381 816 403 sane
829 374 1045 408 discernentes,
1057 374 1089 401 in

258 422 363 453 multis
379 422 454 451 locis
480 420 677 449 inveniuntur
704 418 828 455 dixisse,
849 418 935 455 quod
961 418 1090 454 Spiritus

260 469 383 498 sanctus
394 465 532 503 procedit
545 473 564 494 a
591 466 678 493 Patre
697 464 925 499 principaliter.
938 463 994 491 Alii
1008 462 1091 491 dixe-

259 514 341 548 runt,
357 510 443 548 quod
453 510 578 546 proprie
596 517 616 537 a
629 509 718 538 Patre
731 517 738 536 :
814 507 900 544 quod
910 515 929 536 a
939 508 1026 536 Patre
1038 514 1092 543 per

262 556 379 592 Filium,
407 555 454 583 vel
482 554 553 582 Filio
579 554 741 581 mediante.
767 554 801 580 Et
827 552 896 580 licet
920 559 1025 580 verum
1055 551 1092 579 sit

261 605 347 638 quod
360 600 456 628 sancti
471 601 619 633 asserunt,
643 600 671 625 et
694 597 861 626 contradici
885 604 948 625 non
977 596 1089 633 possit:

261 654 325 675 non
339 649 440 675 tamen
455 644 598 680 sequitur,
615 642 701 679 quod
715 643 835 670 Graecus
854 642 1001 677 intelligit,
1017 641 1092 668 scili-

261 694 319 726 cet,
329 690 413 727 quod
422 690 504 718 idem
516 688 642 725 Spiritus
662 688 746 723 prius
758 695 777 715 a
789 688 883 720 Patre,
896 685 1093 722 postmodum

262 744 282 765 a
296 736 377 770 Filio,
393 735 441 763 vel
455 734 539 770 quod
551 733 650 768 magis
663 740 683 760 δ.
698 733 783 760 Patre
799 739 893 767 quam
909 739 927 759 a
942 730 1012 759 Filio
1028 737 1093 766 pro.

262 781 349 809 cedat
360 789 367 808 :
384 782 436 808 aut
446 779 531 815 quod
539 778 599 806 sint
608 777 677 805 duae
688 776 909 813 processiones,
923 778 952 803 et
971 783 1033 803 una
1045 783 1094 802 ea-

260 833 329 854 rum
337 824 493 861 superilua
501 833 510 859 ;
522 822 575 851 sed
585 822 657 858 quia
665 823 749 850 Pater
769 820 922 856 gignendo
933 820 973 848 ab
983 822 1095 847 aeterno

1141 238 1366 276 procedentem.
1383 249 1398 263 »

1179 283 1303 313 Basilius
1325 283 1357 311 in
1380 289 1521 310 sermone
1535 281 1574 309 de
1588 280 1690 309 ’l‘rinit.
1715 279 1769 316 qui
1792 279 1836 307 sic
1850 278 1977 315 incipit:

1144 329 1282 364 Cognita)
1293 328 1404 361 Patris,
1421 329 1476 355 etc.
1489 334 1496 354 :
1513 337 1527 351 ‹‹
1543 325 1715 362 Antiquitas
1729 323 1897 352 Divinitatis
1915 329 1979 350 non

1143 373 1341 409 ignorabatur
1355 372 1545 408 mysterium.
1567 370 1661 398 Verbo
1687 369 1766 398 enim
1782 368 1920 402 Domini,
1935 368 1979 395 in.

1143 418 1209 455 quit
1236 416 1407 451 Pealmista,
1440 416 1505 444 catt“
1515 415 1630 450 ﬁrmati
1644 416 1725 447 sunt,
1739 416 1767 441 et
1778 413 1898 448 Spiritu
1919 413 1980 440 ori:

1144 463 1220 498 eius,
1246 461 1342 489 omnis
1363 461 1459 489 vim:
1483 467 1586 488 eorum
1598 459 1608 476 "
1622 467 1629 492 ;
1646 458 1699 486 sed
1713 465 1770 486 nec
1789 456 1850 485 alio
1865 456 1978 491 Verbo,

1145 514 1240 543 quam
1249 505 1334 539 Filio,
1346 512 1401 533 nec
1412 504 1469 533 alio
1489 504 1611 540 Spiritu,
1623 509 1719 539 quam
1736 501 1849 538 Spiritu
1858 503 1978 529 sancto.

1146 553 1228 579 Unus
1253 552 1297 578 est
1307 549 1388 577 enim
1407 549 1544 585 Spiritus.
1567 550 1600 575 Et
1622 548 1699 575 sicut
1722 554 1760 574 ex
1773 554 1825 574 ore
1841 545 1896 573 Dei
1911 553 1980 581 pro-

1146 596 1269 623 veniens
1285 594 1383 627 Filius,
1411 593 1454 621 sic
1468 593 1641 621 Trinitatem
1660 591 1756 619 Verbo
1770 590 1846 624 linit,
1858 591 1891 618 et
1903 590 1982 619 ωεξ-

1147 640 1259 676 quitus,
1275 642 1304 666 et
1318 646 1410 667 nunc.
1428 649 1442 663 »

1184 690 1255 716 Item
1265 688 1295 715 in
1307 687 1426 719 eodem,
1436 690 1506 714 ante
1516 687 1627 713 ﬁnem:
1648 697 1658 710 ι
1675 685 1726 712 Via
1738 684 1787 712 Dei
1798 683 1982 719 cognitionis

1149 736 1195 761 est
1209 733 1248 761 ab
1264 740 1325 760 uno
1337 732 1446 767 Spiritu
1460 739 1513 767 per
1530 731 1635 758 Filium
1647 737 1742 757 unum
1757 728 1798 756 ad
1813 734 1916 756 unum
1928 729 1983 756 Pa-

1148 782 1235 807 trem.
1261 777 1408 805 Naturalis
1425 776 1554 808 bonitas,
1581 778 1608 803 et
1627 783 1697 811 quin
1713 773 1880 802 secundum
1894 775 1984 801 natu-

1149 830 1214 851 ram
1236 821 1443 854 sanctiﬁcatio,
1462 822 1491 848 et
1503 820 1611 855 regalis
1626 818 1758 853 dignitas
1772 825 1809 845 ex
1828 817 1922 845 Patre
1932 824 1985 853 per

262 870 379 904 Filium,
390 868 474 897 dedit
488 868 515 896 ei
537 870 633 896 totum
646 874 713 894 esse
737 874 838 899 suum,
854 867 899 893 est
912 865 992 892 enim
1008 872 1095 891 verus
1112 875 1132 902 Β
1151 867 1341 901 Unigenitum
1357 865 1396 892 ad
1410 865 1550 900 spiritum
1568 863 1712 899 pervenit,
1731 874 1745 888 ῃ

262 916 341 943 Deus
356 913 394 941 de
409 914 489 941 Deo:
516 914 546 940 et
572 911 656 947 quod
683 910 764 938 idem
788 910 890 943 Filius,
917 908 1095 936 {eternaliter

262 959 420 990 exsistens,
435 966 454 986 a
478 958 563 985 Patre
576 955 731 984 nascendo
754 955 871 990 accepit
897 962 987 982 omne
1011 953 1095 988 quod

261 1004 367 1038 habet,
381 1005 410 1031 et
423 1004 457 1031 ut
483 1001 610 1038 Spiritus
635 1001 671 1028 sit
683 1003 712 1028 et
726 999 871 1036 procedat
884 999 923 1026 ab
938 1006 984 1026 eo.
998 999 1094 1030 Quam

263 1048 425 1077 essentiam
439 1046 568 1082 Spiritus
582 1054 600 1074 a
611 1045 682 1074 Filio
692 1044 788 1073 sancti
798 1044 948 1075 doctores,
962 1043 1095 1070 maxime

264 1093 367 1127 Graeci,
393 1091 631 1123 considerantes,
658 1089 764 1116 Filium
794 1096 918 1116 causam
939 1090 967 1115 et
982 1087 1095 1114 fontem

265 1138 391 1175 Spiritus
406 1135 502 1164 sancti
523 1134 693 1167 nominant,
715 1141 770 1161 nec
786 1140 849 1161 non
876 1135 904 1160 et
916 1132 1017 1167 ipsum
1034 1131 1095 1167 Spi-

262 1183 355 1212 ritum
369 1180 536 1216 imaginem
552 1179 625 1207 Filii.
655 1177 920 1211 Quemadmodum
938 1176 1038 1211 utique
1053 1176 1095 1203 Fi-

263 1228 322 1256 lius
337 1227 439 1261 imago
454 1228 499 1253 est
522 1224 627 1259 Patris,
654 1226 683 1251 et
693 1223 784 1251 talem
800 1229 961 1250 numerum
974 1224 1002 1248 et
1016 1220 1095 1248 ordi-

263 1280 335 1300 nem
351 1270 474 1307 Spiritus
486 1269 527 1297 ad
553 1269 659 1297 Filium
687 1268 854 1302 assignant,
872 1265 994 1301 qualem
1006 1265 1097 1292 habet

263 1316 352 1344 Filius
366 1315 406 1343 ad
435 1316 571 1342 Patrem:
584 1312 752 1341 secundum
763 1311 845 1347 quod
857 1311 888 1338 in
902 1309 1098 1345 sequentibus

264 1360 383 1396 plenius
399 1358 569 1395 apparebit.

300 1405 434 1433 Diximus
463 1410 546 1438 ergo,
559 1401 643 1438 quod
670 1400 806 1437 procedit
835 1400 960 1435 Spiritus
975 1400 1097 1426 sanctus

265 1450 382 1486 pariter
407 1450 435 1475 et
454 1446 608 1483 aequaliter
635 1454 653 1473 a
677 1445 764 1472 Patre
790 1446 817 1472 et
842 1443 926 1476 Filio,
952 1445 1097 1478 tanquam

263 1495 381 1523 donum
395 1493 569 1525 amborum,
592 1494 620 1518 et
635 1498 722 1518 amor
737 1490 892 1524 utriusque
905 1497 911 1515 :
929 1488 982 1515 sed
998 1493 1099 1522 proce-

264 1539 309 1567 dit
322 1547 341 1566 a
355 1540 438 1566 Patre
464 1544 517 1572 per
546 1535 662 1582 Filium,
689 1534 736 1582 rel
746 1533 899 1561 mediante
914 1531 995 1580 Filio,
1012 1533 1044 1557 ut
1057 1530 1099 1557 di-
1117 1555 1137 1582 Ο

263 1583 365 1611 ximus
378 1591 385 1609 :
400 1584 452 1609 aut
463 1582 543 1608 certe
557 1578 762 1615 principaliter
777 1580 806 1605 et
834 1576 955 1612 proprie
970 1583 989 1602 a
1004 1576 1097 1605 Patre,

265 1626 338 1664 quia
350 1625 437 1654 utab
463 1632 499 1652 eo
529 1623 684 1659 procedat,
711 1623 797 1649 Pater
825 1629 843 1648 a
866 1620 948 1647 nullo
975 1618 1097 1646 habuit:

267 1671 358 1700 Filius
376 1677 446 1697 vero
461 1676 523 1697 non
546 1676 565 1696 a
577 1675 620 1701 se,
645 1666 698 1694 sed
726 1674 746 1694 a
761 1666 848 1693 Patre
863 1664 987 1700 accepit.
1003 1666 1025 1690 A
1038 1670 1099 1698 quo

268 1716 350 1744 enim
363 1715 465 1749 habet,
482 1716 514 1741 ut
527 1713 573 1745 sit,
590 1712 629 1740 ab
643 1711 752 1739 eodem
767 1710 857 1738 etiam
884 1709 975 1737 habet
990 1711 1022 1735 ut
1038 1707 1100 1743 Spi—

267 1761 343 1790 ritus
359 1762 483 1788 sanctus
499 1758 535 1786 sit
549 1757 588 1785 ab
615 1764 660 1790 eo,
675 1759 703 1783 et
714 1755 869 1791 procedat,
882 1754 977 1786 detur,
995 1755 1023 1780 et
1035 1752 1099 1780 mit-

268 1808 358 1840 tatur,
364 1807 398 1833 ut
412 1804 451 1833 ab
465 1811 500 1831 eo
514 1810 579 1830 esse
591 1801 731 1837 accipiat.
746 1802 816 1832 Quae
832 1801 941 1826 cuncta
951 1796 1101 1825 vocabula

270 1859 345 1879 sane
359 1848 596 1884 intelligentibus
609 1854 705 1874 unum
725 1848 753 1872 et
763 1844 855 1878 idem,
873 1843 903 1871 id
917 1844 972 1878 est,
1002 1849 1100 1869 essen-

268 1896 344 1924 tiam
372 1894 496 1931 Spiritus
511 1901 529 1921 a
554 1891 628 1919 Filio
643 1890 810 1923 praedicant
839 1891 867 1916 et
896 1887 1098 1915 manifestam.

269 1940 359 1973 Quod
372 1930 486 1972 tamen,
503 1937 580 1965 sicut
602 1935 744 1967 diximus,
774 1934 892 1961 Graecus
922 1939 982 1959 non
1008 1930 1100 1959 conﬁ—

269 1987 360 2014 tetur.

269 2068 764 2105 Auertwcathoiicwveritatis.Et
779 2069 911 2103 primum
928 2074 965 2094 ea:
983 2066 1100 2093 Grch-

450 2125 519 2146 rum
536 2117 666 2145 Patrum
678 2113 922 2143 auctoritatibus.

309 2200 396 2235 Quod
430 2198 555 2234 Spiritus
578 2198 701 2225 sanctus
727 2193 873 2231 procedat
900 2200 919 2220 a
942 2191 1029 2219 Patre
1050 2197 1103 2235 per

1186 918 1257 943 ltem
1286 914 1469 942 Athanasius
1497 914 1526 940 in
1556 913 1686 941 editione
1711 911 1796 943 ﬁdei.
1819 911 1915 946 cujus
1941 913 1985 939 est

1148 960 1281 988 initium:
1296 959 1452 986 Credimus
1462 958 1493 985 in
1500 965 1592 985 unum
1600 957 1787 991 unigenitum
1798 955 1907 990 Deum,
1916 956 1983 989 etc,

1148 1012 1257 1041 parum
1275 1006 1343 1031 ante
1358 1003 1468 1030 ﬁnem:
1484 1013 1497 1026 «
1511 1002 1635 1038 Spiritus
1651 1003 1753 1029 autem
1777 1002 1905 1028 sanctus
1919 1006 1984 1036 pro-

1149 1049 1298 1077 cessivum
1318 1055 1371 1075 ens
1396 1047 1501 1081 Patris,
1530 1049 1558 1074 et
1585 1046 1706 1074 ferentis
1735 1044 1808 1077 Filii,
1821 1050 1877 1080 per
1888 1051 1983 1080 quem

1148 1093 1284 1129 implevit
1294 1092 1406 1120 omnia.
1426 1102 1439 1116 »

1186 1145 1258 1170 ltem
1269 1142 1299 1169 in
1323 1141 1453 1176 Epistola
1479 1139 1662 1168 Athanasius
1685 1139 1723 1166 de
1740 1137 1852 1174 Spiritu
1867 1138 1984 1171 sancto,

1149 1187 1188 1215 ad
1207 1187 1413 1222 Serapionem,
1443 1186 1529 1220 cujus
1543 1187 1597 1219 est,
1614 1184 1749 1211 initium:
1782 1182 1909 1210 Litterae
1928 1185 1986 1209 tua

1150 1232 1322 1263 devotionis,
1358 1233 1436 1257 etc.:
1461 1240 1474 1254 ‹‹
1502 1230 1565 1257 Uno
1587 1228 1748 1256 exsistente
1773 1226 1846 1255 Filio
1870 1225 1986 1254 viventi

1150 1284 1243 1303 unam
1260 1277 1376 1311 oportet
1387 1283 1451 1302 esse
1464 1274 1596 1310 plenam,
1613 1272 1788 1309 perfectam,
1805 1273 1834 1299 et
1848 1270 1985 1299 sanctiﬁ-

1151 1321 1279 1348 cativam
1294 1319 1384 1347 vitam
1399 1328 1405 1346 :
1422 1327 1489 1354 quin
1506 1321 1549 1346 est
1564 1317 1698 1353 operatio
1711 1316 1788 1352 ejus,
1805 1317 1834 1343 et
1853 1315 1987 1350 donum,

1150 1365 1235 1401 quod
1246 1372 1281 1391 ex
1299 1365 1381 1391 Patre
1394 1364 1502 1390 dicitur
1526 1362 1707 1398 procedere:
1731 1359 1804 1396 quia
1818 1366 1855 1386 ex
1874 1359 1987 1393 Verbo,

1151 1409 1235 1446 quod
1251 1418 1286 1437 ex
1302 1410 1385 1436 Patre
1396 1411 1448 1441 est,
1466 1408 1625 1435 manifeste
1646 1403 1824 1442 resplendet,
1848 1405 1877 1431 et
1892 1403 1984 1431 mitti»

1153 1459 1200 1483 tur
1216 1456 1243 1482 et
1255 1454 1396 1481 donatur.
1412 1464 1426 1477 η

1190 1503 1347 1539 Gregorius
1371 1504 1524 1538 Nyssenus
1548 1502 1577 1528 in
1604 1499 1734 1536 Epistula
1759 1498 1799 1527 ad
1821 1497 1981 1529 Eulalinm.

1153 1557 1220 1585 quae
1231 1549 1272 1576 sic
1296 1548 1416 1584 incipit:
1449 1548 1501 1574 Vos
1527 1547 1606 1582 quod
1631 1547 1756 1581 justum,
1786 1545 1856 1579 δια,
1875 1549 1983 1580 parum

1153 1597 1222 1622 ante
1237 1594 1346 1620 ﬁnem:
1363 1604 1376 1617 «
1389 1591 1612 1620 Immutabilem
1623 1598 1692 1618 vere
1710 1588 1888 1617 conﬁtentes
1900 1594 1983 1620 eum,

1153 1639 1205 1675 qui
1217 1638 1385 1666 secundum
1402 1636 1592 1664 causativum
1608 1637 1637 1663 et
1652 1635 1813 1662 causatum
1829 1627 1882 1664 est,
1898 1629 1984 1658 (ΕΚΘ-

1153 1683 1281 1711 rentiam
1297 1690 1356 1709 non
1376 1689 1525 1717 negamus
1539 1688 1546 1713 ς
1570 1681 1600 1707 in
1616 1687 1676 1716 quo
1691 1678 1792 1707 solum
1801 1675 1934 1705 discerni
1944 1674 1986 1703 'al-

1154 1731 1249 1756 terum
1268 1727 1307 1755 ab
1323 1726 1416 1754 altero
1440 1724 1737 1761 comprehendimus,
1753 1722 1813 1751 hoc
1827 1720 1986 1759 quoddam

1155 1772 1343 1799 causativum
1359 1770 1514 1797 credentes
1529 1778 1535 1802 ;
1550 1769 1607 1796 hoc
1623 1770 1719 1795 autem
1739 1774 1778 1795 ex
1791 1765 1953 1794 causativo
1962 1765 1987 1791 et

1155 1817 1220 1852 ejus
1236 1816 1320 1852 quod
1335 1823 1371 1843 ex
1386 1815 1540 1843 causativo
1554 1816 1599 1841 est
1613 1822 1619 1846 ;
1636 1812 1762 1840 alteram
1780 1811 1895 1839 iterum
1905 1807 1987 1837 diﬁc-

1154 1859 1480 1894 rentiainintelligimus
1495 1879 1500 1891 ,
1513 1858 1570 1885 hoc
1581 1857 1662 1884 enim
1673 1855 1811 1892 proxime
1820 1853 1861 1881 de
1871 1853 1987 1890 primo:

1154 1907 1212 1934 hoc
1228 1908 1329 1933 autem
1346 1912 1399 1940 per
1411 1903 1585 1939 proximum
1601 1901 1638 1929 de
1649 1901 1760 1937 primo.
1779 1909 1793 1924 η

1192 1957 1273 1988 Item,
1286 1954 1366 1981 idem
1377 1953 1454 1980 libro
1464 1953 1569 1979 contra
1578 1949 1772 1982 Eunomium,
1778 1946 1869 1984 quasi
1879 1947 1915 1975 in
1921 1946 1988 1977 ﬁne,

1155 2000 1197 2028 ibi
1207 1999 1341 2036 loquitur
1354 2007 1359 2025 :
1371 2008 1384 2022 ‹‹
1397 1997 1477 2024 Sicut
1489 1996 1569 2024 enim
1580 1994 1739 2030 copulatur
1755 1992 1832 2021 Patri
1843 1991 1953 2024 Filius,
1966 1992 1991 2017 et

1156 2053 1192 2072 ex
1204 2045 1270 2080 ipso
1281 2051 1345 2071 esse
1358 2042 1485 2071 habens.
1499 2048 1561 2068 non
1574 2042 1619 2067 est
1647 2037 1794 2075 posterior
1819 2035 1991 2064 secundum

1156 2089 1360 2118 exsistentiam
1373 2096 1379 2114 :
1397 2086 1438 2114 sic
1452 2086 1559 2113 iterum
1574 2087 1602 2112 et
1623 2083 1662 2112 ab
1687 2082 1845 2118 Unigenito
1859 2080 1990 2109 habetur

1158 2134 1282 2170 Spiritus
1299 2134 1430 2166 sanctus,
1448 2129 1601 2157 intellectu
1616 2128 1681 2157 solo
1706 2126 1876 2155 secundum
1893 2132 1990 2154 causa

1156 2179 1303 2207 rationem
1318 2174 1537 2213 praespeculata
1548 2174 1674 2210 Spiritus
1689 2170 1858 2209 hypostasi.
1874 2181 1892 2195 »ι

419 2218 469 2273 ξεῖ
495 2242 648 2271 mediante
675 2218 757 2274 Fui;
779 2240 813 2266 ut
835 2237 949 2265 dictum
965 2237 1011 2263 est
1022 2243 1029 2269 ;
1050 2218 1103 2261 ’νεὶ
1119 2232 1141 2258 D
1194 2230 1265 2256 Item
1276 2225 1456 2255 Athanasius
1471 2224 1501 2252 in
1513 2230 1651 2251 sermone
1664 2223 1769 2250 contra
1784 2219 1889 2281 Alerios
1907 2218 1992 2281 cujgs

985 2280 988 2281 ν
1022 2278 1052 2281 --
1159 2274 1164 2279 -
1309 2273 1363 2281 Ni,
1397 2270 1452 2281 n._.-
1482 2268 1630 2281 ...ηιειέηη
1659 2266 1687 2281 ε..
1713 2265 1774 2281 an}.
1811 2271 1936 2281 Ληιωγιε
1978 2269 1992 2281 ρ

276 2291 361 2328 quod
372 2278 455 2318 idem
467 2288 559 2316 Filius
568 2286 686 2314 dicatur
706 2285 785 2318 fons,
801 2285 831 2311 et
857 2288 950 2310 causa
979 2278 1104 2315 Spiritus

273 2336 369 2366 sancti
381 2345 388 2364 :
402 2338 432 2364 et
445 2334 536 2362 etiam
546 2331 631 2369 quod
644 2331 726 2359 idem
739 2328 865 2365 Spiritus
880 2328 1004 2354 sanctus
1019 2332 1104 2351 voce-

272 2384 322 2411 tur
346 2381 448 2415 imago
464 2378 538 2412 Filii,
561 2379 591 2405 et
613 2383 679 2405 esse
705 2373 835 2409 accipiat
851 2372 891 2400 ab
915 2369 1104 2399 eozomissis

273 2423 588 2462 argumentationibus
601 2420 713 2453 multis,
725 2426 803 2455 quas
812 2424 869 2445 nec
878 2415 1035 2452 recipiunt,
1048 2422 1104 2441 nec

271 2458 362 2508 plane
383 2468 563 2504 intelligunt,
589 2467 765 2494 sanctorum
780 2469 907 2490 suorum
926 2458 1104 2488 testimoniis

271 2516 454 2548 insistentes,
467 2513 511 2541 sic
525 2510 694 2548 probamus
705 2517 714 2537 :

309 2559 470 2596 Gregorius
498 2547 708 2585 Nazianzenus
722 2553 755 2580 in
769 2558 920 2583 sermone,
934 2549 986 2585 qui
1000 2547 1105 2584 incipit

274 2594 416 2640 Octaui—es,
433 2606 502 2639 etc.,
514 2602 559 2630 ita
572 2599 661 2627 dicit:
679 2608 694 2623 ιι
709 2597 836 2633 Spiritus
852 2604 888 2623 ex
901 2594 1033 2623 essentia
1046 2595 1103 2621 Pa—

272 2651 325 2680 tris
332 2658 389 2687 per
406 2639 517 2678 Filium
531 2642 710 2673 aeternaliter
729 2641 843 2670 missus
859 2639 1026 2668 sanctiﬁcat
1040 2646 1103 2666 om-

272 2703 346 2725 nem
359 2695 540 2724 creaturam,
556 2700 571 2715 »
587 2690 644 2717 etc.

308 2741 343 2768 In
355 2736 479 2775 Epistol.
503 2733 656 2769 Dionysii:
672 2743 687 2757 κ
708 2730 803 2760 Credo
828 2730 859 2758 in
876 2729 1019 2766 Spiritum
1035 2736 1103 2757 san-

308 2815 318 2833 ⁷
336 2814 412 2843 Psal.
429 2820 515 2848 χχχιι,
531 2814 557 2840 6.
596 2811 606 2828 ⁸
624 2808 701 2838 Psal.
717 2815 806 2843 xxxv,
827 2810 865 2835 lU.
908 2809 1035 2836 Herem.
1053 2814 1083 2842 ii,
1101 2806 1144 2834 13.

1157 2274 1276 2302 initium
1303 2273 1363 2299 est:
1395 2270 1452 2304 Qui
1482 2268 1641 2302 malitiose,
1659 2266 1690 2294 in
1713 2265 1774 2294 ﬁn‘e
1798 2263 1937 2300 loquens
1958 2261 1992 2290 de

1158 2326 1239 2354 aqua
1255 2316 1379 2344 saliente
1395 2315 1425 2342 in
1445 2314 1537 2341 vitam
1564 2314 1720 2345 aeternam,
1747 2309 1791 2337 sic
1810 2308 1872 2338 ait:
1889 2317 1911 2336 ‹
1927 2308 1992 2336 Pro-

1158 2350 1222 2399 pter
1233 2363 1289 2390 hoc
1302 2359 1393 2388 David
1403 2358 1537 2395 psallens
1548 2359 1607 2385 Deo
1619 2356 1662 2384 sic
1674 2355 1729 2383 ait:
1746 2353 1898 2388 Quoniam
1913 2350 1994 2388 apud

1159 2396 1186 2436 te
1196 2410 1237 2435 est
1247 2407 1316 2441 fons
1326 2406 1406 2438 vitae,
1417 2406 1445 2431 et
1456 2403 1486 2430 in
1497 2402 1611 2430 lumine
1619 2405 1667 2429 tuo
1679 2399 1846 2428 videbimus
1856 2398 1964 2426 lumen
1973 2396 1991 2421 ⁸.

1159 2452 1280 2480 Sciebat
1299 2450 1379 2478 enim
1405 2448 1488 2485 apud
1516 2447 1635 2475 Patrem
1667 2453 1734 2473 esse
1755 2443 1862 2472 Filium
1875 2441 1993 2471 fontem

1159 2496 1284 2533 Spiritus
1298 2494 1393 2522 sancti
1406 2502 1413 2527 ;
1425 2492 1501 2520 sicut
1528 2499 1582 2528 per
1595 2490 1775 2527 prophetam
1792 2487 1881 2516 Filius
1894 2486 1973 2516 dicit
1987 2492 1993 2511 :

1157 2542 1206 2569 Me
1221 2540 1445 2575 dereliquerunt
1462 2538 1573 2572 fontem
1585 2541 1673 2571 aqua
1690 2534 1766 2562 vivw
1783 2533 1805 2567 θ,
1823 2543 1834 2556 r
1852 2533 1915 2560 etc.

1194 2592 1267 2618 item
1279 2587 1404 2624 Cyrillus
1413 2594 1444 2614 in
1454 2592 1593 2613 sermone
1615 2583 1755 2620 septimo,
1771 2581 1859 2618 cujus

1158 2638 1218 2664 est:
1235 2635 1277 2662 De
1294 2621 1510 2661 liumanatione
1531 2628 1694 2664 Um'gem'ti,
1717 2623 1806 2662 quasi
1829 2622 1904 2659 post
1917 2621 1995 2650 duas

1158 2683 1258 2717 partes
1285 2676 1450 2706 sermonis:
1469 2686 1480 2701 ι
1507 2674 1629 2703 Solvens
1643 2672 1724 2701 enim
1737 2677 1767 2717 _a
1776 2667 1903 2705 peccato
1925 2671 1996 2717 eum

1221 2707 1280 2753 sibi
1303 2721 1461 2755 consentit,
1474 2719 1597 2756 proprio
1610 2715 1712 2754 jungit
1728 2713 1766 2742 de
1791 2713 1902 2741 caetero
1932 2707 1996 2746 SPi'
