  <div class='ocr_page' id='page_1' title='image "/cluster/home/n/w/nwhite01/storage/ocr_20150623/140/coo.31924054870450/258.png"; bbox 0 0 4134 6424; ppageno 0'>
   <div class='ocr_carea' id='block_1_1' title="bbox 329 346 1980 414">
    <p class='ocr_par' dir='ltr' id='par_1_1' title="bbox 329 348 1980 414">
     <span class='ocr_line' id='line_1_1' title="bbox 329 348 1980 414; baseline -0.004 -1"><span class='ocrx_word' id='word_1_1' title='bbox 329 357 448 414; x_wconf 76' lang='grc'><strong>497</strong></span> <span class='ocrx_word' id='word_1_2' title='bbox 1726 348 1980 408; x_wconf 72' lang='lat' dir='ltr'><strong>CONTR}</strong></span> 
     </span>
    </p>
   </div>
   <div class='ocr_carea' id='block_1_2' title="bbox 2099 346 3774 414">
    <p class='ocr_par' dir='ltr' id='par_1_2' title="bbox 2099 346 3774 410">
     <span class='ocr_line' id='line_1_2' title="bbox 2099 346 3774 410; baseline 0.001 -3"><span class='ocrx_word' id='word_1_3' title='bbox 2099 346 2373 407; x_wconf 67' lang='lat' dir='ltr'><strong>RIECOS.</strong></span> <span class='ocrx_word' id='word_1_4' title='bbox 3668 351 3774 410; x_wconf 81' lang='grc'><strong>498</strong></span> 
     </span>
    </p>
   </div>
   <div class='ocr_carea' id='block_1_3' title="bbox 326 472 3774 552">
    <p class='ocr_par' dir='ltr' id='par_1_3' title="bbox 326 472 3774 552">
     <span class='ocr_line' id='line_1_3' title="bbox 326 472 3774 552; baseline -0.002 -14"><span class='ocrx_word' id='word_1_5' title='bbox 326 479 438 550; x_wconf 88' lang='lat' dir='ltr'><strong>lio,</strong></span> <span class='ocrx_word' id='word_1_6' title='bbox 471 480 543 537; x_wconf 86' lang='lat' dir='ltr'><strong>ut</strong></span> <span class='ocrx_word' id='word_1_7' title='bbox 563 477 757 552; x_wconf 84' lang='lat' dir='ltr'><strong>possit</strong></span> <span class='ocrx_word' id='word_1_8' title='bbox 786 479 1059 549; x_wconf 78' lang='lat' dir='ltr'><strong>mittere;</strong></span> <span class='ocrx_word' id='word_1_9' title='bbox 1094 477 1211 538; x_wconf 87' lang='lat' dir='ltr'><strong>sibi</strong></span> <span class='ocrx_word' id='word_1_10' title='bbox 1255 478 1460 537; x_wconf 88' lang='lat' dir='ltr'><strong>autem</strong></span> <span class='ocrx_word' id='word_1_11' title='bbox 1488 476 1752 542; x_wconf 90' lang='lat' dir='ltr'><strong>retinuit,</strong></span> <span class='ocrx_word' id='word_1_12' title='bbox 1778 481 1846 535; x_wconf 90' lang='lat' dir='ltr'><strong>ut</strong></span> <span class='ocrx_word' id='word_1_13' title='bbox 1871 493 2011 551; x_wconf 88' lang='lat' dir='ltr'><strong>pro-</strong></span> <span class='ocrx_word' id='word_1_14' title='bbox 2037 478 2083 533; x_wconf 86' lang='lat' dir='ltr'><strong>A</strong></span> <span class='ocrx_word' id='word_1_15' title='bbox 2185 477 2399 532; x_wconf 82' lang='lat' dir='ltr'><strong>Beatus</strong></span> <span class='ocrx_word' id='word_1_16' title='bbox 2429 472 2681 546; x_wconf 82' lang='lat' dir='ltr'><strong>Cyrillus</strong></span> <span class='ocrx_word' id='word_1_17' title='bbox 2708 473 2785 531; x_wconf 92' lang='lat' dir='ltr'><strong>de</strong></span> <span class='ocrx_word' id='word_1_18' title='bbox 2827 474 3043 532; x_wconf 89' lang='lat' dir='ltr'><strong>eodem</strong></span> <span class='ocrx_word' id='word_1_19' title='bbox 3077 473 3318 550; x_wconf 79' lang='lat' dir='ltr'><strong>Spiritu,</strong></span> <span class='ocrx_word' id='word_1_20' title='bbox 3367 473 3537 548; x_wconf 90' lang='lat' dir='ltr'><strong>quod</strong></span> <span class='ocrx_word' id='word_1_21' title='bbox 3591 473 3774 548; x_wconf 90' lang='lat' dir='ltr'><strong>Spiri-</strong></span> 
     </span>
    </p>
   </div>
   <div class='ocr_carea' id='block_1_4' title="bbox 333 563 3773 638">
    <p class='ocr_par' dir='ltr' id='par_1_4' title="bbox 333 563 3773 638">
     <span class='ocr_line' id='line_1_4' title="bbox 333 563 3773 638; baseline -0.002 -12"><span class='ocrx_word' id='word_1_22' title='bbox 333 568 610 627; x_wconf 87' lang='lat' dir='ltr'><strong>cedatah</strong></span> <span class='ocrx_word' id='word_1_23' title='bbox 631 584 727 626; x_wconf 91' lang='lat' dir='ltr'><strong>eo.</strong></span> <span class='ocrx_word' id='word_1_24' title='bbox 753 591 782 619; x_wconf 88' lang='grc'>››</span> <span class='ocrx_word' id='word_1_25' title='bbox 807 567 979 626; x_wconf 82' lang='lat' dir='ltr'><strong>Absit</strong></span> <span class='ocrx_word' id='word_1_26' title='bbox 997 568 1076 626; x_wconf 90' lang='lat' dir='ltr'><strong>ab</strong></span> <span class='ocrx_word' id='word_1_27' title='bbox 1100 567 1320 626; x_wconf 90' lang='lat' dir='ltr'><strong>animis</strong></span> <span class='ocrx_word' id='word_1_28' title='bbox 1353 566 1626 624; x_wconf 90' lang='lat' dir='ltr'><strong>ﬁdelium</strong></span> <span class='ocrx_word' id='word_1_29' title='bbox 1649 567 1766 636; x_wconf 87' lang='lat' dir='ltr'><strong>hoc</strong></span> <span class='ocrx_word' id='word_1_30' title='bbox 1791 566 2006 623; x_wconf 90' lang='lat' dir='ltr'><strong>delira-</strong></span> <span class='ocrx_word' id='word_1_31' title='bbox 2115 567 2209 621; x_wconf 90' lang='lat' dir='ltr'><strong>tus</strong></span> <span class='ocrx_word' id='word_1_32' title='bbox 2236 567 2482 622; x_wconf 86' lang='lat' dir='ltr'><strong>sanctus</strong></span> <span class='ocrx_word' id='word_1_33' title='bbox 2505 564 2579 620; x_wconf 85' lang='lat' dir='ltr'><strong>sit</strong></span> <span class='ocrx_word' id='word_1_34' title='bbox 2597 579 2672 619; x_wconf 87' lang='lat' dir='ltr'><strong>ex</strong></span> <span class='ocrx_word' id='word_1_35' title='bbox 2693 563 2856 630; x_wconf 92' lang='lat' dir='ltr'><strong>Filio,</strong></span> <span class='ocrx_word' id='word_1_36' title='bbox 2885 570 2942 620; x_wconf 91' lang='lat' dir='ltr'><strong>et</strong></span> <span class='ocrx_word' id='word_1_37' title='bbox 2968 565 3134 638; x_wconf 86' lang='lat' dir='ltr'><strong>quod</strong></span> <span class='ocrx_word' id='word_1_38' title='bbox 3157 564 3287 638; x_wconf 90' lang='lat' dir='ltr'><strong>ipse</strong></span> <span class='ocrx_word' id='word_1_39' title='bbox 3319 564 3500 620; x_wconf 90' lang='lat' dir='ltr'><strong>Filius</strong></span> <span class='ocrx_word' id='word_1_40' title='bbox 3521 563 3773 620; x_wconf 80' lang='lat' dir='ltr'><strong>dederat</strong></span> 
     </span>
    </p>
   </div>
   <div class='ocr_carea' id='block_1_5' title="bbox 337 652 3768 730">
    <p class='ocr_par' dir='ltr' id='par_1_5' title="bbox 337 652 3768 730">
     <span class='ocr_line' id='line_1_5' title="bbox 337 652 3768 730; baseline -0.002 -16"><span class='ocrx_word' id='word_1_41' title='bbox 337 664 638 726; x_wconf 87' lang='lat' dir='ltr'><strong>mentum,</strong></span> <span class='ocrx_word' id='word_1_42' title='bbox 678 660 745 714; x_wconf 91' lang='lat' dir='ltr'><strong>ut</strong></span> <span class='ocrx_word' id='word_1_43' title='bbox 793 656 1048 730; x_wconf 85' lang='lat' dir='ltr'><strong>Spiritus</strong></span> <span class='ocrx_word' id='word_1_44' title='bbox 1097 662 1340 715; x_wconf 88' lang='lat' dir='ltr'><strong>sanctus</strong></span> <span class='ocrx_word' id='word_1_45' title='bbox 1397 660 1688 712; x_wconf 67' lang='lat' dir='ltr'><strong>coasterus</strong></span> <span class='ocrx_word' id='word_1_46' title='bbox 1745 660 1804 712; x_wconf 92' lang='lat' dir='ltr'><strong>et</strong></span> <span class='ocrx_word' id='word_1_47' title='bbox 1861 670 2004 712; x_wconf 91' lang='lat' dir='ltr'><strong>con-</strong></span> <span class='ocrx_word' id='word_1_48' title='bbox 2112 657 2254 710; x_wconf 90' lang='lat' dir='ltr'><strong>tunc</strong></span> <span class='ocrx_word' id='word_1_49' title='bbox 2283 652 2568 726; x_wconf 81' lang='lat' dir='ltr'><strong>Spiritum</strong></span> <span class='ocrx_word' id='word_1_50' title='bbox 2600 659 2876 710; x_wconf 90' lang='lat' dir='ltr'><strong>sanctum</strong></span> <span class='ocrx_word' id='word_1_51' title='bbox 2907 655 3192 727; x_wconf 85' lang='lat' dir='ltr'><strong>apostolis</strong></span> <span class='ocrx_word' id='word_1_52' title='bbox 3223 670 3362 710; x_wconf 92' lang='lat' dir='ltr'><strong>cum</strong></span> <span class='ocrx_word' id='word_1_53' title='bbox 3413 653 3768 723; x_wconf 84' lang='lat' dir='ltr'><strong>insufﬂavit,</strong></span> 
     </span>
    </p>
   </div>
   <div class='ocr_carea' id='block_1_6' title="bbox 344 742 3768 814">
    <p class='ocr_par' dir='ltr' id='par_1_6' title="bbox 344 742 3768 814">
     <span class='ocr_line' id='line_1_6' title="bbox 344 742 3768 814; baseline -0.001 -12"><span class='ocrx_word' id='word_1_54' title='bbox 344 744 757 804; x_wconf 81' lang='lat' dir='ltr'><strong>substantialis</strong></span> <span class='ocrx_word' id='word_1_55' title='bbox 814 745 976 804; x_wconf 86' lang='lat' dir='ltr'><strong>Patri</strong></span> <span class='ocrx_word' id='word_1_56' title='bbox 1003 749 1062 803; x_wconf 92' lang='lat' dir='ltr'><strong>et</strong></span> <span class='ocrx_word' id='word_1_57' title='bbox 1095 746 1258 813; x_wconf 87' lang='lat' dir='ltr'><strong>Filio,</strong></span> <span class='ocrx_word' id='word_1_58' title='bbox 1301 744 1471 803; x_wconf 86' lang='lat' dir='ltr'><strong>aliter</strong></span> <span class='ocrx_word' id='word_1_59' title='bbox 1502 749 1558 802; x_wconf 90' lang='lat' dir='ltr'><strong>et</strong></span> <span class='ocrx_word' id='word_1_60' title='bbox 1607 744 1778 801; x_wconf 84' lang='lat' dir='ltr'><strong>aliter</strong></span> <span class='ocrx_word' id='word_1_61' title='bbox 1830 743 2006 801; x_wconf 85' lang='lat' dir='ltr'><strong>detur</strong></span> <span class='ocrx_word' id='word_1_62' title='bbox 2111 742 3768 814; x_wconf 82' lang='lat' dir='ltr'><strong>etdixit:AccipiteSpiritumsanctum,superGenesim</strong></span> 
     </span>
    </p>
   </div>
   <div class='ocr_carea' id='block_1_7' title="bbox 343 831 3767 910">
    <p class='ocr_par' dir='ltr' id='par_1_7' title="bbox 343 831 3767 910">
     <span class='ocr_line' id='line_1_7' title="bbox 343 831 3767 910; baseline -0.001 -20"><span class='ocrx_word' id='word_1_63' title='bbox 343 837 408 891; x_wconf 88' lang='lat' dir='ltr'><strong>et</strong></span> <span class='ocrx_word' id='word_1_64' title='bbox 430 834 545 892; x_wconf 86' lang='lat' dir='ltr'><strong>sit:</strong></span> <span class='ocrx_word' id='word_1_65' title='bbox 577 833 670 891; x_wconf 87' lang='lat' dir='ltr'><strong>vel</strong></span> <span class='ocrx_word' id='word_1_66' title='bbox 694 835 866 909; x_wconf 86' lang='lat' dir='ltr'><strong>quod</strong></span> <span class='ocrx_word' id='word_1_67' title='bbox 920 835 1154 910; x_wconf 91' lang='lat' dir='ltr'><strong>aliquid</strong></span> <span class='ocrx_word' id='word_1_68' title='bbox 1183 835 1350 893; x_wconf 87' lang='lat' dir='ltr'><strong>aliud</strong></span> <span class='ocrx_word' id='word_1_69' title='bbox 1402 835 1812 909; x_wconf 89' lang='lat' dir='ltr'><strong>temporaliter</strong></span> <span class='ocrx_word' id='word_1_70' title='bbox 1838 850 2003 891; x_wconf 90' lang='lat' dir='ltr'><strong>acce-</strong></span> <span class='ocrx_word' id='word_1_71' title='bbox 2112 832 2196 889; x_wconf 91' lang='lat' dir='ltr'><strong>sic</strong></span> <span class='ocrx_word' id='word_1_72' title='bbox 2226 836 2512 889; x_wconf 83' lang='lat' dir='ltr'><strong>testatur:</strong></span> <span class='ocrx_word' id='word_1_73' title='bbox 2544 854 2570 881; x_wconf 92' lang='grc'><strong>‹‹</strong></span> <span class='ocrx_word' id='word_1_74' title='bbox 2598 832 2759 889; x_wconf 88' lang='lat' dir='ltr'><strong>Sicut</strong></span> <span class='ocrx_word' id='word_1_75' title='bbox 2778 832 2992 888; x_wconf 89' lang='lat' dir='ltr'><strong>beatus</strong></span> <span class='ocrx_word' id='word_1_76' title='bbox 3021 835 3249 904; x_wconf 85' lang='lat' dir='ltr'><strong>Moyses</strong></span> <span class='ocrx_word' id='word_1_77' title='bbox 3279 832 3542 888; x_wconf 87' lang='lat' dir='ltr'><strong>ostendit</strong></span> <span class='ocrx_word' id='word_1_78' title='bbox 3567 831 3767 887; x_wconf 83' lang='lat' dir='ltr'><strong>homi-</strong></span> 
     </span>
    </p>
   </div>
   <div class='ocr_carea' id='block_1_8' title="bbox 338 921 3767 996">
    <p class='ocr_par' dir='ltr' id='par_1_8' title="bbox 338 921 3767 996">
     <span class='ocr_line' id='line_1_8' title="bbox 338 921 3767 996; baseline -0 -19"><span class='ocrx_word' id='word_1_79' title='bbox 338 921 436 994; x_wconf 88' lang='lat' dir='ltr'><strong>pit</strong></span> <span class='ocrx_word' id='word_1_80' title='bbox 464 922 558 978; x_wconf 85' lang='lat' dir='ltr'><strong>vel</strong></span> <span class='ocrx_word' id='word_1_81' title='bbox 580 922 741 979; x_wconf 85' lang='lat' dir='ltr'><strong>aliud</strong></span> <span class='ocrx_word' id='word_1_82' title='bbox 760 924 1118 981; x_wconf 74' lang='lat' dir='ltr'><strong>aaternaliter</strong></span> <span class='ocrx_word' id='word_1_83' title='bbox 1139 924 1401 981; x_wconf 82' lang='lat' dir='ltr'><strong>exsistat.</strong></span> <span class='ocrx_word' id='word_1_84' title='bbox 1429 924 1551 980; x_wconf 92' lang='lat' dir='ltr'><strong>Ista</strong></span> <span class='ocrx_word' id='word_1_85' title='bbox 1567 924 1729 980; x_wconf 91' lang='lat' dir='ltr'><strong>enim</strong></span> <span class='ocrx_word' id='word_1_86' title='bbox 1751 922 2003 996; x_wconf 84' lang='lat' dir='ltr'><strong>varietas</strong></span> <span class='ocrx_word' id='word_1_87' title='bbox 2109 937 2251 978; x_wconf 90' lang='lat' dir='ltr'><strong>nem</strong></span> <span class='ocrx_word' id='word_1_88' title='bbox 2268 937 2306 978; x_wconf 95' lang='lat' dir='ltr'><strong>a</strong></span> <span class='ocrx_word' id='word_1_89' title='bbox 2330 925 2449 978; x_wconf 92' lang='lat' dir='ltr'><strong>Deo</strong></span> <span class='ocrx_word' id='word_1_90' title='bbox 2466 921 2768 993; x_wconf 89' lang='lat' dir='ltr'><strong>accepisse</strong></span> <span class='ocrx_word' id='word_1_91' title='bbox 2789 921 3157 996; x_wconf 77' lang='lat' dir='ltr'><strong>spiraculum</strong></span> <span class='ocrx_word' id='word_1_92' title='bbox 3182 922 3337 988; x_wconf 64' lang='lat' dir='ltr'><strong>vitae,</strong></span> <span class='ocrx_word' id='word_1_93' title='bbox 3367 922 3481 978; x_wconf 88' lang='lat' dir='ltr'><strong>hoc</strong></span> <span class='ocrx_word' id='word_1_94' title='bbox 3504 921 3767 978; x_wconf 83' lang='lat' dir='ltr'><strong>Christus</strong></span> 
     </span>
    </p>
   </div>
   <div class='ocr_carea' id='block_1_9' title="bbox 335 1011 2002 1085">
    <p class='ocr_par' dir='ltr' id='par_1_9' title="bbox 335 1011 2002 1085">
     <span class='ocr_line' id='line_1_9' title="bbox 335 1011 2002 1085; baseline 0.001 -19"><span class='ocrx_word' id='word_1_95' title='bbox 335 1025 469 1067; x_wconf 89' lang='lat' dir='ltr'><strong>non</strong></span> <span class='ocrx_word' id='word_1_96' title='bbox 500 1011 656 1068; x_wconf 89' lang='lat' dir='ltr'><strong>cadit</strong></span> <span class='ocrx_word' id='word_1_97' title='bbox 684 1011 746 1068; x_wconf 89' lang='lat' dir='ltr'><strong>in</strong></span> <span class='ocrx_word' id='word_1_98' title='bbox 777 1015 990 1083; x_wconf 89' lang='lat' dir='ltr'><strong>Deum,</strong></span> <span class='ocrx_word' id='word_1_99' title='bbox 1033 1013 1142 1071; x_wconf 91' lang='lat' dir='ltr'><strong>sed</strong></span> <span class='ocrx_word' id='word_1_100' title='bbox 1184 1014 1244 1070; x_wconf 90' lang='lat' dir='ltr'><strong>in</strong></span> <span class='ocrx_word' id='word_1_101' title='bbox 1291 1017 1621 1071; x_wconf 89' lang='lat' dir='ltr'><strong>creaturas.</strong></span> <span class='ocrx_word' id='word_1_102' title='bbox 1681 1016 2002 1085; x_wconf 89' lang='lat' dir='ltr'><strong>Nunquam</strong></span> 
     </span>
    </p>
   </div>
   <div class='ocr_carea' id='block_1_10' title="bbox 332 1099 2002 1175">
    <p class='ocr_par' dir='ltr' id='par_1_10' title="bbox 332 1099 2002 1175">
     <span class='ocr_line' id='line_1_10' title="bbox 332 1099 2002 1175; baseline 0.001 -18"><span class='ocrx_word' id='word_1_103' title='bbox 332 1099 522 1157; x_wconf 88' lang='lat' dir='ltr'><strong>etiam</strong></span> <span class='ocrx_word' id='word_1_104' title='bbox 557 1100 732 1157; x_wconf 84' lang='lat' dir='ltr'><strong>Filius</strong></span> <span class='ocrx_word' id='word_1_105' title='bbox 763 1101 844 1158; x_wconf 91' lang='lat' dir='ltr'><strong>ad</strong></span> <span class='ocrx_word' id='word_1_106' title='bbox 870 1117 1221 1160; x_wconf 87' lang='lat' dir='ltr'><strong>mensuram</strong></span> <span class='ocrx_word' id='word_1_107' title='bbox 1249 1103 1481 1175; x_wconf 88' lang='lat' dir='ltr'><strong>accepit</strong></span> <span class='ocrx_word' id='word_1_108' title='bbox 1509 1101 1810 1174; x_wconf 88' lang='lat' dir='ltr'><strong>Spiritum,</strong></span> <span class='ocrx_word' id='word_1_109' title='bbox 1850 1102 2002 1158; x_wconf 88' lang='lat' dir='ltr'><strong>sicut</strong></span> 
     </span>
    </p>
   </div>
   <div class='ocr_carea' id='block_1_11' title="bbox 325 1191 1996 1264">
    <p class='ocr_par' dir='ltr' id='par_1_11' title="bbox 325 1191 1996 1264">
     <span class='ocr_line' id='line_1_11' title="bbox 325 1191 1996 1264; baseline 0.002 -21"><span class='ocrx_word' id='word_1_110' title='bbox 325 1195 388 1244; x_wconf 88' lang='lat' dir='ltr'><strong>et</strong></span> <span class='ocrx_word' id='word_1_111' title='bbox 415 1204 553 1258; x_wconf 86' lang='lat' dir='ltr'><strong>nos,</strong></span> <span class='ocrx_word' id='word_1_112' title='bbox 586 1193 642 1245; x_wconf 90' lang='lat' dir='ltr'><strong>et</strong></span> <span class='ocrx_word' id='word_1_113' title='bbox 696 1191 780 1246; x_wconf 91' lang='lat' dir='ltr'><strong>uti</strong></span> <span class='ocrx_word' id='word_1_114' title='bbox 809 1196 899 1247; x_wconf 88' lang='lat' dir='ltr'><strong>est</strong></span> <span class='ocrx_word' id='word_1_115' title='bbox 931 1193 1236 1264; x_wconf 88' lang='lat' dir='ltr'><strong>scriptum.</strong></span> <span class='ocrx_word' id='word_1_116' title='bbox 1292 1192 1568 1262; x_wconf 83' lang='lat' dir='ltr'><strong>Legimus</strong></span> <span class='ocrx_word' id='word_1_117' title='bbox 1622 1191 1822 1247; x_wconf 88' lang='lat' dir='ltr'><strong>enim:</strong></span> <span class='ocrx_word' id='word_1_118' title='bbox 1860 1191 1996 1247; x_wconf 87' lang='lat' dir='ltr'><strong>Non</strong></span> 
     </span>
    </p>
   </div>
   <div class='ocr_carea' id='block_1_12' title="bbox 313 1277 1998 1352">
    <p class='ocr_par' dir='ltr' id='par_1_12' title="bbox 313 1277 1998 1352">
     <span class='ocr_line' id='line_1_12' title="bbox 313 1277 1998 1352; baseline 0.002 -19"><span class='ocrx_word' id='word_1_119' title='bbox 313 1277 408 1334; x_wconf 85' lang='lat' dir='ltr'><strong>ad</strong></span> <span class='ocrx_word' id='word_1_120' title='bbox 439 1293 790 1336; x_wconf 81' lang='lat' dir='ltr'><strong>mensuram</strong></span> <span class='ocrx_word' id='word_1_121' title='bbox 832 1279 939 1336; x_wconf 84' lang='lat' dir='ltr'><strong>dat</strong></span> <span class='ocrx_word' id='word_1_122' title='bbox 970 1281 1126 1337; x_wconf 77' lang='lat' dir='ltr'><strong>Deus</strong></span> <span class='ocrx_word' id='word_1_123' title='bbox 1153 1281 1452 1350; x_wconf 78' lang='lat' dir='ltr'><strong>Spiritum</strong></span> <span class='ocrx_word' id='word_1_124' title='bbox 1477 1281 1522 1315; x_wconf 79' lang='grc'>²⁴</span> <span class='ocrx_word' id='word_1_125' title='bbox 1551 1299 1567 1351; x_wconf 85' lang='grc'>;</span> <span class='ocrx_word' id='word_1_126' title='bbox 1599 1279 1836 1352; x_wconf 88' lang='lat' dir='ltr'><strong>supple,</strong></span> <span class='ocrx_word' id='word_1_127' title='bbox 1858 1278 1998 1336; x_wconf 84' lang='lat' dir='ltr'><strong>Filio</strong></span> 
     </span>
    </p>
   </div>
   <div class='ocr_carea' id='block_1_13' title="bbox 310 1368 1997 1442">
    <p class='ocr_par' dir='ltr' id='par_1_13' title="bbox 310 1368 1997 1442">
     <span class='ocr_line' id='line_1_13' title="bbox 310 1368 1997 1442; baseline 0.001 -20"><span class='ocrx_word' id='word_1_128' title='bbox 310 1382 460 1423; x_wconf 87' lang='lat' dir='ltr'><strong>suo.</strong></span> <span class='ocrx_word' id='word_1_129' title='bbox 498 1368 558 1423; x_wconf 87' lang='lat' dir='ltr'><strong>Si</strong></span> <span class='ocrx_word' id='word_1_130' title='bbox 584 1383 794 1425; x_wconf 87' lang='lat' dir='ltr'><strong>verum</strong></span> <span class='ocrx_word' id='word_1_131' title='bbox 824 1375 932 1437; x_wconf 88' lang='lat' dir='ltr'><strong>est,</strong></span> <span class='ocrx_word' id='word_1_132' title='bbox 960 1369 1128 1442; x_wconf 91' lang='lat' dir='ltr'><strong>quod</strong></span> <span class='ocrx_word' id='word_1_133' title='bbox 1159 1371 1331 1426; x_wconf 89' lang='lat' dir='ltr'><strong>Pater</strong></span> <span class='ocrx_word' id='word_1_134' title='bbox 1365 1371 1446 1426; x_wconf 90' lang='lat' dir='ltr'><strong>ita</strong></span> <span class='ocrx_word' id='word_1_135' title='bbox 1475 1369 1642 1426; x_wconf 87' lang='lat' dir='ltr'><strong>dedit</strong></span> <span class='ocrx_word' id='word_1_136' title='bbox 1670 1369 1810 1426; x_wconf 83' lang='lat' dir='ltr'><strong>Filio</strong></span> <span class='ocrx_word' id='word_1_137' title='bbox 1868 1369 1997 1441; x_wconf 89' lang='lat' dir='ltr'><strong>Spi-</strong></span> 
     </span>
    </p>
   </div>
   <div class='ocr_carea' id='block_1_14' title="bbox 306 1455 1999 1530">
    <p class='ocr_par' dir='ltr' id='par_1_14' title="bbox 306 1455 1999 1530">
     <span class='ocr_line' id='line_1_14' title="bbox 306 1455 1999 1530; baseline 0.001 -19"><span class='ocrx_word' id='word_1_138' title='bbox 306 1455 602 1522; x_wconf 89' lang='lat' dir='ltr'><strong>ritum,ut</strong></span> <span class='ocrx_word' id='word_1_139' title='bbox 619 1455 891 1530; x_wconf 87' lang='lat' dir='ltr'><strong>aliquam</strong></span> <span class='ocrx_word' id='word_1_140' title='bbox 915 1459 1173 1529; x_wconf 80' lang='lat' dir='ltr'><strong>gratiam</strong></span> <span class='ocrx_word' id='word_1_141' title='bbox 1195 1458 1628 1516; x_wconf 86' lang='lat' dir='ltr'><strong>dominationis</strong></span> <span class='ocrx_word' id='word_1_142' title='bbox 1653 1459 1714 1514; x_wconf 92' lang='lat' dir='ltr'><strong>in</strong></span> <span class='ocrx_word' id='word_1_143' title='bbox 1740 1474 1801 1514; x_wconf 92' lang='lat' dir='ltr'><strong>se</strong></span> <span class='ocrx_word' id='word_1_144' title='bbox 1821 1457 1999 1514; x_wconf 89' lang='lat' dir='ltr'><strong>Filius</strong></span> 
     </span>
    </p>
   </div>
   <div class='ocr_carea' id='block_1_15' title="bbox 306 1545 1990 1618">
    <p class='ocr_par' dir='ltr' id='par_1_15' title="bbox 306 1545 1990 1618">
     <span class='ocr_line' id='line_1_15' title="bbox 306 1545 1990 1618; baseline 0 -16"><span class='ocrx_word' id='word_1_145' title='bbox 306 1545 545 1618; x_wconf 87' lang='lat' dir='ltr'><strong>(Pater)</strong></span> <span class='ocrx_word' id='word_1_146' title='bbox 632 1546 994 1615; x_wconf 88' lang='lat' dir='ltr'><strong>retinuisset,</strong></span> <span class='ocrx_word' id='word_1_147' title='bbox 1050 1552 1186 1604; x_wconf 89' lang='lat' dir='ltr'><strong>tunc</strong></span> <span class='ocrx_word' id='word_1_148' title='bbox 1242 1563 1452 1604; x_wconf 88' lang='lat' dir='ltr'><strong>revera</strong></span> <span class='ocrx_word' id='word_1_149' title='bbox 1521 1547 1788 1603; x_wconf 88' lang='lat' dir='ltr'><strong>dedisset</strong></span> <span class='ocrx_word' id='word_1_150' title='bbox 1842 1547 1990 1602; x_wconf 88' lang='lat' dir='ltr'><strong>Filio</strong></span> 
     </span>
    </p>
   </div>
   <div class='ocr_carea' id='block_1_16' title="bbox 305 1633 3762 1709">
    <p class='ocr_par' dir='ltr' id='par_1_16' title="bbox 305 1633 3762 1709">
     <span class='ocr_line' id='line_1_16' title="bbox 305 1633 3762 1709; baseline -0 -18"><span class='ocrx_word' id='word_1_151' title='bbox 305 1634 616 1706; x_wconf 86' lang='lat' dir='ltr'><strong>Spiritum</strong></span> <span class='ocrx_word' id='word_1_152' title='bbox 645 1635 726 1692; x_wconf 90' lang='lat' dir='ltr'><strong>ad</strong></span> <span class='ocrx_word' id='word_1_153' title='bbox 747 1651 1123 1706; x_wconf 89' lang='lat' dir='ltr'><strong>mensuram,</strong></span> <span class='ocrx_word' id='word_1_154' title='bbox 1149 1636 1232 1692; x_wconf 91' lang='lat' dir='ltr'><strong>ita</strong></span> <span class='ocrx_word' id='word_1_155' title='bbox 1252 1641 1314 1693; x_wconf 90' lang='lat' dir='ltr'><strong>ut</strong></span> <span class='ocrx_word' id='word_1_156' title='bbox 1341 1652 1453 1693; x_wconf 88' lang='lat' dir='ltr'><strong>nos</strong></span> <span class='ocrx_word' id='word_1_157' title='bbox 1475 1651 1802 1709; x_wconf 88' lang='lat' dir='ltr'><strong>possemus</strong></span> <span class='ocrx_word' id='word_1_158' title='bbox 1829 1635 1995 1692; x_wconf 90' lang='lat' dir='ltr'><strong>illam</strong></span> <span class='ocrx_word' id='word_1_159' title='bbox 2103 1637 2190 1690; x_wconf 87' lang='lat' dir='ltr'><strong>tre</strong></span> <span class='ocrx_word' id='word_1_160' title='bbox 2220 1638 2277 1691; x_wconf 91' lang='lat' dir='ltr'><strong>et</strong></span> <span class='ocrx_word' id='word_1_161' title='bbox 2325 1635 2492 1704; x_wconf 89' lang='lat' dir='ltr'><strong>Filio,</strong></span> <span class='ocrx_word' id='word_1_162' title='bbox 2525 1634 2931 1705; x_wconf 87' lang='lat' dir='ltr'><strong>manifestum,</strong></span> <span class='ocrx_word' id='word_1_163' title='bbox 2966 1635 3110 1708; x_wconf 87' lang='lat' dir='ltr'><strong>quia</strong></span> <span class='ocrx_word' id='word_1_164' title='bbox 3138 1635 3215 1689; x_wconf 90' lang='lat' dir='ltr'><strong>de</strong></span> <span class='ocrx_word' id='word_1_165' title='bbox 3246 1633 3460 1689; x_wconf 91' lang='lat' dir='ltr'><strong>eadem</strong></span> <span class='ocrx_word' id='word_1_166' title='bbox 3504 1634 3762 1690; x_wconf 85' lang='lat' dir='ltr'><strong>essentia</strong></span> 
     </span>
    </p>
   </div>
   <div class='ocr_carea' id='block_1_17' title="bbox 297 1721 3762 1799">
    <p class='ocr_par' dir='ltr' id='par_1_17' title="bbox 297 1721 3762 1799">
     <span class='ocr_line' id='line_1_17' title="bbox 297 1721 3762 1799; baseline -0.001 -19"><span class='ocrx_word' id='word_1_167' title='bbox 297 1723 724 1781; x_wconf 76' lang='lat' dir='ltr'><strong>donationem</strong></span> <span class='ocrx_word' id='word_1_168' title='bbox 753 1740 1107 1782; x_wconf 87' lang='lat' dir='ltr'><strong>mensurare</strong></span> <span class='ocrx_word' id='word_1_169' title='bbox 1131 1724 1397 1783; x_wconf 88' lang='lat' dir='ltr'><strong>dicentes</strong></span> <span class='ocrx_word' id='word_1_170' title='bbox 1421 1742 1434 1782; x_wconf 91' lang='lat'><strong>:</strong></span> <span class='ocrx_word' id='word_1_171' title='bbox 1464 1729 1585 1782; x_wconf 85' lang='lat' dir='ltr'><strong>Hoc</strong></span> <span class='ocrx_word' id='word_1_172' title='bbox 1615 1725 1865 1799; x_wconf 91' lang='lat' dir='ltr'><strong>quidem</strong></span> <span class='ocrx_word' id='word_1_173' title='bbox 1892 1725 1992 1780; x_wconf 86' lang='lat' dir='ltr'><strong>de-</strong></span> <span class='ocrx_word' id='word_1_174' title='bbox 2104 1727 2196 1780; x_wconf 92' lang='lat' dir='ltr'><strong>est</strong></span> <span class='ocrx_word' id='word_1_175' title='bbox 2215 1723 2605 1780; x_wconf 89' lang='lat' dir='ltr'><strong>essentialiter</strong></span> <span class='ocrx_word' id='word_1_176' title='bbox 2624 1724 2684 1778; x_wconf 90' lang='lat' dir='ltr'><strong>in</strong></span> <span class='ocrx_word' id='word_1_177' title='bbox 2706 1723 2858 1796; x_wconf 91' lang='lat' dir='ltr'><strong>ipsa,</strong></span> <span class='ocrx_word' id='word_1_178' title='bbox 2892 1728 2948 1779; x_wconf 94' lang='lat' dir='ltr'><strong>et</strong></span> <span class='ocrx_word' id='word_1_179' title='bbox 2975 1740 3042 1779; x_wconf 83' lang='lat' dir='ltr'><strong>ex</strong></span> <span class='ocrx_word' id='word_1_180' title='bbox 3061 1723 3191 1794; x_wconf 92' lang='lat' dir='ltr'><strong>ipsa</strong></span> <span class='ocrx_word' id='word_1_181' title='bbox 3210 1721 3566 1794; x_wconf 88' lang='lat' dir='ltr'><strong>procedens,</strong></span> <span class='ocrx_word' id='word_1_182' title='bbox 3598 1721 3762 1778; x_wconf 88' lang='lat' dir='ltr'><strong>velut</strong></span> 
     </span>
    </p>
   </div>
   <div class='ocr_carea' id='block_1_18' title="bbox 302 1811 3760 1884">
    <p class='ocr_par' dir='ltr' id='par_1_18' title="bbox 302 1811 3760 1884">
     <span class='ocr_line' id='line_1_18' title="bbox 302 1811 3760 1884; baseline -0.001 -15"><span class='ocrx_word' id='word_1_183' title='bbox 302 1813 409 1869; x_wconf 89' lang='lat' dir='ltr'><strong>dit</strong></span> <span class='ocrx_word' id='word_1_184' title='bbox 428 1816 603 1870; x_wconf 88' lang='lat' dir='ltr'><strong>Pater</strong></span> <span class='ocrx_word' id='word_1_185' title='bbox 624 1813 790 1884; x_wconf 86' lang='lat' dir='ltr'><strong>Filio,</strong></span> <span class='ocrx_word' id='word_1_186' title='bbox 810 1815 927 1871; x_wconf 91' lang='lat' dir='ltr'><strong>hoc</strong></span> <span class='ocrx_word' id='word_1_187' title='bbox 945 1819 1144 1870; x_wconf 91' lang='lat' dir='ltr'><strong>autem</strong></span> <span class='ocrx_word' id='word_1_188' title='bbox 1168 1831 1292 1871; x_wconf 89' lang='lat' dir='ltr'><strong>non</strong></span> <span class='ocrx_word' id='word_1_189' title='bbox 1315 1815 1514 1882; x_wconf 91' lang='lat' dir='ltr'><strong>dedit;</strong></span> <span class='ocrx_word' id='word_1_190' title='bbox 1540 1815 1624 1870; x_wconf 91' lang='lat' dir='ltr'><strong>sic</strong></span> <span class='ocrx_word' id='word_1_191' title='bbox 1639 1814 1821 1881; x_wconf 87' lang='lat' dir='ltr'><strong>dedit,</strong></span> <span class='ocrx_word' id='word_1_192' title='bbox 1846 1815 1996 1872; x_wconf 90' lang='lat' dir='ltr'><strong>etsic</strong></span> <span class='ocrx_word' id='word_1_193' title='bbox 2031 1831 2072 1884; x_wconf 78' lang='grc' dir='ltr'><strong>Β</strong></span> <span class='ocrx_word' id='word_1_194' title='bbox 2103 1827 2176 1868; x_wconf 87' lang='lat' dir='ltr'><strong>ex</strong></span> <span class='ocrx_word' id='word_1_195' title='bbox 2199 1811 2472 1868; x_wconf 90' lang='lat' dir='ltr'><strong>humano</strong></span> <span class='ocrx_word' id='word_1_196' title='bbox 2502 1827 2604 1868; x_wconf 88' lang='lat' dir='ltr'><strong>ore</strong></span> <span class='ocrx_word' id='word_1_197' title='bbox 2644 1812 2905 1868; x_wconf 85' lang='lat' dir='ltr'><strong>excurrit</strong></span> <span class='ocrx_word' id='word_1_198' title='bbox 2948 1811 3310 1867; x_wconf 87' lang='lat' dir='ltr'><strong>insufﬂatio:</strong></span> <span class='ocrx_word' id='word_1_199' title='bbox 3347 1811 3453 1866; x_wconf 90' lang='lat' dir='ltr'><strong>etsi</strong></span> <span class='ocrx_word' id='word_1_200' title='bbox 3499 1826 3760 1882; x_wconf 88' lang='lat' dir='ltr'><strong>parvum</strong></span> 
     </span>
    </p>
   </div>
   <div class='ocr_carea' id='block_1_19' title="bbox 304 1899 3760 1975">
    <p class='ocr_par' dir='ltr' id='par_1_19' title="bbox 304 1899 3760 1975">
     <span class='ocr_line' id='line_1_19' title="bbox 304 1899 3760 1975; baseline -0.001 -17"><span class='ocrx_word' id='word_1_201' title='bbox 304 1917 446 1959; x_wconf 88' lang='lat' dir='ltr'><strong>non</strong></span> <span class='ocrx_word' id='word_1_202' title='bbox 471 1902 659 1959; x_wconf 90' lang='lat' dir='ltr'><strong>dedit.</strong></span> <span class='ocrx_word' id='word_1_203' title='bbox 683 1907 892 1959; x_wconf 86' lang='lat' dir='ltr'><strong>Nonne</strong></span> <span class='ocrx_word' id='word_1_204' title='bbox 918 1905 1158 1961; x_wconf 65' lang='lat' dir='ltr'><strong>Griecus</strong></span> <span class='ocrx_word' id='word_1_205' title='bbox 1183 1909 1496 1960; x_wconf 89' lang='lat' dir='ltr'><strong>mensurat</strong></span> <span class='ocrx_word' id='word_1_206' title='bbox 1517 1903 1657 1960; x_wconf 85' lang='lat' dir='ltr'><strong>Filio</strong></span> <span class='ocrx_word' id='word_1_207' title='bbox 1681 1903 1990 1975; x_wconf 83' lang='lat' dir='ltr'><strong>Spiritum,</strong></span> <span class='ocrx_word' id='word_1_208' title='bbox 2104 1905 2161 1958; x_wconf 91' lang='lat' dir='ltr'><strong>et</strong></span> <span class='ocrx_word' id='word_1_209' title='bbox 2187 1916 2310 1956; x_wconf 90' lang='lat' dir='ltr'><strong>non</strong></span> <span class='ocrx_word' id='word_1_210' title='bbox 2341 1901 2597 1971; x_wconf 87' lang='lat' dir='ltr'><strong>dignum</strong></span> <span class='ocrx_word' id='word_1_211' title='bbox 2629 1902 2705 1958; x_wconf 87' lang='lat' dir='ltr'><strong>sit</strong></span> <span class='ocrx_word' id='word_1_212' title='bbox 2736 1901 3105 1974; x_wconf 89' lang='lat' dir='ltr'><strong>exemplum.</strong></span> <span class='ocrx_word' id='word_1_213' title='bbox 3141 1901 3356 1957; x_wconf 88' lang='lat' dir='ltr'><strong>Omnia</strong></span> <span class='ocrx_word' id='word_1_214' title='bbox 3389 1899 3550 1955; x_wconf 92' lang='lat' dir='ltr'><strong>enim</strong></span> <span class='ocrx_word' id='word_1_215' title='bbox 3585 1915 3760 1972; x_wconf 81' lang='lat' dir='ltr'><strong>supe-</strong></span> 
     </span>
    </p>
   </div>
   <div class='ocr_carea' id='block_1_20' title="bbox 303 1989 2461 2066">
    <p class='ocr_par' dir='ltr' id='par_1_20' title="bbox 303 1989 2461 2066">
     <span class='ocr_line' id='line_1_20' title="bbox 303 1989 2461 2066; baseline -0 -18"><span class='ocrx_word' id='word_1_216' title='bbox 303 1991 570 2065; x_wconf 81' lang='lat' dir='ltr'><strong>quando</strong></span> <span class='ocrx_word' id='word_1_217' title='bbox 609 1991 755 2048; x_wconf 89' lang='lat' dir='ltr'><strong>dicit</strong></span> <span class='ocrx_word' id='word_1_218' title='bbox 784 2009 797 2048; x_wconf 93' lang='lat'><strong>:</strong></span> <span class='ocrx_word' id='word_1_219' title='bbox 832 1992 1011 2049; x_wconf 86' lang='lat' dir='ltr'><strong>Filius</strong></span> <span class='ocrx_word' id='word_1_220' title='bbox 1042 1993 1126 2049; x_wconf 90' lang='lat' dir='ltr'><strong>sic</strong></span> <span class='ocrx_word' id='word_1_221' title='bbox 1145 1993 1329 2050; x_wconf 87' lang='lat' dir='ltr'><strong>habet</strong></span> <span class='ocrx_word' id='word_1_222' title='bbox 1361 1993 1647 2066; x_wconf 88' lang='lat' dir='ltr'><strong>Spiritum</strong></span> <span class='ocrx_word' id='word_1_223' title='bbox 1674 1997 1740 2049; x_wconf 89' lang='lat' dir='ltr'><strong>ut</strong></span> <span class='ocrx_word' id='word_1_224' title='bbox 1768 1992 1991 2055; x_wconf 88' lang='lat' dir='ltr'><strong>mittat,</strong></span> <span class='ocrx_word' id='word_1_225' title='bbox 2100 1989 2258 2048; x_wconf 85' lang='lat' dir='ltr'><strong>rabit</strong></span> <span class='ocrx_word' id='word_1_226' title='bbox 2287 1993 2461 2047; x_wconf 88' lang='lat' dir='ltr'><strong>Deus.</strong></span> 
     </span>
    </p>
   </div>
   <div class='ocr_carea' id='block_1_21' title="bbox 306 2078 3761 2154">
    <p class='ocr_par' dir='ltr' id='par_1_21' title="bbox 306 2078 3761 2154">
     <span class='ocr_line' id='line_1_21' title="bbox 306 2078 3761 2154; baseline -0 -18"><span class='ocrx_word' id='word_1_227' title='bbox 306 2084 378 2138; x_wconf 87' lang='lat' dir='ltr'><strong>et</strong></span> <span class='ocrx_word' id='word_1_228' title='bbox 407 2080 600 2137; x_wconf 89' lang='lat' dir='ltr'><strong>donet</strong></span> <span class='ocrx_word' id='word_1_229' title='bbox 634 2080 850 2147; x_wconf 88' lang='lat' dir='ltr'><strong>illum;</strong></span> <span class='ocrx_word' id='word_1_230' title='bbox 884 2080 994 2138; x_wconf 89' lang='lat' dir='ltr'><strong>sed</strong></span> <span class='ocrx_word' id='word_1_231' title='bbox 1021 2096 1146 2139; x_wconf 90' lang='lat' dir='ltr'><strong>non</strong></span> <span class='ocrx_word' id='word_1_232' title='bbox 1177 2083 1260 2138; x_wconf 92' lang='lat' dir='ltr'><strong>sic</strong></span> <span class='ocrx_word' id='word_1_233' title='bbox 1281 2081 1484 2152; x_wconf 89' lang='lat' dir='ltr'><strong>habet,</strong></span> <span class='ocrx_word' id='word_1_234' title='bbox 1509 2085 1572 2138; x_wconf 92' lang='lat' dir='ltr'><strong>ut</strong></span> <span class='ocrx_word' id='word_1_235' title='bbox 1596 2081 1885 2154; x_wconf 88' lang='lat' dir='ltr'><strong>procedat</strong></span> <span class='ocrx_word' id='word_1_236' title='bbox 1914 2080 1994 2138; x_wconf 87' lang='lat' dir='ltr'><strong>ab</strong></span> <span class='ocrx_word' id='word_1_237' title='bbox 2173 2082 2318 2136; x_wconf 89' lang='lat' dir='ltr'><strong>Item</strong></span> <span class='ocrx_word' id='word_1_238' title='bbox 2394 2080 2746 2136; x_wconf 84' lang='lat' dir='ltr'><strong>Anastasius</strong></span> <span class='ocrx_word' id='word_1_239' title='bbox 2815 2080 3160 2153; x_wconf 88' lang='lat' dir='ltr'><strong>patriarcha</strong></span> <span class='ocrx_word' id='word_1_240' title='bbox 3205 2078 3635 2147; x_wconf 87' lang='lat' dir='ltr'><strong>Antiochenus,</strong></span> <span class='ocrx_word' id='word_1_241' title='bbox 3697 2079 3761 2135; x_wconf 89' lang='lat' dir='ltr'><strong>in</strong></span> 
     </span>
    </p>
   </div>
   <div class='ocr_carea' id='block_1_22' title="bbox 304 2168 3762 2243">
    <p class='ocr_par' dir='ltr' id='par_1_22' title="bbox 304 2168 3762 2243">
     <span class='ocr_line' id='line_1_22' title="bbox 304 2168 3762 2243; baseline -0.001 -17"><span class='ocrx_word' id='word_1_242' title='bbox 304 2169 478 2243; x_wconf 86' lang='lat' dir='ltr'><strong>ipso.</strong></span> <span class='ocrx_word' id='word_1_243' title='bbox 2105 2184 2384 2226; x_wconf 88' lang='lat' dir='ltr'><strong>sermone</strong></span> <span class='ocrx_word' id='word_1_244' title='bbox 2419 2171 2496 2225; x_wconf 91' lang='lat' dir='ltr'><strong>de</strong></span> <span class='ocrx_word' id='word_1_245' title='bbox 2524 2176 2689 2228; x_wconf 90' lang='lat' dir='ltr'><strong>recta</strong></span> <span class='ocrx_word' id='word_1_246' title='bbox 2715 2171 2958 2226; x_wconf 90' lang='lat' dir='ltr'><strong>veritate</strong></span> <span class='ocrx_word' id='word_1_247' title='bbox 2987 2169 3364 2240; x_wconf 88' lang='lat' dir='ltr'><strong>dogmatum,</strong></span> <span class='ocrx_word' id='word_1_248' title='bbox 3418 2169 3520 2240; x_wconf 91' lang='lat' dir='ltr'><strong>qui</strong></span> <span class='ocrx_word' id='word_1_249' title='bbox 3546 2168 3632 2224; x_wconf 90' lang='lat' dir='ltr'><strong>sic</strong></span> <span class='ocrx_word' id='word_1_250' title='bbox 3674 2169 3762 2224; x_wconf 91' lang='lat' dir='ltr'><strong>in-</strong></span> 
     </span>
    </p>
   </div>
   <div class='ocr_carea' id='block_1_23' title="bbox 393 2258 3762 2334">
    <p class='ocr_par' dir='ltr' id='par_1_23' title="bbox 393 2258 3762 2334">
     <span class='ocr_line' id='line_1_23' title="bbox 393 2258 3762 2334; baseline -0.001 -19"><span class='ocrx_word' id='word_1_251' title='bbox 393 2262 536 2316; x_wconf 90' lang='lat' dir='ltr'><strong>Item</strong></span> <span class='ocrx_word' id='word_1_252' title='bbox 595 2259 776 2316; x_wconf 90' lang='lat' dir='ltr'><strong>Filius</strong></span> <span class='ocrx_word' id='word_1_253' title='bbox 805 2260 882 2318; x_wconf 89' lang='lat' dir='ltr'><strong>de</strong></span> <span class='ocrx_word' id='word_1_254' title='bbox 937 2260 1156 2334; x_wconf 90' lang='lat' dir='ltr'><strong>Spiritu</strong></span> <span class='ocrx_word' id='word_1_255' title='bbox 1190 2265 1401 2318; x_wconf 88' lang='lat' dir='ltr'><strong>sancto</strong></span> <span class='ocrx_word' id='word_1_256' title='bbox 1456 2261 1574 2317; x_wconf 91' lang='lat' dir='ltr'><strong>ait:</strong></span> <span class='ocrx_word' id='word_1_257' title='bbox 1606 2261 1763 2317; x_wconf 87' lang='lat' dir='ltr'><strong>Novi</strong></span> <span class='ocrx_word' id='word_1_258' title='bbox 1787 2261 1858 2316; x_wconf 87' lang='lat' dir='ltr'><strong>de</strong></span> <span class='ocrx_word' id='word_1_259' title='bbox 1891 2275 1980 2318; x_wconf 83' lang='lat' dir='ltr'><strong>me</strong></span> <span class='ocrx_word' id='word_1_260' title='bbox 2102 2259 2245 2332; x_wconf 89' lang='lat' dir='ltr'><strong>cipit</strong></span> <span class='ocrx_word' id='word_1_261' title='bbox 2273 2277 2286 2314; x_wconf 91' lang='lat'><strong>:</strong></span> <span class='ocrx_word' id='word_1_262' title='bbox 2344 2260 2637 2316; x_wconf 82' lang='lat' dir='ltr'><strong>Dominus</strong></span> <span class='ocrx_word' id='word_1_263' title='bbox 2664 2261 2820 2317; x_wconf 82' lang='lat' dir='ltr'><strong>Deus</strong></span> <span class='ocrx_word' id='word_1_264' title='bbox 2851 2275 3014 2316; x_wconf 87' lang='lat' dir='ltr'><strong>meus</strong></span> <span class='ocrx_word' id='word_1_265' title='bbox 3025 2259 3327 2329; x_wconf 80' lang='lat' dir='ltr'><strong>fortitudo</strong></span> <span class='ocrx_word' id='word_1_266' title='bbox 3348 2273 3498 2328; x_wconf 87' lang='lat' dir='ltr'><strong>mea,</strong></span> <span class='ocrx_word' id='word_1_267' title='bbox 3523 2261 3658 2328; x_wconf 92' lang='lat' dir='ltr'><strong>etc.,</strong></span> <span class='ocrx_word' id='word_1_268' title='bbox 3685 2258 3762 2313; x_wconf 92' lang='lat' dir='ltr'><strong>de</strong></span> 
     </span>
    </p>
   </div>
   <div class='ocr_carea' id='block_1_24' title="bbox 314 2347 3756 2421">
    <p class='ocr_par' dir='ltr' id='par_1_24' title="bbox 314 2347 3756 2421">
     <span class='ocr_line' id='line_1_24' title="bbox 314 2347 3756 2421; baseline -0.001 -15"><span class='ocrx_word' id='word_1_269' title='bbox 314 2350 604 2407; x_wconf 76' lang='lat' dir='ltr'><strong>virtutem</strong></span> <span class='ocrx_word' id='word_1_270' title='bbox 624 2352 816 2408; x_wconf 71' lang='lat' dir='ltr'><strong>exisse</strong></span> <span class='ocrx_word' id='word_1_271' title='bbox 842 2352 913 2409; x_wconf 72' lang='grc'><strong>’⁵.</strong></span> <span class='ocrx_word' id='word_1_272' title='bbox 938 2353 1006 2406; x_wconf 86' lang='lat' dir='ltr'><strong>Et</strong></span> <span class='ocrx_word' id='word_1_273' title='bbox 1026 2350 1414 2421; x_wconf 84' lang='lat' dir='ltr'><strong>Evangelium</strong></span> <span class='ocrx_word' id='word_1_274' title='bbox 1438 2350 1747 2407; x_wconf 90' lang='lat' dir='ltr'><strong>similiter:</strong></span> <span class='ocrx_word' id='word_1_275' title='bbox 1790 2351 1991 2406; x_wconf 79' lang='lat' dir='ltr'><strong>Virtus</strong></span> <span class='ocrx_word' id='word_1_276' title='bbox 2101 2349 2320 2421; x_wconf 90' lang='lat' dir='ltr'><strong>Spiritu</strong></span> <span class='ocrx_word' id='word_1_277' title='bbox 2355 2353 2566 2406; x_wconf 91' lang='lat' dir='ltr'><strong>sancto</strong></span> <span class='ocrx_word' id='word_1_278' title='bbox 2603 2349 2690 2406; x_wconf 89' lang='lat' dir='ltr'><strong>sic</strong></span> <span class='ocrx_word' id='word_1_279' title='bbox 2741 2354 3025 2407; x_wconf 82' lang='lat' dir='ltr'><strong>testatur:</strong></span> <span class='ocrx_word' id='word_1_280' title='bbox 3095 2372 3116 2399; x_wconf 78' lang='grc' dir='ltr'>ι</span> <span class='ocrx_word' id='word_1_281' title='bbox 3175 2349 3406 2404; x_wconf 90' lang='lat' dir='ltr'><strong>Etenim</strong></span> <span class='ocrx_word' id='word_1_282' title='bbox 3462 2347 3756 2404; x_wconf 88' lang='lat' dir='ltr'><strong>Dominus</strong></span> 
     </span>
    </p>
   </div>
   <div class='ocr_carea' id='block_1_25' title="bbox 319 2435 3762 2510">
    <p class='ocr_par' dir='ltr' id='par_1_25' title="bbox 319 2435 3762 2510">
     <span class='ocr_line' id='line_1_25' title="bbox 319 2435 3762 2510; baseline -0.001 -16"><span class='ocrx_word' id='word_1_283' title='bbox 319 2438 395 2494; x_wconf 81' lang='lat' dir='ltr'><strong>de</strong></span> <span class='ocrx_word' id='word_1_284' title='bbox 424 2439 532 2495; x_wconf 88' lang='lat' dir='ltr'><strong>illo</strong></span> <span class='ocrx_word' id='word_1_285' title='bbox 557 2439 760 2497; x_wconf 73' lang='lat' dir='ltr'><strong>exibat</strong></span> <span class='ocrx_word' id='word_1_286' title='bbox 777 2445 835 2497; x_wconf 86' lang='lat' dir='ltr'><strong>et</strong></span> <span class='ocrx_word' id='word_1_287' title='bbox 864 2439 1125 2496; x_wconf 85' lang='lat' dir='ltr'><strong>sanabat</strong></span> <span class='ocrx_word' id='word_1_288' title='bbox 1147 2442 1398 2497; x_wconf 70' lang='lat' dir='ltr'><strong>omnes’6</strong></span> <span class='ocrx_word' id='word_1_289' title='bbox 1431 2483 1442 2495; x_wconf 95' lang='lat'><strong>.</strong></span> <span class='ocrx_word' id='word_1_290' title='bbox 1478 2441 1620 2506; x_wconf 74' lang='lat' dir='ltr'><strong>Quae</strong></span> <span class='ocrx_word' id='word_1_291' title='bbox 1643 2444 1847 2496; x_wconf 91' lang='lat' dir='ltr'><strong>autem</strong></span> <span class='ocrx_word' id='word_1_292' title='bbox 1869 2441 1996 2496; x_wconf 90' lang='lat' dir='ltr'><strong>erat</strong></span> <span class='ocrx_word' id='word_1_293' title='bbox 2102 2435 2308 2509; x_wconf 88' lang='lat' dir='ltr'><strong>ipsum</strong></span> <span class='ocrx_word' id='word_1_294' title='bbox 2360 2438 2644 2510; x_wconf 90' lang='lat' dir='ltr'><strong>Spiritum</strong></span> <span class='ocrx_word' id='word_1_295' title='bbox 2693 2454 2767 2495; x_wconf 89' lang='lat' dir='ltr'><strong>ex</strong></span> <span class='ocrx_word' id='word_1_296' title='bbox 2825 2454 2890 2494; x_wconf 89' lang='lat' dir='ltr'><strong>se</strong></span> <span class='ocrx_word' id='word_1_297' title='bbox 2945 2437 3275 2495; x_wconf 88' lang='lat' dir='ltr'><strong>ostendens</strong></span> <span class='ocrx_word' id='word_1_298' title='bbox 3342 2437 3619 2498; x_wconf 75' lang='lat' dir='ltr'><strong>existere.</strong></span> <span class='ocrx_word' id='word_1_299' title='bbox 3675 2435 3762 2492; x_wconf 92' lang='lat' dir='ltr'><strong>in-</strong></span> 
     </span>
    </p>
   </div>
   <div class='ocr_carea' id='block_1_26' title="bbox 316 2525 3650 2602">
    <p class='ocr_par' dir='ltr' id='par_1_26' title="bbox 316 2525 3650 2602">
     <span class='ocr_line' id='line_1_26' title="bbox 316 2525 3650 2602; baseline -0.001 -20"><span class='ocrx_word' id='word_1_300' title='bbox 316 2526 426 2584; x_wconf 90' lang='lat' dir='ltr'><strong>illa</strong></span> <span class='ocrx_word' id='word_1_301' title='bbox 453 2527 653 2598; x_wconf 88' lang='lat' dir='ltr'><strong>virtus,</strong></span> <span class='ocrx_word' id='word_1_302' title='bbox 705 2544 845 2602; x_wconf 79' lang='lat' dir='ltr'><strong>quae</strong></span> <span class='ocrx_word' id='word_1_303' title='bbox 880 2527 1140 2585; x_wconf 89' lang='lat' dir='ltr'><strong>sanabat</strong></span> <span class='ocrx_word' id='word_1_304' title='bbox 1189 2543 1402 2585; x_wconf 91' lang='lat' dir='ltr'><strong>omnes</strong></span> <span class='ocrx_word' id='word_1_305' title='bbox 1429 2531 1457 2586; x_wconf 86' lang='lat'><strong><em>?</em></strong></span> <span class='ocrx_word' id='word_1_306' title='bbox 1496 2532 1576 2585; x_wconf 93' lang='lat' dir='ltr'><strong>De</strong></span> <span class='ocrx_word' id='word_1_307' title='bbox 1621 2545 1746 2600; x_wconf 89' lang='lat' dir='ltr'><strong>qua</strong></span> <span class='ocrx_word' id='word_1_308' title='bbox 1773 2529 1990 2584; x_wconf 86' lang='lat' dir='ltr'><strong>virtute</strong></span> <span class='ocrx_word' id='word_1_309' title='bbox 2103 2525 2360 2583; x_wconf 83' lang='lat' dir='ltr'><strong>sufﬂans</strong></span> <span class='ocrx_word' id='word_1_310' title='bbox 2392 2527 2596 2584; x_wconf 86' lang='lat' dir='ltr'><strong>aiebat</strong></span> <span class='ocrx_word' id='word_1_311' title='bbox 2631 2528 2944 2597; x_wconf 82' lang='lat' dir='ltr'><strong>:Accipite</strong></span> <span class='ocrx_word' id='word_1_312' title='bbox 2961 2527 3259 2597; x_wconf 78' lang='lat' dir='ltr'><strong>Spiritum</strong></span> <span class='ocrx_word' id='word_1_313' title='bbox 3285 2531 3583 2582; x_wconf 85' lang='lat' dir='ltr'><strong>sanctum.</strong></span> <span class='ocrx_word' id='word_1_314' title='bbox 3619 2543 3650 2578; x_wconf 84' lang='grc'><strong>›</strong></span> 
     </span>
    </p>
   </div>
   <div class='ocr_carea' id='block_1_27' title="bbox 315 2615 3762 2691">
    <p class='ocr_par' dir='ltr' id='par_1_27' title="bbox 315 2615 3762 2691">
     <span class='ocr_line' id='line_1_27' title="bbox 315 2615 3762 2691; baseline -0 -19"><span class='ocrx_word' id='word_1_315' title='bbox 315 2615 540 2673; x_wconf 86' lang='lat' dir='ltr'><strong>iterum</strong></span> <span class='ocrx_word' id='word_1_316' title='bbox 570 2618 860 2691; x_wconf 90' lang='lat' dir='ltr'><strong>scriptum</strong></span> <span class='ocrx_word' id='word_1_317' title='bbox 887 2622 976 2674; x_wconf 89' lang='lat' dir='ltr'><strong>est</strong></span> <span class='ocrx_word' id='word_1_318' title='bbox 1007 2635 1019 2673; x_wconf 92' lang='lat'><strong>:</strong></span> <span class='ocrx_word' id='word_1_319' title='bbox 1065 2619 1172 2674; x_wconf 86' lang='lat' dir='ltr'><strong>Vos</strong></span> <span class='ocrx_word' id='word_1_320' title='bbox 1201 2624 1402 2674; x_wconf 89' lang='lat' dir='ltr'><strong>autem</strong></span> <span class='ocrx_word' id='word_1_321' title='bbox 1427 2619 1620 2676; x_wconf 79' lang='lat' dir='ltr'><strong>sedete</strong></span> <span class='ocrx_word' id='word_1_322' title='bbox 1643 2621 1706 2674; x_wconf 77' lang='lat' dir='ltr'><strong>in</strong></span> <span class='ocrx_word' id='word_1_323' title='bbox 1738 2620 1981 2674; x_wconf 77' lang='lat' dir='ltr'><strong>civitate</strong></span> <span class='ocrx_word' id='word_1_324' title='bbox 2173 2618 2422 2686; x_wconf 87' lang='lat' dir='ltr'><strong>Ecce,ut</strong></span> <span class='ocrx_word' id='word_1_325' title='bbox 2449 2617 2954 2686; x_wconf 88' lang='lat' dir='ltr'><strong>diximus,omnia</strong></span> <span class='ocrx_word' id='word_1_326' title='bbox 2983 2633 3118 2688; x_wconf 77' lang='lat' dir='ltr'><strong>quae</strong></span> <span class='ocrx_word' id='word_1_327' title='bbox 3148 2616 3492 2673; x_wconf 86' lang='lat' dir='ltr'><strong>necessaria</strong></span> <span class='ocrx_word' id='word_1_328' title='bbox 3523 2618 3665 2671; x_wconf 93' lang='lat' dir='ltr'><strong>sunt</strong></span> <span class='ocrx_word' id='word_1_329' title='bbox 3682 2615 3762 2672; x_wconf 93' lang='lat' dir='ltr'><strong>ad</strong></span> 
     </span>
    </p>
   </div>
   <div class='ocr_carea' id='block_1_28' title="bbox 310 2703 3763 2780">
    <p class='ocr_par' dir='ltr' id='par_1_28' title="bbox 310 2703 3763 2780">
     <span class='ocr_line' id='line_1_28' title="bbox 310 2703 3763 2780; baseline -0.001 -16"><span class='ocrx_word' id='word_1_330' title='bbox 310 2707 677 2779; x_wconf 82' lang='lat' dir='ltr'><strong>Jerusalem,</strong></span> <span class='ocrx_word' id='word_1_331' title='bbox 704 2722 1012 2780; x_wconf 85' lang='lat' dir='ltr'><strong>quousque</strong></span> <span class='ocrx_word' id='word_1_332' title='bbox 1032 2708 1375 2765; x_wconf 86' lang='lat' dir='ltr'><strong>induamini</strong></span> <span class='ocrx_word' id='word_1_333' title='bbox 1393 2709 1613 2764; x_wconf 77' lang='lat' dir='ltr'><strong>virtute</strong></span> <span class='ocrx_word' id='word_1_334' title='bbox 1632 2723 1707 2764; x_wconf 74' lang='lat' dir='ltr'><strong>ex</strong></span> <span class='ocrx_word' id='word_1_335' title='bbox 1727 2709 1876 2764; x_wconf 85' lang='lat' dir='ltr'><strong>alto.</strong></span> <span class='ocrx_word' id='word_1_336' title='bbox 1909 2708 1975 2761; x_wconf 67' lang='lat'><strong>&#39;7.</strong></span> <span class='ocrx_word' id='word_1_337' title='bbox 2101 2703 2376 2769; x_wconf 79' lang='lat' dir='ltr'><strong>salutem,</strong></span> <span class='ocrx_word' id='word_1_338' title='bbox 2410 2710 2511 2762; x_wconf 90' lang='lat' dir='ltr'><strong>aut</strong></span> <span class='ocrx_word' id='word_1_339' title='bbox 2554 2706 2849 2778; x_wconf 90' lang='lat' dir='ltr'><strong>explicite,</strong></span> <span class='ocrx_word' id='word_1_340' title='bbox 2899 2711 3002 2763; x_wconf 87' lang='lat' dir='ltr'><strong>aut</strong></span> <span class='ocrx_word' id='word_1_341' title='bbox 3032 2706 3316 2779; x_wconf 84' lang='lat' dir='ltr'><strong>implicite</strong></span> <span class='ocrx_word' id='word_1_342' title='bbox 3361 2707 3581 2778; x_wconf 88' lang='lat' dir='ltr'><strong>scripta</strong></span> <span class='ocrx_word' id='word_1_343' title='bbox 3623 2711 3763 2760; x_wconf 89' lang='lat' dir='ltr'><strong>sunt</strong></span> 
     </span>
    </p>
   </div>
   <div class='ocr_carea' id='block_1_29' title="bbox 308 2792 3762 2870">
    <p class='ocr_par' dir='ltr' id='par_1_29' title="bbox 308 2792 3762 2870">
     <span class='ocr_line' id='line_1_29' title="bbox 308 2792 3762 2870; baseline -0 -18"><span class='ocrx_word' id='word_1_344' title='bbox 308 2796 426 2862; x_wconf 87' lang='lat' dir='ltr'><strong>Qui</strong></span> <span class='ocrx_word' id='word_1_345' title='bbox 452 2811 600 2867; x_wconf 85' lang='lat' dir='ltr'><strong>ergo</strong></span> <span class='ocrx_word' id='word_1_346' title='bbox 639 2802 822 2867; x_wconf 86' lang='lat' dir='ltr'><strong>negat</strong></span> <span class='ocrx_word' id='word_1_347' title='bbox 849 2797 1138 2868; x_wconf 87' lang='lat' dir='ltr'><strong>Spiritum</strong></span> <span class='ocrx_word' id='word_1_348' title='bbox 1170 2812 1206 2854; x_wconf 91' lang='lat' dir='ltr'><strong>a</strong></span> <span class='ocrx_word' id='word_1_349' title='bbox 1237 2797 1378 2853; x_wconf 91' lang='lat' dir='ltr'><strong>Filio</strong></span> <span class='ocrx_word' id='word_1_350' title='bbox 1409 2797 1754 2870; x_wconf 87' lang='lat' dir='ltr'><strong>procedere,</strong></span> <span class='ocrx_word' id='word_1_351' title='bbox 1805 2801 1991 2867; x_wconf 86' lang='lat' dir='ltr'><strong>negat</strong></span> <span class='ocrx_word' id='word_1_352' title='bbox 2099 2792 2160 2849; x_wconf 92' lang='lat' dir='ltr'><strong>in</strong></span> <span class='ocrx_word' id='word_1_353' title='bbox 2192 2796 2514 2866; x_wconf 85' lang='lat' dir='ltr'><strong>Evangelio</strong></span> <span class='ocrx_word' id='word_1_354' title='bbox 2544 2815 2557 2852; x_wconf 88' lang='lat'><strong>:</strong></span> <span class='ocrx_word' id='word_1_355' title='bbox 2590 2795 2758 2868; x_wconf 90' lang='lat' dir='ltr'><strong>quod</strong></span> <span class='ocrx_word' id='word_1_356' title='bbox 2809 2813 2879 2851; x_wconf 83' lang='lat' dir='ltr'><strong>ex</strong></span> <span class='ocrx_word' id='word_1_357' title='bbox 2928 2796 3122 2862; x_wconf 90' lang='lat' dir='ltr'><strong>dictis,</strong></span> <span class='ocrx_word' id='word_1_358' title='bbox 3159 2801 3215 2853; x_wconf 91' lang='lat' dir='ltr'><strong>et</strong></span> <span class='ocrx_word' id='word_1_359' title='bbox 3255 2795 3594 2852; x_wconf 84' lang='lat' dir='ltr'><strong>subsecutis</strong></span> <span class='ocrx_word' id='word_1_360' title='bbox 3628 2811 3762 2851; x_wconf 88' lang='lat' dir='ltr'><strong>san-</strong></span> 
     </span>
    </p>
   </div>
   <div class='ocr_carea' id='block_1_30' title="bbox 312 2885 1989 2959">
    <p class='ocr_par' dir='ltr' id='par_1_30' title="bbox 312 2885 1989 2959">
     <span class='ocr_line' id='line_1_30' title="bbox 312 2885 1989 2959; baseline -0.001 -17"><span class='ocrx_word' id='word_1_361' title='bbox 312 2886 546 2957; x_wconf 85' lang='lat' dir='ltr'><strong>pariter</strong></span> <span class='ocrx_word' id='word_1_362' title='bbox 565 2886 747 2942; x_wconf 88' lang='lat' dir='ltr'><strong>verba</strong></span> <span class='ocrx_word' id='word_1_363' title='bbox 776 2902 892 2942; x_wconf 85' lang='lat' dir='ltr'><strong>sua</strong></span> <span class='ocrx_word' id='word_1_364' title='bbox 918 2885 999 2942; x_wconf 87' lang='lat' dir='ltr'><strong>ab</strong></span> <span class='ocrx_word' id='word_1_365' title='bbox 1017 2885 1152 2959; x_wconf 91' lang='lat' dir='ltr'><strong>ipso</strong></span> <span class='ocrx_word' id='word_1_366' title='bbox 1172 2901 1322 2942; x_wconf 91' lang='lat' dir='ltr'><strong>esse.</strong></span> <span class='ocrx_word' id='word_1_367' title='bbox 1344 2885 1778 2942; x_wconf 86' lang='lat' dir='ltr'><strong>Verumtamen</strong></span> <span class='ocrx_word' id='word_1_368' title='bbox 1804 2901 1989 2941; x_wconf 85' lang='lat' dir='ltr'><strong>evan-</strong></span> 
     </span>
    </p>
   </div>
   <div class='ocr_carea' id='block_1_31' title="bbox 321 2974 1987 3048">
    <p class='ocr_par' dir='ltr' id='par_1_31' title="bbox 321 2974 1987 3048">
     <span class='ocr_line' id='line_1_31' title="bbox 321 2974 1987 3048; baseline 0.002 -18"><span class='ocrx_word' id='word_1_369' title='bbox 321 2974 545 3044; x_wconf 87' lang='lat' dir='ltr'><strong>gelista</strong></span> <span class='ocrx_word' id='word_1_370' title='bbox 561 2990 583 3030; x_wconf 89' lang='lat'><strong>:</strong></span> <span class='ocrx_word' id='word_1_371' title='bbox 606 2976 990 3033; x_wconf 83' lang='lat' dir='ltr'><strong>Mirabantur</strong></span> <span class='ocrx_word' id='word_1_372' title='bbox 1014 2991 1212 3032; x_wconf 86' lang='lat' dir='ltr'><strong>omnes</strong></span> <span class='ocrx_word' id='word_1_373' title='bbox 1245 2979 1309 3032; x_wconf 86' lang='lat' dir='ltr'><strong>in</strong></span> <span class='ocrx_word' id='word_1_374' title='bbox 1332 2975 1526 3032; x_wconf 81' lang='lat' dir='ltr'><strong>verbis</strong></span> <span class='ocrx_word' id='word_1_375' title='bbox 1555 2976 1793 3046; x_wconf 68' lang='lat' dir='ltr'><strong>gratiae,</strong></span> <span class='ocrx_word' id='word_1_376' title='bbox 1851 2990 1987 3048; x_wconf 72' lang='lat' dir='ltr'><strong>quae</strong></span> 
     </span>
    </p>
   </div>
   <div class='ocr_carea' id='block_1_32' title="bbox 307 3063 1132 3135">
    <p class='ocr_par' dir='ltr' id='par_1_32' title="bbox 307 3063 1132 3135">
     <span class='ocr_line' id='line_1_32' title="bbox 307 3063 1132 3135; baseline 0 -17"><span class='ocrx_word' id='word_1_377' title='bbox 307 3063 726 3134; x_wconf 76' lang='lat' dir='ltr'><strong>procedebant</strong></span> <span class='ocrx_word' id='word_1_378' title='bbox 767 3079 867 3122; x_wconf 86' lang='lat' dir='ltr'><strong>ore</strong></span> <span class='ocrx_word' id='word_1_379' title='bbox 899 3065 1030 3135; x_wconf 83' lang='lat' dir='ltr'><strong>ejus</strong></span> <span class='ocrx_word' id='word_1_380' title='bbox 1057 3064 1132 3118; x_wconf 66' lang='grc'><strong>³⁸.</strong></span> 
     </span>
    </p>
   </div>
   <div class='ocr_carea' id='block_1_33' title="bbox 316 3152 2059 3238">
    <p class='ocr_par' dir='ltr' id='par_1_33' title="bbox 316 3152 2059 3238">
     <span class='ocr_line' id='line_1_33' title="bbox 316 3152 2059 3238; baseline 0.001 -30"><span class='ocrx_word' id='word_1_381' title='bbox 316 3152 480 3219; x_wconf 87' lang='lat' dir='ltr'><strong>Quid</strong></span> <span class='ocrx_word' id='word_1_382' title='bbox 556 3153 779 3225; x_wconf 86' lang='lat' dir='ltr'><strong>plura?</strong></span> <span class='ocrx_word' id='word_1_383' title='bbox 828 3156 971 3226; x_wconf 86' lang='lat' dir='ltr'><strong>Ipsa</strong></span> <span class='ocrx_word' id='word_1_384' title='bbox 1036 3168 1303 3226; x_wconf 91' lang='lat' dir='ltr'><strong>namque</strong></span> <span class='ocrx_word' id='word_1_385' title='bbox 1383 3153 1626 3220; x_wconf 84' lang='lat' dir='ltr'><strong>Veritas,</strong></span> <span class='ocrx_word' id='word_1_386' title='bbox 1715 3152 1988 3210; x_wconf 80' lang='lat' dir='ltr'><strong>Salvator</strong></span> <span class='ocrx_word' id='word_1_387' title='bbox 2017 3180 2059 3238; x_wconf 67' lang='grc' dir='ltr'><strong>ρ</strong></span> 
     </span>
    </p>
   </div>
   <div class='ocr_carea' id='block_1_34' title="bbox 303 3243 1987 3314">
    <p class='ocr_par' dir='ltr' id='par_1_34' title="bbox 303 3243 1987 3314">
     <span class='ocr_line' id='line_1_34' title="bbox 303 3243 1987 3314; baseline 0 -14"><span class='ocrx_word' id='word_1_388' title='bbox 303 3247 540 3314; x_wconf 85' lang='lat' dir='ltr'><strong>noster,</strong></span> <span class='ocrx_word' id='word_1_389' title='bbox 563 3243 774 3300; x_wconf 89' lang='lat' dir='ltr'><strong>volens</strong></span> <span class='ocrx_word' id='word_1_390' title='bbox 806 3259 1056 3300; x_wconf 87' lang='lat' dir='ltr'><strong>omnem</strong></span> <span class='ocrx_word' id='word_1_391' title='bbox 1082 3243 1540 3314; x_wconf 84' lang='lat' dir='ltr'><strong>ambiguitatem</strong></span> <span class='ocrx_word' id='word_1_392' title='bbox 1560 3243 1738 3300; x_wconf 89' lang='lat' dir='ltr'><strong>istam</strong></span> <span class='ocrx_word' id='word_1_393' title='bbox 1763 3243 1839 3299; x_wconf 92' lang='lat' dir='ltr'><strong>de</strong></span> <span class='ocrx_word' id='word_1_394' title='bbox 1863 3260 1987 3300; x_wconf 85' lang='lat' dir='ltr'><strong>me-</strong></span> 
     </span>
    </p>
   </div>
   <div class='ocr_carea' id='block_1_35' title="bbox 306 3332 1986 3406">
    <p class='ocr_par' dir='ltr' id='par_1_35' title="bbox 306 3332 1986 3406">
     <span class='ocr_line' id='line_1_35' title="bbox 306 3332 1986 3406; baseline 0.001 -18"><span class='ocrx_word' id='word_1_395' title='bbox 306 3332 412 3388; x_wconf 90' lang='lat' dir='ltr'><strong>dio</strong></span> <span class='ocrx_word' id='word_1_396' title='bbox 432 3348 767 3396; x_wconf 85' lang='lat' dir='ltr'><strong>removere,</strong></span> <span class='ocrx_word' id='word_1_397' title='bbox 795 3338 937 3406; x_wconf 90' lang='lat' dir='ltr'><strong>post</strong></span> <span class='ocrx_word' id='word_1_398' title='bbox 959 3332 1217 3403; x_wconf 82' lang='lat' dir='ltr'><strong>gloriam</strong></span> <span class='ocrx_word' id='word_1_399' title='bbox 1237 3333 1691 3389; x_wconf 89' lang='lat' dir='ltr'><strong>resurrectionis</strong></span> <span class='ocrx_word' id='word_1_400' title='bbox 1715 3349 1837 3388; x_wconf 63' lang='lat' dir='ltr'><strong>suae</strong></span> <span class='ocrx_word' id='word_1_401' title='bbox 1853 3333 1986 3404; x_wconf 91' lang='lat' dir='ltr'><strong>jam</strong></span> 
     </span>
    </p>
   </div>
   <div class='ocr_carea' id='block_1_36' title="bbox 308 3421 1986 3495">
    <p class='ocr_par' dir='ltr' id='par_1_36' title="bbox 308 3421 1986 3495">
     <span class='ocr_line' id='line_1_36' title="bbox 308 3421 1986 3495; baseline 0.001 -17"><span class='ocrx_word' id='word_1_402' title='bbox 308 3421 671 3478; x_wconf 88' lang='lat' dir='ltr'><strong>immortalis</strong></span> <span class='ocrx_word' id='word_1_403' title='bbox 691 3422 888 3479; x_wconf 80' lang='lat' dir='ltr'><strong>factus</strong></span> <span class='ocrx_word' id='word_1_404' title='bbox 906 3421 1386 3495; x_wconf 90' lang='lat' dir='ltr'><strong>etimpassibilis,</strong></span> <span class='ocrx_word' id='word_1_405' title='bbox 1405 3422 1688 3495; x_wconf 87' lang='lat' dir='ltr'><strong>Spiritum</strong></span> <span class='ocrx_word' id='word_1_406' title='bbox 1705 3429 1986 3479; x_wconf 87' lang='lat' dir='ltr'><strong>sanctum</strong></span> 
     </span>
    </p>
   </div>
   <div class='ocr_carea' id='block_1_37' title="bbox 310 3511 1986 3584">
    <p class='ocr_par' dir='ltr' id='par_1_37' title="bbox 310 3511 1986 3584">
     <span class='ocr_line' id='line_1_37' title="bbox 310 3511 1986 3584; baseline 0 -16"><span class='ocrx_word' id='word_1_407' title='bbox 310 3528 386 3568; x_wconf 86' lang='lat' dir='ltr'><strong>ex</strong></span> <span class='ocrx_word' id='word_1_408' title='bbox 414 3527 480 3567; x_wconf 90' lang='lat' dir='ltr'><strong>se</strong></span> <span class='ocrx_word' id='word_1_409' title='bbox 525 3511 957 3584; x_wconf 89' lang='lat' dir='ltr'><strong>procedentem</strong></span> <span class='ocrx_word' id='word_1_410' title='bbox 987 3511 1274 3580; x_wconf 88' lang='lat' dir='ltr'><strong>ostendit,</strong></span> <span class='ocrx_word' id='word_1_411' title='bbox 1323 3527 1464 3567; x_wconf 93' lang='lat' dir='ltr'><strong>cum</strong></span> <span class='ocrx_word' id='word_1_412' title='bbox 1492 3511 1798 3584; x_wconf 90' lang='lat' dir='ltr'><strong>inspirans</strong></span> <span class='ocrx_word' id='word_1_413' title='bbox 1841 3512 1986 3568; x_wconf 90' lang='lat' dir='ltr'><strong>dici-</strong></span> 
     </span>
    </p>
   </div>
   <div class='ocr_carea' id='block_1_38' title="bbox 306 3600 1984 3675">
    <p class='ocr_par' dir='ltr' id='par_1_38' title="bbox 306 3600 1984 3675">
     <span class='ocr_line' id='line_1_38' title="bbox 306 3600 1984 3675; baseline 0.001 -17"><span class='ocrx_word' id='word_1_414' title='bbox 306 3600 467 3675; x_wconf 89' lang='lat' dir='ltr'><strong>pulis</strong></span> <span class='ocrx_word' id='word_1_415' title='bbox 498 3601 619 3657; x_wconf 92' lang='lat' dir='ltr'><strong>ait:</strong></span> <span class='ocrx_word' id='word_1_416' title='bbox 653 3601 935 3672; x_wconf 85' lang='lat' dir='ltr'><strong>Accipite</strong></span> <span class='ocrx_word' id='word_1_417' title='bbox 952 3602 1252 3670; x_wconf 80' lang='lat' dir='ltr'><strong>Spiritum</strong></span> <span class='ocrx_word' id='word_1_418' title='bbox 1281 3607 1558 3658; x_wconf 86' lang='lat' dir='ltr'><strong>sanctum</strong></span> <span class='ocrx_word' id='word_1_419' title='bbox 1579 3603 1766 3668; x_wconf 64' lang='lat' dir='ltr'><strong>9°,etc.</strong></span> <span class='ocrx_word' id='word_1_420' title='bbox 1793 3604 1984 3668; x_wconf 90' lang='lat' dir='ltr'><strong>Quam</strong></span> 
     </span>
    </p>
   </div>
   <div class='ocr_carea' id='block_1_39' title="bbox 306 3690 1984 3762">
    <p class='ocr_par' dir='ltr' id='par_1_39' title="bbox 306 3690 1984 3762">
     <span class='ocr_line' id='line_1_39' title="bbox 306 3690 1984 3762; baseline 0 -15"><span class='ocrx_word' id='word_1_421' title='bbox 306 3691 732 3748; x_wconf 88' lang='lat' dir='ltr'><strong>auctoritatem</strong></span> <span class='ocrx_word' id='word_1_422' title='bbox 762 3690 984 3747; x_wconf 87' lang='lat' dir='ltr'><strong>beatus</strong></span> <span class='ocrx_word' id='word_1_423' title='bbox 1013 3690 1379 3748; x_wconf 82' lang='lat' dir='ltr'><strong>Athanasius</strong></span> <span class='ocrx_word' id='word_1_424' title='bbox 1414 3705 1726 3762; x_wconf 81' lang='lat' dir='ltr'><strong>exponens</strong></span> <span class='ocrx_word' id='word_1_425' title='bbox 1759 3691 1819 3746; x_wconf 86' lang='lat' dir='ltr'><strong>in</strong></span> <span class='ocrx_word' id='word_1_426' title='bbox 1856 3706 1984 3747; x_wconf 91' lang='lat' dir='ltr'><strong>ser-</strong></span> 
     </span>
    </p>
   </div>
   <div class='ocr_carea' id='block_1_40' title="bbox 302 3770 1982 3852">
    <p class='ocr_par' dir='ltr' id='par_1_40' title="bbox 302 3770 1982 3852">
     <span class='ocr_line' id='line_1_40' title="bbox 302 3770 1982 3852; baseline 0.001 -17"><span class='ocrx_word' id='word_1_427' title='bbox 302 3795 488 3835; x_wconf 89' lang='lat' dir='ltr'><strong>mone</strong></span> <span class='ocrx_word' id='word_1_428' title='bbox 537 3778 614 3836; x_wconf 88' lang='lat' dir='ltr'><strong>de</strong></span> <span class='ocrx_word' id='word_1_429' title='bbox 664 3794 758 3846; x_wconf 88' lang='lat' dir='ltr'><strong>ea,</strong></span> <span class='ocrx_word' id='word_1_430' title='bbox 793 3795 932 3852; x_wconf 82' lang='lat' dir='ltr'><strong>quae</strong></span> <span class='ocrx_word' id='word_1_431' title='bbox 963 3779 1026 3835; x_wconf 89' lang='lat' dir='ltr'><strong>in</strong></span> <span class='ocrx_word' id='word_1_432' title='bbox 1084 3794 1287 3846; x_wconf 86' lang='lat' dir='ltr'><strong>carne,</strong></span> <span class='ocrx_word' id='word_1_433' title='bbox 1322 3778 1775 3850; x_wconf 88' lang='lat' dir='ltr'><strong>dispensatione</strong></span> <span class='ocrx_word' id='word_1_434' title='bbox 1809 3770 1982 3836; x_wconf 79' lang='lat' dir='ltr'><strong>Verbi</strong></span> 
     </span>
    </p>
   </div>
   <div class='ocr_carea' id='block_1_41' title="bbox 299 3864 1982 3937">
    <p class='ocr_par' dir='ltr' id='par_1_41' title="bbox 299 3864 1982 3937">
     <span class='ocr_line' id='line_1_41' title="bbox 299 3864 1982 3937; baseline 0.004 -18"><span class='ocrx_word' id='word_1_435' title='bbox 299 3864 434 3932; x_wconf 91' lang='lat' dir='ltr'><strong>Dei,</strong></span> <span class='ocrx_word' id='word_1_436' title='bbox 463 3871 519 3920; x_wconf 90' lang='lat' dir='ltr'><strong>et</strong></span> <span class='ocrx_word' id='word_1_437' title='bbox 547 3866 620 3923; x_wconf 92' lang='lat' dir='ltr'><strong>de</strong></span> <span class='ocrx_word' id='word_1_438' title='bbox 648 3867 932 3924; x_wconf 87' lang='lat' dir='ltr'><strong>Trinitate</strong></span> <span class='ocrx_word' id='word_1_439' title='bbox 959 3873 1172 3924; x_wconf 89' lang='lat' dir='ltr'><strong>contra</strong></span> <span class='ocrx_word' id='word_1_440' title='bbox 1202 3868 1478 3933; x_wconf 79' lang='lat' dir='ltr'><strong>Arianos,</strong></span> <span class='ocrx_word' id='word_1_441' title='bbox 1518 3868 1699 3937; x_wconf 87' lang='lat' dir='ltr'><strong>cujus</strong></span> <span class='ocrx_word' id='word_1_442' title='bbox 1745 3867 1982 3925; x_wconf 88' lang='lat' dir='ltr'><strong>initium</strong></span> 
     </span>
    </p>
   </div>
   <div class='ocr_carea' id='block_1_42' title="bbox 301 3954 1983 4029">
    <p class='ocr_par' dir='ltr' id='par_1_42' title="bbox 301 3954 1983 4029">
     <span class='ocr_line' id='line_1_42' title="bbox 301 3954 1983 4029; baseline 0.002 -19"><span class='ocrx_word' id='word_1_443' title='bbox 301 3959 398 4010; x_wconf 86' lang='lat' dir='ltr'><strong>est</strong></span> <span class='ocrx_word' id='word_1_444' title='bbox 426 3971 440 4010; x_wconf 88' lang='lat'><strong>:</strong></span> <span class='ocrx_word' id='word_1_445' title='bbox 474 3954 582 4022; x_wconf 83' lang='lat' dir='ltr'><strong>Qui</strong></span> <span class='ocrx_word' id='word_1_446' title='bbox 607 3958 924 4027; x_wconf 72' lang='lat' dir='ltr'><strong>malitiose,</strong></span> <span class='ocrx_word' id='word_1_447' title='bbox 956 3961 1092 4021; x_wconf 91' lang='lat' dir='ltr'><strong>etc.,</strong></span> <span class='ocrx_word' id='word_1_448' title='bbox 1118 3955 1202 4012; x_wconf 92' lang='lat' dir='ltr'><strong>sic</strong></span> <span class='ocrx_word' id='word_1_449' title='bbox 1229 3955 1373 4013; x_wconf 89' lang='lat' dir='ltr'><strong>dicit</strong></span> <span class='ocrx_word' id='word_1_450' title='bbox 1404 3973 1418 4012; x_wconf 94' lang='lat'><strong>:</strong></span> <span class='ocrx_word' id='word_1_451' title='bbox 1445 3959 1724 4029; x_wconf 69' lang='lat' dir='ltr'><strong>«Propter</strong></span> <span class='ocrx_word' id='word_1_452' title='bbox 1755 3957 1871 4014; x_wconf 87' lang='lat' dir='ltr'><strong>hoc</strong></span> <span class='ocrx_word' id='word_1_453' title='bbox 1897 3958 1983 4013; x_wconf 78' lang='lat' dir='ltr'><strong>in&#39;</strong></span> 
     </span>
    </p>
   </div>
   <div class='ocr_carea' id='block_1_43' title="bbox 2108 1099 3764 1172">
    <p class='ocr_par' dir='ltr' id='par_1_43' title="bbox 2108 1099 3764 1172">
     <span class='ocr_line' id='line_1_43' title="bbox 2108 1099 3764 1172; baseline -0.001 -16"><span class='ocrx_word' id='word_1_454' title='bbox 2108 1099 2437 1156; x_wconf 76' lang='lat' dir='ltr'><strong>insufflavit</strong></span> <span class='ocrx_word' id='word_1_455' title='bbox 2455 1099 2760 1172; x_wconf 89' lang='lat' dir='ltr'><strong>discipulis</strong></span> <span class='ocrx_word' id='word_1_456' title='bbox 2778 1100 3015 1156; x_wconf 87' lang='lat' dir='ltr'><strong>dicens:</strong></span> <span class='ocrx_word' id='word_1_457' title='bbox 3035 1100 3612 1170; x_wconf 83' lang='lat' dir='ltr'><strong>AccipiteSpiritum</strong></span> <span class='ocrx_word' id='word_1_458' title='bbox 3626 1115 3764 1155; x_wconf 85' lang='lat' dir='ltr'><strong>san-</strong></span> 
     </span>
    </p>
   </div>
   <div class='ocr_carea' id='block_1_44' title="bbox 2108 1188 3762 1262">
    <p class='ocr_par' dir='ltr' id='par_1_44' title="bbox 2108 1188 3762 1262">
     <span class='ocr_line' id='line_1_44' title="bbox 2108 1188 3762 1262; baseline -0.002 -16"><span class='ocrx_word' id='word_1_459' title='bbox 2108 1197 2290 1258; x_wconf 86' lang='lat' dir='ltr'><strong>ctum,</strong></span> <span class='ocrx_word' id='word_1_460' title='bbox 2323 1195 2386 1246; x_wconf 91' lang='lat' dir='ltr'><strong>ut</strong></span> <span class='ocrx_word' id='word_1_461' title='bbox 2415 1190 2632 1246; x_wconf 90' lang='lat' dir='ltr'><strong>iterum</strong></span> <span class='ocrx_word' id='word_1_462' title='bbox 2647 1189 2956 1246; x_wconf 80' lang='lat' dir='ltr'><strong>reformati</strong></span> <span class='ocrx_word' id='word_1_463' title='bbox 2976 1191 3055 1246; x_wconf 90' lang='lat' dir='ltr'><strong>ad</strong></span> <span class='ocrx_word' id='word_1_464' title='bbox 3073 1191 3389 1262; x_wconf 87' lang='lat' dir='ltr'><strong>pristinam</strong></span> <span class='ocrx_word' id='word_1_465' title='bbox 3412 1188 3762 1259; x_wconf 86' lang='lat' dir='ltr'><strong>imaginem,</strong></span> 
     </span>
    </p>
   </div>
   <div class='ocr_carea' id='block_1_45' title="bbox 2108 1277 3766 1352">
    <p class='ocr_par' dir='ltr' id='par_1_45' title="bbox 2108 1277 3766 1352">
     <span class='ocr_line' id='line_1_45' title="bbox 2108 1277 3766 1352; baseline -0.002 -17"><span class='ocrx_word' id='word_1_466' title='bbox 2108 1279 2448 1335; x_wconf 86' lang='lat' dir='ltr'><strong>conformes</strong></span> <span class='ocrx_word' id='word_1_467' title='bbox 2478 1294 2887 1352; x_wconf 89' lang='lat' dir='ltr'><strong>appareamus</strong></span> <span class='ocrx_word' id='word_1_468' title='bbox 2919 1279 3180 1337; x_wconf 88' lang='lat' dir='ltr'><strong>Creatori</strong></span> <span class='ocrx_word' id='word_1_469' title='bbox 3229 1293 3335 1351; x_wconf 90' lang='lat' dir='ltr'><strong>per</strong></span> <span class='ocrx_word' id='word_1_470' title='bbox 3363 1277 3766 1351; x_wconf 87' lang='lat' dir='ltr'><strong>participatio-</strong></span> 
     </span>
    </p>
   </div>
   <div class='ocr_carea' id='block_1_46' title="bbox 2106 1368 2598 1440">
    <p class='ocr_par' dir='ltr' id='par_1_46' title="bbox 2106 1368 2598 1440">
     <span class='ocr_line' id='line_1_46' title="bbox 2106 1368 2598 1440; baseline -0.004 -16"><span class='ocrx_word' id='word_1_471' title='bbox 2106 1383 2247 1424; x_wconf 88' lang='lat' dir='ltr'><strong>nem</strong></span> <span class='ocrx_word' id='word_1_472' title='bbox 2276 1368 2548 1440; x_wconf 88' lang='lat' dir='ltr'><strong>Spiritus.</strong></span> <span class='ocrx_word' id='word_1_473' title='bbox 2577 1389 2598 1416; x_wconf 72' lang='grc' dir='ltr'><strong>ι</strong></span> 
     </span>
    </p>
   </div>
   <div class='ocr_carea' id='block_1_47' title="bbox 2178 1455 3761 1529">
    <p class='ocr_par' dir='ltr' id='par_1_47' title="bbox 2178 1455 3761 1529">
     <span class='ocr_line' id='line_1_47' title="bbox 2178 1455 3761 1529; baseline -0.003 -16"><span class='ocrx_word' id='word_1_474' title='bbox 2178 1457 2429 1523; x_wconf 82' lang='lat' dir='ltr'><strong>Quando</strong></span> <span class='ocrx_word' id='word_1_475' title='bbox 2479 1472 2622 1527; x_wconf 90' lang='lat' dir='ltr'><strong>ergo</strong></span> <span class='ocrx_word' id='word_1_476' title='bbox 2651 1455 2902 1529; x_wconf 85' lang='lat' dir='ltr'><strong>Spiritus</strong></span> <span class='ocrx_word' id='word_1_477' title='bbox 2935 1461 3180 1513; x_wconf 89' lang='lat' dir='ltr'><strong>sanctus</strong></span> <span class='ocrx_word' id='word_1_478' title='bbox 3228 1456 3288 1512; x_wconf 90' lang='lat' dir='ltr'><strong>in</strong></span> <span class='ocrx_word' id='word_1_479' title='bbox 3319 1455 3496 1512; x_wconf 89' lang='lat' dir='ltr'><strong>nobis</strong></span> <span class='ocrx_word' id='word_1_480' title='bbox 3543 1455 3761 1523; x_wconf 88' lang='lat' dir='ltr'><strong>factus,</strong></span> 
     </span>
    </p>
   </div>
   <div class='ocr_carea' id='block_1_48' title="bbox 2106 1545 3762 1618">
    <p class='ocr_par' dir='ltr' id='par_1_48' title="bbox 2106 1545 3762 1618">
     <span class='ocr_line' id='line_1_48' title="bbox 2106 1545 3762 1618; baseline -0.001 -18"><span class='ocrx_word' id='word_1_481' title='bbox 2106 1546 2446 1602; x_wconf 90' lang='lat' dir='ltr'><strong>conformes</strong></span> <span class='ocrx_word' id='word_1_482' title='bbox 2477 1561 2588 1602; x_wconf 91' lang='lat' dir='ltr'><strong>nos</strong></span> <span class='ocrx_word' id='word_1_483' title='bbox 2621 1547 2720 1601; x_wconf 93' lang='lat' dir='ltr'><strong>Dei</strong></span> <span class='ocrx_word' id='word_1_484' title='bbox 2750 1547 3027 1613; x_wconf 90' lang='lat' dir='ltr'><strong>ostendit,</strong></span> <span class='ocrx_word' id='word_1_485' title='bbox 3058 1545 3329 1618; x_wconf 88' lang='lat' dir='ltr'><strong>procedit</strong></span> <span class='ocrx_word' id='word_1_486' title='bbox 3358 1550 3559 1600; x_wconf 89' lang='lat' dir='ltr'><strong>autem</strong></span> <span class='ocrx_word' id='word_1_487' title='bbox 3593 1561 3629 1600; x_wconf 90' lang='lat' dir='ltr'><strong>a</strong></span> <span class='ocrx_word' id='word_1_488' title='bbox 3659 1561 3762 1616; x_wconf 89' lang='lat' dir='ltr'><strong>pa-</strong></span> 
     </span>
    </p>
   </div>
   <div class='ocr_carea' id='block_1_49' title="bbox 2099 2883 3760 2959">
    <p class='ocr_par' dir='ltr' id='par_1_49' title="bbox 2099 2883 3760 2959">
     <span class='ocr_line' id='line_1_49' title="bbox 2099 2883 3760 2959; baseline 0.002 -22"><span class='ocrx_word' id='word_1_489' title='bbox 2099 2887 2332 2940; x_wconf 89' lang='lat' dir='ltr'><strong>ctorum</strong></span> <span class='ocrx_word' id='word_1_490' title='bbox 2382 2885 2737 2942; x_wconf 85' lang='lat' dir='ltr'><strong>testimoniis</strong></span> <span class='ocrx_word' id='word_1_491' title='bbox 2797 2886 3215 2959; x_wconf 85' lang='lat' dir='ltr'><strong>probavimus,</strong></span> <span class='ocrx_word' id='word_1_492' title='bbox 3269 2891 3328 2942; x_wconf 89' lang='lat' dir='ltr'><strong>et</strong></span> <span class='ocrx_word' id='word_1_493' title='bbox 3369 2886 3432 2943; x_wconf 90' lang='lat' dir='ltr'><strong>in</strong></span> <span class='ocrx_word' id='word_1_494' title='bbox 3485 2883 3760 2958; x_wconf 88' lang='lat' dir='ltr'><strong>sequenti</strong></span> 
     </span>
    </p>
   </div>
   <div class='ocr_carea' id='block_1_50' title="bbox 2099 2973 3134 3048">
    <p class='ocr_par' dir='ltr' id='par_1_50' title="bbox 2099 2973 3134 3048">
     <span class='ocr_line' id='line_1_50' title="bbox 2099 2973 3134 3048; baseline 0.003 -20"><span class='ocrx_word' id='word_1_495' title='bbox 2099 2973 2361 3045; x_wconf 87' lang='lat' dir='ltr'><strong>capitulo</strong></span> <span class='ocrx_word' id='word_1_496' title='bbox 2392 2973 2766 3032; x_wconf 85' lang='lat' dir='ltr'><strong>manifestius</strong></span> <span class='ocrx_word' id='word_1_497' title='bbox 2799 2975 3134 3048; x_wconf 89' lang='lat' dir='ltr'><strong>apparebit.</strong></span> 
     </span>
    </p>
   </div>
   <div class='ocr_carea' id='block_1_51' title="bbox 2660 3119 3327 3190">
    <p class='ocr_par' dir='ltr' id='par_1_51' title="bbox 2660 3119 3327 3190">
     <span class='ocr_line' id='line_1_51' title="bbox 2660 3119 3327 3190; baseline 0.001 -17"><span class='ocrx_word' id='word_1_498' title='bbox 2660 3119 2763 3174; x_wconf 83' lang='lat' dir='ltr'><strong>Ad</strong></span> <span class='ocrx_word' id='word_1_499' title='bbox 2795 3124 3080 3190; x_wconf 84' lang='lat' dir='ltr'><strong>quartum</strong></span> <span class='ocrx_word' id='word_1_500' title='bbox 3107 3120 3327 3174; x_wconf 85' lang='lat' dir='ltr'><strong>solutio</strong></span> 
     </span>
    </p>
   </div>
   <div class='ocr_carea' id='block_1_52' title="bbox 2166 3241 3759 3317">
    <p class='ocr_par' dir='ltr' id='par_1_52' title="bbox 2166 3241 3759 3317">
     <span class='ocr_line' id='line_1_52' title="bbox 2166 3241 3759 3317; baseline 0.001 -19"><span class='ocrx_word' id='word_1_501' title='bbox 2166 3241 2255 3298; x_wconf 80' lang='lat' dir='ltr'><strong>Ad</strong></span> <span class='ocrx_word' id='word_1_502' title='bbox 2276 3245 2562 3315; x_wconf 90' lang='lat' dir='ltr'><strong>quartum</strong></span> <span class='ocrx_word' id='word_1_503' title='bbox 2579 3242 2905 3315; x_wconf 90' lang='lat' dir='ltr'><strong>objectum,</strong></span> <span class='ocrx_word' id='word_1_504' title='bbox 2926 3261 3049 3317; x_wconf 92' lang='lat' dir='ltr'><strong>quo</strong></span> <span class='ocrx_word' id='word_1_505' title='bbox 3071 3244 3286 3301; x_wconf 90' lang='lat' dir='ltr'><strong>dicitur</strong></span> <span class='ocrx_word' id='word_1_506' title='bbox 3304 3262 3316 3300; x_wconf 90' lang='lat'><strong>:</strong></span> <span class='ocrx_word' id='word_1_507' title='bbox 3338 3267 3366 3294; x_wconf 89' lang='lat'>«</span> <span class='ocrx_word' id='word_1_508' title='bbox 3383 3251 3431 3301; x_wconf 86' lang='grc' dir='ltr'><strong>Α</strong></span> <span class='ocrx_word' id='word_1_509' title='bbox 3447 3247 3614 3302; x_wconf 89' lang='lat' dir='ltr'><strong>Patre</strong></span> <span class='ocrx_word' id='word_1_510' title='bbox 3633 3247 3759 3303; x_wconf 90' lang='lat' dir='ltr'><strong>tan-</strong></span> 
     </span>
    </p>
   </div>
   <div class='ocr_carea' id='block_1_53' title="bbox 2095 3331 3754 3407">
    <p class='ocr_par' dir='ltr' id='par_1_53' title="bbox 2095 3331 3754 3407">
     <span class='ocr_line' id='line_1_53' title="bbox 2095 3331 3754 3407; baseline 0.002 -20"><span class='ocrx_word' id='word_1_511' title='bbox 2095 3334 2222 3388; x_wconf 92' lang='lat' dir='ltr'><strong>tum</strong></span> <span class='ocrx_word' id='word_1_512' title='bbox 2252 3331 2399 3388; x_wconf 83' lang='lat' dir='ltr'><strong>dixit</strong></span> <span class='ocrx_word' id='word_1_513' title='bbox 2421 3332 2596 3389; x_wconf 82' lang='lat' dir='ltr'><strong>Filius</strong></span> <span class='ocrx_word' id='word_1_514' title='bbox 2627 3334 2951 3406; x_wconf 86' lang='lat' dir='ltr'><strong>procedere</strong></span> <span class='ocrx_word' id='word_1_515' title='bbox 2986 3335 3292 3407; x_wconf 89' lang='lat' dir='ltr'><strong>Spiritum,</strong></span> <span class='ocrx_word' id='word_1_516' title='bbox 3331 3338 3388 3392; x_wconf 92' lang='lat' dir='ltr'><strong>et</strong></span> <span class='ocrx_word' id='word_1_517' title='bbox 3414 3351 3539 3391; x_wconf 91' lang='lat' dir='ltr'><strong>non</strong></span> <span class='ocrx_word' id='word_1_518' title='bbox 3585 3334 3754 3391; x_wconf 89' lang='lat' dir='ltr'><strong>addi-</strong></span> 
     </span>
    </p>
   </div>
   <div class='ocr_carea' id='block_1_54' title="bbox 2094 3418 3754 3496">
    <p class='ocr_par' dir='ltr' id='par_1_54' title="bbox 2094 3418 3754 3496">
     <span class='ocr_line' id='line_1_54' title="bbox 2094 3418 3754 3496; baseline 0.002 -21"><span class='ocrx_word' id='word_1_519' title='bbox 2094 3418 2201 3484; x_wconf 89' lang='lat' dir='ltr'><strong>dit,</strong></span> <span class='ocrx_word' id='word_1_520' title='bbox 2228 3435 2264 3478; x_wconf 79' lang='grc' dir='ltr'><strong>δ.</strong></span> <span class='ocrx_word' id='word_1_521' title='bbox 2293 3421 2457 3490; x_wconf 89' lang='lat' dir='ltr'><strong>Filio,</strong></span> <span class='ocrx_word' id='word_1_522' title='bbox 2495 3443 2516 3472; x_wconf 72' lang='grc' dir='ltr'>ι</span> <span class='ocrx_word' id='word_1_523' title='bbox 2552 3421 2812 3478; x_wconf 90' lang='lat' dir='ltr'><strong>dicimus</strong></span> <span class='ocrx_word' id='word_1_524' title='bbox 2835 3423 3004 3496; x_wconf 88' lang='lat' dir='ltr'><strong>quod</strong></span> <span class='ocrx_word' id='word_1_525' title='bbox 3034 3439 3153 3479; x_wconf 89' lang='lat' dir='ltr'><strong>non</strong></span> <span class='ocrx_word' id='word_1_526' title='bbox 3177 3430 3267 3480; x_wconf 91' lang='lat' dir='ltr'><strong>est</strong></span> <span class='ocrx_word' id='word_1_527' title='bbox 3296 3439 3560 3490; x_wconf 89' lang='lat' dir='ltr'><strong>necesse,</strong></span> <span class='ocrx_word' id='word_1_528' title='bbox 3585 3422 3754 3496; x_wconf 91' lang='lat' dir='ltr'><strong>quod</strong></span> 
     </span>
    </p>
   </div>
   <div class='ocr_carea' id='block_1_55' title="bbox 2094 3509 3759 3584">
    <p class='ocr_par' dir='ltr' id='par_1_55' title="bbox 2094 3509 3759 3584">
     <span class='ocr_line' id='line_1_55' title="bbox 2094 3509 3759 3584; baseline 0.001 -19"><span class='ocrx_word' id='word_1_529' title='bbox 2094 3509 2443 3582; x_wconf 89' lang='lat' dir='ltr'><strong>ubicunque</strong></span> <span class='ocrx_word' id='word_1_530' title='bbox 2500 3511 2829 3567; x_wconf 89' lang='lat' dir='ltr'><strong>subticetur</strong></span> <span class='ocrx_word' id='word_1_531' title='bbox 2883 3527 3005 3568; x_wconf 89' lang='lat' dir='ltr'><strong>una</strong></span> <span class='ocrx_word' id='word_1_532' title='bbox 3065 3527 3347 3584; x_wconf 89' lang='lat' dir='ltr'><strong>persona,</strong></span> <span class='ocrx_word' id='word_1_533' title='bbox 3407 3512 3759 3568; x_wconf 83' lang='lat' dir='ltr'><strong>excludatur</strong></span> 
     </span>
    </p>
   </div>
   <div class='ocr_carea' id='block_1_56' title="bbox 2091 3598 3756 3672">
    <p class='ocr_par' dir='ltr' id='par_1_56' title="bbox 2091 3598 3756 3672">
     <span class='ocr_line' id='line_1_56' title="bbox 2091 3598 3756 3672; baseline 0.001 -18"><span class='ocrx_word' id='word_1_534' title='bbox 2091 3598 2249 3670; x_wconf 90' lang='lat' dir='ltr'><strong>ipsa,</strong></span> <span class='ocrx_word' id='word_1_535' title='bbox 2281 3603 2336 3654; x_wconf 89' lang='lat' dir='ltr'><strong>et</strong></span> <span class='ocrx_word' id='word_1_536' title='bbox 2368 3614 2490 3655; x_wconf 90' lang='lat' dir='ltr'><strong>non</strong></span> <span class='ocrx_word' id='word_1_537' title='bbox 2518 3599 2884 3669; x_wconf 81' lang='lat' dir='ltr'><strong>intelligatur</strong></span> <span class='ocrx_word' id='word_1_538' title='bbox 2919 3618 2932 3667; x_wconf 90' lang='lat'><strong>;</strong></span> <span class='ocrx_word' id='word_1_539' title='bbox 2965 3601 3132 3672; x_wconf 88' lang='lat' dir='ltr'><strong>quod</strong></span> <span class='ocrx_word' id='word_1_540' title='bbox 3161 3601 3276 3658; x_wconf 89' lang='lat' dir='ltr'><strong>isto</strong></span> <span class='ocrx_word' id='word_1_541' title='bbox 3300 3600 3485 3658; x_wconf 91' lang='lat' dir='ltr'><strong>modo</strong></span> <span class='ocrx_word' id='word_1_542' title='bbox 3511 3600 3571 3656; x_wconf 90' lang='lat' dir='ltr'><strong>in</strong></span> <span class='ocrx_word' id='word_1_543' title='bbox 3603 3600 3756 3656; x_wconf 91' lang='lat' dir='ltr'><strong>mul-</strong></span> 
     </span>
    </p>
   </div>
   <div class='ocr_carea' id='block_1_57' title="bbox 2091 3688 3754 3762">
    <p class='ocr_par' dir='ltr' id='par_1_57' title="bbox 2091 3688 3754 3762">
     <span class='ocr_line' id='line_1_57' title="bbox 2091 3688 3754 3762; baseline 0.001 -19"><span class='ocrx_word' id='word_1_544' title='bbox 2091 3691 2184 3743; x_wconf 90' lang='lat' dir='ltr'><strong>tos</strong></span> <span class='ocrx_word' id='word_1_545' title='bbox 2215 3702 2444 3744; x_wconf 90' lang='lat' dir='ltr'><strong>errores</strong></span> <span class='ocrx_word' id='word_1_546' title='bbox 2475 3688 2904 3761; x_wconf 81' lang='lat' dir='ltr'><strong>praecipitasset</strong></span> <span class='ocrx_word' id='word_1_547' title='bbox 2955 3705 3068 3745; x_wconf 90' lang='lat' dir='ltr'><strong>nos</strong></span> <span class='ocrx_word' id='word_1_548' title='bbox 3091 3690 3226 3762; x_wconf 88' lang='lat' dir='ltr'><strong>ipsa</strong></span> <span class='ocrx_word' id='word_1_549' title='bbox 3276 3689 3522 3754; x_wconf 87' lang='lat' dir='ltr'><strong>Veritas,</strong></span> <span class='ocrx_word' id='word_1_550' title='bbox 3574 3689 3754 3745; x_wconf 87' lang='lat' dir='ltr'><strong>Filius</strong></span> 
     </span>
    </p>
   </div>
   <div class='ocr_carea' id='block_1_58' title="bbox 2093 3776 3747 3852">
    <p class='ocr_par' dir='ltr' id='par_1_58' title="bbox 2093 3776 3747 3852">
     <span class='ocr_line' id='line_1_58' title="bbox 2093 3776 3747 3852; baseline 0.004 -24"><span class='ocrx_word' id='word_1_551' title='bbox 2093 3776 2217 3832; x_wconf 91' lang='lat' dir='ltr'><strong>Dei.</strong></span> <span class='ocrx_word' id='word_1_552' title='bbox 2244 3778 2412 3833; x_wconf 89' lang='lat' dir='ltr'><strong>Verbi</strong></span> <span class='ocrx_word' id='word_1_553' title='bbox 2435 3778 2646 3848; x_wconf 83' lang='lat' dir='ltr'><strong>gratia,</strong></span> <span class='ocrx_word' id='word_1_554' title='bbox 2673 3779 2734 3834; x_wconf 92' lang='lat' dir='ltr'><strong>in</strong></span> <span class='ocrx_word' id='word_1_555' title='bbox 2761 3779 3089 3849; x_wconf 84' lang='lat' dir='ltr'><strong>Evangelio</strong></span> <span class='ocrx_word' id='word_1_556' title='bbox 3123 3778 3426 3852; x_wconf 88' lang='lat' dir='ltr'><strong>Scriptum</strong></span> <span class='ocrx_word' id='word_1_557' title='bbox 3451 3779 3709 3849; x_wconf 76' lang='lat' dir='ltr'><strong>legimus</strong></span> <span class='ocrx_word' id='word_1_558' title='bbox 3735 3797 3747 3835; x_wconf 92' lang='lat'><strong>:</strong></span> 
     </span>
    </p>
   </div>
   <div class='ocr_carea' id='block_1_59' title="bbox 2090 3868 3752 3940">
    <p class='ocr_par' dir='ltr' id='par_1_59' title="bbox 2090 3868 3752 3940">
     <span class='ocr_line' id='line_1_59' title="bbox 2090 3868 3752 3940; baseline 0 -16"><span class='ocrx_word' id='word_1_559' title='bbox 2090 3868 2229 3924; x_wconf 91' lang='lat' dir='ltr'><strong>Non</strong></span> <span class='ocrx_word' id='word_1_560' title='bbox 2254 3870 2409 3923; x_wconf 88' lang='lat' dir='ltr'><strong>enim</strong></span> <span class='ocrx_word' id='word_1_561' title='bbox 2428 3883 2529 3924; x_wconf 79' lang='lat' dir='ltr'><strong>vos</strong></span> <span class='ocrx_word' id='word_1_562' title='bbox 2540 3875 2676 3924; x_wconf 78' lang='lat' dir='ltr'><strong>estis</strong></span> <span class='ocrx_word' id='word_1_563' title='bbox 2688 3870 2794 3940; x_wconf 85' lang='lat' dir='ltr'><strong>qui</strong></span> <span class='ocrx_word' id='word_1_564' title='bbox 2806 3869 3137 3939; x_wconf 85' lang='lat' dir='ltr'><strong>loquimini,</strong></span> <span class='ocrx_word' id='word_1_565' title='bbox 3157 3870 3261 3925; x_wconf 87' lang='lat' dir='ltr'><strong>sed</strong></span> <span class='ocrx_word' id='word_1_566' title='bbox 3274 3870 3532 3939; x_wconf 83' lang='lat' dir='ltr'><strong>Spiritus</strong></span> <span class='ocrx_word' id='word_1_567' title='bbox 3545 3871 3752 3925; x_wconf 84' lang='lat' dir='ltr'><strong>Patris</strong></span> 
     </span>
    </p>
   </div>
   <div class='ocr_carea' id='block_1_60' title="bbox 2093 3958 3752 4028">
    <p class='ocr_par' dir='ltr' id='par_1_60' title="bbox 2093 3958 3752 4028">
     <span class='ocr_line' id='line_1_60' title="bbox 2093 3958 3752 4028; baseline 0.002 -16"><span class='ocrx_word' id='word_1_568' title='bbox 2093 3958 2278 4012; x_wconf 85' lang='lat' dir='ltr'><strong>vestri</strong></span> <span class='ocrx_word' id='word_1_569' title='bbox 2300 3973 2403 4028; x_wconf 80' lang='lat' dir='ltr'><strong>qui</strong></span> <span class='ocrx_word' id='word_1_570' title='bbox 2429 3959 2701 4028; x_wconf 82' lang='lat' dir='ltr'><strong>loquitur</strong></span> <span class='ocrx_word' id='word_1_571' title='bbox 2721 3960 2782 4013; x_wconf 89' lang='lat' dir='ltr'><strong>in</strong></span> <span class='ocrx_word' id='word_1_572' title='bbox 2805 3959 2967 4015; x_wconf 83' lang='lat' dir='ltr'><strong>vobis</strong></span> <span class='ocrx_word' id='word_1_573' title='bbox 2993 3959 3037 3993; x_wconf 69' lang='grc'><strong>³³</strong></span> <span class='ocrx_word' id='word_1_574' title='bbox 3066 4000 3078 4013; x_wconf 96' lang='grc'><strong>.</strong></span> <span class='ocrx_word' id='word_1_575' title='bbox 3114 3959 3261 4014; x_wconf 91' lang='lat' dir='ltr'><strong>Item</strong></span> <span class='ocrx_word' id='word_1_576' title='bbox 3291 3977 3304 4014; x_wconf 90' lang='lat'><strong>:</strong></span> <span class='ocrx_word' id='word_1_577' title='bbox 3337 3959 3463 4028; x_wconf 84' lang='lat' dir='ltr'><strong>Ego</strong></span> <span class='ocrx_word' id='word_1_578' title='bbox 3490 3964 3544 4014; x_wconf 90' lang='lat' dir='ltr'><strong>et</strong></span> <span class='ocrx_word' id='word_1_579' title='bbox 3572 3959 3752 4015; x_wconf 87' lang='lat' dir='ltr'><strong>Pater</strong></span> 
     </span>
    </p>
   </div>
   <div class='ocr_carea' id='block_1_61' title="bbox 296 4043 3749 4120">
    <p class='ocr_par' dir='ltr' id='par_1_61' title="bbox 296 4043 3749 4120">
     <span class='ocr_line' id='line_1_61' title="bbox 296 4043 3749 4120; baseline 0.001 -21"><span class='ocrx_word' id='word_1_580' title='bbox 296 4043 503 4102; x_wconf 84' lang='lat' dir='ltr'><strong>sufﬂat</strong></span> <span class='ocrx_word' id='word_1_581' title='bbox 520 4046 582 4101; x_wconf 91' lang='lat' dir='ltr'><strong>in</strong></span> <span class='ocrx_word' id='word_1_582' title='bbox 600 4046 824 4104; x_wconf 81' lang='lat' dir='ltr'><strong>faciem</strong></span> <span class='ocrx_word' id='word_1_583' title='bbox 843 4045 1262 4120; x_wconf 90' lang='lat' dir='ltr'><strong>apostolorum</strong></span> <span class='ocrx_word' id='word_1_584' title='bbox 1285 4046 1524 4103; x_wconf 88' lang='lat' dir='ltr'><strong>dicens:</strong></span> <span class='ocrx_word' id='word_1_585' title='bbox 1549 4047 1829 4116; x_wconf 80' lang='lat' dir='ltr'><strong>Accipite</strong></span> <span class='ocrx_word' id='word_1_586' title='bbox 1848 4043 1983 4118; x_wconf 61' lang='lat' dir='ltr'><strong>Spi‘</strong></span> <span class='ocrx_word' id='word_1_587' title='bbox 2091 4061 2277 4102; x_wconf 87' lang='lat' dir='ltr'><strong>unum</strong></span> <span class='ocrx_word' id='word_1_588' title='bbox 2305 4063 2508 4102; x_wconf 84' lang='lat' dir='ltr'><strong>sumus</strong></span> <span class='ocrx_word' id='word_1_589' title='bbox 2530 4047 2600 4116; x_wconf 82' lang='grc'><strong>³³,</strong></span> <span class='ocrx_word' id='word_1_590' title='bbox 2625 4047 2774 4102; x_wconf 77' lang='lat' dir='ltr'><strong>dixit</strong></span> <span class='ocrx_word' id='word_1_591' title='bbox 2797 4047 2992 4115; x_wconf 87' lang='lat' dir='ltr'><strong>Filius,</strong></span> <span class='ocrx_word' id='word_1_592' title='bbox 3023 4051 3082 4104; x_wconf 94' lang='lat' dir='ltr'><strong>et</strong></span> <span class='ocrx_word' id='word_1_593' title='bbox 3099 4046 3330 4104; x_wconf 89' lang='lat' dir='ltr'><strong>nullam</strong></span> <span class='ocrx_word' id='word_1_594' title='bbox 3355 4048 3749 4104; x_wconf 89' lang='lat' dir='ltr'><strong>mentionem-</strong></span> 
     </span>
    </p>
   </div>
   <div class='ocr_carea' id='block_1_62' title="bbox 290 4134 3745 4208">
    <p class='ocr_par' dir='ltr' id='par_1_62' title="bbox 290 4134 3745 4208">
     <span class='ocr_line' id='line_1_62' title="bbox 290 4134 3745 4208; baseline 0.001 -20"><span class='ocrx_word' id='word_1_595' title='bbox 290 4135 484 4190; x_wconf 84' lang='lat' dir='ltr'><strong>ritum</strong></span> <span class='ocrx_word' id='word_1_596' title='bbox 537 4140 844 4201; x_wconf 83' lang='lat' dir='ltr'><strong>sanctum,</strong></span> <span class='ocrx_word' id='word_1_597' title='bbox 872 4139 938 4191; x_wconf 92' lang='lat' dir='ltr'><strong>ut</strong></span> <span class='ocrx_word' id='word_1_598' title='bbox 990 4134 1322 4204; x_wconf 89' lang='lat' dir='ltr'><strong>discamus,</strong></span> <span class='ocrx_word' id='word_1_599' title='bbox 1365 4134 1534 4208; x_wconf 88' lang='lat' dir='ltr'><strong>quod</strong></span> <span class='ocrx_word' id='word_1_600' title='bbox 1591 4135 1666 4191; x_wconf 90' lang='lat' dir='ltr'><strong>de</strong></span> <span class='ocrx_word' id='word_1_601' title='bbox 1723 4135 1980 4208; x_wconf 78' lang='lat' dir='ltr'><strong>plenitu‘</strong></span> <span class='ocrx_word' id='word_1_602' title='bbox 2090 4135 2227 4191; x_wconf 89' lang='lat' dir='ltr'><strong>fecit</strong></span> <span class='ocrx_word' id='word_1_603' title='bbox 2271 4135 2346 4191; x_wconf 93' lang='lat' dir='ltr'><strong>de</strong></span> <span class='ocrx_word' id='word_1_604' title='bbox 2396 4135 2616 4207; x_wconf 90' lang='lat' dir='ltr'><strong>Spiritu</strong></span> <span class='ocrx_word' id='word_1_605' title='bbox 2647 4140 2880 4194; x_wconf 83' lang='lat' dir='ltr'><strong>sancto.</strong></span> <span class='ocrx_word' id='word_1_606' title='bbox 2910 4139 2977 4192; x_wconf 88' lang='lat' dir='ltr'><strong>Et</strong></span> <span class='ocrx_word' id='word_1_607' title='bbox 3007 4137 3222 4193; x_wconf 89' lang='lat' dir='ltr'><strong>iterum</strong></span> <span class='ocrx_word' id='word_1_608' title='bbox 3257 4154 3269 4192; x_wconf 92' lang='lat'><strong>:</strong></span> <span class='ocrx_word' id='word_1_609' title='bbox 3308 4139 3393 4193; x_wconf 89' lang='lat' dir='ltr'><strong>De</strong></span> <span class='ocrx_word' id='word_1_610' title='bbox 3426 4138 3521 4192; x_wconf 86' lang='lat' dir='ltr'><strong>die</strong></span> <span class='ocrx_word' id='word_1_611' title='bbox 3547 4140 3745 4193; x_wconf 84' lang='lat' dir='ltr'><strong>autem</strong></span> 
     </span>
    </p>
   </div>
   <div class='ocr_carea' id='block_1_63' title="bbox 280 4221 3740 4297">
    <p class='ocr_par' dir='ltr' id='par_1_63' title="bbox 280 4221 3740 4297">
     <span class='ocr_line' id='line_1_63' title="bbox 280 4221 3740 4297; baseline 0 -19"><span class='ocrx_word' id='word_1_612' title='bbox 280 4221 434 4279; x_wconf 90' lang='lat' dir='ltr'><strong>dine</strong></span> <span class='ocrx_word' id='word_1_613' title='bbox 465 4223 802 4280; x_wconf 88' lang='lat' dir='ltr'><strong>Divinitatis</strong></span> <span class='ocrx_word' id='word_1_614' title='bbox 851 4227 964 4290; x_wconf 89' lang='lat' dir='ltr'><strong>est,</strong></span> <span class='ocrx_word' id='word_1_615' title='bbox 1009 4239 1135 4297; x_wconf 90' lang='lat' dir='ltr'><strong>qua</strong></span> <span class='ocrx_word' id='word_1_616' title='bbox 1166 4222 1352 4281; x_wconf 91' lang='lat' dir='ltr'><strong>datur</strong></span> <span class='ocrx_word' id='word_1_617' title='bbox 1403 4224 1657 4297; x_wconf 91' lang='lat' dir='ltr'><strong>Spiritus</strong></span> <span class='ocrx_word' id='word_1_618' title='bbox 1716 4230 1968 4282; x_wconf 88' lang='lat' dir='ltr'><strong>sanctus</strong></span> <span class='ocrx_word' id='word_1_619' title='bbox 2089 4231 2145 4282; x_wconf 88' lang='lat' dir='ltr'><strong>et</strong></span> <span class='ocrx_word' id='word_1_620' title='bbox 2173 4226 2325 4282; x_wconf 84' lang='lat' dir='ltr'><strong>hora</strong></span> <span class='ocrx_word' id='word_1_621' title='bbox 2357 4226 2473 4282; x_wconf 84' lang='lat' dir='ltr'><strong>illa</strong></span> <span class='ocrx_word' id='word_1_622' title='bbox 2503 4241 2672 4283; x_wconf 88' lang='lat' dir='ltr'><strong>nemo</strong></span> <span class='ocrx_word' id='word_1_623' title='bbox 2698 4227 2808 4282; x_wconf 88' lang='lat' dir='ltr'><strong>scit</strong></span> <span class='ocrx_word' id='word_1_624' title='bbox 2836 4228 2956 4282; x_wconf 84' lang='lat' dir='ltr'><strong>nisi</strong></span> <span class='ocrx_word' id='word_1_625' title='bbox 2984 4229 3156 4284; x_wconf 84' lang='lat' dir='ltr'><strong>Pater</strong></span> <span class='ocrx_word' id='word_1_626' title='bbox 3183 4227 3230 4262; x_wconf 71' lang='lat'><strong>3‘</strong></span> <span class='ocrx_word' id='word_1_627' title='bbox 3262 4268 3274 4281; x_wconf 96' lang='lat'><strong>.</strong></span> <span class='ocrx_word' id='word_1_628' title='bbox 3304 4231 3450 4282; x_wconf 90' lang='lat' dir='ltr'><strong>Item</strong></span> <span class='ocrx_word' id='word_1_629' title='bbox 3479 4227 3740 4282; x_wconf 89' lang='lat' dir='ltr'><strong>Paulus:</strong></span> 
     </span>
    </p>
   </div>
   <div class='ocr_carea' id='block_1_64' title="bbox 283 4310 3739 4386">
    <p class='ocr_par' dir='ltr' id='par_1_64' title="bbox 283 4310 3739 4386">
     <span class='ocr_line' id='line_1_64' title="bbox 283 4310 3739 4386; baseline 0.002 -20"><span class='ocrx_word' id='word_1_630' title='bbox 283 4310 580 4383; x_wconf 90' lang='lat' dir='ltr'><strong>dicipulis</strong></span> <span class='ocrx_word' id='word_1_631' title='bbox 609 4329 623 4368; x_wconf 92' lang='lat'><strong>:</strong></span> <span class='ocrx_word' id='word_1_632' title='bbox 647 4313 714 4368; x_wconf 88' lang='lat' dir='ltr'><strong>In</strong></span> <span class='ocrx_word' id='word_1_633' title='bbox 735 4311 979 4370; x_wconf 85' lang='lat' dir='ltr'><strong>Christo</strong></span> <span class='ocrx_word' id='word_1_634' title='bbox 1001 4312 1414 4385; x_wconf 90' lang='lat' dir='ltr'><strong>enim,inquit,</strong></span> <span class='ocrx_word' id='word_1_635' title='bbox 1438 4313 1556 4369; x_wconf 92' lang='lat' dir='ltr'><strong>hoc</strong></span> <span class='ocrx_word' id='word_1_636' title='bbox 1577 4316 1683 4385; x_wconf 87' lang='lat' dir='ltr'><strong>est,</strong></span> <span class='ocrx_word' id='word_1_637' title='bbox 1712 4313 1773 4370; x_wconf 90' lang='lat' dir='ltr'><strong>in</strong></span> <span class='ocrx_word' id='word_1_638' title='bbox 1796 4330 1978 4372; x_wconf 88' lang='lat' dir='ltr'><strong>carne</strong></span> <span class='ocrx_word' id='word_1_639' title='bbox 2087 4314 2254 4370; x_wconf 83' lang='lat' dir='ltr'><strong>Misit</strong></span> <span class='ocrx_word' id='word_1_640' title='bbox 2277 4316 2438 4372; x_wconf 89' lang='lat' dir='ltr'><strong>Deus</strong></span> <span class='ocrx_word' id='word_1_641' title='bbox 2462 4316 2756 4386; x_wconf 80' lang='lat' dir='ltr'><strong>Spiritum</strong></span> <span class='ocrx_word' id='word_1_642' title='bbox 2785 4315 2935 4373; x_wconf 84' lang='lat' dir='ltr'><strong>Filii</strong></span> <span class='ocrx_word' id='word_1_643' title='bbox 2954 4317 3052 4371; x_wconf 87' lang='lat' dir='ltr'><strong>sui</strong></span> <span class='ocrx_word' id='word_1_644' title='bbox 3071 4317 3118 4351; x_wconf 74' lang='grc'><strong>⁸⁵</strong></span> <span class='ocrx_word' id='word_1_645' title='bbox 3150 4358 3166 4383; x_wconf 91' lang='grc'><strong><em>,</em></strong></span> <span class='ocrx_word' id='word_1_646' title='bbox 3197 4331 3320 4372; x_wconf 92' lang='lat' dir='ltr'><strong>non</strong></span> <span class='ocrx_word' id='word_1_647' title='bbox 3349 4316 3510 4382; x_wconf 90' lang='lat' dir='ltr'><strong>dicit,</strong></span> <span class='ocrx_word' id='word_1_648' title='bbox 3540 4333 3739 4372; x_wconf 92' lang='lat' dir='ltr'><strong>suum.</strong></span> 
     </span>
    </p>
   </div>
   <div class='ocr_carea' id='block_1_65' title="bbox 284 4395 3744 4476">
    <p class='ocr_par' dir='ltr' id='par_1_65' title="bbox 284 4395 3744 4476">
     <span class='ocr_line' id='line_1_65' title="bbox 284 4395 3744 4476; baseline 0.002 -20"><span class='ocrx_word' id='word_1_649' title='bbox 284 4401 448 4471; x_wconf 88' lang='lat' dir='ltr'><strong>ejus,</strong></span> <span class='ocrx_word' id='word_1_650' title='bbox 485 4401 727 4459; x_wconf 80' lang='lat' dir='ltr'><strong>habitat</strong></span> <span class='ocrx_word' id='word_1_651' title='bbox 753 4403 946 4459; x_wconf 86' lang='lat' dir='ltr'><strong>omnis</strong></span> <span class='ocrx_word' id='word_1_652' title='bbox 972 4402 1291 4471; x_wconf 78' lang='lat' dir='ltr'><strong>plenitudo</strong></span> <span class='ocrx_word' id='word_1_653' title='bbox 1318 4403 1677 4460; x_wconf 86' lang='lat' dir='ltr'><strong>Divinitatis</strong></span> <span class='ocrx_word' id='word_1_654' title='bbox 1707 4403 1776 4457; x_wconf 75' lang='grc' dir='ltr'><strong>³ο.</strong></span> <span class='ocrx_word' id='word_1_655' title='bbox 1813 4395 1980 4461; x_wconf 81' lang='lat' dir='ltr'><strong>Sicut</strong></span> <span class='ocrx_word' id='word_1_656' title='bbox 2086 4406 2155 4460; x_wconf 90' lang='lat' dir='ltr'><strong>Et</strong></span> <span class='ocrx_word' id='word_1_657' title='bbox 2183 4404 2399 4462; x_wconf 88' lang='lat' dir='ltr'><strong>iterum</strong></span> <span class='ocrx_word' id='word_1_658' title='bbox 2425 4422 2437 4460; x_wconf 92' lang='lat'><strong>:</strong></span> <span class='ocrx_word' id='word_1_659' title='bbox 2473 4406 2540 4462; x_wconf 91' lang='lat' dir='ltr'><strong>Si</strong></span> <span class='ocrx_word' id='word_1_660' title='bbox 2565 4405 2700 4476; x_wconf 85' lang='lat' dir='ltr'><strong>quis</strong></span> <span class='ocrx_word' id='word_1_661' title='bbox 2719 4405 3010 4474; x_wconf 86' lang='lat' dir='ltr'><strong>Spiritum</strong></span> <span class='ocrx_word' id='word_1_662' title='bbox 3037 4405 3401 4462; x_wconf 85' lang='lat' dir='ltr'><strong>Christinon</strong></span> <span class='ocrx_word' id='word_1_663' title='bbox 3424 4406 3620 4475; x_wconf 83' lang='lat' dir='ltr'><strong>habet,</strong></span> <span class='ocrx_word' id='word_1_664' title='bbox 3649 4406 3744 4462; x_wconf 89' lang='lat' dir='ltr'><strong>hic</strong></span> 
     </span>
    </p>
   </div>
   <div class='ocr_carea' id='block_1_66' title="bbox 291 4490 3736 4567">
    <p class='ocr_par' dir='ltr' id='par_1_66' title="bbox 291 4490 3736 4567">
     <span class='ocr_line' id='line_1_66' title="bbox 291 4490 3736 4567; baseline 0.002 -23"><span class='ocrx_word' id='word_1_665' title='bbox 291 4491 558 4546; x_wconf 77' lang='lat' dir='ltr'><strong>Joannes</strong></span> <span class='ocrx_word' id='word_1_666' title='bbox 584 4490 856 4564; x_wconf 89' lang='lat' dir='ltr'><strong>Baptista</strong></span> <span class='ocrx_word' id='word_1_667' title='bbox 884 4490 1046 4548; x_wconf 90' lang='lat' dir='ltr'><strong>dicit:</strong></span> <span class='ocrx_word' id='word_1_668' title='bbox 1075 4491 1199 4547; x_wconf 91' lang='lat' dir='ltr'><strong>Nos</strong></span> <span class='ocrx_word' id='word_1_669' title='bbox 1227 4498 1425 4548; x_wconf 88' lang='lat' dir='ltr'><strong>autem</strong></span> <span class='ocrx_word' id='word_1_670' title='bbox 1455 4507 1652 4549; x_wconf 90' lang='lat' dir='ltr'><strong>omnes</strong></span> <span class='ocrx_word' id='word_1_671' title='bbox 1674 4492 1747 4550; x_wconf 83' lang='lat' dir='ltr'><strong>de</strong></span> <span class='ocrx_word' id='word_1_672' title='bbox 1773 4494 1972 4563; x_wconf 85' lang='lat' dir='ltr'><strong>pleni-</strong></span> <span class='ocrx_word' id='word_1_673' title='bbox 2009 4541 2054 4567; x_wconf 65' lang='grc' dir='ltr'>η</span> <span class='ocrx_word' id='word_1_674' title='bbox 2084 4509 2204 4549; x_wconf 89' lang='lat' dir='ltr'><strong>non</strong></span> <span class='ocrx_word' id='word_1_675' title='bbox 2217 4500 2300 4550; x_wconf 89' lang='lat' dir='ltr'><strong>est</strong></span> <span class='ocrx_word' id='word_1_676' title='bbox 2319 4495 2534 4564; x_wconf 72' lang='lat' dir='ltr'><strong>ejus-36.</strong></span> <span class='ocrx_word' id='word_1_677' title='bbox 2561 4497 2704 4550; x_wconf 90' lang='lat' dir='ltr'><strong>[tem</strong></span> <span class='ocrx_word' id='word_1_678' title='bbox 2722 4493 2904 4549; x_wconf 88' lang='lat' dir='ltr'><strong>Filius</strong></span> <span class='ocrx_word' id='word_1_679' title='bbox 2919 4495 2982 4550; x_wconf 90' lang='lat' dir='ltr'><strong>in</strong></span> <span class='ocrx_word' id='word_1_680' title='bbox 2997 4494 3334 4564; x_wconf 82' lang='lat' dir='ltr'><strong>Evangilio:</strong></span> <span class='ocrx_word' id='word_1_681' title='bbox 3358 4495 3615 4567; x_wconf 82' lang='lat' dir='ltr'><strong>Spiritus</strong></span> <span class='ocrx_word' id='word_1_682' title='bbox 3632 4501 3736 4552; x_wconf 86' lang='lat' dir='ltr'><strong>est.</strong></span> 
     </span>
    </p>
   </div>
   <div class='ocr_carea' id='block_1_67' title="bbox 2008 4541 2054 4594">
    <p class='ocr_par' dir='ltr' id='par_1_67' title="bbox 2008 4541 2054 4594">
     <span class='ocr_line' id='line_1_67' title="bbox 2008 4541 2054 4594; baseline 0 0"><span class='ocrx_word' id='word_1_683' title='bbox 2008 4541 2054 4594; x_wconf 92' lang='lat' dir='ltr'><strong>D</strong></span> 
     </span>
    </p>
   </div>
   <div class='ocr_carea' id='block_1_68' title="bbox 2109 1011 3881 1084">
    <p class='ocr_par' dir='ltr' id='par_1_68' title="bbox 2109 1011 3881 1084">
     <span class='ocr_line' id='line_1_68' title="bbox 2109 1011 3881 1084; baseline -0.003 -16"><span class='ocrx_word' id='word_1_684' title='bbox 2109 1011 2410 1068; x_wconf 89' lang='lat' dir='ltr'><strong>innovans</strong></span> <span class='ocrx_word' id='word_1_685' title='bbox 2433 1011 2493 1067; x_wconf 91' lang='lat' dir='ltr'><strong>in</strong></span> <span class='ocrx_word' id='word_1_686' title='bbox 2522 1011 2699 1068; x_wconf 90' lang='lat' dir='ltr'><strong>nobis</strong></span> <span class='ocrx_word' id='word_1_687' title='bbox 2721 1016 2859 1084; x_wconf 89' lang='lat' dir='ltr'><strong>post</strong></span> <span class='ocrx_word' id='word_1_688' title='bbox 2877 1011 3418 1068; x_wconf 87' lang='lat' dir='ltr'><strong>resurrectionuem</strong></span> <span class='ocrx_word' id='word_1_689' title='bbox 3440 1027 3475 1067; x_wconf 92' lang='lat' dir='ltr'><strong>a</strong></span> <span class='ocrx_word' id='word_1_690' title='bbox 3492 1011 3761 1077; x_wconf 89' lang='lat' dir='ltr'><strong>mortuis,</strong></span> <span class='ocrx_word' id='word_1_691' title='bbox 3873 1031 3881 1041; x_wconf 64' lang='grc' dir='ltr'><strong>α</strong></span> 
     </span>
    </p>
   </div>
   <div class='ocr_carea' id='block_1_69' title="bbox 297 4578 1970 4657">
    <p class='ocr_par' dir='ltr' id='par_1_69' title="bbox 297 4578 1970 4657">
     <span class='ocr_line' id='line_1_69' title="bbox 297 4578 1970 4657; baseline 0.005 -26"><span class='ocrx_word' id='word_1_692' title='bbox 297 4578 508 4636; x_wconf 82' lang='lat' dir='ltr'><strong>tudine</strong></span> <span class='ocrx_word' id='word_1_693' title='bbox 522 4581 651 4651; x_wconf 86' lang='lat' dir='ltr'><strong>ejus</strong></span> <span class='ocrx_word' id='word_1_694' title='bbox 666 4581 1005 4651; x_wconf 88' lang='lat' dir='ltr'><strong>accepimus</strong></span> <span class='ocrx_word' id='word_1_695' title='bbox 1023 4581 1068 4615; x_wconf 73' lang='grc' dir='ltr'><strong>δι</strong></span> <span class='ocrx_word' id='word_1_696' title='bbox 1091 4618 1107 4644; x_wconf 90' lang='grc'><strong>,</strong></span> <span class='ocrx_word' id='word_1_697' title='bbox 1131 4602 1153 4630; x_wconf 72' lang='grc' dir='ltr'>ι</span> <span class='ocrx_word' id='word_1_698' title='bbox 1177 4584 1289 4637; x_wconf 89' lang='lat' dir='ltr'><strong>etc.</strong></span> <span class='ocrx_word' id='word_1_699' title='bbox 1312 4579 1622 4653; x_wconf 87' lang='lat' dir='ltr'><strong>Corporali</strong></span> <span class='ocrx_word' id='word_1_700' title='bbox 1635 4583 1816 4638; x_wconf 87' lang='lat' dir='ltr'><strong>etiam</strong></span> <span class='ocrx_word' id='word_1_701' title='bbox 1833 4599 1970 4657; x_wconf 89' lang='lat' dir='ltr'><strong>spe-</strong></span> 
     </span>
    </p>
   </div>
   <div class='ocr_carea' id='block_1_70' title="bbox 298 4664 1971 4742">
    <p class='ocr_par' dir='ltr' id='par_1_70' title="bbox 298 4664 1971 4742">
     <span class='ocr_line' id='line_1_70' title="bbox 298 4664 1971 4742; baseline 0.004 -20"><span class='ocrx_word' id='word_1_702' title='bbox 298 4664 395 4722; x_wconf 90' lang='lat' dir='ltr'><strong>cie</strong></span> <span class='ocrx_word' id='word_1_703' title='bbox 432 4667 593 4725; x_wconf 86' lang='lat' dir='ltr'><strong>visus</strong></span> <span class='ocrx_word' id='word_1_704' title='bbox 619 4675 712 4727; x_wconf 90' lang='lat' dir='ltr'><strong>est</strong></span> <span class='ocrx_word' id='word_1_705' title='bbox 749 4669 1003 4742; x_wconf 88' lang='lat' dir='ltr'><strong>Spiritus</strong></span> <span class='ocrx_word' id='word_1_706' title='bbox 1052 4673 1295 4726; x_wconf 88' lang='lat' dir='ltr'><strong>sanctus</strong></span> <span class='ocrx_word' id='word_1_707' title='bbox 1327 4669 1481 4726; x_wconf 86' lang='lat' dir='ltr'><strong>sicut</strong></span> <span class='ocrx_word' id='word_1_708' title='bbox 1525 4669 1812 4728; x_wconf 89' lang='lat' dir='ltr'><strong>columba</strong></span> <span class='ocrx_word' id='word_1_709' title='bbox 1866 4671 1971 4728; x_wconf 92' lang='lat' dir='ltr'><strong>de-</strong></span> 
     </span>
    </p>
   </div>
   <div class='ocr_carea' id='block_1_71' title="bbox 293 4755 1969 4833">
    <p class='ocr_par' dir='ltr' id='par_1_71' title="bbox 293 4755 1969 4833">
     <span class='ocr_line' id='line_1_71' title="bbox 293 4755 1969 4833; baseline 0.006 -23"><span class='ocrx_word' id='word_1_710' title='bbox 293 4755 572 4827; x_wconf 87' lang='lat' dir='ltr'><strong>soedens,</strong></span> <span class='ocrx_word' id='word_1_711' title='bbox 609 4762 665 4815; x_wconf 90' lang='lat' dir='ltr'><strong>et</strong></span> <span class='ocrx_word' id='word_1_712' title='bbox 712 4774 971 4815; x_wconf 88' lang='lat' dir='ltr'><strong>manens</strong></span> <span class='ocrx_word' id='word_1_713' title='bbox 1009 4774 1192 4833; x_wconf 90' lang='lat' dir='ltr'><strong>super</strong></span> <span class='ocrx_word' id='word_1_714' title='bbox 1222 4774 1385 4816; x_wconf 89' lang='lat' dir='ltr'><strong>eum.</strong></span> <span class='ocrx_word' id='word_1_715' title='bbox 1435 4763 1501 4815; x_wconf 89' lang='lat' dir='ltr'><strong>In</strong></span> <span class='ocrx_word' id='word_1_716' title='bbox 1554 4759 1733 4816; x_wconf 90' lang='lat' dir='ltr'><strong>nobis</strong></span> <span class='ocrx_word' id='word_1_717' title='bbox 1765 4765 1969 4820; x_wconf 89' lang='lat' dir='ltr'><strong>autem</strong></span> 
     </span>
    </p>
   </div>
   <div class='ocr_carea' id='block_1_72' title="bbox 285 4845 1969 4920">
    <p class='ocr_par' dir='ltr' id='par_1_72' title="bbox 285 4845 1969 4920">
     <span class='ocr_line' id='line_1_72' title="bbox 285 4845 1969 4920; baseline 0.003 -18"><span class='ocrx_word' id='word_1_718' title='bbox 285 4845 519 4919; x_wconf 83' lang='lat' dir='ltr'><strong>pignus</strong></span> <span class='ocrx_word' id='word_1_719' title='bbox 543 4851 602 4904; x_wconf 91' lang='lat' dir='ltr'><strong>et</strong></span> <span class='ocrx_word' id='word_1_720' title='bbox 651 4847 930 4920; x_wconf 61' lang='lat' dir='ltr'><strong>primitiae</strong></span> <span class='ocrx_word' id='word_1_721' title='bbox 961 4847 1295 4905; x_wconf 88' lang='lat' dir='ltr'><strong>Divinitatis</strong></span> <span class='ocrx_word' id='word_1_722' title='bbox 1315 4847 1611 4918; x_wconf 90' lang='lat' dir='ltr'><strong>habitant,</strong></span> <span class='ocrx_word' id='word_1_723' title='bbox 1642 4849 1704 4905; x_wconf 91' lang='lat' dir='ltr'><strong>in</strong></span> <span class='ocrx_word' id='word_1_724' title='bbox 1737 4850 1839 4907; x_wconf 94' lang='lat' dir='ltr'><strong>illo</strong></span> <span class='ocrx_word' id='word_1_725' title='bbox 1865 4867 1969 4908; x_wconf 89' lang='lat' dir='ltr'><strong>au-</strong></span> 
     </span>
    </p>
   </div>
   <div class='ocr_carea' id='block_1_73' title="bbox 281 4935 1967 5013">
    <p class='ocr_par' dir='ltr' id='par_1_73' title="bbox 281 4935 1967 5013">
     <span class='ocr_line' id='line_1_73' title="bbox 281 4935 1967 5013; baseline 0.004 -21"><span class='ocrx_word' id='word_1_726' title='bbox 281 4941 416 4993; x_wconf 87' lang='lat' dir='ltr'><strong>tem</strong></span> <span class='ocrx_word' id='word_1_727' title='bbox 445 4935 764 5009; x_wconf 90' lang='lat' dir='ltr'><strong>plenitudo</strong></span> <span class='ocrx_word' id='word_1_728' title='bbox 787 4937 1234 5007; x_wconf 89' lang='lat' dir='ltr'><strong>Divinitatis,ne</strong></span> <span class='ocrx_word' id='word_1_729' title='bbox 1260 4938 1398 5011; x_wconf 91' lang='lat' dir='ltr'><strong>quis</strong></span> <span class='ocrx_word' id='word_1_730' title='bbox 1426 4942 1616 5011; x_wconf 89' lang='lat' dir='ltr'><strong>putet,</strong></span> <span class='ocrx_word' id='word_1_731' title='bbox 1646 4939 1812 5013; x_wconf 92' lang='lat' dir='ltr'><strong>quod</strong></span> <span class='ocrx_word' id='word_1_732' title='bbox 1842 4957 1967 4998; x_wconf 90' lang='lat' dir='ltr'><strong>non</strong></span> 
     </span>
    </p>
   </div>
   <div class='ocr_carea' id='block_1_74' title="bbox 277 5025 1965 5101">
    <p class='ocr_par' dir='ltr' id='par_1_74' title="bbox 277 5025 1965 5101">
     <span class='ocr_line' id='line_1_74' title="bbox 277 5025 1965 5101; baseline 0.004 -19"><span class='ocrx_word' id='word_1_733' title='bbox 277 5025 530 5082; x_wconf 83' lang='lat' dir='ltr'><strong>habens</strong></span> <span class='ocrx_word' id='word_1_734' title='bbox 561 5025 870 5098; x_wconf 89' lang='lat' dir='ltr'><strong>Spiritum,</strong></span> <span class='ocrx_word' id='word_1_735' title='bbox 901 5027 1106 5100; x_wconf 91' lang='lat' dir='ltr'><strong>ipsum</strong></span> <span class='ocrx_word' id='word_1_736' title='bbox 1137 5031 1280 5085; x_wconf 89' lang='lat' dir='ltr'><strong>tunc</strong></span> <span class='ocrx_word' id='word_1_737' title='bbox 1329 5027 1581 5101; x_wconf 89' lang='lat' dir='ltr'><strong>accepit.</strong></span> <span class='ocrx_word' id='word_1_738' title='bbox 1615 5033 1748 5100; x_wconf 90' lang='lat' dir='ltr'><strong>Ipse</strong></span> <span class='ocrx_word' id='word_1_739' title='bbox 1801 5032 1965 5088; x_wconf 90' lang='lat' dir='ltr'><strong>enim</strong></span> 
     </span>
    </p>
   </div>
   <div class='ocr_carea' id='block_1_75' title="bbox 283 5114 1965 5193">
    <p class='ocr_par' dir='ltr' id='par_1_75' title="bbox 283 5114 1965 5193">
     <span class='ocr_line' id='line_1_75' title="bbox 283 5114 1965 5193; baseline 0.005 -23"><span class='ocrx_word' id='word_1_740' title='bbox 283 5114 495 5186; x_wconf 90' lang='lat' dir='ltr'><strong>ipsum</strong></span> <span class='ocrx_word' id='word_1_741' title='bbox 528 5115 855 5173; x_wconf 90' lang='lat' dir='ltr'><strong>desursum</strong></span> <span class='ocrx_word' id='word_1_742' title='bbox 884 5116 1160 5174; x_wconf 86' lang='lat' dir='ltr'><strong>mittebat</strong></span> <span class='ocrx_word' id='word_1_743' title='bbox 1191 5119 1257 5174; x_wconf 90' lang='lat' dir='ltr'><strong>ut</strong></span> <span class='ocrx_word' id='word_1_744' title='bbox 1312 5119 1489 5186; x_wconf 90' lang='lat' dir='ltr'><strong>Deus,</strong></span> <span class='ocrx_word' id='word_1_745' title='bbox 1520 5122 1577 5174; x_wconf 92' lang='lat' dir='ltr'><strong>et</strong></span> <span class='ocrx_word' id='word_1_746' title='bbox 1606 5117 1734 5191; x_wconf 90' lang='lat' dir='ltr'><strong>ipse</strong></span> <span class='ocrx_word' id='word_1_747' title='bbox 1762 5118 1965 5193; x_wconf 89' lang='lat' dir='ltr'><strong>ipsum</strong></span> 
     </span>
    </p>
   </div>
   <div class='ocr_carea' id='block_1_76' title="bbox 282 5203 1964 5281">
    <p class='ocr_par' dir='ltr' id='par_1_76' title="bbox 282 5203 1964 5281">
     <span class='ocr_line' id='line_1_76' title="bbox 282 5203 1964 5281; baseline 0.004 -21"><span class='ocrx_word' id='word_1_748' title='bbox 282 5203 586 5261; x_wconf 89' lang='lat' dir='ltr'><strong>deorsum</strong></span> <span class='ocrx_word' id='word_1_749' title='bbox 623 5205 954 5279; x_wconf 88' lang='lat' dir='ltr'><strong>recipiebat</strong></span> <span class='ocrx_word' id='word_1_750' title='bbox 1009 5209 1076 5262; x_wconf 90' lang='lat' dir='ltr'><strong>ut</strong></span> <span class='ocrx_word' id='word_1_751' title='bbox 1130 5206 1337 5262; x_wconf 89' lang='lat' dir='ltr'><strong>homo.</strong></span> <span class='ocrx_word' id='word_1_752' title='bbox 1397 5209 1478 5262; x_wconf 86' lang='lat' dir='ltr'><strong>Ex</strong></span> <span class='ocrx_word' id='word_1_753' title='bbox 1536 5206 1673 5280; x_wconf 89' lang='lat' dir='ltr'><strong>ipso</strong></span> <span class='ocrx_word' id='word_1_754' title='bbox 1706 5224 1849 5281; x_wconf 87' lang='lat' dir='ltr'><strong>ergo</strong></span> <span class='ocrx_word' id='word_1_755' title='bbox 1901 5210 1964 5268; x_wconf 91' lang='lat' dir='ltr'><strong>in</strong></span> 
     </span>
    </p>
   </div>
   <div class='ocr_carea' id='block_1_77' title="bbox 276 5292 1964 5368">
    <p class='ocr_par' dir='ltr' id='par_1_77' title="bbox 276 5292 1964 5368">
     <span class='ocr_line' id='line_1_77' title="bbox 276 5292 1964 5368; baseline 0.005 -19"><span class='ocrx_word' id='word_1_756' title='bbox 276 5293 493 5365; x_wconf 88' lang='lat' dir='ltr'><strong>ipsum</strong></span> <span class='ocrx_word' id='word_1_757' title='bbox 526 5292 959 5363; x_wconf 89' lang='lat' dir='ltr'><strong>descendebat,</strong></span> <span class='ocrx_word' id='word_1_758' title='bbox 987 5310 1061 5352; x_wconf 87' lang='lat' dir='ltr'><strong>ex</strong></span> <span class='ocrx_word' id='word_1_759' title='bbox 1091 5294 1400 5353; x_wconf 86' lang='lat' dir='ltr'><strong>divinitate</strong></span> <span class='ocrx_word' id='word_1_760' title='bbox 1427 5295 1561 5368; x_wconf 87' lang='lat' dir='ltr'><strong>ejus</strong></span> <span class='ocrx_word' id='word_1_761' title='bbox 1594 5296 1655 5353; x_wconf 91' lang='lat' dir='ltr'><strong>in</strong></span> <span class='ocrx_word' id='word_1_762' title='bbox 1684 5297 1964 5358; x_wconf 87' lang='lat' dir='ltr'><strong>humani-</strong></span> 
     </span>
    </p>
   </div>
   <div class='ocr_carea' id='block_1_78' title="bbox 280 5383 1496 5458">
    <p class='ocr_par' dir='ltr' id='par_1_78' title="bbox 280 5383 1496 5458">
     <span class='ocr_line' id='line_1_78' title="bbox 280 5383 1496 5458; baseline 0 -18"><span class='ocrx_word' id='word_1_763' title='bbox 280 5385 498 5440; x_wconf 88' lang='lat' dir='ltr'><strong>tatem.</strong></span> <span class='ocrx_word' id='word_1_764' title='bbox 524 5403 554 5437; x_wconf 83' lang='lat'><strong>»</strong></span> <span class='ocrx_word' id='word_1_765' title='bbox 587 5385 655 5441; x_wconf 83' lang='lat' dir='ltr'><strong>Et</strong></span> <span class='ocrx_word' id='word_1_766' title='bbox 680 5383 798 5442; x_wconf 91' lang='lat' dir='ltr'><strong>hoc</strong></span> <span class='ocrx_word' id='word_1_767' title='bbox 826 5383 1080 5458; x_wconf 91' lang='lat' dir='ltr'><strong>quidem</strong></span> <span class='ocrx_word' id='word_1_768' title='bbox 1105 5384 1496 5443; x_wconf 87' lang='lat' dir='ltr'><strong>Athanasius.</strong></span> 
     </span>
    </p>
   </div>
   <div class='ocr_carea' id='block_1_79' title="bbox 357 5508 1424 5581">
    <p class='ocr_par' dir='ltr' id='par_1_79' title="bbox 357 5508 1424 5581">
     <span class='ocr_line' id='line_1_79' title="bbox 357 5508 1424 5581; baseline -0.001 -14"><span class='ocrx_word' id='word_1_769' title='bbox 357 5508 408 5581; x_wconf 60' lang='lat' dir='ltr'><strong>’f</strong></span> <span class='ocrx_word' id='word_1_770' title='bbox 443 5509 618 5581; x_wconf 70' lang='lat' dir='ltr'><strong>loan.</strong></span> <span class='ocrx_word' id='word_1_771' title='bbox 653 5524 732 5574; x_wconf 81' lang='grc' dir='ltr'>ιιι,</span> <span class='ocrx_word' id='word_1_772' title='bbox 760 5510 851 5566; x_wconf 66' lang='grc'><strong>34.</strong></span> <span class='ocrx_word' id='word_1_773' title='bbox 955 5511 1003 5546; x_wconf 77' lang='grc'><strong>³⁵</strong></span> <span class='ocrx_word' id='word_1_774' title='bbox 1031 5511 1148 5566; x_wconf 91' lang='lat' dir='ltr'><strong>Luc</strong></span> <span class='ocrx_word' id='word_1_775' title='bbox 1180 5525 1301 5581; x_wconf 88' lang='lat' dir='ltr'><strong>vm,</strong></span> <span class='ocrx_word' id='word_1_776' title='bbox 1335 5512 1424 5567; x_wconf 74' lang='grc'><strong>46.</strong></span> 
     </span>
    </p>
   </div>
   <div class='ocr_carea' id='block_1_80' title="bbox 291 5577 1923 5655">
    <p class='ocr_par' dir='ltr' id='par_1_80' title="bbox 291 5577 1923 5655">
     <span class='ocr_line' id='line_1_80' title="bbox 291 5577 1923 5655; baseline -0.008 0"><span class='ocrx_word' id='word_1_777' title='bbox 291 5577 339 5655; x_wconf 63' lang='grc' dir='ltr'><strong>ῨῨ</strong></span> <span class='ocrx_word' id='word_1_778' title='bbox 367 5579 596 5655; x_wconf 66' lang='lat'><strong>901035.</strong></span> <span class='ocrx_word' id='word_1_779' title='bbox 629 5595 690 5652; x_wconf 80' lang='grc' dir='ltr'><strong>ιι,</strong></span> <span class='ocrx_word' id='word_1_780' title='bbox 725 5585 780 5638; x_wconf 83' lang='grc'><strong>9.</strong></span> <span class='ocrx_word' id='word_1_781' title='bbox 863 5581 918 5655; x_wconf 57' lang='lat'><strong>3&#39;</strong></span> <span class='ocrx_word' id='word_1_782' title='bbox 944 5582 1126 5655; x_wconf 63' lang='lat' dir='ltr'><strong>Joan.</strong></span> <span class='ocrx_word' id='word_1_783' title='bbox 1157 5597 1195 5652; x_wconf 86' lang='grc' dir='ltr'><strong>ι,</strong></span> <span class='ocrx_word' id='word_1_784' title='bbox 1227 5577 1315 5641; x_wconf 72' lang='grc'><strong>16.</strong></span> <span class='ocrx_word' id='word_1_785' title='bbox 1418 5582 1466 5620; x_wconf 80' lang='grc'>³⁸</span> <span class='ocrx_word' id='word_1_786' title='bbox 1498 5583 1697 5642; x_wconf 83' lang='lat' dir='ltr'><strong>Matth.</strong></span> <span class='ocrx_word' id='word_1_787' title='bbox 1732 5601 1791 5655; x_wconf 86' lang='lat' dir='ltr'><strong>x,</strong></span> <span class='ocrx_word' id='word_1_788' title='bbox 1832 5577 1923 5644; x_wconf 72' lang='lat'><strong>20.</strong></span> 
     </span>
    </p>
   </div>
   <div class='ocr_carea' id='block_1_81' title="bbox 286 5649 1349 5726">
    <p class='ocr_par' dir='ltr' id='par_1_81' title="bbox 286 5649 1349 5726">
     <span class='ocr_line' id='line_1_81' title="bbox 286 5649 1349 5726; baseline 0.003 -17"><span class='ocrx_word' id='word_1_789' title='bbox 286 5649 336 5687; x_wconf 73' lang='grc'><strong>³⁸</strong></span> <span class='ocrx_word' id='word_1_790' title='bbox 364 5653 542 5712; x_wconf 82' lang='lat' dir='ltr'><strong>Rom.</strong></span> <span class='ocrx_word' id='word_1_791' title='bbox 570 5649 692 5726; x_wconf 70' lang='lat' dir='ltr'><strong>vui,</strong></span> <span class='ocrx_word' id='word_1_792' title='bbox 728 5656 782 5710; x_wconf 84' lang='lat'><strong>9.</strong></span> <span class='ocrx_word' id='word_1_793' title='bbox 858 5651 904 5688; x_wconf 81' lang='grc'>³⁷</span> <span class='ocrx_word' id='word_1_794' title='bbox 934 5653 1110 5712; x_wconf 85' lang='lat' dir='ltr'><strong>Joan.</strong></span> <span class='ocrx_word' id='word_1_795' title='bbox 1146 5649 1226 5726; x_wconf 73' lang='lat' dir='ltr'><strong>vi,</strong></span> <span class='ocrx_word' id='word_1_796' title='bbox 1259 5655 1349 5712; x_wconf 74' lang='grc'><strong>64.</strong></span> 
     </span>
    </p>
   </div>
   <div class='ocr_carea' id='block_1_82' title="bbox 1530 5511 2462 5646">
    <p class='ocr_par' dir='ltr' id='par_1_82' title="bbox 1530 5511 2462 5646">
     <span class='ocr_line' id='line_1_82' title="bbox 1530 5511 2462 5584; baseline 0.003 -18"><span class='ocrx_word' id='word_1_797' title='bbox 1530 5511 1578 5546; x_wconf 81' lang='grc'>²⁶</span> <span class='ocrx_word' id='word_1_798' title='bbox 1612 5511 1748 5569; x_wconf 87' lang='lat' dir='ltr'><strong>Luc.</strong></span> <span class='ocrx_word' id='word_1_799' title='bbox 1779 5529 1861 5584; x_wconf 78' lang='lat' dir='ltr'><strong>vr,</strong></span> <span class='ocrx_word' id='word_1_800' title='bbox 1894 5515 1917 5568; x_wconf 78' lang='lat' dir='ltr'><strong>t</strong></span> <span class='ocrx_word' id='word_1_801' title='bbox 1931 5518 1986 5574; x_wconf 85' lang='lat'><strong>9.</strong></span> <span class='ocrx_word' id='word_1_802' title='bbox 2085 5517 2127 5551; x_wconf 82' lang='grc'><strong>²⁷</strong></span> <span class='ocrx_word' id='word_1_803' title='bbox 2164 5517 2300 5572; x_wconf 87' lang='lat' dir='ltr'><strong>Luc:</strong></span> <span class='ocrx_word' id='word_1_804' title='bbox 2333 5531 2462 5571; x_wconf 76' lang='lat' dir='ltr'><strong>xxw</strong></span> 
     </span>
     <span class='ocr_line' id='line_1_83' title="bbox 1530 5583 2462 5646; baseline 0.003 -5"><span class='ocrx_word' id='word_1_805' title='bbox 1530 5583 1697 5642; x_wconf 87' lang='lat' dir='ltr'><strong>latth.</strong></span> <span class='ocrx_word' id='word_1_806' title='bbox 1732 5601 1791 5646; x_wconf 85' lang='lat' dir='ltr'><strong>x.</strong></span> <span class='ocrx_word' id='word_1_807' title='bbox 1832 5589 1923 5644; x_wconf 84' lang='lat'><strong>20.</strong></span> <span class='ocrx_word' id='word_1_808' title='bbox 2029 5587 2077 5624; x_wconf 81' lang='grc'><strong>³³</strong></span> <span class='ocrx_word' id='word_1_809' title='bbox 2103 5589 2275 5646; x_wconf 81' lang='lat' dir='ltr'><strong>Joan.</strong></span> <span class='ocrx_word' id='word_1_810' title='bbox 2309 5604 2363 5646; x_wconf 72' lang='grc' dir='ltr'><strong>Χ.</strong></span> <span class='ocrx_word' id='word_1_811' title='bbox 2394 5591 2462 5645; x_wconf 88' lang='grc'><strong>30</strong></span> 
     </span>
    </p>
   </div>
   <div class='ocr_carea' id='block_1_83' title="bbox 2081 4582 3741 4657">
    <p class='ocr_par' dir='ltr' id='par_1_83' title="bbox 2081 4582 3741 4657">
     <span class='ocr_line' id='line_1_84' title="bbox 2081 4582 3741 4657; baseline 0.001 -19"><span class='ocrx_word' id='word_1_812' title='bbox 2081 4583 2189 4655; x_wconf 87' lang='lat' dir='ltr'><strong>qui</strong></span> <span class='ocrx_word' id='word_1_813' title='bbox 2206 4584 2472 4652; x_wconf 83' lang='lat' dir='ltr'><strong>viviﬁcat</strong></span> <span class='ocrx_word' id='word_1_814' title='bbox 2485 4584 2530 4619; x_wconf 80' lang='lat'><strong>3&quot;</strong></span> <span class='ocrx_word' id='word_1_815' title='bbox 2543 4625 2556 4638; x_wconf 93' lang='lat'><strong>.</strong></span> <span class='ocrx_word' id='word_1_816' title='bbox 2575 4583 2631 4640; x_wconf 91' lang='lat' dir='ltr'><strong>Si</strong></span> <span class='ocrx_word' id='word_1_817' title='bbox 2647 4583 2829 4654; x_wconf 87' lang='lat' dir='ltr'><strong>igitur</strong></span> <span class='ocrx_word' id='word_1_818' title='bbox 2849 4582 2948 4640; x_wconf 92' lang='lat' dir='ltr'><strong>illa</strong></span> <span class='ocrx_word' id='word_1_819' title='bbox 2971 4583 3102 4640; x_wconf 91' lang='lat' dir='ltr'><strong>sola</strong></span> <span class='ocrx_word' id='word_1_820' title='bbox 3121 4599 3381 4657; x_wconf 90' lang='lat' dir='ltr'><strong>persona</strong></span> <span class='ocrx_word' id='word_1_821' title='bbox 3397 4583 3741 4655; x_wconf 87' lang='lat' dir='ltr'><strong>intelligitur</strong></span> 
     </span>
    </p>
   </div>
   <div class='ocr_carea' id='block_1_84' title="bbox 2079 4672 3736 4745">
    <p class='ocr_par' dir='ltr' id='par_1_84' title="bbox 2079 4672 3736 4745">
     <span class='ocr_line' id='line_1_85' title="bbox 2079 4672 3736 4745; baseline 0.001 -17"><span class='ocrx_word' id='word_1_822' title='bbox 2079 4673 2142 4729; x_wconf 93' lang='lat' dir='ltr'><strong>in</strong></span> <span class='ocrx_word' id='word_1_823' title='bbox 2161 4672 2257 4729; x_wconf 91' lang='lat' dir='ltr'><strong>his</strong></span> <span class='ocrx_word' id='word_1_824' title='bbox 2279 4672 2760 4742; x_wconf 86' lang='lat' dir='ltr'><strong>auctoritatibus,</strong></span> <span class='ocrx_word' id='word_1_825' title='bbox 2774 4672 2849 4728; x_wconf 92' lang='lat' dir='ltr'><strong>de</strong></span> <span class='ocrx_word' id='word_1_826' title='bbox 2866 4673 3069 4745; x_wconf 82' lang='lat' dir='ltr'><strong>quatit</strong></span> <span class='ocrx_word' id='word_1_827' title='bbox 3085 4674 3331 4740; x_wconf 91' lang='lat' dir='ltr'><strong>mentio,</strong></span> <span class='ocrx_word' id='word_1_828' title='bbox 3352 4677 3409 4730; x_wconf 91' lang='lat' dir='ltr'><strong>et</strong></span> <span class='ocrx_word' id='word_1_829' title='bbox 3440 4688 3566 4730; x_wconf 91' lang='lat' dir='ltr'><strong>non</strong></span> <span class='ocrx_word' id='word_1_830' title='bbox 3586 4673 3736 4730; x_wconf 86' lang='lat' dir='ltr'><strong>alia:</strong></span> 
     </span>
    </p>
   </div>
   <div class='ocr_carea' id='block_1_85' title="bbox 2079 4762 3738 4835">
    <p class='ocr_par' dir='ltr' id='par_1_85' title="bbox 2079 4762 3738 4835">
     <span class='ocr_line' id='line_1_86' title="bbox 2079 4762 3738 4835; baseline 0.001 -17"><span class='ocrx_word' id='word_1_831' title='bbox 2079 4777 2222 4833; x_wconf 86' lang='lat' dir='ltr'><strong>ergo</strong></span> <span class='ocrx_word' id='word_1_832' title='bbox 2270 4762 2544 4835; x_wconf 90' lang='lat' dir='ltr'><strong>Spiritus,</strong></span> <span class='ocrx_word' id='word_1_833' title='bbox 2575 4763 2763 4819; x_wconf 88' lang='lat' dir='ltr'><strong>Patris</strong></span> <span class='ocrx_word' id='word_1_834' title='bbox 2789 4766 3032 4820; x_wconf 89' lang='lat' dir='ltr'><strong>.tantum</strong></span> <span class='ocrx_word' id='word_1_835' title='bbox 3061 4767 3150 4819; x_wconf 92' lang='lat' dir='ltr'><strong>est</strong></span> <span class='ocrx_word' id='word_1_836' title='bbox 3203 4763 3478 4834; x_wconf 89' lang='lat' dir='ltr'><strong>Spiritus,</strong></span> <span class='ocrx_word' id='word_1_837' title='bbox 3509 4768 3566 4820; x_wconf 92' lang='lat' dir='ltr'><strong>et</strong></span> <span class='ocrx_word' id='word_1_838' title='bbox 3611 4779 3738 4819; x_wconf 89' lang='lat' dir='ltr'><strong>non</strong></span> 
     </span>
    </p>
   </div>
   <div class='ocr_carea' id='block_1_86' title="bbox 2078 4852 3734 4927">
    <p class='ocr_par' dir='ltr' id='par_1_86' title="bbox 2078 4852 3734 4927">
     <span class='ocr_line' id='line_1_87' title="bbox 2078 4852 3734 4927; baseline 0.003 -18"><span class='ocrx_word' id='word_1_839' title='bbox 2078 4852 2226 4922; x_wconf 90' lang='lat' dir='ltr'><strong>Filii,</strong></span> <span class='ocrx_word' id='word_1_840' title='bbox 2256 4854 2404 4927; x_wconf 91' lang='lat' dir='ltr'><strong>quia</strong></span> <span class='ocrx_word' id='word_1_841' title='bbox 2433 4853 2507 4909; x_wconf 91' lang='lat' dir='ltr'><strong>de</strong></span> <span class='ocrx_word' id='word_1_842' title='bbox 2535 4853 2684 4910; x_wconf 90' lang='lat' dir='ltr'><strong>Filio</strong></span> <span class='ocrx_word' id='word_1_843' title='bbox 2723 4869 2849 4911; x_wconf 91' lang='lat' dir='ltr'><strong>non</strong></span> <span class='ocrx_word' id='word_1_844' title='bbox 2878 4853 2946 4909; x_wconf 89' lang='lat' dir='ltr'><strong>ﬁt</strong></span> <span class='ocrx_word' id='word_1_845' title='bbox 2974 4853 3222 4922; x_wconf 90' lang='lat' dir='ltr'><strong>mentio,</strong></span> <span class='ocrx_word' id='word_1_846' title='bbox 3253 4854 3368 4910; x_wconf 90' lang='lat' dir='ltr'><strong>nisi</strong></span> <span class='ocrx_word' id='word_1_847' title='bbox 3419 4855 3495 4910; x_wconf 93' lang='lat' dir='ltr'><strong>de</strong></span> <span class='ocrx_word' id='word_1_848' title='bbox 3544 4858 3734 4914; x_wconf 85' lang='lat' dir='ltr'><strong>Patre.</strong></span> 
     </span>
    </p>
   </div>
   <div class='ocr_carea' id='block_1_87' title="bbox 2077 4942 3816 5016">
    <p class='ocr_par' dir='ltr' id='par_1_87' title="bbox 2077 4942 3816 5016">
     <span class='ocr_line' id='line_1_88' title="bbox 2077 4942 3816 5016; baseline 0.002 -19"><span class='ocrx_word' id='word_1_849' title='bbox 2077 4944 2224 5000; x_wconf 88' lang='lat' dir='ltr'><strong>Item</strong></span> <span class='ocrx_word' id='word_1_850' title='bbox 2255 4942 2419 4999; x_wconf 90' lang='lat' dir='ltr'><strong>solus</strong></span> <span class='ocrx_word' id='word_1_851' title='bbox 2451 4943 2703 5016; x_wconf 90' lang='lat' dir='ltr'><strong>Spiritus</strong></span> <span class='ocrx_word' id='word_1_852' title='bbox 2728 4942 3012 5016; x_wconf 89' lang='lat' dir='ltr'><strong>loquitur,</strong></span> <span class='ocrx_word' id='word_1_853' title='bbox 3047 4945 3105 4999; x_wconf 92' lang='lat' dir='ltr'><strong>et</strong></span> <span class='ocrx_word' id='word_1_854' title='bbox 3137 4958 3261 4998; x_wconf 90' lang='lat' dir='ltr'><strong>non</strong></span> <span class='ocrx_word' id='word_1_855' title='bbox 3288 4947 3475 5015; x_wconf 90' lang='lat' dir='ltr'><strong>pater,</strong></span> <span class='ocrx_word' id='word_1_856' title='bbox 3508 4943 3604 5001; x_wconf 89' lang='lat' dir='ltr'><strong>vel</strong></span> <span class='ocrx_word' id='word_1_857' title='bbox 3644 4945 3735 5001; x_wconf 82' lang='lat' dir='ltr'><strong>Fi-</strong></span> <span class='ocrx_word' id='word_1_858' title='bbox 3813 4961 3816 4964; x_wconf 72' lang='lat'><strong><em>&#39;</em></strong></span> 
     </span>
    </p>
   </div>
   <div class='ocr_carea' id='block_1_88' title="bbox 2072 5032 3736 5105">
    <p class='ocr_par' dir='ltr' id='par_1_88' title="bbox 2072 5032 3736 5105">
     <span class='ocr_line' id='line_1_89' title="bbox 2072 5032 3736 5105; baseline 0.001 -16"><span class='ocrx_word' id='word_1_859' title='bbox 2072 5032 2209 5090; x_wconf 91' lang='lat' dir='ltr'><strong>lius.</strong></span> <span class='ocrx_word' id='word_1_860' title='bbox 2235 5033 2380 5090; x_wconf 90' lang='lat' dir='ltr'><strong>Item</strong></span> <span class='ocrx_word' id='word_1_861' title='bbox 2401 5033 2486 5090; x_wconf 92' lang='lat' dir='ltr'><strong>sic</strong></span> <span class='ocrx_word' id='word_1_862' title='bbox 2502 5037 2670 5090; x_wconf 89' lang='lat' dir='ltr'><strong>Pater</strong></span> <span class='ocrx_word' id='word_1_863' title='bbox 2689 5033 2855 5090; x_wconf 91' lang='lat' dir='ltr'><strong>novit</strong></span> <span class='ocrx_word' id='word_1_864' title='bbox 2873 5048 3011 5105; x_wconf 74' lang='lat' dir='ltr'><strong>quae</strong></span> <span class='ocrx_word' id='word_1_865' title='bbox 3029 5036 3284 5088; x_wconf 89' lang='lat' dir='ltr'><strong>ventura</strong></span> <span class='ocrx_word' id='word_1_866' title='bbox 3309 5037 3450 5090; x_wconf 88' lang='lat' dir='ltr'><strong>sunt</strong></span> <span class='ocrx_word' id='word_1_867' title='bbox 3477 5034 3736 5090; x_wconf 91' lang='lat' dir='ltr'><strong>novissi-</strong></span> 
     </span>
    </p>
   </div>
   <div class='ocr_carea' id='block_1_89' title="bbox 2073 5119 3735 5194">
    <p class='ocr_par' dir='ltr' id='par_1_89' title="bbox 2073 5119 3735 5194">
     <span class='ocr_line' id='line_1_90' title="bbox 2073 5119 3735 5194; baseline -0.001 -15"><span class='ocrx_word' id='word_1_868' title='bbox 2073 5122 2190 5179; x_wconf 91' lang='lat' dir='ltr'><strong>mis</strong></span> <span class='ocrx_word' id='word_1_869' title='bbox 2219 5121 2458 5191; x_wconf 89' lang='lat' dir='ltr'><strong>diebus,</strong></span> <span class='ocrx_word' id='word_1_870' title='bbox 2506 5125 2563 5179; x_wconf 91' lang='lat' dir='ltr'><strong>et</strong></span> <span class='ocrx_word' id='word_1_871' title='bbox 2588 5137 2709 5179; x_wconf 90' lang='lat' dir='ltr'><strong>non</strong></span> <span class='ocrx_word' id='word_1_872' title='bbox 2741 5121 3046 5194; x_wconf 89' lang='lat' dir='ltr'><strong>Sapientia</strong></span> <span class='ocrx_word' id='word_1_873' title='bbox 3087 5119 3237 5192; x_wconf 91' lang='lat' dir='ltr'><strong>ejus,</strong></span> <span class='ocrx_word' id='word_1_874' title='bbox 3269 5119 3333 5176; x_wconf 92' lang='lat' dir='ltr'><strong>id</strong></span> <span class='ocrx_word' id='word_1_875' title='bbox 3363 5125 3471 5186; x_wconf 91' lang='lat' dir='ltr'><strong>est,</strong></span> <span class='ocrx_word' id='word_1_876' title='bbox 3530 5121 3735 5191; x_wconf 84' lang='lat' dir='ltr'><strong>Filius,</strong></span> 
     </span>
    </p>
   </div>
   <div class='ocr_carea' id='block_1_90' title="bbox 2072 5211 2743 5285">
    <p class='ocr_par' dir='ltr' id='par_1_90' title="bbox 2072 5211 2743 5285">
     <span class='ocr_line' id='line_1_91' title="bbox 2072 5211 2743 5285; baseline -0.001 -17"><span class='ocrx_word' id='word_1_877' title='bbox 2072 5211 2169 5269; x_wconf 89' lang='lat' dir='ltr'><strong>vel</strong></span> <span class='ocrx_word' id='word_1_878' title='bbox 2194 5211 2445 5285; x_wconf 87' lang='lat' dir='ltr'><strong>Spiritus</strong></span> <span class='ocrx_word' id='word_1_879' title='bbox 2471 5215 2743 5268; x_wconf 89' lang='lat' dir='ltr'><strong>sanctus.</strong></span> 
     </span>
    </p>
   </div>
   <div class='ocr_carea' id='block_1_91' title="bbox 2143 5298 3735 5373">
    <p class='ocr_par' dir='ltr' id='par_1_91' title="bbox 2143 5298 3735 5373">
     <span class='ocr_line' id='line_1_92' title="bbox 2143 5298 3735 5373; baseline 0.002 -17"><span class='ocrx_word' id='word_1_880' title='bbox 2143 5301 2290 5358; x_wconf 90' lang='lat' dir='ltr'><strong>Item</strong></span> <span class='ocrx_word' id='word_1_881' title='bbox 2319 5320 2332 5359; x_wconf 90' lang='lat'><strong>:</strong></span> <span class='ocrx_word' id='word_1_882' title='bbox 2369 5301 2511 5368; x_wconf 86' lang='lat' dir='ltr'><strong>Quis</strong></span> <span class='ocrx_word' id='word_1_883' title='bbox 2538 5304 2628 5358; x_wconf 92' lang='lat' dir='ltr'><strong>est</strong></span> <span class='ocrx_word' id='word_1_884' title='bbox 2646 5301 2756 5357; x_wconf 91' lang='lat' dir='ltr'><strong>iste</strong></span> <span class='ocrx_word' id='word_1_885' title='bbox 2784 5299 3033 5372; x_wconf 85' lang='lat' dir='ltr'><strong>Spiritus</strong></span> <span class='ocrx_word' id='word_1_886' title='bbox 3062 5298 3212 5366; x_wconf 88' lang='lat' dir='ltr'><strong>Filii,</strong></span> <span class='ocrx_word' id='word_1_887' title='bbox 3243 5314 3430 5373; x_wconf 91' lang='lat' dir='ltr'><strong>quem</strong></span> <span class='ocrx_word' id='word_1_888' title='bbox 3459 5301 3735 5360; x_wconf 87' lang='lat' dir='ltr'><strong>immittit</strong></span> 
     </span>
    </p>
   </div>
   <div class='ocr_carea' id='block_1_92' title="bbox 2072 5389 3727 5464">
    <p class='ocr_par' dir='ltr' id='par_1_92' title="bbox 2072 5389 3727 5464">
     <span class='ocr_line' id='line_1_93' title="bbox 2072 5389 3727 5464; baseline 0 -16"><span class='ocrx_word' id='word_1_889' title='bbox 2072 5392 2249 5450; x_wconf 89' lang='lat' dir='ltr'><strong>Pater</strong></span> <span class='ocrx_word' id='word_1_890' title='bbox 2266 5392 2330 5449; x_wconf 89' lang='lat' dir='ltr'><strong>in</strong></span> <span class='ocrx_word' id='word_1_891' title='bbox 2353 5390 2542 5449; x_wconf 89' lang='lat' dir='ltr'><strong>corda</strong></span> <span class='ocrx_word' id='word_1_892' title='bbox 2559 5389 2934 5448; x_wconf 89' lang='lat' dir='ltr'><strong>credentium</strong></span> <span class='ocrx_word' id='word_1_893' title='bbox 2953 5390 2980 5446; x_wconf 90' lang='lat'><strong>?</strong></span> <span class='ocrx_word' id='word_1_894' title='bbox 3001 5389 3303 5464; x_wconf 91' lang='lat' dir='ltr'><strong>numquid</strong></span> <span class='ocrx_word' id='word_1_895' title='bbox 3325 5389 3480 5447; x_wconf 88' lang='lat' dir='ltr'><strong>alius</strong></span> <span class='ocrx_word' id='word_1_896' title='bbox 3504 5390 3614 5448; x_wconf 92' lang='lat' dir='ltr'><strong>erit</strong></span> <span class='ocrx_word' id='word_1_897' title='bbox 3646 5391 3727 5448; x_wconf 91' lang='lat' dir='ltr'><strong>ab</strong></span> 
     </span>
    </p>
   </div>
   <div class='ocr_carea' id='block_1_93' title="bbox 2085 5513 3726 5586">
    <p class='ocr_par' dir='ltr' id='par_1_93' title="bbox 2085 5513 3726 5586">
     <span class='ocr_line' id='line_1_94' title="bbox 2085 5513 3726 5586; baseline -0.002 -14"><span class='ocrx_word' id='word_1_898' title='bbox 2085 5517 2127 5551; x_wconf 83' lang='grc'><strong>²⁷</strong></span> <span class='ocrx_word' id='word_1_899' title='bbox 2164 5517 2300 5572; x_wconf 87' lang='lat' dir='ltr'><strong>Luc:</strong></span> <span class='ocrx_word' id='word_1_900' title='bbox 2333 5531 2488 5581; x_wconf 79' lang='lat' dir='ltr'><strong>xxw,</strong></span> <span class='ocrx_word' id='word_1_901' title='bbox 2520 5517 2608 5571; x_wconf 78' lang='grc'><strong>49.</strong></span> <span class='ocrx_word' id='word_1_902' title='bbox 2688 5513 2735 5548; x_wconf 69' lang='grc'><strong>³⁸</strong></span> <span class='ocrx_word' id='word_1_903' title='bbox 2768 5513 2906 5586; x_wconf 86' lang='lat' dir='ltr'><strong>Luc.</strong></span> <span class='ocrx_word' id='word_1_904' title='bbox 2931 5527 3011 5583; x_wconf 87' lang='lat' dir='ltr'><strong>1v,</strong></span> <span class='ocrx_word' id='word_1_905' title='bbox 3041 5519 3132 5570; x_wconf 80' lang='lat'><strong>22.</strong></span> <span class='ocrx_word' id='word_1_906' title='bbox 3209 5517 3257 5550; x_wconf 66' lang='lat'><strong>&#39;9</strong></span> <span class='ocrx_word' id='word_1_907' title='bbox 3287 5515 3459 5572; x_wconf 82' lang='lat' dir='ltr'><strong>Joan.</strong></span> <span class='ocrx_word' id='word_1_908' title='bbox 3499 5531 3598 5586; x_wconf 78' lang='lat' dir='ltr'><strong>xx,</strong></span> <span class='ocrx_word' id='word_1_909' title='bbox 3631 5516 3726 5570; x_wconf 81' lang='lat' dir='ltr'><strong>2t.</strong></span> 
     </span>
    </p>
   </div>
   <div class='ocr_carea' id='block_1_94' title="bbox 2583 5585 3730 5657">
    <p class='ocr_par' dir='ltr' id='par_1_94' title="bbox 2583 5585 3730 5657">
     <span class='ocr_line' id='line_1_95' title="bbox 2583 5585 3730 5657; baseline -0.003 -13"><span class='ocrx_word' id='word_1_910' title='bbox 2583 5586 2631 5621; x_wconf 68' lang='grc'><strong>⁸⁸</strong></span> <span class='ocrx_word' id='word_1_911' title='bbox 2660 5585 2860 5644; x_wconf 82' lang='lat' dir='ltr'><strong>Matth.</strong></span> <span class='ocrx_word' id='word_1_912' title='bbox 2893 5601 3056 5657; x_wconf 69' lang='lat' dir='ltr'><strong>xxxv,</strong></span> <span class='ocrx_word' id='word_1_913' title='bbox 3086 5590 3178 5645; x_wconf 89' lang='lat'><strong>36.</strong></span> <span class='ocrx_word' id='word_1_914' title='bbox 3267 5587 3315 5623; x_wconf 63' lang='lat'><strong>35</strong></span> <span class='ocrx_word' id='word_1_915' title='bbox 3347 5586 3533 5645; x_wconf 88' lang='lat' dir='ltr'><strong>Galat.</strong></span> <span class='ocrx_word' id='word_1_916' title='bbox 3567 5585 3640 5650; x_wconf 81' lang='lat' dir='ltr'><strong>iv,</strong></span> <span class='ocrx_word' id='word_1_917' title='bbox 3675 5591 3730 5644; x_wconf 88' lang='lat'><strong>6.</strong></span> 
     </span>
    </p>
   </div>
  </div>
