4134 6394
420 344 527 405 ιθθ

1594 340 2074 400 PANTALEONIS
2112 338 2404 398 DIACONI
2439 337 2552 396 ΕΡ.

3741 334 3859 391 300

422 471 581 546 ipso,
604 470 679 528 de
712 484 834 545 quo
857 469 1148 543 scriptum
1171 471 1294 526 est:
1321 468 1579 539 Spiritus
1598 467 1892 534 veritatis,
1917 467 2022 540 qui
2040 481 2078 523 a
2110 466 2158 522 Α
2186 464 2353 539 quod
2381 478 2506 520 non
2538 461 2772 519 alienus
2826 462 2918 517 est
2967 459 3047 518 ab
3102 458 3363 516 essentia
3423 457 3548 517 Filii
3596 458 3863 533 Spiritus

419 562 610 619 Patre
651 559 925 630 procedit
964 560 1011 595 ³⁸
1036 560 1066 616 ?
1092 561 1236 615 Item
1269 559 1343 613 de
1373 574 1632 631 persona
1663 557 1853 614 Patris
1886 555 2079 614 Domi-

421 666 539 707 nus
562 649 623 705 in
641 648 965 719 Evangelio
977 648 1234 720 loquens
1259 647 1341 705 ait
1357 667 1368 704 :
1384 648 1451 703 Si
1464 648 1805 703 dimiseritis
1827 646 2076 703 homini-

422 739 528 795 bus
550 745 797 809 peecata
820 754 1045 808 eorum,
1070 739 1254 794 Pater
1266 743 1456 794 vester
1480 737 1736 793 dimittet
1758 736 1919 793 vobis
1938 750 2075 806 pec-

422 833 561 885 cata
586 832 785 886 vestra
803 828 851 863 3’
886 846 899 896 ;
928 832 986 883 et
1004 828 1219 883 iterum
1244 844 1256 881 :
1280 827 1630 896 Quicunque
1639 825 1852 896 lecerit
1870 826 2075 881 volun-

421 922 601 974 tatem
632 917 837 973 Patris
864 917 979 972 mei
1008 917 1113 989 qui
1133 918 1193 971 in
1215 916 1378 972 catis
1404 920 1489 971 est
1511 915 1559 949 ‘0
1579 957 1592 970 .
1623 913 1909 987 Nunquid
1938 917 1995 970 et
2013 913 2076 969 in

419 1005 515 1062 his
551 1020 817 1079 persona
842 1004 990 1074 Filii,
1025 1020 1147 1060 non
1176 1002 1522 1076 intelligitur
1549 1021 1563 1071 ;
1596 1019 1783 1077 quare
1814 1002 2074 1060 excludi-

419 1098 535 1165 tur,
567 1109 706 1150 cum
747 1093 984 1163 dicitur,
1035 1094 1298 1164 Spiritus
1334 1093 1625 1158 veritatis,
1670 1093 1843 1164 quia
1900 1095 2077 1149 Patre

411 1183 739 1252 procedit?
776 1181 1103 1254 praesertim
1149 1196 1287 1237 cum
1317 1180 1393 1237 de
1424 1196 1487 1236 se
1512 1178 1764 1236 Veritate
1792 1179 2077 1253 loquatur

421 1271 624 1340 Filius,
654 1275 836 1345 prout
858 1271 919 1327 in
945 1269 1428 1343 praecedentibus
1448 1269 1933 1326 demonstratum
1965 1274 2070 1325 est.

419 1359 591 1417 Nulla
621 1365 713 1417 est
735 1360 907 1430 ratio,
936 1360 1049 1415 nisi
1079 1360 1225 1433 quia
1255 1360 1340 1415 sic
1368 1359 1594 1433 placuit
1624 1360 1839 1416 Graecis
1867 1359 2077 1415 adver-

418 1449 539 1506 sari
589 1448 951 1506 volentibus.
982 1451 1407 1505 Verumtamen
1452 1448 1706 1505 ﬁrmiter
1752 1448 2075 1517 credimus,

417 1542 475 1596 et
502 1539 792 1596 catholice
823 1545 1119 1611 tenemus,
1145 1538 1309 1612 quod
1338 1538 1668 1612 aliquando
1689 1538 1872 1595 solius
1888 1539 2075 1595 Patris

414 1645 641 1688 nomen
671 1630 917 1703 ponitur
944 1631 1004 1686 in
1030 1629 1354 1699 locutione,
1381 1635 1439 1685 et
1461 1629 1652 1703 ipsius
1706 1629 1827 1686 Filii
1852 1645 2077 1687 nomen

414 1718 796 1790 intelligitur:
826 1724 885 1774 et
911 1718 1243 1792 aliquando
1272 1733 1498 1774 nomen
1527 1717 1654 1774 Filii
1693 1719 1755 1775 in
1809 1718 1905 1774 his
1954 1735 2077 1776 non

414 1807 792 1879 intelligitur,
826 1808 918 1863 vel
965 1807 1217 1882 Spiritus
1269 1807 1482 1875 sancti,
1540 1812 1598 1863 et
1643 1807 1792 1882 ipsis
1845 1812 2078 1865 tantum

414 1897 701 1970 personis
727 1897 1025 1964 convenit,
1055 1900 1113 1953 et
1132 1911 1255 1953 non
1282 1896 1459 1953 Patri.
1488 1896 1604 1953 Sed
1634 1902 1776 1953 tunc
1806 1898 2080 1954 conside-

411 2001 546 2043 rare
578 1989 833 2058 oportet,
886 1985 935 2041 si
964 1985 1026 2041 id
1055 1985 1223 2059 quod
1251 1985 1327 2041 de
1380 2002 1503 2041 una
1551 2002 1813 2059 persona
1842 1986 2079 2055 dicitur,

410 2075 603 2149 possit
617 2076 940 2131 convenire
951 2073 1106 2138 aliis,
1127 2074 1376 2132 servatis
1392 2076 1866 2150 proprietatibus
1881 2076 2085 2132 unius-

412 2162 709 2236 cujusque
738 2178 1013 2236 personae
1042 2164 1171 2218 sine
1202 2164 1581 2220 confusione.
1614 2163 1784 2221 Unde
1826 2165 2084 2221 dicimus

412 2253 576 2331 quod
610 2252 893 2326 quaedam
924 2253 1290 2309 conveniunt
1317 2253 1429 2310 soli
1458 2253 1627 2321 Patri,
1660 2254 1945 2327 quaedam
1969 2253 2085 2310 soli

413 2338 582 2409 Filio,
611 2340 891 2414 quaedam
924 2340 1033 2397 soli
1051 2341 1280 2413 spiritui
1300 2346 1528 2399 sancto.
1544 2342 1830 2407 Quaedam
1850 2343 2004 2399 Patri
2027 2347 2085 2399 et

413 2429 578 2496 Filio,
627 2434 684 2486 et
743 2429 985 2502 Spiritui
1018 2434 1254 2496 sancto,
1308 2436 1365 2488 et
1414 2431 1698 2504 quaedam
1750 2432 1935 2488 simul
1983 2432 2084 2488 tri-

410 2517 532 2576 bus
562 2519 861 2593 personis.
887 2519 1045 2576 Patri
1096 2525 1333 2576 tantum
1362 2522 1642 2577 convenit
1694 2521 1809 2577 hoc
1857 2537 2083 2578 nomen

407 2611 737 2680 ingenitus,
763 2609 1233 2679 inprineipiatus
1256 2615 1312 2667 et
1331 2613 1575 2681 genitor
1589 2632 1610 2676 ,-
1632 2611 1798 2683 Filio,
1821 2614 2084 2683 genitus,

417 2703 476 2756 et
491 2699 897 2769 principiatus
927 2716 940 2766 ;
968 2700 1211 2773 Spiritui
1246 2705 1457 2757 sancto
1479 2703 1807 2772 procedens
1839 2720 1853 2770 ;
1885 2707 1939 2758 et
1970 2702 2086 2758 hoc.

416 2804 665 2860 nomen,
723 2789 975 2862 Spiritus
1028 2795 1295 2857 sanctus,
1348 2792 1739 2864 appropriato
1786 2792 2087 2848 vocabulo

420 2878 576 2935 Patri
596 2881 652 2935 et
682 2879 825 2935 Filio
843 2885 935 2936 est
963 2896 1310 2947 commune,
1332 2885 1459 2937 tam
1481 2882 1817 2938 secundum
1849 2884 2086 2939 Graecos

423 2971 689 3033 sanctos,
718 2984 904 3042 quam
938 2970 1277 3027 secundum
1324 2972 1599 3039 Latinos;
1634 2972 1797 3038 dare,
1828 2973 2087 3041 mittere,

422 3061 482 3114 et
512 3057 745 3125 habere,
776 3063 834 3115 et
862 3060 1114 3132 spirare,
1152 3064 1366 3118 sancto
1398 3061 1639 3133 Spiritui
1679 3077 1826 3117 vero
1859 3066 1917 3117 et
1947 3060 2091 3117 Filio

2188 557 2457 624 sanctus,
2511 551 2622 608 sed
2662 550 2724 605 in
2754 549 2914 621 ipso,
2947 553 3006 604 et
3045 564 3119 605 ex
3146 549 3303 621 ipso,
3356 548 3534 621 quasi
3576 547 3862 621 operatio

2184 642 2465 713 quaedem
2483 638 2777 697 naturalis
2797 638 3025 695 ommia
3042 641 3259 712 potens
3279 636 3537 711 explere,
3556 652 3862 711 quacun-

2184 748 2298 805 que
2329 737 2387 789 et
2414 731 2560 787 vult.
2600 753 2622 780 ι

2257 832 2325 887 Et
2349 832 2488 903 post
2512 843 2730 902 pauca,
2762 826 2965 884 verbis
2994 826 3371 900 respondens
3399 826 3858 893 hereticorum,

2184 918 2534 988 dicentium,
2555 917 2839 991 Spiritum
2860 915 3280 988 imperfectum
3313 931 3464 983 esse,
3488 919 3547 971 et
3567 914 3720 971 nihil
3743 913 3864 969 ha-

2182 1007 2424 1065 bentem
2471 1023 2545 1063 ex
2591 1023 2676 1075 se,
2705 1005 2814 1062 sed
2844 1021 2916 1061 ex
2944 1004 3402 1078 participatione
3436 1005 3861 1069 exsistentem,

2183 1101 2431 1170 propter
2455 1096 2593 1162 hoc,
2652 1094 2818 1168 quod
2863 1094 2937 1148 de
2990 1094 3123 1166 ipso
3152 1094 3296 1150 dicit
3344 1093 3676 1149 Dominus:
3711 1092 3865 1148 Non

2185 1188 2343 1243 enim
2374 1187 2654 1257 loquetur
2679 1201 2714 1241 a
2742 1186 3051 1253 semetipso
3080 1184 3127 1219 "
3154 1228 3167 1252 ,
3197 1188 3335 1246 etc.,
3391 1182 3477 1238 sic
3510 1182 3593 1239 ait
3620 1200 3634 1238 :
3668 1205 3689 1231 ι
3722 1184 3868 1238 Non

2186 1276 2347 1333 enim
2370 1273 2786 1347 imperfectum
2812 1273 3096 1345 Spiritum
3126 1271 3457 1328 ostendens
3475 1272 3591 1328 hoc
3616 1270 3695 1327 de
3717 1270 3871 1343 ipso

2186 1364 2270 1420 ait
2311 1364 2600 1429 Salvator,
2659 1362 2766 1418 sed
2814 1367 2880 1417 ut
2931 1361 3128 1430 magis
3173 1359 3456 1417 certiticet
3513 1359 3865 1426 audientes,

2186 1453 2353 1526 quod
2388 1453 2658 1509 essentia:
2688 1451 2983 1508 exsistens
3031 1451 3184 1522 ejus,
3218 1465 3344 1506 non
3374 1449 3537 1506 aliud
3568 1448 3720 1522 quid
3768 1448 3871 1503 lo-

2186 1542 2410 1615 quitur,
2442 1558 2626 1614 quam
2660 1541 2826 1614 quod
2870 1540 2998 1613 ipse
3025 1538 3169 1606 vult,
3203 1544 3261 1595 et
3288 1553 3506 1595 sensus
3559 1538 3873 1595 exsistens

2188 1632 2318 1703 ejus
2366 1632 2539 1703 juxta
2580 1631 2645 1685 B.
2697 1629 2940 1685 Paulum
2971 1629 3271 1684 dicentem
3319 1628 3396 1684 de
3446 1627 3872 1700 SpirituzNos

2187 1735 2422 1777 sensum
2441 1720 2677 1777 Christi
2689 1719 2973 1775 habemus
2991 1719 3067 1772 ‘3:
3091 1716 3187 1773 ille
3199 1730 3447 1789 prorsus
3459 1716 3874 1772 rationabitur

2118 1818 2156 1871 Β
2190 1813 2246 1865 et
2267 1808 2587 1876 ordinabit,
2612 1824 2748 1883 qua:
2776 1813 2834 1864 et
2858 1807 3009 1879 ipse,
3037 1806 3211 1876 cujus
3237 1810 3326 1862 est
3350 1821 3587 1861 sensus.
3611 1807 3874 1877 Propter

2189 1898 2305 1969 hoc
2331 1897 2479 1955 nihil
2506 1914 2581 1954 ex
2610 1912 2672 1953 se
2701 1897 2837 1970 ipso
2870 1896 3157 1968 Spiritum
3186 1894 3533 1952 locuturum
3580 1894 3872 1951 afﬁrma-

2190 1988 2293 2053 vit,
2349 1987 2531 2059 quasi
2581 1986 2931 2055 dicat:Ego
2979 2000 3115 2039 sum
3167 1984 3383 2040 iterum
3435 1983 3541 2057 qui
3594 1984 3826 2055 loquor
3846 2001 3867 2048 κς

2190 2077 2352 2134 velut
2383 2077 2434 2132 si
2459 2081 2518 2133 et
2545 2076 2649 2149 qui
2674 2075 2737 2131 in
2761 2075 3009 2131 homine
3035 2078 3123 2131 est
3144 2088 3384 2142 sensus,
3411 2074 3577 2129 dicat
3603 2072 3678 2128 de
3715 2088 3870 2144 pro—

2193 2166 2443 2223 cedente
2464 2182 2537 2222 ex
2558 2182 2619 2221 se
2640 2166 2773 2238 ipso
2793 2164 3023 2220 ratione
3049 2181 3061 2218 :
3087 2166 3215 2220 Non
3237 2163 3517 2235 loquetur
3538 2179 3575 2218 a
3614 2178 3675 2217 se
3720 2163 3870 2234 ipso

2194 2255 2445 2328 aliquid,
2480 2254 2586 2310 sed
2615 2268 2998 2327 quaecunque
3030 2252 3233 2308 audiet
3258 2251 3550 2324 loquetur.
3584 2273 3615 2301 »

2265 2345 2335 2401 Et
2369 2343 2566 2400 statim
2594 2347 2736 2416 post
2767 2341 2971 2414 aliqua
3014 2340 3202 2396 verba
3230 2340 3579 2413 interposita
3608 2340 3692 2396 ait
3718 2355 3869 2396 san-

2195 2439 2323 2491 ctus
2346 2432 2633 2505 Cyrillus:
2668 2455 2689 2482 ι
2715 2431 2916 2488 Talem
2938 2430 3270 2503 quemdam
3292 2429 3659 2486 intellectum
3684 2445 3873 2501 opor-

2194 2530 2277 2582 tet
2303 2523 2572 2596 accipere
2603 2521 2676 2577 de
2710 2521 2930 2593 Spiritu
2962 2524 3193 2576 sancto.
3226 2522 3376 2575 Cum
3410 2519 3570 2574 enim
3611 2520 3873 2575 exsistat

2198 2612 2449 2688 Spiritus
2476 2616 2721 2667 sanctus
2750 2609 2981 2673 Christi,
3016 2610 3225 2665 omnia
3252 2624 3390 2680 quas
3419 2609 3545 2680 ipse
3594 2607 3872 2681 loquitur

2195 2701 2531 2775 discipulis,
2546 2716 2669 2756 non
2684 2700 3029 2771 inseparata
3039 2698 3312 2770 quadam
3325 2697 3624 2753 voluntate
3640 2696 3723 2751 ab
3761 2712 3865 2766 eo,

2195 2793 2255 2849 in
2278 2808 2402 2865 quo
2423 2796 2529 2859 est,
2550 2790 2817 2862 loquitur
2842 2807 2855 2844 :
2882 2788 2990 2843 sed
3011 2793 3307 2861 tanquam
3329 2803 3403 2842 ex
3420 2785 3676 2840 essentia
3692 2784 3864 2839 illius

2195 2880 2547 2938 naturaliter
2592 2877 2946 2951 procedens,
2975 2882 3033 2932 et
3064 2881 3250 2933 totam
3306 2876 3676 2931 voluntatem
3727 2874 3873 2945 ejus

2195 2969 2455 3037 habens,
2492 2969 2646 3023 sicut
2675 2971 2732 3022 et
2761 2966 3195 3038 operationem.
3232 2987 3254 3014 ι
3288 2963 3465 3030 Quod
3516 2966 3720 3019 autem
3770 2962 3875 3018 hic

2197 3058 2619 3116 transtulimus
2665 3056 3012 3127 procedens,
3064 3055 3126 3110 in
3171 3056 3375 3110 Graeco
3423 3052 3641 3109 dicitur
3677 3055 3869 3126 προίὸν

419 3162 747 3203 commune
797 3152 906 3211 est,
935 3148 1101 3221 quod
1128 3148 1314 3204 ambo
1345 3150 1640 3206 exsistunt
1667 3149 2028 3206 aeternaliter
2056 3165 2093 3205 a
2122 3175 2163 3231 ε
2203 3153 2259 3204 et
2278 3163 2351 3204 ex
2376 3147 2549 3203 dictis
2580 3148 2950 3210 sanctorum,
2984 3147 3041 3199 et
3061 3143 3121 3199 vi
3143 3143 3554 3231 grammaticae
3582 3140 3875 3231 mquipol-

421 3236 593 3291 Patre
623 3251 635 3290 :
663 3235 761 3290 hic
789 3250 898 3308 per
917 3237 1388 3307 processionem,
1418 3237 1513 3293 ille
1545 3243 1747 3294 autem
1775 3254 1882 3312 per
1918 3253 2095 3307 gene-

422 3323 747 3380 rationem.
771 3323 986 3381 Omnia
1002 3341 1146 3381 vero
1170 3325 1290 3381 alia
1307 3327 1708 3383 communiter
1728 3328 2096 3383 conveniunt

426 3410 619 3467 tribus
663 3412 959 3487 personis.
993 3415 1077 3469 Ea
1120 3429 1284 3483 ergo,
1317 3431 1453 3487 quae
1483 3431 1606 3471 non
1646 3416 1926 3472 auferunt
1952 3431 2095 3488 pro-

430 3501 768 3574 prietatem,
800 3517 911 3557 nec
939 3502 1322 3560 confundunt
1345 3504 1811 3573 distinctionem,
1843 3522 1968 3562 non
2007 3512 2097 3563 est

432 3605 698 3658 necesse,
753 3591 800 3647 si
849 3591 1129 3649 dicantur
1161 3592 1236 3649 de
1286 3609 1409 3650 una
1456 3599 1713 3663 tantum,
1764 3596 1931 3669 quod
1978 3596 2097 3652 alia

435 3684 683 3753 propter
710 3680 827 3736 hoc
860 3679 1234 3737 excludatur.
1266 3683 1416 3748 Quia
1446 3685 1506 3738 in
1548 3684 1767 3740 talibus
1811 3685 1947 3741 licet
1973 3700 2096 3740 non

434 3769 799 3835 nominetur,
833 3773 1036 3826 tamen
1070 3787 1311 3845 semper
1332 3772 1810 3845 subintelligitur.
1835 3775 1951 3830 etsi
1974 3790 2096 3830 non

440 3858 837 3931 speciﬁcetur,
870 3865 936 3916 ut
965 3860 1027 3915 in
1052 3861 1386 3934 praemissis
1407 3869 1496 3918 est
1524 3868 1857 3919 ostensum.

443 3948 611 4016 Quod
643 3949 904 4020 Spiritus
933 3956 1177 4024 sanctus
1197 3952 1467 4021 procedit
1504 3968 1541 4010 a
1573 3954 1751 4024 Filio,
1773 3955 2099 4012 secundum

869 4023 1190 4091 apostolos,
1220 4030 1273 4079 et
1310 4025 1570 4083 Graecos.

520 4217 774 4274 Ostenso
800 4215 981 4286 igitur
1005 4217 1172 4289 quod
1209 4216 1459 4290 Spiritus
1484 4220 1756 4292 procedit
1781 4237 1817 4277 a
1845 4221 1991 4277 Filio
2015 4237 2106 4276 se-

450 4305 719 4361 cundum
745 4304 1161 4375 Evangelium,
1184 4309 1519 4364 secundum
1538 4310 1705 4383 quod
1736 4310 1888 4365 sacri
1904 4310 2107 4365 docto-

2200 3238 2332 3294 lens
2381 3234 2756 3305 dignoscitur
2798 3242 2871 3285 τῶ
2902 3237 3295 3305 εκπορευόμινον
3326 3230 3659 3304 participio.
3683 3229 3866 3298 Cujus

2200 3324 2504 3400 participii
2529 3323 2784 3379 verbum
2807 3322 3024 3393 legitur
3051 3322 3114 3377 in
3146 3319 3490 3391 Evangelia,
3521 3319 3627 3375 ubi
3669 3333 3734 3374 ex
3759 3320 3870 3373 Pa-

2202 3420 2288 3471 tre
2318 3414 2460 3469 dicit
2492 3412 2776 3486 Spiritum
2804 3410 3148 3484 procedere.

2275 3513 2436 3568 Idem
2473 3515 2716 3566 sanctus
2741 3524 3050 3581 exponens
3086 3507 3269 3565 aliam
3299 3507 3684 3564 autoritatem
3707 3504 3879 3562 beati

2204 3601 2389 3671 Pauli,
2412 3600 2571 3655 idem
2594 3599 2805 3672 repetit
2826 3597 3033 3653 dicens
3056 3614 3069 3651 :
3099 3621 3118 3647 ‹
3145 3595 3359 3653 Scribit
3379 3596 3601 3652 Paulus
3618 3594 3880 3668 quibus-

2205 3691 2347 3746 dam
2365 3690 2571 3744 dicens
2595 3687 2789 3743 taliter
2812 3704 2824 3742 :
2852 3686 3108 3754 Notiﬁco
3125 3691 3322 3741 autem
3339 3686 3500 3741 vobis
3516 3685 3679 3756 quod
3697 3699 3880 3739 nemo

2209 3782 2453 3851 loquens
2469 3779 2529 3833 in
2551 3778 2788 3846 Spiritu
2800 3778 2905 3832 Dei
2939 3777 3085 3831 dicit
3106 3776 3431 3831 anathema
3442 3776 3585 3830 Jesu
3602 3791 3615 3828 :
3631 3781 3686 3830 et
3698 3789 3883 3829 nemo

2202 3874 2395 3940 potest
2410 3869 2623 3923 dicere:
2642 3869 2785 3922 Dom
2794 3867 2929 3921 inus
2938 3867 3109 3921 Jesus
3123 3866 3243 3920 nisi
3255 3867 3315 3920 in
3328 3865 3563 3932 Spiritu
3577 3870 3793 3919 sancto
3810 3864 3881 3915 “.

2211 3957 2586 4017 Manifestum
2620 3961 2709 4011 est
2742 3970 2905 4025 ergo,
2958 3954 3124 4026 quod
3177 3953 3282 4027 qui
3324 3953 3643 4027 participat
3698 3953 3890 4023 Spiri-

2211 4054 2340 4105 tum
2392 4050 2692 4109 sanctum,
2742 4044 2912 4100 novit
2940 4058 3069 4099 esse
3120 4042 3444 4098 Dominum
3496 4044 3704 4098 Jesum
3735 4060 3747 4097 :
3778 4041 3892 4115 qui

2214 4142 2417 4193 autem
2440 4148 2564 4190 non
2590 4133 2927 4207 participat,
2954 4134 3212 4202 ignorat.
3236 4130 3496 4196 Qualiter
3515 4131 3622 4203 qui
3641 4133 3893 4203 partici-

2214 4231 2320 4298 pat
2343 4224 2650 4296 Spiritum,
2675 4224 2839 4279 novit
2860 4238 2989 4277 esse
3006 4221 3326 4277 Dominum
3344 4222 3553 4275 Jesum
3571 4238 3584 4275 :
3604 4220 3757 4275 sicut
3782 4221 3898 4294 qui

2216 4313 2291 4369 de
2318 4312 2491 4368 melle
2537 4311 2888 4383 gustaverit,
2931 4311 3042 4366 scit
3069 4309 3236 4382 quod
3262 4307 3437 4364 dulce
3483 4314 3575 4364 est
3604 4308 3767 4364 mel:
3809 4310 3898 4366 sic

449 4411 543 4450 res
571 4394 751 4449 nobis
782 4401 1190 4466 exposuerunt
1214 4413 1226 4451 :
1254 4402 1455 4469 restat,
1500 4404 1557 4454 et
1610 4416 1858 4454 necesse
1890 4405 1997 4464 est.
2045 4406 2112 4456 ut
2218 4408 2276 4459 et
2296 4402 2546 4473 Spiritus
2570 4400 2911 4473 participes.
2939 4401 3091 4470 Ergo
3112 4415 3185 4453 ex
3207 4400 3466 4453 essentia
3488 4397 3608 4453 Filii
3630 4399 3896 4469 Spiritus

452 4484 515 4540 in
546 4481 821 4556 pluribus
857 4483 1189 4540 mendaciis
1246 4486 1575 4543 adversarli
1602 4488 1869 4544 veritatis
1900 4489 2110 4562 depre-
2143 4521 2188 4575 Ι)
2221 4495 2466 4548 sanctus
2487 4490 2747 4563 qualitas
2769 4488 3160 4562 quaedam,ut
3180 4488 3261 4542 ita
3280 4486 3575 4551 dicamus,
3601 4486 3895 4544 Domina-

454 4572 650 4638 hensi,
703 4586 913 4628 eorum
943 4574 1373 4632 assertionibus
1402 4576 1571 4632 nulla
1598 4576 1672 4632 de
1703 4582 1916 4634 caetero
1963 4578 2113 4634 ﬁdes
2143 4572 2175 4575 ”
2222 4579 2400 4637 tionis
2427 4579 2626 4634 omnis
2660 4578 2779 4634 Dei.
2815 4601 2843 4628 »

457 4659 837 4718 adhibeatur.

2297 4668 2548 4741 Cyrillus
2566 4667 2625 4723 in
2651 4682 2830 4722 serm.
2848 4671 2902 4736 2,
2929 4665 3007 4722 ad
3026 4664 3331 4721 Hermiam
3350 4666 3453 4735 (3).
3490 4680 3713 4737 parum
3750 4672 3901 4721 ante

531 4748 783 4822 Cyrillus
826 4750 908 4807 ita
952 4767 1267 4825 exponens
1307 4752 1467 4809 istud
1519 4753 1798 4815 verbum.
1847 4756 2013 4829 quod
2054 4757 2116 4813 in
2225 4756 2495 4816 medium
2525 4773 2707 4829 super
2731 4757 2813 4825 id,
2846 4757 3001 4812 Ecce
3019 4771 3115 4825 ego
3147 4755 3440 4810 vobiscum
3468 4770 3597 4809 sum
3627 4754 3719 4819 δι’,
3750 4760 3899 4826 etc.,

459 4838 708 4895 Actibus
738 4842 1157 4914 apostolorum
1189 4842 1455 4914 positum
1486 4847 1575 4899 est
1601 4861 1614 4898 :
1637 4844 2120 4902 Ministrantibus
2229 4847 2374 4903 dicit
2410 4864 2421 4901 :
2469 4869 2488 4895 ι

2547 4845 2696 4902 Misit
2770 4845 2945 4899 nobis
3006 4845 3181 4899 Filius
3250 4844 3324 4898 de
3402 4842 3552 4899 malo
3620 4843 3900 4901 Paracle—

459 4935 659 4987 autem
686 4932 959 5003 Domino,
981 4940 1034 4987 et
1047 4931 1491 5002 jejunantibus,
1515 4932 1673 4989 dixit
1696 4934 1957 5004 Spiritus
1988 4952 2121 4992 san-

460 5023 589 5075 ctus
609 5035 632 5076 .'
648 5019 959 5092 Segretate
977 5020 1131 5077 mihi
1154 5019 1490 5077 Bernabam
1514 5028 1569 5079 et
1589 5023 1843 5079 Saulum
1865 5026 1905 5060 “
1918 5025 2021 5091 ,ita
2039 5024 2123 5081 di-

461 5106 571 5164 cit:
601 5129 629 5159 ‹‹
664 5110 721 5167 Si
745 5109 927 5181 igitur
947 5113 1202 5164 vocante
1227 5107 1394 5182 ipsos
1429 5110 1487 5165 in
1510 5111 1850 5184 apostolatu
1884 5114 2122 5187 Spiritu,

460 5213 499 5254 a
521 5199 665 5255 Iesu
713 5201 958 5255 vocatos
990 5212 1095 5254 eos
1130 5197 1361 5266 dicunt,
1420 5200 1760 5257 ostenditur
1788 5205 2123 5266 manifeste.

2230 4943 2377 5009 tum,
2437 4953 2546 5009 per
2619 4953 2799 5010 quem
2861 4936 3023 4991 etin
3072 4951 3254 5007 quem
3314 4934 3656 5001 nobiscum,
3718 4939 3776 4989 et
3841 4936 3901 4991 in

2232 5027 2411 5085 nobis
2427 5032 2695 5082 moratur
2722 5044 2733 5080 :
2761 5041 2881 5081 non
2906 5024 3167 5080 alienum
3191 5024 3312 5079 sive
3336 5033 3687 5079 extraneum
3711 5025 3903 5081 nobis

2235 5116 2574 5184 effundens,
2598 5114 2700 5171 sed
2729 5114 3001 5170 essentiae
3021 5129 3164 5180 suae,
3184 5117 3240 5169 et
3260 5113 3452 5168 Patris
3469 5127 3744 5184 personae
3769 5115 3902 5186 Spi-

2233 5209 2435 5264 ritum.
2466 5228 2491 5255 ν

534 5378 581 5453 ξε
604 5379 755 5453 toan
782 5393 880 5444 xv,
906 5380 998 5436 26.
1027 5379 1125 5453 __”
1149 5377 1350 5453 Matth.
1376 5395 1457 5446 v1,
1495 5383 1581 5436 14.
1659 5381 1708 5415 ⁸ο
1739 5380 1935 5438 Matth.
1969 5398 2071 5453 xu,
2101 5388 2190 5442 50.

2286 5386 2332 5420 ‘1
2361 5388 2489 5442 Act.
2518 5399 2637 5451 xm,
2668 5389 2702 5439 2
2802 5384 2852 5421 δ’
2879 5382 3053 5439 Joan.
3080 5398 3195 5454 xxv,
3227 5383 3314 5438 to.
3408 5382 3457 5416 ⁸⁸
3488 5384 3509 5436 ῐ
3540 5383 3671 5439 Cor.
3706 5396 3768 5448 ιι,
3806 5386 3898 5438 16.

464 5450 511 5493 ti
542 5451 565 5503 l
595 5450 726 5505 Cor.
758 5465 856 5517 xu,
890 5453 943 5505 3.
1021 5451 1069 5486 ⁴⁶
1098 5450 1296 5508 Matth.
1330 5467 1533 5509 xxvur.

463 5571 912 5701 ﬁggagilaliiﬁvu
939 5574 1015 5632 de
1049 5575 1265 5645 Trinit.
1307 5575 1370 5634 in
1397 5592 1522 5677 quo
1551 5575 1845 5667 probatur
1872 5578 2202 5689 divinitatis
2235 5578 2486 5654 Spiritus
2518 5579 2732 5651 sancti,
2763 5579 2917 5671 sicut
2944 5579 3005 5701 in
3036 5593 3142 5635 sex
3169 5577 3476 5673 prioribus
3514 5576 3776 5663 dialogis
3806 5576 3897 5655 di-
