2067 3203
10 52 12 54 '
263 59 273 69 ι.
291 56 306 68 ,ν
330 59 334 63 ς
362 43 440 66 1“"?
458 44 467 50 ⁷“
487 54 489 59 ι
542 43 546 46 ”

135 66 143 77 ‘
172 73 178 83 Α
197 83 203 85 Δ
229 69 314 85 -Ιιλ,’-
422 72 441 85 ’⁸

126 180 186 216 σοι
836 177 977 209 conm
994 175 1156 208 caecos.
1804 168 1862 205 sos

166 244 437 277 mm
445 243 649 274 Antioohenus
666 242 840 280 patriarcha
849 242 881 271 in
889 248 969 280 pree-
987 243 1011 271 Α
1027 241 1129 271 Sancti
1140 240 1240 270 hocin
1250 239 1395 277 Symbolo
1409 247 1473 269 non
1495 240 1675 275 posuerunt,
1703 238 1780 277 quia
1800 238 1861 267 mi-

126 287 405 324 me
418 290 501 318 recta
513 287 637 317 veritate
651 287 830 323 dogmatum
845 287 887 315 sic
903 287 943 315 ait
959 295 966 314 :

130 346 156 362 κ
167 332 300 365 m
312 334 418 365 ωσι-α
428 333 503 368 ﬁde,
513 335 543 361 et
554 332 643 361 rectis
654 332 792 360 Ecclesiae
805 332 970 360 documen-

376 377 482 407 subtili
495 377 610 406 ratione
624 376 759 413 corporis
781 378 811 404 et
832 376 968 413 proprie-

131 421 425 457 uosmet,
438 424 587 459 tanquam
607 420 782 457 exemplum
809 420 971 449 distinctio-

131 466 400 498 ηωιωααω
414 473 624 504 personarum,
636 465 795 494 statuimus
808 472 862 501 per
874 472 970 493 mem-

128 514 265 542 brorum
272 511 501 550 proportionem
511 513 540 539 et
548 510 764 547 proprietatem
779 517 967 546 comparare.

128 554 392 594 Βίωνερϋίῐιιι
403 555 467 584 oris
479 557 556 591 ejus,
572 554 685 582 scilicet
699 554 760 589 Dei,
777 554 885 582 dicitur
909 553 971 590 Spi-

124 602 360 636 Htuimctus,
374 607 427 629 ore
437 599 598 628 exsistente
609 599 775 634 Unigenito.
797 600 830 626 Et
844 598 970 634 Spiritus

119 646 243 674 item
255 651 297 674 ex
308 644 379 681 ipso
391 643 572 680 procedens,
587 645 616 670 et
629 643 740 671 missus
759 650 821 671 non
839 642 940 670 solum
951 650 969 670 a

123 688 299 722 Rheam!
308 688 403 717 etiam
417 695 436 717 ι
447 688 530 716 Filio.
549 697 564 713 »

168 732 359 772 Epiphanius
372 733 463 770 Cypri
476 733 509 761 in
529 734 699 761 memorato
721 732 799 760 libro
819 734 969 760 Ancorato

124 777 395 815 do-pmcessione
416 777 543 814 Spiritus
566 785 585 805 θ,
611 776 681 804 Filio
707 776 779 804 talia
812 778 938 804 testatur
963 785 969 802 :

122 834 143 849 κ
172 822 304 860 Spiritus
341 823 423 852 enim
449 823 527 850 Deus
557 824 610 855 est,
644 824 673 849 et
706 822 831 857 Spiritus
867 821 969 855 Patris,

121 870 162 898 et
174 867 306 905 Spiritus
316 867 434 902 Christi,
457 874 521 895 non
534 866 703 895 secundum
730 866 865 902 aliquam
891 873 972 894 com-

1027 286 1109 316 nime
1118 285 1344 315 dubitaverunt.
1354 287 1419 314 Non
1426 285 1506 314 enim
1512 284 1729 323 proponebant
1737 283 1770 312 in
1783 283 1859 321 Sym

1026 331 1108 364 bolo,
1123 331 1172 359 vel
1183 330 1371 359 deﬁniebant
1385 330 1417 358 in
1427 330 1564 367 synodis,
1584 329 1643 358 nisi
1673 337 1710 358 ea
1736 336 1805 366 quae
1827 327 1861 356 in

1026 375 1227 412 quaestionem
1251 374 1291 403 ab
1313 374 1461 403 haereticis
1486 374 1690 407 vertebantur,
1718 375 1747 402 et
1769 379 1860 401 mun-

1026 419 1101 448 dum
1115 420 1163 448 vel
1177 418 1379 448 universalem
1391 419 1555 447 Ecclesiam
1570 418 1601 447 iu
1616 425 1749 446 errorem
1770 416 1861 445 duce-

1026 464 1110 493 bant.
1127 464 1211 493 Unde
1222 471 1279 492 nec
1304 463 1482 500 Symbolum
1510 464 1581 491 tunc
1599 461 1744 499 temporis
1771 468 1862 498 expo-

1027 509 1171 544 suissent,
1185 508 1244 536 nisi
1257 515 1309 536 eos
1328 507 1368 535 ad
1392 507 1459 536 haec
1486 507 1696 535 haereticorum
1727 504 1862 542 pravitas

1027 553 1230 590 compulisset.
1260 552 1344 580 Unde
1366 551 1398 580 in
1410 551 1510 588 prima
1524 554 1554 580 et
1567 553 1672 580 sancta
1697 547 1863 579 universali

1027 599 1157 636 synodo,
1167 606 1236 636 quae
1248 598 1305 626 sub
1317 597 1508 626 sanctissimo
1520 605 1605 634 papa
1615 596 1776 634 Sylvestro,
1787 596 1863 623 tem-

1027 652 1100 681 pore
1116 642 1303 672 Constantini
1316 642 1474 679 principis,
1499 650 1518 671 a
1531 641 1672 671 trecentis
1692 638 1862 670 octodecim

1028 689 1167 718 Patribus
1182 688 1294 716 sanctis
1317 687 1349 715 in
1376 686 1532 723 provincia
1559 685 1716 723 Bithyniae,
1743 683 1862 713 civitate

1028 734 1137 763 Nicaea.
1153 734 1258 761 contra
1272 731 1489 768 impiissimum
1506 730 1620 767 dogma
1633 730 1704 766 Arii,
1728 728 1857 768 dicentis

1028 778 1134 807 Filium
1149 777 1201 805 Dei
1217 765 1331 805 factum
1353 778 1386 808 et,
1402 765 1562 811 creatum;
1574 777 1619 804 est
1645 765 1807 808 celebrata,
1817 765 1862 802 nil

1028 823 1111 852 aliud
1128 823 1309 851 deﬁnierunt
1323 822 1361 850 de
1377 821 1487 858 Spiritu
1503 822 1617 852 sancto,
1631 819 1690 848 nisi
1718 818 1802 856 quod
1828 817 1862 846 in

1028 869 1096 905 ipso
1110 867 1191 896 credi
1205 866 1324 901 debeat,
1343 868 1373 895 et
1387 865 1471 906 quod
1487 865 1524 895 sit
1547 864 1706 898 Dominus,
1732 864 1762 892 et
1786 861 1862 893 vivis

121 913 329 950 Win,
354 911 618 948 quemadmodum
644 911 676 938 in
691 910 778 938 nobis
805 918 917 947 corpus
942 912 972 938 et
992 916 1014 943 Β
1029 913 1135 941 ﬁcans.

127 957 258 987 om:
274 956 332 986 sed
344 956 490 985 inmedio
504 956 600 984 Patris
614 958 644 984 et
667 955 738 989 Filii,
768 963 805 983 ex
832 956 916 983 Patre
945 957 974 983 et

130 1001 225 1031 miti?
234 1013 255 1028 »η
276 1021 277 1024 η

169 1046 260 1076 Idem
277 1047 405 1076 sanctus
434 1046 467 1074 in
491 1046 568 1074 libro
594 1046 637 1073 De
659 1053 719 1073 una
744 1045 911 1073 Deitatezn
928 1045 975 1075 Ait

129 1098 213 1127 ergo
228 1091 339 1120 Petrus
364 1091 424 1125 his,
446 1090 500 1127 qui
523 1090 602 1118 circa
627 1089 776 1117 Ananiam
801 1090 906 1117 erant:
931 1090 971 1117 Ut

132 1135 389 1171 quid~tantltvos
413 1136 539 1164 Satanas
554 1134 673 1162 mentiri
688 1133 808 1169 Spiritui
835 1135 939 1161 sancto
952 1134 966 1161 ?

134 1181 203 1208 Non
215 1179 288 1209 estis
301 1179 420 1208 mentiti
441 1179 626 1213 hominibus,
654 1179 708 1206 sed
738 1180 808 1207 Deo.
826 1189 836 1202 ι
868 1179 945 1213 Ergo
962 1186 968 1205 :

135 1235 152 1250 κ
169 1224 396 1255 Multam
410 1226 439 1253 et
454 1224 526 1252 Filio
541 1224 675 1260 Spiritus,
696 1223 745 1251 cui
765 1223 879 1251 mentiti
890 1225 971 1255 sunt,

134 1268 195 1306 qui
209 1268 358 1306 “ﬁctio
370 1268 600 1298 fraudaverunt.
616 1279 626 1292 ι

174 1316 251 1342 item
266 1314 419 1343 beodem
447 1320 558 1350 opere:
573 1323 588 1337 α
611 1312 675 1340 Vita
703 1314 765 1340 tota
789 1312 877 1345 Deus,
902 1318 973 1346 ergo

133 1359 199 1387 vita
214 1357 430 1388 exvlh‘ﬁlius
448 1367 455 1386 :
470 1358 536 1393 Ego
563 1358 651 1390 enim,
681 1357 789 1393 inquit,
819 1364 885 1384 sum
910 1357 969 1390 via,

132 1403 383 1434 seruaret-sim.
399 1402 526 1439 Spiritus
541 1402 622 1430 enim
637 1404 760 1429 sanctus
772 1401 811 1428 ab
821 1400 973 1428 ambobus

136 1447 313 1484 Spiritum“
321 1446 394 1485 vita.
406 1448 482 1476 Nam
495 1446 620 1482 Spiritus
636 1446 714 1473 Deus
726 1449 779 1473 est.
798 1455 811 1469 ι

178 1492 214 1520 It
225 1491 346 1523 item.
359 1484 538 1528 «Numquid
550 1491 679 1518 dicimus
689 1491 767 1518 duos
778 1497 844 1518 esse
855 1489 942 1517 Filios
957 1490 971 1517 ?

138 1537 176 1564 Et
188 1535 558 1573 quomodo'Unigenitus?
576 1535 650 1568 imo,
666 1537 697 1562 tu
713 1535 782 1571 quis
798 1543 840 1567 es,
865 1535 917 1570 qui
929 1542 973 1563 re-

133 1580 295 1618 spondeas
304 1581 363 1609 Deo
371 1579 387 1608 Ἰ
397 1581 426 1610 Si
441 1580 545 1608 Filium
556 1580 679 1616 quidem
691 1581 787 1612 vocat,
796 1579 825 1606 id
835 1582 888 1613 est,
899 1587 968 1615 pro-
986 1592 1005 1619 ρ

129 1625 213 1654 cedit
221 1630 261 1654 et
269 1632 312 1659 se,
326 1625 470 1662 Spiritum
481 1632 552 1652 vero
564 1627 702 1652 sanctum
715 1632 752 1651 ex
765 1623 917 1651 ambobus
928 1624 941 1651 ‘2
955 1634 968 1648 »

167 1669 248 1703 Quid
263 1669 483 1705 ergodioemus
498 1670 514 1697 ‘I
535 1669 640 1697 Adhuc
662 1676 787 1703 egemus
817 1669 941 1696 testibus
955 1669 968 1696 ?

132 1713 315 1743 Audivimus
343 1715 514 1742 Graecorum
533 1713 745 1749 blasphemias
773 1713 964 1740 dicentium:

133 1758 404 1795 Spiritus-sanctus
421 1765 485 1786 non
500 1758 636 1794 procedit
652 1765 670 1785 θ.
683 1757 765 1790 Filio,
781 1757 853 1793 quia
875 1757 969 1793 perfe-

130 1802 489 1840 oteproceditaPatre:
516 1802 605 1838 quasi
630 1802 720 1830 etiam
745 1809 807 1829 non
839 1802 969 1837 perfecte

132 1848 273 1878 tam
283 1850 314 1877 et
326 1847 415 1876 detur
428 1855 447 1875 Β.
462 1846 534 1875 Filio
544 1847 558 1874 ‘I

170 1891 334 1929 Ita-slum
347 1892 493 1929 procedit,
508 1892 658 1928 inquiunt,
672 1900 690 1919 a
707 1891 790 1925 Filio,
813 1891 886 1927 quia
908 1891 969 1919 duo

130 1939 357 1970 omnem,
374 1939 403 1965 et
413 1937 474 1964 duo
486 1936 646 1972 principia.
659 1938 735 1969 Ergo
749 1944 819 1963 cum
840 1936 968 1971 Scriptu-

130 1981 536 2016 rcmetlivangelium
569 1981 674 2008 Filium
704 1980 887 2016 principium
917 1981 970 2008 sci-

131 2026 204 2054 licet
215 2025 413 2063 depﬁneipio
427 2026 596 2059 nominent,
612 2028 642 2052 ut
656 2025 749 2052 illud:
777 2026 840 2060 Ego
856 2026 969 2059 princi-

128 2079 230 2106 pium;
241 2072 296 2107 qui
307 2074 338 2100 et
355 2071 462 2107 loquor
474 2070 554 2098 vobis
566 2070 599 2096 t5.
619 2072 649 2097 Et
677 2070 835 2098 Psalmista
850 2078 856 2096 :
875 2069 913 2096 Et
932 2072 965 2097 tu

128 2117 164 2144 in
176 2116 343 2151 Wo,
361 2116 497 2150 Domine,
512 2118 625 2143 terram
641 2115 783 2149 fundasti
793 2115 826 2142 ⁸⁸.

167 2160 344 2195 Idem,non
354 2160 524 2196 procedunt
543 2167 612 2195 quae
640 2159 753 2191 dicunt,
779 2159 861 2194 quod
887 2159 970 2187 Chri-

130 2208 200 2234 stus
225 2205 295 2234 lino
316 2205 421 2240 tacuit,
449 2204 578 2241 apostoli
607 2212 668 2231 non
691 2204 837 2238 dixerunt,
869 2204 966 2232 sancti

286 2249 346 2278 hoc
354 2249 398 2278 nil
410 2249 659 2286 praedicaverunt.
677 2248 734 2276 Sed
746 2256 780 2276 ex
802 2248 971 2284 praemissis
986 2266 1008 2293 Β

137 2293 376 2326 αιωὶιιίὴήὺυε,
402 2293 570 2322 mendaciis
590 2293 772 2328 eorumjam
797 2293 968 2328 patefactis,

133 2338 321 2368 restim
334 2338 494 2367 ostendere
514 2338 643 2374 qualiter
657 2340 686 2365 et
703 2338 734 2365 in
758 2338 804 2365 his
833 2346 902 2374 quae
926 2346 970 2366 se-

132 2383 361 2420 quuntur-uis
372 2382 543 2412 rationibus
558 2382 754 2410 mentiantur.

171 2428 395 2463 memorum:
412 2438 427 2453 α
444 2427 544 2457 Sancti
558 2429 658 2456 Patres
674 2427 707 2455 in
729 2427 864 2455 conciliis
880 2435 972 2463 super

128 2472 458 2503 hoenildeﬁnierunt:
475 2471 530 2500 sed
545 2474 694 2508 ponentes
708 2471 738 2500 in
755 2471 911 2507 Symbolo,
937 2479 973 2500 ea

129 2525 208 2556 quo
219 2519 293 2546 sunt
303 2517 474 2546 necessaria
487 2516 529 2544 ad
541 2516 680 2546 salutem.
697 2524 750 2544 eos
762 2516 815 2552 qui
826 2515 908 2544 aliud
921 2516 974 2544 ad-

132 2561 617 2594 M‘aoommunicaverunt;
633 2560 689 2588 sed
713 2568 768 2588 vos
787 2559 947 2588 addidistis
965 2569 971 2587 ε

130 2614 211 2643 ego
221 2606 294 2635 eatis
308 2605 577 2635 exeommunicati.
592 2615 607 2630 »

304 2664 305 2668 ‘
354 2658 516 2694 Responsio
529 2658 718 2687 Latinorum.

168 2703 219 2732 Ad
239 2703 326 2740 quod
343 2702 565 2739 respondentes
601 2702 731 2730 breviter
752 2702 795 2730 sic
819 2702 972 2730 dicimus:

137 2785 163 2803 “
177 2784 266 2813 Joan.
280 2783 351 2815 VIII,
366 2785 411 2811 25.
429 2783 453 2801 ⁵⁸
470 2782 538 2810 Psal
554 2782 597 2815 Cl,
613 2784 658 2810 26.

171 2847 216 2883 (4)
230 2846 298 2876 Fuit
319 2844 457 2883 synodus
482 2844 617 2873 secunda
630 2844 973 2882 Constantinopolitana.

119 3167 214 3195 ζμάιιέθ
233 3183 267 3194 νὰ-
307 3189 314 3194 s

1066 960 1097 985 in
1114 957 1248 986 secunda
1262 965 1335 986 vero
1350 957 1479 993 synodo,
1495 964 1562 993 quae
1577 956 1634 984 sub
1661 955 1752 983 beato
1778 961 1861 992 papa

1030 1004 1170 1037 Damaso,
1186 1005 1323 1039 tempore
1337 1002 1497 1031 Theodosii
1512 1001 1666 1038 principis,
1693 1008 1712 1029 θ.
1736 1001 1860 1028 centum

1030 1048 1252 1084 quinquaginta
1262 1047 1403 1075 Patribus
1411 1047 1441 1075 in
1449 1046 1523 1074 urbe
1529 1044 1861 1082 Constantinopolitana

1031 1095 1136 1120 contra
1149 1092 1368 1127 Macedonium,
1382 1091 1513 1128 praefata:
1524 1091 1608 1119 urbis
1618 1090 1807 1127 episcopum,
1818 1088 1862 1116 di-

1029 1140 1147 1165 centem
1162 1137 1303 1174 Spiritum
1319 1138 1459 1165 sanctum
1474 1136 1623 1164 minorem
1637 1137 1721 1163 Patre
1735 1136 1763 1163 et
1776 1133 1860 1169 Filio,

1030 1182 1077 1209 vel
1092 1184 1169 1210 certe
1185 1182 1357 1210 ministrum
1373 1181 1533 1216 Trinitatis,
1550 1180 1701 1209 celebrata
1728 1180 1782 1215 est,
1811 1178 1862 1206 de-

1029 1227 1172 1254 ﬁnierunt
1192 1227 1328 1263 praedicti
1349 1228 1460 1259 Patres,
1489 1225 1631 1262 Spiritum
1659 1232 1722 1253 non
1745 1224 1861 1252 factum

1030 1279 1086 1299 nec
1098 1273 1242 1302 creatum,
1255 1270 1310 1299 sed
1321 1271 1422 1307 potius
1438 1273 1614 1305 creatorem,
1631 1269 1670 1298 ab
1689 1269 1755 1306 ipso
1778 1268 1861 1298 fonte

1030 1316 1061 1343 in
1086 1315 1252 1350 Divinitate,
1277 1315 1374 1351 Patre,
1392 1317 1540 1351 tanquam
1566 1323 1585 1343 a
1611 1313 1757 1351 primaria
1782 1320 1861 1341 vena

1029 1360 1253 1396 procedentem.
1269 1360 1371 1388 Ethoc
1385 1360 1416 1388 in
1429 1359 1564 1388 secundo
1591 1358 1747 1395 Symbolo,
1776 1356 1861 1394 quod

1030 1404 1396 1440 Constantinopolitanum
1411 1403 1530 1437 dicitur,
1550 1403 1723 1439 diligentius
1738 1404 1860 1430 notave-

1028 1452 1107 1477 runt.
1121 1450 1195 1482 Quia
1209 1457 1281 1478 vero
1300 1457 1362 1477 non
1385 1449 1440 1477 fuit
1466 1448 1604 1486 quaestio,
1629 1448 1691 1476 sive
1718 1446 1858 1476 dubium:

1030 1495 1132 1522 Utrum
1147 1494 1272 1530 Spiritus
1288 1502 1306 1522 a
1320 1494 1390 1522 Filio
1408 1493 1595 1531 procederet,
1615 1491 1663 1520 vel
1680 1499 1744 1520 non
1757 1491 1772 1518 τ
1791 1498 1860 1519 san-

1028 1539 1066 1567 cti
1077 1539 1190 1572 Patres,
1208 1539 1284 1566 sicut
1297 1541 1325 1566 et
1338 1538 1434 1567 multa
1449 1537 1507 1566 alia
1523 1545 1593 1574 quae
1607 1535 1805 1573 postmodum
1826 1535 1860 1563 in

1024 1583 1090 1611 aliis
1105 1583 1240 1611 conciliis
1254 1583 1399 1611 catholice
1415 1582 1538 1611 deﬁnita
1549 1584 1628 1616 sunt,
1652 1581 1711 1609 sub
1740 1579 1859 1608 silentio

1024 1629 1217 1656 transierunt.
1232 1630 1377 1656 Processu
1398 1635 1470 1656 vero
1494 1627 1650 1663 temporis,
1674 1625 1859 1653 increscente

1024 1673 1230 1709 quorumdam
1240 1673 1363 1705 malitia,
1373 1673 1404 1700 in
1411 1671 1652 1701 Occidentalibus
1658 1670 1808 1707 partibus,
1815 1669 1858 1697 di-

1025 1717 1156 1745 centium
1173 1718 1316 1753 Spiritum
1332 1719 1472 1745 sanctum
1487 1724 1550 1745 non
1564 1715 1728 1753 procedere
1746 1723 1764 1743 a
1775 1714 1856 1747 Filio,

1025 1770 1081 1798 pro
1091 1770 1126 1790 eo
1140 1763 1223 1798 quod
1242 1763 1274 1790 in
1289 1762 1434 1799 Symbolo
1448 1770 1511 1790 non
1536 1762 1678 1798 ponatur,
1702 1758 1860 1795 aggregati

1025 1807 1055 1834 in
1072 1815 1168 1834 unum
1181 1807 1316 1843 episcopi
1331 1807 1453 1835 illarum
1479 1806 1623 1843 partium,
1638 1805 1676 1833 de
1685 1804 1806 1833 licentia
1828 1805 1858 1831 et

1026 1852 1202 1879 auctoritate
1214 1852 1324 1879 summi
1332 1851 1493 1888 pontiﬁcis,
1505 1851 1660 1879 veritatem
1670 1849 1751 1882 ﬁdei,
1763 1856 1858 1885 quam

1026 1900 1166 1924 tenemus
1185 1897 1215 1924 in
1239 1896 1386 1932 Symbolo
1403 1896 1604 1930 declarantes,
1632 1894 1747 1923 cantari
1766 1893 1859 1922 etiam

1025 1942 1083 1969 hoc
1096 1942 1126 1969 in
1139 1941 1270 1969 Ecclesia
1280 1941 1320 1969 ab
1334 1941 1478 1969 omnibus
1501 1940 1734 1968 mandaverunt.
1764 1938 1858 1967 Graeci

1025 1993 1098 2013 vero
1118 1988 1146 2013 et
1165 1986 1259 2013 czeleri
1280 1985 1445 2014 Orientales
1475 1984 1574 2013 vocati
1601 1991 1664 2012 non
1692 1984 1772 2017 sunt,
1805 1984 1858 2011 aut

1026 2030 1098 2065 quia
1112 2030 1202 2057 nimis
1227 2030 1391 2062 distabant,
1420 2031 1472 2058 aut
1500 2029 1573 2065 quia
1595 2036 1657 2057 non
1678 2026 1859 2056 dubitabant

1026 2074 1117 2102 etiam
1132 2075 1190 2102 hoc
1206 2074 1356 2103 adducere
1367 2074 1397 2102 in
1409 2074 1621 2111 quaestionem.

1062 2119 1149 2151 Quod
1164 2121 1266 2147 autem
1277 2119 1318 2147 eis
1329 2121 1400 2147 tunc
1414 2118 1541 2153 licuerit,
1553 2120 1581 2146 et
1594 2118 1682 2145 liceat
1695 2116 1786 2145 hodie
1805 2123 1859 2145 no«

1026 2163 1073 2192 bis
1089 2163 1204 2200 aliquid
1219 2164 1359 2200 scribere,
1385 2163 1560 2200 praedicare,
1573 2164 1602 2191 et
1616 2164 1748 2195 cantare,
1775 2160 1859 2198 quod

1026 2207 1057 2235 in
1070 2208 1215 2243 Symbolo
1223 2217 1285 2236 non
1292 2210 1530 2245 Pstexpressum,
1539 2207 1684 2236 docemur
1694 2214 1731 2235 ex
1738 2207 1858 2242 quarto,

1026 2252 1142 2288 quinto.
1155 2255 1249 2287 sexto,
1269 2254 1398 2290 septimo
1410 2253 1553 2288 conciliis,
1570 2260 1701 2288 quorum
1716 2250 1860 2288 quaedam

1026 2296 1187 2331 deﬁniunt,
1200 2298 1284 2333 quod
1297 2306 1359 2326 non
1374 2300 1420 2326 est
1439 2305 1615 2334 expressum
1637 2296 1669 2324 in
1694 2295 1839 2333 Symbolo
1850 2305 1859 2323 τ

1026 2346 1060 2369 ut
1073 2341 1111 2369 de
1125 2343 1217 2370 sacris
1228 2342 1425 2378 imaginibus,
1437 2350 1528 2379 super
1537 2342 1651 2379 quibus
1667 2341 1796 2378 septima
1805 2339 1862 2368 fuit

1028 2387 1174 2422 synodus,
1189 2387 1263 2415 nihil
1274 2388 1306 2415 in
1328 2387 1472 2424 Symbolo
1487 2387 1665 2416 continetur.
1684 2386 1731 2414 Sic
1744 2393 1800 2414 nec
1824 2384 1861 2413 de

1028 2430 1150 2459 duabus
1167 2432 1372 2462 voluntatibus
1387 2435 1416 2460 et
1434 2431 1664 2469 operationibus
1685 2431 1718 2459 in
1745 2429 1861 2459 Christo

1031 2476 1209 2512 Symbolum
1225 2477 1383 2506 manifeste
1398 2477 1588 2513 determinat,
1605 2476 1643 2504 de
1655 2475 1768 2513 quibus
1777 2475 1863 2504 sexta

1029 2521 1167 2558 synodus
1182 2522 1335 2556 deﬁnivit;
1351 2522 1392 2550 sic
1400 2530 1456 2550 nec
1468 2520 1643 2550 Theodorus
1662 2519 1861 2558 Mopsuestia,

1030 2576 1086 2596 nec
1113 2567 1288 2595 Theodoriti
1315 2567 1437 2603 scripta,
1453 2573 1521 2602 quae
1535 2567 1641 2593 contra
1662 2563 1788 2593 beatum
1807 2563 1862 2602 cy—

1029 2613 1130 2642 rillum
1141 2620 1207 2640 com
1213 2612 1323 2648 pasuit,
1331 2611 1515 2639 condemnat
1523 2609 1713 2647 Symbolum,
1721 2604 1862 2647 quamvis

1032 2657 1166 2686 secunda
1182 2655 1346 2685 universali
1360 2654 1478 2692 synodo
1495 2655 1532 2691 (1i)
1546 2654 1794 2683 condemnentur.
1815 2652 1862 2682 Sic

1029 2709 1086 2731 nec
1101 2702 1178 2730 duas
1198 2703 1322 2730 naturas
1348 2698 1523 2728 inconfusus
1548 2701 1577 2728 et
1602 2697 1806 2735 impermistas
1830 2697 1862 2731 in
