2067 3190
36 15 51 44 λ-
71 0 321 82 W
108 48 114 53 .,
308 4 355 53 .·⁶-Ι-
366 4 408 51 μ’
418 15 488 49 '5‘"
500 27 502 29 ’
516 8 565 35 ⁷71³
609 28 612 30 ‘

846 161 986 193 CONTRA
1003 161 1151 194 caecos
1779 158 1833 189 506

515 225 726 266 eorumquiin
737 226 843 255 Niciam
858 227 950 263 Sym-
965 226 989 254 A
1003 225 1081 276 rillo,
1110 232 1165 262 pro
1188 232 1224 253 eo
1262 223 1347 262 quod
1381 223 1423 278 in‘
1451 221 1589 260 pluribus
1627 220 1745 258 scriptis
1769 220 1832 248 suis

226 269 491 316 @segipserunt.
505 281 521 298 ν

291 310 597 362 αςῌῶμᾼῑὶιωβείιιε
619 326 626 346 :
644 327 659 342 ι‹
683 316 728 345 Nil
755 316 886 353 amplius
900 316 950 345 de-

474 361 529 391 sed
554 363 712 411 contentos
724 369 790 411 esse
805 369 841 390 ea
856 369 950 398 quam

373 407 476 436 Patres
484 406 737 443 conscripserunt,
747 405 817 442 fide,
829 407 951 443 propter

346 453 472 481 cautum
493 453 537 480 est
564 450 786 496 cavillationes:
806 462 816 475 ι
834 458 895 479 non
918 452 951 478 ut

120 492 449 535 pietati’p'uiiudicium
475 496 650 530 inferretur;
665 495 742 524 alias
757 503 864 524 omnes
879 503 950 523 san-

119 544 203 582 ctos,
286 543 396 579 postea.
421 540 536 578 aliquid
564 540 602 570 de
617 540 677 569 ﬁde
687 541 839 575 dixerunt,
855 542 884 569 et
898 548 951 570 sex

326 585 463 626 synodos
478 585 510 614 in
524 587 734 622 contemptum
748 585 847 621 egisse
860 592 952 621 pone-

146 677 227 720 ω
239 675 370 714 Cyrinus
377 676 410 705 in
420 675 563 713 Epistula,
576 675 664 712 cujus
674 677 719 704 est
730 675 848 703 initium
864 684 872 703 ι
882 675 953 710 Legi

113 720 382 765 manubrium
393 729 422 749 :u
431 720 613 749 Athanasius
623 720 849 754 dixit,sanctam
861 727 952 755 syno-

112 765 273 810 dwnon
295 764 402 795 fecisse
424 765 604 793 memoriam
625 764 764 794 dictionis
780 764 950 792 Genitricis:

110 808 178 848 sed
193 813 298 853 autem
310 810 428 847 scripsi,
455 809 539 848 quod
553 812 581 838 et
598 810 622 838 si
647 817 709 838 non
737 809 806 837 fecit
817 808 953 845 synodus

107 855 315 891 memoriam,
337 854 416 883 bene
428 854 506 883 fecit.
531 855 632 891 Neque
654 854 734 882 enim
758 856 821 882 erat
836 855 952 881 motum

1006 270 1149 308 Spiritum
1166 271 1305 298 sanctum
1333 276 1370 296 ex
1385 267 1455 296 Filio
1470 275 1538 296 esse
1551 267 1678 295 fateatur
1692 274 1698 298 ;
1713 273 1832 295 excom-

1005 315 1218 344 municationis
1232 313 1411 343 sententiam
1434 312 1466 341 in
1491 312 1581 350 pleno
1605 311 1731 339 concilio
1746 309 1831 338 susti-

1005 360 1107 389 nuisse
1122 359 1248 388 meruit:
1274 358 1371 386 donec
1384 365 1420 386 ea
1443 365 1511 393 quae
1526 358 1632 384 contra
1653 355 1832 392 praedictum

1005 406 1122 433 Patrem
1133 404 1250 433 dixerat
1260 405 1288 431 et
1297 402 1465 439 scripserat,
1483 401 1602 438 publice
1613 401 1795 428 retractaret.

1041 449 1255 478 Auctoritatem
1265 455 1337 483 ergo
1345 447 1437 483 hujus
1447 446 1486 482 (8)
1502 444 1670 473 Theodoriti
1685 446 1831 480 tanquam

1004 494 1216 531 blasphemam
1225 495 1411 530 respuentes,
1422 491 1461 519 ad
1470 490 1553 519 illam
1564 488 1752 521 Damasceni,
1764 495 1831 523 quas

1006 539 1047 567 sic
1063 539 1166 575 incipit
1178 547 1184 566 :
1194 549 1208 564 ‹‹
1221 537 1321 566 Primo
1335 538 1379 565 est
1389 535 1566 569 intellectus,
1579 533 1688 562 deinde
1703 532 1831 561 verbum

1007 584 1146 618 exterius,
1175 583 1298 620 spiritus
1323 584 1424 610 autem
1452 581 1497 608 est
1521 579 1605 608 verbi
1617 576 1799 611 vehiculum,
1816 587 1830 601 ››

1007 628 1199 658 accedamus.

1125 719 1195 746 Item
1214 715 1322 744 solutio
1336 715 1376 743 ad
1390 714 1512 743 verbum
1525 711 1715 741 Damasceni.

1043 806 1203 835 Sciendum
1218 807 1261 833 est
1277 802 1480 840 Grrecis,quod
1495 803 1540 830 est
1553 801 1679 830 verbum
1694 800 1833 833 exterius,

1008 854 1037 881 et
1050 852 1175 879 verbum
1188 850 1322 878 interius.
1334 848 1463 876 Verbum
1480 846 1611 879 interius,
1638 846 1714 873 sicut
1739 843 1835 872 sancti

111 898 236 938 aliquid
245 889 462 936 hujuscemodi
471 901 543 928 tunc
554 889 709 935 temporis,
721 901 844 936 propter
869 898 954 935 quod
971 903 990 931 Β
1008 897 1146 925 doctores
1161 895 1273 927 dicunt,
1290 896 1336 922 est
1351 892 1525 925 intellectus,
1542 890 1587 918 vel
1602 889 1752 926 cogitatio.
1768 890 1835 916 Ver.

113 946 263 981 munt
276 944 442 975 necessitas
452 952 521 981 quae
538 951 599 972 non
615 943 831 981 quaerebantur
842 943 916 972 ferre
924 942 954 970 in

114 984 270 1030 medim-
286 999 303 1015 ιν

243 1033 374 1070 Basilius
394 1034 426 1062 in
440 1033 572 1072 Epistola
592 1041 686 1070 quam
701 1033 818 1070 scripsit
828 1033 956 1070 Epipha-

113 1078 183 1115 nia,
194 1078 346 1115 ibdixit:
360 1089 375 1105 ‹‹
389 1078 466 1107 Nihil
480 1086 647 1115 possumus
669 1078 780 1106 addere
802 1077 872 1106 ﬁdei
888 1086 953 1115 nos,

116 1131 220 1162 nomn
234 1125 348 1164 praeter
360 1131 430 1152 eam
443 1131 513 1160 qua:
525 1123 555 1151 in
570 1123 713 1159 Spiritum
728 1124 877 1158 sanctum,
894 1124 955 1158 glo-

351 1175 447 1206 quam
480 1167 511 1196 in
537 1169 711 1196 transcursu
736 1168 837 1195 Patres
862 1168 955 1196 nostri

120 1211 408 1250 Mnemon-iam
429 1212 564 1242 fecerunt
587 1212 726 1241 nondum
740 1212 777 1241 de
802 1212 869 1249 ipso
884 1214 955 1240 tunc

123 1257 404 1304 moimmsﬁone.
427 1268 438 1283 ι

367 1309 406 1331 ex
427 1301 601 1339 praemissis,
625 1301 708 1338 quod
721 1303 826 1330 contra
840 1301 954 1329 haereti-

123 1354 237 1379 corum
255 1345 510 1385 importunitates,
531 1355 600 1383 quae
615 1347 771 1375 veritatem
786 1348 954 1383 pervertere

120 1389 359 1434 nitunturJacta
371 1390 428 1419 fuit
437 1391 503 1420 haec
513 1399 568 1428 pro
583 1391 640 1426 his,
651 1399 711 1419 non
724 1393 756 1419 ut
768 1391 869 1427 pietati
879 1398 954 1427 prte-

124 1434 453 1478 Ξηᾶίϐἱωῇξζεπθιυιι.
469 1437 502 1464 Et
517 1436 601 1472 quod
611 1444 647 1464 ea
656 1444 724 1472 quae
737 1436 765 1463 in
779 1438 952 1463 transcursu

127 1478 210 1509 dicta
218 1478 301 1514 ιιιμῑ.
310 1478 459 1511 Mare
469 1480 536 1508 licet
548 1481 638 1509 etiam
657 1489 725 1508 cum
735 1480 950 1514 additionibus,

125 1531 184 1553 nec
198 1531 263 1558 non
275 1524 306 1554 et
317 1523 469 1558 Vtitatem
483 1525 613 1553 tacitam-
622 1533 677 1561 pro
691 1527 826 1561 tempore
840 1525 870 1553 in
887 1533 951 1552 ma-

1007 941 1081 968 bum
1097 939 1237 973 exterius,
1251 946 1350 967 sermo
1362 940 1416 966 est.
1433 936 1571 965 Similiter
1586 937 1630 963 est
1645 934 1766 970 spiritus
1781 932 1835 960 du-

1008 985 1231 1022 plex:iuterior
1256 983 1390 1019 spiritus,
1413 983 1442 1009 et
1469 980 1605 1009 exterior.
1630 978 1753 1006 Interior
1777 978 1835 1013 spi-

1008 1030 1083 1057 ritus
1100 1021 1189 1057 amori
1199 1031 1260 1062 est;
1276 1027 1404 1056 exterior
1426 1033 1505 1057 vero.
1536 1032 1595 1053 aer.
1619 1025 1684 1051 Jam
1702 1029 1773 1057 ergo
1784 1021 1836 1050 do-

1009 1077 1115 1107 ctores,
1131 1074 1207 1102 sicut
1219 1076 1340 1102 sanctus
1351 1071 1534 1107 Augustinus
1549 1071 1576 1097 et
1596 1069 1655 1104 alii,
1672 1066 1835 1103 exemplifi-

1010 1122 1112 1148 cantes
1121 1120 1158 1148 de
1167 1119 1261 1147 Verbo
1271 1119 1427 1146 incarnato
1437 1118 1465 1144 et
1475 1114 1586 1152 Spiritu
1597 1114 1740 1146 increato,
1753 1120 1835 1140 com-

1009 1166 1117 1201 parant
1130 1164 1266 1200 spiritum
1281 1163 1452 1191 interiorem
1474 1160 1513 1189 ad
1540 1159 1666 1188 verbum
1695 1156 1834 1189 exterius,

1009 1210 1047 1237 de
1065 1209 1176 1246 quibus
1199 1208 1270 1237 dicit
1295 1210 1417 1236 sanctus
1442 1205 1643 1241 Augustinus:
1661 1214 1675 1228 α
1690 1203 1777 1231 Prius
1793 1204 1837 1230 est

1010 1263 1095 1283 mens
1107 1264 1113 1283 :
1125 1255 1239 1283 dictum
1250 1256 1296 1283 est
1306 1254 1443 1288 verbum,
1460 1252 1523 1280 sive
1534 1250 1687 1286 cogitatio,
1697 1248 1770 1285 quia
1786 1255 1836 1276 co-

1010 1300 1112 1335 gitatio
1127 1300 1158 1328 in
1170 1301 1269 1328 mente
1284 1300 1440 1334 concepta,
1454 1296 1584 1325 verbum
1604 1294 1724 1323 dicitur.
1735 1302 1750 1320 ›
1763 1293 1837 1321 Con-

1010 1347 1171 1381 sequenter
1186 1345 1331 1381 sequitur,
1343 1343 1427 1379 quod
1437 1350 1474 1370 ex
1487 1344 1614 1377 utroque
1628 1340 1756 1376 spiretur
1767 1337 1837 1366 affe-

1008 1393 1072 1418 ctus
1086 1390 1149 1417 sive
1170 1397 1265 1417 amor.
1287 1390 1366 1417 Mens
1396 1394 1529 1423 namque
1542 1385 1619 1413 Patri
1645 1382 1836 1415 attribuitur;

1007 1434 1134 1462 verbum
1149 1434 1221 1462 Filio
1236 1443 1242 1467 ;
1266 1441 1352 1461 amor
1364 1431 1483 1468 Spiritui
1504 1432 1619 1459 sancto.
1634 1430 1676 1456 Ex
1694 1428 1752 1456 hoc
1766 1434 1838 1462 ergo

1008 1479 1137 1507 dicimus
1145 1479 1285 1515 Spiritum
1295 1478 1333 1505 ab
1344 1480 1471 1512 utroque
1482 1474 1656 1512 procedere,
1665 1472 1743 1500 sicut
1754 1478 1839 1500 amo-

1006 1532 1070 1552 rem
1084 1532 1120 1552 ex
1137 1526 1233 1551 mente
1250 1526 1278 1551 et
1304 1522 1396 1550 verbo
1409 1520 1552 1554 interiori,
1569 1520 1628 1547 sive
1644 1516 1836 1552 cogitatione.

122 1568 268 1598 nifestum
275 1568 406 1606 prodire,
421 1569 561 1602 stu‘ibere,
576 1572 605 1598 et
621 1560 741 1597 cantare
755 1560 835 1597 licet.
854 1569 948 1603 Quod,
968 1579 991 1606 Β
1041 1569 1209 1596 Auctoritas
1227 1566 1405 1595 Damasceni
1419 1565 1502 1594 aliter
1517 1565 1574 1592 ista.
1589 1562 1707 1599 accipit,
1722 1563 1750 1589 et
1770 1560 1839 1588 ideo

118 1621 191 1655 cum
200 1620 316 1650 negare
324 1613 418 1643 Graeci
428 1621 490 1642 non
501 1617 640 1651 possunt.
653 1614 710 1642 nisi
726 1615 827 1642 forsan
839 1614 951 1650 scripta
971 1605 983 1606 ﬁ
1005 1610 1037 1641 in
1053 1621 1183 1641 errorem
1194 1613 1303 1640 multos
1331 1611 1457 1639 induxit.
1488 1609 1584 1637 Aliam
1608 1615 1679 1635 vero
1708 1605 1838 1635 auctori-

121 1653 180 1687 ειη
192 1659 224 1686 et
233 1653 340 1687 Patres
347 1666 421 1692 suos
433 1660 555 1687 sanctos
567 1658 658 1687 velint
670 1659 883 1691 condemnare,
900 1667 951 1686 ne-

123 1710 208 1732 cesso
221 1702 502 1736 habentnobiscum
531 1706 560 1732 et
581 1703 639 1741 ipsi
662 1704 783 1732 fatendo
799 1705 881 1735 dare.
897 1706 952 1731 Ro-

124 1747 442 1791 manupgptintiﬁcem
457 1750 579 1785 propter
601 1748 784 1776 additionem
797 1748 908 1776 factam
924 1749 955 1776 in

123 1790 272 1834 Symbolo
287 1792 394 1830 (quam
408 1792 511 1821 veram
524 1801 589 1822 esse
603 1793 704 1821 nullus
719 1796 891 1822 sanctorum
903 1793 956 1820 du-

125 1834 313 1875 bitatitlnon
321 1845 388 1866 esse
396 1838 704 1871 excommunicatum,
715 1838 763 1866 vel
772 1838 955 1870 hmreticum,

128 1875 185 1914 sed
296 1880 466 1915 doctorem,
481 1883 510 1910 et
537 1882 719 1911 catholicum
743 1885 771 1910 et
781 1882 899 1910 fidelem
912 1882 956 1910 di-

352 1927 377 1945 ⁴⁹
406 1935 498 1964 quem
522 1923 668 1956 Dominus
699 1936 790 1964 super
813 1927 958 1956 familiam

125 1968 276 2007 amid
287 1973 344 2007 est,
358 1971 557 2000 universalem
570 1971 735 2000 Ecclesiam
748 1972 910 2005 constituit,
927 1975 959 2001 ut

125 2015 180 2046 det
192 2013 364 2051 ﬁlicibum
379 2016 411 2044 in
427 2017 561 2053 tempore
574 2019 747 2053 opportuno
762 2017 797 2046 ⁵ο.

398 2079 506 2115 Opinio
521 2079 706 2108 Graecorum.

158 2139 272 2170 Dicunt
298 2139 390 2177 igitur
417 2141 511 2170 ϐπ·ωοί
524 2142 652 2170 iterum:
676 2142 834 2171 Multorum
856 2142 958 2170 docto-

121 2193 195 2227 rum
205 2187 379 2214 nostrorum
387 2185 545 2218 hactenus,
552 2194 684 2223 quorum
693 2187 805 2223 scripta
812 2187 893 2223 apud
902 2195 958 2214 nos

122 2228 325 2274 naqyehodie
332 2232 542 2274 perseverant,
556 2233 588 2259 ut
597 2231 794 2259 'l'heodoritus
814 2234 841 2260 et
850 2232 957 2266 caeteri,

125 2273 388 2320 opinioni
399 2282 533 2304 erroneae
549 2276 699 2304 contraria
715 2276 908 2312 scripserunt.

361 2338 522 2374 Responsio
534 2339 724 2368 Latinorum.

164 2398 282 2434 Quibus
298 2407 482 2437 rosponsum
491 2401 651 2430 reddentes
664 2401 794 2430 dicimus
809 2410 816 2430 :
832 2401 917 2435 Quod
934 2402 958 2430 si

119 2451 237 2476 omnes
247 2450 327 2483 quos
338 2444 479 2474 doctores
490 2446 659 2479 nominant,
673 2446 746 2474 tales
757 2448 836 2480 sunt,
852 2446 958 2483 quales

117 2489 327 2520 Theodoritus
335 2490 428 2520 fuisse
438 2491 585 2528 probatur
594 2498 662 2527 ;eos
672 2492 819 2527 tanquam
843 2493 958 2527 pestem

121 2535 454 2576 fugimusﬁﬂanquam
462 2536 618 2565 haereticos
623 2536 783 2572 reprobam
789 2545 832 2564 us.
837 2538 844 2563 1
849 2544 866 2564 n
873 2538 959 2573 quin-

122 2582 166 2610 ιο
178 2579 220 2618 ζῦ)
235 2588 372 2619 namque
385 2580 523 2615 concilio,
539 2589 609 2609 cum
630 2580 728 2609 dictus
760 2581 958 2611 Theodoritus

118 2625 196 2657 nisu
210 2625 374 2656 temerario
387 2633 481 2655 ausus
495 2627 558 2654 erat
573 2633 604 2654 se
619 2633 772 2663 opponere
789 2626 838 2662 (7).
856 2627 885 2654 Β.
903 2627 958 2663 Cy-

162 2718 326 2763 "VanJil,
341 2728 387 2756 42.
400 2727 425 2746 ⁵ο
439 2725 517 2756 Psal.
533 2734 630 2761 ccxxv,
653 2726 698 2755 i5.

160 2817 203 2890 βξ
217 2818 282 2848 imo
295 2815 437 2859 intortio,
451 2815 511 2845 hoc
525 2816 581 2844 est.
596 2815 632 2858 in.
642 2815 802 2857 Ephesino.
819 2815 911 2856 Srew.

215 2851 355 2893 Noniuat
367 2851 433 2893 haec
447 2853 745 2893 controversiainter
770 2850 910 2893 Cyrillum
930 2851 959 2880 et

121 2886 358 2924 model-em,
371 2887 426 2918 sed
449 2889 554 2918 utrum
575 2887 708 2917 Christus
732 2886 804 2922 una,
824 2894 865 2916 an
887 2886 956 2916 dum

1545 1656 1604 1682 N05
1620 1652 1760 1689 Spiritum
1773 1659 1839 1679 san-

1637 1698 1663 1725 si
1692 1699 1839 1733 tanquam

1006 1661 1099 1689 tatem
1116 1657 1303 1690 Damasceni,
1320 1665 1388 1693 qum
1399 1656 1487 1684 dicit:
1507 1666 1517 1679 ι

1008 1706 1090 1731 ctum
1105 1711 1142 1731 ex
1158 1703 1227 1730 Filio
1253 1710 1319 1730 esse
1347 1709 1408 1729 non
1435 1700 1574 1734 dicimus,
1594 1710 1604 1723 ι

1010 1748 1214 1776 authenticam
1225 1754 1278 1783 per
1286 1746 1412 1775 concilia
1423 1745 1554 1781 recipere
1565 1743 1711 1771 vellemus
1720 1743 1840 1777 (quam-

1010 1793 1055 1820 vis
1084 1800 1145 1820 non
1173 1792 1220 1828 sit)
1249 1792 1324 1820 sicut
1354 1793 1539 1822 sanctorum,
1569 1788 1607 1815 de
1641 1786 1755 1823 quibus
1793 1793 1840 1813 su«

1011 1846 1067 1874 pra
1091 1837 1271 1866 memoriam
1284 1836 1419 1869 fecimus,
1442 1834 1486 1862 sic
1513 1839 1721 1869 exponemus:
1740 1841 1754 1855 ‹‹
1779 1831 1838 1858 Nos

1012 1873 1150 1915 dicimus,
1165 1892 1179 1906 η
1195 1881 1226 1909 id
1237 1883 1290 1913 est,
1302 1890 1317 1907 ‹
1329 1882 1392 1908 Non
1403 1880 1572 1906 cantamus.
1587 1887 1597 1901 ι
1614 1874 1701 1909 Quod
1713 1873 1838 1910 quidem

1012 1934 1117 1954 verum
1146 1929 1201 1954 est.
1231 1926 1307 1953 Illud
1330 1924 1427 1952 enim:
1444 1923 1585 1957 Filioque
1607 1919 1760 1955 procedit:
1775 1926 1839 1946 om-

1011 1972 1084 1999 nino
1100 1971 1130 1998 in
1147 1970 1283 1998 Ecclesiis
1299 1968 1464 1996 subticetur
1476 1967 1515 1995 ab
1543 1966 1597 1994 eis.
1623 1964 1653 1994 Si
1670 1965 1771 1992 autem
1786 1962 1841 1990 fiat

1013 2016 1057 2044 vis
1071 2017 1102 2043 in
1122 2014 1342 2052 praepositione.
1364 2021 1410 2045 ex,
1423 2011 1592 2040 secundum
1606 2008 1841 2046 quodimportat

1012 2060 1176 2097 aliquando
1191 2058 1391 2087 universalem
1405 2055 1611 2085 auctoritatem
1625 2052 1773 2090 principii,
1788 2053 1841 2079 aut

1012 2095 1209 2142 principalem
1223 2110 1361 2135 causam,
1384 2102 1480 2138 potest
1495 2099 1644 2128 sustineri.
1666 2099 1741 2126 Nam
1756 2095 1840 2132 quod

1013 2150 1140 2187 Spiritus
1148 2147 1402 2186 procedataFilio.
1419 2147 1477 2174 hoc
1487 2145 1579 2173 habet
1586 2151 1604 2172 a
1614 2144 1700 2171 Patre
1713 2150 1719 2175 ;
1732 2148 1840 2169 secun-

1012 2195 1086 2223 dum
1097 2195 1180 2231 quod
1192 2194 1222 2222 in
1237 2191 1476 2229 praecedentibus
1491 2188 1641 2218 testiﬁcati
1655 2194 1772 2215 sumus.

1050 2240 1093 2268 Ad
1113 2239 1203 2267 aliam
1228 2241 1329 2266 autem
1349 2236 1556 2264 auctoritatem
1580 2231 1749 2269 Epiphanii,
1771 2238 1840 2267 quin

1014 2285 1121 2313 fatetur
1136 2282 1278 2320 Spiritum
1291 2281 1426 2310 medium
1442 2281 1518 2308 inter
1541 2280 1660 2307 Patrem
1674 2279 1702 2305 et
1722 2275 1838 2310 Filium,

1013 2329 1143 2358 dicimus
1158 2329 1188 2356 id
1209 2326 1448 2362 intelligendum,
1473 2323 1555 2361 quod
1576 2322 1700 2360 Spiritus
1713 2322 1757 2349 est
1771 2328 1841 2349 con-

1012 2374 1101 2403 nexio
1115 2376 1145 2402 et
1158 2381 1245 2401 amor
1255 2373 1422 2408 utriusque.
1438 2371 1514 2398 Nam
1524 2369 1588 2405 ipse
1601 2366 1798 2404 Epiphanius,
1812 2366 1842 2393 et

1013 2426 1119 2447 omnes
1129 2417 1179 2446 alii
1190 2425 1260 2446 cum
1273 2425 1320 2451 eo,
1331 2415 1472 2452 Spiritum
1481 2416 1621 2442 sanctum
1629 2419 1666 2440 ex
1676 2409 1840 2443 ambobus,

1013 2465 1089 2492 sicut
1107 2470 1199 2499 supra
1213 2464 1351 2490 notatum
1364 2462 1418 2495 est,
1435 2462 1463 2488 et
1473 2458 1578 2487 ordine
1589 2456 1740 2485 mediante
1750 2454 1842 2483 conﬁ-

1013 2511 1121 2538 tentur.
1135 2507 1218 2536 Unde
1233 2515 1301 2534 cum
1317 2505 1442 2534 dixisset
1456 2501 1642 2541 Epiphanius
1666 2501 1698 2528 in
1715 2499 1842 2528 auctori-

1013 2556 1072 2582 tate
1088 2553 1293 2589 praeallegata,
1310 2562 1324 2576 (ι
1340 2558 1401 2578 non
1424 2547 1592 2577 secundum
1607 2546 1741 2582 aliquam
1761 2551 1843 2572 com-

1013 2597 1204 2635 positionem,
1217 2593 1478 2632 quemadmodum
1487 2592 1520 2620 in
1528 2591 1617 2619 nobis
1625 2590 1728 2619 anima
1738 2590 1767 2616 et
1776 2595 1842 2616 cor-

1014 2632 1082 2680 pus,
1093 2642 1146 2670 sed
1159 2642 1191 2670 in
1215 2640 1316 2670 medio
1335 2639 1431 2668 Patris
1454 2639 1483 2666 et
1510 2636 1581 2671 Filii,
1596 2646 1610 2661 ιι
1640 2634 1741 2664 statim
1771 2632 1843 2662 sub-

1013 2820 1144 2851 persona
1155 2813 1299 2851 esset._l_n.

1047 2851 1087 2886 (8)
1100 2848 1232 2886 Resipuit
1243 2845 1461 2886 Theodorgtus,
1485 2846 1515 2874 et
1537 2852 1556 2874 a
1570 2842 1698 2874 concilio
1721 2842 1843 2872 Chalce-

1012 2881 1140 2915 donensi
1149 2881 1287 2920 receptus
1297 2883 1351 2912 est.
1368 2881 1414 2910 ID.
