4134 6410
412 386 569 445 -50‘7

1694 376 2174 440 PANTALEONIS
2210 374 2502 437 DIACONI
2540 378 2645 434 CP.

3776 358 3905 418 508

460 510 676 585 junxit,
709 507 875 583 quod
909 510 1147 568 Graecus
1196 487 1639 567 occultaverat:
1672 531 1692 559 ι
1731 508 2014 583 Spiritum
2045 522 2119 566 ex
2149 508 2195 563 Α
2229 505 2479 579 Spiritus
2502 503 2644 568 Filii,
2678 517 2790 575 pro
2820 516 2891 557 eo
2918 495 3087 573 quod
3107 495 3373 555 mittatur
3402 480 3481 549 ad
3501 484 3907 585 sanctiﬁcan-

465 602 636 659 Patre
665 604 721 658 et
740 598 906 655 Filia.
934 621 961 649 »

538 689 653 747 Sed
681 693 740 746 et
790 687 1037 744 Basilius
1089 687 1151 744 in
1210 701 1491 744 sermone
1539 685 1646 761 qui
1703 686 1944 765 incipit:
1979 684 2117 743 Non

467 784 616 837 erat.
646 782 714 834 ut
737 778 998 844 videtur,
1047 780 1183 846 etc.,
1221 775 1509 832 vicesimo
1538 776 1793 848 septimo
1836 774 2116 850 capitulo,

467 868 641 941 cujus
678 872 769 924 est
791 865 1061 923 initium:
1093 865 1212 924 Sed
1224 865 1388 935 forte
1413 865 1565 921 dicet
1595 866 1749 938 quis,
1774 869 1907 934 etc.,
1933 864 2017 922 sic
2040 868 2119 920 te-

469 960 695 1015 statur:
738 977 760 1007 »
794 958 960 1012 Pater
985 954 1232 1028 quidem
1285 953 1413 1011 sine
1442 952 1758 1028 principio,
1811 958 1869 1010 et
1896 952 2123 1025 ingeni-

468 1049 588 1117 tus,
619 1048 676 1101 et
704 1059 942 1117 semper
984 1043 1352 1115 intelligitur.
1398 1045 1482 1098 Ex
1522 1043 1655 1116 ipso
1683 1048 1885 1100 autem
1915 1057 2123 1099 secun-

469 1133 1062 1208 dumpropinquum,
1097 1132 1223 1189 sine
1257 1131 1947 1203 interstitio,unigenitus
1971 1128 2125 1188 Patri

471 1222 815 1279 communis
835 1224 942 1277 est.
959 1221 1283 1293 Peripsum
1300 1224 1501 1276 autem
1525 1220 1910 1290 Unigenitum
1944 1219 2124 1275 etiam

472 1325 613 1367 cum
641 1310 775 1382 ipso
813 1314 1139 1381 antequam
1175 1307 1292 1364 alia
1331 1308 1407 1379 (9)
1454 1309 1678 1379 majus,
1710 1313 1767 1363 et
1796 1308 2126 1363 subsistens

471 1414 581 1472 per
601 1398 867 1455 medium
891 1397 1189 1453 intercidit
1211 1396 1529 1463 intellecto,
1560 1397 1759 1454 statim
1779 1401 1837 1453 et
1873 1395 2126 1469 Spiritus

474 1492 721 1545 sanctus
735 1483 1118 1558 copulatione
1130 1484 1680 1557 comprehenditur.
1706 1508 1727 1537 ι
1750 1485 1973 1541 Dicitur
1984 1501 2127 1557 ergo

471 1576 733 1640 medius,
779 1579 961 1649 prout
992 1574 1279 1637 diximus,
1310 1574 1457 1646 quia
1485 1590 1659 1632 amor
1678 1578 1767 1631 est
1790 1575 2125 1646 utriusque.

474 1666 795 1724 Ordinatur
810 1680 952 1721 vero
974 1668 1109 1739 post
1126 1663 1358 1735 Filium,
1380 1663 1526 1738 quia
1546 1679 1621 1721 ex
1663 1663 1967 1721 ambobus
1990 1679 2128 1739 pro-

474 1755 652 1812 cedit.

547 1841 713 1900 Unde
742 1842 803 1899 in
842 1842 1147 1899 Ancorato
1198 1841 1519 1915 Epiphanii

474 1931 801 2003 ingenitus,
850 1931 1173 2003 increatus,
1230 1930 1890 2006 incomprehensibilis:
1926 1930 2126 2001 Filius,

478 2021 736 2094 genitus,
764 2025 820 2077 et
848 2036 1085 2093 semper
1112 2020 1436 2091 increatus,
1467 2026 1524 2077 et
1555 2020 2131 2095 incomprehensibi-

477 2109 861 2184 lis:Spiritus
916 2114 1184 2177 sanctus,
1248 2125 1486 2182 semper
1528 2126 1652 2167 non
1702 2110 1956 2180 genitus,
2007 2124 2131 2167 non

480 2204 737 2265 creatus,
766 2213 890 2254 non
921 2198 1235 2271 confrater,
1286 2213 1407 2254 non
1439 2214 1513 2255 ex
1560 2201 1728 2256 Patre
1776 2200 1977 2269 frater,
2008 2213 2134 2254 non

479 2286 679 2363 proles
692 2285 874 2343 Patris
885 2330 898 2351 ,
911 2302 1035 2343 non
1047 2287 1250 2359 proles
1263 2286 1385 2342 Filii
1405 2304 1418 2354 ;
1439 2287 1543 2343 sed
1556 2303 1630 2344 ex
1645 2288 1859 2344 eadem
1878 2286 2137 2344 essentia

483 2374 669 2433 Patris
717 2380 775 2441 et
810 2375 939 2432 Filii
981 2375 1229 2450 Spiritus
1280 2378 1545 2450 sanctus,
1580 2376 1832 2455 Spiritus
1862 2375 2137 2433 omnium

482 2463 638 2521 Deus
667 2469 774 2532 est,
813 2487 834 2514 ν

554 2552 643 2611 Ad
668 2553 837 2623 illud,
860 2555 1027 2627 quod
1048 2543 1463 2627 quaerebatur:
1493 2577 1522 2606 «ι
1546 2554 1688 2620 Quis
1711 2552 1887 2610 vobis
1916 2552 2140 2613 revela-

482 2644 567 2700 vit
584 2643 700 2700 hoc
720 2644 748 2699 ?
771 2641 935 2699 Unde
958 2642 1250 2699 habuistis
1270 2643 1298 2698 ?
1323 2645 1535 2710 Quare,
1570 2647 1627 2699 et
1655 2642 1832 2699 nobis
1878 2657 2001 2699 non
2029 2641 2141 2698 fuit

482 2732 858 2789 revelatum?
884 2734 1078 2798 Quare
1120 2732 1183 2787 in
1225 2733 1518 2804 Symbolo
1569 2732 1681 2789 tale
1730 2732 1876 2806 quid
1907 2729 2141 2788 intrusi-

485 2821 609 2893 stis,
643 2843 671 2871 δ)
704 2826 838 2890 etc.,
871 2820 1091 2893 quiain
1124 2822 1535 2895 superioribus
1564 2826 1877 2878 ostensum
1905 2827 2016 2888 est,
2047 2820 2143 2876 vel

482 2925 845 2983 responsum
872 2913 961 2964 est
989 2913 1047 2983 et
1103 2909 1390 2979 solutum,
1444 2908 1581 2966 ideo
1629 2909 1725 2965 hic
1765 2909 1878 2965 sub
1910 2908 2142 2965 silentio

483 2998 955 3073 praetermissum
971 3042 984 3054 .
1010 2986 1021 2990 ’

557 3086 645 3143 Ad
666 3088 1051 3144 auctoritates
1084 3087 1262 3144 etiam
1295 3086 1623 3158 Evangelii,
1650 3103 1805 3161 quas
1838 3101 2031 3159 prave
2050 3102 2145 3141 ex-

481 3179 738 3248 ponunt,
762 3173 1030 3230 dicentes
1055 3194 1068 3231 :
1119 3197 1146 3225 ‹‹

487 3262 736 3319 mittitur
788 3261 867 3318 ab
918 3278 989 3318 eo
1037 3263 1116 3318 ad
1171 3263 1635 3320 sanctiﬁcandas
1687 3267 2025 3319 creaturas:
2058 3262 2150 3318 vel

487 3350 744 3425 quia’est
760 3351 1289 3408 consubstantialis
1308 3353 1379 3422 ei,
1409 3374 1436 3403 ››
1485 3354 1571 3408 sic
1593 3352 2073 3426 respondemus:

562 3439 896 3505 Quaerimus
919 3455 955 3495 a
981 3440 1197 3495 Graecis
1225 3445 1373 3495 :Aut
1396 3442 1645 3513 Spiritus
1668 3446 1789 3497 erat
1816 3441 1894 3497 ab
1926 3446 2148 3496 aeterno

493 3526 638 3595 Filii,
667 3532 773 3584 aut
796 3527 843 3583 si
865 3527 1093 3591 dicunt.
1122 3528 1275 3598 Non,
1334 3535 1544 3586 contra
1592 3530 1910 3599 Gregorius
1948 3529 2149 3584 Thau-

489 3623 804 3687 maturgus
833 3617 894 3673 in
925 3618 1184 3675 editione
1204 3619 1345 3675 ﬁdei
1368 3636 1517 3688 suae,
1541 3636 1677 3694 quae
1698 3620 1758 3675 in
1781 3634 1897 3675 sua
1922 3618 2049 3673 Vita
2073 3616 2150 3673 le-

491 3706 668 3778 gitur,
710 3706 960 3781 Spiritus
1002 3723 1131 3764 esse
1176 3706 1296 3765 Filii
1324 3708 1401 3765 ab
1432 3714 1654 3765 aeterno
1687 3708 1853 3764 claro
1875 3722 2151 3763 sermone

489 3794 852 3851 denuntians
904 3797 1023 3852 ait:
1053 3819 1074 3847 ‹
1103 3799 1305 3872 Neque
1352 3796 1633 3853 defecerit
1663 3812 1936 3870 unquam
1975 3795 2151 3852 Filius

490 3884 670 3953 Patri,
696 3900 807 3940 nec
834 3886 1084 3957 Spiritus
1106 3885 1271 3951 Filio,
1332 3886 1441 3941 sed
1490 3886 1954 3942 inconvertibilis
1981 3891 2037 3941 et
2066 3884 2152 3940 in-

491 3971 814 4029 alterahilis
839 3975 1053 4031 eadem
1084 3975 1340 4031 Trinitas
1368 3990 1628 4047 semper.
1658 3996 1686 4025 ››

562 4066 706 4119 item
736 4063 1053 4132 Gregorius
1074 4063 1413 4132 Theologus
1444 4064 1502 4119 in
1519 4078 1797 4119 sermone
1827 4062 1903 4119 de
1917 4065 2151 4119 Penete-

492 4157 673 4222 caste,
698 4151 804 4223 qui
830 4151 914 4207 sic
942 4151 1170 4223 incipit,
1206 4154 1288 4208 De
1321 4151 1436 4208 hac
1468 4152 1847 4209 solemnitate
1897 4152 2155 4208 breviter

491 4238 773 4311 philosop
786 4239 1007 4305 temur,
1046 4240 1203 4296 circa
1223 4240 1490 4296 medium
1518 4241 1835 4311 sermonis,
1864 4240 1947 4296 sic
1978 4244 2158 4296 testa-

492 4332 588 4387 tur
613 4328 689 4384 de
717 4327 932 4384 eodem
957 4329 1177 4402 Spiritu
1206 4347 1218 4384 :
1254 4351 1282 4379 ‹‹
1304 4332 1436 4386 Erat
1476 4346 1715 4403 semper
1740 4330 1989 4403 Spiritus
2012 4344 2156 4384 san-

497 4422 649 4483 ctus,
681 4420 868 4483 etest,
895 4420 950 4471 et
979 4417 1105 4483 erit,
1157 4432 1353 4489 neque
1378 4418 1603 4490 incepit
1640 4434 1837 4491 neque
1882 4416 2153 4473 deficiet:

497 4504 604 4561 sed
629 4519 868 4577 semper
891 4505 1043 4561 Patri
1072 4510 1127 4561 et
1162 4505 1300 4562 Filio
1331 4507 1718 4563 coordinatur
1745 4511 1801 4562 et
1832 4520 2160 4561 connume-

496 4599 682 4651 ratur.
736 4562 938 4666 Neque
991 4594 1243 4652 decebat
1299 4562 1557 4652 deﬁcere
1594 4562 1835 4652 Filium
1872 4594 2025 4650 Patri
2047 4609 2158 4650 un-
2190 4562 2236 4618 Β

498 4697 709 4756 quam,
742 4687 800 4739 et
827 4683 1108 4756 Spiritum
1143 4685 1311 4742 Filio.
1357 4708 1385 4735 »

552 4773 698 4827 Item
716 4771 1101 4844 Epiphanius,
1121 4774 1446 4846 episcopus
1462 4773 1662 4845 Cypri,
1683 4771 1757 4827 de
1777 4771 2039 4843 perfecta
2052 4773 2167 4828 hn-

498 4861 845 4918 manatione
898 4864 997 4919 Dei
1036 4862 1252 4918 Verbi:
1312 4865 1415 4917 «Et
1467 4861 1759 4933 quoniam
1812 4861 2085 4917 animam
2110 4866 2168 4917 et

502 4949 869 5007 intellectum
900 4952 1167 5024 suscipit,
1203 4957 1258 5007 et
1300 4966 1658 5022 quanquam
1689 4957 1777 5005 est
1805 4951 2012 5006 homo.
2048 4973 2076 5000 »
2099 4953 2169 5007 Et

501 5040 578 5097 de
602 5040 878 5097 Trinitate
904 5046 1041 5113 post
1072 5056 1261 5096 unum
1294 5039 1507 5095 folium
1542 5057 1554 5094 :
1585 5061 1614 5089 «
1640 5039 1815 5095 Pater
1839 5044 1968 5096 erat
2012 5056 2167 5095 sem-

503 5143 632 5203 per,
663 5134 722 5186 et
766 5130 948 5187 Filius
995 5145 1067 5185 ex
1125 5132 1291 5185 Patre
1335 5133 1463 5185 erat
1507 5138 1765 5201 semper,
1820 5133 1876 5185 et
1918 5130 2170 5203 Spiritus

509 5223 758 5275 sanctus
787 5234 859 5274 ex
886 5219 1058 5273 Patre
1079 5222 1137 5273 et
1178 5218 1322 5272 Filio
1375 5220 1504 5273 erat
1554 5232 1814 5290 semper.
1870 5220 1939 5272 Et
1972 5232 2170 5290 neque

513 5288 691 5363 Filius
710 5312 970 5370 creatus,
990 5322 1188 5379 neque
1208 5306 1479 5379 Spiritus,
1498 5288 1793 5376 creatura,
1810 5311 1945 5376 etc.,
1969 5288 2171 5364 sed‘ab

514 5399 760 5473 aeterno,
793 5400 857 5451 ut
878 5396 1068 5451 sancti
1096 5401 1409 5465 testantur,
1434 5394 1544 5451 fuit
1579 5395 1831 5468 Spiritus
1860 5395 2005 5463 Filii,
2057 5400 2114 5452 et
2138 5412 2176 5453 a

518 5480 681 5557 Filio.
714 5505 736 5533 ι
783 5484 1100 5549 Quomodo
1130 5499 1273 5556 ergo
1297 5484 1440 5541 dicit
1485 5486 1747 5558 Graecus,
1775 5484 1943 5558 quod
1962 5485 2178 5544 dicitur

593 5676 679 5748 (9)
706 5677 898 5739 Locus
923 5679 1099 5749 valde
1122 5682 1461 5757 corruptus.

2226 573 2338 653 das
2366 573 2699 659 creaturas;
2715 607 2855 651 cum
2881 588 2959 645 ab
2980 592 3205 644 aeterno
3226 598 3350 641 non
3367 584 3525 637 esset
3544 575 3650 652 qui
3670 573 3907 631 sancti-

2227 685 2525 749 ﬁcaretur,
2546 698 2616 739 eo
2637 679 2805 755 quod
2821 683 3107 735 creaturae
3125 672 3423 748 incipiunt
3441 665 3554 725 sub
3574 662 3905 755 tempore?

2228 776 2381 847 Ergo
2420 788 2544 829 non
2574 751 2789 827 dicitur
2838 767 2981 835 Filii,
3030 765 3174 841 quia
3215 760 3464 819 mittitur
3505 755 3584 813 ad
3615 751 3905 847 sanctifi-

2228 839 2452 921 candas
2483 865 2806 926 creaturas,
2855 856 2958 913 sed
2979 839 3122 929 quia
3151 848 3506 908 teternaliter
3530 844 3792 900 exsistat
3819 839 3907 897 ab

2230 969 2321 1010 eo.
2366 952 2422 1009 Si
2454 956 2655 1008 autem
2683 947 2910 1005 exsistit
2938 945 3016 1004 ab
3046 960 3117 1002 eo
3152 937 3528 1008 teternaliter,
3582 937 3690 991 aut
3711 945 3909 1003 gene-

2229 1039 2479 1102 ratione,
2505 1040 2607 1095 aut
2632 1035 3035 1111 processione,
3074 1036 3140 1088 ut
3178 1043 3383 1103 supra.

2305 1128 2418 1187 Sed
2444 1127 2584 1184 dicit
2613 1106 2852 1183 Graecus
2902 1124 3116 1180 iterum
3146 1139 3159 1177 :
3184 1116 3438 1193 Spiritus
3488 1112 3741 1170 sanctus
3772 1106 3913 1165 Filii

2233 1233 2366 1274 esse
2396 1216 2630 1281 dicitur,
2659 1215 2805 1289 quia
2840 1212 3074 1270 ratione
3130 1208 3355 1266 divinae
3386 1200 3659 1261 essentiae
3707 1196 3772 1255 ei
3816 1201 3915 1253 est

2234 1304 2788 1364 consubstantialis.

2308 1395 2580 1451 Latinus:
2614 1392 2784 1450 Absit
2805 1391 2882 1450 ab
2935 1388 3183 1447 auribus
3234 1383 3509 1442 ﬁdelium
3533 1379 3653 1436 hoc
3680 1374 3916 1432 delira-

2235 1488 2528 1541 mentum.
2562 1483 2714 1549 Quia
2743 1481 2791 1537 si
2819 1481 2934 1536 ista
2953 1479 3184 1535 ratione
3209 1474 3427 1531 dicitur
3475 1483 3606 1526 esse
3637 1463 3914 1539 Spiritus

2235 1572 2381 1639 Filii,
2407 1572 2627 1628 scilicet
2669 1569 2813 1643 quia
2838 1574 2930 1625 est
2959 1567 3010 1624 ei
3067 1557 3644 1623 consubstantialis:
3677 1553 3913 1643 eadem

2234 1662 2462 1718 ratione
2486 1660 2660 1717 Filius
2685 1640 2831 1732 ipse,
2858 1662 2915 1713 et
2944 1657 3120 1715 Pater
3147 1654 3330 1711 etiam
3387 1648 3734 1705 dicerentur
3771 1640 3915 1732 Spi-

2235 1750 2383 1808 ritus
2443 1751 2652 1817 sancti,
2704 1731 2866 1804 vela
2922 1747 3142 1820 Spiritu
3196 1744 3426 1810 sancto,
3453 1737 3598 1812 quia
3625 1731 3917 1791 similiter

1564 1860 1577 1899 :
1622 1873 1651 1893 ιι
1680 1843 1856 1899 Pater
1893 1856 2129 1915 semper
2160 1862 2200 1916 Β
2237 1845 2378 1896 sunt
2403 1840 2456 1897 ei
2483 1837 3046 1896 consubstantiales.

2309 1927 2544 1997 Videtis,
2607 1928 2811 1999 Graeci,
2853 1940 3149 2000 quorsum
3182 1920 3437 1978 tendunt
3466 1916 3561 1972 hic
3615 1926 3917 1984 congruae

2238 2019 2642 2092 expositiones
2688 2017 2953 2075 vestrae?
3006 2019 3156 2073 Nam
3210 2011 3409 2086 prima
3459 2001 3914 2092 Macedonium,

2240 2090 2426 2166 altera
2458 2108 2782 2165 Sabellium
2838 2106 3230 2179 blasphemas
3286 2100 3617 2157 imitantur.
3667 2090 3919 2148 Primus

2241 2198 2402 2255 enim
2428 2197 2707 2271 Spiritum
2736 2201 3013 2253 sanctum
3043 2196 3194 2250 inter
3253 2192 3559 2246 creaturas
3620 2180 3914 2271 ordinat,

2246 2267 2549 2344 secundus
2610 2287 2672 2344 in
2719 2286 2999 2343 Trinitate
3055 2282 3331 2340 ordinem
3390 2272 3729 2333 confundit.
3803 2267 3920 2326 Ubi

2246 2394 2388 2451 ergo
2418 2394 2579 2435 nunc
2628 2383 2716 2434 est
2740 2381 2940 2433 vestra
2988 2372 3281 2445 gloriatio,
3316 2368 3463 2443 quia
3516 2360 3921 2437 impudenter

2243 2483 2353 2522 vos
2386 2466 2459 2522 de
2486 2465 2928 2539 pulchritudine
2988 2461 3247 2518 scientiae
3285 2456 3550 2531 jactatis,
3594 2451 3916 2509 dicentes:

2249 2578 2278 2611 ‹
2309 2558 2365 2614 Si
2400 2562 2601 2612 autem
2628 2554 2943 2611 occasione
2977 2548 3385 2626 quorumdam
3418 2544 3767 2613 verborum,
3796 2561 3829 2587 »
3859 2540 3920 2591 et

2250 2651 2481 2702 caetera.
2512 2649 2612 2701 Ast
2632 2661 2841 2701 rursus
2874 2643 2950 2699 ad
2972 2658 3086 2698 nos
3111 2640 3431 2696 redeuntes
3451 2631 3658 2690 audire
3688 2627 3921 2703 poteri-

2248 2737 2323 2793 tis
2351 2736 2678 2792 veritatem.
2711 2737 2884 2789 Estne
2930 2733 3050 2789 ista
3100 2730 3320 2786 veritas
3374 2725 3575 2801 primte
3610 2717 3916 2786 veritatis,

2253 2831 2317 2881 ut
2360 2825 2578 2881 relictis
2611 2830 2956 2879 sanctorum
3006 2820 3253 2876 Patrum
3314 2810 3632 2881 sententiis,
3682 2817 3921 2878 sequa-

2251 2930 2389 2970 mur
2433 2912 2843 2970 Macedonium
2899 2916 2957 2966 et
3021 2906 3345 2964 Sabellium
3410 2900 3719 2959 haereticos
3777 2895 3920 2965 jam

2253 3001 2731 3058 condemnatos?
2780 2999 2933 3066 Quid
2953 3014 3096 3069 ergo
3160 2996 3291 3054 est?
3345 2992 3567 3049 Dicitur
3615 2985 3751 3041 Filii
3788 2982 3921 3056 Spi-

2253 3092 2422 3154 ritus,
2454 3089 2790 3147 secundum
2850 3105 3061 3146 omnes
3105 3102 3249 3142 sane
3307 3081 3729 3153 intelligentes,
3767 3072 3915 3148 quia

1211 3176 1432 3268 Dicitur
1490 3176 1743 3268 Spiritus
1799 3174 1942 3241 Filii,
2002 3174 2147 3268 quia
2186 3212 2225 3268 Ο
2253 3180 2525 3256 procedit
2554 3178 2631 3235 ab
2661 3195 2732 3236 eo
2758 3198 2769 3231 :
2804 3177 2971 3252 quod
2990 3176 3195 3249 utique
3225 3175 3307 3229 ita
3332 3171 3683 3268 verum‘est,
3715 3168 3777 3218 ut

2257 3247 2623 3325 contrarium
2654 3247 2941 3323 sentit'vel
2979 3247 3287 3339 prie—dicat,
3343 3247 3677 3315 secundum
3738 3247 3911 3322 quod

2258 3358 2483 3432 patebit
2512 3358 2779 3425 inferius,
2816 3361 2904 3412 est
2926 3356 2985 3411 in
3007 3354 3106 3410 via
3144 3349 3516 3426 perditionis.

2330 3448 2477 3514 Quia
2506 3447 2683 3519 igitur
2716 3445 2904 3502 multo
2935 3442 3255 3500 conamine
3290 3440 3409 3495 nisi
3434 3440 3577 3492 sunt
3596 3431 3787 3490 Graeci
3811 3432 3923 3486 Ro-

2258 3553 2507 3592 manum
2532 3534 2897 3608 pontiﬁcem,
2931 3539 2985 3589 et
3012 3536 3199 3587 totam
3241 3524 3686 3586 Occidentalem
3718 3519 3921 3576 Eccle-

2259 3625 2408 3679 siam
2436 3624 2751 3680 ostendere
2799 3623 2860 3678 in
2914 3636 3211 3677 canonem
3257 3618 3393 3674 latae
3443 3608 3923 3671 sententiminci-

2258 3714 2437 3783 disse,
2471 3720 2527 3770 et
2569 3713 2735 3786 quod
2777 3712 2955 3785 juste,
3015 3715 3070 3765 et
3133 3709 3259 3763 sine
3313 3704 3486 3778 culpa
3540 3702 3747 3774 aliqua
3807 3700 3925 3754 sint

2260 3803 2516 3875 separati
2552 3818 2588 3858 a
2637 3801 2832 3869 nobis,
2891 3806 2948 3857 et
3005 3798 3253 3854 minime
3299 3795 3666 3870 potuerunt:
3730 3791 3926 3844 restat

2258 3908 2421 3947 nunc
2470 3891 2802 3956 ostendere,
2853 3888 3111 3963 qualiter
3165 3885 3278 3959 ipsi
3302 3883 3360 3939 in
3380 3882 3693 3955 laqueum,
3731 3890 3925 3950 quem

2260 3981 2374 4053 ipsi
2428 3985 2795 4053 paraverunt
2826 3978 3022 4044 nobis,
3078 3974 3437 4037 inciderunt,
3488 3975 3544 4025 et
3600 3974 3814 4024 utrum
3844 3966 3928 4022 di-

2260 4069 2434 4126 cendi
2461 4070 2579 4124 sint
2622 4068 2901 4131 haeretici,
2962 4066 3056 4122 vel
3101 4069 3335 4121 tantum
3383 4056 3928 4119 excommunicati,

2260 4159 2532 4232 velquod
2549 4158 2739 4226 magis
2756 4158 3327 4219 dolendum,utrum
3360 4156 3687 4221 utrumque
3717 4145 3930 4202 simul.

2265 4248 2532 4306 Ostendit
2568 4248 2796 4305 Graecos
2824 4247 3107 4302 incidisse
3134 4246 3196 4300 in
3224 4256 3512 4301 canonem
3556 4239 3628 4294 ob
3654 4252 3931 4295 errorem

2764 4337 2836 4393 de
2862 4338 3098 4405 Spiritu
3128 4340 3357 4390 sancto.

2339 4426 2509 4493 Quod
2540 4425 2601 4481 in
2630 4442 2927 4481 canonem
2960 4424 3095 4481 latae
3119 4421 3430 4479 sententiae
3462 4417 3816 4477 inciderunt
3852 4415 3933 4470 sic

2266 4516 2557 4589 probatur
2587 4532 2598 4569 :
2626 4517 2869 4573 Constat
2883 4515 3012 4584 jam
3033 4511 3342 4582 omnibus,
3369 4509 3537 4584 quod
3570 4505 3686 4579 ipsi
3718 4504 3938 4562 dicunt

2268 4605 2552 4677 Spiritum
2586 4610 2859 4659 sanctum
2884 4619 3003 4658 non
3028 4601 3355 4675 procedere
3385 4617 3422 4656 a
3453 4597 3617 4661 Filio,
3649 4610 3760 4651 nec
3800 4608 3937 4651 esse

2268 4693 2517 4750 omnino
2544 4709 2617 4759 ex
2655 4693 2821 4765 ipso:
2860 4697 2917 4747 et
2969 4691 3138 4764 quod
3189 4704 3300 4746 nec
3350 4689 3529 4744 datur
3579 4684 3658 4742 ab
3688 4699 3785 4751 eo,
3830 4697 3936 4739 nec

2270 4783 2538 4847 mittitur,
2562 4782 2672 4838 nisi
2709 4780 3111 4853 temporaliter
3140 4779 3217 4837 ad
3263 4774 3734 4834 sanetiﬁcandas
3765 4787 3939 4829 crea-

2271 4880 2458 4929 turas.
2495 4874 2559 4927 Et
2613 4877 2845 4926 constat
2907 4870 3195 4937 similiter,
3228 4868 3290 4923 in
3324 4866 3555 4923 cunctis
3606 4860 3939 4933 Scripturis

2272 4959 2651 5023 authenticis,
2681 4966 2738 5015 et
2764 4960 3018 5031 receptis
3047 4957 3334 5028 conciliis,
3366 4956 3483 5012 hoc
3527 4952 3693 5027 quod
3714 4948 3940 5023 praedi-

2273 5049 2497 5117 ximus,
2534 5048 2772 5111 scilicet,
2803 5047 2971 5120 quod
2992 5046 3242 5119 Spiritus
3270 5048 3518 5102 sanctus
3537 5045 3627 5098 est
3650 5038 3944 5097 essentia-

2272 5138 2405 5195 litcr
2433 5155 2469 5194 a
2496 5138 2655 5203 Filio,
2680 5143 2737 5194 et
2764 5137 3036 5209 procedit
3073 5135 3151 5193 ab
3200 5150 3291 5206 eo,
3329 5130 3709 5193 manifestius
3749 5127 3943 5185 conti-

2277 5227 2426 5285 neri.
2464 5228 2604 5293 Quae
2636 5228 2858 5299 scripta
2885 5228 2969 5283 ita
3022 5228 3265 5298 recepta
3309 5228 3368 5280 et
3405 5219 3747 5295 approbata
3794 5220 3945 5273 sunt

2279 5332 2389 5389 per
2420 5316 2674 5371 concilia
2694 5315 3019 5386 generalia,
3055 5320 3119 5370 ut
3147 5313 3251 5387 qui
3282 5327 3493 5368 eorum
3520 5308 3683 5365 aliud
3702 5312 3943 5363 contra-

2280 5404 2439 5460 rium
2497 5405 2670 5461 sentit
2717 5404 2808 5460 vel
2864 5403 3174 5477 praedicat,
3209 5402 3343 5475 ipso
3390 5400 3547 5461 facto
3596 5402 3653 5453 et
3682 5397 3821 5468 jure
3871 5396 3944 5459 sit

2282 5494 2865 5550 excommunicatus-
3278 5496 3283 5500 ’
3416 5488 3419 5489 ⁷
3515 5492 3537 5497 μ’

4083 484 4085 628 ι
