2067 3190
12 37 22 41 .,
34 32 48 42 ς
479 22 510 37 ’-⁴-”
531 16 563 38 1άῖ
579 20 581 22 ’

13 47 18 53 κ
56 54 72 69 γ,
326 43 402 69 et,»

74 77 161 98 ‘Z'Vv
250 69 315 100 ET}-
353 68 437 89 "V.

107 106 114 107 ί
135 101 171 112 ⁵⁸17-
185 102 226 112 “‘_
326 102 330 103 '

541 246 703 297 concilium
722 246 780 282 (te)
811 246 855 297 sic
885 256 891 274 :
908 247 933 275 Α
951 254 1033 297 anno
1047 247 1086 275 ab
1098 248 1304 276 incarnatione
1319 247 1438 276 Domini
1453 248 1611 277 millesimo
1625 247 1776 285 quinqua-

58 451 348 485 ἷξε-’ὠή
211 466 214 467 ν
224 451 241 456 ⁷
299 460 303 462 ‘
322 451 350 469 Γ

275 290 668 324 mmemaﬁmmus
677 299 745 320 cum
753 291 895 319 omnibus

265 332 532 369 .md'emnatis
547 337 577 364 et
598 344 658 364 ana
673 336 896 365 thematizatisa

341 379 580 417 toltcazcclesia,
589 381 679 409 etiam
694 381 896 416 Theodorum,

299 425 381 463 ﬁsus
406 425 603 463 lops'uesties,
633 428 662 454 et
692 425 804 462 impias
829 426 896 461 ejus

71 467 386 506 Μαι)
399 476 463 497 non
481 471 510 498 et
521 469 616 506 impia
632 469 750 505 scripta
771 477 788 497 a
802 469 895 497 Theo-

54 506 322 554 dodﬁim
341 515 455 543 rectam
468 513 571 549 ﬁdem,
591 516 620 542 et
643 517 748 542 contra
766 514 898 549 capitula

381 558 483 596 Gyrilli
506 561 536 587 et
555 559 648 587 tertia:
662 562 774 587 sanctae
789 558 898 594 synodi

55 594 465 642 W,miquidqnid
490 603 530 632 ad
554 604 782 639 suggestionem
808 604 898 631 Theo-

51 642 401 690 mpr-m’smun
410 657 433 673 »-
443 655 446 660 -
597 659 600 663 τ

87 692 388 726 ιηῖὲὓῦίῆωιικ
403 692 484 721 beati
509 692 609 729 Cyrilli
638 692 800 721 duodecim
820 692 899 728 capi-

54 737 208 771 ιαιαμιω
221 737 358 766 maxime
372 737 547 765 exsistentia
560 737 655 765 sancti
675 738 800 773 Spiritus
825 745 843 765 θ.
856 737 899 764 Fi-

51 783 97 811 lio
107 775 323 821 unguunt
347 782 557 810 universaliter
572 784 642 810 sunt
655 786 785 819 recepta,
801 784 833 810 ut
848 782 899 818 qui

292 827 454 865 contraria,
469 827 518 855 vel
532 827 687 863 praedicat,
703 827 770 863 ipso
784 828 850 862 jure
865 827 900 855 sit

51 868 352 902 eam;
367 878 437 899 eum
456 870 524 899 aliis
538 871 685 899 haereticis
701 874 729 899 et
743 872 815 899 olim
830 879 900 899 con-

61 917 76 946 !
114 912 321 947 “mem
341 915 444 952 itaque
465 915 601 952 Cyrillus,
621 916 652 943 in
672 923 755 943 nono
770 916 900 952 capitulo
915 909 937 935 Β

56 952 485 1001 W‘dﬂbdecim:
508 971 519 985 ι
546 961 574 989 Si
598 961 666 997 quis
696 961 775 996 dicit,
806 969 900 989 unum

258 998 366 1046 testim
388 1006 537 1035 Christum
568 996 768 1041 gloriﬁcatum
794 1014 860 1034 esse
884 1014 902 1034 a

88 1054 91 1055 ⁷
120 1087 125 1089 ν
180 1049 356 1089 νῇηῒίῑιω
366 1049 466 1079 aliena
477 1050 584 1078 virtute
599 1050 639 1078 ab
654 1050 719 1086 ipso
734 1051 805 1078 data
819 1053 902 1078 uten-

366 1049 466 1079 aliena
477 1050 584 1078 virtute
599 1050 639 1078 ab
654 1050 719 1086 ipso
734 1051 805 1078 data
819 1053 902 1078 uten-

377 1094 582 1131 recipientem,
617 1097 650 1123 ut
671 1095 789 1130 operari
811 1095 904 1131 possit

64 1139 330 1176 eWtus
340 1139 342 1141 ’
354 1139 533 1168 immundos
547 1142 574 1167 et
587 1139 710 1176 implere
723 1139 753 1167 in
764 1139 903 1167 homines

67 1181 474 1224 “Winathema
486 1185 563 1212 esto.
581 1194 595 1209 ν
611 1185 695 1212 Hunc
718 1187 817 1212 autem
833 1192 905 1212 ana-

67 1224 384 1267 thmripne
391 1227 474 1256 idem
482 1230 605 1256 sanctus
614 1230 698 1256 Pater
706 1228 905 1264 interpretans

68 1271 467 1308 siam-Iactus
493 1273 668 1308 Uuigenitus
698 1273 747 1300 Dei
776 1273 905 1300 Verbum

68 1316 387 1356 pertimui
396 1318 475 1345 Deus
491 1318 595 1345 omnia
605 1317 754 1345 exsistens
763 1325 906 1353 qusecun-

66 1371 131 1404 que
145 1360 389 1400 RW!-
401 1361 501 1389 solum
514 1369 579 1389 esse
593 1362 689 1396 Pater,
708 1366 735 1389 et
750 1363 906 1397 proprium

384 1408 470 1434 Patre
490 1408 542 1439 est,
560 1409 588 1433 et
602 1406 798 1434 essentialiter
817 1406 908 1433 inhae-

73 1448 494 1490 mﬂmﬂnctm,
511 1453 598 1486 signa
612 1451 659 1479 illa
676 1451 787 1478 divime
803 1454 907 1486 poten-

74 1496 129 1525 tias
440 1483 553 1524 Istam'
570 1496 659 1530 igitur
689 1483 908 1531 expositionem

767 184 906 214 CONTRA
924 183 1081 215 GRBGOS.
1723 183 1775 214 510

950 292 1067 328 gesimo
1109 296 1227 328 quarto,
1267 293 1587 321 excommunicationis
1628 291 1776 321 sententia

951 339 1055 364 contra
1079 344 1130 365 eos
1144 337 1174 364 in
1187 337 1262 365 urbe
1276 337 1358 372 regia
1371 337 1701 373 Constantinopolitana
1714 335 1777 365 lata

951 383 1006 410 est.
1023 382 1055 409 Et
1076 389 1221 417 magnum
1236 381 1374 417 ejusdem
1390 382 1517 410 civitatis
1533 382 1664 410 ecclesiae
1684 381 1776 410 altare

951 426 1030 454 hanc
1043 426 1142 462 ipsam
1163 427 1296 455 continet
1308 427 1485 455 sententiam
1498 423 1682 463 impositam,
1706 426 1777 454 scri-

952 473 1035 507 ptam
1050 479 1069 498 a
1088 472 1167 499 sedis
1183 472 1356 508 apOstolicae
1376 472 1494 507 legatis,
1512 475 1647 508 tempore
1673 470 1779 498 Leonis

952 523 1040 552 papae
1069 517 1100 543 IX
1115 518 1147 544 ut
1174 516 1338 544 videndum
1362 516 1505 544 exhibent
1523 524 1592 553 quae
1616 515 1698 552 apud
1711 522 1779 543 eam

953 560 1059 588 urbem
1082 563 1160 593 sunt,
1182 564 1243 589 tam
1261 562 1362 590 Graeca
1384 569 1480 598 quam
1497 561 1601 589 Latina
1622 560 1714 596 hujus
1737 559 1780 587 rei

954 609 1159 634 monumenta.

991 650 1045 677 Sed
1076 651 1264 678 Innocentius
1290 658 1371 687 papa
1394 652 1438 686 lli,
1471 651 1502 679 in
1530 650 1659 679 editione
1685 657 1781 686 quam

954 694 1022 721 fecit
1036 695 1188 722 catholicas
1199 695 1269 722 tidei
1281 695 1466 731 temporibus
1481 694 1603 730 nostris,
1612 693 1780 730 praesidens

954 738 984 766 in
1001 739 1130 773 generali
1144 739 1269 767 consilio
1285 740 1421 767 Laterani
1437 740 1598 773 celebrato,
1614 740 1643 767 et
1656 738 1779 766 dicens:

958 793 968 806 ι
982 784 1098 810 Patrem
1115 791 1133 810 a
1155 783 1248 816 nullo,
1265 784 1371 811 Filium
1392 792 1410 811 a
1429 785 1512 811 Patre
1539 783 1614 816 solo,
1638 781 1779 819 Spiritum

956 830 1095 855 sanctum
1111 827 1149 855 ab
1167 831 1302 864 utroque,
1314 839 1323 851 ι
1335 836 1458 856 omnem
1473 827 1744 856 excommunicavit
1754 828 1783 855 et

956 871 1217 900 anathematizavit
1228 872 1573 905 haeresim,extollentem
1589 880 1621 900 se
1637 871 1783 900 adversus

956 924 1023 944 eam
1052 924 1146 952 quam
1165 917 1345 953 composuit,
1373 920 1509 945 sanctam
1536 917 1735 945 orthodoxam
1756 917 1784 944 et

955 960 1135 988 catholicam
1150 961 1253 989 ﬁdem.
1270 962 1327 989 Sed
1342 963 1461 990 Graecus
1474 961 1631 989 manifeste
1648 969 1679 988 se
1700 959 1784 995 erigit

957 1008 1061 1032 contra
1077 1005 1238 1033 articulum
1253 1006 1291 1033 de
1307 1006 1416 1042 Spiritu
1430 1008 1543 1034 sancto.
1562 1007 1648 1040 Ergo,
1665 1007 1720 1033 etc.

994 1051 1065 1078 Item
1079 1060 1089 1078 :
1102 1050 1223 1078 Falsarii
1233 1052 1452 1087 Scripturarum
1466 1051 1706 1079 authenticarum
1716 1052 1785 1078 sunt

957 1095 1210 1123 excommunicati
1235 1103 1288 1131 per
1307 1096 1453 1130 concilia;
1469 1095 1521 1123 sed
1545 1095 1602 1131 ipsi
1627 1094 1786 1122 falsiﬁcant

958 1139 1136 1175 Scripturas,
1165 1142 1193 1168 et
1217 1143 1342 1168 utuntur
1362 1140 1454 1173 falsis,
1483 1143 1511 1167 et
1532 1140 1668 1168 scienter.
1709 1139 1785 1174 Ergo

960 1184 1160 1211 anathematis
1186 1185 1287 1219 gladio
1316 1185 1451 1221 percussi
1478 1184 1620 1213 incedunt
1639 1192 1693 1220 per
1704 1183 1786 1211 viam

960 1228 1172 1256 damnationis.

997 1273 1029 1299 Et
1054 1273 1161 1301 beatus
1183 1273 1365 1301 Athanasius
1389 1274 1419 1302 in
1433 1273 1577 1310 Symbolo
1596 1275 1684 1301 rectae
1704 1272 1786 1306 ﬁdei,

961 1324 1029 1344 cum
1046 1317 1169 1345 dixisset
1183 1327 1189 1345 :
1206 1330 1216 1343 ι
1235 1318 1322 1346 Pater
1336 1326 1355 1346 a
1369 1319 1452 1346 nullo
1467 1320 1511 1346 est
1523 1318 1629 1352 factus,
1640 1325 1696 1345 nec
1708 1324 1787 1344 crea~

962 1365 1020 1394 tus,
1049 1370 1103 1390 nec
1120 1363 1258 1397 genitus:
1291 1364 1378 1391 Filius
1402 1371 1420 1391 a
1447 1364 1531 1391 Patre
1556 1362 1621 1391 solo
1647 1364 1699 1398 est,
1724 1369 1788 1389 non

963 1406 1069 1438 factus,
1085 1415 1140 1435 nec
1156 1410 1285 1437 creatus.
1300 1408 1353 1435 sed
1374 1408 1491 1442 genitus
1507 1417 1514 1442 ;
1531 1407 1656 1444 Spiritus
1671 1415 1690 1435 a
1704 1408 1788 1434 Patre

964 1456 992 1480 et
1008 1453 1088 1482 Filio.
1105 1461 1166 1480 non
1183 1453 1288 1483 factus,
1305 1461 1361 1480 nec
1375 1455 1503 1486 creatus,
1518 1460 1572 1480 nec
1593 1452 1719 1486 genitus,
1734 1450 1788 1478 sed

963 1498 1141 1535 procedens,
1160 1508 1169 1521 ι
1186 1505 1215 1525 in
1230 1497 1289 1525 ﬁne
1304 1497 1371 1525 libri
1394 1497 1550 1532 subjunxit
1564 1499 1591 1524 et
1606 1496 1665 1524 ait:
1695 1507 1705 1520 ι
1722 1496 1789 1523 Haec

72 1530 199 1581 accepi?
216 1530 487 1577 τίειίῆλᾙυοᾱυε,
517 1540 623 1576 quinta
657 1530 853 1574 confirmavit,
881 1542 909 1567 et

969 1530 1008 1571 est
1017 1543 1092 1570 ﬁdes
1104 1530 1260 1576 catholica,
1272 1550 1364 1578 quam
1374 1542 1432 1569 nisi
1442 1530 1569 1578 quisque
1579 1541 1705 1568 ﬁdeliter
1718 1548 1724 1567 ε
1741 1539 1790 1567 tir-

72 1584 608 1614 eontratﬁbeﬂﬂ’ﬁeommunicavit
620 1594 626 1618 ;
644 1584 775 1612 Ecclesia
791 1584 909 1611 univer-

70 1630 144 1659 salis
166 1631 306 1665 tenegot
331 1629 438 1661 tenuit,
463 1631 491 1657 et
515 1629 706 1665 approbavit.
735 1628 792 1656 Sed
820 1628 911 1656 Grmci

358 1674 572 1702 contradicunt
592 1680 674 1701 nono
703 1672 835 1709 capitulo
863 1680 910 1699 ex-

73 1716 436 1758 Msﬂem,
455 1720 484 1746 et
506 1718 638 1753 allegant
665 1726 720 1753 pro
741 1725 771 1745 se
802 1717 913 1752 scripta

75 1757 406 1796 Wet,
432 1765 461 1791 et
486 1771 539 1799 per
552 1762 713 1790 concilium
737 1769 912 1789 excommu-

76 1806 469 1844 nmm‘mndum
484 1807 544 1834 vim
555 1807 717 1843 propositae
731 1805 913 1833 definitionis

142 1850 480 1891 Wﬂndicandi.
494 1851 577 1880 Unde
598 1852 706 1879 beatus
729 1850 914 1885 Augustinus

79 1896 115 1924 in
391 1897 525 1931 Petrum,
536 1904 605 1923 cum
616 1896 646 1923 in
658 1898 766 1923 octavo
781 1894 915 1930 capitulo

77 1938 392 1978 ejummum
409 1943 548 1968 sanctum
566 1948 602 1967 ex
621 1942 703 1967 Patre
717 1942 745 1967 et
763 1939 833 1966 Filio
849 1946 916 1974 pro-

77 1978 377 2017 eedeﬂrﬂuset
403 1984 594 2018 testimoniis,
632 1984 661 2011 in
686 1983 746 2011 fine
780 1983 917 2010 omnium

79 2021 370 2067 cam-(tl)
389 2028 557 2064 subjunxit,
572 2031 601 2056 et
622 2028 662 2056 ait
689 2029 791 2055 Petro:
819 2039 833 2051 ‹‹
851 2028 917 2054 Haec

78 2070 415 2111 inteﬁWinta
423 2072 553 2109 capitula
563 2073 601 2100 ad
611 2072 746 2107 regulam
759 2071 918 2099 verm'iidei

75 2117 258 2148 ﬁrmissime
283 2117 475 2154 pertinentia,
509 2116 634 2144 ﬁdeliter
661 2116 771 2148 crede;
807 2116 919 2143 fortiter

77 2162 162 2197 me,
336 2161 478 2190 defende.
497 2162 531 2188 Et
546 2161 673 2197 siquem
698 2160 849 2188 contraria
876 2160 918 2187 his

307 2205 496 2241 cognoveris,
509 2207 656 2241 tanquam
669 2207 783 2241 pestem
799 2204 876 2239 fuge,
892 2207 920 2231 et

258 2248 436 2279 Meum
454 2249 562 2285 abjice.
580 2260 594 2274 η
618 2250 660 2277 ita
675 2250 755 2277 enim
770 2249 827 2277 ista.
852 2257 920 2284 qum

373 2294 530 2323 catholicis
556 2296 737 2329 congruunt,
761 2296 794 2321 ut
809 2294 831 2321 si
853 2294 922 2329 quis

80 2332 155 2370 non
167 2332 512 2374 mitiumsed
528 2338 618 2366 etiam
645 2338 770 2373 singulis
795 2338 922 2366 voluerit

80 2379 346 2418 conmilitio
355 2383 441 2420 quod
451 2382 577 2418 singulis
586 2383 695 2411 horum
706 2383 923 2410 contumaciter

77 2423 366 2467 Wet-his
387 2428 539 2455 contraria
565 2427 675 2455 docere
705 2434 766 2454 non
794 2427 922 2461 dubitat,

79 2469 266 2510 mm,
274 2471 395 2502 δοιὼί
411 2471 588 2500 Christianas
602 2471 754 2504 inimicus,
779 2474 868 2507 atque
883 2473 924 2499 ob

81 2513 494 2554 vaholiois
512 2515 815 2544 anathematizandus
830 2523 924 2552 appa-

85 2558 305 2593 mu'n-rﬁ

95 2619 98 2624 -
114 2604 545 2645 -Wdamdem:insuper
559 2612 695 2640 causam,
713 2605 770 2632 hoc
783 2606 837 2638 est,
854 2604 926 2640 quia

83 2650 244 2685 obstinato
278 2648 522 2685 “doneth
541 2649 769 2686 praeessionem
799 2649 925 2686 Spiritus

85 2697 188 2734 sanati
200 2705 222 2734 ρ.
235 2695 320 2733 Filio,
340 2697 371 2734 et
379 2695 532 2733 plurimos
547 2695 637 2724 etiam
653 2694 727 2723 alios
741 2702 866 2731 errores,
894 2694 925 2722 in

89 2733 336 2779 mimae
355 2738 512 2769 ’Βοιωηώ
524 2743 528 2746 ’
541 2739 679 2768 Ecclesia:
715 2739 924 2773 adversantur,

127 2795 188 2828 (l0)
202 2793 584 2828 (bustantinopolitanum.

124 2795 188 2869 8‘3
199 2795 433 2873 remisi:

10 3098 51 3189 ι.
50 3157 73 3188 ’ἐ
78 3147 108 3169 ‘L-Q
116 3142 147 3190 ⁷ἸΞ
153 3143 222 3190 i'Q’r‘;
259 3147 265 3171 ,Ἰ
276 3142 293 3164 7v.
303 3139 318 3177 :—

239 3175 243 3178 '
250 3176 307 3190 'M
268 3179 274 3181 -
290 3174 297 3178 ’
311 3175 346 3188 ,με

964 1589 1112 1623 miterque
1121 1587 1290 1620 crediderit,
1309 1587 1407 1615 salvus
1421 1595 1487 1614 esse
1500 1594 1561 1614 non
1575 1586 1691 1622 poterit.
1708 1597 1721 1610 η
1734 1584 1791 1613 Sed

965 1632 1055 1661 Graeci
1071 1639 1132 1659 non
1147 1632 1354 1668 credunt,quee
1366 1632 1396 1659 in
1407 1639 1443 1660 eo
1455 1631 1646 1659 continentur
1659 1640 1665 1665 ;
1681 1629 1791 1658 salvari

966 1693 1037 1720 ergo
1053 1693 1113 1713 non
1129 1688 1265 1721 possunt.

1002 1732 1060 1758 Nos
1075 1733 1174 1758 autem
1192 1732 1366 1758 sanctorum
1385 1731 1555 1758 Graecorum
1572 1731 1600 1756 et
1622 1727 1794 1756 Latinorum

968 1774 1130 1802 sententias
1137 1773 1393 1807 secuti,credimus
1401 1773 1794 1807 etconﬁtemur,cantamus,

969 1822 998 1846 et
1011 1819 1180 1851 scribimus,
1191 1821 1219 1846 et
1229 1817 1374 1846 docemus
1382 1819 1498 1845 Patrem
1511 1825 1528 1845 a
1540 1825 1581 1852 se,
1593 1824 1654 1844 non
1666 1816 1704 1844 ab
1715 1814 1774 1844 alio
1788 1825 1794 1844 :

970 1863 1075 1891 Filium
1093 1871 1110 1891 a
1123 1865 1205 1891 Patre
1221 1863 1285 1890 solo
1300 1863 1433 1897 genitum
1447 1871 1454 1888 :
1471 1862 1613 1899 Spiritum
1628 1862 1766 1888 sanctum
1779 1868 1798 1888 ε,

971 1910 1054 1936 Patre
1080 1909 1109 1934 et
1131 1907 1201 1934 Filio
1224 1906 1379 1942 aequaliter
1390 1907 1616 1942 procedentem,
1636 1908 1665 1933 et
1687 1905 1799 1941 pariter

971 1955 1030 1980 tres
1042 1951 1164 1988 quidem
1181 1951 1336 1986 discretas,
1353 1951 1520 1983 distinctas,
1537 1953 1566 1978 et
1579 1949 1725 1986 perfectas
1740 1949 1798 1985 hy—

972 2000 1108 2034 postases
1128 1997 1202 2028 ,sed
1222 2004 1316 2023 unam
1337 1996 1509 2028 essentiam,
1528 2003 1620 2022 unam
1646 1994 1798 2027 deitatem,

973 2050 1065 2070 unam
1079 2044 1268 2078 potestatem.
1280 2048 1373 2068 unam
1387 2048 1512 2068 causam
1527 2049 1533 2067 :
1549 2048 1566 2067 a
1577 2048 1635 2076 quo
1651 2038 1762 2070 omnia,
1772 2040 1801 2066 et

973 2095 1136 2123 perquem,
1151 2090 1180 2115 et
1192 2087 1223 2115 in
1238 2095 1299 2123 quo
1311 2089 1380 2114 sunt
1390 2086 1493 2114 omnia
1507 2094 1514 2113 :
1529 2088 1557 2113 et
1567 2085 1623 2121 ipsi
1639 2087 1682 2112 est
1694 2083 1800 2120 gloria,

975 2135 1004 2159 et
1030 2132 1137 2162 honor.
1166 2134 1195 2159 et
1222 2131 1384 2167 imperium
1408 2131 1439 2158 in
1466 2129 1579 2158 saecula
1608 2129 1800 2157 saeculorum.

933 2189 957 2217 ο
976 2180 1081 2204 Amen.

1013 2220 1079 2248 Illos
1095 2228 1166 2248 vero
1181 2220 1232 2255 qui
1245 2219 1368 2247 dicunt:
1388 2219 1515 2253 Spiritus
1533 2220 1656 2246 sanctus
1669 2215 1804 2253 procedit

977 2264 1101 2301 quidem
1125 2272 1143 2292 a
1172 2265 1267 2299 Patre,
1294 2264 1348 2291 sed
1371 2271 1433 2291 non
1448 2271 1466 2291 a
1491 2263 1570 2298 Filio,
1597 2261 1641 2289 vel
1661 2261 1756 2296 aliter,
1776 2262 1805 2288 et

976 2309 1046 2345 plus
1069 2317 1087 2337 a
1109 2311 1205 2341 Patre,
1227 2316 1321 2344 quam
1337 2316 1355 2336 ει
1376 2308 1445 2336 Filio
1467 2316 1476 2334 :
1507 2310 1559 2335 aut
1575 2306 1690 2343 priusa
1709 2307 1803 2338 Patre,

977 2362 1071 2390 quam
1087 2362 1104 2381 a
1117 2354 1198 2384 Filio.
1208 2356 1236 2381 et
1246 2353 1366 2385 similia,
1381 2353 1495 2381 ratione
1511 2351 1581 2380 ﬁdei
1594 2350 1780 2379 adversantia
1797 2359 1803 2377 :

978 2401 1006 2426 et
1029 2399 1086 2426 hoc
1109 2398 1272 2426 asserendo
1288 2398 1423 2433 credunt,
1437 2396 1604 2433 pradicant
1615 2398 1644 2423 et
1660 2395 1804 2428 scribunt,

979 2442 1054 2470 sicut
1064 2443 1126 2477 iam
1141 2442 1258 2469 dudum
1272 2442 1428 2469 deﬁnitum
1440 2443 1486 2469 est
1498 2447 1517 2467 a
1531 2439 1643 2468 sanctis
1658 2438 1804 2470 PatribUs,

980 2491 1125 2523 tanquam
1140 2486 1295 2514 haereticos
1304 2494 1321 2513 a
1335 2485 1482 2514 catholica
1491 2483 1621 2512 Ecclesia
1632 2482 1804 2518 abjicimus,

980 2535 1008 2560 et
1024 2533 1164 2563 vitamus,
1179 2530 1398 2565 maledicimus,
1413 2532 1441 2557 et
1452 2528 1661 2565 reprobamus.

1193 2593 1353 2621 Distinctio
1362 2592 1399 2621 de
1412 2591 1581 2620 animabus.

1015 2647 1159 2683 Expedito
1173 2647 1204 2675 in
1218 2646 1458 2682 praecedentibus
1482 2644 1581 2681 primo
1596 2643 1731 2677 articulo,
1747 2643 1804 2671 sci-

979 2692 1048 2721 licet
1071 2692 1108 2721 de
1137 2691 1330 2728 processione
1360 2690 1486 2726 Spiritus
1503 2689 1598 2717 sancti
1625 2696 1643 2717 a
1672 2688 1753 2724 Filio,
1775 2688 1807 2716 in

980 2744 1052 2774 quo,
1069 2739 1102 2766 ut
1115 2736 1240 2771 singulis
1256 2735 1382 2765 versutis
1396 2736 1567 2765 Graecorum
1589 2731 1809 2771 objectionibus

1017 2790 1074 2829 (l2)
1088 2790 1163 2828 Cap.
1183 2791 1226 2818 44.
