4134 6374
600 326 699 385 611

595 453 1044 528 respondimus,
1073 461 1132 518 et
1159 459 1326 536 ipsos
1353 467 1651 540 tanquam
1677 468 1942 527 veritatis
1978 468 2254 528 falsarios
2285 469 2332 524 Α

597 555 671 597 ex
693 541 862 599 libris
892 545 1038 614 suis,
1069 549 1292 622 quibus
1322 569 1386 610 se
1422 555 1677 628 jactant,
1713 561 1771 615 et
1797 561 2005 617 contra
2033 561 2255 617 Roma-

597 643 740 686 nam
763 632 1000 703 erigunt
1021 637 1365 714 Ecclesiam,
1393 659 1518 701 non
1537 645 1735 703 solum
1761 663 2010 719 errasse,
2039 663 2252 706 verum

595 719 776 812 etiam
797 723 858 780 in
891 725 1197 787 Canonem
1226 731 1362 790 latae
1387 737 1695 794 sententiae.
1724 737 2006 795 incidisse
2025 737 2250 812 proba-

593 808 834 901 vimus;
867 812 1071 874 forsan
1095 818 1232 892 plus
1258 825 1598 882 necessario
1626 831 1842 900 praeter
1870 808 2249 901 propositum

594 899 807 991 prolixi
856 901 1119 972 fuimus;
1165 914 1352 969 restat
1397 929 1560 971 nunc
1610 899 1814 972 videre
1870 899 2003 991 per
2033 917 2250 975 eadem

596 989 958 1061 testimonia,
978 994 1084 1053 ubi
1105 998 1323 1056 animae
1349 1002 1581 1074 talium,
1617 1005 1680 1061 id
1705 1010 1812 1073 est,
1837 989 2172 1064 inﬁdelium
2191 1011 2250 1064 et

596 1078 1174 1171 malecredentium,
1209 1097 1492 1149 exeuntes
1521 1110 1560 1151 a
1587 1110 1836 1169 corpore
1860 1098 2246 1171 recipiantur.

598 1168 812 1260 Dpinio
832 1173 992 1260 enim
1009 1190 1218 1234 eorum
1241 1185 1348 1248 est,
1373 1182 1525 1239 sicut
1539 1168 1804 1241 dixiinus
1828 1205 1841 1243 :
1867 1168 2035 1260 quo—d
2053 1202 2247 1260 neque

594 1255 658 1312 in
683 1259 1035 1329 paradisum
1055 1264 1250 1338 bonae,
1285 1284 1483 1344 neque
1513 1272 1573 1330 in
1595 1255 1910 1332 infernum—
1923 1280 2062 1333 ante
2083 1255 2245 1333 diem

589 1344 813 1438 judiciii
854 1351 1082 1410 vadunt
1133 1356 1353 1414 animae
1422 1362 1871 1434 reproborum:
1927 1371 2245 1438 sequentes

593 1437 922 1507 quemdam
935 1441 1118 1514 hujus
1131 1445 1432 1505 hazreseos
1443 1449 1834 1526 inventorem,
1851 1437 2248 1528 archiepisco-

590 1539 739 1597 pum
752 1530 1061 1600 quondam
1081 1535 1360 1594 Caesareae
1379 1541 1798 1614 Cappadociae,
1823 1543 2128 1601 Andream
2142 1559 2248 1600 no—

591 1614 777 1685 mine,
821 1619 927 1690 qui
983 1621 1127 1680 dicit
1181 1628 1428 1700 propria
1475 1646 1733 1703 corpora
1779 1633 2132 1706 praestolari,
2180 1638 2247 1692 ut

593 1718 745 1795 cum,
765 1705 868 1773 eis,
895 1724 1032 1768 cum
1064 1713 1286 1786 quibus
1312 1717 1476 1774 bona
1505 1720 1596 1776 vel
1623 1721 1787 1779 mala
1811 1723 2240 1795 commiserint,

589 1794 1009 1883 retributiones
1081 1803 1350 1862 similiter
1413 1808 1710 1866 factorum
1772 1812 2078 1883 recipiant.
2136 1794 2248 1881 Qui
2277 1799 2317 1854 Β
2353 1799 2500 1856 dam
2529 1800 2738 1856 dicunt
2763 1799 3040 1856 nondum
3065 1803 3413 1856 assecutum
3438 1814 3572 1855 035°
3595 1797 4010 1872 Ῑᾶίτουθωρᾶο
4086 1794 4087 1866 ἶ

591 1881 770 1941 etiam
783 1885 862 1942 ad
874 1888 1356 1953 conﬁrmandam
1367 1913 1542 1956 suam
1552 1881 2248 1975 opinionemerroneam,

592 1975 1009 2065 auctoritatem
1054 1982 1330 2054 Apostoli
1361 1987 1442 2043 ad
1491 1987 1772 2048 Hebraeos
1821 2009 1933 2065 pro
1963 2009 2024 2049 se
2060 1994 2246 2051 intro-

592 2059 778 2132 ducit,
827 2080 951 2154 qua
977 2067 1232 2129 dicitur:
1267 2074 1347 2132 Et
1396 2077 1463 2134 hi
1491 2093 1690 2136 omnes
1725 2059 2059 2141 testimonio
2104 2084 2250 2154 ﬁdei

585 2153 852 2243 probati;
886 2170 1006 2214 non
1037 2169 1391 2230 receperunt
1421 2170 1937 2236 repromissionem
1983 2153 2111 2230 Deo
2128 2189 2246 2243 pro

590 2239 761 2296 nobis
787 2245 1000 2303 melius
1025 2249 1263 2322 aliquid
1287 2256 1657 2324 providente,
1691 2265 1759 2316 ut
1787 2276 1910 2318 non
1931 2263 2058 2320 sine
2077 2239 2245 2321 nobis

592 2343 1157 2394 consummarentur
1177 2343 1244 2397 ⁵³.

663 2420 769 2514 Cui
792 2423 1043 2481 Andreae
1087 2428 1295 2488 obviat
1327 2431 1540 2491 beatus
1583 2438 1848 2496 Joannes
1900 2441 2246 2514 Chrysosto-

589 2522 726 2564 mus
753 2509 816 2567 in
845 2515 1216 2586 expositione
1259 2521 1534 2591 ejusdem
1559 2527 1852 2600 Epistolas,
1885 2534 1943 2588 et
1985 2509 2126 2589 talia
2152 2537 2243 2590 te-

587 2601 775 2696 statur
789 2618 802 2654 :
816 2625 845 2653 ‹‹
866 2605 1514 2684 Perceperuntquidem
1525 2616 1698 2687 juxta
1715 2635 1971 2676 coronas
1984 2621 2238 2679 debitas.

586 2687 643 2743 Si
674 2704 864 2748 unum
895 2707 1113 2767 corpus
1143 2714 1356 2757 sumus
1383 2718 1614 2777 omnes,
1641 2709 1837 2779 major
1871 2709 2123 2768 efficitur
2143 2713 2240 2769 isti

587 2781 823 2870 corpori
855 2782 1167 2844 delectatio
1198 2790 1317 2847 sive
1344 2791 1562 2863 fruitio,
1612 2797 1864 2870 quando
1902 2804 2240 2859 communi-

583 2869 689 2931 ter,
713 2873 915 2928 etnon
936 2877 1371 2946 particulariter
1389 2869 1774 2944 coronantur.
1806 2891 2033 2947 Etenim
2057 2893 2241 2950 etiam

577 2955 726 3053 justi
755 2959 953 3053 inboc
974 2970 1114 3022 sunt
1132 2968 1542 3043 admirabiles,
1565 2978 1710 3049 quia
1731 2981 1999 3050 gaudent
2039 2981 2240 3040 frater-
2270 2999 2310 3053 ρ

581 3046 677 3102 nis
698 3047 876 3145 bonis
901 3055 1195 3145 tanquam
1215 3057 1275 3114 in
1293 3063 1552 3134 propriis
1567 3046 1815 3140 .iltaque
1829 3069 2018 3127 ethoc
2037 3072 2238 3145 ipsum

585 3138 925 3196 secundum
953 3143 1325 3204 voluntatem
1373 3155 1583 3211 eorum
1611 3138 1733 3223 est,
1777 3162 1843 3214 ut
1871 3138 2079 3218 simul-
2098 3179 2238 3223 cum

583 3225 842 3324 propriis
882 3231 1172 3324 membris
1214 3245 1612 3312 coronentur;
1641 3260 1784 3306 nam
1816 3247 1995 3305 simul
2021 3251 2238 3322 glorifi-

581 3323 707 3414 cari
740 3331 964 3414 magna
1009 3326 1098 3376 est
1125 3323 1175 3379 ei
1198 3324 1416 3385 fruitio.
1452 3353 1479 3380 n
1535 3335 1715 3399 Quasi
1766 3337 1929 3396 dicat
1970 3349 2233 3412 sanctus,

576 3404 930 3501 juxtaillud
955 3412 1386 3487 Apocalypsis:
1423 3421 1596 3480 Datne
1619 3433 1762 3482 sunt
1788 3430 2047 3501 singulis
2071 3404 2236 3492 stolas

581 3492 740 3593 atbce
760 3496 829 3596 ξ’,
853 3502 1367 3596 praetendentibus
1386 3510 1714 3573 vindictam
1743 3492 1971 3593 proprii
1995 3527 2236 3596 sangui-

580 3583 694 3649 nis,
723 3583 784 3640 id
827 3591 934 3655 est,
967 3589 1447 3656 desiderantibus
1477 3583 1878 3665 mutationem
1901 3611 1963 3668 in
2019 3583 2234 3673 melius

579 3685 926 3778 corporum:
947 3678 1206 3778 Singulae
1232 3687 1397 3744 stolae
1417 3690 1592 3762 albae,
1625 3695 1685 3752 id
1703 3703 1810 3765 est,
1834 3702 2032 3772 prima
2056 3705 2227 3778 stola,

577 3773 716 3861 quae
746 3767 838 3818 est
867 3765 1221 3862 gloriﬁcatio
1265 3778 1485 3836 animae
1510 3798 1524 3838 :
1555 3784 1636 3840 Et
1661 3765 1885 3846 dictum
1913 3797 1996 3848 est
2024 3794 2123 3862 eis,
2168 3765 2233 3850 ut

576 3858 886 3921 quiescant
898 3858 1105 3952 adhuc
1121 3865 1416 3926 modicum
1435 3877 1685 3945 tempus,
1701 3877 1887 3938 donec
1904 3858 2234 3952 impleatur

575 3954 855 4041 numerus
875 3945 1148 4013 fratrum
1188 3960 1520 4018 vestrorum
1548 3964 1597 3999 ⁵³
1630 3982 1643 4033 ;
1679 3967 1793 4024 hoc
1837 3971 1946 4027 erit
1987 3945 2054 4030 in
2109 3973 2230 4031 ﬁne

575 4029 811 4133 mundi,
841 4037 1091 4133 quando
1111 4049 1434 4119 resumptis
1463 4056 1818 4126 corporibus
1837 4059 2135 4133 gloriosis,
2167 4063 2229 4120 in

575 4124 1045 4224 utroquepetde
1059 4134 1312 4208 utroque
1343 4124 1715 4208 gaudebunt.
1774 4124 1938 4206 Tunc
1977 4124 2228 4224 quidem

574 4205 888 4312 babebunt
911 4205 1238 4312 perfectum
1262 4205 1552 4296 gaudium
1577 4237 1790 4306 sancti,
1808 4239 1912 4311 qui
1934 4205 2229 4312 (ιᾶἆὲιῖᾆᾷ

573 4295 1000 4408 babantmodo
1021 4309 1220 4408 adhuc
1249 4295 1492 4378 oculum
1518 4325 1737 4380 mentis
1877 4295 2231 4402 corpussi;-
2255 4352 2306 4408 ι)

579 4387 787 4491 turale,
818 4407 1036 4491 eorum
1053 4403 1345 4471 gaudium
1367 4409 1788 4484 imperfectum
1817 4387 2021 4491 aliquo
2042 4387 2228 4481 modo

574 4481 754 4576 etiam
775 4497 822 4576 Aa
850 4489 1072 4544 sanctis
1102 4497 1326 4553 nostris
1359 4481 1707 4560 doctoribus
1733 4481 2063 4576 judicatur.

647 4569 862 4628 Beatus
883 4590 1126 4652 quoque
1147 4584 1536 4659 Athanasius,
1554 4593 1617 4651 in
1644 4569 1798 4652 libro
1821 4598 2226 4665 Quaestionum

574 4671 842 4762 suarum,
861 4668 1416 4762 cuminterrogatus
1445 4679 1672 4750 fuisset,
1706 4685 1811 4743 ubi
1837 4694 2036 4747 essent
2065 4707 2228 4749 nunc

572 4756 790 4810 animae
806 4756 1228 4824 defunctorum
1245 4769 1272 4825 ?
1291 4772 1602 4843 respondit
1617 4778 1909 4848 quaerenti
1931 4796 1944 4834 :
1969 4801 1997 4829 «
2023 4782 2226 4839 Extra-

570 4858 689 4902 nea
716 4849 986 4921 quidem,
1018 4859 1076 4912 et
1126 4859 1453 4917 metuenda
1482 4864 1758 4935 quaestio,
1790 4871 1848 4924 et
1874 4867 2227 4928 hominibus

570 4937 888 4998 occultata.
921 4946 1050 5001 Non
1077 4947 1241 5003 enim
1259 4951 1535 5021 permisit
1556 4954 1870 5027 Dominus,
1895 4960 2230 5030 quemlibet

571 5040 779 5085 eorum
804 5032 978 5101 solvi,
999 5035 1106 5106 qui
1130 5035 1216 5092 ibi
1247 5043 1405 5110 sunt,
1431 5045 1490 5098 et
1517 5042 1596 5099 ad
1626 5059 1740 5101 nos
1755 5047 1976 5116 venire,
2007 5050 2112 5106 ubi
2133 5050 2229 5107 vel

568 5121 882 5188 quomodo
939 5122 1057 5180 sint
1105 5134 1567 5202 prteassumptte
1620 5132 1840 5194 animas
1901 5137 2223 5197 defuncto-

567 5220 726 5264 rum.
761 5230 792 5259 ι)

1833 339 2319 402 PANTALEONIS
2354 336 2644 397 DIACONI
2681 336 2786 394 ΟΡ.

3924 336 4015 396 512

2461 465 2887 522 Verumtamen
2942 475 3017 520 ex
3061 459 3280 518 divinis
3328 457 3647 533 Scripturis
3698 459 4012 533 docemur,

2363 553 2530 628 quod
2561 556 2952 627 peccatorum
2978 549 3200 608 animas
3251 549 3313 606 in
3335 549 3570 606 inferno
3615 553 3784 620 sunt,
3808 550 4009 610 subtus

2361 658 2609 701 omnem
2639 646 2859 699 terram
2888 645 2946 698 et
2973 655 3160 706 mare,
3205 639 3376 706 sicut,
3436 638 3614 696 docet
3658 639 4010 698 Psalmista:

2358 733 2433 789 In
2468 733 2790 790 tenebrosis
2836 737 2896 788 et
2929 730 3146 788 umbra
3191 731 3422 798 mortis,
3476 735 3532 786 et
3581 730 3720 786 lacu
3781 730 4010 800 inferio-

2357 824 2418 878 ri
2441 823 2513 880 ⁵⁸.
2557 824 2622 878 Et
2651 820 2806 878 sicut
2834 819 3126 892 scriptum
3157 819 3222 875 in
3269 817 3418 875 Job:
3468 818 3542 874 In
3570 824 3807 875 terram
3869 825 4009 878 tene-
4086 817 4087 866 ί

2359 910 2596 968 brosam
2608 915 2663 966 et
2677 909 3111 975 turbulentam,
3127 908 3193 964 in
3207 913 3436 964 terram
3456 907 3852 964 tenebrarum
3865 915 4009 966 teter-

2356 1015 2596 1066 narum,
2630 999 2735 1054 ubi
2783 1013 2905 1055 non
2945 1007 3032 1055 est
3058 997 3336 1066 claritas,
3364 1011 3474 1053 nec
3501 996 3708 1054 videre
3730 998 3928 1055 vitam
3954 1001 4009 1056 ⁵⁵.

2354 1090 2658 1145 Justorum
2706 1091 2908 1143 autem
2957 1086 3176 1144 animas
3223 1089 3362 1158 post
3407 1085 3745 1143 adventum
3796 1086 4009 1152 Christi,

2357 1177 2511 1234 sicut
2536 1177 2597 1232 in
2625 1177 2857 1233 latrone
2887 1175 3233 1245 didicimus,
3271 1173 3333 1231 in
3381 1173 3667 1247 paradiso
3697 1179 3875 1232 sunt.
3904 1178 4010 1232 Non

2355 1265 2517 1322 enim
2542 1270 2790 1339 propter
2819 1265 3090 1322 animam
3121 1262 3316 1321 solam
3340 1262 3588 1320 latronis
3617 1261 3905 1320 Christus
3925 1267 4010 1322 Do-

2356 1355 2556 1412 minus
2584 1353 2940 1427 paradisum
2974 1352 3228 1426 aperuit,
3263 1351 3370 1410 sed
3401 1357 3458 1409 et
3481 1355 3730 1426 propter
3762 1352 4008 1426 reliquas

2354 1447 2702 1500 sanctorum
2732 1443 2990 1500 animas.

2425 1536 2505 1589 De
2552 1533 2669 1590 isto
2696 1533 2943 1606 insuper
2967 1530 3200 1588 latrone
3227 1532 3489 1588 Joannes
3520 1530 4008 1603 Chrysostomus,

2353 1636 2663 1695 exponens
2689 1621 2837 1678 illud
2861 1620 3116 1677 verbum
3140 1622 3310 1676 Lucae
3331 1637 3344 1676 :
3369 1621 3559 1677 Amen
3589 1619 3728 1676 dico
3765 1621 3904 1689 tibi,
3933 1621 4012 1677 ho-

2352 1711 2450 1770 die
2470 1726 2698 1769 mecum
2727 1711 2843 1768 eris
2872 1711 2936 1768 in
2955 1709 3246 1782 paradiso
3268 1709 3336 1777 5°,
3363 1707 3446 1766 ita
3483 1708 3755 1783 loquitur
3781 1726 3798 1765 :
3836 1732 3868 1760 α
3891 1711 4010 1776 Qui-

2355 1888 2543 1946 radisi
2571 1889 2977 1956 mansionem,
3027 1887 3137 1944 sed
3167 1891 3413 1960 propter
3455 1886 3892 1960 promissionis
3933 1887 4009 1945 ﬁr-

2355 1978 2645 2044 mitatem,
2704 1981 2762 2034 et
2809 1975 3360 2034 immutabilitatem
3414 1975 3623 2032 dicunt
3697 1976 4009 2034 dominum

2355 2065 2618 2124 dixisse:
2651 2067 2847 2123 Hodie
2870 2081 3101 2123 mecum
3126 2067 3241 2122 eris
3271 2069 3335 2121 in
3352 2065 3670 2136 paradiso.
3709 2088 3731 2114 ι
3766 2067 3886 2124 Alii
3913 2083 4007 2124 au-

2354 2157 2496 2218 tem,
2574 2158 2630 2210 et
2686 2153 2767 2212 ad
2822 2152 3188 2211 vocabulum
3242 2157 3488 2224 cogunt.
3541 2152 3759 2211 Dicunt
3819 2155 4002 2211 enim:

2356 2245 2600 2317 Oportet
2640 2259 2754 2302 nos
2811 2243 3089 2300 distincte
3133 2246 3192 2300 et
3232 2242 3570 2316 punctatim
3632 2243 3848 2315 legere
3893 2244 4004 2301 sic:

2350 2335 2542 2391 Amen
2558 2335 2685 2390 dico
2703 2334 2833 2400 tibi,
2853 2333 3026 2391 hodie
3039 2348 3266 2390 mecum
3283 2337 3402 2390 eris
3419 2333 3482 2390 in
3491 2334 3784 2404 paradiso
3814 2353 3831 2403 ;
3849 2334 4009 2408 quasi

2351 2421 2416 2479 in
2459 2423 2730 2479 futurum
2777 2427 3017 2495 tempus
3067 2421 3365 2478 aestiment
3414 2423 3716 2495 respicere
3765 2424 4010 2496 promis

2353 2511 2606 2568 sionem.
2622 2511 2998 2584 lmpossibile
3019 2515 3129 2582 est,
3150 2510 3449 2584 inquiunt,
3475 2510 3674 2584 ipsum
3689 2527 3868 2570 nunc
3893 2528 4009 2568 esse
4086 2510 4087 2574 ἔ

2350 2599 2414 2657 in
2461 2601 2768 2674 paradiso,
2818 2617 2958 2657 cum
3010 2600 3336 2675 Apostolus
3376 2600 3539 2658 dicat
3577 2599 3654 2657 de
3693 2603 3930 2660 sanctis
3956 2604 4007 2659 in

2351 2691 2614 2764 Epistola
2664 2690 2743 2749 ad
2774 2691 3052 2748 Hebraeos
3086 2711 3100 2748 :
3131 2691 3217 2746 Hi
3242 2705 3441 2748 omnes
3486 2705 3602 2750 non
3643 2699 4006 2760 receperunt

2347 2781 2790 2850 promissiones,
2809 2786 2876 2836 ut
2898 2795 3018 2836 non
3035 2781 3165 2836 sine
3180 2779 3352 2836 nobis
3369 2793 3816 2837 consummaren
3825 2787 3942 2836 tur
3953 2784 4006 2836 ετ.

2353 2871 2418 2924 Et
2445 2876 2587 2942 post
2625 2884 2826 2942 pauca
2854 2868 3132 2940 adjungit
3160 2868 3323 2924 idem
3370 2873 3629 2930 sanctus,
3666 2869 4006 2940 reprobatis

2349 2957 2602 3015 istorum
2632 2957 3042 3031 opinionibus,
3093 2957 3342 3014 dicens:
3376 2979 3404 3008 «
3447 2960 3515 3014 Et
3565 2956 3718 3013 latro
3764 2958 3999 3032 quidem

2348 3047 2702 3121 paradisum
2732 3047 3025 3120 possidet,
3055 3048 3182 3104 sive
3211 3051 3526 3104 assecutus
3546 3051 3660 3106 est.
3690 3046 3830 3105 Non
3860 3050 3990 3106 enim

2348 3135 2586 3192 mentiri
2616 3138 2831 3208 potest,
2853 3135 2959 3208 qui
2983 3135 3162 3192 dicit:
3203 3135 3392 3192 Hodie
3419 3150 3650 3193 mecum
3673 3138 3794 3194 eris
3821 3139 3888 3193 in
3908 3151 4000 3207 pa-

2348 3225 2569 3282 radiso.
2596 3247 2624 3277 »

2420 3317 2566 3370 Item
2595 3315 2658 3371 in
2683 3314 2974 3388 praedicto
2989 3313 3144 3371 libro
3176 3315 3607 3385 Quaestionum,
3632 3330 3771 3371 cum
3787 3313 4002 3373 iterum

2345 3402 2570 3460 diceret
2597 3405 2961 3477 quaerenszft
2998 3403 3304 3476 Numquid
3331 3419 3457 3460 non
3491 3419 3797 3461 memores
3843 3408 4003 3465 erunt

2346 3494 2566 3550 animae
2592 3498 3070 3566 praeassumptae,
3109 3494 3264 3550 sicut
3282 3493 3481 3564 angeli
3503 3509 3816 3550 memores
3832 3492 4001 3551 sunt?

2345 3586 2693 3639 sanctorum
2723 3581 2971 3656 quidem
2998 3582 3218 3638 animae
3240 3597 3492 3655 prorsus
3513 3598 3826 3640 memores
3841 3589 3997 3650 sunt;

2342 3675 2731 3744 peccatorum
2759 3687 2902 3726 vero
2960 3671 3179 3727 animae
3205 3686 3343 3727 cum
3371 3672 3486 3727 sint
3514 3671 3578 3727 in
3604 3671 3880 3742 inferno,
3908 3688 3995 3728 ne-

2341 3775 2461 3833 que
2493 3759 2614 3826 Dei,
2650 3774 2848 3832 neque
2875 3759 3063 3815 nostri
3094 3775 3395 3815 memores
3427 3764 3584 3816 sunt.
3610 3781 3640 3812 »
3675 3763 3745 3816 Et
3778 3761 4000 3819 addidit

2342 3847 2529 3905 David
2549 3848 2851 3906 dicentem
2871 3847 2949 3904 ad
2976 3848 3301 3904 Dominum
3326 3867 3340 3904 :
3367 3849 3661 3918 Quoniam
3687 3865 3823 3907 non
3851 3858 3930 3908 est
3947 3852 3997 3906 in

2339 3943 2530 3994 morte
2553 3938 2657 4009 qui
2673 3952 2900 3994 memor
2918 3938 2993 3992 sit
3018 3938 3126 4002 tui,
3155 3942 3219 3993 in
3245 3939 3481 4009 inferno
3497 3943 3697 3996 autem
3718 3942 3869 4011 quis
3883 3956 4002 3998 con.

2337 4027 2608 4096 ﬁtebitur
2632 4026 2742 4082 tibi
2765 4027 2812 4062 ⁵⁸
2835 4026 2864 4081 ?
2892 4029 2953 4081 Et
2970 4025 3186 4083 iterum
3210 4043 3224 4082 :
3257 4027 3394 4082 Non
3411 4028 3637 4083 mortui
3657 4028 4000 4087 laudabunt

2340 4121 2414 4182 te,
2447 4117 2716 4182 Domine,
2749 4130 2939 4188 neque
2968 4131 3171 4172 omnes
3194 4117 3300 4188 qui
3328 4116 3700 4174 descendunt
3729 4118 3807 4174 in
3837 4121 4002 4190 infer-

2340 4220 2486 4262 num
2520 4206 2591 4262 ⁵³.

2411 4294 2577 4351 Idem
2604 4297 2853 4351 sanctus
2881 4293 2943 4350 in
2973 4293 3260 4367 praedicto
3284 4293 3463 4362 libro,
3490 4294 3570 4351 ad
3621 4293 3826 4354 aliam
3853 4311 3998 4370 quae-

2339 4383 2597 4440 stionem
2629 4383 2746 4439 sibi
2768 4382 2995 4440 factam
3021 4400 3035 4440 :
3066 4383 3241 4450 Quid,
3273 4383 3515 4449 scilicet,
3564 4383 3646 4440 ibi
3681 4391 4002 4457 operentur

2338 4487 2504 4530 nunc
2527 4472 2751 4528 animae
2779 4476 3256 4545 praeassumptae,
3299 4472 3646 4545 respondit:
3676 4495 3707 4524 ‹‹
3737 4476 4005 4532 Animas
4086 4479 4087 4490 ‘

2337 4577 2590 4634 corpore
2617 4560 2835 4628 soluta,
2867 4576 2978 4618 nec
2998 4560 3252 4629 bonum,
3275 4576 3388 4618 nec
3417 4561 3648 4619 malum
3670 4563 3847 4622 valet
3874 4579 4002 4638 ope-
4086 4561 4087 4638 Ῐ

2337 4651 2618 4723 rari(t3).
2651 4653 2802 4708 Nam
2851 4648 3129 4718 visiones,
3170 4665 3327 4724 quas
3379 4650 3587 4708 vident
3639 4651 3912 4724 quidam
3938 4652 4002 4708 de
4086 4651 4087 4712 ξ

2339 4739 2433 4796 his
2459 4739 2566 4813 qui
2585 4739 2808 4796 mortui
2835 4742 2994 4808 sunt,
3017 4739 3468 4813 dispensatione
3494 4741 3795 4798 Dominus
3815 4748 4003 4801 osten-

2337 4828 2425 4885 dit
2443 4828 2525 4886 ad
2543 4832 2816 4885 nostram
2837 4828 3174 4886 utilitatem.
3205 4829 3367 4886 Sicut
3386 4829 3551 4886 enim
3577 4829 3716 4902 lyra
3751 4847 3893 4890 non
3912 4833 4004 4889 ha-

2336 4917 2489 4975 bens
2519 4917 2887 4991 pulsantem,
2908 4918 3106 4974 otiosa
3122 4918 3288 4989 jacet
3302 4923 3360 4975 et
3381 4918 3615 4992 absque
3662 4935 3855 4992 opere
3880 4942 3894 4980 :
3928 4922 4001 4977 sic

2342 5007 2553 5064 anima
2575 5012 2634 5065 et
2659 5023 2883 5081 corpus
2904 5007 2985 5063 ab
3003 5007 3260 5064 invicem
3279 5012 3558 5082 separata
3580 5008 3730 5066 nihil
3768 4995 4004 5085 operari

2342 5100 2593 5171 queunt.
2629 5099 2986 5156 Sanctorum
3018 5101 3223 5155 autem
3245 5099 3464 5155 animae
3487 5114 3524 5154 a
3546 5099 3771 5172 Spiritu
3802 5105 4005 5160 sancto

2337 5187 2616 5261 impulse
2647 5187 2772 5244 sive
2822 5191 2997 5245 tactae
3028 5203 3170 5245 cum
3224 5188 3452 5259 angelis
3493 5189 3558 5248 in
3599 5193 3758 5248 terra
3813 5193 4006 5249 viveu-
4086 5217 4087 5272 ξ

2336 5277 2489 5334 tium
2517 5277 2845 5336 Dominum
2872 5275 3152 5348 laudant,
3171 5281 3231 5336 et
3257 5277 3579 5336 exsultant.
3604 5301 3633 5330 ››

640 5410 685 5445 εί
737 5411 912 5468 Hebr.
989 5429 1069 5488 χι,
1135 5419 1225 5473 39.
1293 5418 1340 5455 ⁵³
1382 5421 1570 5494 Apoc.
1655 5437 1733 5491 v1,
1798 5427 1884 5481 ll.
1948 5425 1997 5461 ⁵³
2025 5425 2176 5485 ibid.

567 5483 655 5538 43.
714 5483 759 5518 ⁵⁷
794 5483 970 5538 Hebr,
1033 5503 1111 5538 XI.
1162 5491 1254 5538 40-
1308 5491 1356 5528 ω
1389 5493 1543 5538 pgat-
1588 5509 1663 5538 vx,
1716 5499 1765 5538 ιι
1833 5497 1880 5532 59
1909 5498 2036 5538 Dan]
2125 5515 2237 5538 nvn

2356 5428 2501 5538 liful.
2565 5445 2778 5499 Lxxvn,
2847 5434 2905 5490 7.
2988 5427 3179 5488 “Job
3251 5446 3310 5502 x,
3393 5431 3483 5487 2t.
3539 5431 3587 5468 ⁸⁸
3618 5431 3762 5490 Luc.
3841 5447 4000 5500 xxm,

644 5523 655 5536 .
714 5483 759 5518 ⁵⁷
794 5483 975 5554 Hebr,
1033 5483 1111 5554 xi,
1162 5491 1254 5556 40,
1308 5491 1356 5528 ⁸⁸
1386 5483 1545 5550 Psal.
1588 5509 1667 5560 vi,
1716 5483 1768 5551 ὂ.
1833 5483 2076 5557 “Psal.
2124 5483 2283 5568 tim,
2341 5483 2429 5558 17:.

639 5605 754 5676 (13)
791 5609 1077 5672 Meritoria
1103 5612 1346 5685 scilicet,
1373 5615 1466 5677 vel
1493 5617 1896 5684 demeritorie.
