4134 6380
105 277 212 334 513

1520 260 1799 321 CONTRA
1833 258 2150 321 GRAECOS.

3436 267 3546 345 514

172 400 330 456 Ecce
359 393 670 488 habemus
696 405 771 449 ex
796 389 895 488 his
918 388 1163 488 magnis
1224 387 1469 488 duobus
1518 386 1773 487 testibus
1797 383 1859 458 At
1886 383 2209 488 beatorum
2263 389 2496 463 dicitur,
2550 396 2878 474 infernum,
2939 406 3196 469 limbum
3239 415 3297 472 et
3324 427 3544 488 purga-

99 484 444 547 Athanasio
455 488 514 542 et
522 483 978 556 Chrysostomo,
988 479 1157 554 quod
1169 482 1520 537 sanctorum
1531 476 1773 548 animae,

101 575 459 635 secundum
485 571 676 629 ﬁdem
726 573 786 628 et
814 585 990 642 spem
1020 572 1311 627 Romanis
1349 565 1648 635 Ecclesiae,
1680 580 1780 622 re-

105 669 312 739 gnant
329 664 513 720 etiam
569 674 736 718 nunc
778 674 920 716 cum
943 657 1172 715 Christo
1197 676 1211 727 ;
1242 655 1463 714 anima:
1493 651 1781 728 reprobo-

106 771 284 823 rum,
313 754 609 811 factorum
633 763 889 806 suorum
936 747 1182 820 dignam
1238 745 1583 804 mercedem
1638 741 1783 800 reci-

112 844 379 918 pientes,
427 838 764 898 cruciantur
823 836 887 894 in
942 835 1176 893 inferno
1225 835 1290 892 in
1350 832 1573 890 saecula
1605 846 1782 888 saccu-

110 933 348 991 lorum.
1552 984 1555 986 _

187 1020 373 1089 Quod
389 1017 652 1077 similiter
665 1016 752 1074 ita
764 1015 875 1073 fuit
888 1013 1034 1073 olim
1053 1017 1282 1072 certum
1335 1011 1609 1070 Ecclesiae
1628 1009 1781 1068 Grie-

105 1126 357 1179 corum,
399 1108 565 1182 quod
619 1122 746 1164 non
794 1105 997 1163 solum
1027 1104 1090 1162 in
1120 1104 1313 1174 libris,
1365 1117 1578 1159 verum
1599 1099 1782 1157 etiam

105 1199 454 1275 parietibus
512 1195 905 1254 ecclesiarum
960 1209 1230 1262 suarum,
1290 1191 1523 1265 antiqui
1581 1193 1784 1247 Patres

102 1288 456 1348 manifestis
484 1286 729 1344 indiciis
753 1285 1098 1359 imprimere
1150 1285 1532 1340 curaverunt.
1565 1282 1629 1336 In
1655 1277 1784 1352 qui-

97 1378 372 1438 busdam
416 1377 587 1434 enim
631 1375 907 1449 picturis,
956 1373 1205 1446 angelos
1258 1372 1411 1429 lucis
1449 1370 1782 1428 deterentes

105 1473 462 1526 sanctorum
493 1465 738 1523 animas
781 1463 846 1521 in
875 1463 1060 1522 caelos
1087 1461 1518 1536 conspicimus.
1547 1462 1613 1516 In
1637 1473 1786 1516 non-

103 1558 296 1615 nullis
327 1571 471 1614 vero
503 1557 745 1614 Satanm
770 1553 1020 1626 angelos
1035 1569 1106 1610 ex
1132 1550 1487 1624 corporibus
1526 1549 1785 1606 morien-

102 1647 260 1704 tium
291 1645 724 1719 reproborum,
780 1659 924 1700 cum
965 1641 1238 1716 quadam
1274 1639 1561 1697 violentia
1588 1642 1781 1695 extra-

99 1735 319 1793 hentes
350 1734 622 1803 animas,
641 1731 782 1789 etin
802 1735 1033 1788 tartara
1053 1745 1263 1787 secum
1289 1728 1543 1786 ferentes
1561 1725 1781 1800 reperi-

106 1842 268 1882 mus.
303 1823 478 1880 Unde
498 1822 816 1896 quomodo
845 1836 1010 1878 nunc
1049 1819 1129 1876 ad
1147 1823 1384 1876 tantam
1411 1817 1782 1875 dementiam

115 1916 496 1973 devenerunt
525 1917 593 1968 ut
621 1911 846 1977 dicant,
873 1909 1188 1968 defunctos
1210 1923 1323 1965 nec
1354 1906 1620 1981 paradisi
1646 1921 1783 1979 per-

124 2003 238 2060 frui
253 2002 522 2074 gaudiis,
548 2016 663 2058 nec
685 1999 987 2058 cruciatus
1029 1997 1354 2055 infernales
1371 2012 1482 2070 pro
1499 1996 1784 2054 varietate

122 2093 479 2150 meritorum
519 2090 840 2158 sustinere,
875 2089 1200 2159 nescimus,
1228 2085 1336 2144 sed
1360 2086 1558 2144 solum
1578 2083 1786 2142 mirari

116 2197 464 2255 possumus.
495 2178 834 2237 Praesertim
851 2193 993 2235 cum
1021 2177 1098 2234 de
1115 2176 1232 2234 hoc
1255 2174 1466 2250 populi
1494 2189 1672 2233 aures
1696 2189 1785 2231 re-

119 2271 330 2344 pleant
354 2272 420 2327 in
437 2269 713 2328 ecclesiis
757 2268 818 2324 in
865 2266 1066 2325 oﬂicio
1115 2281 1227 2323 suo
1264 2265 1667 2338 frequentate.
1695 2263 1785 2319 Di-

123 2360 436 2417 cuntenim
447 2359 526 2417 de
537 2357 914 2430 martyribus
938 2357 1052 2413 sic:
1082 2378 1110 2407 «
1146 2354 1786 2424 Famosissimimarty-

117 2463 237 2514 res,
251 2463 357 2506 vos
375 2453 527 2506 terra
546 2461 673 2505 non
688 2445 1022 2512 absorbuit,
1037 2444 1128 2502 vel
1142 2443 1422 2509 occultat,
1441 2442 1544 2500 sed
1563 2441 1784 2499 ccelum

119 2539 411 2611 suscepit,
445 2543 504 2594 et
528 2536 690 2593 intus
740 2536 1092 2592 exsistentes
1143 2533 1310 2603 ligno
1338 2532 1476 2589 vitae
1504 2547 1782 2589 remune-

119 2627 235 2684 rati
287 2626 473 2684 estis:
522 2625 689 2700 apud
744 2624 1044 2682 Christum
1099 2622 1465 2689 intercedite,
1522 2625 1589 2679 ut
1611 2621 1785 2678 detur

118 2717 297 2775 nobis
331 2732 453 2790 pax
476 2721 531 2773 et
549 2731 778 2789 magna
804 2713 1236 2771 misericordia.
1271 2735 1300 2762 »

196 2809 378 2866 Item:
404 2829 435 2856 κ
471 2805 614 2873 Vos,
671 2805 779 2878 qui
828 2819 942 2878 pro
983 2803 1176 2860 Verbo
1225 2801 1392 2876 passi
1421 2801 1560 2858 estis
1587 2815 1782 2874 usque

132 2893 212 2951 ad
242 2899 529 2962 mortem,
585 2893 836 2962 athleta,
897 2893 1133 2950 animas
1175 2891 1425 2965 quidem
1454 2889 1693 2947 habetis
1721 2889 1783 2945 in

1809 1693 1857 1750 Β

1889 476 2137 536 torium.

1889 842 2057 936 vetur
2069 839 2286 936 iterum
2305 860 2342 901 a
2373 855 2677 919 quaerente
2701 857 2955 926 quaestio
2977 859 3144 916 talis:
3176 863 3304 930 Ubi,
3323 839 3540 936 quwso,

1890 935 2053 1020 sunt,
2068 932 2165 988 vel
2169 937 2532 1001 perveniunt
2536 943 2722 1009 pueri
2746 945 3040 1020 defuncti,
3056 951 3148 1006 vel
3159 952 3222 1007 in
3236 932 3543 1010 tormentis

1891 1018 1986 1074 vel
2007 1021 2078 1111 in
2101 1035 2283 1092 regno
2303 1027 2330 1078 γ
2381 1027 2450 1082 Et
2478 1026 2582 1085 ubi
2619 1029 2953 1092 inﬁdelium
3001 1018 3212 1111 pueri?
3235 1040 3341 1097 Ubi
3364 1041 3545 1098 etiam

1890 1121 2036 1208 non
2064 1109 2372 1208 baptiz‘ati,
2402 1120 2482 1208 et
2511 1119 2778 1180 defuncti
2819 1125 2848 1179 ?
2905 1109 3045 1184 cum
3107 1128 3392 1187 ﬁdelibus
3449 1131 3546 1189 vel

1891 1197 2280 1289 inﬁdelibus?
2331 1205 2424 1262 Ad
2469 1207 2582 1265 has
2617 1210 2821 1285 itaque
2876 1218 3243 1289 quaestiones
3291 1220 3546 1278 breviter

1894 1288 2266 1349 satisfaciens
2295 1298 2587 1366 quaerenti
2608 1288 2918 1375 respondit
2944 1322 2958 1362 :
2989 1329 3016 1357 ‹‹
3052 1311 3306 1367 Domino
3335 1316 3546 1369 nostro

1893 1379 2164 1438 dicente:
2191 1383 2386 1442 Sinite
2402 1391 2697 1455 parvulos
2726 1396 2930 1452 venire
2952 1398 3035 1453 ad
3060 1413 3173 1469 me,
3206 1401 3428 1457 talium
3459 1408 3546 1459 est

1895 1485 2146 1541 regnum
2169 1474 2448 1532 caelorum
2472 1478 2556 1549 θος
2589 1477 2927 1556 iterumque
2954 1488 3242 1559 Apostolo
3271 1489 3541 1547 dicente:

1893 1561 2062 1617 Nunc
2103 1567 2302 1620 autem
2355 1566 2477 1634 ﬁlii
2520 1571 2708 1627 vestri
2746 1575 2946 1631 sancti
2966 1582 3104 1633 sunt
3134 1580 3201 1649 σι,
3229 1580 3546 1636 manifeste

1894 1653 2144 1724 constat,
2179 1654 2346 1725 quod
2396 1661 2690 1732 tanquam
2737 1661 3012 1721 mundati
3033 1670 3088 1723 et
3111 1666 3341 1738 ﬁdeles,
3368 1667 3430 1724 in
3459 1685 3546 1726 re-

1894 1752 2085 1830 gnum
2139 1741 2365 1800 intrant
2411 1747 2886 1809 Christianorum
2942 1752 3049 1811 ﬁlii
3072 1755 3380 1830 baptizati.
3413 1761 3545 1816 Non

1890 1825 2174 1926 baptizati
2205 1836 2428 1926 autem,
2455 1841 2513 1892 et
2541 1837 2720 1896 etiam
2770 1841 3083 1912 gentilium
3125 1825 3314 1918 p-ueri,
3348 1861 3546 1920 neque

1892 1921 1955 1972 in
1983 1933 2241 1989 regnum
2261 1921 2504 1995 intrant,
2535 1941 2734 2001 neque
2763 1928 2976 1988 iterum
3008 1932 3087 1990 ad
3119 1927 3418 1991 tormenta
3443 1949 3548 1992 va-

1891 2005 2079 2065 dunt:
2139 2015 2279 2067 sunt
2330 2013 2491 2070 enim
2538 2023 2811 2089 expertes
2853 2023 3084 2092 peccati
3137 2023 3274 2096 (14).
3318 2044 3348 2073 ››
3397 2023 3548 2081 Cum

1889 2097 2070 2168 igitur
2097 2099 2273 2158 Pater
2310 2107 2554 2162 sanctus
2571 2108 2898 2167 asserendo
2925 2110 3106 2180 dicat,
3138 2113 3376 2172 animas
3403 2130 3549 2186 pue-

1889 2203 2098 2247 rorum
2123 2205 2248 2248 non
2268 2191 2710 2268 baptizatorum
2729 2214 2842 2256 nec
2857 2201 3126 2272 paradisi
3153 2203 3374 2276 perfrui
3403 2220 3547 2276 gau-

1890 2277 2027 2350 diis,
2054 2295 2252 2355 neque
2280 2282 2498 2342 iterum
2519 2287 2821 2345 cruciatus
2844 2288 3084 2362 inferni,
3108 2307 3250 2350 cum
3280 2293 3397 2349 sint
3418 2293 3548 2350 sine

1890 2370 2228 2428 actualibus
2257 2374 2539 2446 peccatis,
2605 2377 2915 2447 sustinere,
2965 2381 3205 2455 reliquit
3231 2381 3293 2440 in
3340 2388 3550 2440 nostra

1889 2457 2276 2530 intelligentia
2293 2461 2496 2520 locum
2513 2465 2773 2536 tertium,
2796 2467 2900 2524 ubi
2922 2469 3141 2527 animae
3171 2471 3398 2544 talium,
3425 2471 3548 2529 Deo

1886 2545 2153 2618 jubente,
2187 2555 2329 2622 post
2351 2551 2509 2608 hanc
2533 2553 2723 2611 vitam
2769 2557 3158 2630 recipiuntur,
3203 2559 3266 2616 in
3291 2576 3408 2633 quo
3440 2559 3548 2617 sci-

1889 2634 2026 2692 licet
2049 2651 2159 2693 nec
2213 2637 2358 2696 boni
2396 2644 2802 2713 praesentiam,
2848 2661 2961 2704 nec
3009 2648 3155 2704 mali
3203 2649 3549 2708 sensibilem

1890 2739 2138 2797 paenam
2190 2726 2460 2801 aliquam
2515 2733 2918 2804 experiantur.
2971 2736 3041 2791 Et
3067 2736 3207 2794 licet
3243 2738 3386 2795 huic
3412 2738 3548 2796 loco

1890 2815 2061 2871 Pater
2075 2822 2318 2874 sanctus
2340 2834 2564 2876 nomen
2583 2837 2708 2879 non
2729 2825 3102 2896 imposuerit,
3130 2828 3322 2884 sancti
3345 2832 3547 2884 tamen

1893 2904 2099 2972 Latini,
2132 2912 2197 2964 ut
2216 2909 2603 2980 Augustinus.
2639 2915 2954 2984 Gregorius
2983 2921 3041 2973 et
3069 2917 3288 2986 caeteri,
3319 2918 3546 2991 quippe

133 2982 304 3074 oculis
332 2983 397 3074 in
419 2998 609 3074 manu
631 2981 758 3074 Dei,
776 2989 833 3041 et
853 2997 963 3056 per
989 2982 1340 3074 universum
1361 2979 1572 3074 Orbem
1591 2979 1785 3074 Ῑιοιξο·
1813 3005 1853 3061 c
1893 2993 1998 3066 qui
2027 2994 2242 3053 eodem
2272 2979 2482 3071 spiritu
2523 3001 2734 3074 repleti
2754 2979 3044 3074 'fuerunt,
3073 2979 3544 3064 determinantes

124 3071 372 3130 ramini.
407 3073 638 3129 Vestras
660 3071 944 3146 reliquias
967 3071 1314 3128 sacerdotes
1341 3073 1402 3126 et
1435 3084 1608 3141 reges
1637 3069 1782 3126 ado-

123 3167 283 3230 rant,
303 3166 361 3219 et
379 3176 594 3219 omnes
612 3162 823 3235 populi
842 3161 1212 3219 exsultantes
1241 3159 1464 3218 assueti
1485 3159 1779 3216 clamant:

117 3253 378 3310 Somnus
411 3252 715 3325 pretiosus
748 3256 838 3310 est
864 3252 929 3308 in
991 3255 1321 3324 conspectu
1350 3249 1586 3307 Domini
1615 3264 1783 3307 mors

119 3347 474 3400 sanctorum
511 3341 668 3414 ejus.
707 3365 730 3392 ι

191 3433 339 3487 Item
357 3431 421 3487 in
448 3431 660 3488 eodem
681 3429 884 3489 ofﬁcio
916 3430 1060 3488 talia
1092 3432 1454 3487 cantantur:
1491 3451 1520 3480 κ
1554 3428 1781 3485 Chorus

118 3527 470 3578 sanctorum
491 3521 723 3580 invenit
739 3521 969 3580 fontem
1014 3521 1175 3590 vitae,
1203 3521 1460 3594 ianuam
1488 3518 1778 3592 paradisi.

118 3611 428 3668 Inveniam
443 3617 504 3668 et
527 3625 641 3683 ego
661 3612 908 3669 veniam
930 3627 1040 3686 per
1061 3609 1512 3684 paenitentiam;
1537 3608 1665 3666 ovis
1692 3625 1779 3666 er-

116 3699 400 3759 rabunda
425 3716 538 3773 ego
568 3719 745 3759 sum:
798 3717 1015 3760 revoca
1043 3717 1160 3772 me,
1205 3699 1495 3768 Salvator,
1526 3703 1586 3756 et
1612 3698 1778 3757 salva

113 3803 240 3846 me.
278 3809 309 3840 ι)

187 3881 384 3938 Item:
417 3902 447 3932 «
483 3884 584 3940 Per
631 3899 746 3940 vos
779 3927 797 3953 ,
839 3882 947 3956 qui
987 3881 1383 3956 prtedicantes
1407 3883 1646 3949 Agnum
1673 3878 1776 3937 Dei

106 3971 304 4028 occisi
337 3970 476 4027 estis
505 3975 568 4029 ut
615 3987 788 4037 oves,
819 3976 879 4029 et
930 3971 1009 4028 ad
1035 3973 1226 4028 vitam
1253 3985 1392 4042 quae
1432 3968 1557 4024 sine
1606 3968 1774 4026 senio

106 4064 229 4127 est,
262 4063 321 4117 et
340 4061 767 4133 sempiternam
822 4061 1172 4134 transpositi
1219 4059 1379 4116 estis.
1413 4058 1582 4114 Hunc
1611 4058 1773 4114 enim

108 4155 355 4222 Agnum
382 4152 666 4207 attentius
697 4156 994 4224 martyres
1023 4149 1219 4224 petite,
1248 4149 1590 4207 debitorum
1619 4147 1772 4206 solu-

101 4240 336 4297 tionem
367 4240 547 4297 nobis
573 4240 890 4298 donantes.
929 4264 950 4290 ι

176 4330 329 4386 Item
366 4329 429 4385 in
455 4329 664 4387 Ofﬁcio
711 4335 1090 4387 mortuorum
1139 4328 1281 4387 talia
1320 4344 1432 4402 pro
1471 4327 1772 4386 defunctis

101 4423 318 4475 orant:
337 4442 367 4468 ι(
385 4421 554 4476 Dona
573 4421 1047 4493 requiem,Deus,
1067 4419 1309 4478 famulis
1329 4419 1467 4489 tuis,
1484 4423 1541 4476 et
1559 4417 1775 4476 ordina

103 4523 217 4564 eos
234 4508 300 4562 in
319 4508 628 4580 paradiso,
645 4509 752 4566 ubi
766 4510 935 4566 chori
957 4514 1308 4566 sanctorum
1326 4512 1486 4574 sunt,
1499 4509 1771 4577 Domine,

98 4601 162 4653 et
189 4595 350 4667 justi
393 4595 618 4667 fulgent
670 4597 732 4654 in
759 4598 969 4669 gloria,
1007 4619 1038 4647 «
1070 4597 1168 4654 His
1193 4598 1275 4654 ita
1300 4611 1363 4654 se
1387 4595 1773 4665 habentibus,

90 4687 249 4760 quis
283 4698 498 4742 eorum
525 4689 720 4760 potest
748 4686 1023 4753 excusari
1046 4686 1122 4743 de
1147 4686 1535 4760 ignorantia?

318 4901 418 4959 De
437 4913 699 4976 quatuor
720 4901 1106 4975 receptaculis
1127 4901 1574 4974 defunctorum.

30 5168 32 5186 ᾖ
162 5099 290 5156 Sed
321 5099 453 5156 etsi
478 5099 620 5174 plus
672 5099 903 5174 aliquid
954 5059 1105 5156 scire
1167 5098 1418 5172 cupiunt
1463 5101 1650 5157 Graeci
1697 5099 1774 5157 de

30 5197 32 5204 '
82 5188 430 5248 animabus
453 5190 906 5256 defunctorum,
926 5189 1129 5262 legant
1157 5189 1563 5260 etintelligant
1584 5191 1772 5248 libros

75 5297 257 5352 suos,
294 5286 354 5337 et
379 5281 694 5337 invenient
735 5284 1000 5352 quatuor
1054 5278 1435 5351 receptacula
1461 5279 1773 5337 defuncto-

1892 3083 1968 3139 de
1999 3085 2243 3143 nomine
2267 3086 2404 3158 loci,
2426 3088 2589 3147 hunc
2606 3091 2810 3149 locum
2854 3094 3052 3152 sinum
3103 3096 3390 3163 Abrahae,
3425 3096 3547 3152 sive

1889 3170 2149 3231 limbum
2196 3177 2688 3251 nominaverunt,
2718 3182 2780 3239 in
2818 3198 3002 3257 quem
3052 3187 3189 3242 ante
3218 3184 3548 3242 adventum

1892 3261 2103 3321 Christi
2119 3266 2306 3323 sancti
2320 3270 2518 3325 Patres
2531 3269 3000 3329 descendebant.
3016 3276 3184 3330 Nunc
3197 3289 3340 3330 vero
3352 3273 3546 3347 pueri,

1889 3352 1995 3425 qui
2024 3352 2257 3428 absque
2285 3356 2590 3430 baptismo
2633 3359 2954 3436 decedunt,
3002 3364 3133 3421 sine
3158 3379 3342 3438 poena
3366 3363 3550 3422 sensi-

1888 3439 2011 3515 bili,
2041 3448 2107 3502 ut
2133 3444 2362 3504 dictum
2389 3451 2497 3519 est,
2542 3448 2900 3525 detinentur,

2195 3626 2496 3703 Probatio,
2531 3630 2693 3705 quod
2717 3633 2796 3690 sit
2821 3635 3266 3706 purgatorium.

1956 3835 2038 3892 De
2066 3839 2285 3909 quarto
2330 3833 2489 3902 loco,
2528 3832 2593 3890 id
2634 3837 2724 3891 est
2765 3835 3141 3908 purgatorio,
3183 3833 3376 3894 multa
3412 3850 3548 3894 san.

1882 3927 2116 3983 ctorum
2141 3927 2386 3984 Patrum
2411 3923 2756 3981 testimonia
2782 3925 3139 3997 reperimus.
3170 3928 3238 3982 Et
3255 3926 3454 4000 primo
3481 3925 3546 3982 in

1881 4015 2148 4088 Epistola
2195 4016 2274 4074 ad
2310 4013 2666 4078 Corinthios,
2707 4013 2813 4069 ubi
2839 4013 3106 4087 loquitur
3156 4015 3477 4088 Apostolus
3530 4045 3548 4087 ς

1878 4107 2365 4164 Fundamentum
2382 4105 2554 4163 aliud
2570 4120 2740 4162 nemo
2753 4110 2945 4176 potest
2969 4120 3210 4175 ponere,
3236 4111 3463 4177 prteter
3482 4105 3546 4162 id

1807 4225 1854 4279 D
1881 4197 2043 4268 quod
2065 4197 2323 4267 positum
2351 4201 2456 4262 est,
2490 4195 2650 4268 quod
2672 4200 2758 4251 est
2785 4194 3064 4251 Christus
3099 4196 3294 4252 Jesus.
3319 4195 3386 4252 Si
3413 4197 3544 4267 quis

1883 4289 2079 4342 autem
2108 4286 2552 4356 superandi/irai
2579 4300 2765 4355 supra
2805 4285 3271 4356 fundamentum
3301 4284 3547 4352 hoc,au-

1883 4391 2040 4444 rum,
2062 4383 2404 4446 argentum,
2428 4375 2722 4445 pretiosos
2746 4373 2992 4445 lapides,
3017 4375 3274 4445 lignum,
3289 4374 3544 4444 faenum,

1881 4465 2170 4534 stipulam
2186 4481 2198 4520 ε
2215 4465 2689 4534 uniuscujusque
2701 4478 2847 4533 opus
2864 4463 3250 4532 manifestum
3262 4463 3544 4520 erit.Dies

1885 4555 2040 4610 enim
2068 4553 2314 4612 Domini
2339 4552 2700 4623 declarabit,
2728 4555 2833 4625 qui
2864 4553 2928 4609 in
2967 4554 3101 4624 igne
3133 4552 3542 4620 revelabitur;

1886 4647 1941 4700 et
1961 4644 2434 4715 uniuscujusque
2449 4659 2618 4712 opus,
2643 4643 2821 4715 quale
2841 4645 2939 4711 sit,
2959 4643 3120 4714 ignis
3145 4641 3448 4712 probabit.
3480 4641 3548 4699 Si

1884 4735 2214 4803 cujusopus
2255 4733 2742 4806 manserit,quod
2775 4731 3300 4802 supertediﬁcavit,
3328 4746 3546 4789 merce-

1884 4821 2014 4878 dem
2032 4824 2324 4895 accipiet;
2337 4825 2390 4879 si
2398 4838 2544 4891 opus
2561 4821 3224 4892 arserit,detrimentum
3233 4821 3544 4893 patietur;

1883 4915 2435 4986 ipseautemsalvus
2464 4913 2578 4970 erit
2602 4913 2714 4981 ;sic
2735 4917 2934 4967 tamen
2965 4910 3541 4980 quasiperignem“.

1802 5001 1806 5006 ⁷
1886 5007 2035 5064 Cum
2056 5004 2308 5079 quidam
2329 5003 2646 5061 doctorum
2673 5016 2926 5058 suorum
2945 4999 3101 5055 inter
3129 5013 3232 5054 eos
3257 4997 3541 5055 attentius

1881 5102 1948 5153 ut
1963 5096 2190 5152 dictum
2201 5097 2403 5152 locum
2421 5095 2766 5165 exponeret,
2797 5088 3047 5160 adjecit:
3075 5107 3103 5136 «
3125 5089 3332 5157 Ignem
3358 5087 3542 5143 istum

1881 5186 2179 5243 credimus
2216 5187 2590 5260 καθάρτὴριον,
2621 5181 2683 5237 id
2733 5184 2820 5237 est
2857 5175 3434 5246 mundiﬁcatorium,
3478 5176 3542 5233 in

1879 5292 2003 5350 quo
2033 5276 2253 5332 animm
2277 5274 2702 5332 defunctorum
2730 5269 3068 5343 probantur
3092 5272 3388 5340 tanquam
3433 5281 3540 5325 au-

74 5385 254 5434 rum,
283 5370 517 5427 scilicet
535 5368 760 5427 coelum
781 5383 1160 5442 empyreum,
1179 5368 1346 5441 quod
1376 5372 1433 5426 et
1453 5369 1772 5441 paradisus
1877 5382 2015 5427 rum
2041 5365 2108 5425 in
2133 5365 2396 5427 fornace.
2437 5385 2466 5414 n

171 5494 221 5530 ⁵ο
251 5494 447 5553 latth.
479 5512 537 5564 x,
569 5497 666 5555 13.
697 5495 743 5532 σι
774 5492 798 5548 I
833 5493 964 5554 Cor.
1005 5508 1107 5564 vn,
1136 5495 1230 5554 14.
1253 5494 1301 5533 ⁸³
1330 5494 1377 5554 l.
1408 5495 1539 5556 Cor.
1574 5509 1658 5569 nl,
1694 5497 1890 5579 ιιι-ιδ.

164 5620 282 5697 (14)
309 5620 586 5682 Actualis
618 5616 869 5678 scilicet.
