2067 3188
285 123 339 153 815
901 124 1143 154 PANTALEONIG

288 187 397 217 Sancta
408 194 531 223 quoque
558 186 698 220 lacrina,
722 193 808 214 soror
821 186 902 215 beati
916 187 1022 220 Basilii,
1039 196 1108 216 cum
1123 190 1158 216 AL

286 234 365 259 esset
376 230 551 258 liberalibus
565 230 670 258 studiis
683 230 802 258 imbuta
812 233 840 259 et
868 231 979 267 Spiritu
1006 235 1111 261 sancto

287 275 407 309 repleta,
423 274 497 301 inter
513 274 572 302 alia
584 283 652 310 qua:
663 274 700 301 de
721 275 814 302 sacris
839 275 1058 303 eruditionibus
1069 276 1112 304 di-

286 320 425 347 vinarum
432 319 651 355 Scripturarum
657 319 804 354 exposuit,
814 319 851 347 de
858 320 926 354 igne
940 321 1112 355 purgatorio

287 364 357 392 talia
371 367 477 392 testata
502 367 547 391 est
568 364 670 392 dicens
683 373 688 390 :
703 376 715 388 ιι
739 365 858 400 Oportet
880 365 1014 392 animam
1024 365 1064 394 ad
1075 366 1112 393 si-

286 408 485 436 militudinem
500 409 550 436 Dei
565 409 686 441 factam,
699 409 738 436 ad
753 409 850 444 ipsum
867 409 962 436 redire
975 419 981 443 ;
995 417 1056 438 non
1067 418 1112 438 re.

287 453 330 480 dit
343 455 443 480 autem
454 453 510 480 nisi
527 456 653 488 purgata
666 462 671 486 ;
687 455 832 488 purgatur
848 461 919 481 vero
931 462 984 489 per
997 454 1111 488 ignem,

287 497 445 532 pOSthanc
465 497 557 524 vitam
570 500 719 532 paratum.
737 509 751 522 ››

322 542 403 569 Istud
417 541 620 568 testimonium
635 541 780 577 reperitur
806 541 837 568 in
866 542 1039 570 tractatibus
1061 544 1113 579 qui

285 587 425 613 Macrine
446 587 649 613 nominantur.
673 586 730 613 Sed
757 586 857 613 forsan
880 587 980 615 dicent
1003 587 1111 615 nobis:

286 633 344 658 Nos
370 630 572 658 testimonium
589 630 749 657 mulierum
771 638 833 658 non
848 631 1010 659 credimus.
1021 633 1091 660 Esto
1105 632 1111 659 l

284 675 414 702 Audiant
429 675 517 709 igitur
532 675 652 702 fratrem
671 674 807 709 ejusdem
823 674 945 709 virginis
967 683 1113 711 magnum

285 719 437 746 doctorem
454 719 587 745 Ecclesite
598 718 721 746 beatum
742 719 917 753 Gregorium
930 722 1111 755 Nyssenum,

284 772 364 799 quae,
383 766 410 790 et
424 762 527 798 qualia
542 763 571 789 in
589 770 739 796 sermone,
757 763 809 798 qui
822 764 852 790 in
865 764 963 799 primo
981 764 1113 792 Sabbato

284 812 352 844 post
359 809 550 835 Pentecosten
557 807 586 834 in
594 808 881 835 commemoratione
891 808 1112 841 defunctorum,

285 853 403 886 legitur,
431 852 467 878 de
505 851 574 885 igne
598 852 772 886 purgatorio
804 852 912 879 referat
932 853 1111 881 testimonia.

288 897 360 925 Dicit
377 897 455 924 enim
483 904 488 922 :
506 908 518 919 ιι
539 896 565 922 Si
593 896 760 924 humanam
782 899 921 924 naturam
946 897 1114 925 voluntarie

285 942 370 976 juxta
380 941 464 968 liberi
473 940 587 967 arbitrii
599 942 715 967 motum
725 940 847 976 quidem
858 940 1029 969 indecenter
1036 949 1113 977 prae-

287 986 458 1020 cipitantem
475 992 516 1018 se,
530 983 672 1011 violenter
683 992 718 1011 ac
731 987 833 1012 coacto
847 985 883 1012 ad
914 993 1003 1012 suum
1022 985 1113 1013 bene-

288 1029 428 1065 placitum
441 1031 659 1064 transponeret,
674 1028 704 1055 id
720 1031 772 1061 est,
791 1028 827 1056 ad
841 1037 871 1056 se
882 1029 1011 1057 traheret
1025 1030 1112 1063 Deus,

286 1073 333 1101 vel
348 1073 510 1105 induceret,
526 1071 637 1100 ablatio
649 1075 729 1099 esset
746 1072 811 1099 haec
824 1073 925 1108 utique
939 1073 1112 1108 preehabitas

285 1118 426 1145 bonitatis
439 1120 467 1144 et
492 1116 709 1152 sequipollentis
729 1117 779 1144 Dei
800 1116 952 1151 dignitatis
974 1118 1109 1153 privatio.

286 1161 411 1198 [Equale
428 1160 478 1188 Dei
494 1162 537 1187 est
550 1160 677 1187 liberum
694 1160 863 1188 arbitrium.
883 1162 916 1188 Ut
929 1169 999 1196 ergo
1017 1164 1045 1189 et
1059 1170 1111 1197 po-

286 1208 377 1234 testas
392 1207 526 1233 maneret
542 1207 667 1238 naturas,
684 1207 711 1231 et
728 1204 841 1232 malum
853 1205 1031 1239 aboleretur,
1054 1206 1111 1234 hoc

285 1250 398 1278 invenit
409 1249 458 1276 Dei
480 1249 625 1284 sapientia
640 1248 807 1282 consilium,
826 1249 973 1277 dimittere
1003 1250 1113 1279 scilicet

285 1294 440 1323 hominem
455 1294 485 1321 in
500 1294 556 1327 his,
572 1293 602 1320 in
617 1294 728 1329 quibus
744 1295 836 1321 voluit
852 1303 928 1326 esse,
942 1298 973 1321 ut
986 1295 1111 1330 gustatis

286 1339 383 1371 malis,
400 1347 467 1374 qua:
482 1340 622 1373 operatus
632 1341 684 1371 est,
698 1346 801 1365 rursus
818 1339 919 1366 redeat
935 1348 987 1375 per
998 1339 1112 1368 deside-

284 1384 361 1412 rium
379 1383 579 1410 voluntarium
594 1382 631 1409 ad
643 1383 799 1418 pristinam
810 1383 1034 1419 beatitudinem,
1051 1392 1113 1412 om-

286 1436 383 1464 neque
396 1428 535 1454 vitiosum
549 1430 577 1454 et
600 1427 802 1454 irrationabilc
815 1428 971 1463 quoddam
992 1428 1114 1464 pondus

284 1475 480 1509 postponens,
493 1473 520 1499 et
538 1480 697 1499 removens
713 1480 730 1499 a
746 1475 864 1507 natura,
894 1473 955 1499 sive
972 1473 1113 1509 praesenti
1128 1484 1148 1510 α

284 1519 344 1545 vita
356 1525 409 1553 per
429 1517 580 1544 orationes
603 1519 629 1543 et
653 1517 876 1544 observantiam
899 1518 1112 1546 mandatorum

285 1562 456 1598 expleatur:
475 1561 521 1588 vel
534 1564 601 1596 post
624 1561 702 1588 hanc
714 1561 804 1588 vitam
831 1563 950 1597 penitus
979 1570 1031 1598 per
1045 1570 1113 1598 pur-

286 1605 394 1641 gatorii
408 1605 484 1640 ignis
498 1605 710 1632 conﬂationem
724 1608 884 1640 purgetur.
906 1618 919 1630 η

323 1652 394 1677 Item
418 1650 524 1677 beatus
555 1649 689 1680 Basilius,
724 1650 918 1678 introducens
950 1659 1113 1686 personam

286 1694 418 1722 defuncti
439 1694 611 1730 loquentem
640 1694 669 1721 in
695 1694 797 1722 Otlicio
827 1698 1016 1723 mortuorum
1042 1695 1114 1724 talia

287 1740 376 1767 dicit:
394 1751 406 1763 ‹‹
424 1740 525 1772 Imago
540 1747 605 1765 sum
626 1738 784 1766 ineffabilis
807 1739 908 1773 gloriae
932 1743 998 1767 tute.
1026 1741 1059 1768 Et
1088 1740 1112 1767 si

287 1787 429 1818 stigmata
437 1783 482 1810 vel
492 1784 668 1818 punctiones
678 1787 764 1818 porto
774 1784 960 1819 delictorum,
974 1785 1113 1812 miserere

287 1832 345 1857 tua:
362 1828 580 1864 plasmationis,
598 1829 729 1861 Domine,
753 1831 779 1855 et
806 1837 903 1864 purga
929 1838 980 1864 per
999 1830 1114 1857 viscera

287 1874 625 1901 misericordiaetuzezet
650 1873 880 1900 desiderabilem
906 1874 1112 1909 paenitentiam

286 1919 418 1946 concede
430 1918 512 1951 mihi,
524 1918 658 1953 paradisi
670 1918 765 1945 civem
778 1927 883 1946 rursus
900 1919 1012 1947 faciens
1025 1927 1082 1947 me.
1097 1930 1112 1944 »

308 1966 380 1991 Item
388 1965 602 1997 Damascenus,
610 1963 639 1990 in
650 1971 788 1990 sermone
800 1967 999 1997 mortuorum,
1009 1964 1112 1992 volens

286 2008 414 2044 probare
424 2007 505 2043 quod
517 2007 727 2043 eleemosyme,
747 2010 774 2034 et
783 2009 944 2041 orationes,
959 2011 987 2036 et
995 2009 1053 2037 alia
1061 2009 1113 2037 be-

286 2052 394 2080 neficia
406 2052 540 2079 Ecclesiae
550 2051 832 2086 prosintdefunctis,
843 2053 1014 2085 introducit,
1028 2053 1113 2081 verbi

287 2097 392 2132 gratia,
403 2096 585 2130 exemplum,
595 2096 677 2131 quod
686 2096 715 2122 in
725 2096 794 2122 Vitis
803 2098 923 2123 Patrum
932 2097 969 2123 de
977 2097 1112 2133 quodam

287 2140 435 2176 discipulo
451 2140 609 2175 cujusdam
622 2140 714 2167 Patris
738 2140 853 2175 legitur,
867 2144 895 2168 et
909 2141 998 2169 dicit:
1012 2153 1026 2167 «
1038 2142 1113 2169 Cum

286 2187 388 2213 autem
401 2184 559 2211 defunctus
570 2184 821 2219 essetdiscipulus
834 2186 908 2220 (jus,
926 2186 1000 2213 scire
1011 2186 1114 2213 volens

287 2237 386 2263 senex,
400 2237 466 2264 quae
478 2231 506 2255 et
520 2228 621 2263 qualia
632 2229 789 2256 meruisset
802 2229 832 2256 in
856 2230 916 2257 vita
930 2238 984 2258 sua
995 2230 1114 2266 juvenis

286 2273 527 2308 ille,ccepitaures
535 2273 650 2300 Domini
658 2274 825 2300 orationum
835 2274 975 2302 instantia
982 2275 1112 2311 pulsare.

288 2318 421 2353 Cumque
445 2317 501 2345 ista
525 2325 577 2352 per
597 2317 698 2353 aliqua
726 2318 870 2345 horarum
889 2319 986 2354 spatia
998 2319 1113 2354 ﬁerent,

287 2363 360 2390 vidit
375 2370 464 2390 senex
476 2362 803 2397 praedictumjuvenem
817 2363 847 2390 in
861 2363 954 2390 fluvio
966 2364 1055 2398 igneo
1066 2372 1115 2392 us—

286 2415 346 2444 que
353 2406 392 2435 ad
400 2406 503 2442 gulam
514 2407 700 2435 demersum.
713 2408 787 2436 Cum
794 2415 865 2435 vero
871 2408 998 2436 orationi
1007 2409 1115 2437 anxius

285 2452 484 2487 incumberet,
491 2451 792 2488 prospexiteumdem
799 2459 896 2488 usque
902 2452 942 2480 ad
948 2453 1112 2488 cingulum.

288 2497 396 2525 Ultimo
406 2499 507 2525 autem
521 2496 665 2525 orationis
678 2496 826 2525 beneﬁcio
835 2504 871 2525 ex
884 2498 946 2525 toto
954 2497 1113 2526 liberatum

285 2542 414 2578 aspexit.
430 2553 445 2566 »

323 2586 381 2615 Sed
393 2586 495 2614 dicent
507 2585 611 2614 forsan
630 2585 738 2613 Cruci:
752 2596 765 2610 «
782 2587 885 2620 ignem
909 2586 1000 2614 istum
1019 2587 1114 2615 credi-

285 2639 354 2658 mus
362 2631 464 2666 ignem
474 2630 661 2663 infernalem,
671 2638 689 2658 a
699 2637 760 2666 quo
769 2630 860 2658 etiam
869 2630 996 2666 quidam
1006 2631 1114 2660 virtute

286 2674 431 2703 orationis
445 2674 620 2707 liberantur,
636 2676 668 2702 ut
696 2674 842 2710 Trajanus
860 2674 1035 2711 imperator,
1061 2675 1114 2712 qui

321 2772 372 2810 f'l
387 2773 453 2801 Cor.
470 2781 511 2807 iu,
530 2775 572 2801 11.

1161 118 1306 155 eiscum
1325 126 1375 155 cr-
1947 130 1997 158 sui

1165 196 1219 225 per
1232 188 1356 217 beatum
1373 189 1562 226 Gregorium,
1578 189 1631 226 qui
1646 189 1791 225 Dialogus
1810 190 1930 224 dicitur,
1944 191 1998 221 fuit

1166 236 1359 262 sustentatus.
1375 244 1389 259 ι)
1398 234 1456 262 Sed
1469 236 1574 262 contra
1582 234 1690 262 beatus
1709 234 1832 263 Basilina
1849 236 1880 263 in
1890 236 1994 265 Ofﬁcio

1165 281 1364 312 mortuorum,
1372 279 1410 307 de
1415 279 1522 307 infruct
1527 287 1600 307 uosa
1606 279 1781 315 pcenitentia
1788 280 1997 309 exsistentium

1166 322 1197 350 in
1207 323 1324 351 inferno
1334 323 1404 351 talia
1414 324 1538 351 fatetur:
1553 334 1567 348 «
1583 324 1660 356 Quid
1672 324 1801 352 turbaris
1813 325 1996 361 importune,

1166 374 1185 394 ο
1197 367 1311 395 homo?
1323 375 1384 396 una
1395 368 1478 402 hara,
1495 370 1523 396 et
1538 368 1641 396 omnia
1655 371 1852 404 praetereunt:
1869 377 1933 398 non
1954 374 1998 399 est

1166 411 1197 439 in
1211 412 1327 440 inferno
1338 413 1511 448 poenitentia
1524 422 1531 446 ;
1542 420 1598 441 nec
1613 413 1709 441 estibi
1732 414 1863 449 requies.
1876 414 1920 442 lbi
1932 423 1997 442 νει-ο

1167 457 1236 491 mis,
1249 457 1301 492 qui
1312 465 1373 485 non
1387 457 1507 492 dormit,
1523 457 1565 485 ibi
1581 460 1659 486 terra
1681 457 1813 486 obscura
1828 461 1856 486 et
1870 461 1933 487 tota
1947 467 1997 487 ne-

1167 501 1286 529 bulosa.
1307 512 1321 526 η

1204 545 1277 574 Item
1293 546 1399 573 beatus
1413 546 1604 580 Athanasius,
1616 554 1686 574 cum
1694 549 1879 582 quaereretur
1887 555 1907 576 a
1914 556 1997 584 quo-

1168 589 1250 623 dam,
1262 598 1331 626 qua:
1341 590 1499 618 essentilla
1507 593 1642 626 peccata,
1652 598 1723 626 quae
1732 598 1786 627 per
1793 591 1956 626 orationes,
1969 595 1998 621 et

1168 634 1228 663 alia
1243 634 1400 669 beneﬁcia,
1414 637 1444 663 et
1455 634 1600 671 suffragia
1615 635 1766 664 diluentur
1779 638 1849 672 post
1858 640 1999 671 mortem,

1168 679 1323 715 respondit
1333 679 1370 707 de
1378 679 1441 707 his:
1453 690 1467 705 «
1480 680 1607 714 Magnus
1627 679 1790 715 Dionysius
1806 680 1848 708 sic
1863 680 1952 709 dicit:
1971 681 2000 709 Si

1168 723 1291 759 quidem
1301 723 1378 751 levia
1387 725 1416 751 et
1424 723 1547 752 subtilia
1555 724 1702 752 exsistunt
1710 727 1836 760 peccata
1844 725 2001 754 defuncto-

1168 776 1247 800 rum,
1259 768 1428 803 percipiunt
1442 768 1599 796 utilitatem
1614 768 1652 796 de
1675 768 1841 803 beneﬁciis,
1860 777 1928 805 quis
1944 777 2001 806 pro

1168 812 1211 840 eis
1219 812 1329 840 fuerint
1339 820 1345 839 :
1356 812 1382 839 si
1391 820 1461 840 vero
1471 812 1577 846 gravia
1588 813 1635 840 vel
1646 813 1745 849 turpia
1756 813 1867 841 fuerint
1876 817 2002 850 peccata

1168 856 1310 890 hominis,
1326 857 1474 885 conclusit
1488 859 1595 885 contra
1609 865 1690 891 eum,
1701 858 1749 886 vel
1768 857 1913 886 adversus
1927 866 2000 887 eum

1169 903 1256 930 Deus.
1271 902 1378 929 Verum
1393 903 1494 929 tamen
1515 903 1632 937 oportet
1654 910 1710 930 nos
1721 910 1827 930 curam
1840 910 1944 937 gerere
1960 903 2000 931 de

1167 945 1297 981 propriis
1304 945 1476 980 animabus,
1483 948 1511 974 et
1519 952 1582 974 non
1589 953 1712 981 sperare
1719 949 1787 982 post
1799 950 1927 976 mortem
1940 955 1998 983 per

1167 990 1242 1018 alias
1247 989 1416 1018 oblationes
1424 990 1569 1026 consequi
1575 990 1695 1019 veniam
1706 990 1895 1019 delictorum.
1904 1002 1918 1016 ››
1926 993 1998 1020 Haec

1167 1037 1194 1062 et
1206 1034 1254 1062 bis
1264 1034 1374 1062 similia
1387 1035 1417 1062 in
1433 1034 1503 1062 Vitis
1517 1036 1648 1068 Patrum,
1676 1037 1705 1063 et
1719 1035 1750 1063 in
1769 1035 1894 1071 Dialogo
1917 1036 2001 1065 beati

1167 1079 1307 1114 Gregorii,
1332 1086 1423 1114 quem
1449 1079 1583 1107 similiter
1608 1080 1766 1116 recipiunt,
1781 1080 1818 1108 de
1833 1080 2000 1109 animabus

1165 1123 1377 1151 defunctorum
1391 1123 1580 1159 reperiuntur
1590 1124 1765 1152 testimonia
1777 1132 1783 1151 :
1800 1132 1867 1160 quas
1882 1133 2001 1161 purga-

1164 1168 1275 1196 torium
1293 1168 1394 1196 locum
1408 1170 1478 1204 post
1491 1171 1619 1196 mortem
1634 1176 1699 1197 esse
1721 1169 1903 1197 suﬂicienter
1916 1170 2001 1198 indi-

1163 1215 1242 1245 cant,
1256 1213 1310 1240 etsi
1333 1212 1444 1241 Paulus
1466 1212 1615 1242 tacuisset.
1630 1213 1722 1241 αι·ωοί
1737 1214 1833 1242 nostri
1846 1215 2001 1250 temporis

1165 1259 1351 1285 terrenarum
1362 1264 1461 1284 rerum
1474 1257 1684 1291 sollicitudine,
1714 1265 1778 1285 non
1794 1260 1858 1286 tam
1876 1266 1933 1294 pro
1956 1267 2004 1292 se,

1164 1310 1259 1338 quam
1275 1301 1482 1337 prouxoribus
1501 1301 1563 1329 suis
1573 1304 1601 1329 et
1611 1301 1950 1338 ﬁliisoccupati,tenent
1971 1304 2004 1331 li-

1165 1348 1236 1375 bros
1252 1346 1525 1382 pulchrosquidem
1541 1347 1570 1374 et
1582 1354 1680 1380 veros,
1692 1347 1748 1375 nisi
1762 1354 1841 1382 quos
1855 1355 2003 1384 corrupe-

1166 1394 1246 1425 runt,
1270 1390 1399 1426 clausas,
1413 1390 1487 1426 quin
1504 1393 1533 1418 et
1548 1390 1605 1418 sibi
1627 1391 1746 1426 penitus
1761 1391 1898 1426 ignotos;
1917 1393 2003 1420 unde

1167 1436 1255 1464 nobis
1269 1435 1436 1468 veritatem,
1452 1443 1548 1471 quam
1558 1437 1669 1469 tenent,
1682 1437 1710 1463 et
1726 1435 1876 1469 ignorant,
1892 1437 2002 1471 praedi-

1168 1481 1318 1514 cantibus,
1325 1480 1415 1517 quasi
1420 1479 1549 1508 falsariis
1556 1480 1787 1516 Scripturarum,
1795 1481 2001 1510 etnovainau-

1168 1526 1232 1553 dita
1239 1524 1514 1560 dogmatizantibus
1525 1524 1730 1553 contradicere
1742 1532 1803 1552 non
1812 1528 1959 1553 verentur.

1203 1570 1259 1598 Alii
1272 1577 1342 1598 vero
1354 1569 1487 1597 obducto
1501 1569 1663 1604 supercilio
1678 1569 1809 1604 grandia
1833 1570 1923 1601 verba
1937 1573 2000 1598 tru-

1168 1615 1309 1648 tinantes,
1329 1614 1537 1642 auctoritatem
1559 1613 1694 1649 Apostoli
1718 1613 1759 1641 ad
1772 1613 1936 1641 Corinthios
1950 1621 2001 1642 re-

1169 1661 1366 1695 pugnantem,
1389 1666 1443 1694 pro
1470 1666 1502 1686 se
1530 1665 1681 1694 exponere
1704 1661 1862 1687 conantur.
1889 1657 2002 1686 Dicunt

1169 1704 1269 1732 enim:
1283 1703 1529 1731 Fundamentum
1552 1703 1640 1731 aliud
1655 1710 1742 1731 nemo
1769 1709 1879 1737 ponere
1898 1705 2003 1737 potest

1166 1751 1278 1783 praeter
1291 1748 1418 1783 id,quod
1432 1748 1559 1782 positum
1575 1750 1629 1781 est,
1645 1748 1725 1783 quod
1740 1751 1783 1776 est
1799 1748 1936 1776 Christus
1953 1749 2002 1776 Je-

1168 1801 1217 1820 sus
1229 1794 1262 1820 53.
1273 1792 1516 1820 Fundamentum
1524 1799 1631 1826 unum,
1643 1792 1786 1827 sicutjam
1799 1792 1942 1825 diximus,
1956 1795 2003 1820 est

1167 1838 1215 1866 ille
1228 1838 1304 1874 lapis
1318 1837 1473 1872 angnlaris
1487 1837 1633 1871 Christus,
1649 1845 1741 1873 super
1754 1844 1846 1873 quem
1857 1836 2002 1865 aediﬁcati

1169 1885 1239 1910 sunt
1253 1882 1381 1918 apostoli
1396 1885 1424 1909 et
1433 1882 1597 1918 prophetas,
1610 1884 1639 1909 et
1649 1882 1701 1917 qui
1716 1889 1770 1917 pro
1793 1884 1927 1917 tempore
1936 1881 2002 1910 fue-

1168 1930 1238 1955 runt
1244 1928 1343 1955 Patres
1352 1927 1477 1962 Spiritus
1485 1927 1536 1955 Dei
1544 1927 1635 1963 pleni.
1644 1930 1759 1960 Aurum
1766 1935 1848 1961 vero,
1856 1930 1884 1955 et
1892 1935 2003 1962 argen-

1169 1974 1246 2005 tum,
1256 1975 1285 1999 et
1296 1971 1414 2007 lapides
1430 1972 1553 2007 pretiosi
1569 1974 1638 1999 sunt
1648 1972 1823 2007 evangelica
1836 1976 2002 2007 praecepta,

1169 2019 1198 2045 et
1203 2016 1328 2044 altitudo
1334 2016 1507 2044 divinorum
1513 2016 1690 2051 dogmatum
1695 2037 1702 2050 ,
1718 2019 1823 2045 contra
1828 2024 1897 2052 quas
1904 2020 2002 2052 portae

1169 2061 1256 2089 inferi
1268 2068 1330 2088 non
1345 2063 1472 2096 possunt
1491 2060 1665 2096 praevalere.
1691 2061 1792 2089 Conati
1807 2064 1877 2089 sunt
1889 2061 2004 2089 nihilo~

1171 2106 1272 2133 minus
1278 2113 1368 2140 super
1374 2105 1445 2132 illud
1453 2105 1686 2133 fundamentum
1692 2105 1858 2140 immobile,
1873 2105 2004 2134 malitio-

1171 2150 1195 2177 si
1210 2151 1381 2181 sectatores,
1388 2149 1596 2177 haeresiarchie
1603 2149 1680 2184 dico,
1687 2149 1891 2178 adulterantes
1898 2152 1927 2177 et
1936 2158 2006 2178 cor-

1168 2196 1342 2229 rumpentes
1359 2201 1531 2221 sermonem
1546 2194 1687 2228 veritatis,
1717 2194 1886 2227 aediﬁcare;
1909 2194 1942 2222 id
1960 2196 2006 2223 est

1169 2246 1292 2266 omnem
1303 2238 1460 2266 materiam
1475 2246 1576 2274 pravae
1592 2238 1736 2267 doctrinae
1752 2239 2004 2275 superinducere,

1170 2279 1322 2320 putantes,
1332 2282 1410 2311 utita
1416 2282 1565 2317 dicamus,
1576 2282 1607 2311 in
1617 2283 1675 2311 hoc
1687 2291 1718 2311 se
1726 2283 1910 2319 obsequium
1926 2292 2004 2320 pra:-

1169 2331 1247 2356 stare
1261 2329 1330 2355 Deo.
1346 2328 1403 2355 Sed
1413 2327 1511 2355 veniet
1531 2327 1682 2355 secundus
1698 2328 1816 2356 Domini
1837 2329 2002 2363 adventus,

1170 2373 1233 2400 sive
1244 2372 1402 2408 apparitio,
1430 2374 1459 2399 et
1483 2371 1598 2400 inutilia
1621 2372 1764 2408 quaedam
1789 2372 2004 2401 aediﬁcationis

1169 2425 1261 2454 opera
1267 2420 1441 2445 caeterorum
1449 2416 1607 2444 doctorum
1616 2424 1683 2444 cum
1700 2417 1879 2445 detrimento
1888 2426 2004 2446 consu-

1169 2464 1298 2494 mentur,
1315 2461 1377 2489 sive
1408 2460 1638 2494 comburantur;
1659 2462 1715 2497 ipsi
1743 2465 1844 2490 autem
1861 2462 1905 2490 sic
1923 2463 2004 2491 salvi

1168 2508 1265 2539 erunt,
1276 2505 1364 2541 quasi
1379 2513 1431 2541 per
1441 2505 1554 2540 ignem,
1577 2505 1851 2541 inexstinguibilem
1877 2506 2002 2535 scilicet.

1168 2551 1338 2580 Salvabitur
1356 2557 1428 2584 ergo
1457 2550 1534 2584 talis,
1563 2551 1732 2585 sanabitur,
1763 2551 1936 2579 servabitur
1949 2560 2005 2589 per

1167 2596 1269 2631 ignem
1280 2595 1358 2623 sicut
1366 2594 1502 2627 adamas,
1515 2595 1567 2630 qui
1576 2603 1733 2631 nunquam
1743 2596 1934 2624 consumitur
1949 2605 2007 2633 per

1167 2640 1279 2675 ignem.
1296 2639 1342 2667 Sic
1357 2640 1386 2667 et
1397 2637 1456 2674 ipsi
1471 2638 1601 2666 haeretici
1625 2641 1654 2666 et
1672 2639 1816 2668 malitiosi
1838 2642 2006 2669 sectatores

1166 2684 1374 2719 salvabuntur,
1383 2691 1445 2712 non
1455 2683 1495 2712 ad
1505 2683 1709 2719 purgandum,
1731 2684 1785 2713 sed
1794 2684 1836 2714 ad
1849 2686 2006 2715 cruciatus
