2067 3190
112 136 173 166 im
827 121 970 162 comite
987 123 1136 167 casses
1777 138 1834 167 sis

110 201 244 229 aeternos
256 197 459 231 sustinendos,
475 197 544 226 Huc
561 198 616 232 est,
636 196 789 233 inquiunt,
797 195 944 233 expositio
959 197 983 226 At
999 196 1111 231 Incipit
1127 197 1217 227 tertia
1240 197 1406 227 distinctio.
1423 199 1468 228 De
1488 202 1679 233 sacramento
1698 201 1822 229 altaria.

110 251 197 278 vera,
212 245 242 271 et
255 242 306 271 hic
320 250 428 270 sensus
443 244 612 271 auctorum.

147 288 197 317 Ad
208 288 305 324 quod,
317 287 386 315 licet
403 287 540 323 superius
560 286 633 315 satis
654 286 886 315 determinatum
895 286 943 319 sit,

112 333 277 370 dupliciter
285 332 516 368 respondemus.
527 332 637 365 Primo,
646 339 698 367 per
704 332 843 358 virtutem
849 331 942 364 verbi,

113 377 201 415 quod
219 376 339 411 dicitur,
359 376 544 404 salvabz‘tur.
562 376 644 403 Istud
660 384 793 411 namque
819 376 942 403 verbum

116 423 207 456 σώζω,
221 420 306 458 quod
321 421 424 448 Latine
439 420 600 455 redditum,
613 424 710 454 sonat,
722 421 812 454 solvo,
825 421 864 448 ita
878 428 944 456 pro-

114 467 182 503 prie
206 465 357 501 signiﬁcat
382 465 519 500 salutem,
545 465 576 492 id
605 468 657 498 est,
677 465 886 493 liberationem
905 466 944 494 ab

117 510 206 540 omni
212 509 362 538 molestia:
376 509 458 545 quod
464 517 633 545 nunquam,
641 510 842 537 etmaximein
854 518 945 545 poena

116 554 386 583 conservationem.
402 555 434 581 Et
456 561 526 581 cum
548 554 814 582 abundantissima
834 557 863 582 et
890 562 945 582 co-

118 599 291 637 piosissima
303 599 427 627 exsistat
441 599 546 634 lingua
559 600 672 633 Graeca,
689 599 728 627 ita
743 599 943 635 appropriate:

114 647 187 674 sunt
205 644 368 672 verborum
381 644 614 679 signiﬁcationes
631 644 691 671 suis
707 644 840 671 terminis
855 645 944 680 :quia

111 696 284 724 nunquam,
295 688 516 722 autrarissime,
531 689 681 724 praecipue
694 689 723 716 in
735 697 821 716 sacra
833 689 943 724 pagina

111 734 237 769 ponitur
252 740 348 760 unum
359 740 413 768 pro
421 733 546 768 reliquo.
560 733 642 761 Unde
657 733 742 760 aliter
752 733 942 767 deﬁnierunt,

110 777 274 811 custodire,
287 776 372 805 aliter
382 785 567 810 conservare,
579 777 662 805 aliter
675 786 793 805 sanare.
814 779 943 806 Primum

1034 240 1117 269 Dicto
1129 241 1267 278 superius
1281 241 1320 270 de
1347 243 1537 278 processione
1562 243 1686 280 Spiritus
1719 245 1826 280 sancti,

998 291 1092 319 quam
1113 286 1205 314 Graeci
1216 288 1329 321 negant
1339 289 1367 314 et
1380 287 1418 315 de
1429 288 1582 323 paradiso,
1594 291 1622 316 et
1632 288 1761 325 inferno,
1776 297 1833 318 nec

998 337 1059 357 non
1076 332 1103 357 et
1124 330 1162 358 de
1181 331 1365 366 purgatorio,
1388 331 1425 358 de
1451 332 1562 367 quibus
1591 333 1723 361 similiter
1754 334 1832 362 male

999 375 1143 402 sentiunt:
1162 382 1243 402 nunc
1270 375 1307 402 de
1328 378 1516 403 sacramento
1540 376 1700 412 charitatis,
1729 378 1760 405 id
1788 386 1833 412 est

999 418 1203 451 Eucharistiee,
1215 421 1433 455 consequenter
1444 419 1613 447 videamus.
1628 422 1735 448 Verum
1759 422 1831 458 quia

999 462 1149 498 quaedam
1165 462 1286 490 frivolas
1295 462 1427 490 rationes
1441 463 1577 491 videntur
1590 465 1775 500 praetendere
1800 467 1831 493 in

1000 514 1088 533 suam
1100 505 1306 534 defensionem
1329 507 1376 534 sui
1397 507 1517 540 erroris,
1548 507 1598 536 illa
1620 510 1832 544 postponenda

999 554 1079 585 sunt,
1094 559 1162 586 quae
1176 551 1234 578 sub
1249 553 1394 587 przetextu
1409 552 1527 588 pietatis
1544 560 1643 581 errore
1657 553 1833 589 hujusmodi

998 595 1142 629 nutriunt,
1159 598 1191 623 ut
1201 603 1262 623 non
1276 595 1375 623 solum
1388 596 1459 623 visis
1474 597 1642 624 rationibus
1661 600 1689 626 et
1704 599 1832 626 auctori-

998 640 1118 674 tatibus,
1135 640 1350 676 reprobentur:
1366 648 1470 668 verum
1486 641 1576 675 unde,
1600 644 1628 670 et
1646 650 1664 670 a
1689 651 1751 679 quo
1777 643 1834 671 ha—

997 684 1127 712 buerunt
1154 685 1300 719 originem
1327 685 1525 720 declaramus,
1553 689 1585 713 ut
1617 694 1686 715 cum
1716 688 1833 724 absque

997 729 1106 758 robore
1120 729 1280 762 ﬁrmitatis,
1294 729 1376 757 velut
1403 732 1514 757 domus
1530 730 1594 758 sine
1621 730 1831 766 fundamento,

999 774 1201 809 apparuerint,
1211 774 1251 801 ad
1261 774 1415 802 modicum
1425 774 1590 810 impulsum
1604 775 1751 810 ﬁdelium,
1769 784 1833 804 om-

111 829 248 858 namque
263 821 368 850 dicunt
379 822 514 857 φυλάσσω,
533 822 701 849 secundum
718 826 801 858 τηρῶ,
824 823 943 851 tertium
959 830 981 856 Β
1000 819 1045 846 nis
1065 826 1170 845 eorum
1188 822 1336 846 structura
1356 819 1509 854 nequitiae,
1531 819 1625 847 ruinae
1648 823 1832 855 exponatur.

115 868 205 899 σώζω,
220 865 306 902 quod
316 865 455 900 salutem,
471 866 502 893 id
517 869 570 899 est,
587 866 795 893 liberationem
807 867 846 893 ab
861 868 944 895 omni

113 909 324 944 incommodo,
339 910 423 945 quod
436 913 479 938 est
490 910 669 938 electorum:
690 919 750 945 quo
765 911 856 938 verbo
874 920 944 939 usus

116 957 164 982 est
172 954 336 990 Apostolus
345 954 376 982 in
392 955 549 990 praemissa
558 955 742 987 auctoritate,
755 955 943 983 definierunt.

116 999 166 1027 Sic
189 998 276 1031 σώζω,
305 998 385 1026 unde
403 1001 520 1035 σωτηρία
544 999 636 1031 salus,
658 1002 685 1026 et
711 1002 807 1035 σωτὴρ,
834 1000 864 1027 id
891 1002 944 1033 est,

115 1042 263 1071 Salvator.
275 1041 358 1070 Unde
368 1042 423 1070 iste
431 1043 581 1078 expositor
591 1043 753 1078 praemissae
763 1043 946 1070 auctoritatis

114 1086 251 1123 Apostoli
265 1089 319 1114 aut
336 1087 476 1114 virtutem
504 1087 667 1115 verborum
693 1088 841 1122 ignoravit
856 1096 862 1114 :
883 1090 944 1120 aut,

115 1131 202 1168 quod
219 1131 320 1167 magis
335 1131 579 1167 praesumendum
590 1134 643 1165 est,
659 1132 756 1159 sciens
772 1135 799 1160 et
814 1132 946 1168 prudens

118 1175 275 1212 veritatem
288 1175 360 1203 ﬁdei
375 1175 523 1204 malitiose
539 1176 707 1204 abscondit.

152 1265 292 1294 Secundo
314 1265 547 1302 respondemus,
570 1267 653 1302 quod
670 1267 843 1303 praepositio
863 1267 945 1294 verbi

115 1310 292 1345 hujus,per,
300 1310 430 1338 sumitur
437 1311 946 1345 autcansative,autinstruementa-

114 1355 193 1383 liter.
207 1356 393 1391 Quocunque
409 1355 535 1383 istorum
543 1356 704 1383 modorum
716 1360 861 1390 sumatur,
871 1365 945 1383 nus—

115 1408 212 1436 quam
225 1399 353 1428 adamas
363 1399 497 1428 salvatur
508 1401 674 1428 secundum
684 1409 735 1428 eos
757 1409 810 1436 per
820 1401 920 1435 ignem
938 1410 944 1433 ;

117 1443 193 1481 quia
205 1451 268 1472 nou
281 1444 372 1472 habet
387 1444 444 1472 hoc
461 1444 500 1472 ab
513 1445 591 1479 igne,
608 1448 639 1472 ut
661 1449 852 1473 conservetur
871 1446 947 1481 lapis

1035 865 1120 890 Anno
1137 862 1238 898 itaque
1254 862 1292 890 ab
1308 863 1511 890 incarnatione
1532 863 1649 891 Domini
1672 864 1832 893 millesimo

999 906 1251 942 quinquagesimo
1268 907 1362 940 tertio,
1372 910 1506 943 tempore
1523 908 1627 935 Leonis
1637 916 1725 944 papte
1748 910 1831 942 noni,

999 950 1188 986 fuitquidam
1205 950 1376 986 patriarcha
1386 951 1415 978 in
1432 951 1505 978 urbe
1520 951 1603 985 regia
1624 953 1832 980 Constantium

1000 995 1070 1031 poli,
1093 995 1215 1022 nomine
1235 995 1356 1022 Michael
1366 995 1541 1022 Circularios
1562 995 1764 1033 [Cerularius]
1780 997 1833 1024 Hic

1001 1040 1025 1066 si
1038 1040 1160 1075 quidem
1173 1042 1290 1066 secutus
1301 1047 1353 1074 per
1362 1040 1464 1067 omnia
1477 1039 1728 1075 praedecessorem
1743 1049 1832 1069 suum

1003 1084 1138 1111 Photium
1160 1084 1372 1119 patriarcham,
1390 1084 1442 1119 qui
1457 1084 1540 1119 prius
1558 1085 1721 1119 superbam
1741 1086 1833 1113 cervi-

1001 1137 1066 1156 cem
1078 1136 1165 1156 suam
1181 1132 1285 1155 contra
1299 1136 1454 1156 summum
1469 1130 1642 1164 pontiﬁcem
1656 1130 1769 1164 erigere
1788 1133 1832 1158 at-

1001 1173 1134 1207 tentavit,
1146 1173 1228 1200 nisus
1239 1176 1283 1200 est
1298 1176 1446 1209 quantum
1460 1174 1565 1209 potuit,
1578 1174 1633 1201 etsi
1647 1182 1709 1202 non
1732 1183 1833 1210 quan-

1003 1221 1064 1246 tum
1071 1218 1161 1250 licuit,
1172 1218 1300 1250 Latinos,
1307 1226 1360 1253 qni
1368 1218 1398 1244 in
1405 1218 1511 1245 eadem
1518 1219 1592 1246 urbe
1600 1221 1669 1246 tunc
1689 1221 1832 1255 temporis

1001 1262 1057 1291 sub
1069 1262 1250 1297 imperatore
1265 1263 1366 1290 Grmco
1381 1262 1541 1297 degebant,
1558 1263 1597 1290 ad
1610 1264 1779 1291 Graecorum
1792 1264 1832 1291 ri-

1003 1310 1060 1339 tus,
1077 1310 1105 1334 et
1122 1307 1272 1342 praecipue
1288 1307 1327 1334 ad
1341 1307 1575 1334 sacriﬁcandum
1588 1307 1620 1334 in
1642 1308 1831 1343 fermentato,

1000 1352 1123 1379 tandem
1136 1359 1189 1386 per
1202 1359 1361 1378 censuram
1372 1351 1604 1379 ecclesiasticam
1619 1352 1753 1380 invitare.
1774 1353 1832 1382 Sed

1001 1396 1074 1431 quia
1086 1398 1203 1423 tantum
1216 1396 1300 1423 nefas
1324 1396 1377 1422 diu
1399 1397 1566 1424 Romanam
1597 1397 1713 1424 curiam
1740 1397 1832 1426 latere

1003 1449 1064 1468 non
1075 1440 1178 1475 potuit,
1195 1440 1281 1467 missi
1297 1443 1365 1467 sunt
1378 1448 1396 1467 a
1408 1440 1547 1475 pontiﬁce
1559 1449 1679 1469 summo
1689 1441 1777 1476 legati
1791 1442 1831 1470 ad

116 1487 309 1522 missum-sed
318 1487 415 1523 potius
425 1496 443 1516 δ
453 1491 562 1516 natura,
571 1489 666 1516 taliter
674 1489 731 1517 sibi
744 1498 761 1517 ει
772 1491 829 1517 Deo
847 1490 947 1526 insita,
964 1489 984 1516 C
1003 1485 1178 1521 praedictam
1187 1485 1346 1515 civitatem,
1362 1485 1413 1520 qui
1423 1485 1473 1519 huj
1481 1486 1597 1512 usmodi
1606 1486 1767 1514 furentium
1774 1487 1831 1514 im-

119 1535 156 1560 ut
169 1531 280 1560 scilicet
293 1532 332 1560 ab
344 1532 490 1561 elemento
504 1533 582 1568 ignis
595 1542 657 1561 non
676 1535 771 1569 possit
785 1535 946 1570 corrumpi.

120 1576 259 1605 Similiter
275 1579 303 1604 et
311 1577 403 1606 homo
416 1578 617 1613 corruptibilis
638 1587 706 1606 cum
723 1579 770 1611 sit,
780 1588 840 1607 non
856 1580 948 1607 habe-

118 1622 164 1650 bit
177 1622 235 1649 hoc
247 1621 287 1649 ab
301 1622 371 1656 igne
389 1622 450 1650 sive
472 1624 568 1657 gratia
591 1624 678 1658 ignis,
705 1627 736 1651 ut
755 1625 784 1651 in
803 1627 948 1652 teternum

119 1666 184 1694 sive
210 1666 316 1694 vivens
336 1666 369 1694 in
387 1667 457 1702 igne
471 1668 635 1702 crucietur;
652 1669 705 1696 sed
731 1670 789 1697 Deo
811 1670 947 1705 jubente,

117 1718 214 1747 supra
227 1713 369 1739 naturam
378 1711 418 1739 ad
431 1712 545 1740 malum
559 1721 658 1748 suum,
674 1713 730 1741 tale
739 1714 811 1750 quid
826 1717 894 1750 post
903 1723 947 1742 re-

115 1755 336 1784 surrectionem
350 1756 480 1792 recipiet,
498 1760 527 1784 ut
542 1757 579 1784 sit
604 1757 634 1785 in
657 1761 801 1785 aeternum
831 1759 947 1793 vivens,

115 1800 182 1828 sine
193 1799 253 1827 ﬁne
267 1808 320 1836 per
333 1800 446 1835 ignem,
462 1804 490 1829 et
508 1802 539 1829 in
555 1801 634 1837 igne,
650 1810 711 1830 non
723 1803 788 1837 jam
808 1803 947 1837 salvetur,

115 1844 149 1872 id
164 1847 221 1878 cst,
236 1848 428 1873 conservetur
441 1846 607 1873 secundum
622 1848 751 1881 Graecos,
773 1847 825 1874 sed
850 1848 949 1883 potius

117 1888 278 1917 crucietur.
293 1889 408 1917 Salvari
429 1898 500 1925 ergo
516 1891 670 1918 hominem
692 1892 831 1922 dicimus.
848 1901 917 1919 cum
931 1901 949 1920 a

116 1936 314 1969 peccatorum
334 1934 492 1962 venialium
509 1935 645 1967 maculis,
661 1937 810 1964 mediante
820 1937 869 1964 illo
880 1937 949 1971 igne

119 1979 280 2014 temporali
289 1982 318 2007 et
332 1981 516 2015 purgatorio,
529 1981 720 2009 liberabitur:
735 1985 767 2009 ut
786 1983 826 2009 sic
846 1982 948 2010 videli-

122 2023 171 2050 cet
184 2022 283 2051 anima
292 2026 433 2059 purgata,
443 2033 496 2052 seu
505 2025 662 2061 puriﬁcata
674 2026 801 2062 propriis
811 2026 947 2059 maculis,

120 2065 217 2101 digna.
230 2069 403 2104 conspectui
412 2069 521 2104 judicis
536 2070 722 2106 quandoque
742 2074 947 2106 priesentctur.

1003 1533 1106 1566 petum
1119 1537 1169 1564 per
1179 1529 1386 1557 auctoritatem
1400 1529 1479 1556 sedis
1494 1530 1666 1565 apostolica:
1680 1530 1831 1559 refrenan-

1004 1577 1056 1609 tes,
1074 1582 1143 1601 eum
1159 1576 1187 1601 et
1197 1581 1342 1609 sequaces
1355 1574 1419 1606 ejus
1435 1574 1634 1602 anathematis
1650 1574 1752 1609 gladio
1767 1583 1832 1610 per-

1003 1622 1170 1653 cusserunt,
1184 1627 1220 1646 ex
1240 1621 1309 1646 tunc
1328 1618 1428 1654 itaque
1455 1619 1546 1646 Graeci
1568 1619 1693 1654 majoris
1710 1620 1831 1647 invidiae

1004 1663 1130 1691 stimulis
1143 1663 1256 1697 agitati,
1272 1671 1364 1698 quam
1383 1663 1482 1698 plures
1504 1663 1607 1697 libros,
1624 1672 1678 1691 seu
1691 1666 1832 1692 tractatus

1003 1709 1034 1735 in
1057 1708 1266 1735 confusionem
1294 1709 1437 1735 Romanae
1452 1707 1589 1735 Ecclesiae
1611 1708 1779 1742 ediderunt,
1804 1710 1833 1736 et

1004 1752 1066 1780 suis
1088 1752 1214 1788 posteris
1234 1752 1389 1786 legendos,
1417 1754 1562 1788 tanquam
1584 1753 1781 1786 authenticos,
1805 1755 1834 1781 et

1003 1796 1073 1824 ﬁdei
1088 1796 1241 1824 catholicae
1254 1796 1424 1824 ﬁrmitatem
1439 1796 1595 1831 habentes,
1607 1797 1738 1824 districta
1748 1805 1833 1825 man-

1003 1841 1169 1875 daverunt;
1185 1849 1237 1869 eos
1252 1849 1333 1874 vero,
1349 1841 1401 1876 qui
1414 1841 1444 1868 in
1459 1841 1505 1868 his
1521 1841 1669 1869 contraria
1681 1841 1832 1876 dogmati-

1004 1894 1071 1913 zare
1081 1888 1307 1921 praesumerent,
1316 1885 1508 1913 annuatimin
1515 1886 1656 1921 ecclesiis,
1672 1894 1745 1914 voce
1757 1893 1833 1921 prae-

1003 1931 1098 1964 conis,
1110 1930 1193 1966 quod
1209 1938 1304 1966 usque
1326 1930 1416 1958 hodie
1437 1931 1467 1957 in
1485 1939 1590 1958 eorum
1606 1931 1738 1958 ecclesiis
1762 1938 1834 1958 con~

1005 1975 1195 2002 ventualibus
1206 1974 1391 2009 observatur,
1405 1975 1559 2002 haereticos
1575 1975 1795 2003 denuntiarent.

1040 2021 1123 2047 Hunc
1144 2019 1234 2054 igitur
1253 2019 1424 2047 Michaelem
1441 2020 1533 2048 Graeci
1558 2028 1654 2055 usque
1681 2019 1771 2047 hodie
1790 2027 1834 2048 se-

1004 2067 1140 2100 quentes,
1157 2064 1276 2092 Latinos
1292 2065 1448 2099 Azymitas
1461 2072 1534 2092 voce
1554 2064 1676 2100 publica
1699 2071 1833 2092 asserere

119 2111 272 2147 Scriptum
285 2115 331 2140 est
345 2113 426 2140 enim
440 2114 527 2142 Nihil
539 2115 761 2149 coinquinatum
778 2116 902 2143 intrabit
919 2116 946 2142 in

1005 2117 1065 2136 non
1085 2111 1232 2136 verentur.
1261 2108 1343 2136 Unde
1362 2108 1392 2136 in
1413 2111 1527 2137 tantam
1549 2109 1781 2137 exciecationem
1805 2111 1834 2136 et

118 2163 185 2184 eam
199 2156 241 2191 6‘,'
250 2156 304 2184 sed
312 2157 414 2185 anima
423 2161 521 2193 portat
534 2159 763 2194 inquinamenta
776 2160 948 2191 venialium,

119 2203 153 2228 ut
172 2208 268 2237 supra
286 2204 445 2230 ostensum
470 2206 516 2231 est.
542 2212 594 2239 per
622 2204 705 2231 illam
737 2205 947 2241 antiphonaui:

118 2246 290 2281 lmagosum
298 2247 470 2282 ine/fabius,
481 2250 510 2276 et
519 2252 635 2276 caetera.
646 2251 731 2285 Ergo,
739 2258 801 2277 non
812 2250 868 2277 nisi
878 2258 950 2285 pur—

118 2292 203 2324 gata.
214 2291 247 2318 Et
258 2291 335 2319 sicut
349 2292 499 2320 habemus
511 2293 548 2320 de
556 2293 646 2321 divite
669 2297 696 2321 et
720 2296 838 2327 Lazaro,
869 2294 952 2330 quod

117 2333 365 2370 irrefragabiliter
374 2344 555 2373 responsum
562 2339 686 2374 accepit,
696 2339 778 2374 quod
785 2347 845 2367 non
854 2342 953 2374 posset

118 2380 250 2408 transire
265 2381 372 2417 aliquis
383 2390 401 2410 a
413 2381 479 2410 loco
495 2385 723 2419 tormentorum,
740 2385 829 2418 igitur
844 2392 953 2420 purga-

115 2424 204 2452 bitur
215 2424 295 2453 alibi.
309 2426 402 2454 Istum
414 2426 513 2455 locum
523 2427 651 2455 dicimus
665 2428 766 2456 locum
777 2429 952 2464 purgatorii,

115 2468 163 2497 ad
177 2476 271 2505 quem
286 2472 440 2499 transeunt
456 2474 576 2503 animae.
590 2481 658 2508 qua:
672 2473 745 2501 dum
761 2474 861 2501 adhuc
876 2475 953 2502 vive-

112 2516 198 2551 rent,
207 2514 245 2542 de
261 2515 323 2542 suis
335 2516 508 2544 excessibus
519 2517 651 2553 plenarie
663 2526 723 2545 non
735 2519 952 2549 satisfecerunt.

112 2558 275 2587 Habemus
289 2559 380 2594 igitur
395 2569 430 2588 ex
444 2555 607 2596 praemissis
621 2567 753 2598 quatuor
766 2565 954 2600 receptacula

113 2602 344 2638 defunctorum,
351 2604 441 2639 idest,
448 2606 626 2641 paradisum
632 2607 794 2643 bonorum,
803 2609 953 2639 infernum

114 2647 350 2683 damnatorum,
368 2649 508 2686 lymbum
527 2659 691 2687 puerorum
705 2660 767 2681 non
788 2653 952 2690 baptizato-

115 2699 203 2727 rum,
214 2694 246 2721 et
255 2694 467 2729 purgatorium
476 2696 694 2731 paenitentiam.

157 2763 185 2802 f‘
199 2765 327 2803 Apocal.
339 2773 396 2802 xxi,
411 2768 458 2795 27.

1006 2155 1211 2189 contemptum
1227 2152 1309 2188 apud
1321 2160 1372 2180 eos
1396 2153 1516 2181 devenit
1533 2154 1710 2189 mysterium
1732 2161 1834 2181 sacra-

1005 2198 1109 2231 menti,
1126 2200 1158 2225 ut
1172 2205 1233 2225 non
1249 2196 1348 2224 solum
1363 2197 1394 2224 in
1406 2197 1509 2225 mortis
1524 2197 1649 2226 articulo
1668 2206 1704 2225 ex
1718 2205 1764 2225 eo
1786 2205 1835 2224 su-

1006 2251 1088 2271 mere
1102 2244 1251 2276 recusent,
1269 2249 1369 2269 verum
1385 2242 1476 2269 etiam
1499 2242 1630 2270 incendii
1652 2242 1834 2278 supplicium

1007 2288 1108 2324 potius
1123 2287 1234 2321 eligant
1248 2287 1366 2318 sentire,
1383 2294 1476 2322 quam
1493 2286 1668 2322 simpliciter
1687 2286 1833 2315 confiteri.

1010 2332 1120 2360 Probat
1135 2332 1192 2358 hoc
1203 2331 1337 2366 Cyprius,
1346 2331 1397 2366 qui
1408 2331 1517 2358 nostris
1526 2331 1713 2367 temporibus
1721 2331 1836 2359 duode-

1009 2378 1066 2405 cim
1081 2376 1247 2404 monachos
1263 2377 1389 2411 Graecos,
1403 2375 1458 2403 isto
1469 2383 1569 2403 errore
1580 2375 1764 2409 laborantes,
1780 2383 1835 2403 no-

1008 2431 1062 2451 vos
1075 2421 1188 2449 diaboli
1203 2422 1360 2456 martyres,
1378 2428 1431 2456 per
1440 2420 1581 2457 ﬂammas
1595 2419 1674 2454 ignis
1684 2419 1835 2455 produxit.

1010 2468 1152 2496 Dicebant
1173 2466 1253 2493 enim
1276 2466 1410 2501 praedicti
1431 2465 1591 2493 monachi:
1608 2466 1836 2493 Sacramentum

1010 2513 1181 2540 Latinorum
1207 2510 1303 2538 lutum
1330 2518 1406 2545 esse,
1426 2513 1454 2538 et
1475 2518 1536 2538 non
1552 2510 1837 2538 sacramentum:et

1009 2557 1091 2594 quod
1107 2555 1321 2587 sacriﬁcantes,
1337 2555 1384 2583 vel
1396 2557 1548 2583 sumentes
1564 2563 1600 2582 ex
1613 2562 1660 2589 eo,
1673 2560 1755 2581 more
1767 2560 1837 2588 gen-

1008 2602 1105 2631 tilium
1118 2599 1277 2628 daemoniis
1286 2599 1486 2628 immolarcnt.
1501 2600 1639 2628 Rationes
1648 2600 1749 2627 autem
1759 2605 1838 2634 quas

1009 2648 1114 2675 contra
1128 2644 1247 2673 Latinos
1263 2643 1404 2680 allegant,
1417 2646 1447 2672 et
1461 2644 1573 2680 quibus
1593 2651 1624 2672 se
1639 2643 1715 2671 tueri
1733 2642 1837 2670 viden-

1007 2694 1066 2727 tur,
1077 2693 1147 2720 sunt
1155 2692 1220 2720 istae
