2067 3192
247 136 300 170 sui

863 124 1102 165 manubriis
1121 126 1263 164 DlAGONI
1282 133 1337 163 cp.

1914 135 1963 166 520

247 203 387 233 Rationes
394 201 569 231 Grecorum
575 202 683 229 contra
693 199 816 229 Latinos
822 198 851 228 in
857 206 962 234 azyma
986 206 1083 228 conse-
1097 198 1122 225 Λ
1177 197 1259 226 Idem
1265 197 1518 233 superloannem:
1533 208 1547 223 «
1555 198 1618 226 Non
1624 205 1705 234 ergo,
1715 197 1837 227 utaliter
1842 198 1963 235 opinan-

586 247 715 274 orantes.

283 318 381 348 Primo
395 318 509 354 dicunt,
522 316 607 354 quod
618 316 766 345 Dominus
780 318 891 351 noster,
911 315 1008 352 quiin
1036 314 1083 343 sui

247 364 428 393 memoriam
442 363 500 392 hoc
514 362 579 391 ﬁeri
593 361 760 395 mandavit,
775 369 837 390 non
847 361 878 389 in
893 368 1011 397 azymo,
1029 360 1083 388 sed

246 408 427 438 fermentato
440 416 519 445 pane
532 406 654 436 tradidit
675 406 832 442 discipulis
858 405 931 433 suis.
961 407 1084 434 Constat

247 453 428 490 enim,quod
435 452 604 481 secundum
613 451 712 487 legem
734 451 836 487 Moysi,
849 450 1083 487 quartadecima

246 498 321 527 luna
326 497 588 527 tiebatimmolatio
595 496 666 532 agni
674 498 703 525 et
716 504 785 525 esus
793 503 982 531 azymorum,
1007 495 1084 524 sicut

248 543 393 580 scriptum
405 544 450 570 est
461 540 579 570 Levitici
591 549 650 574 xui,
664 548 733 577 quos
751 539 816 568 dies
830 539 948 568 Pascha
962 538 1083 576 proprie

248 588 423 617 vocabatur.
435 586 491 615 Sed
499 585 643 614 Dominus
646 585 734 620 juxta
744 584 938 620 Evangelium
944 584 1082 617 Joannis,

247 635 319 661 ante
324 632 400 660 diem
405 632 514 666 festum
522 630 667 659 Pascha”
675 631 698 647 ⁸⁵
705 629 875 658 celebravit.
884 630 1007 657 Grecam
1013 637 1083 657 cum

247 676 401 713 discipulis
415 676 487 710 suis,
501 678 529 704 et
544 674 721 711 mysterium
731 674 865 711 corporis
881 677 910 702 et
926 673 1083 709 sanguinis

249 722 295 750 sui
305 720 435 750 tradidit.
450 721 479 749 Si
491 720 522 748 in
536 719 589 748 tali
612 719 670 755 die,
688 719 740 755 qui
763 721 828 747 erat
850 719 934 747 tertia
964 718 1083 747 decima

246 766 329 801 luna,
352 765 514 794 celebravit
542 764 666 796 Pascha,
679 766 751 792 tunc
770 763 930 792 utebantur
949 763 1080 792 fermen-

247 813 308 840 tato
320 820 327 845 ;
341 818 413 845 ergo
427 809 465 837 de
478 808 655 837 fermentato
666 808 787 837 tradidit
800 815 911 844 corpus
925 815 1025 843 suum,

284 856 357 884 ltem
368 864 375 883 :
385 855 454 883 Non
466 854 648 882 introierunt
655 853 845 888 pratorium,
860 856 964 881 utnon
976 856 1079 881 conla-

247 901 450 934 minarentur,
463 898 515 927 sed
525 898 742 926 manducarent
753 897 868 926 Pascha
885 899 918 925 ⁸⁷.
932 897 990 926 Sed
1012 900 1082 926 tunc

248 945 304 974 fuit
316 944 390 972 luna
398 946 526 980 quarta:
550 942 668 971 decima
686 949 757 977 ergo
771 942 801 970 in
817 943 1007 978 praecedenti,
1028 943 1083 971 fuit

248 988 323 1017 luna
337 988 423 1016 tertia
436 987 563 1021 decima,
579 986 703 1023 quando
719 986 865 1015 Dominus
878 986 1000 1016 tradidit
1018 995 1082 1016 cor-

247 1041 306 1070 pus
320 1041 410 1061 suum
421 1052 429 1066 ,
444 1035 473 1061 et
481 1032 551 1060 inde
565 1034 596 1060 ut
608 1031 701 1067 prius.

285 1079 359 1107 Item
374 1085 443 1106 cum
458 1076 643 1112 evangelista
657 1076 695 1104 de
709 1075 837 1106 materia
845 1076 924 1105 illius
938 1077 1026 1113 panis
1038 1077 1081 1106 ta-

248 1126 327 1151 ceret
342 1122 535 1152 mentionem,
551 1129 613 1149 non
626 1121 701 1149 dixit
712 1130 719 1149 :
730 1122 815 1149 Jesus
829 1122 945 1157 accepit
962 1129 1080 1158 azyma,

251 1167 322 1195 sed:
340 1167 587 1202 Aecipienslesus
602 1166 679 1202 ἄρτον
709 1167 743 1194 Et
761 1166 840 1202 ἄρτος
864 1165 1007 1202 supponit
1028 1173 1083 1202 pro

249 1214 436 1241 fermentato.
450 1213 535 1246 Ergo,
547 1213 602 1238 etc.

287 1259 357 1284 Item
373 1264 442 1283 cum
458 1256 602 1291 scriptum
616 1254 663 1289 sit,
677 1254 761 1290 quod
772 1254 880 1282 stando
900 1257 929 1283 et
944 1262 1015 1283 cum
1038 1255 1084 1284 la-

251 1304 342 1333 ctucis
373 1301 540 1337 agrestibus
566 1302 594 1327 et
616 1298 791 1327 festinanter
818 1299 941 1328 deberet
967 1300 1085 1329 comedi

251 1356 347 1383 agnus
363 1345 528 1383 paschalis,
544 1343 661 1372 nullum
685 1342 743 1371 tale
771 1343 846 1379 quid
868 1343 900 1372 in
924 1345 1085 1380 Evangelia

250 1392 405 1429 reperitur.
422 1389 503 1417 Unde
515 1389 642 1421 constat,
664 1387 748 1424 quod
772 1387 824 1417 illa
844 1396 931 1417 omna
955 1397 1017 1418 non
1030 1390 1086 1424 fuit

251 1437 366 1466 Pascha
393 1435 576 1467 Judssorum,
604 1432 658 1460 sed
681 1433 780 1469 potius
808 1441 895 1462 caena
920 1436 950 1462 et
968 1435 1082 1463 Pascha

252 1481 496 1512 Christianorum,
505 1480 532 1505 et
542 1485 603 1505 non
610 1485 680 1505 cum
685 1477 809 1514 azymis,
820 1478 872 1506 sed
879 1486 949 1506 cum
955 1478 1082 1507 fermen-

1139 241 1219 270 tibus
1228 241 1328 270 visum
1338 243 1394 276 est,
1405 242 1550 270 Dominus
1565 242 1712 276 SalvatOr,
1724 243 1777 279 qui
1791 244 1821 271 et
1832 243 1895 279 ipse
1903 243 1959 272 ait:

1136 287 1204 315 Non
1219 287 1289 315 veni
1303 287 1416 316 solvere
1429 288 1533 322 legem,
1551 287 1604 316 sed
1617 288 1785 323 adimplere
1802 288 1836 323 ⁸⁸,
1853 288 1961 317 Pascha

1137 338 1227 359 suum
1240 330 1437 367 anticipavit:
1456 331 1509 359 sed
1524 333 1669 368 tempore,
1698 334 1728 360 et
1747 332 1842 360 modo
1864 331 1961 361 debito

1137 377 1245 404 cuncta
1256 376 1488 405 consummavit.
1503 386 1518 401 »
1528 376 1605 405 Fecit
1615 384 1687 412 ergo
1697 376 1812 406 Pascha
1822 377 1962 406 Dominus

1137 428 1207 448 cum
1232 420 1389 456 discipulis
1421 420 1493 454 suis,
1519 421 1595 449 sicut
1619 421 1804 457 evangelista
1829 423 1959 455 testatur,

1136 465 1261 501 quando
1276 465 1345 494 fecit
1358 473 1429 494 cum
1443 465 1557 502 azymis
1569 468 1598 494 et
1608 474 1688 502 agno
1705 466 1912 501 immaculato,
1932 467 1963 496 ut

1136 509 1168 538 in
1177 508 1243 544 lege
1256 510 1401 546 scriptum
1415 512 1469 538 est.

1174 556 1246 582 Item
1256 554 1505 591 Theophylactus,
1519 555 1666 592 Bulgaria:
1681 556 1854 593 episcopus,
1874 563 1964 593 expo-

1137 606 1213 627 nens
1224 598 1298 627 illud
1307 599 1392 635 quod
1401 599 1508 635 legitur
1520 600 1561 628 ad
1582 600 1748 629 Corinthios
1760 609 1767 629 :
1792 601 1965 629 Convenien-

1138 644 1218 672 tibus
1233 644 1313 672 vobis
1325 644 1358 672 in
1371 645 1503 678 unum",
1520 647 1575 673 etc.
1587 645 1628 674 ita
1641 645 1728 674 dicit:
1742 656 1757 671 «
1766 646 1833 674 Non
1841 653 1962 682 possum

1137 696 1199 717 non
1206 688 1380 723 concedere,
1393 689 1517 725 quando
1524 689 1589 726 ipse
1602 690 1746 718 Dominus
1754 697 1865 726 corpus
1879 698 1964 718 suum

1137 741 1172 761 ex
1185 740 1273 769 pane,
1285 741 1377 769 quem
1392 733 1535 767 habebat,
1552 734 1661 762 scilicet
1672 742 1791 770 azymo,
1816 743 1886 762 cum
1905 734 1965 762 dies

1136 780 1437 814 essentAzymorum,
1451 778 1573 807 tradidit
1587 779 1742 815 discipulis
1769 780 1842 814 suis,
1868 779 1892 807 si
1920 787 1966 807 se-

1137 822 1271 850 cundum
1283 822 1444 858 Evangelia
1450 825 1478 851 et
1484 826 1659 852 sanctorum
1666 825 1786 852 Patrum
1794 823 1964 857 sententias,

1095 874 1118 901 B
1137 866 1300 895 celebravit
1314 867 1458 895 Dominus
1472 870 1607 903 tempore
1620 868 1722 896 debito
1733 868 1849 896 Pascha
1861 876 1867 901 ;
1887 867 1965 896 unde

1137 913 1208 939 tunc
1236 911 1431 940 fermentatus
1453 912 1593 948 apparuit
1614 915 1719 941 contra
1739 912 1863 948 legem?
1889 913 1966 941 Sicut

1136 955 1217 984 enim
1233 955 1379 991 scriptum
1408 956 1497 984 estin
1524 956 1627 985 Exodo
1658 965 1696 984 xu
1722 958 1843 992 Septem
1866 957 1966 985 diebus

1135 1000 1350 1035 fermentatum
1364 1008 1425 1028 non
1447 1001 1606 1035 apparebit
1625 1001 1658 1029 in
1672 1001 1808 1029 domibus
1820 1001 1964 1030 vestris”.

1138 1045 1224 1078 Quod
1239 1045 1265 1073 si
1279 1044 1431 1073 credimus
1451 1045 1551 1074 verbis
1582 1046 1717 1074 Veritatis
1740 1046 1887 1075 dicentis:
1902 1046 1966 1074 Non

1136 1089 1205 1118 veni
1216 1089 1330 1118 solvere
1345 1090 1449 1125 legem,
1463 1092 1536 1124 etc.,
1553 1090 1740 1119 credendum
1750 1093 1806 1125 est,
1820 1093 1848 1119 et
1863 1089 1967 1127 praedi-

1138 1133 1282 1167 candum,
1289 1134 1450 1162 Dominum
1457 1136 1559 1163 tesum
1565 1142 1621 1163 nec
1628 1143 1724 1166 unum
1732 1135 1805 1168 iota,
1812 1143 1869 1164 nec
1877 1142 1968 1163 unum

1139 1178 1256 1214 apicem
1267 1178 1341 1214 legis
1354 1179 1540 1215 praeteriisse,
1556 1182 1585 1208 et
1596 1182 1629 1208 ut
1653 1180 1744 1209 totius
1757 1179 1970 1215 transgressio-

1138 1222 1185 1252 nis
1196 1223 1374 1258 immunem,
1387 1223 1499 1263 dixisse
1512 1224 1738 1253 insidiatoribus
1753 1225 1817 1253 suis
1829 1233 1836 1252 :
1853 1225 1925 1259 Quis
1935 1231 1971 1252 ea:

1139 1268 1221 1296 vobis
1235 1270 1339 1303 arguet
1350 1276 1396 1296 me
1405 1268 1441 1296 de
1454 1269 1633 1303 pet-ccam“?
1646 1268 1760 1305 alioqui
1774 1277 1833 1298 nec
1847 1272 1973 1306 peccata

1139 1312 1304 1342 multorum
1317 1313 1441 1348 tulisset,
1455 1320 1512 1341 nec
1524 1321 1580 1349 pro
1594 1313 1871 1348 transgressoribus
1891 1322 1973 1343 oras-

1140 1361 1186 1386 set
1199 1361 1232 1387 ut
1245 1366 1308 1386 non
1323 1359 1463 1394 perirent,
1473 1366 1529 1386 nec
1540 1365 1597 1394 pro
1607 1359 1693 1386 nobis
1704 1366 1828 1394 passus,
1843 1359 1899 1387 sed
1918 1366 1973 1395 pro

1141 1411 1197 1431 sua
1210 1402 1460 1439 praevaricatione
1466 1403 1549 1437 juste
1560 1404 1685 1437 punitus
1697 1403 1721 1420 ⁷²
1750 1403 1871 1437 fuisset,
1898 1411 1974 1439 pras-

1140 1447 1242 1476 sertim
1253 1446 1336 1484 quod
1348 1454 1410 1475 non
1423 1446 1519 1475 solum
1535 1449 1738 1482 transgressor
1746 1447 1824 1482 legis
1834 1447 1972 1476 inventus

1137 1494 1216 1520 esset
1225 1492 1371 1521 fermento
1384 1494 1454 1519 tunc
1464 1491 1547 1528 apud
1561 1499 1591 1519 se
1605 1494 1740 1528 reperto;
1774 1492 1828 1520 sed
1847 1492 1969 1528 insuper

251 1529 412 1573 taloPaPe»
428 1522 512 1573 qugd
520 1522 669 1573 Sigﬂiﬁf’at
677 1522 783 1573 om“?
795 1522 1022 1573 Perfectifmem:
1028 1523 1083 1552 fuit
1097 1532 1117 1560 C
1137 1537 1248 1566 multos
1261 1536 1425 1573 discipulos
1432 1522 1500 1564 reos
1512 1537 1617 1564 mortis
1629 1522 1785 1571 eﬂ'ecisset,
1801 1536 1908 1565 cibans
1919 1522 1964 1565 eos

252 1570 445 1599 celebratum.
467 1568 540 1595 Nam
562 1567 693 1595 Christus
713 1569 814 1595 noster
837 1568 982 1595 Dominus
1005 1568 1082 1596 duas

251 1618 375 1644 naturas
387 1613 418 1641 in
433 1620 526 1640 unam
537 1619 701 1647 personam
716 1611 774 1639 sibi
790 1612 894 1646 univit,
908 1615 936 1640 et
948 1612 1024 1641 sicut
1038 1613 1082 1641 di-

250 1660 323 1687 vina
338 1659 382 1686 est
397 1656 629 1693 simplicissima,
642 1655 684 1684 ita
692 1656 829 1685 humana
851 1659 896 1685 est
915 1657 1083 1694 composita

251 1711 288 1731 ex
307 1703 410 1731 anima
428 1704 456 1729 et
475 1709 607 1737 corpore,
629 1701 691 1728 sive
710 1708 809 1729 carne.
845 1701 926 1730 Sicut
952 1709 1024 1737 ergo
1052 1701 1083 1730 in

251 1747 366 1777 Christo
381 1746 473 1774 tuitet
489 1748 535 1773 est
546 1745 698 1779 divinitas,
715 1746 826 1781 anima,
842 1748 870 1774 et
882 1754 1012 1782 corpus:
1042 1747 1084 1775 ita

250 1793 282 1821 in
296 1791 439 1828 mysterio
458 1790 638 1819 sacramenti
657 1790 762 1824 nostri,
780 1790 864 1826 quod
887 1799 925 1818 ex
952 1791 1084 1827 perfecto

250 1844 339 1873 pane,
354 1835 385 1864 id
401 1837 446 1864 est
469 1835 658 1868 fermentato,
682 1834 844 1870 perﬁcitur,
867 1835 1002 1864 similiter
1026 1836 1084 1865 tria

248 1880 448 1918 reperiuntur,
469 1879 580 1908 scilicet
591 1879 702 1913 forma,
718 1879 910 1914 fermentum,
940 1883 970 1909 et
990 1889 1084 1918 aqua.

250 1927 387 1955 Vestrum
398 1927 500 1953 autem
511 1926 737 1953 sacramentum
753 1932 816 1952 non
830 1924 927 1953 solum
953 1933 1019 1954 non
1040 1930 1087 1957 est

249 1978 354 1999 verum
370 1971 605 2004 sacramentum,
622 1968 676 1996 sed
688 1976 744 1996 nec
768 1972 993 1998 sacramentum
1019 1970 1086 2007 qui-

250 2015 331 2050 dem,
345 2014 429 2051 quod
443 2016 561 2042 tantum
577 2013 726 2049 discrepat
739 2021 759 2041 a
781 2014 916 2043 veritate.
940 2016 990 2042 Hae
1017 2017 1088 2043 sunt

249 2060 391 2094 rationes,
403 2066 481 2095 quas
495 2058 527 2085 in
537 2065 643 2085 eorum
652 2057 737 2085 libris
753 2065 803 2085 me
813 2057 964 2086 invenisse
975 2060 1086 2096 recolo,

250 2106 279 2132 et
294 2103 334 2132 ab
348 2111 400 2132 ore
414 2103 549 2138 ipsorum
563 2101 713 2129 audivisse
728 2101 758 2129 in
772 2102 984 2138 disputatione.

392 2147 554 2181 Responsio
568 2146 608 2174 ad
620 2146 752 2174 rationes
767 2146 948 2176 Grecorum.

1135 1581 1324 1615 fermentato,
1340 1581 1411 1609 etin
1425 1580 1565 1617 injuriam
1579 1581 1687 1609 divinae
1697 1581 1792 1617 legis;
1808 1581 1892 1618 quod
1921 1582 1965 1609 est

1136 1626 1332 1663 impossibile.
1348 1637 1363 1650 »

1174 1671 1256 1699 Unde
1269 1678 1408 1707 quamvts
1425 1670 1575 1707 principes
1586 1670 1778 1699 sacerdotum
1807 1670 1917 1699 falsum
1927 1671 1967 1697 te-

1138 1715 1313 1745 stimonium
1319 1715 1497 1752 quaesissent
1503 1715 1542 1743 ad
1546 1723 1648 1743 versus
1655 1723 1735 1748 eum,
1744 1718 1779 1744 ut
1797 1723 1867 1743 eum
1882 1713 1967 1742 morti

1137 1761 1298 1792 traderent,
1306 1760 1422 1788 nullum
1430 1760 1595 1788 tamentale
1608 1760 1680 1796 quid
1688 1760 1876 1795 objecerunt,
1884 1759 1968 1796 quale

1139 1807 1231 1835 Graeci
1243 1813 1324 1834 nunc
1339 1804 1490 1840 objiciunt.
1502 1805 1588 1837 Quod
1600 1804 1625 1833 si
1636 1805 1743 1833 fuisset
1761 1805 1970 1841 objectum,so-

1138 1850 1203 1879 lum
1218 1850 1384 1878 suffecisset
1395 1849 1434 1877 ad
1445 1849 1631 1885 perdendum
1649 1857 1729 1878 enm.
1751 1852 1809 1878 Nec
1825 1850 1918 1878 Pilato
1932 1848 1971 1876 di-

1140 1897 1223 1923 cente
1234 1893 1454 1928 :Accipiteeum
1460 1901 1520 1929 vos,
1528 1897 1555 1922 et
1560 1894 1725 1922 secundum
1733 1894 1831 1930 legem
1848 1897 1972 1923 vestram

1136 1940 1274 1975 judicate
1284 1947 1361 1972 eum,
1372 1937 1538 1967 dixissent:
1547 1938 1615 1966 Νοη
1627 1939 1695 1966 licet
1706 1939 1796 1967 nobis
1810 1940 1973 1973 interﬁcere

1142 1983 1365 2021 quemquam",
1376 1982 1448 2019 quia
1459 1983 1516 2018 ipsi
1532 1985 1682 2018 praecepto
1707 1983 1785 2019 legis
1807 1982 1970 2012 interfecis-

1142 2032 1208 2057 sent
1219 2027 1581 2064 fermentatiparticipem,
1592 2027 1776 2057 etdixissent
1790 2038 1796 2056 :
1807 2029 1870 2057 Nos
1883 2029 1970 2063 legem

1143 2074 1296 2104 habemus,
1308 2076 1334 2101 et
1345 2073 1508 2101 secundum
1533 2073 1626 2107 legem
1650 2072 1736 2101 debet
1759 2074 1840 2101 mori
1848 2073 1884 2106 π,
1904 2071 1970 2109 quia

1141 2118 1352 2146 fermentatum
1358 2117 1488 2145 comedit
1493 2117 1523 2145 in
1530 2117 1654 2150 Pascha,
1662 2119 1715 2145 aut
1721 2120 1801 2146 certe
1809 2117 1893 2154 apud
1904 2123 1968 2145 eum

1139 2163 1288 2200 apparuit.

285 2192 333 2244 Ad,
1019 2193 1061 2244 si?
1075 2202 1082 2221 ⁵
1098 2209 1121 2235 D
1243 2189 1319 2235 torte
1329 2206 1400 2235 dicit
1413 2208 1531 2235 Graecus
1544 2217 1549 2236 :
1563 2208 1627 2236 Non
1650 2206 1681 2235 in
1696 2207 1834 2244 publico,
1864 2206 1915 2235 sed
1939 2205 1967 2233 in

250 2236 337 2268 Quod
350 2235 419 2263 fecit
429 2234 574 2263 Dominus
589 2234 702 2263 Pascha
717 2237 851 2271 tempore
864 2238 894 2264 et
915 2237 1008 2265 modo
1033 2237 1084 2266 de-

249 2280 322 2315 bito,
346 2282 399 2308 aut
416 2287 489 2308 non.
519 2279 548 2307 Si
574 2279 686 2314 dicant,
709 2287 795 2308 non:
825 2283 929 2309 contra
953 2283 1083 2311 Joannes

250 2325 492 2360 Chrysostomus,
509 2324 634 2352 homilia
650 2325 836 2360 octagesima
856 2328 965 2361 quarta
993 2335 1083 2364 super

249 2369 431 2403 Matthaaum,
446 2369 488 2397 ita.
499 2369 589 2397 dicit:
606 2380 620 2393 «
641 2370 706 2397 Non
726 2369 807 2397 enim
834 2370 965 2399 Christus
989 2374 1084 2401 trans-

249 2413 383 2449 greditur
397 2413 520 2443 Paschas
532 2416 662 2450 tempus,
690 2413 745 2441 sed
772 2413 876 2449 Judaei,
903 2416 955 2452 qui
980 2417 1083 2446 omnia

249 2460 447 2495 praesumunt,
459 2458 609 2486 Christum
617 2458 796 2487 conculcant
804 2459 921 2495 etleges
933 2470 941 2494 ;
957 2462 1028 2498 quia
1038 2462 1083 2490 di-

246 2502 373 2538 ligenter
387 2503 543 2532 fervebant
558 2503 667 2538 furore,
679 2505 708 2531 et
725 2511 804 2539 saepe
826 2507 969 2533 conantes
991 2506 1082 2535 inter-

248 2548 344 2582 ficere,
355 2555 417 2576 non
431 2548 590 2576 valuerunt
604 2556 611 2575 :
624 2550 694 2576 tunc
710 2548 890 2584 accipientes
917 2550 1018 2586 ipsum
1045 2560 1081 2580 ex

247 2592 411 2628 insperato,
426 2592 585 2621 voluerunt
598 2593 690 2621 etiam
706 2593 819 2621 Pascha
839 2593 997 2630 dimittere,
1026 2605 1082 2632 pro

247 2634 402 2663 homicida
414 2643 471 2663 sua
489 2635 640 2664 voluntate
662 2635 827 2672 implenda.
856 2638 978 2674 Propter
997 2640 1082 2675 quod

248 2679 421 2715 congregati
435 2682 507 2708 sunt
519 2688 635 2714 omnes,
648 2690 663 2706 »
676 2683 732 2709 etc.

1137 2252 1251 2281 occulto
1262 2252 1320 2280 hoc
1333 2251 1402 2287 egit.
1418 2251 1518 2279 Absit!
1531 2251 1606 2284 Quia
1617 2259 1678 2279 non
1705 2252 1811 2280 solum
1833 2252 1871 2280 de
1886 2250 1966 2279 factis

1137 2297 1208 2330 suis,
1222 2296 1275 2325 sed
1286 2296 1376 2324 etiam
1389 2296 1427 2324 de
1437 2296 1524 2324 dictis
1550 2296 1590 2324 ait
1600 2295 1657 2332 ipsi
1674 2304 1801 2325 summo
1817 2295 1965 2332 pontiﬁci:

1135 2342 1200 2377 Ego
1204 2342 1306 2377 palam
1319 2341 1509 2369 locutussum
1520 2340 1642 2373 mundo,
1652 2344 1679 2368 et
1693 2341 1727 2369 in
1739 2341 1916 2370 abscondito
1928 2340 1966 2367 lo-

1136 2390 1222 2415 cutus
1229 2395 1294 2415 sum
1303 2385 1393 2414 nihil.
1404 2385 1483 2419 Qnid
1490 2393 1536 2413 me
1552 2386 1724 2421 interrogas
1733 2388 1747 2414 ?
1755 2387 1911 2422 interroga
1921 2391 1965 2413 eos

1136 2432 1190 2468 qui
1201 2432 1362 2460 audierunt
1372 2431 1467 2459 75.Sed
1484 2431 1575 2458 etiam
1584 2431 1736 2467 numquid
1742 2431 1904 2459 dominum
1913 2430 1964 2457 do-

1136 2485 1215 2509 mus,
1226 2476 1256 2504 in
1269 2484 1331 2512 qua
1345 2476 1459 2504 Pascha
1474 2475 1646 2508 celebravit,
1660 2475 1775 2504 latuit?
1790 2479 1843 2504 aut
1858 2478 1934 2504 certe
1943 2473 1966 2501 si

1135 2521 1201 2557 ipse
1217 2520 1377 2553 consensit,
1394 2519 1543 2556 numquid
1553 2519 1696 2548 etludam
1707 2520 1891 2556 complicem
1905 2527 1966 2547 ma-

1135 2565 1286 2600 lignorum
1303 2564 1394 2592 latere
1415 2564 1530 2600 potuit?
1549 2564 1599 2601 qui
1621 2564 1704 2598 iuxta
1724 2564 1893 2593 Psalmistre
1913 2571 1966 2591 vo-

1136 2617 1217 2637 cem:
1230 2610 1302 2637 Dux
1313 2616 1393 2637 meus
1404 2611 1432 2636 et
1447 2610 1534 2635 notus
1544 2616 1623 2636 meus
1637 2609 1799 2636 vocatur”
1812 2618 1818 2643 ;
1843 2614 1965 2644 praeser—

1135 2654 1188 2683 tim
1204 2661 1273 2682 cum
1284 2653 1372 2682 fuerit
1382 2653 1584 2689 dispensator,
1595 2660 1687 2689 quem
1699 2653 1848 2681 Dominus
1859 2652 1964 2681 dilecto

283 2745 444 2775 “.“Joan.
473 2755 534 2781 xm,
564 2747 590 2772 l.
617 2746 639 2763 ⁸⁷
655 2745 731 2773 Joan
758 2754 838 2780 xvui,
867 2747 913 2774 28.
942 2748 966 2765 ⁸⁸
982 2748 1081 2778 Matth.

1139 2770 1145 2777 .
1177 2751 1221 2777 l7.
1242 2749 1265 2767 ⁸9
1282 2748 1293 2775 Ι
1316 2748 1381 2776 Cor.
1397 2756 1429 2781 ιι,
1448 2749 1490 2781 18,
1506 2748 1531 2766 ⁷ο
1543 2747 1636 2776 Exod.
1652 2756 1704 2780 xu,
1720 2749 1767 2776 20.
1785 2749 1809 2766 7'
1824 2749 1901 2776 .Ioan
1915 2752 1961 2774 νιιι

247 2782 293 2811 46.
321 2782 521 2816 "Isa.1.in,t
549 2788 634 2818 seqq.
657 2781 780 2813 “toan.
810 2789 889 2819 XVIII,
917 2784 963 2813 3t.
991 2784 1115 2816 7"Joan.
1143 2793 1202 2819 xxx,
1229 2787 1257 2814 7.
1282 2784 1405 2815 75Joan.
1432 2791 1511 2819 λίνω,
1539 2786 1583 2818 20,
1612 2784 1658 2813 2t.
1682 2784 1800 2814 "Psal.
1830 2792 1887 2819 LIV,
1912 2783 1955 2811 14.
