4134 6380
183 306 293 365 521

1591 302 1871 362 CONTRA
1901 299 2228 362 GRJECOS.

3517 310 3621 371 522

186 447 308 489 suo
324 428 544 487 Joanni
563 419 990 488 demonstrans
1007 427 1120 487 ait:
1141 429 1274 500 Ipse
1289 434 1394 500 est,
1418 428 1517 486 cui
1534 428 1857 486 intinctam
1887 428 1938 484 A
1965 444 2231 502 azymos.
2273 427 2458 498 Unde,
2505 427 2642 485 licet
2697 420 2988 485 Dominus
3041 425 3255 487 dixerit
3312 432 3622 508 discipulis

184 535 415 593 panem
422 520 814 590 porrexero77
838 524 924 586 ;et
942 535 955 574 :
974 520 1090 588 Qui
1108 534 1338 576 mecum
1351 519 1595 590 intingit
1611 534 1858 576 manum

186 611 261 666 in
285 608 635 680 paropside,
664 609 764 666 hic
789 623 880 666 me
920 610 1119 666 tradet
1143 609 1208 662 ⁷⁸.
1240 607 1412 674 Quod
1431 607 1480 664 si
1495 608 1579 665 ita
1594 612 1703 676 est,
1722 623 1860 680 quas

186 715 290 756 res
321 699 634 772 prohibuit
656 697 956 755 infelicem
979 701 1008 753 J
1019 698 1223 765 udam,
1257 697 1333 754 de
1362 701 1698 754 memorato
1745 698 1859 754 fer-

189 790 466 846 mentato
481 786 686 861 ipsum
706 787 961 860 prodere
979 787 1341 857 sanguinem
1364 788 1600 861 justum
1630 786 1855 859 palam,

191 894 383 952 quem
404 877 693 934 omnibus
713 877 908 933 modis
930 877 1241 950 quaerebat
1256 876 1509 949 prodere
1530 876 1689 933 clam
1705 877 1732 932 ‘2
1756 880 1862 932 aut

191 967 352 1042 quid
369 981 611 1022 necesse
633 965 846 1023 habuit
870 966 1066 1022 dicere
1091 983 1104 1021 :
1143 967 1399 1024 Peccavi
1452 966 1696 1022 tradens
1721 980 1858 1021 san-

195 1059 449 1127 guinem
465 1055 691 1126 justum
718 1056 767 1091 79
788 1072 803 1124 ;
828 1070 968 1111 cum
999 1054 1293 1111 tradendo
1350 1060 1857 1125 transgressorem

197 1143 379 1215 legis,
411 1144 669 1201 avertita
703 1159 766 1199 se
798 1148 855 1201 et
882 1160 917 1201 a
947 1143 1174 1218 populo
1217 1144 1480 1200 furorem
1512 1142 1767 1214 Domini,
1802 1146 1860 1199 et

201 1233 459 1305 gratiam
504 1233 891 1304 promeruit?
946 1234 1108 1292 Sicut
1154 1232 1315 1289 enim
1364 1232 1652 1305 scriptum
1683 1232 1857 1289 estin

196 1321 669 1378 Deuteronomio
686 1338 699 1376 :
718 1322 786 1378 Si
796 1322 1092 1391 propheta
1108 1322 1378 1394 quilibet,
1401 1327 1506 1378 aut
1517 1322 1683 1390 ﬁlius
1696 1326 1854 1388 tuus,

194 1415 305 1468 aut
333 1411 488 1481 ﬁlia,
518 1425 621 1467 seu
650 1426 831 1479 umor,
867 1417 923 1467 et
944 1411 1174 1468 amicus
1193 1425 1367 1483 quem
1406 1411 1608 1480 diligis
1637 1416 1704 1466 ut
1731 1411 1859 1467 ani-

193 1515 356 1556 mam
378 1506 570 1566 tuam,
587 1501 988 1558 voluereclam
1002 1501 1365 1570 persuadere
1389 1499 1518 1571 tibi,
1536 1506 1603 1556 ut
1623 1505 1858 1557 averta-

193 1590 280 1645 ris
310 1604 350 1645 a
377 1591 749 1646 caeremoniis
772 1591 946 1661 leges,
973 1606 1097 1646 non
1123 1591 1465 1661 acquiescas
1499 1590 1599 1657 eis,
1628 1605 1735 1646 nec
1756 1606 1857 1647 au-

194 1678 373 1735 dias:
405 1693 515 1734 nec
539 1687 759 1748 parcat
778 1681 833 1735 ei
856 1679 1065 1735 oculus
1096 1685 1255 1747 tuus,
1284 1694 1392 1736 nec
1416 1680 1776 1748 miserearis,
1803 1685 1858 1736 et

1968 519 2131 575 suis:
2158 518 2340 575 Scitis
2370 517 2514 590 quia
2530 524 2665 589 post
2702 519 2945 576 biduum
2978 520 3223 579 Pascha
3244 523 3348 592 ﬁet
3382 525 3450 594 ⁸⁸,
3483 530 3619 596 etc.,

1967 606 2274 665 Matthaeus
2303 611 2506 664 tamen
2532 607 2722 680 ipsius
2751 607 2888 675 diei,
2915 607 2977 665 in
2997 613 3170 680 cujus
3198 626 3472 685 vespera,
3499 631 3624 687 qua

1969 697 2197 754 Pascha
2223 697 2430 765 ﬁebat,
2459 697 2825 754 mentionem
2855 698 3083 754 faciens
3116 701 3233 757 ait:
3284 702 3480 761 Primo
3526 707 3623 761 die

1967 801 2315 857 azymorum
2328 793 2701 844 accesserunt
2726 788 3013 857 discipuli
3031 788 3101 856 89,
3120 794 3228 845 etc.
3255 792 3355 846 Cui
3378 807 3623 849 concor-

1966 873 2121 929 dans
2147 877 2376 932 Marcus
2409 875 2525 932 ait:
2564 876 2715 932 Erat
2762 882 2957 932 autem
3012 876 3247 933 Pascha
3313 885 3365 935 et
3407 895 3623 952 azyma

1963 968 2096 1033 post
2110 962 2352 1020 biduum
2368 965 2436 1020 9°.
2460 966 2909 1037 Etpostpauca:
2934 966 3132 1022 Prima
3145 966 3238 1021 die
3256 982 3625 1039 azymorum,

1964 1054 2206 1124 quando
2242 1052 2467 1110 Pascha
2490 1053 2885 1111 immolabant
2910 1055 2981 1123 θ’,
3008 1060 3118 1111 etc.
3153 1055 3212 1111 Si
3235 1054 3416 1126 igitur
3467 1058 3630 1115 vide-

1963 1146 2126 1197 retur
2152 1156 2276 1198 non
2296 1142 2715 1215 accipiendum
2736 1142 2970 1199 Pascha
2991 1147 3046 1199 et
3075 1160 3312 1217 azyma,
3357 1149 3423 1202 ut
3443 1147 3629 1205 modo

1964 1231 2211 1300 Pascha,
2240 1247 2350 1305 pro
2379 1231 2529 1288 festo
2555 1246 2931 1305 azymorum,
2952 1236 3009 1288 et
3038 1232 3222 1290 modo
3248 1234 3467 1291 festum
3494 1252 3629 1309 azy-

1963 1334 2204 1375 morum
2230 1319 2591 1391 intelligatur
2610 1336 2721 1392 pro
2743 1320 3010 1389 Pascha;
3042 1322 3355 1393 quomodo
3399 1325 3579 1382 stabit
3611 1342 3626 1381 :

1963 1409 2120 1465 Erat
2152 1410 2389 1466 Pascha
2422 1415 2476 1466 et
2504 1425 2719 1480 azyma
2746 1415 2880 1480 post
2919 1410 3163 1467 biduum
3184 1414 3213 1465 ?
3263 1411 3378 1469 Sed
3415 1412 3632 1470 beatus

1966 1498 2155 1555 Lucas
2187 1514 2432 1554 omnem
2461 1498 2697 1556 solvens
2724 1498 2968 1556 hieresis
2997 1500 3467 1558 controversiam
3512 1503 3626 1559 ait:

1965 1588 2014 1643 A
2023 1588 2511 1659 ppropinquabat
2526 1588 2650 1645 dies
2660 1588 3139 1660 azymorum,qui
3157 1589 3377 1646 dicitur
3396 1590 3630 1649 Pascha

1968 1677 2037 1746 9’;
2054 1678 2263 1750 etquia
2275 1693 2413 1733 cum
2427 1693 2519 1748 eo,
2534 1677 2636 1750 qui
2652 1677 2890 1750 proprie
2904 1680 3129 1733 Pascha
3141 1679 3473 1750 dicebatur,
3487 1679 3627 1736 sub-

197 1769 465 1825 occultes
482 1774 712 1838 eum,et
734 1771 939 1826 statim
949 1768 1417 1839 proditopopulo
1439 1769 1777 1838 interﬁcies,
1791 1773 1859 1826 ut
1888 1803 1930 1859 Β
1968 1770 2286 1838 sequentes
2314 1780 2559 1839 quoque
2584 1764 2712 1822 dies
2742 1781 3094 1839 azymorum
3122 1766 3369 1823 abusive
3395 1783 3626 1825 nuncu-

194 1862 518 1915 avertatur
543 1859 834 1915 Dominus
846 1859 922 1915 ab
939 1861 1036 1916 ira
1061 1859 1296 1929 furoris
1308 1860 1423 1924 sui,
1437 1864 1493 1915 et
1505 1859 1861 1917 misereatur

196 1948 311 2018 tui,
341 1948 826 2020 multiplicetque
854 1954 910 2004 te
934 1949 1005 2017 ⁸ο,
1040 1952 1148 2004 etc.

269 2035 384 2092 Sed
442 2036 661 2092 iterum
702 2035 911 2093 dicunt
951 2038 1167 2093 Graeci:
1203 2035 1257 2093 Si
1300 2033 1560 2093 creditur
1588 2037 1863 2110 omnipo-

186 2128 344 2189 tens,
369 2123 565 2197 potuit
578 2122 784 2196 utique
797 2124 996 2180 subito
1018 2123 1442 2181 fermentatum
1458 2123 1862 2197 undecunque

193 2212 498 2275 exhibere,
527 2217 635 2269 aut
663 2218 820 2269 certe
850 2213 1052 2286 ipsum
1110 2229 1395 2285 azymum
1449 2212 1862 2270 benedicendo

191 2302 577 2361 fermentare.
602 2302 779 2369 Quod
798 2319 984 2375 quam
1004 2303 1078 2360 sit
1096 2303 1392 2372 frivolum,
1415 2319 1598 2360 nemo
1624 2310 1736 2374 est,
1756 2304 1863 2377 qui

192 2407 322 2449 non
336 2390 660 2462 intelligat:
694 2393 839 2466 quia
861 2408 1222 2466 quocunque
1241 2393 1427 2450 modo
1444 2393 1608 2465 apud
1636 2409 1777 2450 eum
1800 2394 1864 2450 in

194 2481 333 2554 ipsa
366 2481 747 2538 solemnitate
796 2481 1220 2538 fermentatum
1273 2482 1673 2555 apparuisset,
1716 2482 1864 2556 legis

196 2578 605 2641 transgressor
632 2571 820 2638 ﬁeret,
854 2576 908 2626 et
956 2576 1135 2643 plane
1167 2571 1390 2641 dignus
1416 2570 1636 2644 puniri,
1670 2572 1775 2644 qui
1799 2573 1863 2628 in

196 2665 420 2717 sanctae
446 2660 595 2731 legis
621 2659 1048 2716 contumeliam
1077 2660 1502 2717 fermentatum
1528 2664 1858 2717 tractasset.

198 2749 317 2809 Sed
336 2755 395 2806 et
414 2749 463 2806 si
483 2750 757 2823 quolibet
776 2749 962 2806 modo
994 2755 1229 2807 tantum
1252 2751 1612 2807 miraculum
1635 2750 1860 2807 factum

196 2840 430 2906 fuisset,
446 2839 658 2912 aliquis
670 2839 1178 2909 evangelistarum
1191 2845 1510 2909 narrasset;
1528 2856 1665 2896 cum
1681 2840 1859 2896 etiam

193 2927 492 2999 quaedam
513 2927 783 2997 minima,
805 2944 915 2983 nec
944 2928 1288 2984 narratione
1303 2928 1673 2997 adeodigna,
1691 2933 1754 2984 ut
1784 2928 1859 2984 de

197 3015 594 3073 contentione
623 3014 1075 3089 discipulorum,
1134 3017 1447 3087 diligenter
1477 3017 1698 3074 fuerint
1724 3033 1858 3073 nar-

194 3112 364 3160 rata.
384 3103 593 3161 Omnia
612 3120 749 3175 ergo
772 3111 892 3162 tam
911 3105 1212 3162 obstinato
1235 3105 1466 3162 silentio
1499 3105 1860 3163 reticuerunt

199 3193 1168 3266 necessariisacramentiinitium,
1184 3196 1353 3268 quod
1375 3196 1551 3252 totius
1582 3196 1859 3252 Ecclesiae

199 3282 454 3340 exsistat
480 3283 1138 3341 fundamentum.Unde
1172 3286 1451 3358 quamvis
1482 3286 1558 3342 sit
1586 3287 1861 3358 omnipo-

204 3378 353 3439 tens,
386 3373 549 3429 istud
579 3374 775 3430 facere
823 3390 944 3429 non
985 3375 1196 3446 potuit,
1246 3374 1389 3447 quia
1426 3375 1632 3431 noluit.
1665 3377 1860 3440 Quare

197 3462 438 3519 noluit?
467 3463 617 3529 Quia
647 3462 983 3534 transgredi
1011 3464 1206 3533 legem
1235 3464 1445 3521 noluit.
1474 3465 1643 3520 Unde
1664 3465 1691 3519 ‘?
1723 3466 1859 3521 Non

199 3553 342 3610 veni
369 3554 599 3610 solvere
620 3554 826 3624 legem,
880 3553 982 3609 sed
1005 3554 1337 3622 adimplere
1366 3555 1433 3610 δ’.
1460 3555 1633 3619 Quod
1658 3560 1859 3609 autem

201 3642 645 3714 omnipotentia
702 3659 815 3698 sua
865 3642 1077 3712 ligetur
1122 3643 1352 3699 ratione
1404 3643 1744 3698 necessaria
1803 3647 1861 3700 et

200 3732 352 3801 utili,
375 3732 669 3804 probatur
688 3748 795 3805 per
815 3731 1248 3802 evangelistam
1269 3732 1627 3803 Matthaeum,
1661 3731 1863 3788 dicen—

200 3825 327 3875 tem
355 3821 428 3876 de
453 3821 649 3893 patria
677 3821 887 3877 Christi
913 3839 925 3875 ε
957 3822 1093 3877 Non
1113 3822 1306 3889 potuit
1324 3822 1408 3876 ibi
1432 3826 1682 3878 virtutes
1709 3822 1861 3878 mul-

201 3914 298 3966 tas
322 3910 545 3979 facere,
574 3916 833 3981 propter
859 3910 1351 3967 incredulitatem
1380 3926 1580 3967 eorum
1612 3912 1681 3966 θ’.

459 4027 777 4098 Responsio
803 4026 885 4084 ad
909 4030 1330 4084 auctoritatem
1361 4028 1626 4083 Joannis.

277 4138 373 4195 Ad
404 4141 738 4199 secundum
767 4142 1071 4213 obiectum
1097 4142 1171 4199 de
1199 4143 1547 4199 auctoritate
1578 4144 1823 4199 Joannis
1847 4161 1860 4200 :

202 4230 336 4300 Ipsi
357 4246 476 4286 non
497 4234 607 4286 intr
623 4233 860 4288 oierunl
882 4232 950 4296 ⁸³,
971 4237 1105 4302 etc.,
1128 4232 1410 4301 dicimus,
1439 4232 1606 4304 quod
1634 4234 1867 4290 Pascha

205 4319 613 4392 multipliciter
641 4321 988 4393 accipiatur.
1022 4321 1366 4394 Aliquando
1400 4323 1561 4378 enim
1594 4328 1685 4379 est
1739 4324 1866 4380 dies
1898 4343 1903 4348 ”

206 4409 677 4467 immolationis:
712 4410 874 4467 unde
913 4410 1148 4466 Levitici
1186 4431 1197 4470 :
1240 4412 1480 4468 Decimo
1531 4418 1747 4484 quarto
1774 4413 1868 4471 die

1968 1859 2190 1928 pantur
2215 1856 2465 1921 Pascha,
2512 1871 2696 1928 quem
2727 1856 2890 1912 diem
2936 1854 3113 1913 vellet
3138 1855 3405 1928 intelligi,
3436 1857 3497 1913 in
3529 1874 3625 1914 se-

1969 1942 2295 2016 quentibus
2346 1944 2609 2000 ostendit
2628 1943 2833 1999 dicens
2861 1960 2874 1999 :
2915 1944 3084 2001 Venit
3117 1950 3315 2001 autem
3335 1945 3457 2002 dies
3483 1961 3626 2017 azy-

1970 2049 2204 2089 morum
2235 2033 2301 2089 in
2326 2049 2447 2105 qua
2474 2047 2706 2090 necesse
2734 2039 2864 2090 erat
2890 2034 3083 2090 occidi
3101 2033 3326 2091 Pascha
3351 2036 3424 2092 93.
3454 2034 3625 2100 Quod

1969 2121 2149 2195 plane
2179 2122 2241 2178 in
2272 2121 2508 2179 decima
2538 2128 2755 2197 quarta
2783 2121 2931 2179 luna
2958 2121 3144 2178 ﬁebat
3173 2123 3251 2180 ad
3279 2137 3625 2197 vesperum,

1971 2211 2216 2284 quando
2248 2227 2441 2282 agnus
2471 2210 2896 2281 occidebatur;
2951 2227 3134 2284 quem
3182 2211 3364 2268 etiam
3396 2206 3630 2272 Pascha

1971 2300 2110 2369 dici,
2144 2300 2514 2371 evangelista
2545 2301 2631 2357 sic
2674 2298 2997 2374 perhibuit,
3053 2304 3119 2358 ut
3148 2300 3209 2357 in
3237 2301 3371 2373 ipso
3395 2301 3630 2359 Pascha

1971 2388 2371 2447 occidendum
2397 2389 2638 2447 diceret.

2042 2482 2244 2545 Porro,
2263 2480 2525 2552 qualiter
2540 2479 2789 2551 intelligi
2809 2479 3046 2552 debeat,
3073 2479 3239 2554 quod
3268 2480 3385 2537 ait:
3419 2477 3490 2537 Ut
3505 2495 3627 2538 non

1971 2572 2549 2641 contaminarentur,
2570 2571 2675 2627 sed
2685 2577 2749 2627 ut
2766 2571 3209 2627 manducarent
3230 2571 3457 2629 Pascha
3470 2573 3537 2627 9‘.
3553 2573 3625 2629 99.

1968 2657 2153 2715 Paulo
2173 2664 2311 2730 post
2329 2658 2411 2714 ait
2434 2674 2446 2712 :
2468 2659 2626 2715 Erat
2646 2664 2844 2715 autem
2868 2661 3188 2715 Parasceve
3207 2659 3452 2716 Pascha:
3479 2660 3629 2717 hora

1971 2748 2146 2820 quasi
2176 2755 2349 2804 sexta
2395 2750 2435 2803 ¹.
2494 2750 2819 2803 Parasceve
2848 2747 3105 2814 Paschte,
3129 2748 3488 2820 praeparatio
3522 2752 3627 2806 Pa-

1973 2837 2134 2893 scha;
2156 2837 2609 2910 interpretatur:
2641 2837 2891 2909 quando
2911 2837 3041 2908 jam
3070 2837 3546 2910 praeparabatur,
3570 2844 3628 2895 et

1969 2925 2552 2982 instabatcelebritas
2566 2926 2685 2981 diei
2697 2925 2903 2996 magni
2922 2925 3187 2992 Sabbati,
3204 2925 3309 2997 qui
3336 2925 3627 2983 celebrior

1969 3016 2199 3071 cunctis
2223 3015 2437 3072 diebus
2486 3019 2627 3071 tunc
2674 3015 3013 3072 habebatur
3041 3013 3427 3087 paschalibus
3458 3014 3626 3088 apud

1967 3104 2205 3160 ludaeos
2230 3104 2414 3160 :adeo
2436 3108 2501 3160 ut
2525 3103 2907 3160 observantia
2953 3105 3083 3175 ejus
3107 3099 3342 3174 gentilis
3358 3101 3624 3160 hominis

1969 3193 2433 3262 cohabitatione,
2457 3194 2638 3251 veluti
2664 3194 2907 3251 introitu
2930 3194 3213 3266 praetorii,
3235 3194 3621 3267 pollueretur.

1970 3285 2156 3355 Igitur
2177 3302 2189 3340 :
2204 3286 2265 3341 Ν
2267 3300 2294 3340 e
2306 3287 2370 3341 in
2386 3301 2560 3342 cruce
2576 3291 2959 3342 remanerent
2979 3300 3236 3355 corpora
3257 3286 3320 3340 in
3341 3284 3623 3355 Sabbato,

1969 3380 2268 3445 rogarunt
2295 3374 2573 3442 Pilatum,
2607 3382 2674 3430 ut
2706 3375 3066 3430 tollerentur
3088 3375 3132 3430 ².
3165 3373 3398 3430 Pascha
3420 3373 3623 3443 igitur,

1966 3463 2029 3519 in
2053 3463 2370 3535 praemissa
2390 3462 3055 3535 auctoritate,accipitur
3076 3479 3185 3535 pro
3215 3462 3445 3536 azymis
3468 3480 3481 3515 :
3501 3477 3624 3534 quo

1968 3553 2309 3610 necessario
2323 3568 2630 3620 concesso,
2643 3540 2920 3608 cessatad
2930 3551 3330 3609 versariorum
3343 3550 3623 3622 objectio.

2451 3669 2687 3724 Salutio
2717 3667 2800 3724 ad
2830 3668 3093 3724 tertiam.

2040 3784 2128 3839 Ad
2151 3784 2405 3849 tertiam,
2427 3783 2595 3855 quod
2629 3782 2856 3851 dicunt,
2889 3783 3057 3856 quod
3083 3784 3236 3856 ἄρτος
3263 3782 3625 3856 supponitur

1969 3888 2078 3945 pro
2104 3872 2480 3941 fermentato,
2513 3872 2792 3940 dicimus,
2814 3871 2980 3945 quod
3007 3871 3266 3929 multum
3289 3872 3630 3945 discrepant

1972 3979 2009 4020 a
2033 3963 2275 4019 veritate
2305 3978 2317 4017 :
2351 3962 2498 4035 quia
2534 3963 2692 4033 ἄρτος
2716 3962 2779 4017 in
2827 3977 3000 4019 sacra
3046 3961 3349 4035 Scriptura
3385 3978 3508 4018 non
3536 3978 3631 4018 so-

1971 4053 2097 4110 lum
2116 4069 2224 4125 pro
2245 4065 2479 4123 azymo,
2508 4067 2718 4108 verum
2736 4051 2914 4108 etiam
2935 4068 3046 4124 pro
3068 4050 3335 4124 quolibet
3358 4066 3511 4123 pane
3534 4067 3629 4107 su-

1973 4144 2176 4212 mitur,
2219 4145 2396 4213 prout
2426 4140 2488 4196 in
2522 4141 2912 4213 sequentibus
2942 4140 3278 4214 apparebit.
3332 4140 3630 4213 Scriptum

1975 4238 2063 4290 est
2093 4233 2154 4288 in
2188 4234 2365 4300 Luca,
2395 4230 2562 4303 quod
2619 4247 2759 4286 cum
2816 4231 3106 4287 Dominus
3154 4230 3536 4304 apparuisset
3571 4230 3630 4287 in

1978 4323 2175 4395 specie
2199 4319 2514 4393 peregrini,
2554 4324 2797 4376 coactus
2825 4320 2989 4377 fuita
3031 4320 3273 4376 duobus
3302 4319 3629 4394 discipulis,

1976 4417 2042 4467 ut
2081 4410 2506 4477 discumberet,
2555 4413 2611 4463 et
2656 4412 2793 4479 post
2824 4410 3088 4478 :accepit
3135 4410 3312 4483 ἄρτον,
3366 4414 3421 4465 et
3470 4408 3634 4465 bene-

204 4504 429 4556 mensis
444 4499 527 4556 ad
544 4515 850 4570 vesperam
872 4500 1107 4557 Pascha
1122 4501 1558 4571 Dominiest“;
1584 4507 1638 4558 et
1660 4504 1720 4558 in
1734 4506 1865 4560 Mat-
1897 4504 1943 4559 D
1977 4500 2154 4567 dixit,
2187 4503 2242 4555 et
2269 4513 2405 4570 quae
2428 4502 2760 4568 sequuntur
2790 4497 2831 4550 ³.
2866 4497 2981 4552 Sed
3007 4501 3264 4564 constat,
3314 4496 3480 4569 quod
3505 4497 3636 4553 haec

204 4588 370 4644 thaeo
394 4605 408 4643 :
443 4590 628 4645 Scitis
654 4591 798 4661 quia
817 4594 951 4659 post
975 4589 1220 4645 biduum
1253 4589 1490 4647 Pascha
1514 4592 1616 4659 ﬁet
1651 4592 1719 4646 ⁸⁵.
1754 4591 1866 4648 Ali-

202 4679 464 4751 quando
493 4695 690 4749 agnus
720 4679 1090 4748 immolatus,
1121 4685 1222 4735 ut:
1263 4681 1428 4737 Unde
1470 4683 1556 4738 vis
1584 4697 1869 4752 paremus

206 4766 571 4825 tibiPascha
589 4768 1066 4841 86?Quandoque
1076 4785 1221 4825 vero
1233 4768 1363 4826 dies
1377 4773 1872 4842 azymorum,sic-

206 4861 276 4913 ut
305 4856 566 4913 habetur
592 4858 655 4913 in
697 4857 945 4914 Actibus
988 4857 1401 4930 apostolorum
1428 4859 1503 4915 de
1534 4863 1738 4916 Petro:
1779 4864 1873 4919 Vo-

207 4946 338 5002 lens
345 4951 485 5015 post
490 4947 827 5016 producere
837 4963 963 5005 eum
981 4949 1226 5018 populo;
1240 4954 1414 5005 erant
1426 4951 1579 5006 enim
1595 4950 1724 5008 dies
1735 4965 1872 5021 azy-

201 5050 447 5091 morum
461 5036 527 5089 ⁸⁷.
547 5036 887 5109 Aliquando
907 5041 1105 5093 autem
1118 5051 1307 5109 panes
1329 5037 1545 5110 azymi,
1579 5038 1868 5097 sicuthic:

202 5122 344 5180 Non
378 5126 749 5181 introierunt
780 5128 849 5183 in
875 5126 1329 5196 prtetorium,ut
1350 5143 1469 5182 non
1502 5130 1871 5202 contamina,

203 5218 447 5278 rentur,
463 5214 570 5269 sed
582 5219 643 5270 ut
667 5215 1353 5272 manducarentPascha
1370 5216 1440 5283 ⁸⁸,
1470 5215 1533 5273 id
1550 5221 1655 5290 est,
1682 5232 1870 5290 panes

1976 4589 2137 4646 facta
2204 4591 2341 4643 sunt
2376 4586 2441 4641 in
2463 4586 2558 4641 die
2604 4585 3091 4651 Resurrectionis,
3150 4585 3267 4641 hoc
3314 4590 3420 4651 est,
3450 4585 3513 4640 in
3538 4584 3636 4641 die

1979 4693 2354 4751 azymorum,
2385 4674 2492 4748 qui
2520 4690 2628 4747 per
2657 4679 2885 4746 septem
2917 4673 3045 4729 dies
3076 4674 3411 4730 secundum
3438 4674 3636 4744 legem

1980 4765 2741 4838 durabant,inquibusnon
2781 4763 2976 4819 solum
3009 4779 3131 4819 non
3149 4764 3404 4834 comedi,
3424 4779 3638 4820 verum

1984 4874 2092 4915 nec
2114 4858 2175 4913 in
2196 4854 2502 4923 domibus,
2532 4853 2722 4909 necin
2742 4852 2965 4908 ﬁnibus
2985 4851 3098 4907 illis
3123 4851 3428 4922 omnibus,
3459 4852 3639 4924 panis

1982 4949 2375 5005 fermentatus
2403 4947 2641 5016 poterat
2676 4942 2957 4999 inveniri.
2998 4943 3239 4997 Constat
3269 4955 3434 5009 ergo,
3466 4941 3638 5012 quod

1981 5037 2083 5095 ille
2149 5035 2344 5109 panis,
2390 5033 2497 5106 qui
2544 5032 2881 5089 secundum
2936 5034 3165 5087 Graecos
3196 5031 3352 5103 ἄρτος
3399 5028 3638 5090 dicitur.

1981 5142 2108 5184 non
2166 5125 2276 5181 fuit
2339 5123 2749 5195 fermentatus,
2804 5121 2910 5178 sed
2952 5135 3224 5193 azymus.
3260 5118 3448 5194 "Apro;
3493 5131 3636 5188 ergo

1996 5215 2287 5289 supponit
2313 5228 2424 5286 pro
2447 5228 2681 5285 azymo.

283 5394 329 5426 ⁷⁷
363 5392 543 5448 Joan.
575 5408 686 5460 xm,
713 5397 803 5451 26.
881 5398 950 5451 78
977 5395 1176 5451 Matth.
1209 5411 1362 5464 xrri,
1390 5398 1478 5451 23.
1536 5396 1584 5430 τί)
1614 5395 1813 5453 Matth.
1844 5411 2017 5460 xxvu,
2050 5397 2104 5451 4.
2170 5394 2217 5429 ⁸ο
2251 5394 2412 5464 Deut.
2446 5393 2566 5452 xui,
2596 5393 2764 5464 6-10.
2805 5388 3095 5464 ft‘ltlatth.
3126 5404 3182 5464 γ’.
3221 5392 3306 5464 t7.
3370 5389 3417 5423 ⁸³
3444 5387 3644 5464 Matth.

208 5480 335 5541 nni,
367 5468 459 5520 58.
536 5458 710 5522 Marc.
739 5482 820 5541 vi.
843 5467 1151 5541 __3?_Joan.
1184 5458 1473 5541 “111,28.
1536 5467 1583 5502 ⁸⁵
1618 5468 1804 5523 Exod.
1835 5484 1933 5536 xu,
2130 5466 2185 5541 ξδδ-
2209 5463 2583 5541 Mqtthisrvx,
2606 5466 2661 5519 2.
2722 5463 2770 5496 ⁸⁶
2802 5458 3096 5541 Ibid.__t7:._
3122 5461 3354 5541 ,⁸⁷ᾼΑοιη..
3375 5465 3560 5541 ξιιμ-3,
3592 5463 3646 5513 4-

211 5536 261 5570 ³⁸
291 5538 466 5591 Joan.
498 5551 655 5606 xvm,
701 5539 782 5592 t8.
841 5538 888 5571 39
920 5537 1118 5593 Matth.
1146 5553 1258 5604 xvr,
1309 5531 1364 5596 2.
1432 5540 1481 5573 9°
1512 5541 1688 5596 Marc.
1715 5555 1836 5608 xw,

1984 5540 2027 5574 9‘
2062 5536 2212 5593 Ibid.
2247 5536 2331 5593 t2.
2397 5536 2444 5569 ⁹³
2475 5536 2613 5590 Luc.
2647 5548 2786 5602 XXII,
2824 5537 2873 5588 l.
2939 5533 2988 5568 93
3013 5531 3164 5589 Ibid.
3191 5538 3244 5587 7.
3315 5532 3450 5573 δ”-9³
3479 5533 3652 5589 toan.

212 5623 373 5681 xvm,
399 5610 493 5664 28.
573 5609 790 5685 ’_Joan.
823 5622 934 5685 ius,
963 5609 1152 5685 44;}
1185 5608 1332 5667 Ibid.
1363 5610 1451 5669 31.
1530 5611 1553 5646 ³
1588 5612 1728 5669 Luc.
1758 5625 1922 5685 xxut,
1960 5613 2045 5668 13.

582 5680 826 5742 Ριιτριοι.
867 5680 970 5737 Gn.
1014 5679 1166 5742 CXL.
1904 5679 1916 5685 ⁷
3164 5680 3225 5744 17
