2067 3194
265 163 318 193 523

879 163 1120 192 PANTALEONIS
1140 164 1284 194 DlACONl
1304 167 1357 195 (ΞΡ.

1916 171 1966 197 524

300 229 395 263 Atque
408 227 467 255 hoc
492 226 595 262 ipsum
608 225 758 253 habemus
773 224 804 251 in
820 225 956 258 Levitico,
970 226 1021 254 ubi
1033 228 1093 255 Mo-
1111 230 1134 255 A
1149 236 1243 264 quam
1257 230 1500 265 prievaricatores
1513 230 1597 265 legis.
1624 230 1724 258 Primo
1739 230 1828 265 igitur
1842 230 1888 257 die
1905 240 1965 268 azy-

266 280 312 299 ses
322 272 359 299 de
373 271 505 307 panibus
519 269 736 306 propositionis
748 268 815 296 fecit
830 270 1024 303 mentionem,
1041 272 1094 307 qui

264 315 362 352 azymi
386 317 482 347 erant,
505 314 673 342 secundum
701 314 799 349 legem
823 314 843 341 ‘.
859 316 940 347 Item,
969 316 1019 343 ubi
1037 316 1092 344 ait:

266 360 431 390 Comedetis
438 368 532 395 panes
541 367 659 394 azymos
676 366 742 386 cum
759 359 885 385 lactucis
901 361 1091 395 a77'eslibus5,

263 405 381 432 habens
390 405 420 432 in
436 406 547 437 Graeco,
558 403 720 431 comedetis
735 406 820 439 ἄρτον.
841 402 913 430 Itcm
927 404 956 430 in
974 405 1094 440 Sapien-

264 449 315 482 tia,
330 450 382 477 ubi
397 449 545 485 scriptura
560 448 597 476 de
624 456 703 484 pane
718 448 839 481 ccelesti,
862 448 891 475 id
911 451 953 476 est
969 458 1093 485 manna,

262 497 409 529 paratum
424 494 461 522 de
475 494 548 522 caelo
564 494 585 526 δ,
602 495 669 525 etc.,
684 492 754 520 dicit
769 493 897 523 Graecus,
915 494 1002 530 ἄρτον.
1023 495 1094 522 Item

266 539 431 570 Psalmista,
445 538 495 566 ubi
507 546 562 566 nos
572 537 701 565 dicimus
714 537 840 565 :Panem.
847 539 1023 572 angelorum
1035 540 1044 555 ⁷
1054 539 1095 573 ,in

266 584 367 612 Graeco
403 583 531 611 habetur
556 583 632 619 ἄρτον
664 581 784 617 ἀγγέλων.
816 582 888 609 Item
919 583 1061 611 Salomon
1087 592 1093 611 :

265 628 374 656 Suavis
386 630 428 655 est
440 628 529 661 panis
554 626 735 654 mendacii”.
752 627 825 653 Ecce
852 627 1010 654 manifesto
1026 636 1094 655 con-

266 675 333 703 stat,
345 672 427 707 quod
438 672 494 698 hoc
504 679 613 697 nomen
622 671 710 704 panis
729 670 1093 707 indiﬂ'erenteraccipitur,

266 719 327 743 tam
358 725 410 751 pro
438 725 555 751 azyma,
582 723 673 750 quam
689 723 744 751 pro
769 715 946 743 fermentato
961 725 967 747 ;
985 719 1013 744 et
1033 720 1093 745 tam

265 762 301 788 de
319 769 354 788 eo
369 761 451 796 quod
467 761 560 796 replet
573 762 718 793 ventrem,
730 767 823 792 quam
839 768 894 796 pro
906 769 941 788 eo
950 762 1033 797 quod
1050 770 1094 789 sa-

265 806 317 833 tiat
330 807 473 837 mentem,
488 805 544 832 hoc
556 807 607 839 est,
626 804 809 832 desiderium
832 805 973 839 hominis,
989 806 1048 834 sive
1063 807 1093 834 in

264 850 357 883 bono,
372 850 434 876 sive
450 850 480 876 in
494 849 585 876 malo.

1150 280 1279 306 morum,
1296 274 1347 309 qui
1358 277 1421 302 erat
1435 275 1508 308 dies,
1520 275 1654 302 fecerunt
1667 275 1816 301 Christum
1832 275 1933 303 occidi.

1398 343 1559 377 Responsio
1573 343 1614 370 ad
1628 343 1724 370 aliud.

1185 408 1229 436 Ad
1245 408 1284 444 id,
1308 409 1392 444 quod
1415 410 1557 445 sequitur,
1582 409 1726 445 quoniam
1750 409 1798 436 illa
1824 410 1886 442 tria,
1906 419 1967 446 quae

1150 453 1260 480 suntin
1277 453 1403 487 Christo,
1433 454 1542 481 scilicet
1563 462 1682 490 corpus,
1704 456 1732 481 et
1751 454 1862 486 anima,
1878 458 1906 482 et
1931 455 1968 482 di-

1151 497 1265 529 vinitas,
1283 497 1306 524 si
1319 497 1376 525 ista
1390 497 1492 525 fabula
1503 498 1604 533 aliquo
1627 498 1719 525 modo
1734 498 1828 532 digna
1841 502 1917 526 esset
1932 507 1969 526 re-

1150 542 1321 576 sponsione,
1339 550 1501 577 possumus
1516 542 1624 577 dicere,
1634 542 1718 578 quod
1730 545 1838 578 prxeter
1848 542 1896 570 illa
1910 543 1968 577 tria,

1150 586 1214 614 aliae
1229 586 1296 613 duae
1310 586 1506 622 proprietates
1520 589 1640 622 possent
1669 587 1699 614 in
1727 595 1782 614 suo
1802 587 1970 615 fermentato

1151 630 1309 665 assignari.
1326 632 1374 657 Est
1384 631 1464 658 enim
1476 631 1505 658 in
1519 631 1616 658 farina
1628 631 1806 658 fermentata
1820 631 1874 659 sal.
1885 640 1970 667 aqua,

1150 677 1178 702 et
1197 674 1283 708 ignis,
1310 675 1373 702 sine
1400 683 1461 710 quo
1486 683 1622 711 unquam
1649 675 1737 711 panis
1749 675 1788 702 ad
1819 676 1970 703 essentiam

1150 727 1237 746 suam
1255 722 1350 754 potest
1373 720 1536 755 pervenire.
1554 721 1585 747 Et
1599 720 1640 747 ita
1664 728 1724 747 non
1759 721 1916 753 ternarius,
1945 724 1971 748 ut

1149 764 1205 799 ipsi
1221 764 1413 797 mentiuntur,
1428 764 1481 791 sed
1499 765 1710 800 quaternarius
1718 766 1747 792 et
1756 765 1913 800 quinarius
1923 773 1972 792 nu-

1149 816 1250 835 merus
1264 808 1295 835 in
1308 816 1386 844 pane
1397 808 1547 836 invenitur
1558 808 1746 836 fermentata.

1185 853 1215 878 ln
1231 855 1332 878 nostro
1345 860 1414 879 vero
1430 854 1629 885 sacramento,
1646 852 1676 879 in
1695 860 1757 888 quo
1778 853 1854 880 nihil
1876 855 1920 880 est
1931 861 1973 880 su-

302 895 359 922 Sed
382 895 451 921 dicit
471 895 577 921 iterum
606 895 742 921 Graecus:
760 894 871 922 Veritas
896 895 985 923 debet
998 904 1092 924 corre-
1109 903 1129 930 Β
1148 895 1973 931 perﬂuum,etiamsecundumsigniﬁcationessuas,tria

266 939 415 975 spondere
431 939 555 966 umbris.
570 938 626 966 Sed
637 940 745 974 quarta
759 938 877 966 decima
891 939 964 967 luna
975 940 1014 968 ad
1028 949 1094 968 ves-

266 992 369 1020 peram
383 984 596 1011 immolabatur
611 990 708 1018 agnus
719 983 931 1019 typicus.Ergo
942 985 972 1011 in
986 984 1033 1012 die
1042 987 1093 1013 Pa-

265 1036 384 1055 rasceve
402 1029 454 1055 fuit
468 1029 540 1055 luna
551 1030 659 1063 quarta
673 1027 800 1055 decima.
818 1028 890 1064 quia
900 1031 1008 1064 quarta
1018 1029 1095 1057 deci-

265 1073 398 1100 maluna
414 1072 586 1099 immolatus
611 1072 666 1099 fuit
692 1074 793 1107 Agnus
811 1080 908 1099 verus.
927 1074 1001 1108 Ergo
1026 1074 1094 1101 etin

265 1117 370 1153 quinta
386 1117 459 1144 feria
475 1116 655 1152 praecedenti
678 1115 732 1143 fuit
746 1116 820 1143 luna
832 1116 918 1144 tertia
928 1117 1056 1150 decima,
1067 1120 1095 1145 et

265 1164 335 1188 tunc
351 1161 418 1188 fecit
434 1161 566 1188 Christus
582 1160 699 1188 Pascha
709 1161 889 1194 suum.Ergo
904 1161 1035 1188 Christus
1045 1169 1094 1189 co—

265 1206 358 1233 medit
372 1213 479 1241 azyma
492 1205 617 1232 Pascha.

301 1250 432 1277 Dicimus
448 1250 531 1285 quod
546 1249 654 1277 veritas
678 1248 842 1284 respondet
865 1248 992 1281 umbrae,
1021 1250 1094 1286 quia

265 1295 295 1322 in
303 1294 418 1322 Pascha
429 1294 530 1330 typico
544 1292 706 1325 erantduo,
717 1292 827 1320 scilicet
837 1294 906 1328 agni
915 1294 1092 1329 immolatio,

266 1342 294 1367 et
315 1339 467 1366 comestio.
489 1341 591 1373 Agnus
628 1337 745 1373 typicus
775 1337 990 1366 immolabatur
1023 1340 1094 1367 luna

265 1386 375 1419 quarta
389 1383 499 1411 dicima
519 1391 525 1415 ;
550 1383 578 1409 et
605 1381 771 1409 immolatio
784 1382 846 1409 veri
862 1383 936 1416 Agni
951 1383 1093 1411 inchoata

265 1431 309 1456 est
322 1428 396 1455 luna
407 1426 525 1455 decima
537 1426 724 1462 quarta,'qua
738 1428 844 1462 captus
858 1430 922 1454 erat
936 1428 1090 1455 Dominus.

265 1475 298 1500 Et
312 1471 479 1500 immolatio
507 1470 669 1506 respondet
697 1470 909 1498 immolationi.
945 1473 1092 1501 Comestio

265 1519 366 1546 autem
378 1516 553 1543 comestioni
574 1515 700 1543 totaliter
713 1516 875 1551 respondet
888 1525 894 1546 ;
908 1516 981 1552 quia
996 1525 1093 1551 agnus

266 1561 384 1598 typicus
398 1560 613 1587 comedebatur
624 1562 732 1595 quarta.
760 1559 879 1587 decima
904 1560 985 1593 luna,
999 1564 1027 1588 et
1040 1562 1094 1589 Do-
1108 1575 1128 1603 ε

265 1605 366 1632 minus
382 1603 466 1631 dedit
480 1611 588 1639 corpus
606 1611 694 1630 suum
705 1603 861 1638 discipulis
879 1604 949 1631 suis.

303 1648 331 1675 Si
342 1650 441 1675 autem
458 1648 615 1682 objiciatur
641 1647 679 1674 de
700 1647 887 1681 mulieribus,
903 1648 986 1683 quod
1006 1657 1094 1684 para-

269 1694 374 1719 verunt
390 1694 536 1723 aromata,
553 1691 635 1726 quod
650 1698 712 1718 non
736 1690 876 1719 fecissent
894 1691 924 1718 in
938 1692 986 1719 die
999 1693 1092 1720 festo:

268 1735 430 1764 dicendum
446 1739 499 1766 est,
514 1735 598 1771 quod
609 1743 702 1771 opera
721 1735 936 1763 misericordiae
952 1744 1013 1764 non
1029 1745 1095 1773 pro-

268 1780 458 1814 hibebantur,
470 1781 522 1807 sed
538 1783 654 1807 tantum
673 1787 767 1815 opera
788 1779 917 1814 servilia,
934 1780 1009 1808 sicut
1024 1781 1095 1809 dixit

268 1825 414 1853 Dominus
424 1826 462 1853 de
476 1824 666 1860 Magdalena:
681 1825 776 1853 Sinite
804 1825 902 1857 illam,
918 1829 950 1852 ut
970 1826 1002 1853 in
1017 1827 1094 1855 diem

267 1871 433 1905 sepultura:
448 1877 519 1898 mea
531 1873 625 1897 servet
641 1869 721 1897 illud
736 1870 756 1895 θ.
775 1870 857 1902 Item,
883 1870 1094 1899 circumcidere

266 1915 375 1943 licebat
389 1915 420 1942 in
434 1914 483 1942 die
495 1914 636 1947 Sabbato,
653 1914 725 1949 quia
751 1913 810 1941 hoc
826 1917 891 1942 erat
912 1922 989 1951 opus
1011 1916 1094 1951 spiri-

267 1959 357 1995 tuale,
370 1967 433 1987 non
444 1959 559 1991 servile,
576 1958 766 1986 sicutdicitur
785 1958 884 1986 Matth.
902 1967 952 1993 xu,
968 1962 982 1986 5
997 1969 1003 1987 :
1020 1961 1094 1988 Sab-

268 2005 344 2033 balis
350 2004 515 2032 sacerdotes
523 2004 554 2031 in
562 2003 671 2037 templo
678 2002 843 2030 Sabbatum
850 2004 964 2031 violant
971 2004 1095 2033 circum.

266 2048 393 2077 cidendo
407 2048 574 2079 hominem,
591 2050 619 2075 el
633 2047 696 2074 sine
711 2047 836 2074 crimine
852 2051 932 2075 sunt.

303 2093 332 2121 Si
342 2100 411 2121 vero
426 2091 622 2128 opposuerint
636 2091 724 2118 nobis
740 2091 777 2118 de
791 2091 838 2118 die
853 2092 976 2120 Sahbati
995 2102 1000 2107 ·
1019 2094 1095 2127 Quia

1149 943 1265 967 tantum
1276 941 1473 975 reperiuntur.
1490 940 1601 967 scilicet
1616 940 1722 974 farina,
1734 949 1816 976 aqua
1837 944 1865 968 et
1879 941 1953 976 ignis
1965 949 1972 973 ‘,

1149 984 1299 1011 mediante
1310 992 1371 1019 quo
1382 984 1480 1011 farina
1490 987 1518 1012 et
1531 992 1610 1020 aqua
1622 985 1857 1020 ronjunguntur.
1873 985 1973 1013 Farina

1149 1028 1292 1064 supponit
1306 1036 1361 1063 pro
1376 1036 1466 1056 carne
1483 1037 1490 1062 ;
1506 1036 1595 1064 aqua,
1614 1037 1668 1064 pro
1681 1029 1783 1057 anima
1797 1030 1892 1063 ;ignis
1907 1036 1973 1056 vero

1149 1080 1203 1108 pro
1218 1072 1369 1100 divinitate
1383 1080 1389 1105 ;
1405 1081 1474 1108 qua:
1499 1076 1627 1109 utraque
1656 1075 1823 1110 assumpsit
1838 1074 1869 1101 in
1884 1074 1974 1102 unita-

1148 1120 1208 1145 tem
1223 1124 1372 1152 personee.
1388 1118 1445 1145 Sed
1461 1118 1533 1153 quid
1547 1117 1634 1145 nobis
1647 1118 1684 1145 de
1699 1118 1761 1145 istis
1776 1118 1887 1146 fabulis
1901 1121 1975 1146 vetu-

1147 1160 1245 1188 larum
1261 1160 1275 1187 ‘.’
1288 1161 1418 1188 Audiant
1434 1161 1525 1189 Graeci
1555 1169 1646 1197 super
1658 1162 1716 1189 hoc
1726 1162 1854 1189 beatum
1872 1163 1976 1196 Grego-

1147 1205 1226 1232 rium
1241 1205 1271 1232 in
1288 1204 1427 1240 Dialogis,
1453 1213 1532 1241 quae,
1553 1208 1581 1233 et
1604 1206 1707 1241 qualia
1723 1209 1917 1234 sacramento
1933 1206 1978 1233 de-

1148 1250 1334 1278 trahentibus
1357 1250 1544 1286 responderit
1571 1251 1673 1278 Graeco
1685 1258 1839 1285 sermone,
1869 1260 1938 1279 cum
1952 1251 1980 1278 in

1148 1295 1260 1322 Graecia
1285 1294 1518 1328 translegalione
1546 1294 1729 1329 fungeretur.
1769 1295 1847 1322 Dicit
1876 1296 1979 1323 enim:

1147 1350 1161 1364 «
1188 1338 1266 1366 Solet
1290 1338 1379 1374 plane
1406 1338 1520 1365 moveri
1551 1339 1688 1374 quaestio,
1704 1339 1836 1374 quodin
1852 1340 1984 1367 Ecclesia

1148 1383 1196 1411 alii
1208 1384 1416 1410 fermentatum
1428 1382 1557 1410 offerunt
1569 1392 1576 1417 ;
1589 1383 1638 1410 alii
1653 1391 1748 1419 panes
1760 1391 1902 1418 azymos.
1917 1386 1984 1412 Esse

1147 1436 1279 1463 namque
1293 1427 1453 1454 Ecclesiam
1467 1426 1640 1454 distinctam
1656 1430 1794 1463 quatuor
1814 1428 1982 1462 ordinibus,

1147 1472 1300 1504 novimus,
1314 1471 1424 1498 scilicet
1450 1472 1665 1503 Romanorum,
1691 1470 1976 1505 Alexandrinorum,

1149 1516 1501 1553 Hierosolymitanorum,
1531 1518 1559 1543 et
1600 1516 1857 1544 Antiochenorum
1883 1526 1889 1544 :
1915 1525 1973 1553 qua:

1150 1561 1287 1588 Ecclesiae
1303 1560 1478 1595 generaliter
1489 1563 1713 1596 nuncupantur,
1746 1568 1819 1588 cum
1833 1569 1925 1589 unam
1943 1565 1976 1589 te-

1149 1608 1239 1633 neant
1254 1605 1433 1632 catholicam
1462 1604 1565 1637 ﬁdem,
1590 1604 1714 1631 diversis
1740 1607 1843 1632 tamen
1857 1608 1979 1632 utuntur

1148 1649 1316 1676 ofﬁciorum
1332 1649 1494 1684 mysteriis.
1513 1648 1595 1675 Unde
1615 1649 1658 1680 ﬁt,
1682 1651 1715 1676 ut
1732 1650 1870 1676 Romana
1884 1649 1980 1676 Eccle-

1149 1694 1193 1721 sia.
1206 1694 1311 1721 offerat
1331 1701 1424 1729 panes
1437 1701 1570 1728 azymos.
1585 1696 1707 1728 propter
1721 1694 1808 1729 quod
1826 1695 1903 1721 Deus
1919 1694 1979 1721 sine

1149 1738 1210 1766 ulla
1225 1738 1432 1765 commistione
1448 1745 1569 1764 carnem
1585 1737 1726 1773 suscepit.
1746 1738 1898 1772 Scriptum
1918 1740 1978 1766 est:

1155 1782 1280 1810 Verbum
1290 1790 1360 1809 raro
1367 1782 1485 1816 faclum
1495 1785 1548 1815 est,
1560 1785 1587 1809 el
1599 1782 1749 1809 habitavit
1758 1783 1792 1809 in
1802 1783 1888 1810 nobis
1897 1784 1928 1809 “.
1938 1782 1980 1810 Sic

1150 1836 1220 1863 ergo
1232 1835 1310 1863 pane
1326 1835 1434 1863 azymo
1444 1826 1569 1854 efﬁcitur
1582 1834 1692 1862 corpus
1706 1827 1827 1855 Christi.
1839 1829 1915 1856 Nam
1931 1835 1982 1854 caa-

1150 1875 1217 1900 terse
1230 1872 1409 1908 supradictae
1439 1871 1576 1898 Ecclesiae
1601 1870 1733 1899 offerunt
1758 1871 1980 1906 fermentatum,

1150 1925 1204 1953 pro
1224 1924 1270 1948 eo,
1286 1916 1369 1952 quod
1381 1915 1508 1943 Verbum
1521 1915 1612 1943 Patris
1623 1915 1767 1943 indutum
1780 1919 1826 1944 est
1842 1925 1941 1951 carne,
1958 1918 1983 1944 et

1150 1965 1194 1989 est
1208 1969 1295 1989 verus
1309 1961 1419 1993 homo;
1449 1960 1491 1987 ita
1521 1960 1604 1996 quod
1623 1959 1844 1989 fermentatum
1860 1960 1982 1989 commi-

1150 2008 1268 2034 sceatur
1283 2005 1396 2040 farinae,
1409 2008 1438 2032 et
1452 2004 1598 2032 efﬁciatur
1610 2013 1721 2040 corpus
1741 2005 1866 2034 Domini
1894 2004 1981 2034 nostri

1149 2052 1220 2078 Jesu
1247 2049 1352 2077 Christi
1374 2057 1487 2077 verum.
1507 2049 1563 2076 Sed
1583 2051 1646 2076 tam
1679 2050 1821 2078 Romana
1846 2050 1981 2082 Ecclesia,

1149 2102 1242 2131 quam
1260 2093 1409 2129 praedictas
1425 2101 1479 2129 pro
1503 2093 1648 2121 ineﬂ'abili
1665 2095 1826 2129 mysterio,
1842 2098 1906 2123 tam
1934 2094 1982 2122 Ier-

266 2139 333 2166 eral
355 2144 467 2171 magna
483 2136 540 2163 illa
565 2135 627 2163 dies
643 2135 664 2151 ¹⁰
679 2143 686 2169 ;
712 2135 876 2163 dicendum
889 2137 1015 2173 estquia
1030 2138 1094 2165 dies
1112 2147 1132 2172 ι)
1149 2142 1327 2172 mentatum,
1343 2145 1436 2173 quam
1450 2146 1601 2173 azymum,
1618 2137 1692 2165 dum
1705 2140 1875 2172 sumimus,
1894 2146 1983 2167 unum

265 2180 388 2209 Sabbati
398 2188 528 2215 magnus
538 2179 704 2213 dicebatur,
716 2180 787 2215 quia
795 2182 858 2208 erat
870 2180 933 2208 dies
959 2182 1092 2216 Sabbati,

266 2228 295 2253 et
318 2225 443 2260 insuper
471 2224 581 2252 festum
609 2231 803 2259 azymorum;
830 2232 892 2253 non
917 2225 990 2261 quia
1017 2230 1094 2254 esset

263 2269 381 2306 primus
402 2268 680 2305 azymorum;quia
704 2276 810 2296 omnes
831 2269 896 2297 dies
920 2269 962 2297 illi
977 2273 1092 2306 septem

264 2316 351 2342 erant
374 2314 494 2348 magni;
516 2314 632 2349 primus
660 2315 761 2341 tamen
772 2315 800 2341 et
825 2313 949 2341 ultimus
958 2315 1091 2349 majores

264 2360 357 2386 erant.
382 2358 432 2385 Hic
456 2360 557 2386 autem
582 2357 738 2385 dicebatur
764 2365 894 2392 magnus
916 2365 993 2392 esse,
1009 2359 1090 2394 quia,

264 2403 342 2431 sicut
355 2402 468 2431 dictum
480 2405 532 2435 est,
551 2402 613 2430 duo
637 2402 868 2436 concurrebant,
886 2402 997 2431 scilicet
1017 2404 1090 2432 Sab-

262 2447 379 2480 batum,
394 2449 421 2475 et
435 2447 544 2475 festum
559 2448 752 2483 Azymorum,
782 2446 812 2474 id
826 2449 870 2474 est
897 2454 958 2475 una
970 2447 1034 2476 dies
1053 2448 1091 2476 de

261 2495 377 2528 septem
391 2492 509 2520 diebus.
527 2493 567 2519 De
586 2492 643 2519 hoc
669 2499 751 2523 vero,
768 2491 850 2527 quod
868 2491 963 2519 λιιάωὶ
978 2492 1090 2521 clama-

259 2539 384 2565 verunt:
402 2537 470 2565 Non
483 2538 514 2563 in
535 2536 583 2564 die
607 2536 685 2570 festo
702 2544 708 2568 ;
724 2541 795 2568 ergo
805 2542 868 2563 non
891 2538 954 2564 erat
969 2536 1089 2571 festum,

258 2581 384 2617 quando
399 2580 556 2609 cruciﬁxus
566 2582 630 2607 erat
644 2579 798 2612 Dominus,
814 2579 945 2607 dicimus
965 2582 1047 2617 quod
1058 2582 1090 2609 li-

259 2627 306 2652 cet
323 2624 541 2660 clamaverunt,
556 2626 657 2652 tamen
680 2623 814 2651 fecerunt
840 2627 945 2652 contra
964 2634 1006 2659 se,
1024 2629 1089 2654 tan-

586 2685 596 2702 ⁶
610 2684 702 2712 Exod.
716 2692 769 2716 xu,
783 2686 816 2719 8;
835 2687 921 2713 Num.
938 2688 964 2722 9,
985 2690 1025 2715 tt.

588 2728 637 2749 an.
651 2729 711 2751 xm.
727 2723 771 2748 3i.
812 2722 833 2740 ¹¹
850 2722 956 2750 Joann.
974 2726 997 2751 l.
1013 2724 1047 2751 14

865 2729 956 2750 οᾶΠΠ.
974 2729 997 2755 ι,
1013 2729 1059 2751 Ut.

294 2686 306 2703 ‘
321 2686 411 2714 Levit.
428 2695 480 2719 XXI,
498 2686 539 2713 l7.

259 2722 269 2739 ⁸
282 2722 367 2750 Joan.
383 2730 430 2756 xu,
444 2723 471 2749 7.
512 2722 535 2738 ιο
549 2722 711 2753 Joan.x1x,
727 2723 771 2748 3i.

1069 2690 1080 2707 °
1096 2690 1165 2726 Sap.
1181 2698 1239 2724 xvr,
1256 2691 1301 2718 20.

1149 2191 1258 2219 corpus
1274 2182 1368 2209 nostri
1386 2182 1549 2210 Salvatoris
1565 2182 1701 2210 efﬁcitur.
1716 2194 1731 2207 ››
1754 2184 1828 2212 Haec
1841 2187 1913 2212 sunt
1925 2190 1984 2211 ver-

1147 2228 1188 2255 ba
1212 2226 1353 2261 Gregorii,
1371 2234 1439 2262 quae
1463 2226 1494 2254 in
1510 2227 1574 2254 Vita
1593 2227 1687 2262 ipsius
1718 2228 1826 2256 Graeco
1848 2234 1984 2257 sermone

1147 2272 1336 2308 reperiuntur
1354 2272 1421 2306 (15).

1184 2317 1241 2345 Sed
1256 2318 1386 2344 Joannes
1408 2315 1651 2351 Chrysostomus,
1669 2324 1742 2344 cum
1757 2317 1941 2354 hujusmodi
1955 2317 1983 2344 li-

1147 2364 1206 2390 tem
1218 2361 1304 2389 vellet
1316 2361 1353 2387 de
1364 2360 1463 2388 medio
1474 2368 1638 2393 removere,
1654 2361 1685 2388 in
1695 2362 1840 2397 quadam
1860 2360 1985 2399 epistola

1147 2414 1211 2440 sua,
1228 2413 1322 2441 quam
1339 2405 1446 2433 Graecis
1462 2404 1500 2432 de
1516 2407 1708 2433 sacramento
1724 2409 1755 2434 et
1779 2407 1848 2435 aliis
1860 2411 1984 2435 consue-

1146 2450 1301 2477 tudinibus
1318 2450 1490 2477 Latinorum
1506 2448 1727 2483 dubitantibus,
1756 2450 1797 2478 de
1816 2448 1984 2479 Constanti-

1145 2494 1248 2530 nopoli
1269 2494 1446 2528 transmisit,
1475 2494 1515 2521 ita
1545 2493 1637 2521 dicit:
1655 2504 1669 2516 «ι
1698 2494 1888 2523 Volentibus
1900 2494 1984 2523 nobis

1145 2539 1260 2575 aliquid
1287 2540 1385 2567 dicere
1399 2539 1435 2566 de
1459 2547 1547 2566 sacra
1569 2540 1805 2573 communione,
1833 2543 1936 2568 utrum
1951 2546 1985 2567 ex

1146 2591 1263 2619 azymo,
1294 2583 1341 2611 vel
1355 2583 1534 2611 fermentato
1556 2582 1586 2610 in
1611 2590 1699 2610 sacra.
1720 2583 1887 2613 Dominica
1902 2590 1986 2612 ccena

1146 2628 1226 2655 facta
1237 2627 1325 2655 fuerit
1341 2636 1347 2655 :
1365 2627 1507 2662 longioris
1532 2627 1687 2662 temporis,
1706 2631 1736 2656 et
1753 2630 1851 2657 etiam
1876 2628 1985 2665 perfec-

1348 2691 1357 2707 τ
1378 2689 1453 2718 Psal.
1475 2698 1579 2725 LXXVII,
1594 2691 1638 2723 24,
1652 2691 1698 2717 25.
1742 2691 1753 2708 ⁸
1771 2693 1861 2720 Prov.
1877 2700 1928 2725 xx,
1943 2690 1983 2717 t7.

293 2784 443 2824 (t5)_V1de
467 2784 495 2812 S.
520 2783 667 2811 Thomam
685 2790 791 2818 opusc.
808 2784 951 2819 extremo,
969 2784 1006 2813 de
1020 2793 1111 2815 error.
1137 2788 1276 2822 Graecam;
1297 2788 1435 2817 Gennad.
1460 2788 1587 2817 scholar.
1608 2796 1665 2824 pro
1688 2790 1801 2818 concil.
1817 2790 1898 2819 Flor.
1911 2798 1940 2817 c.
1954 2790 1979 2822 2,

259 2822 331 2848 sect.
349 2821 377 2848 8.
