2067 3197
116 149 154 184 25‘

798 154 938 183 CONTRA
960 151 1116 183 GRAECOS.

1760 152 1812 189 526

95 218 183 246 tioris
211 217 363 254 scriptoris
381 216 555 251 indigemus
593 216 706 252 spatio.
740 216 798 244 Sed
827 216 930 244 multis
987 219 1056 244 cant
1070 216 1194 252 Eloquia
1210 222 1297 251 sacra
1313 224 1319 243 :
1335 217 1395 245 Sed
1409 225 1499 253 super
1509 218 1556 246 his
1574 218 1710 247 omnibus
1723 219 1813 247 tertin

96 262 230 292 omissis.
247 262 276 289 id
288 261 368 297 quod
380 261 449 289 utile
461 264 489 289 et
505 261 664 297 pacificum
689 263 742 292 est,
759 261 821 288 imo
845 263 876 287 ut
892 260 931 287 ita

96 307 211 339 dicam,
219 307 302 342 quod
310 305 408 339 magis
416 305 633 333 estsecundum
640 305 896 341 dispensationem
903 307 932 332 et

98 351 317 383 necessarium,
337 353 366 377 et
387 350 465 386 quod
489 349 587 385 magis
610 350 742 377 continet
764 349 930 381 veritatem,

98 395 265 423 dicendum
286 398 331 422 est
357 404 363 427 ;
389 395 476 430 panis
506 397 670 430 antequam
693 396 893 427 consecretur,
905 395 933 420 et

98 440 291 469 conﬁciatur.
308 439 371 466 sive
385 447 520 475 azymus,
546 438 609 466 sive
621 438 817 465 fermentatus
835 437 931 471 fuerit,

99 484 306 512 indiﬁ‘erenter
321 483 409 520 panis
431 486 474 511 est
493 486 520 510 et
542 483 650 510 dicitur
674 490 766 509 sacris
791 482 929 517 Eloquiis,

100 532 196 565 prout
209 528 402 564 postmodum
427 527 630 555 ostendemus.
653 527 814 562 Postquam
829 534 931 553 conse—

104 576 206 601 cratus
221 572 315 604 fuerit,
336 580 436 608 neque
463 580 588 607 azymus
613 580 710 607 neque
738 571 932 598 fermentatus

103 617 220 650 dicitur,
247 617 294 644 vel
314 620 375 649 est;
403 617 456 644 sed
481 625 590 652 corpus
617 619 644 643 et
661 624 729 643 caro
744 616 869 648 Domini,
885 624 930 642 ea-

100 661 172 689 dem
205 669 260 689 nec
277 661 346 693 alia,
373 668 467 696 quam
479 669 547 695 qum
562 661 601 688 ab
626 660 798 695 incorrupta
815 660 931 692 Virgine

99 715 119 734 a.
136 706 233 734 Verbo
252 706 303 733 Dei
326 709 492 741 assumpta,
516 708 544 732 et
559 706 588 732 in
606 705 727 732 dextera
742 705 896 733 collocata.
914 713 932 731 a

98 750 190 779 nobis
201 750 379 778 orthodoxts
407 752 436 777 et
461 750 615 777 catholicis
646 750 769 784 mystice
794 750 930 780 sumitur,

98 797 224 831 Propter
243 795 328 831 quod
349 797 378 822 et
396 794 583 830 mysterium.
611 795 668 821 hoc
697 797 748 828 est,
774 794 931 821 abscondi-

98 844 166 868 tum
182 840 367 868 nominatur.
391 841 425 867 Et
442 839 509 866 ideo
527 839 679 866 nonnullis
700 842 745 866 est
764 840 932 874 incompre-

98 885 250 914 hensibile
271 885 328 912 hoc
341 888 564 913 sacramentum
578 894 583 915 ;
600 887 818 911 transmutatur
830 888 929 912 autem

98 930 206 958 divina
232 930 338 957 virtute
354 938 371 957 a
394 929 503 965 Spiritu
520 933 624 956 sancto
648 929 678 955 in
701 937 810 964 corpus
824 932 929 956 ctsan-

99 975 226 1011 guinem
239 975 309 1002 Jesu
338 974 454 1007 Christi,
474 974 641 1001 secundum
666 974 745 1009 quod
770 975 835 1009 ipsa
846 982 931 1001 sacra

100 1023 220 1049 secreta
233 1019 356 1050 indicat.
372 1019 495 1047 etetiam
509 1019 686 1046 manifestat.
697 1019 825 1046 Dicimus
832 1019 927 1046 enim:

98 1066 139 1093 Te
148 1073 302 1101 rogamus,
320 1065 427 1092 Sancte
439 1067 621 1097 sanctorum,
636 1063 861 1098 utbeneplacito
872 1066 929 1091 tua:

99 1108 244 1138 bonitatis
268 1108 370 1136 veniat
389 1107 514 1143 Spiritus
525 1111 647 1134 sanctus
675 1110 742 1134 tuus
759 1116 848 1143 super
863 1116 928 1140 nos,

99 1156 130 1182 et.
137 1161 231 1190 super
240 1153 345 1181 omnia
352 1152 417 1180 haec
426 1155 477 1179 tua
487 1152 570 1179 dona
578 1152 651 1186 (sive
664 1153 798 1185 munera)
806 1155 834 1179 et
845 1152 930 1180 bene-

98 1194 192 1233 dicat,
207 1201 236 1225 et
250 1197 425 1227 sanctiﬁcet,
437 1199 465 1224 et
488 1196 626 1223 ostendat
648 1196 770 1231 quidem
786 1196 866 1224 hunc
879 1205 929 1231 pa-

103 1249 175 1270 nem
194 1242 296 1278 ipsum
313 1241 479 1277 pretiosum
505 1248 613 1276 corpus
629 1241 745 1268 Domini
756 1244 784 1268 et
800 1241 849 1268 Dei
871 1241 930 1268 Sal-

100 1287 214 1315 vatoris
227 1285 322 1314 nostri
334 1286 404 1313 Jesu
421 1285 535 1313 Christi.
554 1295 567 1309 ››

138 1332 168 1360 Si
193 1330 284 1364 igitur
315 1330 416 1358 divina
441 1330 542 1361 virtus,
569 1330 630 1357 sive
652 1329 731 1357 Deus
752 1332 931 1358 transmutat

99 1374 256 1413 proposita
279 1375 362 1403 dona.
392 1375 424 1402 in
460 1382 569 1410 corpus
601 1377 629 1401 et
657 1375 835 1409 sanguinem
862 1376 931 1402 Jesu

102 1420 222 1452 Christi,
233 1419 419 1455 superﬂuum
435 1422 479 1446 est
493 1419 679 1450 contendere,
700 1423 800 1446 utrum
811 1427 845 1446 ex
862 1427 930 1454 azy—

103 1465 174 1496 mis.
196 1465 261 1492 sive
282 1463 430 1491 fermentis
461 1463 555 1495 fuerit,
585 1463 646 1490 sive
673 1463 785 1497 album,
801 1463 861 1490 sive
881 1472 930 1491 ru—

102 1510 201 1538 brum
212 1507 337 1537 forsitan
351 1507 464 1542 vinum,
480 1511 508 1535 et
518 1508 849 1543 hujusmodiquasdam
863 1508 931 1536 stul-

105 1558 156 1581 tas
178 1552 357 1580 curiositates
371 1553 408 1580 de
419 1552 588 1580 metuendis
602 1555 629 1579 et
644 1550 804 1580 tremendis
820 1555 931 1588 myste-
948 1565 968 1592 ρ

104 1597 160 1625 riis
174 1597 360 1633 perscrutari.

138 1643 217 1675 Quia
227 1649 298 1669 vero
312 1641 438 1678 quidam
453 1649 558 1669 eorum
570 1641 673 1668 volunt
689 1650 723 1669 ex
740 1642 804 1670 sola
814 1645 929 1677 etymo-

102 1686 183 1723 logia
195 1686 339 1720 nominis,
364 1693 504 1721 azymum
529 1693 590 1713 non
620 1694 685 1713 esse
713 1688 800 1722 nigro-1.
830 1687 929 1720 idest,

102 1739 226 1768 panem.
251 1731 298 1758 eia
314 1730 352 1758 de
375 1730 433 1758 hoc
456 1730 585 1757 breviter
599 1730 839 1766 disputabimus:
859 1743 869 1755 «
884 1731 930 1759 Di-

101 1776 177 1804 citur
201 1776 283 1804 enim
308 1775 388 1811 ἄρτος
410 1775 449 1802 ab
464 1775 571 1811 ἄρθεως,
600 1775 630 1802 id
655 1776 928 1810 est.perfectione:

101 1828 228 1856 azymus
261 1822 363 1847 autem
393 1827 455 1847 non
479 1823 523 1846 est
547 1820 695 1854 perfectus
719 1829 724 1847 :
749 1820 820 1855 quia
851 1823 931 1847 caret

100 1864 306 1892 ellermento:
327 1871 398 1898 ergo
420 1871 480 1891 nou
509 1867 551 1890 est
567 1864 654 1899 ἄρτος.
673 1864 818 1891 Dominus
830 1867 930 1891 autem

100 1909 180 1946 ἄρτον
194 1908 357 1936 benedixit.
369 1917 384 1933 ›
401 1907 478 1935 Talis
493 1911 537 1935 est
553 1908 699 1935 mirabilis
714 1916 819 1935 eorum
843 1908 930 1943 syllo-

101 1953 229 1988 gismus.
241 1953 300 1980 Nos
316 1960 389 1980 vero
406 1952 446 1980 ad
472 1952 639 1989 syllogismi
664 1953 756 1987 hujus
773 1953 929 1980 machina-

102 2000 252 2029 mentum,
260 2005 330 2025 cum
341 1996 453 2024 nullius
465 1996 575 2024 valoris
589 1997 634 2029 sit,
661 1998 825 2029 inﬁrmum,
842 2000 870 2024 et
880 1998 929 2025 de-

105 2041 449 2071 bilemullamfaciamus
458 2043 688 2077 responsionem
699 2052 704 2074 ;
715 2051 751 2069 ne
760 2042 927 2075 videamus,

101 2086 141 2114 ad
158 2087 359 2114 ostensionem
375 2086 452 2121 ejus,
471 2094 539 2122 quae
555 2087 585 2113 iu
610 2087 698 2114 nobis
719 2091 762 2115 est
777 2087 929 2115 rationalis

100 2131 246 2162 scientiae.
275 2130 371 2158 multa
395 2131 479 2166 loqui
502 2134 530 2158 et
553 2131 736 2159 inutiliter.A
764 2132 872 2159 sanctis
887 2135 928 2159 ta-

101 2183 172 2205 men
186 2175 353 2211 Evangeliis
368 2176 446 2212 ἄρτον
465 2179 603 2204 vocatum
621 2184 688 2203 esse
703 2185 846 2212 azymum
863 2184 929 2212 pro—

987 262 1049 289 dies
1060 264 1113 294 est,
1124 268 1182 296 quo
1193 261 1257 289 haec
1266 261 1351 295 facta
1366 265 1435 290 sunt
1448 263 1479 296 Ν,
1493 263 1571 290 infra
1586 267 1686 292 autem
1696 266 1812 299 septem

986 306 1060 336 dies,
1086 309 1148 333 erat
1174 306 1237 333 dies
1267 305 1327 333 illa.
1353 306 1448 343 Ἃρτος
1467 315 1538 342 ergo
1560 311 1695 342 vocatur,
1711 311 1743 335 ut
1764 316 1812 336 os-

987 353 1104 377 tensum
1116 353 1169 382 est,
1185 358 1320 385 azymus.
1337 352 1412 378 Nam
1423 351 1480 379 hoc
1499 359 1612 379 nomen
1626 353 1702 389 ἄρτος
1716 360 1813 386 genus

987 397 1031 421 est
1053 394 1222 422 fermentati
1245 397 1274 421 et
1283 403 1399 430 azymi;
1416 398 1444 423 et
1468 395 1505 423 de
1530 396 1682 424 ambobus
1706 397 1812 432 praedi-

986 442 1080 469 catur,
1104 438 1180 466 sicut
1205 438 1243 466 de
1262 439 1430 474 speciebus.
1455 441 1496 467 Ex
1511 440 1558 468 his
1570 448 1642 475 ergo
1656 441 1764 473 verbis,
1781 443 1814 468 ut

986 483 1099 510 dictum
1114 485 1168 516 est,
1182 483 1395 518 Chrysostomi,
1412 486 1440 511 et
1459 484 1524 511 aliis
1540 492 1594 520 pro
1620 485 1675 511 ista
1690 485 1814 512 materia

987 527 1130 561 allegatis,
1157 527 1228 554 satis
1254 527 1408 555 manifeste
1437 528 1594 563 colligitur,
1624 529 1707 564 quod
1718 529 1812 557 sancti

987 572 1088 599 Patres
1108 572 1234 608 antiqui.
1250 575 1311 599 tam
1329 573 1431 606 Grmci,
1456 582 1550 608 quam
1578 574 1681 606 Latini,
1699 576 1760 601 tam
1775 574 1812 601 de

987 617 1297 648 sacramentoaltaris,
1323 625 1416 651 quam
1442 617 1478 644 de
1508 617 1573 645 aliis
1589 618 1657 645 lidei
1669 618 1811 652 articulis,

988 661 1063 687 sicut
1077 661 1205 688 Ecclesia
1221 662 1365 691 Romana.
1382 661 1525 688 catholice
1543 664 1571 689 et
1586 665 1687 689 sancte
1711 671 1812 690 sense-

987 708 1064 732 runt.
1080 706 1209 733 Moderni
1225 713 1294 732 vero
1325 706 1414 732 Graeci
1430 706 1500 741 quia
1514 706 1622 741 jugum
1635 707 1812 734 oboedientiae

988 753 1186 777 sacr-Osanctae
1204 750 1289 776 dictae
1305 751 1447 777 Romanas
1472 750 1609 778 Ecclesiae
1624 759 1642 778 a
1657 751 1732 778 collo
1756 760 1811 779 suo

987 794 1118 821 indebite
1134 797 1270 821 excutere
1284 794 1449 827 voluerunt,
1459 795 1560 821 multis
1569 795 1811 823 eaminvolutam

986 847 1052 865 esse
1068 838 1218 865 erroribus
1236 839 1398 873 praedicare
1428 847 1489 866 non
1514 842 1663 866 verentur.
1681 840 1757 872 Quia.
1770 844 1810 867 ta-

952 890 971 916 Β
988 891 1054 909 men
1072 883 1218 917 ipsisuaui
1236 882 1427 910 rebellionem
1436 883 1618 918 pertinacem
1628 884 1809 919 quibusdam

987 928 1047 954 suis
1060 927 1226 954 rationibus
1237 927 1358 963 palliare
1370 936 1433 955 non
1446 932 1582 955 verentur
1597 937 1603 955 :
1621 929 1693 963 quid
1707 937 1811 956 eorum

985 972 1050 1000 libri
1069 975 1173 999 contra
1186 972 1325 1005 clament,
1342 981 1377 999 cx
1393 972 1494 1000 multis
1511 981 1608 1008 pauca
1631 973 1662 1000 in
1676 974 1811 1001 medium

985 1018 1181 1052 proferemus.

986 1090 1099 1124 Quarta
1111 1090 1272 1117 distinctio.
1285 1090 1320 1118 In
1333 1098 1392 1126 qua
1400 1074 1565 1118 ostenditur
1577 1091 1656 1126 quod
1674 1098 1756 1125 papa
1769 1094 1809 1119 est

1269 1138 1359 1169 caput
1377 1135 1529 1164 Ecclesia}.

1021 1197 1181 1225 Sciendum
1194 1205 1274 1229 vero,
1292 1197 1375 1232 quod
1390 1197 1429 1225 ad
1453 1196 1645 1233 probandam
1666 1197 1811 1226 obedien-

986 1241 1056 1269 tiam
1070 1245 1098 1269 et
1122 1241 1254 1269 debitam
1280 1241 1479 1269 reverentiam
1507 1241 1643 1269 Ecclesiae
1668 1243 1811 1270 Romanis

984 1288 1101 1320 oportet
1111 1294 1166 1313 nos
1175 1294 1309 1321 quaerere
1323 1285 1421 1321 primo
1433 1289 1484 1313 :«A
1494 1294 1554 1321 quo
1565 1286 1671 1314 habuit
1681 1286 1812 1315 Ecclesia

985 1331 1071 1358 istam
1083 1332 1261 1366 potestatem
1272 1330 1286 1357 τί
1296 1330 1438 1361 secundo,
1450 1330 1597 1366 quando?
1609 1331 1693 1358 tertio
1709 1339 1749 1358 an
1762 1340 1812 1359 su-

985 1383 1038 1410 per
1052 1382 1159 1401 omnes
1173 1374 1389 1407 universaliter,
1406 1382 1445 1402 an
1459 1374 1675 1410 particulariter
1685 1375 1699 1403 ?
1714 1386 1728 1400 ››

1021 1420 1042 1451 Ο
1048 1422 1172 1446 uantum
1181 1419 1221 1445 ad
1231 1418 1307 1454 prim
1313 1426 1373 1451 um,
1380 1418 1545 1453 distingue:
1566 1418 1641 1451 Quia
1648 1419 1813 1447 authabuit

986 1472 1003 1491 a
1021 1465 1089 1496 Deo,
1102 1464 1251 1490 mediante
1267 1463 1362 1490 Petro
1375 1465 1427 1490 aut
1437 1471 1455 1490 a
1464 1463 1650 1499 principibus
1661 1464 1813 1492 saeculari-

986 1508 1044 1535 bus
1057 1517 1063 1540 ;
1081 1511 1132 1535 aut
1146 1507 1236 1534 simul
1252 1507 1290 1535 ab
1305 1507 1367 1534 istis
1379 1507 1474 1535 tribus
1487 1516 1493 1540 ;
1509 1511 1560 1535 aut
1575 1516 1593 1535 a
1616 1508 1750 1535 conciliis
1765 1516 1813 1543 ge-

985 1552 1155 1586 neralibus;
1173 1555 1224 1579 aut
1235 1552 1325 1579 simul
1350 1552 1389 1579 ab
1413 1552 1478 1579 istis
1494 1552 1603 1587 tribus;
1630 1555 1682 1580 aut
1697 1561 1715 1580 a
1730 1553 1813 1582 nullo

986 1598 1110 1625 istorum
1128 1607 1134 1624 :
1152 1597 1203 1624 sed
1215 1601 1361 1632 usurpato
1378 1597 1434 1625 sibi
1450 1597 1563 1625 honore
1579 1598 1670 1625 utitur
1684 1598 1815 1627 Ecclesia

985 1642 1126 1670 violenter
1142 1645 1169 1669 et
1182 1641 1313 1676 indigne.
1330 1643 1362 1668 Et
1374 1641 1463 1669 istam
1479 1642 1615 1670 ultimam
1644 1643 1815 1671 concedunt

986 1687 1087 1714 Graeci.
1106 1688 1138 1713 Et
1152 1686 1256 1714 dicunt
1282 1686 1366 1721 quod
1387 1685 1488 1713 nullus
1515 1686 1723 1722 apostolorum
1759 1687 1815 1715 fuit

986 1731 1083 1765 major
1109 1729 1221 1757 altero:
1263 1730 1312 1757 sed
1336 1737 1443 1758 omnes
1470 1730 1592 1758 fuerunt
1623 1731 1755 1766 azquales
1785 1735 1814 1759 et

985 1775 1100 1808 fralres,
1126 1775 1213 1809 juxta
1250 1774 1340 1801 illud:
1371 1774 1477 1802 Omnes
1505 1777 1605 1802 autem
1633 1783 1684 1803 vos
1701 1776 1814 1810 fratres

985 1820 1064 1851 estis,
1080 1821 1105 1846 et
1121 1822 1239 1852 patrem
1253 1818 1346 1845 nolite
1362 1826 1470 1846 vocare
1486 1818 1567 1846 vobis
1582 1826 1674 1853 super
1690 1822 1811 1853 terram,

986 1865 1054 1899 quia
1068 1872 1144 1891 unus
1158 1864 1247 1891 Pater
1261 1866 1355 1891 vester
1367 1864 1491 1891 cwlestis
1505 1866 1547 1890 est
1564 1864 1596 1889 ‘5.

1020 1908 1064 1935 Ad
1077 1908 1159 1943 quod
1170 1908 1385 1943 respondentes
1410 1907 1549 1939 dicimus,
1568 1908 1651 1943 quod
1668 1909 1812 1937 Dominus

984 1953 1031 1980 hic
1043 1960 1103 1979 non
1119 1954 1253 1979 removet
1265 1951 1398 1979 ofﬁcium
1414 1951 1604 1987 praelationis,
1620 1960 1687 1980 cum
1700 1952 1812 1981 Paulus

986 1996 1140 2033 apostolus
1147 1996 1227 2024 dicat
1237 2004 1242 2022 :
1252 1996 1542 2030 Obediteprazpositis
1552 1997 1665 2029 vestris,
1673 2000 1701 2024 et
1712 1997 1813 2032 subju—

983 2046 1042 2070 cete
1056 2043 1095 2069 eis
1123 2042 1154 2073 '0,
1172 2040 1225 2068 sed
1253 2040 1409 2068 libidinem
1429 2040 1616 2068 dominandi.
1648 2041 1730 2069 Unde
1750 2049 1812 2070 non

983 2087 1057 2113 dixit
1083 2094 1089 2112 :
1122 2085 1215 2113 Nolite
1244 2087 1373 2112 statuere
1399 2094 1406 2112 :
1454 2086 1555 2113 Nolite
1593 2086 1811 2114 vocarizunde

984 2139 1053 2158 cum
1064 2138 1118 2157 nos
1128 2129 1267 2164 eligimus
1277 2133 1430 2165 pastorem
1443 2130 1659 2162 Ecclesiae,non
1670 2130 1810 2165 eligimus

985 2175 1072 2203 nobis
1086 2177 1213 2210 patrem,
1232 2174 1275 2201 vel
1292 2177 1419 2202 matrem
1435 2174 1619 2211 simpliciter,
1637 2175 1690 2203 sed
1714 2176 1813 2211 potius

98 2220 256 2251 babimus,
273 2221 335 2248 sive
366 2220 572 2255 ostendemus,
605 2224 633 2248 ct
656 2221 788 2249 mendax
803 2222 929 2248 istorum
948 2232 969 2258 ι)
987 2219 1131 2247 vicarium
1148 2219 1239 2245 Patris
1249 2218 1342 2245 nestri
1352 2219 1413 2246 veri
1432 2222 1459 2246 et
1479 2219 1617 2254 Magistri,
1634 2220 1687 2255 qui
1700 2219 1731 2247 in
1753 2228 1813 2248 coa-

97 2263 286 2300 etymologia.
295 2264 463 2300 apparebit.
479 2266 510 2291 In
524 2266 602 2292 Luca
617 2265 695 2292 enim
712 2266 856 2301 scriptum
871 2269 933 2298 est;

96 2309 137 2337 Et
152 2309 270 2343 factum
283 2311 335 2339 est,
349 2308 553 2337 discumbente
566 2317 597 2338 eo
621 2317 688 2338 cum
702 2310 741 2337 eis
760 2311 792 2337 ’³.
811 2311 841 2337 Et
866 2313 935 2345 post

96 2353 451 2390 pauca:Cognoverant
475 2361 541 2381 eum
572 2354 602 2381 in
625 2354 777 2388 fractione
801 2355 880 2390 ἄρτου
900 2355 931 2381 ’³.

96 2398 186 2431 Ecce,
199 2396 241 2425 ibi
260 2403 404 2432 azymum
423 2398 501 2434 ἄρτον
524 2398 702 2426 nominavit.
734 2399 819 2430 Quod
833 2401 933 2426 autem

96 2449 226 2478 azymus
241 2440 462 2477 tueritille,qui
487 2445 558 2470 tunc
582 2443 613 2470 in
635 2444 779 2470 Emmaus
795 2442 931 2478 Cleophae

96 2489 128 2514 et
143 2485 361 2514 concomitanti
381 2485 437 2513 sibi
452 2486 539 2514 datus
562 2490 615 2520 est,
637 2487 707 2514 hinc
737 2490 781 2514 est
802 2487 932 2515 manife-

98 2532 192 2559 stum.
209 2531 278 2557 Post
290 2529 530 2559 immolationem
546 2531 617 2566 agni
633 2534 746 2567 septem
762 2532 869 2559 diebus
885 2540 932 2559 co-

100 2573 268 2602 medebant
275 2574 370 2602 Judaei
378 2583 496 2611 azyma,
503 2577 614 2612 quibus
623 2576 729 2603 diebus
737 2576 932 2604 fermentatus

99 2618 190 2656 panis
198 2625 263 2646 non
273 2617 483 2649 inveniebatur
493 2620 575 2656 apud
588 2628 650 2648 eos.
664 2620 744 2648 Infra.
753 2623 853 2648 autem
868 2628 933 2656 sep-

101 2666 163 2692 tem
187 2662 265 2695 dies,
295 2661 449 2693 benedixit
472 2665 614 2693 Dominus
644 2672 755 2700 panem
780 2666 882 2697 istum,
895 2664 933 2692 de

100 2715 164 2745 quo
178 2706 359 2735 memoriam
386 2709 521 2744 fecimus,
538 2710 568 2737 in
596 2711 746 2743 Emmaus,
771 2710 934 2737 sicutindi-

138 2775 162 2792 ¹²
179 2775 250 2802 Luc.
266 2781 345 2806 XXIV,
360 2774 405 2800 30.
460 2773 481 2789 “‘
497 2772 571 2801 Ibid.
589 2774 632 2800 35.
684 2774 705 2790 ¹⁸
721 2772 794 2801 Ibid.
811 2775 854 2800 21.

104 2809 127 2828 ⁸⁸
140 2810 243 2839 Matth.
263 2817 347 2838 xxiii.
362 2810 390 2838 9.

905 2773 928 2791 ¹⁵
944 2772 1044 2801 Matth.
1061 2779 1141 2804 χχιιι,
1159 2773 1185 2804 8,
1207 2773 1233 2798 9.

988 2264 1022 2291 lis
1029 2267 1082 2299 est,
1093 2264 1153 2295 sed,
1163 2271 1216 2290 nec
1222 2271 1313 2299 quem
1321 2263 1429 2298 eligere
1437 2264 1577 2292 volumus
1587 2272 1653 2299 nos,
1663 2264 1714 2292 sed
1721 2273 1813 2301 quem

990 2310 1066 2336 Deus
1073 2309 1154 2338 dare,
1162 2308 1248 2342 juxta
1256 2309 1425 2335 sanctiones
1433 2311 1460 2335 et
1469 2316 1599 2336 canones
1607 2308 1814 2344 apostolorum

989 2361 1125 2383 suorum,
1143 2352 1295 2379 constituit
1308 2352 1504 2385 etordinavit,
1529 2352 1615 2387 juxta
1639 2352 1732 2381 illud:
1757 2354 1815 2382 Ne-

987 2397 1415 2427 mosumitsibi/umorem,nisi
1428 2400 1550 2424 vocatus
1564 2397 1659 2431 aDeo,
1670 2400 1816 2433 tanquam

987 2443 1091 2470 Aaron
1107 2443 1139 2467 ιτ.
1155 2441 1237 2468 Unde
1251 2440 1355 2468 Glossa
1364 2449 1453 2476 super
1468 2441 1552 2468 illum
1566 2440 1682 2468 locum:
1698 2442 1815 2470 Patrem

987 2487 1079 2514 nolite
1090 2486 1170 2513 vobis
1182 2493 1288 2513 vocare
1302 2493 1393 2520 super
1410 2488 1522 2513 terram
1555 2486 1587 2519 η,
1602 2485 1643 2512 sic
1659 2485 1714 2513 ait:
1729 2486 1815 2518 Quod

988 2531 1046 2558 Deo
1061 2530 1197 2560 debetur.
1217 2529 1303 2557 vobis
1328 2537 1390 2557 non
1412 2529 1604 2565 praesumatis
1630 2537 1636 2561 ;
1668 2537 1724 2557 nec
1739 2529 1814 2558 ali03

987 2575 1082 2603 Rabbi
1098 2574 1218 2608 vocetis,
1231 2582 1285 2601 nec
1305 2574 1440 2602 divinum
1468 2574 1615 2602 honorem
1638 2573 1813 2602 hominibus

987 2620 1136 2648 deieratis.
1154 2630 1168 2643 ››
1182 2620 1253 2646 Item
1268 2618 1325 2646 alia
1337 2618 1455 2646 Glossa:
1472 2630 1485 2644 ‹‹
1507 2618 1584 2646 Deus
1606 2618 1713 2646 dicitur
1728 2619 1813 2646 Pater

988 2667 1014 2692 et
1041 2664 1183 2699 Magister,
1215 2670 1287 2690 nam
1312 2662 1498 2697 indulgentia
1530 2664 1624 2695 Pater,
1649 2665 1680 2690 ut
1716 2663 1815 2691 honor

989 2709 1068 2736 aetati
1082 2708 1242 2741 deferatur,
1258 2715 1319 2734 non
1333 2711 1438 2735 auctor
1452 2710 1519 2735 vitae
1536 2706 1682 2735 habeatur
1694 2717 1700 2736 :
1719 2708 1815 2743 magi-

1295 2773 1316 2788 ία
1331 2770 1405 2798 Heb.
1425 2779 1486 2806 XIII,
1504 2774 1548 2800 17.
1587 2772 1608 2789 Π
1627 2771 1714 2800 Hebr.
1732 2779 1762 2807 v,
1778 2773 1809 2801 4.
