4134 6416
517 307 620 364 527

1744 303 2226 361 PANTALEONIS
2265 303 2523 363 DlACON
2531 306 2553 362 Ι
2588 305 2694 363 ΟΡ.

3822 313 3920 367 528

515 437 653 488 ster.
684 446 757 487 ex
781 427 1082 486 consortio
1105 428 1230 485 veri
1247 426 1506 498 Magistri
1536 429 1829 499 tanquam
1854 428 1985 498 ejus
2015 443 2165 484 nun-
2196 469 2244 523 Α
2273 428 2524 486 omnino
2554 430 2759 500 tacuit,
2789 433 2894 488 aut
2936 431 3012 488 de
3067 447 3178 488 suo
3221 431 3687 504 superaddendo
3717 449 3924 491 verum

514 521 652 589 tius,
683 524 741 576 et
779 534 888 592 pro
917 518 1250 575 reverentia
1279 518 1434 589 ejus,
1491 516 1597 590 qui
1651 517 1920 585 mittitur,
1981 518 2168 574 hono-

508 613 692 665 ratur.

579 698 786 754 Petrus
803 696 1700 769 autemhabuitpraerogativam
1733 693 2038 765 dignitatis
2069 709 2165 749 su-

506 802 614 860 per
660 786 986 859 apostolos,
1030 790 1088 842 et
1134 785 1566 858 plenitudinem
1616 783 1930 857 potestatis
1985 799 2166 855 super

507 891 721 931 omnes
752 875 1054 932 homines.
1083 875 1257 940 Quod
1285 874 1579 948 probatur
1607 874 1690 930 sic
1715 891 1727 928 :
1756 877 1819 928 ln
1846 872 2164 943 Evangelio

507 964 776 1032 Joannis,
829 981 968 1020 cum
1022 964 1311 1020 Dominus
1362 968 1449 1020 ter
1498 963 1850 1035 requisisset
1903 978 1940 1017 a
1995 965 2164 1018 Petro

509 1054 892 1124 singulariter
956 1059 1014 1109 ct
1079 1053 1434 1126 specialiter,
1493 1069 1572 1109 an
1614 1054 1816 1125 ipsum
1873 1052 2163 1122 diligeret,

505 1144 974 1200 audivit:Pasce
1022 1158 1155 1199 oves
1185 1157 1344 1198 meas
1375 1144 1440 1196 ἐν.
1496 1143 1686 1214 Super
1742 1157 1926 1214 quem
1962 1141 2166 1197 locum

504 1231 654 1288 dixit
682 1233 946 1288 Joannes
977 1231 1446 1303 Chrysostomus
1476 1246 1488 1285 :
1519 1253 1546 1282 ‹‹
1606 1229 1758 1296 Quia
1798 1229 1978 1299 igitur
2024 1229 2163 1284 ﬁnis

502 1327 630 1378 erat
655 1324 870 1388 Crenaa,
927 1322 1098 1376 Petro
1151 1320 1614 1393 praeposituram
1667 1319 1831 1375 orbis
1889 1319 2166 1375 omnium

499 1411 836 1482 committit,
863 1425 983 1466 non
1013 1409 1183 1466 alteri
1205 1408 1327 1478 dat,
1350 1409 1455 1464 sed
1487 1408 1625 1465 huic
1646 1413 1906 1466 tantum.
1932 1409 2166 1474 Quare?

500 1500 650 1566 Quia
677 1500 947 1555 omnium
967 1498 1312 1571 prtecipuus
1342 1502 1400 1554 et
1443 1503 1625 1570 caput
1649 1498 1832 1555 totius
1886 1497 2072 1554 chori.
2100 1495 2168 1552 Et

495 1588 631 1644 ideo
661 1589 863 1656 etiam,
895 1592 960 1644 ut
985 1587 1270 1644 ostendat
1293 1587 1365 1658 ei,
1392 1588 1562 1660 quod
1613 1591 1810 1660 potest
1838 1587 2159 1651 conﬁdere,

493 1683 788 1751 tanquam
804 1677 1126 1748 negatione
1145 1675 1484 1733 oblitterata
1506 1694 1519 1744 ;
1543 1677 1690 1749 quia
1709 1676 1762 1732 ei
1778 1691 1976 1749 neque
1996 1675 2162 1732 illam

494 1769 884 1840 improperat,
907 1782 1020 1823 nec
1040 1766 1266 1839 profert
1289 1765 1351 1821 in
1371 1765 1641 1822 medium
1666 1786 1678 1824 :
1713 1766 1818 1822 sed
1844 1787 1858 1822 :
1883 1766 1941 1822 Si
1959 1766 2159 1837 diligis

493 1872 616 1924 me,
635 1861 891 1928 praeesto
913 1855 1218 1927 fratribus,
1239 1859 1295 1910 et
1319 1854 1645 1911 ferventem
1663 1870 1956 1922 amorem,
1974 1871 2159 1928 quem

492 1946 555 2003 in
583 1961 682 2002 me
706 1946 932 2002 habere
963 1943 1209 2001 dicebas
1264 1944 1347 2001 ita
1368 1949 1432 2000 ut
1477 1946 1632 2001 mori
1688 1944 1871 2002 velles
1901 1961 2010 2018 pro
2039 1962 2159 2003 me,

493 2050 657 2091 nunc
685 2033 955 2091 ostende.
1014 2037 1342 2103 lnterrogat
1366 2037 1567 2089 autem
1621 2049 1762 2090 eum
1820 2037 1927 2100 ter,
1979 2034 2160 2093 simul

493 2129 789 2198 quantam
810 2139 1018 2179 curam
1030 2121 1338 2179 habeatde
1351 2121 1568 2178 ovibus
1598 2122 1714 2178 sibi
1738 2124 2097 2179 commissis.
2127 2147 2156 2174 »

496 2212 565 2266 Et
591 2215 728 2282 post
756 2211 962 2283 aliqua
989 2209 1132 2267 dicit
1162 2211 1216 2266 ei
1242 2227 1258 2268 :
1290 2211 1548 2283 Sequere
1589 2226 1682 2268 me
1734 2212 1808 2267 ³ο.
1845 2211 2157 2268 Commisit

493 2300 742 2372 quidem
757 2301 926 2357 Petro
947 2299 1357 2373 praelationem
1375 2301 1650 2357 omnium
1681 2299 1974 2357 ﬁdelium.
2001 2301 2154 2366 Quia

492 2390 601 2446 etsi
642 2391 902 2447 Iacobus
939 2389 1548 2463 Hierosolymitanam
1600 2390 1807 2446 sedem
1861 2391 2147 2462 suscepit,

491 2483 698 2536 Petrus
723 2485 927 2538 tamen
954 2481 1135 2537 totius
1157 2479 1353 2538 orbis:
1413 2480 1590 2553 quasi
1638 2481 1844 2536 dicat:
1898 2482 2151 2537 Sanctus

488 2574 738 2626 vocatus
759 2578 845 2626 est
863 2571 1121 2627 Iacobus
1153 2570 1214 2627 in
1244 2569 1516 2642 partibus
1546 2569 2100 2642 Hierosolymitanis
2132 2586 2145 2638 ;

486 2660 592 2716 sed
622 2661 829 2716 Petrus
847 2661 906 2716 in
930 2659 1298 2733 plenitudine
1318 2659 1649 2733 potestatis.
1678 2659 1848 2716 Unde
1879 2660 1941 2716 in
1979 2675 2148 2716 man-

481 2750 654 2807 dato:
674 2751 802 2807 Tibi
810 2751 966 2807 dabo
979 2749 1367 2820 claves",tibi
1387 2750 1702 2806 discretive
1714 2751 1888 2823 quasi
1903 2749 1982 2806 ab
1994 2749 2146 2819 aliis,

480 2838 642 2896 dabo
675 2839 890 2898 claves.
915 2863 943 2890 »
979 2844 1168 2912 Super
1197 2855 1322 2912 quo
1382 2841 1644 2896 Joannes
1684 2839 2148 2911 Chrysostomus

478 2930 600 2985 ita:
639 2952 666 2980 «ι
705 2929 865 2986 Sicut
896 2933 1066 2986 Pater
1085 2929 1251 2985 dedit
1289 2928 1397 2984 tibi
1438 2929 1869 2985 revelationem
1922 2928 2150 2985 confes-

481 3018 668 3075 sionis
691 3035 844 3075 verae
862 3018 1003 3074 fidei
1029 3036 1042 3087 ;
1068 3019 1152 3074 sic
1172 3033 1285 3088 ego
1301 3017 1466 3074 dabo
1489 3019 1594 3074 tibi
1627 3019 1828 3074 claves
1855 3019 2145 3090 caelestes

477 3108 827 3164 Divinorum
872 3122 1016 3178 ergo
1053 3107 1376 3178 dignitates
1391 3106 1636 3162 tradidit
1675 3109 1860 3173 Preto,
1889 3112 2150 3179 potesta-

479 3196 601 3253 tive
626 3199 689 3252 in
716 3197 885 3253 terris
912 3195 1226 3264 exsistens,
1258 3199 1314 3250 et
1340 3195 1686 3251 ccelestibus
1707 3196 1956 3251 intrans.
1992 3217 2019 3244 »ν

552 3289 697 3342 Item
727 3285 1227 3356 Chrysostomus:
1265 3285 1385 3338 «Et
1414 3283 1662 3354 quidem
1711 3283 1860 3338 alios
1913 3287 2147 3356 prater-

479 3375 742 3441 mittens,
776 3373 938 3440 huic,
970 3372 1032 3427 id
1070 3375 1182 3440 est,
1217 3374 1410 3441 Petro,
1459 3371 1534 3427 de
1586 3371 1799 3428 ovibus
1856 3371 2143 3444 disponit,

478 3479 622 3520 cum
656 3463 730 3519 sit
746 3463 1032 3536 princeps
1052 3461 1490 3534 apostolorum,
1519 3465 1576 3517 et
1598 3465 1780 3534 caput
1799 3462 1986 3518 chori.
2011 3464 2146 3517 Pro-

480 3559 608 3626 pter
640 3552 808 3626 quod
838 3551 1056 3609 Paulus
1107 3550 1378 3607 ascendit
1443 3551 1942 3622 Hierosolymam,
2000 3554 2143 3607 tunc

479 3642 686 3698 videre
714 3641 918 3715 ipsum
937 3657 1061 3714 prae
1087 3640 1342 3697 cteteris.
1381 3662 1411 3690 »
1435 3639 1574 3695 Haec
1591 3647 1730 3696 sunt
1749 3640 1935 3696 verba
1959 3639 2142 3711 Chry-

485 3732 754 3789 sostomi.

556 3836 619 3888 In
637 3829 1009 3904 quibusdam
1023 3833 1226 3886 tamen
1247 3827 1559 3885 codicibus
1581 3827 1978 3900 reperiuntur,
2003 3842 2139 3898 quae

484 3920 763 3977 videntur
781 3935 1011 3992 sapere,
1045 3917 1213 3991 quod
1232 3933 1355 3974 non
1380 3917 1579 3973 solum
1601 3919 1792 3984 Petro,
1820 3915 1929 3970 sed
1960 3915 2142 3971 etiam

487 4009 778 4084 apostolis
805 4009 1204 4064 communiter
1241 4005 1522 4062 eamdem
1582 4005 1824 4060 tradidit
1854 4003 2144 4059 Dominus

485 4103 863 4172 potestatem.
895 4099 1085 4168 Super
1104 4111 1226 4168 quo
1254 4094 1560 4150 voluimus
1601 4092 1980 4148 admonitum
2011 4107 2144 4148 esse

487 4187 887 4255 lectorem,ut
925 4183 1168 4252 habeat,
1209 4199 1332 4255 quo
1381 4182 1598 4238 debeat
1644 4180 2008 4237 adversariis
2057 4195 2142 4236 re-

490 4277 806 4350 spondere,
824 4275 1018 4346 siquae
1035 4272 1493 4328 inveniunturin
1511 4270 1719 4325 Glossa
1733 4269 2142 4341 Chrysostomi

490 4367 705 4440 posita,
747 4379 884 4436 quas
930 4362 1134 4418 dicunt
1181 4359 1618 4433 plenitudinem
1667 4359 1974 4431 potestatis
2018 4375 2142 4414 non

489 4471 621 4514 esse
664 4453 946 4510 traditam
997 4455 1230 4506 tantum
1271 4452 1459 4514 Petro,
1521 4449 1626 4504 sed
1671 4447 1956 4504 omnibus
1990 4448 2139 4519 aliis,

491 4509 1113 4617 abstluedubitatione
1143 4538 1346 4611 aliCIua
1363 4509 1521 4606 dicit,
1539 4539 1886 4610 quicunque
1913 4509 2140 4609 legem;
2177 4509 2221 4563 Β

491 4633 656 4708 quod
677 4632 782 4687 illa
811 4645 936 4686 non
967 4634 1106 4684 sunt
1124 4628 1310 4684 verba
1333 4628 1761 4698 Chrysostomi,
1810 4627 1915 4683 sed
1944 4627 2143 4700 potius

489 4719 936 4795 Theophylacti,
971 4717 1405 4790 archiepiscopi
1435 4716 1846 4787 Bulgarorum,
1871 4717 1976 4788 qui
2001 4721 2142 4772 mis-

492 4831 594 4870 sus
615 4817 701 4868 est
728 4826 764 4867 a
792 4809 1021 4877 Photio,
1041 4813 1308 4880 tempore
1331 4807 1674 4863 schismatis
1693 4807 1755 4862 in
1778 4806 2140 4876 Bulgariam,

487 4909 555 4960 ut
573 4905 736 4976 ipsos
755 4898 1059 4970 Bulgaros,
1081 4901 1224 4953 tunc
1246 4896 1530 4968 temporis
1563 4895 1839 4952 Ecclesiae
1857 4898 2144 4952 Romanae

486 4995 740 5051 devotos
775 4994 831 5046 et
858 4987 1223 5057 obedientes,
1251 4986 1330 5043 ad
1359 4986 1693 5042 Greecorum
1723 4985 1872 5042 ritus
1921 4990 1977 5042 ct
2000 4986 2144 5042 obe-

487 5082 776 5139 dientiam
798 5081 1124 5134 revocaret.
1149 5076 1319 5141 Quod
1343 5079 1400 5131 et
1423 5075 1648 5132 factum
1669 5080 1780 5131 est.
1803 5077 1918 5131 Iste
1942 5075 2144 5148 itaque

484 5169 984 5243 Theophylactus,
1018 5181 1158 5220 cum
1180 5170 1376 5220 omnia
1395 5164 1514 5220 fere
1535 5164 1756 5235 scripta
1781 5163 1942 5219 beati
1969 5167 2145 5220 Joan-

485 5260 582 5315 nis
614 5257 1022 5328 Chrysostomi
1053 5270 1164 5310 suo
1211 5253 1452 5323 ingenio
1503 5251 1937 5319 abbreviasset,
1969 5251 2144 5325 quid-

483 5347 631 5421 quid
652 5362 763 5420 pro
789 5345 1132 5402 Latinorum
1162 5343 1420 5400 Ecclesia
1440 5342 1634 5398 facere
1667 5340 2005 5412 videbatur,
2037 5346 2142 5401 aut

558 5503 604 5537 ’θ
634 5501 810 5558 Joan.
837 5515 958 5569 xxi,
991 5499 1078 5554 l7.
1157 5499 1206 5534 ³ο
1237 5495 1385 5554 Ibid.
1417 5499 1510 5555 22.
1586 5496 1628 5532 "
1664 5494 1862 5553 Matth.
1891 5512 2007 5566 xw,
2041 5498 2127 5553 l9.

555 5645 670 5730 (16)
713 5645 902 5703 Locus
930 5643 1268 5717 corruptus.

2269 518 2635 575 intellectum
2664 520 2950 592 corrupit.
2991 522 3382 578 Inveniuntur
3412 527 3614 578 tamen
3643 523 3923 595 qutedam

2270 607 2586 678 originalia
2637 608 3046 680 Chrysostomi
3101 610 3302 667 adhuc
3333 610 3517 668 illaesa
3550 611 3613 667 in
3652 612 3922 668 armariis

2269 698 2774 754 monasteriorum
2815 702 3178 758 GNBCOI‘IJID.

2343 785 2487 841 Item
2519 787 2704 843 Graeci
2730 787 2792 842 in
2823 787 3020 844 officio
3053 805 3162 844 suo
3207 788 3282 844 de
3338 789 3622 862 apostolis
3670 791 3842 846 Petro
3869 794 3924 848 et

2269 875 2451 931 Paulo
2479 875 2619 932 talia
2648 881 2960 944 testantur,
2994 877 3236 934 cuilibet
3282 877 3525 934 laudem
3580 883 3918 936 cantantes:

2271 986 2297 1014 ‹‹
2333 964 2522 1030 Petro,
2573 964 2676 1036 qui
2719 965 2894 1021 divisi
2954 971 3094 1022 sunt
3127 982 3376 1038 corpore
3407 969 3545 1038 (16),
3588 969 3736 1023 uniti
3788 973 3925 1025 sunt

2272 1053 2504 1125 spiritu.
2533 1055 2880 1110 Divinorum
2906 1055 3367 1126 praedicatorum
3398 1057 3788 1128 praepositos;
3822 1061 3924 1114 Pe-

2272 1146 2429 1198 trum
2454 1143 2700 1215 quidem
2751 1149 3041 1216 tanquam
3091 1145 3503 1218 apostolorum
3557 1146 3921 1219 principem;

2271 1231 2523 1287 Paulum
2563 1247 2705 1288 vero
2736 1236 3031 1305 tanquam
3061 1248 3183 1305 prie
3214 1235 3442 1290 caeteris
3462 1233 3865 1293 laborantem.
3899 1258 3920 1285 ι

2342 1323 2486 1376 Item
2519 1323 2806 1377 Dominus
2826 1321 2888 1377 in
2916 1321 3238 1393 Evangelio
3268 1322 3344 1379 de
3370 1323 3574 1379 Petro:
3618 1325 3705 1379 Tu
3749 1341 3925 1381 voca-

2273 1409 2424 1466 beris
2455 1411 2769 1482 Cephas",
2811 1411 2978 1484 quod
3030 1411 3092 1466 in
3157 1412 3362 1468 Latino
3417 1413 3719 1469 redditum
3751 1419 3926 1472 sonat

2271 1506 2492 1570 caput;
2529 1505 2592 1556 ut
2612 1517 2685 1556 ex
2712 1499 2846 1572 ipsa
2885 1499 3272 1573 impositione
3309 1502 3574 1558 nominis
3619 1510 3799 1573 caput
3825 1507 3928 1560 Ec-

2272 1589 2464 1645 clesiae
2493 1589 2778 1645 eumdem
2820 1589 3282 1646 demonstraret.
3318 1591 3488 1657 Quod
3528 1593 3680 1648 sacri
3714 1597 3927 1649 tracta-

2269 1682 2428 1735 tores
2448 1677 2593 1734 ﬁdei
2612 1677 3087 1746 considerantes,
3105 1678 3453 1751 ubicunque
3473 1680 3549 1736 de
3569 1684 3735 1738 Petro
3759 1698 3926 1739 men-

2271 1770 2496 1826 tionem
2528 1769 2796 1841 aliquam
2821 1768 3110 1838 fecerunt,
3157 1778 3436 1844 κορυφαῖον
3471 1780 3569 1823 τῶν
3601 1769 3925 1843 ἀποστόλων,

2269 1859 2333 1916 id
2362 1866 2471 1929 est,
2495 1857 2786 1932 caputvel
2803 1859 3080 1916 verticem
3102 1859 3532 1932 apostolorum,
3560 1860 3654 1918 vel
3693 1862 3927 1936 apicem

2269 1949 2750 2005 nominaverunt.
2783 1949 2971 2014 Quam
2991 1949 3455 2021 praerogativam
3484 1951 3747 2007 nominis
3776 1967 3931 2010 nun-

2267 2054 2456 2111 quam
2485 2038 2628 2095 alibi
2647 2038 3153 2110 legi.Quanquam
3174 2041 3504 2096 Germanus
3536 2043 3808 2097 Nicaenus
3837 2058 3930 2098 ar-

2267 2128 2704 2200 chiepiscopus,
2755 2127 2866 2182 iste
2919 2127 3163 2198 scilicet,
3215 2127 3320 2200 qui
3364 2145 3558 2202 nuper
3608 2130 3927 2187 defunctus

2264 2221 2372 2285 est,
2404 2216 2464 2271 in
2487 2215 2858 2288 quibusdam
2890 2216 3014 2270 suis
3047 2215 3276 2280 litteris,
3318 2234 3473 2290 quas
3529 2225 3738 2275 contra
3770 2220 3928 2276 Lati-

2261 2322 2480 2363 norum
2499 2305 2686 2361 fidem
2727 2321 2923 2378 nuper
2971 2306 3318 2375 transmisit,
3369 2308 3552 2365 etiam
3582 2309 3927 2382 apostolum

2259 2395 2509 2452 Paulum
2534 2401 2814 2470 κορυφαῖον
2862 2402 2963 2445 τῶν
3015 2393 3316 2448 ἀποστόλων
3364 2398 3720 2455 nominavit.
3769 2399 3926 2465 Quia

2258 2490 2460 2542 autem
2485 2483 2736 2556 quidam
2769 2484 3119 2542 Grecorum
3136 2485 3456 2557 episcopus
3488 2503 3807 2561 nunquam
3839 2493 3925 2546 ta-

2255 2574 2373 2630 lem
2403 2572 2760 2629 abusionem
2792 2588 2854 2627 se
2881 2571 3181 2628 audivisse
3238 2577 3488 2630 testatus
3519 2581 3625 2647 est,
3659 2577 3821 2632 unde
3851 2581 3911 2633 et

2254 2662 2460 2719 derisit
2494 2662 2825 2720 hominem.
2872 2660 2986 2718 Sed
3011 2666 3158 2718 esto.
3191 2661 3341 2726 Quid
3368 2662 3446 2718 ad
3465 2679 3592 2719 rem
3621 2665 3648 2719 ‘2
3695 2668 3914 2722 Roma-

2255 2768 2370 2808 nus
2399 2767 2667 2824 namque
2689 2749 2974 2823 pontifex,
3004 2766 3127 2806 non
3152 2750 3348 2806 solum
3380 2751 3555 2822 Petri,
3584 2753 3690 2809 sed
3725 2756 3917 2812 etiam

2256 2841 2420 2898 Pauli
2469 2841 2687 2896 meruit
2741 2855 2874 2895 esse
2927 2855 3255 2894 successor.
3320 2844 3482 2896 Petro
3529 2841 3816 2897 successit
3851 2844 3917 2899 in

2257 2934 2548 3004 potestate
2577 2929 2857 2998 clavium,
2886 2927 3068 2983 Paulo
3088 2927 3150 2982 in
3170 2926 3541 2984 discussione
3564 2945 3910 2987 causarum.

2260 3023 2408 3076 Nam
2435 3020 2589 3074 sicut
2609 3021 2812 3073 Petrus
2843 3016 3258 3073 auctoritatem
3304 3015 3531 3086 ligandi
3579 3023 3759 3091 atque
3791 3020 3907 3076 sol-

2257 3107 2438 3164 vendi
2495 3107 2722 3178 accepit
2791 3122 2829 3162 a
2899 3104 3173 3172 Domino,
3237 3105 3320 3161 ita
3374 3106 3591 3162 Paulus
3652 3108 3902 3164 scientiae

2209 3203 2220 3220 ‘
2257 3196 2713 3269 plenitudinem.
2757 3197 2822 3250 Et
2849 3194 2984 3249 licet
3031 3209 3244 3249 omnes
3292 3195 3550 3266 apostoli
3595 3196 3821 3266 ligandi
3855 3201 3913 3253 et

2258 3285 2528 3342 solvendi
2557 3285 2756 3340 claves
2783 3300 2819 3339 a
2852 3283 3104 3338 Domino
3136 3285 3524 3356 susceperint,
3571 3284 3762 3340 nullus
3819 3289 3909 3340 ta-

2257 3390 2397 3430 men
2427 3373 2811 3446 plenitudinis
2839 3377 3200 3444 potestatem
3237 3373 3351 3429 sibi
3391 3374 3594 3446 aliquo
3638 3377 3912 3446 tempore

2259 3463 2602 3520 vindicavit.
2636 3465 2783 3519 Sunt
2807 3477 2948 3516 vero
2993 3461 3191 3516 vocati
3223 3461 3286 3516 in
3338 3468 3569 3535 partem
3621 3462 3913 3520 sollicitu-

2251 3552 2433 3620 dinis,
2462 3551 2616 3608 sicut
2643 3549 3079 3622 archiepiscopi
3109 3567 3146 3606 a
3171 3565 3352 3622 papa,
3386 3552 3653 3624 episcopi
3684 3551 3764 3608 ab
3812 3568 3910 3609 ar-

2251 3641 2668 3714 chiepiscopis,
2718 3645 2776 3696 et
2817 3639 2895 3695 ab
2961 3639 3259 3711 epiSCOpis
3313 3641 3674 3696 sacerdotes.
3740 3642 3912 3698 Unde

2250 3731 2474 3788 factum
2492 3734 2601 3797 est,
2636 3733 2699 3785 ut
2729 3744 3109 3784 successores
3162 3728 3416 3784 aliorum
3465 3729 3910 3801 apostolorum,

2249 3835 2374 3876 non
2401 3819 2624 3874 summi
2653 3816 2988 3890 pontifices,
3011 3815 3114 3871 sed
3147 3817 3627 3888 archiprzesules,
3677 3818 3771 3873 vel
3809 3834 3914 3875 ar-

2252 3907 2619 3981 chiepiscopi
2648 3907 3410 3976 nuncupentur.Romanus
3441 3922 3584 3962 vero
3614 3907 3913 3978 pontifex,

2252 3999 2396 4071 quia
2417 3999 2610 4066 Petro,
2641 3997 2702 4052 id
2755 4001 2863 4064 est,
2914 3994 3122 4050 Christi
3155 3994 3378 4050 vicario
3435 3997 3740 4065 successit,
3782 4014 3918 4054 non

2251 4089 2548 4144 immerito
2570 4102 2845 4142 summus
2873 4085 3143 4157 pontifex
3173 4089 3229 4140 et
3255 4101 3434 4157 papa,
3465 4085 3580 4143 hoc
3602 4091 3710 4156 est,
3737 4091 3920 4145 Pater

2250 4182 2528 4245 Patrum,
2563 4176 2940 4248 singulariter
2965 4181 3374 4248 nuncupatur.

2323 4270 2590 4325 Aliorum
2616 4269 2794 4324 etiam
2815 4267 3089 4323 locorum
3106 4267 3394 4340 episcopi,
3427 4269 3487 4324 in
3516 4269 3740 4342 quibus
3773 4270 3914 4344 ipse

2251 4358 2643 4433 personaliter
2673 4357 2925 4430 praefuit,
2977 4361 3041 4413 ut
3091 4358 3438 4427 Antiochiae,
3470 4359 3561 4414 vel
3609 4359 3688 4415 ad
3717 4376 3916 4433 quam

2252 4448 2541 4505 vicarium
2571 4462 2747 4502 suum
2787 4445 2967 4512 misit,
3017 4449 3083 4502 ut
3119 4447 3381 4500 Marcum
3431 4447 3830 4517 Alexandriae,
3856 4456 3919 4507 et

2251 4539 2392 4594 item
2418 4539 2700 4592 Caesareae
2734 4533 3085 4602 Palaestinae,
3107 4534 3210 4590 ubi
3241 4535 3561 4592 concilium
3582 4537 3914 4607 ordinavit,

2252 4632 2310 4684 et
2347 4627 2397 4683 ei
2423 4625 2583 4681 vices
2632 4640 2773 4680 suas
2821 4623 3141 4691 commisit,
3171 4629 3416 4697 propter
3446 4626 3600 4682 Petri
3623 4643 3914 4684 reveren-

2251 4717 2399 4772 tiam
2431 4714 2734 4784 singulare
2765 4712 3142 4784 privilegium
3170 4717 3227 4768 et
3279 4713 3599 4783 dignitates
3642 4731 3767 4788 prte
3799 4733 3918 4774 ca:-

2251 4807 2390 4863 teris
2413 4803 2682 4860 Ecclesiis
2706 4807 3070 4871 meruerunt,
3099 4807 3164 4857 ut
3187 4801 3481 4859 dictarum
3506 4803 3918 4864 Ecclesiarum

2253 4893 2541 4968 episcopi,
2560 4908 2684 4949 non
2701 4891 2896 4947 solum
2915 4891 3184 4962 episcopi
3199 4891 3294 4946 vel
3320 4892 3778 4966 archiepiscopi,
3803 4895 3918 4952 sed

2253 4982 2630 5058 patriarchae,
2655 4982 2770 5036 hoc
2792 4985 2897 5049 est,
2943 4979 3242 5051 principes
3300 4983 3561 5052 Patrum,
3625 4982 3720 5038 vel
3750 4985 3922 5056 prin-

2255 5074 2503 5147 cipales,
2531 5070 2918 5144 appropriato
2947 5069 3266 5137 vocabulo,
3300 5086 3336 5128 a
3365 5072 3593 5128 cunctis
3623 5073 3919 5131 nomina-

2253 5169 2477 5220 rentur.

2329 5253 2386 5309 Si
2409 5266 2550 5307 vero
2576 5248 2883 5322 quaeritur,
2911 5248 3075 5304 Unde
3132 5264 3275 5319 ergo
3299 5249 3631 5308 Jerusalem
3675 5257 3733 5309 et
3765 5254 3927 5311 Con-

2255 5339 2674 5414 stantinopolis
2691 5338 2916 5397 habent
2945 5337 3351 5412 patriarcham
3373 5341 3401 5396 ?
3433 5340 3885 5414 respondemus
3907 5363 3922 5402 :

2205 5498 2251 5533 ²²
2282 5497 2454 5553 Joan.
2488 5510 2528 5563 1,
2559 5494 2654 5550 42.
