4134 6382
231 332 334 386 529

1627 326 1905 383 CONTRA
1949 325 2261 382 GRIECOS.

3547 319 3654 374 530

227 456 292 510 In
330 451 534 525 primo
561 449 821 521 generali
850 449 1120 521 concilio,
1147 449 1352 506 Patres
1383 449 1592 521 sancti,
1626 449 1732 522 qui
1754 450 1890 507 ade-
1920 454 1965 506 A
1997 449 2298 522 praedictae
2329 447 2584 504 civitatis
2623 446 2928 520 episcopo,
2983 444 3205 519 petenti
3243 444 3650 502 conﬁrmatio-

226 546 382 609 rant,
407 540 858 598 considerantes
885 540 1000 595 loci
1029 539 1444 605 reverentiam,
1463 543 1538 596 de
1557 539 1888 596 Jerusalem

226 633 467 698 scilicet,
496 646 686 704 quam
715 629 1078 702 Redemptor
1126 629 1400 686 omnium
1430 646 1541 687 sua
1569 630 1888 702 praesentia

227 726 283 779 et
335 736 448 777 suo
501 734 715 776 cruore
755 718 1027 792 piissime
1061 719 1344 790 dignatus
1381 723 1470 775 est
1508 733 1882 783 consecrare,

224 813 522 870 honorem
593 808 962 880 hujusmodi,
1023 814 1080 866 et
1121 809 1559 882 patriarchatus
1585 809 1886 881 ejusmodi

224 901 340 958 loci
367 900 654 973 episcopo
679 897 1088 970 dispensative
1109 904 1552 956 concesserunt.
1601 899 1884 956 Dixerunt

229 991 432 1047 enim:
479 1011 507 1039 ‹‹
550 989 899 1054 Statuimus,
951 991 1016 1044 ut
1061 987 1220 1044 IEliee
1268 975 1588 1061 episcopus
1639 993 1883 1061 propter

225 1077 616 1136 reverentiam
676 1076 928 1148 Domini,
962 1077 1480 1149 praeeminentiam
1524 1077 1615 1133 vel
1657 1092 1880 1150 praero-

234 1169 485 1240 gativam
546 1166 840 1222 honorem
900 1165 1342 1237 patriarchatus
1395 1165 1655 1222 habeat:
1713 1165 1880 1224 salvo

222 1259 358 1328 jure
419 1261 474 1311 et
537 1254 868 1310 reverentia
934 1255 1302 1327 metropolis,
1362 1277 1389 1306 »
1447 1255 1562 1312 hoc
1622 1259 1731 1322 est,
1783 1271 1879 1312 ar-

222 1344 596 1418 chiepiscopi
638 1341 966 1398 Palaestinae
999 1345 1305 1399 Caesarem.
1347 1343 1520 1408 Quod
1569 1342 1706 1399 ideo
1753 1343 1877 1400 fac-

221 1439 352 1491 tum
418 1438 529 1502 est,
592 1433 738 1505 quia
810 1431 1116 1488 Cornelius
1177 1432 1466 1498 centurio,
1513 1432 1664 1488 sicut
1724 1433 1876 1490 dixi-

218 1540 379 1590 mus,
410 1538 448 1578 a
473 1525 640 1578 Petro
671 1520 947 1593 apostolo
977 1520 1538 1593 episcopusibidem
1562 1521 1876 1578 ordinatus

216 1612 380 1667 vices
404 1611 598 1681 ipsius
627 1609 886 1681 apostoli
915 1609 1327 1681 apostolorum
1357 1610 1644 1683 principis
1674 1609 1733 1666 in
1756 1611 1876 1667 vita

217 1717 332 1757 sua
365 1699 632 1770 gerebat.
666 1697 972 1754 Distinctio
1003 1699 1381 1769 sexagesima
1425 1700 1637 1771 quinta
1663 1700 1746 1756 ita
1773 1699 1877 1757 ha-

1997 555 2139 596 nem
2169 555 2293 596 suae
2343 536 2670 609 dignitatis,
2702 539 2757 593 et
2785 535 3058 609 querenti
3105 535 3179 591 de
3219 534 3432 605 legatis
3484 534 3647 590 sedis

1997 627 2360 702 apostolicae,
2391 642 2462 683 eo
2486 625 2654 699 quod
2682 640 2807 681 non
2854 629 3290 682 consenserunt
3342 623 3646 695 praedicta:

1994 717 2375 783 ordinationi,
2406 716 2487 773 ita
2515 715 2656 772 dicit
2688 733 2700 770 :
2735 736 2764 765 ‹‹
2796 714 2912 772 Sed
2961 714 3341 786 temetipsum
3373 728 3644 778 accusas,

1993 807 2163 880 quod
2215 807 2299 864 eis
2339 805 2594 878 (legatis)
2644 819 2856 877 parere
2910 803 3193 868 nolueris,
3256 803 3404 858 dum
3445 801 3649 858 illicita

1991 896 2255 962 moliris;
2303 894 2606 968 superﬂue
2660 909 2786 950 non
2825 891 3214 950 concedenda
3256 895 3546 963 appetens
3590 896 3649 948 et

1989 985 2372 1043 insalubriter
2400 982 2694 1040 contraria
2736 981 3196 1055 concupiscens,
3229 996 3364 1053 quae.
3411 979 3644 1036 nullum

1989 1091 2263 1149 unquam
2293 1076 2615 1148 potuerunt
2636 1071 3214 1128 nostrum‘obtinere
3245 1085 3634 1126 consensum.

1988 1165 2156 1221 Absit
2181 1165 2339 1221 enim
2371 1180 2408 1220 a
2437 1161 2801 1220 conscientia
2838 1177 2995 1230 mea,
3027 1165 3093 1218 ut
3118 1165 3241 1217 tam
3261 1175 3454 1233 prava
3480 1158 3644 1231 cupi-

1988 1255 2145 1313 ditas
2187 1255 2336 1312 meis
2381 1253 2593 1311 studiis
2641 1251 2983 1322 adjuvetur,
3011 1273 3040 1301 »
3085 1253 3194 1307 etc.
3246 1250 3382 1306 Hzee
3433 1251 3643 1308 autem

1988 1347 2210 1420 scripta
2231 1345 2442 1403 suntin
2470 1344 2652 1416 gestis
2675 1341 2875 1416 quarti
2892 1341 3146 1412 concilii,
3172 1340 3249 1397 de
3265 1357 3387 1414 quo
3409 1340 3641 1414 praefati

1989 1453 2224 1492 sumus.

2058 1525 2172 1582 Sed
2189 1524 2506 1593 Gregorius
2525 1521 2806 1592 Dialogus
2818 1521 3172 1594 episcopum
3189 1518 3460 1589 ejusdem
3473 1519 3640 1575 urbis

1985 1612 2534 1684 Eleemosynarium
2546 1610 3012 1683 reprehendens,
3026 1623 3097 1664 eo
3108 1606 3276 1680 quod
3290 1606 3403 1663 tale
3415 1622 3639 1664 nomen

1984 1702 2206 1759 habere
2237 1700 2710 1775 praesumpserit,
2741 1698 2823 1754 ita
2851 1697 3055 1753 scribit
3076 1697 3136 1751 in
3167 1712 3276 1751 suo
3321 1696 3588 1766 Registro
3621 1713 3634 1752 :

212 1791 333 1860 bet,
369 1804 558 1862 quam
591 1803 726 1843 mos
759 1787 1045 1861 antiquus
1075 1792 1131 1843 et
1159 1793 1397 1844 vetusta
1427 1787 1664 1844 traditio
1715 1789 1874 1846 obti-
1902 1804 1947 1858 Β
1985 1816 2012 1844 ‹‹
2048 1793 2216 1865 Papa
2235 1791 2486 1864 insuper
2527 1793 2835 1845 Romanus
2864 1803 3003 1843 cum
3041 1785 3311 1842 oblatum
3342 1789 3494 1842 esset
3517 1785 3571 1840 ei
3601 1801 3637 1842 a

211 1879 367 1948 nuit,
395 1882 462 1933 ut
507 1875 776 1943 Ailiae,id
819 1881 927 1943 est,
978 1877 1302 1932 Jerusalem
1345 1877 1629 1948 episcopo
1679 1877 1876 1934 honor

211 1969 542 2036 deferatur,
597 1965 822 2022 habeat
885 1970 1322 2038 consequenter
1366 1966 1683 2034 honorem,
1744 1983 1872 2022 ma-

209 2063 393 2113 nente
436 2060 644 2112 tamen
675 2053 1153 2126 metropolitanze
1199 2054 1448 2110 civitatis
1494 2055 1742 2128 propria
1786 2055 1873 2112 di-

212 2148 460 2218 gnitate.

283 2232 836 2306 Constantinopolis
850 2233 1136 2303 «proprie
1147 2233 1338 2289 sedem
1359 2252 1465 2288 non
1477 2234 1654 2290 habet
1679 2253 1692 2302 ;
1714 2256 1742 2284 »
1767 2235 1872 2291 sed

211 2322 589 2380 Theodosius
628 2321 955 2392 imperator
980 2321 1043 2375 in
1075 2320 1344 2376 secundo
1373 2322 1625 2377 concilio
1681 2324 1875 2394 coegit

213 2417 458 2468 rentum
481 2410 926 2483 quinquaginta
955 2413 1175 2478 Patres,
1209 2409 1366 2466 clam
1394 2427 1634 2468 summo
1685 2412 1874 2468 Ponti-

210 2502 344 2573 ﬁce,
390 2501 518 2557 sine
570 2499 744 2570 cujus
789 2514 1092 2554 consensu
1120 2498 1246 2554 ﬁeri
1276 2515 1400 2556 non
1451 2500 1664 2571 potuit,
1695 2505 1874 2572 prout

199 2590 540 2660 legentibus
571 2589 736 2644 hunc
763 2587 1030 2644 libellum
1066 2588 1308 2659 patebit,
1354 2593 1420 2644 ut
1455 2590 1872 2646 Constantino-

199 2680 358 2753 polis
389 2679 594 2735 sedem
629 2677 1043 2738 sublimarent,
1077 2692 1301 2732 nomen
1332 2677 1384 2733 ei
1429 2677 1870 2750 patriarchatus

201 2770 620 2835 attribuentes,
660 2767 828 2840 quod
881 2772 1018 2822 ante
1068 2782 1191 2822 non
1247 2767 1532 2823 habebat.
1587 2771 1870 2825 Processu

196 2874 344 2913 vero
378 2857 688 2928 temporis,
713 2862 1016 2911 crescente
1045 2859 1379 2912 Graecorum
1409 2856 1657 2926 malitia,
1690 2862 1746 2913 et
1766 2873 1869 2929 po-

191 2947 392 3003 tentia
423 2945 842 3009 invaleseente,
897 2946 1122 3012 Patres,
1179 2946 1280 3016 qui
1343 2951 1750 3002 convenerant
1805 2945 1866 3002 in

192 3039 426 3106 quarto
457 3031 718 3098 concilio,
745 3049 930 3088 suasu
952 3033 1237 3106 principis
1261 3034 1551 3103 Martiani,
1579 3034 1864 3107 quaedam

1984 1881 2250 1938 conciliis
2271 1895 2496 1936 nomen
2516 1878 2682 1944 illud,
2706 1891 3026 1949 nunquam
3047 1875 3232 1931 voluit
3258 1873 3579 1945 suscipere:
3607 1897 3634 1924 ››

1983 1974 2050 2028 Et
2105 1975 2242 2044 post
2269 1985 2507 2044 pauca:
2544 1991 2572 2020 ‹‹
2608 1967 2888 2036 Sufficiet,
2920 1965 3136 2038 inquit,
3195 1964 3321 2032 tibi,
3357 1964 3523 2036 quod
3553 1964 3640 2020 di-

1981 2061 2272 2131 gnitatem
2303 2057 2781 2131 patriarcharum
2829 2055 3110 2112 dedimus
3151 2053 3280 2122 tibi,
3340 2069 3479 2108 cum
3514 2068 3638 2109 non

1979 2149 2207 2206 habeas
2256 2149 2483 2204 sedem.
2515 2165 2545 2200 ›
2581 2146 2795 2204 Sedem
2823 2147 3000 2201 vocat
3051 2142 3461 2200 auctoritatem
3491 2143 3638 2198 Petri

1979 2238 2289 2293 videlicet:
2335 2237 2538 2292 locum
2568 2251 2751 2308 quem
2785 2248 2886 2306 per
2914 2248 2996 2298 se,
3021 2231 3115 2287 vel
3144 2247 3252 2304 per
3281 2230 3466 2286 alium
3490 2246 3638 2302 prae-

1983 2327 2240 2382 sidendo
2288 2324 2770 2382 auctorisabilem
2805 2329 2862 2378 et
2914 2320 3306 2378 reverendum
3355 2319 3635 2386 reddidit,

1982 2421 2046 2472 ut
2071 2415 2283 2471 merito
2315 2414 2491 2472 sedes
2522 2412 2858 2487 apostolica
2877 2409 3239 2466 nominetur.
3267 2411 3385 2466 Hoc
3402 2424 3641 2480 semper

1983 2503 2528 2576 Constantinopolis
2565 2501 2820 2559 curavit.
2874 2502 3117 2572 Propter
3162 2497 3331 2572 quod
3383 2502 3441 2553 et
3484 2497 3637 2554 inter

1982 2593 2155 2649 sedes
2185 2592 2547 2665 apostolicas
2572 2607 2696 2647 non
2721 2593 3073 2646 numeratur
3104 2587 3198 2643 vel
3229 2591 3635 2659 computatur.

2057 2681 2222 2736 Unde
2256 2684 2366 2736 l.eo
2414 2695 2579 2754 papa
2608 2680 2670 2734 in
2727 2695 2780 2734 IV
2835 2677 3089 2734 concilio
3143 2675 3223 2731 ad
3284 2674 3636 2732 Martianum

1981 2769 2428 2841 imperatorem,
2458 2769 2533 2824 de
2554 2766 2848 2832 Anatolio,
2879 2765 3140 2837 przefatae
3163 2763 3329 2818 urbis
3350 2763 3637 2834 episcopo

1983 2864 2204 2914 temere
2231 2863 2558 2931 usurpante
2580 2858 2680 2928 jus
2705 2871 2829 2912 non
2851 2855 2965 2910 sibi
2983 2869 3365 2922 concessum,
3392 2853 3476 2908 ita
3498 2853 3635 2907 scri-

1981 2948 2110 3004 bit:
2151 2971 2171 2997 ι
2209 2948 2474 3005 Sufﬁciat
2519 2945 2825 3019 praedicto,
2861 2944 3084 3000 scilicet
3125 2941 3422 3008 Anatolio,
3470 2941 3638 3014 quod

1982 3042 2098 3094 tua;
2145 3038 2383 3110 pietatis
2435 3035 2658 3093 auxilio
2683 3040 2739 3091 et
2803 3032 3002 3089 studio
3052 3048 3157 3088 seu
3215 3030 3634 3094 sollicitudine,

198 3120 517 3195 privilegia
550 3123 827 3178 Romanae
879 3123 1041 3178 sedis
1094 3123 1337 3192 similia,
1389 3128 1445 3179 et
1493 3124 1606 3179 hoc
1641 3140 1861 3180 nomen
1909 3155 1948 3209 ρ
1980 3133 2188 3183 nostro
2221 3142 2475 3183 assensu
2518 3129 2696 3181 tantae
2745 3122 2996 3178 civitatis
3043 3120 3456 3192 episcopatum
3489 3119 3635 3175 obti-

200 3211 554 3282 οἰκονμενικὸς
605 3211 968 3282 patriarcha,
1017 3211 1183 3284 quod
1238 3217 1430 3274 sonat,
1481 3213 1858 3280 orbicularis,

199 3301 324 3356 sive
341 3300 691 3356 universalis
711 3300 1071 3368 patriarcha,
1098 3301 1291 3357 eidem
1316 3303 1863 3374 Constantinopoli-

199 3395 340 3446 tano
363 3390 672 3462 episcopo,
703 3390 1256 3446 contradicentibus
1312 3391 1657 3462 apostolicae
1703 3393 1860 3448 sedis

195 3479 427 3549 legatis,
476 3479 876 3535 contulerunt.
937 3481 1022 3541 Et,
1094 3483 1156 3535 ut
1195 3479 1420 3535 habeat
1468 3481 1732 3552 primum
1773 3481 1859 3537 lo-

199 3585 335 3624 cum
350 3573 489 3640 post
504 3584 727 3639 papam
747 3583 912 3622 :cum
930 3567 1362 3623 Alexandrinus
1375 3569 1862 3642 archiepiscopus

198 3659 481 3730 primitus
513 3673 650 3712 eam
682 3656 1039 3727 dignitatem
1089 3656 1388 3726 habuerit,
1442 3659 1502 3714 in
1553 3660 1769 3730 primo,
1805 3666 1860 3716 et

197 3746 493 3814 secundo,
530 3751 586 3802 et
635 3746 808 3801 tertio
839 3746 1117 3813 concilio,
1168 3752 1412 3818 propter
1461 3749 1858 3806 reverentiam

194 3835 359 3890 beati
411 3835 606 3900 Marci,
654 3833 934 3905 discipuli
977 3833 1135 3890 beati
1183 3836 1355 3892 Petri.
1434 3839 1857 3893 Verumtamen

196 3924 348 3995 quia
372 3938 444 3978 ea
481 3923 925 3978 deﬁniebantur
951 3923 1011 3977 in
1062 3924 1326 3979 conciliis
1378 3925 1504 3980 sine
1559 3942 1857 3982 consensu

195 4026 402 4082 papae,
436 4010 525 4066 vel
549 4011 886 4082 legatorum
917 4010 1127 4082 ipsius,
1173 4013 1358 4068 robur
1395 4013 1694 4069 ﬁrmitatis
1752 4015 1858 4072 ha.

196 4099 344 4154 bere
370 4114 489 4154 non
518 4103 814 4172 poterant,
848 4099 987 4155 dicti
1028 4103 1226 4156 Patres
1257 4117 1306 4155 ιν
1354 4101 1589 4157 concilii
1615 4109 1852 4171 cuneta,

191 4204 334 4260 quae
366 4193 628 4258 egerant,
663 4187 743 4245 ad
769 4188 969 4260 ipsum
1001 4190 1486 4250 transmittentes.
1515 4197 1724 4263 petunt
1747 4193 1854 4248 hu-

192 4278 411 4333 militer
441 4279 797 4334 eorumdem
827 4278 1370 4335 conﬁrmationem.
1405 4281 1519 4336 Sed
1544 4281 1687 4353 quia
1741 4281 1856 4338 tale

192 4367 544 4423 ambitionis
573 4383 796 4423 nomen
809 4372 865 4422 et
885 4372 1238 4439 potestatem
1255 4373 1608 4441 usurpatam
1628 4371 1856 4428 indebi-

193 4461 268 4521 te,
303 4471 431 4511 non
454 4457 581 4511 sine
601 4472 825 4526 magna
844 4456 1064 4526 injuria
1085 4456 1342 4513 aliorum
1372 4459 1855 4530 patriarcharum

188 4551 250 4600 et
269 4546 536 4600 maxime
562 4545 874 4618 papte,sibi
892 4551 1325 4614 arrogaverunt
1341 4547 1544 4611 Graeci;
1561 4549 1697 4606 ideo
1719 4549 1858 4607 bea-

185 4639 293 4691 tus
325 4638 438 4690 Leo
469 4651 630 4712 papa
659 4635 924 4707 petitioni
952 4635 1186 4691 concilii
1227 4636 1392 4692 nullo
1422 4639 1604 4695 modo
1658 4656 1860 4696 assen-

187 4740 336 4780 sum
356 4724 622 4795 praebere
641 4724 846 4789 voluit,
870 4723 977 4780 sed
995 4725 1229 4796 scripsit
1244 4725 1326 4781 eis
1341 4726 1425 4781 sic
1443 4729 1557 4798 (17)
1579 4749 1638 4789 ;‹‹
1660 4729 1740 4784 De
1760 4745 1859 4786 ne-

185 4813 372 4882 gotiis
403 4812 542 4868 tidei
573 4812 878 4884 synodum
900 4813 1254 4883 congregari
1283 4815 1686 4886 permisimus,
1713 4825 1769 4874 et
1798 4821 1862 4874 ut

181 4907 544 4956 sanctorum
579 4903 823 4957 Patrum
850 4917 1117 4957 canones
1153 4909 1602 4971 conserventur,
1635 4922 1771 4978 quae
1801 4906 1859 4962 in

179 4991 429 5048 Niczena
463 4989 700 5061 synodo
729 4989 1102 5046 inconcussis
1131 4989 1520 5060 dogmatibus
1551 4995 1709 5052 edita
1737 4995 1855 5051 fue-

175 5084 348 5136 runt.
387 5080 789 5151 Quapropter,
823 5080 1098 5151 inquam,
1134 5083 1610 5139 consideratione
1645 5091 1856 5141 vestrae

179 5168 525 5224 sanctitatis
559 5168 891 5234 innotesco,
924 5169 1088 5241 quod
1117 5170 1536 5237 Ecclesiarum,
1571 5181 1749 5245 prout
1779 5174 1858 5230 ab

178 5257 298 5314 illis
350 5257 633 5312 trecentis
681 5257 890 5312 decem
953 5262 1008 5313 et
1055 5263 1190 5314 octo
1250 5260 1525 5316 Patribus
1574 5261 1859 5319 divinitus

179 5345 502 5418 inspiratis
533 5345 693 5401 edita
724 5352 884 5411 sunt,
917 5345 1199 5403 volumus
1233 5353 1296 5403 ut
1329 5359 1760 5421 permaneant;
1794 5359 1860 5411 ut

181 5435 270 5492 nil
291 5433 710 5492 inverecunda
727 5434 977 5491 ambitio
998 5434 1320 5494 desideret.
1356 5460 1383 5489 »
1419 5440 1560 5497 lnde
1580 5441 1857 5500 Anatolio

260 5615 374 5690 (l7)
408 5615 472 5674 S.
503 5612 626 5672 Leo
657 5610 736 5672 ad
764 5611 1088 5672 concilium
1118 5627 1177 5670 iv

1977 3217 2105 3272 nuit
2130 3233 2142 3271 :
2172 3232 2282 3272 nec
2329 3215 2647 3285 indignum
2680 3229 2740 3268 se
2790 3213 2966 3269 faciat
2993 3209 3218 3266 habere
3257 3207 3521 3278 regalem
3552 3209 3633 3264 ci-

1973 3305 2256 3361 vitatem:
2294 3321 2481 3378 quam
2512 3303 2759 3376 quidem
2808 3299 3204 3373 apostolicum
3254 3298 3481 3367 locum,
3513 3297 3632 3353 sive

1974 3395 2177 3450 sedem
2213 3394 2404 3450 facere
2436 3409 2557 3448 non
2589 3391 2822 3465 poterit.
2870 3389 2986 3445 Sed
3043 3405 3154 3444 nec
3203 3387 3405 3458 aliquo
3444 3385 3630 3441 modo

1973 3489 2188 3554 speret,
2214 3483 2381 3555 quod
2401 3481 2764 3538 oliendendo
2787 3481 2954 3550 alios,
2981 3478 3173 3550 possit
3189 3477 3319 3548 ipse
3343 3491 3628 3531 crescere.

1971 3576 2121 3629 Nam
2139 3572 2545 3643 praerogativa:
2560 3571 2863 3626 honorum
2881 3573 3226 3622 sanctarum
3241 3564 3629 3620 ecclesiarum

1970 3663 2206 3717 Patrum
2229 3659 2587 3725 canonibus,
2609 3665 2663 3713 et
2686 3655 3041 3712 venerabilis
3065 3653 3280 3726 synodi
3306 3653 3512 3708 Nicaeae
3535 3667 3627 3706 ce-

1968 3749 2212 3806 lebratae
2239 3749 2508 3817 decretis,
2540 3747 2879 3815 constituta,
2928 3743 3094 3800 nulla
3139 3747 3394 3816 possunt
3441 3745 3625 3796 teme-

1967 3840 2156 3895 ritatis
2187 3837 2441 3894 audacia
2468 3837 2716 3904 moveri,
2739 3851 2850 3890 nec
2898 3833 3077 3890 etiam
3111 3832 3314 3904 aliqua
3362 3829 3625 3886 novitate

1971 3927 2206 3983 mutari.
2246 3951 2272 3976 »
2311 3927 2473 3983 Unde
2515 3927 2729 3982 beatus
2763 3923 3079 3993 Gregorius
3131 3920 3410 3989 Dialogus
3461 3918 3622 3985 dicit,

1967 4033 2106 4073 cum
2139 4017 2213 4072 de
2236 4016 2478 4072 sedibus
2512 4013 2893 4086 generalibus
2952 4011 3174 4067 faceret
3228 4008 3617 4072 mentionem,

1967 4107 2122 4163 sicut
2152 4121 2333 4179 supra
2356 4106 2416 4160 in
2441 4110 2692 4160 tractatu
2714 4103 2788 4158 de
2820 4103 3200 4158 sacramento
3238 4097 3622 4154 Eucharistiee

1965 4201 2276 4252 ostensum
2309 4200 2412 4258 est,
2443 4193 2762 4248 Ecclesium
2795 4195 3057 4262 quatuor
3085 4186 3401 4244 ordinibus
3425 4185 3622 4240 distri-

1964 4283 2175 4340 butam
2202 4299 2352 4350 esse,
2378 4283 2437 4338 id
2465 4289 2570 4346 est,
2597 4285 3025 4345 Romanorum,
3049 4275 3619 4347 Hierosolymorum,

1966 4371 2611 4441 Alexandrinorum,et
2665 4369 3176 4425 Antiochenorum
3221 4382 3232 4420 :
3286 4364 3391 4437 qui
3446 4378 3624 4434 gene-

1963 4462 2185 4526 raliter,
2210 4461 2482 4533 inquam,
2519 4460 2778 4515 Ecclesia
2822 4457 3185 4514 nominetur.

2040 4551 2140 4607 llic
2165 4566 2225 4606 se
2249 4549 2332 4606 sic
2352 4550 2739 4615 habentibus,
2772 4547 3032 4603 multum
3062 4544 3301 4600 videtur
3322 4542 3622 4615 oppositio

1965 4639 2375 4713 quorumdam
2420 4639 2766 4694 Latinorum
2811 4637 3126 4701 intirmari,
3181 4633 3348 4706 quod
3393 4633 3620 4695 dicunt,

1965 4729 2131 4803 quod
2161 4727 2536 4802 patriarchiae
2585 4727 2759 4782 dicite
2817 4731 2974 4795 sunt,
3029 4723 3175 4796 quia
3224 4723 3287 4779 in
3339 4722 3432 4778 his
3475 4721 3622 4778 locis

1964 4817 2220 4892 apostoli
2244 4816 2678 4890 praesederunt.
2699 4814 2814 4872 Sed
2840 4830 2932 4883 eo,
2951 4813 3116 4887 quod
3143 4812 3454 4884 apostolus
3473 4827 3624 4884 prie-

1967 4909 2141 4979 sidet,
2173 4907 2233 4964 id
2265 4911 2353 4963 est
2399 4910 2622 4975 Petrus,
2676 4905 2771 4961 vel
2801 4921 2908 4977 per
2939 4920 3022 4971 se,
3089 4903 3185 4958 vel
3241 4917 3420 4956 suum
3464 4902 3623 4958 vica-

1963 4999 2141 5062 rium,
2174 4996 2398 5054 valeret
2441 4996 2602 5069 quod
2655 4995 2890 5051 dicitur.
2945 4993 3002 5049 Si
3063 4990 3410 5063 simpliciter
3456 4989 3623 5046 intel-

1963 5088 2066 5159 ligi
2099 5087 2323 5154 volunt,
2354 5085 2665 5158 quomodo
2693 5088 2852 5139 stare
2892 5083 3084 5154 possit
3129 5095 3252 5135 non
3299 5079 3617 5134 videmus:

1963 5176 2254 5250 quoniam
2287 5181 2484 5232 essent
2513 5174 2734 5248 plures,
2759 5187 2944 5245 quam
2965 5171 3112 5226 haec.
3139 5171 3252 5224 Nec
3283 5167 3492 5223 omnia
3527 5182 3621 5222 su-

1963 5281 2076 5339 pra
2090 5265 2402 5323 nominata
2420 5264 2556 5320 loca
2575 5259 2981 5336 patriarcbali,
2999 5259 3226 5314 honore
3243 5261 3619 5314 ornarentur.

1963 5353 2174 5411 Nullus
2205 5353 2366 5409 enim
2401 5351 2819 5424 apostolorum
2868 5347 3043 5403 sedit.
3081 5344 3622 5418 Constantinopoli,

1965 5442 2059 5498 vel
2084 5441 2476 5509 Alexandrina,
2509 5440 2624 5497 nisi
2671 5438 2820 5496 Petri
2850 5435 3153 5509 dicipulus
3205 5439 3448 5493 sanctus
3479 5437 3628 5493 Mar-
