4132 6380
534 325 631 381 531

1754 317 2242 379 PANTALEONIS
2282 317 2571 377 DIACONI
2610 319 2721 375 ΟΡ.

3829 321 3922 375 532

532 464 658 505 cus.
691 448 850 505 Sedit
874 447 1034 503 enim
1064 446 1378 503 Mediolani
1404 446 1733 515 Barnabas,
1763 446 1985 502 electus
2042 461 2186 517 apo-
2215 447 2263 500 Α
2296 443 2563 508 tentiam,
2587 446 2914 515 antequam
2930 458 3003 499 ea
3020 457 3157 515 quas
3178 445 3345 511 gesta
3363 445 3524 507 sunt,
3547 457 3682 497 cum
3698 442 3926 498 veritate

533 539 718 593 stolus
749 537 1017 607 gentium
1039 553 1179 592 cum
1198 536 1375 592 beato
1399 535 1613 594 Paulo.
1632 540 1691 591 et
1711 535 1895 607 aliqui
1925 536 2001 590 de
2026 548 2180 604 apo-

533 625 696 681 stolis
746 626 1115 698 quibusdam
1160 623 1509 695 regionibus
1556 623 1888 696 specialiter
1932 621 2187 695 praefue-

529 720 690 771 runt.
726 715 838 770 Sed
872 715 921 770 si
968 714 1380 788 quorumdam
1413 712 1847 785 apostolorum,
1898 716 1956 767 et
2008 709 2183 767 disci-

527 804 814 876 pulorum
848 805 1084 861 Domini
1114 804 1299 860 sessio
1321 803 1542 859 faceret
1566 802 1770 857 sedem
1797 821 1808 857 :
1841 800 2183 857 necessario

530 896 707 961 esset,
741 892 895 949 sicut
945 893 1229 959 diximus,
1269 892 1437 964 quod
1483 894 1681 947 essent
1726 890 1950 963 plures,
1995 904 2182 961 quam

530 982 798 1055 quinque
829 982 1185 1054 patriarchae
1210 982 1271 1036 in
1302 980 1553 1036 mundo.
1607 979 1722 1036 Sed
1751 979 2042 1052 quoniam
2064 976 2182 1033 hoc

528 1086 653 1128 non
683 1071 973 1142 videmus,
1009 1060 1292 1143 sequitti'r,
1325 1068 1494 1141 quod
1524 1069 1719 1139 gratia
1758 1068 1910 1124 Petri
1962 1066 2181 1140 praedi-

529 1164 761 1216 ctarum
792 1160 1099 1216 civitatum
1129 1159 1304 1215 sedes
1334 1159 1631 1214 honorem
1658 1157 2015 1229 hujusmodi
2057 1170 2182 1228 pm

528 1249 755 1305 caeteris
792 1248 1065 1305 Ecclesiis
1120 1252 1497 1304 meruerunt.
1551 1246 1823 1320 Suscepit
1866 1246 2074 1301 Petrus
2120 1244 2179 1299 iu

525 1338 896 1411 plenitudine
920 1337 1255 1410 potestatis,
1273 1340 1330 1393 et
1344 1351 1481 1392 eam
1510 1337 1764 1409 posteris
1795 1336 1918 1391 suis
1948 1348 2183 1390 succes-

525 1428 653 1482 sivo
674 1428 807 1499 jure
837 1426 1102 1496 dimisit;
1133 1430 1199 1482 ut
1227 1426 1332 1499 qui
1362 1426 1425 1481 in
1453 1442 1525 1482 ea
1552 1425 1715 1494 sede,
1763 1440 1974 1498 quam,
2006 1427 2074 1479 ut
2098 1422 2183 1479 ita

522 1514 742 1587 dicam,
776 1516 1068 1589 martyrio
1095 1515 1290 1572 crucis
1347 1514 1724 1571 consecravit
1746 1530 1858 1587 pro
1903 1513 2177 1576 Domino,

519 1603 692 1677 isque
740 1606 1077 1662 secundum
1107 1619 1406 1661 canonem
1437 1604 1616 1660 fuerit
1664 1604 1910 1670 electus,
1969 1600 2181 1658 Christi

522 1694 779 1751 vicarius
807 1710 931 1751 non
962 1694 1264 1750 immerito
1289 1698 1711 1763 cognoscatur.
1753 1692 1925 1759 Quod
1970 1696 2038 1747 ut
2073 1705 2178 1746 ne-

2295 531 2641 600 audiamus,
2676 553 2704 582 »
2732 535 2844 587 etc.

2367 621 2531 677 Idem
2553 622 2667 676 Leo
2706 637 2870 693 papa
2891 621 3004 683 his,
3045 621 3148 693 qui
3174 621 3235 676 in
3258 619 3513 676 concilio
3561 618 3768 691 Ephesi
3796 619 3928 676 cele-

2292 708 2467 765 brato
2496 713 2684 775 erant,
2712 709 2792 765 ita
2820 709 3065 766 scribit:
3100 732 3128 759 «
3151 714 3355 781 Itaque
3402 708 3481 764 ad
3522 707 3928 780 perfectionem

2291 798 2581 855 divinitus
2633 803 2994 854 statutorum
3053 797 3396 870 apostolicae
3445 796 3740 852 cathedrae
3780 796 3930 869 petiit

2290 881 2620 960 imperator
2649 888 2877 960 apponi
2930 886 3453 944 conﬁrmationem
3495 890 3782 959 tanquam
3806 899 3840 941 a
3857 886 3919 940 B.

2290 979 2460 1034 Petro
2490 977 2666 1033 fuerit
2693 975 2869 1032 facta.
2902 999 2931 1027 »
3978 973 3986 981 '

2359 1067 2507 1122 Item
2535 1066 2843 1139 principes
2874 1066 2978 1138 qui
3008 1067 3334 1123 intererant
3374 1065 3631 1122 concilio
3678 1063 3808 1121 loco
3835 1064 3929 1120 im-

2289 1158 2606 1229 peratoris,
2637 1157 2712 1212 de
2755 1173 2917 1229 papa
2946 1157 3029 1212 ita
3077 1156 3448 1229 loquuntur:
3484 1179 3507 1206 ε
3569 1156 3720 1222 Quia
3768 1154 3933 1224 igitur

2288 1245 2444 1302 lecta
2469 1251 2560 1302 est
2610 1246 2865 1317 epistola
2894 1245 3122 1301 domini
3166 1247 3354 1300 nostri
3408 1244 3596 1300 sancti
3649 1243 3828 1300 Patris
3853 1259 3932 1299 ar-

2290 1334 2660 1407 chiepiscopi
2684 1335 2913 1403 Leonis,
2942 1334 3045 1407 qui
3068 1333 3419 1389 cathedram
3444 1332 3833 1405 apostolicam
3854 1347 3933 1388 or-

2289 1428 2415 1489 nat,
2442 1424 2672 1495 expedit
2708 1424 2888 1479 etiam
2943 1433 3009 1479 ut
3048 1423 3209 1479 beati
3260 1422 3459 1495 Cyrilli
3488 1421 3758 1494 epistola,
3811 1436 3933 1493 qua:

2289 1518 2498 1569 contra
2523 1513 2854 1568 Nestorium
2890 1512 3135 1585 scripta,
3166 1512 3425 1582 legatur.
3459 1533 3486 1562 ιν

2359 1600 2501 1657 Item
2525 1600 2667 1657 dicti
2700 1601 2911 1657 Leonis
2932 1615 3108 1673 papae
3138 1600 3454 1673 epistolam
3491 1600 3569 1657 de
3589 1598 3827 1655 duabus
3841 1612 3935 1654 na-

2288 1689 2437 1745 turis
2464 1690 2527 1745 in
2556 1690 2807 1756 Christo,
2839 1690 3083 1762 plenam
3122 1689 3309 1745 ﬁdem
3366 1690 3777 1746 continentem
3822 1693 3937 1743 tota

517 1783 842 1839 scientibus
870 1787 1153 1856 antiquas
1194 1782 1479 1839 historias
1525 1782 1882 1847 innotescat,
1929 1795 2178 1853 quoquo
2211 1795 2253 1850 Β
2287 1780 2551 1851 perfecta
2574 1780 2848 1851 synodus
2873 1779 3088 1835 devote
3129 1779 3467 1852 suspiciens
3492 1783 3552 1835 et
3577 1776 3934 1849 approbatis,

518 1871 706 1927 modo
736 1871 813 1926 de
841 1871 1045 1927 multis
1076 1886 1271 1944 pauca
1303 1871 1364 1927 in
1387 1869 1657 1926 medium
1686 1870 2066 1925 adducimus.

591 1960 802 2017 Scribit
823 1959 984 2016 enim
1017 1962 1128 2016 Leo
1163 1975 1328 2033 apa
1358 1958 1473 2033 (18)
1525 1958 1905 2029 congregatis
1956 1956 2179 2013 sanctis

516 2049 788 2106 Patribus
815 2050 877 2106 in
906 2054 1126 2121 quarto
1155 2048 1412 2105 consilio
1452 2049 1570 2104 sic:
1602 2069 1631 2098 «
1666 2048 1816 2104 Misit
1861 2047 2040 2103 nobis
2071 2046 2180 2102 im-

513 2140 773 2210 perator,
806 2143 871 2194 ut
894 2137 1218 2194 venerabili
1237 2137 1474 2210 synodo
1491 2142 1761 2193 nostram
1793 2141 2177 2207 praesentiam

514 2227 845 2300 prmberem
856 2243 958 2292 us;
986 2227 1153 2300 quod
1182 2225 1431 2300 quidem
1461 2241 1572 2281 nec
1597 2225 1926 2281 necessitas
1951 2230 2179 2295 tempo-

514 2317 615 2384 ris,
646 2332 759 2373 nec
791 2316 915 2373 ulla
964 2316 1339 2372 consuetudo
1389 2320 1623 2388 poterat
1666 2315 2030 2387 permittere.
2062 2315 2177 2369 Ta-

514 2420 656 2462 men
689 2404 751 2461 in
776 2405 869 2460 his
909 2405 1191 2461 fratribus
1220 2404 1585 2460 Paschasino
1631 2408 1690 2459 et
1734 2402 2013 2459 Lucentio
2044 2401 2175 2473 epi-

515 2493 735 2567 scopis,
794 2493 1101 2550 Bonifacio
1148 2498 1206 2549 et
1258 2492 1475 2549 Basilio
1513 2491 1904 2565 presbyteris,
1949 2490 2054 2564 qui
2097 2489 2176 2546 ab

436 2582 443 2589 ’
516 2582 850 2656 apostolica
898 2583 1041 2639 sede
1088 2583 1299 2639 directi
1344 2587 1506 2647 sunt,
1548 2597 1648 2637 me
1686 2580 1924 2653 synodo
1976 2583 2177 2635 vestra

515 2672 858 2729 fraternitas
886 2672 1179 2729 existimet
1213 2672 1579 2745 praesidere:
1612 2686 1725 2726 nec
1775 2672 2111 2740 sejunctam
2140 2683 2177 2724 a

515 2762 689 2818 vobis
717 2762 1102 2834 praesentiam
1134 2777 1338 2818 meam
1370 2761 1657 2826 conﬁdat,
1684 2760 1790 2832 qui
1805 2775 1971 2815 nunc
1999 2758 2061 2814 in
2086 2757 2174 2813 vi—

516 2851 690 2907 cariis
710 2851 862 2907 meis
885 2850 1129 2920 adsum,
1160 2856 1217 2907 et
1229 2850 1512 2921 jamdum
1533 2849 1676 2905 ﬁdei
1696 2848 2007 2904 catholicas
2030 2863 2175 2920 pra:-

513 2940 813 2997 dicatione
833 2956 955 2996 non
976 2940 1219 3003 desum,
1247 2962 1275 2989 »
1303 2944 1413 2995 etc.
1437 2940 1549 3005 Qui
1564 2938 1741 3009 legati
1758 2938 2175 2993 auctoritatem

515 3030 739 3086 summi
784 3028 1089 3103 pontiﬁcis
1144 3027 1353 3096 functi,
1432 3027 1519 3082 sic
1559 3026 1623 3082 in
1671 3025 1925 3081 concilio
1993 3024 2177 3081 locuti

515 3123 656 3175 sunt
678 3137 690 3175 :

588 3268 617 3295 ‹‹
649 3250 696 3301 Α
724 3242 1078 3300 beatissimo
1113 3246 1170 3297 et
1199 3238 1530 3313 apostolico
1566 3238 1854 3312 episcopo
1878 3240 2171 3306 Romano,

515 3335 617 3407 qui
638 3338 727 3388 est
746 3335 931 3403 caput
942 3328 1218 3386 omnium
1237 3326 1658 3393 Ecclesiarum,
1683 3324 1974 3381 mandata
1992 3322 2174 3380 habe-

514 3439 676 3492 mus,
701 3420 1125 3485 utDioscorus,
1156 3415 1502 3489 patriarcha
1528 3413 1926 3480 Alexandriae,
1954 3414 2015 3469 in
2036 3430 2177 3469 con-

515 3511 651 3569 cilio
673 3525 797 3565 non
811 3507 1038 3564 sedeat.
1066 3505 1241 3572 Quod
1264 3505 1312 3561 si
1335 3504 1560 3573 sedeat,
1584 3502 1937 3576 expellatur.
1960 3526 1977 3550 ι
2006 3506 2170 3575 Item,

514 3598 693 3670 legati
721 3597 866 3653 dant
895 3599 1104 3652 contra
1127 3595 1479 3651 Dioscorum
1506 3593 1883 3663 sententiam,
1918 3591 2111 3661 rogati
2139 3607 2175 3646 a

514 3688 769 3745 concilio
797 3687 911 3743 sic:
952 3710 972 3736 ι
1008 3688 1313 3758 Rogamus
1343 3684 1717 3740 sanctitatem
1748 3672 2031 3751 vestram,
2070 3680 2175 3753 qui

510 3777 714 3833 locum
745 3774 1022 3832 obtinetis
1049 3772 1409 3830 sanctissimi
1470 3770 1910 3843 archiepiscopi
1943 3770 2173 3835 Leonis,

515 3871 579 3922 ut
600 3865 925 3922 sententias
956 3869 1169 3921 contra
1191 3880 1353 3930 eum,
1386 3868 1441 3918 et
1470 3878 1682 3935 poenas
1733 3876 1865 3932 quae
1910 3859 1970 3916 in
2002 3876 2179 3916 cano-

512 3956 691 4012 nibus
708 3956 1106 4023 continentur,
1128 3951 1498 4008 deﬁniatisin
1521 3951 1741 4022 ipsum.
1792 3951 1997 4006 Omnis
2019 3940 2178 4003 enim

513 4051 569 4103 et
596 4051 720 4101 tota
748 4042 1112 4102 universalis
1149 4040 1423 4114 synodus
1475 4045 1688 4095 vestrae
1720 4028 2028 4094 sententiae
2058 4052 2181 4092 non

527 4133 926 4191 discordabit.
948 4155 975 4183 »
996 4130 1473 4197 Quideﬁnientes
1494 4128 1772 4183 dixerunt
1796 4144 1808 4182 :
1833 4150 1859 4177 ‹‹
1882 4125 2185 4182 Manifesta

513 4225 667 4280 ﬁant
695 4221 979 4278 omnibus
1018 4236 1090 4275 ea
1114 4235 1249 4291 quas
1278 4217 1443 4287 Ldixit
1490 4216 1839 4271 Dioscorus.
1872 4236 1900 4264 »
1942 4214 2007 4269 Et
2044 4202 2186 4291 pos?

514 4329 714 4387 pauca
743 4309 1101 4367 sententiam
1147 4308 1385 4373 dantes,
1419 4304 1831 4376 deposuerunt
1887 4320 2045 4359 eum.
2081 4284 2185 4360 Cul

517 4400 821 4457 sententiae
861 4397 1240 4454 concordans
1264 4394 1611 4468 patriarcha
1643 4392 2179 4468 Constantinopoli—

518 4578 765 4634 stolicus
803 4577 1052 4633 thronus
1082 4591 1191 4648 per
1218 4573 1428 4629 omnia
1455 4572 1650 4643 sentit,
1699 4572 1901 4643 sentio,
1950 4577 2007 4628 et
2036 4588 2176 4627 con-

516 4667 709 4723 sentio
735 4664 981 4738 deponi,
1020 4685 1048 4714 »
1073 4669 1184 4719 etc.

589 4760 731 4812 item
766 4736 880 4811 Leo
909 4770 1074 4828 papa
1099 4752 1257 4808 dicto
1282 4738 1642 4825 patriarchae
1674 4751 1756 4807 sic
1794 4748 1997 4806 scribit
2025 4767 2037 4804 ε
2062 4736 2178 4804 «De

516 4845 778 4919 Eutyche
805 4859 925 4900 non
958 4842 1381 4913 cognovimus,
1426 4856 1549 4914 qua
1576 4838 1811 4911 justitia
1841 4854 1876 4894 a
1903 4854 2177 4894 commu-

510 4937 689 4992 nione
716 4940 803 4991 est
827 4932 1549 5005 separatus.Quapropter
1576 4942 1946 4997 cognoscere
1987 4926 2182 4982 volen-

507 5033 594 5085 tes
607 5026 680 5081 de
694 5022 1193 5091 causa,volumus
1217 5018 1303 5075 tui
1326 5017 1464 5075 facti
1486 5018 1781 5074 rationem
1796 5030 2182 5085 cognoscere,

508 5123 576 5175 ut
601 5114 809 5173 omnia
840 5108 1315 5186 suspendantur,
1346 5125 1540 5181 usque
1585 5107 1661 5161 ad
1712 5111 1982 5161 nostram
2033 5103 2175 5158 noti.

507 5207 671 5262 tiam.
697 5202 998 5270 Quoniam
1034 5216 1172 5265 nos,
1207 5197 1313 5270 qui
1344 5196 1625 5252 volumus
1660 5192 2043 5250 sacerdotum
2075 5194 2183 5247 ῡο-

510 5291 838 5362 minijusta
869 5304 1003 5343 esse
1030 5286 1284 5357 judicia,
1320 5301 1439 5339 non
1468 5298 1803 5354 possumus
1822 5294 1944 5335 non
1978 5279 2184 5351 cogni-

509 5381 582 5437 tis
610 5374 791 5435 rebus
815 5376 875 5433 in
906 5373 1334 5449 prasjudicium
1366 5370 1622 5442 alicujus
1656 5369 1843 5443 partis
1871 5368 2022 5424 ferre
2046 5381 2183 5424 sen‘

577 5638 691 5710 (18)
721 5635 885 5708 Epist
915 5638 1002 5706 47,
1033 5633 1111 5690 ad
1141 5631 1448 5705 synodum
1478 5627 2063 5711 Chalcedonensem.

2286 1868 2349 1924 in
2374 1869 2674 1941 episcopis
2705 1868 2979 1938 singulis,
3010 1873 3069 1925 et
3094 1884 3202 1941 per
3246 1868 3518 1938 singulos
3567 1868 3711 1923 dicit
3738 1884 3751 1922 :
3786 1888 3813 1916 «
3845 1868 3937 1922 Fa-

2286 1964 2416 2015 teor
2443 1958 2761 2031 epistolam
2791 1959 3193 2031 archipiscopi
3228 1958 3415 2014 nostri
3449 1957 3662 2013 Leonis
3714 1960 3938 2027 aposto-

2284 2046 2414 2103 lica:
2462 2047 2623 2103 sedis
2681 2046 3065 2120 patriarchae,
3122 2061 3456 2104 consonam
3509 2062 3645 2102 esse
3704 2041 3938 2101 editioni

2286 2142 2686 2192 trecentorum
2732 2136 2940 2191 decem
2996 2141 3055 2191 et
3104 2141 3242 2192 octo
3290 2138 3554 2204 Patrum,
3611 2134 3718 2207 qui
3757 2133 3818 2189 in
3860 2131 3940 2188 Ni-

2288 2227 2476 2295 emna,
2520 2231 2579 2280 et
2606 2228 2851 2280 centum
2879 2225 3349 2296 quinquaginta,
3385 2224 3491 2296 qui
3521 2224 3584 2279 in
3617 2220 3941 2278 Constanti-

2286 2312 2662 2383 nopolitana,
2689 2327 2801 2366 nec
2831 2327 2956 2367 non
2995 2312 3054 2367 in
3087 2313 3238 2383 ejus,
3270 2328 3408 2385 quas
3437 2312 3501 2367 in
3553 2310 3793 2383 Epheso
3837 2306 3942 2363 sub

2286 2402 2346 2456 Β.
2379 2399 2596 2471 Cyrillo
2624 2400 2736 2455 fuit
2764 2399 3090 2458 celebrata.
3119 2403 3184 2457 Et
3219 2401 3416 2457 eidem
3473 2398 3750 2473 epistolas
3797 2412 3934 2455 con-

2285 2489 2476 2544 sentio
2501 2491 2559 2544 et
2587 2488 2925 2545 subscribo.
2959 2510 2987 2538 »

2356 2614 2464 2670 Alii
2492 2618 2696 2671 autem
2726 2630 2800 2670 ex
2824 2615 2970 2687 ipsis
2990 2619 3212 2672 vocant
3240 2630 3380 2671 eum
3434 2615 3783 2683 episcopum
3833 2629 3947 2670 om.

2285 2705 2453 2760 nium
2494 2704 2931 2761 Ecclesiarum.
2964 2702 3264 2765 Nonnulli,
3294 2719 3540 2773 papam,
3596 2704 3812 2772 plures
3839 2717 3946 2771 pa-

2287 2802 2437 2851 trem
2467 2810 2639 2849 suum
2662 2809 2686 2850 .'
2709 2794 2824 2851 alii
2843 2793 3266 2862 patriam-ham
3287 2792 3734 2851 recumenicum,
3757 2791 3819 2846 id
3838 2796 3944 2857 est,

2286 2884 2709 2940 uniuersalem.
2737 2882 2995 2948 Quidam
3014 2898 3150 2937 vero
3177 2880 3480 2936 dominum
3504 2896 3707 2948 suum,
3728 2879 3947 2934 adden-

2284 2977 2377 3029 tes
2403 2972 2630 3046 plures,
2663 2972 3072 3041 apostolorum
3096 2971 3221 3027 sedi
3238 2968 3685 3039 prasidentem,
3719 2974 3776 3024 et
3796 2967 3942 3023 simi-

2285 3056 2386 3123 lia,
2418 3077 2556 3132 quas
2585 3077 2774 3116 causa
2803 3050 3119 3115 brevitatis
3140 3046 3237 3115 hic
3264 3073 3389 3113 non
3414 3056 3727 3129 ponimus.
3759 3058 3825 3112 Et
3861 3060 3936 3110 ta-

2211 3140 2251 3196 C
2284 3148 2427 3205 men
2455 3149 2503 3204 si
2533 3149 2607 3205 de
2640 3147 2891 3219 singulis
2923 3147 3110 3204 velint
3137 3138 3451 3212 veriﬁcari,
3478 3145 3685 3215 legant
3704 3143 3944 3200 conciha

2284 3236 2606 3308 generalia.
2641 3242 2699 3293 et
2730 3235 2993 3292 maxime
3023 3241 3309 3307 quartum
3350 3234 3697 3301 concilium,
3724 3232 3946 3288 Graeco-

2281 3342 2418 3382 rum
2463 3325 2753 3381 Chronica
2793 3324 3139 3396 inspiciant,
3169 3323 3275 3379 ubi
3323 3314 3628 3379 dictorum
3679 3319 3944 3377 omnium

2282 3414 2515 3486 absque
2538 3413 2726 3469 dubio
2766 3412 3064 3484 reperient
3091 3412 3427 3468 veritatem.

2332 3506 2473 3558 Item
2484 3501 2832 3574 patriarcha
2848 3500 3563 3573 Constantinopolitanus
3577 3499 3659 3556 ad
3670 3494 3944 3554 eumdem

2282 3608 2510 3665 papam
2540 3595 2795 3647 Leonem
2826 3589 3198 3662 pontiﬁcem,
3221 3590 3327 3645 illa
3356 3590 3601 3646 scribit:
3638 3611 3667 3640 ‹‹
3701 3585 3941 3644 Sanctis-

2285 3682 2438 3736 simo
2459 3687 2515 3737 et
2542 3680 2893 3736 beatissimo
2916 3680 3091 3748 Patri,
3123 3684 3277 3736 »etc.
3301 3680 3569 3735 Narratis
3600 3678 3718 3747 his,
3736 3692 3870 3749 quae
3891 3675 3944 3729 in

2284 3770 2538 3826 concilio
2566 3774 2733 3839 gesta
2764 3768 3023 3833 fuerunt,
3055 3767 3227 3823 dicit:
3260 3790 3287 3818 ‹‹
3322 3769 3574 3839 Oportet
3602 3769 3734 3824 haec
3753 3763 3950 3821 omnia

2286 3860 2361 3915 ad
2389 3860 2662 3915 notitiam
2694 3858 3025 3914 sanctitatis
3068 3863 3182 3913 tua:
3236 3858 3576 3930 pervenire,
3620 3851 3950 3912 necessario

2286 3950 2528 4005 mittens
2554 3965 2624 4004 ea
2652 3947 2788 4003 illuc
2819 3963 2925 4021 per
2947 3947 3149 4015 talem,
3199 3952 3257 4002 et
3286 3945 3469 4001 talem
3520 3947 3897 4018 episcopum,
3925 3960 3949 3989 »

2289 4042 2403 4092 etc.
2443 4038 2507 4092 Et
2546 4035 2737 4092 infra:
2770 4058 2797 4084 «
2827 4037 2967 4101 Quae
3014 4051 3120 4107 per
3161 4051 3264 4090 eos
3319 4035 3651 4090 manifesta
3682 4032 3951 4095 facimus,

2289 4132 2571 4197 optamus
2602 4130 2665 4179 ut
2693 4141 2800 4197 per
2842 4122 3201 4199 prosperam
3232 4124 3729 4196 responsionem,
3780 4134 3954 4194 quam

2289 4214 2398 4269 vos
2427 4212 2615 4275 decet,
2651 4212 2762 4268 iusti
2795 4214 2871 4267 ad
2890 4228 3001 4268 nos
3018 4216 3287 4280 redeant,
3319 4211 3650 4268 landantes
3675 4214 3736 4268 in
3777 4204 3953 4266 omni—

2289 4302 2405 4357 bus
2430 4302 2780 4358 charitatem
2812 4310 2868 4357 et
2895 4290 3337 4373 providentiam
3392 4307 3617 4357 vestras
3649 4295 3952 4357 beatitudi-

2288 4391 2402 4455 nis,
2433 4404 2616 4463 quam
2644 4406 2789 4460 erga
2821 4390 3027 4445 sedem
3059 4390 3241 4461 hujus
3271 4389 3449 4459 regiae
3476 4389 3670 4461 urbis,
3714 4396 3952 4460 paterna

406 4532 411 4538 .
516 4498 717 4553 tanus,
751 4494 809 4544 et
838 4493 962 4542 tota
1012 4484 1322 4558 synodus:
1357 4506 1384 4534 ιι
1424 4486 1566 4554 Ego,
1597 4487 1696 4549 ait,
1742 4498 1831 4547 ea,
1861 4494 1997 4555 quae
2027 4498 2178 4555 apo-
2211 4483 2257 4539 D
2290 4495 2530 4551 semper
2565 4479 2962 4534 consuevistis
2995 4474 3391 4563 sollicitudine
3418 4477 3675 4534 habere.
3710 4501 3737 4529 »
3786 4479 3851 4531 Et
3875 4473 3951 4528 in-

2287 4567 2414 4624 fra:
2442 4589 2470 4617 ‹‹
2515 4566 2742 4624 Etenim
2790 4569 2962 4623 sedes
3017 4568 3699 4639 Coustantinopolitana
3729 4572 3949 4639 patrem

2285 4655 2469 4713 habet
2488 4658 2885 4729 apostolicum
2908 4657 3196 4713 thronum
3218 4662 3511 4711 vestrum.
3542 4650 3713 4713 Unde
3736 4665 3948 4725 eaquae

2287 4742 2346 4803 in
2368 4753 2578 4803 sancta
2595 4748 2832 4818 synodo
2849 4740 3225 4802 consecutive
3245 4751 3417 4816 gesta
3436 4752 3581 4802 sunt
3596 4740 3952 4802 conﬁrmare

2287 4835 2617 4905 dignemini
2644 4852 2658 4890 :
2689 4852 2798 4891 nec
2822 4851 2940 4890 non
2970 4834 3321 4902 deﬁnitioni,
3346 4834 3421 4889 de
3443 4848 3573 4907 qua
3598 4834 3832 4890 dictum
3850 4834 3950 4895 est,

2288 4920 2473 4995 hujus
2506 4923 3180 4996 Constantinopolitanae
3213 4924 3396 4978 sedis.
3427 4942 3457 4976 »

2364 5016 2428 5068 Et
2455 5006 2575 5068 fine
2605 5014 2785 5068 totius
2830 5008 2969 5068 dicti
3026 5004 3261 5068 concilii
3323 5028 3394 5068 ex
3453 5018 3630 5086 parte
3685 5009 3949 5068 omnium

2292 5100 2601 5168 scribunt;
2632 5104 2718 5158 sic
2748 5103 2824 5158 ad
2853 5103 3133 5158 eumdem
3170 5107 3507 5170 narrantes,
3541 5118 3684 5174 quae
3715 5101 3772 5156 in
3822 5112 3950 5151 con-

2290 5191 2425 5247 cilio
2456 5196 2623 5262 gesta
2649 5198 2807 5256 sunt,
2839 5195 2896 5246 et
2925 5190 3444 5246 conﬁrmationem
3466 5190 3827 5245 eorumdem
3858 5202 3949 5257 μου

2291 5279 2604 5337 stulantes.
2640 5279 2851 5336 Dicunt
2897 5296 3081 5350 ergo:
3116 5304 3141 5329 ‹‹
3199 5272 3549 5335 Beatissimo
3600 5285 3661 5335 et
3709 5274 3931 5333 sanctis

2290 5368 2464 5442 simo,
2506 5390 2534 5419 »
2564 5374 2674 5424 etc.
2705 5372 2769 5425 Et
2824 5375 2995 5441 post:
3030 5392 3057 5417 ‹‹
3119 5366 3429 5441 Repletum
3476 5375 3569 5424 est
3613 5366 3840 5439 gaudio
3885 5377 3947 5416 os
