4132 6380
217 278 322 332 533

1611 265 1891 323 CONTRA
1927 265 2250 324 GRJECOS.

3537 263 3650 338 534

211 401 516 457 nostrum.
549 398 607 450 et
632 393 840 462 lingua
896 394 1102 447 nostra
1161 389 1576 447 exsultatione.
1605 412 1634 440 »
1684 391 1753 445 Et
1791 390 1884 445 in-
1913 395 1960 446 Α
1994 392 2430 463 ambigutatem
2455 393 2741 450 immisit:
2793 400 2994 452 utrum
3035 396 3312 453 videlicet
3347 400 3452 452 tua
3495 395 3648 451 bea-

213 489 338 543 fra:
368 508 394 536 «
420 487 615 550 Quam
642 482 827 538 ﬁdem
861 487 921 537 tu
949 481 1133 536 veluti
1165 497 1417 537 aureum
1435 479 1661 535 ﬂumen
1688 496 1885 551 usque

215 577 295 633 ad
319 591 435 630 nos
461 577 760 645 praecepto
800 570 1124 625 conditoris
1170 570 1498 624 deductum
1549 569 1884 636 custodisti,

214 664 504 721 omnibus
522 662 682 716 beati
714 662 862 714 Petri
891 659 1202 731 interpres,
1262 658 1357 713 vel
1395 659 1697 730 expositor
1750 673 1887 713 con-

217 755 480 811 stitutus.
509 751 676 806 Unde
702 764 814 803 nos
841 753 894 803 te
917 753 1210 819 tanquam
1253 751 1559 802 auctorem
1607 746 1752 801 boni
1807 745 1887 802 ad

218 843 534 899 utilitatem
577 842 829 902 utentes,
855 842 1077 891 sortem
1118 835 1384 892 veritatis
1423 835 1559 890 ﬁliis
1610 835 1884 890 Ecclesiae

218 931 740 987 demonstramus.
771 949 791 975 ι
829 925 1011 981 Infra:
1048 951 1072 977 ς
1105 925 1158 980 Si
1185 925 1346 979 enim
1376 923 1476 978 ubi
1536 928 1676 978 sunt
1738 925 1879 993 duo,

220 1020 323 1075 vel
343 1026 462 1075 tres
483 1015 830 1086 congregati
858 1015 920 1069 in
961 1015 1205 1069 nomine
1233 1013 1383 1083 ejus,
1416 1011 1476 1067 id
1505 1017 1613 1081 est,
1651 1012 1773 1079 Dei,
1802 1012 1884 1067 ibi

226 1109 386 1164 dixit
412 1122 475 1161 se
498 1121 625 1162 esse
656 1105 717 1159 in
768 1103 989 1172 medio,
1045 1107 1338 1174 quantam
1386 1107 1562 1172 putas
1593 1100 1750 1156 circa
1779 1101 1886 1155 du-

229 1203 432 1253 centos
450 1194 653 1266 viginti
671 1199 1014 1249 sacerdotes
1033 1190 1532 1247 inhabitationem
1548 1189 1879 1259 ostendere,

225 1293 279 1342 et
336 1284 821 1353 familiaritatem,
864 1299 999 1353 quae
1059 1281 1235 1336 etiam
1316 1281 1392 1347 (9)
1453 1279 1778 1351 patientia,
1831 1283 1885 1333 et

219 1375 444 1442 labori,
473 1373 819 1443 cognitioni,
854 1387 988 1443 quae
1022 1369 1080 1424 in
1112 1368 1488 1424 confessione
1519 1368 1707 1439 ipsius
1738 1383 1886 1438 prae-

219 1467 578 1538 posuerunt,
609 1462 829 1532 quibus
862 1466 925 1514 tu
954 1459 1156 1532 utique
1178 1465 1243 1514 ut
1267 1464 1448 1529 caput
1469 1457 1883 1512 membrorum

219 1552 598 1627 praesidebas
614 1552 641 1605 ‘?
665 1569 695 1602 ›

294 1645 364 1697 Et
390 1641 632 1696 infrazu
662 1637 928 1694 Dioscori
952 1636 1326 1692 Alexandriae
1366 1635 1630 1707 praesulis
1670 1651 1886 1690 causas

219 1729 620 1803 depositionis
642 1731 1009 1799 exponentes
1037 1727 1189 1780 inter
1209 1725 1398 1780 multa
1441 1723 1770 1779 intulerunt
1810 1722 1885 1777 de
1917 1740 1954 1792 Β

219 1821 400 1875 vinea
433 1817 686 1887 Domini,
721 1819 775 1871 et
799 1816 1044 1870 custode
1074 1815 1228 1884 ejus.
1269 1817 1523 1884 Insuper
1564 1811 1880 1881 inquiunt:

221 1913 444 1966 Contra
474 1908 678 1978 ipsum
710 1906 903 1959 vineae
961 1903 1294 1971 custodem,
1345 1901 1448 1974 qui
1496 1917 1531 1955 a
1579 1899 1884 1956 Salvatore

215 1999 548 2070 deputatus
578 2000 666 2049 est
693 1999 916 2055 custos,
949 1991 1250 2046 insaniam
1277 2006 1449 2044 suam
1481 1989 1760 2056 ostendit,
1795 1988 1883 2042 di-

217 2088 419 2142 cimus
442 2084 662 2139 scilicet
696 2082 1074 2136 sanctitatem
1115 2088 1279 2135 tuam
1304 2085 1360 2134 et
1408 2077 1885 2133 incommunica-

215 2175 401 2230 bilem
436 2189 576 2228 eum
599 2171 704 2243 qui
725 2186 944 2242 corpus
973 2169 1244 2224 Ecclesiae
1264 2168 1430 2222 unire
1458 2166 1742 2222 sollicitus
1772 2172 1878 2233 est,

215 2266 546 2322 meditatus
576 2262 685 2317 fuit
733 2262 944 2317 facere.
982 2282 1009 2310 »
1049 2262 1114 2315 Et
1137 2258 1290 2314 infra
1315 2276 1326 2311 :
1352 2281 1378 2308 ιι
1411 2261 1485 2313 Ea
1515 2257 1713 2328 igitur,
1745 2273 1880 2330 quae

212 2356 543 2412 deﬁnimus
575 2352 652 2408 ad
687 2350 1079 2406 remotionem
1122 2349 1302 2404 totius
1364 2347 1751 2410 confusionis,
1802 2345 1880 2401 ad

212 2445 402 2501 robur
422 2458 566 2498 vero
617 2439 1036 2495 ecclesiasticae
1081 2436 1476 2492 ordinationis
1525 2435 1772 2506 propria
1824 2441 1880 2489 et

212 2534 581 2599 amicabilia,
599 2531 674 2587 ad
691 2531 967 2586 decorem
985 2543 1273 2595 congrua,
1292 2525 1558 2581 stabilire
1587 2524 1874 2591 digneris,

213 2625 599 2680 sanctissime
632 2626 688 2676 et
714 2619 1056 2674 beatissime
1085 2619 1268 2670 Pater.
1323 2618 1471 2670 Nam
1500 2615 1582 2681 hi,
1635 2613 1740 2684 qui
1785 2612 1876 2668 lo-

213 2720 546 2770 cumtuum
567 2711 839 2766 obtinent
855 2705 1220 2762 sanctissimi
1241 2703 1507 2776 episcOpi
1523 2701 1876 2757 Paschasius

211 2810 269 2860 et
306 2802 648 2868 Luceutius,
674 2807 729 2853 et
753 2798 838 2864 hi,
871 2796 975 2868 qui
1007 2811 1142 2850 cum
1168 2794 1252 2848 eis
1275 2793 1480 2846 directi
1519 2791 1874 2862 presbyteri,

213 2892 565 2949 Bonifacius
592 2896 647 2943 et
679 2887 943 2957 Basilius,
979 2884 1153 2938 dictis
1205 2881 1657 2936 deﬁnitionibus
1718 2880 1873 2935 forti-

209 2990 308 3038 ter
332 2981 704 3039 assisterunt,
733 2975 996 3031 volentes
1027 2989 1296 3044 prorsus,
1330 2977 1390 3025 ut
1421 2971 1535 3025 hoc
1569 2970 1797 3040 bonum
1837 2985 1872 3022 a

211 3075 428 3124 vestra
475 3064 838 3138 providentia
896 3061 1236 3133 incipiatur,
1296 3082 1321 3108 η
1383 3065 1490 3114 etc.
1540 3061 1604 3113 Et
1647 3059 1708 3112 in
1752 3057 1872 3112 ﬁne
1909 3096 1948 3150 Ο

219 3156 496 3226 ejusdem
530 3156 608 3209 sic
663 3153 1015 3226 loquiturz<<
1061 3153 1128 3204 [It
1169 3153 1367 3204 autem
1433 3147 1656 3213 sciatis,
1708 3146 1870 3218 quod

211 3261 341 3303 non
374 3244 450 3300 ad
481 3245 755 3314 gratiam.
792 3246 894 3296 aut
919 3241 993 3296 ad
1017 3239 1222 3295 odium
1247 3237 1565 3292 fecerimus
1595 3235 1873 3304 alicujus,

212 3338 321 3392 sed
377 3343 668 3406 tanquam
697 3332 903 3388 divino
935 3337 1082 3385 nutu
1115 3326 1427 3396 gubernati
1462 3331 1515 3381 et
1542 3324 1746 3381 directi
1780 3341 1872 3378 su-

211 3443 371 3490 mus,
398 3430 615 3480 cuncta
642 3421 816 3477 vobis
849 3425 1153 3488 gestarum
1178 3432 1375 3470 rerum
1411 3420 1556 3469 nota
1593 3413 1872 3480 facimus,

209 3521 274 3571 ut
307 3531 345 3569 a
377 3513 569 3574 vobis,
603 3527 740 3584 quae
772 3514 943 3576 gesta
977 3511 1136 3568 sunt,
1163 3509 1523 3572 statuantur,
1575 3503 1871 3557 roboren-

209 3611 321 3663 tur.
366 3610 422 3658 et
461 3602 892 3657 concedantur.
932 3621 959 3646 »
1001 3594 1224 3650 Pariter
1263 3591 1549 3664 quaedam
1589 3590 1870 3646 consimi-

205 3696 306 3759 lia,
338 3699 448 3747 etc.

282 3785 678 3853 lmperatores
714 3794 851 3836 vero
883 3775 1034 3831 Petri
1079 3772 1490 3828 auctoritatem
1543 3774 1597 3824 et
1645 3785 1875 3823 succes-

206 3887 420 3926 sorum
451 3872 576 3941 ejus
598 3885 721 3924 non
752 3869 1120 3937 ignorantes,
1147 3861 1223 3916 ad
1265 3860 1548 3916 eumdem
1615 3861 1866 3912 Leonem

206 3961 296 4016 ita
329 3960 626 4014 scribunt:
659 3981 681 4007 α
717 3957 976 4012 Victores
1024 3950 1492 4012 Valentinianus,
1538 3953 1594 4002 et
1632 3947 1871 4002 Marcia-

207 4064 353 4113 nus,
420 4048 654 4115 gloriosi
715 4045 1198 4116 triumphatores,
1291 4054 1530 4108 semper
1596 4036 1867 4103 Augusti,

201 4136 584 4193 sanctissimo
667 4136 820 4190 Patri
900 4140 955 4189 et
1002 4128 1328 4186 venerabili
1410 4125 1870 4197 archiepiscopo

196 4228 423 4283 Leoni:
463 4226 893 4282 Beatitudinem
918 4229 1083 4279 tuam
1114 4218 1361 4292 syllabis
1391 4221 1610 4270 nostrae
1657 4214 1870 4269 sereni-

200 4319 338 4373 tatis
419 4315 794 4371 velocissime
845 4313 1038 4367 valere
1089 4313 1407 4380 optamus:
1477 4303 1866 4376 inquirentes,

197 4415 263 4462 ut
291 4422 442 4461 cura
499 4402 927 4476 omnipotentis
970 4399 1084 4456 Dei.
1120 4402 1454 4452 vestrarum
1505 4409 1747 4465 precum
1770 4393 1865 4447 in-

189 4501 467 4552 terventu
502 4494 676 4550 nobis
699 4488 1191 4553 concedatur,ita
1245 4491 1307 4540 ut
1357 4485 1456 4555 pia
1515 4487 1572 4536 et
1610 4481 1866 4552 paciﬁca

185 4603 309 4642 sua
349 4582 819 4654 magniﬁcentia,
851 4579 1057 4636 omnia
1109 4590 1404 4648 prospera
1451 4577 1506 4627 et
1535 4577 1739 4643 optata
1761 4587 1866 4625 no-

181 4684 319 4731 stro
361 4673 615 4744 imperio
654 4670 984 4726 concedere
1024 4667 1321 4730 dignetur.
1358 4661 1636 4717 Miramur
1678 4661 1862 4714 maxi-

179 4779 310 4830 me,
342 4762 508 4834 quod
540 4766 677 4833 post
702 4758 1000 4831 synodum
1043 4751 1615 4815 Chalcedonensem,
1672 4754 1727 4802 et
1771 4747 1862 4804 lit-

173 4861 348 4910 teras
389 4849 827 4906 venerabilium
868 4848 1316 4918 episcoporum,
1357 4838 1455 4911 qui
1501 4839 1577 4893 ad
1604 4843 1771 4893 tuam
1798 4837 1859 4892 in

172 4945 308 4999 Deo
341 4941 670 4995 amicitiam
719 4939 918 4993 missre
978 4940 1135 5002 sunt,
1187 4949 1292 5004 per
1343 4946 1495 5002 quas
1551 4927 1756 4983 omnia
1796 4928 1855 4981 in

1995 481 2206 548 titudo,
2238 498 2308 536 ea
2335 497 2470 554 qua:
2503 483 2564 538 in
2594 485 2829 554 synodo
2863 491 3074 542 sancta
3095 485 3253 541 edita
3284 489 3440 551 sunt,
3503 500 3648 539 con-

1993 569 2338 625 ﬁrmaverit.
2365 572 2429 625 Et
2452 576 2696 644 propter
2721 572 2851 628 haec
2883 579 3080 628 vestra
3110 573 3443 628 reverentia
3493 571 3646 627 litte-

1992 673 2092 713 ras
2125 658 2353 714 mittere
2376 659 2674 729 dignetur,
2695 677 2802 732 per
2848 679 3001 733 quas
3042 662 3326 719 omnibus
3376 659 3645 716 ecclesiis

1993 751 2051 801 et
2073 746 2311 819 populis
2342 753 2554 803 notum
2586 749 2676 816 sit,
2702 750 3006 818 universa,
3034 767 3170 823 quae
3201 752 3262 805 in
3289 755 3500 804 sancta
3544 765 3647 821 sy-

1993 836 2156 891 nodo
2179 841 2348 906 gesta
2398 843 2555 906 sunt,
2598 853 2634 892 a
2680 843 2786 895 tua
2833 839 3205 895 beatitudine
3253 855 3382 894 esse
3432 837 3647 893 conﬁr-

1992 929 2175 981 mata.
2213 926 2362 982 Illud
2385 931 2608 995 tamen,
2641 933 2706 983 ut
2735 928 2989 986 decebat
3032 931 3385 1002 episcopum
3410 933 3648 1000 aposto-

1991 1013 2119 1069 licae
2151 1015 2332 1081 sedis,
2379 1021 2482 1071 tua
2536 1018 2820 1074 sanctitas
2865 1018 3218 1074 excellenter
3261 1017 3428 1089 dixit,
3480 1015 3648 1089 quod

1993 1105 2432 1162 ecclesiasticos
2461 1122 2724 1163 canones
2759 1124 3147 1176 conservans,
3181 1108 3330 1164 nihil
3374 1107 3451 1163 ab
3499 1105 3636 1162 anti-

1991 1208 2115 1264 qua
2167 1195 2598 1250 consuetudine
2644 1196 2704 1250 in
2749 1196 3126 1253 ordinatione
3169 1197 3311 1252 olim
3369 1195 3552 1263 edita,
3593 1199 3650 1252 et

1991 1282 2307 1348 immobili,
2338 1299 2529 1354 usque
2565 1283 2745 1340 hodie
2798 1286 3218 1357 perseveranti,
3273 1284 3503 1357 aliquid
3547 1299 3650 1356 pa-

1991 1369 2250 1426 tiebatur
2269 1372 2559 1427 diminui:
2594 1396 2620 1422 »
2653 1375 2719 1429 Et
2751 1373 2943 1429 infra:
2979 1397 3007 1423 «
3055 1378 3202 1432 Cum
3256 1378 3459 1430 autem
3508 1388 3623 1428 con

1990 1458 2317 1516 ﬁrmaverit
2334 1461 2689 1518 catholicam
2709 1462 2888 1518 fidem
2910 1467 2966 1519 et
2990 1479 3198 1520 veram
3219 1461 3641 1532 orthodoxam,

1990 1550 2275 1605 noveritis
2308 1551 2794 1609 Chalcedonense
2823 1553 3164 1623 concilium,
3192 1552 3477 1610 omnibus
3525 1550 3644 1623 epi-

1993 1639 2190 1710 scopis
2233 1641 2774 1711 consentientibus,
2820 1642 3006 1698 fuisse
3064 1647 3350 1699 secutam.
3401 1644 3646 1714 Propter

1992 1728 2127 1795 hoc,
2156 1729 2320 1801 quod
2351 1736 2406 1784 et
2438 1735 2540 1785 tua
2585 1731 3029 1803 venerabilitas,
3085 1731 3362 1805 proprias
3401 1738 3459 1787 et
3513 1746 3642 1803 spe-

1993 1817 2171 1872 ciales
2206 1817 2579 1874 velocissime
2604 1821 2816 1887 mittat,
2846 1835 2952 1892 per
2972 1837 3126 1894 quas
3155 1820 3513 1877 conﬁrmare
3535 1835 3640 1875 vos

1991 1907 2206 1978 ipsam,
2240 1925 2374 1980 quae
2405 1907 2465 1963 in
2498 1909 2970 1965 Chalcedonensi
2996 1910 3295 1966 celebrata
3320 1914 3428 1977 est,
3461 1925 3643 1981 syno-

1991 1995 2136 2050 dum
2193 1997 2683 2054 manifestissime
2727 1998 3088 2055 ostendatis:
3136 2004 3202 2055 ut
3244 2015 3355 2055 nec
3402 1997 3506 2066 illi,
3538 1998 3642 2071 qui

1991 2084 2352 2155 desiderant,
2375 2087 2848 2155 ignominiosam
2869 2089 3102 2160 possint
3121 2088 3345 2146 habere
3375 2087 3644 2160 aliquam

1991 2173 2400 2244 suspicionem
2430 2175 2505 2231 de
2521 2175 2748 2246 judicio
2779 2181 2892 2232 tuae
2938 2177 3263 2233 sanctitatis
3315 2177 3522 2247 gloria,
3583 2176 3645 2232 id

1992 2268 2098 2330 est,
2119 2265 2282 2336 quod
2303 2271 2402 2320 tua
2421 2265 2708 2322 sanctitas
2726 2267 2799 2321 de
2816 2267 2931 2336 his,
2945 2283 3080 2339 quae
3097 2271 3232 2324 acta
3245 2271 3405 2334 sunt,
3413 2266 3646 2338 judicat

1990 2369 2122 2407 esse
2150 2355 2496 2410 tenendum.
2525 2378 2552 2405 ››
2579 2357 2696 2411 Hoc
2732 2360 2936 2411 autem
2949 2355 3268 2428 dicit,quia
3287 2355 3415 2412 sine
3429 2355 3642 2411 conﬁr-

1989 2443 2254 2499 matione
2276 2460 2473 2517 papas,
2504 2445 2591 2501 vel
2608 2445 2946 2515 legatorum
2964 2445 3118 2517 ejus,
3150 2445 3437 2502 infectum
3462 2461 3642 2516 nego-

1988 2532 2134 2586 tium
2164 2523 2516 2589 habebatur.
2537 2535 2656 2590 Ista
2677 2539 2880 2591 autem
2893 2551 3029 2607 quae
3043 2534 3326 2606 diximus,
3352 2535 3643 2605 colligun-

1989 2625 2082 2674 tur
2112 2636 2184 2675 ex
2215 2624 2281 2676 1V
2307 2621 2580 2678 concilio-

2063 2707 2173 2763 Sed
2191 2725 2265 2763 ne
2290 2708 2594 2779 aliquibus
2620 2710 2914 2774 videatur,
2941 2712 3107 2783 quod
3129 2717 3373 2784 propter
3417 2713 3643 2770 dictam

1987 2797 2418 2863 deﬁnitionem,
2446 2799 2669 2854 editam
2699 2800 2761 2854 in
2791 2806 3127 2857 memorato
3175 2801 3447 2873 concilio,
3491 2801 3641 2875 quid

1986 2887 2260 2943 videatur
2280 2887 2667 2944 imminutum
2689 2888 2763 2944 de
2789 2893 3082 2962 potestate
3107 2905 3302 2962 papa,
3336 2889 3411 2945 de
3433 2906 3640 2946 conse-

1985 2977 2308 3051 quentibus
2325 2977 2610 3043 conciliis,
2627 2995 2763 3051 quae
2777 2978 2966 3034 multo
2981 2980 3428 3051 postcelebrata
3478 2984 3636 3047 sunt,

1986 3066 2188 3138 aliqua
2216 3083 2654 3139 proponamus.
2691 3069 2755 3122 In
2788 3074 2955 3124 sexta
3007 3069 3169 3125 enim
3217 3069 3454 3142 synodo
3504 3069 3637 3141 (20),

1985 3172 2122 3227 quae
2147 3155 2259 3210 sub
2277 3173 2437 3228 papa
2454 3157 2783 3228 Agathone,
2806 3161 3073 3229 tempore
3095 3158 3465 3214 Constantini
3482 3158 3641 3231 prin-

1985 3246 2157 3315 cipis,
2190 3251 2243 3300 et
2283 3245 2552 3310 Heraclii,
2609 3251 2666 3302 et
2712 3245 2924 3302 Tiberii
2963 3246 3216 3302 fratrum
3265 3263 3534 3314 suorum,
3581 3248 3643 3304 in

1988 3334 2132 3388 urbe
2149 3335 2682 3406 Constantinopoli,
2700 3341 2909 3392 contra
2921 3336 3328 3392 Monothelitas
3342 3336 3642 3394 celebrata

1983 3428 2088 3488 est,
2121 3426 2317 3478 Patres
2345 3424 2449 3495 qui
2481 3430 2904 3491 convenerant,
2924 3426 3341 3482 auctoritatem
3358 3426 3642 3498 principis

1985 3512 2403 3584 apostolorum
2421 3527 2543 3568 non
2556 3513 2925 3584 ignorantes,
2946 3514 3019 3570 de
3035 3514 3414 3571 successione
3427 3517 3638 3588 ipsius,

1982 3602 2042 3656 in
2065 3607 2278 3657 octava
2320 3601 2583 3657 sessione
2615 3603 2744 3672 ejus
2765 3602 2897 3658 libri
2930 3603 3074 3659 talia
3097 3603 3360 3660 fatentur
3399 3610 3456 3660 et
3501 3605 3636 3660 scri-

1981 3694 2154 3747 bunt.
2225 3691 2554 3745 Demetrius
2581 3690 2922 3765 [Domitius]
2956 3693 3281 3765 episcopus
3351 3693 3639 3750 Phisiadis

1986 3779 2354 3852 [Prusiados]
2389 3779 2637 3835 civitatis
2684 3780 2767 3836 ita
2800 3781 2972 3836 dicit:
3005 3801 3035 3834 (
3065 3781 3470 3838 Relationibus
3491 3784 3637 3838 mis-

1985 3869 2064 3922 sis
2116 3869 2194 3924 ab
2243 3868 2574 3940 apostolica
2615 3874 2670 3924 et
2722 3869 3037 3940 principali
3091 3869 3230 3926 sede
3283 3870 3638 3943 antiquioris

1982 3961 2204 4021 Romae,
2237 3957 2296 4012 id
2323 3963 2409 4012 est
2440 3957 2773 4026 Agathone,
2808 3958 2886 4013 ad
2922 3974 2958 4014 a
3013 3962 3132 4014 Deo
3177 3966 3532 4016 coronatum
3582 3967 3641 4018 et

1980 4047 2368 4102 mitissimum
2385 4047 2700 4102 dominum
2723 4053 2998 4104 nostrum
3025 4064 3315 4118 magnum
3341 4050 3637 4107 Victorem

1979 4135 2734 4208 imperatorem,tanquam
2767 4154 2800 4192 a
2835 4137 3052 4208 Spiritu
3075 4141 3283 4193 sancto
3304 4138 3498 4206 editis,
3527 4155 3636 4212 per

1980 4242 2047 4279 Os
2081 4226 2289 4290 sancti,
2324 4231 2380 4280 et
2423 4225 2712 4296 principis
2761 4226 3175 4298 apostolorum
3219 4227 3390 4294 Petri,
3437 4233 3494 4284 et
3527 4245 3636 4301 per

1978 4315 2232 4383 digitum
2256 4313 2318 4368 Β.
2346 4313 2646 4369 benedicti
2668 4329 2864 4386 papae,
2885 4313 3214 4384 Agathonis
3237 4317 3493 4388 scriptis,
3519 4332 3632 4388 ego

1977 4404 2289 4469 assentior,
2319 4408 2375 4459 et
2403 4403 2486 4458 sic
2524 4403 2723 4469 credo,
2783 4409 2840 4460 et
2878 4404 2962 4460 sic
3013 4405 3224 4472 sentio,
3270 4404 3421 4461 istas
3474 4407 3632 4463 duas

1978 4498 2213 4547 nostras
2243 4492 2582 4548 voluntates
2610 4492 2673 4546 in
2705 4493 2930 4550 Christo
2960 4494 3160 4550 unitas
3188 4509 3484 4566 personas,
3510 4501 3623 4552 etc.

2048 4582 2585 4647 ltem,Theodorus
2634 4583 2957 4656 episcopus
3015 4583 3366 4639 Berissensis
3423 4587 3631 4641 Arme-

1972 4669 2114 4724 niae:
2142 4693 2168 4720 ‹‹
2191 4673 2310 4740 Ego
2332 4670 2584 4725 audiens
2601 4671 2919 4727 relationes
2943 4672 3163 4727 missas
3192 4672 3271 4728 ad
3300 4671 3626 4732 Dominum

1971 4765 2244 4814 nostrum
2267 4759 2798 4829 benignissimum,
2835 4777 2872 4816 a
2898 4761 3068 4818 Patre
3093 4766 3322 4829 nostro,
3354 4764 3628 4822 Romano

1969 4865 2132 4921 papa
2153 4850 2482 4918 Agathone,
2509 4855 2565 4904 et
2582 4849 3006 4905 auctoritatum
3023 4867 3161 4921 quae
3182 4851 3242 4905 in
3262 4850 3411 4923 ipsis
3429 4850 3624 4906 ferun-

1968 4945 2080 5001 tur,
2105 4937 2495 4992 intentionem
2524 4939 2805 5009 capiens;
2851 4937 3051 5004 credo,
3081 4939 3235 4993 sicut
3263 4937 3451 4994 credit
3495 4939 3623 5010 ipse

168 5034 317 5106 ipsa
351 5031 534 5094 facta,
567 5029 739 5083 vobis
764 5026 1216 5082 nuntiaverunt:
1250 5033 1700 5106 nequaquama
1754 5022 1856 5106 tua

166 5102 508 5178 sanctitate
539 5119 686 5174 tales
702 5116 907 5171 litterae
927 5113 1122 5169 missm
1145 5117 1301 5175 sunt,
1324 5123 1460 5182 quae
1498 5102 1771 5161 videlicet
1792 5105 1851 5159 in

166 5208 588 5266 sanctissimis
619 5203 885 5261 ecclesiis
935 5201 1101 5256 lectae
1148 5196 1226 5252 ad
1259 5195 1534 5250 omnium
1578 5193 1848 5246 notitiam

162 5298 595 5371 pervenirent,
657 5309 762 5364 pro
819 5288 1227 5363 quorumdam
1296 5283 1642 5342 animabus,
1711 5296 1848 5351 quae

166 5385 530 5457 Eutychetis
578 5398 828 5454 pravam
873 5380 1073 5435 adhuc
1121 5375 1468 5448 opinionem
1524 5377 1845 5432 sectantur,

1966 5026 2137 5081 Pater
2168 5033 2367 5081 noster
2415 5043 2571 5100 papa
2627 5026 2981 5099 antiquioris
3032 5030 3256 5082 Romae.
3299 5047 3326 5076 »
3346 5029 3410 5081 In
3456 5027 3620 5083 hunc

1964 5115 2214 5170 modum
2247 5131 2458 5170 omnes
2507 5115 2772 5188 episcopi
2814 5120 3247 5185 consurgentes
3300 5115 3615 5172 dixerunt:

1963 5228 1990 5254 «
2022 5209 2136 5261 Nos
2157 5222 2369 5262 omnes
2391 5206 2491 5262 illa
2513 5207 2836 5271 credimus,
2862 5212 2918 5260 et
2937 5205 3101 5260 illam
3118 5205 3300 5260 ﬁdem
3317 5211 3613 5274 tenemus,

1960 5300 2016 5350 et
2045 5295 2218 5350 istam
2253 5296 2579 5366 sequimur,
2612 5318 2631 5343 ι
2668 5300 2776 5349 etc.
2812 5297 2875 5348 Et
2904 5295 3158 5366 peractis
3180 5293 3286 5349 rite
3332 5295 3616 5352 omnibus

1957 5384 2278 5438 referentes
2313 5387 2428 5438 Deo
2454 5385 2694 5452 gratias,
2729 5388 2997 5454 etpapae,
3023 5383 3125 5455 qui
3155 5399 3257 5438 eos
3289 5383 3502 5455 direxit
3536 5385 3615 5450 ad

244 5577 359 5646 (19)
387 5579 586 5630 Locus
617 5575 954 5641 corruptus.
2027 5563 2143 5633 (20)
2185 5565 2341 5617 Conc
2374 5565 2433 5615 Vl
2470 5567 2587 5642 act.
2615 5564 2667 5615 8.
