4132 6376
523 279 628 336 538

1733 270 2214 331 PANTALEONIS
2251 239 2683 336 DIACONICP.

3845 298 3951 354 536

520 402 759 459 bonum
803 400 867 457 in
908 398 1152 456 laudem
1206 397 1414 472 ipsius,
1464 400 1657 457 totum
1694 397 2017 456 concilium
2065 397 2183 455 ista
2211 397 2260 453 Α
2293 401 2424 455 tur:
2456 422 2484 450 «
2503 403 2749 476 Propter
2771 421 2960 479 quam
2986 424 3235 470 causam
3255 413 3435 471 nobis
3456 415 3821 486 necessario,
3840 416 3953 476 fra-

525 490 800 564 scripsit:
834 512 862 540 «
916 488 1309 546 Sanctissimo
1357 492 1413 545 et
1457 488 1888 557 beatissimo,»
1961 493 2073 545 etc.
2118 491 2184 545 Et

524 580 713 636 infra:
748 601 777 630 «
810 578 977 636 Unde
1004 583 1060 635 et
1088 593 1200 635 nos
1220 593 1433 634 omnes
1466 577 1592 645 tibi,
1617 582 1912 652 tanquam
1961 578 2181 651 princi-

523 668 649 742 pali
677 669 806 726 sedi
835 667 1107 725 Ecclesias
1128 666 1308 724 totius
1338 666 1520 733 orbis,
1573 668 1739 740 quod
1787 671 2022 739 gestum
2070 669 2175 734 est,

526 757 927 823 attribuimus,
943 756 1036 812 vel
1050 757 1482 813 committimus
1495 772 1679 829 supra
1690 757 1929 813 ﬁrmam
1942 761 2179 831 petram

521 846 667 904 fidei
693 847 893 913 stanti,
924 846 1253 919 litterisque
1274 862 1311 903 a
1336 850 1524 903 vestra
1538 846 1906 904 beatitudine
1935 847 2014 904 ad
2035 847 2178 919 piis-

526 937 751 993 simum
791 935 1220 1008 imperatorem
1249 934 1466 1001 missis,
1521 934 1585 991 in
1615 935 1834 1008 quibus
1861 951 2002 993 vera
2040 952 2179 994 con-

521 1026 704 1084 fessio
726 1026 1081 1092 continetur,
1113 1024 1365 1081 libenter
1397 1026 1834 1094 consensimus,
1858 1043 1996 1100 quae
2053 1031 2179 1085 tan-

522 1114 1177 1189 quam.summo|apice
1206 1113 1617 1187 apostolorum
1638 1117 1965 1185 enuntiata,
1998 1134 2181 1191 agnc-

523 1204 772 1264 scimus.
798 1227 831 1258 ιι

596 1302 740 1354 ltem
769 1300 1050 1365 Joannes,
1092 1295 1412 1369 episcopus
1458 1296 2175 1371 Constantinopolitanns,

525 1387 916 1443 Constantino
945 1401 1122 1458 papae
1141 1386 1226 1441 ita
1247 1387 1449 1443 scribit
1473 1404 1485 1441 :
1513 1409 1541 1436 «
1568 1389 1974 1456 Sanctissimo,
2005 1412 2033 1441 »
2064 1395 2174 1447 etc.

525 1475 592 1532 Et
620 1475 810 1531 infra:
836 1497 865 1524 ‹‹
896 1475 1051 1531 Licet
1090 1491 1213 1531 suae
1248 1475 1573 1533 divinitatis
1616 1482 1673 1533 et
1718 1479 1997 1551 potentias
2026 1480 2178 1536 indi-

525 1564 685 1620 cium
706 1564 908 1637 ipsam
928 1564 1411 1635 magnitudinem
1441 1565 1777 1633 creationis,
1801 1583 1937 1640 quae
1955 1568 2014 1625 in
2044 1569 2177 1625 visi-

521 1654 747 1711 bilibus
772 1659 877 1721 est,
908 1655 1111 1727 posuit
1140 1658 1292 1712 Deus
1320 1673 1333 1710 :
1357 1655 1659 1727 praecipue
1696 1661 1900 1713 tamen
1948 1659 2008 1714 in
2051 1675 2178 1732 pre-

523 1743 855 1800 tiosissima
891 1743 1158 1800 sensibili
1204 1747 1497 1811 creatura,
1548 1744 1664 1801 hoc
1708 1750 1815 1812 est,
1866 1745 1926 1802 in
1971 1752 2177 1805 nostro
2208 1750 2248 1805 B

521 1832 837 1907 plasmate,
866 1832 986 1899 illa,
1011 1849 1149 1907 quae
1174 1849 1297 1889 suae
1328 1832 1532 1903 glorias
1566 1838 1624 1890 et
1663 1836 1970 1908 sapientiae
2013 1842 2171 1905 sunt,

522 1922 976 1979 demonstravit.
1008 1924 1089 1978 Ex
1118 1939 1242 1996 quo
1259 1922 1436 1979 etiam
1475 1923 1900 1981 admirandam
1921 1942 2052 1982 esse
2075 1927 2176 1983 Dei

521 2011 884 2084 sapientiam
914 2011 1213 2083 Propheta
1244 2012 1603 2068 exclamavit
1627 2013 1778 2085 ipse.
1821 2017 2029 2087 Itaque
2066 2032 2174 2073 no-

521 2106 659 2158 strae
680 2105 909 2156 naturae
942 2101 1224 2158 Conditor
1246 2101 1513 2172 diligenti
1544 2103 1890 2174 operatione
1918 2105 2020 2161 toti
2049 2122 2173 2162 cor-

519 2190 653 2263 pori
684 2195 867 2262 caput
891 2190 1241 2262 praeposuit,
1276 2190 1338 2245 in
1376 2206 1502 2263 quo
1540 2191 1988 2263 perfectionem,
2049 2196 2174 2252 sive

519 2279 921 2350 integritatem
953 2295 1240 2335 sensuum
1280 2295 1615 2352 apponens,
1652 2282 1777 2338 sive
1816 2282 2170 2352 attribuens,

520 2383 768 2425 omnem
797 2367 937 2424 inde
976 2368 1345 2441 reliquorum
1392 2369 1805 2427 membrorum
1844 2377 2077 2428 motum
2118 2379 2174 2431 et

519 2457 948 2530 perfectionem
971 2456 1098 2512 ﬁeri
1131 2460 1186 2513 et
1221 2458 1563 2513 conservari
1592 2457 1746 2525 fecit,
1772 2459 1855 2515 ita
1885 2465 1949 2516 ut
1978 2461 2025 2516 si
2071 2461 2176 2519 ho-

516 2561 653 2603 rum
668 2545 915 2619 aliquod
932 2545 1156 2602 offendi
1170 2545 1496 2616 contigerit.
1521 2551 1624 2604 aut
1636 2548 1752 2604 alio
1764 2547 1948 2605 moio
1966 2549 2171 2621 affligi,

516 2650 644 2691 non
685 2635 813 2691 sine
847 2634 1151 2708 provisine
1193 2651 1405 2691 eorum
1463 2652 1607 2691 cura
1665 2637 1738 2693 sit
1792 2638 2007 2709 posita,
2066 2640 2176 2696 sed

519 2723 702 2782 etiam
724 2724 787 2781 in
802 2723 1166 2795 novissimis,
1199 2723 1507 2793 membris,
1532 2725 1655 2782 sive
1676 2725 1897 2782 viribus
1935 2732 2176 2786 natura-

517 2813 640 2869 lem
666 2813 1149 2887 compassionem
1191 2813 1468 2881 ostendit,
1495 2830 1603 2888 per
1625 2830 1917 2872 manuum
1950 2817 2176 2874 submi-

517 2902 934 2960 nistrationem
964 2908 1020 2960 ct
1049 2903 1363 2959 oculorum
1402 2920 1510 2976 per
1528 2904 1820 2961 visionem
1860 2905 2172 2975 ducatum,

522 2997 793 3061 sanatur,
819 2992 984 3066 quod
1013 2992 1301 3049 afﬂictum
1334 2998 1419 3048 est
1441 2993 1714 3062 etdolet;
1765 3010 1890 3050 non
1932 2996 2175 3066 injuria-

2292 491 2411 545 tres
2440 490 2595 547 adeo
2619 492 3026 568 honorabiles,
3058 508 3417 574 praesentem
3445 504 3704 562 litteram
3742 506 3947 563 mani-

2289 577 2453 635 festae
2484 582 2852 641 certitudinis
2876 588 3154 647 misimus
3187 593 3377 660 vobis,
3428 598 3486 650 et
3537 594 3942 663 ostendimus,

2289 682 2475 739 quam
2497 668 2572 726 sit
2591 670 2974 744 importabile
2991 680 3231 749 pondus
3252 681 3468 753 plagas,
3490 688 3737 755 propter
3775 685 3944 757 quod

2288 760 2345 813 et
2369 773 2561 830 usque
2590 760 2670 817 ad
2698 768 2956 822 vestram
2974 770 3371 841 sanctitatem,
3390 773 3726 829 secundum
3771 774 3943 846 quod

2288 847 2471 917 exigit
2496 852 2870 910 consuetudo
2892 857 3206 928 synodalis
3236 860 3651 929 attestationis,
3670 877 3776 918 seu
3803 880 3941 936 pro-

2288 936 2686 1009 clamationis,
2719 940 2999 1002 devenire
3025 948 3474 1022 prohibeamur,
3506 951 3819 1025 tyrannica
3839 954 3943 1012 de-

2286 1028 2453 1095 tenti,
2478 1049 2505 1079 ›)
2523 1041 2633 1092 etc.

2363 1122 2551 1188 Quem
2572 1125 2634 1182 in
2655 1126 2925 1188 favorem
2944 1134 3216 1192 Ecclesiae
3240 1137 3595 1208 ponendum
3628 1138 3944 1196 decretum

2290 1210 2680 1283 Constantini,
2708 1221 2873 1291 quod
2892 1228 3030 1294 post
3059 1230 3364 1297 receptam
3403 1229 3661 1298 gratiam
3696 1229 3761 1285 in
3790 1230 3945 1287 urbe

2290 1301 2562 1360 Romana
2589 1304 2768 1364 beato
2795 1312 2963 1366 Petro
2991 1317 3048 1368 et
3069 1316 3242 1387 Papae
3265 1318 3718 1374 successoribus
3737 1317 3947 1374 condi-

2290 1388 2396 1460 dit,
2428 1396 2485 1449 et
2508 1399 2630 1451 tam
2676 1398 2893 1455 Latinis
2952 1418 3137 1474 quam
3197 1407 3411 1462 Graecis
3464 1408 3668 1465 litteris
3711 1410 3948 1465 cunctis

2288 1478 2567 1579 fidelibus
2590 1486 2651 1542 in
2682 1493 2905 1546 aeterna
2934 1494 3227 1549 memoria
3248 1496 3504 1569 reliquit.
3541 1498 3753 1555 Scribit
3780 1499 3949 1555 enim

2290 1586 2371 1625 δια
2396 1588 2410 1627 Ζ

2644 1684 3041 1758 Privilegz‘um
3072 1691 3460 1749 Constantini
3488 1694 3627 1764 (22).

2360 1844 2388 1871 ‹‹
2412 1825 2821 1884 Necessarium
2841 1830 3187 1900 jndicamus
3207 1850 3347 1891 cum
3377 1836 3659 1893 omnibus
3680 1837 3948 1910 satrapis

2285 1913 2507 1968 nostris
2530 1919 2587 1970 et
2611 1920 2734 1972 toto
2765 1920 3062 1993 consultu,
3088 1927 3144 1978 et
3165 1924 3537 1997 principibus
3572 1931 3629 1982 et
3683 1926 3945 1999 populo,

2284 2001 2388 2072 qui
2420 2004 2641 2059 estsub
2670 2012 2959 2078 potestate
2998 2012 3283 2069 Romanae
3332 2014 3633 2083 Ecclesiae,
3683 2020 3747 2071 ut
3787 2016 3951 2073 sicut

2285 2095 2527 2146 sanctus
2553 2095 2756 2150 Petrus
2783 2112 2853 2152 ex
2880 2113 3137 2169 persona
3166 2100 3360 2157 ﬁdelis
3388 2104 3486 2158 Dei
3508 2108 3595 2160 est
3641 2103 3701 2159 in
3759 2108 3946 2173 terra,

2285 2177 2368 2233 sic
2390 2180 2659 2255 episcopi
2686 2189 2741 2239 et
2765 2202 3140 2243 successores
3170 2190 3457 2263 principis
3500 2191 3949 2265 apostolorum,

2283 2271 2639 2340 potestatem
2671 2273 2731 2327 in
2764 2278 2917 2330 terra
2944 2275 3211 2334 habeant
3254 2280 3468 2350 magis,
3518 2297 3707 2353 quam
3753 2281 3953 2353 impe-

2284 2356 2441 2413 rium
2464 2364 2739 2416 nostrum
2770 2362 2973 2432 gloriae
2996 2371 3238 2423 nostrae.
3274 2370 3338 2424 Et
3377 2368 3491 2425 hoc
3523 2385 3887 2426 concessum
3916 2387 3956 2428 a

2282 2446 2485 2516 nobis,
2515 2452 2571 2504 et
2595 2449 2673 2505 ab
2704 2450 2958 2524 imperio
2989 2460 3198 2511 nostro
3225 2461 3281 2512 et
3301 2457 3583 2513 volumus
3609 2475 3721 2515 nos
3743 2460 3956 2531 ipsum

2282 2536 2619 2609 principem
2647 2543 3085 2611 apostolorum,
3102 2550 3157 2600 et
3180 2562 3560 2603 successores
3577 2550 3707 2619 ejus
3727 2564 3796 2604 ex
3816 2565 3956 2622 per-

2286 2641 2433 2683 sona
2453 2628 2604 2699 ejus,
2634 2630 2863 2702 primos
2888 2632 2966 2688 ad
2996 2636 3183 2689 Deum
3216 2637 3415 2691 Patres
3445 2652 3578 2692 esse
3624 2642 3680 2693 et
3736 2638 3957 2695 defen-

2287 2730 2471 2772 sores.
2502 2721 2568 2775 Et
2598 2720 2748 2777 sicut
2776 2721 3105 2794 imperialis
3143 2729 3405 2796 potestas
3444 2730 3651 2783 nostra
3683 2728 3745 2783 in
3787 2732 3959 2785 terra

2284 2812 2600 2864 veneratur
2629 2813 2687 2866 et
2713 2810 3170 2875 honoratur,sic
3196 2814 3513 2884 faciamus,
3540 2819 3603 2871 ut
3626 2823 3957 2874 veneretur

2285 2905 2340 2956 et
2369 2899 2695 2955 honoretur
2724 2902 2997 2957 Romana
3020 2901 3295 2967 Ecclesia,
3320 2908 3377 2959 et
3398 2904 3595 2973 magis
3625 2920 3816 2977 quam
3837 2906 3952 2961 im-

2286 2990 2517 3062 perium
2538 2994 2834 3046 nostrum.
2864 2993 2926 3047 Et
2947 2996 3235 3047 aeternam
3288 2993 3493 3048 sedem
3525 2998 3798 3050 sanctam
3840 3010 3942 3051 ca-

521 3086 636 3151 tur,
664 3082 936 3156 despicit,
962 3087 1065 3138 aut
1093 3083 1282 3152 rejicit
1306 3083 1525 3138 horum
1563 3084 2048 3156 cooperationem
2082 3086 2177 3141 vel
2209 3097 2249 3153 ί]
2289 3078 2564 3134 thedram
2596 3078 2753 3135 beati
2786 3079 2935 3135 Petri
2968 3082 3253 3136 volumus
3307 3081 3631 3151 gloriiicari
3686 3090 3742 3139 et
3779 3081 3936 3139 exal-

523 3170 810 3236 ofﬁcium,
843 3171 1375 3242 tanquaminutile.
1402 3173 1469 3226 Et
1491 3172 1584 3226 his
1610 3171 1833 3244 itaque,
1867 3188 2000 3245 quae
2022 3174 2180 3231 circa

521 3265 788 3316 vestram
810 3260 1197 3331 praesentiam
1221 3265 1381 3326 sunt,
1399 3259 1695 3315 habemus
1722 3262 2066 3332 parabolice
2096 3264 2179 3319 lo-

525 3347 651 3420 qui,
671 3364 707 3403 o
727 3347 1127 3403 sanctissime.
1149 3351 1292 3403 Nam
1310 3364 1449 3403 cum
1468 3350 1996 3420 caputsacerdotii,
2016 3353 2182 3424 quod

526 3436 588 3491 in
619 3436 849 3491 Christo
876 3440 982 3506 est,
1019 3435 1307 3492 canonice
1327 3454 1437 3493 vos
1464 3453 1592 3493 esse
1622 3443 1994 3511 reputamus,
2040 3457 2180 3495 con-

530 3540 675 3595 grue
696 3525 1024 3598 qurerimus
1049 3541 1156 3596 per
1182 3542 1292 3581 vos
1319 3526 1607 3582 auxilium
1640 3526 1854 3593 dolori,
1895 3529 2001 3600 qui
2041 3546 2183 3584 con-

527 3614 719 3684 tingit,
741 3618 798 3671 et
824 3614 1097 3670 tristitiae.
1134 3614 1542 3671 Ecclesiastico
1568 3632 1711 3688 ergo
1729 3618 1985 3689 corpori,
2017 3618 2183 3691 quod

528 3704 589 3759 in
620 3704 796 3759 nobis
818 3708 923 3775 est,
957 3710 1203 3777 propter
1223 3705 1601 3778 pestilentem
1618 3713 1674 3762 et
1691 3707 2032 3763 morbidam
2053 3708 2180 3781 pla-

527 3809 672 3865 gam
701 3793 1045 3850 animarum
1086 3811 1121 3851 a
1178 3797 1491 3867 tyrannica
1535 3801 1827 3867 potestate
1871 3797 2178 3871 inﬂictam,

529 3883 1004 3941 consolationem
1042 3884 1272 3941 mittite.
1310 3888 1556 3941 Prorsus
1604 3887 1763 3941 enim
1787 3887 2013 3943 ratione
2044 3905 2184 3960 pro-

526 3973 797 4046 prietatis
825 3973 1057 4045 capitis,
1085 3974 1564 4045 nosinconsulte,
1590 3976 1682 4029 vel
1709 3991 1831 4030 non
1854 3977 2183 4032 voluntarie

527 4061 865 4118 inﬁrmatos
912 4079 1032 4118 non
1077 4063 1446 4133 despiciatis,
1493 4079 1689 4134 neque
1730 4064 2100 4120 identitatem
2151 4082 2187 4121 a

527 4154 750 4206 natura
779 4149 969 4220 obliti,
998 4151 1297 4221 repellatis
1328 4166 1439 4206 nos
1471 4152 1601 4221 ('21).
1632 4151 1735 4206 sed
1773 4153 1965 4219 magis
1989 4154 2184 4224 plagis

526 4241 751 4296 nostris
782 4239 1174 4296 condoleatis.
1203 4242 1351 4296 Cum
1375 4241 1534 4295 enim
1564 4244 1796 4309 patitur
1814 4257 1995 4298 unum
2016 4260 2188 4301 mem-

533 4327 795 4398 brorum,
848 4328 1183 4383 secundum
1242 4328 1406 4384 Pauli
1452 4344 1685 4397 vocem,
1744 4334 2189 4400 compatz’mztur

2292 3168 2403 3224 tari
2428 3184 2439 3221 :
2460 3167 2670 3223 dantes
2693 3167 2743 3222 ei
2773 3172 3148 3239 potestatem,
3175 3175 3229 3224 et
3253 3169 3457 3239 gloriae
3479 3170 3848 3239 dignitatem.
3896 3176 3959 3226 et

2295 3257 2700 3326 discernentes
2722 3256 3027 3312 sancimus
3055 3264 3117 3313 ut
3146 3258 3368 3314 habeat
3396 3263 3744 3331 potestatem
3777 3259 3954 3329 prin-

2298 3345 2573 3417 cipalem,
2608 3351 2664 3401 et
2690 3345 2763 3400 sit
2783 3348 2915 3417 ipsa
2944 3352 3124 3418 caput
3150 3352 3412 3420 quatuor
3452 3348 3703 3409 sedium.
3728 3346 3963 3405 scilicet

2297 3434 2455 3490 sedis
2486 3434 2883 3502 Alexandriae,
2919 3436 3263 3504 Antiochim,
3289 3437 3868 3509 Hierosolymorum,
3898 3442 3962 3494 et

2299 3523 2858 3596 Constantinopolis.
2888 3527 2951 3580 Et
2972 3525 3239 3581 similiter
3266 3527 3327 3583 in
3354 3526 3641 3583 omnibus
3673 3524 3961 3582 Ecclesiis

2298 3614 2479 3669 totius
2512 3613 2673 3668 orbis
2701 3612 3039 3686 episcopus,
3074 3617 3176 3687 qui
3207 3621 3295 3672 est
3320 3616 3379 3672 in
3420 3623 3631 3672 sancta
3684 3618 3967 3672 Romana

2297 3702 2558 3759 Ecclesia
2580 3703 2862 3759 sacerdos
2883 3703 3109 3759 mundi.
3137 3706 3200 3759 Et
3215 3704 3509 3777 quidquid
3534 3708 3621 3761 est
3634 3704 3713 3761 ad
3728 3704 3961 3761 sancti-

2295 3800 2500 3860 titem,
2532 3792 2625 3847 vel
2664 3792 2973 3849 utilitatem
3008 3793 3128 3863 Dei,
3153 3798 3210 3849 et
3250 3794 3700 3862 correctionem,
3759 3799 3816 3850 et
3861 3795 3966 3849 ﬁr-

2299 3884 2566 3940 mitatem
2596 3881 2735 3937 ﬁdei
2759 3881 3249 3949 Christianorum,
3281 3888 3347 3938 ut
3373 3882 3450 3939 ab
3476 3884 3607 3955 ipso
3624 3882 3956 3956 judicetur.

2298 3976 2531 4028 Justum
2556 3975 2643 4026 est
2674 3970 2854 4038 enim,
2884 3974 2949 4026 ut
2976 3970 3057 4025 ibi
3082 3977 3293 4027 sancta
3320 3971 3420 4027 lux
3436 3971 3659 4028 habeat
3685 3976 3869 4043 caput
3896 3977 3959 4028 et

2300 4060 2682 4133 principium,
2706 4059 2810 4131 qui
2831 4063 3072 4115 sanctus
3103 4059 3446 4131 Legislator,
3471 4060 3532 4115 id
3553 4065 3661 4127 est,
3686 4060 3965 4117 Salvator

2297 4157 2501 4207 noster
2526 4152 2697 4205 Jcsus
2729 4148 2993 4205 Christus
3021 4148 3196 4204 beato
3230 4150 3400 4205 Petro
3418 4149 3601 4221 jussit
3630 4156 3827 4206 tenere
3862 4167 3960 4208 ca-

2298 4240 2595 4304 thedram,
2628 4243 2683 4293 et
2713 4237 2891 4293 etiam
2922 4237 3026 4293 ubi
3057 4238 3401 4309 passionem
3431 4238 3711 4294 sustinuit
3734 4242 3957 4308 crucis,

2298 4337 2353 4388 et
2380 4330 2573 4386 beatae
2604 4328 2810 4384 mortis
2842 4327 3086 4383 calicem
3113 4327 3282 4400 bibit,
3318 4328 3509 4385 factus
3539 4328 3804 4385 imitator
3842 4333 3959 4386 lla-

529 4416 745 4473 merito
771 4417 972 4472 omnia
994 4418 1260 4474 membra
1279 4419 1345 4473 ³⁸.
1375 4421 1541 4474 Nunc
1562 4418 1741 4487 igitur
1767 4424 1823 4475 et
1848 4435 2185 4489 recursum,
2225 4456 2267 4511 Β
2301 4419 2463 4491 gislri
2493 4422 2549 4473 et
2578 4416 2812 4472 Domini
2844 4416 2954 4485 sui,
3000 4422 3056 4472 et
3086 4422 3150 4472 ut
3173 4416 3396 4473 ibidem
3429 4422 3636 4489 gentes
3666 4418 3961 4475 inclinent

530 4505 739 4577 quoad
769 4505 1087 4562 sanitatem
1114 4508 1210 4575 sit,
1237 4507 1317 4563 ad
1360 4506 1795 4565 restitutionem
1855 4511 2185 4581 perfectam

529 4594 707 4651 nobis
732 4595 1038 4651 concedite
1059 4596 1408 4667 justissima.
1432 4598 1796 4665 Etmaxime,
1820 4601 2068 4672 quando
2099 4603 2187 4658 in-

528 4686 783 4744 ﬁrmitas
810 4688 1190 4745 occasionem
1229 4705 1352 4746 non
1385 4689 1512 4746 sine
1544 4706 1728 4747 causa
1776 4693 2043 4764 corporis
2090 4694 2186 4749 sui

529 4775 998 4833 stabilimentum
1012 4779 1325 4851 acceperit,
1342 4777 1447 4835 sed
1470 4780 1547 4835 ad
1569 4780 1939 4837 extrinsecus
1976 4787 2184 4838 coacto

527 4869 585 4922 et
609 4865 1378 4939 improvisoimpensa,sive
1401 4883 1613 4924 casum
1637 4885 1812 4925 suum
1827 4871 2182 4941 acceperit.»

595 4954 815 5012 Postea
838 4958 1033 5013 mutat
1059 4972 1402 5029 personam,
1444 4958 1588 5030 quia
1615 4957 1881 5031 loquitur
1907 4959 2179 5027 concilio,

522 5046 689 5119 quod
715 5054 1190 5116 congregaverat
1221 5063 1400 5119 papa,
1440 5052 1686 5120 propter
1716 5048 1993 5104 eamdem
2044 5065 2181 5104 cau-

522 5150 675 5205 sam,
710 5134 785 5190 de
815 5150 939 5207 qua
968 5134 1065 5190 hic
1106 5135 1304 5204 igitur,
1337 5136 1559 5191 scilicet
1583 5141 1827 5209 propter
1858 5138 2178 5192 lconoma-

520 5221 693 5293 chos,
711 5222 929 5281 scilicet
951 5222 1406 5297 impugnatores
1424 5224 1780 5295 imaginum.
1802 5224 1941 5281 Inde
1964 5224 2174 5281 subdi-

592 5454 643 5491 "
682 5453 702 5510 l
725 5454 852 5511 Cor.
879 5456 982 5520 xii,
1014 5458 1104 5513 29.

616 5577 709 5647 21)
751 5578 939 5634 Locus
960 5577 1257 5635 obscurus
1287 5583 1346 5637 et
1370 5579 1727 5636 mendosus.

2300 4508 2497 4580 capita
2527 4522 2636 4561 sua
2676 4508 2921 4578 prepter
2973 4505 3414 4562 confessionem
3473 4507 3737 4563 nominis
3795 4508 3962 4564 Chri-

2300 4597 2396 4663 sti,
2453 4596 2553 4651 ubi
2596 4596 2804 4650 doctor
2850 4611 3060 4650 eorum
3113 4595 3329 4652 beatus
3369 4597 3592 4653 Paulus
3639 4598 3959 4670 apostolus

2297 4692 2542 4760 propter
2572 4686 2868 4741 Christum
2901 4685 3229 4741 extendens
3283 4689 3596 4755 cervicem,
3660 4703 3958 4745 coronam

2296 4776 2567 4849 martyrii
2588 4775 2869 4848 suscepit,
2904 4780 2961 4831 et
2989 4791 3180 4848 usque
3210 4776 3267 4831 in
3300 4776 3483 4832 ﬁnem
3512 4778 3723 4833 mundi
3762 4777 3846 4833 ibi
3871 4795 3961 4835 re-

2294 4866 2536 4940 quirant
2566 4865 2896 4933 doctorem,
2917 4863 3021 4920 ubi
3047 4870 3396 4922 sanctorum
3424 4866 3690 4939 reliquiae
3719 4868 3959 4941 requie-

2294 4959 2486 5014 scunt.
2510 4976 2539 5007 »

2364 5049 2428 5102 Et
2453 5044 2646 5102 infra:
2686 5067 2705 5095 ι
2742 5047 2983 5116 Propter
3010 5044 3125 5100 hoc
3154 5044 3293 5100 utile
3322 5045 3720 5114 aestimamus,
3764 5046 3958 5119 impe-

2291 5136 2444 5191 rium
2464 5139 2734 5191 nostrum
2753 5139 2810 5189 et
2830 5135 3163 5206 potentiam
3188 5135 3421 5207 imperii
3447 5134 3520 5191 ad
3536 5138 3739 5207 partes
3762 5137 3958 5192 orien-

2290 5224 2437 5282 tales
2466 5223 2794 5291 transferri,
2837 5222 2984 5280 etin
3020 5224 3325 5295 regionem
3377 5224 3664 5298 Byzantii,
3717 5224 3778 5281 in
3822 5225 3958 5283 loco

619 5649 708 5721 22)
747 5650 883 5707 Haec
913 5650 1280 5708 Constantini
1308 5651 1556 5712 donatio
1583 5650 1769 5712 ﬁdem
1796 5668 1923 5715 non
1952 5660 2213 5717 meretur
2253 5659 2312 5725 et
2336 5670 2373 5716 a
2401 5653 2622 5731 criticis
2653 5652 2940 5723 omnibus
2964 5650 3347 5726 reprobatur.
