2066 3201
131 167 185 194 537

836 164 974 193 CONTRA
996 163 1152 193 GR/ECOS.

1793 166 1846 194 538

130 228 197 257 utili
213 227 364 256 civitatem
375 226 514 261 condere,
530 228 559 255 et
581 226 743 263 imperium
757 229 895 256 nostrum
908 227 961 256 ibi-
980 230 1002 256 A
1017 227 1101 264 quod
1113 226 1204 262 legati
1218 227 1303 255 missi
1318 227 1357 256 ab
1372 235 1408 257 ea
1423 228 1711 265 Constantinopolim
1724 236 1845 256 summo

132 273 205 302 dem
220 271 379 300 collocare.
395 271 545 305 Quoniam
555 271 607 299 ubi
618 273 661 299 est
671 272 853 308 principium
868 280 963 300 sacer-

132 318 221 351 dotii,
238 318 266 345 et
281 318 373 353 caput
382 316 556 344 Christianae
586 316 739 351 religionis
753 324 772 345 a
786 318 864 351 Rege
876 317 963 345 coelo-

132 371 202 391 rum
217 360 544 396 traditum,indignum
554 362 608 396 est,
623 362 656 389 ut
680 361 723 389 ibi
750 369 803 390 rex
828 363 964 390 terrenus

133 407 249 436 habeat
263 407 454 443 potestatem.
470 416 483 430 »

172 453 241 479 Haec
256 452 285 478 et
298 450 347 478 his
364 449 476 478 slmilia
491 449 725 487 quamplurima
735 451 924 479 continentur
933 451 964 479 in

136 496 220 525 dicto
234 494 388 532 privilegio
402 494 596 530 Constantini,
611 495 694 531 quod
716 495 756 524 ad
776 496 923 523 honorem
936 497 964 524 et

138 540 335 570 reverentiam
350 541 548 568 sacrosanctse
571 541 714 568 Romanae
745 540 893 574 Ecclesiae,
914 540 964 569 illo

139 587 272 621 tempore
284 585 394 612 Graecis
409 587 438 612 et
451 584 570 618 Latinis,
581 586 614 612 ut
631 584 745 613 dictum
774 587 829 618 est,
858 585 963 613 litteris

136 629 350 667 promulgavit.
362 631 422 657 Hoc
434 631 536 657 tamen
547 637 565 657 a
575 630 736 666 semetipso
759 638 821 658 non
848 630 962 663 habuit,

135 675 191 703 sed
203 683 272 703 cum
283 677 361 702 esset
369 677 438 702 tunc
449 677 584 710 tempore
602 674 888 707 Christianissimus,
900 683 965 703 san-

133 722 253 747 ctorum
273 721 473 747 trecentorum
488 718 592 747 decem
609 721 637 747 et
652 720 848 753 octo_Patrum
869 719 966 747 conci‘

131 765 174 792 lio
184 764 328 792 interesse
342 764 451 792 meruit
465 763 512 791 vel
531 764 662 796 studuit;
684 766 711 791 et
722 763 828 791 eodem
858 764 966 799 Spiritu

132 816 198 844 quo
213 810 241 836 et
251 807 309 844 ipsi
335 807 425 844 pleni,
449 808 551 836 sedem
574 807 783 843 apostolorum
810 808 964 843 principis,

132 855 224 890 prout
240 852 271 880 in
287 852 449 887 Evangelia
461 860 480 881 a
495 852 622 880 Domino
638 852 794 887 didicerat,
807 852 837 880 in
852 853 966 880 honore

133 898 263 933 dignam
278 905 343 925 esse
358 898 498 926 decrevit.
509 897 551 925 lbi
567 897 646 925 enim
658 897 791 933 praedicti
804 897 901 925 sancti
916 899 966 925 Pa-
983 906 1002 932 Β

133 946 194 970 tres
201 942 431 978 praerogativam
442 942 619 976 dignitatem
634 941 769 969 Ecclesiis
782 949 835 977 per
851 941 967 969 univer-

133 995 204 1015 sum
224 987 331 1015 orbem
364 986 583 1023 dispensantes.
611 987 780 1014 Romanam
807 986 967 1014 Ecclesiam

134 1039 203 1059 esse
211 1033 303 1067 caput
311 1031 449 1059 omnium
459 1031 656 1059 Ecclesiarum
674 1031 704 1058 in
716 1030 778 1058 suis
788 1030 968 1059 deﬁnierunt

134 1076 290 1104 sententiis
305 1085 311 1110 ;
326 1077 415 1112 prout
430 1076 461 1103 in
485 1075 684 1112 prmallegatis
713 1075 844 1103 conciliis
869 1083 968 1103 neces—

132 1121 214 1149 sario
227 1120 456 1156 comprobatur.

172 1165 229 1193 Sed
242 1168 271 1193 et
297 1165 405 1201 reliqui
428 1165 622 1201 imperatores
643 1164 801 1192 orthodoxi
824 1164 967 1193 thronum

134 1210 212 1238 Petri
220 1209 364 1237 omnibus
375 1209 441 1237 aliis
451 1209 654 1245 praeferentes,
664 1208 739 1237 tales
762 1208 799 1236 de
810 1209 878 1244 ipsa
887 1209 967 1244 leges

134 1254 356 1282 condiderunt:
375 1254 555 1289 «Volumus,
581 1256 614 1282 ut
637 1254 736 1281 omnis
765 1254 848 1288 regio
876 1254 966 1282 eccle-

134 1300 256 1327 siastica
263 1299 497 1327 consuetudines
506 1300 646 1326 Romanae
657 1297 792 1326 Ecclesiae
802 1298 964 1327 imitetur.»

133 1345 167 1371 Et
181 1344 309 1372 iterum:
325 1355 335 1368 ι
355 1344 470 1371 Dictam
484 1343 585 1371 sedem
599 1343 682 1370 omni
702 1342 817 1370 honore
841 1342 965 1377 dignam

133 1389 335 1422 decrevimus,
352 1388 425 1424 quia
452 1388 600 1424 quidquid
615 1388 651 1415 ad
667 1386 879 1415 correctionem
894 1388 965 1417 tidei

133 1435 262 1469 spectat,
279 1433 318 1461 ab
333 1433 383 1460 illa
396 1432 466 1461 sede
482 1432 536 1460 fuit
549 1441 667 1469 semper
691 1434 854 1467 receptum,
872 1441 966 1462 corre-

136 1481 223 1505 ctum
234 1480 261 1505 et
277 1478 477 1506 emendatum.
494 1489 507 1502 »

179 1523 250 1555 Quae
269 1524 374 1549 cuncta
407 1522 432 1550 si
447 1522 574 1557 diligens
598 1522 690 1551 lector
709 1524 856 1552 discutere
875 1523 965 1556 volet,

146 1566 277 1594 inveniet
299 1566 349 1595 illa
377 1567 443 1599 tria,
468 1574 536 1603 quae
564 1567 594 1594 in
618 1568 764 1604 principio
779 1569 863 1596 istius
875 1568 967 1604 partis
983 1581 1002 1609 ρ

142 1611 410 1647 fuerantquzesita,
431 1619 496 1639 esse
522 1611 630 1640 soluta.
656 1613 797 1641 Videlicet
822 1621 883 1649 quo
896 1615 969 1640 tem-

140 1664 214 1692 pore
225 1657 361 1683 Romana
387 1656 516 1684 Ecclesia
540 1656 645 1685 habuit
669 1657 758 1685 istam
780 1659 967 1693 potestatem,

139 1700 186 1728 vel
199 1708 217 1728 a
230 1708 301 1736 quo,
314 1703 342 1728 et
351 1702 453 1728 utrum
464 1708 555 1735 super
566 1708 673 1729 omnes
695 1701 909 1736 universaliter,
921 1700 969 1729 vel

137 1744 357 1781 particulariter
372 1752 464 1780 super
476 1744 605 1780 aliquos.
635 1746 722 1778 Quod
750 1746 857 1774 iterum
881 1754 968 1781 repe-

134 1791 235 1818 tentes
245 1789 374 1816 dicimus
389 1797 395 1816 :
410 1789 496 1821 Quod
505 1789 713 1818 auctoritatem
725 1790 831 1818 habuit
841 1789 970 1818 Ecclesia

136 1842 155 1862 θ.
167 1834 294 1868 Christo,
311 1834 464 1861 mediante
480 1836 572 1868 Petro,
590 1835 637 1862 cui
653 1843 725 1863 cura
740 1835 877 1863 omnium
886 1833 969 1870 spiri—

136 1879 265 1907 tualium
287 1878 455 1914 specialiter
466 1878 509 1906 sin
515 1878 715 1916 gulariterque
727 1880 781 1907 fuit
792 1879 968 1907 commissa:

140 1923 365 1951 exsecutionem
375 1925 474 1950 tamen
497 1924 663 1958 potestatis,
676 1923 911 1951 velauctoritatis
919 1923 971 1950 ha-

138 1967 192 1995 bet
202 1967 331 1995 Ecclesia
341 1975 357 1994 a
370 1968 468 2003 primo
478 1967 603 1995 concilio
615 1969 715 1995 Nicaeae
726 1968 873 1996 celebrato
898 1967 968 2002 (23):

141 2011 175 2039 in
184 2019 246 2046 quo
255 2016 447 2048 unaquaeque
464 2011 548 2039 sedes
564 2012 732 2040 secundum
744 2013 812 2048 plus
821 2014 847 2039 et
858 2012 969 2045 minus,

141 2055 287 2084 honorem
304 2056 344 2084 ab
360 2056 507 2092 apostolis
523 2059 685 2092 receperat,
699 2059 727 2084 et
738 2057 838 2084 minus
849 2056 902 2084 fuit
914 2056 971 2092 pri-

137 2100 278 2135 vilegiata
296 2103 324 2128 et
352 2100 498 2128 exaltata:
529 2101 705 2136 dignitatem
734 2110 804 2129 vero
826 2103 969 2136 ctpotcn-

135 2145 212 2172 tiam
224 2145 421 2181 temporalem
432 2145 714 2180 recepitatidelihus
728 2145 968 2181 imperatoribus,

135 2190 189 2226 qui
207 2191 371 2224 atempore
390 2191 418 2216 B.
432 2189 582 2225 Sylvestri,
609 2198 663 2225 pro
678 2198 713 2216 ea
726 2190 864 2225 publicas
888 2190 969 2223 leges

133 2233 375 2270 promulgantes,
391 2234 415 2261 ei
431 2242 534 2269 pacom
553 2234 710 2261 dederunt.
734 2235 825 2270 Unde,
844 2240 870 2261 ct
883 2234 969 2261 donis
986 2248 997 2270 ι-

132 2278 308 2313 largissiine
319 2279 430 2310 dotata,
443 2278 492 2312 jus
507 2287 595 2305 suum
611 2278 702 2305 libere
715 2287 803 2313 super
815 2287 929 2312 omnes,
943 2281 970 2305 et

133 2323 252 2358 ubique
264 2330 300 2350 ex
312 2325 381 2350 tunc
398 2322 488 2358 erepit
503 2323 672 2350 extendere.
690 2323 770 2351 Unde
787 2325 815 2350 ct
827 2323 902 2350 duos
920 2331 969 2358 pa-

134 2367 284 2395 triarchas
301 2367 446 2398 Photium,
460 2370 486 2394 et
497 2367 662 2402 quemdam
686 2367 778 2394 alium
792 2369 846 2402 (2st)
857 2368 885 2394 in
897 2367 968 2394 urbe

132 2411 472 2447 Constantinopolitana
511 2410 690 2446 deposuisse
716 2411 911 2444 dignoscitur,
943 2412 971 2437 ct

131 2456 292 2494 quosdam
305 2456 379 2483 alios
391 2456 684 2483 excommunicasse.
699 2457 759 2482 lmo
770 2456 799 2482 in
812 2458 919 2482 cuncta
928 2463 970 2481 re-

130 2501 271 2531 verentia
284 2500 388 2529 habita
400 2503 445 2528 est
456 2502 524 2527 ante
539 2500 672 2527 schisma
689 2501 775 2527 sedes
792 2499 968 2535 apostolica,

170 2587 231 2621 (23)
246 2586 307 2613 Hoc
321 2593 396 2612 sano
413 2593 504 2612 sensu
516 2584 611 2621 accipi
627 2585 724 2611 debet.
744 2587 832 2612 Sriaw.

172 2623 234 2656 (24)
255 2621 430 2648 Anthimum
457 2620 568 2653 forsan,
587 2620 625 2647 ab
644 2623 775 2655 Agapeto
798 2620 969 2655 depositum

131 2655 331 2694 temporibus
341 2655 513 2694 Justiniani,
526 2656 620 2694 voluit
636 2656 779 2694 iudicare.
796 2657 878 2694 ltxss.

171 2691 230 2728 (2'5")
250 2692 376 2728 Romani
391 2691 548 2728 pontitices
563 2691 820 2728 Constantinopoli
835 2700 904 2728 suos
919 2691 970 2719 ha-

131 2729 210 2758 bere
220 2726 418 2764 responsale’sr
432 2727 494 2754 sive
520 2726 745 2764 apocrisiarios,
759 2726 823 2764 sed
845 2727 885 2754 illi
908 2734 969 2764 non

133 2762 320 2793 dicebantur
333 2763 432 2798 legati,
453 2770 508 2789 nec
536 2762 842 2795 fueruntcardinales,
870 2771 924 2789 nec
940 2763 971 2790 id

135 2799 362 2836 atemporibus
387 2798 582 2826 Constantini.
608 2798 661 2836 sed
687 2798 970 2836 Justinianipotius

134 2833 322 2865 instittitum.
336 2835 394 2862 Nec
410 2836 480 2862 tunc
494 2833 638 2869 temporis
660 2834 806 2869 palatium
822 2833 877 2862 fuit
905 2841 970 2861 car-

1019 280 1087 300 cum
1102 272 1217 301 honore
1228 274 1256 301 et
1268 273 1411 301 laudibus
1424 274 1636 310 reciperentur.
1653 273 1724 302 inde
1747 276 1802 308 est,
1813 276 1847 302 ut

1018 316 1082 353 ipse
1090 316 1253 353 imperator
1263 317 1300 344 de
1310 325 1389 354 equo
1399 318 1521 354 proprio
1532 318 1794 354 resiliens,equum
1807 318 1846 345 le-

1019 362 1157 396 gatorum
1167 361 1305 397 pedester
1323 362 1453 391 traheret
1469 362 1526 399 (25)
1544 370 1641 399 usque
1653 362 1689 390 ad
1700 361 1845 398 palatium

1018 405 1103 442 quod
1129 405 1335 434 Cardinalium
1359 407 1535 441 vocabatur,
1563 406 1709 435 imitando
1736 404 1847 433 scilicet

1019 450 1224 479 Constantium
1255 451 1275 484 I,
1321 451 1559 480 Christianorum
1588 451 1767 487 principem,
1794 448 1846 484 qui

1018 494 1107 523 beato
1123 495 1273 531 Sylvestro
1288 495 1379 524 talem
1393 496 1594 525 reverentiam
1610 494 1796 531 dignoscitur
1808 493 1847 521 fe-

1019 538 1106 572 cisse,
1123 541 1212 575 prout
1224 539 1254 567 in
1269 540 1393 576 praefato
1406 540 1562 576 privilegio
1571 540 1738 568 continetur
1752 537 1847 566 mani-

1019 583 1104 613 feste.
1120 584 1166 612 Ait
1176 584 1271 614 enim:
1286 595 1300 609 ‹‹
1313 586 1346 612 Et
1354 587 1486 613 tenentes
1501 585 1619 613 frenum
1634 584 1710 620 ejus,
1726 584 1848 619 propter

1018 629 1156 657 timorem
1174 632 1203 657 et
1221 630 1420 658 reverentiam
1433 631 1465 658 B.
1490 631 1574 664 Petri,
1604 629 1738 657 stratoris
1748 627 1847 656 ofﬁcio

1020 674 1067 701 usi
1080 682 1196 708 sumus,
1210 682 1263 710 per
1279 675 1458 711 scripturam
1468 675 1622 712 publicam
1633 674 1749 702 cunctis
1760 673 1847 700 inno-

1020 720 1145 746 tescant.
1168 730 1177 744 ι
1201 719 1283 747 Unde
1294 722 1376 747 tanta
1387 720 1504 748 caecitas
1517 718 1670 747 modernis
1685 717 1802 750 Graecis,
1818 719 1848 745 et

1021 764 1129 791 mentis
1145 764 1308 799 hebetudo,
1320 767 1352 792 ut
1366 765 1477 798 dicant,
1488 772 1519 792 se
1533 772 1595 792 non
1618 763 1711 792 teneri
1723 762 1763 790 ad
1777 761 1847 790 obe-

1021 807 1164 836 dientiam
1180 809 1316 836 Ecclesim
1332 809 1502 837 Romanas?

1057 854 1128 880 item
1141 860 1325 888 quaeramus,
1345 855 1374 881 et
1388 853 1446 889 ipsi
1467 852 1685 889 respondeant:
1711 852 1768 879 Aut
1779 850 1846 879 reli-

1021 897 1086 933 quit
1096 897 1216 925 Petrum
1229 898 1413 926 utvicarium
1424 898 1502 925 sedis
1515 905 1589 932 suae,
1602 898 1654 925 aut
1661 904 1732 924 non.
1749 895 1778 923 Si
1792 895 1844 929 sic,

1022 941 1171 969 habemus
1184 942 1383 978 propositum,
1397 944 1425 970 et
1438 944 1537 970 cessat
1550 941 1649 970 omnis
1670 940 1807 977 quaestio,
1819 941 1848 967 et

1024 994 1130 1014 sumus
1147 987 1178 1014 in
1191 995 1275 1022 pace.
1288 987 1316 1015 Si
1333 995 1411 1015 non:
1437 987 1491 1015 sed
1515 987 1622 1015 eadem
1634 986 1761 1019 ratione,
1774 985 1847 1020 quia

1023 1032 1124 1059 Petrus
1137 1039 1197 1059 non
1210 1031 1396 1067 relinquitur,
1408 1039 1464 1059 nec
1478 1031 1624 1063 Andreas,
1637 1038 1692 1059 nec
1706 1029 1845 1062 Jacohus,

1023 1083 1078 1103 nec
1094 1076 1204 1112 aliquis
1217 1076 1292 1103 alius
1306 1076 1469 1112 apostolus.
1484 1076 1567 1104 Unde
1582 1083 1653 1111 ergo
1668 1075 1699 1103 in
1718 1073 1848 1102 Ecclesia

1024 1120 1183 1148 multitudo
1196 1120 1323 1153 sedium,
1341 1123 1369 1149 et
1381 1121 1560 1156 dignitatum
1573 1120 1740 1152 diversitas,
1771 1120 1799 1146 et
1812 1117 1847 1146 li-

1023 1165 1115 1199 gandi
1128 1168 1217 1201 atque
1228 1165 1360 1193 solvendi
1375 1165 1491 1193 animas
1503 1167 1586 1193 tanta
1596 1166 1728 1200 potestas
1740 1163 1753 1190 ἱ)
1765 1162 1848 1190 Unde

1022 1209 1111 1237 etiam
1128 1209 1456 1245 Constantinopolitano
1485 1209 1605 1245 praesuli
1621 1209 1704 1237 tanta
1722 1207 1768 1235 vel
1782 1206 1848 1235 talis

1021 1256 1167 1289 potestas,
1183 1255 1263 1281 unde
1278 1254 1358 1282 dicat
1378 1262 1410 1281 se
1426 1254 1558 1290 primum
1573 1256 1641 1289 post
1664 1260 1787 1289 papam,
1803 1250 1849 1279 vel

1022 1306 1112 1334 super
1140 1298 1214 1326 alios
1240 1299 1428 1335 patriarchas
1457 1299 1471 1326 ?
1492 1299 1549 1327 Sed
1576 1298 1689 1331 dicunt,
1718 1296 1801 1333 quod
1831 1304 1849 1324 a

1021 1343 1165 1370 conciliis.
1183 1343 1240 1371 Sed
1249 1343 1377 1371 concilia
1401 1343 1503 1371 sedem
1531 1343 1616 1377 Petri,
1637 1343 1727 1378 prout
1749 1343 1848 1369 osten-

1021 1395 1089 1414 sum
1105 1389 1158 1421 est,
1173 1387 1237 1415 aliis
1252 1388 1423 1424 praeferunt.
1442 1387 1523 1415 Unde
1547 1387 1653 1415 beatus
1679 1386 1848 1422 Stephanus

1020 1434 1082 1466 νέος,
1105 1431 1135 1459 id
1155 1435 1210 1463 est.
1227 1440 1321 1460 novus
1340 1435 1455 1468 martyr
1470 1431 1600 1468 (supple,
1614 1431 1672 1465 his,
1688 1430 1741 1466 qui
1758 1437 1848 1457 voca-

1020 1476 1095 1504 bant
1108 1484 1178 1504 eum
1192 1477 1231 1504 ad
1246 1477 1402 1513 quoddam
1418 1477 1529 1504 falsum
1544 1476 1713 1510 concilium)
1726 1481 1847 1510 respon-

1021 1521 1081 1549 dit:
1096 1533 1110 1547 «ι
1126 1522 1283 1554 Quomodo
1295 1524 1394 1550 vestra
1409 1521 1544 1557 synodus
1557 1520 1738 1549 universalis
1760 1526 1848 1547 voca-

1022 1565 1110 1599 bitur,
1124 1566 1154 1594 in
1175 1574 1236 1602 quo
1262 1568 1397 1593 Romano
1422 1573 1483 1593 non
1506 1565 1620 1601 placuit
1639 1563 1769 1600 praesuli,
1785 1563 1847 1590 sine

1022 1619 1084 1647 quo
1099 1610 1285 1647 impossibile
1300 1612 1344 1638 est
1353 1618 1488 1646 prorsus,
1504 1618 1552 1637 res
1567 1608 1785 1637 ecclesiasticas
1796 1615 1848 1635 ca—

1023 1654 1155 1682 nonizari
1170 1656 1184 1683 ‘I
1200 1665 1213 1680 υ
1230 1654 1311 1682 lstud
1326 1654 1528 1683 testimonium
1543 1653 1690 1681 invenitur
1709 1651 1848 1688 passione

1024 1707 1080 1727 sua
1090 1700 1279 1727 conﬁrmare.
1294 1700 1327 1727 Et
1337 1699 1451 1735 alioqui
1476 1699 1629 1727 inﬁrmare
1649 1699 1717 1726 ante
1735 1697 1848 1731 legatos

1024 1752 1085 1772 non
1105 1747 1221 1780 poterat
1249 1744 1419 1778 concilium,
1439 1751 1495 1772 nec
1517 1742 1694 1779 congregari
1717 1741 1849 1769 similiter

1026 1789 1090 1816 sine
1106 1796 1255 1816 consensu
1270 1796 1370 1824 papte.
1387 1789 1463 1823 Ergo
1483 1790 1512 1815 et
1535 1789 1688 1815 Romanus
1716 1785 1849 1821 pontifex

1024 1832 1115 1861 habet
1128 1834 1306 1868 potestatem
1318 1832 1452 1860 similiter
1462 1831 1658 1868 principalem
1666 1838 1684 1859 a
1695 1829 1827 1858 conciliis
1840 1837 1847 1862 ;

1025 1879 1053 1904 et
1064 1877 1133 1904 inde
1145 1879 1177 1904 ut
1191 1877 1284 1912 prius.

1062 1922 1090 1948 Si
1105 1929 1176 1949 vero
1189 1921 1334 1948 dixerint:
1360 1922 1417 1948 Nos
1431 1922 1608 1956 reputemus
1634 1927 1703 1947 eum
1731 1925 1849 1946 excom-

1026 1965 1211 1993 municatum
1218 1965 1420 1992 ethaereticum
1433 1965 1518 2000 :quia
1530 1964 1680 1992 addiditin
1688 1962 1830 1999 Symbolo
1841 1970 1847 1989 :

1027 2010 1179 2044 Filioque;
1193 2009 1298 2036 etideo
1310 2017 1370 2036 non
1386 2009 1562 2036 obediemus
1579 2009 1606 2036 ei
1621 2008 1687 2043 (26).

1062 2055 1133 2081 ltem
1146 2053 1341 2088 qumriturah
1366 2053 1423 2080 eis:
1451 2054 1482 2081 In
1508 2060 1570 2088 quo
1593 2050 1731 2083 concilio,
1756 2049 1850 2078 autin

1026 2106 1086 2133 qua
1102 2098 1219 2132 synodo
1234 2100 1331 2124 tantus
1360 2100 1465 2132 pastor
1480 2100 1507 2124 et
1538 2099 1620 2124 Pater
1651 2096 1784 2123 licclesire
1798 2094 1852 2121 fuit

1026 2142 1179 2169 convictus
1191 2142 1227 2168 de
1240 2142 1398 2168 mendacio
1408 2145 1434 2168 et
1448 2141 1562 2169 liceresi.
1574 2140 1727 2168 communi
1737 2141 1851 2166 sentcn-

1026 2188 1065 2214 tia
1079 2187 1312 2213 condemnatus:
1329 2194 1395 2221 qua:
1414 2194 1481 2212 cum
1497 2185 1652 2212 o<tcudcrc
1673 2193 1733 2211 non
1750 2186 1850 2219 potue-

1026 2234 1103 2262 runt,
1120 2232 1193 2266 quia
1207 2239 1363 2266 nunquam
1390 2230 1500 2257 factum
1522 2233 1574 2261 cst,
1602 2229 1738 2261 dicimus,
1769 2227 1853 2263 quod

1026 2276 1141 2302 etiamsi
1159 2283 1260 2301 \‘Pl‘tllll
1287 2277 1374 2306 Pssct,
1398 2274 1481 2309 quod
1506 2274 1531 2301 ci
1554 2274 1726 2309 imponitur,
1753 2275 1852 2299 tamen

1025 2320 1134 2347 falsum
1142 2322 1194 2353 est,
1206 2319 1282 2346 sicut
1289 2327 1379 2355 supra
1387 2318 1672 2346 demonstravimus.
1684 2320 1852 2352 Antequam

1026 2366 1222 2392 convincatur
1250 2363 1454 2399 principaliter
1485 2371 1538 2398 per
1559 2362 1728 2395 concilium,
1752 2363 1854 2388 manet

1027 2416 1245 2444 semperpenes
1261 2416 1330 2435 eum
1353 2408 1533 2439 auctoritas;
1562 2415 1617 2434 nec
1645 2406 1734 2434 debet
1756 2405 1852 2439 vitari,

1027 2454 1079 2481 sed
1091 2461 1196 2480 omnes
1210 2455 1347 2480 tenentur
1373 2453 1398 2479 ci
1424 2452 1556 2485 obedire,
1584 2458 1751 2487 quousque,
1780 2450 1854 2477 sicut

1025 2498 1167 2531 diximus,
1183 2498 1213 2525 in
1224 2506 1277 2525 sua
1289 2497 1447 2533 prrescntia
1459 2499 1657 2531 cognoscatur
1668 2503 1770 2523 causa.
1792 2495 1853 2522 Hoc

1026 2583 1188 2613 dinalium;
1206 2582 1317 2618 quippe
1334 2590 1392 2609 non
1412 2581 1441 2608 in
1452 2581 1568 2618 (edibus
1590 2579 1728 2618 propriis,
1759 2579 1812 2618 sed
1822 2579 1852 2606 in

1027 2619 1137 2654 palatio
1153 2616 1631 2654 regioHabitabantapocrisiarii,
1659 2617 1796 2654 utnpatct
1819 2623 1852 2641 ex

1026 2650 1152 2691 epistola
1163 2654 1267 2691 Phocais
1283 2654 1322 2680 ad
1338 2650 1510 2691 Gregorium
1525 2653 1674 2691 Magnum.
1689 2652 1745 2691 Nec
1759 2650 1853 2691 ullum

1026 2687 1153 2718 o'ccurrit
1169 2689 1313 2725 palatium
1330 2687 1528 2725 cardinaliuni
1543 2687 1624 2723 apud
1647 2687 1854 2725 Constantino-

1048 2726 1128 2753 olim.
1154 2722 1211 2752 Nec
1227 2725 1356 2759 denique
1366 2731 1431 2750 mos
1443 2722 1742 2759 fuitimperatoribus
1755 2725 1853 2750 tantos

1048 2735 1128 2753 Ollm.
1154 2735 1211 2752 lVeC
1227 2735 1356 2759 Genlun
1366 2735 1431 2750 IUUS
1444 2735 1496 2750 ιυιι
1506 2735 1548 2750 ιω

1025 2735 1155 2790 lionores
1171 2760 1275 2795 legatis
1290 2759 1452 2786 deferendi.
1473 2756 1553 2787 BASN.

1062 2799 1121 2833 (26)
1131 2797 1216 2824 Deest
1227 2795 1394 2831 responsio.
