4132 6396
458 310 560 366 539

1702 305 2187 363 PANTALEONIS
2226 306 2513 364 ΠῙᾹΟῦΝῘ
2547 309 2657 367 CP.

3764 308 3872 364 ΜΟ

456 431 971 500 docentconcilia,
1000 430 1154 489 ratio
1207 430 1384 487 ducet
1402 434 1461 486 ct
1497 430 1782 500 suggerit,
1824 433 1880 486 et
1925 444 2103 486 cano-
2132 431 2179 484 A
2213 435 2421 493 tasset,
2459 430 2809 504 compulsus
2847 436 2940 488 est
2984 431 3307 503 praedictus
3364 446 3528 505 papa
3572 446 3871 502 magnum

455 537 564 578 nes
592 520 982 593 compellunt.
1005 519 1173 577 Unde
1221 519 1281 575 in
1310 524 1527 591 quarto
1556 519 1811 575 concilio
1856 519 2104 591 patriar-

457 614 571 670 cha
605 612 1043 669 Alexandrinus
1089 612 1427 680 Dioscorus,
1467 616 1525 666 et
1578 610 1875 683 Eutyches
1917 610 2104 666 archi-

455 702 778 773 mandrita,
823 717 962 757 cum
992 715 1102 773 per
1148 715 1324 755 suam
1367 698 1776 755 facinorosam
1826 698 2106 755 haeresim

454 791 651 848 forent
677 790 1040 864 deponendi,
1068 795 1205 846 ante
1233 794 1437 846 tamen
1457 788 1642 845 latam
1665 790 2023 845 sententiam
2052 794 2110 844 et

455 896 704 938 causam
726 880 1054 951 cognitam,
1076 878 1391 935 manifeste
1411 877 1544 934 loca
1571 894 1681 933 sua
1710 883 2029 934 tenuerunt
2047 878 2105 933 in

454 969 728 1035 concilio,
757 975 814 1025 et
835 982 1075 1040 semper
1103 967 1471 1025 venerabiles
1489 968 1726 1034 Patres,
1779 970 1833 1024 et
1856 974 2108 1023 sanctis-

455 1060 589 1115 simi
613 1061 1010 1115 vocabantur.

528 1148 670 1203 Cum
712 1147 890 1217 igitur
944 1162 1057 1202 nec
1094 1147 1156 1201 in
1198 1145 1315 1201 hoc
1373 1158 1436 1200 se
1523 1145 1762 1216 possint
1825 1159 2111 1201 excusare

455 1236 658 1299 Graeci,
708 1235 868 1292 unde
921 1242 1028 1300 est,
1087 1234 1255 1307 quod
1318 1249 1354 1289 a
1408 1238 1600 1289 matre
1642 1233 1900 1289 Ecclesia
1946 1239 2111 1290 tanto

461 1331 734 1397 tempore
789 1326 1155 1393 recedentes,
1195 1323 1387 1380 redire
1429 1323 1505 1378 ad
1549 1322 1957 1379 obedientiam
1989 1330 2111 1378 tam

462 1414 765 1470 obstinato
818 1416 1024 1470 animo
1092 1412 1440 1469 recusant?
1502 1414 1652 1467 Puto
1707 1411 1874 1484 quod
1924 1410 2114 1481 longi’

454 1504 708 1559 turnitas
792 1502 1083 1574 temporis
1168 1502 1329 1559 hanc
1424 1501 1752 1558 caecitatem
1817 1500 2111 1556 interioris

459 1591 721 1647 hominis
742 1591 979 1647 induxit
997 1592 1100 1647 eis.
1122 1590 1426 1647 Transacti
1477 1595 1618 1645 sunt
1665 1589 1825 1646 enim
1873 1595 2112 1661 trecenti

451 1680 757 1750 octoginta
805 1681 949 1736 anni
1009 1685 1067 1736 et
1121 1677 1406 1750 amplius,
1480 1684 1546 1733 ut
1610 1678 1887 1748 creditur,
1946 1678 2111 1750 quod

2214 520 2495 577 Carolum
2515 520 2592 577 de
2617 520 2854 576 Gallicis
2894 520 3168 593 partibus
3211 536 3484 587 evocare,
3533 521 3672 577 etin
3704 520 3874 577 Italia

2214 610 2640 682 imperatorem
2668 611 3045 679 constituere,
3070 617 3128 666 et
3146 611 3418 666 Ecclesiae
3467 609 3874 666 defensorem.

2217 699 2441 755 Etenim
2486 699 2731 755 eratille
2768 701 2906 765 Leo,
2949 704 3014 755 ut
3060 699 3296 769 legitur,
3345 698 3521 755 valde
3558 698 3877 770 voluptuo-

2217 805 2338 853 sus,
2365 793 2421 844 et
2445 788 2581 844 ideo
2609 790 2670 844 in
2694 789 2980 858 regimine
3012 789 3247 860 imperii
3297 789 3392 844 sui
3442 788 3618 845 valde
3663 786 3877 843 remis-

2217 894 2339 932 sus.
2377 876 2541 934 Unde
2570 893 2680 933 suo
2728 885 2997 951 tempore
3051 878 3329 935 Saraceni
3387 876 3646 949 Syriam,
3701 875 3878 933 Turci

2218 980 2356 1021 vero
2408 965 2860 1037 Cappadociam
2910 966 3318 1035 obtinuerunt,
3359 970 3417 1023 et
3445 966 3531 1022 sic
3574 965 3734 1022 facta
3784 968 3879 1021 est

2218 1054 2433 1111 divisio
2462 1055 2699 1126 imperii
2726 1055 3001 1113 Romani.

2294 1143 2570 1199 Secunda
2601 1144 2842 1200 occasio
2866 1143 3174 1201 divisionis
3196 1142 3324 1210 fuit,
3375 1144 3521 1215 quia
3571 1157 3695 1200 non
3741 1147 3877 1198 tue-

2220 1237 2360 1288 runt
2374 1232 2569 1288 vocati
2603 1232 2682 1288 ad
2717 1233 3037 1289 concilium
3055 1232 3602 1303 Ultramontanum,
3621 1231 3877 1304 quando

2221 1320 2317 1376 illa
2342 1320 2557 1379 dictio:
2612 1322 2903 1393 Filioque,
2942 1321 3052 1378 fuit
3088 1322 3391 1394 apposita.
3440 1323 3679 1388 Verum,
3729 1320 3882 1393 quia

2223 1411 2495 1482 superius
2514 1426 2758 1468 causam
2784 1412 3172 1480 signavimus,
3207 1410 3304 1467 hic
3335 1410 3728 1467 subticemus.

2292 1503 2481 1557 Tertia
2504 1501 2746 1558 occasio
2766 1501 2891 1568 fuit,
2937 1516 3124 1573 quam
3163 1500 3279 1573 ipsi
3320 1499 3651 1572 aliquando
3697 1499 3883 1555 nobis

2219 1590 2281 1645 iu
2338 1590 2614 1647 familiari
2653 1591 2954 1663 colloquio
2988 1590 3466 1659 assignaverunt,
3505 1588 3727 1646 scilicet
3778 1605 3880 1645 su-

2220 1679 2412 1750 perba
2449 1680 2628 1737 nimis
2675 1682 2909 1737 exactio
2952 1679 3288 1749 legatorum
3334 1694 3532 1749 papas.
3585 1677 3881 1735 Dicebant

448 1768 609 1826 istud
640 1769 905 1827 schisma
927 1774 985 1826 et
1006 1767 1363 1826 scandalum
1404 1768 1584 1839 coepit
1612 1767 1777 1824 oriri.
1822 1766 1935 1822 Sed
1957 1782 2110 1823 nun-
2151 1766 2191 1819 Β
2222 1782 2486 1841 namque
2539 1770 2654 1839 (27)
2716 1769 3056 1826 referentes.
3121 1767 3287 1840 quod
3356 1766 3607 1839 quando
3694 1765 3880 1837 legati

449 1857 594 1930 quid
622 1864 864 1931 tempus
886 1856 1237 1930 priejudicat
1260 1856 1317 1912 in
1342 1856 1560 1912 talibus
1579 1856 1746 1912 ?imo
1770 1861 1934 1912 tanto
1981 1870 2103 1911 ma-

450 1945 545 2017 gis
570 1938 655 2005 rei
684 1945 1044 2014 schismatis,
1081 1945 1247 2011 apud
1305 1956 1560 2000 examen
1592 1944 1799 2001 aeterni
1844 1943 2092 2006 Judicis,

450 2039 680 2107 quanto
730 2034 975 2091 indultae
1050 2034 1415 2106 poenitentiae
1471 2033 1843 2109 temporibus
1881 2032 2101 2101 ingrati

449 2122 816 2191 abutuntur;
848 2123 1180 2195 praesertim
1201 2138 1340 2178 cum
1388 2120 1594 2188 semel,
1616 2121 1733 2183 bis,
1789 2127 1897 2187 ter,
1954 2120 2105 2176 sicut

447 2211 513 2267 in
534 2211 747 2268 Graecis
767 2214 1142 2284 reperiuntur
1170 2210 1449 2271 historiis,
1474 2225 1580 2281 per
1602 2209 1834 2279 legatos
1882 2211 2100 2265 Itoma-

447 2314 543 2357 nae
565 2300 763 2365 curiae,
787 2305 843 2356 et
882 2315 1075 2372 nuper
1118 2314 1228 2371 per
1271 2298 1480 2354 fratres
1514 2298 1703 2354 nostri
1745 2297 1992 2364 ordinis,
2046 2303 2101 2353 et

447 2388 682 2445 Fratres
712 2389 963 2445 Minores
988 2393 1255 2459 tempore
1285 2386 1547 2456 Gregorii
1590 2388 1659 2441 IX
1697 2401 1890 2458 papas.
1923 2404 1952 2443 υ
1989 2401 2100 2442 suo

447 2492 647 2533 errore
674 2477 892 2534 fuerint
919 2476 1170 2534 dulciter
1222 2475 1522 2532 revocati:
1557 2482 1620 2532 ut
1667 2474 1935 2542 tandem,
1966 2474 2101 2530 licet

446 2580 602 2635 sero,
641 2566 719 2622 ad
761 2567 960 2623 sinum
1012 2566 1221 2621 matris
1279 2563 1551 2621 Ecclesiae
1598 2565 1932 2631 redeuntes,
1975 2578 2096 2620 uno

445 2669 570 2724 ore,
602 2655 878 2728 quamvis
899 2654 1145 2711 diversis
1168 2665 1458 2710 sonorum
1488 2652 1758 2722 vocibus,
1783 2652 2096 2709 benedice-

443 2757 649 2800 remus
671 2743 887 2816 pariter
922 2743 1385 2816 Redemptorem
1411 2748 1684 2798 nostrum
1705 2743 1907 2797 Jesum
1938 2741 2096 2798 Chri-

444 2837 622 2901 stum,
655 2834 758 2905 qui
787 2839 876 2888 est
920 2831 1274 2888 benedictus
1318 2831 1379 2887 in
1440 2830 1662 2887 saecula
1710 2829 2091 2887 saeculorum.

440 2926 652 2978 Amen.

518 3013 759 3068 Constat
787 3027 929 3081 ergo
956 3028 1027 3067 ex
1067 3012 1162 3068 his
1186 3027 1323 3084 quae
1345 3010 1505 3067 dicta
1555 3014 1716 3072 sunt.
1762 3008 1929 3082 quod
1978 3011 2093 3065 Ro-

2220 1859 2440 1913 summi
2465 1857 2758 1930 pontiﬁcis
2774 1857 2853 1913 ab
2875 1858 3005 1930 ipsa
3028 1857 3171 1913 sede
3200 1855 3537 1928 apostolica
3557 1855 3878 1911 annuatim

2216 1948 2797 2020 Constantinopolim
2820 1947 3083 2003 chrisma
3132 1945 3504 2014 deferebant,
3552 1945 3670 2001 nisi
3711 1949 3878 2000 octo-

2214 2036 2381 2104 ginta
2407 2036 2596 2092 libras
2623 2037 2816 2092 auria
2840 2035 2999 2092 clero
3047 2040 3105 2091 ct
3158 2035 3324 2090 urbis
3355 2033 3606 2107 populo,
3654 2038 3876 2106 praeter

2211 2125 2329 2181 alia
2363 2126 2527 2182 dona
2556 2133 2613 2182 et
2667 2125 3031 2181 munuscula
3070 2125 3301 2181 eisdem
3357 2124 3875 2196 impenderentur,

2211 2230 2328 2269 non
2356 2214 2733 2270 recedebant.
2763 2217 2952 2270 Taceo
2973 2230 3106 2283 age,
3138 2213 3402 2279 aiebant,
3428 2212 3505 2269 de
3535 2227 3782 2284 pompa,
3816 2217 3880 2267 et

2210 2303 2517 2373 superbia,
2540 2319 2726 2375 quam
2767 2301 3334 2375 ipsiostendebant.

2279 2393 2504 2456 Quarta
2525 2407 2663 2448 vero
2693 2398 2749 2447 et
2773 2391 3433 2463 potissima,quantum
3482 2390 3561 2446 ad
3617 2388 3869 2454 clerum,

2205 2480 2316 2535 fuit
2337 2479 2633 2551 depositio
2663 2480 2849 2535 Photii
2875 2480 3256 2551 patriarchas,
3285 2486 3340 2535 et
3380 2477 3878 2535 excommunica-

2206 2569 2504 2640 tioipsius,
2547 2576 2602 2624 et
2640 2568 3317 2639 aliorumpraslatorum,
3367 2574 3423 2623 et
3451 2566 3873 2639 quorumdam

2205 2658 2516 2714 abbatum.
2551 2658 2663 2714 Sed
2694 2658 2997 2730 numquid
3026 2658 3156 2713 haec
3183 2655 3489 2711 sufﬁciunt
3510 2656 3586 2711 ad
3618 2671 3874 2711 excusa-

2206 2748 2428 2803 tionem
2457 2747 2602 2803 tanti
2631 2746 2992 2812 schismatis,
3027 2753 3082 2802 et
3111 2744 3508 2817 perditionem
3535 2747 3618 2798 tot
3635 2743 3878 2799 anima-

2203 2852 2335 2891 rum
2361 2836 2387 2891 ‘?
2409 2836 2646 2891 Minime
2702 2835 2815 2891 Sed
2835 2858 2861 2885 ‹‹
2895 2834 3274 2891 occasionem
3302 2849 3413 2904 pro
3441 2832 3595 2887 facto
3624 2832 3870 2903 quaerit,

2203 2924 2455 2997 quivult
2484 2925 2761 2981 recedere
2823 2924 2901 2979 ab
2939 2924 3157 2979 amico.
3183 2946 3203 2971 ι
3237 2921 3350 2977 Sed
3400 2920 3546 2993 quid
3598 2920 3872 2992 sequitur

2203 3015 2261 3069 in
2285 3015 2635 3071 auctoritate
2656 3014 2683 3069 ?
2705 3014 2881 3069 Omni
2897 3021 3181 3081 tempore,
3203 3010 3399 3083 inquit
3415 3008 3723 3079 Salomon,
3752 3012 3868 3065 erit

442 3115 664 3157 manus
686 3101 953 3172 pontifex
982 3105 1163 3171 caput
1199 3106 1287 3156 est
1341 3100 1610 3155 omnium
1671 3097 2093 3162 Ecclesiarum,
2133 3108 2174 3164 C
2203 3103 2589 3160 exsecrabilis
2613 3105 2679 3168 ³⁸,
2714 3104 2773 3157 id
2800 3108 2907 3165 est,
2949 3101 3232 3169 vitandus
3282 3098 3361 3155 ab
3406 3097 3713 3164 omnibus,
3764 3108 3867 3153 de-

442 3187 566 3245 sive
626 3188 975 3245 universalis
1020 3187 1292 3244 Ecclesiae
1347 3204 1487 3243 cum
1542 3203 1666 3243 una
1719 3186 1815 3247 sit,
1857 3190 1915 3239 et
1968 3200 2091 3240 non

442 3275 669 3348 plures,
691 3291 1124 3348 successorque
1172 3277 1322 3335 Petri
1344 3282 1401 3333 et
1446 3276 1702 3332 vicarius
1762 3274 1862 3330 Dei
1892 3273 1955 3329 in
1987 3279 2094 3328 ter-

441 3363 552 3429 ris;
580 3369 638 3420 et
665 3365 716 3420 ei
739 3370 1030 3437 tanquam
1052 3365 1167 3434 ipsi
1192 3365 1442 3421 Domino
1486 3369 1721 3436 oportet
1770 3361 2001 3428 ﬁdeles,
2031 3362 2090 3417 in

439 3451 678 3526 hisque:
703 3453 1035 3510 secundum
1055 3457 1243 3511 Deum
1270 3461 1428 3523 sunt,
1450 3452 1665 3509 devote
1686 3458 1745 3508 et
1783 3450 2092 3506 humiliter

442 3541 704 3599 obedire.
740 3546 851 3600 Eos
880 3560 1042 3611 vero,
1075 3545 1178 3617 qui
1224 3542 1657 3600 contumaciter
1706 3542 2091 3612 impugnant,

443 3636 498 3688 et
516 3631 712 3705 ipsam
744 3633 947 3691 sedem
979 3633 1251 3691 Ecclesiae
1273 3648 1394 3691 non
1421 3637 1695 3688 asserunt
1723 3645 1859 3686 esse
1889 3635 2089 3701 caput,

444 3722 598 3777 sicut
611 3723 792 3793 jama
818 3723 1203 3796 pontiﬁcibus
1244 3721 1516 3793 ejusdem
1566 3720 1725 3775 sedis
1781 3719 2093 3774 decretum

442 3815 551 3877 est,
574 3812 973 3873 anathematis
1003 3811 1205 3882 gladio
1234 3810 1524 3884 percussi,
1579 3824 1716 3864 cum
1777 3808 2009 3864 Dathan
2038 3815 2094 3864 et

444 3898 665 3956 Abirou
683 3902 1025 3961 schismatis
1047 3902 1397 3957 incursuros
1417 3898 1675 3955 dicimus
1697 3896 2089 3970 dispendium

441 3986 848 4046 damnationis
873 3996 1131 4047 aeternae.

766 4104 851 4158 De
876 4109 1139 4173 quatuor
1164 4107 1361 4159 causis
1388 4100 1746 4157 schismatis.

515 4210 743 4271 Causas
771 4234 909 4272 vero
940 4218 1063 4272 sive
1092 4216 1506 4272 excusationes
1537 4210 1876 4268 schismatis
1907 4211 2092 4267 credi-

443 4320 580 4359 mus
607 4322 739 4361 esse
768 4310 1047 4378 quatuor.
1076 4305 1267 4361 Prima
1298 4302 1406 4359 fuit
1451 4301 1663 4358 divisio
1709 4290 1964 4371 imperii.
2004 4300 2091 4356 Li-

444 4398 536 4446 cet
565 4393 723 4448 enim
752 4393 1161 4465 imperatores.
1185 4393 1289 4464 qui
1319 4390 1653 4457 regnabant
1677 4389 2091 4445 Constantino-

442 4480 586 4551 poli,
619 4487 753 4553 post
782 4497 1080 4536 recessum
1116 4478 1484 4537 Constantini
1516 4478 1594 4534 ab
1623 4478 1768 4533 urbe
1800 4480 2089 4545 Romana,

441 4584 552 4642 pro
601 4586 671 4624 eo
706 4570 869 4642 quod
941 4575 1129 4625 totum
1194 4569 1568 4624 contulerant
1608 4566 1900 4636 Ecclesiae,
1941 4567 2094 4623 sicut

444 4673 626 4728 supra
652 4657 937 4725 diximus,
969 4658 1196 4713 nullum
1218 4658 1317 4730 jus
1346 4657 1631 4713 haberent
1661 4658 1719 4711 in
1774 4655 1957 4722 Italia,
2009 4656 2095 4710 in-

443 4736 679 4801 terdum
702 4751 901 4801 tamen
932 4746 1155 4820 ubique
1179 4753 1597 4821 regnaverunt.
1646 4742 1755 4801 Sed
1780 4760 1917 4799 cum
1940 4743 2096 4799 infra

444 4822 671 4891 italiam
708 4852 898 4908 nsque
929 4836 1004 4892 ad
1039 4838 1290 4891 Romam
1315 4836 1575 4891 barbara
1614 4850 1761 4903 gens
1808 4833 2094 4895 irruisset,

441 4929 499 4979 et
529 4941 804 4980 summus
833 4927 1095 4998 pontifex
1122 4924 1408 4980 auxilium
1433 4922 1811 4996 imperatoris
1862 4923 2092 4988 Leonis,

441 5011 547 5084 qui
579 5019 705 5070 erat
754 5002 1291 5086 Constantinopoli,
1332 5012 1706 5084 requisisset,
1763 5017 1819 5066 et
1855 5010 1951 5066 ille
1995 5025 2095 5066 ne-

441 5091 729 5174 gligenter
749 5104 1009 5175 agendo,
1023 5104 1310 5159 auxilium
1340 5109 1624 5174 praestare
1645 5099 1917 5156 Ecclesiae
1938 5099 2094 5156 refu-

442 5208 451 5249 ἲ
485 5238 491 5249 ι
518 5220 567 5255 ἰ
600 5206 1009 5289 Ρινογζκχνιιι,
1042 5223 1094 5273 9.
1125 5220 1173 5253 ³⁵
1206 5222 1315 5273 lsa.
1348 5233 1498 5283 XXIV,
1531 5222 1582 5271 2-

512 5318 626 5405 (27)
648 5333 870 5407 Eadem
904 5351 1152 5407 prorsus
1192 5332 1301 5407 fuit
1331 5332 1585 5407 _Lutheri
1625 5335 1681 5387 et
1728 5329 2092 5407 Lutherano-

441 5400 582 5477 rum
608 5400 749 5477 olim
778 5400 1295 5477 querela,quando
1311 5402 1704 5477 defectionem
1731 5400 1811 5456 ab
1831 5400 2091 5477 Ecclesia

443 5470 878 5548 moliebantur;
907 5470 1110 5547 iniqu’a
1146 5491 1410 5548 prorsus,
1454 5472 1737 5539 mendax,
1784 5470 2089 5528 etcalum-

443 5544 619 5599 niosa
643 5544 1182 5617 utrobique.STa\v.
1263 5612 1266 5616 Α
1367 5600 1373 5609 ,
1546 5613 1561 5617 _
1832 5613 1863 5617 _
2070 5550 2078 5559 ’

516 5617 631 5687 (28)
663 5615 763 5670 llic
808 5613 935 5672 erat
976 5616 1115 5681 ﬁnis
1170 5613 1456 5672 tractatus
1488 5613 1773 5670 adversus
1823 5613 2079 5682 Graecos,

2205 3199 2445 3264 spectus
2501 3199 2559 3247 et
2616 3192 2798 3259 vilis;
2851 3191 3020 3263 quod
3060 3205 3325 3263 praesens
3369 3188 3498 3245 dies
3554 3186 3772 3243 indicat
3795 3186 3864 3241 in

2202 3280 2468 3336 ecclesiis
2526 3282 2886 3336 Graecorum.
2968 3283 3115 3335 Nam
3162 3278 3612 3334 incarcerantur
3650 3289 3863 3330 eorum

2203 3369 2397 3424 clerici
2424 3374 2480 3424 et
2508 3369 2813 3435 monachi,
2847 3369 2999 3424 sicut
3035 3368 3231 3423 cieteri
3260 3367 3485 3433 rustici,
3534 3362 3868 3436 etpopula-

2202 3474 2296 3512 res
2330 3462 2668 3513 exactiones
2692 3464 2749 3514 et
2771 3457 3029 3530 pedagia
3078 3457 3232 3513 ﬁunt
3281 3472 3463 3528 super
3505 3471 3628 3519 eos,
3655 3468 3870 3525 quem-

2202 3547 2535 3603 admodum
2559 3563 2739 3619 super
2778 3547 2990 3603 laicos‘.
3051 3553 3112 3603 ut
3164 3561 3373 3601 verum
3436 3544 3531 3610 sit,
3564 3541 3729 3616 quod
3755 3557 3872 3614 per

2203 3637 2563 3707 prOphetam
2591 3636 2875 3708 scriptum
2896 3641 3023 3690 est:
3056 3635 3222 3691 Sicut
3246 3636 3527 3703 populus,
3558 3635 3643 3689 sic
3667 3646 3869 3688 sacer-

2201 3727 2306 3781 dos
2337 3727 2404 3780 ”.
2439 3725 2741 3781 Translata
2765 3724 3099 3797 estquippe
3116 3723 3307 3795 gloria
3337 3722 3414 3780 ab
3448 3723 3532 3777 eis
3581 3719 3869 3777 sacerdo-

2204 3815 2359 3884 talis,
2383 3816 2641 3886 dignitas
2662 3826 2722 3870 et
2754 3814 3161 3871 ecclesiastica
3217 3813 3458 3869 libertas
3488 3813 3549 3866 in
3599 3815 3870 3867 contem-

2202 3910 2371 3977 ptum
2402 3907 2664 3963 redacta.
2701 3910 2847 3962 Nam
2902 3921 3039 3975 quas
3092 3903 3218 3959 vult
3262 3903 3409 3974 ipse,
3457 3902 3564 3974 qui
3602 3901 3871 3972 imperat

2199 3995 2523 4080 instituere,
2548 3995 2831 4059 instituit;
2884 4002 2938 4049 et
2958 4009 3141 4065 quem
3173 3991 3302 4047 vult
3325 3992 3648 4063 deponere,
3694 3988 3862 4043 simi-

2198 4077 2328 4151 iiter
2357 4084 2623 4155 deponit.
2648 4087 2711 4139 Et
2739 4084 2970 4139 merito.
2999 4083 3070 4137 Ut
3109 4082 3212 4153 qui
3267 4081 3518 4136 subesse
3584 4077 3869 4134 Ecclesiae

2200 4174 2487 4228 Romanas
2518 4177 2572 4227 et
2594 4174 2865 4244 personis
2895 4170 3315 4227 ecclesiasticis
3346 4173 3867 4240 contempserunt,

2201 4261 2553 4331 subiaceant
2581 4278 2742 4317 nunc
2773 4261 2938 4317 laicis
2963 4259 3336 4332 principibus
3390 4262 3483 4314 vel
3535 4257 3723 4313 inviti.
3757 4260 3868 4314 Re-

2200 4342 2571 4418 cognoscant
2614 4350 2959 4407 distantiam
3011 4348 3333 4409 servitutis,
3368 4352 3427 4403 et
3471 4346 3866 4404 dominorum

2120 4453 2168 4509 ι)
2203 4439 2365 4493 orbis
2413 4444 2702 4495 terrarum
2763 4445 2819 4493 et
2885 4441 3327 4504 convertantur,
3373 4442 3431 4493 et
3498 4435 3758 4491 clament
3782 4435 3863 4492 ad

2203 4530 2544 4592 Dominum,
2568 4535 2625 4581 et
2645 4544 2953 4583 summum
2973 4526 3341 4598 pontiﬁcem,
3364 4530 3417 4581 et
3437 4524 3647 4581 liberet
3666 4540 3791 4581 eos.

2278 4620 2407 4671 Haec
2429 4625 2629 4671 autem
2646 4617 2866 4687 scripta
2891 4622 3029 4671 sunt
3048 4631 3209 4671 anno
3237 4614 3468 4670 Domini
3516 4612 3861 4681 millesimo,

2203 4705 2617 4761 ducentesimo
2643 4704 3148 4777 quinquagesimo
3180 4703 3448 4759 secundo
3506 4720 3566 4758 1n
3620 4702 3863 4760 civitate

2204 4794 2769 4865 ConstantinOpolis,
2819 4811 2855 4849 a
2904 4793 3188 4850 fratribus
3240 4792 3753 4860 Preedicatoribus,
3779 4793 3862 4849 ad

2202 4883 2662 4939 aediﬁcationem
2698 4884 2984 4943 Ecclesiae.
3013 4890 3070 4937 et
3108 4882 3442 4954 profectum
3491 4884 3856 4948 animarum,

2205 4974 2280 5028 ad
2310 4972 2550 5027 laudem
2583 4979 2639 5027 et
2689 4972 2937 5040 gloriam
2988 4971 3198 5039 Patris,
3226 4976 3282 5026 et
3307 4970 3447 5041 Filii,
3503 4974 3561 5027 et
3606 4969 3859 5042 Spiritus

2204 5062 2417 5117 sancti.
2447 5068 2635 5116 Amen
2665 5065 2797 5129 (28).

2199 5344 2381 5401 quem
2406 5332 2877 5401 composuerunt
2908 5326 3113 5382 fratres
3160 5326 3555 5401 Domi_nicani.
3591 5326 3732 5393 Qum
3764 5342 3854 5383 se-

2199 5398 2467 5471 (juuntur
2501 5398 2637 5457 sunt
2695 5398 2937 5471 alterius
2977 5398 3576 5471 auctoris,_Hugonis
3629 5413 3853 5471 nempe

2196 5468 2574 5542 Etherium,
2611 5470 2715 5542 qui
2741 5469 3061 5542 scripserat
3108 5484 3204 5524 an.
3270 5469 3427 5542 lt70.
3485 5468 3543 5524 Id
3592 5468 3850 5542 patetex

2193 5540 2345 5666 ipsof
2384 5541 2552 5668 tti‘tulo
2585 5559 2597 5596 :
2630 5540 2786 5610 ‘Quce
2834 5540 3092 5598 admista
3132 5540 3466 5609 praedictis.
3520 5542 3660 5598 Vide
3714 5540 3849 5598 obs.

2193 5626 2359 5668 orae.
2436 5627 2568 5668 ASN.
3137 5656 3149 5668 ν

2193 5626 2359 5685 praei.
2398 5626 2568 5668 UASN.
