4132 6384
231 316 335 371 541

591 441 878 509 Quadam
914 441 1178 497 admista
1200 438 1532 509 praedictis.

304 548 468 604 Sicut
482 549 544 604 in
575 547 872 619 prooemio
899 548 1080 618 hujus
1111 545 1386 619 opusculi
1417 545 1611 601 testati
1661 563 1890 610 sumus,

229 640 580 693 Graecorum
613 636 874 692 Ecclesia
903 637 1232 708 doctorque
1262 635 1402 691 olim
1436 651 1547 689 sua
1579 641 1893 691 venustate

228 743 420 799 quam
445 726 741 798 plurimos
769 725 847 780 ad
878 725 1328 780 aemulationem
1355 724 1494 779 ﬁdei
1523 723 1896 794 provocabat

230 821 289 871 et
316 829 586 876 morum,
611 815 694 869 ita
724 819 783 869 et
812 829 972 869 nunc
1003 814 1218 868 erroris
1239 812 1496 881 caligine
1519 811 1890 878 obfuscatus,

229 905 402 978 quod
425 904 739 960 horrorem
758 918 870 959 sua
884 902 1149 958 meditate
1169 901 1598 973 aspicientibus
1623 901 1891 968 incutiat,

233 1000 302 1049 ut
319 995 450 1064 jam
464 1007 584 1049 non
609 992 872 1048 Ecclesia
891 990 1180 1058 ﬁdelium,
1208 990 1314 1046 sed
1339 991 1535 1063 potius
1570 1005 1892 1060 congrega-

238 1084 328 1138 tio
358 1097 476 1137 non
497 1081 796 1137 immerito
815 1080 1351 1137 haeresiarcharum
1363 1079 1551 1152 possit
1580 1078 1890 1150 appellari.

243 1171 435 1236 Quod,
458 1169 591 1224 licet
607 1170 737 1240 jam
759 1174 1022 1241 quatuor
1041 1169 1215 1225 dictis
1244 1168 1507 1224 articulis
1527 1167 1896 1223 demonstre-

238 1265 352 1323 tur,
377 1263 576 1314 tamen
598 1258 798 1314 adhuc
828 1258 888 1312 in
920 1258 1033 1325 his,
1067 1274 1201 1330 quae
1229 1257 1499 1327 subjecta
1525 1262 1660 1310 sunt
1697 1259 1894 1310 osten-

231 1346 417 1402 ditur.
453 1348 594 1412 Qute
627 1362 700 1401 ex
722 1347 893 1402 dictis
910 1348 1217 1417 magistris
1242 1346 1514 1415 Hugonis
1534 1345 1896 1400 Etherium

225 1450 428 1506 nuper
471 1441 758 1502 extracta,
796 1435 936 1490 huic
993 1435 1161 1507 operi
1211 1435 1496 1490 duximus
1550 1432 1893 1488 inserenda.

224 1523 448 1579 Dicunt
477 1523 662 1591 enim,
693 1530 748 1578 et
768 1523 1038 1578 scribunt
1066 1523 1142 1578 de
1165 1522 1383 1579 Latinis
1406 1522 1518 1576 sic:

507 1648 737 1705 Contra
762 1648 1097 1703 Romanum
1134 1647 1446 1716 poniﬁcem
1470 1645 1607 1717 (29).

299 1757 613 1810 Romanus
633 1754 920 1824 Pontifex,
942 1758 1000 1809 et
1039 1771 1251 1810 omnes
1277 1753 1541 1826 partium
1561 1751 1893 1809 occidenta-

223 1845 380 1916 lium
429 1843 765 1913 Christiani,
815 1843 1155 1900 sacerdotes
1195 1849 1252 1900 et
1292 1844 1425 1900 laici
1474 1847 1690 1915 praeter
1728 1840 1894 1896 Cala—

223 1933 395 2000 bros,
420 1936 558 1988 ante
590 1932 780 1988 multa
805 1937 1083 2003 tempora
1109 1939 1274 1988 extra
1312 1932 1673 1987 catholicam
1706 1929 1872 1985 Eccle

232 2023 391 2079 siam
412 2028 823 2094 pervagantur
841 2021 1347 2092 evangelistarum
1367 2020 1897 2094 etapostolicarum

237 2111 635 2167 traditionum
683 2111 900 2180 ignari,
933 2115 989 2166 et
1019 2127 1054 2167 a
1081 2111 1200 2166 ﬁde
1231 2111 1430 2167 alieni.
1464 2114 1613 2166 Nam
1653 2109 1897 2165 Theoto-

238 2199 360 2256 nici
411 2200 525 2270 (30)
557 2216 594 2256 a
618 2200 831 2256 ritibus
863 2200 1131 2272 gentium
1163 2216 1379 2272 parum
1435 2198 1804 2266 discordant,
1835 2196 1898 2252 in

231 2292 420 2345 Deum
472 2289 668 2361 impii;
733 2287 838 2343 sed
907 2288 1160 2354 Calabri,
1207 2294 1262 2344 et
1315 2287 1510 2344 caeteri
1556 2285 1895 2352 orthodoxi,

227 2379 382 2434 sicut
413 2379 764 2450 antiquitus,
788 2383 844 2433 et
869 2377 1238 2448 apostolicm.
1271 2383 1328 2434 et
1355 2376 1626 2433 Ecclesiae
1678 2379 1898 2430 nostrae

232 2467 465 2524 alumni
479 2468 610 2537 ejus
631 2466 905 2522 moribus
935 2465 1241 2522 informati
1263 2471 1419 2521 sunt.
1441 2464 1647 2520 Caeteri
1685 2479 1897 2518 omnes

229 2556 606 2621 exciderunt,
635 2555 857 2628 impios
882 2571 918 2610 a
958 2571 1207 2627 corpore
1229 2554 1501 2610 Ecclesiae
1545 2568 1666 2608 non
1698 2551 1896 2608 solum

228 2661 430 2700 mores
452 2643 604 2700 alios
626 2649 685 2700 et
714 2643 954 2712 ignotos
978 2642 1424 2714 amplectentes,
1456 2658 1664 2697 verum
1696 2640 1895 2712 ipsam

227 2733 578 2788 Trinitatem
631 2737 906 2789 sanctam
949 2731 1464 2806 blasphemantes.
1517 2729 1748 2784 Etenim
1785 2744 1897 2784 sua

234 2824 758 2894 concinnantes,et
788 2822 999 2878 alienis
1023 2822 1420 2887 adhaerentes,
1448 2835 1645 2891 neque
1676 2816 1894 2872 divinis

229 2911 562 2984 Scripturis
583 2911 1081 2990 redarguentibus
1128 2911 1369 2966 illorum
1390 2925 1639 2970 errores,
1695 2921 1894 2979 neque

243 3001 388 3066 illis,
413 3001 516 3072 qui
539 2989 642 3055 eos
668 2995 972 3066 miserunt,
1023 3000 1228 3056 volunt
1250 3016 1481 3055 morem
1513 3014 1738 3069 gerere.

316 3090 507 3158 Magis
529 3095 758 3146 sanctos
783 3094 984 3146 Patres
1007 3096 1244 3146 nostros
1259 3095 1315 3144 et
1332 3089 1629 3151 doctores,
1651 3087 1734 3142 sic
1755 3102 1891 3159 sen-

247 3179 636 3245 sisse,etinde
650 3195 712 3236 se
739 3180 964 3237 habere
997 3181 1177 3236 talem
1193 3179 1569 3235 traditionem
1599 3177 1894 3232 mentiun-

237 3276 353 3326 tur.
376 3273 528 3324 Nam
549 3270 612 3324 in
634 3275 844 3326 sancto
877 3269 1188 3341 Symbolo,
1222 3267 1388 3340 quod
1421 3283 1457 3322 a
1491 3266 1760 3322 Patribus
1791 3281 1894 3321 no-

239 3358 396 3428 stris,
428 3359 535 3430 qui
573 3358 740 3430 apud
771 3359 1028 3414 Nicaeam
1085 3361 1508 3413 convenerant.
1571 3353 1896 3410 universali

241 3449 438 3520 prima
457 3448 693 3520 synodo
707 3453 1144 3520 consequenter
1166 3446 1474 3502 manifeste
1497 3444 1895 3500 sicdetinitum

233 3543 360 3592 est:
395 3559 423 3586 (ι
447 3540 509 3592 Et
530 3538 591 3591 in
624 3537 905 3608 Spiritum
931 3542 1208 3592 sanctum
1268 3534 1609 3601 Dominum,
1656 3537 1713 3588 et
1752 3531 1894 3587 vivi-

231 3625 540 3691 ﬁcantem,
565 3643 636 3680 ex
659 3625 829 3681 Patre
853 3625 1279 3698 procedentem
1304 3668 1317 3692 ,
1342 3645 1370 3672 ››
1403 3622 1510 3677 sed
1531 3627 1589 3678 et
1607 3623 1666 3677 in
1685 3626 1895 3677 sancto

233 3714 558 3784 Evangelio
578 3714 882 3770 evidenter
902 3715 1247 3771 clamitante
1266 3713 1340 3768 de
1385 3711 1604 3782 Spiritu
1651 3716 1858 3766 sancto
1880 3727 1892 3762 :

233 3805 349 3870 Qui
383 3820 418 3858 a
445 3805 631 3859 Patre
657 3804 942 3871 procedit,
977 3819 1160 3875 supra
1199 3801 1490 3857 nominati
1530 3798 1899 3856 viriaddide-

230 3898 398 3948 runt:
416 3894 487 3947 Et
511 3908 585 3949 ex
613 3894 793 3958 Filio,
823 3892 1127 3957 fallaciter,
1154 3897 1210 3946 et
1235 3891 1311 3945 ad
1332 3905 1510 3943 suum
1539 3888 1892 3960 periculum.

227 3983 670 4047 Verumtamen,
722 3988 787 4036 ut
812 3981 1028 4052 opinor
1047 3996 1155 4052 per
1178 3978 1520 4047 angustiam
1543 3977 1899 4045 suaslinguae

232 4067 399 4123 idem
423 4083 546 4123 esse
585 4070 853 4126 arbitrati
882 4076 1041 4131 sunt,
1074 4069 1324 4140 Spiritus
1353 4083 1426 4121 ex
1473 4069 1637 4120 Patre
1661 4081 1897 4136 proces-

228 4157 490 4216 sionem.
509 4164 562 4213 et
586 4173 841 4214 causam
862 4174 999 4229 quae
1020 4174 1125 4228 per
1148 4156 1362 4211 Filium
1390 4155 1486 4221 sit,
1519 4153 1594 4208 ad
1617 4170 1725 4209 nos
1757 4153 1897 4208 mis-

225 4247 463 4320 sionem
510 4247 768 4302 barbare
802 4252 860 4302 et
894 4245 1386 4301 inconvenienter
1453 4242 1890 4298 intellexerunt.

297 4339 412 4392 Pro
444 4335 800 4392 fermentato
824 4352 1040 4407 azyma
1075 4334 1355 4398 offerunt,
1382 4337 1436 4388 et
1456 4331 1899 4386 calumniantur

225 4431 510 4482 sanctum
546 4425 808 4491 Petrum,
855 4432 912 4480 et
941 4430 1180 4479 sanctos
1204 4426 1398 4477 Patres
1419 4425 1721 4476 Romanos
1744 4436 1895 4492 pon-

224 4514 420 4570 tiﬁces
446 4519 727 4569 auctores
754 4514 1006 4570 exstisse
1064 4513 1196 4568 talis
1218 4511 1569 4566 traditionis.

301 4603 662 4660 Sacerdotes
695 4603 990 4676 principes
1020 4619 1156 4656 cum
1187 4601 1354 4656 laicis
1394 4600 1472 4655 ad
1510 4598 1667 4654 bella
1705 4597 1892 4671 profi—

222 4693 537 4748 ciscuntur
558 4694 792 4758 armati,
843 4699 900 4748 et
921 4693 980 4746 in
1003 4692 1127 4747 acie
1159 4689 1384 4745 bellant
1410 4695 1546 4745 ante
1578 4687 1727 4743 alios
1759 4703 1893 4760 gra-

221 4783 515 4836 dientes.
597 4782 880 4852 Jejunant
936 4782 996 4837 in
1053 4778 1354 4842 Sabbatis;
1391 4779 1516 4832 etsi
1566 4776 1713 4832 festa
1764 4776 1891 4831 dies

218 4871 562 4928 Nativitatis
581 4873 673 4936 sit,
689 4872 780 4926 vel
803 4872 1172 4943 Epiphaniae,
1195 4885 1315 4924 non
1338 4867 1575 4923 solvunt
1591 4867 1891 4939 jejunium

217 4960 652 5032 septimanam
674 4959 874 5014 edulio
891 4959 1048 5014 casei
1074 4958 1336 5013 dicatam
1351 4973 1471 5011 non
1495 4961 1890 5026 agnoscentes

211 5028 443 5105 carnes
468 5047 814 5104 comedunt.
851 5047 1131 5104 Secunda
1151 5046 1246 5101 die
1267 5046 1427 5100 Jovis
1455 5061 1591 5108 ova,
1619 5036 1885 5113 caseum,

210 5145 271 5196 et
294 5139 400 5196 lac
462 5137 858 5204 manducant,
883 5153 919 5192 a
959 5135 1181 5208 quibus
1237 5135 1506 5201 minime,
1531 5151 1637 5207 per
1696 5121 1886 5189 totam

285 5267 340 5301 ²⁶
362 5267 499 5320 Act.
526 5278 622 5331 xv,
644 5263 734 5329 28,
757 5266 846 5318 29.

287 5423 842 5499 (29)_Notandum,__
869 5424 930 5499 in
953 5424 1068 5478 hoc
1117 5423 1388 5494 sequenti
1437 5423 1730 5499 opusculo
1760 5423 1887 5499 plu-

209 5494 526 5554 rima’dici
579 5512 652 5550 ex
705 5495 1012 5551 auditione
1047 5501 1104 5549 et
1153 5509 1393 5549 rumore
1447 5494 1609 5562 vulgi
1658 5494 1888 5564 ignobi-

212 5571 292 5626 lis
357 5574 418 5624 et
480 5566 697 5636 ignari.
721 5565 884 5630 ltem,
939 5582 1012 5620 ex
1065 5565 1206 5620 odio
1290 5570 1346 5620 et
1397 5564 1623 5620 invidia
1679 5572 1887 5622 contra

301 5642 486 5722 Dom.
516 5635 755 5722 sedem.
784 5637 1181 5722 Novatoribus
1207 5635 1498 5708 pleraque
1521 5636 1719 5708 potius
1746 5652 1888 5693 con-

1639 313 1911 371 CONTRA
1953 316 2112 372 GRE
2119 316 2270 374 COS.

1922 451 1970 502 Α
1999 441 2530 513 quadragesimam
2551 459 2696 500 suos
2712 460 2930 516 pueros
2962 447 3299 518 prohibent.
3322 472 3350 500 »
3365 451 3650 508 Historias

3550 330 3654 384 542

2002 535 2349 586 sanctorum
2379 536 2587 602 praeter
2608 533 2956 603 passionem
3003 536 3233 607 Christi,
3259 538 3320 593 in
3379 540 3654 595 Ecclesiis

2002 619 2124 672 suis
2158 634 2281 673 non
2328 619 2667 689 designant.
2692 642 2720 669 »
2755 624 2819 677 Et
2871 623 3064 693 ipsam
3087 640 3210 680 non
3257 626 3513 697 pictura,
3545 628 3654 684 sed

2000 723 2184 778 opere
2209 707 2509 780 plumario
2531 709 2592 764 in
2631 709 3017 767 similitudine
3061 715 3447 785 sculptilium,
3488 721 3546 772 et
3590 717 3653 772 in

2002 800 2157 851 terra
2186 796 2468 851 similium
2493 795 2811 871 [ﬁctilium]
2840 799 3086 856 faciunt.
3113 801 3176 857 1n
3200 808 3405 860 sancta
3431 805 3657 877 templa

2001 882 2399 953 ingredientes
2425 899 2606 957 super
2647 889 2993 958 pavimenta
3011 890 3236 946 cadunt
3259 892 3320 947 in
3341 891 3575 957 faciem,
3598 897 3656 948 et

2001 973 2199 1045 primo
2231 981 2566 1031 susurrant.
2614 976 2836 1033 Deinde
2883 993 3124 1034 crucem
3167 995 3291 1036 uno
3333 980 3520 1050 digito
3565 982 3654 1036 in-

2005 1069 2317 1132 surgentes
2336 1063 2705 1131 osculantur,
2730 1071 2786 1120 et
2813 1066 2974 1124 hanc
2999 1067 3336 1124 orationem
3367 1084 3656 1125 consum-

2002 1157 2240 1205 mantes
2273 1157 2546 1221 surgunt,
2571 1156 2627 1208 et
2655 1168 2858 1209 sacras
2879 1154 3174 1225 imagines
3195 1162 3459 1213 renuunt
3481 1172 3652 1212 oscu-

2001 1238 2131 1295 lari.
2185 1241 2464 1296 Sanctam
2513 1242 2612 1296 Dei
2661 1242 3037 1308 Genitricem,
3093 1247 3338 1301 Matrem
3419 1245 3656 1301 Domini

2002 1331 2185 1384 nostri
2251 1331 2392 1386 Jesu
2441 1332 2671 1392 Christi.
2703 1338 2937 1388 tantum
2969 1341 3239 1391 sanctam
3261 1335 3525 1391 Mariam
3556 1349 3657 1391 vo-

2003 1427 2158 1472 cant.
2195 1422 2375 1475 Secus
2406 1419 2589 1476 altare
2620 1419 3008 1477 ecclesiarum
3065 1422 3350 1494 quaelibet
3401 1423 3654 1493 accedit,

2003 1505 2420 1578 cujuscunque
2451 1507 2526 1562 sit
2553 1523 2756 1577 sexus,
2781 1509 3092 1577 aetatis,vel
3146 1509 3404 1564 ordinis.
3470 1513 3538 1566 Et
3590 1510 3655 1565 in

2004 1592 2382 1650 solemnitate
2411 1596 2739 1652 missarum
2753 1598 3030 1654 mulieres
3050 1598 3255 1654 sedere
3298 1603 3572 1670 possunt,
3604 1597 3654 1654 si

2003 1681 2205 1748 velint,
2234 1683 2295 1739 in
2327 1685 2468 1740 sede
2495 1687 2899 1743 sacerdotum.
2928 1687 3022 1744 Sic
3046 1687 3239 1743 sciunt
3288 1687 3653 1756 distinguere

2003 1771 2154 1828 inter
2181 1789 2353 1830 sacra
2381 1780 2437 1829 et
2466 1775 2754 1846 profana!
2787 1777 3114 1833 comedunt
3136 1777 3447 1844 suffocata,
3476 1783 3656 1849 capta

2004 1875 2042 1916 a
2093 1860 2321 1929 bestiis,
2377 1863 2694 1920 morticina
2751 1865 3132 1934 sanguinem,
3190 1881 3383 1936 ursos,
3444 1864 3650 1935 ﬁbros,

2005 1965 2158 2021 quos
2179 1957 2401 2006 vocant
2419 1953 3204 2027 castores,ericios,quaeque
3228 1954 3323 2010 his
3343 1954 3656 2026 spurciora

2006 2043 2214 2095 contra
2245 2041 2642 2111 apostolicum
2667 2042 2975 2098 decretum
3001 2060 3014 2098 :
3039 2043 3190 2099 sicut
3216 2043 3408 2100 Lucas
3429 2045 3490 2099 in
3511 2053 3656 2115 apo-

2009 2128 2300 2185 stolorum
2321 2129 2570 2186 historia
2584 2130 2762 2188 refert
2778 2131 2872 2188 his
2894 2131 3124 2188 verbis:
3148 2133 3346 2188 Visum
3365 2139 3452 2189 est
3497 2134 3654 2189 enim

2007 2218 2262 2287 Spiritui
2276 2227 2564 2284 sancto,et
2589 2222 2945 2286 hobis,nihil
2962 2223 3129 2280 ultra
3144 2224 3448 2293 imponere
3470 2223 3652 2293 vobis,

2005 2322 2186 2376 quam
2218 2308 2343 2365 hac
2370 2313 2728 2376 necessaria,
2757 2317 2822 2366 ut
2846 2311 3191 2368 abstineatis
3216 2327 3316 2369 vos
3344 2312 3420 2369 ab
3449 2313 3656 2368 immo-

2009 2396 2148 2451 latis
2186 2399 2671 2467 simulacrorum,
2702 2406 2756 2457 et
2787 2402 3104 2471 sanguine,
3163 2407 3223 2458 et
3261 2402 3570 2472 suﬂocato,
3600 2406 3658 2456 et

2000 2485 2408 2553 fornicatione
2440 2490 2509 2543 ³⁸.

2080 2576 2431 2633 Sacerdotes
2443 2583 2500 2633 et
2510 2578 2780 2649 episcopi
2802 2579 3205 2636 sacerdotales
3229 2579 3433 2646 stolas,
3454 2579 3517 2635 id
3542 2582 3652 2648 est,

2006 2663 2213 2720 casula
2240 2679 2364 2720 non
2389 2664 2465 2720 de
2500 2664 2660 2732 lana,
2695 2665 2801 2720 sed
2821 2666 2896 2722 de
2943 2666 3146 2723 sericis
3196 2672 3409 2728 netura
3457 2671 3654 2724 conte-

2003 2761 2209 2810 xentes
2240 2755 2324 2810 eis
2361 2758 2733 2827 operiuntur.
2765 2756 3082 2814 diuturnas
3108 2757 3222 2830 (3t)
3280 2757 3448 2830 ipsas
3501 2773 3652 2830 prae-

2003 2848 2306 2914 parantes;
2341 2860 2476 2900 cum
2503 2845 2859 2916 hujusmodi
2885 2845 3056 2912 stola,
3083 2847 3146 2901 id
3175 2851 3282 2914 est,
3333 2845 3538 2902 casula
3557 2845 3653 2901 vel

2002 2931 2244 3002 planeta
2257 2933 2464 2989 Christi
2476 2933 2750 2989 habitum
2778 2939 3230 3006 repraesentant,
3247 2935 3366 2990 sive
3376 2934 3652 2989 habitum

2001 3035 2186 3091 quem
2215 3021 2446 3087 habuit,
2472 3029 2720 3093 quando
2762 3027 2975 3078 exutus
3004 3022 3116 3079 fuit
3142 3023 3532 3091 vestimentis,
3588 3021 3652 3077 in

2001 3108 2183 3164 dutus
2200 3115 2290 3166 est
2309 3110 2630 3182 chlamyde
2643 3113 2942 3181 coccinea,
2965 3129 3102 3185 qua:
3123 3113 3197 3169 de
3213 3113 3355 3169 lana
3375 3116 3654 3168 contexta

2003 3201 2149 3265 erat,
2172 3214 2295 3270 qua
2336 3215 2450 3255 nos
2504 3201 2726 3256 utimur
2778 3201 3298 3272 Quadragesimali
3358 3206 3648 3272 tempore.

2003 3289 2066 3341 In
2097 3286 2306 3342 alienis
2334 3303 2477 3344 vero
2506 3289 2956 3345 diebusutimur
2993 3290 3170 3358 albis,
3201 3307 3274 3346 eo
3297 3289 3462 3363 quod
3495 3288 3654 3345 Chri-

2003 3379 2128 3429 stus
2154 3391 2351 3444 agnus
2391 3377 2739 3434 immolatus
2768 3379 3020 3434 dicatur.
3048 3382 3115 3434 Et
3167 3379 3305 3435 ideo
3361 3395 3432 3434 ex
3480 3376 3653 3433 vesti-

2001 3465 2219 3519 mentis
2248 3465 2453 3522 ovium
2497 3466 2674 3522 nobis
2701 3468 2909 3524 casula
2950 3484 3388 3540 prmparamus.
3458 3467 3524 3521 In
3581 3465 3652 3520 si-

2003 3566 2190 3620 gnum
2205 3555 2708 3610 sanotaaEcclesiaa
2719 3555 3206 3627 desponsationis
3222 3555 3479 3611 annulos
3519 3568 3655 3625 por—

2003 3645 2151 3710 tant,
2202 3647 2260 3697 et
2284 3643 2682 3712 ohirothecas,
2714 3645 2776 3699 in
2804 3645 3016 3701 dextra
3069 3646 3318 3717 quidem
3350 3642 3650 3699 scribunt:

2003 3731 2243 3785 Domini
2269 3731 2506 3797 dextra,
2540 3732 2599 3786 in
2616 3733 2850 3788 sinistra
2877 3749 3040 3789 vero:
3066 3736 3278 3804 Agnus
3301 3734 3421 3789 Dei.
3452 3734 3654 3788 Sacer—

2004 3817 2175 3872 dotes
2189 3819 2597 3874 eorumsolum
2612 3820 2672 3876 in
2685 3837 2846 3893 aqua
2869 3821 3192 3892 baptizant,
3219 3826 3277 3876 et
3300 3820 3486 3876 salem
3500 3820 3562 3874 in
3582 3834 3652 3874 os

2006 3906 2300 3961 mittentes
2312 3908 3078 3982 baptizandi;baptizandos
3090 3914 3418 3981 postquam
3429 3913 3657 3980 spuunt

2002 3995 2062 4049 in
2087 3996 2325 4053 sinistra
2342 4013 2528 4053 manu
2557 3998 2831 4054 etdextra
2851 3999 3168 4054 miscentes
3187 3998 3464 4054 salivam.
3482 3997 3655 4050 inun-

2004 4091 2174 4153 gunt.
2191 4088 2514 4157 Postquam
2532 4087 2611 4142 ad
2622 4092 2856 4143 aetatem
2869 4085 3555 4159 pervenerunt,peccatis
3573 4084 3652 4139 ob

2000 4174 2215 4229 noxios
2246 4175 2377 4231 olco
2399 4177 2814 4247 perunguntin
2825 4177 3244 4232 remissionem
3269 4179 3654 4248 peccatorum

2001 4268 2058 4317 et
2086 4262 2179 4318 bis
2199 4265 2487 4336 baptizari
2511 4265 2808 4320 videntur.
2836 4265 3018 4320 lidem
3067 4264 3411 4321 sacerdotes
3474 4277 3656 4335 quas-

2001 4353 2144 4408 dam
2197 4355 2585 4425 purgationes
2608 4354 2838 4410 faciunt
2857 4356 3093 4426 jugiter,
3128 4361 3184 4411 et
3213 4353 3652 4426 aspersionem,

1999 4445 2221 4516 quibus
2270 4444 2592 4513 alligantur
2641 4444 2954 4518 culparum
3011 4446 3277 4501 Judaicis
3334 4444 3653 4499 servientes

1999 4533 2231 4588 ritibus:
2257 4537 2524 4606 quinque
2555 4535 2754 4604 digitis
2808 4535 3121 4607 quomodo
3182 4533 3368 4606 aliqui
3405 4530 3653 4587 benedi-

2001 4630 2165 4692 cunt,
2188 4632 2243 4678 et
2269 4640 2407 4680 cum
2435 4624 2646 4694 pollice
2670 4624 2883 4680 faciem
2919 4625 3178 4693 signant,
3211 4629 3505 4694 tanquam
3534 4623 3652 4676 Mo-

2001 4712 2320 4768 nothelitae.
2357 4715 2502 4768 Cum
2541 4713 2721 4781 igitur
2769 4714 3030 4769 debeant
3076 4711 3315 4784 disponi
3371 4710 3540 4779 digiti
3590 4709 3653 4764 in

2000 4802 2420 4870 consignation
2431 4801 2582 4873 ibus,
2599 4803 2762 4874 quod
2777 4818 2882 4874 per
2895 4819 2998 4858 eos
3010 4803 3146 4862 duis
3164 4808 3394 4857 natura:
3427 4797 3653 4868 signiﬁ-

1999 4898 2296 4956 centur,et
2317 4896 2434 4946 tres
2476 4907 2772 4962 personae,
2811 4896 2988 4962 prout
3034 4890 3300 4946 Christus
3347 4894 3648 4944 monstra-

1997 4981 2094 5045 vit,
2116 4979 2364 5051 quando
2393 4979 2454 5033 in
2474 4978 2693 5050 ccelum
2721 4980 3082 5034 ascensurus
3099 4974 3409 5046 discipulis
3440 4965 3650 5028 {manié

1994 5074 2112 5123 bus
2172 5069 2435 5122 elevatus
2480 5067 2872 5122 benedixit.A
2920 5063 3377 5136 Septuagesima
3426 5076 3650 5132 usque-

1993 5157 2074 5213 ad
2094 5157 2328 5212 Pascha
2347 5171 2468 5212 non
2489 5162 2734 5213 cantant
2752 5156 3040 5212 Alleluia.
3065 5152 3516 5208 Afﬁrmantnon
3542 5149 3648 5204 de-

2065 5408 2333 5464 veniunt.
2375 5411 2560 5464 STEW.

2069 5564 2188 5631 (30)
2236 5563 2540 5617 Teutones.

2069 5627 2118 5696 (3
2133 5636 2180 5706 ι)
2201 5633 2441 5689 Videtur
2468 5632 2636 5688 locus
2658 5627 3009 5686 mendosus.
