4132 6376
505 302 605 356 543

1739 299 2222 357 PANTALEONIS
2262 298 2544 356 DIACONI
2586 299 2688 354 ΟΡ.

3818 307 3909 360 544

501 423 646 481 bere
668 423 1035 494 aliislinguis
1064 423 1387 481 Dominum
1416 424 1711 492 venerari,
1738 412 1852 480 nisi
1877 425 2004 482 istis
2050 426 2153 482 tri-
2190 430 2235 482 Α
2270 424 2586 482 ambulant
2615 422 2890 479 extinctis
2914 422 3250 480 luminibus
3297 426 3359 480 in
3391 423 3679 490 ecclesiis,
3726 429 3910 483 terrae-

502 514 640 581 bus,
663 513 882 568 scilicet
933 512 1202 581 Hebraea,
1245 515 1460 585 Graeca,
1487 517 1544 570 et
1625 513 1850 570 Latina.
1902 517 2159 571 Mortuos

502 599 796 672 sepeliunt
820 601 1107 658 manibus
1129 617 1339 658 eorum
1365 616 1882 674 nequaquaquam
1948 605 2162 660 consti-

505 690 644 744 tutis
688 690 748 745 in
780 691 1035 748 modum
1065 693 1282 763 crucis,
1323 691 1430 748 sed
1455 691 1738 748 deorsum
1769 693 1972 750 missis
2005 695 2163 753 circa

501 777 784 836 inferiora
830 781 1247 838 instrumenta.

575 869 792 926 Omnia
812 885 946 927 cera
967 871 1256 944 oppilant.
1287 870 1636 929 Sacerdotes
1652 876 1739 927 ter
1753 873 2040 944 quaterin
2069 873 2165 930 die

502 955 809 1015 celebrant
849 975 1029 1033 super
1069 976 1190 1018 uno
1225 960 1423 1029 altari,
1465 960 1808 1033 ubicunque
1831 962 2165 1034 contigerit.

510 1047 580 1102 Ut
593 1061 747 1102 unus
762 1051 1037 1105 sacerdos
1049 1049 1486 1122 ter,velquater
1504 1048 2056 1122 celebratqua‘terin
2071 1051 2166 1106 die

511 1150 650 1191 cum
664 1137 807 1194 felix
847 1139 942 1208 sit,
964 1141 1066 1212 qui
1098 1156 1288 1197 unam
1311 1139 1490 1210 digne
1510 1139 1700 1212 possit
1729 1145 1992 1196 cantare.
2028 1141 2165 1197 Tra‘

507 1222 660 1280 dunt
713 1226 867 1282 tilias
913 1244 1054 1284 suas
1103 1229 1318 1301 nuptui
1398 1227 1762 1300 accipientes
1827 1229 2168 1284 consororis

505 1310 692 1370 filiam
718 1314 842 1371 ﬁlio
871 1332 1000 1386 suo,
1058 1320 1163 1373 aut
1216 1316 1402 1379 fratri,
1445 1320 1549 1372 aut
1589 1317 2058 1386 consanguineo.
2112 1318 2169 1380 Si

512 1401 647 1472 quis
670 1405 1004 1460 monachus
1024 1405 1085 1460 in
1108 1406 1456 1478 episcopum
1477 1411 1918 1477 promoveatur,
1957 1422 2167 1462 carnes

505 1491 834 1548 manducet
857 1494 1174 1567 intrepide.
1195 1494 1561 1550 Etmonachi
1579 1510 1770 1566 parva
1789 1495 1984 1550 vexati
2031 1495 2175 1564 {agri

504 1578 713 1636 tudine
769 1584 1051 1640 carnibus
1106 1588 1451 1642 vescuntur.
1499 1584 1906 1640 Communiter
1953 1589 2154 1642 autem

503 1681 716 1725 omnes
742 1672 1108 1742 pinguedine
1127 1672 1373 1744 porcina
1414 1676 1679 1728 utuntur.

2270 519 2471 570 motus
2504 513 2751 578 faciunt,
2777 511 2972 579 sedes,
3016 511 3272 580 tabulas,
3300 512 3559 585 parietes
3590 515 3911 585 percutiunt

2269 601 2562 659 malleolis
2595 601 2915 670 etlagenas
2946 600 3367 671 confringunt;
3400 607 3614 658 etcum
3636 602 3909 660 deberent

2269 691 2516 761 vigilare
2540 691 2601 745 in
2653 689 3050 749 orationibus,
3085 691 3183 746 alii
3214 691 3275 746 in
3326 694 3635 762 stuporem
3686 693 3908 760 mentis,

2272 779 2370 836 alii
2400 779 2460 834 in
2497 779 2686 835 risum
2730 783 3180 846 convertuntur,
3215 783 3272 834 et
3299 779 3416 836 alia
3445 778 3729 852 quaedam
3749 779 3809 834 in
3836 781 3911 852 ip-

2274 871 2355 926 sis
2384 868 2642 926 tenebris
2691 867 2866 936 fiunt,
2899 885 3038 940 quae
3080 885 3192 924 nec
3242 869 3370 926 fatu
3404 869 3593 939 digna
3633 869 3906 940 judicavi.

2275 961 2490 1015 Verum
2514 958 2628 1014 hac
2659 956 2733 1012 de
2765 957 3074 1027 grecogice
3103 960 3214 1030 (33)
3235 959 3529 1015 laicorum
3558 958 3799 1030 lapsum
3822 973 3909 1014 ex-

2276 1048 2488 1121 cerpsi,
2519 1050 2585 1103 ut
2613 1046 2660 1102 si
2690 1047 2939 1118 quando
2970 1047 3049 1102 ad
3091 1063 3268 1104 aures
3311 1063 3524 1104 eorum
3555 1047 3909 1115 devenerint,

2277 1137 2356 1194 ad
2386 1153 2450 1193 se
2478 1136 2703 1192 reversi
2731 1135 3201 1192 correctionibus
3231 1141 3464 1194 vacent.

2580 1281 2920 1337 Graecorum
2952 1283 3128 1338 malm
3157 1281 3635 1338 consuetudines.

2349 1409 2687 1462 Graecorum
2705 1406 3092 1463 intolerabilis
3107 1407 3565 1478 est,redargutio
3577 1406 3916 1475 ,Vulcanum

2277 1494 2589 1562 imitando,
2622 1495 2724 1567 qui
2752 1493 2938 1550 altero
2968 1495 3122 1567 pede
3143 1495 3394 1551 claudus
3425 1495 3664 1552 dicitur.
3689 1498 3916 1552 Matrem

2281 1599 2456 1639 suam
2483 1583 2702 1639 scilicet
2732 1583 2939 1639 sedem
2987 1585 3134 1640 Petri
3167 1585 3583 1656 apostolorum
3617 1585 3916 1656 principis,

2278 1677 2484 1728 contra
2531 1671 2755 1727 faciens
2819 1674 3166 1739 contemnit,
3218 1679 3275 1729 et
3329 1673 3695 1731 abhonorat.
3752 1677 3919 1729 Porro

576 1757 988 1816 Venerabilem
1009 1761 1254 1832 quidem
1298 1775 1537 1816 crucem
1586 1759 1649 1815 in
1674 1760 1806 1816 aliis
1842 1761 2053 1816 diebus
2084 1761 2145 1815 in
2202 1789 2240 1841 Β
2278 1761 2520 1817 stultam
2550 1760 2686 1816 fecit
2714 1764 2867 1816 Deus
2900 1762 3106 1818 talium
3139 1763 3518 1835 sapientiam.
3571 1765 3722 1818 Nam
3763 1761 3921 1817 vani-

508 1846 758 1904 ecclesia
770 1848 974 1905 vident
995 1855 1052 1906 et
1079 1850 1356 1916 adorant;
1371 1849 1429 1905 in
1448 1855 1653 1906 sancta
1701 1851 2170 1920 Quadragesima

501 1933 706 2012 velant
725 1937 1106 2002 sindonibus,
1146 1954 1281 1994 cum
1307 1955 1429 2010 qua
1451 1942 1507 1994 et
1544 1939 1846 1994 occultant
1875 1940 2166 2013 Alleluia.

509 2025 573 2078 Et
602 2023 663 2079 in
694 2031 901 2082 sancto
928 2043 1152 2098 magno
1185 2027 1448 2084 Sabbato
1480 2027 1554 2082 de
1582 2027 1985 2100 penetralibus
2025 2029 2166 2083 edu-

511 2117 712 2170 centes
741 2115 962 2186 ipsam,
988 2121 1279 2188 tanquam
1305 2116 1378 2172 de
1427 2116 1700 2188 sepulcro
1752 2123 2163 2186 resurgentem

508 2202 923 2262 demonstrant
951 2206 1197 2278 populo;
1224 2211 1281 2262 et
1300 2206 1374 2262 de
1399 2190 1596 2262 subito
1621 2223 1758 2262 cum
1794 2221 2018 2276 magno
2048 2205 2160 2261 cla-

507 2308 676 2349 more
695 2299 960 2351 cantant:
987 2297 1281 2362 Alleluia,
1304 2300 1361 2350 et
1379 2295 1703 2363 multoties,
1727 2299 1783 2350 et
1811 2311 1918 2366 per
1940 2294 2162 2350 multas

510 2381 694 2437 horas
715 2383 1136 2450 vociferantur,
1156 2383 1676 2456 quemadmodum
1730 2383 1993 2440 Christus
2031 2400 2158 2438 sur-

509 2471 676 2525 rexit.
715 2474 861 2528 Cum
904 2473 1103 2528 missae
1138 2473 1514 2529 celebrantur
1535 2477 1591 2528 et
1639 2472 1930 2544 mysteria
1977 2472 2159 2527 conii-

505 2564 760 2628 ciuntur,
785 2561 1053 2634 plerique
1091 2562 1498 2618 assistentium
1549 2560 1917 2623 laicorum,si
1967 2561 2160 2631 placet

505 2647 608 2713 eis,
634 2648 1032 2720 loquunturet
1078 2652 1303 2707 sedent.
1362 2650 1888 2722 Participationem
1935 2654 2156 2706 sanctze

505 2739 1118 2805 communionis,non
1159 2739 1425 2796 similiter
1451 2745 1516 2794 ut
1563 2753 1676 2795 nos
1721 2738 1926 2804 Graeci,
1978 2740 2154 2810 perti-

505 2826 793 2883 ciuntsed
835 2829 1228 2901 dicuntquod
1248 2829 1353 2902 qui
1393 2829 1645 2884 missam
1693 2827 2156 2884 celebratsacer-

502 2914 948 2986 dos,osculatur
960 2919 1254 2974 volentem
1269 2917 2154 2989 communicare,promotiones

504 3003 928 3077 episcoporum
943 3007 1431 3063 etlaicorumnon
1447 3021 1551 3077 per
1564 3007 2153 3077 omnetempusperﬁ

504 3093 992 3159 ciuntantistites,
1016 3097 1120 3152 sed
1141 3102 1376 3153 tantum
1399 3097 1457 3151 in
1481 3111 1640 3151 anno
1698 3101 2004 3166 quater,et
2051 3111 2157 3167 per

504 3181 940 3240 observabilem
963 3185 1142 3240 diem.
1191 3189 1339 3242 Nam
1361 3201 1500 3239 cum
1532 3186 1673 3239 anni
1713 3189 1971 3255 quatuor
2014 3189 2158 3240 tem-

507 3286 656 3342 pora
678 3278 837 3340 sunt,
875 3274 1097 3330 scilicet
1135 3291 1260 3343 ver,
1301 3279 1496 3344 testas,
1543 3278 1890 3339 autumnus,
1943 3273 2156 3337 hiems,

504 3358 728 3415 horum
767 3365 1110 3432 temporum
1151 3364 1340 3422 initia.
1398 3363 1590 3435 primo
1623 3378 1759 3416 eum
1797 3363 1910 3432 (3'2)
1970 3361 2162 3417 mensi

506 3448 688 3503 Martii
719 3448 958 3516 scilicet,
988 3456 1043 3506 et
1072 3452 1248 3518 Junii,
1270 3449 1653 3522 Septembris,
1686 3454 1866 3522 atque
1924 3452 2161 3505 Decem-

503 3537 628 3591 bris
668 3536 1010 3597 observant.
1033 3543 1091 3595 ln
1120 3540 1330 3612 primis
1365 3539 1854 3595 hebdomadibus
1894 3538 2158 3608 clericos,

505 3629 562 3681 et
589 3625 898 3699 diaconos,
943 3629 1346 3701 presbyteros,
1383 3629 1720 3700 episcopos,
1762 3632 2158 3700 promovent:

505 3714 664 3770 male
691 3718 1027 3784 sentientes,
1064 3724 1120 3774 et
1160 3719 1494 3786 barbarice,
1530 3717 1860 3772 adventum
1916 3717 2162 3787 Spiritus

507 3804 693 3860 sancti
718 3821 839 3861 non
861 3808 1196 3863 secundum
1211 3809 1489 3863 virtutem
1515 3804 1926 3877 promoventis
1946 3810 2002 3859 et
2021 3821 2164 3876 pro-

505 3892 651 3948 moti
681 3893 1035 3951 arbitrantes
1067 3895 1430 3951 descendere
1466 3913 1478 3962 ;
1517 3893 1622 3948 sed
1656 3893 1714 3947 in
1764 3892 1979 3947 diebus
2028 3908 2165 3964 qui-

502 3980 765 4038 busdam
795 3988 1009 4055 putant
1037 3984 1198 4041 hunc
1226 3985 1444 4054 venire,
1483 3987 1548 4038 ut
1605 3981 1978 4052 insipientes.
2038 3985 2164 4036 Non

502 4071 814 4142 patiuntur
835 4073 1172 4130 sacerdotes
1200 4075 1422 4131 habere
1441 4087 1708 4138 uxorem,
1735 4076 1791 4126 et
1821 4086 2166 4126 sacramen-

504 4163 702 4215 torum
732 4176 1017 4232 peragere
1051 4164 1360 4235 mysteria.
1388 4165 1546 4217 Duos
1566 4159 1774 4214 fratres
1801 4159 2042 4215 duabus
2070 4175 2166 4215 so-

505 4249 742 4304 roribus
799 4251 1114 4306 carnaliter
1165 4253 1434 4325 copulari
1489 4249 1868 4321 permittunt.
1927 4248 2169 4304 Radunt

505 4337 730 4392 barbas
769 4339 1102 4412 presbyteri
1135 4357 1300 4397 more
1347 4358 1592 4397 suorum
1628 4339 1912 4404 militum,
1957 4340 2172 4408 praeter

506 4427 898 4498 apostolicam
931 4430 1360 4486 institutionem
1381 4473 1393 4485 .
1423 4433 1707 4488 Sanctam
1733 4425 2170 4482 Eucharistiam

505 4516 1020 4587 negligentissime
1053 4524 1355 4592 spectant:
1381 4535 1523 4574 nam
1553 4519 1626 4575 ad
1653 4533 1846 4587 aegros
1863 4515 2173 4587 proﬁcien-

506 4610 594 4661 tes
625 4606 748 4662 sine
776 4607 1004 4665 lumine
1029 4609 1225 4680 ipsam
1256 4608 1531 4663 deferunt
1553 4613 1609 4664 et
1641 4606 1939 4663 tribuunt.
1973 4607 2038 4659 Et
2067 4609 2173 4676 qui

507 4700 702 4752 castra
725 4705 1078 4770 sequuntur,
1118 4698 1175 4752 in
1200 4698 1521 4769 marsupio
1556 4701 1810 4771 ponunt,
1839 4700 1895 4750 et
1933 4699 2176 4766 portant

505 4785 566 4842 in
605 4787 895 4852 vestibus,
929 4789 990 4842 in
1035 4786 1239 4858 pileis.
1271 4787 1476 4842 Clerici
1528 4802 1738 4842 eorum
1787 4789 1844 4839 et
1873 4783 2007 4839 laici
2044 4798 2169 4837 non

507 4879 648 4931 sunt
679 4876 970 4941 distincti;
1003 4875 1189 4930 altare
1228 4874 1424 4931 velato
1447 4876 1642 4948 capite
1666 4873 1987 4931 accedunt.
2026 4873 2170 4928 San-

507 4965 614 5021 ctis
639 4981 710 5020 ac
752 4964 1120 5020 terribilibus
1140 4963 1287 5020 locis
1317 4965 1547 5021 nultam
1581 4969 1685 5021 aut
1726 4962 2030 5019 modicam
2061 4977 2164 5016 ex-

503 5053 710 5109 bibent
740 5053 1168 5108 reverentiam.
1229 5053 1313 5108 Ad
1377 5059 1614 5126 tempus
1667 5068 1884 5108 sonum
1913 5065 2166 5104 rcaaseu-

505 5141 690 5197 tando
711 5142 771 5197 in
787 5145 958 5197 nocte
979 5142 1308 5198 Nativitatis
1333 5143 1588 5213 Domini,
1611 5141 1902 5198 Matutinus
1916 5142 2166 5193 cantan-

507 5236 623 5301 tur;
655 5231 884 5287 vesicas
940 5232 1182 5304 explodi
1229 5233 1581 5304 permittunt
1625 5232 1784 5285 circa
1841 5227 2050 5293 altare,
2099 5230 2164 5282 ut

504 5319 774 5376 habeant
793 5321 945 5376 risus
969 5322 1305 5378 materiam.
1349 5326 1411 5378 in
1438 5321 1652 5377 diebus
1679 5314 1998 5387 Passionis,
2023 5330 2161 5370 cum

577 5445 620 5478 ³⁷
667 5445 816 5500 Psal.
850 5461 983 5512 Lvu,
1015 5447 1070 5500 4.
1147 5445 1195 5479 ³⁸
1236 5447 1409 5501 Prov.
1445 5461 1538 5510 xx,
1570 5447 1662 5498 2t.

580 5603 692 5673 (32)
731 5605 918 5661 Locus
947 5602 1306 5671 mendosus;
1339 5604 1489 5662 forte
1519 5617 1741 5662 eorum.

1738 5443 1785 5477 ²⁹
1818 5439 2035 5513 Ephes.
2069 5458 2122 5510 v,
2159 5444 2217 5500 4.

2277 1851 2410 1906 tatis
2441 1851 2721 1923 opinione
2768 1851 2946 1922 pleni,
3001 1867 3206 1922 poma,
3240 1856 3304 1907 ut
3349 1851 3660 1919 Tantalus,
3694 1851 3924 1920 fugacia

2276 1939 2614 2012 quaeritant.
2639 1942 2712 1994 At
2737 1955 2878 1995 vero
2896 1941 3126 1996 munda
3147 1941 3274 1996 vult
3296 1940 3514 2011 [debet]
3536 1956 3671 1996 esse
3688 1955 3919 2001 manus,

2275 2044 2411 2101 quae
2438 2028 2586 2083 alias
2619 2028 2793 2084 debet
2813 2032 3039 2097 tergere
3066 2030 3296 2085 sordes.
3327 2032 3517 2094 Quare
3544 2029 3794 2100 collyrio
3816 2028 3921 2099 pri-

2274 2133 2443 2172 mum
2459 2117 2516 2172 in
2528 2122 2754 2185 ungant
2773 2117 2982 2173 oculos
3003 2135 3167 2186 suos,
3187 2117 3518 2174 abstersuri
3535 2117 3750 2173 saltem
3767 2116 3922 2171 dein-

2273 2221 2411 2278 ceps
2441 2206 2862 2278 lippitudinem
2891 2207 3238 2280 aliquando,
3271 2212 3328 2263 et
3355 2208 3610 2263 aliorum
3641 2207 3788 2262 vitia
3819 2221 3920 2260 ne-

2270 2297 2529 2368 quibunt
2553 2296 2892 2351 discernere
2919 2297 3230 2352 subtiliter.
3265 2300 3327 2353 In
3359 2295 3650 2352 scatebris
3679 2295 3921 2367 quidem

2269 2385 2772 2454 temeritatum,in
2790 2385 3279 2457 praesumptionis
3301 2385 3531 2450 aculeo,
3555 2385 3617 2439 in
3636 2383 3924 2454 jactantia

2270 2473 2606 2529 amaritiam
2657 2474 3036 2545 proferendo,
3082 2474 3250 2544 quod
3293 2474 3460 2546 prius
3493 2473 3771 2528 auditum
3805 2487 3920 2527 non

2269 2568 2377 2629 est,
2405 2563 2687 2635 Spiritum
2716 2567 2990 2618 sanctum
3018 2562 3238 2618 scilicet
3261 2578 3334 2618 ex
3365 2563 3494 2618 solo
3517 2566 3688 2618 Patre
3717 2577 3921 2634 proce-

2267 2652 2428 2718 dere,
2489 2653 2786 2724 talparum
2844 2651 3351 2724 formicarumque
3399 2650 3715 2706 cuniculos
3767 2649 3922 2706 male

2266 2739 2448 2796 fortes
2469 2746 2907 2796 exstruxerunt.
2939 2738 3217 2794 Dividunt
3243 2739 3477 2811 utrique
3505 2754 3649 2794 cum
3675 2737 3817 2792 Ario
3840 2737 3924 2792 di-

2265 2832 2470 2886 vinam
2512 2830 2937 2887 substantiam.
2971 2832 3120 2884 Nam
3151 2846 3223 2884 ex
3253 2844 3460 2884 eorum
3491 2829 3926 2899 disputatione,

2267 2922 2436 2975 Patre
2468 2920 2666 2974 minor
2706 2919 3046 2975 necessario
3091 2917 3268 2972 Filius
3294 2917 3610 2988 reperitur.
3673 2917 3926 2972 Confun-

2266 3008 2418 3063 dunt
2444 3008 2749 3063 nascentis
2797 3014 2853 3063 et
2901 3007 3283 3079 procedentis
3329 3005 3760 3076 differentiam,
3803 3018 3920 3077 qum

2267 3096 2327 3150 in
2366 3097 2479 3151 hoc
2535 3101 2738 3151 tamen
2787 3097 2941 3151 bene
2990 3096 3383 3163 dignoscitur,
3418 3095 3588 3166 quod
3631 3093 3810 3148 Filius
3857 3107 3920 3146 ex

2267 3198 2387 3238 uno
2419 3183 2567 3248 solo,
2604 3183 2854 3254 Spiritus
2888 3198 3030 3237 vero
3061 3199 3133 3236 ex
3163 3181 3404 3237 duobus
3447 3181 3741 3254 provenit.
3775 3181 3917 3233 Nam

2268 3288 2405 3328 cum
2435 3271 2684 3342 Spiritus
2714 3270 2916 3338 imago
2953 3270 3071 3324 Filii
3102 3269 3175 3324 sit
3207 3270 3585 3340 naturaliter,
3619 3269 3768 3323 sicut
3793 3281 3913 3320 ma-

2271 3376 2424 3431 gnus
2450 3359 2723 3427 Basilius,
2757 3358 3093 3426 Theologus
3123 3359 3460 3426 Gregorius,
3511 3364 3692 3430 atque
3720 3356 3926 3410 Dama-

2271 3464 2483 3505 scenus
2516 3448 2776 3515 tradunt,
2826 3463 3070 3502 necesse
3103 3452 3188 3502 est
3220 3447 3445 3502 habere
3479 3448 3556 3503 de
3612 3449 3745 3518 ipso
3775 3442 3926 3499 exsi-

2271 3538 2570 3606 stentiam,
2604 3543 2659 3593 et
2686 3537 3032 3608 procedere.
3076 3540 3392 3607 Propterea
3419 3536 3578 3593 liber
3611 3535 3724 3591 sub
3755 3535 3928 3603 impe-

2270 3628 2358 3683 rio
2381 3626 2661 3682 Manuelis
2681 3625 2892 3691 editus,
2914 3641 3096 3696 quem
3118 3627 3203 3681 De
3223 3627 3570 3682 immortali
3592 3639 3777 3682 causa
3791 3637 3930 3695 prte-

2272 3716 2468 3785 signat
2491 3715 2710 3778 titulus,
2738 3714 2833 3768 cui
2853 3714 3036 3768 Graeci
3061 3714 3482 3770 contradicere
3511 3731 3637 3770 non
3661 3715 3930 3787 possunt,

2271 3805 2493 3859 scilicet
2524 3805 2805 3876 Spiritum
2833 3820 2901 3857 ex
2932 3803 3172 3858 duobus
3204 3803 3426 3874 pariter
3466 3805 3821 3876 procedere,
3853 3801 3933 3854 in—

2273 3895 2782 3968 expugnabilibus
2860 3894 3230 3963 argumentis
3307 3893 3715 3951 demonstrat.
3789 3895 3931 3958 Ergo

2275 3985 2457 4041 Graeci
2490 3985 2673 4039 locuti
2702 3990 2839 4038 sunt
2863 3985 3050 4052 falsa,
3100 3989 3152 4038 et
3185 3991 3553 4039 erraverunt
3595 3985 3673 4039 ab
3707 3988 3869 4038 utero
3892 3981 3929 4013 ²τ

2276 4073 2482 4128 matris
2507 4089 2628 4127 suae
2657 4072 2948 4141 Ecclesia},
2977 4087 3162 4143 quam
3197 4071 3470 4127 Christus
3503 4073 3564 4127 in
3599 4071 3858 4144 synodo,
3889 4069 3940 4122 et

2276 4163 2670 4232 imperatores
2696 4161 2970 4215 omnium
2996 4159 3395 4215 Ecclesiarum
3427 4161 3777 4234 principem
3810 4172 3939 4214 con-

2278 4251 2611 4306 stituerunt.
2640 4249 2814 4305 Obliti
2849 4254 2987 4304 sunt
3014 4249 3162 4303 illud
3192 4249 3539 4306 Salomonis
3572 4268 3583 4305 :
3620 4251 3936 4309 Conserva,

2275 4340 2371 4408 ﬁli
2397 4339 2498 4402 mi,
2527 4340 2720 4407 patris
2762 4341 2854 4392 tui
2875 4344 3193 4407 praecepta.
3230 4344 3282 4393 et
3330 4354 3404 4392 ne
3456 4340 3732 4396 dimittas
3765 4339 3937 4406 legem

2277 4429 2490 4483 matris
2521 4432 2666 4482 inte.
2699 4428 2851 4496 Lz'ga
2872 4443 2998 4482 eam
3029 4429 3092 4481 in
3122 4427 3298 4482 corde
3329 4432 3432 4482 tuo
3456 4431 3721 4498 jugiter,
3752 4434 3806 4484 et
3836 4426 3940 4481 cir-

2280 4531 2566 4584 cumpone
2593 4515 2828 4585 gutturi
2855 4521 2954 4570 tuo
2985 4517 3054 4582 ³⁸,
3097 4523 3277 4586 atque
3303 4529 3340 4570 α
3369 4517 3677 4580 stultitiis,
3704 4530 3838 4587 qua)
3867 4509 3939 4569 ad

2278 4620 2399 4660 rem
2434 4621 2551 4661 non
2575 4606 2894 4675 pertinent,
2939 4609 3208 4660 avertere
3241 4606 3310 4657 ’9.
3370 4604 3637 4661 Arefacti
3664 4599 3933 4660 conversi

2280 4700 2418 4750 sunt
2458 4695 2518 4749 in
2565 4694 2811 4749 arbores
2840 4693 3219 4749 autumnalcs
3246 4695 3526 4765 expositi,
3571 4711 3700 4751 non
3745 4693 3936 4749 solum

2278 4783 2498 4839 scilicet
2525 4784 2583 4839 iu
2610 4783 2810 4852 rebus,
2845 4799 3048 4838 verum
3077 4783 3257 4837 etiam
3303 4781 3362 4836 in
3393 4782 3707 4855 plerisque
3740 4780 3937 4838 fructi-

2275 4872 2390 4928 bus
2419 4872 2701 4935 veritatis,
2735 4871 2901 4944 quod
2927 4887 2999 4927 ex
3027 4875 3272 4927 tractato
3300 4871 3572 4943 capitulo
3605 4875 3664 4929 et
3701 4867 3939 4944 reliquis

2273 4977 2411 5033 quae
2440 4960 2922 5028 subscribuntur,
2955 4964 3142 5031 patet.

2347 5052 2563 5105 Contra
2587 5049 3039 5105 instructionem
3067 5048 3275 5104 Christi
3329 5048 3689 5116 Salvatoris,
3735 5044 3936 5112 nostri,

2273 5137 2627 5193 fermentata
2639 5137 3065 5207 offerunt,cum
3081 5135 3400 5208 supercilio
3423 5139 3594 5194 enim
3640 5139 3938 5208 ignorant,

2272 5228 2408 5300 quis
2437 5226 2564 5282 dux
2595 5226 2766 5283 fuerit
2790 5226 2950 5282 illius
2982 5226 3356 5294 traditionis;
3391 5227 3634 5284 Christo
3665 5226 3728 5282 in
3770 5229 3942 5282 Coena

2272 5315 2665 5373 benedicente
2697 5331 2934 5387 azyma,
2985 5315 3153 5388 quod
3195 5314 3378 5372 trium
3427 5315 3941 5388 exangelistarum

2338 5603 2392 5674 (3
2401 5603 2451 5674 3)
2489 5603 2818 5660 Monstrum
2847 5599 3034 5660 verbi.
