4132 6374
206 290 312 346 545

1640 275 1913 334 CONTRA
1945 272 2260 335 'GRECOS.

3540 288 3642 342 546

200 413 489 468 ﬁrmatur
517 405 885 464 testimonio.
918 403 1151 472 Dicunt,
1181 405 1239 458 et
1299 401 1466 475 quod
1497 415 1884 474 nequaquam
1914 401 1962 456 Α
1994 405 2177 458 tatem
2217 400 2558 467 obtinuerit,
2616 402 3182 477 excommunicetur,
3226 407 3283 462 et
3311 410 3640 480 separetur,

207 501 407 558 relatu
431 497 688 567 dignum
709 499 886 563 esset,
907 493 1026 550 nisi
1041 491 1208 565 quod
1254 492 1306 548 ei
1328 505 1564 558 omnes,
1591 497 1886 562 tanquam

210 603 445 659 magno
503 583 944 659 propugnatori
997 582 1351 648 innituntur,
1410 584 1746 636 asserentes
1777 579 1886 634 fer«

211 676 466 736 mentati
490 675 668 748 panis
694 674 882 728 vitam
923 677 979 728 et
997 670 1428 726 animationem
1452 667 1743 736 conferre,
1773 667 1886 724 Sed

213 781 396 825 omne
446 778 668 835 corpus
716 761 926 830 articii,
975 761 1129 816 sicut
1181 775 1252 814 ex
1285 774 1346 814 se
1377 757 1564 813 simile
1593 772 1714 812 non
1756 772 1887 828 pro-

218 855 406 927 ducit,
441 854 527 910 ita
557 853 681 908 vita
711 855 874 907 caret
906 854 963 906 et
989 848 1377 904 animatione.
1437 845 1723 902 Nimirum
1753 861 1888 900 cau-

219 961 360 1001 sam
377 942 748 999 extrinsecus
771 939 953 996 habet
973 943 1340 1003 moventem,
1371 939 1434 990 ut
1462 939 1768 1002 stannum,
1789 933 1891 988 do-

219 1051 390 1102 mus,
413 1047 567 1097 arca,
590 1029 984 1085 fermentatus
1012 1027 1210 1099 panis,
1243 1030 1300 1081 et
1332 1024 1720 1088 similia.Quae
1753 1037 1891 1077 vero

232 1124 588 1179 intrinsecus
630 1119 857 1176 habent
888 1120 1228 1173 moventem
1275 1129 1542 1178 causam,
1593 1110 1894 1168 naturalia

240 1218 396 1272 sunt.
433 1215 495 1266 ut
522 1224 781 1282 quisque
812 1207 1098 1263 animata.
1129 1209 1257 1260 Non
1287 1207 1488 1258 autem
1521 1206 1609 1256 est
1646 1201 1704 1256 in
1736 1203 1893 1272 pane

224 1302 314 1356 vis
339 1297 854 1367 sanctificationis,
877 1296 979 1351 sed
1009 1295 1072 1350 in
1096 1294 1304 1350 verbo.
1327 1292 1490 1349 Unde
1517 1306 1640 1346 non
1660 1290 1894 1345 videtur

218 1390 364 1446 ﬁdei
389 1387 726 1444 consentire
754 1384 1110 1458 hujusmodi
1137 1399 1347 1439 eorum
1373 1381 1597 1436 factum
1624 1384 1680 1435 et;
1706 1394 1893 1434 asser-

221 1480 326 1549 tio,
352 1495 492 1551 qute
509 1477 828 1550 penuriam
859 1478 1196 1530 monstrare
1223 1471 1509 1536 volentes,
1533 1474 1600 1526 ut
1626 1467 1886 1534 Armeni,

219 1569 329 1641 qui
351 1567 436 1623 nil
466 1567 648 1639 aquei
676 1565 870 1621 laticis
915 1579 1040 1618 sure
1096 1559 1495 1616 immolationi
1551 1562 1885 1631 apponunt,

221 1657 522 1732 superﬂui
580 1655 988 1712 inveniuntur.
1035 1655 1184 1708 Nam
1212 1649 1389 1706 simul
1421 1648 1722 1718 frigidam,
1755 1646 1890 1702 cali-

1993 498 2050 548 et
2077 507 2288 548 omnes
2318 492 2447 564 ejus
2479 496 2842 548 consortes.»
2887 494 3002 549 Sed
3059 496 3278 552 etenim
3337 501 3393 553 et
3438 498 3643 554 tertius

1995 596 2189 637 canon
2216 581 2454 653 synodi,
2483 597 2670 653 quam
2699 582 2878 637 Graeci
2901 582 3219 656 septimam
3238 593 3480 656 vocant,
3508 603 3642 659 pro-

1995 669 2230 726 nuntiat
2257 685 2502 726 omnem
2533 669 2880 726 electionem
2924 688 2960 728 a
3015 673 3384 745 principibus
3440 676 3642 732 saeculi

1997 760 2219 815 factam
2240 758 2843 816 foreirritam.Unum
2865 760 3061 817 solum
3097 763 3446 833 Sabbatum,
3477 765 3643 838 quod

1999 863 2108 904 nos
2142 851 2415 904 sanctum
2437 864 2746 920 vocamus,
2782 865 2889 921 pro
2921 850 3227 922 sepultura
3257 853 3490 909 Domini
3521 854 3644 911 Sal-

1973 935 2220 990 ‘vatoris
2265 935 2494 1006 jejunio
2548 937 3166 994 commendavorunt:
3222 939 3452 1012 reliqua
3501 957 3644 996 vero

2001 1024 2146 1080 anni
2166 1022 2663 1095 Sabbata,epulae,
2686 1023 2921 1092 balnea,
2951 1030 3008 1082 et
3028 1027 3280 1094 ludicra,
3295 1033 3352 1083 et
3370 1028 3650 1100 quaelibet:

2001 1129 2186 1186 penes
2205 1113 2338 1168 illos
2365 1113 2752 1169 celeberrima
2780 1131 2911 1170 esse
2970 1117 3368 1188 praetendunt.
3398 1119 3514 1173 Sed
3558 1134 3647 1174 er—

2001 1218 2134 1258 rore
2162 1203 2303 1258 satis
2327 1202 2597 1272 jucunde
2615 1202 3349 1277 traducuntur,quomodo
3364 1207 3648 1278 apostolis

2003 1293 2301 1348 sancitum
2319 1308 2450 1348 esse
2468 1292 2580 1348 sub
2601 1293 2980 1349 anathemate
2995 1296 3340 1352 mentiendo
3355 1304 3644 1370 astruant,

2001 1381 2353 1437 dicentibus:
2387 1381 2751 1449 Maledictus,
2773 1381 2875 1454 qui
2901 1381 2963 1437 in
2987 1382 3249 1439 Sabbato
3265 1384 3646 1456 jejunaverit,

2001 1475 2212 1542 praeter
2240 1487 2453 1528 unum.
2483 1473 2632 1526 Nam
2663 1471 2711 1525 si
2739 1475 2982 1543 propter
3017 1470 3382 1542 singularem
3413 1475 3650 1532 Domini

1998 1559 2492 1614 resurrectionem
2521 1574 2732 1614 omnes
2761 1558 2888 1614 dies
2915 1559 3204 1616 Dominici
3251 1560 3414 1617 cultu
3463 1561 3648 1632 digno

1999 1651 2378 1716 venerantur,
2410 1652 2468 1703 et
2497 1653 2738 1719 propter
2768 1647 3132 1718 singularem
3162 1653 3441 1719 mortem,
3481 1656 3650 1710 sexta

219 1749 497 1820 damque
526 1745 750 1810 denuo,
785 1743 961 1816 quasi
985 1739 1323 1797 benedictio
1354 1738 1653 1810 impotens
1709 1736 1890 1792 conti-
1933 1753 1972 1807 Β
2000 1735 2164 1806 feria,
2202 1751 2404 1793 nonne
2430 1741 2485 1792 et
2536 1740 2778 1808 propter
2835 1737 3201 1807 singularem
3256 1738 3645 1810 sepulturam,

220 1836 424 1892 ciendi
454 1833 649 1900 fuerit,
677 1831 986 1889 Dominico
1013 1828 1292 1900 sanguini
1316 1827 1394 1884 ad
1424 1825 1888 1882 consummatio-

219 1941 367 1982 nem
402 1923 760 1980 admiscent.

296 2013 521 2070 Diebus
546 2009 941 2084 paschalibus
972 2024 1112 2064 cum
1133 2005 1394 2079 populus
1421 2003 1893 2060 communicatu-

218 2119 329 2162 rus
358 2101 527 2159 aride
557 2102 922 2173 praeparant,
955 2098 1202 2168 insuper
1240 2093 1679 2151 abundantiam
1709 2091 1892 2148 conti-

223 2192 393 2250 ciunt
411 2191 474 2246 in
499 2189 880 2246 Dominicum
895 2202 1136 2259 corpus,
1153 2188 1360 2256 etpost
1386 2181 1886 2246 distributionem,

221 2279 626 2353 reliquiarum
676 2291 944 2342 acervos,
978 2267 1122 2347 quia
1151 2272 1422 2330 durabile
1443 2287 1566 2327 non
1597 2274 1700 2336 est,
1727 2284 1889 2341 sepe-

225 2365 950 2428 liunt.Communicandis
965 2379 1186 2436 panem
1200 2361 1512 2417 intinctum
1527 2362 1887 2432 praeparant.

229 2465 289 2517 et
312 2455 735 2515 accedentibus
761 2455 914 2510 offas
940 2452 1252 2526 porrigunt
1297 2456 1458 2506 tcum
1513 2449 1849 2505 coehlearto
1873 2464 1886 2502 :

217 2549 389 2623 quod
421 2547 687 2602 Christus
717 2558 1106 2616 nequaquam
1142 2541 1354 2596 fecisse
1379 2538 1616 2609 legitur.
1647 2536 1892 2594 Diaconi

214 2653 431 2695 eorum
451 2635 556 2709 qui
582 2633 663 2690 ad
693 2633 962 2705 aliquam
983 2630 1425 2703 promotionem
1455 2627 1764 2690 incedunt,
1797 2641 1893 2681 ac-

214 2727 454 2800 cipiunt:
474 2740 714 2791 uxores,
743 2739 819 2778 ne
841 2722 1101 2778 honores
1127 2719 1400 2792 perdant,
1449 2716 1616 2789 quod
1655 2721 1889 2772 contra-

213 2817 379 2873 rium
393 2820 482 2872 est
501 2813 740 2871 decimo
765 2811 984 2868 canoni
1004 2810 1253 2865 Nicaeum
1273 2808 1507 2879 synodi.
1545 2805 1890 2862 Sacerdotes

213 2920 442 2962 eorum
460 2902 526 2958 in
539 2900 834 2974 plerisque
859 2900 1027 2970 locis,
1058 2899 1163 2954 viri
1199 2895 1566 2966 sanguinum
1579 2895 1888 2956 exsistunt,

218 2999 286 3051 et.
334 2991 728 3060 inferunt(34)
757 2990 1001 3047 sacratis
1033 2988 1358 3057 manibus;
1406 2984 1570 3057 quod
1631 2983 1890 3056 propriis

223 3079 852 3152 oculisimperatorem
870 3076 1180 3150 sequendo
1195 3091 1298 3148 per
1313 3073 1758 3162 Cappadociam
1779 3074 1892 3162 (35)
1930 3109 1971 3162 C

228 3168 978 3241 Persarumqueregiones,
1013 3165 1261 3221 intuitus
1281 3180 1436 3220 sum.
1472 3161 1892 3220 Sacerdotibus

225 3259 505 3316 debitum
542 3258 838 3315 honorem
918 3257 1359 3325 subtrahentes,
1416 3255 1568 3310 inter
1619 3251 1896 3308 CODViVi‘I

230 3348 348 3404 sibi
387 3347 670 3404 assistere
708 3348 952 3404 faciunt.
988 3349 1095 3402 Pro
1117 3345 1275 3401 facili
1305 3342 1639 3408 occasione,
1696 3341 1890 3413 poenis

227 3444 286 3494 et
310 3437 569 3507 ﬂagellis
601 3436 942 3493 sacerdotes
958 3435 1273 3490 etclericos
1295 3433 1482 3487 instar
1510 3446 1894 3503 paganorum

231 3527 535 3597 afﬂigunt.
558 3528 626 3582 Et
649 3530 715 3582 ut
742 3526 1006 3582 habeant
1045 3522 1281 3580 ridendi
1319 3521 1658 3591 materiam,
1698 3520 1761 3574 in
1791 3535 1895 3575 ca-

227 3616 455 3689 pitibus
497 3631 710 3672 eorum
756 3614 944 3686 pileos
987 3614 1206 3685 pugnis
1258 3613 1701 3682 eonquassant:
1753 3625 1892 3664 eum

231 3706 528 3777 scriptum
555 3705 629 3759 sit
651 3705 760 3775 (36)
787 3722 799 3760 :
839 3726 860 3752 ‹
883 3703 938 3759 Si
965 3703 1102 3774 quis
1124 3716 1376 3756 manum
1407 3701 1467 3754 in
1497 3697 1780 3753 clericum
1803 3698 1890 3768 je-

229 3795 397 3862 cerit,
422 3798 526 3850 aut
568 3794 693 3849 sine
725 3807 913 3848 causa
955 3807 1061 3846 seu
1109 3789 1460 3858 contingens
1490 3787 1891 3855 occasionem,

233 3883 562 3940 anathema
589 3885 740 3938 esto.
777 3904 805 3931 »

311 3975 383 4026 1n
407 3975 558 4026 sorte
584 3970 844 4028 Simonis
868 3968 1019 4040 Magi
1047 3967 1118 4023 de
1128 3968 1265 4038 jure
1289 3964 1554 4038 ponendi
1585 3967 1722 4019 sunt
1748 3967 1898 4021 Gree-

242 4075 453 4116 corum
483 4061 810 4131 pontiﬁces,
843 4060 945 4131 qui
972 4057 1149 4113 nullis
1179 4055 1462 4111 ecclesias
1493 4054 1618 4108 sine
1639 4054 1900 4125 pecunia

233 4150 592 4219 largiuntur.
630 4152 790 4215 Quos
829 4163 963 4204 vere
1023 4146 1209 4216 tangit
1264 4144 1410 4200 illud
1479 4142 1896 4215 apostolicum:

234 4241 496 4296 Pecunia
525 4247 631 4295 tua
659 4245 852 4294 tecum
882 4239 956 4293 sit
972 4238 1036 4292 in
1050 4230 1444 4306 perditionem
1478 4234 1545 4287 ³ο.
1587 4234 1796 4288 Sacros
1811 4246 1903 4287 or-

238 4328 431 4395 dines,
466 4328 572 4401 qui
603 4328 783 4397 gratis
813 4326 1035 4382 dedent
1063 4324 1212 4391 dari,
1265 4323 1381 4378 nisi
1419 4336 1639 4377 manus
1691 4335 1901 4376 eorum

236 4434 357 4475 aere
390 4423 734 4487 graventur,
759 4431 883 4471 non
915 4414 1200 4480 tribuunt;
1235 4410 1573 4484 sepulturas
1600 4409 1663 4464 in
1684 4425 1900 4465 coeme-

235 4507 401 4563 teriis
422 4522 548 4562 non
576 4506 817 4574 faciunt,
849 4503 963 4560 nisi
995 4507 1241 4574 accepta
1269 4501 1544 4574 pecunia,
1588 4515 1624 4556 a
1652 4498 1901 4570 quibus-

232 4597 404 4666 libet,
439 4612 686 4668 prorsus
716 4593 1003 4650 inﬁciant.
1039 4591 1388 4648 Patriarehee
1419 4604 1650 4658 eorum,
1692 4591 1748 4643 et
1806 4602 1902 4643 ar-

237 4684 635 4756 chiepiscopi,
668 4688 724 4738 et
772 4680 1278 4743 archimandritw,
1359 4676 1694 4734 secundum
1737 4675 1904 4747 quod

233 4775 579 4847 aliquando
600 4773 711 4829 fuit
737 4773 798 4828 in
824 4770 1124 4843 primitiva
1155 4767 1420 4826 Ecclesia
1465 4765 1898 4836 haereticorum,

231 4866 321 4923 ad
347 4863 712 4921 obtinendos
740 4864 1025 4926 honores,
1065 4859 1464 4925 celsitudines,
1490 4872 1525 4912 a
1553 4855 1720 4911 laicis
1765 4871 1901 4927 pro-

231 4958 583 5011 moventur.
607 4953 778 5019 Quod
796 4967 1043 5025 prorsus
1065 4950 1179 5006 hoc
1202 4951 1257 5004 in
1283 4954 1551 5018 tempore
1572 4943 1904 5000 tricesimus

227 5042 660 5116 apostolorum
675 5057 870 5098 canon
887 5039 1116 5095 inhibet
1134 5039 1280 5105 ﬁeri,
1301 5036 1401 5109 qui
1421 5040 1507 5091 est
1521 5032 1901 5104 hujusmodi:

229 5157 260 5184 ‹‹
291 5133 351 5188 Si
368 5131 506 5204 quis
524 5132 847 5204 episcopus
870 5145 978 5202 per
999 5127 1346 5184 mundanos
1368 5124 1668 5198 principes
1710 5121 1906 5194 digni-

229 5284 286 5321 ²⁰
310 5287 440 5351 Act,
474 5299 600 5354 vm,
628 5285 716 5339 20.

211 5440 222 5450 ν
307 5408 705 5492 (34))7ὶάειυιυ
733 5407 942 5465 deesse
975 5407 1190 5466 vocula
1219 5413 1485 5475 mortem,
1543 5407 1645 5462 aut
1702 5397 1909 5458 similis

236 5497 577 5557 quapiam,

317 5547 430 5626 (33)
485 5557 624 5626 Haec
665 5567 791 5626 non
843 5549 1536 5626 conveniuntiFratribus
1562 5547 1911 5626 Ifraedicato-

242 5623 437 5701 ribus,
475 5625 604 5694 sed,
639 5623 999 5696 Etheriano,
1054 5623 1160 5699 qui
1210 5623 1916 5693 Manueiem,Graecorum

2003 1825 2255 1895 singulis
2286 1825 2584 1895 Sabbatis,
2617 1825 2732 1880 nisi
2758 1825 3108 1882 solemnitas
3137 1826 3424 1893 inhibeat,
3461 1845 3498 1884 a
3525 1844 3649 1900 qua

2002 1921 2058 1971 et
2083 1915 2403 1986 jejunium,
2426 1920 2480 1970 et
2511 1914 2739 1972 tristitia
2760 1914 3120 1972 abducenda
3138 1932 3262 1973 non
3277 1916 3396 1974 sint
3434 1917 3649 1976 beatus

2004 2003 2301 2076 Sylvester
2329 2004 2610 2060 asseruit?

2073 2097 2294 2150 Natura
2323 2092 2570 2166 quidem
2612 2093 2874 2150 hominis
2904 2110 2941 2150 a
2996 2094 3290 2168 principio
3318 2095 3380 2151 in
3409 2096 3650 2154 ruinam

2000 2183 2195 2256 posita
2225 2187 2339 2248 est,
2370 2198 2579 2238 verum
2603 2184 2951 2240 Graecorum
2977 2183 3118 2253 gula
3159 2200 3298 2240 cum
3327 2199 3400 2241 ea
3450 2190 3648 2256 certet,

2001 2288 2136 2344 quae
2171 2287 2201 2328 e
2232 2272 2574 2343 corruptine
2604 2272 2758 2328 inest
2809 2271 3055 2329 malitia.
3093 2275 3240 2330 Nam
3268 2288 3390 2330 non
3453 2274 3650 2331 solum

1997 2359 2112 2426 bis,
2135 2360 2242 2415 sed
2253 2360 2731 2432 quotiescunque
2744 2361 3158 2432 opportunitas
3171 2361 3376 2434 aliqua
3401 2362 3648 2434 praebet,

1999 2449 2284 2505 alimenta
2307 2449 2395 2504 ori
2419 2449 2769 2506 immittunt.
2802 2449 2944 2505 Hinc
2973 2455 3061 2506 est
3089 2449 3255 2522 quod
3293 2451 3356 2506 in
3401 2451 3652 2523 quibus-

2001 2537 2145 2594 dam
2174 2537 2390 2594 diebus
2431 2539 3055 2610 Veneris,postposita
3090 2539 3651 2609 omniverecundia,

2003 2628 2284 2684 carnibus
2315 2633 2654 2693 vescuntur;
2688 2631 2917 2700 septem
2945 2628 3089 2684 solis
3126 2629 3340 2684 diebus
3383 2629 3446 2685 in
3489 2645 3650 2686 anno

1997 2719 2292 2790 jejunant:
2326 2717 2592 2789 quinque
2623 2733 2730 2789 pro
2764 2717 3465 2788 totaQuadragesima,in
3486 2720 3652 2792 prin-

2003 2806 2159 2877 cipio
2204 2821 2327 2860 sum
2383 2805 2620 2861 illorum
2675 2805 3047 2876 septimanae,
3101 2805 3363 2862 Sabbato
3423 2812 3647 2879 sancto,

2001 2895 2062 2950 in
2093 2894 2294 2964 vigilia
2320 2892 2666 2966 Epiphaniae
2697 2893 2950 2949 Domini.
2986 2895 3215 2950 Etenim
3245 2910 3352 2966 per
3407 2911 3654 2952 omnem

2002 2999 2290 3055 magnam
2305 2983 2840 3054 Quadragesimam
2867 2998 3036 3039 coena
3053 2983 3298 3039 minime
3329 2984 3653 3053 abstinent,

2004 3073 2107 3129 sed
2138 3073 2331 3145 posito
2357 3088 2463 3144 per
2476 3071 2743 3143 singulos
2769 3071 3431 3140 semelcomedunt;nec
3444 3089 3658 3130 secun-

2005 3163 2152 3218 dum
2183 3162 2528 3234 opinionem
2557 3176 2729 3216 suam
2759 3161 3302 3230 Quadragesimam
3332 3162 3656 3233 celebrant,

2006 3269 2144 3308 cum
2178 3251 2653 3321 Quadragesima
2679 3251 2976 3322 jejunium
2999 3251 3404 3323 quadraginta
3428 3253 3662 3309 dierum

2007 3341 2316 3411 signiticet.
2337 3341 2606 3413 lpsivero
2623 3339 2919 3411 majorem
2940 3339 3343 3410 septimanam
3359 3356 3661 3398 anumero

2007 3430 2496 3500 Quadragesimaa
2528 3428 2900 3485 secludentes
2932 3445 3033 3483 sex
3061 3428 3463 3487 hebdomadis
3513 3433 3663 3496 Qua-

2004 3520 2414 3590 dragesimam
2444 3517 2755 3574 claudunt.
2785 3521 2893 3573 Tot
2924 3518 3084 3573 enim
3110 3524 3248 3574 sunt
3271 3535 3308 3574 a
3346 3520 3543 3590 prima
3563 3536 3664 3576 eo-

2002 3625 2138 3664 rum
2170 3610 2506 3680 septimana
2535 3623 2724 3679 usque
2758 3607 3202 3672 a'tSabbatum,
3236 3609 3403 3679 quod
3420 3609 3651 3680 palma-

2002 3715 2138 3754 rum
2169 3699 2576 3768 arborumque
2590 3712 2792 3752 ramos
2809 3696 3112 3768 praecedit,
3135 3697 3195 3750 in
3216 3712 3338 3768 quo
3360 3696 3664 3755 universa-

2004 3789 2133 3846 liter
2163 3788 2374 3844 abillis
2398 3791 2724 3843 cantatum»
2760 3789 2900 3850 Quae
2927 3785 3145 3841 animae
3165 3785 3323 3840 utilis
3355 3792 3462 3851 est,
3496 3803 3662 3843 com-

2006 3878 2243 3951 plemus
2263 3875 2905 3945 Quadragesimam,»a
2925 3873 3148 3946 quibus
3171 3890 3273 3930 sex
3286 3875 3657 3947 septimanis,

2009 3968 2060 4022 si
2086 3984 2188 4022 sex
2208 3967 2335 4022 dies
2357 3964 2648 4021 Dominici
2679 3980 2818 4019 cum
2843 3963 3088 4019 totidem
3112 3963 3389 4020 Sabbatis
3425 3965 3661 4022 subtra-

2007 4058 2246 4126 hantur,
2273 4055 2510 4125 triginta
2542 4054 2739 4108 solum
2769 4053 2896 4108 dies
2925 4051 3316 4109 invenientur.
3344 4056 3424 4109 De
3468 4054 3662 4110 Domi-

2009 4147 2158 4202 nicis
2192 4161 2330 4200 vero
2360 4144 2573 4199 diebus
2601 4157 3043 4214 supervacuum
3097 4145 3184 4196 est
3238 4141 3546 4198 disserere:
3601 4144 3664 4199 in

2010 4236 2232 4308 quibus
2263 4232 2608 4289 Christianis
2638 4231 2920 4287 omnibus
2950 4229 3297 4303 prohibetur
3342 4230 3658 4303 jejunium.

2012 4325 2291 4396 Atigitur
2311 4325 2359 4378 si
2391 4322 2574 4378 Graeci
2619 4321 2896 4392 jejunant
2946 4321 3008 4374 in
3059 4319 3273 4375 diebus
3341 4320 3664 4376 Dominicis

2014 4420 2179 4487 (nam
2193 4413 2418 4470 eisdem
2432 4411 2672 4468 cibariis
2701 4409 3098 4466 vescunturin
3131 4408 3453 4480 Sabbatis),
3481 4425 3665 4467 anna-

2013 4505 2289 4560 thematis
2318 4503 2401 4558 rei
2433 4507 2573 4557 sunt
2599 4500 2868 4564 canonis,
2890 4499 3290 4570 dicunturque
3316 4499 3660 4559 anathema:

2014 4596 2097 4652 sic
2125 4595 2230 4668 qui
2253 4595 2314 4649 in
2345 4592 2619 4650 Sabbatis
2641 4591 3019 4662 jejunaverit,
3052 4595 3265 4661 praeter
3294 4605 3485 4644 unum
3516 4594 3667 4647 Cum

2012 4685 2188 4755 igitur
2205 4685 2299 4739 die
2313 4683 2710 4738 Sabbatorum
2720 4680 2797 4751 jej
2810 4679 2964 4734 uniis
2993 4678 3370 4744 valefaciant,
3389 4683 3445 4734 et
3461 4680 3668 4736 omnia.

2012 4776 2112 4832 illa
2141 4774 2214 4829 de
2247 4772 2556 4828 festivitate
2589 4770 2726 4841 (3’7),
2749 4768 2929 4824 etiam
2980 4767 3030 4823 si
3085 4768 3283 4837 major
3330 4767 3668 4838 septimana

2011 4863 2254 4936 reliquis
2279 4865 2643 4929 numeretur,
2665 4856 3110 4914 evidentissime
3127 4859 3376 4922 constat,
3413 4870 3516 4912 eos
3542 4871 3668 4913 non

2013 4954 2238 5012 habere
2261 4949 2830 5019 Quadragesimam.

2087 5042 2358 5101 Monaehi
2386 5048 2551 5098 extra
2583 5039 2911 5094 claustrum
2937 5034 3450 5107 pernoctantes,ut
3485 5046 3669 5104 pecu-

2016 5136 2147 5204 des,
2179 5132 2428 5201 singulis
2459 5129 2624 5186 horis
2665 5130 2725 5182 in
2763 5124 2972 5198 plateis
3027 5122 3142 5194 ipsi
3194 5119 3538 5188 comedunt,
3585 5124 3669 5178 ‘de

2018 5333 2461 5405 imperatorem,
2499 5323 2884 5398 sequebatur,
2917 5319 3066 5378 dum
3110 5319 3270 5378 bella
3326 5322 3556 5391 gereret
3609 5318 3673 5378 in

2019 5425 2294 5494 Egypto,
2327 5418 2479 5487 Asia,
2507 5421 2617 5473 etc.
2642 5417 2812 5470 BASN.

2094 5533 2200 5605 (36)
2227 5531 2367 5605 Can.
2400 5527 2602 5599 Apost.

2097 5596 2212 5680 (37')
2243 5604 2430 5658 Locus
2451 5596 2790 5668 corruptus.
