4132 6432
431 311 535 383 547

1659 292 2144 354 PANTALEONIS
2179 293 2466 350 DIACONI
2504 289 2605 348 (ΖΡ.

3747 293 3853 360 sis

386 448 391 451 -
435 451 592 516 sinu,
619 452 913 514 umquam
933 451 1005 492 ex
1025 431 1420 499 arcafructus,
1449 425 1543 484 vel
1561 421 1787 494 aliquid
1802 419 2083 477 vescibile
2132 423 2172 474 Α
2208 419 2647 516 Suﬂ'ocatorum
2676 432 2787 516 nec
2803 413 3106 485 abstinent
3128 431 3421 501 sanguine
3445 449 3458 496 ;
3479 447 3624 487 nam
3639 430 3855 486 turbos

433 515 830 598 extrahentes,
859 518 1573 582 manducant.Declinant
1609 520 1668 568 ut
1710 515 2098 582 caupones,ct

436 629 629 688 calido
659 631 811 696 lyreo
837 618 1104 672 comesta
1131 610 1414 666 inferiora
1442 605 1712 662 credunt.

507 685 700 773 Penes
727 705 1056 766 monachos
1078 715 1198 756 non
1222 702 1310 754 est
1332 712 1519 750 unum
1550 690 1950 761 marsupium,
1986 685 2093 741 sed

437 805 602 865 obliti
631 803 949 858 dicentem:
1001 792 1132 846 Ni'St
1171 788 1299 859 quis
1337 781 1771 842 renuntiaverit
1801 776 2091 873 omnibus,

438 912 569 970 quae
586 889 845 962 possidet
875 886 944 947 ³¹,
972 887 1106 948 etc.,
1131 875 1350 946 singuli
1372 873 1597 928 habent
1621 868 1877 970 singula.
1914 868 2097 970 Cretici

440 956 830 1056 nequaquam
879 972 1228 1026 venerantes
1273 965 1636 1034 praeceptum
1693 956 2096 1056 apostolicum

441 1043 608 1132 illud:
654 1043 755 1123 θέτ’
777 1067 827 1120 si
854 1074 1082 1117 comam
1111 1054 1364 1116 nutriat,
1391 1048 1720 1120 ignominia
1746 1050 1830 1100 est
1884 1044 1982 1098 illi
2024 1043 2095 1095 ³³.

445 1169 667 1223 Omnes
696 1171 834 1211 cum
867 1149 1132 1205 maximo
1165 1141 1359 1198 studio
1416 1135 1798 1192 incrementis
1847 1147 2098 1204 Operam

445 1252 750 1327 praestant.
776 1241 959 1310 Hujus
987 1236 1197 1306 lapsus
1227 1229 1422 1285 clerici
1449 1226 1713 1282 maxime
1735 1226 1816 1278 rei
1856 1227 2013 1318 sunt,
2043 1224 2102 1274 et

447 1310 644 1402 etiam,
671 1347 824 1406 quos
851 1326 1014 1383 nullo
1063 1319 1244 1376 modo
1274 1318 1445 1406 decet
1476 1360 1490 1384 ,
1512 1313 1789 1406 monachi
1810 1310 2098 1406 nutriunt.

449 1401 674 1488 Etenim
693 1401 760 1477 in
791 1430 1029 1473 coronae
1059 1408 1333 1473 modum,
1365 1405 1518 1460 sicut
1560 1403 1765 1474 regula
1815 1401 2098 1471 principii,

449 1529 757 1577 tonsuram
787 1504 1147 1577 capillorum
1170 1513 1292 1554 non
1319 1495 1564 1561 faciunt,
1591 1492 1696 1547 sed
1716 1492 1945 1562 pene'ut
1977 1503 2108 1585 mu-

447 1611 617 1665 lieres
638 1605 699 1658 in
729 1601 920 1655 fronte
967 1586 1294 1648 dividendo
1349 1583 1788 1649 discriminant,
1860 1583 2106 1633 servatis

451 1695 717 1765 undique
742 1683 992 1757 capillis,
1021 1685 1082 1734 ut
1109 1675 1245 1732 colli
1265 1673 1450 1765 nuda,
1474 1677 1534 1728 et
1559 1671 1794 1765 aurium
1814 1665 2108 1765 cartilagi-

2205 511 2530 566 comedunt
2553 512 2784 584 laqueis
2816 520 3246 587 strangulatos,
3290 526 3345 576 et
3384 521 3534 576 alias
3587 537 3748 584 aves,
3803 526 3862 575 et

2202 598 2482 655 intestina
2511 604 2801 669 sanguine
2823 609 3072 676 porcino
3102 610 3438 682 implentes,
3474 626 3582 682 pro
3626 609 3857 664 deliciis

2205 696 2544 754 vescuntur,
2573 697 2781 747 contra
2807 697 3222 765 apostolorum
3254 700 3512 756 decreta.
3555 700 3863 768 Sanguine

2202 777 2469 832 humano
2500 796 2714 850 porcos
2753 782 2940 842 alunt.
2982 787 3086 857 qui
3142 795 3330 844 artem
3386 789 3697 844 minuendi
3744 789 3861 856 (38)

2205 874 2496 922 exercent.
2531 871 2679 924 Cum
2709 872 2784 926 ad
2819 886 3125 931 mortuum
3174 878 3585 949 sepeliendum
3646 893 3868 932 conve-

2206 955 2397 1023 niunt,
2426 958 2549 1011 noti
2570 959 2746 1013 amici
2769 966 2825 1016 et
2847 965 3087 1031 cognati
3113 966 3486 1031 accedentes,
3504 967 3552 1020 ei
3579 965 3865 1021 osculum

2205 1046 3042 1121 prtestantsinguliJanquam
3071 1053 3371 1110 licentiam
3387 1056 3708 1127 accepturi,
3740 1071 3871 1110 mo-

2208 1148 2680 1204 repaganorum,
2721 1137 2822 1208 qui
2839 1139 2917 1193 ad
2964 1149 3230 1197 mortuos
3255 1143 3646 1198 intendebant
3676 1143 3872 1198 verba

2207 1223 2336 1276 haec
2357 1245 2383 1270 «
2412 1221 2733 1288 Vade,cum
2759 1233 3040 1283 naturate
3065 1231 3359 1285 vocaverit
3383 1247 3736 1302 ;sequemur
3753 1239 3869 1286 te.»

2211 1312 2508 1366 Misturain
2533 1315 2842 1382 sanguinis
2882 1319 3248 1387 prohibitam
3273 1337 3308 1375 a
3339 1323 3558 1376 sanctis
3585 1321 3872 1375 Patribus

2213 1400 2688 1470 faciuntjugiter.
2712 1407 2857 1458 Nam
2882 1408 3223 1462 consobrini
3239 1410 3634 1464 consobrinas
3652 1425 3874 1464 uxores

2216 1489 2460 1543 ducunt.
2499 1489 2559 1543 ln
2611 1490 2974 1562 baptizando
3019 1503 3231 1566 praeter
3269 1497 3589 1553 Salvatoris
3647 1514 3876 1569 praece-

2217 1583 2387 1649 ptum
2405 1579 2938 1655 apostolorumque
2960 1587 3482 1657 consuetudinem,
3498 1587 3620 1641 duo
3643 1587 3880 1642 faciunt

2217 1667 2474 1722 multum
2519 1670 2950 1739 superstitiosa.
2986 1675 3176 1729 Unum
3207 1675 3476 1746 quidem,
3523 1677 3687 1748 quod
3734 1676 3877 1731 oleo

452 1803 558 1843 nes
588 1756 924 1855 protegant.
956 1767 1221 1828 Mulieres
1250 1763 1487 1855 deserto
1519 1758 1776 1855 naturali
1806 1756 1968 1855 cultu
2007 1770 2104 1809 ca-
2133 1762 2180 1816 Β
2220 1772 2324 1827 per
2367 1763 2576 1854 totum,
2623 1758 3055 1855 baptizandum
3109 1768 3383 1832 perungit
3427 1767 3730 1833 sacerdos,
3794 1782 3879 1820 ne

451 1845 757 1947 pilio-rum,
772 1845 965 1918 comis
988 1861 1363 1912 mortuorum
1385 1848 1758 1904 densissimis
1778 1845 2108 1900 subornan-

455 1933 572 2029 iur,
605 1960 813 2013 contra
837 1945 1232 2004 monitionem
1260 1941 1421 1996 beati
1440 1937 1583 1992 Petri
1605 1935 1878 2008 apostoli,
1910 1933 2110 1988 dicen-

458 2026 565 2111 tis:
585 2040 935 2104 Mutierzbus
965 2049 1086 2090 non
1114 2034 1189 2086 sit
1212 2030 1578 2085 extrinsecus
1599 2026 1988 2093 capillatum,
2006 2030 2115 2080 aut

460 2132 851 2201 circumdatio
862 2126 1131 2192 auri,aut
1147 2117 1971 2175 indumentivestimentomm
1989 2114 2127 2167 cul—

461 2239 556 2290 tus
586 2229 656 2282 ³³.
680 2220 945 2280 Mulieres
974 2213 1144 2269 fusco
1175 2207 1361 2281 [fuco]
1393 2211 1449 2261 et
1479 2203 1735 2277 puniceo
1766 2203 1946 2258 facies
1977 2217 2120 2258 suas

460 2319 738 2394 pingimt,
767 2313 824 2364 et
849 2303 1030 2362 variis
1057 2296 1358 2355 coloribus
1390 2293 1821 2392 insigniuntur.

533 2379 649 2461 Viri
675 2379 732 2458 et
775 2395 1052 2454 mulieres
1073 2389 1518 2444 sacramentum
1541 2382 1672 2452 conj
1685 2380 1804 2451 ugii
1835 2396 1944 2448 pro
1972 2379 2122 2435 futili

465 2496 767 2570 reputant.
802 2489 952 2543 Nam
983 2478 1217 2554 quoties
1242 2475 1389 2570 alter
1439 2471 1763 2570 displicet,“
1793 2470 1886 2526 vel
1939 2470 2124 2525 altera

466 2560 657 2647 alteri,
687 2591 890 2635 coram
917 2573 1170 2644 praetore
1200 2564 1431 2621 urbano
1453 2560 1862 2617 voluntatibus
1913 2574 2123 2614 eorum

467 2670 778 2746 expositis,
806 2655 1218 2720 instrumentis
1243 2659 1299 2709 et
1351 2650 1607 2746 cingulis
1665 2649 1940 2721 praecisis,
1997 2647 2124 2701 sine

468 2737 935 2821 contradictione
961 2746 1070 2802 viri
1097 2757 1334 2812 uxores,
1369 2744 1424 2795 et
1454 2737 1736 2794 mulieres
1797 2739 1958 2791 viros
2015 2749 2125 2806 pro

465 2851 638 2910 libitu
686 2840 1005 2912 accipiunt,
1051 2837 1261 2889 contra
1289 2828 1670 2895 mandatum,
1721 2825 1887 2896 quod
1937 2823 2121 2879 dicit;

473 2937 630 3011 Quod
653 2937 808 2990 Deus
835 2924 1170 2996 conjunxit,
1193 2920 1360 2974 homo
1384 2932 1459 2972 ne
1487 2921 1720 2985 separet
1749 2916 1818 2971 ³⁵.
1844 2915 1908 2968 In
1934 2912 2128 2968 domi-

467 3003 584 3090 bus
604 3025 728 3082 suis
764 3011 1220 3079 mansiunculas
1249 3011 1625 3072 construunt,
1653 3004 1716 3060 in
1741 3003 1962 3076 quibus
1991 3019 2127 3058 san-

2220 1861 2393 1916 aquae
2424 1845 2678 1900 tinctura
2700 1847 2862 1903 illum
2887 1853 3185 1922 pertingat
3208 1868 3220 1916 ;
3247 1853 3500 1908 alterum
3518 1870 3673 1922 vero,
3701 1855 3876 1924 quod

2219 1950 2442 2004 aquam
2458 1935 2583 1989 ﬁeri
2597 1937 3160 1996 mandantcalidam
3173 1941 3534 1996 infantulum
3550 1959 3885 2015 perpurga-

2227 2031 2455 2078 turam:
2483 2024 2647 2095 quod
2670 2041 2888 2097 neque,
2912 2029 3176 2084 Christus
3215 2045 3410 2102 neque
3440 2031 3656 2103 aliquis
3702 2033 3886 2087 disci-

2227 2112 2505 2185 pulorum
2538 2113 2747 2168 fecisse
2774 2116 3020 2184 legitur:
3050 2133 3238 2189 quare
3259 2119 3380 2176 duo
3401 2120 3772 2191 baptismata
3793 2122 3888 2178 fa-

2229 2204 2411 2271 ciunt,
2453 2219 2591 2257 cum
2619 2203 2908 2275 scriptum
2960 2206 3069 2261 sit:
3117 2208 3279 2263 Unus
3327 2210 3638 2278 Dominus,
3689 2225 3888 2266 unum

2231 2293 2550 2361 baptisma,
2579 2309 2704 2348 una
2726 2294 2872 2361 ﬁdes
2891 2296 2962 2349 ³⁸.

2305 2385 2541 2438 Frustra
2568 2381 2816 2453 quidem
2859 2391 3120 2452 arguunt
3156 2387 3389 2442 Latinos
3437 2389 3642 2455 Graeci,
3704 2405 3894 2462 aquae

2232 2487 2580 2544 causa,quaa
2602 2487 2707 2543 per
2736 2472 2862 2527 dies
2893 2475 3233 2530 Dominicos
3265 2476 3326 2530 in
3354 2477 3619 2533 ecclesiis
3645 2478 3724 2533 ad
3748 2494 3898 2534 san-

2232 2561 2617 2617 cttﬁcandum
2644 2561 2938 2633 populum
2967 2562 3436 2629 benedicuntur;
3473 2581 3613 2622 cum
3661 2569 3710 2621 si
3757 2567 3899 2622 haec

2233 2649 2411 2721 culpa
2433 2648 2523 2719 sit,
2562 2649 2676 2720 ipsi
2703 2648 3105 2719 multipliciter
3131 2651 3212 2704 rei
3267 2651 3402 2706 sint.
3453 2655 3600 2708 Nam
3663 2654 3899 2724 singuli

2232 2738 2481 2810 papyris
2501 2737 2633 2792 oleo
2647 2737 3071 2808 lampadarum
3091 2738 3430 2795 ardentium
3446 2756 3650 2796 coram
3665 2742 3898 2811 imagi-

2233 2827 2412 2881 nibus
2434 2831 2780 2882 sanctorum
2805 2827 3081 2892 intinctis,
3105 2827 3328 2884 frontes
3351 2845 3493 2884 suas
3514 2837 3894 2901 perungunt,

2235 2921 2291 2970 et
2313 2930 2474 2987 aqua
2500 2931 2560 2969 se
2581 2922 2924 2986 aspergunt,
2961 2931 2999 2971 a
3037 2916 3300 2987 reliquiis
3343 2923 3690 2972 sanctorum
3749 2933 3895 2974 con-

2235 3009 2426 3068 tacta;
2456 3010 2512 3058 et
2533 3004 2592 3058 in
2615 3004 2868 3074 singulis
2889 3004 3168 3061 Kalendis
3191 3004 3640 3075 diligentissime
3657 3022 3883 3078 aquam

469 3125 705 3177 ciorum
733 3106 1028 3176 imagines
1046 3099 1363 3160 collocant,
1383 3095 1540 3150 eteis
1561 3108 1742 3148 omne
1768 3092 2129 3164 obsequium
2162 3109 2201 3163 α
2241 3092 2631 3148 sanctiﬁcant.
2679 3094 2768 3148 Ad
2812 3110 2997 3166 quam
3027 3093 3374 3164 tollendam,
3408 3094 3484 3149 de
3534 3095 3750 3150 vicinia
3797 3110 3892 3150 ve-

474 3205 756 3266 exhibent
789 3190 1242 3266 lampadarum,
1286 3199 1619 3248 cereorum,
1681 3186 1738 3237 et
1759 3181 2024 3248 incensi;
2074 3183 2135 3236 et

476 3289 820 3370 synodales,
852 3297 1006 3354 quas
1035 3282 1235 3350 patres
1263 3289 1473 3329 eorum
1522 3275 2000 3341 construxerunt,
2044 3287 2136 3327 ec-

475 3359 716 3443 clesias,
747 3375 808 3430 in
842 3366 1224 3425 solitudinem
1243 3362 1446 3416 sinunt
1463 3364 1519 3414 et
1536 3359 1596 3413 in
1617 3364 2029 3431 paupertatem
2051 3374 2138 3414 re-

475 3470 641 3540 digi:
672 3471 729 3522 et
759 3475 912 3535 pene
932 3458 992 3512 in
1026 3452 1326 3511 cubitibus
1358 3449 1480 3503 suis
1528 3449 1755 3503 faciunt
1808 3450 2134 3512 missarum

479 3537 773 3618 solemnia
791 3544 1096 3610 celebrari,
1123 3542 1304 3596 beato
1333 3537 1632 3610 Sylvestro
1664 3538 1778 3592 hoc
1803 3537 2129 3594 inhibente.

479 3654 621 3708 Can.
645 3667 672 3697 ‹‹
701 3639 904 3699 Nullus
930 3632 1242 3707 presbyter
1264 3626 1564 3683 celebrare
1626 3633 1968 3696 praesumat,
2019 3627 2112 3682 nis

479 3741 541 3797 in
565 3725 990 3792 sacratislocis,
1008 3722 1068 3777 in
1083 3718 1253 3784 villis,
1273 3717 1331 3771 in
1351 3714 1592 3786 oppidis
1611 3715 2079 3785 provinciarum.
2101 3737 2128 3765 »

482 3831 705 3886 Uxores
728 3815 1133 3874 sacerdotum,
1165 3807 1417 3862 chorum
1444 3803 1863 3874 ingredientes,
1896 3804 2130 3860 oblatos

481 3929 671 3991 panes
694 3910 770 3966 de
795 3903 962 3963 altari
984 3898 1219 3975 tollunt,
1246 3900 1311 3991 et
1339 3893 1705 3991 obsequium
1729 3892 1964 3948 diaconi
1997 3908 2129 3990 per-

483 3983 750 4076 agentem
794 3997 1010 4051 cuncta
1063 4001 1200 4058 quae
1243 3985 1302 4038 in
1341 3989 1568 4038 cunctis
1616 3983 1741 4037 suis
1794 3983 2133 4038 necessaria

483 4068 855 4151 suntotﬁciis
896 4079 1241 4134 missarum.
1283 4077 1645 4144 praeparant.
1709 4072 1941 4126 Missam
1975 4068 2164 4126 circa‘

481 4184 698 4240 horam
727 4171 980 4235 tertiani,
1013 4178 1165 4237 pene
1195 4161 1392 4217 nullos
1434 4160 1735 4215 auditores
1778 4160 2007 4215 habens
2043 4175 2134 4216 sa-

487 4267 698 4329 cerdos
715 4259 992 4318 celebrat.
1009 4250 1241 4323 thuod
1258 4250 1426 4306 nefas
1439 4254 1604 4321 puto,
1633 4247 1824 4315 uxori,
1843 4248 1936 4302 vel
1950 4264 2136 4319 puero

485 4359 611 4417 ﬁlio
632 4348 986 4413 associatus,
1007 4357 1160 4414 quos
1181 4355 1303 4395 non
1322 4339 1505 4394 habet
1526 4337 1741 4406 socios,
1775 4336 1869 4391 vel
1889 4337 2138 4393 comites

2249 3184 2473 3238 uientes
2501 3188 2681 3254 atque
2711 3187 3085 3254 asportantes
3112 3183 3174 3238 in
3193 3184 3411 3240 domos
3443 3199 3608 3252 suas,
3645 3200 3765 3239 non
3796 3201 3896 3240 so-

2247 3272 2373 3327 lum
2400 3272 2511 3344 ipsi
2543 3277 2891 3342 aspergunt,
2923 3271 3028 3326 sed
3058 3271 3256 3326 verius
3296 3272 3581 3328 delibant.
3621 3271 3899 3342 Apostoli

2249 3361 2779 3433 apostolorumque
2826 3375 3204 3415 successores
3248 3376 3497 3432 prorsus
3527 3361 3704 3416 etiam
3751 3376 3900 3416 cum

2246 3467 2426 3508 uxore
2447 3452 2624 3518 coire,
2640 3465 2714 3504 ne
2737 3448 3142 3504 sacerdotium
3164 3449 3516 3520 polluerent,
3538 3449 3899 3517 omiserunt;

2239 3541 2428 3595 Graeci
2459 3555 2598 3595 vero
2628 3538 2984 3601 sacerdotes,
3017 3538 3312 3594 derelictis
3339 3543 3689 3594 sanctorum
3718 3538 3900 3594 vesti-

2241 3631 2371 3701 giis,
2397 3636 2460 3683 ut
2491 3627 2800 3698 animales,
2836 3628 3255 3683 contrahentes
3286 3627 3902 3692 matrimonium,non

2234 3719 2579 3789 percipiunt
2599 3732 2664 3773 ea
2687 3732 2818 3787 qua
2837 3718 2947 3772 Dei
2964 3725 3097 3771 sunt
3120 3718 3162 3750 ³⁷
3176 3755 3188 3766 .
3221 3720 3286 3772 Et
3305 3718 3472 3788 quod
3514 3715 3903 3772 abominabi-

2238 3811 2352 3865 lius
2381 3813 2486 3871 est,
2516 3823 2552 3863 a
2607 3806 2930 3862 concubitu
2985 3806 3248 3862 mulieris
3302 3812 3636 3877 surgentes,
3680 3813 3906 3863 sancta

2242 3898 2562 3971 profanant
2582 3897 2889 3966 mysteria,
2921 3911 3058 3966 quae
3083 3895 3338 3966 pollutos
3369 3900 3427 3951 et
3461 3900 3728 3951 recenter
3755 3911 3906 3952 cum

2241 3986 2594 4044 mulieribus
2625 3985 3045 4056 coinquinatos
3082 3983 3248 4040 nullo
3306 3984 3491 4040 modo
3549 3983 3907 4041 admittunt.

2244 4076 2543 4133 Christum
2568 4075 2766 4129 minus
2787 4089 2984 4144 posse,
3005 4089 3191 4144 quam
3221 4076 3400 4147 κῦριον
3455 4077 3692 4144 putant.
3749 4075 3908 4129 Nam

2245 4182 2317 4221 ex
2345 4165 2460 4220 hoc
2508 4161 2753 4234 probari
2799 4167 3010 4232 potest,
3039 4161 3202 4232 quod
3236 4162 3463 4218 Christe
3491 4163 3704 4218 eteison
3749 4178 3908 4217 nun-

2241 4269 2430 4326 quam
2452 4250 2775 4306 concinunt
2795 4267 2807 4304 :
2832 4251 3007 4319 Kyrie
3022 4251 3240 4306 eteison
3255 4249 3738 4322 frequentissime
3757 4265 3908 4306 can-

2247 4347 2374 4398 tant
2404 4341 2463 4395 in
2487 4338 2699 4395 ofﬁciis
2731 4339 2871 4393 suis.
2909 4338 3176 4394 Praelatio
3206 4339 3524 4395 sacerdotii
3574 4339 3737 4411 apud
3799 4354 3908 4395 eos

489 4440 811 4506 salutando
838 4435 980 4493 dicit
1009 4450 1020 4487 :
1056 4450 1087 4483 ‹
1113 4433 1232 4485 Pax
1259 4427 1455 4484 vobis.
1485 4449 1512 4478 »
1558 4425 1852 4484 Omnibus
1893 4426 1954 4480 in
1987 4427 2140 4490 Qua-
2173 4462 2216 4516 Β
2249 4438 2480 4487 tantum
2511 4430 2661 4484 inter
2699 4429 3032 4484 monachos
3079 4445 3208 4483 esse
3261 4428 3512 4484 videtur.
3567 4429 3687 4484 Soli
3738 4429 3907 4484 enim

489 4526 874 4604 dragesimali
894 4529 1163 4594 tempore
1188 4517 1483 4581 Sabbatis,
1502 4520 1557 4572 et
1579 4515 1899 4570 Dominicis
1926 4514 2141 4604 diebus

489 4603 710 4685 missas
735 4614 1058 4677 celebrant,
1081 4613 1138 4664 et
1157 4605 1535 4662 Dominicum
1553 4618 1774 4674 corpus
1793 4603 2138 4658 conﬁciunt.

489 4709 752 4784 Reliquis
779 4719 916 4761 vero
933 4715 1072 4758 cum
1099 4697 1294 4766 major
1317 4693 1612 4749 incumbit
1636 4692 1982 4761 necessitas,
2007 4693 2146 4748 mis-

491 4782 694 4863 sarum
718 4792 1121 4855 solemnitates
1143 4800 1390 4858 prorsus
1412 4782 1786 4844 abdicantes,
1805 4783 2146 4854 praesancti-

491 4893 684 4954 ﬁcatis
705 4889 971 4946 utuntur.
997 4883 1059 4934 In
1084 4871 1566 4942 Quadragesima
1591 4870 1824 4927 silentio
1846 4889 2150 4929 commen-

495 4987 676 5044 dant:
710 4981 865 5034 Deus
882 4968 1194 5029 Dominus,
1219 4969 1271 5020 et
1295 4962 1500 5018 illuxit
1522 4961 1692 5016 nobis
1726 4962 1794 5027 ³⁵,
1822 4963 1990 5035 quod
2024 4965 2151 5022 reli-

493 5073 630 5145 quis
648 5066 796 5127 anni
818 5055 1192 5131 temporibus
1209 5052 1401 5107 decan
1411 5054 1550 5106 tant.
1573 5051 1922 5108 Sacerdotes
1940 5070 2151 5110 eorum

495 5138 664 5222 more
687 5151 960 5216 Judaico,
989 5142 1342 5218 promittunt
1369 5138 1612 5204 barbas,
1631 5155 1768 5212 quas
1783 5147 1923 5198 sunt
1952 5143 2150 5198 Domi—

497 5252 636 5309 nico
685 5238 1001 5311 sanguine,
1044 5247 1182 5288 cum
1231 5229 1310 5285 ab
1349 5227 1460 5283 illis
1515 5227 1764 5299 bibitur,
1818 5230 2150 5287 madentes.

575 5422 618 5454 δι
657 5418 792 5470 Luc.
821 5423 941 5471 x1v,
985 5406 1071 5460 33.
1149 5399 1239 5456 "1
1272 5401 1401 5455 Cor.
1428 5416 1508 5467 x1,
1546 5400 1628 5453 14.

503 5509 586 5559 ιν,
624 5493 655 5543 5
730 5485 772 5517 3‘
826 5480 996 5534 lCor.
1036 5490 1097 5538 ll,
1134 5475 1219 5530 14.

577 5628 692 5706 (38)
719 5620 975 5683 Secandi
999 5632 1210 5677 venas.

1707 5400 1754 5433 ³³
1803 5402 2001 5456 IPetr.
2050 5417 2128 5470 ιιι,
2173 5404 2233 5460 3.

2248 4518 2532 4575 monachi
2561 4521 2915 4589 potestatem
2947 4516 3221 4574 solvendi
3259 4524 3440 4589 atque
3466 4516 3692 4586 ligandi
3733 4533 3907 4574 exer-

2249 4613 2546 4679 cent,quee
2572 4609 2757 4671 Petro,
2800 4606 3068 4677 Petrique
3109 4605 3556 4661 successoribus
3597 4605 3907 4678 principa-

2251 4699 2381 4754 liter
2407 4703 2496 4752 est
2523 4696 2755 4752 tradita.
2782 4699 2911 4761 Qua
2931 4695 3007 4750 de
3037 4711 3226 4751 causa
3279 4696 3550 4750 studium
3595 4695 3911 4765 singulare

2254 4788 2523 4860 pecuniae
2541 4786 2880 4841 sacerdotes
2900 4785 2960 4840 in
2977 4784 3309 4840 monastico
3321 4784 3532 4840 habitu
3545 4785 3910 4840 constitutos

2255 4875 2688 4948 complectitur,
2705 4872 3163 4946 multaqueinde
3179 4873 3450 4929 facinora
3474 4872 3807 4945 proﬂuunt,
3847 4881 3921 4932 ut

2257 4965 2694 5024 evanescantin
2722 4963 3186 5032 cogitationibus
3217 4961 3344 5016 suis
3391 4967 3448 5018 et
3475 4962 3921 5033 redargutioni-

2251 5056 2375 5112 .bus
2399 5056 2523 5109 suis
2547 5057 2771 5109 truces.
2799 5055 2949 5107 Nam
2978 5050 3146 5123 quod
3169 5050 3231 5105 in
3263 5067 3487 5123 magno
3540 5051 3923 5108 Constantini

2263 5143 2482 5216 palatio
2513 5141 2963 5211 diligentissime
2987 5139 3364 5205 observatur,
3392 5141 3504 5196 hoc
3544 5141 3783 5196 Latinos
3833 5140 3926 5197 fa-

2264 5234 2481 5288 cientes
2512 5234 2868 5299 coarguunt.
2886 5232 2950 5283 In
2985 5227 3251 5284 Ecclesia
3275 5229 3480 5301 utique
3518 5227 3659 5284 dicti
3685 5227 3918 5301 palatii,

2315 5401 2363 5436 “
2400 5399 2596 5458 Matth.
2653 5414 2772 5464 XIX,
2811 5401 2862 5453 6.
2897 5405 2904 5414 ‘
2942 5398 2989 5431 ³⁵
3033 5395 3187 5452 Psal.
3247 5412 3418 5465 cxvu,
3451 5400 3543 5455 27.

3620 5399 3666 5432 ³⁵
3700 5397 3928 5471 Epheso
