2066 3195
129 151 185 179 549

852 152 990 186 CONTRA
1000 148 1165 187 “Gnaeos.

1790 169 1842 196 550

126 213 311 263 ubi-sanctae
321 214 509 263 constituunt
529 215 672 252 reliquias,
693 219 803 245 sanctae
814 218 865 246 Dei
880 219 963 247 Geni-
975 222 999 249 A
1014 221 1113 248 carnis
1128 220 1274 249 edulium.
1289 223 1392 251 Omnis
1407 224 1497 258 enim,
1513 226 1566 262 qui
1576 226 1606 254 in
1615 227 1699 263 regia
1708 228 1783 257 urbe
1802 229 1841 257 de

127 257 210 285 tricis
225 258 329 294 imago
343 261 413 294 post
427 259 519 287 altare
537 260 603 293 sita,
618 269 711 297 quam
724 262 857 297 quodam
869 264 964 291 excel-

126 302 228 330 lentiae
247 302 404 338 privilegio
417 306 525 331 vecant
540 304 696 333 dominam
718 306 828 334 domus
842 316 848 340 ;
864 308 962 336 statim

128 354 147 375 a
159 347 259 382 capite
269 347 378 382 jejuuii
390 347 421 375 in
435 348 570 376 conclavi
585 349 733 378 clauditur
741 358 837 386 usque
848 352 885 379 ad
901 360 963 380 ma-

128 399 226 426 gnum
240 391 532 428 Sabbatum,panno
556 393 634 421 illius
655 397 749 429 portae
775 396 961 431 operiuntur,

128 436 266 464 similiter
279 438 383 464 autem
397 438 491 465 sancti
505 438 665 471 mantellis,
687 441 842 476 sanctique
871 441 963 468 Kora-

129 481 216 509 midii
226 482 282 516 (39)
293 481 387 515 loc0s,
402 483 644 515 Quadragesimae
658 487 800 519 tempore,
816 486 960 521 usquead

130 525 211 553 illud
231 525 398 554 Sabbatum
425 527 625 555 velamiuibus
647 531 739 556 tectos
768 531 960 562 custodiunt;

134 572 248 598 sanctae
261 571 309 599 Dei
337 572 490 599 Genitricis
512 572 686 607 imaginem,
706 576 738 601 ut
762 575 838 601 ﬁlios
862 579 961 610 partu-

132 614 191 642 riat
201 615 393 651 compellant,
420 624 515 652 eaque
540 617 698 645 mediante.
720 619 819 653 ipsam
843 620 959 647 Domini

127 659 263 692 latrem,
278 661 310 687 ut
331 662 498 687 commater
512 660 572 690 ﬁat,
590 666 756 694 accersunt,
780 663 836 690 hoc
856 664 956 691 modo.

126 702 257 737 lmagini
272 702 431 731 sindonem
440 707 629 737 connectunt,
648 708 678 732 ut
692 706 873 741 baptizatum
886 716 957 742 pue—

125 754 197 774 rum
211 746 250 775 de
263 754 358 774 manu
374 748 549 782 sacerdotis,
561 749 629 784 ipsa
645 753 676 776 ut
691 755 856 778 commater
880 752 954 778 acci—

125 791 200 826 piat.
214 791 312 824 Quam
324 793 567 827 superstitionem
585 802 601 820 a
617 802 647 821 se
663 793 725 821 ﬁeri
737 803 873 822 sermone
890 804 955 830 pro-

124 836 261 864 ﬁtentur.
273 836 331 864 Sed
345 836 420 872 quid
432 837 689 873 imagoloquatur,
706 842 757 865 aut
770 839 956 874 fidemspon-

124 880 198 908 deat
208 888 264 915 pro
277 888 379 916 puero,
392 885 443 909 aut
460 882 662 910 testimonium
676 883 782 910 reddat
803 884 953 919 baptismi,

125 925 185 952 nisi
201 925 298 953 Deum
313 928 496 957 contemnat,
509 927 576 961 quis
590 927 701 954 audeat
716 936 847 955 asserere
862 929 874 955 ἱ)
890 929 957 956 Nul-

123 969 188 998 lam
203 970 424 1006 superstitionis
450 971 580 1006 speciem
606 971 736 999 volentes
763 973 906 1005 omittere,
931 977 959 1001 et

123 1014 213 1042 vivos
223 1013 333 1042 fratres
346 1014 493 1042 habentes
506 1016 586 1047 odio,
601 1019 721 1043 sanctos
730 1025 782 1052 per
800 1026 871 1045 suas
885 1018 957 1045 ima-

121 1058 332 1093 mwmﬁtos
348 1058 406 1086 sibi
425 1059 532 1087 fratres
557 1059 679 1087 faciunt.
706 1061 761 1093 Qui
787 1062 867 1088 enim
896 1070 957 1089 non

123 1101 222 1138 diligit
231 1102 355 1131 fratrem
367 1111 567 1139 suum,quem
582 1104 667 1136 videt,
681 1105 880 1141 Deum,quem
894 1113 955 1133 non

123 1145 266 1179 intuetur,
277 1154 379 1182 neque
389 1148 554 1181 cognoscit,
568 1148 724 1183 quomodo
733 1149 852 1183 diliget?
862 1150 955 1183 Magis

123 1193 228 1221 autem
237 1198 310 1218 cum
319 1190 391 1219 ﬁcta
401 1194 429 1219 et
439 1191 580 1219 simulata
591 1194 633 1219 est
645 1195 672 1219 et
687 1192 803 1220 inunita
821 1193 954 1221 fraterni-

124 1238 172 1265 tas
183 1235 374 1271 hujusmodi,
391 1243 449 1263 aere
462 1236 637 1263 conducunt
658 1237 854 1269 sacerdotem,
884 1246 954 1265 cum

123 1279 156 1307 in
174 1279 308 1308 Ecclesia
325 1282 464 1308 cantatur
482 1280 594 1312 missa;
616 1281 781 1308 funduntur
805 1289 859 1316 pro
874 1290 955 1309 exse-

122 1323 231 1353 crabili
244 1323 431 1352 fraternitate
446 1332 550 1360 preces
580 1333 640 1352 non
655 1326 862 1353 exaurliendte.
888 1327 955 1355 Ani-

123 1367 215 1398 malis
231 1368 314 1396 enim
328 1372 374 1396 est
390 1368 567 1403 hujusmodi
584 1369 762 1402 fraternitas,
784 1378 844 1397 non
869 1371 954 1406 spiri-

121 1411 215 1440 tualis
226 1433 233 1439 .
251 1412 381 1442 Cereiad
394 1413 495 1440 minus
505 1414 786 1445 accendunturduo,
802 1417 830 1441 et
845 1423 954 1449 perun-

120 1456 388 1491 gituroleoﬁctns
414 1456 514 1490 frater,
545 1460 571 1485 et
598 1460 733 1485 sanctam
767 1459 956 1494 amplectitur

121 1501 307 1535 imaginem,
320 1508 410 1537 quam
421 1509 516 1529 ausus
524 1504 568 1529 cst
581 1503 678 1529 dicere
693 1503 824 1531 fratrem:
841 1504 892 1538 qui
903 1504 954 1530 ho-

971 889 990 915 Β

1015 263 1156 292 fratribus
1171 266 1341 294 Graecorum
1356 276 1479 296 uxorem
1488 269 1579 304 ducit,
1587 271 1696 307 scripto
1712 273 1842 308 spondet

1012 310 1185 344 juramento
1195 311 1279 346 quod
1289 312 1396 340 deinde
1405 321 1465 341 non
1483 315 1678 344 manducabit
1686 317 1716 344 in
1725 318 1840 353 azymis

1015 361 1138 381 carnem
1153 356 1280 388 Domini,
1297 364 1352 384 nec
1362 357 1439 384 filios
1455 360 1621 387 secundum
1640 361 1730 388 ritum
1752 361 1841 390 faciet

1015 397 1171 434 baptizari,
1185 407 1283 435 neque
1299 401 1448 429 sacerdoti
1477 403 1579 430 Latino
1606 408 1730 439 peccata
1749 406 1840 433 conﬁ~

1015 442 1134 475 tebitur,
1146 444 1285 479 nequeiu
1299 445 1430 473 Sabbato
1443 446 1593 481 jcjunabit
1606 452 1717 483 'prmter
1744 457 1839 477 unum

1017 486 1125 521 solum,
1136 495 1233 523 neque
1241 496 1300 515 non
1307 497 1325 516 ξ).
1333 490 1486 517 Dominica
1493 492 1514 522 Ο
1521 492 1737 527 uadragesiinaa
1743 502 1840 529 usque

1016 531 1054 557 ad
1071 532 1184 559 Pascha
1201 536 1336 560 vescetur
1351 534 1505 563 carnibus.

1051 577 1220 604 Graecorum
1237 578 1407 606 sacerdotes
1419 580 1562 607 omnibus
1578 581 1677 609 modis
1703 582 1841 610 laborant

1014 620 1169 647 ostendere
1190 621 1256 655 plus
1270 621 1354 649 factis
1369 631 1462 658 quam
1477 623 1573 656 dictis,
1589 625 1672 660 quod
1697 626 1840 654 inviolata

1012 664 1088 691 fides
1098 668 1297 692 sacrosanctae
1310 667 1451 694 Romanis
1468 668 1607 696 Ecclesiae
1617 669 1696 697 irrita
1708 670 1753 697 sit.
1765 672 1839 698 Nam

1011 717 1223 744 quemcunque
1243 710 1374 738 Latinum
1400 712 1456 739 sibi
1480 714 1631 741 associant
1654 722 1708 749 per
1735 715 1838 749 ﬁdem,

1011 754 1071 781 sive
1082 754 1215 787 latenter,
1235 755 1296 782 sive
1322 758 1457 790 patenter
1472 757 1637 792 baptizant.
1662 759 1743 786 Unde
1766 760 1841 787 Lati-

1010 806 1118 826 norum
1132 799 1219 833 filios,
1246 800 1448 827 mediantibus
1476 801 1633 833 matribus,
1656 802 1726 829 dicti
1742 811 1839 831 sacer—

1009 844 1104 872 dotes,
1121 844 1257 878 patribus
1274 844 1484 877 nescientibus,
1499 845 1693 880 rebaptizant,
1705 846 1838 882 baptiza-

1010 890 1055 914 tos
1064 887 1123 922 jam
1136 888 1303 915 secundum
1311 889 1400 915 ritum
1408 888 1580 916 Latinorum
1587 890 1684 921 .Quod
1695 892 1837 919 omnibus

1011 932 1097 959 dictis
1114 941 1205 968 supra
1222 933 1498 960 abominationibus
1511 934 1714 961 detestabilius
1728 939 1780 963 est.
1797 938 1838 964 Ex

1012 976 1109 1004 indice
1120 977 1176 1004 hoc
1194 977 1337 1004 mellitum
1363 977 1408 1004 lac
1424 978 1499 1005 inter
1520 982 1642 1006 caeteras
1668 980 1837 1008 Graecorum

1012 1022 1243 1048 consuetudines
1264 1024 1414 1057 repertum
1429 1023 1582 1057 expressi:
1603 1027 1634 1050 ut
1649 1032 1719 1051 cum
1735 1033 1770 1052 eo
1779 1025 1837 1060 ipsi

1012 1068 1132 1100 pectora
1141 1066 1342 1101 purgaverint,
1359 1069 1400 1093 ter
1406 1066 1537 1102 plurium
1548 1067 1718 1095 animarum
1727 1077 1758 1096 se
1768 1077 1836 1096 reos

1011 1113 1238 1144 recognoscant.

1222 1182 1264 1210 De
1283 1182 1419 1210 conciliis
1433 1184 1633 1217 generalibus.

1044 1245 1266 1280 Consequenter
1294 1248 1362 1281 post
1383 1246 1525 1281 praedicta
1549 1247 1712 1276 videndum
1730 1250 1775 1276 est
1798 1249 1836 1277 de

1009 1289 1142 1316 conciliis
1162 1290 1353 1323 generalibus
1385 1293 1413 1318 et
1433 1291 1674 1326 particularibus,
1701 1292 1836 1321 videlicet

1012 1333 1073 1366 ubi,
1084 1341 1165 1368 quan
1172 1334 1218 1365 :10,
1230 1336 1257 1361 et
1268 1342 1285 1361 ει
1295 1334 1415 1369 quibus,
1433 1337 1460 1361 et
1472 1342 1526 1369 pro
1537 1335 1647 1370 quibus
1660 1337 1759 1365 causis
1772 1337 1835 1365 fue-

1010 1380 1079 1404 runt
1089 1377 1256 1405 celebrata:
1273 1379 1401 1405 etetiam
1414 1379 1466 1414 qui
1481 1379 1550 1410 sint,
1579 1380 1631 1415 qui
1659 1380 1744 1408 dictis
1766 1389 1835 1410 con-

1010 1422 1083 1449 ciliis
1101 1423 1218 1450 fuerunt
1231 1423 1433 1450 condemnati.

1047 1467 1217 1501 Sciendum,
1231 1467 1313 1502 quod
1330 1467 1395 1494 licet
1416 1470 1529 1503 septem
1545 1468 1591 1495 vel
1615 1471 1681 1496 octo
1697 1469 1835 1498 dicantur

1009 1511 1134 1539 concilia
1159 1512 1241 1546 apud
1268 1511 1416 1546 sapientes
1441 1513 1623 1547 Graecorum,
1650 1513 1680 1540 in
1695 1513 1770 1542 libro
1781 1514 1834 1550 qui

126 1544 245 1594 mieicla
259 1552 323 1594 esse
333 1546 526 1579 convincitur,
542 1555 611 1574 cum
625 1547 729 1575 fratres
741 1556 811 1574 suos
823 1548 953 1575 viventes
971 1560 990 1586 ς
1007 1544 1199 1583 Νοφηοραηοῇ
1220 1544 1336 1587 ἀίοηάιι,
1346 1556 1514 1583 invenimus
1523 1558 1764 1594 tamenquinque
1771 1544 1836 1586 ιεῖῃ-

128 1588 202 1617 odio
215 1588 325 1618 habeat
342 1611 348 1617 .

161 1634 377 1664 Contradith
392 1635 508 1663 Christo
523 1638 667 1671 patenter,
685 1639 713 1663 et
728 1644 818 1672 super
830 1637 953 1664 sanctis-

128 1678 208 1706 simo
223 1678 303 1706 illius
311 1687 436 1715 corpore
446 1680 546 1707 verbis
557 1680 759 1716 operibusque
775 1684 934 1708 occursant
948 1702 953 1707 .

121 1724 199 1751 Nam
211 1731 282 1751 cum
306 1724 370 1760 ipse
384 1732 561 1760 azymorum
591 1725 678 1759 panis
706 1726 804 1760 specie
833 1734 955 1753 carnem

121 1775 214 1795 suam
230 1767 388 1804 discipulis
401 1768 516 1796 dederit
526 1770 555 1796 bi
566 1772 703 1796 asserunt
717 1777 839 1804 azymos
862 1778 955 1805 panes

121 1811 152 1839 in
167 1819 293 1841 carnem
307 1820 369 1841 non
384 1821 473 1849 posse
493 1814 626 1841 converti
640 1821 692 1848 per
704 1813 954 1841 benedictionem.

123 1857 192 1890 Qua
204 1864 243 1885 ex
257 1865 299 1893 re,
314 1858 495 1885 sacramenti
524 1858 657 1893 corporis
689 1858 803 1885 Domini
838 1859 955 1885 Latinos

122 1901 210 1930 aiunt
225 1904 362 1938 expertes
379 1922 385 1928 .
403 1901 461 1930 Sed
476 1910 493 1929 ο
509 1902 672 1937 Pelagiana
688 1902 881 1929 incredulitas
897 1902 902 1929 1
931 1902 954 1928 si

121 1953 188 1974 non
198 1945 303 1974 credas
318 1945 456 1974 Latinum
481 1947 668 1973 sacerdotem
689 1946 877 1973 incruentam
901 1947 953 1973 im-

121 1989 392 2023 molarehostiam,
409 1990 556 2018 conficere
572 1998 682 2026 corpus
699 1990 814 2025 Christi,
840 1990 953 2018 haereti-

124 2042 181 2061 cus
196 2041 228 2061 es
241 2055 247 2061 .
258 2036 331 2063 Nam
347 2035 433 2062 multi
443 2043 497 2070 per
512 2035 609 2070 ipsam
625 2035 864 2063 immolationem
886 2043 952 2062 san—

119 2077 291 2108 ctiﬁcantur
331 2087 387 2116 per
421 2087 552 2115 quorum
577 2079 718 2115 reliquias
741 2079 851 2114 jugiter
876 2080 953 2106 tiunt

117 2122 280 2152 miracula.
301 2125 415 2152 Rursus
439 2124 464 2151 si
479 2124 585 2156 credis,
601 2124 762 2152 hereticus.
784 2125 857 2151 Nam
873 2125 951 2151 dete—

117 2167 208 2196 staris
218 2167 303 2204 quod
316 2168 448 2196 Ecclesia
460 2169 630 2196 Latinorum
643 2168 762 2196 coniicit
774 2177 884 2203 corpus
899 2170 950 2196 Do—

115 2212 268 2241 minicum
285 2221 292 2245 ;
315 2216 344 2240 et
362 2212 462 2248 potius
482 2213 527 2240 vis
546 2213 577 2240 in
597 2216 675 2240 sorte
694 2212 777 2240 ludia
802 2213 951 2240 traditoris
966 2232 988 2259 Β

114 2257 426 2293 ωηαωθιωὶ,ᾳυειω
441 2256 520 2284 illius
531 2256 716 2284 sanctissimi
731 2257 864 2292 corporis
879 2265 950 2293 par-

113 2299 244 2336 ticipare
261 2307 268 2332 ;
284 2299 338 2327 sed
366 2299 518 2327 attendere
533 2299 624 2326 debet
652 2299 845 2332 Christianus,
869 2300 951 2335 quod

113 2344 199 2372 sient
213 2344 282 2372 vina
295 2344 416 2372 diversa
436 2344 561 2371 verbum
585 2344 635 2371 Dei
651 2344 680 2371 in
694 2343 883 2378 sanguinem.
911 2344 952 2371 ita

111 2395 215 2424 panes
226 2395 350 2424 azymos
360 2390 388 2416 et
401 2388 607 2418 fermentatos,
620 2395 682 2415 nou
695 2388 770 2415 adeo
781 2387 952 2415 differentes

109 2435 273 2470 permutat
285 2434 316 2461 in
331 2441 454 2461 carnem
471 2454 476 2459 .
497 2433 525 2461 Si
547 2433 622 2460 forte
650 2432 769 2459 Latinus
799 2433 952 2467 sacerdos,

107 2478 261 2516 quodvix
271 2478 449 2514 permittitur
462 2478 493 2505 in
510 2477 647 2505 Ecclesiis
665 2484 780 2510 eorum,
800 2478 954 2506 Dominica

105 2527 256 2564 peragat,
276 2525 396 2552 Graecus
411 2530 472 2550 non
487 2522 544 2549 nisi
560 2521 662 2549 abluto
678 2521 764 2549 altari
779 2522 891 2549 ibidem
907 2530 956 2551 αε-

105 2569 226 2600 lebrat.
243 2568 379 2600 Ulterius,
401 2567 522 2595 Latinus
542 2574 613 2594 cum
633 2567 735 2594 Graeca
753 2566 879 2594 muliere
898 2575 953 2595 vo-

103 2616 179 2644 lens
193 2612 424 2642 matrimonium
436 2611 623 2642 contrahere,
634 2610 807 2645 juramento
821 2612 953 2647 compel-

104 2659 334 2690 liturdeserere
348 2657 594 2685 communionem
611 2663 708 2687 suam.
730 2656 950 2684 confessionem

108 2712 218 2739 suam,
233 2700 834 2739 baptismum,jejuniumSabbatorum,et
847 2701 952 2729 Christi

149 2809 209 2845 (59)
226 2809 325 2836 Locus
339 2806 507 2840 corruptus.

1009 1603 1072 1628 tum
1092 1609 1127 1627 ex
1142 1601 1216 1636 ipsis
1232 1609 1299 1636 quae
1310 1600 1462 1635 generalia
1476 1601 1626 1629 habentur
1648 1603 1785 1638 concilia,
1807 1606 1835 1631 et

1009 1653 1070 1672 non
1087 1645 1182 1680 plura,
1200 1648 1228 1672 et
1243 1645 1310 1672 ideo
1326 1645 1485 1678 contigisse
1501 1647 1637 1680 credunt,
1661 1647 1743 1682 quod
1774 1656 1835 1676 non

1009 1690 1174 1717 intercessit
1190 1690 1220 1717 in
1231 1690 1272 1717 eis
1284 1689 1431 1725 pontiﬁcis
1460 1691 1585 1718 Romani
1609 1692 1771 1719 auctoritas
1785 1701 1790 1725 ;
1807 1695 1836 1720 et

1009 1734 1142 1769 episcopi
1157 1742 1218 1761 non
1230 1734 1351 1761 fuerunt
1365 1734 1572 1762 universaliter
1586 1735 1675 1770 citati,
1697 1736 1744 1763 vel
1757 1739 1835 1764 certe

1010 1778 1082 1813 quia
1092 1786 1152 1806 non
1168 1778 1326 1805 ediderunt
1341 1786 1481 1813 canones,
1498 1778 1568 1806 fidei
1582 1779 1751 1808 doctrinam
1766 1788 1834 1808 con-

1011 1823 1146 1854 tinentes,
1159 1824 1211 1850 sed
1226 1823 1436 1850 tantummodo
1451 1823 1501 1850 illa
1511 1831 1578 1858 quae
1596 1823 1636 1850 ad
1645 1824 1834 1852 honestatem

1011 1870 1038 1894 et
1049 1875 1147 1894 mores
1159 1867 1291 1894 Ecclesiae
1305 1867 1502 1902 pertinebant.
1530 1868 1639 1895 Verum
1665 1868 1726 1896 sive
1747 1876 1835 1903 gene-

1010 1911 1094 1946 ralia,
1118 1912 1180 1938 sive
1209 1911 1410 1947 particularia,
1442 1912 1488 1938 vel
1510 1919 1694 1947 quocunque
1712 1913 1835 1941 nomine

1011 1959 1197 1987 censeantur,
1215 1959 1323 1983 cuncta
1338 1960 1448 1990 tamen,
1474 1956 1585 1991 quaein
1611 1956 1683 1991 ipsis
1710 1956 1836 1986 fideliter

995 2002 1093 2035 gesta
1108 2003 1185 2034 sunt,
1203 2000 1402 2027 communiter
1427 2004 1496 2027 sunt
1510 2002 1629 2035 recepta
1660 2009 1666 2027 ε
1682 2003 1709 2028 et
1731 2008 1835 2029 eorum

1008 2046 1179 2077 auctoritas,
1191 2048 1253 2072 tam
1268 2045 1297 2072 in
1314 2045 1439 2079 negotiis
1450 2045 1530 2077 fidei,
1547 2053 1641 2080 quam
1653 2046 1684 2073 in
1692 2046 1767 2079 aliis,
1784 2054 1835 2082 pa-

1008 2097 1071 2116 rem
1084 2090 1197 2117 obtinet
1211 2089 1392 2117 ﬁrmitatem.

1008 2163 1049 2189 De
1060 2163 1161 2195 prima
1175 2164 1280 2189 sancta
1293 2164 1320 2189 et
1333 2161 1499 2189 universali
1509 2162 1622 2196 synodo
1629 2162 1769 2197 Nicwna;
1785 2163 1835 2191 ho~

1040 2207 1175 2234 γηοαείοη
1194 2207 1307 2233 Filium
1320 2207 1409 2233 Patri
1422 2206 1535 2240 deﬁnit,
1553 2214 1656 2234 verum
1685 2207 1780 2235 Deum
1807 2211 1835 2235 et

1044 2251 1200 2282 hominem,
1213 2254 1374 2278 creatorem
1386 2251 1528 2283 omnium,
1540 2258 1600 2278 non
1614 2255 1798 2279 creaturam.

1045 2313 1141 2341 Prima
1159 2313 1249 2348 igitur
1268 2315 1373 2341 sancta
1396 2315 1424 2341 et
1447 2313 1624 2341 universalis
1653 2313 1789 2350 synodus
1803 2314 1835 2342 in

1010 2358 1161 2394 provincia
1177 2357 1328 2393 Bithyniae,
1346 2357 1461 2386 civitate
1477 2358 1585 2390 Nicma,
1602 2360 1735 2394 tempore
1763 2359 1835 2386 Con-

1010 2402 1130 2429 stantini
1145 2402 1241 2436 Magni
1256 2402 1409 2437 principis,
1421 2410 1513 2438 quem
1529 2403 1621 2430 Graaci
1636 2403 1667 2430 in
1693 2402 1835 2438 Catalogo

1011 2450 1185 2475 sanctorum
1200 2450 1370 2478 numerant,
1386 2447 1442 2474 sub
1454 2446 1628 2475 beatissimo
1638 2455 1720 2483 papa
1737 2447 1835 2484 Sylva-

1011 2495 1080 2526 stro,
1093 2491 1145 2519 ubi
1163 2491 1295 2519 interfuit
1318 2491 1403 2519 Osius
1432 2491 1592 2526 episcopus
1621 2490 1776 2525 Cordubae,
1807 2493 1836 2525 et

1011 2536 1105 2564 Victor
1118 2536 1155 2563 de
1171 2536 1264 2570 Italia,
1277 2535 1380 2563 vicarii
1390 2535 1506 2563 domini
1516 2536 1613 2571 Papae,
1627 2535 1834 2572 Metrophanes

1009 2581 1252 2617 archiepisc0pus
1263 2579 1622 2615 Constantinopolitanus,
1632 2582 1660 2607 et
1667 2578 1835 2607 Alexander

1009 2626 1180 2662 patriarcha
1192 2624 1419 2657 Alexandrinus,
1433 2624 1604 2652 Eustathius
1619 2624 1833 2657 Antiochenus,

1008 2670 1153 2699 Macarius
1167 2668 1464 2704 Hierosolymitanus.
1494 2668 1625 2696 Fuerunt
1649 2671 1750 2700 autem
1763 2676 1834 2706 cum

1006 2715 1070 2743 istis
1078 2718 1106 2743 et
1120 2714 1169 2743 alii
1185 2716 1285 2742 Patres
1294 2713 1399 2747 sancti,
1422 2720 1549 2741 numero
1578 2713 1697 2743 trecenti
1710 2716 1739 2742 et
1765 2715 1833 2742 octo

1007 2762 1036 2788 et
1045 2760 1159 2787 decem.

1038 2804 1248 2832 Convenerunt
1261 2805 1363 2832 autem
1376 2804 1482 2833 contra.
1491 2802 1595 2832 Arium
1619 2811 1699 2842 vana
1713 2803 1834 2848 sapien-
