4132 6428
502 289 595 342 551

1735 279 2211 344 PANTALEONIS
2249 287 2535 347 DIACONI
2573 281 2676 348 ΟΡ.

3815 295 3919 361 5'59

497 412 638 481 tem,
683 408 787 482 qui
839 407 950 465 fuit
984 410 1127 464 tunc
1177 406 1466 475 temporis
1519 405 1834 480 presbyter
1877 410 2149 467 Ecclesia
2180 437 2230 490 Α
2258 412 2495 470 tellectu
2529 413 2802 472 humano
2841 417 2897 472 et
2933 414 2994 472 in
3041 418 3233 473 morte
3283 420 3552 491 corporis
3617 437 3921 484 commor-

495 497 930 554 Alexandrina.
967 497 1066 554 Hic
1095 497 1345 570 quidem
1376 495 1546 551 Arius
1565 495 2012 568 blasphemavit
2043 502 2152 555 Do-

494 587 729 642 minum
759 591 1033 643 nostrum
1065 589 1289 652 Jesum,
1351 587 1538 640 Deum
1590 600 1821 648 verum,
1867 591 2149 645 etverum

492 674 824 732 hominem.
885 675 1128 732 Dicebat
1174 674 1334 730 enim
1388 673 1562 730 illum
1611 687 1741 729 esse
1790 680 2143 733 creaturam.

493 763 632 820 Ideo
661 763 906 836 impius,
957 768 1014 820 et
1056 761 1634 820 consubstantialem
1670 765 1788 819 Deo
1841 765 1994 820 Patri
2037 781 2147 821 nec

492 868 765 926 unquam
793 852 1078 919 conﬁteri,
1101 868 1213 908 nec
1239 851 1616 908 considerare
1636 867 1774 908 cum
1797 853 1925 908 aliis
1942 855 2146 911 catho-

491 923 619 997 licis
645 941 791 997 viris
831 941 1049 1008 voluit;
1102 957 1240 998 cum
1296 942 1409 997 ista
1457 940 1754 997 confessio
1803 945 2145 1000 communis

491 1035 647 1088 esset
682 1032 986 1099 omnibus,
1021 1032 1250 1088 cunctis
1298 1029 1644 1102 praedicata,
1705 1031 1926 1089 scilicet
1977 1034 2143 1106 quod

487 1120 687 1176 omnis
713 1121 869 1176 filius
893 1120 1164 1192 ejusdem
1219 1124 1449 1176 natura
1495 1119 1571 1175 sit
1621 1135 1759 1175 cum
1800 1121 2062 1192 genitore
2085 1126 2142 1178 et

489 1209 836 1265 substantiae
855 1227 871 1280 ;
897 1214 971 1277 et,
1004 1208 1107 1281 qui
1139 1207 1344 1264 Filium
1369 1209 1522 1262 inter
1565 1213 1868 1265 creaturas
1891 1226 2135 1284 compu-

486 1301 588 1363 tat,
621 1298 696 1353 de
733 1297 1079 1353 necessitate
1101 1297 1278 1352 etiam
1312 1300 1541 1352 Patrem
1565 1301 1902 1354 creaturam
1955 1300 2134 1355 conﬁ-

485 1390 658 1443 tetur.
691 1386 878 1450 Unde,
933 1386 1095 1441 hunc
1135 1391 1428 1457 tanquam
1481 1385 1793 1442 inimicum
1849 1387 2132 1457 veritatis,

483 1474 662 1532 simul
691 1491 828 1530 cum
846 1475 975 1540 illis,
1019 1474 1122 1547 qui
1151 1474 1312 1530 idem
1353 1474 1688 1546 sapiebant,
1743 1476 2135 1534 anathemati-

483 1569 700 1630 zantes,
726 1564 802 1619 ab
834 1563 1094 1620 Ecclesia
1122 1564 1444 1635 ejecerunt,
1477 1564 1594 1620 hoc
1642 1571 1751 1636 est,
1807 1567 2135 1623 Eusebium

482 1652 861 1722 Nicomedia,
918 1653 1280 1709 Eunomium
1318 1657 1374 1708 et
1403 1653 1838 1710 Macedonium.
1872 1656 1942 1711 Hi
1975 1656 2132 1712 enim

480 1742 760 1813 quamvis
780 1743 842 1796 in
871 1741 1236 1798 dictionibus
1285 1742 1408 1797 suis
1459 1741 1785 1810 differrent,
1835 1747 2039 1800 tamen
2071 1748 2136 1801 ut

481 1830 654 1886 Arius
693 1847 730 1887 a
781 1830 1026 1887 veritate
1080 1829 1448 1888 exciderunt.
1481 1831 1887 1889 Orthodoxam
1932 1840 2134 1891 autem

480 1918 666 1975 ﬁdem
689 1919 1216 1985 conﬁrmaverunt,
1250 1919 1826 1977 consubstantialem
1868 1923 2022 1979 Patri
2051 1923 2134 1979 Fi-

479 2006 626 2063 lium
657 2008 1086 2064 confirmantes
1117 2013 1172 2064 et
1201 2008 1624 2081 pradicantes,
1679 2015 2132 2084 creatoremque

477 2096 902 2166 univcrsitatis,
925 2101 982 2153 et
1005 2112 1128 2153 non
1159 2103 1519 2167 creaturam,
1547 2098 1652 2154 sed
1701 2115 1911 2156 verum
1945 2103 2132 2156 Deum

479 2189 536 2242 et
553 2186 994 2243 dominatorem
1053 2185 1138 2260 [in
1170 2186 1481 2260 Symbolo]
1514 2187 1915 2257 declararunt,
1965 2190 2133 2262 quod

479 2274 594 2346 ipsi
620 2276 810 2331 sancti
850 2275 1128 2332 Patresin
1181 2276 1571 2348 inspiratione
1616 2279 1817 2354 sancti
1877 2279 2127 2352 Spiritus

480 2367 623 2420 tunc
659 2365 942 2437 temporis
973 2364 1307 2421 ediderunt.

483 2475 570 2531 De
595 2475 857 2530 secunda
899 2474 1146 2545 synodo.
1193 2475 1866 2544 Constantinopolitano
1904 2479 2125 2547 prima,

554 2578 688 2634 qua
703 2562 993 2632 Spiritum
1013 2568 1285 2618 sanctum
1308 2562 1480 2619 Patri
1487 2569 1537 2619 et
1551 2564 1708 2619 Filio
1735 2567 2127 2622 consubstan-

553 2652 756 2708 tialem
790 2652 1164 2721 pronuntiat.

550 2758 825 2815 Secunda
882 2763 1082 2815 autem
1119 2762 1328 2815 sancta
1379 2763 1436 2815 et
1473 2759 1824 2817 universalis
1851 2762 2124 2834 synodus

473 2847 582 2903 fuit
604 2847 1278 2920 Constantinopolitana,
1299 2852 1567 2920 tempore
1587 2851 1791 2919 magni
1811 2851 2125 2907 Theodosii

473 2936 867 3010 imperatoris,
895 2937 1008 2993 sub
1032 2940 1289 2993 Damaso
1318 2954 1502 3010 papa.
1527 2939 1637 2994 Ubi
1667 2939 1776 2995 fuit
1819 2941 2121 2996 Nectarius

473 3026 745 3097 ejusdem
771 3026 938 3082 urbis
971 3027 1481 3098 archiepiscopus,
1541 3031 1598 3083 et
1625 3028 1966 3083 Timotheus
2021 3046 2124 3101 pa-

2258 505 2424 559 tuam
2449 502 2845 576 divinitatem,
2871 505 3448 573 asserebant,Sancti
3480 527 3621 568 vero
3645 515 3922 587 praedicti

2257 594 2456 648 Patres
2485 592 2686 664 ipsam
2713 609 2955 650 carnem
2986 595 3317 652 animatam
3346 601 3403 653 et
3445 598 3918 662 intellectualem

2257 679 2782 746 conﬁrmaverunt,
2825 683 3149 742 habentem
3171 685 3438 743 animam
3451 690 3670 748 nostris
3683 693 3919 751 anima-

2255 768 2372 825 bus
2399 769 2654 826 similem
2693 776 2750 826 et
2772 771 3132 831 rationalem
3165 817 3177 829 .

2326 862 2389 914 In
2415 864 2623 916 sancta
2651 865 2853 918 tamen
2886 863 3123 935 synodo
3155 864 3350 921 dictus
3381 866 3708 942 imperator
3732 872 3918 932 Theo-

2254 947 2461 1004 dosius
2491 949 2746 1006 multum
2774 953 3053 1021 excessit,
3087 953 3319 1011 faciens
3357 958 3663 1028 quadam,
3705 969 3918 1020 contra

2251 1037 2461 1108 primae
2500 1043 2557 1094 et
2596 1043 2817 1095 sancta
2858 1041 3095 1112 synodi,
3138 1058 3209 1098 ac
3247 1047 3594 1103 reverenda
3620 1049 3914 1110 instituta.

2249 1127 2480 1214 Etenim
2537 1131 2729 1214 coegit
2759 1146 2944 1202 supra
2972 1132 3316 1214 nominatos
3345 1141 3586 1193 centum
3612 1139 3918 1214 quinqua-

2247 1206 2409 1276 ginta
2448 1210 2646 1264 Patres
2672 1209 2825 1266 clam
2850 1227 3092 1268 summo
3115 1213 3398 1284 pontifice
3415 1220 3470 1272 et
3496 1206 3715 1276 vicario
3756 1206 3912 1292 ejus,

2247 1301 2312 1351 ut
2350 1298 3079 1370 Constantinopolitanam
3122 1302 3329 1358 sedem
3369 1304 3764 1365 sublimarent
3800 1326 3913 1366 no-

2246 1376 2406 1432 mine
2435 1377 2808 1449 patriareha.
2842 1379 2927 1434 illi
2953 1381 3364 1453 attribuentes,
3394 1387 3560 1457 quod
3600 1395 3738 1444 ante
3781 1405 3910 1447 non

2244 1464 2527 1522 habebat.
2562 1469 2704 1532 Qua
2726 1483 2820 1522 res
2852 1469 3220 1525 vehementis
3246 1471 3562 1530 discordia
3592 1480 3649 1532 et
3677 1485 3910 1550 pertur-

2243 1552 2503 1609 bationis
2542 1556 2776 1612 sentina
2812 1561 2869 1613 et
2906 1573 3092 1614 causa
3115 1559 3354 1629 exstitit,
3386 1565 3443 1617 et
3482 1579 3673 1636 usque
3723 1566 3908 1624 hodie

2245 1649 2602 1714 perseverat.

2175 1802 2214 1856 Β
2243 1815 2329 1871 De
2359 1817 2537 1873 tertia
2557 1816 2808 1886 synodo,
2831 1816 3108 1887 Ephsina
3137 1819 3338 1888 prima
3375 1836 3387 1876 :
3424 1821 3532 1878 Dei
3552 1819 3909 1886 Genz'trz’cem

2739 1908 3062 1976 conﬁtetur
3097 1907 3358 1966 Mariam

2311 2038 2501 2094 Tertia
2529 2042 2736 2096 sancta
2766 2044 2823 2096 et
2861 2040 3217 2097 universalis
3259 2044 3530 2114 synodus
3601 2047 3910 2110 celebrata

2239 2124 2349 2183 fuit
2387 2127 2549 2199 apud
2577 2129 2875 2200 Ephesum
2905 2130 3908 2202 temporisbusTheodosiiJunior-is

2240 2214 2352 2271 sub
2376 2216 2689 2272 Caelestino
2709 2233 2873 2290 papa
2902 2221 3194 2276 Romano.
3230 2220 3337 2277 Ubi
3356 2222 3622 2282 interfuit
3647 2227 3906 2299 Cyrillus

2238 2320 2499 2375 magnus
2528 2305 2755 2378 doctor,
2781 2313 2835 2363 et
2855 2307 3197 2380 patriarcha
3229 2309 3604 2370 Alexandria
3645 2321 3703 2371 et
3754 2332 3902 2388 pro-

2238 2400 2538 2466 pugnator
2567 2396 2868 2466 Ecclesia,
2904 2399 3163 2453 Joannes
3191 2399 3537 2469 Antiochia,
3591 2405 3901 2462 Juvenalis

2238 2485 2811 2558 Hierosolymorum,
2831 2492 2887 2542 et
2903 2490 3175 2544 Memnon
3199 2489 3609 2560 Ephesiorum.
3638 2496 3904 2553 Praerat

2237 2580 2438 2630 autem
2465 2581 2606 2631 tunc
2639 2577 2922 2648 temporis
2939 2576 3063 2631 sedi
3083 2578 3756 2652 Constantinopolitana
3784 2584 3904 2640 im-

2236 2663 2372 2735 pius
2420 2664 2721 2719 Nestorius
2775 2666 2920 2719 Cum
2971 2665 3064 2719 his
3121 2665 3323 2738 itaque
3362 2668 3583 2724 sanctis
3617 2671 3907 2728 Patribus

2237 2753 2477 2809 fuerunt
2505 2759 2562 2809 et
2600 2753 2697 2810 alii
2737 2753 2927 2808 sancti
2965 2769 3151 2826 quam
3190 2755 3411 2827 plures,
3451 2773 3708 2814 numero
3787 2761 3912 2817 du-

2235 2843 2407 2899 centi.
2427 2847 2845 2901 Convenerunt
2872 2849 3073 2898 autem
3090 2851 3296 2902 contra
3312 2847 3512 2919 ipsum
3560 2849 3910 2907 Nestorium

2235 2933 2895 3005 anthropolatriensem,
2912 2932 2970 2988 id
2989 2938 3077 2988 est
3096 2933 3357 2990 hominis
3388 2936 3674 2992 cultorem
3701 2954 3714 2991 :
3740 2938 3883 2995 Chri

2235 3029 2390 3078 stum
2423 3027 2806 3095 separantem
2845 3026 2900 3077 et
2929 3021 3316 3079 dividentem.
3385 3025 3628 3081 Dicebat
3688 3025 3895 3098 ipsum

468 3111 729 3172 triarcha
768 3115 1158 3181 Alexandria,
1188 3115 1446 3171 Meletius
1472 3117 1818 3184 Antiochiae,
1847 3118 1952 3190 qui
1981 3125 2037 3174 et
2062 3119 2121 3175 in
2163 3154 2202 3209 ρ
2232 3111 2539 3168 hominem
2567 3128 2696 3167 esse
2724 3127 2967 3209 purum,
3010 3116 3068 3166 et
3088 3127 3211 3168 non
3241 3114 3431 3169 Deum
3485 3114 3894 3172 ineat-natum.

467 3203 602 3276 ipsa
623 3203 858 3277 synodo
878 3199 1013 3259 vita
1030 3204 1182 3260 finiit
1197 3221 1439 3260 cursum
1465 3221 1476 3271 ;
1508 3206 1760 3278 Cyrillus
1783 3207 2118 3280 Hierosoly—

468 3307 724 3362 morum,
769 3291 1035 3347 Gelasius
1068 3295 1349 3348 Casarea
1405 3293 1751 3364 Palastina,
1804 3298 2119 3366 Gregorius

466 3385 792 3453 Nyssenus,
824 3381 1137 3450 Gregorius
1162 3381 1496 3451 'l‘heologus
1521 3385 1642 3440 sive
1690 3385 2115 3455 Nazianzenus,

465 3471 571 3542 qui
600 3475 742 3526 tunc
768 3471 1055 3541 temporis
1071 3472 1356 3527 thronum
1374 3473 1682 3530 obtinebat
1699 3477 2114 3532 Constantino-

464 3559 648 3631 polis:
691 3558 793 3631 qui
815 3558 1080 3630 quidem,
1115 3559 1476 3616 discessione
1498 3561 1673 3633 facta,
1705 3563 2113 3621 voluntariein

461 3647 595 3721 ipsa
611 3647 845 3720 synodo
866 3649 1230 3705 renuntiavit
1249 3649 1778 3716 honori,sccedens
1803 3653 1864 3708 in
1885 3652 2108 3724 locum,

460 3739 565 3810 qui
591 3737 803 3794 dicitur
833 3737 1210 3792 Nazianzum.
1265 3741 1521 3795 Fuerunt
1559 3746 1759 3796 autem
1791 3758 1926 3797 cum
1984 3742 2112 3798 istis

461 3829 518 3882 et
564 3825 662 3883 alii
729 3825 923 3881 sancti
979 3826 1182 3882 Patres
1234 3842 1490 3883 numero
1535 3833 1775 3884 centum
1815 3831 2110 3904 quinqua-

459 3914 642 3984 ginta.

529 4007 1157 4061 Conveneruntautem
1173 4005 1647 4078 contraimpium
1671 4007 2106 4076 Maccdonium,

456 4093 560 4165 qui
585 4091 1048 4164 patriarchalem
1080 4093 1284 4148 sedem
1309 4093 1559 4149 civitatis
1587 4095 1801 4151 furtive
1833 4101 1889 4152 et
1908 4101 2107 4168 tyran-

453 4181 587 4237 nice
615 4184 916 4250 rapuerat,
948 4183 1005 4234 et
1031 4180 1474 4251 blasphemavit
1515 4184 1576 4237 in
1629 4184 1911 4255 Spiritum
1970 4201 2108 4240 san-

455 4273 618 4324 ctum
641 4267 867 4332 dicens,
901 4268 1067 4339 quod
1096 4284 1220 4323 non
1243 4275 1395 4325 esset
1427 4273 1599 4327 Deus.
1649 4274 1776 4337 Quo
1821 4273 1979 4343 juste
2009 4273 2107 4329 de-

451 4359 672 4430 posito,
701 4356 1012 4413 ordinatus
1042 4357 1150 4413 fuit
1170 4359 1371 4415 statim
1394 4363 1698 4418 Nectarius
1731 4363 1805 4417 de
1863 4379 1985 4434 quo
2010 4379 2104 4418 su-

451 4463 564 4521 pra
587 4447 840 4502 fecimus
869 4447 1258 4506 mentionem.
1308 4452 1636 4523 Eapropter
1688 4453 2102 4508 Macedoniam

450 4541 518 4593 ut
545 4535 865 4591 inimicum
894 4535 1147 4608 pietatis,
1199 4538 1282 4593 ibi
1341 4556 1480 4595 cum
1532 4542 1655 4596 suis
1704 4542 2102 4612 complicibus

449 4624 1021 4682 anathematizantes
1051 4627 1632 4686 condemnaverunt.
1680 4631 1865 4684 Deum
1899 4636 2100 4687 autem

446 4729 679 4780 verum,
712 4729 783 4769 ac
821 4714 1223 4772 universitatis
1275 4717 1594 4772 dominum
1651 4719 2100 4777 sanctissimum

449 4803 728 4876 Spiritum
749 4804 809 4858 in
828 4803 1115 4874 Symbolo
1147 4805 1587 4876 ampliaverunt
1635 4822 1647 4858 :
1682 4811 1739 4862 et
1767 4808 1932 4879 quod
1956 4825 2098 4866 con-

446 4892 862 4949 substantialis
889 4893 964 4948 sit
992 4893 1165 4960 Patri,
1195 4898 1253 4949 et
1282 4893 1445 4961 Filio,
1478 4899 1533 4950 et
1563 4895 1835 4965 ejusdem
1888 4898 2100 4955 divini-

443 4982 606 5048 tatis,
640 4986 819 5053 prout
849 4980 910 5035 in
944 4981 1232 5053 Symbolo
1253 4981 1392 5037 fidei
1425 4983 1781 5054 continetur,
1804 4988 1971 5058 quod
1986 4989 2103 5062 ipsi

440 5070 619 5127 latius
651 5073 708 5126 et
736 5069 1008 5125 diﬂusius
1034 5071 1226 5140 gratia
1273 5070 1545 5141 ejusdem
1590 5073 1838 5145 Spiritus
1909 5079 2102 5134 sancti

443 5159 946 5231 pradicaverunt.

513 5251 766 5318 Insuper
787 5251 997 5303 contra
1017 5247 1449 5320 Apollinarium
1467 5251 1796 5322 Laodicea,
1817 5259 1873 5310 et
1896 5254 2101 5312 Sabel-

441 5334 590 5390 lium
613 5333 834 5406 Libya,
865 5335 1282 5408 blasphemos,
1315 5345 1370 5396 et
1419 5341 1692 5412 quicum
1750 5342 1839 5398 his
1887 5343 2103 5400 similia

440 5423 723 5489 sentiunt,
756 5426 1402 5484 exeommunieationis
1431 5431 1790 5487 sententiam
1834 5433 2099 5503 protule-

439 5515 598 5568 runt.
619 5510 729 5576 Qui
748 5510 1027 5570 dicebant
1047 5530 1290 5572 carnem
1305 5519 1542 5574 Domini
1572 5520 1762 5575 nostri
1783 5521 1918 5575 Jesu
1943 5523 2101 5578 Chri-

441 5598 513 5663 sti
537 5599 958 5674 inanimatam,
982 5601 1043 5660 id
1074 5608 1183 5676 est,
1210 5605 1337 5665 sine
1385 5607 1591 5668 anima
1613 5609 1978 5680 rationali,et
2015 5612 2102 5672 in-

2233 3203 2391 3256 Duos
2421 3200 2576 3257 filios
2605 3201 2666 3255 in
2698 3215 2820 3256 uno
2846 3199 3073 3256 Christo
3106 3203 3224 3257 Deo
3256 3202 3481 3258 docens
3505 3209 3560 3258 et
3580 3203 3729 3258 duas
3753 3220 3897 3274 per-

2231 3289 2619 3346 sonas.Unde
2645 3304 2755 3344 nec
2783 3293 3055 3346 sanctam
3089 3291 3333 3346 Mariam
3376 3291 3686 3361 Virginem,
3747 3307 3892 3360 qua

2227 3380 2456 3454 peperit
2512 3379 2714 3451 ipsum
2774 3379 3071 3434 Christum
3122 3382 3346 3445 Jesum,
3398 3383 3629 3432 θεοτὸκον
3663 3379 3724 3435 id
3773 3386 3890 3448 est,

2228 3470 2330 3526 Dei
2373 3468 2748 3538 Genitricem,
2781 3469 2886 3523 sed
2945 3473 3299 3540 Χριστοτόκον
3353 3469 3708 3525 nominibat.
3766 3471 3892 3524 Hu-

2219 3560 2320 3630 jus
2354 3559 2434 3613 rei
2457 3559 2644 3630 gratia
2661 3558 2818 3614 dicta
2832 3557 3104 3628 synodus
3123 3563 3602 3630 perseverantem
3626 3557 3686 3612 in
3723 3557 3892 3614 dicta

2222 3647 2603 3719 blasphemia
2641 3646 2937 3719 deposuit,
2982 3652 3276 3719 tanquam
3315 3648 3583 3711 Judaice,
3619 3646 3889 3719 ἀνθρωπο-

2223 3736 2414 3811 id?an
2455 3741 2513 3792 et
2553 3736 2812 3807 proprie,
2856 3740 2910 3791 et
2949 3751 3081 3790 vere
3115 3736 3214 3790 Dei
3246 3737 3622 3801 Genitricem,
3681 3736 3890 3791 omni-

2221 3826 2436 3881 fariam
2459 3830 2729 3880 sanctam
2757 3824 3054 3895 Virginem
3085 3825 3326 3880 Mariam
3368 3824 3890 3892 demonstrarunt,

2221 3919 2279 3976 et
2316 3930 2477 3984 eum,
2517 3914 2622 3985 qui
2660 3930 2732 3970 ex
2771 3914 2904 3985 ipsa
2938 3913 3065 3968 sine
3107 3914 3332 3969 semine
3372 3914 3720 3968 incarnatus
3770 3917 3889 3981 est,

2221 4004 2544 4060 Dominum
2574 4008 2846 4059 nostrum
2878 4005 3086 4059 Jesum
3115 4002 3421 4061 Christum
3444 4002 3656 4058 Filium
3689 4001 3812 4068 Dei,
3834 4007 3896 4058 et

2220 4096 2408 4148 Deum
2435 4109 2646 4148 verum
2676 4092 3175 4165 pradicaverunt.

2289 4182 2554 4239 Joannes
2587 4183 3160 4249 vcro,Antiochenus
3189 4181 3553 4253 patriarcha,
3575 4181 3890 4238 contrista-

2216 4277 2332 4342 tus,
2357 4271 2520 4344 quod
2537 4272 2665 4326 sine
2696 4271 2829 4342 ipso
2857 4270 3170 4343 depositus
3210 4270 3418 4327 fuisset
3443 4271 3769 4335 Nestorius,
3790 4287 3892 4326 ae-

2217 4362 2442 4432 cipiens
2473 4361 2576 4432 qui
2600 4376 2806 4414 secum
2834 4365 3121 4416 venerant
3158 4361 3498 4433 episcopos,
3542 4361 3602 4416 in
3659 4359 3889 4432 quibus

2217 4448 2824 4505 eteratTheodoritus
2856 4450 3134 4521 deposuit
3175 4449 3480 4520 Cyrillum,
3515 4449 3682 4522 quod
3711 4449 3890 4505 nefas

2214 4546 2305 4596 est
2333 4539 2550 4607 dicere,
2574 4538 2678 4610 qui
2709 4539 2888 4594 etiam
2917 4539 2978 4593 in
3014 4541 3149 4610 ipso
3178 4539 3478 4610 Ephesino
3519 4538 3772 4594 concilio
3797 4538 3889 4594 lo-

2214 4645 2352 4684 cum
2381 4630 2600 4683 summi
2631 4627 2930 4699 pontiﬁcis
2957 4627 3285 4692 obtinebat,
3310 4627 3493 4684 veluti
3515 4632 3732 4699 prater
3787 4643 3888 4682 ca~

2211 4734 2400 4774 nones
2415 4717 2690 4773 Ecclesia
2711 4717 3182 4773 dictamfecisset
3203 4717 3604 4788 synodum.Et
3625 4717 3706 4773 ita
3723 4716 3884 4773 fecit.

2212 4808 2644 4866 schismaintcr
2674 4823 2796 4864 eos.
2830 4810 3040 4863 Postea
3069 4823 3212 4862 vero
3239 4823 3382 4863 cura
3405 4811 3461 4862 et
3481 4806 3888 4862 sollicitudine

2212 4899 2483 4972 ejusdem
2513 4897 2896 4969 imperatoris
2923 4895 3137 4952 iterum
3165 4897 3313 4952 uniti
3343 4895 3585 4951 fuerunt
3619 4909 3890 4950 consen-

2195 4989 2420 5062 _tientes
2445 4986 2507 5041 in
2548 5001 2757 5041 unum.
2802 4985 3106 5042 Nestorius
3143 4985 3346 5056 itaque
3387 4984 3611 5056 impius
3659 4983 3895 5039 missus

2213 5082 2301 5133 est
2328 5077 2387 5131 in
2419 5074 2716 5131 exsilium.

2285 5164 2562 5221 Secunda
2592 5179 2734 5233 ergo
2774 5162 3065 5234 synodus,
3108 5178 3247 5234 qua
3287 5162 3503 5218 eodem
3547 5161 3890 5218 Theodosio

2212 5255 2455 5310 Juniore
2484 5253 2544 5309 in
2575 5253 2809 5324 Epheso
2849 5253 3007 5308 facta
3046 5257 3154 5319 est,
3196 5256 3490 5323 tanquam
3530 5251 3756 5307 furtiva
3831 5256 3891 5308 et

2211 5341 2474 5416 reproba
2500 5340 2776 5398 habetur.
2813 5339 2880 5396 Et
2905 5341 3196 5413 quoniam
3231 5339 3498 5395 Dioscori
3536 5354 3728 5411 prava
3792 5355 3888 5395 sa-

2212 5433 2454 5505 pientis,
2496 5436 2551 5487 et
2589 5429 2929 5502 Eutychetis
2967 5430 3271 5487 fatuitates
3301 5430 3606 5485 consensit
3654 5433 3881 5492 tenere,

2212 5529 2271 5580 et
2295 5520 2672 5594 approbavit,
2706 5536 2743 5576 a
2764 5523 2972 5576 sancta
2992 5519 3289 5575 catholica
3306 5522 3363 5574 et
3382 5517 3714 5590 apostolica
3779 5519 3883 5574 Ec-

2213 5613 2397 5671 clesia
2426 5611 2633 5669 merito
2663 5614 2754 5668 est
2787 5609 3030 5685 repulsa
3065 5608 3357 5684 pradicta
3397 5606 3693 5681 synodus.
