2066 3201
104 134 160 167 553

817 143 956 174 CONTRA
977 140 1136 176 GRAECOS.

1776 160 1830 192 554

105 201 152 229 De
167 204 283 237 quarta
293 202 405 254 synodo
421 198 774 254 Chalcedonensi'werurn
787 207 945 254 hominem,
961 208 985 235 A
1001 208 1175 246 Antiochiae,
1190 213 1219 239 et
1230 209 1378 249 Eutyches
1390 213 1663 254 Hierosolymorum
1670 228 1740 250 cum
1764 223 1830 252 aliis

143 244 173 269 et
188 249 292 270 verum
309 243 464 273 Christum
474 247 637 280 conﬁtetur
652 248 683 276 in
694 248 946 282 duabusnaturis,

143 287 212 314 sine
224 287 403 322 confusione
416 292 443 317 et
458 290 610 320 divisione.

144 359 262 391 Quarta
281 367 352 388 vero
377 364 483 390 saneta
498 364 526 390 et
539 363 717 392 universalis
744 365 880 401 synodus
900 373 946 392 ce-

105 402 228 433 lebrata
247 403 303 432 fuit
318 405 349 433 in
366 406 601 436 Chalcedonensi
617 409 701 442 urbe,
719 413 852 446 tempore
872 412 946 438 Mar-

107 448 187 476 ciani
204 448 408 486 imperatoris,
435 451 491 479 sub
518 453 708 482 sanctissimo
736 456 830 482 Leone
854 463 944 491 papa,

108 500 230 529 magna
237 493 380 522 columna
392 495 539 524 Ecclesiae.
551 499 581 525 In
589 506 651 533 qua
665 498 784 526 fuerunt
793 500 947 527 Anatolius

111 537 360 574 archiepiscopus
370 541 728 578 Constantinopolitanus.
741 544 884 571 Maximus
892 548 949 573 An-

118 581 285 617 tiochenus,
295 583 452 612 Juvenalis
459 585 747 622 Hierosolymorum;
764 588 948 617 Alexandriae

113 634 184 654 vero
198 625 253 655 fuit
265 627 426 656 Dioscorus
441 630 603 666 superbus,
632 640 700 659 cum
713 632 823 668 quibus
848 636 875 662 et
899 633 948 662 alii

105 671 204 700 sancti
217 671 320 700 Patres
329 680 458 701 numero
471 683 537 702 nam.
554 675 683 712 [ncxxxt

143 716 360 745 Convenerunt
375 720 477 746 autem
494 722 598 747 contra
612 720 711 756 ipsum
729 722 903 750 Dioscorum
921 725 948 750 et

106 760 265 797 Eutychen
275 762 545 792 arehiniandritam
553 766 948 802 monasterii,cognomento

106 805 215 839 Studii,
230 806 315 842 quod
329 807 358 834 in
375 807 441 844 ipsa
456 809 537 844 regia
555 810 629 838 urbe
644 814 697 838 est.
708 812 739 838 lli
754 812 833 840 enim
850 813 948 841 Salva-

103 850 182 879 toris
197 852 226 879 et
243 850 292 879 Dei
308 853 403 880 nostri
427 854 497 881 .lcsu
513 854 618 883 Cbristi
644 856 884 885 incarnationem
906 866 948 886 re-

1001 255 1122 282 centum
1136 257 1338 293 septuaginta.

1037 299 1108 346 Quze
1124 303 1230 330 sancta
1255 303 1392 339 synodus
1409 305 1441 333 in
1466 307 1571 342 primis
1595 311 1777 346 approbavit
1800 314 1830 341 et

1001 344 1190 374 conlirmavit
1210 348 1489 380 Chalcedonenscm
1518 344 1669 389 synodum
1691 360 1829 387 sanctam

1001 396 1056 416 nec
1071 397 1132 417 non
1148 393 1176 418 et
1190 393 1359 422 orthodoxa
1375 398 1402 423 et
1424 397 1565 426 salutaria
1581 400 1643 434 ejus
1671 402 1825 436 dogmata.

1003 434 1035 460 Et.
1047 442 1114 469 qua:
1129 443 1146 462 a
1158 436 1281 465 diversis
1294 442 1404 467 exorta:
1421 444 1491 469 sunt
1502 443 1629 471 haereses
1652 447 1828 476 anathema-

1002 477 1110 512 tizavit,
1121 481 1149 507 et
1163 483 1437 512 exeommunicavit
1451 486 1558 514 eadem
1574 491 1678 516 saneta
1689 491 1826 525 synodus

1003 522 1171 558 Origeuem,
1186 528 1214 553 et
1225 527 1327 555 omnia
1339 528 1403 563 ejus
1417 530 1510 566 impia
1522 533 1641 568 scripta,
1657 535 1826 570 Evagrium,

1003 569 1031 594 et
1046 567 1216 604 Didymum,
1233 574 1260 599 et
1275 572 1397 607 similes,
1420 577 1447 602 et
1470 567 1599 611 aequalia
1614 567 1773 614 sapientes.
1801 567 1830 609 et

1002 611 1144 640 doctrinis
1160 616 1313 648 gentilium
1330 620 1556 648 contemnentes
1579 622 1769 656 [inhaerentes
1783 626 1830 653 vel

1003 656 1189 694 insistente.s.]
1207 661 1320 689 Etenim
1334 661 1390 697 ipsi
1405 671 1543 699 corpora,
1566 666 1595 692 in
1623 667 1734 702 quibus
1749 677 1831 698 nunc

1004 709 1120 736 sumus,
1137 703 1285 738 dixerunt,
1299 708 1444 743 tanquam
1460 709 1522 736 sine
1535 709 1684 739 intellectu
1706 715 1734 741 et
1758 714 1831 742 insi-

1003 746 1127 781 pienter,
1143 756 1204 776 non
1220 757 1287 777 esse
1303 754 1514 789 resurrectura,
1531 755 1651 790 etquod
1667 758 1831 792 paradisus

1004 791 1151 818 sensibilis
1165 801 1226 821 non
1240 797 1283 822 cst
1299 795 1393 823 iactus
1408 805 1425 824 a
1439 797 1508 829 Deo.
1534 807 1589 826 nec
1614 791 1677 834 est;
1692 803 1721 829 et
1747 803 1831 839 quod

1002 835 1098 863 Adam
1114 844 1175 865 non
1191 838 1242 866 fuit
1255 839 1400 868 formatus
1415 849 1431 869 a
1445 843 1503 869 Deo
1519 843 1548 870 in
1569 852 1674 879 carne;
1692 848 1721 873 et
1747 835 1830 883 quod

104 895 269 932 cusabant,
310 896 454 925 facientes
478 907 603 934 prorsus
633 900 733 935 ipsum
965 883 983 909 Β
1002 883 1306 937 Εῗῖηὲξῗᾩῗῳῗοῴω
1321 885 1412 937 mme
1429 886 1559 937 ha.h_c.at;
1577 892 1604 916 et
1619 890 1702 925 quod
1717 891 1830 937 fiam”

102 940 249 968 indutum
263 948 397 969 carnem.
414 943 496 970 Unde
526 944 594 971 etin
623 952 684 972 una
709 948 818 974 natura
847 947 946 983 ipsum

104 984 254 1013 exsistere
285 985 439 1022 dicebant,
475 987 624 1016 divinitati
647 990 842 1018 attribuentes
871 1000 947 1027 quas

106 1029 256 1057 sustinuit
270 1030 440 1065 passiones.
458 1031 582 1068 Propter
598 1033 652 1061 hoc
670 1042 750 1068 ergo,
762 1035 834 1071 ipsis
851 1044 947 1072 perse-

103 1073 283 1102 verantibus
298 1074 329 1102 in
344 1075 522 1110 huiusmodi
535 1085 644 1111 errore,
669 1080 943 1109 cxcommunicavit

104 1120 134 1146 et
160 1118 427 1148 anathematizavit
453 1123 481 1149 et
515 1129 621 1150 omnes
650 1123 692 1150 eis
720 1125 944 1153 consentientes

105 1166 214 1192 sancta
233 1164 383 1200 synodus.

143 1208 346 1244 Promulgavit
361 1217 433 1244 ergo
449 1218 541 1246 super
557 1211 621 1239 haec
632 1217 824 1242 sacramenta
840 1214 945 1243 deﬁni«

107 1253 234 1288 tionem,
252 1253 337 1290 quod
352 1254 417 1290 ipse
434 1255 470 1282 sit
484 1256 633 1291 perfectus
649 1258 736 1291 Deus,
754 1262 780 1286 et
796 1260 944 1295 perlectus

102 1298 199 1326 homo
213 1298 246 1326 in
261 1298 385 1327 duabus
404 1300 531 1334 naturis,
549 1302 612 1329 sine
627 1303 801 1332 confusione
817 1307 845 1332 et
869 1305 943 1333 divi—

110 1349 208 1371 SlOne.

140 1388 306 1424 Epistolam
327 1396 451 1425 quoque
491 1392 671 1419 sanctissimi
700 1394 816 1429 Leonis,
848 1403 941 1430 quam

100 1432 186 1460 misit
201 1432 345 1461 Flaviano
370 1441 512 1470 episcopo
539 1437 852 1473 Constantinopoleos,
879 1442 940 1467 tan-

100 1484 204 1511 quam
217 1476 390 1506 columnam
418 1479 595 1508 orthodoxm
625 1480 705 1515 tidei,
732 1487 937 1519 susceperunt,

102 1523 135 1550 et
151 1528 252 1556 usque
267 1521 351 1550 hodie
365 1522 406 1551 sic
421 1524 602 1560 appellatur.

1002 932 1055 951 nes
1070 926 1287 955 reducenturin
1303 931 1415 957 statum
1427 931 1599 966 pristinum.
1615 942 1704 969 quem
1718 936 1830 964 habue-

1002 973 1080 1003 runt,
1117 972 1226 1000 scilicet
1255 976 1417 1009 antequam
1449 977 1599 1006 caderent.
1639 980 1702 1007 Non
1733 981 1831 1009 solum

1003 1017 1103 1043 autem
1118 1016 1185 1050 hoc,
1201 1017 1253 1044 sed
1265 1020 1292 1045 et
1307 1018 1380 1046 alias
1395 1020 1527 1048 infinitas
1542 1021 1748 1058 blasphemias
1772 1025 1832 1053 col-

1002 1058 1126 1094 ligentes
1142 1061 1257 1097 seipsos
1271 1062 1484 1092 iinmerserunt
1496 1066 1526 1093 in
1544 1067 1741 1102 profundum.
1759 1070 1831 1102 Qua:

1003 1106 1103 1132 tamen
1117 1113 1212 1141 usque
1227 1106 1256 1134 in
1268 1108 1434 1142 publicum,
1451 1110 1497 1137 vel
1513 1111 1542 1137 in
1558 1112 1831 1142 manifestationein

1002 1157 1061 1176 non
1078 1150 1327 1187 prmlicaverunt,
1346 1153 1397 1180 sed
1415 1154 1497 1190 apud
1519 1155 1637 1191 aliquos
1660 1158 1690 1184 in
1714 1159 1832 1187 occulto

1002 1194 1202 1224 habebantur.
1216 1203 1270 1224 nee
1283 1200 1445 1232 potuerunt
1459 1199 1587 1234 perfecte
1600 1201 1742 1230 restimari
1756 1211 1832 1239 pras-

1002 1238 1080 1266 dicta
1097 1239 1241 1274 dogmata
1256 1241 1292 1268 de
1309 1245 1412 1270 saneta
1427 1244 1556 1278 synodo.
1573 1246 1648 1277 Quia.
1664 1254 1733 1275 cum
1757 1238 1833 1276 rdicti

1001 1284 1059 1310 tres
1087 1283 1216 1312 lucretici
1243 1285 1337 1313 multo
1367 1287 1550 1323 antiquiores
1583 1289 1709 1319 fuissent
1752 1299 1831 1327 prae-

999 1326 1078 1354 dicto
1094 1328 1198 1363 quinto
1215 1330 1349 1362 concilio,
1366 1332 1476 1359 multos
1493 1333 1523 1360 in
1550 1333 1673 1362 diversis
1692 1326 1830 1371 partibus

998 1372 1103 1399 mundi
1114 1376 1298 1402 attraxerunt
1309 1375 1375 1403 sibi.
1394 1378 1527 1412 Cumque
1539 1378 1666 1407 multum
1682 1381 1829 1416 populum

1000 1416 1160 1451 etrpissent
1175 1417 1351 1453 hujusmodi
1367 1419 1460 1455 impia
1471 1420 1617 1456 dogmata
1626 1431 1830 1460 corrumpere,

997 1461 1096 1488 statim
1111 1464 1138 1488 et
1154 1462 1293 1496 quintum
1322 1465 1483 1492 concilium
1512 1466 1664 1495 voluntate
1694 1469 1744 1496 Dei
1772 1470 1828 1499 fuit

996 1505 1186 1538 celebratum.
1205 1506 1359 1543 ubiipsos,
1383 1511 1525 1537 eteorum
1552 1511 1759 1547 blasphemias
1781 1522 1826 1542 re—

147 1550 228 1593 scilze
242 1566 328 1594 etiam
338 1550 604 1604 οροήὲἶτᾲὖόἆῶ
633 1570 831 1606 quidicumur
845 1573 936 1601 Thom
954 1562 973 1586 (τ
993 1550 1136 1585 probans,
1154 1559 1204 1578 eos
1221 1555 1362 1601 etomnes
1389 1554 1497 1582 similia
1517 1559 1676 1591 sequentes
1697 1559 1826 1587 anathe-

456 1591 463 1603 ,
611 1592 616 1602 ,
899 1597 901 1599 .
994 1595 1081 1606 MA”,
1103 1595 1144 1606 ,μμ
1163 1596 1197 1606 ,η
1219 1605 1232 1606 η
1292 1605 1296 1606 ν
1357 1600 1361 1606 ,

105 1610 216 1638 desita:
231 1618 248 1638 ει
263 1611 398 1647 quodam
410 1613 587 1647 Theodosio,
603 1617 630 1642 et
659 1616 797 1644 Jacobiize
817 1626 834 1645 a
863 1627 936 1653 quo-

102 1654 305 1690 damJacobo,
317 1657 673 1694 etSeverianiaquodam
690 1662 809 1695 Severo,
829 1663 935 1691 similia

103 1698 217 1727 scilicet
259 1701 410 1736 praedictis
442 1702 570 1730 Dioscori
586 1706 614 1731 et
651 1705 840 1741 Euthychetis
866 1708 935 1735 abo-

102 1744 293 1772 minabillum
309 1745 520 1774 haereticorum
535 1750 561 1775 ct
577 1751 830 1778 exsecrandorum
855 1761 934 1780 erro-

101 1788 197 1822 ribus,
221 1791 367 1826 tanquam
397 1791 453 1827 ipsi
482 1793 636 1825 exsecrati,
667 1802 719 1821 seu
749 1797 934 1827 cxsecrandi,

102 1833 235 1861 sentiunt
249 1836 278 1862 et
292 1834 425 1870 sapiunt,
442 1838 469 1864 et
483 1837 634 1873 resistunt,
650 1846 718 1865 cum
736 1840 800 1866 aliis
839 1842 937 1868 hiric-

99 1877 471 1915 ticis,seipsosalienautes
485 1884 612 1909 asaneta
625 1883 755 1911 Ecclesia
771 1885 929 1913 catholica.

136 1923 284 1959 Tempore
297 1924 392 1959 ipsius
408 1926 544 1953 Marciani
562 1929 696 1962 pervenit
711 1929 842 1957 adaures
854 1930 935 1958 beati

102 1967 223 2001 Leonis,
240 1967 277 1996 de
290 1976 352 2004 quo
368 1969 446 1997 facta
462 1973 505 1998 est
524 1972 644 2007 mentio,
661 1973 742 2008 quod
769 1975 931 2007 Anatolius,

102 2012 440 2050 Constantinopolitanaa
457 2015 535 2043 sedis
551 2017 682 2048 antistes,
693 2018 847 2048 invaderet
861 2029 933 2056 pau-

99 2056 189 2084 latim
202 2056 312 2086 alienas
328 2059 413 2087 sedes
429 2061 614 2096 suoqueillas
630 2062 752 2091 adderet
768 2066 932 2100 pontificio,

99 2101 235 2138 ideoque
248 2102 346 2131 dictus
362 2112 444 2140 papa
463 2106 609 2141 Anatolio,
627 2109 658 2135 ut
685 2108 723 2135 ab
756 2109 932 2144 liujusinodi

100 2146 211 2182 rapina
226 2150 370 2183 cessaret,
387 2148 513 2185 scripsit.
533 2150 589 2178 Sed
605 2153 704 2179 omnis
721 2154 785 2188 ejus
807 2155 932 2183 monitio

99 2199 171 2219 cum
187 2191 262 2219 nihil
281 2193 445 2228 proliceret,
463 2195 551 2222 cessit
565 2195 593 2223 in
610 2196 735 2225 irritum.
756 2200 794 2226 Ex
822 2200 933 2235 quibus

992 1595 1082 1622 matis
1101 1595 1202 1629 gladio
1218 1598 1374 1632 percussit.

1027 1642 1385 1676 InsuperetTlieodorum
1399 1645 1586 1680 Mopsuestizn
1600 1646 1684 1682 impii
1700 1649 1825 1685 Nestorii

990 1684 1170 1720 discipulum
1179 1694 1246 1713 cum
1255 1686 1316 1713 suis
1328 1689 1489 1715 exsccratis
1497 1689 1689 1725 dogmatibus
1702 1684 1823 1721 exeom;

990 1730 1197 1758 municavitet
1216 1731 1301 1765 ejecit
1322 1732 1360 1759 al)
1390 1733 1529 1761 Ecclesia.
1557 1735 1628 1762 Cum
1656 1737 1768 1772 quibus
1795 1741 1824 1766 et

990 1774 1179 1809 Antiochum,
1197 1778 1223 1802 et
1235 1777 1350 1803 Petrum
1367 1777 1457 1804 Zoani
1474 1778 1654 1813 eliminavit,
1681 1789 1734 1808 nec
1759 1790 1822 1809 non

990 1821 1018 1845 et
1034 1819 1257 1854 'l‘lieodoritum,
1284 1821 1335 1855 qui
1352 1824 1456 1848 contra
1473 1827 1731 1858 propugnatorem
1760 1826 1822 1861 pie-

990 1862 1056 1890 tatis
1069 1865 1096 1890 et
1110 1864 1253 1896 veritatis,
1268 1864 1393 1892 beatum
1410 1867 1563 1901 Cyrillum,
1579 1868 1709 1896 multum
1728 1870 1819 1906 impie

989 1909 1016 1934 et
1031 1907 1107 1934 male
1124 1909 1316 1943 scripserunt,
1334 1913 1360 1936 et
1375 1911 1463 1937 etiam
1481 1914 1583 1939 contra
1595 1913 1726 1948 primam
1748 1923 1819 1944 san-

989 1954 1066 1979 ctam
1082 1953 1233 1987 synodum
1252 1954 1444 1989 Epliesinam,
1466 1959 1494 1983 et
1514 1960 1618 1984 contra
1629 1958 1697 1986 lidei
1708 1962 1818 1988 nostra;

988 1997 1171 2026 documenta
1185 1999 1328 2026 mentitus
1342 2003 1393 2033 est,
1407 2000 1526 2028 donans
1541 2010 1571 2029 se
1588 2003 1699 2031 infideli
1721 2006 1820 2033 Nesto-

987 2042 1029 2069 rio
1044 2046 1071 2070 cl:
1086 2044 1223 2078 profano,
1262 2044 1301 2071 al)
1323 2045 1451 2073 Ecclesia
1477 2049 1622 2082 tanquam
1644 2048 1818 2078 ῙῚξρΓοῐίοιιῑη

987 2088 1148 2121 eiecerunt,
1177 2089 1273 2116 donec
1305 2090 1407 2117 omnia
1428 2095 1596 2123 revocaret;
1620 2101 1687 2128 qure
1714 2095 1817 2123 omnia

986 2137 1132 2169 tanquam
1149 2133 1287 2169 pestifera
1303 2142 1369 2161 cum
1388 2134 1436 2162 illa
1448 2136 1583 2171 epistola,
1597 2146 1664 2173 qum.
1694 2139 1751 2166 lbze
1775 2140 1818 2167 di-

989 2179 1073 2213 citur,
1086 2187 1153 2214 qua}
1171 2179 1263 2206 missa
1277 2179 1370 2206 fuitin
1388 2181 1536 2208 Persidem
1555 2182 1593 2209 ad
1607 2183 1718 2217 Marim,
1737 2185 1819 2219 peni-

97 2238 173 2264 tunc
185 2243 249 2264 non
265 2224 458 2266 cessaverunt
470 2239 556 2267 dicta:
571 2241 650 2268 sedis
664 2224 808 2278 prtesiilcs
953 2235 974 2260 D
993 2227 1038 2251 lus
1067 2224 1305 2259 CXSUWHCFUHI
1320 2232 1325 2256 ς
1351 2233 1412 2253 mn
1434 2226 1543 2278 imm?
1569 2228 1656 2255 melis
1673 2229 1818 2257 dominis

95 2280 300 2314 discordiam,
317 2284 344 2310 et
359 2282 399 2310 ob
415 2283 585 2319 depositum
601 2294 670 2313 cum
688 2288 821 2316 Romana
842 2290 937 2318 Eccle-

95 2325 147 2353 sia.
164 2326 358 2354 contendere.
388 2328 470 2355 Unde
484 2331 512 2356 et
539 2329 569 2356 in
583 2334 691 2366 quarto
721 2334 846 2362 concilio
874 2335 936 2362 sine

94 2377 255 2398 consensu
271 2379 357 2407 papze
370 2374 398 2399 et
413 2372 582 2407 legatorum
599 2375 674 2410 ejus,
691 2376 766 2405 sicut
794 2379 878 2411 alias,
906 2380 936 2407 in

92 2417 231 2443 tractatu
248 2416 290 2444 De
302 2419 449 2450 potestate
463 2426 548 2453 papa'
562 2418 678 2448 dictum
703 2424 754 2453 est,
788 2431 935 2452 canonein

91 2467 154 2496 pro
170 2467 204 2487 se
224 2459 395 2494 ediderunt,
425 2461 462 2489 de
485 2470 546 2498 quo
575 2463 605 2491 in
633 2465 692 2493 fine
719 2466 809 2502 hujus
837 2470 935 2504 operis

91 2504 204 2541 aliqua
219 2503 418 2534 disseremus.

89 2573 141 2600 De
154 2572 266 2608 quinta
280 2574 405 2608 synodo,
425 2574 763 2612 Constantinopolitana
790 2582 930 2609 secunda.

131 2635 248 2668 Quinta
263 2638 369 2664 sancta
387 2638 416 2664 et
430 2637 607 2667 universalis
622 2642 757 2676 synodus
786 2644 934 2673 celebrata

91 2682 144 2709 est.
157 2680 431 2717 Constantinopoli,
446 2684 632 2719 temporibus
658 2686 813 2716 Justiniani
842 2690 933 2725 impe-

91 2725 216 2760 ratoris,
234 2726 293 2753 sub
307 2734 388 2762 papa
402 2727 505 2762 Vigilio
536 2730 681 2758 Romano.
713 2733 765 2760 Ubi
797 2734 933 2763 interfue-

91 2773 167 2799 runt
181 2770 336 2806 Eutychos
361 2772 608 2809 archiepiscopus
632 2777 934 2815 Constantinopolita-

93 2815 376 2853 nus,Apollinarius
382 2817 788 2856 patriarchaAlexandrinus,
799 2824 892 2852 Domn
898 2833 931 2852 us

298 2864 422 2893 ΡΑτιιοι..
443 2867 493 2895 Gn.
515 2868 590 2899 CXL.

992 2269 1181 2297 adversantia
1189 2269 1464 2304 erantllujusinodi,
1480 2271 1532 2298 sed
1545 2280 1612 2299 cum
1624 2274 1707 2300 omni
1716 2275 1819 2310 impie-

993 2316 1051 2341 tate
1064 2314 1296 2349 participabant.
1314 2315 1361 2341 llis
1377 2315 1477 2350 itaque
1494 2316 1547 2343 rite
1564 2319 1692 2352 peractis
1710 2319 1819 2347 contir-

992 2360 1159 2389 maverunt.
1176 2360 1209 2385 ut
1227 2358 1351 2393 dictum,
1377 2360 1522 2394 dogmata
1549 2361 1694 2395 Ecclesiae,
1722 2366 1749 2391 et
1770 2371 1819 2392 r0-

990 2403 1182 2430 boravcrunt.

990 2458 1032 2484 De
1040 2460 1123 2484 serta
1135 2457 1257 2491 synodo.
1273 2457 1610 2492 Constantine/)0litana
1618 2461 1717 2488 tertia.
1731 2461 1819 2490 Dam-

1026 2504 1079 2529 nat
1096 2509 1184 2528 imam
1196 2502 1225 2528 in
1243 2502 1363 2529 C’iristo
1378 2503 1560 2531 voluntatem
1570 2507 1596 2531 et
1603 2507 1816 2538 operationem.

1027 2556 1114 2583 Sexta
1132 2558 1237 2583 sancta
1252 2558 1279 2582 et
1292 2556 1470 2584 universalis
1486 2557 1624 2592 synodus
1638 2558 1716 2586 facta
1727 2559 1818 2587 etiam

990 2599 1043 2627 fuit
1072 2600 1339 2635 Constantinopoli,
1366 2601 1549 2628 Constantini
1571 2603 1725 2637 l’ogonati,
1765 2604 1818 2631 lilii

989 2645 1367 2680 Justiniani,temporibus,
1392 2645 1448 2672 sub
1475 2646 1628 2681 Agathone
1652 2656 1733 2684 papa
1763 2651 1817 2677 lto-

989 2697 1091 2717 mano.
1110 2691 1138 2716 In
1153 2697 1214 2725 qua
1225 2689 1447 2723 fuittlrcgorius
1471 2691 1641 2725 patriarcha
1670 2694 1817 2721 (lonstan—

988 2734 1215 2770 tinopolitauus,
1245 2734 1442 2769 Theophanes
1463 2735 1637 2768 Antiochiae,
1662 2739 1690 2765 et
1714 2737 1817 2766 Petrus

988 2779 1156 2807 monachus
1183 2778 1307 2806 vicarius
1339 2778 1526 2807 Alexandria:
1558 2782 1699 2814 (vacabat
1736 2783 1816 2812 enim

989 2824 1097 2859 sedes),
1112 2832 1181 2852 cum
1199 2823 1264 2851 aliis
1277 2826 1397 2851 centum
1415 2825 1619 2861 septuaginta,

1570 2877 1601 2903 18
