4132 6382
530 258 630 314 ἴὶὸθ

525 558 1080 632 stantinopolitaua.
1119 557 1341 613 Eodem
1365 561 1631 630 tempore
1659 574 1820 629 papa
1851 561 2174 630 Agapetus,

525 654 769 722 propter
789 647 1288 721 persecutionem,
1306 662 1441 718 quae
1465 651 1652 701 totam
1675 646 1901 703 Italiam
1925 663 2178 719 occupa-

524 744 711 806 verat,
745 753 883 793 cum
915 735 1117 792 multis
1151 735 1379 790 clericis
1405 739 1460 790 et
1487 735 1787 808 episcopis
1839 736 2002 791 venit
2031 739 2174 791 (lon-

525 827 998 899 stantinopolim.
1047 825 1232 896 llujus
1281 828 1483 881 autem
1536 824 1849 880 autoritate
1877 825 2034 880 dicta
2080 842 2174 897 sy-

523 917 723 973 nodus
751 915 1181 971 condemnavit
1232 913 1489 986 impium
1541 915 1823 970 Severum
1863 920 1920 969 et
1961 930 2173 970 omnes

519 1007 648 1077 ejus
680 1006 920 1061 similes.
949 1008 1098 1061 Nam
1124 1003 1524 1063 Anthemium,
1549 1003 1842 1075 praetecta:
1865 1002 2028 1058 urbis
2049 1003 2170 1075 epi-

520 1112 793 1168 scopum,
828 1093 1180 1163 compliccm
1212 1092 1427 1161 Severi,
1460 1092 1563 1164 qui
1595 1097 1802 1148 contra
1824 1092 1964 1163 jura.
1989 1108 2171 1148 cano-

515 1201 663 1240 num
695 1185 867 1240 dictae
911 1182 1160 1238 civitatis
1218 1186 1622 1253 occupaverat
1675 1180 1901 1252 sedem,
1956 1182 2171 1236 beatus

515 1291 674 1346 papa
692 1275 732 1327 Λ
743 1276 992 1344 gapetus
1007 1271 1084 1326 ab
1100 1271 1329 1325 honore
1347 1269 1625 1342 deposuit
1639 1274 1694 1325 et
1724 1269 2167 1326 condemnavit.

583 1365 720 1418 Post
739 1362 901 1416 illam
924 1360 1031 1415 fuit
1051 1359 1150 1415 illa
1165 1359 1377 1430 quinta
1396 1358 1669 1429 synodus
1689 1357 2007 1429 generalis,
2030 1375 2167 1431 qua:

503 1449 612 1510 {uit
637 1448 715 1503 ab
739 1447 1074 1503 Justiniano
1091 1445 1379 1519 principe,
1404 1451 1613 1503 contra
1629 1447 1943 1517 Origenem
1963 1452 2019 1503 et
2044 1448 2166 1503 the-

504 1539 762 1593 odorum
793 1536 1189 1609 Mopsuestize,
1223 1539 1282 1591 et
1313 1535 1575 1608 reliquos
1624 1536 1959 1606 haereticos,
1990 1541 2171 1609 prout

504 1627 782 1698 superius
809 1627 1058 1682 fecimus
1081 1624 1450 1682 mentionem
1476 1644 1487 1681 :
1512 1641 1649 1698 quze
1671 1625 1883 1683 habuit
1903 1641 2166 1683 canones

498 1715 707 1786 viginti
735 1715 911 1772 duos.

571 1805 714 1862 Post
761 1807 939 1861 istam
970 1803 1078 1860 fuit
1128 1809 1299 1861 sexta
1327 1808 1383 1861 et
1430 1805 1704 1877 septima,
1757 1821 1893 1877 qure
1950 1805 2160 1862 ultimo

497 1894 944 1959 describuntur,
968 1895 1122 1950 inter
1141 1894 1448 1967 quinque‘,
1475 1900 1530 1950 et
1549 1894 1826 1966 superius
1847 1894 2160 1951 nominata

499 1983 630 2041 fuit.
664 1983 1044 2041 Celebratum
1096 1988 1186 2038 est
1231 1982 1380 2038 illud
1443 1983 1917 2038 famosissimum
1964 1983 2159 2039 conci-

498 2073 645 2128 lium
679 2077 811 2144 (43).
835 2072 1125 2130 Plurimos
1154 2087 1421 2129 canones
1445 2071 1650 2140 edidit,
1675 2071 1894 2128 scilicet
1914 2078 2158 2130 centum

497 2162 740 2233 triginta
767 2167 906 2218 tres.

568 2252 684 2307 Sed
713 2257 770 2308 et
827 2251 1072 2308 Photius
1120 2248 1480 2323 patriarcha,
1527 2250 1631 2323 qui
1676 2255 1803 2307 erat
1850 2251 2158 2308 haeresiar-

498 2341 632 2409 cha,
677 2340 801 2397 duo
832 2339 1166 2396 successive
1213 2339 1468 2395 concilia
1518 2339 1847 2396 celebravit.
1896 2341 1956 2396 in
2009 2340 2157 2396 urbe

499 2430 1036 2502 Constantinopoli.
1098 2429 1362 2485 Primum
1408 2429 1470 2484 in
1519 2429 1742 2501 templo
1800 2432 2156 2486 Sanctorum

500 2519 926 2592 Apostolorum
961 2536 973 2574 :
1008 2518 1326 2592 reliquum,
1355 2518 1452 2574 cui
1494 2518 1772 2590 prtebuit,
1818 2524 1882 2574 ut
1927 2519 2152 2592 dicunt,

494 2625 656 2683 papa
676 2612 940 2666 Joannes
962 2609 1251 2680 favorem,
1285 2609 1348 2664 in
1370 2608 1619 2664 ecclesia
1641 2609 1871 2664 Sanctae
1896 2609 2153 2681 SOpliiaa.

572 2700 691 2754 Ista
720 2698 898 2767 igitur
925 2702 1063 2753 sunt
1111 2697 1362 2754 concilia
1389 2713 1524 2768 quae
1556 2697 1760 2768 recipit
1815 2700 2156 2753 Graecorum

501 2788 765 2845 Ecclesia
791 2794 848 2844 et
875 2789 1124 2844 retinet:
1156 2787 1231 2844 de
1261 2803 1523 2860 quorum
1555 2786 1891 2843 canonibus
1947 2788 2155 2844 adver-

502 2896 608 2934 sus
667 2881 998 2935 Romanam
1045 2877 1370 2934 Ecclesiam
1410 2876 1698 2948 gloriatur
1745 2877 1977 2933 addens
2028 2877 2155 2933 istis

499 2983 766 3025 canones
804 2967 1238 3040 apostolorum,
1269 2982 1424 3038 quos
1454 2982 1488 3022 a
1536 2966 1714 3022 beato
1766 2966 2062 3023 Clemente
2095 2982 2158 3022 se

501 3058 805 3131 accepisse
829 3062 1077 3114 testatur
1101 3072 1395 3129 ;quorum
1417 3071 1735 3111 numerum
1763 3056 1824 3110 in
1847 3057 1971 3111 suis
1992 3056 2158 3112 libris

501 3147 845 3218 assignans,
877 3146 1047 3219 ponit
1073 3161 1176 3201 eos
1207 3161 1337 3200 esse
1363 3144 1669 3214 octoginta
1693 3145 1983 3217 quinque.

580 3235 818 3292 Furtiva
870 3235 1117 3306 insuper
1147 3234 1440 3306 synodus,
1471 3250 1607 3306 quae
1639 3234 1700 3289 in
1731 3235 1925 3291 Trullo
1957 3235 2159 3308 palatii

504 3325 614 3382 fuit
663 3324 834 3393 facta,
865 3324 1000 3380 fecit
1045 3339 1311 3380 canones
1331 3323 1406 3379 ad
1437 3323 1671 3380 libitum
1702 3324 2156 3396 imperatorum,

508 3420 573 3471 ut
597 3414 826 3470 dictum
861 3419 948 3470 est
980 3429 1182 3486 supra,
1212 3417 1452 3469 centum
1479 3418 1536 3469 et
1564 3413 1738 3468 duos.

580 3504 696 3562 Sed
725 3509 780 3560 et
824 3503 1094 3576 synodus
1149 3502 1362 3566 Photii,
1413 3503 1508 3558 cui
1561 3502 1830 3574 praestitit
1890 3503 2159 3560 favorem

507 3596 768 3651 Joannes
794 3609 974 3666 papa,
1010 3599 1075 3650 ut
1128 3592 1245 3665 ipsi
1299 3592 1532 3660 volunt,
1583 3592 1720 3648 fecit
1763 3607 2026 3649 canones
2068 3609 2160 3650 se-

506 3691 671 3757 ptem
702 3687 760 3739 et
787 3683 1018 3740 decem.
1053 3684 1322 3748 Quorum
1350 3681 1592 3737 ultimus
1616 3681 1853 3737 videtur
1901 3682 2160 3738 multum

507 3773 696 3830 facere
725 3789 836 3846 pro
869 3773 1108 3829 Latinis.

580 3866 728 3920 Sunt
777 3862 956 3933 igitur
983 3861 1043 3917 in
1076 3861 1353 3916 universo
1401 3875 1612 3916 omnes
1661 3875 1924 3915 canones
1972 3860 2163 3916 nomi-

503 3953 646 4024 nati,
683 3950 1014 4023 computati
1043 3949 1380 4006 canonibus
1412 3948 1848 4021 apostolorum,
1879 3965 2017 4004 cum
2043 3949 2158 4020 his,

505 4042 684 4114 etqui
709 4042 770 4097 in
796 4041 1012 4096 furtiva
1048 4041 1285 4112 synodo
1325 4037 1401 4093 de
1459 4037 1653 4094 Trullo
1711 4037 1849 4094 editi
1900 4038 2160 4106 fuerunt,

503 4149 714 4190 cccxxr.
743 4130 975 4187 Habent
996 4130 1242 4202 insuper
1265 4128 1564 4201 quasdam
1585 4128 1873 4200 epistolas
1931 4135 2161 4186 sancto-

499 4238 638 4277 rum
669 4236 938 4286 suorum,
973 4218 1184 4284 Basilii,
1215 4217 1430 4291 Cyrilli,
1465 4218 1772 4274 Athanasii
1803 4224 1856 4273 et
1879 4217 2158 4289 aliorum,

499 4311 559 4366 in
589 4309 812 4381 quibus
843 4309 1218 4364 continentur
1249 4322 1513 4362 canones
1549 4310 1775 4380 plures,
1824 4322 1980 4379 quos
2009 4306 2158 4363 inter

498 4399 651 4455 alios
700 4397 1075 4454 authenticos
1121 4396 1432 4469 recipiunt,
1497 4400 1554 4452 et
1597 4396 1727 4468 pari
1770 4397 2152 4453 veneratione

493 4487 824 4545 imitantur.

564 4581 789 4633 Horum
827 4575 1005 4646 igitur
1043 4576 1392 4633 auctoritate
1445 4573 1632 4630 Graeci
1675 4572 1918 4640 suffulti,
1961 4590 2144 4646 quam

489 4666 783 4739 plurimos
815 4666 1064 4722 latratus
1094 4669 1302 4721 contra
1329 4667 1664 4719 Romanam
1697 4662 2022 4719 Ecclesiam
2056 4664 2143 4721 la-

485 4757 702 4814 trando
725 4756 1032 4812 emittunt:
1061 4771 1172 4827 pro
1204 4771 1294 4820 eo,
1329 4753 1498 4826 quod
1527 4752 1716 4809 multa
1763 4752 1825 4808 in
1855 4753 1959 4822 eis,
2002 4770 2139 4826 qua:

483 4852 691 4902 contra
721 4845 987 4911 Latinos,
1026 4849 1082 4899 et
1105 4859 1216 4915 pro
1248 4842 1466 4899 Graecis
1511 4842 1708 4913 prima
1754 4841 1905 4898 facie
1960 4858 2138 4913 agere

480 4937 776 4991 videntur.
813 4935 1080 4999 Quorum
1103 4937 1371 4988 tenorem
1398 4930 1664 4999 diligenti
1683 4931 2137 5001 investigatione

477 5025 944 5092 considerantes,
992 5022 1067 5077 de
1100 5023 1304 5076 Graeco
1334 5021 1396 5075 in
1447 5020 1720 5076 Latinum
1778 5036 1886 5093 pro
1935 5020 2136 5089 legen-

473 5115 618 5168 tium
663 5110 1079 5167 exercitatione
1125 5108 1545 5178 tractabimus,
1569 5108 1707 5164 huic
1739 5107 2130 5180 operisuper-

467 5201 896 5257 immiscentes.

537 5359 580 5393 ⁸⁷
616 5363 635 5416 l
666 5359 818 5416 Petr.
850 5375 906 5430 ιι,
951 5364 1040 5416 23.

1761 249 2248 312 PANTALEONIS
2285 249 2570 316 DlACONl
2609 254 2713 315 CP.

527 383 808 447 cesserat,
836 382 1048 448 rogatu
1070 377 1494 450 episcoporum
1519 377 1997 434 orthodoxorum
2021 378 2179 434 illius
2211 383 2258 437 Α

527 471 756 542 patriae,
789 468 1142 538 congregari
1183 467 1489 540 synodum
1543 468 1708 540 petiit
1733 467 1796 524 in
1852 468 2002 524 urbe
2032 471 2180 526 Con-

3841 261 3955 322 560

2574 401 2980 471 Oppositiones
3028 401 3396 461 Graecorum.

2362 559 2600 629 Sitergo
2637 576 2793 615 unus
2811 577 3006 617 canon
3051 561 3484 634 apostolorum:
3510 586 3536 614 »
3587 566 3945 640 Episcopus,

2285 653 2388 702 aut
2405 648 2736 720 presbyter,
2761 654 2865 706 aut
2896 651 3189 706 diaconus
3239 668 3490 709 uxorem
3534 671 3710 711 suam
3765 673 3947 714 occa-

2285 735 2450 792 sione
2471 737 2816 808 honestatis,
2862 739 2956 795 vel
3005 741 3294 797 castitatis
3317 757 3440 798 non
3489 743 3706 814 ejiciat.
3729 745 3788 801 Si
3839 763 3949 802 au-

2284 829 2400 880 tem
2423 827 3267 897 ejecerit,excommunicetur.
3295 834 3680 889 Perseverans
3709 840 3942 901 autem,

2281 914 2636 986 deponatur.
2682 938 2710 966 »
2747 917 2861 973 Sed
2911 934 3036 986 vos,
3073 918 3374 991 inquiunt,
3433 922 3789 978 accedentes
3862 925 3944 980 ad

2281 1019 2483 1059 sacros
2505 1005 2763 1076 ordines,
2789 1011 2996 1062 votum
3020 1007 3287 1064 emittere
3339 1009 3627 1066 castitatis
3672 1012 3940 1083 adigitis.

2282 1093 2434 1160 Ergo
2477 1094 2830 1165 compellitis
2868 1111 2976 1152 vos
3026 1112 3243 1152 uxores
3292 1098 3611 1169 dimittere,
3630 1099 3680 1156 si
3726 1101 3946 1160 volunt

2279 1181 2520 1253 assequi
2543 1181 2723 1238 talem
2747 1184 3026 1252 gradum.
3061 1186 3233 1254 Ergo,
3249 1189 3358 1242 etc.

2349 1269 2494 1324 Item
2541 1270 2862 1327 vicesimus
2909 1273 3202 1346 septimus
3245 1290 3443 1331 canon
3487 1276 3678 1334 dicit:
3728 1301 3754 1329 »
3806 1279 3942 1352 Epi-

2279 1373 2547 1430 scopum,
2570 1359 3014 1432 presbyterum,
3035 1367 3138 1419 aut
3158 1363 3486 1420 diaconum
3510 1367 3939 1426 verberantem

2278 1446 2501 1514 fideles,
2525 1448 2630 1520 qui
2665 1455 2937 1520 peccant,
2964 1456 3067 1507 aut
3105 1452 3380 1509 inﬁdeles
3429 1453 3633 1528 inique
3663 1463 3939 1528 agentes,

2278 1539 2454 1609 etper
2499 1537 2615 1594 hoc
2664 1538 2858 1594 timeri
2905 1539 3139 1609 volunt,
3189 1541 3416 1614 deponi
3465 1545 3878 1617 praecipimus.
3907 1568 3940 1596 ››

2275 1627 2670 1698 Nequaquam
2691 1632 2893 1683 autem
2929 1628 3045 1686 hoc
3097 1628 3426 1687 docuitvos
3477 1635 3788 1703 Dominus;
3828 1637 3937 1693 sed

2203 1737 2240 1790 Β
2273 1730 2407 1771 cum
2425 1716 2906 1773 malediceretur.
2935 1734 3052 1774 non
3078 1721 3622 1780 remaledicebat”.
3658 1725 3774 1781 Sed
3819 1742 3934 1782 vos

2273 1804 2459 1860 Latini
2481 1805 2796 1866 manifeste
2817 1807 3209 1879 disciplinatis
3231 1825 3352 1880 eos,
3384 1827 3540 1884 quos
3588 1812 3929 1882 absolvitis,

2267 1894 2326 1948 et
2346 1892 2713 1965 quandoque
2737 1909 2926 1966 usque
2942 1895 3019 1951 ad
3036 1895 3388 1952 effusionem
3413 1899 3741 1970 sanguinis.
3775 1903 3934 1974 Ergo

2261 1981 2435 2051 juxta
2455 1981 2796 2037 sanctiones
2821 1983 3062 2040 Patrum
3104 1985 3244 2040 estis
3273 1984 3638 2058 deponendi.

2342 2073 2484 2124 Item
2568 2071 2980 2140 sexagesimus
3064 2073 3268 2129 tertius
3359 2075 3522 2132 dicit:
3591 2079 3800 2144 »Quod
3879 2080 3930 2136 si

2266 2158 2608 2231 episcopus,
2633 2165 2736 2216 aut
2753 2161 3035 2218 sacerdos
3061 2162 3490 2232 autdiaconus,
3511 2182 3617 2223 seu
3673 2169 3928 2226 omnino

2266 2247 2341 2304 de
2365 2248 2636 2320 catalogo
2655 2249 3006 2307 clericorum
3045 2267 3255 2308 carnes
3305 2255 3630 2313 comederit
3671 2259 3734 2313 in
3785 2275 3932 2316 san-

2269 2337 2447 2406 guine
2491 2338 2709 2394 animae
2773 2339 2982 2411 ipsius,
3028 2346 3132 2396 aut
3179 2347 3480 2415 captuma
3547 2344 3756 2413 bestia,
3830 2347 3932 2404 vel

2266 2427 2692 2494 morticinium,
2726 2428 3086 2501 deponatur.
3129 2433 3244 2487 Hoc
3294 2432 3453 2489 enim
3475 2433 3565 2490 lex
3625 2437 3930 2508 prohibet.

2270 2515 2326 2572 Si
2387 2532 2526 2571 vero
2600 2517 2790 2572 laicus
2854 2518 3050 2586 fuerit,
3115 2522 3728 2580 excommunicetur.»
3810 2527 3930 2583 Sed

2267 2609 2524 2669 constat,
2549 2605 2778 2675 dicunt,
2797 2607 2962 2679 quod
2997 2609 3183 2666 Latini
3224 2610 3629 2670 indifferenter
3674 2631 3932 2674 vescan-

2268 2698 2362 2750 tur
2390 2694 2844 2766 talibus.lgitur,
2882 2702 2993 2755 etc.

2343 2789 2484 2840 ltem
2539 2786 2954 2854 sexagesimus
3027 2793 3275 2861 quartus
3329 2790 3653 2863 praecipita
3716 2797 3932 2868 Neque

2267 2874 2404 2946 quis
2427 2874 2658 2945 jejunet
2679 2875 2926 2932 Sabbali
2945 2877 3060 2943 die,
3085 2877 3201 2934 nisi
3223 2878 3295 2934 sit
3315 2879 3516 2948 vigilia
3562 2883 3830 2939 Paschae.
3873 2886 3932 2942 Si

2268 2963 2404 3034 quis
2427 2963 2676 3020 clericus
2707 2965 2987 3021 inventus
3020 2965 3196 3024 fuerit
3239 2967 3401 3023 diem
3434 2970 3816 3028 Dominicum
3841 2974 3929 3044 je-

2199 3095 2241 3150 ϐ
2264 3052 2487 3121 junans
2517 3054 3002 3150 autSabbatum,
3031 3062 3244 3128 praeter
3276 3074 3465 3114 unum
3494 3059 3712 3129 solum,
3745 3062 3920 3134 depo-

2268 3145 2468 3196 natur.
2522 3142 2578 3198 Si
2634 3141 2823 3198 laicus
2890 3150 3001 3214 est,
3075 3147 3650 3204 excommunicetur.
3719 3169 3750 3202 ›
3808 3150 3928 3207 Sed

2271 3231 2459 3286 Latini
2489 3232 2607 3288 fere
2641 3234 2805 3289 omni
2852 3235 2946 3290 die
2981 3235 3224 3292 Sabbati
3254 3237 3558 3308 jejunant.
3597 3241 3764 3308 Ergo,
3801 3244 3922 3294 etc.

2339 3323 2481 3376 Item
2514 3321 2920 3393 octogesimus
2951 3323 3172 3381 clamat
3218 3326 3301 3381 sic
3336 3344 3348 3380 :
3389 3350 3409 3377 ‹
3465 3327 3794 3400 Episcopus
3824 3328 3932 3386 vel

2265 3407 2580 3481 presbyter
2608 3416 2713 3466 aut
2756 3410 3048 3468 diaconus
3080 3413 3302 3469 militiae
3331 3430 3582 3485 vacans,
3627 3421 3684 3472 et
3711 3415 3930 3472 volens

2267 3501 2592 3570 utrumque
2613 3503 2830 3571 tenere,
2855 3500 3076 3556 scilicet
3105 3502 3488 3560 mundanum
3513 3504 3927 3577 principatum

2269 3591 2325 3642 et
2354 3588 2788 3644 sacerdotalem
2818 3589 3145 3661 dioecesim,
3167 3591 3527 3664 deponatur.
3560 3615 3587 3643 »
3617 3597 3766 3650 Nam
3790 3612 3932 3668 quas

2270 3682 2407 3732 sunt
2435 3678 2702 3747 Caesaris,
2737 3680 2970 3749 Caesari,
3004 3685 3223 3752 etquae
3257 3683 3376 3746 Dei,
3430 3684 3569 3738 Deo.
3617 3683 3732 3739 Sed
3770 3699 3932 3756 pra:-

2269 3765 2371 3822 lati
2425 3767 2789 3836 Latinorum,
2845 3773 2900 3824 et
2929 3769 3107 3825 etiam
3140 3769 3268 3842 ipse
3295 3773 3474 3843 Papa,
3525 3773 3779 3829 assumit
3814 3773 3935 3830 sibi

2270 3854 2480 3911 talium
2511 3856 2848 3926 dignitates,
2883 3863 2940 3914 et
2968 3864 3260 3914 vocantur
3287 3860 3537 3933 quidam
3569 3863 3764 3933 duces,
3792 3863 3934 3936 qui-

2271 3943 2414 4000 dam
2436 3947 2692 4010 comites,
2715 3945 2964 4017 quidam
2985 3947 3164 4002 etiam
3187 3949 3582 4006 mare/nones.
3613 3953 3785 4021 Ergo,
3813 3956 3931 4008 etc.

2341 4038 2484 4089 Item
2515 4049 2714 4090 canon
2745 4036 2947 4090 tertius
2992 4036 3224 4092 consilii
3253 4037 3313 4092 in
3346 4041 3732 4097 Neocmsarea
3777 4041 3936 4098 cele-

2267 4123 2423 4180 brati
2457 4123 2712 4195 injungit
2742 4125 3153 4196 paenitentiam
3180 4126 3461 4196 bigamis.
3496 4131 3563 4185 Et
3586 4129 3776 4186 multo
3797 4147 3932 4189 ma-

2261 4213 2457 4284 jorem
2489 4213 2604 4282 his,
2633 4214 2737 4286 qui
2766 4215 2826 4268 in
2860 4213 3151 4285 trigamia,
3203 4220 3260 4272 et
3290 4215 3443 4274 ultra
3473 4218 3841 4288 ceciderunt,
3870 4227 3930 4277 et

2265 4301 2491 4358 indicat
2519 4301 2734 4358 beatus
2764 4302 3017 4359 Basilius
3048 4303 3159 4360 tale
3187 4305 3640 4363 matrimonium
3671 4307 3928 4366 fornica-

2262 4391 2512 4448 tionem.
2574 4390 2721 4447 Dicit
2759 4393 2921 4450 enim
2951 4393 3269 4449 concilium
3302 4412 3314 4450 :
3349 4417 3375 4444 ‹‹
3435 4398 3514 4452 De
3559 4396 3673 4465 his,
3719 4398 3830 4470 qui
3858 4398 3924 4456 in

2259 4479 2532 4552 pluribus
2607 4481 2809 4553 nuptis
2881 4481 3238 4539 ceciderunt.
3320 4484 3610 4556 Equidem
3673 4489 3923 4558 tempus

2256 4570 2620 4642 poenitentiae
2660 4570 3043 4626 manifestum
3093 4578 3200 4643 est,
3249 4573 3417 4642 quod
3454 4573 3770 4630 definitum
3804 4581 3921 4646 est,

2255 4651 2358 4714 sed
2384 4661 2757 4716 conversatio
2785 4676 2991 4715 eorum
3026 4665 3081 4716 et
3105 4661 3256 4717 fides
3277 4661 3591 4720 abbreviat
3613 4669 3918 4736 tempus.»

2326 4752 2466 4804 Item
2499 4748 2789 4822 septimus
2819 4765 3015 4805 canon
3046 4751 3129 4806 ait
3161 4767 3174 4804 :
3200 4773 3226 4800 «
3254 4751 3564 4823 Presbyter
3593 4753 3653 4809 in
3683 4755 3916 4827 nuptiis

2247 4835 2477 4910 bigami
2502 4853 2624 4893 non
2657 4839 2938 4894 comedat
2968 4856 2980 4893 :
3015 4839 3161 4912 quia
3190 4857 3328 4897 cum
3361 4841 3596 4898 veniam
3632 4847 3796 4915 petat
3821 4844 3917 4901 bi-

2247 4941 2482 4998 gamus,
2517 4927 2654 4999 quis
2683 4928 2791 4983 erit
2819 4927 2915 4984 ille
2947 4928 3277 5002 presbyter,
3313 4931 3407 4986 cui
3436 4937 3681 5004 propter
3711 4949 3915 4992 come-

2244 5017 2499 5072 stionem
2527 5023 2756 5089 quaerat
2785 5017 3068 5088 bigamus
3099 5020 3368 5076 confiteri
3392 5021 3419 5076 ?
3447 5043 3474 5071 »

2312 5105 2455 5162 item
2485 5107 2546 5162 in
2577 5107 2915 5163 canonibus
2939 5107 3098 5164 beati
3131 5109 3322 5165 Basilii
3361 5110 3435 5165 de
3467 5110 3683 5167 eodem
3714 5112 3911 5170 habe-

2238 5200 2333 5252 tur
2381 5197 2509 5253 sic:
2545 5197 2620 5251 de
2652 5197 2946 5267 trigamis,
3003 5201 3060 5253 et
3097 5198 3373 5270 pluribus
3424 5201 3652 5272 nuptiis
3708 5219 3908 5275 copu-

2235 5284 2390 5353 latis,
2451 5285 2736 5344 eumdem
2775 5287 3099 5345 deﬁnimus
3149 5303 3465 5357 canonem,
3509 5307 3690 5364 quem
3721 5297 3780 5351 et
3823 5295 3904 5352 de

531 5581 643 5655 (43)
683 5583 872 5640 Locus
904 5578 1174 5640 mutilus.
1209 5581 1380 5640 Forte
1407 5576 1918 5654 Carthaginiense,
1950 5581 2124 5655 cujus
2155 5578 2324 5656 apud
2353 5577 2777 5644 Balsamonem
2802 5587 3038 5644 exstant
3069 5598 3332 5645 canones
3368 5588 3489 5647 136.
