4132 6384
491 103 494 108 ,
541 97 558 102 ..
597 81 686 106 ἐ“τ.ῖ“

83 111 154 170 Ἑδ;⁴
203 131 236 148 -_
319 113 380 144 ..δ-ἰ..
409 103 602 151 .".'.-I‘..-‘.:‘h'
622 107 662 148 ἱ.
679 106 755 147 Λπιθν.
776 120 811 147 (δ’
828 112 851 133 κη’

105 151 164 168 .⁴·.’
197 149 274 174 ,τῆ-ἰ
376 154 393 167 ’i
425 147 480 164 “’ί¹-·
528 152 541 165 ι⁷
602 158 607 161 -
712 160 731 169 4
790 150 845 171 ιη·

138 216 213 237 ’⁷Ρξτ
256 216 345 233 ῐ¹⁶νή“
368 216 505 235 ›“κ“¹ν⁹’
610 216 617 229 δ
642 216 651 223 ⁸
706 218 721 229 ι’
780 226 795 233 η.

76 220 305 289 λ³ξίῖ³τλιηῶνί⁶⁷
298 236 373 281 Ϊι.
750 262 763 263 η

82 288 143 311 ,ην
330 300 335 307 ‹
400 290 419 297 -τ
456 287 495 311 τ’

82 306 265 355 Γίννῷἓήιιί
398 334 403 341 Ι
512 316 515 319 .
570 316 577 319 .

124 354 129 357 .
184 350 231 359 VJt
334 350 339 355 -
470 352 491 359 .-

610 430 617 431 κ
1587 369 1865 429 CONTRA
1905 369 2217 429 GRAECOS.
3510 373 3616 440 562

108 454 453 570 i'bﬁamis
504 497 1053 573 proportionaliter,
1101 513 1333 557 annum
1375 495 1627 573 quidem
1671 511 1850 569 super
1883 496 1929 550 A
2030 495 2175 553 Item
2204 512 2402 554 canon
2439 496 2983 572 quinquagesimus
3036 496 3342 556 secundus
3375 496 3616 570 septimi

82 576 103 647 Ϊ
173 589 447 660 bigamis
473 608 485 656 ;
515 588 615 645 alii
644 588 925 646 dixerunt
948 589 1123 646 duos.
1157 588 1417 656 Quidam
1457 587 1853 658 trigamos,et
1960 585 2213 653 concilii,
2242 586 2408 660 quod
2433 588 2659 644 factum
2699 586 2809 644 fuit
2852 588 2913 642 in
2961 586 3178 657 Trullo,
3223 586 3504 660 prohibet
3523 600 3615 640 ce-

126 678 362 748 ,nltra,
395 677 609 745 tribus,
643 681 702 735 et
728 681 991 751 quatuor
1010 678 1284 753 puniunt,
1309 677 1563 753 quidam
1602 677 1852 748 insuper
1958 673 2353 732 lebrationem
2373 677 2561 734 Missae
2600 678 2661 733 in
2697 676 3197 747 Quadragesima,
3220 675 3436 731 diebus
3472 674 3618 731 Sab-

180 766 722 826 excommunicant
750 782 880 826 eos.
916 787 945 817 »
1959 762 2114 819 batis
2140 768 2199 821 et
2215 765 2536 822 Dominicis
2566 767 2847 840 exceptis,
2878 766 3085 822 dicens
3118 782 3130 820 :
3162 786 3190 815 α
3217 766 3283 820 In
3326 763 3615 820 omnibus

218 855 409 913 :rltem
453 853 670 912 eodem
701 854 863 913 dicto
891 870 1124 913 canone
1154 872 1168 912 :
1203 878 1231 907 »
1265 858 1345 912 De
1375 854 1601 928 nuptiis
1631 852 1854 927 pluries
1960 851 2176 909 diebus
2199 854 2413 925 jejunii
2441 860 2663 912 sanctae
2693 854 3203 927 Quadragesimte,
3231 857 3445 926 prreter
3473 851 3617 909 Sab-

179 943 500 1002 celebratis
531 944 736 1002 Patres
791 946 1229 1016 conticuerunt,
1287 949 1585 1017 tanquam
1609 940 1856 1000 incenti—
1961 940 2174 999 batum
2222 948 2280 1001 et
2328 945 2722 1016 Dominicam,
2773 942 3380 1014 Annuntiationisque
3430 940 3615 1004 diem,

178 1050 342 1091 vum
365 1035 576 1101 essent,
636 1033 807 1107 quod
861 1038 919 1093 et
968 1035 1222 1092 omnino
1275 1036 1549 1093 alienum
1575 1049 1611 1090 a
1640 1045 1856 1102 genere
1960 1030 2069 1089 ﬁat
2087 1032 2160 1089 de
2180 1034 2697 1107 prresanctiﬁcatis
2728 1050 2902 1092 sacra
2942 1034 3132 1091 missa
3164 1052 3178 1102 ;
3212 1054 3239 1083 »
3290 1030 3396 1087 sed
3426 1029 3615 1087 Latini

183 1123 499 1180 humano:
525 1122 698 1180 nobis
726 1127 929 1181 autem
970 1124 1219 1181 evidens
1247 1129 1354 1192 est,
1399 1123 1568 1197 quod
1612 1121 1751 1195 plus
1782 1119 1857 1175 sit
1963 1124 2129 1179 omni
2156 1124 2251 1180 die
2288 1125 2351 1182 in
2400 1124 2880 1195 Quadragesima
2933 1123 3253 1194 celebrant,
3289 1126 3346 1178 et
3368 1119 3613 1193 ubique,

187 1228 378 1286 quam
397 1218 712 1286 peccatum
759 1213 1191 1272 fornicationis.
1252 1237 1274 1264 ι
1312 1214 1429 1270 Sed
1484 1211 1677 1270 Latini
1708 1208 1857 1266 cele-
1960 1212 2140 1269 etiam
2167 1213 2263 1270 bis
2311 1215 2375 1270 in
2417 1214 2532 1271 die.
2593 1218 2746 1285 Ergo
2785 1214 3012 1270 faciunt
3058 1217 3268 1269 contra
3324 1210 3611 1267 instituta.

181 1300 366 1357 brant
385 1299 535 1357 tales
557 1301 801 1374 nuptias
852 1302 980 1359 sine
1027 1302 1523 1375 contradictione.
1580 1303 1733 1371 Ergo
1763 1299 1850 1356 fa-
1960 1302 2112 1371 Ergo
2143 1303 2805 1361 suntcxcommunicati
2839 1307 2896 1360 et
2920 1299 3433 1360 anathematizati.

177 1391 350 1446 ciunt
402 1393 616 1447 contra
682 1390 956 1448 instituta
1013 1407 1344 1460 canonum,
1391 1395 1450 1448 et
1499 1395 1847 1447 sanctorum

175 1477 454 1535 Patrum.
504 1478 620 1536 Sed
673 1480 779 1552 qui
818 1480 958 1537 talia
1029 1488 1239 1552 agunt,
1280 1476 1849 1537 excommunicandi

177 1571 348 1625 sunt.
393 1570 572 1638 Ergo,
604 1571 715 1625 etc.
2029 1563 2147 1633 His,
2176 1569 2242 1621 ut
2262 1565 2489 1622 dictum
2515 1569 2622 1634 est,
2655 1563 3110 1623 auctoritatibus
3161 1560 3421 1618 Ecclesia
3446 1562 3607 1617 Grae-

132 1714 167 1737 εκ
202 1672 215 1691 π
248 1659 402 1712 ltem
434 1672 633 1713 canon
647 1656 936 1714 Timothei
968 1657 1241 1731 episcopi
1265 1657 1643 1714 Alexandriae
1664 1657 1842 1713 dicit:
1955 1669 2165 1710 corum
2196 1670 2259 1710 se
2289 1655 2569 1711 muniens
2594 1659 2651 1712 et
2674 1655 2912 1724 erigens
2957 1657 3166 1709 contra
3192 1651 3453 1707 Latinos.
3484 1665 3609 1706 non

136 1742 147 1753 ⁷
178 1762 209 1796 α
249 1744 433 1811 Quod
455 1744 736 1802 mulieres
767 1750 1155 1804 mansti-natae
1175 1762 1296 1803 non
1317 1746 1540 1803 debent
1561 1746 1846 1803 accedere
1956 1747 2154 1799 cessat
2179 1743 2397 1800 iisdem
2417 1744 2722 1811 insultare,
2756 1743 2987 1800 rabiem
3013 1739 3522 1815 praevaricationis
3553 1743 3612 1795 et

177 1834 257 1891 ad
280 1834 627 1904 ecclesiam,
657 1835 839 1892 etiam
872 1850 980 1908 pro
1009 1835 1313 1908 baptismo
1341 1835 1709 1908 recipiendo,
1739 1835 1843 1892 sed
1874 1851 1919 1904 Β
1958 1831 2357 1889 anathematis
2387 1833 2778 1906 imponendo.
2814 1835 2880 1888 Et
2903 1831 3038 1888 licet
3061 1836 3281 1887 nostrae
3313 1828 3611 1885 facultatis

177 1923 410 1981 debent
439 1923 741 1982 abstinere
770 1925 850 1981 ab
880 1926 1157 1996 ingressu
1206 1924 1491 1989 ecclesiae,
1525 1931 1582 1982 et
1610 1925 1848 1983 differre
1957 1927 2014 1980 et
2058 1924 2277 1995 ingenii
2307 1938 2430 1979 non
2460 1924 2553 1993 sit,
2581 1924 2659 1979 ad
2684 1922 2938 1994 singula,
2967 1924 3143 1995 prout
3189 1920 3495 1992 competit,
3524 1934 3612 1974 re-

180 2013 583 2086 baptismum,
610 2030 931 2088 quousque
953 2014 1363 2088 puriﬁeentur.
1398 2037 1426 2065 »
1958 2012 2805 2085 spondere:quaedamtamen
2826 2012 3128 2081 lectorem,
3140 2008 3608 2081 jurisignarum,

202 2106 406 2160 '-ltcm
427 2102 816 2160 Laodicensis
833 2105 1066 2160 concilii
1098 2120 1291 2160 canon
1336 2104 1847 2177 quadragesimus
1956 2103 2287 2159 cautiorem
2316 2102 2510 2158 facere
2539 2106 2815 2174 possunt,
2872 2100 3025 2156 sicut
3075 2114 3400 2179 possumus
3441 2112 3610 2152 com-

185 2195 444 2265 quartus
501 2192 786 2265 prohibet
830 2208 906 2249 ne
952 2193 1233 2250 mulieres
1284 2198 1516 2266 partem
1565 2193 1729 2250 illam
1751 2194 1851 2251 ali-
1956 2190 2307 2265 pendiosius
2347 2206 2455 2264 pro
2486 2196 2654 2263 parte
2675 2190 3041 2257 Latinorum,
3074 2191 3190 2245 Deo
3222 2191 3486 2257 auctore,
3508 2187 3613 2243 ob-

183 2282 501 2354 quomodo
531 2282 821 2354 ecclesiae,
881 2298 1069 2356 quam
1126 2298 1238 2340 nos
1285 2283 1538 2339 chorum
1569 2283 1848 2355 dicimus,
1956 2280 2262 2338 viabimus
2292 2280 2669 2355 supradictis.

184 2369 423 2427 intrent.
509 2373 657 2428 Item
700 2388 897 2428 canon
943 2372 1215 2444 ejusdem
1268 2371 1503 2428 concilii
1556 2373 1850 2444 septimus
2032 2371 2560 2444 Respondentibus
2585 2368 3303 2443 igiturprimis,generali
3325 2367 3508 2424 modo
3529 2365 3617 2423 lo—

187 2458 485 2531 prohibet,
518 2475 595 2516 ne
621 2460 759 2534 quis
800 2460 1320 2533 presbyterorum,
1367 2465 1473 2517 aut
1530 2462 1851 2534 episcopus
1958 2461 2205 2535 quendi,
2253 2460 2552 2517 dicimus:
2602 2462 2772 2533 quod
2820 2458 3018 2516 omnis
3067 2459 3381 2530 scriptura,
3430 2472 3616 2529 quam

182 2547 396 2604 offerat
447 2549 813 2605 sacriﬁcium
844 2550 904 2605 in
962 2549 1168 2622 aliqua
1214 2549 1421 2617 domo,
1480 2550 1599 2606 nisi
1629 2550 1734 2606 ubi
1765 2553 1853 2607 est
1960 2553 2197 2607 Graecus
2221 2564 2332 2622 pro
2359 2565 2426 2605 so
2451 2555 2661 2606 contra
2693 2549 2988 2618 Latinum,
3016 2552 3234 2620 praeter
3264 2551 3489 2602 textum
3529 2546 3616 2600 Bi-

181 2636 453 2695 ecclesia.
489 2640 632 2705 Quae
659 2643 897 2705 cuncta,
946 2638 1203 2712 qualiter
1230 2638 1291 2695 in
1325 2638 1586 2694 Ecclesia
1618 2640 1851 2695 Latino-
1958 2637 2118 2709 hliae,
2152 2637 2417 2702 adducit,
2470 2642 2751 2709 suspecta
2776 2641 2865 2693 est
2894 2641 2952 2692 et
2979 2651 3109 2691 esse
3152 2634 3333 2691 debet
3380 2633 3621 2689 cuilibet

180 2738 319 2780 rum
351 2730 667 2782 serventur
695 2732 749 2782 et
791 2741 829 2782 a
854 2726 1018 2795 viris,
1064 2732 1120 2783 et
1146 2742 1184 2783 a
1213 2726 1470 2793 feminis,
1500 2727 1718 2793 omnis,
1747 2727 1854 2800 qui
1959 2727 2089 2782 viro
2116 2726 2389 2798 sapienti,
2417 2742 2489 2781 eo
2505 2725 2673 2799 quod
2696 2725 2775 2782 ab
2795 2725 2962 2781 initio
2994 2725 3294 2780 nascentis
3325 2722 3616 2794 Ecclesiae,

180 2815 397 2872 oculos
422 2816 628 2885 habet,
656 2817 860 2873 videre
892 2820 1105 2889 potest.
1960 2819 2197 2872 tantum
2247 2814 2509 2870 exercuit
2567 2815 2653 2886 [se
2704 2814 2984 2888 exseruit]
3013 2828 3364 2886 perversum
3393 2811 3622 2881 dogma

254 2907 413 2962 Item
442 2904 896 2979 tertius‘eanon
941 2905 1195 2963 secundi
1245 2906 1482 2962 concilii
1533 2906 1615 2963 ita
1672 2906 1852 2980 dicit;
1962 2905 2379 2961 haereticorum
2407 2904 2466 2959 in
2501 2908 2676 2974 gente
2705 2904 3011 2977 praedicta,
3044 2901 3213 2976 quod
3260 2917 3469 2957 eorum
3502 2905 3620 2956 stu-

185 3014 215 3043 ‹‹
246 2984 979 3067 Constantmopclitanum
1002 2996 1362 3068 episcopum
1382 2995 1608 3052 habere
1627 3012 1856 3068 praero-
1962 2993 2132 3049 dium
2163 2997 2219 3048 et
2237 2992 2485 3049 intentio
2504 2993 2629 3063 fuit,
2662 3008 2901 3065 semper
2929 2992 3089 3048 dicta
3112 2993 3459 3047 sanctorum
3476 3004 3621 3045 vera

187 3081 471 3151 gativam
518 3082 756 3142 honoris
814 3091 951 3158 post
1001 3088 1344 3142 Romanum
1402 3086 1781 3158 episcopum,
1824 3109 1852 3139 «
1963 3083 2350 3154 removendo,
2378 3088 2481 3139 aut
2508 3082 2661 3140 falsa
2686 3081 3031 3153 inserendo,
3078 3095 3484 3152 corrumpere,
3511 3078 3616 3136 de-

191 3169 429 3265 supple,
469 3171 874 3231 decrevimus:
905 3189 975 3232 eo
1001 3175 1167 3249 quod
1190 3175 1324 3247 ipsa
1353 3177 1427 3231 sit
1453 3190 1615 3231 nova
1637 3177 1848 3232 Roma.
1893 3209 1933 3265 ϐ
1964 3178 2210 3242 struere,
2269 3177 2326 3228 et
2369 3172 2718 3240 dilacerare,
2770 3173 3031 3228 Probant
3074 3172 3189 3227 hoc
3239 3169 3513 3235 concilia,
3551 3174 3622 3265 et

185 3259 293 3314 Cui
332 3262 612 3319 convenit
639 3264 962 3321 vicesimus
999 3269 1251 3321 octavus
1295 3280 1493 3321 canon
1525 3264 1849 3321 Chalcedo-
1901 3259 1930 3265 ⁷
1960 3264 2225 3319 maxime
2251 3278 2477 3329 unum;
2512 3261 2615 3318 ubi
2641 3279 2713 3317 ex
2743 3267 2912 3334 parte
2970 3260 3515 3329 Monothelitarum,
3551 3259 3620 3314 li-

184 3349 393 3404 nensis
424 3352 678 3424 concilii,
712 3354 817 3426 qui
862 3355 947 3411 sic
991 3353 1232 3409 deﬁnit:
1281 3375 1309 3404 »
1356 3353 1585 3427 Ubique
1613 3359 1848 3411 sancto-
1957 3352 2080 3409 bris
2112 3353 2406 3425 corruptis
2450 3353 2511 3408 in
2571 3351 2840 3407 medium
2894 3350 3164 3423 prolatis,
3220 3348 3619 3422 imponebant

180 3452 317 3494 rum
341 3442 583 3513 Patrum
615 3441 993 3499 deﬁnitiones
1046 3447 1389 3516 sequentes,
1436 3449 1492 3498 et
1520 3458 1844 3511 canonem,
1954 3442 2135 3499 beato
2155 3458 2332 3515 papae
2364 3441 2594 3512 Vigilio,
2620 3441 2786 3511 quod
2809 3440 3112 3509 quosdam
3141 3438 3615 3497 anathematiza-

180 3528 286 3599 qui
320 3544 517 3601 nuper
562 3531 753 3588 lectus
801 3537 909 3602 est,
958 3537 1200 3589 centum
1252 3532 1695 3605 quinquaginta
1743 3533 1846 3590 Dei
1954 3532 2245 3603 veratqui
2268 3547 2388 3587 non
2412 3531 2856 3587 confitebantur
2881 3529 3035 3585 duas
3059 3534 3326 3594 naturas,
3353 3531 3612 3583 etunam

184 3618 739 3677 amantissimorum
769 3622 1196 3695 episcoporum
1229 3621 1367 3688 {sub
1388 3621 1503 3693 piae
1536 3623 1843 3678 memoriis
1952 3621 2321 3678 voluntatem
2342 3625 2399 3676 et
2426 3619 2837 3692 operationem
2882 3618 3064 3674 fuisse
3107 3619 3170 3673 in
3201 3617 3447 3673 Christo.
3482 3617 3610 3672 Imo

184 3706 512 3764 Theodosio
543 3711 777 3779 Magno,
831 3711 938 3783 qui
982 3710 1091 3766 fuit
1136 3711 1482 3781 imperator,
1540 3709 1600 3765 in
1657 3711 1845 3781 regali
1950 3710 2033 3766 ita
2056 3709 2165 3766 fuit
2190 3715 2246 3766 et
2273 3714 2361 3766 est
2389 3709 2682 3766 familiare
2732 3708 2948 3765 Graecis
2989 3713 3046 3763 et
3096 3707 3431 3779 proprium,
3461 3706 3607 3761 Scri-

181 3796 700 3870 Constantinopoli
750 3799 918 3867 urbe,
980 3815 1141 3856 nova
1194 3800 1427 3871 Roma),
1480 3813 1844 3868 cognoscen-
1949 3794 3605 3871 pturassacrascorrumperemuodadcompescendam

183 3888 291 3947 tes,
318 3906 347 3933 ν
393 3888 687 3945 eumdem
716 3895 774 3946 et
799 3904 911 3945 nos
939 3889 1264 3946 deﬁnimus
1302 3895 1361 3945 et
1414 3890 1735 3945 statuimus
1765 3890 1840 3946 de
1948 3889 2295 3959 hujusmodi
2317 3888 2611 3943 insaniam
2640 3888 2831 3942 sancti
2846 3891 3045 3942 Patres
3061 3885 3176 3941 sub
3199 3884 3603 3941 anathematis

176 3976 595 4045 praerogativis
621 3978 1016 4035 sanctissimae
1063 3978 1341 4048 ejusdem
1384 3978 1661 4034 Ecclesiae
1693 3980 1839 4035 Con-
1947 3977 2323 4033 attestatione
2354 3977 2467 4032 hoc
2488 3976 2549 4031 in
2577 3976 2698 4030 suis
2729 3975 2855 4031 ﬁeri
2876 3975 3331 4048 prohibuerunt,
3367 3978 3601 4029 utentes

182 4066 320 4118 stan
334 4062 676 4137 tinopoleos,
705 4084 878 4124 novre
911 4071 1130 4125 Romae.
1187 4066 1417 4123 Etenim
1446 4068 1660 4123 throno
1692 4069 1839 4124 anti-
1945 4066 2144 4122 verbis
2173 4065 2568 4139 Apocalypsis
2613 4067 2660 4100 ³⁸
2718 4081 2856 4121 cum
2905 4065 3007 4121 tali
3039 4062 3380 4119 additione:
3417 4085 3445 4112 ‹‹
3472 4062 3601 4127 Qui-

174 4152 413 4224 quioris
435 4156 748 4225 Romae,eo
770 4156 934 4229 quod
959 4161 1237 4227 regnaret
1260 4155 1361 4213 illa
1377 4156 1604 4227 civitas,
1636 4160 1834 4213 Patres
1945 4171 2183 4229 cunque
2213 4154 2693 4229 apposuerithis,
2724 4154 2816 4209 vel
2846 4152 3193 4209 diminuerit
3221 4169 3232 4206 :
3270 4155 3316 4208 si
3345 4151 3596 4208 clericus

174 4256 443 4314 congrue
468 4249 526 4300 et
549 4245 830 4303 decenter
856 4245 1233 4303 tradiderunt
1284 4249 1429 4301 tunc
1462 4245 1835 4318 primitivum
1943 4249 2052 4311 est,
2086 4245 2443 4318 deponatur;
2477 4244 2523 4300 si
2549 4243 2760 4313 laicus,
2792 4241 3368 4309 excommunicetur,
3404 4262 3432 4290 ››
3461 4246 3596 4309 etc.,

171 4329 426 4387 honoris
461 4349 477 4387 :
523 4340 581 4389 et
608 4335 822 4391 eodem
868 4338 1145 4408 respectu
1190 4334 1359 4399 moti,
1390 4339 1632 4390 centum
1661 4336 1834 4407 quin-
1942 4338 2009 4390 ut
2036 4349 2220 4406 supra
2254 4333 2502 4389 fecimus
2532 4335 2921 4388 mentionem.
2955 4335 3021 4388 Et
3052 4336 3117 4388 ut
3147 4332 3345 4387 omnis
3377 4331 3473 4386 via
3489 4331 3597 4386 eis-

168 4420 470 4492 quaginta
490 4423 592 4478 Dei
621 4424 1018 4480 amantissimi
1039 4424 1328 4497 episcopi,
1358 4422 1655 4496 aequalem
1681 4440 1833 4496 prae-
1941 4422 2080 4478 dem
2111 4422 2398 4478 haereticis
2447 4419 2935 4490 prmelhderctur,
2966 4421 3399 4477 ordinaverunt
3428 4420 3596 4475 insu-

162 4509 514 4578 rogativam
533 4512 778 4569 honoris
808 4513 1206 4569 attribuerunt
1228 4513 1407 4569 etiam
1434 4512 1831 4570 sanctissimae
1865 4566 1905 4587 η
1939 4528 2066 4587 per,
2085 4517 2151 4569 ut
2174 4514 2576 4569 communiter
2606 4509 3409 4583 dicitur,utlibri,praecipuo
3427 4525 3596 4566 sanc-

161 4613 349 4655 novae
416 4602 622 4658 Romae
652 4619 665 4671 ;
695 4607 753 4658 et
771 4609 836 4659 ut
862 4602 924 4659 in
981 4601 1399 4658 ecclesiasticis
1450 4601 1652 4668 rebus,
1682 4602 1832 4660 sicut
1863 4566 1907 4620 Β
1940 4607 2139 4659 torum
2167 4603 2580 4669 conciliorum,
2606 4603 2665 4657 in
2696 4602 2919 4657 chartis
2957 4600 3343 4673 bombycinis
3376 4600 3597 4656 scribe-

2014 1437 2333 1506 Responsio
2349 1439 2704 1494 Latinorum
2718 1438 2798 1495 ad
2814 1437 3204 1495 auctoritates
3225 1449 3545 1492 canonum.

157 4691 784 4762 ipsa,magniticetur,
809 4691 1077 4749 secunda
1096 4691 1441 4765 pos‘tipsam
1465 4691 1775 4747 exsistens.
1940 4698 2167 4758 rentur,
2195 4706 2266 4746 eo
2314 4690 2557 4756 scilicet,
2614 4690 2782 4763 quod
2829 4706 3103 4747 rasuram
3152 4705 3275 4746 non
3308 4690 3600 4747 sustineat

240 4776 373 4834 Hoc
391 4779 552 4836 idem
606 4781 818 4838 definit
861 4786 1030 4838 sexta
1087 4779 1378 4853 synodus.
1411 4779 1524 4836 Sed
1576 4780 1683 4836 etsi
1707 4795 1833 4837 non
1940 4779 2123 4852 hujus
2156 4780 2599 4852 pergameni(f.
2633 4779 2785 4835 sicut
2804 4779 3219 4852 pergamena).

155 4868 457 4925 eamdem
480 4876 834 4943 potestatem
852 4870 1390 4943 habetpatriarcha
1417 4869 1832 4927 Constantino-
2015 4873 2230 4927 Contra
2251 4884 2516 4925 canones
2566 4884 2709 4926 vero
2756 4868 3176 4942 apostolorum
3227 4873 3285 4925 et
3312 4868 3593 4935 aliorum,

154 4957 507 5032 politanus,
529 4976 716 5032 quam
737 4961 922 5017 habet
945 4975 1128 5034 papa,
1150 4947 1385 5016 constat
1402 4959 1566 5031 quod
1598 4975 1710 5032 par
1747 4961 1836 5015 est
1943 4959 2046 5033 qui
2065 4957 2242 5015 nobis
2270 4958 2487 5030 objecti
2510 4962 2671 5027 sunt,
2704 4957 3016 5030 multiplex
3042 4959 3151 5015 erit
3180 4957 3518 5031 responsio,
3541 4961 3600 5014 et

154 5055 222 5106 et
253 5048 476 5104 similis
501 5050 560 5104 in
592 5053 906 5123 potestate.
940 5050 1055 5107 Sed
1103 5065 1214 5122 par
1242 5049 1304 5105 in
1334 5064 1545 5121 parem
1575 5064 1697 5106 non
1727 5049 1835 5105 ha-
1941 5048 2342 5106 diversimode
2372 5048 2972 5122 possuntadversarii
3001 5048 3316 5104 confutari.
3351 5049 3602 5104 Constat

152 5138 272 5195 bet
297 5138 647 5211 imperium.
675 5139 840 5197 Unde
868 5155 1013 5210 ergo
1043 5138 1096 5196 ei
1121 5142 1287 5195 tanta
1310 5140 1729 5211 praesumptio,
1768 5142 1837 5195 ut
1943 5140 2124 5211 enim,
2159 5138 2311 5195 sicut
2353 5139 2466 5211 ipsi
2499 5138 2726 5207 dicunt,
2786 5152 3073 5197 canones.
3107 5141 3253 5210 quot
3308 5137 3598 5210 apostolis

157 5228 338 5285 dicat
355 5244 422 5282 se
449 5228 784 5302 principem
802 5244 983 5303 super
998 5244 1241 5285 omnem
1260 5233 1480 5284 terram
1501 5228 1529 5284 ‘I
1551 5232 1609 5284 et
1630 5229 1835 5298 etiam,
1943 5229 2370 5298 inscribuntur,
2401 5228 2477 5285 de
2508 5230 2714 5285 Latino
2739 5229 2801 5284 in
2858 5228 3128 5284 Grrecum
3150 5243 3186 5284 a
3234 5226 3411 5284 beato
3433 5243 3602 5301 papa

157 5317 340 5393 quod
371 5318 535 5374 dicta
566 5318 738 5375 sedes
779 5334 955 5376 novae
1007 5322 1209 5375 Romae
1268 5317 1512 5373 subdita
1546 5317 1623 5374 sit
1666 5317 1778 5374 sibi
1808 5319 1837 5374 ?
1947 5319 2241 5376 Clemente
2261 5318 2449 5375 fuisse
2474 5317 2816 5376 translatos.
2845 5316 3188 5386 Cumigitur
3208 5318 3409 5375 omnis
3438 5334 3602 5390 aqua

162 5410 298 5465 Hoc
317 5406 469 5466 nihil
495 5411 603 5472 est.
628 5408 742 5464 nisi
769 5407 1057 5464 invadere
1078 5406 1250 5464 sedes
1299 5406 1548 5464 alienas.
1588 5406 1703 5464 Sed
1729 5407 1836 5480 qui
1945 5410 2138 5467 ﬂuens
2188 5408 2254 5465 in'
2309 5408 2472 5466 fonte
2513 5414 2571 5466 et
2598 5408 2826 5478 origine
2888 5407 3216 5466 naturalior
3271 5413 3332 5466 et
3379 5409 3599 5470 verior.

164 5499 291 5556 hoc
311 5500 525 5569 agunt,
550 5497 876 5555 anathema
905 5500 1062 5553 sunt.
1094 5497 1264 5567 Ergo,
1293 5501 1405 5553 etc.
1946 5515 2133 5572 quam
2162 5499 2224 5556 in
2249 5498 2477 5569 rivulis,
2506 5497 2610 5573 qui
2638 5497 2977 5572 procedunt
3007 5496 3088 5556 ab
3118 5514 3209 5572 eo,
3238 5498 3601 5571 inveniatur,

247 5712 299 5748 ⁸⁸
326 5714 520 5787 Apoc.
544 5726 668 5780 xxx,
698 5715 729 5767 7
753 5726 921 5785 seqq.
