2066 3188
263 204 313 233 563

839 209 1082 240 PANTALEONIS
1101 198 1243 243 DIACONI
1262 216 1315 244 ΟΡ.

1923 216 1980 244 564

263 267 497 303 supponendum
513 271 541 296 et
552 269 736 308 credendum
753 275 806 308 est,
821 273 948 309 quodin
963 273 1091 303 Ecclesia
1106 283 1129 309 Α
1145 276 1246 311 legum
1263 262 1408 307 Dominus
1418 286 1471 314 pro
1491 260 1634 307 varietate
1656 265 1828 314 temporum
1854 277 1981 307 diversa

263 311 378 344 Latina,
395 312 534 349 aquibus
548 316 695 351 tauquam
710 324 727 344 a
742 316 823 345 fonte
837 317 925 346 rivuli
937 326 1091 354 processe—

262 358 343 389 runt,
355 357 426 385 dicti
438 365 568 386 canones
582 360 711 388 veriores
720 363 748 389 et
759 362 894 397 puriores
903 365 982 398 sunt,
996 371 1090 399 quam

263 400 294 428 in
304 400 434 429 Ecclesia
443 403 613 431 Graecorum
625 413 630 431 :
644 405 808 440 praesertim
820 414 889 433 cum
901 414 953 442 per
963 415 1015 435 ora
1027 408 1091 443 plu-

263 444 341 472 rium
356 444 563 474 haereticorum
581 450 610 475 et
624 448 896 484 schismaticorum,
913 458 931 478 a
955 451 1092 479 trecentis

264 489 417 523 octoginta
432 491 530 523 annis,
543 494 571 518 et
582 491 655 520 citra
667 494 867 521 transierunt:
887 495 969 530 quod
982 495 1091 524 multas

264 532 338 560 alias
355 533 432 561 soliti
444 538 512 562 sunt
524 544 716 572 corrumpere
727 538 902 573 scripturas.
912 539 968 567 Sed
979 548 1047 567 cum
1062 540 1091 567 in

264 578 399 606 Ecclesia
408 578 543 607 Romana
552 581 650 616 plures
658 590 693 609 ex
701 582 753 615 eis,
760 584 872 610 etmaxi
879 592 934 617 me,
943 585 992 620 qui
1002 585 1092 613 modo

265 622 373 649 Latinis
387 622 495 658 objecti
507 627 584 659 sunt,
599 625 721 653 minime
731 626 926 661 reperiantur,
949 629 1091 665 sequitur,

263 666 346 701 quod
363 670 412 694 aut
426 669 610 703 superadditi
629 673 698 696 sunt
712 670 750 697 ab
768 671 824 697 eis:
843 680 909 698 cum
927 673 963 699 sit
978 673 1093 700 verissi-

262 717 358 740 mum,
371 712 450 746 quod
462 712 498 739 de
510 713 612 740 Latino
622 714 650 740 iu
661 715 795 741 Gl'tBClllH
805 715 1092 753 fueruntassumpti,

299 754 355 782 Sed
370 757 393 782 si
409 764 513 783 verum
530 760 584 791 est,
602 760 684 793 quod
701 759 759 786 sint
773 759 830 786 ficti
855 760 893 787 ab
909 761 1055 789 luereticis
1067 766 1093 788 et

263 799 472 834 schismaticis,
488 804 516 829 et
531 802 595 829 aliis
609 803 777 831 canouibus
805 805 883 832 veris
908 806 1018 839 inserti,
1035 815 1094 833 me-

261 842 317 871 rito
330 846 359 871 et
372 844 487 880 absque
502 847 667 881 quaestione
686 847 787 883 aliqua
813 852 882 876 sunt
896 851 1088 886 repudiandi.

263 887 292 915 Si
302 895 373 915 vero
386 889 425 916 ab
436 889 549 925 aliquo,
560 891 715 919 nescimus
724 900 797 928 quo,
809 893 898 920 talem
912 894 1091 930 scripturam

261 932 393 967 suscepit
416 935 444 960 et
459 934 553 962 tenuit
576 935 701 963 Ecclesia
740 938 921 972 Grmcorum,
951 938 1089 972 dicimus,

260 976 343 1011 quod
356 976 385 1003 in
402 978 502 1005 Grmca
517 980 690 1007 auctoritate
702 981 961 1018 iguoraturipsius
972 986 1088 1015 veritas,
1107 971 1126 997 Β

261 1023 288 1047 et
316 1020 391 1048 inter
415 1023 589 1058 apocrypha
617 1027 645 1051 et
668 1024 762 1052 dubia
778 1028 848 1053 sunt
868 1027 1088 1062 computanda:

261 1066 437 1101 apocrypha
453 1070 554 1095 autem
572 1069 700 1096 Ecclesia
714 1070 816 1103 nescit,
835 1070 884 1098 ubi
900 1072 1029 1099 maxime
1040 1081 1089 1099 eo-

259 1116 327 1137 rum
345 1110 461 1138 silentio
477 1113 591 1140 veritati
605 1114 722 1149 penitus
752 1115 936 1142 convincitur
957 1116 1089 1144 obviare.

261 1153 336 1186 Quid
345 1162 416 1189 ergo
428 1156 495 1184 est?
507 1156 567 1184 Nos
578 1166 649 1185 sane
674 1158 802 1194 primam
816 1162 931 1194 partem
943 1161 1033 1195 hujus
1045 1170 1090 1188 ar—

260 1200 495 1233 gumentationis
511 1201 663 1236 eligentes,
686 1202 817 1231 dicimus
842 1212 909 1231 cum
922 1206 1089 1240 exp0sitore

260 1251 424 1276 canonum,
440 1252 471 1272 re
487 1249 514 1273 et
527 1247 648 1274 nomine
662 1248 793 1275 maxime
809 1249 884 1275 inter
900 1250 1016 1277 (Euneos
1033 1250 1089 1286 (44)

259 1287 343 1324 quod
365 1289 493 1325 Photius,
519 1291 566 1318 vel
595 1291 740 1319 Photinus
779 1293 958 1329 patriarcha,
987 1298 1090 1322 auctor

261 1332 444 1368 schismatis,
471 1336 523 1370 qui
547 1336 643 1364 multa
657 1337 694 1364 de
721 1338 810 1364 corde
827 1346 882 1364 suo
909 1339 972 1366 iixit
986 1342 1090 1367 contra

261 1375 392 1411 Latinos,
407 1378 515 1406 dubios
532 1388 673 1413 canones,
687 1383 713 1408 et
741 1381 842 1416 plures
853 1382 928 1409 alios
941 1383 1089 1418 apostolo-

260 1429 327 1448 rum
342 1423 522 1456 canonibus,
537 1428 565 1452 et
578 1425 705 1453 aliorum
720 1429 893 1454 sanctorum
910 1429 1031 1455 Patrum
1048 1428 1091 1455 in-

260 1467 406 1499 terseruit,
423 1470 451 1495 et
462 1468 491 1495 in
506 1468 606 1496 multis
617 1469 690 1497 locis
703 1470 799 1498 libens
812 1471 966 1498 Veritatem
983 1472 1090 1499 conde»

258 1511 384 1539 mnavit.

295 1553 436 1583 Secundo
450 1557 488 1584 ad
502 1557 582 1585 idem
599 1557 737 1591 dicimus,
770 1559 853 1594 quod
870 1559 949 1587 beati
962 1561 1090 1595 apostoli

257 1600 287 1626 et
302 1600 396 1627 sancti
413 1601 512 1628 Patres
528 1602 617 1629 etiam
632 1602 790 1638 complura
816 1603 996 1631 deﬁnierunt
1007 1608 1033 1632 et
1047 1613 1091 1632 or-

257 1641 440 1679 dinaverunt
453 1645 482 1672 in
500 1646 638 1681 Ecclesia,
655 1655 710 1683 pro
726 1648 813 1675 variis
827 1648 925 1675 causis
952 1651 979 1675 et
1004 1658 1090 1677 even»
1108 1648 1126 1673 (Ι

258 1685 350 1720 tibus,
367 1687 503 1717 locorum
518 1690 659 1718 nimirum
674 1694 701 1719 et
717 1694 899 1727 temporum,
917 1694 1006 1721 etiam
1021 1701 1091 1729 per—

257 1738 412 1766 sonarum,
423 1734 535 1769 quibus
548 1735 651 1770 procul
662 1736 755 1763 dubio
764 1736 862 1763 causis
870 1737 905 1764 de
915 1737 1015 1764 medio
1023 1738 1079 1765 sub

255 1774 333 1807 latis,
351 1785 455 1806 eorum
472 1779 606 1807 similiter
619 1781 740 1808 effectus
755 1781 869 1813 debuit,
898 1785 925 1809 et
940 1781 1032 1810 debet
1046 1781 1092 1822 ra:

258 1820 438 1850 tionabiliter
465 1827 492 1851 et
521 1824 585 1852 sine
628 1833 720 1853 causa
748 1827 903 1854 removeri.
940 1827 1012 1854 Hinc
1037 1820 1091 1869 est:

256 1866 338 1900 quod
351 1867 501 1896 interdum
518 1870 623 1905 rigida,
634 1870 782 1898 interdum
795 1871 920 1899 remissa
931 1866 1090 1907 imperant;

258 1909 446 1947 Quandoque
461 1913 548 1941 etiam
559 1915 587 1941 in
599 1914 644 1941 his
656 1922 722 1950 quae
736 1919 805 1941 sunt
816 1915 877 1941 suis
902 1915 1091 1950 praedicatio-

256 1954 347 1983 nibus
363 1958 521 1991 contraria,
541 1959 733 1986 inveniuntur
743 1959 947 1994 dispensasse.
961 1960 1090 1987 Probant

255 1998 314 2027 hoc
330 2004 416 2028 actus
438 2003 613 2030 eorumdem
642 2003 859 2039 apostolorum),
890 2003 941 2030 ubi
957 2004 993 2031 de
1020 2012 1089 2031 con-

257 2052 350 2072 sensu
367 2047 503 2074 unanimi
528 2055 627 2083 pauca
637 2048 790 2084 qumdam,
807 2047 860 2075 sed
877 2050 975 2075 tamen
988 2049 1089 2083 gravia

258 2089 399 2122 gentibus
412 2090 611 2126 imponentes,
643 2092 756 2119 scilicet
771 2092 923 2119 abstinere
947 2093 984 2119 ab
1002 2094 1089 2121 idolis

256 2133 430 2167 immolatis,
438 2138 464 2162 et
472 2136 782 2170 snnguiuesu/I'ncalo,
796 2138 823 2163 et
835 2136 1087 2171 fornicatione”;

259 2176 401 2212 quaedam
433 2179 630 2214 postmodum
643 2180 752 2207 Paulus
761 2180 866 2208 doctor
877 2182 1022 2216 gentium,
1036 2183 1087 2218 qui

256 2221 363 2249 eodem
380 2222 483 2258 spiritu
500 2224 606 2259 plenus
623 2228 694 2257 erat,
709 2228 739 2251 ut
753 2225 827 2252 infra
856 2225 980 2259 dicitur,
1010 2227 1088 2254 salu~

255 2264 346 2293 briter
361 2268 520 2295 revocavit.
542 2268 621 2296 ldem
637 2270 724 2296 etiam
754 2270 923 2305 Apostolus,
941 2279 995 2306 pro
1015 2274 1087 2299 tem-

1145 321 1225 348 visus
1234 325 1278 350 est
1288 322 1436 358 imperare
1447 322 1602 358 apostolis,
1614 330 1684 350 cum
1694 322 1805 350 scilicet
1815 331 1867 350 eos
1883 322 1981 363 modo

1146 373 1215 393 cum
1231 366 1320 394 unica
1336 367 1446 400 tunica,
1460 369 1489 394 et
1504 367 1567 394 sine
1582 366 1729 402 sandalis,
1741 369 1770 394 et
1790 367 1908 403 alisque
1918 367 1980 401 ba-

1146 409 1223 445 culo,
1235 409 1327 438 modo
1337 419 1406 438 cum
1415 411 1547 446 duabus,
1559 413 1587 438 et
1595 410 1743 439 calceatos
1755 410 1842 439 mittit
1850 411 1889 439 ad
1902 419 1981 447 prae-

1146 452 1322 482 dicandum.
1607 490 1609 492 η

1183 499 1213 525 ln
1224 498 1448 527 deﬁnitionibus
1463 507 1586 536 quoque
1604 501 1734 535 Patrum,
1745 500 1820 528 sicut
1829 500 1979 533 diximus,

1147 542 1448 576 multainveniuntur,
1461 552 1528 579 quae
1538 544 1594 571 hoc
1603 544 1683 572 idem
1693 545 1822 576 probant
1830 543 1980 581 similiter,

1147 587 1205 614 hoc
1220 590 1272 620 est,
1289 588 1429 624 quaedam
1448 596 1501 623 pro
1516 592 1658 624 tempore,
1673 593 1700 616 et
1715 588 1754 616 ad
1781 592 1901 626 tempus
1917 591 1968 627 sta

1148 634 1211 658 tuta
1226 632 1325 663 fuisse,
1342 633 1445 659 Dicunt
1461 633 1539 660 enim
1551 633 1581 660 in
1597 632 1780 668 quibusdam
1796 633 1857 660 suis
1871 632 1981 670 deﬁni-

1148 676 1290 711 tionibus,
1300 682 1387 712 prout
1398 678 1566 704 tlriecorum
1581 678 1709 713 probant
1718 677 1981 714 exemplariumtali

1149 721 1261 748 modo:
1282 722 1308 749 Si
1322 722 1389 758 quis
1407 730 1511 749 carnes
1536 722 1675 750 t-tcanles
1697 723 1726 750 iu
1742 722 1790 750 die
1821 722 1980 759 Dominico

1149 774 1208 792 non
1221 767 1392 795 comederit.
1405 768 1426 793 si
1440 767 1563 793 clericus
1574 771 1627 795 est.
1652 767 1822 802 deponatur
1834 777 1840 801 ;
1850 767 1873 794 si
1883 766 1982 803 laicus

1149 814 1202 842 est,
1228 812 1516 839 excotnuiunicetur.
1538 813 1570 839 Et
1594 814 1716 839 iterum:
1747 812 1774 840 Si
1802 812 1879 848 quis,
1894 811 1981 849 diem

1149 855 1335 883 Dominicum
1353 856 1488 890 jejunarc
1513 856 1652 884 inventus
1676 856 1771 887 fuerit,
1798 856 1842 884 vel
1863 855 1980 895 Sabim,-

1147 901 1209 926 tum
1229 902 1334 932 przetcr
1351 908 1455 933 unum,
1472 901 1634 928 anathema
1645 901 1689 928 sit.
1703 902 1770 928 Haec
1782 901 1854 929 etiis
1863 900 1979 938 similia

1146 943 1241 971 multa
1257 947 1432 973 statuerunt.
1448 945 1544 979 Quod,
1561 949 1592 973 ut
1607 954 1686 981 szepe
1702 946 1846 979 diximus,
1860 945 1977 981 factum

1146 991 1200 1020 cst,
1215 991 1246 1015 ut
1258 997 1293 1015 ex
1310 989 1418 1016 talibus
1436 990 1553 1017 statutis
1568 998 1693 1023 errores,
1717 991 1767 1026 qui
1779 990 1906 1018 erantin
1920 991 1975 1019 Ec:

1146 1032 1245 1066 clcsia,
1263 1033 1420 1060 evellerunt
1431 1043 1437 1066 ;
1450 1042 1522 1068 non,
1532 1037 1563 1060 ut
1572 1034 1670 1069 legem
1679 1038 1854 1070 perpetuam
1866 1043 1903 1068 ex
1914 1034 1974 1067 hoc

1145 1077 1318 1104 hominibus
1342 1078 1567 1113 persuaderent.
1586 1079 1637 1106 (lui
1665 1079 1746 1107 enim
1761 1079 1971 1123 dubiumnat,

1145 1121 1227 1156 quod
1243 1122 1327 1149 multi
1352 1122 1486 1150 fidelium
1508 1123 1662 1161 abstinent
1680 1132 1697 1151 a
1721 1123 1862 1161 carnibus
1887 1121 1972 1159 omni

1146 1167 1302 1202 tempore?
1318 1170 1346 1194 et
1357 1170 1455 1194 tamen
1473 1176 1532 1195 non
1560 1171 1703 1203 peccant;
1719 1171 1747 1197 et
1775 1168 1857 1205 quod
1870 1167 1973 1205 plures

1145 1210 1193 1237 alii
1210 1214 1271 1238 tam
1284 1211 1313 1238 in
1329 1211 1419 1241 festis,
1435 1220 1528 1247 quam
1546 1213 1572 1238 ἱιι
1587 1212 1652 1240 aliis
1664 1221 1720 1248 pro
1739 1213 1834 1251 salute
1862 1219 1971 1249 eorm»,

1145 1255 1194 1287 ris,
1208 1255 1334 1290 quidam
1352 1264 1406 1291 pro
1420 1257 1513 1283 salute
1539 1257 1669 1285 animae?
1683 1261 1711 1286 et
1735 1259 1839 1292 tamen
1862 1257 1893 1285 in

1144 1308 1234 1335 opere
1246 1300 1327 1328 nullo
1340 1301 1431 1328 modo
1443 1304 1576 1337 peccant,
1593 1302 1665 1338 quia
1678 1302 1908 1343 intentioltiuem,
1918 1301 1974 1337 imx

1145 1346 1229 1380 ponit
1243 1345 1335 1380 operi,
1352 1353 1412 1373 non
1426 1354 1502 1381 opus
1519 1346 1683 1380 intentioni.
1697 1346 1866 1374 secundum
1889 1346 1975 1382 quod

1144 1389 1233 1416 iidem
1252 1391 1349 1417 Patres
1366 1391 1458 1417 sancti
1476 1391 1504 1418 in
1531 1391 1678 1427 plerisque
1702 1391 1764 1418 suis
1793 1390 1974 1425 tractatibus

1145 1438 1244 1469 aperte
1255 1439 1468 1468 exposuerunt.
1482 1436 1538 1463 Sed
1550 1444 1586 1463 ne
1603 1439 1771 1464 nostrorum
1783 1435 1974 1470 adversario-

1144 1487 1211 1506 rum
1224 1487 1344 1512 manus,
1357 1480 1397 1507 sic
1408 1480 1583 1514 generaliter
1594 1480 1817 1516 respondendo,
1830 1480 1972 1515 etfugisse

1145 1523 1311 1558 videamur,
1336 1525 1497 1552 redeamus
1525 1525 1563 1552 ad
1592 1525 1721 1560 singula,
1747 1528 1776 1553 et
1803 1525 1965 1558 videamus,

1147 1570 1244 1596 utrum
1257 1576 1312 1596 nos
1326 1569 1454 1604 objecta,
1471 1578 1510 1603 an
1526 1571 1653 1603 Greecos,
1671 1570 1723 1606 qui
1754 1578 1790 1598 ea
1814 1569 1970 1604 objiciunt,

1145 1612 1353 1640 miserabiliter
1368 1613 1523 1641 damnent.
1658 1639 1661 1649 λ
1766 1639 1779 1650 ,,

1183 1657 1254 1685 Dicit
1265 1666 1342 1685 unus
1355 1667 1463 1691 canon,
1475 1667 1565 1695 quem
1577 1659 1783 1695 apostolorum
1801 1661 1973 1692 nominant,

1145 1701 1220 1729 sicut
1242 1711 1335 1738 supra
1363 1706 1521 1731 ostensum
1536 1708 1590 1737 est,
1622 1705 1678 1732 isto
1702 1704 1813 1732 modo:
1833 1717 1843 1729 ι
1860 1703 1888 1731 Si
1904 1704 1975 1739 quis

1146 1747 1315 1782 episcopus,
1335 1751 1385 1775 aut
1399 1748 1565 1784 presbyter,
1577 1752 1629 1776 aut
1640 1749 1788 1777 diaconus
1798 1756 1884 1776 suam
1902 1756 1975 1776 uxo-

1145 1799 1219 1825 rem,
1240 1804 1248 1815 υ
1267 1795 1322 1820 etc.

1183 1836 1324 1868 Dicimus,
1340 1837 1421 1873 quod
1438 1838 1469 1864 in
1497 1838 1626 1865 Ecclesia
1649 1838 1700 1865 Dei
1715 1837 1891 1866 occidentali
1904 1845 1975 1865 nus-

1146 1889 1238 1916 quam
1265 1881 1321 1909 tale
1348 1882 1486 1916 vidimus,
1505 1891 1559 1910 nec
1575 1883 1775 1918 permittimus
1791 1882 1856 1910 ﬁeri
1884 1882 1976 1919 quale

1145 1925 1233 1952 nobis
1245 1926 1334 1953 Graeci
1351 1926 1514 1961 objiciunt;
1532 1927 1676 1960 videlicet,
1698 1930 1730 1954 ut
1748 1927 1856 1963 aliquis
1872 1927 1975 1954 matri-

1145 1970 1248 1997 monio
1260 1970 1388 2004 legitime
1412 1971 1570 2006 copulatus
1596 1972 1653 1999 sub
1666 1974 1809 2007 praetextu
1842 1971 1974 2007 alicujus

1144 2014 1294 2048 religionis
1310 2014 1353 2042 vel
1373 2015 1548 2048 honestatis,
1574 2024 1660 2043 suam
1690 2016 1818 2044 dimittat
1834 2023 1972 2048 uxorem,

1144 2058 1209 2093 ipsa
1224 2058 1414 2093 reclamante,
1427 2062 1477 2086 aut
1499 2060 1652 2088 renitente.
1672 2060 1727 2088 Sed
1744 2061 1843 2096 potius
1858 2068 1916 2087 uos
1933 2063 1974 2089 ta-

1143 2102 1186 2130 les
1200 2111 1252 2138 per
1267 2111 1426 2130 censuram
1453 2104 1684 2132 ecclesiasticam
1708 2104 1934 2145 compellimusz
1947 2104 1972 2132 si

1142 2155 1234 2182 quam
1251 2147 1425 2181 religionem
1441 2149 1567 2182 ingressi
1587 2152 1671 2184 sunt,
1691 2149 1894 2184 diinittere,_et
1908 2157 1972 2178 sum

1143 2199 1262 2226 spousze
1273 2191 1402 2226 legitime
1418 2192 1563 2228 copulari.
1581 2194 1687 2221 Verum
1697 2194 1720 2222 si
1744 2193 1832 2222 soluti
1846 2196 1931 2227 sunt,
1942 2196 1973 2230 et

1142 2235 1179 2263 ad
1192 2244 1310 2263 sacrum
1325 2236 1462 2264 ordinem
1476 2241 1582 2273 sponte
1594 2241 1621 2265 et
1632 2238 1796 2265 voluntarie
1807 2238 1972 2272 confugere

1141 2280 1255 2311 volunt,
1274 2289 1341 2307 cum
1360 2290 1426 2309 mos
1441 2282 1582 2318 antiquus
1593 2283 1622 2309 in
1638 2283 1816 2310 occidentali
1827 2282 1971 2318 Ecclesia,

255 2318 338 2347 pore,
355 2320 410 2347 pro
437 2321 528 2340 causa
557 2314 646 2342 etiam
678 2315 752 2348 utili,
778 2315 963 2342 circumcidit
991 2315 1085 2343 'l'imo-

1145 2325 1180 2351 ob
1195 2325 1368 2360 religionem
1392 2326 1460 2353 ﬁdei
1491 2330 1519 2354 et
1545 2327 1724 2354 sacramenti
1758 2327 1971 2364 reverentiam,

254 2355 366 2388 theum,
384 2359 411 2383 et
427 2359 621 2391 postmodum
635 2358 707 2386 dixit
719 2359 829 2386 Calatis
843 2369 849 2386 ε
876 2360 910 2387 Si
926 2361 1084 2388 circumci-

254 2400 313 2427 dz'm
319 2401 371 2435 ini,
383 2401 521 2429 Christus
530 2403 610 2430 vobis
619 2403 697 2430 nihil
703 2404 822 2438 prodest
832 2405 865 2431 διο.
875 2405 945 2431 Hinc
952 2405 1084 2445 estquod

253 2445 368 2480 Ccphas
384 2446 525 2482 quaedam
542 2447 650 2482 legalia
663 2456 763 2475 coram
778 2448 1000 2481 Judagistenuit,
1016 2449 1083 2486 licet

252 2494 410 2527 appareret
434 2492 689 2527 reprehensibitis,
726 2496 849 2529 propter
872 2493 1017 2521 inﬁrmos.
1051 2496 1081 2522 Et

250 2534 360 2562 Paulus
376 2535 510 2564 similiter
522 2536 650 2564 totondit
677 2537 734 2566 sibi
762 2541 853 2574 caput
880 2538 910 2565 in
927 2539 1077 2575 Cenchris,

249 2582 426 2608 coruscante
437 2580 500 2616 jam
516 2581 685 2616 Evangelio,
702 2585 730 2609 et
740 2582 947 2619 puriﬁcaudus
975 2591 1080 2610 secun-

246 2623 321 2652 dum
335 2623 433 2659 legem
449 2625 584 2653 ascendit
612 2625 863 2662 Hierosolymam,
880 2630 910 2654 ut
938 2629 1077 2656 tractaret

249 2675 318 2695 cum
332 2668 528 2704 quibusdam.
545 2669 596 2706 qui
613 2672 713 2697 votum
731 2670 862 2698 fecerant
883 2671 913 2698 in
932 2672 1074 2707 templum

248 2711 376 2740 Domini.
392 2713 462 2740 Hinc
478 2716 520 2741 est
533 2714 634 2747 etiam,
646 2714 727 2750 quod
759 2715 894 2744 Salvator
922 2719 1032 2750 noster,
1048 2719 1075 2745 et

282 2766 305 2783 ³⁸
323 2768 385 2794 Act.
403 2775 449 2802 xv,
468 2768 511 2794 20.
552 2768 574 2784 ⁸ο
591 2768 683 2796 Galat.
701 2777 728 2804 ν,
745 2771 761 2796 2

281 2855 336 2890 (AM)
348 2855 520 2888 Nominato,
535 2856 580 2884 vel
595 2856 689 2885 simile
705 2857 777 2893 quid
790 2858 883 2886 defuit
896 2859 925 2886 in
942 2867 998 2887 ms.

1140 2368 1310 2397 obtinuerit.
1330 2374 1361 2398 ut
1379 2370 1506 2399 ministri
1534 2372 1719 2400 immaculati
1732 2372 1844 2404 altaris.
1855 2375 1884 2400 et
1906 2381 1970 2401 non

1138 2414 1255 2441 umbra:
1271 2418 1299 2442 et
1313 2414 1484 2442 carnalibus
1494 2416 1657 2450 sacriﬁciis,
1673 2416 1725 2443 sed
1741 2416 1852 2450 veritati
1866 2419 1895 2445 et
1910 2417 1966 2453 spi-

1137 2458 1203 2486 ritui
1217 2459 1371 2491 servirent,
1394 2460 1552 2498 exiguntur
1570 2468 1675 2488 revera
1690 2464 1793 2488 votum
1824 2462 1971 2497 castitatis

1136 2504 1279 2536 emittere,
1298 2504 1559 2539 quemadmodum
1575 2505 1617 2534 hi.
1640 2505 1691 2542 qui
1714 2506 1829 2541 seipsos
1845 2509 1971 2543 propter

1135 2555 1259 2586 regnum
1274 2549 1416 2576 cmlorum
1433 2552 1636 2577 castraret-unt
1651 2550 1789 2585 ingressu
1802 2550 1968 2586 religionis.

1135 2584 1235 2630 votum
1250 2592 1437 2626 obedientize,
1455 2593 1598 2621 castitatis
1614 2597 1642 2622 et
1657 2595 1842 2631 paupertatis
1860 2584 1968 2633 jproﬁ-

1132 2639 1230 2664 tentur
1243 2646 1249 2670 ;
1262 2640 1289 2664 et
1299 2637 1441 2673 quaedam
1453 2638 1510 2666 alia
1518 2638 1683 2675 secundum
1699 2638 1807 2671 regulae
1818 2639 1966 2678 instituta.

1131 2682 1192 2708 Non
1211 2689 1282 2715 ergo
1298 2683 1433 2717 cogimus
1445 2683 1566 2710 clericos
1584 2684 1620 2710 (lii
1636 2684 1826 2717 caiitiuentize
1853 2689 1966 2722 sortem

1130 2725 1323 2760 descendere,
1338 2727 1389 2753 sed
1403 2728 1446 2754 eis
1474 2727 1611 2762 religiose
1628 2732 1655 2755 et
1681 2729 1727 2763 pie
1757 2728 1965 2766 praedicimus,

1904 3168 1908 3169 ν
1931 3159 1970 3188 ’με
1986 3184 2002 3188 γέ
