2066 3195
112 207 167 234 565

110 267 207 305 quod,
221 266 246 293 si
260 265 350 293 talem
363 263 499 292 ordinem
515 264 543 291 et
553 262 683 298 gradum
699 259 860 289 ascendere
873 256 948 305 desi—

111 301 230 344 derant,
248 311 367 346 oportet
382 316 433 336 eos
443 308 514 343 jura
528 307 574 335 sui
597 306 711 334 ordinis
738 301 949 332 inviolabiliter

110 357 287 396 observare.
301 355 474 388 Congruum
487 356 531 380 est
542 352 666 388 quippe,
681 354 708 378 et
720 355 889 377 consonum
904 353 948 373 ra-

110 393 199 437 tibist,
215 393 286 428 utsi
302 398 445 427 sacerdos
456 397 559 432 legalis
571 397 762 431 ingressurus
773 393 946 421 tabernacu—

110 435 195 490 lum,
205 443 253 473 vel
266 443 415 480 templum
430 443 468 470 ad
485 441 701 470 immolandam
724 438 885 469 victimam,
903 435 948 462 vel

111 485 273 531 incensum
279 488 419 522 Domino,
431 490 563 523 tempore
570 486 641 512 vicis
653 494 722 518 suae,
731 490 851 511 carnem
861 488 947 507 suam

114 524 207 564 freno
230 524 415 562 continentiae
442 530 675 561 moderabatur;
702 528 784 564 quod
809 525 948 554 sacerdos

118 579 308 622 evapgelicus
329 577 380 613 qui
391 577 518 604 hostiam
530 574 788 606 immaculatam,A
795 579 887 605 gnum
895 570 946 596 sci-

113 615 185 652 iicéi
198 630 314 654 verum,
339 629 401 648 non
422 620 666 647 obumbraticum
695 616 826 653 quotidie
842 615 946 641 otl'erre

112 656 215 700 debet,
232 665 366 703 quotidie
383 668 410 692 et
430 664 570 692 continue
586 662 730 690 castitatis
758 663 785 687 et
812 658 947 694 puritatis

109 708 368 751 vé‘steginduatur,
384 710 408 738 si
423 709 621 745 omnipotenti
636 710 693 735 Deo
706 706 884 733 sacriﬁcium
899 711 946 729 ac«

113 749 269 794 captabile
284 755 389 783 offerre
405 753 598 789 concupiscit.
625 754 686 779 Non
713 750 801 784 igitur
826 757 881 775 nos
898 747 946 774 illa

107 792 263 835 inliibitio,
281 800 334 827 sed
351 800 519 827 Graecorum
538 796 698 824 Ecclesiam
716 794 818 829 tangit,
834 801 901 828 quae
917 792 944 818 in

107 846 201 875 istam
227 844 469 873 maledictionem
495 842 534 869 ab
558 841 639 868 initio
664 839 782 869 corruit,
799 841 826 865 et
852 844 946 871 usque

108 890 205 927 hodie
220 888 430 917 miserabiliter
445 887 474 914 in
492 895 526 914 eo
536 888 718 922 perseverat.
734 886 799 919 Ipsa
815 889 947 916 namque

109 932 167 975 est,
184 931 255 972 qua:
270 933 364 961 laicos
378 934 406 959 et
421 931 553 968 plebeios
574 931 661 961 virOs,
678 930 818 956 uxoratos
835 931 943 960 tamen,
963 947 983 973 Β

109 973 272 1010 aesumens
288 978 318 1005 in
335 977 506 1013 episcopos,
521 975 564 1002 vel
587 977 700 1006 contra,
717 973 795 1007 cogit
810 979 861 998 eos
875 978 944 997 con-

109 1016 331 1063 tradicentibus
356 1029 461 1049 eorum
487 1019 641 1050 uxoribus,
674 1018 815 1044 castitatis
842 1017 944 1042 votum

112 1059 260 1103 emittere,
279 1067 324 1094 vel
340 1066 556 1094 monasterium
575 1063 695 1098 aliquod
711 1061 840 1091 introire,
863 1059 945 1094 ipsas

114 1107 256 1156 sponsas,
271 1110 488 1139 continentiam
506 1108 646 1144 proﬁteri.
667 1106 745 1134 istud
767 1104 944 1141 probatione

112 1147 177 1196 nbit
191 1155 318 1192 indiget,
330 1154 403 1191 quia
416 1162 490 1190 pene
507 1156 547 1181 tot
560 1155 646 1180 testes
663 1154 740 1183 sunt,
757 1152 829 1185 quot
849 1147 944 1182 gentis

114 1194 436 1238 ﬂlius'consuetudines
449 1206 507 1226 non
522 1198 670 1232 ignorant.
685 1198 786 1223 Nonne
799 1194 844 1220 hic
856 1194 945 1227 caput

116 1241 241 1286 Goliathi
267 1245 392 1282 proprio
415 1251 484 1270 ense
506 1241 670 1269 inciditur?
700 1247 799 1266 nonne
827 1237 944 1272 gladius

113 1283 230 1326 eorum,
249 1297 341 1325 super
359 1288 476 1316 Latinos
495 1287 741 1318 vibratus,intrut
753 1285 780 1311 in
793 1283 882 1309 corda
900 1289 943 1308 co—

213 1337 243 1363 et
257 1342 347 1363 arcus
363 1334 384 1350 ³¹
404 1332 535 1360 indebite
552 1335 662 1360 tensus,
679 1331 708 1356 in
726 1328 788 1355 suis
803 1326 944 1354 manibus

113 1373 228 1408 fractus
242 1387 306 1407 esse
322 1380 509 1406 monstratur
519 1377 532 1403 ‘1

153 1424 212 1453 Sed
224 1431 322 1451 canon
339 1421 545 1459 apostolorum
562 1423 616 1451 est,
631 1419 681 1455 qui
698 1418 785 1445 dicit:
803 1429 815 1441 (ι
834 1417 866 1443 Si
882 1416 946 1450 quis

115 1469 287 1504 episcopus,
299 1478 312 1491 ιι
326 1468 380 1504 etc.
391 1467 488 1499 Quare
504 1473 562 1492 non
575 1461 798 1491 observaturab
811 1461 852 1488 eis
865 1460 878 1486 2’
893 1461 947 1486 (,lur

117 1510 214 1540 nobis
226 1502 429 1539 innocentibus
441 1518 527 1537 suam
540 1508 765 1536 damnationem
783 1508 808 1532 et
826 1509 833 1531 t
849 1505 947 1540 irpitu»

122 1556 228 1584 dinem
246 1557 305 1583 tam
326 1555 475 1582 obstinato
494 1554 595 1581 animo
607 1552 751 1587 objiciunt
763 1552 775 1578 1’
789 1552 860 1576 Cum
878 1556 948 1582 ergo

121 1599 304 1635 respondere
314 1607 374 1627 non
385 1598 512 1635 possint,
524 1601 712 1624 transeamus
724 1595 761 1622 ad
772 1594 949 1621 vicesimum

119 1644 282 1680 septimum
300 1651 458 1676 canonem,
475 1642 526 1677 qui
540 1641 608 1668 dicit
625 1651 629 1668 :
649 1652 656 1664 ι
678 1639 868 1675 Epi~copum,
889 1638 949 1663 sive
966 1636 984 1661 (1

119 1688 343 1726 presbyterum,
356 1687 401 1715 vel
416 1687 578 1714 diaconum
598 1685 788 1711 verberantes
807 1682 919 1714 tidcles,
937 1693 949 1705 ››

117 1736 174 1761 etc.

155 1771 354 1814 llespondeo:
372 1777 402 1803 ln
415 1775 548 1812 quolibet
571 1776 694 1810 peccato
712 1772 868 1799 manifesto
898 1771 951 1798 tria

118 1823 157 1851 ad
186 1822 288 1850 minus
316 1821 516 1857 reperiuntur,
545 1820 665 1851 scilicet,
697 1818 788 1845 libido
820 1817 950 1847 interior,

117 1875 195 1905 opus
207 1867 346 1899 exterius,
359 1870 385 1893 et
397 1866 546 1893 evidentia
560 1863 697 1891 libidinis.
713 1862 842 1889 interiori
859 1861 951 1887 otfen-

117 1907 294 1941 diturDeus.
310 1911 499 1939 Ditl'ormatur
508 1909 621 1945 quippe
634 1908 735 1935 anima
744 1908 781 1934 ad
790 1907 951 1940 imaginem

119 1956 174 1985 Dei
186 1957 274 1991 facta,
291 1959 319 1983 et
334 1957 420 1984 Deus.
437 1956 487 1990 qui
503 1954 553 1982 tibi
578 1952 740 1989 prohibuit,
756 1951 920 1986 despicitur
936 1958 953 1976 a

121 1995 268 2029 creatura.
282 2001 378 2037 Opere
389 1999 526 2027 exteriori
541 1997 702 2032 corrumpit
720 1997 811 2023 homo
821 1996 951 2030 seipsum

122 2049 152 2074 et
164 2044 266 2074 alium.
283 2045 440 2073 Evidentia
456 2052 535 2073 vero.
551 2044 594 2070 vel
617 2042 801 2075 enoriuitatc,
826 2049 892 2075 quze
910 2042 954 2066 est

117 2090 236 2118 clamor
247 2097 317 2118 cum
331 2098 414 2122 voce,
432 2093 523 2116 totam
539 2087 698 2115 Ecclesium
718 2085 849 2113 otl‘cndit.
865 2085 954 2118 Opor-

117 2138 159 2163 tet
186 2142 270 2170 ergo,
286 2135 308 2162 si
334 2134 395 2161 vult
411 2138 487 2161 recte
513 2132 666 2169 ptenitere,
695 2134 725 2158 ut
755 2133 857 2156 contra
882 2130 954 2155 istos

119 2180 320 2221 tres‘morbos
336 2180 389 2208 tria
401 2178 542 2215 quaedam
558 2178 676 2213 objecta
690 2175 822 2203 remedia
834 2175 952 2210 penitus

118 2218 276 2256 adhibeat.
290 2224 399 2252 scilicet
410 2223 546 2251 dolorem
559 2221 757 2252 contritionis,
770 2223 875 2247 contra
888 2218 952 2245 libi-

114 2265 221 2298 dinem
235 2269 343 2297 mentis
358 2278 364 2303 ;
379 2269 516 2296 laborem
532 2265 753 2298 satisfactionis,
765 2273 818 2300 per
830 2272 951 2291 exsecu-

114 2312 232 2352 tionem
249 2314 349 2350 operis
365 2323 373 2346 ;
390 2313 530 2349 privatim
548 2315 647 2339 tamen
665 2318 720 2346 pro
736 2308 871 2345 privatis,
899 2316 951 2343 pu-

115 2354 196 2388 blice
213 2366 268 2395 pro
284 2357 458 2385 manifestis.

154 2398 229 2445 Item
245 2406 439 2438 peccatorum
456 2401 596 2437 quaedam
622 2402 691 2426 sunt
706 2407 740 2425 cx
771 2397 949 2430 ignorantia,

113 2441 262 2486 quedam
271 2456 305 2475 ex
316 2447 497 2481 inﬁrmitate,
506 2445 647 2481 qumdam
656 2452 689 2471 ex
698 2443 795 2470 studio
805 2444 832 2469 et
840 2441 951 2469 malitia

114 2486 300 2533 perpetrata.
309 2491 436 2524 Quando
444 2498 516 2525 ergo
523 2489 630 2525 aliquis
639 2489 675 2515 de
685 2495 809 2515 numero
817 2486 948 2513 ﬁdelium

111 2531 180 2566 non
204 2536 354 2573 privatim,
373 2535 425 2563 sed
451 2534 578 2571 publice,
604 2541 662 2561 non
689 2533 870 2566 iguoranter,
898 2531 949 2558 sed

113 2582 256 2610 studiose
269 2585 297 2609 et
313 2580 441 2616 superbe
459 2587 597 2615 peccans.
615 2581 772 2613 separatus.
789 2579 832 2603 est
846 2576 884 2603 ab
902 2578 948 2603 Ec-

113 2626 220 2656 clesia.
239 2628 300 2652 tam
310 2624 416 2652 merito
429 2623 538 2656 delicti,
554 2631 645 2658 quam
659 2621 803 2648 sententia
823 2620 948 2655 praelati,

110 2672 235 2708 justum
252 2673 306 2703 est,
324 2672 354 2696 ut
371 2669 392 2695 si
406 2668 465 2695 vult
476 2667 661 2695 reconciliari
677 2666 822 2692 licelesiie.
835 2674 851 2692 a
865 2665 950 2700 cujus

113 2716 287 2750 integritate
295 2714 446 2741 abscissus
455 2712 669 2748 cstpeccando,
678 2720 695 2747 q
702 2711 758 2737 uod
768 2710 948 2744 condignam

115 2765 145 2789 et
160 2767 329 2795 congruam
342 2758 441 2785 delicti
455 2757 686 2785 satisfactionem
699 2756 805 2783 offerat
818 2755 856 2782 ad
873 2755 949 2782 arbi-

154 2822 265 2850 ‘I‘Psal
279 2828 382 2854 xxxw,
402 2822 443 2848 t3.
495 2821 517 2837 ”
535 2821 591 2851 lsa,
609 2827 633 2849 1..
647 2821 672 2845 6.
725 2819 748 2835 ⁵³
764 2819 817 2844 lsa.
835 2825 889 2850 ι,ιιι,
908 2820 932 2845 5.

118 2861 141 2877 ⁸⁷
160 2861 169 2887 l
185 2859 242 2887 Cor
255 2866 284 2891 ι,
302 2859 347 2885 '25.
387 2857 409 2873 ⁸⁸
425 2855 476 2884 Tit.
494 2865 512 2889 ι,
529 2858 567 2883 15.
608 2856 630 2872 ⁵³
649 2856 733 2882 Rom.
747 2862 804 2887 xxv,
823 2856 846 2880 4.

816 194 956 224 CONTRA
975 193 1139 224 GRIECOS.

1784 186 1837 215 566

1003 257 1094 286 trium
1118 257 1293 286 sacerdotis.
1316 256 1523 284 Discernentes
1540 254 1641 281 autem
1659 248 1834 279 sacerdotes

1004 302 1153 336 Ecclesiae;
1168 310 1300 339 quorum
1309 303 1354 329 est
1366 300 1535 328 discernere
1550 297 1628 325 inter
1642 294 1780 323 ﬁdelium
1795 292 1836 321 le-

1003 355 1100 382 pram,
1118 350 1145 375 et
1159 337 1220 374 non
1236 347 1362 382 lepram,
1375 344 1597 379 judicaverunt,
1627 342 1658 367 ut
1673 339 1697 366 is
1714 337 1765 374 qui
1781 345 1835 373 per

1004 392 1226 419 contumaciam
1239 390 1277 418 ab
1292 389 1404 417 unitate
1419 387 1554 415 ﬁdelium
1567 386 1722 420 separatus
1738 385 1791 415 est,
1805 383 1834 409 et

1003 439 1129 464 matrem
1142 444 1239 467 suam,
1256 435 1286 462 id
1302 437 1346 462 est
1364 432 1536 462 Ecclesiam,
1550 431 1610 457 imo
1624 431 1717 456 Deum
1728 426 1834 461 inipsa

1003 481 1157 508 contristat
1172 478 1405 511 contemnendo,
1418 478 1586 512 prostratus
1599 481 1701 501 coram
1709 479 1743 498 eo
1753 472 1833 506 petat

1003 527 1135 557 veniam,
1160 528 1188 552 et
1209 525 1238 551 in
1255 523 1375 557 signum
1393 520 1587 556 subjectionis
1602 520 1631 545 et
1659 514 1832 544 humilitatis

1003 578 1113 605 corpus
1129 567 1357 605 percutiendum
1377 569 1403 593 et
1417 563 1638 593 verberandum
1653 558 1834 593 offerat,imi-

1002 604 1081 642 tatus
1092 604 1160 642 eum
1174 614 1238 649 ;qui
1249 613 1335 640 dicit:
1350 612 1466 645 Corpus
1478 617 1574 637 meum
1586 607 1655 635 dedi
1664 604 1831 640 percutien-

1003 661 1090 693 tibus,
1104 663 1129 687 et
1137 667 1227 694 genus
1236 666 1315 685 meas
1324 655 1500 684 vellentibus
1508 655 1541 680 ⁸².
1552 655 1582 680 Et
1594 653 1701 680 iterum
1714 660 1719 678 2
1735 649 1830 676 Disci—

1002 707 1088 740 plina
1102 706 1185 739 pacis
1196 709 1305 731 nostra?
1320 709 1410 736 super
1423 709 1488 728 eum
1507 700 1540 732 ω,
1557 701 1613 726 etc.
1628 698 1660 724 Et
1680 697 1712 723 ut
1724 703 1760 722 ex
1774 694 1830 722 hoc

1002 737 1140 778 ostendat
1150 748 1306 784 paenitens,
1321 746 1481 774 Ecclesiam
1494 743 1543 770 Dei
1557 744 1682 770 matrem
1695 742 1723 767 et
1734 737 1829 772 magi~

1002 797 1093 821 stram
1103 802 1167 821 esse
1178 793 1243 820 vitae
1255 795 1283 819 et
1294 791 1430 818 moribus
1442 787 1646 825 parvulorum,
1658 786 1689 812 in
1700 790 1828 819 quorum

1001 839 1141 865 nimirum
1170 837 1307 865 cordibus
1336 834 1504 862 secundum
1535 829 1693 866 Sapientia:
1721 834 1826 860 voces,

1001 884 1130 911 stultitia
1148 882 1290 916 colligata
1304 882 1354 911 est,
1371 882 1396 906 ct
1413 880 1497 912 virga
1512 875 1679 908 disciplinac
1694 871 1828 916 fulgebit

1002 936 1063 956 eam
1078 929 1110 954 ³⁸.
1125 929 1191 954 Esto
1200 926 1300 958 etiam,
1310 924 1392 961 quod
1402 931 1507 950 verum
1519 922 1565 954 sit,
1577 919 1658 956 quod
1672 925 1768 946 canon
1779 915 1827 943 ille

1003 971 1258 1007 sitapostolorum
1281 972 1473 999 sanctorum;
1492 966 1610 993 Latinos
1636 967 1736 991 tamen
1766 967 1827 988 non

1001 1018 1105 1051 tangit,
1118 1016 1189 1052 quia
1202 1023 1260 1042 non
1273 1012 1517 1041 dicituribidem:
1533 1022 1542 1035 ε
1557 1009 1642 1042 Quod
1654 1007 1826 1044 quicunque

1000 1062 1162 1096 episcopus
1170 1059 1304 1091 voluerit,
1318 1061 1384 1091 etc.,
1394 1063 1575 1093 quacunque
1584 1062 1620 1082 ex
1631 1059 1733 1084 causa,
1747 1062 1760 1074 η
1773 1049 1826 1076 sed

1000 1106 1124 1133 dicitur:
1143 1117 1154 1128 ιι
1175 1104 1348 1140 Episcopus,
1363 1106 1428 1135 etc.,
1459 1101 1650 1128 verberantes
1666 1096 1780 1126 fideles,
1798 1096 1826 1121 et

996 1154 1121 1187 propter
1129 1150 1186 1176 hoc
1198 1139 1293 1176 timeri
1304 1147 1420 1181 volunt,
1434 1157 1446 1171 ν)
1462 1148 1517 1173 etc.
1530 1146 1593 1172 Non
1603 1143 1682 1170 enim
1698 1141 1755 1168 hoc
1766 1139 1826 1173 agit

1002 1195 1129 1223 Ecclesia
1139 1195 1274 1221 Romana
1283 1192 1311 1219 in
1323 1192 1383 1219 suis
1392 1191 1469 1224 ﬁliis,
1479 1193 1626 1225 tanquam
1636 1184 1825 1223 tyrannicam

1000 1248 1140 1268 exercens
1156 1240 1345 1274 potestatem,
1359 1236 1406 1264 vel
1421 1235 1490 1264 odio
1505 1235 1667 1265 commota,
1684 1230 1737 1258 sed
1758 1236 1825 1265 pro-

1000 1289 1064 1322 pter
1080 1284 1143 1311 illas
1158 1290 1275 1316 causas,
1291 1290 1367 1317 quas
1380 1280 1587 1316 praediximus,
1604 1280 1632 1305 et
1647 1276 1732 1307 alias,
1747 1282 1824 1310 quas

1000 1332 1122 1366 propter
1138 1327 1311 1355 brevitatem
1325 1325 1498 1361 judicamus
1513 1322 1690 1351 reticendas.

1038 1364 1094 1402 Sed
1117 1372 1245 1400 Ecclesia
1260 1373 1442 1402 Graecorum,
1463 1377 1531 1405 quae
1555 1367 1672 1396 trabem
1686 1367 1782 1401 gestat
1794 1364 1824 1391 in

1001 1419 1099 1449 oculo,
1117 1426 1208 1456 quam
1222 1424 1281 1443 non
1293 1416 1383 1448 videt,
1396 1415 1446 1442 sed
1459 1414 1557 1450 potius
1569 1413 1715 1440 festucam
1732 1409 1827 1437 modi-

1003 1473 1068 1491 cam
1086 1463 1115 1490 in
1127 1453 1213 1489 oculo
1226 1460 1323 1488 fratris
1341 1460 1387 1487 sui
1400 1460 1434 1491 ⁸⁵,
1451 1459 1518 1492 hoc,
1535 1457 1618 1493 quod
1634 1455 1722 1483 nobis
1749 1453 1828 1488 obji-

1004 1510 1051 1539 cit,
1070 1507 1231 1535 studiosius
1248 1505 1360 1541 implet,
1378 1513 1438 1532 non
1455 1504 1523 1531 dico
1536 1503 1566 1530 in
1589 1501 1651 1529 suis
1680 1499 1774 1532 laicis,
1791 1498 1830 1525 ad

1004 1562 1081 1589 quos
1091 1553 1232 1579 nimirum
1244 1558 1352 1578 manus
1359 1549 1518 1577 extendere
1530 1555 1590 1574 non
1602 1544 1766 1581 prtesumit,
1778 1542 1831 1570 sed

1005 1588 1033 1625 in
1051 1598 1112 1624 suis
1125 1596 1287 1632 papatibus
1301 1598 1328 1622 et
1340 1594 1463 1626 clericis,
1475 1601 1551 1627 quos
1562 1594 1708 1626 tanquam
1720 1588 1792 1615 viles
1804 1590 1833 1615 et

1005 1642 1142 1669 rusticos.
1158 1640 1270 1675 pugnis
1283 1640 1392 1667 faciunt
1407 1637 1567 1670 verberari,
1588 1635 1707 1663 sublato
1734 1635 1833 1660 tamen

1006 1687 1089 1722 prius
1105 1690 1140 1720 τῲ
1158 1686 1260 1720 ἱματίῳ,
1274 1684 1303 1710 id
1326 1687 1379 1714 est,
1400 1686 1480 1710 veste
1500 1680 1638 1713 clericali,
1656 1678 1695 1707 ad
1714 1678 1831 1711 horam,

1007 1733 1095 1767 prout
1110 1729 1237 1765 propriis
1255 1728 1348 1756 oculis
1363 1728 1537 1763 aspeximus
1552 1726 1581 1753 in
1592 1724 1710 1752 civitate
1725 1722 1832 1750 Nicaea.

1043 1777 1125 1803 Nunc
1141 1782 1223 1809 ergo.
1241 1773 1263 1800 si
1280 1773 1320 1800 ita
1335 1775 1389 1806 est,
1406 1772 1467 1799 imo
1482 1771 1554 1806 quia
1570 1770 1608 1797 ita
1632 1771 1686 1800 est,
1712 1766 1834 1794 stultam

1008 1820 1076 1846 fecit
1093 1818 1235 1846 Dominus
1252 1819 1420 1844 Graecorum
1439 1814 1627 1851 sapientiam.
1646 1814 1728 1840 Hunc
1744 1810 1833 1846 igitur

1008 1871 1155 1891 curionem
1174 1866 1318 1897 tanquam
1334 1860 1469 1888 inutilem
1484 1859 1685 1894 relinquentes
1701 1855 1739 1884 ad
1754 1863 1835 1882 sexa-

1010 1910 1156 1941 gesimum
1174 1908 1300 1940 tertium,
1317 1905 1368 1942 qui
1398 1905 1435 1932 de
1462 1903 1608 1938 sanguine
1636 1905 1664 1929 et
1690 1900 1835 1928 sutfocato

1008 1953 1150 1988 loquitur,
1166 1959 1335 1978 sermonem
1350 1952 1571 1977 convertemus.

1047 1998 1075 2024 Et
1090 1997 1157 2023 licet
1173 1994 1320 2027 generalis
1337 1994 1496 2029 responsio
1523 1990 1680 2027 supposita
1695 1988 1834 2023 sufﬁciat,

1009 2045 1108 2069 tamen
1118 2040 1229 2075 aliquid
1240 2039 1326 2066 latius
1337 2038 1587 2074 respondeamus.
1602 2037 1738 2063 Fatemur
1749 2040 1833 2066 sane,

1008 2095 1112 2113 verum
1130 2085 1283 2112 decretum
1308 2084 1397 2110 fuisse
1425 2083 1463 2110 ab
1488 2081 1629 2117 apostolis
1653 2080 1682 2106 in
1713 2077 1834 2106 Actibus

1009 2139 1124 2162 eorum,
1141 2132 1173 2156 ut
1186 2129 1226 2161 bi,
1243 2129 1293 2164 qui
1309 2128 1444 2155 conversi
1458 2129 1540 2154 erant
1551 2126 1588 2152 de
1601 2124 1749 2159 gentibus,
1767 2122 1835 2150 abs-

1009 2177 1135 2203 tinerent
1147 2175 1179 2200 άθ.
1198 2173 1282 2205 Quod
1296 2172 1420 2208 quidem
1446 2171 1625 2207 expediebat
1654 2167 1780 2203 tempori
1795 2165 1835 2194 illi

1009 2222 1035 2247 et
1051 2219 1138 2246 statui
1155 2219 1353 2250 inﬁrmorum,
1375 2225 1410 2244 eo
1428 2216 1510 2252 quod
1534 2222 1691 2251 synagoga
1715 2219 1836 2240 conver-

1008 2273 1110 2292 sorum
1125 2265 1308 2295 Jud-reorum,
1326 2271 1395 2290 cum
1409 2262 1523 2289 honore
1539 2264 1566 2288 et
1579 2258 1737 2295 obsequio,
1759 2257 1836 2284 sicut

970 2314 989 2340 D
1008 2309 1077 2337 dicit
1102 2309 1208 2336 beatus
1225 2307 1418 2342 Augustinus,
1435 2306 1575 2334 ducenda
1594 2306 1658 2332 erat
1676 2303 1715 2331 ad
1737 2301 1835 2338 sepul-

1006 2357 1117 2382 turam.
1135 2353 1280 2379 Processn
1296 2360 1367 2379 vero
1385 2351 1538 2387 temporis,
1562 2350 1705 2377 roborata
1727 2346 1834 2384 prmdi—

1006 2400 1122 2426 catione
1139 2397 1300 2431 Evangelii,
1317 2399 1344 2424 et
1368 2395 1555 2424 multitudine
1571 2395 1704 2429 gentium
1735 2392 1772 2420 ad
1799 2391 1833 2418 ﬁ-

1005 2443 1074 2471 dem
1091 2445 1236 2474 currente,
1252 2450 1304 2477 per
1329 2441 1453 2469 Paulum
1477 2440 1633 2468 doctorem
1654 2437 1788 2473 gentium
1805 2438 1835 2464 et

1007 2487 1176 2524 apostolum
1195 2485 1355 2522 specialem
1371 2493 1487 2516 earum,
1503 2484 1564 2512 imo
1584 2491 1638 2520 per
1662 2483 1763 2518 ipsum
1779 2482 1833 2508 Do-

1005 2534 1132 2561 minum.
1145 2531 1196 2567 qui
1208 2539 1260 2567 per
1271 2528 1646 2567 Apostolumloquebatur,
1657 2524 1834 2561 hujusmodi

1005 2577 1150 2604 sententia
1162 2579 1301 2604 revocata
1317 2578 1369 2603 est.
1386 2574 1459 2602 Dicit
1481 2573 1559 2601 enim
1584 2572 1622 2600 ad
1644 2570 1811 2599 Corinthios
1826 2579 1831 2596 :

1006 2622 1097 2650 Omne
1111 2621 1191 2655 quod
1209 2622 1238 2647 in
1254 2620 1380 2647 macello
1406 2619 1495 2650 venit,
1521 2617 1671 2649 comedite,
1689 2616 1767 2644 nihil
1791 2615 1834 2642 in-

1005 2668 1199 2700 terrogantes,
1216 2668 1340 2699 propter
1348 2664 1558 2692 consnicntiam
1574 2663 1607 2689 ⁵⁷.
1624 2662 1712 2689 Item:
1727 2661 1835 2688 Omnia

1004 2710 1118 2738 munda
1136 2710 1254 2737 mundis
1272 2710 1304 2737 ⁵⁸.
1323 2711 1353 2736 Et
1369 2708 1457 2735 alibi:
1475 2708 1540 2735 Scio
1555 2711 1583 2735 et
1599 2707 1714 2741 conﬁdo
1730 2707 1761 2734 in
1778 2707 1835 2733 Do-

1008 2756 1084 2782 mino
1099 2755 1169 2782 Jesu
1181 2764 1191 2785 ;
1205 2755 1271 2789 quis
1282 2762 1321 2787 es,
1332 2753 1506 2788 quz‘judicas
1516 2753 1647 2780 alienum
1657 2759 1774 2779 servum
1787 2752 1809 2768 ‘9
1822 2750 1836 2777 ‘?

991 2818 1015 2835 ιθ
1031 2818 1117 2845 Prov.
1135 2825 1201 2844 xxu.
1224 2819 1261 2842 t5.
1316 2817 1338 2831 "4
1357 2814 1454 2842 Matth.
1470 2823 1520 2848 vu,
1540 2817 1565 2842 3.
1624 2815 1646 2831 ιδ
1662 2816 1723 2841 Act.
1738 2821 1786 2846 xv,
1803 2813 1836 2840 29
