4132 6436
433 352 539 408 567

1672 343 2157 405 PANTALEONIS
2196 345 2483 408 DiACONI
2521 350 2627 409 ΟΡ.

3761 354 3874 411 568

433 474 683 540 Scilicet,
716 473 820 546 qui
848 472 1014 530 salva
1033 486 1187 545 pura
1210 471 1577 531 conscientia
1605 473 1885 543 comedit,
1919 470 2093 545 quid-
2126 473 2174 527 A
2202 488 2309 530 nes
2339 474 2501 532 enim
2531 475 2811 549 discipuli
2842 474 3079 533 Domini
3105 476 3317 534 ﬂetum
3345 475 3693 534 habuerunt
3723 476 3879 535 Sab-

435 564 585 637 quid
616 579 652 620 a
677 562 1016 634 majoribus
1039 563 1485 619 comedendum
1506 563 1752 636 accepit.
1773 562 1935 618 Idem
1951 579 1964 617 :
1980 562 2093 619 Ne-

2201 562 2367 633 bato,
2397 566 2700 638 sepultum
2732 567 3134 639 suspicantes,
3154 566 3445 623 etJudaeis
3475 566 3876 639 epulantibus

436 669 531 709 mo
548 668 648 710 vos
659 653 895 723 judicet
921 653 985 708 in
1012 653 1138 709 cibo
1161 659 1217 709 et
1240 658 1389 722 potu
1416 653 1485 708 ⁵ο.
1508 657 1589 708 Ac
1621 652 1671 708 si
1691 652 1852 709 dicat
1876 669 1888 707 :
1910 654 2095 708 Nemo
2202 650 2405 710 laetitia
2431 653 2660 723 inerat;
2693 655 3004 728 discipulis
3046 660 3251 712 autem
3296 655 3717 727 jejunantibus
3769 657 3877 713 tri-

437 758 543 799 vos
573 741 737 798 velut
767 741 1006 797 Judeeos
1040 741 1342 799 discernat
1374 741 1451 799 ab
1480 741 1596 811 his,
1631 742 1782 799 inter
1810 755 1964 814 quos
1991 740 2095 796 ha-

436 831 658 897 bitatis,
692 832 754 887 in
784 831 1120 887 differentia
1150 831 1444 896 ciborum,
1473 836 1529 887 et
1556 831 1618 886 in
1648 830 1910 904 reliquis,
1959 843 2097 902 quas.

438 919 604 976 idem
629 919 939 992 apostolus
969 920 1206 991 adjecit.
1240 919 1328 976 Ad
1359 919 1520 976 idem
1541 919 1684 977 facit
1706 919 1873 994 quod
1903 919 2099 976 Domi-

440 1024 559 1066 nus
582 1009 644 1065 in
676 1009 1001 1079 Evangelio
1049 1009 1194 1065 dicit
1242 1010 1421 1066 :Non
1473 1010 1635 1082 quod
1660 1010 1856 1067 intrat
1898 1011 1958 1064 in
2012 1023 2094 1075 os,

444 1101 789 1170 coinquinat
844 1100 1137 1155 hominem
1170 1100 1239 1167 δι,
1276 1102 1387 1155 etc.
1422 1099 1596 1164 Quod
1624 1098 1871 1173 quidem
1904 1097 2099 1171 primo

446 1188 668 1263 pastori
698 1188 1004 1245 declarare
1058 1187 1261 1244 volens
1308 1189 1597 1244 Dominus
1628 1189 1691 1245 in
1745 1189 1975 1245 visione
2000 1187 2102 1243 illa

448 1277 677 1334 cmlesti
708 1281 765 1333 et
807 1277 1170 1343 admirabili,
1204 1276 1346 1349 quia
1403 1277 1565 1333 idem
1595 1282 1801 1351 pastor
1831 1276 2101 1333 Ecclesiae

448 1368 653 1422 Petrus
681 1366 929 1423 linteum
960 1366 1419 1439 quatuorinitiis
1448 1366 1525 1422 de
1572 1366 1721 1423 coelo
1751 1367 1829 1423 ad
1881 1371 2104 1423 terram

451 1455 720 1512 submitti
731 1456 993 1524 videbat,
1017 1456 1653 1527 postadmirationem,
1672 1455 2105 1530 quamhabuit,

450 1544 595 1600 dixit
615 1545 703 1600 ei:
740 1546 909 1615 Quod
939 1547 1096 1602 Deus
1123 1547 1578 1616 permundavz’t,
1608 1553 1672 1601 tu
1699 1562 1773 1603 ne
1802 1560 2109 1603 commune

450 1635 678 1691 dixeris
704 1636 772 1690 ⁵⁵.

523 1725 619 1779 His
650 1723 1107 1780 auctoritatibus
1139 1728 1196 1780 et
1236 1724 1441 1780 multis
1485 1724 1818 1781 rationibus
1851 1722 2111 1780 Ecclesia

2206 741 2364 798 stitia
2388 743 2746 817 imperabat.
2773 746 3095 802 Tristemur
3126 760 3268 816 ergo
3295 762 3436 802 cum
3486 745 3875 802 tristantibus

2204 829 2280 885 de
2311 832 2620 905 sepultura
2662 833 2913 903 domini,
2946 834 2996 890 si
3043 833 3328 891 volumus
3377 850 3517 891 cum
3544 834 3763 891 iisdem
3794 835 3877 893 de

2206 921 2443 977 Domini
2467 923 2901 979 resurrectione
2931 923 3214 994 gaudere.
3249 926 3452 996 Neque
3472 924 3634 981 enim
3655 923 3750 980 fas
3784 929 3882 982 est

2207 1014 2273 1066 ut
2289 1009 2700 1068 distinctiones
2717 1012 3011 1083 ciborum,
3035 1016 3093 1069 et
3112 1013 3501 1071 caeremonias
3522 1014 3878 1071 Judasorum

2208 1116 2377 1156 more
2404 1101 2652 1159 Judaico
2676 1102 3089 1158 observemus.
3123 1125 3152 1154 »

2281 1188 2417 1245 Haec
2448 1195 2506 1247 et;
2532 1191 2624 1247 his
2659 1192 2875 1248 similia
2904 1192 3137 1248 dicente
3163 1192 3338 1249 beato
3366 1192 3693 1266 Sylvestro,
3733 1193 3877 1267 pla—

2212 1279 2334 1335 cuit
2356 1279 2725 1352 quibusdam
2756 1281 3147 1338 orientalibus
3181 1282 3575 1338 conventibus
3604 1282 3709 1340 illa
3758 1289 3877 1341 tra-

2214 1368 2357 1424 ditio
2384 1370 2730 1443 apostolicae
2747 1370 2926 1426 sedis.
2956 1372 3069 1426 Sed
3094 1372 3288 1441 magis
3314 1371 3622 1441 elegerunt
3644 1372 3882 1430 Sabba~

2220 1462 2344 1514 tum
2377 1459 2675 1516 celebrare
2706 1476 2841 1516 cum
2873 1459 3111 1517 Judaeis.
3163 1462 3340 1532 Cujus
3392 1462 3700 1517 sententiae
3731 1479 3883 1519 con-

2217 1548 2477 1606 cordans
2507 1549 2725 1607 beatus
2776 1551 3159 1607 Innocentius
3203 1566 3368 1623 papa
3397 1551 3513 1607 ait:
3549 1570 3580 1605 ‹
3613 1551 3888 1610 Sabbato

2214 1638 2616 1713 jejunandam
2641 1655 2791 1708 esse,
2820 1639 2972 1695 ratio
3003 1639 3455 1696 evidentissima
3480 1640 3887 1698 demonstrat.

2220 1734 2366 1786 Nam
2396 1728 2444 1783 si
2474 1727 2635 1784 diem
2665 1728 3040 1784 Dominicum
3080 1728 3157 1784 ob
3214 1729 3611 1786 reverentiam
3645 1731 3890 1787 Domini

449 1814 548 1870 Dei
579 1816 849 1870 Romana
871 1812 1115 1870 suffulta
1138 1812 1271 1870 loco
1303 1818 1359 1871 et
1384 1818 1651 1887 tempore
1677 1814 1898 1870 talibus
1929 1813 2112 1869 utitur
2141 1829 2181 1883 Β
2220 1835 2342 1875 non
2368 1819 2737 1890 jejunamuS,
2773 1817 3106 1874 Sabbatum
3129 1819 3576 1890 praetermittere
3620 1835 3744 1875 non
3770 1819 3887 1877 de-

450 1903 682 1975 absque
708 1902 1073 1959 oﬁendiculo
1104 1908 1161 1958 et
1188 1904 1553 1960 conscientia
1583 1904 1835 1977 peccati.
1869 1902 1983 1960 Sed
2011 1905 2111 1958 Ec-

450 1991 631 2047 clesia
656 1994 1015 2060 Graecorum,
1040 1992 1136 2048 cui
1156 1992 1363 2049 omnia
1383 1993 1444 2048 in
1467 1993 1824 2050 scandalum
1853 1998 1908 2049 et
1925 1992 2113 2048 oﬂ‘en-

451 2078 721 2136 diculum
750 2080 1129 2137 conscientiae
1157 2097 1336 2137 versa
1371 2087 1528 2148 sunt,
1565 2098 1689 2139 non
1724 2083 1955 2155 absque
1985 2097 2108 2137 ma-

451 2167 589 2225 cula
639 2167 904 2224 criminis
956 2170 1178 2226 talibus
1225 2170 1512 2228 abutitur.
1568 2171 1710 2237 Quis
1763 2172 2110 2227 Latinorum

450 2273 589 2315 cum
621 2261 783 2315 tanto
815 2259 1015 2315 studio
1042 2263 1098 2316 et
1126 2259 1449 2317 attentione
1472 2260 1654 2317 utitur
1681 2261 1932 2333 porcino
1964 2276 2108 2317 san-

449 2349 650 2417 guine,
681 2350 831 2406 sicut
860 2349 1121 2423 populus
1154 2351 1488 2406 Graecorum
1513 2350 1540 2404 ?
1572 2353 1637 2407 Et
1666 2356 1729 2407 ut
1759 2350 1947 2406 oculis
1970 2366 2110 2423 pro-

448 2437 597 2511 priis
625 2437 908 2505 vidimus,
942 2455 1053 2512 pro
1094 2439 1349 2495 summis
1392 2444 1631 2512 reputat
1658 2439 1883 2496 deliciis
1915 2458 1927 2495 :
1961 2456 2108 2512 quo-

448 2527 557 2583 ties
608 2526 709 2583 illo
760 2528 1052 2597 sanguine
1110 2527 1402 2596 confecto,
1471 2528 1633 2601 quod
1694 2533 1758 2585 ut
1805 2528 2107 2584 credimus

448 2616 715 2689 cipuncti
745 2618 855 2688 (45)
903 2621 1122 2673 vocant
1159 2618 1221 2672 in
1277 2617 1400 2673 suis
1449 2617 1661 2690 epulis,
1707 2618 1870 2673 velut
1926 2634 2110 2674 canes

448 2705 978 2777 impudentissimi,
1028 2706 1383 2777 ingurgitari
1413 2712 1675 2780 possunt
1704 2708 1732 2764 ?
1762 2708 1905 2764 Item
1939 2723 2109 2763 num-

446 2794 598 2868 quid
621 2810 743 2851 non
792 2800 1039 2852 utuntur
1072 2796 1404 2864 suffocatis,
1455 2802 1513 2853 et
1560 2797 1753 2870 captis
1806 2813 1842 2854 a
1893 2798 2107 2867 bestia,

445 2883 695 2957 quando
752 2886 1044 2942 venatitiis
1092 2886 1396 2953 carnibus,
1449 2891 1514 2943 ut
1555 2886 1811 2959 leprum,
1854 2887 1956 2959 qui
2016 2902 2111 2943 ca-

443 2991 593 3031 num
617 2975 901 3032 dentibus
925 2976 1348 3049 prtefocantur,
1368 2981 1425 3033 et
1451 2976 1705 3033 aliorum
1728 2976 2107 3047 animalium,

443 3081 557 3121 nec
585 3081 708 3122 non
736 3071 794 3123 et
845 3067 1070 3137 avium,
1104 3084 1240 3140 quae
1276 3067 1497 3140 loqueo
1558 3072 1749 3140 captae
1805 3072 1966 3135 sunt,
2019 3067 2112 3123 vel

443 3156 577 3224 reti,
629 3162 688 3212 et
738 3156 1025 3213 manibus
1060 3173 1367 3229 aucupum
1422 3171 1633 3213 eorum
1686 3158 1886 3229 capita
1924 3161 2109 3212 retor-
2142 3188 2183 3242 ρ

447 3248 726 3316 queatur,
761 3249 819 3301 et
846 3249 971 3301 tam
1001 3244 1313 3315 diligenter
1340 3250 1396 3302 et
1448 3246 1680 3301 curiose
1736 3250 2060 3302 vescuntur
2084 3247 2112 3302 ‘2

451 3331 621 3388 Unde
650 3349 794 3403 ergo
816 3334 899 3389 eis
930 3337 1096 3390 tanta
1119 3335 1374 3403 insania,
1396 3339 1462 3392 ut
1489 3335 1628 3403 hoc,
1660 3335 1824 3408 quod
1848 3335 1959 3408 ipsi
1987 3339 2110 3391 tam

452 3437 695 3478 summo
727 3422 928 3479 studio
960 3428 1274 3495 peragunt,
1304 3424 1365 3480 in
1398 3441 1460 3481 se
1493 3424 1854 3497 approbent,
1886 3426 1947 3481 in
1980 3423 2109 3481 aliis

451 3511 793 3583 reprobent,
826 3512 1155 3578 derideant,
1188 3518 1246 3570 et
1274 3514 1602 3587 depravent
1626 3514 1653 3568 ?
1681 3514 2111 3571 Obmutescant

455 3600 668 3657 saltem
697 3617 859 3658 nunc
906 3618 1114 3658 eorum
1146 3602 1356 3659 dolosa
1385 3602 1569 3674 labia,
1622 3607 1680 3659 et
1724 3603 2110 3676 impudentes

454 3688 680 3746 frontes
709 3689 989 3747 decidant
1010 3693 1136 3763 jam
1170 3692 1449 3748 confusae.

528 3779 668 3836 Post
693 3780 857 3835 hunc
883 3782 1152 3854 sequitur
1172 3798 1368 3838 canon
1393 3782 1809 3853 sexagesimus
1839 3785 2111 3854 quartus,

456 3869 563 3940 qui
592 3870 675 3925 sic
704 3871 912 3945 incipit
944 3889 957 3927 :
995 3896 1020 3921 :<
1047 3873 1103 3927 Si
1129 3874 1265 3944 quis
1305 3872 1554 3928 clericus
1611 3873 1890 3928 inventus
1942 3870 2117 3926 fuerit

452 3959 735 4030 jejunans
765 3962 927 4018 diem
959 3960 1360 4034 Dominicum,
1390 3962 1482 4018 vel
1503 3962 1662 4018 diem
1692 3960 1935 4017 Sabbati
1967 3976 2117 4032 prae-

457 4053 547 4105 ter
571 4066 783 4123 unum,
818 4073 845 4103 ››
883 4057 993 4108 etc.

533 4141 884 4212 Respondeo
930 4160 942 4195 ;
987 4144 1188 4196 Canon
1233 4142 1341 4196 iste
1377 4157 1500 4197 non
1538 4144 1625 4197 est
1676 4139 2113 4212 apostolorum,

461 4229 567 4284 sed
596 4229 1026 4301 quorumdam,
1082 4230 1207 4302 qui,
1240 4234 1483 4303 propter
1528 4246 1779 4287 causam
1842 4228 2117 4301 superius

463 4318 860 4386 assignatam,
885 4319 1059 4374 talem
1085 4320 1439 4375 sententiam
1467 4319 2028 4392 promulgaverunt.
2061 4316 2117 4372 Si

461 4405 625 4461 enim
653 4409 807 4461 esset
832 4421 1027 4462 canon
1060 4408 1447 4480 apOStolicus,
1477 4409 1680 4465 {uisset
1734 4406 1939 4479 utique
1971 4409 2116 4460 tem-

459 4510 609 4569 pore
642 4493 916 4566 Sylvestri
947 4512 1138 4569 papae.
1174 4498 1413 4554 Constat
1439 4502 1662 4567 autem,
1694 4498 1860 4570 quod
1887 4496 1946 4553 in
2000 4495 2118 4550 die-

462 4585 582 4642 bus
615 4585 740 4640 suis
769 4590 933 4641 mota
963 4586 1071 4643 fuit
1095 4588 1348 4660 quaestio
1380 4603 1416 4643 a
1447 4587 1679 4656 Graecis,
1733 4588 1901 4660 quod
1951 4588 2117 4644 vide-

462 4672 601 4730 licet
627 4689 755 4731 non
776 4674 1073 4747 jejunaret
1113 4677 1465 4744 Sabhatum,
1498 4682 1712 4748 praeter
1768 4694 1979 4749 unum,
2038 4677 2119 4733 al-

464 4763 808 4834 legantihus
821 4765 1193 4837 quibusdam
1211 4766 1286 4822 de
1301 4764 1431 4835 lege
1448 4767 1663 4837 Moysis
1674 4808 1686 4830 ,
1702 4765 1853 4822 sicut
1867 4766 2122 4823 habetur

466 4855 531 4911 in
559 4856 690 4912 Vita
718 4856 906 4927 ipsius
930 4872 1103 4930 papae
1134 4875 1147 4923 ;
1177 4856 1283 4912 sed
1330 4871 1472 4912 cum
1516 4853 1751 4912 nullum
1802 4872 2121 4913 assensum

466 4946 737 5016 praebere
764 4946 1068 5015 voluisset,
1102 4945 1400 5017 Sylvester
1426 4959 1588 5017 papa
1617 4944 1699 5001 ait
1726 4962 1738 5001 :
1774 4968 1803 4998 «
1838 4947 1892 5004 Si
1924 4946 2121 5003 omnis

471 5036 815 5091 Dominicus
838 5035 1287 5091 resurrectionis
1318 5038 1407 5089 est
1428 5032 1718 5090 colendus
1747 5035 1804 5091 in
1833 5036 2123 5107 gaudium

471 5124 961 5191 Christianorum,
990 5128 1049 5180 et
1094 5124 1293 5179 omnis
1341 5122 1591 5180 Sabbati
1619 5123 1747 5180 dies
1801 5126 2122 5199 sepulturae

469 5219 553 5272 est
571 5215 958 5289 deputandus
989 5212 1068 5270 ad
1098 5212 1577 5269 exercitationem
1601 5213 1962 5271 Judueorum.
1990 5217 2125 5273 Om-

538 5376 586 5412 ⁵ο
613 5375 837 5434 Coloss.
868 5390 931 5444 ll,
962 5376 1043 5429 16.
1079 5375 1121 5409 ⁵⁸
1153 5373 1350 5430 Matth.
1384 5390 1481 5447 xv,
1518 5379 1600 5432 ll.
1635 5376 1682 5411 ³³
1739 5379 1865 5434 Act.
1899 5392 1937 5433 x
1974 5415 1987 5441 ,
2023 5381 2112 5433 l3.

535 5539 648 5612 (45)
666 5536 931 5665 Batrbara
951 5534 1117 5605 lexis,
1141 5534 1452 5606 fat-torum,
1478 5538 1817 5596 Blutwurst
1847 5539 1990 5597 oder
2009 5539 2119 5595 Ro-

535 5624 724 5665 nwurs
759 5650 770 5662 .

460 5624 770 5669 senwursr.

534 5700 644 5773 (46)
676 5698 860 5772 Epist.
897 5702 947 5768 t,
978 5695 1058 5756 ad
1080 5696 1450 5757 Decentium.

2219 1908 2435 1965 bemus
2463 1925 2475 1963 :
2509 1907 2676 1980 quod
2706 1907 2859 1963 inter
2884 1908 3181 1963 tristitiam
3208 1911 3263 1963 et
3291 1908 3564 1964 laetitiam
3591 1910 3884 1982 temporis

2219 1997 2377 2054 illius
2404 1996 2640 2053 videtur
2664 1996 3145 2053 inclusum.l\'am
3176 1997 3382 2070 utique
3404 1998 3709 2070 apostolos
3735 2014 3883 2056 con-

2222 2090 2339 2142 stat
2362 2084 2550 2141 biduo
2584 2084 2718 2150 isto,
2752 2090 2810 2140 et
2840 2085 2899 2141 in
2940 2100 3197 2141 maerore
3246 2084 3454 2153 fuisse,
3519 2090 3577 2142 et
3630 2093 3884 2160 propter

2219 2179 2447 2231 metum
2462 2174 2804 2230 Judteorum
2837 2190 2898 2229 se
2928 2173 3282 2229 occultasse.
3313 2174 3485 2240 Quod
3515 2174 3719 2249 utique
3752 2191 3880 2232 non

2220 2268 2307 2320 est
2335 2262 2609 2330 dubium,
2638 2263 2777 2318 etin
2807 2266 3037 2318 tantum
3063 2262 3376 2333 jejunasse
3428 2262 3615 2319 biduo
3647 2281 3881 2320 memo-

2217 2359 2369 2422 rato,
2401 2356 2466 2409 ut
2493 2351 2729 2408 traditio
2760 2350 3032 2407 Ecclesiae
3057 2350 3298 2419 habeat,
3323 2352 3435 2408 isto
3465 2351 3650 2409 biduo
3678 2370 3886 2410 sacra-

2218 2447 2425 2499 menta
2453 2442 2692 2515 penitus
2722 2456 2844 2497 non
2871 2440 3193 2496 celebrare.
3228 2442 3369 2507 Quae
3395 2442 3590 2498 forma
3622 2459 3728 2515 per
3760 2443 3878 2499 sin-

2220 2532 2387 2601 gulas
2418 2528 2841 2586 hebdomadas
2871 2533 2960 2585 est
2991 2528 3267 2585 tenenda.
3321 2529 3419 2585 Hic
3451 2530 3760 2603 loquimur
3791 2548 3885 2587 se-

2219 2620 2487 2675 cundum
2508 2617 2779 2689 modum,
2806 2618 2911 2690 qui
2933 2622 3071 2674 tunc
3094 2622 3239 2684 erat,
3267 2623 3510 2691 propter
3525 2620 3689 2692 quod
3713 2636 3886 2676 com-

2218 2708 2573 2765 memoratio
2599 2707 2754 2763 illius
2782 2707 2901 2779 (47)
2929 2706 3047 2762 diei
3077 2722 3314 2779 semper
3348 2711 3434 2763 est
3482 2707 3880 2766 celebranda.

2220 2798 2393 2865 Quod
2415 2797 2462 2853 si
2489 2801 2703 2871 putant
2725 2796 2928 2862 semel,
2958 2801 3138 2869 atque
3161 2812 3278 2852 uno
3312 2794 3572 2852 Sabbato
3588 2796 3668 2868 jej
3680 2813 3889 2853 unan-

2218 2888 2400 2953 dum;
2433 2902 2575 2959 ergo
2601 2891 2657 2943 et
2683 2886 2813 2941 dies
2842 2885 3175 2956 Dominica,
3207 2891 3265 2942 et
3293 2888 3459 2941 sexta
3489 2885 3658 2953 feria,
3693 2888 3887 2943 semel

2218 2976 2279 3032 in
2313 2976 2533 3032 Pascha
2567 2976 2675 3032 erit
2705 2974 2912 3047 utique
2944 2974 3322 3031 celebranda.
3360 2974 3415 3030 Si
3442 2978 3645 3030 autem
3681 2978 3881 3032 Domi-

2218 3066 2336 3123 nici
2367 3065 2503 3134 diei,
2531 3070 2637 3121 aut
2657 3068 2839 3121 sextae
2855 3065 3014 3120 terim
3038 3079 3144 3136 per
3166 3063 3435 3135 singulas
3456 3063 3876 3121 hebdomadas

2220 3153 2560 3228 reparanda
2589 3158 2677 3210 est
2700 3154 2926 3224 imago,
2972 3153 3269 3209 dementis
3321 3158 3428 3219 est,
3488 3152 3653 3209 bidui
3698 3170 3884 3221 agere

2220 3244 2736 3309 consuetudinem,
2789 3243 3054 3300 Sabbato
3101 3243 3522 3315 praetermisso,
3578 3257 3709 3296 cum
3748 3257 3878 3298 non

2221 3335 2529 3408 disparem
2551 3334 2772 3390 habeat
2802 3349 3073 3399 causam,
3099 3349 3134 3389 a
3151 3338 3319 3388 sexta
3338 3332 3507 3399 feria,
3535 3331 3595 3387 in
3619 3347 3743 3404 qua
3764 3333 3884 3387 Do-

2221 3423 2422 3480 minus
2452 3439 2670 3496 passus
2701 3426 2809 3491 est,
2841 3421 3090 3495 quando
3123 3426 3178 3477 ct
3208 3421 3374 3494 apud
3404 3421 3625 3477 inferos
3651 3419 3783 3487 fuit,
3815 3426 3887 3478 ut

2222 3513 2317 3569 die
2351 3514 2516 3569 tertia
2547 3527 2867 3583 resurgens
2897 3512 3173 3568 redderet
3191 3511 3479 3578 laetitiam,
3511 3517 3649 3584 post
3671 3509 3892 3568 bidua-

2221 3619 2367 3659 nam
2397 3603 2838 3676 praecedentem
2873 3602 3192 3659 tristitiam.
3225 3605 3351 3658 Non
3382 3616 3525 3672 ergo
3564 3616 3675 3657 nos
3705 3616 3893 3672 nega-

2223 3709 2381 3761 mus,
2417 3696 2643 3748 sextam
2676 3690 2884 3747 feriam
2915 3691 3316 3763 jejunandam
3343 3708 3355 3759 ;
3386 3691 3488 3746 sed
3520 3690 3803 3758 dicimus,
3838 3694 3895 3747 et

2227 3782 2490 3840 Sabbato
2522 3783 2637 3839 hoc
2668 3781 2999 3853 agendum,
3030 3781 3175 3854 quia
3202 3781 3387 3837 ambo
3418 3780 3545 3837 dies
3590 3780 3895 3837 tristitiam

2227 3872 2533 3944 apostolis,
2558 3888 2628 3927 ac
2653 3871 2724 3927 iis
2750 3871 2854 3944 qui
2877 3870 3176 3928 Christum
3201 3870 3386 3926 secuti
3413 3873 3573 3937 sunt,
3611 3892 3638 3919 ››
3660 3869 3896 3925 indixe-

2224 3966 2383 4028 runt,
2407 3962 2510 4034 qui
2532 3961 2625 4016 die
2646 3959 2951 4016 Dominica
2973 3959 3304 4031 exhilarati,
3329 3975 3452 4015 non
3474 3958 3668 4015 solum
3687 3958 3897 4031 ipsum

2227 4038 2496 4106 festivum
2524 4066 2652 4106 esse
2670 4049 3007 4119 voluerunt,
3031 4048 3139 4105 sed
3165 4049 3341 4104 etiam
3366 4063 3476 4120 per
3500 4063 3715 4104 omnes
3745 4047 3897 4105 heb-

2227 4140 2525 4196 domadas
2556 4138 3064 4212 frequentandum
3094 4153 3227 4194 esse
3253 4137 3551 4194 dixerunt.

2304 4233 2372 4285 lit
2393 4246 2535 4300 ergo
2552 4229 2625 4285 ad
2649 4229 2913 4302 primum
2934 4227 3182 4284 verbum
3204 4232 3482 4284 nostrum
3498 4230 3896 4298 revertamur,

2226 4335 2421 4376 cauon
2441 4319 2569 4389 iste,
2593 4335 2774 4391 quem
2799 4318 2982 4375 Graeci
3001 4316 3416 4391 apostolorum
3440 4333 3569 4373 esse
3593 4318 3900 4373 mentiun-

2228 4414 2341 4473 tur,
2377 4409 2422 4463 si
2453 4409 2661 4463 fuissct
2693 4414 2831 4463 tunc
2860 4407 3164 4480 temporis,
3193 4405 3524 4461 suffecisset
3552 4404 3668 4461 illis
3699 4405 3763 4460 in
3794 4406 3901 4461 ad-

2224 4499 2514 4570 jutorium
2547 4515 2669 4553 sua:
2701 4497 3020 4571 petitionis,
3056 4513 3162 4553 seu
3191 4494 3520 4569 opinionis,
3549 4495 3664 4551 hoc
3694 4494 3902 4551 decre-

2230 4591 2353 4642 tum
2369 4585 2786 4658 apostolicum,
2803 4584 2966 4657 quod
2983 4585 3268 4640 nimirum
3287 4582 3668 4639 immutabile
3687 4598 3904 4639 secun—

2228 4677 2376 4733 dum
2405 4692 2510 4732 eos
2543 4680 2856 4748 permanet
2881 4692 2894 4741 ;
2926 4675 3210 4741 maxime,
3238 4673 3288 4728 si
3311 4672 3473 4728 istud
3503 4672 3599 4728 Dei
3633 4672 3901 4744 apostoli

2230 4766 2688 4823 immutabiliter
2718 4764 3002 4821 omnibus
3035 4762 3406 4819 servandum
3429 4762 3896 4820 mandaverunt.

2233 4857 2374 4923 Quae
2404 4854 2515 4911 fuit
2538 4871 2680 4926 ergo
2711 4870 2918 4924 causa,
2945 4868 3080 4926 quae
3111 4868 3321 4909 eorum
3352 4850 3565 4906 clausit
3608 4850 3798 4920 labia,
3832 4856 3898 4909 ut

2231 4960 2354 5001 non
2383 4944 2678 5000 haberent
2703 4959 3016 5000 recursum
3060 4943 3119 4998 in
3151 4940 3369 4997 diebus
3401 4938 3516 4996 illis
3546 4940 3625 4996 ad
3657 4941 3899 4997 certitu-

2234 5034 2437 5091 dinem
2467 5033 2811 5107 apostolicae
2840 5031 3165 5089 sanationis
3184 5031 3212 5086 ξ)
3258 5028 3432 5085 Nulla
3460 5045 3709 5102 prorsus
3742 5030 3855 5087 iuit
3879 5048 3893 5086 :

2233 5125 2379 5197 quia
2403 5140 2513 5180 nec
2544 5124 2736 5180 editus
2765 5126 2907 5195 erat,
2941 5138 3053 5179 nec
3082 5136 3277 5178 canon
3310 5118 3428 5176 dici
3459 5123 3712 5192 poterat,
3749 5120 3897 5193 quia

2232 5230 2342 5273 nec
2368 5219 2512 5271 erat.

2300 5556 2413 5625 (47)
2446 5557 2590 5622 Quae
2619 5553 2824 5627 utique
2852 5551 3049 5627 forma
3072 5566 3182 5627 per
3205 5548 3474 5621 singulas
3508 5546 3784 5627 tenenda
3796 5551 3899 5627 est

2224 5619 2664 5758 hpbdomadas,
2678 5619 2924 5699 propter
2939 5624 3001 5682 id
3019 5619 3188 5698 quod
3203 5619 3702 5680 commemoratio
3725 5619 3891 5678 illius

2225 5715 2257 5755 e
2282 5715 2338 5756 c.
