2066 3190
96 187 155 216 569
352 205 366 216 ι

799 180 940 210 CONTRA
963 151 1118 208 (SRECOS.

1760 177 1814 206 570

137 248 198 279 Sed
225 247 440 283 octogesimus,
475 246 626 283 inquiunt,
661 246 713 283 qui
732 246 773 274 sic
801 245 904 281 incipit
924 252 930 271 :
948 243 972 269 Α
986 243 1079 271 verbo
1091 245 1226 279 etopere,
1239 242 1363 270 reddere
1379 242 1520 276 satagunt
1529 239 1768 276 animaequiores.
1779 240 1812 266 Et

103 306 118 321 α(
133 294 312 331 Episcopus,
328 293 376 321 vel
391 292 558 329 presbyter,
575 300 629 320 seu
643 292 790 320 diaconus
821 290 933 318 militiae

100 347 230 372 vacans,
247 349 260 363 n
276 341 344 372 etc.,
357 346 480 365 rursum
496 337 607 366 clamat
621 339 726 365 contra
740 335 869 365 Latinos.

118 379 934 420 Respondeo,sivimcanonisinspiciatlector,supposi-

100 431 132 458 to
149 429 240 457 etiam
255 430 328 464 quot
342 427 379 455 sit
393 426 723 464 apostolorum,Latinis
744 433 806 454 non
821 424 933 453 obviat.

103 474 182 508 Quia
188 481 243 501 nec
250 472 364 500 militiae
372 471 767 508 vacantepiscopinostri,eo
776 470 867 498 modo
874 477 934 506 quo

104 526 209 547 canon
215 517 561 554 accipit;nec[quisquam
568 515 680 553 eorum]
690 518 849 551 utrumque
856 514 935 551 prin-

107 563 239 598 cipatum
248 569 384 598 unquam
396 561 499 595 tenuit,
515 560 557 588 vel
573 561 661 594 tenet,
682 561 714 588 ut
728 559 818 587 simul
836 566 889 586 rex
908 560 937 586 et

107 606 248 634 sacerdOS
257 606 302 639 sit,
312 605 357 633 vel
365 608 495 638 vocetur,
503 605 562 633 nisi
570 604 770 641 spiritualiter,
781 602 937 631 sicutdicit

104 651 275 687 Scriptura:
289 651 456 678 Fecistinos
470 651 529 679 Deo
542 653 644 678 nostro
664 657 787 684 regnum
801 652 827 677 el
840 655 935 676 sacer-

101 697 219 724 dotium
227 696 260 722 ⁵³.
270 695 297 723 Si
309 703 379 723 vero
391 695 489 731 ipsam
503 695 750 729 exhortationem,
763 701 857 729 quam
870 692 937 720 fecit

100 740 235 768 Ecclesia
249 739 377 776 principi
391 739 537 774 sreculari,
555 739 599 767 vel
612 739 827 768 auctoritatem,
842 745 935 774 quam

101 785 167 819 dat,
180 784 227 812 vel
238 784 435 820 adiutorium,
446 784 529 820 quod
542 785 664 820 praestat
679 785 783 810 contra
798 790 935 818 perseeu-

99 829 201 857 tiones
216 829 311 865 ipsius
325 828 470 862 Ecclesiaa,
487 831 514 856 et
529 829 608 855 viros
625 827 782 861 nefandos,
800 826 935 854 militiam

100 876 256 910 reputant,
272 874 340 910 quis
356 873 387 900 in
406 873 463 901 hoc
479 881 539 901 non
555 872 739 900 offenditur?
759 873 861 899 Nonne
886 872 936 898 Ec-

102 918 195 946 clesia
212 919 383 945 Graecorum
399 918 451 945 dat
463 925 606 945 coronam
630 916 863 952 imperatoribus
889 922 936 949 ge-

102 962 250 991 standam
265 962 295 990 in
316 962 437 997 signum
457 961 694 999 pulchritudinis,
712 963 740 988 et
755 960 889 995 gladium
906 959 935 986 in

103 1015 199 1035 manu
215 1007 380 1035 tenendum
392 1007 430 1035 ad
445 1006 610 1034 vindictam
625 1005 782 1041 sanguinis
797 1011 936 1032 exercen-

104 1052 179 1080 dam
188 1052 203 1079 ?
216 1053 320 1080 Nonne
334 1060 403 1079 cum
414 1051 487 1087 ipsis
496 1051 612 1079 vadunt
623 1051 652 1078 in
660 1050 874 1083 exercitium,et
885 1057 937 1085 pu-

106 1097 241 1132 gnaturis
261 1096 404 1124 exhibent
414 1099 602 1124 sacramenta
614 1104 678 1127 sua,
689 1098 716 1123 et
727 1097 813 1123 orant
828 1103 882 1131 pro
894 1094 936 1122 eis

107 1142 284 1176 generaliter
299 1143 327 1168 et
341 1141 510 1177 specialiter
524 1143 555 1169 in
576 1144 691 1169 secreto
706 1141 798 1169 Μίδεω
824 1140 837 1167 ?
862 1140 937 1167 sicut

107 1186 250 1221 scriptum
267 1188 311 1213 est
329 1195 335 1213 :
353 1187 526 1218 «Memento,
540 1186 674 1215 Domine.
692 1185 899 1221 piissimorum
911 1186 939 1213 et

106 1230 353 1258 ﬁdelissimorum
366 1232 611 1266 imperatorum,»
625 1232 678 1258 etc.
692 1231 724 1257 Et
741 1232 807 1266 post
819 1236 936 1265 pauca:

108 1286 117 1299 ι
138 1275 256 1303 Robora
267 1283 373 1302 corum
399 1275 535 1308 brachia,
556 1275 655 1302 exalta
674 1282 779 1302 eorum
791 1274 938 1307 dextram,

106 1320 252 1348 confirma
263 1328 368 1348 eorum
381 1328 517 1355 regnum,
531 1320 644 1354 subjice
654 1320 695 1347 eis
713 1327 818 1347 omnes
830 1318 940 1346 barba—

105 1366 154 1393 l‘as
170 1366 363 1400 nationes,et
390 1374 442 1393 eos
470 1366 522 1402 qui
548 1365 627 1393 bella
653 1364 787 1397 volunt,»
801 1366 855 1391 etc.
884 1365 940 1391 Nec

105 1418 285 1438 recusamus
311 1414 471 1446 utrumque
501 1410 635 1445 gladium
666 1407 941 1443 essc,materialem

107 1455 224 1483 scilicet
239 1458 266 1483 et
282 1455 479 1491 spiritualem.
495 1455 551 1482 Sed
578 1463 672 1482 unum
698 1453 835 1481 concedit
858 1452 942 1480 militi

111 1500 153 1527 ad
171 1502 280 1526 nutum
292 1500 449 1527 sacerdotis
461 1500 662 1532 educendum,
678 1498 803 1526 alterum
815 1505 884 1525 vero
894 1504 943 1524 re-

113 1544 203 1572 tinuit
218 1544 281 1571 sibi.
297 1546 380 1580 Ecce,
405 1545 545 1581 inquiunt
568 1544 696 1580 apostoli
718 1544 748 1571 in
770 1542 940 1578 Evangelio:

111 1590 213 1624 gladii
225 1590 282 1618 duo
295 1589 378 1618 hic“.
392 1592 425 1618 Et
448 1598 553 1618 rursus
578 1590 705 1626 loquens
734 1589 770 1617 de
796 1587 941 1616 materiali

110 1634 604 1670 Dominusait:C’onverlegladium
619 1637 702 1662 tuum
718 1635 748 1661 in
764 1632 938 1669 vaginam“.

111 1679 243 1707 Dicendo
259 1683 352 1714 tuum,
371 1679 556 1708 materialcm
573 1678 706 1715 gladium
716 1677 941 1713 significat,quo

108 1727 300 1761 percusserat
311 1732 433 1762 servum
448 1724 593 1761 principis
607 1723 815 1751 Sacerdotum.
834 1723 873 1749 De
885 1721 943 1757 spi-

108 1769 209 1797 ritnali
225 1777 295 1797 vero
311 1769 426 1797 nemini
442 1769 522 1796 venit
536 1769 567 1796 in
596 1768 733 1801 dubium,
764 1775 834 1794 cum
863 1766 942 1793 idem

108 1815 191 1842 Petro
209 1822 262 1850 per
277 1814 440 1849 cujusdam
458 1813 649 1850 specialitatis
675 1813 803 1849 apicem,
828 1811 943 1846 ligandi

109 1861 200 1895 atque
208 1859 344 1887 solvendi
355 1860 704 1895 concessitpotcstatem.
721 1856 944 1893 Uterqueigitur

110 1904 231 1939 gladius
252 1904 388 1933 Ecclesiae
415 1904 549 1933 traditur.
581 1903 638 1931 Sed
655 1903 693 1930 ab
719 1903 786 1939 ipsa
813 1901 943 1929 Ecclesia

112 1957 195 1976 unus
211 1949 394 1977 exercendus
412 1958 418 1982 ;
436 1949 521 1984 alius,
538 1949 613 1976 sicut
629 1955 720 1983 supra
734 1946 875 1980 diximus,
888 1953 943 1981 pro

114 1993 246 2021 Ecclesia
259 2002 353 2021 manu
367 1993 520 2021 saecularis
540 1993 681 2029 principis
697 1990 883 2019 eximendus.
913 1992 943 2017 In

116 2046 179 2074 quo
194 2045 262 2073 ergo
276 2040 382 2074 peccat
397 2038 538 2072 Ecclesia,
558 2038 580 2065 si
598 2045 653 2064 suo
667 2037 733 2071 jurc
751 2036 840 2063 utitur
856 2043 873 2062 a
889 2035 943 2062 Do-

113 2083 197 2111 mino
211 2083 266 2111 sibi
277 2091 438 2111 conccesso
451 2084 464 2111 ?
478 2084 603 2119 Uterque
613 2082 705 2116 igitur
716 2080 845 2116 gladius.
861 2079 943 2107 utdi-

112 2130 195 2155 ctum
221 2130 274 2162 est,
288 2128 327 2156 ad
354 2127 516 2155 Ecclesiam
542 2127 677 2163 pertinet,
706 2128 734 2153 et
760 2125 797 2152 de
817 2126 943 2160 utroque

112 2172 271 2208 disposuit,
286 2172 361 2200 sicut
372 2172 429 2200 sibi
439 2172 566 2204 videtur,
579 2171 615 2199 ad
630 2171 785 2198 tuitionem
796 2168 942 2203 fidelium,

111 2220 139 2245 et
150 2217 324 2253 reipublicae
339 2216 610 2245 conservationem.

147 2262 248 2294 Quam
264 2261 440 2296 dignitatem
460 2269 512 2288 seu
528 2261 705 2296 potestatem
734 2260 944 2288 Constantinus
961 2281 981 2307 θ

110 2307 232 2343 primus
247 2306 480 2334 Christianorum
495 2306 657 2342 imperator
674 2304 834 2340 providens
844 2305 873 2332 in
887 2304 944 2340 spi-

110 2351 172 2378 ritu
181 2359 251 2379 mox
263 2353 425 2387 postquam
437 2350 477 2378 ad
486 2351 576 2378 [idem
586 2357 749 2377 conversus
759 2352 812 2382 est,
823 2349 945 2377 contulit

111 2403 151 2423 eo
159 2395 251 2423 modo
258 2396 356 2423 cidem
364 2395 500 2423 Ecclesiae
508 2394 609 2427 libere,
624 2401 685 2430 quo
699 2401 790 2429 supra
803 2394 832 2421 in
839 2396 946 2429 quarta

109 2441 309 2469 distinctione
324 2441 416 2476 hujus
432 2440 532 2476 operis
550 2439 667 2476 plenius
683 2441 727 2467 est
751 2446 941 2474 expressum.

111 2485 260 2519 Quamvis
274 2485 354 2513 enim
370 2485 496 2521 quidam
512 2484 714 2521 prtelatorum,
731 2491 784 2519 pro
807 2483 891 2510 terris
919 2485 947 2510 et.

108 2530 300 2565 regionibus,
316 2538 391 2566 quas
405 2530 444 2558 ad
457 2537 529 2557 usus
541 2528 678 2557 Ecclesiae
692 2528 827 2563 retinent,
840 2535 947 2555 vocen-

110 2578 162 2603 tur
177 2575 280 2610 duces,
299 2574 434 2608 comites,
451 2582 504 2602 seu
521 2572 722 2607 marchiones,
743 2574 771 2600 ct
797 2572 946 2599 interdum

107 2619 284 2656 procedunt
297 2620 328 2647 in
351 2618 581 2655 expeditionem,
608 2620 708 2645 tamen
737 2625 847 2644 manus
875 2624 946 2644 suas

109 2671 234 2700 semper
241 2664 371 2692 mundas
381 2662 576 2691 custodiunta
583 2662 729 2697 sanguine
741 2664 944 2697 peccatorum.

108 2710 177 2738 Non
194 2708 275 2736 enim
289 2707 490 2745 pugnantipsi
498 2706 696 2744 personaliter
707 2706 758 2734 sed
766 2705 945 2742 pugnaturis

109 2753 256 2782 ﬁdelibus
283 2755 387 2781 contra
410 2752 530 2789 iniquos
544 2752 781 2787 assistentes,eos
796 2750 848 2786 sic,
873 2752 946 2786 puta

986 287 1036 321 ita,
1048 295 1117 324 quae
1130 287 1255 316 Caesaris
1279 289 1349 315 sunt
1373 287 1483 315 Caesari
1501 285 1685 322 persolvunt,
1695 286 1724 313 et
1743 291 1810 321 quas

988 335 1057 360 sunt
1068 332 1128 367 Dei,
1140 333 1200 360 Deo
1221 332 1370 360 exhibent.

1023 377 1063 405 De
1073 376 1203 412 bigamis
1216 379 1326 410 autem,
1337 379 1365 405 et
1384 376 1472 409 ultra,
1487 375 1575 403 nobis
1586 374 1682 403 brevis
1693 374 1811 402 incum—

986 422 1206 458 bitresponsio.
1227 422 1283 450 Aut
1305 422 1384 450 enim
1407 421 1460 457 qui
1482 420 1553 449 talia
1576 420 1750 453 statuerunt,
1774 418 1812 446 de

987 467 1150 501 elericis,et
1162 474 1223 495 non
1241 466 1277 494 de
1296 466 1389 499 Iaicis,
1408 465 1530 501 intelligi
1550 464 1729 493 voluerunt:
1751 465 1812 497 aut,

988 512 1059 540 side
1076 512 1217 540 omnibus
1235 511 1445 548 accipiendum
1472 512 1526 544 est,
1545 509 1582 537 de
1603 509 1660 536 illis
1682 507 1752 536 solis
1768 507 1813 535 lo-

988 560 1130 593 quuntur,
1147 557 1198 593 qui
1214 556 1331 584 vivente
1347 556 1447 592 prima
1468 554 1649 583 contrahunt
1667 561 1737 581 cum
1757 560 1814 580 se--

989 602 1098 637 cunda,
1110 605 1138 630 et
1148 602 1249 630 tertia:
1262 604 1313 630 aut
1328 604 1414 635 certe,
1427 602 1460 629 ut
1473 600 1598 637 quidam
1614 606 1720 626 eorum
1741 604 1814 625 sane

987 646 1259 683 interpretatisunt,
1272 648 1385 674 nonest
1397 646 1454 674 hoc
1475 643 1685 680 accipiendum
1706 642 1743 671 de
1766 649 1815 670 co-

988 691 1060 728 pula
1070 691 1355 725 matrimoniali,sed
1364 690 1401 718 de
1412 689 1621 718 benedictione
1634 686 1814 716 nubentium

989 739 1017 764 et
1027 736 1213 764 solemnitate
1223 736 1480 772 nuptiarum,qum
1494 734 1578 762 aliter
1601 740 1673 767 erga
1693 732 1813 763 viduas,

989 781 1072 809 aliter
1083 788 1154 815 erga
1163 780 1290 815 virgines
1297 780 1484 808 observatur.
1494 778 1544 806 Cui
1553 779 1641 806 etiam
1660 775 1814 804 sententiae

989 826 1171 854 concordare
1180 825 1297 853 videtur
1306 824 1402 853 littera
1421 823 1556 857 canonis,
1572 822 1624 858 qui
1639 821 1710 849 dicit
1725 830 1755 848 ;‹‹
1773 821 1814 847 De

988 871 1100 906 nuptiis
1129 869 1241 906 pluries
1267 869 1421 897 celebratis
1456 870 1556 904 patres
1589 864 1812 898 conticuerint,»

955 925 975 951 Β
989 917 1044 943 etc.
1058 915 1086 942 Si
1105 917 1216 947 autem,
1239 914 1369 942 utGi-zeci
1391 914 1561 945 autumant,
1586 909 1758 946 simpliciter
1786 910 1814 936 et

989 959 1266 994 nudcintelligenda
1275 958 1445 986 suntverba
1456 957 1590 991 canonis,
1604 954 1687 983 verbi
1707 953 1813 988 gratia,

989 1007 1021 1031 ut
1031 1004 1156 1037 dicatur,
1166 1011 1227 1031 non
1237 1003 1325 1031 licere
1334 1002 1450 1031 homini
1470 1001 1568 1038 prima
1586 1007 1676 1028 uxore
1695 999 1816 1026 mortua.

990 1049 1241 1077 contraherecnm
1256 1048 1399 1080 secunda,
1424 1047 1561 1078 dicimus,
1583 1044 1666 1081 quod
1690 1051 1757 1070 cum
1779 1042 1816 1070 sit

990 1095 1093 1121 contra
1104 1093 1272 1122 doctrinam
1281 1092 1426 1130 Apostoli,
1438 1094 1466 1120 et
1477 1091 1605 1119 salutem
1613 1089 1813 1119 infirmorum,

990 1139 1073 1166 nulla
1083 1139 1198 1167 ratione
1221 1139 1310 1167 debet
1328 1137 1531 1166 exaudiri.Ait
1553 1135 1633 1163 enim
1655 1131 1815 1169 Apostolus

990 1183 1029 1211 ad
1041 1184 1206 1212 Corinthios
1218 1184 1330 1212 Mulier
1340 1187 1380 1211 est
1399 1183 1527 1218 alligata
1542 1178 1751 1215 legi,quana'iu
1768 1176 1817 1204 vir

990 1236 1061 1256 suus
1072 1229 1154 1257 vivit.
1163 1230 1301 1257 Siaulem
1309 1231 1442 1256 mortuus
1455 1226 1558 1262 fuerit,
1573 1225 1622 1253 cui
1631 1223 1696 1252 vult
1710 1221 1814 1256 nubat,

992 1275 1109 1301 tantum
1121 1274 1152 1300 in
1161 1273 1285 1301 Domino
1295 1274 1328 1301 ⁵⁵.
1343 1272 1487 1300 Dominus
1502 1276 1623 1306 quoque
1640 1268 1670 1295 in
1687 1268 1816 1300 Evange-

992 1317 1031 1345 lio
1042 1317 1079 1345 de
1091 1318 1224 1349 muliere,
1232 1326 1299 1354 qnze
1308 1314 1585 1345 causasuscitandze
1593 1312 1684 1350 prolis
1701 1313 1817 1347 septem

992 1363 1073 1390 viros
1089 1362 1193 1391 fratres
1220 1363 1387 1390 successive
1406 1361 1564 1394 habuerat,
1577 1366 1639 1386 non
1662 1355 1818 1390 redarguit

993 1406 1083 1435 talem
1098 1407 1237 1443 copulam
1262 1407 1348 1435 toties
1373 1406 1541 1442 repetitam,
1558 1403 1611 1431 sed
1631 1404 1747 1429 tantum
1769 1406 1817 1427 er-

993 1460 1118 1480 roneam
1130 1452 1303 1488 Opinionem
1317 1460 1420 1480 eorum
1432 1450 1605 1487 quifuturas
1612 1445 1746 1475 carnales
1759 1452 1816 1471 nu—

995 1496 1072 1531 ptias
1080 1497 1110 1523 in
1118 1504 1208 1531 regno
1222 1497 1371 1532 justorum
1391 1494 1601 1532 sperabant“.
1619 1494 1690 1519 Item
1714 1491 1817 1518 Sama‘

995 1541 1109 1575 ritanae,
1127 1550 1193 1578 quae
1209 1542 1308 1578 plures
1321 1542 1400 1569 viros
1416 1540 1572 1572 habuerat,
1592 1538 1678 1573 juxta
1692 1537 1817 1571 puteum

994 1585 1177 1621 loquens,de
1186 1586 1235 1614 illo
1247 1586 1309 1614 solo
1328 1586 1410 1614 illam
1429 1584 1592 1619 redarguit,
1616 1588 1706 1618 quem
1728 1586 1817 1606 suum

996 1638 1057 1659 non
1082 1639 1145 1659 esse
1174 1631 1271 1659 virum
1300 1630 1442 1659 divinitus
1474 1628 1626 1657 intellexit.
1648 1626 1693 1654 Ait
1726 1623 1816 1652 enim:

998 1676 1134 1712 Quinque
1149 1677 1227 1704 viros
1245 1676 1386 1708 habuisti,
1401 1678 1427 1704 et
1446 1675 1536 1708 hunc,
1550 1680 1634 1710 quem
1651 1670 1746 1703 habes,
1758 1675 1818 1696 non

997 1723 1039 1748 est
1057 1724 1126 1749 tuus
1136 1722 1218 1749 vir“.
1236 1721 1374 1757 Copulari
1391 1728 1462 1755 ergo
1472 1718 1608 1755 pluribus
1618 1715 1736 1744 vicibus
1753 1720 1820 1740 suc-

998 1766 1110 1793 cessive
1123 1774 1183 1794 non
1198 1769 1241 1794 est
1253 1766 1448 1802 prohibitum,
1465 1764 1517 1792 sed
1528 1769 1715 1794 concessum;
1730 1759 1820 1786 etiam

998 1812 1091 1838 status
1099 1810 1205 1839 talium
1214 1818 1274 1838 non
1283 1813 1326 1839 est
1339 1807 1600 1840 condemnandus,
1621 1805 1673 1833 sed
1696 1803 1820 1832 toleran-

998 1854 1138 1887 dus,cum
1158 1855 1257 1883 necab
1278 1855 1378 1890 aliquo
1400 1853 1522 1882 homine
1542 1850 1635 1887 possit
1656 1847 1819 1885 prohiberi,

998 1899 1026 1927 id
1039 1899 1120 1935 quod
1131 1907 1184 1935 per
1195 1899 1318 1935 Spiritus
1331 1898 1458 1934 gratiam
1467 1904 1521 1934 pro
1531 1896 1623 1924 salute
1631 1894 1821 1922 inﬁrmorum

998 1944 1148 1971 cernimus
1159 1952 1222 1971 esse
1239 1943 1399 1971 indultum.

1034 1989 1104 2015 Item
1117 1988 1258 2023 qiitm'itur
1269 1996 1285 2015 a
1300 1987 1417 2020 Griecis,
1434 1987 1569 2014 Potestne
1592 1984 1653 2012 ﬁeri
1669 1983 1822 2018 dispensa-

998 2033 1037 2061 tio
1050 2033 1175 2068 alicujus
1186 2032 1316 2060 concilii?
1326 2031 1354 2060 Si
1364 2031 1476 2066 dicunt,
1486 2029 1569 2067 quod
1579 2036 1650 2062 non,
1663 2027 1730 2064 quis
1751 2033 1822 2061 ergo

1000 2080 1167 2107 Graecorum
1180 2077 1354 2111 salvabitur,
1367 2076 1475 2113 posito,
1487 2074 1570 2111 quod
1581 2073 1640 2101 sint
1650 2073 1681 2100 in
1692 2071 1751 2099 ﬁde
1776 2078 1822 2098 ca-

998 2123 1138 2154 toholica,
1156 2130 1209 2150 seu
1227 2122 1395 2150 orthodoxa
1411 2128 1480 2148 vere
1501 2117 1699 2147 obedientes‘?
1721 2118 1823 2144 Nonne

998 2171 1103 2197 contra
1114 2169 1204 2196 istum
1215 2175 1374 2199 canonem,
1383 2168 1411 2194 et
1420 2166 1485 2194 illos
1498 2172 1588 2200 supra
1596 2163 1719 2199 positos,
1729 2161 1824 2197 quoti-

999 2213 1046 2241 die
1057 2213 1194 2241 vcniunt?
1205 2212 1233 2240 Si
1244 2212 1356 2245 dicunt,
1365 2211 1445 2247 quod
1455 2210 1507 2243 sic;
1520 2209 1584 2242 sed,
1592 2209 1616 2235 si
1626 2207 1767 2243 praelatus
1774 2205 1825 2234 ali-

997 2257 1182 2294 quis,multo
1200 2257 1297 2292 magis
1309 2263 1447 2283 summus
1466 2253 1610 2290 pontifex,
1628 2251 1679 2288 qui
1697 2252 1825 2287 potesta-

998 2304 1058 2330 tem
1071 2301 1263 2338 plenitudinis
1276 2301 1390 2328 obtinet
1400 2308 1418 2328 a
1432 2299 1555 2332 Christo,
1570 2296 1721 2325 mediante
1741 2296 1824 2323 Petro

1000 2346 1144 2383 apostolo.
1159 2348 1263 2383 Dequa
1273 2345 1390 2382 require
1401 2352 1492 2380 supra
1502 2345 1610 2380 quarta.
1626 2340 1823 2369 distinctione.

1036 2394 1149 2419 interea
1162 2390 1348 2419 consulimus
1359 2389 1467 2418 Graecis
1479 2396 1587 2417 aurum
1608 2385 1760 2422 sapientius
1786 2383 1825 2412 ab

1001 2436 1129 2464 Ecclesia
1142 2435 1280 2463 Romana
1291 2442 1399 2469 emere,
1411 2440 1504 2469 quam
1516 2431 1735 2468 despiciunt,ut
1746 2428 1827 2456 locu-

1000 2480 1093 2517 pletes
1106 2480 1191 2514 ﬁant,
1203 2481 1231 2507 et
1250 2478 1421 2514 caliginosis
1437 2476 1532 2504 oculis
1552 2474 1708 2510 collyrium
1728 2480 1826 2508 appo-

1001 2527 1074 2553 nant
1086 2534 1092 2552 :
1105 2527 1136 2552 ut
1146 2525 1177 2552 in
1193 2523 1315 2560 speculo
1329 2522 1404 2551 sacri
1421 2520 1532 2557 Eloquii
1545 2520 1622 2548 clare
1636 2517 1826 2554 inspicientes

1000 2572 1216 2605 recognoscant
1231 2570 1397 2596 Romanam
1414 2565 1581 2597 ecclesiam,
1600 2571 1668 2600 quae
1689 2561 1826 2590 omnium

1001 2614 1200 2642 Hcclesiarum
1223 2615 1312 2649 caput
1335 2614 1387 2647 est,
1405 2612 1527 2647 insuper
1551 2612 1579 2637 et.
1598 2608 1744 2643 magistra
1768 2614 1826 2634 :eo

1000 2659 1083 2697 quod
1110 2659 1150 2687 nil
1175 2658 1204 2686 in
1226 2658 1312 2685 dictis
1349 2654 1529 2690 evangelicis
1560 2656 1588 2682 et
1615 2652 1825 2690 Epistolarum.

1000 2707 1029 2733 et
1054 2704 1144 2732 etiam
1167 2703 1336 2735 doctorum,
1363 2700 1547 2729 contrarium
1580 2698 1703 2733 invenit,
1732 2697 1825 2734 quod,

1000 2748 1230 2785 interpretative,
1241 2747 1288 2775 vel
1312 2745 1517 2782 dispensative
1540 2743 1708 2773 secundum
1736 2745 1827 2771 statu-

149 2811 175 2829 "
188 2813 282 2848 Apoc.
298 2812 385 2848 v.10.
434 2811 457 2828 ⁵⁸
472 2811 541 2838 Luc.
565 2817 636 2842 χχιι,
662 2810 706 2837 38.
753 2809 777 2826 ⁵⁵
792 2808 879 2837 Joau.
897 2815 978 2843 xvui,
995 2806 1039 2842 ll,
1090 2807 1113 2825 ⁵³
1130 2808 1139 2835 1
1161 2807 1225 2835 Cor.
1241 2813 1287 2839 vn,
1304 2806 1347 2833 39.
1399 2804 1421 2821 ‘7
1436 2803 1536 2832 Matth.
1557 2811 1628 2838 xxn,
1648 2803 1682 2830 24
1705 2808 1790 2838 seqq.

111 2847 137 2865 ⁵⁵
150 2848 238 2876 Joan.
253 2855 293 2880 1v,
312 2847 355 2874 18.
