4132 6386
487 340 579 394 (in

481 356 579 460 ἓαὶἷ
1714 356 2211 462 ΡΑΝΤᾹιΕοΝἱὲ
2253 360 2539 460 enicem
2577 403 2684 459 cr.

3817 403 3929 456 572

481 508 541 605 ta
566 533 913 605 sanctorum
942 530 1207 599 Patrum,
1234 529 1296 586 in
1328 531 1549 587 unitate
1578 504 1828 603 Spiritus
1853 504 1973 585 non
2020 543 2134 582 con
2169 527 2216 579 A
2248 526 2588 597 nominant,
2621 544 2758 601 quas
2789 526 3004 583 dicitur
3033 525 3251 582 furtiva
3279 523 3484 588 fuisse,
3514 522 3927 581 similiterdic-

480 617 709 675 cordat.
1626 674 1627 679 η

494 705 1014 781 ,,,ζ)ἱειίιιειι,θίιιθει⁹
1062 709 1266 783 itaque
1305 692 1455 766 inter
1479 726 1550 767 ea
1571 727 1705 784 quae
1745 708 2137 783 dispensatio-

479 809 623 873 nem
636 796 959 868 recipiunt,
985 797 1178 862 etilla,
1202 814 1338 871 quae
1359 799 1526 856 aliter
1547 816 1609 855 se
1630 800 1854 856 habent
1878 798 2135 855 dicimus

478 883 818 969 quodsunt
841 891 1145 957 praecepta
1166 887 1375 963 primae
1397 888 1791 965 necessitatis,
1813 903 1949 961 quas
1990 884 2134 943 assi—

478 972 690 1051 milant
720 970 997 1031 animam
1021 978 1161 1042 Deo,
1208 978 1360 1032 sicut
1404 982 1706 1049 praecepta
1749 974 2049 1044 Decalogi;
2079 980 2136 1030 et

478 1060 727 1141 illanon
751 1063 1043 1135 recipiunt
1063 1064 1595 1139 dispensationem.
1619 1069 1761 1123 Item
1811 1070 1952 1121 sunt
1981 1079 2132 1141 prae-

478 1138 651 1229 cepta
684 1151 965 1209 secundae
997 1138 1389 1225 necessitatis,
1411 1160 1475 1211 ut
1496 1172 1654 1211 unus
1696 1148 1798 1210 uni
1846 1138 2135 1225 jungatur

482 1239 691 1319 et‘hasc
709 1232 1079 1313 quandoque
1106 1242 1347 1299 fuerunt
1372 1244 1739 1317 dispensata,
1773 1250 1835 1300 ut
1858 1248 2019 1316 patet
2073 1240 2132 1296 in

478 1333 646 1409 patre
678 1329 1002 1400 Abraham,
1029 1338 1084 1386 et
1113 1332 1321 1395 Jacob.
1360 1334 1563 1397 David.
1593 1339 1647 1389 et
1700 1332 1830 1388 aliis
1887 1330 2128 1399 sanctis,

477 1418 581 1501 qui
606 1418 879 1488 pluribus
912 1420 1216 1491 conjuncti
1246 1423 1506 1480 fuerunt-
1537 1425 1684 1480 Sunt
1735 1429 1792 1478 et
1833 1426 2133 1495 praecepta

476 1505 661 1587 tertia!
685 1508 1084 1577 necessitatis,
1109 1515 1171 1565 ut
1189 1514 1276 1577 est
1299 1517 1505 1566 votum
1528 1510 1931 1567 voluntarium
1950 1509 2131 1564 ethoc

481 1594 882 1677 quadruplex,
914 1597 1315 1658 continentiae.
1349 1598 1672 1669 religionis.
1732 1595 2130 1665 abstinentize,

476 1683 996 1764 peregrinationis.
1033 1689 1155 1741 Duo
1187 1687 1385 1757 prima
1414 1703 1549 1755 non,
1565 1685 1858 1760 recipiunt
1888 1685 2130 1757 dispen-

477 1770 775 1848 sationem
802 1774 911 1843 (48)
941 1791 954 1839 ;
985 1771 1102 1829 alia
1134 1774 1257 1829 duo
1289 1775 1604 1848 recipiunt,
1657 1792 1793 1830 cum
1844 1771 2132 1847 aequipol-

2245 618 2374 671 tum
2407 632 2700 673 canonem
2736 620 3201 673 renovaverunt.
3238 618 3441 687 Itaque
3487 629 3682 685 usque
3733 612 3923 668 hodie

2245 703 2505 761 Ecclesia
2532 698 2873 761 Graecorum
2890 721 3011 763 non
3024 720 3310 760 concessa
3326 702 3611 776 pOSSldet,
3645 706 3824 768 tenet,
3861 707 3925 758 et

2244 791 2447 858 utitur,
2484 793 2634 851 sicut
2663 798 2843 867 patet.
2882 794 3023 860 Quis
3057 793 3218 848 enim
3269 792 3331 847 in
3388 791 3745 864 pontiﬁcatu
3806 793 3924 847 Ro-

2244 897 2440 963 manae
2472 882 2627 938 sedis
2660 883 2854 955 potuit
2885 898 2947 937 se
2971 881 3305 955 exspoliare
3327 886 3621 953 potestate
3645 880 3917 951 propria,

2244 974 2301 1025 et
2330 968 2476 1026 dare
2506 969 2673 1027 alteri
2701 971 2729 1027 ?
2758 976 2820 1026 ut
2851 971 2965 1026 sint
2992 972 3061 1043 in,
3086 987 3206 1025 uno
3232 985 3483 1043 corpore
3514 967 3637 1023 duo
3687 967 3916 1041 capita,

2243 1057 2463 1115 scilicet
2484 1060 2542 1114 in
2570 1060 2832 1115 Ecclesia
2861 1059 2993 1124 Dei;
3024 1062 3134 1115 Res
3164 1044 3370 1131 utique
3402 1062 3810 1113 monstruosa.

2314 1149 2461 1204 Item
2490 1165 2503 1203 :
2540 1149 2593 1205 Si
2622 1148 2962 1205 habuerunt
2993 1148 3050 1204 in
3077 1149 3211 1221 jure
3241 1164 3312 1204 ex
3364 1148 3419 1203 vi
3467 1146 3917 1203 constitutionis

2242 1237 2304 1291 in
2319 1236 2587 1293 secunda
2601 1237 2833 1310 synodo
2844 1238 3161 1309 factaequaa
3176 1239 3504 1292 necessitas
3519 1235 3628 1291 fuit
3642 1241 3916 1307 repetere

2242 1325 2303 1382 in
2331 1332 2545 1397 quarta
2569 1329 2598 1380 ?
2629 1335 2705 1394 et,
2741 1329 2787 1381 si
2816 1326 2873 1382 in
2907 1333 3123 1400 quarta
3156 1325 3742 1380 obtinueruntsuum
3770 1341 3912 1396 pro—

2243 1416 2506 1487 positum
2537 1416 2740 1480 Grmci,
2773 1432 2959 1488 quare
2988 1415 3200 1469 iterum
3234 1413 3289 1468 in
3308 1413 3743 1486 sextasynodo,
3767 1429 3912 1485 quae

2242 1509 2378 1575 post
2410 1504 2596 1559 multa
2629 1509 2897 1577 tempora
2944 1504 3073 1570 fuit,
3108 1503 3220 1558 hoc
3278 1502 3438 1557 idem
3489 1501 3857 1574 repetierunt
3885 1502 3917 1558 ?

2242 1593 2371 1646 Non
2386 1591 2490 1647 fuit
2505 1591 2641 1653 alia,
2662 1594 2770 1648 nisi
2785 1594 2928 1664 quia
2948 1592 3315 1662 urgebateos
3329 1606 3517 1662 prava
3533 1606 3741 1646 eorum
3769 1606 3920 1647 con-

2243 1679 2510 1759 scientia,
2544 1681 2689 1756 quia
2719 1681 2917 1737 videre
2947 1686 3243 1754 poterant,
3270 1688 3326 1736 et
3350 1696 3456 1754 per
3479 1678 3916 1736 conciliaintel-

2240 1768 2442 1839 ligere,
2479 1772 2637 1845 quol
2683 1770 2880 1827 nullus
2913 1788 3108 1827 canon
3140 1772 3405 1841 vigorem
3442 1775 3500 1825 et
3560 1769 3909 1826 ﬁrmitatem

478 1846 647 1943 lenti.
675 1862 823 1917 Sunt
853 1861 1101 1934 insuper
1121 1869 1177 1919 ct
1200 1846 1430 1938 quartae
1460 1864 1849 1931 necessitatis,
1869 1869 1933 1920 ut
1960 1861 2130 1918 insti-
2158 1884 2202 1940 Β
2241 1859 2463 1916 obtinet
2491 1861 2777 1935 aliquam,
2814 1856 2922 1916 nisi
2952 1860 3217 1917 favorem
3245 1861 3465 1935 pariter
3497 1866 3552 1915 et
3583 1875 3907 1916 assensum

480 1947 738 2031 ultiones
765 1946 1148 2022 praelatorum
1179 1971 1191 2020 ;
1220 1959 1277 2010 et
1315 1952 1446 2010 haec
1495 1953 1791 2027 recipiunt
1818 1953 2128 2024 dispensa-

474 2026 720 2121 tionem,
747 2040 986 2111 quoties
1013 2046 1069 2097 et
1113 2042 1362 2114 quando
1394 2043 1477 2098 eis
1526 2026 1635 2115 pro
1687 2058 1870 2099 causa
1926 2038 2051 2096 utili
2074 2044 2130 2095 et

475 2116 839 2209 necesSaria.
882 2128 1118 2186 videtur
1150 2131 1458 2207 expedire.

552 2215 721 2273 Hisce
758 2216 832 2272 sit
877 2217 1262 2285 habentidus,
1320 2226 1376 2277 et
1423 2221 1530 2276 rite
1582 2219 1911 2287 intellectis,
1970 2222 2129 2291 patet

474 2305 691 2391 solutio
732 2302 810 2363 ad
843 2306 1125 2380 plurima,
1158 2326 1295 2383 quae
1326 2310 1595 2389 nondum
1649 2311 1825 2369 etiam
1885 2308 2128 2364 fuerunt

470 2386 840 2477 quaesitaDe
862 2395 954 2453 his
980 2403 1200 2470 autem,
1223 2416 1357 2477 quae
1371 2386 1704 2474 sequuntur
1733 2404 1788 2456 et
1809 2397 1883 2454 de
1917 2398 2127 2477 mulie-

470 2482 638 2567 ribus
671 2490 1075 2558 menstruatis,
1105 2493 1161 2567 et
1200 2505 1337 2562 quae
1387 2486 1803 2560 ingrediuntur
1850 2488 2126 2561 chorum,

472 2574 715 2651 propter
736 2571 827 2628 sui
856 2572 1289 2651 ignobilitatem
1316 2575 1590 2631 auditum
1624 2581 1908 2648 praestare
1963 2572 2129 2630 nolu-

472 2650 609 2745 mus
643 2677 656 2715 :
684 2650 794 2716 nisi
826 2666 1057 2718 tantum
1087 2650 1159 2719 de
1191 2664 1535 2737 patriarcha
1589 2663 2129 2739 Constantinopoli-

470 2753 637 2833 tano,
658 2750 761 2824 qui
785 2769 909 2808 sure
940 2754 1238 2825 superbiae
1260 2754 1600 2831 consulens,
1635 2755 1834 2829 plures
1866 2754 2009 2825 ﬁngi
2048 2753 2129 2809 fe-

470 2830 549 2913 cit
573 2830 835 2897 canones
868 2842 999 2899 talis
1022 2843 1385 2910 ambitionis,
1404 2849 1466 2901 ut
1491 2860 1671 2917 super
1692 2860 1900 2900 omnes
1930 2842 2112 2916 praela

470 2932 560 3015 tos
604 2929 876 3009 videatur
903 2932 1202 3003 praelatus.
1238 2936 1421 2991 Vocat
1448 2940 1648 2989 autem
1681 2950 1743 2988 se
1775 2933 2128 3005 οἰκουμενικόν

470 3016 900 3090 patriarcham,
934 3021 989 3075 id
1036 3029 1121 3079 est
1152 3023 1551 3080 orbicularem
1581 3023 2037 3093 patriarcham:
2072 3024 2130 3077 et

626 3104 687 3163 in
709 3096 923 3180 quarta
949 3108 1327 3168 distinctione
1345 3108 1523 3182 hujus
1544 3112 1760 3185 operis,
1778 3111 1920 3167 satis
1942 3108 2016 3165 de
2055 3125 2126 3189 eo

514 3190 843 3253 isnutatum
866 3198 1163 3253 sit.tamen
1187 3199 1471 3253 adhucjn
1488 3201 1943 3253 detestationem
1959 3204 2013 3253 et
2030 3214 2126 3253 su-

514 3190 1163 3301 isputatum‘sitdamen
1187 3199 1943 3277 adhuc,inldetestationem
1959 3204 2013 3254 et
2030 3214 2126 3253 su-

469 3274 818 3353 gilationem
840 3286 1018 3356 hujus
1033 3274 1275 3360 superbi
1290 3274 1775 3362 nominis,pauca
1788 3294 2128 3361 repetemus

540 3371 652 3439 (49)
685 3372 886 3429 Canon
910 3374 1015 3430 iste
1037 3376 1111 3431 de
1155 3376 1485 3433 ambitione
1533 3364 1706 3434 dictae
1752 3364 1910 3431 sedis
1933 3374 2128 3430 editus

468 3458 577 3514 fuit
600 3459 658 3515 in
690 3452 955 3518 secunda
987 3466 1241 3537 synodo,
1268 3452 1421 3523 clam
1458 3482 1698 3522 summo
1729 3454 2030 3539 pontiﬁce,
2063 3468 2128 3518 ut

467 3547 752 3617 magister
786 3549 957 3631 Hugo
995 3553 1343 3609 Etherianus
1390 3552 1588 3619 refert,
1642 3553 1730 3608 vir
1778 3553 1983 3623 utique
2023 3565 2124 3604 sa-

465 3636 658 3707 piens,
710 3642 767 3693 et
812 3641 1036 3711 peritus
1079 3641 1136 3696 in
1202 3632 1454 3715 utraque
1500 3641 1724 3709 lingua.
1797 3638 2125 3714 Responsio

467 3742 653 3797 supra
675 3726 842 3783 estin
866 3729 1133 3786 secunda
1178 3731 1413 3802 synodo
1450 3731 1508 3785 in
1553 3731 1691 3786 fine.
1714 3731 1781 3785 Et
1823 3730 1967 3803 quia
1996 3725 2122 3783 fieri

464 3830 586 3869 non
613 3818 823 3887 potuit,
844 3834 953 3874 nec
982 3819 1212 3887 debuit,
1246 3808 1377 3891 ipso
1401 3820 1555 3876 facto
1601 3820 1909 3876 suscitavit
1948 3833 2122 3873 scan-

463 3902 672 3959 datum
696 3906 1562 3967 etdiscordiaminterGraacos
1623 3914 1680 3965 et
1726 3908 1958 3964 Latinos
2002 3921 2124 3961 non

473 3992 805 4057 modicam,
830 4011 1021 4067 usque
1041 3996 1114 4050 ad
1144 4003 1412 4070 tempora
1438 4014 1610 4070 papae
1632 3996 1840 4066 Vigilii.
1885 3995 2122 4050 Nullum

469 4086 672 4159 tamen
697 4083 746 4138 is
768 4082 1031 4141 favorem
1061 4085 1485 4156 praebuitdicto
1511 4087 1749 4154 canoni,
1796 4084 1961 4157 quod
2011 4099 2124 4138 nos

465 4171 716 4237 scimus,
742 4170 923 4227 etiam
957 4173 1119 4237 dato,
1168 4174 1325 4247 quod
1376 4174 1660 4246 possetin
1703 4173 2121 4246 prtejudicium

460 4257 971 4328 praedecessorum
998 4277 1244 4317 suorum
1264 4262 1531 4334 praebere
1551 4266 2122 4318 assensumJnterea

460 4352 598 4419 post
619 4347 977 4419 Ephesinam
1015 4350 1348 4406 celebratur
1367 4358 1583 4422 quarta
1599 4348 1871 4423 synodus
1897 4352 1952 4406 in
1978 4349 2123 4406 civi-

458 4430 576 4491 tate
600 4434 973 4492 Chalcedone
1004 4437 1092 4492 :in
1120 4454 1240 4510 qua
1270 4438 1516 4511 quidem
1564 4439 1868 4497 Anatolius
1899 4438 2118 4513 praesul

459 4524 639 4592 regiae
673 4523 855 4582 urbis.
882 4530 1023 4582 satis
1055 4527 1171 4593 egit
1198 4544 1307 4599 pro
1338 4529 1675 4600 principatu:
1710 4530 1801 4585 sui
1847 4529 2121 4585 sacerdo—

2241 1949 2463 2005 summi
2496 1950 2784 2025 Pontificis
2806 1946 3092 2005 obtineat.
3120 1951 3198 2005 De
3226 1965 3351 2022 quo
3379 1965 3562 2021 supra
3591 1948 3649 2004 in
3685 1954 3908 2021 quarta

2237 2037 2633 2094 distinctione.
2670 2039 2838 2093 Unde
2870 2040 3053 2094 istum
3068 2044 3697 2110 canonem,tanquam
3726 2038 3904 2094 inuti-

2234 2125 2354 2182 lem
2385 2134 2439 2183 et
2464 2120 2677 2183 furtive
2708 2128 3008 2183 intrusum
3044 2133 3412 2199 respuentes,
3446 2126 3721 2196 dicimus,
3752 2127 3908 2183 sicut

2236 2216 2383 2273 alias
2414 2236 2425 2272 :
2461 2234 2674 2272 omnes
2709 2216 3274 2289 illos,quiasscrunt
3301 2218 3640 2272 Romanum
3659 2216 3904 2288 pontiﬁ-

2236 2321 2365 2363 cem
2395 2321 2518 2361 non
2540 2321 2669 2362 esse
2695 2310 2878 2378 caput
2912 2305 3262 2360 universalis
3298 2305 3713 2377 Ecclesiaa,per
3735 2305 3905 2361 viam

2234 2383 2513 2450 incedere
2543 2394 2951 2451 damnationis
2983 2395 3071 2449 vel
3122 2394 3477 2468 perditionis
3522 2401 3579 2450 et
3636 2411 3768 2450 esse
3825 2394 3908 2451 de

2236 2499 2491 2539 numero
2523 2486 2685 2544 Core.
2723 2483 2974 2551 Dathan,
3010 2489 3065 2539 et
3098 2484 3321 2539 Abiron
3351 2483 3905 2551 schismaticorum,

2236 2573 2340 2646 qui
2369 2572 2427 2628 in
2460 2572 2701 2642 signum
2725 2572 3135 2629 damnationis
3163 2578 3401 2629 aeternae
3433 2571 3911 2645 absorptisunta

2237 2668 2413 2719 terra.

2311 2750 2391 2806 De
2422 2746 2819 2807 celebratione
2850 2736 3050 2807 autem
3082 2751 3271 2807 Missae
3298 2749 3355 2806 in
3388 2748 3905 2819 Quadragesima,

2237 2838 3060 2912 etdequibusdamaliis,non
3108 2840 3565 2912 respondemus,
3602 2844 3727 2895 tum
3754 2841 3908 2912 quia

2237 2928 2451 2985 frivola
2482 2934 2623 2984 sunt
2653 2936 2778 2985 tum
2810 2929 2953 2998 quia
2985 2930 3046 2985 in
3077 2930 3293 2985 furtiva
3336 2928 3572 3001 synodo
3600 2927 3676 2984 de
3705 2928 3903 2986 Trullo

2238 3014 2503 3073 similiter
2535 3018 2824 3073 fabricata
2852 3025 3008 3073 sunt.
3029 3014 3899 3089 Siveroobjiciuntnobisillud

2237 3100 2539 3163 decretum
2558 3113 2731 3163 sextae
2747 3106 2985 3179 synodi,
3002 3108 3165 3180 quod
3182 3124 3342 3179 papa
3360 3106 3654 3163 Adrianus
3678 3123 3898 3180 appro-

2235 3192 2429 3252 bavit:
2465 3198 2616 3265 Quia
2646 3199 2707 3252 in
2739 3212 2803 3253 eo
2834 3203 3126 3253 statutum
3160 3204 3242 3253 est
3279 3203 3412 3261 ,etc.
3456 3203 3511 3252 et
3536 3195 3677 3252 illud
3713 3199 3896 3250 Inno-

2236 3286 2431 3349 centii,
2466 3287 2854 3363 Renovantes,
2893 3291 3024 3341 etc..
3064 3276 3540 3359 Respondemus.
3570 3284 3733 3357 quod
3789 3282 3895 3339 illa

2236 3374 2542 3446 propriam
2572 3374 3116 3447 interpretationem
3133 3374 3555 3429 etcatholicam
3576 3372 3896 3444 recipiunt,

2236 3468 2293 3519 et
2322 3478 2443 3519 non
2476 3465 2807 3518 secundum
2842 3480 3094 3534 pravum
3125 3463 3486 3519 intellectum
3519 3465 3888 3519 Graecorum.

2235 3552 2366 3607 Alia
2395 3567 2534 3607 vero
2563 3551 2923 3607 discussioni
2950 3542 3435 3625 jurisperitorum
3467 3550 3786 3607 etarbitrio
3808 3568 3901 3606 re-

2233 3638 2607 3712 linquamus.

2304 3730 2421 3800 (50)
2457 3733 2764 3801 Tempore.
2804 3747 2926 3802 quo
2984 3728 3511 3787 victoriosissimus
3570 3732 3902 3804 imperator

2235 3820 2679 3887 Constantinus,
2720 3826 3123 3883 cognomento
3162 3819 3612 3884 Monomachus,
3657 3820 3897 3892 imperii

2232 3907 2653 3980 perspicaciter
2667 3908 3898 3980 moderabaturdignitatibus,eratquidam

2232 3996 2477 4053 Michael
2503 3995 3177 4069 Constantinopolitanae
3194 3997 3355 4053 sedis
3388 3998 3731 4070 patriarcha
3753 3999 3898 4054 acti-

2231 4083 2347 4141 bus
2369 4091 2423 4142 et
2449 4085 2747 4141 intellectu
2772 4085 3174 4155 stultissimus,
3198 4086 3323 4159 qui,
3354 4093 3530 4158 prout
3556 4086 3739 4142 verba
3766 4088 3897 4158 ejus

2233 4180 2615 4234 attestantur.
2654 4174 3053 4230 haeresiarcha
3086 4174 3302 4246 potius,
3334 4191 3520 4248 quam
3552 4175 3901 4249 patriarcha

2233 4263 2955 4325 esseomnibusinnotuit.
2974 4262 3237 4320 Hiclmva
3260 4265 3541 4320 suasione
3564 4264 3654 4319 sui
3689 4262 3896 4320 cordis

2231 4359 2728 4419 exactus,sanctae
2752 4356 3035 4408 Romana;
3051 4353 3207 4408 sedis
3225 4354 3655 4409 Encharistiam
3683 4354 3895 4411 nefan-

2230 4442 2383 4497 diter
2406 4442 2761 4501 intamabat.
2798 4448 3055 4497 tractans
3081 4442 3488 4514 secum,quod
3504 4442 3717 4499 melius
3740 4449 3899 4499 esset

2232 4533 2569 4587 Graecorum
2600 4531 2982 4586 sacrificium.
3017 4547 3201 4604 quam
3238 4532 3602 4598 Latinorum,
3628 4548 3697 4587 eo
3725 4533 3893 4604 quod

460 4604 540 4667 tii.
579 4615 642 4669 Et
681 4613 872 4669 factus
909 4622 997 4672 est
1026 4616 1163 4671 inde
1210 4632 1433 4673 canon.
1490 4621 1702 4675 Verum
1748 4620 1891 4693 quia
1941 4617 2119 4687 legati
2153 4601 2192 4654 θ
2227 4619 2339 4691 ipsi
2371 4620 2813 4683 fermentatum,
2839 4626 2894 4676 et
2925 4601 3195 4675 Romana
3230 4620 3506 4689 Ecclesia,
3536 4627 3601 4675 ut
3630 4620 3710 4676 ab
3744 4601 3893 4693 apo-

462 4702 670 4757 Leonis
700 4702 873 4775 primi
912 4704 1148 4761 viriliter
1177 4706 1557 4775 obstiterunt,
1576 4708 1740 4782 petiit
1762 4715 1950 4764 totum
1979 4723 2116 4762 eon~

458 4788 660 4871 cilium
693 4806 801 4863 pro
851 4809 935 4854 se.
971 4800 1026 4849 et
1052 4796 1375 4868 imperator
1418 4812 1707 4861 seorsum,
1738 4813 1847 4852 nec
1898 4812 2016 4851 non
2062 4801 2119 4851 et

460 4876 657 4935 dictus
690 4882 1001 4938 Anatolius
1036 4901 1070 4939 ξι
1097 4884 1256 4940 dicto
1291 4888 1479 4940 Leone
1508 4884 1808 4941 humiliter
1854 4884 1992 4940 dicti
2024 4901 2117 4940 ca-

457 4969 632 5024 nonis
664 4970 1208 5030 conﬁrmationem.
1239 4974 1350 5030 Sed
1383 4969 1521 5029 cum
1552 4990 1762 5029 omnes
1796 4990 1999 5046 pret-es
2028 4975 2115 5028 in-

455 5072 702 5114 cassum
729 5061 1028 5119 caderent.
1064 5063 1351 5118 remansit
1381 5062 1576 5117 dictus
1603 5077 1797 5117 canon
1841 5062 2116 5116 inﬁrmus

454 5152 511 5202 et
538 5146 761 5203 inutilis
791 5149 865 5204 de
884 5150 1037 5220 jure,
1062 5152 1168 5206 etsi
1198 5168 1318 5206 non
1346 5151 1419 5206 de
1443 5150 1618 5217 facto,
1644 5157 1820 5222 prout
1847 5167 2033 5223 supra
2056 5154 2113 5206 in

453 5224 673 5307 quarta
694 5236 1093 5306 distinctione,
1112 5246 1165 5295 et
1189 5238 1246 5294 in
1272 5247 1482 5312 quarta
1500 5241 1735 5313 synodo
1758 5239 2111 5295 continetur.

455 5314 784 5395 Nam,sicut
802 5343 988 5400 supra
1006 5328 1200 5385 dictus
1224 5329 1534 5384 Anatolius
1558 5328 1857 5400 superbus
1890 5328 2115 5385 alienas

457 5412 630 5469 s‘edes
645 5410 934 5487 paulatim
960 5426 1013 5470 et
1033 5406 1259 5472 occulte
1280 5418 1517 5488 rapiens
1541 5434 1652 5471 suo
1674 5417 1804 5471 illos
1826 5410 2009 5472 ausus
2028 5423 2114 5475 est

454 5500 675 5557 addere
701 5500 1027 5575 pontiﬁcio;
1051 5507 1107 5559 in
1136 5505 1372 5576 synodo
1395 5521 1861 5578 quoquc,quam
1879 5513 2110 5574 sextam

766 5628 769 5633 .
812 5612 819 5619 '
893 5620 899 5631 ε
994 5606 998 5619 '
1074 5612 1079 5627 r
1118 5614 1121 5619 -
1168 5624 1169 5627 η
1224 5610 1229 5631 α
1419 5632 1422 5635 _
1466 5614 1471 5619 -
1848 5614 1851 5623 .
1926 5620 1931 5627 ,

674 5646 786 5727 gur
806 5620 925 5727 non
949 5630 1536 5727 auctoritatensummi
1560 5626 1887 5727 pontificis?
1908 5653 2092 5727 srrzw.

525 5720 634 5793 (49)
677 5718 812 5773 Haec
839 5718 1049 5775 addita
1069 5725 1210 5776 sunt
1227 5736 1264 5776 a
1290 5720 1590 5803 Fratribus
1612 5722 2104 5790 Praedicatoribus

2227 4706 2393 4763 stolis
2426 4715 2758 4778 acceperat,
2791 4724 3072 4779 azymum
3112 4708 3435 4765 sacriﬁcat.
3480 4711 3710 4765 Interea
3740 4710 3889 4767 dum

2227 4797 2505 4869 praefatus
2537 4797 2897 4869 patriarcha.
2926 4797 3284 4853 utlibellisui
3299 4798 3499 4870 apices
3516 4806 3889 4868 asseverant,

2227 4885 2588 4941 sacrificium
2624 4885 2962 4941 Latinorum
3014 4902 3247 4951 irgnere
3261 4890 3601 4944 conaretur.
3620 4888 3735 4942 hoc
3751 4904 3889 4943 san-

2225 4974 2535 5029 ctissimus
2569 4977 2677 5029 Leo
2707 4990 2863 5047 papa
2898 4978 2957 5030 IX
2990 4977 3263 5041 audiens,
3295 4992 3459 5032 more
3492 4975 3662 5031 solito
3685 4976 3762 5031 ad
3788 4993 3888 5033 ne-

2225 5062 2474 5120 fandam
2498 5062 2906 5120 alterationem
2929 5064 3735 5137 exstirpandam,dominum
3763 5068 3889 5122 Ste-

2226 5151 2500 5224 phanum
2530 5152 2953 5208 cancellarium
2986 5152 3504 5222 religiosissimum
3536 5154 3729 5210 virum
3782 5154 3888 5228 qui

2226 5242 2429 5297 tertius
2454 5247 2588 5313 post
2613 5257 2750 5297 eum
2782 5258 2946 5314 papa
2969 5244 3255 5298 Romanae
3273 5243 3431 5298 sedis
3454 5243 3694 5308 exstitit,
3709 5250 3768 5300 et
3783 5245 3887 5301 ho-

2224 5338 2408 5385 nestae
2435 5329 2592 5385 sedis
2621 5330 2988 5402 pontiﬁcem,
3021 5337 3077 5386 et
3106 5348 3242 5386 cum
3294 5331 3406 5387 illis
3461 5332 3701 5388 Petrum
3757 5332 3887 5389 Mcl-

2223 5419 2537 5492 phitanum
2571 5420 2947 5490 magistrum,
2985 5425 3039 5475 et
3074 5420 3282 5477 doctos
3314 5422 3883 5495 cumsuiSnpicibus

2224 5508 2570 5564 transmisit.
2607 5508 2715 5575 Qui
2748 5508 3467 5582 Constantinopolitanam
3527 5510 3740 5567 urbem
3798 5515 3884 5568 in-

2226 5636 2329 5724 qui
2363 5640 2721 5723 superiorae
2749 5650 2911 5707 libris
2944 5638 3715 5724 EthérirtniaxCerpserpnt,
3840 5694 3847 5707 .

2287 5727 2398 5795 (50)
2442 5720 2573 5779 Htec
2602 5728 2744 5780 sunt
2796 5724 3174 5782 Pantaleonis
3204 5740 3386 5787 meras
3416 5720 3654 5782 fabulae.
3703 5720 3870 5783 Bssx.
