4132 6430
422 365 528 424 575

1660 360 2138 423 PANTALEONIS
2175 361 2463 422 DIACONI
2501 365 2603 422 ΟΡ.

3734 362 3842 420 576

420 487 1259 563 luminosius,quodpositum
1273 494 1362 548 est
1383 489 2072 564 adprincipiaorbister-
2106 519 2153 574 Α
2187 487 2265 544 ad
2293 489 2409 544 hoc
2441 492 2504 545 ut
2532 490 2748 558 essent,
2782 489 2837 544 et
2866 487 3071 544 omnia
3103 487 3181 544 ad
3212 486 3536 544 essentiam
3589 486 3846 543 deduxit

422 595 526 649 rae,
557 580 664 653 qui
689 581 776 635 est
805 595 842 637 a
868 579 1296 653 ﬁnibususque
1309 581 1386 638 ad
1401 581 1647 638 ﬁneszin
1670 595 1791 654 quo
1820 579 2074 636 miracu-

421 669 621 727 lorum
643 673 701 726 ct
731 669 950 726 animae
977 669 1244 726 utilitatis
1270 670 1499 727 deliciis
1515 687 1580 727 se
1609 671 1848 742 explent
1871 669 2072 725 omnia

421 757 611 815 corda
637 757 932 815 ﬁdelium.
961 759 1072 816 Sed
1093 775 1256 816 nunc
1285 776 1554 834 quoquc,
1589 764 1654 817 ut
1682 774 1937 833 semper,
1969 756 2076 814 mi-

424 862 617 904 serere
644 850 865 904 nostrae
896 847 1268 920 humilitatis,
1306 849 1765 923 quiesexcelsus
1799 863 2076 905 assessor

423 935 591 1007 regni
615 935 920 1004 caelorum,
950 941 1007 993 et
1035 953 1278 995 exorere
1318 939 1495 995 nobis
1529 937 1950 1012 splendoribus
1979 935 2079 991 be-

427 1023 630 1096 nignaa
662 1031 776 1079 tuae
807 1024 1220 1098 providentiae,
1249 1027 1352 1099 qui
1379 1043 1415 1084 a
1443 1026 1708 1096 benigno
1741 1030 1860 1082 Deo
1909 1040 2078 1082 acce-

421 1111 564 1185 pisti
625 1111 1081 1184 benignitatem,
1130 1115 1388 1186 benigne
1409 1115 1650 1172 Michael
1680 1116 1956 1188 princeps
1976 1113 2083 1169 mi-

422 1195 588 1258 litiae.
620 1203 730 1269 Qui
759 1218 822 1258 es
856 1203 1008 1258 lecta
1035 1208 1091 1259 et
1138 1203 1462 1276 luminosa,
1526 1205 1996 1276 signiﬁcansque
2029 1205 2086 1258 et

423 1289 745 1363 splendida
793 1292 961 1349 stella
987 1291 1130 1349 solis
1159 1292 1382 1362 gloriae.
1401 1293 1512 1360 Qui
1530 1293 2082 1364 esfortissimuspu-

422 1384 640 1450 gnator
665 1387 719 1436 et
756 1386 1174 1454 propugnator
1205 1399 1274 1438 ac
1306 1382 1589 1440 defensor
1618 1399 1827 1439 eorum
1846 1381 1951 1455 qui
1972 1384 2082 1436 Do-

421 1469 656 1525 minum
683 1468 957 1540 diligunt.
989 1471 1099 1536 Qui
1127 1471 1408 1544 provides
1444 1477 1500 1528 et
1517 1472 1832 1545 prospicis,
1859 1486 2083 1544 eosque

418 1557 597 1614 ﬁrmo
623 1561 728 1614 tuo
753 1559 1086 1631 patrocinio
1131 1560 1389 1631 adjuvas
1416 1566 1473 1617 et
1517 1560 1812 1625 defendis,
1866 1561 1971 1633 qui
2028 1565 2081 1615 te

420 1645 725 1717 invocant,
755 1651 812 1703 et
841 1664 1067 1718 magno
1113 1649 1412 1706 desiderio
1443 1651 1520 1706 ad
1536 1655 1588 1706 te
1604 1649 1968 1706 acceduntin
1999 1649 2083 1704 di-

417 1733 625 1790 vinam
651 1740 816 1792 tuam
846 1737 1039 1794 aedem
1079 1743 1137 1794 et
1181 1739 1445 1794 maxime
1500 1739 1934 1794 venerandam.
1995 1741 2078 1793 Tu

2185 582 2240 633 et
2271 577 2597 640 constituit,
2631 593 2827 651 eaque
2861 576 3321 650 comprehendit
3349 581 3406 632 et
3436 577 3719 644 continet,
3751 577 3844 631 di-

2183 667 2322 738 rigit
2350 672 2407 724 et
2431 666 2615 738 ducit,
2642 667 2838 724 ferens
2866 667 2993 724 solo
3022 671 3173 724 nutu
3227 682 3351 722 suae
3399 665 3737 739 majestatis
3784 669 3844 721 et

2185 758 2482 830 potentiae.

2259 849 2347 902 IV.
2388 847 2579 918 Atque
2596 847 2856 919 primum
2872 845 3138 920 quidem,
3159 845 3581 902 convenienter
3603 844 3846 917 etquod

2187 934 2331 992 dicit
2350 935 2692 1005 Theologus
2713 937 3053 1006 Gregorius,
3069 940 3265 992 mente
3278 934 3523 1003 agitavit
3537 934 3847 1005 angelicas

2190 1029 2250 1082 et
2271 1023 2537 1081 caelestes
2558 1028 2885 1097 potestates
2909 1042 2922 1079 :
2952 1029 3008 1081 et
3031 1024 3196 1097 quod
3217 1028 3416 1080 mente
3439 1024 3705 1094 agitavit,
3733 1022 3846 1079 fuit

2191 1129 2346 1188 opus
2374 1114 2560 1171 verbo
2593 1113 2981 1187 completum,
3014 1119 3070 1170 et
3099 1113 3307 1186 spiritu
3338 1113 3693 1186 perfectum.
3728 1112 3850 1168 Sic-

2190 1219 2310 1278 que
2327 1204 2716 1260 constiterunt
2735 1204 2982 1261 secundi
2999 1203 3371 1276 splendores,
3391 1202 3642 1258 ministri
3663 1201 3850 1274 primi

2193 1293 2549 1366 splendoris,
2583 1294 2707 1349 sive
2736 1293 3130 1365 intelligentes
3162 1293 3558 1364 spiritus,sive
3615 1292 3847 1360 ignem,

2182 1387 2396 1456 .utpote
2426 1383 2690 1439 materiae
2723 1388 3022 1456 expertem
3055 1387 3111 1438 et
3141 1379 3715 1454 incorporeum,sive
3747 1379 3854 1435 ali-

2190 1488 2379 1544 quam
2410 1471 2589 1528 aliam
2621 1477 2922 1539 naturam,
2955 1471 3118 1545 quod
3151 1487 3340 1544 quam
3367 1469 3636 1542 proxime
3665 1469 3744 1524 ad
3775 1483 3855 1524 ea

2191 1575 2324 1632 quze
2349 1560 2511 1616 dicta
2540 1564 2696 1628 sunt,
2731 1561 2998 1623 accedat,
3029 1575 3131 1616 eos
3159 1559 3501 1614 existimare
3550 1561 3850 1631 oporteat.

2189 1649 2332 1705 Volo
2353 1651 2618 1722 quidem,
2653 1650 2866 1723 inquit,
2894 1649 3083 1704 dicere
3109 1664 3210 1704 eos
3223 1649 3485 1721 primum
3511 1647 3588 1702 ad
3614 1647 3852 1702 malum

2186 1737 2547 1804 immobiles,
2582 1744 2638 1794 et
2665 1741 2769 1811 qui
2800 1740 3001 1794 solum
3030 1738 3257 1794 habent
3283 1737 3428 1793 boni
3479 1742 3730 1803 motum,
3781 1744 3854 1792 ut

417 1823 691 1880 illumina
723 1830 957 1881 nostros
1001 1827 1394 1898 intelligentes
1417 1828 1614 1883 cordis
1637 1827 1867 1893 oculos,
1899 1835 1962 1883 ut
1992 1827 2078 1882 in-
2110 1864 2148 1917 Β
2188 1829 2291 1900 qui
2323 1828 2441 1884 sint
2471 1829 2629 1883 circa
2663 1831 2869 1899 Deum,
2904 1834 2960 1884 et
2988 1829 3183 1900 primo
3214 1843 3252 1883 a
3282 1830 3401 1883 Deo
3432 1827 3852 1892 iluminantur,

422 1911 787 1982 telligamus,
814 1919 1133 1987 menteque
1161 1917 1693 1989 apprehendamus
1725 1921 1781 1972 et
1811 1916 2078 1972 enuntie-

423 2015 583 2069 mus,
604 2000 811 2072 quoad
837 2003 965 2073 ejus
993 2002 1120 2060 ﬁeri
1144 2008 1382 2076 poterit,
1416 2004 1708 2060 miracula
1741 2008 1854 2060 tua;
1887 2003 2075 2073 maje-

423 2088 614 2145 statis.
642 2091 788 2145 Nam
820 2106 924 2162 per
944 2095 998 2146 te
1022 2094 1303 2149 universa
1327 2094 1575 2167 copiosa
1591 2093 1863 2149 omnium
1886 2091 2075 2146 bono-

421 2192 559 2234 rum
589 2179 995 2250 suppeditatio
1017 2180 1196 2238 datur
1219 2183 1296 2237 ab
1319 2181 1709 2253 omnipotenti
1745 2179 1844 2236 Dei
1876 2180 2076 2251 provi-

424 2265 648 2335 dentia,
678 2266 750 2322 iis
775 2269 878 2340 qui
903 2269 966 2324 in
995 2274 1049 2325 te
1081 2275 1324 2342 sperant
1349 2271 1498 2327 citra
1537 2270 1723 2326 ullam
1754 2268 2077 2325 dubitatio-

424 2369 584 2427 nem,
619 2360 676 2412 et
700 2372 761 2412 se
783 2356 1099 2416 conferunt
1123 2360 1200 2416 ad
1224 2376 1470 2416 omnem
1494 2359 1579 2415 tui
1609 2357 2040 2414 laudationem.

495 2444 583 2500 lll.
644 2445 795 2511 Quid
849 2451 1050 2504 autem
1098 2449 1448 2518 cogitantes,
1479 2453 1582 2504 aut
1611 2447 1832 2520 quibus
1882 2446 2078 2502 verbis

425 2537 658 2591 utentes
676 2535 995 2608 imprimis,
1020 2540 1350 2610 poterimus
1375 2537 1737 2593 sufﬁcienter
1767 2535 2079 2592 ostendere

425 2622 645 2679 divinae
674 2625 1068 2698 providentiae
1094 2631 1151 2684 et
1174 2626 1561 2698 benignitatis
1591 2625 1891 2682 inﬁnitum
1924 2624 2083 2697 pela-

423 2716 566 2783 gus?
593 2714 684 2769 Ad
713 2716 979 2786 primum
1010 2717 1171 2772 enim
1200 2715 1432 2774 bonum
1466 2720 1522 2772 et
1559 2715 1724 2788 quod
1782 2715 2081 2787 praecipue

423 2801 623 2872 primo
655 2809 958 2876 operatur,
994 2805 1200 2877 quoad
1229 2806 1358 2874 ejus
1391 2803 1519 2860 ﬁeri
1576 2807 1791 2876 potest,
1848 2807 2082 2874 oportet

424 2895 627 2962 aperte
649 2907 862 2951 omnes
889 2895 1105 2951 extolli.
1136 2894 1544 2968 Principaliter
1571 2909 1714 2964 ergo
1764 2897 1822 2949 et
1877 2896 2080 2966 aperte

424 2982 482 3034 et
505 2995 578 3036 ex
602 2981 808 3038 debito
837 2984 1132 3042 debemus
1159 2989 1356 3042 mente
1378 2984 1664 3054 cogitare,
1687 2982 1792 3056 qui
1821 2982 2079 3051 ﬁguram

424 3068 676 3125 ferimus
718 3077 776 3128 et
802 3073 1128 3142 imaginem
1166 3076 1316 3145 ejus,
1351 3091 1453 3147 qui
1487 3090 1560 3129 ex
1601 3088 1662 3127 se
1711 3071 1892 3128 habet
1913 3077 2080 3144 pote-

426 3160 640 3214 statem
671 3162 728 3216 et
759 3159 1097 3217 dominium
1131 3163 1350 3218 divinae
1383 3161 1679 3226 essentne,
1707 3159 1873 3232 quod
1926 3176 2080 3214 unus

2114 3213 2153 3269 C

2187 1932 2331 1972 nam
2362 1933 2496 1989 quas
2527 1917 2622 1972 hic
2649 1922 2806 1987 sunt,
2843 1922 2979 1972 sunt
3027 1916 3307 1971 secundm
3365 1914 3848 1983 illuminationis,

2191 2006 2324 2063 Mihi
2355 2011 2556 2061 autem
2588 2007 2930 2078 persuadet,
2965 2011 3028 2061 ut
3057 2021 3180 2061 non
3211 2005 3573 2074 immobiles,
3608 2002 3714 2060 sed
3765 2003 3852 2060 ad

2186 2093 2557 2150 movendum
2589 2094 2859 2150 difficiles
2893 2110 2996 2150 eos
3039 2095 3392 2159 existimem,
3450 2093 3554 2167 qui
3601 2098 3853 2167 propter

2186 2182 2566 2254 splendorem
2597 2183 2848 2248 Lucifer,
2876 2184 3134 2238 etfactus
3153 2183 3552 2239 estetdicetur
3583 2182 3849 2238 tenebrae

2185 2276 2428 2343 propter
2451 2270 2792 2340 elationem,
2825 2277 2880 2327 et
2910 2288 3048 2344 quae
3080 2272 3192 2326 sub
3219 2288 3289 2328 eo
3339 2273 3674 2328 consistunt
3730 2287 3848 2342 po-

2186 2364 2446 2426 testates,
2480 2360 2982 2416 architectatrices
3014 2361 3156 2428 vitii,
3188 2361 3335 2417 boni
3365 2361 3530 2431 fuga,
3564 2366 3620 2416 et
3666 2359 3852 2415 nobis

2187 2449 2639 2506 conciliatrices.
2673 2455 2862 2522 Atque
2894 2449 2974 2506 sic
2989 2449 3234 2522 quidem
3249 2451 3349 2522 qui
3375 2449 3858 2522 apprehenditur

2187 2538 2594 2610 intelligentia,
2631 2543 2687 2594 et
2713 2542 2953 2611 propter
2982 2538 3111 2594 haec
3137 2539 3404 2594 mundus
3455 2538 3565 2594 fuit
3621 2537 3854 2594 consti-

2189 2631 2373 2684 tutus.
3835 2674 3838 2676 γ

2260 2721 2320 2774 ν.
2369 2720 2513 2774 Cum
2550 2720 2750 2773 autem
2784 2717 2981 2789 prima
3009 2718 3062 2774 ei
3092 2720 3246 2774 recte
3280 2733 3343 2774 se
3392 2717 3704 2780 haberent,
3757 2731 3861 2771 se-

2189 2807 2458 2864 cundum
2492 2815 2689 2862 mente
2714 2807 2900 2876 agitat
2932 2806 3226 2862 mundum
3247 2807 3495 2862 materia
3509 2804 3860 2876 praeditum,

2188 2902 2244 2952 et
2273 2897 2375 2969 qui
2405 2898 2682 2952 cernitur.
2714 2898 2781 2951 Et
2805 2897 2854 2950 is
2883 2895 3130 2968 quidem
3161 2899 3251 2950 est
3274 2894 3353 2963 id,
3388 2893 3554 2966 quod
3584 2909 3657 2948 ex
3697 2891 3858 2948 coelo

2186 2989 2245 3041 et
2277 2989 2454 3050 terra,
2483 2989 2539 3040 et
2563 2984 2634 3040 iis
2664 3000 2801 3055 quae
2832 2984 3332 3048 intercedunt,est
3367 2981 3760 3037 constitutum
3793 2986 3854 3036 et

2188 3077 2699 3148 coagmentatum.
2738 3074 3069 3128 Luciferum
3098 3077 3319 3136 autem,
3351 3086 3488 3125 eum
3520 3069 3624 3142 qui
3663 3085 3698 3124 δ.
3732 3071 3852 3124 Deo

2189 3163 2403 3218 defecit
2429 3167 2482 3216 et
2509 3179 2644 3217 cum
2682 3178 2752 3217 eo
2784 3162 3076 3233 pugnavit
3106 3167 3164 3216 et
3193 3159 3556 3217 estinsolens
3586 3163 3641 3214 et
3663 3159 3855 3228 jacta-

426 3247 514 3298 est
543 3245 707 3301 solus
733 3251 1026 3321 Deus,qui
1055 3255 1299 3322 propter
1314 3250 1610 3305 infinitam
1629 3249 1959 3304 bonitatem
1993 3253 2081 3303 est
2115 3245 2154 3269 "‘
2191 3251 2455 3318 bundus,
2486 3250 2799 3307 diabolum
2828 3256 3005 3306 vocat
3032 3249 3387 3320 ’l‘heologus,
3422 3265 3494 3306 ex
3519 3262 3654 3304 voce
3675 3245 3842 3299 Isaias

425 3332 633 3388 omnia
658 3334 1009 3404 fabricatus,
1041 3355 1178 3410 quae
1211 3342 1351 3393 sunt
1372 3338 1432 3393 in
1455 3337 1617 3393 caelis
1641 3341 1698 3392 et
1724 3337 1787 3392 in
1811 3341 1985 3404 terra,
2020 3341 2084 3392 ut

426 3419 569 3477 dicit
596 3421 834 3480 divinus
866 3427 1248 3498 Apostoluszu
1310 3427 1432 3482 sive
1487 3425 1764 3490 visibilia,
1824 3426 1943 3480 sive
1999 3425 2086 3480 in.

427 3509 708 3580 visibilia,
771 3513 890 3570 sive
944 3516 1179 3586 Throni,
1258 3514 1724 3581 Dominationes,
1801 3515 1925 3570 sive
1982 3515 2087 3569 Po—

429 3603 690 3667 testates,
715 3604 840 3660 sive
865 3605 1138 3674 Virtutes,
1165 3607 1287 3663 sive
1309 3605 1702 3678 Principatus,
1734 3605 1856 3661 sive
1905 3604 2089 3662 Arch-

427 3693 646 3763 angeli,
673 3694 794 3750 sive
816 3696 1044 3765 Angeli,
1078 3698 1200 3752 sive
1224 3695 1555 3768 Seraphim,
1585 3695 1710 3752 sive
1737 3694 2085 3757 Cherubim;

428 3787 482 3837 et
513 3782 639 3854 ipse
663 3789 750 3840 est
771 3788 906 3841 ante
931 3786 1205 3844 omniaet
1234 3786 1441 3842 omnia
1462 3786 1523 3841 in
1553 3785 1685 3857 ipso
1715 3785 2089 3841 constant3.»

429 3871 537 3936 Qui
554 3873 709 3928 hanc
737 3875 917 3930 etiam
941 3877 1169 3931 variam
1196 3875 1468 3932 condidit
1493 3879 1758 3931 creatam
1807 3877 2090 3929 naturam

424 3960 485 4015 in
512 3977 695 4017 unam
724 3963 906 4019 unius
938 3965 1148 4021 mundi
1175 3965 1559 4021 harmoniam
1593 3970 1650 4019 et
1687 3963 2092 4036 complemen-

429 4053 578 4104 tum.
609 4049 716 4115 Qui
746 4051 911 4107 solus
938 4059 1027 4109 est
1052 4054 1352 4123 ingenitus
1374 4058 1430 4108 et
1460 4058 1742 4109 aeternus.
1780 4052 1889 4117 Qui
1929 4051 2089 4107 solus

429 4143 517 4192 est
540 4153 752 4210 expers
777 4141 1074 4212 principii,
1107 4147 1160 4197 et
1186 4142 1245 4197 in
1279 4159 1460 4215 quem
1485 4157 1607 4196 non
1636 4141 1795 4197 cadit
1819 4141 2089 4196 interitus

430 4230 486 4282 et
511 4226 668 4281 finis.
702 4228 810 4293 Qui
839 4229 1002 4285 solus
1034 4235 1121 4286 est
1146 4231 1464 4302 ejusmodi,
1484 4235 1544 4285 ut
1574 4229 2011 4301 comprehendi
2034 4232 2090 4283 ct

428 4313 775 4384 investigari
805 4321 861 4372 et
888 4317 1068 4372 videri
1113 4323 1394 4390 nequeat.
1455 4317 1566 4384 Qui
1622 4317 1790 4373 omni
1837 4318 2088 4372 circum-

430 4403 747 4474 scriptione
769 4409 821 4458 et
847 4407 1384 4477 comprehensione
1420 4407 1742 4461 essentiam
1779 4405 1963 4461 habet
1995 4422 2088 4460 su-

429 4491 746 4563 periorem.
773 4494 1120 4558 Quinullam
1147 4499 1343 4567 potest
1362 4497 1663 4567 suscipere
1694 4494 2087 4552 mutationem

429 4585 486 4636 et
511 4580 939 4638 alterationem:
972 4588 1183 4656 estque
1209 4585 1614 4656 omnipotens,
1650 4590 1707 4640 et
1735 4584 1812 4639 ab
1827 4583 2004 4639 exitio
2033 4588 2089 4640 et

429 4670 667 4726 interitu
698 4671 893 4728 aliena
922 4678 1154 4738 natura,
1189 4673 1323 4728 fons
1359 4676 1658 4746 perennis,
1693 4677 1748 4729 et
1777 4674 1884 4745 qui
1930 4690 2084 4729 nun-

430 4776 614 4833 quam
646 4762 1003 4833 exinanitur,
1032 4763 1493 4818 miserationum
1521 4770 1576 4819 et
1609 4763 1913 4819 bonitatis:
1961 4779 2086 4819 om-

429 4850 599 4906 nium
618 4850 958 4907 divinorum
978 4851 1281 4909 donorum
1295 4859 1346 4908 et
1367 4853 1717 4923 gratiarum,
1736 4853 1839 4926 qui
1858 4853 2083 4909 exhau-

428 4939 529 4996 riri
561 4941 807 4997 minimc
837 4945 1047 5014 potest,
1083 4942 1340 5014 abyssus
1376 4962 1388 4998 :
1419 4943 1862 5009 misericordiae,
1920 4943 2086 5015 quod

430 5046 550 5085 non
582 5035 776 5104 potest
797 5031 1068 5104 exprimi,
1094 5032 1362 5103 pelagus:
1384 5031 1733 5088 beatissima
1765 5036 1821 5088 et
1845 5048 2086 5089 summa

430 5120 833 5191 pulchritudo,
868 5125 924 5176 et
954 5121 1079 5177 sola
1110 5137 1319 5177 revera
1370 5121 1575 5191 digna,
1632 5138 1768 5194 quae
1830 5127 2082 5177 ametur.

435 5209 722 5276 l7niversi,
753 5212 918 5283 quod
949 5211 1164 5268 dicitur
1180 5211 1617 5281 etintelligitur,
1647 5211 1793 5268 boni
1823 5211 2088 5268 efﬁciens

432 5304 488 5353 et
517 5300 864 5370 impertiens
890 5307 946 5357 et
973 5301 1235 5372 largiens
1267 5317 1470 5366 causa,
1528 5307 1585 5357 et
1636 5302 1832 5374 prima
1879 5317 2083 5358 causa.

434 5387 536 5444 llic
566 5392 676 5455 est,
706 5389 809 5461 qui
832 5395 1072 5462 prOpter
1103 5390 1297 5448 solam
1323 5391 1654 5448 bonitatem
1709 5389 2088 5447 essentialem

433 5481 489 5533 et
519 5477 875 5546 naturalem,
900 5495 970 5536 ea
990 5495 1126 5552 quae
1144 5496 1266 5537 non
1292 5485 1461 5538 erant
1481 5479 1833 5554 aliquando,
1848 5479 2088 5537 vocavit

503 5700 525 5735 ³
555 5699 781 5758 Coloss.
807 5715 846 5768 1,
883 5702 970 5757 t6.
1045 5701 1066 5735 ⁴
1097 5698 1190 5758 Isa
1216 5717 1336 5774 xw,
1367 5706 1449 5758 t2.
1527 5704 1548 5738 δ
1577 5700 1730 5760 Psal.
1762 5717 1960 5772 van,
1989 5707 2043 5760 7.

2121 4642 2162 4695 Ο

2191 3339 2519 3414 prophetae,
2552 3339 2657 3412 qui
2685 3341 2813 3411 ejus
2845 3356 3054 3396 casum
3075 3339 3368 3410 deplorat,
3385 3338 3619 3395 etdicit:
3639 3355 3666 3388 ‹
3688 3336 3847 3400 Quo-

2195 3429 2378 3486 modo
2410 3429 2620 3485 cecidit
2648 3444 2679 3484 e
2710 3429 2857 3485 coelo
2889 3428 3115 3484 Lucifer
3141 3429 3245 3502 qui
3299 3445 3479 3484 mane
3523 3426 3852 3490 oriebatur,

2197 3519 2567 3586 etcontritus
2591 3523 2677 3574 est
2703 3534 2878 3590 super
2905 3523 3123 3574 terram
3147 3520 3165 3551 ⁵
3197 3519 3223 3572 ?
3253 3519 3331 3573 De
3346 3535 3416 3574 eo
3438 3517 3598 3572 enim
3612 3513 3858 3570 divinus

2197 3623 2440 3680 quoque
2471 3607 2675 3678 David,
2707 3607 2785 3663 ad
2811 3623 2911 3663 eos
2939 3607 3045 3679 qui
3074 3607 3341 3662 similiter
3371 3623 3407 3661 a
3426 3605 3631 3660 divina
3659 3602 3858 3657 chari-

2199 3701 2318 3753 tate
2342 3696 2733 3763 deﬂuxerant,
2764 3702 2942 3769 atque
2989 3696 3310 3752 sceleratus
3367 3695 3461 3750 ille
3517 3697 3573 3749 et
3602 3691 3861 3748 malitio-

2201 3802 2322 3852 sus,
2381 3786 2484 3857 qui
2512 3785 2827 3852 defecerat,
2883 3785 3022 3840 dicit
3056 3804 3067 3840 :
3105 3807 3131 3834 «
3167 3789 3231 3841 Et
3259 3790 3551 3855 tanquam
3585 3797 3745 3836 unus
3776 3797 3855 3836 ex

2201 3874 2572 3946 principibus
2604 3874 2828 3930 cadetis
2858 3875 2902 3926 εί.
2942 3897 2960 3921 ι)
2999 3874 3275 3945 Princeps
3306 3872 3467 3928 enim
3494 3875 3620 3926 erat
3674 3868 3861 3924 unius

2202 3962 2454 4031 angelici
2481 3962 2706 4017 ordinis
2737 3963 2798 4017 in
2829 3961 2992 4017 caelis
3027 3960 3326 4031 diabolus,
3400 3976 3522 4016 non
3571 3957 3860 4013 diabolus

2203 4050 2280 4106 ab
2309 4051 2474 4107 initio
2501 4051 2832 4124 productus
2866 4055 2921 4106 et
2952 4050 3167 4117 factus,
3195 4051 3302 4105 sed
3332 4049 3528 4105 bonus
3557 4063 3630 4103 ex
3657 4047 3850 4116 bono,

2199 4145 2255 4196 et
2280 4141 2525 4212 pulcher
2553 4157 2625 4195 ex
2652 4140 2902 4212 pulchro
2934 4144 2991 4196 ct
3015 4140 3120 4212 qui
3149 4139 3311 4194 solus
3337 4139 3500 4194 bona
3529 4137 3692 4203 facit,
3721 4137 3860 4208 opi-

2196 4228 2308 4284 ﬁce
2335 4229 2771 4290 universorum.
2807 4231 3112 4284 Postremo
3147 4233 3346 4284 autem
3389 4231 3606 4298 praeter
3655 4224 3861 4294 legem

2197 4320 2448 4382 naturae,
2483 4315 2910 4387 decretumque
2940 4319 2995 4371 et
3026 4315 3320 4371 rationem
3346 4314 3564 4370 divinae
3588 4312 3858 4384 justitire,

2198 4405 2429 4476 imperii
2461 4403 2798 4476 cupiditatis
2838 4410 3018 4460 oestro
3073 4404 3349 4476 percitus,
3406 4401 3718 4458 rebellavit
3749 4401 3862 4457 ad-

2197 4509 2406 4548 versus
2443 4496 2804 4562 Creatorem,
2831 4509 3088 4563 regnum
3120 4500 3176 4548 et
3200 4492 3452 4563 gloriam
3484 4491 3600 4547 sibi
3623 4507 3861 4546 conans

2197 4597 2512 4654 usurpare.
2545 4583 2758 4637 Secum
2793 4588 2992 4638 autem
3035 4582 3272 4656 attraxit
3317 4581 3497 4638 etiam
3552 4579 3860 4636 inﬁnitam

2193 4671 2503 4728 rebellium
2527 4671 2994 4741 multitudinem,
3027 4689 3163 4745 quae
3197 4687 3321 4727 suae
3353 4671 3610 4726 stultitim
3637 4675 3695 4726 et
3721 4686 3856 4725 ma-

2191 4761 2328 4818 litiae
2361 4777 2500 4817 eum
2532 4763 2757 4833 accepit
2784 4761 3143 4832 adjutorem.
3188 4764 3336 4816 Nam
3390 4764 3635 4833 propter
3691 4759 3856 4815 hanc

2194 4866 2444 4907 causam
2474 4850 2675 4922 impiae
2705 4851 3102 4920 cogitationis,
3137 4867 3210 4906 ex
3262 4849 3396 4905 coeli
3447 4848 3728 4906 convexis
3759 4864 3856 4903 ve-

2193 4941 2458 4997 hementi
2487 4943 2719 5012 impetu
2756 4940 2970 4996 cecidit
3005 4939 3429 4996 exsecrandus.
3489 4943 3639 4995 Nam
3671 4939 3858 4994 simul

2195 5030 2458 5104 atquejei
2487 5031 2646 5086 venit
2663 5030 2723 5086 in
2739 5035 3003 5086 mentem
3025 5029 3481 5086 sceleratissima
3502 5033 3559 5085 et
3585 5028 3857 5084 maxime

2194 5119 2383 5192 impia
2411 5119 2709 5190 cogitatio,
2741 5119 2850 5175 fuit
2878 5118 3196 5175 confestim
3221 5119 3511 5175 contritus
3553 5117 3632 5174 ab
3663 5119 3862 5173 omni-

2196 5209 2422 5283 potenti
2454 5209 2726 5279 Domino,
2759 5208 2862 5282 qui
2930 5208 3113 5264 dixit:
3155 5232 3173 5257 ε
3229 5208 3523 5264 Videbam
3567 5209 3858 5264 Satanam

2196 5305 2490 5372 tanquam
2518 5299 2714 5369 fulgur
2744 5314 2774 5354 e
2796 5299 2946 5355 ccelo
2967 5297 3285 5354 cadentem
3308 5301 3350 5353 δ.
3377 5318 3406 5347 »
3435 5297 3717 5354 Similiter
3754 5313 3860 5354 au-

2197 5393 2318 5446 tem
2347 5387 2422 5444 de
2437 5403 2506 5444 eo
2519 5404 2763 5460 quoque
2785 5388 3050 5460 dixitper
3065 5387 3428 5444 Ezechielem
3451 5387 3814 5460 prophetam
3841 5405 3856 5443 :

2198 5500 2227 5529 «
2262 5477 2449 5536 Simul
2478 5483 2658 5551 atque
2683 5477 2906 5537 elatum
2929 5477 3037 5535 fuit
3081 5493 3183 5535 cor
3240 5482 3408 5535 tuum
3450 5481 3699 5550 propter
3729 5477 3857 5550 pul-

2122 5705 2143 5739 ⁶
2173 5704 2312 5761 Luc.
2342 5717 2402 5771 x,
2438 5703 2522 5757 t8.
