4132 6382
215 223 336 319 δὴ

1402 264 1493 322 DE
1528 267 1586 325 s.
1624 223 1972 324 MICHAELE
2007 252 2498 325 ARCHANGELO.

3552 258 3655 342 5'78

219 385 640 444 chritudinem
677 389 867 459 tuam,
936 392 994 446 et
1029 389 1233 446 dixisti
1270 390 1330 446 in
1368 390 1726 461 cogitatione
1766 395 1890 464 tua,
1921 392 1970 444 A
1999 390 2142 448 dam
2172 400 2308 464 quae
2341 408 2444 449 eos
2469 391 2798 449 contineret
2835 375 3262 465 hymnodiam,
3313 399 3379 452 ut
3429 396 3535 468 qui
3589 397 3652 456 in

221 479 392 533 Deus
425 491 540 548 ego
572 493 740 533 sum:
772 477 971 535 statim
1003 495 1038 535 a
1060 483 1270 536 sancto
1292 484 1495 537 monte
1515 497 1652 538 meo
1673 481 1735 537 in
1785 485 1893 538 ter-

217 582 362 622 ram
405 570 462 621 te
502 565 693 636 dejeci
731 582 839 638 per
903 567 1241 636 Cherubim,
1298 574 1355 625 et
1393 570 1610 626 interiit
1648 569 1894 627 scientia

220 659 334 712 tua
365 672 506 711 cum
529 655 972 728 pulchritudine
1002 661 1137 714 tua:
1169 665 1224 715 et
1255 659 1417 715 dabo
1451 667 1502 715 te
1530 660 1590 715 in
1631 661 1892 716 cinerem

223 761 415 816 super
435 751 655 800 terram
674 761 878 802 coram
895 747 1180 803 omnibus
1204 753 1257 804 te
1279 748 1620 805 videntibus
1636 751 1680 814 τ,
1710 774 1736 798 ››
1755 749 1892 804 tide-

222 835 392 891 libus
434 834 676 891 scilicet.
712 837 1028 902 Quomodo
1060 838 1239 894 etiam
1297 839 1444 894 dixit
1499 839 1784 894 Dominus
1830 838 1891 894 in

224 924 452 980 divinis
498 924 870 995 Evangeliis:
907 949 927 975 ι
973 928 1121 982 Ecce
1181 926 1259 982 do
1315 927 1488 983 vobis
1538 931 1890 999 potestatem

229 1012 708 1086 calcandisuper
730 1019 1038 1086 serpentes
1071 1020 1127 1070 et
1176 1015 1472 1089 scorpios,
1529 1031 1710 1088 super
1765 1031 1890 1071 om-

232 1119 378 1160 nem
403 1108 717 1175 potstatem
743 1104 971 1160 inimici
1010 1106 1054 1162 ⁸.
1082 1127 1111 1155 ››

313 1192 393 1248 Vl.
422 1193 699 1249 Nonnulli
749 1199 950 1250 autem
981 1194 1250 1251 discendi
1306 1194 1510 1268 cupidi
1555 1195 1885 1268 inquirunt,

229 1297 383 1338 num
422 1288 740 1355 propterea
770 1283 842 1338 sit
863 1284 1110 1354 ejectus,
1151 1284 1318 1356 quod
1356 1284 1548 1340 Adam
1587 1301 1725 1340 eum
1765 1299 1888 1340 non

220 1373 588 1430 adoraverit.
609 1377 925 1431 Estautem
946 1374 1262 1431 stultorum
1281 1374 1756 1447 etinsipientium
1772 1375 1888 1431 hoc

217 1461 446 1518 dicere.
495 1463 715 1520 Cecidit
741 1462 1021 1520 diabolus
1079 1463 1440 1537 priusquam
1498 1463 1687 1520 factus
1735 1467 1890 1519 esset

217 1552 445 1620 Adam,
470 1553 781 1624 quomodo
803 1555 1002 1609 Patres
1027 1559 1235 1626 aperte
1258 1552 1652 1626 pronuntiant
1675 1568 1887 1610 omnes

223 1641 479 1712 angelos
505 1641 692 1698 fuisse
715 1641 902 1699 factos
920 1647 1058 1699 ante
1081 1641 1298 1699 coelum
1318 1647 1372 1700 et
1397 1647 1639 1700 terram.
1675 1642 1888 1698 Diabo-

1999 480 2196 552 primo
2213 479 2346 537 loco
2370 484 2570 550 staret,
2587 497 2727 537 cum
2755 481 3067 553 Seraphim
3081 487 3136 538 et
3155 483 3443 540 omnibus
3472 485 3654 544 simul

2000 569 2217 624 divinis
2244 575 2298 625 et
2327 569 2667 626 coelestibus
2688 571 3107 643 potestatibus,
3133 587 3362 643 magna
3381 590 3530 631 voce
3561 592 3652 632 ce-

2001 658 2162 727 cinit,
2194 659 2459 714 divinam
2490 658 2654 716 illam
2687 663 2898 731 etquae
2928 676 3244 732 nunquam
3275 667 3472 734 potest
3495 663 3652 721 desi-

1999 762 2140 802 nere
2167 747 2592 820 omnipotentis
2619 748 2968 812 divinitatis,
2995 765 3129 821 quze
3174 756 3264 806 est
3287 752 3652 826 principium

1999 835 2262 902 luminis,
2289 836 2586 909 unicaque
2615 842 2703 894 est
2725 836 2900 896 trina.
2924 853 3032 910 per
3057 845 3330 896 sanctam
3354 840 3650 910 gloriﬁca-

2000 919 2260 980 tionem:
2289 927 2561 995 Sanctus,
2595 930 2864 991 sanctus,
2904 932 3149 982 sanctus
3205 929 3493 985 Dominus
3546 934 3650 988 Sa-

1999 1012 2216 1070 baoth:
2247 1014 2423 1086 plena
2445 1020 2531 1070 est
2548 1015 2832 1072 universa
2851 1020 3004 1072 terra
3022 1016 3212 1086 gloria
3234 1017 3362 1088 ejus
3389 1019 3453 1074 ¹⁰.
3478 1023 3524 1076 Α
3551 1019 3652 1075 Dei

1999 1117 2140 1158 vero
2169 1102 2684 1159 administratoria
2708 1103 2915 1160 divina
2932 1104 3121 1174 gloria
3142 1105 3434 1163 alienatus
3463 1108 3654 1164 male-

1998 1190 2146 1247 ﬁcus
2176 1191 2474 1256 diabolus,
2499 1209 2636 1248 cum
2667 1193 2915 1249 vidisset
2945 1198 3287 1251 terrestrem
3339 1195 3652 1254 hominem

1998 1298 2126 1338 esse
2151 1283 2366 1355 quavis
2396 1299 2458 1339 re
2486 1287 2687 1338 creata
2719 1282 3191 1353 honoratiorem,
3215 1289 3281 1341 ut
3330 1287 3433 1358 qui
3455 1287 3653 1344 Domi~

1995 1370 2146 1427 nicis
2182 1370 2463 1428 manibus
2494 1371 2687 1427 factus
2717 1376 2876 1428 esset
2895 1373 2974 1428 ad
3017 1390 3190 1430 suam
3244 1373 3570 1447 imaginem
3595 1380 3654 1433 et

1999 1459 2472 1528 similitudinem,
2505 1460 2709 1517 statuit
2740 1476 2881 1517 eum
2925 1462 3062 1518 totis
3094 1462 3322 1518 viribus
3370 1480 3652 1536 separare

1996 1554 2052 1605 et
2083 1549 2310 1622 eripere
2337 1550 2415 1606 ad
2441 1550 2595 1621 ejus,
2628 1550 2732 1622 qui
2757 1549 2962 1622 ipsum
2990 1551 3210 1609 fecerat
3239 1557 3297 1609 et
3323 1553 3653 1612 honorave-

1996 1643 2106 1703 rat,
2132 1639 2377 1696 salutari
2409 1644 2728 1712 praecepto.
2763 1639 2976 1696 Videns
3019 1641 3178 1698 enim
3236 1642 3538 1713 malignus
3595 1649 3653 1702 et

220 1732 356 1788 lum
408 1748 548 1788 vero
603 1738 692 1788 est
747 1733 1064 1805 probabile
1120 1737 1337 1806 quarto
1403 1733 1498 1790 die
1578 1733 1883 1803 cecidisse,
1918 1744 1957 1800 Β
1995 1728 2316 1784 sceleratus
2343 1729 2476 1784 sein
2498 1735 2764 1785 extrema
2785 1729 3282 1801 esseignominia,
3315 1731 3493 1788 valde
3517 1749 3648 1789 cru-

221 1823 481 1895 quando
515 1825 663 1880 Deus
695 1823 834 1880 facit
853 1823 1197 1888 luminaria,
1222 1824 1376 1881 sicut
1405 1825 1691 1898 scriptum
1718 1825 1886 1881 estin

219 1914 370 1970 Joh:
399 1935 426 1962 η
453 1911 710 1978 Quando
730 1912 889 1969 facta
912 1919 1050 1969 sunt
1069 1917 1252 1982 astra,
1279 1913 1606 1970 laudarunt
1628 1929 1722 1972 me
1756 1929 1884 1971 ma-

222 2017 350 2074 gna
371 2015 520 2057 voce
538 2016 752 2058 omnes
767 2002 964 2072 angeli
978 2002 1117 2069 mei,
1137 2003 1445 2075 ethymnis
1459 2001 1884 2059 celebrarunt”.

232 2093 486 2162 Semper
515 2089 675 2146 enim
704 2091 885 2146 etiam
931 2107 1054 2147 non
1086 2092 1259 2148 tacite
1302 2091 1530 2163 angelis
1562 2092 1884 2148 Dominum

227 2180 724 2251 gloriﬁcantibus,
753 2185 895 2236 tunc
941 2181 1158 2252 majori
1205 2197 1353 2237 voce
1407 2197 1547 2237 eum
1602 2180 1885 2238 laudibus

228 2269 626 2336 celebrarunt,
661 2276 727 2326 ut
757 2270 1119 2340 signiﬁcavit
1143 2271 1468 2344 Scriptura,
1520 2276 1766 2344 propter
1792 2273 1885 2344 ju-

227 2365 388 2416 stum
412 2359 638 2415 scilicet
669 2375 879 2415 casum
920 2359 1172 2429 maligni
1201 2359 1377 2427 illius,
1405 2360 1510 2434 qui
1565 2361 1883 2418 defecerat.

231 2452 471 2510 Oportet
523 2455 728 2506 autem
761 2449 912 2505 scire
943 2464 1016 2505 ex
1048 2451 1268 2507 nostris
1315 2450 1568 2522 scriptis,
1599 2466 1636 2507 ο
1665 2450 1886 2520 dilecti,

225 2538 394 2612 quod
422 2538 622 2595 omnis
653 2538 876 2594 chorea
903 2542 961 2594 et
988 2538 1137 2594 ordo
1184 2537 1367 2594 habet
1388 2538 1606 2595 ducem
1637 2539 1886 2610 ordinis,

226 2629 327 2702 qui
352 2627 562 2700 incipit
586 2626 935 2683 melodiam.
964 2627 1055 2684 Sic
1077 2627 1252 2683 etiam
1286 2627 1360 2683 de
1391 2629 1612 2685 sanctis
1659 2627 1887 2698 angelis

225 2719 368 2776 dicit
383 2717 728 2790 Dionysius,
748 2717 1156 2788 angelicorum
1175 2717 1457 2774 ordinum
1477 2718 1886 2775 divinissimus

220 2808 553 2881 interpres:
573 2811 700 2864 Non
715 2806 979 2864 absurde
996 2807 1204 2864 divina
1215 2812 1272 2863 et
1289 2807 1575 2879 coelestia,
1594 2807 1887 2864 materiali

221 2896 812 2965 nostraehierarchm,
830 2911 940 2968 pro
959 2895 1184 2952 viribus
1202 2896 1514 2960 sensiliter,
1533 2897 1736 2969 quoad
1756 2898 1885 2968 ejus

225 2984 370 3040 ﬁeri
389 2987 604 3054 potest,
623 2983 1118 3042 simtassimilata.
1142 2987 1363 3041 Ducem
1383 3001 1525 3042 vero
1543 2985 1768 3042 ordinis
1786 3002 1888 3043 an-

236 3071 453 3142 gelicae
484 3072 706 3128 choreae
735 3073 1175 3129 lucidissimum
1206 3079 1264 3131 et
1292 3075 1629 3130 maximum
1658 3075 1886 3133 militiae
1918 3099 1957 3155 ρ

233 3159 568 3234 principem
590 3162 931 3220 Michaelem
961 3164 1308 3234 intelligere,
1343 3182 1375 3220 a
1405 3165 1638 3238 superis
1685 3167 1886 3238 accepi

226 3265 392 3306 IDUS.

229 3339 870 3411 Miraculumpri'mum
891 3343 959 3398 de
974 3344 1189 3401 rebelli
1200 3350 1252 3400 et
1273 3345 1526 3414 superbo
1546 3347 1800 3415 Satana,
1830 3351 1885 3402 et

622 3432 948 3488 immundis
974 3436 1100 3504 ejus
1127 3435 1458 3504 spiritibus.

297 3520 414 3576 Vll.
454 3519 560 3576 Hic
589 3536 733 3590 ergo
774 3521 1162 3578 ﬁdelissimus
1185 3527 1241 3579 et
1284 3523 1721 3591 sanctissimus,
1755 3542 1884 3582 ma-

232 3622 390 3679 gnus
417 3610 713 3666 exercitus
744 3610 868 3666 dux
911 3611 1175 3681 Michael,
1235 3613 1420 3668 divini
1473 3614 1704 3669 consilii
1752 3615 1885 3686 pius

229 3697 525 3766 minister,
558 3699 662 3771 qui
693 3704 939 3772 propter
989 3702 1367 3758 Dominicum
1398 3707 1455 3759 et
1506 3703 1884 3776 omnipoten-

229 3788 351 3841 tem
377 3787 652 3844 divinum
670 3790 936 3860 jussum,
961 3790 1022 3846 in
1042 3795 1259 3846 terram
1278 3791 1416 3862 jecit
1441 3808 1513 3847 cx
1544 3791 1884 3848 coelestibus

225 3874 543 3932 absidibus
565 3877 850 3934 rebellem
864 3883 920 3934 et
941 3879 1270 3951 superbum
1295 3880 1585 3937 Satanam
1599 3897 1734 3936 cum
1755 3882 1884 3953 ejus

223 3963 577 4032 immundis,
611 3971 668 4021 et
693 3967 976 4037 malignis
1003 3969 1309 4040 spiritibus
1337 3987 1348 4024 :
1380 3974 1520 4025 tunc
1550 3970 1610 4026 in
1651 3986 1752 4026 eos
1790 3970 1881 4026 in-

225 4055 460 4120 vectus,
489 4059 544 4110 et
584 4055 959 4128 triumphum
1008 4073 1196 4128 agens
1243 4059 1316 4114 de
1369 4075 1580 4114 eorum
1631 4059 1880 4126 malitia,

221 4144 604 4212 congregatis
617 4147 846 4202 cunctis
859 4146 1211 4215 angelorum
1225 4147 1483 4220 populis,
1497 4164 1882 4219 magnavoce

219 4230 493 4287 laudavit
539 4234 727 4290 Deum
785 4235 1205 4291 universorum
1281 4242 1337 4292 et
1407 4238 1880 4309 omnipotentem

221 4320 568 4391 Dominum,
599 4323 906 4394 angelicos
937 4339 1149 4394 greges
1179 4341 1250 4381 eo
1296 4325 1479 4381 veluti
1537 4325 1761 4382 ducens
1819 4331 1882 4382 ut

219 4414 414 4506 status
440 4411 856 4506 meminissent
883 4413 1234 4506 immobilis,
1263 4420 1320 4471 et
1348 4431 1484 4488 quae
1533 4415 1696 4506 bona
1743 4416 1883 4473 facit
1915 4453 1959 4506 Β

219 4499 580 4565 stabilitatis,
613 4506 670 4558 et
697 4502 841 4559 dicit
864 4490 1320 4571 :IAttendamus,
1345 4505 1592 4576 perinde
1623 4521 1693 4561 ac
1714 4506 1762 4560 si
1790 4506 1880 4562 di-

217 4595 410 4646 ceret:
444 4590 555 4654 Qui
581 4591 761 4647 creati
789 4592 1042 4661 fuerant,
1076 4598 1132 4650 et
1168 4594 1391 4666 quibus
1449 4595 1760 4667 obtigerat,
1817 4601 1882 4652 ut

219 4678 378 4734 Deus
398 4678 700 4736 increatus
722 4685 777 4737 et
797 4681 1245 4754 inaspectabilis
1258 4699 1360 4739 eos
1373 4684 1879 4756 produceretpro-

217 4771 354 4838 pter
377 4768 718 4825 naturalem
746 4787 921 4826 suam
950 4771 1302 4840 bonitatem,
1327 4772 1476 4845 quid
1533 4773 1616 4828 eis
1664 4774 1882 4830 accidit

215 4855 324 4928 qui
377 4856 700 4914 nobiscum
751 4859 1066 4933 hucusque
1140 4861 1360 4917 divinis
1427 4862 1880 4920 illustrabantur

215 4945 649 5016 splendoribus
664 4948 689 5002 ἱ)
704 4949 1271 5006 Animadvertamus
1287 4967 1474 5023 quam
1488 4968 1548 5008 re
1559 4969 1668 5024 pen
1680 4957 1729 5008 te
1747 4970 1877 5009 mu-

209 5035 320 5090 tati
369 5040 511 5091 sunt
573 5037 635 5090 in
699 5037 979 5094 tenebras
1046 5045 1292 5112 prOptcr
1351 5041 1760 5110 arrogantiam
1822 5048 1878 5099 et

207 5124 730 5196 contemptionem
756 5127 884 5198 ejus
906 5129 1010 5199 qui
1033 5145 1136 5184 eos
1155 5129 1393 5185 fecerat.
1429 5132 1876 5200 Cognoscamus

207 5230 372 5286 quos
393 5213 626 5271 fructus
648 5216 920 5272 conciliet
933 5216 1106 5273 liberi
1130 5218 1648 5276 arbitriivoluntas
1665 5221 1875 5278 incon-

205 5303 498 5372 siderata,
532 5308 590 5360 et
613 5308 838 5361 stemus
860 5305 1247 5363 immobiliter
1267 5307 1327 5362 in
1349 5308 1582 5373 timore,
1600 5311 1872 5383 quotidie

206 5391 490 5448 divinum
519 5392 789 5450 ofﬁcium
817 5393 1152 5451 offerentes.
1181 5400 1360 5454 Porro
1403 5402 1606 5454 autem
1659 5415 1870 5472 quam-

1191 5521 1212 5557 ⁸
1242 5523 1380 5578 Luc.
1417 5539 1474 5593 x,
1510 5528 1596 5580 19.

1271 5594 1316 5630 ¹¹ο
1343 5598 1467 5656 Act.
1502 5610 1606 5668 xu,
1641 5599 1672 5653 6
1703 5611 1876 5670 seqq.

275 5517 296 5551 ⁷
332 5517 543 5576 Ezech.
573 5533 822 5592 xxxvui,
853 5523 885 5573 7
917 5534 1086 5592 seqq.

205 5603 363 5663 xvui,
399 5594 486 5648 to.
592 5591 641 5628 ¹³
673 5592 815 5648 Gen.
849 5591 1166 5661 vaui,’l6.

1672 5525 1692 5558 θ
1722 5523 1837 5580 Job
1867 5539 2109 5598 xxxvui,
2143 5530 2196 5581 7.

1994 1816 2297 1874 ciabatur:
2332 1822 2389 1873 et
2408 1833 2545 1872 cum
2573 1832 2696 1872 non
2724 1822 2933 1890 posset
2962 1818 3041 1874 ad
3067 1820 3254 1875 Deum
3285 1820 3565 1889 converti,
3587 1821 3649 1878 in

1996 1906 2098 1962 Dei
2128 1905 2454 1976 imaginem
2469 1922 2644 1962 suam
2657 1905 2869 1963 effudit
2887 1906 3358 1980 improbitatem,
3383 1913 3439 1965 et
3459 1909 3652 1968 effecit

1995 2000 2057 2050 ut
2078 1995 2262 2051 homo
2288 1999 2444 2051 esset
2473 1994 2772 2051 obnoxius
2803 1995 3064 2052 interitui
3092 2003 3150 2054 et
3176 1998 3372 2064 morti,
3411 2015 3483 2055 eo
3530 1998 3650 2070 eje-

1995 2089 2088 2141 cto
2121 2101 2149 2141 e
2172 2083 2392 2140 divinis
2421 2090 2478 2141 et
2503 2084 2752 2141 viviﬁcis
2783 2085 3050 2158 paradisi
3077 2085 3328 2155 deliciis,
3362 2091 3426 2144 Et
3446 2089 3651 2146 statuit

1995 2177 2151 2230 Deus
2177 2173 2496 2229 Cherubim
2520 2173 2940 2231 etﬂammeam
2961 2175 3383 2249 rhomphteam
3404 2177 3649 2234 versati-

1993 2262 2132 2328 lem,
2167 2268 2230 2318 ut
2259 2263 2587 2320 custodiret
2611 2263 2988 2336 paradisum.
3018 2265 3132 2322 Sed
3163 2265 3269 2322 etsi
3298 2265 3381 2323 sic
3403 2266 3650 2340 quidem

1997 2352 2304 2408 cecidisset
2331 2351 2538 2418 homo,
2572 2353 2676 2425 qui
2707 2352 2965 2409 liberum
2997 2353 3265 2411 habebat
3313 2355 3647 2424 arbitrium,

1997 2447 2053 2498 et
2068 2459 2103 2498 a
2123 2441 2285 2498 bono
2309 2446 2467 2498 statu
2486 2441 2849 2514 deﬂuxisset,
2874 2459 2992 2499 non
3014 2459 3152 2500 eum
3175 2443 3448 2517 despexit
3469 2445 3647 2516 Deus,

1995 2532 2101 2588 sed
2130 2534 2197 2587 ut
2224 2530 2327 2604 qui
2354 2532 2426 2586 sit
2447 2535 2660 2587 natura
2705 2531 3006 2601 benignus
3033 2537 3090 2589 et
3109 2533 3322 2604 ingens
3348 2551 3515 2592 mare
3543 2535 3650 2591 ha-

1992 2619 2134 2676 beat
2149 2619 2454 2686 bonitatis,
2472 2619 2653 2676 veluti
2674 2621 2960 2692 quaedam
2981 2637 3152 2678 arma
3173 2621 3252 2678 ad
3286 2638 3649 2681 conservan-

1993 2709 2142 2766 dum
2170 2707 2548 2766 validissima
2589 2708 2641 2765 ei
2670 2708 2930 2781 praebuit
2963 2726 3257 2782 magnum
3304 2711 3648 2771 Michaelem

1991 2796 2212 2853 militiae
2243 2795 2579 2868 principem
2623 2795 2910 2853 adversus
2939 2797 3165 2854 diaboli
3186 2801 3516 2871 potentiam
3543 2818 3555 2856 :
3585 2805 3651 2858 ut

1991 2885 2318 2943 custodiret
2381 2890 2438 2941 et
2491 2885 2838 2942 defenderet
2885 2886 3218 2956 hominem,
3275 2889 3381 2961 qui
3433 2889 3646 2962 lapsus

1992 2975 2203 3044 fuerat,
2238 2978 2300 3030 ut
2323 2974 2634 3046 quomodo
2661 2975 2959 3032 ceciderat
2990 2991 3096 3048 per
3122 2976 3510 3049 imperitiam,
3539 2995 3648 3051 per

1991 3064 2446 3121 laboriosiorem
2465 3080 2680 3120 cursus
2700 3064 2939 3120 vivendi
2967 3065 3256 3122 rationem
3280 3071 3335 3124 et
3373 3067 3645 3125 divinam

1992 3155 2261 3211 virtutem
2275 3155 2608 3210 instaurato
2621 3153 3033 3220 praelio,victor
3044 3155 3290 3212 eﬂ’ectus
3306 3163 3645 3217 coronetur.

2067 3263 2180 3318 VII.
2211 3265 2390 3318 Porro
2419 3264 2617 3317 autem
2639 3261 2994 3332 archangeli
3025 3262 3320 3318 Michaelis
3351 3263 3649 3320 suasioni-

1993 3352 2112 3408 bus
2145 3356 2202 3408 et
2227 3350 2470 3406 monitis
2497 3349 2822 3407 instructus
2853 3350 3071 3416 Adam,
3102 3355 3158 3407 et
3183 3351 3384 3423 ligone
3426 3357 3648 3410 terram

1995 3441 2249 3510 fodiens,
2291 3445 2346 3497 et
2373 3439 2595 3496 sudore
2646 3444 2703 3496 et
2755 3438 2962 3497 labore
3014 3439 3318 3511 frugaliter
3367 3443 3645 3514 nutritus,

1995 3546 2120 3586 non
2145 3529 2254 3585 fuit
2281 3529 2543 3601 amplius
2575 3529 2859 3584 seductus
2890 3529 2967 3586 ad
2995 3529 3258 3586 hominis
3289 3531 3534 3588 inimico
3590 3537 3650 3589 et

1998 3621 2097 3676 Dei
2116 3621 2308 3688 hoste,
2345 3634 2453 3674 nec
2509 3635 2732 3691 passus
2782 3623 2870 3674 est
2916 3618 3100 3674 aliam
3151 3621 3643 3677 commotionem.

1995 3712 2146 3765 Nam
2176 3709 2254 3765 ab
2285 3724 2356 3764 eo
2383 3713 2650 3780 tempore
2681 3708 2931 3764 omnino
2969 3724 3110 3764 eum
3163 3708 3339 3765 valde
3383 3709 3649 3767 habebat

1993 3799 2133 3854 odio
2159 3802 2359 3853 mente
2384 3796 2619 3867 agitans
2645 3812 2750 3868 per
2790 3797 3205 3869 propheticum
3262 3813 3481 3865 rorem,
3539 3799 3647 3871 qui

1994 3887 2193 3943 adhuc
2215 3887 2277 3942 in
2297 3902 2368 3941 eo
2394 3886 2586 3942 inerat
2606 3885 2754 3940 illud
2778 3902 2790 3940 :
2810 3907 2839 3935 «
2863 3888 2941 3941 Ne
2959 3885 3066 3941 des
3088 3886 3151 3941 in
3173 3887 3645 3944 commotionem

1993 3976 2210 4048 pedem
2225 3980 2416 4043 tuum,
2451 3979 2505 4031 et
2529 3990 2653 4031 non
2673 3973 3040 4042 dormitabit,
3059 3975 3163 4048 qui
3180 3979 3234 4031 te
3255 3975 3598 4047 custodit“,
3615 3998 3643 4028 »

1993 4065 2266 4135 angelus.
2294 4065 2383 4120 Ab
2413 4079 2484 4121 eo
2511 4064 2671 4120 enim
2701 4067 2970 4136 tempore
3021 4064 3324 4121 credimus
3372 4080 3484 4122 nos
3540 4066 3646 4123 ha-

1989 4154 2132 4210 bere
2163 4153 2447 4224 angelum
2477 4152 2804 4225 unicuique
2830 4152 3047 4208 animae
3089 4152 3326 4219 ducem,
3386 4157 3451 4210 ut
3505 4153 3648 4212 dicit

1993 4243 2352 4299 Dominusin
2365 4241 2698 4312 Evangeliis
2719 4261 2729 4294 :
2749 4265 2776 4293 ιι
2793 4243 2991 4298 Videte
3007 4258 3082 4298 ne
3094 4242 3439 4315 despietatis
3451 4259 3646 4300 unum

1993 4349 2065 4388 ex
2083 4332 2175 4388 his
2196 4333 2418 4405 parvis,
2447 4332 2552 4403 qui
2578 4336 2716 4387 sunt
2755 4331 3026 4388 minimi:
3085 4333 3280 4404 angeli
3337 4334 3500 4390 enim
3549 4350 3646 4390 eo-

1990 4437 2127 4476 rum
2157 4420 2396 4476 assidue
2427 4419 2631 4476 vident
2661 4419 2877 4476 faciem
2903 4423 3090 4478 Patris
3114 4421 3443 4495 vestri,qui
3468 4429 3559 4480 est
3583 4424 3645 4480 in

1992 4509 2154 4566 caelis
2180 4512 2242 4564 η.
2269 4532 2298 4560 ››
2329 4509 2602 4567 Similiter
2637 4509 2818 4566 etiam
2847 4509 2992 4567 dicit
3026 4510 3212 4568 Jacob
3254 4511 3599 4584 patriarcha
3627 4529 3642 4569 :

1992 4622 2018 4652 ι
2051 4597 2332 4670 Angelus,
2367 4598 2469 4670 qui
2490 4613 2587 4654 me
2613 4598 2826 4655 liberat
2881 4615 2919 4655 a
2957 4599 3135 4656 malis
3194 4600 3481 4657 omnibus
3513 4603 3576 4658 ιε.
3616 4622 3647 4652 ››

1990 4691 2116 4744 Non
2149 4687 2332 4743 dixit:
2369 4687 2480 4753 Qui
2505 4703 2602 4743 me
2634 4687 2927 4754 liberavit,
2958 4689 3102 4745 sed:
3141 4689 3249 4754 Qui
3277 4707 3374 4746 me
3407 4690 3642 4748 liberat.

1992 4777 2142 4842 Quin
2175 4777 2356 4833 etiam
2405 4766 2668 4835 beatum
2703 4777 3043 4849 apostolum
3101 4781 3340 4836 Petrum
3371 4796 3435 4836 -a
3457 4797 3646 4838 manu

1989 4865 2238 4922 Herodis
2265 4866 2516 4937 angelus
2551 4866 2788 4922 Domini
2814 4866 3089 4924 liberavit
3124 4870 3189 4922 1‘.
3221 4868 3409 4925 Simul
3464 4875 3646 4942 atque

1989 4955 2148 5010 enim
2177 4956 2565 5011 constitutum
2591 4954 2702 5012 fuit
2721 4955 3062 5012 humanum
3081 4971 3294 5027 genus,
3322 4958 3481 5028 jussi
3506 4964 3646 5018 sunt

1988 5044 2187 5114 angeli
2213 5045 2345 5116 ejus
2373 5044 2508 5100 vitae
2538 5061 2747 5102 curam
2783 5059 3008 5114 gerere,
3037 5049 3095 5098 et
3140 5060 3644 5117 unumquemque

1986 5133 2296 5189 hominem
2333 5132 2576 5189 ﬁdelem
2614 5133 2856 5190 sortitus
2895 5139 2984 5190 est
3020 5133 3219 5189 bonus
3262 5132 3538 5202 angelus,
3577 5137 3645 5190 ut

1986 5223 2118 5292 ejus
2144 5223 2328 5279 vitam
2355 5226 2764 5296 componeret,
2787 5221 2984 5293 etejus
3007 5221 3276 5278 animam
3307 5223 3640 5295 perficeret.

1985 5312 2142 5368 Multi
2166 5316 2370 5369 autem
2392 5329 2530 5368 cum
2559 5327 2632 5368 eo
2650 5312 2953 5367 luctantur
2972 5310 3284 5368 daemones
3309 5329 3344 5369 a
3363 5311 3460 5369 via
3483 5317 3646 5371 recta

1985 5401 2420 5459 eumfacientes
2433 5401 2731 5458 aberrare.
2746 5401 3082 5457 Immundis
3093 5400 3255 5458 enim
3267 5401 3646 5460 daemonibus

2304 5525 2350 5563 ίο
2382 5527 2498 5584 Isa.
2524 5540 2604 5591 vr,
2641 5528 2692 5593 3,
2794 5524 2834 5560 “
2870 5523 3026 5586 Psal.
3052 5539 3186 5599 cxx,
3218 5531 3270 5586 3.
3371 5528 3416 5564 ³³
3442 5526 3644 5591 Matth.
