4132 6390
493 202 601 305 ἔῖὲ

1708 178 2190 301 mutaris
2230 174 2515 304 9'46st
2560 188 2668 305 0?-

3794 206 3894 303 5‘???

494 345 619 387 non
648 333 786 411 sunt
810 344 969 386 curas
989 327 1279 395 inﬁdeles,
1304 328 1410 386 sed
1508 328 1613 413 qui
1645 330 1739 402 pie
1768 330 2014 400 vivunt;
2061 329 2145 385 eis
2177 332 2226 411 ᾼ
2255 329 2595 413 effectorem
2621 344 2948 402 agnoscere
2978 345 3051 386 ex
3072 328 3555 413 magnitudineet
3581 331 3892 404 pulchritu-

496 420 655 475 enim
684 408 969 480 invident,
1000 421 1057 472 et
1085 434 1222 473 cum
1254 414 1336 472 eis
1367 408 1605 474 bellum
1624 424 1856 487 gerunt.
1892 417 2146 485 Quando

496 494 698 565 autem
747 488 1019 585 ambulat
1063 506 1311 580 quidem
1357 506 1416 562 in
1462 508 1771 563 sanctitate
1819 492 1877 563 et
1920 500 2150 578 justitia

494 597 680 654 homo
708 594 924 673 tidelis,
954 584 1190 650 laetatur
1221 588 1495 664 angelus,
1519 596 1624 669 qui
1651 601 1705 651 et
1738 594 1846 651 fuit
1872 596 2048 651 datus
2070 592 2149 650 ad

492 674 694 761 ipsum
716 683 1197 753 custodiendum.
1219 684 1473 752 Quando
1503 701 1641 741 vero
1671 700 1707 741 a
1737 685 1832 740 via
1853 689 2014 740 recta
2047 683 2148 739 de-

494 776 821 843 elinaverit,
855 770 1036 829 tristis
1063 773 1312 846 quidem
1342 778 1430 828 est
1482 773 1679 829 bonus
1732 773 2004 845 angelus,
2031 772 2149 827 dae-

497 880 708 922 mones
739 868 939 919 autem
970 861 1268 919 exsiliunt.
1298 864 1427 918 Jam
1458 878 1595 917 vero
1621 878 1879 932 magnus
1905 876 2151 935 quoque

494 955 641 1011 dicit
664 948 911 1011 Basilius
940 969 953 1007 :
987 953 1135 1008 Sunt
1166 952 1383 1023 angeli,
1414 952 1516 1026 qui
1544 953 1602 1007 in
1656 958 1907 1029 utraque
1957 951 2151 1008 eccle-

497 1043 587 1100 sia
616 1042 963 1099 describunt
992 1056 1095 1096 eos
1126 1040 1229 1117 qui
1264 1045 1437 1095 orant
1479 1046 1533 1096 et
1568 1039 1867 1112 jejunant.
1920 1040 2081 1102 Vide,
2116 1054 2153 1094 ο

496 1134 703 1198 homo,
720 1147 792 1186 ne
811 1139 1056 1205 propter
1067 1116 1319 1203 parvam
1337 1127 1699 1201 voluptatem
1715 1116 2025 1184 etbrevem
2039 1127 2155 1184 hoc

494 1221 790 1279 damnum
804 1219 1079 1291 accipias,
1097 1217 1257 1291 quod
1276 1222 1331 1273 te
1352 1234 1473 1273 non
1486 1216 1867 1290 descripserit
1882 1216 2153 1293 angelus.

568 1310 655 1366 IX.
688 1313 753 1366 Et
776 1310 836 1365 in
887 1307 1164 1365 fidelibus
1208 1306 1478 1381 quidem,
1548 1312 1611 1363 ut
1650 1310 1815 1378 prius
1860 1306 2144 1362 diximus.

498 1418 653 1458 unus
684 1398 932 1468 angelus
960 1413 995 1453 a
1028 1394 1146 1451 Deo
1180 1395 1356 1451 datus
1378 1407 1473 1452 est
1503 1394 1844 1470 unicuique.
1908 1392 1969 1450 In
2020 1394 2151 1450 inﬁ-

494 1488 731 1547 delibus
764 1492 965 1543 autem
1009 1501 1508 1558 unamquamque
1565 1485 1859 1553 integram
1913 1488 2152 1553 gentem

495 1578 737 1634 sortitus
762 1580 851 1649 est
876 1589 1030 1630 unus
1057 1562 1333 1642 angelus,
1354 1580 1417 1629 ut
1441 1573 1584 1629 dicit
1609 1562 1943 1646 Scripturai
1974 1597 1999 1622 «
2024 1574 2147 1628 Sta-

493 1667 604 1723 tuit
634 1664 917 1721 terminos
948 1662 1212 1735 gentium
1246 1661 1581 1719 secundum
1610 1679 1929 1718 numerum
1966 1676 2147 1732 ange-
2181 1681 2218 1733 Β

492 1755 689 1813 lorum
722 1752 961 1809 θείη.»
990 1753 1055 1808 Et
1105 1756 1167 1806 ut
1210 1751 1555 1807 Judaeorum
1603 1750 1850 1824 quidem
1910 1754 2147 1819 gentem
2198 1756 2205 1765 '

494 1843 839 1904 custodiret,
853 1840 1210 1898 constitutus
1225 1846 1312 1896 est
1326 1840 1590 1905 Michael,
1613 1828 1870 1912 magnus
1886 1840 1986 1895 Dei
2001 1838 2150 1895 mili-

495 1934 592 1989 tize
648 1932 926 2006 princeps
953 1930 1015 1995 ⁸⁸,
1033 1933 1237 2002 utpote
1254 1927 1419 2007 quod
1446 1929 1507 1983 in
1530 1930 1710 1984 Deum
1730 1918 2143 1985 credidissent.

496 2022 658 2078 Alius
689 2036 831 2077 vero
852 2018 1169 2092 praefectus
1196 2014 1303 2073 fuit
1332 2018 1540 2083 Persis,
1565 2016 1718 2072 alius
1750 2033 1887 2072 vero
1914 2017 2148 2081 Graecis,

494 2116 553 2169 et
579 2111 864 2183 deinceps
895 2106 1184 2163 similiter.
1218 2108 1509 2183 Caeterum
1539 2104 1778 2161 divinus
1807 2103 2054 2181 quidem
2100 2110 2157 2159 et

494 2199 891 2271 magnusdux
904 2192 1200 2253 exercitus
1220 2186 1458 2269 Michael
1478 2201 1570 2249 est
1589 2190 1862 2266 princeps
1880 2192 2155 2249 omnium

493 2270 823 2346 cmlestium
843 2270 1223 2359 potestatum,
1237 2272 1570 2356 prmestqiie
1583 2288 1639 2338 et
1669 2298 1876 2338 curam
1900 2282 2047 2353 gerit
2067 2287 2160 2338 to-

497 2379 613 2436 tius
642 2356 1092 2453 gentis—ﬁdelis;
1121 2377 1175 2453 et
1205 2384 1415 2426 rursus
1458 2362 1685 2438 ﬁdeles,
1733 2370 1837 2443 qui
1881 2370 2163 2447 laborant

495 2448 793 2551 praevenit
814 2452 889 2547 et
905 2448 1241 2541 conservat,
1264 2458 1329 2516 ut
1356 2460 1459 2533 qui
1483 2478 1519 2516 a
1547 2460 1664 2515 Deo
1686 2461 1891 2532 jussus
1920 2461 1993 2514 sit
2013 2460 2160 2515 cele-

492 2540 622 2615 rem
644 2540 874 2627 habere
905 2540 1205 2616 naturam,
1221 2553 1278 2605 et
1299 2552 1615 2623 tamquam
1630 2549 1881 2619 fulguris
1897 2549 2157 2627 adeptus

496 2618 895 2707 velocitatem,
920 2639 1264 2696 universam
1285 2644 1502 2695 terram
1517 2639 1864 2694 etzetherem
1889 2626 2152 2694 unom'o-

494 2720 696 2794 mento
719 2745 1083 2805 percurrere.
1108 2751 1135 2778 ‹‹
1166 2727 1390 2805 Exsiliit
1427 2727 1590 2783 enim
1629 2727 1846 2801 inquit,
1878 2725 2152 2797 angelus,

492 2824 599 2901 qui
616 2800 969 2879 ambulabat
993 2823 1131 2875 ante
1152 2800 1345 2874 castra
1368 2814 1630 2892 filiorum
1659 2800 1839 2873 Israel
1867 2816 1972 2871 ¹”¹.››
1990 2818 2153 2872 Hunc

492 2906 697 2973 autem
757 2906 1062 2997 angelum,
1115 2908 1335 2985 militiae
1391 2906 1727 2983 principem
1809 2906 2153 2963 Michealem

491 2992 622 3062 ease
640 3003 799 3085 dixit
820 2990 1123 3087 Scriptura
1162 3000 1223 3054 in
1244 2998 1385 3053 Jesu
1419 3000 1577 3073 Nave
1614 2994 1683 3051 ⁸¹.
1726 2999 1875 3053 Nam
1929 3008 2151 3083 nomen
2184 3025 2225 3082 ο

492 3082 625 3175 ess
656 3076 861 3175 arma
893 3074 1221 3175 dsistam
1250 3082 1633 3175 inpr-9pm
1659 3083 1901 3175 οᾳηίςις
1921 3074 2017 3159 ιε’

490 3180 499 3189 ’
524 3162 640 3238 ΗΧ.
656 3162 765 3238 Ἠίο
786 3170 929 3250 ergo
950 3162 1210 3250 magnus
1231 3162 1284 3230 et
1299 3168 1719 3243 gloriosus'Dei
1736 3166 1959 3227 militiae
1989 3171 2154 3244 prin-

564 3190 640 3238 Χ.
665 3190 765 3238 Hic
786 3195 929 3250 ergo
950 3193 1051 3233 ma
1097 3191 1210 3231 nus
1231 3190 1595 3243 etgloriosus
1620 3190 1719 3227 U81
1736 3190 1959 3227 mutuae
1989 3190 2154 3244 prm-

493 3260 636 3345 ceps
662 3190 1347 3345 Michael,"ét‘$éteri,'ut
1388 3259 1686 3325 convenit,
1740 3259 1847 3314 fuit
1868 3262 1871 3267 '
1898 3260 2154 3316 admini'

492 3336 629 3426 'ste-r,
662 3336 719 3415 ei
742 3354 898 3413 novo
921 3352 1114 3421 magis
1151 3348 1550 3417 administrat,
1612 3348 1749 3421 quae
1810 3354 1949 3404 sunt
1999 3349 2153 3405 salu-

491 3452 662 3511 taria.
694 3451 1020 3518 Postquam
1048 3441 1210 3497 enim
1241 3437 1414 3495 valde
1454 3437 1763 3494 irritarunt
1801 3443 1858 3494 et
1913 3438 2154 3511 penitus

492 3538 939 3611 dereliquerunt
954 3528 1276 3587 Dominum
1300 3529 1485 3583 Deum
1507 3525 1801 3593 increduli
1850 3526 2151 3588 lsraelitm,

492 3636 550 3689 et
577 3624 649 3686 ea
676 3627 751 3684 de
783 3638 969 3681 causa
998 3622 1239 3677 fuerunt
1268 3617 1507 3690 penitus
1532 3616 1932 3683 exterminati,
1973 3621 2032 3672 et
2051 3615 2154 3672 ad-

489 3712 683 3778 vocati
715 3706 1055 3784 sumus'qui
1078 3704 1447 3765 credidimus
1498 3721 1571 3761 ex
1597 3702 1899 3775 gentibus,
1956 3710 2012 3761 et
2068 3705 2151 3762 fa-

493 3802 622 3868 ctus
652 3806 740 3864 est
769 3816 959 3859 novus
988 3796 1184 3869 Israel,
1218 3813 1256 3853 a
1297 3794 1529 3851 Christo
1582 3795 2034 3857 denominatus,
2097 3798 2153 3850 et

496 3898 795 3956 Christum
824 3886 1160 3959 intelligens
1187 3889 1349 3956 (nam
1389 3885 1438 3940 si
1490 3884 1897 3957 interpreteris
1953 3883 2148 3949 Israel,

491 3981 542 4045 is
560 3991 650 4044 est
668 3970 830 4042 biens
853 3980 1056 4039 videns
1081 3974 1304 4047 Deum),
1319 3978 1462 4030 tunc
1483 3971 1758 4028 divinum
1781 3986 2024 4046 quoque
2045 3972 2152 4028 mi-

490 4076 631 4147 litias
659 4064 991 4148 prinCipem
1024 4064 1369 4125 MiChaelem
1419 4062 1677 4118 removit
1729 4077 1765 4117 a
1806 4061 2150 4117 Judaeorum

492 4150 929 4225 consuetudine
955 4150 1156 4215 bonus
1188 4152 1364 4216 Deus,
1399 4157 1456 4207 et
1476 4150 1555 4206 ab
1582 4165 1653 4206 eo
1692 4154 1961 4223 tempore
2011 4152 2151 4205 eum

492 4254 670 4314 nobis
700 4250 898 4308 electis
925 4243 1275 4304 Christianis
1298 4239 1605 4297 constituit
1648 4240 1988 4294 maximum
2045 4239 2148 4295 de-

2255 406 2393 476 d'ine
2425 437 2623 477 rerum
2674 419 2752 475 ab
2792 436 2862 475 eo
2888 416 3248 487 crealarum,
3304 420 3438 492 pius
3461 406 3556 476 ille
3582 421 3891 490 Abraham,

2256 524 2391 564 cum
2426 526 2494 565 ex
2523 508 2702 565 rebus
2725 509 2936 565 creatis
2955 513 3150 565 meite
3164 508 3714 581 comprehendisset
3734 512 3893 568 Crea-

2256 602 2465 665 torem,
2500 603 2557 654 et
2584 598 2829 654 infinitae
2864 597 3141 670 potentiae
3173 597 3504 654 admiratus
3540 602 3690 653 esset
3720 598 3893 655 artiﬁ-

2256 685 2438 755 cium,
2470 686 2764 759 valdeque
2822 702 2979 758 aegre
3039 686 3210 743 ferret
3265 691 3323 742 et
3376 686 3787 755 indignaretur
3839 688 3893 744 in

2259 773 2493 845 stultos,
2528 780 2582 830 et
2611 775 2975 837 incredulos,
3007 775 3111 848 qui
3159 791 3286 831 rem
3322 780 3585 831 creatam
3635 774 3899 832 colebant

2258 864 2413 919 ultra
2442 865 2804 931 Creatorem,
2843 865 2995 919 Deus
3035 880 3067 919 e
3098 862 3243 919 caelo
3272 879 3411 920 eum
3452 867 3542 919 est
3594 863 3896 931 allocutus,

2258 950 2464 1007 dicens
2491 970 2503 1005 :
2540 952 2864 1024 «Egredere
2884 969 2915 1007 e
2945 957 3097 1008 terra
3123 955 3225 1008 tua
3259 957 3406 1007 etex
3437 953 3901 1023 cognationetua

2260 1044 2317 1096 et
2343 1039 2527 1097 domo
2555 1040 2741 1113 patris
2772 1041 2876 1109 tui,
2907 1044 2964 1096 et
2989 1040 3124 1095 veni
3154 1040 3213 1095 in
3246 1045 3483 1106 terram,
3521 1055 3707 1114 quam
3764 1039 3903 1096 indi-

2261 1129 2414 1185 cabo
2435 1130 2537 1185 tibi
2570 1131 2637 1183 ³ο.
2664 1151 2689 1178 ››
2722 1128 2940 1185 Deinde
2967 1129 3049 1184 sic
3076 1128 3127 1185 ei
3150 1128 3497 1201 apparuitin
3522 1128 3716 1201 specie
3735 1129 3905 1186 trium

2263 1216 2615 1288 angelorum
2643 1219 2709 1272 ²¹.
2743 1218 2830 1272 Ab
2856 1232 2926 1272 eo
2949 1224 3149 1273 autem
3163 1216 3425 1288 hospitio
3448 1206 3735 1288 acceptus
3750 1216 3905 1289 apud

2259 1323 2551 1382 quercum
2569 1307 2850 1371 Mambre,
2868 1306 3153 1380 praeclare
3174 1307 3301 1377 ejus
3320 1305 3740 1380 hospitalitatis
3760 1321 3909 1361 mer-

2261 1396 2470 1454 cedem
2498 1395 2752 1469 praebuit
2778 1394 2827 1450 ei
2852 1397 2982 1465 jam
3013 1394 3159 1457 seni,
3191 1399 3247 1450 et
3297 1410 3435 1449 cum
3499 1394 3711 1450 sterilis
3765 1398 3909 1449 esset

2262 1502 2413 1541 uxor
2434 1489 2596 1552 Sara,
2626 1486 2794 1557 pium
2824 1484 3016 1540 ﬁlium
3046 1486 3208 1540 Isaac
3240 1487 3297 1539 et
3329 1483 3389 1539 in
3440 1484 3714 1539 moribus
3736 1488 3792 1539 et
3805 1483 3910 1539 vir-

2259 1576 2377 1629 tute
2405 1572 2454 1629 ei
2484 1572 2739 1629 similem
2762 1575 2830 1627 ²².
2876 1576 3197 1645 Postquam
3255 1579 3459 1629 autem
3499 1579 3720 1646 praeter
3751 1587 3912 1645 spem

2256 1667 2433 1719 natus
2463 1665 2621 1718 esset
2652 1662 2831 1732 ﬁlius,
2862 1662 3147 1718 omnibus
3187 1662 3597 1735 probatiorem
3663 1661 3913 1718 reddens

2257 1753 2386 1823 ejus
2416 1748 2600 1807 animi
2631 1753 3133 1821 magnitudinem,
3167 1750 3428 1824 fideique
3446 1757 3504 1807 et
3530 1751 3721 1808 animi
3743 1752 3916 1824 pieta-

2258 1845 2398 1905 tem,
2422 1841 2472 1896 ei
2494 1857 2701 1896 rursus
2727 1832 2911 1896 diXit:
2943 1864 2960 1889 ι
2998 1840 3325 1900 Abraham.
3350 1838 3683 1910 Abraham,
3708 1840 3908 1912 accipe

2259 1929 2449 1985 tilium
2470 1934 2644 1985 tuum
2669 1928 2975 1986 dilectum.
2993 1945 3175 2002 quem
3206 1931 3464 1999 genuisti
3488 1933 3678 1998 lsaac,
3703 1934 3761 1987 et
3785 1916 3919 1985 eum

2261 2018 2408 2074 mihi
2428 2017 2576 2073 otfer
2591 2020 2650 2073 in
2669 2018 3088 2076 sacriﬁcioJlle
3107 2023 3311 2075 autem
3334 2018 3516 2076 simul
3534 2023 3719 2092 atque
3737 2014 3923 2074 fuerat

2263 2108 2313 2161 ei
2341 2106 2726 2179 imperatum,
2754 2123 2882 2161 rem
2908 2108 3371 2179 exsequebatur,
3401 2114 3625 2164 etcum
3684 2107 3928 2179 ligasset

2260 2197 2455 2262 lsaac,
2475 2200 2531 2250 et
2549 2195 2917 2251 extendisset
2935 2211 3185 2251 manum
3201 2212 3339 2269 quae
3361 2196 3608 2253 tenebat
3632 2195 3923 2268 gladium,

2261 2284 2389 2355 jam
2422 2284 2622 2353 guttur
2647 2283 2802 2339 illius
2831 2288 3151 2347 tacturum,
3182 2301 3321 2341 eum
3353 2287 3647 2359 repressit
3676 2283 3928 2353 angelus

2271 2371 2526 2436 Domini,
2550 2372 2795 2429 Michael
2826 2372 3064 2443 scilicet,
3099 2368 3313 2430 dicens
3368 2392 3381 2429 :
3440 2397 3467 2425 ‹‹
3500 2374 3585 2430 Ne
3634 2372 3931 2429 immittas

2268 2476 2519 2515 manum
2554 2466 2719 2517 tuam
2751 2461 2813 2516 in
2842 2460 3054 2517 tilium.
3077 2466 3243 2518 Nunc
3272 2462 3435 2518 enim
3466 2461 3638 2528 novi,
3672 2460 3844 2534 quod
3874 2460 3936 2515 tu

2266 2547 2478 2604 timeas
2506 2552 2862 2615 Dominum;
2894 2550 2997 2604 sed
3021 2548 3220 2621 aspice
3248 2550 3362 2605 tuis
3409 2548 3630 2618 oculis,
3690 2555 3750 2606 et
3804 2547 3938 2604 vide

2265 2635 2343 2693 ad
2369 2642 2425 2693 te
2455 2637 2708 2692 missum
2741 2639 2983 2692 arietem
3011 2636 3279 2706 ligatum,
3311 2642 3369 2693 et
3410 2653 3558 2693 eum
3614 2636 3781 2694 ‘oﬁ'er
3834 2650 3943 2710 pro

2263 2727 2433 2782 Isaac
2464 2725 2584 2781 tilio
2615 2730 2717 2781 tuo
2749 2724 2852 2782 ’3.»
2886 2724 3055 2780 Hunc
3087 2730 3287 2781 autem
3320 2723 3643 2796 angelum,
3673 2725 3782 2797 qui
3814 2726 3946 2780 haec

2263 2813 2410 2871 dixit
2466 2814 2841 2887 patriarchae,
2903 2813 3123 2869 militiae
3181 2810 3526 2886 principem
3587 2812 3945 2871 Michaelem

2263 2909 2467 2975 aperte
2492 2906 2621 2959 esSe
2643 2902 2968 2958 credimus.
2996 2902 3221 2958 Etenim
3245 2903 3430 2957 Jacob
3451 2917 3733 2974 quoque,
3759 2917 3940 2975 quem

2267 2992 2443 3048 frater
2472 2992 2947 3065 persequebatur
2977 2993 3151 3060 Esau,
3203 2989 3425 3046 militias
3453 2990 3753 3063 princeps
3798 2989 3936 3047 libe.

2266 3078 2417 3137 ravit
2438 3090 2491 3136 et
2516 3081 2795 3135 servavit.
2826 3079 2934 3146 Qui
2967 3079 3149 3135 etiam
3177 3080 3229 3135 ei
3259 3078 3534 3134 animum
3565 3077 3832 3148 addens,
3867 3093 3930 3134 ne

2262 3169 2500 3225 timeret
2528 3182 2664 3225 eum
2696 3169 2799 3242 qui
2839 3168 3332 3242 persequebatur,
3383 3184 3528 3225 cum
3577 3183 3656 3227 eo
3677 3169 3933 3225 luctatiir

2265 3259 2325 3312 in
2357 3261 2550 3321 nocte,
2583 3261 2641 3312 et
2681 3258 2869 3326 tangit
2907 3256 3038 3326 ejus
3082 3255 3294 3326 femur,
3342 3256 3796 3328 propemodum
3845 3253 3930 3309 di-

2264 3360 2405 3403 cens
2435 3361 2447 3399 :
2487 3367 2507 3393 σ
2546 3345 2603 3401 Si
2631 3360 2771 3399 cum
2798 3344 3031 3415 angelis
3057 3344 3291 3400 valuisti
3320 3344 3561 3413 luctari,
3586 3344 3737 3419 quid
3760 3342 3934 3401 times

2263 3433 2572 3490 hominem
2604 3434 2662 3489 in
2691 3442 2875 3506 quem
2900 3432 3061 3489 cadit
3085 3432 3354 3490 interitus
3378 3435 3427 3470 ³⁸
3449 3435 3482 3490 ?

2336 3533 2473 3589 Xlll.
2515 3531 2664 3588 Cum
2692 3538 2895 3588 autem
2942 3531 3314 3604 multiplicati
3344 3538 3577 3604 essent,
3608 3533 3720 3608 qui
3746 3550 3821 3589 ex
3857 3531 3936 3605 pii

2262 3621 2517 3679 Abrahae
2551 3636 2765 3691 genere
2796 3621 3251 3687 descenderant,
3278 3626 3346 3677 nt
3373 3620 3691 3697 pollicitus
3735 3623 3789 3679 ei
3821 3623 3937 3679 fue-

2262 3718 2354 3767 rat
2385 3708 2658 3781 angelus,
2686 3709 2725 3765 ii
2761 3725 2900 3765 vero
2929 3709 2991 3764 in
3023 3713 3278 3781 Aigypto
3325 3710 3487 3768 male
3541 3710 3937 3769 haberentur.

2263 3814 2471 3854 eorum
2499 3798 2772 3854 misertus
2802 3802 2894 3853 est
2921 3797 3100 3865 Deus,
3131 3798 3235 3870 qui
3257 3800 3940 3874 estnaturabenignus,

2264 3895 2319 3943 et
2346 3887 2519 3958 elegit
2549 3889 2786 3959 Moysen
2818 3885 3115 3943 famulum
3148 3902 3345 3953 suum,
3380 3891 3440 3943 et
3466 3904 3584 3961 per
3609 3889 3822 3962 ipsum
3852 3903 3944 3943 ar-

2262 3977 2622 4047 changelum
2649 3974 3013 4045 Michaelem,
3044 3992 3179 4032 eum
3201 3977 3757 4037 constituitducem
3772 3977 3949 4036 totius

2262 4067 2498 4137 generis
2530 4064 2804 4131 Abrahae,
2824 4071 2889 4121 ut
2918 4064 3199 4121 educeret
3229 4080 3331 4120 eos
3361 4070 3579 4124 eterra
3614 4068 3951 4141 £gypti,et

2258 4170 2368 4227 per
2396 4170 2562 4211 mare
2590 4153 2857 4210 Rubrum
2882 4159 3173 4227 tanquam
3191 4169 3299 4226 per
3318 4154 3557 4212 siccam
3584 4162 3822 4214 terram
3851 4166 3949 4212 eos

2261 4243 2708 4313 transmitteret,
2745 4248 3105 4315 properante
3159 4243 3388 4316 populo
3438 4245 3527 4301 ad
3584 4253 3819 4304 terram
3869 4244 3946 4302 eis

492 4340 795 4404 fensorem
826 4344 882 4395 et
911 4339 1301 4399 servatorem,
1332 4328 1587 4387 aliarum
1620 4330 1887 4399 gentium
1941 4344 2148 4385 curam
2185 4375 2228 4429 Β
2259 4333 2648 4406 promissam.
2677 4348 2814 4405 quae
2840 4332 3065 4389 ﬂuebat
3093 4331 3244 4389 lacte
3295 4336 3352 4388 et
3394 4333 3608 4404 molle,
3663 4332 3945 4393 Michaele

495 4424 966 4506 suscipientibus
992 4426 1197 4496 aperte
1223 4419 1351 4476 aliis
1371 4418 1705 4474 minoribus
1727 4418 1976 4488 angelis.
2000 4421 2149 4474 Nam

494 4510 618 4603 quo
643 4504 736 4577 est
761 4508 908 4590 gens
930 4511 1177 4603 quidem
1191 4513 1403 4565 sancta
1417 4504 1887 4603 Christianorum
1905 4506 2151 4603 reliquis

490 4596 781 4671 omnibus
803 4600 1199 4681 praestantior,
1233 4615 1304 4656 eo
1330 4612 1579 4654 necesse
1594 4600 1685 4652 est
1712 4610 1840 4653 esse
1855 4596 2149 4667 majorem

494 4699 847 4773 dignitatem
872 4688 1218 4761 archangeli
1248 4687 1567 4755 Michaelis,
1606 4686 1711 4759 qui
1734 4701 1945 4741 curam
2002 4683 2152 4757 gerit

496 4788 730 4862 generis
761 4783 1253 4843 Christianorum.
1287 4778 1416 4863 Non
1442 4775 1603 4830 enim
1651 4773 1916 4829 essentia
1971 4787 2152 4863 ange-

488 4860 685 4937 lorum
715 4874 899 4932 habet
926 4860 1346 4935 diﬂ'erentiam,
1374 4865 1478 4920 sed
1494 4863 1797 4935 dignitatis
1857 4860 2148 4917 excellen-

488 4970 591 5027 tia.
616 4965 746 5022 Vult
772 4964 929 5022 enim
984 4975 1196 5017 omnes
1248 4955 1525 5013 homines
1579 4967 1714 5009 esse
1770 4951 1986 5016 salvos,
2041 4950 2148 5022 qui

488 5052 915 5117 universorum
945 5065 1156 5108 curam
1182 5046 1332 5118 gerit
1358 5051 1413 5101 et
1437 5049 1527 5100 est
1550 5047 1767 5099 natura
1824 5039 2147 5112 benignus.

494 5156 501 5165 ‘
558 5149 646 5207 XI.
706 5143 823 5204 Sed
864 5158 1003 5199 cum
1045 5137 1248 5195 miseri
1294 5134 1571 5191 homines
1623 5146 1734 5187 sua
1790 5128 2035 5186 stultitia
2086 5129 2147 5185 in

489 5248 687 5297 errore
717 5233 1168 5309 perseverarent
1187 5226 1245 5282 et
1259 5224 1421 5280 cultu
1442 5221 1923 5309 simulacrorum,
1957 5224 2015 5275 et
2039 5235 2145 5276 ne-

489 5338 802 5405 quaquam
831 5319 1050 5377 vellent
1077 5316 1138 5374 id
1166 5314 1335 5390 quod
1362 5311 1680 5386 oportebat
1708 5308 2055 5379 intelligere,
2088 5312 2147 5366 et

563 5461 608 5496 ¹⁵
640 5460 807 5514 Deut.
840 5469 1022 5519 xxxn,
1056 5453 1107 5506 8.
1204 5451 1250 5485 ¹⁶
1281 5450 1428 5505 Dan.
1453 5462 1515 5513 χ,
1545 5449 1635 5500 27.

1734 5445 1775 5482 ¹⁷
1806 5443 1990 5500 Exod.
2018 5459 2137 5509 xiv,
2174 5448 2264 5502 19.

2260 4420 2630 4491 archangelo
2657 4425 2911 4493 parante
2939 4421 3101 4477 viam
3129 4421 3261 4494 ejus
3290 4426 3429 4478 ante
3456 4423 3679 4497 ipsum
3704 4428 3777 4482 ³⁵.
3801 4425 3945 4483 Cum

2259 4516 2460 4568 autem
2491 4511 2863 4584 pervenisset
2909 4512 2969 4567 in
3023 4512 3333 4581 regionem
3384 4514 3833 4583 Moabitarum,
3886 4516 3949 4570 ut

2258 4602 2535 4657 transiret
2559 4615 2665 4673 per
2728 4615 2941 4657 eorum
2999 4600 3173 4670 lines,
3229 4601 3282 4657 ei
3335 4600 3559 4659 restitit
3623 4606 3810 4662 Balac
3848 4602 3949 4661 rex

2257 4687 2448 4757 Moab,
2478 4688 2806 4760 prohibens
2836 4703 2976 4744 eum
3002 4689 3279 4745 transire.
3339 4693 3645 4750 Accersiit
3700 4707 3949 4768 quoque

2256 4776 2386 4850 ipse
2411 4793 2511 4833 rex
2541 4776 2718 4833 Balac
2748 4782 2944 4833 vatem
2985 4778 3319 4849 quemdam
3355 4793 3580 4836 senem
3613 4782 3949 4853 insignem,

2255 4865 2500 4922 nomine
2527 4865 2790 4929 Balaam,
2808 4865 2890 4921 ad
2906 4867 3347 4923 exsecrandum
3364 4869 3688 4941 populum
3707 4869 3950 4945 Moysis,

2258 4958 2322 5011 ut
2346 4953 2699 5010 vinceretur.
2748 4953 3147 5010 Proﬁciscenti
3204 4959 3407 5011 autem
3469 4958 3683 5016 Balaae
3738 4961 3804 5017 in
3856 4958 3952 5015 via

2255 5044 2512 5101 occurrit
2540 5043 2793 5116 angelus
2821 5044 3076 5109 Domini,
3112 5044 3360 5101 Michael
3389 5047 3635 5105 scilicet
3660 5050 3954 5107 defensor

2256 5131 2677 5189 Israelitarum.
2713 5134 2899 5198 Quem
2933 5147 3071 5189 cum
3094 5133 3343 5191 vidisset
3371 5135 3558 5194 asina
3590 5136 3826 5207 Balare,
3856 5126 3955 5195 de-

2255 5220 2518 5290 clinavit,
2542 5226 2598 5277 et
2621 5219 3032 5292 allisitpedem
3056 5221 3247 5278 Balate
3264 5222 3343 5279 ad
3355 5224 3693 5299 parietem,
3726 5234 3787 5285 et
3810 5226 3953 5284 e'um

2253 5310 2449 5382 arguit
2468 5309 2640 5367 asina
2658 5309 2931 5367 humana
2944 5326 3105 5381 voce,
3131 5311 3458 5368 ostendens
3472 5317 3825 5375 terribilem
3853 5332 3953 5374 ar-

2366 5443 2413 5479 ¹⁸
2443 5445 2621 5515 Josue
2648 5460 2710 5514 v,
2746 5447 2831 5502 l3.
2929 5447 2972 5481 ¹⁹
3006 5446 3154 5502 Dan.
3185 5461 3289 5515 xii,
3318 5451 3371 5503 l.

3470 5448 3525 5483 ²⁰
3559 5451 3715 5508 Gen.
3748 5466 3859 5521 xu,
3892 5450 3949 5506 1.

482 5534 537 5574 ’ί
571 5526 718 5591 Gen.
744 5542 907 5598 xvnl,
941 5514 1017 5581 ιδ’
1064 5525 1116 5559 ⁸³
1145 5523 1289 5579 Gen.
1319 5522 1502 5588 111,1
1535 5530 1710 5591 seqq.
1786 5516 1836 5552 ’⁸
1864 5518 2005 5574 Gen.
2036 5528 2152 5572 nu

2261 5515 2365 5575 .u.
2438 5514 2488 5552 ιι
2517 5518 2661 5613 Gen.
2686 5527 2872 5603 χχιιι,
2903 5518 2994 5575 28.
3050 5517 3123 5557 -ιι
3154 5519 3515 5626 [laxum-xxv;
3608 5528 3825 5599 seqq.‘
