2066 3203
437 10 674 19 Ἧᾞῄ

79 52 124 64 ξπ,
150 53 155 56 -
182 52 186 59 ι
234 45 262 66 εχ
284 45 293 50 “
342 50 357 63 ν,
383 50 428 62 [με

697 118 742 146 DE
761 118 791 161 ἓ·
813 111 951 162 Ψβῌᾼέἳῖ

1007 104 1265 163 acarnae.»
1779 112 1833 174 ἢ

271 181 428 224 γίεξρρςξιι-
447 180 569 223 Baiana
582 182 684 223 autem
701 188 771 222 cum
786 178 950 226 ᾃξρειίεδεέξ
968 185 990 214 Α
1005 176 1112 226 alia???
1126 177 1209 226 iis“,
1234 181 1271 226 υἱ
1281 181 1328 226 93$
1341 179 1500 226 Verisimile
1522 188 1528 208 ε
1559 181 1700 226 ῌΩὲἓρτηθ
1726 188 1769 225 θεν
1792 188 1833 226 εει

111 214 425 269 ex
441 214 648 268 eo‘jemicabat,‘
656 215 750 265 valde
765 214 893 260 territus.
905 214 949 249 di”—

288 264 375 311 milii,
385 277 476 307 parce
486 263 561 298 mihi
575 263 709 309 Domine.
723 271 796 312 Nam
807 269 950 304 ignorans

114 306 335 358 ᾗξόὸᾗᾷίεθό
351 315 430 344 hanc
453 314 521 343 licet
548 306 693 343 visionem
718 310 883 351 aspexisset
900 313 948 340 Ba.

223 367 286 399 non
297 360 397 388 statim
408 362 454 387 est
467 367 603 386 reversus
616 367 622 391 ;
635 359 687 386 sed
701 359 780 386 venit
793 357 832 385 ad
846 365 949 392 regem

295 411 366 440 eum
382 406 558 438 accerserat,
572 405 605 431 ut
625 402 773 431 desiderio
786 403 851 437 ejus
864 402 949 429 satis~

328 447 420 490 ambo
442 456 460 475 a
475 455 568 484 scopo
586 447 771 476 exciderunt.
784 448 855 475 Nam
880 454 948 473 cum

115 484 150 536 in
321 484 390 520 loco
406 492 534 520 stetisset
547 492 679 537 Balaam,
695 495 722 520 et
746 491 950 527 conspexisset

231 527 323 580 δέξει,εῇ
338 540 488 573 tanquam
507 536 613 565 cedros
630 530 751 573 propter
763 544 870 572 aquas,
882 543 949 571 pro-

283 574 527 612 bénedictionem
540 581 607 610 loco
620 581 833 609 exsecrationis
849 580 892 607 vel
908 580 950 606 in-

304 625 412 655 eﬂ'atus
425 629 470 653 est
497 626 610 662 populo
637 626 804 658 Israelitico,
829 625 948 652 dicens:

118 667 133 697 ἰ(
145 660 364 712 ρξῖξᾷιῖίέὲωηᾶ
379 678 415 698 ex
430 660 574 704 Jaco_b,-et
590 674 690 704 surget
705 671 795 697 homo
811 678 845 696 ex
864 669 950 696 Israel

115 710 326 750 etcorifringet
336 714 428 742 duces
438 714 534 748 Moab,
549 726 559 739 ι
573 718 627 742 etc.
642 715 764 749 Propter
775 714 888 741 malum
900 722 951 741 aii-

117 764 181 790 tem
194 759 320 789 omnino
329 760 582 788 etexsecrandum
590 768 678 787 suum
689 759 950 794 consilium,quod

115 800 268 841 merebat,
283 804 402 833 Balaam
416 805 531 840 accepit
547 805 670 832 exitium

1004 214 1456 263 adversariorum?“Pi'aeclarus
1483 214 1657 253 enimmiii‘t'is
1674 223 1702 263 et
1731 217 1833 263 veritis

1003 268 1145 301 aspectus
1158 262 1261 295 incitat
1276 276 1334 300 me,
1360 261 1396 295 ‘ut
1419 271 1445 296 te
1469 269 1658 304 interrogem.
1674 261 1741 297 Dic“
1759 263 1833 305 ergo

1005 309 1077 337 mihi
1092 310 1185 344 ocius,
1213 312 1389 348 priusquam
1412 316 1439 340 te
1455 313 1558 340 cresim
1580 308 1833 349 aggrediar.'Non

1004 354 1083 381 enim
1099 356 1244 391 convenit,
1263 359 1294 396 ut
1305 357 1367 384 acie
1392 357 1493 385 relicta
1507 358 1536 385 in
1565 357 1748 390 discrimine,
1776 351 1833 393 ego

1004 401 1030 425 te
1046 406 1171 434 pergam
1197 400 1319 438 alloqui.
1347 402 1481 429 Arbitror
1501 402 1581 429 enim
1597 404 1623 429 te
1654 403 1753 430 venire
1774 395 1831 431 i163

1004 440 1201 479 speculatum.
1214 445 1262 472 Sin
1288 438 1390 473 autem
1404 445 1508 474 venisti
1524 442 1688 482 transfuga,
1716 438 1833 483 abjecto

1003 488 1061 515 hoc
1073 490 1124 516 tuo
1136 483 1263 517 micante
1279 487 1388 525 gladio,
1406 484 1446 518 sis
1461 484 1704 524 ciloinobiscum,
1720 494 1748 520 et
1761 483 1834 520 lib’el

1004 540 1070 573 rare
1084 533 1122 560 ab
1138 533 1238 568 exitio,
1252 534 1334 571 quod
1348 535 1448 572 impiae
1469 535 1539 573 urbi
1559 536 1675 563 Jericbo
1688 530 1832 572 imminet,

1006 575 1054 604 Sin
1070 579 1169 605 autem
1193 587 1225 606 es
1242 573 1351 612 nbster,
1376 583 1428 607 cur
1441 572 1524 609 soliis
1541 576 1601 608 stas
1615 585 1698 609 extra
1727 582 1834 616 aciem,

1004 629 1073 657 quin
1086 626 1219 651 versatur
1230 624 1258 651 in
1273 617 1435 652 certamine
1445 625 1460 652 ?
1476 618 1526 652 Dic
1544 624 1618 653 mihi
1634 628 1739 653 autem‘
1759 620 1836 655 ocis:

1006 666 1090 699 sime,
1112 675 1167 702 ego
1185 668 1264 696 enim
1278 677 1312 696 ex
1326 668 1430 703 lingua
1446 669 1588 697 Hebraica
1613 673 1639 697 te
1655 663 1833 705 agnoscam.

1007 712 1072 738 Haec
1094 720 1163 739 cum
1188 712 1383 748 interrogaret
1403 706 1489 741 .lesus
1511 715 1599 749 Nave,
1625 708 1781 750 respondit
1793 707 1835 743 "ei

1005 755 1125 783 Michael
1139 764 1268 791 magnus
1283 757 1390 785 ductor
1406 758 1454 786 Dei
1470 758 1631 786 ordinum:
1656 760 1716 794 Ego
1728 760 1834 796 praeci-

1005 807 1084 835 puus
1100 800 1161 828 dux
1172 802 1327 837 copiarum
1346 802 1460 830 Domini
1473 795 1552 830 nunc
1563 804 1685 832 accessi.
1697 795 1834 832 Protinus

339 851 440 877 autem
456 839 533 877 esset
547 849 668 876 Michael
680 849 819 886 princeps
834 848 951 876 Domini
1005 847 1116 878 autem,
1134 846 1258 881 abjectis
1274 847 1366 874 armis
1381 846 1452 880 suis,
1469 847 1555 874 Jesus
1568 849 1646 876 Nave
1666 848 1748 875 humi
1761 849 1832 876 ceci-

255 894 308 935 qui
323 894 453 922 occurrit
469 893 573 927 Balaaa,
598 897 625 921 et
642 894 667 921 ci
694 893 893 927 denuntiavit,
920 895 951 919 ut

115 933 339 979 quies'setdux
363 937 467 975 populi
490 938 673 973 Judzeorum,
697 946 827 973 eumque
841 945 949 972 praece-

115 977 204 1024 deret
229 985 258 1011 et
281 982 430 1021 educeret,
463 986 564 1018 aperte
585 983 714 1010 ostendit
744 982 894 1017 Scriptura
921 981 950 1008 in

269 1027 388 1063 Moysis,
403 1030 435 1055 ut
458 1027 661 1054 divinissimus
681 1027 773 1054 .ludas
796 1026 950 1063 apostolus

116 1063 212 1108 Eafa}
225 1065 355 1106 Domini,
382 1071 456 1100 dixit
481 1071 511 1099 in
539 1080 594 1099 sua
621 1072 773 1099 Catholica
797 1070 948 1106 lipistola:

257 1107 360 1145 autem
375 1116 584 1151 archangelus,
610 1116 735 1151 quando
766 1115 951 1143 contendens

218 1154 353 1194 diabolo,
377 1149 545 1188 disserebat
559 1160 596 1188 de
609 1149 733 1196 corpore
755 1160 873 1195 Moysis,
890 1167 950 1187 non

119 1195 272 1241 Eusug'est
284 1203 549 1241 eﬁ‘errejudicium
572 1195 778 1240 blasphemiae,
809 1204 860 1231 sed
878 1204 951 1231 disit

123 1239 292 1294 ᾅδ-Ξᾷξειυε
305 1257 312 1277 :
324 1239 494 1285 lincrepette
506 1239 661 1276 Dominus.
673 1249 749 1282 Quid
765 1252 864 1276 autem
882 1257 951 1275 cum

259 1293 419 1322 dissereret
431 1293 542 1321 militiae
553 1293 693 1330 princeps
718 1293 849 1326 Michael,
879 1293 951 1320 scie«

123 1328 378 1373 ﬁbﬁonabdtur
386 1336 489 1370 hostis,
501 1339 530 1364 et
539 1328 687 1369 inimicus,
699 1340 727 1364 et
735 1337 880 1373 profanus
891 1337 952 1364 dia-

226 1371 297 1422 coni
312 1390 433 1422 summa
446 1382 643 1419 impudentia,
662 1385 689 1410 et
704 1370 902 1410 contendebat
922 1381 950 1409 in

118 1417 252 1467 decessu
261 1419 379 1467 Moysis,
394 1426 447 1463 qui
463 1417 555 1454 Deum
566 1427 697 1454 maxime
711 1430 754 1454 est
770 1426 952 1462 contempla-

119 1464 436 1512 tns‘oiﬁceré;ﬁtejus
456 1479 565 1508 corpus
579 1471 761 1506 redigeretur
789 1471 846 1498 sub
871 1474 951 1507 pote-

123 1510 237 1552 statem
251 1511 391 1554 interitus,
404 1520 437 1544 ut
451 1516 552 1544 nullus
567 1516 679 1544 videret
694 1517 808 1544 bonum
830 1517 949 1550 signum

125 1561 160 1589 in
172 1553 305 1598 futurum
318 1559 356 1595 ad
369 1559 538 1589 humanam
553 1561 724 1589 essentiam.
737 1563 769 1588 Et
782 1561 849 1588 ideo
875 1560 952 1588 dice-

122 1605 180 1634 bat
194 1601 399 1634 tenebricOsus
410 1606 501 1634 Satan
514 1605 750 1633 luminOSissimo
775 1606 825 1633 Dei
841 1605 952 1632 militiae

119 1648 252 1687 principi
266 1649 409 1682 Michaeli,
421 1649 555 1687 Moysem
570 1650 675 1677 fecisse
688 1650 799 1677 czedem
813 1649 951 1686 Egyptii,

121 1688 152 1723 et
163 1692 268 1731 aliain
282 1687 352 1722 eum
362 1694 555 1729 conﬁngebat
566 1694 732 1722 calumnias
756 1701 784 1722 et
809 1694 951 1722 crimina—

120 1739 232 1775 tiones.
249 1738 386 1776 Superbo
401 1746 472 1773 ergo
484 1742 511 1766 et
516 1738 705 1774 jactabundo
717 1739 838 1773 maligni
850 1739 952 1766 animo

121 1782 268 1812 resistens
281 1781 405 1811 Michael
419 1783 618 1818 archangelus
633 1785 662 1810 et
689 1783 907 1818 contradicens,
925 1786 953 1811 et

122 1827 282 1862 nunohoc,
291 1835 373 1855 nunc
383 1826 456 1854 illud
464 1827 651 1863 respondens
663 1826 702 1854 ad
713 1835 748 1855 ea
757 1827 951 1856 confutanda.

209 1870 309 1911 abillo
326 1871 504 1899 dicebantur
519 1871 667 1907 improbe.
681 1874 833 1907 postremo
850 1872 953 1899 videns

122 1909 191 1954 ejus
205 1909 356 1954 insignem
371 1915 602 1952 impudentiam,
629 1924 696 1943 eum
722 1916 895 1951 increpavit,
911 1916 953 1943 di-

122 1951 362 1996 cenEE—lncrepet
381 1951 598 1992 teDominus;
615 1960 672 1987 hoc
696 1962 758 1987 est:
783 1962 830 1994 Te,
845 1969 862 1988 ο
891 1961 952 1988 dia—

123 1994 209 2037 b013,
221 1994 326 2041 perdat
339 2005 427 2032 Deus.
459 2004 623 2040 Statimque
647 2005 768 2032 evanuit
791 2005 952 2033 sceleratus

124 2042 327 2085 adversarius.
340 2047 416 2076 Talis
429 2050 473 2076 est
485 2048 566 2075 enim
578 2048 711 2083 potentia
722 2048 849 2076 diviniet
860 2050 952 2077 Deum

121 2085 357 2131 contemplantis
373 2092 533 2125 Michaelis,
551 2095 578 2120 et
593 2093 657 2120 hiec
670 2095 723 2128 est,
751 2102 819 2129 qua:
835 2094 888 2121 fuit
912 2094 953 2122 di-

122 2132 258 2176 sputatio
273 2139 302 2165 et
316 2137 467 2165 contentio
493 2137 522 2164 in
549 2137 677 2165 decessu
706 2138 808 2172 magni
834 2139 952 2174 Moysis.

121 2174 251 2218 quando
265 2181 332 2217 ejus
345 2189 456 2217 corpus
483 2181 642 2209 abscondit
666 2182 786 2210 Michael
815 2183 954 2219 princeps

121 2225 252 2261 militia},
267 2226 321 2263 qui
331 2229 376 2254 est
388 2226 593 2261 angelicarum
608 2229 788 2262 potestatum
812 2230 954 2263 praestan-

120 2264 270 2310 tissimus.

244 2314 329 2344 Sedis
343 2322 471 2354 quoque
481 2314 572 2343 etiam
587 2317 656 2351 post
677 2315 837 2343 decessum
861 2317 954 2345 divini

241 2367 311 2398 cum
322 2360 407 2388 Iesus
415 2351 494 2387 Nave
509 2359 652 2387 divinitus
664 2360 694 2387 in
705 2360 853 2396 populum
865 2362 953 2389 Israe—

119 2392 432 2443 litién'mobtinuisset
453 2404 622 2440 imperium,
645 2407 674 2432 et
695 2392 763 2432 eum
789 2405 910 2433 duceret
924 2406 953 2433 in

249 2446 471 2485 promissionis,
496 2451 524 2476 et
539 2450 696 2477 struxisset
721 2449 817 2477 aciem
850 2452 954 2478 contra

117 2484 314 2521 adversarios
327 2495 355 2521 et
368 2492 406 2521 de
421 2492 638 2521 committendo
653 2493 756 2529 przelio
783 2494 951 2530 dissereret,

116 2534 207 2578 fieri:
218 2532 248 2565 et
261 2538 409 2575 tanquam
430 2537 611 2566 fortiSSimus
634 2537 718 2566 miles
743 2538 852 2567 militiae
872 2539 953 2575 prin-

209 2580 342 2621 Micbael,
359 2584 443 2610 stans
457 2582 580 2609 omnino
593 2585 719 2617 erectus,
732 2582 800 2611 laeto
826 2583 909 2611 vultu
927 2586 954 2612 et

114 2619 358 2667 ﬁsm‘insignis,
372 2628 496 2662 eratque
522 2626 642 2654 strictus
668 2626 786 2661 gladius
799 2628 830 2655 in
859 2636 953 2657 manu

116 2668 200 2714 ejus.
221 2665 376 2699 Accedens
390 2678 463 2698 vero
486 2671 580 2707 Jesus,
597 2671 649 2707 qui
677 2674 740 2699 erat
768 2675 912 2707 armatus,
927 2673 952 2701 ei

1005 889 1047 916 dit
1064 890 1093 917 in
1107 893 1228 924 terram,
1244 891 1283 928 et}
1292 888 1361 918 eum
1372 889 1518 924 adoravit,
1549 891 1670 919 dicens:
1697 893 1833 927 Domine,

1004 933 1136 965 domine,
1152 934 1224 970 quid
1237 935 1368 971 imperas
1381 938 1430 963 tuo
1445 935 1583 963 famulo?
1599 938 1673 963 Nam
1688 944 1743 972 ego
1758 944 1833 973 quo-

1004 985 1062 1013 que
1076 986 1143 1005 sum
1161 983 1229 1006 tuus
1242 979 1383 1013 famulus,
1398 980 1473 1007 sicut
1488 980 1578 1008 etiam
1591 980 1733 1008 dominus
1746 988 1835 1009 meus

1005 1022 1132 1057 Moyses.
1150 1024 1191 1050 Tu
1220 1031 1338 1051 mecum
1365 1031 1487 1060 quoque
1512 1024 1570 1051 duc
1593 1025 1769 1057 exercitum,
1786 1023 1834 1052 me

1005 1069 1160 1102 perpetuo,
1187 1067 1263 1095 sicut
1300 1067 1396 1102 illum,
1425 1068 1636 1096 corroborans.
1668 1069 1741 1096 Ecce
1754 1069 1835 1097 enim

1005 1110 1152 1138 adversus
1166 1112 1268 1140 hostes
1282 1112 1394 1140 fortiter
1409 1112 1502 1140 direxi
1519 1113 1626 1148 aciem,
1643 1113 1735 1141 fretus
1760 1113 1834 1141 invi-

1006 1154 1058 1182 ctis
1074 1156 1132 1183 tuis
1144 1156 1266 1189 viribus,
1283 1164 1336 1192 per
1351 1165 1428 1193 quas
1442 1165 1539 1185 stevus
1559 1160 1587 1185 et
1599 1158 1741 1185 immanis
1761 1158 1834 1186 Pha-

1004 1207 1058 1227 rao
1082 1207 1150 1228 cum
1175 1203 1236 1228 toto
1252 1201 1393 1235 exercitu,
1410 1201 1557 1236 colligatis
1582 1201 1672 1229 simul
1689 1210 1833 1230 curruum

1005 1244 1124 1279 axibus,
1142 1248 1174 1273 ut
1189 1245 1264 1273 mari
1284 1245 1419 1274 funditus
1443 1246 1619 1274 obrueretur
1635 1246 1776 1274 effecisti:
1806 1250 1835 1275 et

1005 1289 1057 1325 qui
1073 1289 1231 1317 dominum
1243 1298 1345 1318 meum
1358 1291 1477 1326 Moysen
1488 1290 1518 1318 in
1531 1291 1579 1318 via
1592 1291 1768 1320 obsistendo
1776 1292 1833 1320 im-

1006 1333 1173 1369 pedierunt,
1190 1334 1299 1370 impios
1314 1334 1457 1369 Moabitas
1468 1334 1506 1362 ad
1523 1335 1757 1363 internecionem
1784 1336 1835 1364 de-

1005 1378 1109 1405 levisti.
1120 1378 1195 1411 Quid
1204 1378 1335 1414 imperas
1344 1378 1458 1406 famulo
1468 1382 1532 1411 tuo,
1547 1378 1667 1407 domine
1679 1382 1694 1407 ?
1704 1380 1832 1408 Sanctis-

1007 1422 1101 1449 simus
1117 1426 1218 1450 autem
1235 1423 1374 1459 princeps
1388 1424 1437 1450 Dei
1452 1423 1563 1451 militiae
1587 1423 1658 1452 dicit
1681 1424 1726 1452 ei:
1747 1425 1833 1453 Solve

1006 1467 1123 1495 calceos
1148 1476 1180 1495 ev
1198 1467 1325 1503 pedibus
1339 1468 1407 1496 tuis.
1425 1469 1519 1495 Locus
1546 1467 1625 1496 enim
1638 1469 1667 1496 in
1681 1477 1743 1505 quo
1761 1473 1834 1502 stas,

1007 1514 1050 1539 est
1060 1515 1190 1539 sanctus.
1205 1512 1291 1544 Quod
1307 1520 1375 1539 cum
1392 1513 1490 1540 statim
1507 1513 1620 1540 factum
1635 1516 1724 1548 esset,
1745 1513 1834 1549 jussit

1006 1559 1039 1584 ut
1053 1556 1359 1585 audacterinvaderet
1368 1557 1474 1584 urbem
1491 1556 1583 1590 illam,
1600 1559 1714 1593 septem
1740 1566 1834 1587 muris

1007 1601 1213 1629 circundatam
1225 1605 1252 1629 et
1259 1601 1525 1637 inexpugnabilem
1537 1610 1542 1629 :
1553 1604 1581 1629 et
1591 1602 1680 1630 simul
1691 1605 1780 1638 atque
1791 1603 1834 1631 in-

1006 1646 1209 1673 vasissetcum
1216 1649 1329 1682 septem
1337 1646 1546 1674 sacerdotibus
1557 1646 1630 1674 tuba
1641 1647 1831 1678 canentibus.

1007 1698 1074 1718 eam
1088 1690 1126 1718 ad
1143 1690 1240 1718 solum
1255 1698 1349 1727 usque
1364 1690 1455 1718 diruit
1469 1690 1698 1723 admirabiliter,
1723 1694 1751 1719 et
1765 1700 1834 1721 eam

1008 1738 1101 1763 totam
1114 1743 1183 1763 cum
1204 1735 1346 1763 omnibus
1361 1734 1477 1763 aedibus
1496 1738 1524 1763 et
1543 1735 1652 1763 divitiis
1664 1736 1786 1771 exussit,
1802 1739 1836 1765 ut

1007 1780 1059 1815 qui
1083 1787 1152 1807 eam
1183 1780 1319 1812 Domino,
1346 1782 1492 1815 tanquam
1513 1783 1724 1808 consecratum
1738 1780 1834 1810 dona-

1007 1825 1084 1852 rium
1100 1827 1128 1852 et
1151 1824 1262 1860 praedas
1291 1824 1448 1859 primitias,
1477 1823 1625 1851 obtulerit.
1656 1824 1767 1853 Deinde
1792 1826 1835 1854 sic

1008 1871 1112 1905 postea
1128 1869 1230 1903 viginti
1244 1871 1272 1896 et
1283 1876 1392 1895 novem
1406 1875 1502 1903 reges,
1513 1870 1621 1904 praeter
1633 1868 1749 1897 Jericho
1764 1877 1835 1898 cum

1008 1922 1111 1941 eorum
1137 1913 1313 1941 exercitibus
1344 1915 1371 1940 et
1397 1912 1522 1940 urbibus
1536 1914 1619 1940 Jesus
1646 1914 1726 1941 Nave
1753 1914 1834 1942 ﬁlius

1008 1958 1206 1994 consumpsit.
1229 1966 1290 1985 non
1318 1957 1436 1985 habens
1464 1956 1624 1990 civitatem,
1655 1965 1717 1985 non
1740 1957 1835 1986 ullam

1008 2002 1078 2030 belli
1092 2002 1205 2035 sedem,
1222 2009 1283 2029 non
1296 2001 1414 2031 milites,
1425 2001 1478 2037 qui
1495 2000 1585 2028 ullam
1601 2001 1748 2029 haberent
1762 2002 1833 2030 belli

1007 2048 1154 2084 peritiam,
1170 2047 1222 2073 sed
1234 2046 1335 2073 divino
1344 2048 1429 2078 nutu,
1444 2048 1471 2073 et
1487 2045 1598 2073 auxilio
1612 2046 1737 2073 maximi
1749 2046 1835 2074 ducis

1008 2093 1144 2121 omnium
1158 2092 1321 2120 cmlestium
1337 2093 1528 2127 potestatum.

1044 2138 1109 2166 XVI.
1128 2139 1195 2165 Erat
1208 2137 1288 2165 enim
1300 2136 1349 2164 hic
1364 2136 1474 2163 militiae
1501 2136 1652 2171 princeps,
1667 2136 1719 2172 qui
1743 2136 1833 2165 etiam

1008 2183 1038 2210 in
1052 2182 1167 2211 Goliath
1178 2189 1256 2218 pone
1267 2181 1480 2216 estjaculalus,
1493 2183 1521 2208 et
1536 2188 1606 2220 eum
1621 2188 1752 2216 pronum
1769 2189 1836 2217 pro-

1009 2228 1121 2262 stravit,
1130 2226 1254 2263 quando
1265 2225 1369 2253 divina
1377 2225 1472 2253 funda
1484 2224 1538 2252 fuit
1548 2232 1710 2261 percussus
1721 2225 1770 2253 Dei
1783 2233 1836 2262 pa-

1008 2272 1100 2300 rentis
1115 2271 1219 2299 David.
1235 2270 1295 2298 Nisi
1310 2270 1389 2298 enim
1405 2269 1530 2305 angelus
1544 2269 1661 2297 Domini
1671 2277 1741 2297 eum
1756 2276 1836 2306 pone

1009 2317 1214 2353 percussisset,
1231 2315 1356 2352 supinus
1372 2314 1526 2342 cecidisset
1539 2314 1568 2341 iu
1587 2313 1684 2342 fronte
1712 2317 1835 2351 accepto

1008 2362 1132 2390 vulnere
1143 2361 1179 2387 ὀ.

1044 2406 1123 2434 XVII.
1138 2404 1284 2433 Eumdem
1302 2406 1403 2432 autem
1418 2403 1586 2432 maximum
1602 2403 1712 2432 militiae
1727 2404 1835 2440 princi-

1008 2459 1078 2487 pem
1090 2450 1171 2478 videt
1194 2450 1283 2477 etiam
1303 2449 1351 2477 Dei
1367 2456 1505 2476 summus
1519 2448 1739 2484 contemplator
1764 2453 1834 2485 pro-

1007 2495 1099 2532 pheta
1110 2494 1222 2529 Daniel,
1240 2501 1371 2528 arguens
1382 2492 1550 2527 sceleratos,
1565 2492 1617 2528 qui
1630 2492 1778 2520 adversus
1787 2501 1836 2522 ca-

1008 2542 1086 2567 stam
1103 2539 1271 2567 Susannam
1282 2536 1475 2569 insanierant,
1485 2538 1513 2563 et
1529 2535 1599 2563 dicit
1614 2535 1699 2563 alteri
1712 2543 1833 2565 eorum:

1009 2595 1023 2608 ‹‹
1036 2584 1195 2619 Exspectat
1209 2581 1334 2617 angelus
1349 2580 1401 2607 Dei
1408 2580 1472 2616 jam
1485 2581 1590 2607 tenens
1603 2578 1747 2615 gladium,
1765 2582 1835 2609 utte

1008 2630 1086 2656 secet
1105 2627 1239 2655 medium
1250 2626 1283 2653 ⁸ο.
1297 2636 1311 2651 ››
1325 2625 1401 2658 Quin
1417 2624 1507 2652 etiam
1529 2626 1692 2660 postquam
1707 2623 1789 2652 venit
1803 2625 1834 2653 in

1008 2677 1140 2701 mentem
1157 2671 1206 2700 Dei
1219 2670 1336 2708 parenti
1345 2672 1374 2698 et
1386 2669 1449 2704 regi
1462 2668 1566 2704 David,
1583 2668 1652 2697 facti
1664 2669 1704 2697 ab
1714 2676 1750 2698 eo
1763 2677 1834 2706 pec-

155 2780 181 2798 ²⁶
193 2780 285 2808 Num.
301 2786 455 2807 xxii-xxxi.
493 2779 517 2797 ³⁷
532 2778 625 2813 Iudae,
640 2781 667 2808 9.
716 2780 741 2797 ³⁸
754 2781 845 2809 Josue
859 2789 940 2811 v-xu.
977 2781 1002 2811 υ
1015 2783 1037 2811 Ι.
1053 2783 1123 2818 Reg.
1139 2788 1209 2815 xm,
1228 2782 1238 2810 1
1254 2787 1340 2818 seqq.
1377 2777 1402 2798 ³ο
1417 2777 1504 2816 Dan.,
1520 2785 1578 2812 xui,
1589 2779 1633 2807 59.

4 2963 152 3200 L-

2040 2941 2062 3030 εξ
