4132 6392
489 240 595 306 883

1727 223 2210 299 ΡΑΝτΑιΕΟΝιε
2246 238 2534 301 DIACONI
2572 229 2674 302 cp.

3808 233 3918 303 est

493 371 630 440 cati,
653 373 712 428 et
728 368 1032 440 egregiam
1047 366 1213 423 illam
1230 367 1763 440 compunctionem
1785 371 1842 424 ct
1863 368 2152 439 poeniten-
2182 371 2230 424 Α
2258 367 2456 425 lorum
2486 368 3006 426 infestissimorum
3027 368 3248 426 factam
3301 368 3556 442 cladem,
3590 372 3646 425 et
3674 371 3916 440 turpem

492 461 637 518 tiam
664 460 778 516 cito
796 457 1073 524 ostendit,
1099 473 1238 513 cum
1269 473 1395 529 qua
1419 457 1570 514 ﬂens
1597 473 1670 514 ex
1696 457 1996 530 profundo
2019 472 2148 512 cor-

491 551 582 608 dis
612 547 894 606 clamavit
918 566 930 603 :
959 571 985 597 α
1007 547 1253 604 Peccavi
1277 547 1528 604 Domino
1555 566 1566 616 ;
1594 569 1620 597 ››
1645 552 1972 620 postquam
2002 542 2148 602 vidit

489 639 783 712 propheta
810 636 1045 693 Nathan
1066 636 1372 707 angelum,
1395 637 1499 708 qui
1518 642 1642 692 erat
1661 641 1932 709 paratus,
1955 651 2146 692 reces-

488 729 661 796 sisse,
691 727 838 784 dixit
862 727 1068 783 divino
1095 725 1307 783 Davidi
1335 747 1346 782 :
1384 749 1404 774 σι
1433 725 1723 782 Dominus
1745 741 1990 798 quoque
2011 724 2144 782 abs-

488 817 618 876 tulit
649 823 964 890 peccatum
986 821 1156 872 tuum
1183 834 1196 885 ;
1225 832 1349 872 non
1387 815 1660 872 morieris
1690 817 1758 882 ³³,
1794 839 1821 865 ››
1853 830 2143 885 magnam

487 906 922 965 etinetfabilein
943 905 1190 976 benigni
1214 904 1314 962 Dei
1334 904 1663 962 bonitatem
1686 904 1740 962 ei
1754 905 2142 974 annuntians,

487 1001 546 1054 et
576 1013 713 1053 eum
743 995 1080 1053 consolans.

562 1089 743 1142 XVIII.
783 1089 912 1142 Jam
945 1100 1086 1142 vero
1125 1100 1261 1141 cum
1295 1084 1704 1141 exsecrandus
1735 1082 2142 1140 Sennacherib

484 1191 591 1234 rex
615 1176 1018 1248 Assyriorum,
1040 1174 1330 1247 plurimas
1348 1178 1556 1246 gentes
1587 1173 1918 1244 redegisset
1938 1173 1998 1228 in
2022 1189 2142 1228 ser-

483 1265 606 1321 vitu
619 1270 754 1332 tem,
772 1271 827 1321 et
841 1262 1289 1320 multasJudaeae
1305 1263 1566 1320 munitas
1585 1266 1842 1335 cepisset
1855 1262 2140 1318 civitates:

483 1353 1118 1412 veziitetcircumdedit
1136 1352 1466 1409 Jerusalem
1481 1369 1618 1408 cum
1635 1352 1916 1409 maximis
1933 1351 2082 1424 copii
2095 1370 2144 1433 ε,

485 1451 538 1500 et
567 1444 771 1500 statuit
831 1443 1186 1514 Rasphacen
1237 1443 1637 1498 saevissimum
1699 1459 1878 1497 suum
1927 1441 2145 1496 ducem

483 1533 559 1590 ad
590 1533 889 1606 piscinam
910 1530 1023 1587 viae
1053 1531 1404 1605 superioris,
1447 1537 1503 1588 et
1535 1529 1819 1587 clamavit
1859 1530 2144 1586 Hebraice

483 1623 562 1680 ad
593 1623 905 1680 Ezechiam
931 1622 1264 1690 etJudeeos,
1296 1621 1398 1694 qui
1422 1627 1591 1677 erant
1611 1621 1673 1676 in
1695 1619 1952 1690 civitate,
1976 1619 2141 1675 blas-

2257 456 2498 515 illorum
2514 459 2749 530 fugam,
2773 474 2846 515 ne
2860 459 2942 515 sic
2958 459 3207 532 quidem
3234 463 3555 531 potuerunt
3583 457 3915 527 intelligere

2258 551 2314 603 et
2339 563 2690 618 agnoscere,
2721 548 2830 605 sed
2867 547 3150 605 dicebant
3174 552 3408 605 :llIanus
3438 553 3644 605 nostra
3673 546 3916 603 excelsa

2255 635 2544 693 fecithaec
2570 638 2775 695 omnia
2803 638 3100 710 prodigia.
3137 639 3458 710 Propterea
3512 637 3753 694 tradidit
3807 652 3915 692 eos

2254 726 2408 781 Deus
2421 727 2668 783 omnino
2682 728 2740 784 in
2757 744 2972 784 manus
2987 727 3544 784 Nabuchodonosor
3559 726 3716 797 regis
3739 725 3915 783 Chal-

2252 815 2544 888 daeorum,
2578 818 2672 890 qui
2696 818 2874 875 etiam
2898 818 3305 874 diruitomnes
3327 834 3535 875 muros
3551 817 3912 884 Jerusalem,

2253 906 2591 964 etincendit
2615 907 2914 964 civitatem
2942 911 3146 977 totam,
3183 912 3240 963 et
3269 907 3521 963 domum
3573 906 3828 975 Domini,
3858 910 3918 964 et

2252 994 2409 1052 bello
2440 1001 2617 1069 capta
2646 997 2876 1071 accepit
2911 1013 3060 1054 vasa
3109 1013 3300 1067 sacra,
3359 1001 3415 1053 et
3461 996 3914 1053 multitudinem

2251 1084 2592 1142 divitiarum
2625 1103 2855 1157 eorum,
2888 1091 2944 1143 et
2970 1086 3140 1143 duxit
3167 1085 3374 1144 omnia
3423 1086 3810 1158 Babylonem.
3847 1088 3918 1142 Et

2254 1173 2495 1230 fuerunt
2521 1175 2711 1232 Judaei
2732 1177 3052 1232 servientes
3074 1176 3135 1231 in
3167 1175 3500 1249 captivitate
3518 1191 3657 1231 cum
3683 1189 3915 1244 magno

2255 1269 2418 1321 metu
2445 1265 2755 1332 Chaldteis,
2780 1265 3042 1323 colentes
3071 1282 3282 1322 omnes
3307 1282 3516 1322 eorum
3563 1265 3913 1336 simulacra,

2256 1361 2464 1428 praeter
2491 1361 2732 1412 sanctos
2756 1362 2873 1412 tres
2916 1371 3134 1429 pueros
3179 1361 3236 1412 et
3294 1355 3650 1429 prophetam
3704 1354 3916 1412 Danie-

2253 1444 2395 1502 lem.

2327 1537 2428 1591 ΧΧ.
2467 1534 2532 1590 lli
2556 1535 2714 1591 enim
2743 1534 2850 1591 soli
2881 1536 2989 1591 viri
3015 1535 3114 1608 pii,
3151 1533 3380 1591 etiamsi
3437 1533 3616 1607 plane
3649 1533 3913 1590 infantes

2249 1624 2497 1682 abducti
2515 1631 2718 1682 essent
2746 1625 2806 1680 in
2829 1626 3253 1698 captivitatem,
3284 1625 3382 1681 Dei
3442 1625 3720 1681 timorem
3755 1641 3913 1680 sem-

481 1715 708 1787 phema
731 1713 916 1769 verba
944 1712 1150 1768 dicens
1180 1717 1236 1768 et
1265 1710 1570 1768 satanica:
1607 1733 1634 1761 «
1668 1711 1801 1767 Haec
1824 1716 2024 1768 autem
2053 1709 2139 1766 di-
2170 1725 2210 1780 Β
2250 1729 2356 1787 per
2374 1714 2681 1782 habentes,
2713 1731 2836 1770 non
2876 1731 3014 1771 cum
3065 1715 3155 1770 sui
3214 1715 3447 1784 generis
3495 1713 3906 1787 pontificibus,

481 1805 557 1861 cit
585 1803 757 1860 vobis
791 1819 894 1859 rex
923 1817 1185 1872 magnus
1234 1800 1659 1873 Assyriorum:
1724 1802 1866 1866 Qum
1897 1804 1985 1856 est
2008 1799 2139 1856 heec

480 1893 724 1962 ﬁducia,
755 1907 879 1964 qua
909 1889 1228 1958 conﬁditis,
1260 1890 1424 1962 quod
1456 1889 1690 1945 dicitis:
1722 1892 1784 1945 In
1817 1887 2136 1944 Dominum

483 1985 668 2039 Deum
696 1977 1899 2048 conﬁdimus?Egrediminiaddominum
1931 1993 2135 2033 meum

479 2075 784 2141 potentem
843 2083 1047 2139 regem
1101 2066 1526 2136 Sennacherib,
1559 2071 1616 2124 et
1664 2065 1895 2134 vivetis,
1931 2072 2131 2123 etnon

480 2158 851 2218 moriemini:
894 2162 951 2213 et
979 2157 1254 2212 comedet
1283 2157 1371 2212 vir
1423 2156 1609 2211 ﬁcum
1637 2172 1833 2225 suam,
1866 2161 1921 2212 et
1971 2155 2136 2212 bibet

477 2251 656 2306 vitem
680 2264 885 2303 suam:
912 2251 968 2302 et
984 2245 1275 2317 accipiam
1298 2261 1370 2300 ex
1388 2244 1558 2301 vobis
1577 2245 1635 2300 in
1662 2249 1881 2301 terram
1911 2261 2127 2315 meam,

480 2344 537 2396 et
563 2337 912 2408 glorificabo
933 2334 1104 2391 valde
1129 2338 1186 2390 et
1214 2333 1621 2404 magnilicabo
1648 2350 1658 2389 :
1698 2339 1755 2390 et
1779 2350 1852 2390 ne
1877 2334 2132 2391 audiatis

480 2426 809 2488 Ezechiam,
841 2423 1129 2498 quoniam
1160 2439 1265 2478 vos
1297 2423 1535 2495 decipit,
1563 2422 1769 2480 dicens
1795 2442 1806 2480 :
1845 2424 2131 2480 Dominus

478 2533 591 2573 nos
605 2515 900 2572 liberabit.
919 2517 1068 2570 Num
1083 2512 1405 2569 liberantes
1419 2513 1748 2569 liberarunt
1763 2513 1843 2568 dii
1863 2513 2130 2584 gentium

479 2605 899 2678 unusquisque
923 2619 1096 2659 suam
1111 2603 1420 2673 regionem
1437 2618 1672 2659 amanu
1693 2603 1852 2673 regis
1865 2603 2129 2675 Assyrio-

476 2713 609 2754 rum
631 2699 658 2753 ?
685 2719 704 2745 ι
725 2699 1008 2751 Ilaeccum
1026 2691 1629 2763 audiissethechias,
1646 2691 1839 2748 induit
1859 2709 2124 2764 saccum,

475 2792 530 2844 et
550 2788 853 2857 ingressus
875 2788 963 2840 est
979 2783 1038 2838 in
1059 2783 1311 2838 domum
1327 2798 1521 2852 suam,
1549 2787 1604 2838 et
1626 2782 1787 2838 ﬂevit
1812 2782 2129 2838 vehemen-

473 2881 580 2942 ter,
610 2877 818 2932 dicens
848 2891 860 2929 :
892 2897 918 2924 ››
947 2873 1195 2929 Domine
1222 2875 1376 2928 Deus
1398 2871 1596 2939 Israel,
1620 2888 1723 2944 qui
1746 2871 1918 2928 sedes
1949 2889 2129 2944 super

472 2967 805 3035 cherubim,
837 2969 893 3020 et
921 2964 982 3019 in
1013 2963 1223 3018 orbem
1255 2961 1648 3018 circumdaris
1695 2967 1752 3018 et
1781 2961 2130 3031 glorificaris

472 3073 594 3114 non
610 3057 783 3113 tacite
799 3052 1239 3125 ascraphim,et
1255 3051 1332 3106 ab
1354 3050 1629 3106 omnibus
1646 3051 1866 3106 sanctis
1879 3050 2125 3120 angelis.
2159 3082 2198 3137 ρ

471 3149 554 3202 'l‘u
583 3148 734 3200 Deus
757 3143 920 3198 solus
944 3141 1006 3196 in
1035 3139 1319 3196 omnibus
1349 3139 1548 3210 regnis
1589 3143 1776 3194 terrae.
1811 3138 1897 3194 Tu
1941 3139 2129 3196 fecisti

471 3234 690 3290 coelum
712 3237 768 3287 et
787 3237 1024 3299 terram,
1050 3235 1106 3283 et
1128 3228 1332 3283 omnia
1353 3244 1487 3299 quae
1507 3233 1646 3282 sunt
1671 3228 1730 3282 in
1753 3227 1856 3284 eis.
1880 3227 2126 3297 Inclina,

473 3323 739 3385 Domine,
767 3335 977 3375 aurem
996 3322 1182 3386 tuam,
1207 3321 1263 3371 et
1284 3315 1425 3372 audi
1452 3336 1461 3373 :
1492 3315 1679 3387 aperi,
1707 3316 2126 3383 Domine,ocu-

469 3412 562 3467 los
593 3417 746 3477 tuos,
789 3413 845 3463 et
866 3407 1021 3474 vide,
1047 3411 1103 3460 et
1124 3403 1363 3461 attende
1387 3420 1700 3460 sermones
1723 3405 2129 3462 Sennacherib

467 3517 622 3574 quos
652 3495 1247 3568 emisit,exprobrans
1275 3498 1459 3550 Deum
1486 3494 1802 3562 viventem,
1828 3496 2127 3560 Quoniam

468 3591 527 3646 in
551 3589 812 3658 veritate,
838 3584 1390 3654 Domine,desertas
1406 3583 2018 3655 reddideruntgentes
2036 3601 2126 3641 re-

468 3696 572 3750 ges
587 3679 996 3751 Assyriorum.
1013 3678 1269 3742 Etnunc,
1291 3674 1536 3729 Domine
1553 3676 1704 3728 Deus
1718 3679 1937 3746 noster,
1956 3691 2128 3731 serva

468 3788 579 3828 nos
602 3787 638 3827 a
660 3783 847 3825 manu
879 3766 1028 3837 ejus,
1055 3769 1107 3821 et
1126 3768 1492 3833 cognoscent
1513 3764 1718 3820 omnia
1743 3780 1930 3834 regna
1959 3769 2126 3821 terra:

467 3861 634 3937 quod
663 3865 726 3916 tu
757 3875 819 3915 es
852 3857 1140 3913 Dominus
1173 3858 1329 3910 Deus
1389 3854 1575 3910 solus.
1613 3857 1678 3910 Et
1735 3870 2010 3924 egressus
2041 3861 2128 3913 cst

467 3950 716 4024 angelus
747 3946 983 4004 Domini
1019 3949 1194 4002 nocte
1233 3943 1352 4014 illa,
1389 3949 1445 3999 et
1474 3943 1767 3999 interfecit
1798 3959 1865 3999 ex
1917 3946 2127 4002 castris

465 4040 846 4112 Assyriorum
878 4039 1119 4091 centum
1159 4032 1465 4104 octoginta
1516 4032 1786 4105 quinque
1825 4032 2029 4089 millia.
2062 4038 2130 4094 Et

465 4147 604 4188 cum
632 4143 811 4184 mane
842 4123 1260 4195 surrexissent,
1293 4122 1652 4177 invenerunt
1683 4137 1936 4193 corpora
1966 4139 2127 4179 mor-

463 4225 584 4276 tua.
616 4217 683 4272 Et
706 4217 852 4271 dum
879 4216 1237 4268 averteretur
1263 4217 1320 4264 et
1340 4210 1570 4277 fugeret
1611 4209 1711 4264 Dei
1739 4210 1928 4265 hostis
1949 4217 2127 4285 Assy-

460 4309 585 4365 rius
627 4300 1053 4366 Sennacherib,
1085 4315 1222 4354 eum
1249 4299 1681 4353 interemerunt
1722 4299 1844 4354 duo
1869 4298 1972 4354 ﬁlii
1997 4302 2128 4372 ejus

463 4394 796 4468 graviterin
820 4389 1045 4461 gladio,
1075 4404 1246 4443 «cum
1271 4388 1700 4460 permansisset
1719 4389 1884 4445 nulla
1909 4390 2126 4448 ductus

461 4481 814 4558 poenitentia
842 4480 910 4531 ³³.
945 4477 1129 4548 Cujus
1183 4481 1387 4532 autem
1426 4475 1537 4530 fuit
1567 4476 1680 4531 hoc
1731 4479 2120 4562 stupendum,

460 4573 939 4648 praeclarumque
965 4572 1021 4623 et
1047 4565 1401 4622 admirabile
1431 4566 1661 4622 facinus
1700 4571 1757 4622 et
1799 4571 2066 4639 potentia
2095 4571 2123 4625 ?

461 4677 664 4720 nonne
683 4658 954 4716 omnium
977 4655 1136 4725 regis
1163 4655 1394 4710 Domini
1418 4654 1692 4710 Sabaoth
1715 4655 2004 4729 principis
2026 4674 2122 4714 co-

460 4753 702 4826 piarum
725 4747 988 4814 Itlichael,
1021 4744 1125 4817 qui
1147 4759 1270 4799 non
1300 4743 1460 4800 visus
1486 4743 1656 4799 duxit
1686 4745 2032 4816 exercitum,
2064 4751 2122 4804 et

463 4840 844 4900 adversarios
876 4835 1163 4909 temporis
1192 4838 1502 4890 momento
1531 4835 1656 4889 sine
1688 4833 1885 4904 gladio
1915 4841 2119 4907 aperte

461 4931 738 4998 concidit,
771 4929 832 4985 in
890 4925 1182 4984 auxilium
1213 4930 1267 4979 et
1325 4923 1662 4980 custodiam
1717 4926 2118 4998 suorum,qui

459 5039 630 5096 spem
665 5034 842 5076 suam
868 5017 1244 5073 collocarunt
1266 5013 1327 5068 in
1359 5015 1546 5069 Deum
1568 5013 1772 5068 vivum
1794 5013 2112 5086 ultionum,

458 5118 514 5170 et
541 5112 639 5184 qui
664 5109 828 5166 solus
853 5109 1048 5179 potest
1084 5118 1324 5158 servare
1357 5102 1384 5156 ?

529 5204 655 5257 XIX.
692 5197 807 5255 Sed
863 5193 1079 5265 ingrati
1125 5191 1340 5260 Judaei,
1381 5195 1438 5246 et
1468 5189 1646 5258 stulti,
1702 5195 1758 5246 et
1802 5192 2113 5260 increduli,

458 5294 514 5345 et
539 5287 749 5358 ignari,
778 5285 881 5356 qui
901 5281 1298 5355 plurimorum
1322 5280 1666 5335 divinorum
1685 5278 2114 5339 beneﬁciorum

456 5379 698 5434 fuerunt
722 5375 1132 5435 immemores,
1155 5374 1290 5442 post
1313 5385 1502 5425 manu
1525 5367 1722 5438 angeli
1753 5369 2022 5428 hostium
2044 5372 2110 5428 il-

529 5540 570 5571 ³⁸
606 5540 646 5591 Il
681 5539 824 5604 Reg.
855 5550 948 5599 xu,
974 5535 1064 5589 13.
1143 5533 1189 5567 ³³
1221 5532 1288 5585 IV
1319 5533 1461 5603 Reg.
1493 5545 1643 5600 xvm,
1675 5533 1865 5590 28-33.

459 5616 483 5673 1
517 5625 689 5683 seqq.
723 5609 769 5644 ³⁶
803 5605 960 5664 Psal.
993 5619 1197 5670 xxxni,
1225 5606 1275 5660 8.

1960 5536 2009 5571 ³³
2038 5535 2107 5590 1V
2138 5537 2278 5606 Reg.
2311 5550 2425 5604 xnt,
2462 5538 2619 5590 lii-57

2250 1803 2470 1860 Scribis
2503 1809 2558 1860 et
2602 1803 2919 1860 Pharisaeis
2949 1819 3019 1860 eo
3068 1803 3310 1860 deducti
3342 1808 3498 1868 sunt,
3557 1808 3620 1859 ut
3644 1802 3914 1859 colerent

2247 1891 2416 1959 deos,
2472 1892 2575 1965 qui
2629 1908 2753 1949 non
2804 1896 2945 1948 sunt
2988 1908 3183 1965 neque
3211 1892 3445 1964 regium
3474 1891 3620 1948 illud
3662 1892 3909 1962 jussum

2248 1981 2610 2038 timuerunt:
2644 1982 2749 2039 sed
2788 1982 2848 2037 in
2875 1985 3060 2038 Deum
3090 1982 3312 2048 vivum,
3344 1982 3448 2054 qui
3495 1981 3600 2037 dat
3625 1980 3904 2052 salutem,

2245 2071 2635 2138 confidentes,
2671 2089 2808 2128 cum
2831 2072 2993 2127 ducti
3023 2077 3224 2128 essent
3243 2071 3320 2128 ad
3344 2077 3688 2144 tyrannum,
3717 2070 3907 2128 auda-

2245 2165 2368 2216 cter
2421 2159 2736 2217 dixerunt:
2795 2165 3012 2217 Notum
3069 2161 3173 2217 tibi
3246 2161 3336 2227 sit,
3371 2177 3495 2230 rex,
3546 2159 3713 2233 quod
3756 2159 3907 2215 deos

2243 2254 2378 2306 tuos
2403 2267 2525 2306 non
2555 2249 2826 2321 colimus,
2859 2251 3259 2321 etimaginem
3282 2266 3548 2316 auream,
3579 2265 3764 2322 quam
3797 2263 3908 2320 po-

2244 2339 2432 2411 suisti,
2459 2355 2580 2395 non
2613 2340 2965 2396 adoramus.
2992 2364 3012 2388 ι
3039 2343 3201 2396 Tunc
3221 2339 3774 2396 abuchodonoser
3797 2353 3904 2393 rex

2243 2429 2304 2484 in
2331 2429 2420 2486 ira
2450 2430 2724 2486 etfurore
2748 2429 3281 2501 injecitAnaniam,
3306 2427 3576 2484 Azariam
3600 2432 3656 2484 et
3701 2425 3908 2484 Misael

2241 2519 2300 2575 in
2326 2518 2818 2589 fornacemiignis
2851 2518 3184 2574 ardentem.
3212 2517 3312 2572 Dei
3362 2522 3563 2573 autem
3621 2515 3902 2585 angelus,

2244 2607 2488 2664 Michael
2520 2607 2764 2672 scilicet,
2799 2605 3138 2661 simulcum
3170 2606 3252 2661 eis
3276 2604 3587 2660 descendit
3616 2605 3676 2660 in
3700 2605 3908 2660 forna-

2241 2714 2369 2754 cem
2398 2715 2411 2763 ;
2444 2701 2499 2754 et
2520 2713 2629 2752 nec
2655 2696 2902 2752 omnino
2931 2695 3180 2768 quidem
3225 2709 3328 2749 eos
3372 2693 3556 2762 tetigit
3585 2693 3762 2762 ignis,
3794 2692 3908 2748 sed

2239 2787 2500 2843 excussit
2518 2785 2769 2856 angelus
2787 2785 3099 2840 ﬂammam
3118 2782 3398 2851 fornacis,
3418 2787 3475 2837 et
3494 2782 3724 2837 transiit
3741 2781 3907 2850 ignis

2239 2878 2644 2947 circumcirca,
2679 2879 2732 2931 et
2763 2873 3098 2930 combussit
3121 2873 3278 2928 viros
3306 2887 3541 2936 omnes,
3597 2871 3704 2942 qui
3732 2871 3905 2942 ipsos

2237 2967 2585 3037 injecerant,
2627 2965 2742 3020 hoc
2769 2968 2873 3033 est,
2906 2962 3296 3018 administros
3348 2960 3523 3029 regis.
3579 2961 3744 3015 Tunc
3786 2964 3901 3015 tres

2239 3061 2532 3128 tanquam
2554 3070 2674 3110 uno
2699 3069 2800 3109 ore
2821 3052 3112 3120 laetantes,
3151 3049 3486 3106 laudabant
3506 3051 3563 3104 et
3586 3047 3894 3104 benedice-

2238 3143 2387 3199 bant
2415 3146 2472 3198 et
2501 3141 2698 3197 solum
2726 3142 2912 3195 Deum
2945 3139 3387 3210 glorificabant.
3412 3139 3532 3192 llex
3565 3142 3764 3192 autem
3797 3153 3897 3192 au-

2239 3231 2386 3286 divit
2414 3231 2576 3303 ipsos
2611 3233 2796 3284 Deum
2825 3226 3222 3284 laudantesin
3273 3226 3474 3285 medio
3520 3225 3799 3287 fornacis,
3835 3230 3896 3278 et

2239 3320 2354 3376 cito
2378 3334 2651 3388 surgens,
2685 3317 2833 3372 dixit
2853 3317 3243 3387 magnaiibus
3271 3317 3428 3372 suis:
3458 3338 3483 3365 »
3515 3318 3640 3371 Non
3667 3320 3779 3367 tres
3800 3311 3894 3367 vi-

2237 3425 2336 3465 ros
2351 3409 2584 3464 vinctos
2610 3405 2925 3477 injecimus
2952 3406 3012 3461 in
3035 3405 3305 3460 medium
3331 3405 3506 3475 ignis,
3533 3409 3588 3459 et
3618 3405 3900 3475 aspectus

2237 3498 2432 3571 quarti
2465 3503 2552 3552 est
2582 3496 2789 3551 similis
2825 3495 2968 3550 Filio
3030 3495 3129 3550 Dei
3171 3497 3197 3550 Ῥ
3254 3497 3415 3550 Tunc
3459 3509 3601 3548 cum
3656 3508 3760 3547 rex
3790 3507 3898 3547 eos

2237 3585 2606 3655 accersisset,
2642 3585 2864 3653 egressi
2895 3583 3241 3638 suntillzesi.
3274 3584 3418 3637 Cum
3475 3587 3677 3636 autem
3705 3579 3898 3634 divini

2236 3676 2407 3749 pueri
2428 3675 2650 3744 egressi
2674 3678 2876 3729 essent
2896 3673 3127 3745 absque
3148 3671 3274 3727 ulla
3292 3672 3554 3740 laesione,
3579 3685 3784 3725 coram
3811 3669 3897 3724 eis

2237 3765 2509 3822 adoravit
2539 3781 2664 3829 rex,
2693 3763 2910 3819 etdixit
2937 3781 2949 3818 :
2983 3785 3001 3811 ι
3037 3762 3388 3818 Benedictus
3413 3761 3700 3816 Dominus
3735 3761 3895 3814 Deus

2239 3854 2508 3924 Sidrach,
2536 3853 2778 3920 Misach,
2812 3851 3240 3922 etAbdenago,
3268 3849 3371 3923 qui
3417 3849 3576 3904 misit
3607 3847 3896 3918 angelum

2237 3961 2438 4013 suum,
2469 3949 2527 4000 et
2555 3943 2772 4016 eripuit
2799 3957 3019 4014 pueros
3051 3957 3192 3996 suos
3223 3957 3296 3996 ex
3352 3941 3489 4009 igne
3522 3937 3782 3994 fornacis
3807 3953 3902 3992 ar-

2237 4038 2452 4096 dentis.
2481 4040 2641 4092 T-unc
2669 4051 2772 4091 rex
2815 4033 3118 4090 constituit
3146 4048 3248 4088 eos
3305 4031 3627 4104 principes,
3657 4035 3714 4084 et
3769 4045 3899 4084 ma-

2236 4128 2400 4184 ximo
2429 4142 2532 4182 eos
2561 4125 2789 4180 honore
2817 4123 3012 4178 affecit
3038 4138 3176 4177 cum
3203 4121 3497 4195 propheta
3522 4117 3784 4198 _Daniele
3847 4118 3896 4152 ³³

2237 4216 2483 4273 Pulchre
2505 4230 2712 4269 revera
2733 4212 2975 4268 divinus
3004 4216 3213 4266 cantor
3239 4210 3427 4266 David
3451 4208 3696 4282 psalli’t:
3731 4231 3750 4255 ι
3785 4207 3899 4264 Ca-

2238 4303 2685 4364 strametabitur
2733 4302 2987 4372 angelus
3017 4300 3254 4356 Domini
3283 4301 3343 4356 in
3375 4299 3624 4356 circuitu
3667 4297 3895 4353 timen-

2235 4396 2386 4452 tium
2418 4409 2580 4460 eum,
2607 4396 2664 4448 et
2691 4391 2968 4447 liberabit
2995 4407 3095 4446 eos
3127 4392 3194 4445 ³6.
3233 4413 3261 4441 ››

2305 4487 2434 4539 XXI.
2493 4481 2692 4539 Simile
2741 4486 2944 4537 autem
2996 4497 3204 4536 rursus
3235 4477 3594 4535 miraculum
3626 4475 3898 4532 ostendit

2236 4577 2388 4630 Deus
2421 4571 2889 4633 admirabilium,
2921 4587 3029 4643 per
3076 4569 3404 4640 gloriosum
3453 4565 3894 4635 archangelum

2231 4678 2409 4718 suum
2442 4659 2806 4725 Michaelem,
2837 4659 2898 4715 in
2925 4659 3154 4714 famulo
3187 4672 3430 4729 quoque
3457 4671 3566 4710 suo
3622 4653 3891 4715 Daniele,

2228 4753 2446 4822 injecto
2488 4750 2549 4806 in
2573 4749 2772 4806 lacum
2801 4749 3068 4804 leonum.
3134 4750 3282 4802 Nam
3321 4749 3643 4818 postquam
3675 4759 3894 4812 regna-

2227 4845 2367 4896 runt
2389 4855 2560 4910 reges
2593 4839 2690 4894 alii
2722 4854 2757 4894 a
2784 4836 3364 4904 Nabuchodonosor,
3406 4832 3768 4903 diligebatur
3808 4831 3892 4888 ab

2228 4928 2513 4986 omnibus
2531 4926 3009 5000 sapientissimus
3035 4924 3258 4989 Daniel,
3279 4922 3461 4995 utqui
3483 4939 3555 4978 ex
3581 4924 3698 4976 Deo
3721 4936 3891 4977 som-

2225 5019 2327 5074 nia
2357 5019 2693 5090 conjiceret.
2729 5015 3040 5087 Babylonii
3084 5018 3285 5070 autem
3323 5013 3552 5068 invidia
3583 5009 3750 5078 moti,
3800 5009 3893 5065 in-

2226 5111 2610 5164 surrexerunt
2640 5123 2710 5163 eo
2733 5112 3003 5176 tempore
3021 5105 3314 5160 adversus
3341 5104 3581 5175 Cyrum,
3610 5100 3714 5172 qui
3744 5104 3891 5156 tunc

2225 5197 2391 5269 apud
2407 5214 2509 5252 eos
2527 5195 3007 5267 regnabat,sicut
3026 5193 3189 5264 prius
3213 5192 3507 5248 adversus
3533 5189 3800 5250 Darium.
3832 5193 3892 5245 et

2223 5287 2430 5342 dicunt
2459 5286 2542 5342 ei:
2581 5307 2607 5334 ‹‹
2658 5289 2799 5354 Rex,
2829 5283 2909 5339 da
2956 5281 3154 5347 nobis,
3205 5286 3271 5336 ut
3299 5285 3490 5336 morte
3546 5277 3890 5335 afﬁciamus

2224 5375 2540 5430 Hebraeum
2571 5373 2873 5431 Danielcm
2904 5388 2916 5427 :
2952 5371 3244 5445 quoniam
3275 5369 3373 5425 Bel
3391 5369 3574 5424 deum
3605 5369 3888 5422 nostrum

2713 5534 2760 5569 δι
2792 5532 2862 5588 1V
2891 5534 3032 5604 Reg.
3062 5546 3199 5594 xxv,
3239 5534 3257 5587 I
3296 5544 3466 5602 seqq.
3547 5530 3594 5567 ³³
3622 5529 3768 5585 Dan.
3805 5541 3887 5596 ιιι,
