2066 3190
76 142 80 146 ’
95 147 149 175 585

679 140 723 168 DE
744 141 773 169 S.
792 141 968 169 MICHAELE
986 141 1233 171 ARCHANGELO.

1759 145 1811 173 586

92 207 240 244 contrivit,
263 209 292 236 et
314 207 523 235 venerandum
545 205 709 233 draconem
732 203 886 237 interfecit,
903 206 932 232 et
946 206 970 232 A
985 203 1225 242 enimetcaligat
1235 204 1388 234 omnisvis
1399 205 1527 242 dicendi,
1539 205 1659 234 intuens
1682 206 1721 234 ad
1746 206 1811 235 alti-

91 252 268 281 szcerdotes
275 251 512 279 etincantatores
519 251 636 278 nostros
642 247 813 276 occidit.Sin
820 247 929 283 minuS,

92 301 120 327 te
129 298 338 326 interimemus
347 299 375 325 et
385 297 511 325 domum
527 298 621 329 tuam,
635 293 889 330 utjudaizantem.
915 305 929 318 ιι

93 344 168 373 Cum
181 350 249 370 vere
259 340 549 377 vidissetrexzquod
572 347 641 367 eum
666 338 752 379 valde
779 340 928 374 urgerent,

93 389 226 421 coactus,
239 385 363 414 tradidit
371 386 413 414 eis
425 384 587 413 Danielem.
597 383 639 411 Illi
651 385 752 411 autem
765 382 932 418 injecerunt

93 431 318 461 cuminlacum
339 431 462 458 leonum
484 432 512 458 et
529 429 583 457 fuit
612 428 670 456 illic
679 436 730 455 sex
767 427 931 455 dies.Erant

93 479 198 506 autem
206 476 237 504 in
246 476 316 505 lacu
327 478 442 512 septem
452 475 565 502 leones.
576 473 706 501 Occlusit
718 480 786 500 vero
805 473 929 501 archan-

93 521 183 559 gelus
193 520 313 549 Michael
323 520 558 553 oraleonum,et
581 526 642 546 non
664 517 802 545 molestia
826 518 930 546 aliaee-

94 569 171 596 runt
186 565 347 600 Danielem,
367 573 465 601 neque
487 564 649 598 attigerunt
671 562 795 590 omnino
821 571 930 599 corpus

97 612 173 648 ejus.
185 610 257 639 Cum
267 618 338 639 vero
349 610 482 638 venisset
497 617 548 637 rex
560 608 688 644 septimo
713 607 770 638 die,
794 610 825 635 ut
847 608 929 643 luge-

93 653 648 688 retDanieleminlacu,invenitsalva
670 661 737 688 quae
767 652 872 680 ﬁxerat
893 653 928 680 si-

93 699 355 737 gnacula,etlacu
375 701 489 735 aperto,
514 698 597 726 videt
628 697 778 725 Danielcm
803 699 930 725 stantem

89 746 263 778 rectum,et
288 752 398 772 manus
423 743 586 771 habentem
616 744 765 773 extensas.
789 745 817 770 et
837 744 929 770 Deum

89 790 283 824 laudantem,
294 789 486 817 etdicentem:
497 800 509 812 ι(
522 787 698 815 Benedictus
719 795 761 820 es,
771 788 859 822 Deus,
879 787 932 823 qui

90 833 353 868 misistiangelum
366 834 500 866 tuum,et
520 832 726 860 obstruxitora
749 831 881 864 leonum,
905 833 932 859 et

90 878 243 908 mihihon
253 879 430 906 nocuerunt.
444 878 546 905 nTuuc
568 884 620 904 rex
646 876 703 904 cito
727 884 795 903 cum
821 876 931 911 gaudio

94 925 192 952 Deum
205 922 388 959 gloriﬁcans,
402 921 524 949 sustulis
537 921 688 949 Danielem
699 921 789 948 elacu
804 920 931 949 illaesum

92 967 276 998 etadoravit
288 975 368 1000 eum;
382 967 464 994 Viros
477 968 589 999 autem,
610 966 661 1001 qui
674 965 825 993 Danieleni
845 974 930 994 accu-

94 1015 251 1046 saverant,
264 1013 366 1048 injecit
388 1012 419 1040 in
442 1011 542 1039 lacum
562 1011 684 1038 leonum
700 1011 732 1037 ⁸⁷.
763 1012 827 1038 Non
848 1010 930 1045 prius

93 1062 197 1088 autem
209 1058 331 1086 fuerunt
341 1057 372 1085 in
386 1057 450 1085 solo
461 1056 554 1089 lacus,
567 1064 660 1092 quam
682 1063 731 1083 eos
754 1054 929 1082 invadentes

92 1103 199 1132 leones
212 1102 406 1134 devorarunt,
416 1103 444 1129 et
457 1101 560 1129 omnia
572 1108 640 1128 Ossa
653 1108 768 1132 eorum,
784 1102 928 1135 tanquam

92 1149 125 1177 in
134 1147 292 1185 pulverem
303 1146 557 1174 comminuerunt.
573 1145 620 1172 Hic
632 1152 703 1180 ergo
718 1144 760 1172 vir
769 1144 929 1172 desiderio-

93 1201 164 1221 rum
172 1191 286 1227 Daniel,
302 1191 526 1220 sanctissimum
537 1189 709 1224 archangeli
724 1197 833 1217 nomen
841 1189 929 1216 nobis

95 1237 234 1272 ostendit,
247 1235 332 1273 quod
342 1237 502 1264 vocaretur
522 1234 655 1266 Michael,
678 1234 772 1268 idest,
792 1234 856 1262 dux
877 1234 930 1261 Dei

94 1282 256 1317 exercitus,
268 1281 426 1318 utquihoc
438 1280 613 1316 mysterium
639 1279 784 1315 acceperit
809 1278 848 1307 ab
871 1278 928 1307 alio

102 1326 222 1364 angelo.

126 1373 208 1401 XXlI.
223 1371 315 1400 Porro
326 1378 397 1399 vero
412 1370 551 1398 Habacuc
560 1377 681 1406 quoque
693 1369 840 1405 propheta
867 1370 930 1396 erat

94 1417 126 1445 in
138 1417 260 1445 Judma.
270 1418 446 1452 Ipse'autem
460 1418 580 1442 coxerat
591 1414 779 1450 pulmentum
790 1415 818 1441 et
834 1421 928 1449 panes

94 1462 267 1490 intinxerat
297 1459 336 1488 ad
357 1460 586 1492 nutrimentum,
607 1461 635 1486 et
662 1459 724 1486 ibat
747 1460 775 1485 ut
800 1458 828 1485 id
842 1458 929 1485 ferret

95 1507 163 1535 suis
175 1504 368 1534 messoribus.
382 1505 512 1540 Angelus
524 1504 640 1532 Domini
657 1503 854 1540 apprehendit
867 1511 928 1530 vcr-

99 1551 193 1579 ticem
217 1549 366 1581 Habacuc,
378 1552 406 1578 et
418 1549 531 1585 impetu
544 1549 715 1584 suispiritus
725 1556 792 1576 eum
801 1548 929 1584 portavit

93 1604 112 1624 a
122 1595 229 1624 Iudaea
244 1594 426 1631 Babylonem
440 1581 508 1622 cum
519 1581 772 1627 lentis-alimento;
787 1581 815 1620 ett
831 1593 929 1620 intulit
945 1581 964 1609 (ἶ

93 1641 198 1677 ipsum
210 1639 711 1675 archangelusinlacumleonum,
733 1646 793 1666 non
822 1638 928 1665 solutis

90 1685 150 1713 illic
161 1684 336 1720 signaculis.
349 1684 544 1720 Comeditque
557 1684 657 1711 Daniel
671 1691 773 1711 servus
797 1683 924 1717 Domini,

92 1733 120 1759 et
129 1730 252 1759 laetatus
264 1731 319 1758 est.
332 1730 366 1757 Et
376 1737 478 1757 rursus
498 1729 579 1756 idem
593 1728 717 1763 angelus
739 1728 860 1756 Michael
886 1736 927 1755 re

98 1775 193 1804 stituit
202 1774 361 1803 confestim
373 1774 513 1802 Habacuc
525 1774 554 1801 in
565 1773 666 1801 locum
682 1781 782 1806 suum,
805 1772 878 1800 nihil
902 1778 928 1805 ei

91 1820 302 1857 impedimenti
321 1819 461 1854 aﬂ’erens,
472 1818 636 1855 quominus
661 1818 767 1846 eadem
781 1818 855 1846 hora
879 1826 927 1845 ve-

90 1865 170 1894 niret
188 1867 217 1893 et
232 1864 341 1893 eodem
363 1864 432 1892 cibo
454 1872 602 1891 messores
630 1871 701 1891 suos
726 1863 846 1899 copiose
868 1863 927 1890 ale-

90 1911 142 1938 ret
152 1910 188 1937 ³³.
200 1910 300 1946 Papae,
312 1911 428 1946 quanta
448 1911 494 1936 est
516 1908 609 1935 divini
633 1907 806 1943 archangeli
830 1907 928 1943 perni-

98 1955 188 1983 citas.

130 1998 221 2027 XXIII.
241 1998 431 2027 Validissimo
455 2005 578 2034 quoque
591 2006 644 2026 suo
664 1998 788 2033 impetu,
826 1997 929 2025 divino

90 2042 319 2077 nutu,similiter
329 2051 434 2071 rursus
448 2042 522 2070 alias
539 2042 843 2078 assumpsitdivinum
853 2050 928 2077 quo-

89 2096 154 2125 que
165 2085 345 2124 prophetam
356 2087 547 2121 Ezechielem,
571 2090 602 2115 ut
612 2087 683 2115 dicit
707 2087 771 2123 ipse
799 2087 929 2115 Ezechiel

90 2133 124 2162 in
134 2141 193 2162 sua
217 2133 395 2169 prophetia:
413 2142 428 2160 ‹
441 2134 473 2160 Et
491 2133 605 2168 aspexi,
623 2137 650 2160 ct
669 2140 737 2160 ecce
754 2132 926 2165 similitudo,

92 2178 306 2207 virialumbis
325 2178 397 2209 suis,
425 2180 453 2205 et
474 2177 597 2205 inferius
620 2177 707 2212 ignis:
731 2179 759 2205 et
778 2185 795 2205 a
815 2177 927 2205 lumbis

92 2223 160 2260 ejus
170 2225 200 2251 et
210 2222 350 2259 superius
372 2226 518 2259 tanquam
530 2222 604 2250 visio
622 2222 732 2250 electri.
748 2223 780 2250 Et
814 2223 929 2258 accepit

89 2276 143 2297 me
158 2276 177 2297 a.
195 2270 306 2296 vertice
318 2268 349 2296 in
361 2267 468 2303 spiritu
482 2276 536 2295 suo
547 2268 578 2294 in
592 2268 692 2295 medio
711 2267 776 2295 caeli
801 2270 929 2303 etterraa,
947 2262 968 2288 Ῑ)

89 2316 121 2342 et
131 2313 259 2342 deduxit
270 2321 318 2341 me
335 2312 499 2341 Jerusalem
525 2313 579 2340 ³³.»

130 2360 305 2393 XXIV.Quid
321 2359 411 2388 etiam
434 2358 605 2395 apostolum
628 2367 750 2395 quoque
765 2359 930 2395 Philippum

88 2404 232 2433 similiter
242 2404 344 2441 rapuit
361 2404 487 2439 angelus
507 2404 625 2432 Domini
640 2404 709 2439 mei,
724 2406 752 2432 et
782 2404 931 2440 transtulit

82 2450 125 2479 in
141 2451 279 2484 Azotum,
296 2452 324 2478 et
339 2457 400 2478 non
416 2449 487 2477 vidit
501 2449 632 2485 amplius
656 2450 759 2485 ipsum
775 2449 932 2477 eunuclmS

85 2495 208 2532 reginae
217 2495 399 2531 Ethiopum,
419 2496 584 2531 postquam
605 2494 644 2523 ab
654 2502 689 2523 eo
701 2494 815 2531 accepit
825 2494 932 2531 baptis-

88 2548 184 2570 mum
199 2540 363 2569 salutarem
379 2540 414 2568 ⁴⁰.

125 2586 207 2614 XXV.
225 2586 352 2614 Mentem
370 2587 471 2614 autem
495 2584 630 2622 impellit,
660 2587 687 2614 et
704 2585 776 2613 mihi
794 2585 931 2613 animum

85 2630 202 2660 excitat
217 2630 328 2659 eximia
344 2631 440 2666 gratia
460 2632 490 2658 et
505 2630 597 2658 virtus
613 2630 705 2658 divini
719 2631 861 2658 ordinum
879 2630 931 2658 du-

85 2675 183 2705 ctoris
198 2682 400 2711 supernarum
418 2677 611 2711 potestatum,
631 2676 660 2702 et
686 2674 768 2702 ducit
798 2675 837 2703 ad
861 2683 932 2703 nar-

87 2720 229 2750 randum
244 2728 342 2748 unum
371 2719 469 2749 solum
497 2719 562 2756 ejus
587 2719 777 2764 miraculﬁm.
806 2720 934 2748 Vincitur

137 2809 159 2828 ³⁷
175 2808 252 2839 Dan.
269 2817 329 2843 XIV,
348 2810 421 2837 1-42.
459 2809 482 2826 ³⁸
497 2808 571 2837 Ibid.
589 2810 683 2837 33—38.
723 2809 746 2827 ⁸9
760 2809 865 2839 Ezech.
881 2817 940 2844 vn],

335 2859 460 2888 Parum"
478 2859 528 2888 GR.
547 2859 622 2887 CXL.

985 248 1119 278 tudinem
1130 249 1388 279 etmultitudinem
1407 252 1436 279 et
1445 250 1651 280 excellentiam
1675 251 1810 280 inﬁnito-

984 302 1053 323 rum
1062 295 1249 323 etvariorum
1260 297 1288 324 et
1306 296 1404 324 omnis
1425 296 1541 331 generis
1563 295 1628 331 ejus
1649 296 1811 325 miraculo-

984 347 1063 374 rum,
1075 342 1104 368 et
1120 342 1240 369 recusat
1262 341 1387 369 omnino
1409 340 1447 369 de
1470 340 1507 369 iis
1537 340 1676 369 scribere.
1690 341 1813 370 Deﬁciet

985 384 1066 412 enim
1073 384 1163 420 plane
1173 387 1293 421 tempus
1305 393 1362 413 nos
1374 387 1407 413 ut
1425 385 1544 413 divinus
1571 385 1613 413 ait
1639 385 1811 422 Apostolus,

984 432 1151 458 narrantes.
1186 432 1234 458 Est
1257 430 1338 458 enim
1362 430 1488 467 pelagus
1513 430 1609 459 metiri
1636 430 1761 464 facilius,
1785 432 1814 459 et

986 474 1085 502 stellas
1096 482 1265 508 numerare,
1278 483 1372 512 quam
1390 475 1535 510 maxima,
1558 483 1626 511 qua:
1647 483 1665 503 a
1679 475 1813 503 maximo

984 518 1161 555 incorporeo
1175 520 1308 555 quotidie
1318 520 1349 548 in
1360 528 1415 548 nos
1422 520 1509 554 ﬁunt,
1521 519 1677 548 miracula.
1690 521 1732 548 Ex
1751 528 1815 548 ma-

985 565 1052 599 gnis
1083 572 1154 599 ergo
1177 567 1206 593 et
1226 564 1395 600 insignibus
1419 565 1483 601 ejus
1505 565 1671 599 miraculis,
1695 565 1815 594 audebo

984 618 1083 646 pauca
1101 610 1242 646 quaedam
1255 610 1338 639 vobis
1352 619 1474 639 narrare
1500 610 1692 639 admirabilia
1711 619 1815 648 opera.

1020 656 1108 683 XXVI.
1134 656 1278 691 Tempore
1305 655 1454 684 Michaelis
1477 655 1667 692 imperatoris
1689 656 1816 684 etTheo-

984 699 1066 726 dora:
1078 699 1262 734 cjusmatris,
1285 702 1348 728 erat
1371 700 1416 728 vir
1439 699 1575 736 quidam,
1587 700 1709 727 nomine
1744 701 1817 728 Mar-

985 744 1162 780 cianus,qui
1174 753 1192 772 a
1205 745 1312 772 teneris
1331 744 1502 780 unguiculis
1523 744 1620 772 fuerat
1646 744 1750 773 cerifer
1769 752 1817 773 ve-

985 789 1110 817 nerandi
1127 789 1217 825 hujus
1230 790 1343 826 templi.
1358 791 1389 817 ln
1398 790 1465 825 ipso
1477 789 1558 818 enim
1568 789 1676 818 divino
1688 791 1716 817 et
1728 797 1817 818 vene-

985 834 1080 862 rando
1094 837 1121 862 et
1132 835 1333 870 pulcherrimo
1345 835 1457 871 templo
1469 835 1688 870 archangelico,
1711 843 1819 863 omnes

949 891 970 916 Β
986 880 1376 915 quimariagitanturomne
1392 889 1487 917 genus
1502 881 1724 914 morborum,et
1736 888 1817 908 accc-

986 923 1105 952 duntin
1122 925 1189 960 ﬁde,
1202 927 1230 952 et
1254 934 1291 953 ex
1315 925 1494 954 intemerata
1521 925 1571 953 illa
1596 925 1661 960 ejus
1686 925 1817 960 imagine

985 968 1094 996 bibunt
1108 971 1296 1004 unguentum
1310 978 1470 1005 emanans,
1484 969 1584 997 statim
1603 972 1817 1005 assequuntur,

985 1021 1053 1049 qure
1068 1016 1214 1049 speratur,
1231 1014 1427 1042 curationem.
1444 1014 1476 1042 In
1488 1014 1546 1042 hoc
1569 1022 1639 1050 ergo
1667 1013 1770 1042 divino
1793 1016 1821 1042 et

985 1058 1123 1093 religioso
1138 1059 1249 1094 templo
1263 1059 1385 1087 assidue
1422 1059 1637 1096 perseverabat
1662 1058 1821 1095 praedictus

986 1103 1151 1131 Marcianus
1168 1104 1340 1139 archangeli
1361 1104 1561 1141 ceiter,usque
1577 1104 1617 1132 ad
1637 1106 1819 1132 senectutem

985 1155 1054 1175 cum
1063 1156 1174 1182 magno
1188 1157 1290 1176 amore
1306 1151 1335 1177 et
1356 1149 1416 1177 ﬁde
1429 1157 1529 1185 neque
1543 1157 1679 1186 unquam
1695 1148 1821 1177 omnino

985 1201 1061 1228 opus
1077 1193 1223 1222 habuerat
1236 1194 1361 1228 medico,
1379 1194 1431 1222 sed
1443 1194 1530 1222 simul
1544 1197 1633 1231 atque
1654 1193 1820 1230 aliquando

986 1237 1142 1266 incidisset
1157 1239 1185 1265 in
1198 1238 1282 1266 illum
1308 1238 1461 1272 morbum,
1487 1239 1621 1276 protinus
1645 1238 1822 1275 procidebat

985 1281 1014 1309 in
1026 1282 1106 1310 dicto
1118 1283 1230 1319 templo
1244 1283 1376 1311 ductoris
1403 1284 1548 1312 ordinum
1574 1283 1723 1312 Michaelis
1751 1283 1817 1312 bre-

984 1326 1074 1363 vique
1088 1335 1180 1355 sanus
1192 1328 1309 1356 redibat
1321 1328 1351 1356 in
1362 1328 1491 1357 domum
1512 1337 1599 1358 suam
1623 1330 1747 1366 propter
1776 1330 1817 1358 to-

985 1375 1045 1400 tam
1063 1380 1150 1400 suam
1170 1373 1200 1400 in
1211 1381 1287 1401 eum
1303 1373 1505 1406 affectionem,

1021 1418 1195 1445 XXVII.Cum
1212 1426 1281 1446 eum
1293 1426 1363 1454 ergo
1385 1418 1549 1455 aliquando
1570 1419 1671 1454 gravis
1691 1418 1817 1448 morbus

984 1461 1110 1497 etplane
1126 1462 1301 1498 desperatus
1313 1463 1481 1497 invasisset,
1505 1463 1600 1499 jacuit
1629 1464 1660 1492 in
1684 1463 1817 1493 interiori

984 1508 1067 1541 parte
1080 1506 1181 1542 templi
1192 1507 1364 1542 archangeli
1377 1507 1490 1543 aliquot
1509 1507 1573 1535 dies
1585 1515 1654 1536 cum
1678 1507 1777 1536 stabili
1789 1509 1817 1537 et

983 1550 1071 1578 tirma
1080 1551 1108 1578 in
1121 1559 1189 1578 eum
1201 1551 1323 1579 ﬁducia.
1349 1551 1423 1579 Cum
1434 1551 1556 1587 plurimi
1568 1554 1669 1580 autem
1681 1552 1770 1580 amici
1788 1554 1816 1582 et

984 1595 1091 1623 medici
1103 1596 1141 1623 ad
1153 1604 1222 1624 eum
1230 1599 1494 1632 congregarentur,
1505 1598 1533 1624 ct
1542 1596 1674 1625 dicerent
1684 1597 1734 1626 alii
1744 1597 1815 1633 alia,

983 1648 1050 1675 quae
1066 1640 1103 1668 ad
1115 1640 1179 1676 ejus
1193 1641 1588 1677 pertinebantcurationem,
1600 1642 1666 1678 ipso
1685 1650 1755 1671 vero
1777 1650 1815 1671 ne

983 1692 1034 1712 eos
1047 1685 1169 1721 quidem
1181 1686 1305 1713 omnino
1317 1686 1354 1713 de
1367 1686 1415 1714 hic
1436 1686 1541 1714 audire
1563 1687 1738 1722 sustinente,
1763 1695 1814 1716 au-

983 1737 1035 1756 sus
1047 1731 1178 1757 estunus
1191 1738 1227 1757 ex
1238 1730 1362 1758 medicis
1388 1730 1484 1758 facere
1511 1739 1557 1766 ea,
1580 1739 1649 1768 qua:
1673 1731 1815 1760 dicuntur

983 1775 1126 1807 fomenta,
1147 1777 1174 1802 et
1191 1775 1279 1810 jussit
1290 1775 1325 1803 iis
1336 1775 1453 1812 quiipsi
1478 1775 1702 1810 ministrabant,
1730 1778 1763 1805 ut
1786 1776 1814 1806 ei

983 1819 1173 1847 mederentur
1189 1822 1257 1848 ante
1274 1819 1465 1853 matutinum,
1479 1820 1564 1848 vellet
1575 1828 1613 1849 an
1639 1829 1712 1849 non.
1737 1822 1812 1850 Cum

983 1866 1083 1892 autem
1095 1864 1225 1892 fomenta
1238 1865 1460 1901 composuisset
1470 1865 1617 1901 medicus,
1630 1865 1757 1895 domum
1769 1874 1812 1902 re,

983 1909 1045 1937 diit.
1060 1909 1217 1937 Illaautem
1239 1912 1325 1938 nocte
1349 1909 1514 1938 Marcianus
1548 1918 1646 1939 cuma
1668 1919 1699 1939 se
1720 1911 1813 1940 veluti

983 1954 1168 1982 discessisset
1181 1957 1208 1982 et
1219 1957 1296 1982 esset
1310 1955 1338 1982 in
1354 1954 1473 1990 exstasi,
1488 1955 1644 1991 quomodo
1655 1955 1738 1984 etvir
1763 1956 1813 1984 hic

983 1999 1050 2035 pius
1063 2000 1205 2035 narravit,
1216 2002 1243 2028 et
1259 1999 1427 2035 subjectum
1450 2002 1663 2035 argumentum
1682 2000 1812 2029 ostendit

982 2044 1146 2078 veritatem,
1159 2053 1265 2073 omnes
1280 2045 1381 2081 templi
1393 2047 1495 2081 portas
1509 2045 1714 2082 viditrepente
1728 2053 1814 2082 aper-

983 2091 1075 2122 tas,et
1086 2089 1250 2125 lavacrum,
1266 2090 1349 2126 quod
1360 2089 1508 2123 exstabat,
1530 2090 1627 2118 virum
1652 2090 1813 2119 terribilem

983 2142 1051 2162 cum
1064 2134 1202 2169 impelue
1215 2134 1289 2162 coelo
1303 2135 1434 2170 equitem
1459 2134 1662 2162 descendisse.
1692 2136 1764 2163 Cum
1787 2135 1813 2163 is

984 2181 1084 2206 autem
1096 2186 1131 2205 ex
1140 2186 1217 2214 equo
1229 2178 1435 2207 descendisset
1447 2179 1476 2206 in
1486 2186 1651 2214 purpureo,
1661 2179 1743 2215 quod
1756 2179 1814 2207 illic

985 2225 1055 2258 erat,
1070 2231 1229 2259 marmore,
1243 2224 1394 2259 ingressus
1407 2226 1450 2252 est
1460 2224 1490 2251 in
1502 2223 1660 2260 templum,
1687 2232 1705 2253 a
1727 2223 1815 2260 pluri-

986 2268 1043 2296 mis
1056 2269 1191 2305 stipatus,
1205 2271 1350 2305 tanquam
1361 2268 1515 2305 praepositi
1527 2271 1607 2297 veste
1630 2269 1763 2303 indutus,
1789 2270 1817 2297 et

985 2314 1142 2350 impletum
1155 2316 1198 2342 est
1211 2314 1385 2342 universum
1400 2314 1545 2350 templum
1558 2314 1650 2342 odore
1661 2314 1816 2343 ineﬁabili.

987 2359 1077 2386 Paulo
1093 2361 1162 2395 post
1177 2367 1247 2387 vero
1267 2367 1337 2387 cum
1349 2360 1526 2388 accessisset
1545 2359 1584 2387 ad
1608 2359 1718 2387 lectum
1745 2360 1816 2388 Mar-

987 2404 1074 2436 ciani,
1087 2404 1172 2432 tinxit
1181 2413 1212 2432 se
1223 2412 1258 2432 ea
1269 2407 1436 2439 attrectare,
1449 2413 1515 2441 quae
1527 2406 1613 2433 erant
1629 2405 1660 2433 in
1681 2412 1817 2439 scamno,

987 2452 1129 2485 etrapcre
1140 2457 1207 2486 quae
1221 2449 1251 2478 in
1263 2458 1298 2478 eo
1308 2452 1392 2479 erant
1406 2450 1504 2486 posita
1525 2449 1563 2478 ad
1589 2449 1766 2478 alimentum
1790 2451 1820 2478 et

987 2503 1086 2528 usum;
1101 2496 1203 2523 etcum
1214 2495 1417 2523 invenissctin
1429 2494 1528 2522 catino
1539 2494 1649 2530 posita,
1658 2502 1727 2531 quin
1739 2494 1821 2524 dicta

987 2542 1065 2573 sunt,
1078 2539 1225 2572 fomenta,
1238 2548 1273 2568 ea
1288 2542 1412 2576 accepta
1438 2538 1550 2567 tulitad
1559 2538 1754 2574 Marcianum,
1768 2546 1821 2568 ro—

987 2592 1062 2620 gans
1074 2585 1147 2621 quid
1158 2585 1222 2612 haec
1234 2584 1293 2612 sibi
1303 2584 1418 2619 vellent,
1441 2585 1469 2612 et
1493 2583 1634 2621 quisnam
1656 2585 1745 2618 esset,
1769 2587 1823 2621 qui

987 2638 1022 2658 ea
1034 2632 1142 2658 temere
1152 2629 1268 2658 fecisset
1279 2630 1309 2657 in
1319 2630 1411 2658 domo
1423 2637 1488 2657 sua.
1506 2629 1580 2658 Cum
1606 2629 1632 2657 is
1655 2631 1756 2658 autem
1778 2638 1823 2658 re-

989 2674 1381 2711 spondissetcumtremore,
1393 2674 1463 2702 dicit
1486 2673 1532 2702 ille
1557 2674 1695 2703 terribilis
1721 2674 1824 2711 etglo-

989 2720 1088 2748 riosus
1098 2720 1219 2748 duobus
1230 2720 1291 2748 suis
1303 2718 1482 2748 satellitibus
1500 2727 1507 2748 :
1524 2719 1626 2749 Tollite
1639 2727 1684 2756 ea,
1708 2721 1737 2750 et
1754 2728 1825 2749 eun-

957 2811 985 2840 2.
1024 2810 1047 2827 ‘0
1062 2810 1126 2839 Act.
1142 2817 1205 2847 vni,
1220 2811 1317 2839 26-39.

1689 2859 1721 2887 19
