4132 6382
524 277 638 334 587

1764 278 2248 336 PANTALEONIS
2288 282 2572 341 DlACONI
2611 286 2716 344 CP.

3846 310 3951 366 588

517 403 629 474 tes,
661 403 1119 478 quamprimum
1144 404 1441 480 perforate
1476 406 1660 477 caput
1709 404 1860 476 ejus,
1919 405 2025 478 qui
2075 420 2174 462 me
2206 401 2252 456 A
2283 403 2393 464 fuit
2413 408 2586 468 velox
2608 411 2687 470 ad
2704 411 3023 472 ferendum
3055 419 3342 478 auxilium
3373 425 3430 479 et
3454 440 3594 482 eum
3623 426 3950 490 defenden-

516 495 892 568 contempsit,
917 500 972 552 et
993 495 1125 569 ipsa
1162 496 1224 553 in
1272 495 1333 552 id
1373 495 1616 567 injicite.
1681 494 1949 568 Cumque
2002 495 2169 552 intin-

515 584 702 641 xisset
721 600 1027 642 summum
1051 585 1221 658 digiti
1242 586 1334 642 sui
1358 585 1418 642 in
1441 583 1715 653 candela,
1761 600 1898 656 qua
1941 585 2173 658 impen-

510 672 695 731 debat
721 674 850 747 ejus
872 675 1324 733 admirabilium
1344 691 1549 732 rerum
1584 673 1861 730 effectrici
1898 674 2166 748 imagini,

509 762 769 836 signavit
788 770 970 838 caput
983 766 1260 823 Marciani
1282 769 1491 822 sancto
1507 763 1639 820 oleo
1662 764 1723 820 in
1749 764 2006 834 ﬁguram
2031 781 2166 820 cru-

507 851 612 923 cis,
635 858 690 910 et
707 870 778 910 ex
800 854 1054 913 ecclesia
1073 871 1371 928 egressus,
1400 870 1555 928 equo
1577 870 1782 910 rursus
1809 869 2159 922 conscenso,

502 941 777 1000 sublatus
803 947 896 1003 est
914 945 994 1001 ad
1015 945 1253 1017 coelum,
1278 946 1600 1017 statimque
1627 942 1844 1000 clausae
1866 949 2005 1000 sunt
2033 959 2160 1001 om-

501 1037 799 1106 nesporta
825 1035 1112 1107 ecclesiae,
1143 1037 1224 1093 ita
1257 1040 1339 1105 ut,
1395 1034 1728 1108 quomodo,
1779 1033 1978 1091 videri
2032 1049 2154 1090 non

497 1124 776 1195 potuerit.
808 1127 1139 1184 Marcianus
1160 1131 1360 1184 autem
1378 1141 1605 1198 magno
1632 1125 1842 1182 timore
1881 1125 2151 1192 affectus,

495 1217 556 1271 et
575 1215 779 1272 animo
796 1217 1008 1274 anxius
1047 1233 1235 1290 usque
1262 1218 1342 1274 ad
1362 1216 1996 1290 matutinum,propter
2035 1221 2149 1273 ter-

491 1303 729 1362 ribilem
749 1306 1061 1375 visionem,
1098 1307 1347 1364 accersit
1385 1307 1804 1381 presbyterum
1861 1307 2143 1379 ecclesia,

491 1399 548 1452 et
568 1396 831 1453 narravit
852 1397 1327 1454 eiomnia.Tunc
1362 1396 1675 1471 presbyter
1695 1413 1830 1453 cum
1881 1397 2147 1470 quasiis-

489 1490 596 1554 set,
633 1504 768 1560 qua
790 1504 824 1545 a
845 1488 1080 1545 medico
1107 1492 1320 1562 parata
1340 1488 1594 1558 fuerant,
1618 1488 1905 1556 fomenta,
1930 1505 2040 1545 nec
2057 1489 2144 1545 in-

486 1569 1330 1652 venisset,Marcianiquoque
1373 1583 1557 1652 caput
1603 1578 2142 1646 animadvertisset,

485 1671 543 1724 et
563 1667 811 1724 vidisset
867 1673 1138 1725 sanctam
1209 1684 1448 1724 crucem
1478 1669 1538 1723 in
1571 1684 1642 1724 eo
1690 1683 1798 1740 per
1867 1672 2142 1724 sanctum

2282 494 2451 563 dum,
2485 500 2706 558 militiae
2738 505 3071 580 principem
3109 510 3478 570 Michaelem.

2351 589 2521 645 XXIX.
2546 595 2736 665 Atque
2758 596 3031 668 nonnulli
3053 599 3303 670 quidem
3331 601 3537 659 dicunt
3567 621 3696 662 esse
3716 623 3944 667 novem

2278 683 2488 734 eurum
2514 681 2778 751 ordines,
2810 687 3234 745 convenienter
3255 691 3560 763 parabolae
3582 696 3936 769 Servatoris,

2273 782 2408 839 qua
2437 769 2610 831 dicit:
2638 795 2665 823 »
2687 774 2742 830 Si
2763 775 2980 832 mulier
3000 777 3206 852 aliqua
3230 780 3466 838 habens
3489 783 3698 842 decem
3721 787 3938 846 drach-

2269 871 2422 926 mas,
2456 876 2641 918 unam
2673 878 2746 919 ex
2766 863 2851 920 eis
2876 866 3224 938 perdiderit,
3257 887 3380 928 non
3406 888 3664 932 accensa
3684 876 3934 938 lucerna

2267 961 2401 1003 eam
2433 951 2667 1022 quarit,
2697 957 2753 1009 et
2804 955 3055 1026 quando
3105 973 3240 1015 eam
3299 961 3612 1032 invenerit,
3639 975 3936 1028 convocat

2265 1037 2512 1107 amicas,
2536 1039 2739 1097 dicens
2766 1044 3186 1103 :Gratulamini
3218 1049 3388 1118 mihi,
3408 1053 3700 1124 quoniam
3723 1057 3930 1116 inveni

2262 1124 2619 1186 drachmam
2636 1147 2821 1203 quam
2844 1133 3225 1205 perdideram
3263 1139 3332 1195 ⁸⁸.
3357 1161 3385 1189 ››
3420 1142 3566 1198 Sunt
3595 1148 3800 1202 autem
3822 1163 3932 1205 no-

2260 1231 2395 1272 vem
2409 1219 2652 1276 ordines
2665 1221 3155 1295 incorporeorum
3165 1243 3404 1302 ,nempe
3418 1235 3502 1287 An
3510 1233 3646 1302 geli,
3656 1236 3924 1295 Archan-

2259 1305 2395 1377 geli,
2412 1308 2802 1382 Principatus,
2817 1315 3162 1381 Potestates,
3177 1317 3445 1392 Virtutes,
3462 1322 3923 1394 Dominationes,

2255 1396 2491 1466 Throni,
2523 1400 2863 1469 Cherubim,
2899 1405 3212 1478 Seraphim
3239 1425 3251 1462 :
3282 1412 3338 1464 et
3354 1409 3626 1469 decimus
3658 1415 3812 1472 ordo
3832 1423 3925 1476 est

2253 1484 2591 1547 hominum.
2614 1492 2891 1548 Nonnulli
2921 1510 3062 1550 vero
3091 1495 3300 1553 dicunt
3341 1502 3670 1573 nonaginta
3699 1521 3921 1565 novem

2254 1591 2390 1633 esse
2420 1593 2626 1634 eorum
2646 1586 2844 1652 partes
2869 1601 2881 1638 :
2907 1585 3299 1643 centesimam
3332 1594 3532 1647 autem
3564 1608 3697 1650 esse
3723 1595 3920 1653 homi-

2251 1683 2422 1731 num,
2455 1671 2880 1728 convenienter
2933 1675 3241 1746 parabola
3287 1683 3526 1737 centum
3581 1683 3804 1754 ovium,
3838 1686 3916 1744 de

482 1758 684 1817 oleum
706 1775 1077 1832 expressam,
1129 1758 1581 1832 obstupefactus
1650 1759 1795 1816 abiit
1834 1758 2141 1832 quampri-
2169 1757 2212 1814 Β
2251 1756 2474 1828 quibus
2506 1758 2649 1815 dicit
2679 1759 2980 1819 Christus:
3020 1785 3041 1814 ι
3080 1764 3136 1821 Si
3176 1765 3394 1824 fuerint
3447 1769 3625 1827 alicui
3678 1773 3915 1833 homini

479 1863 652 1905 mum
670 1849 747 1905 ad
766 1849 1089 1915 medicum,
1113 1853 1178 1905 ut
1200 1848 1253 1906 ei
1274 1855 1544 1907 narraret
1562 1849 1789 1920 omnia,
1831 1855 1888 1906 et
1926 1865 2138 1906 consu-

477 1937 643 2007 leret,
669 1943 734 1995 ut
758 1938 886 2012 ipse
916 1955 1162 2012 quoque
1191 1944 1417 2012 peteret
1454 1940 1696 1998 veniam
1745 1941 1824 1997 ab
1853 1940 2136 1998 ordinum

476 2029 724 2086 ductore
781 2028 1058 2086 Michaele
1133 2028 1208 2085 de
1251 2029 1344 2100 iis,
1391 2046 1528 2103 qua
1593 2031 1724 2104 ipse
1785 2031 2131 2089 admiserat.

547 2120 772 2178 XXVIII.
798 2122 946 2177 Cum
967 2123 1169 2176 autem
1188 2121 1448 2178 venisset
1466 2121 1784 2194 presbyter
1801 2122 1862 2179 in
1881 2122 2135 2181 domum

471 2209 714 2276 medici,
737 2209 968 2267 invenit
987 2209 1104 2266 illic
1133 2209 1582 2267 multitudinem
1626 2212 2132 2270 innumerabilem

469 2305 526 2358 et
547 2299 776 2358 luctum
799 2301 904 2374 qui
932 2316 1055 2358 non
1071 2303 1309 2374 poterat
1347 2302 1684 2374 comprimi,
1732 2308 2130 2374 cognatorum

465 2394 524 2447 et
548 2390 882 2448 amicorum
904 2391 1033 2464 ejus
1066 2390 1371 2448 sociorum
1400 2408 1413 2447 :
1451 2392 1558 2464 qui
1589 2407 1800 2449 omnes
1848 2393 2134 2452 defebant

462 2481 868 2554 repentinum,
893 2483 949 2537 et
973 2496 1094 2538 non
1117 2480 1283 2554 prius
1306 2480 1824 2550 animadversum,
1847 2482 2126 2540 lethalem

461 2571 1150 2643 ejusmorbum,ipsum
1205 2575 1408 2627 autem
1459 2571 1762 2643 jacentem
1812 2572 1871 2628 in
1926 2573 2129 2631 medio

459 2661 1074 2734 omnium,totamque
1096 2661 1225 2731 ejus
1250 2659 1464 2717 faciem
1483 2661 1833 2732 ustulatam,
1856 2662 2130 2721 claman-

456 2755 704 2825 temque
725 2751 1001 2822 graviter,
1026 2755 1082 2807 et
1103 2765 1327 2822 magna
1372 2766 1519 2808 voce
1566 2751 1893 2824 ejulantem
1925 2771 1937 2809 :
1968 2755 2129 2812 Mise-

462 2840 683 2898 remini
708 2841 851 2912 mei,
874 2841 978 2914 qui
1001 2840 1192 2898 Deum
1214 2840 1454 2900 timetis.
1487 2841 1763 2913 Scindite,
1789 2843 2121 2910 Christiani,

460 2933 646 3002 caput
668 2945 1044 2998 meum,non
1097 2928 1220 2986 fero
1273 2930 1431 2986 enim
1483 2929 1741 2988 dolores.
1793 2933 2122 3006 Postquam

459 3034 604 3076 vero
635 3019 864 3077 audivit
891 3036 927 3076 a
947 3019 1299 3092 presbytero
1320 3019 1503 3076 verba
1527 3020 1828 3089 terribilia,
1856 3039 1990 3096 quae
2017 3040 2120 3081 au-

2249 1852 2491 1903 centum
2521 1864 2688 1915 oves,
2723 1854 2780 1906 et
2808 1850 3176 1910 aberraverit
3203 1871 3325 1912 una
3347 1874 3422 1914 ex
3449 1858 3615 1931 ipsis,
3634 1877 3756 1919 non
3781 1865 3916 1922 reli-

2248 1935 2355 1992 ctis
2386 1939 2716 2008 nonaginta
2747 1956 2969 1997 novem
2995 1943 3055 1998 in
3084 1949 3319 2002 montes
3341 1947 3662 2020 profectus,
3694 1955 3914 2026 quaerit

2245 2041 2380 2082 eam
2403 2043 2537 2100 qua
2561 2030 2759 2084 errat?
2781 2035 2836 2085 et
2857 2030 2905 2086 si
2926 2032 3240 2102 contigerit
3259 2051 3394 2092 eam
3422 2037 3711 2112 invenire,
3737 2043 3814 2099 de
3834 2059 3911 2102 ea.

2244 2118 2701 2189 magislatatur,
2719 2137 2907 2194 quam
2919 2121 2993 2178 de
3007 2125 3342 2196 nonaginta
3362 2143 3603 2194 novem,
3627 2149 3762 2205 qua
3780 2149 3909 2192 non

2245 2206 2678 2265 aberraverunt
2698 2211 2766 2264 δ’.
2801 2233 2827 2260 ››
2858 2213 3083 2270 Revera
3099 2214 3260 2272 enim
3273 2231 3386 2272 nos
3410 2235 3646 2287 sumus,
3669 2221 3906 2295 fratres,

2243 2297 2345 2369 qui
2365 2297 2522 2354 male
2540 2297 2916 2371 aufugimus,
2934 2305 2992 2358 et
3013 2302 3369 2362 aberramus
3395 2324 3578 2380 super
3595 2316 3831 2369 montes
3851 2320 3913 2372 et

2244 2385 2424 2442 colles
2455 2388 2698 2444 nefaria
2731 2390 2985 2447 actionis
3013 2397 3070 2448 et
3099 2392 3528 2453 incredulitatis
3555 2416 3568 2453 :
3595 2415 3750 2472 quos
3781 2417 3910 2459 non

2242 2475 2515 2549 despexit
2542 2483 2752 2551 pastor
2766 2478 2969 2536 bonus
3000 2480 3384 2554 etbenignus,
3407 2486 3514 2543 sed
3527 2490 3827 2560 quasivit,
3849 2497 3911 2549 et

2244 2583 2429 2640 supra
2450 2584 2628 2624 suum
2654 2569 2976 2626 humerum
3005 2573 3282 2643 portavit,
3311 2579 3370 2630 et
3388 2576 3586 2634 retulit
3605 2578 3666 2634 in
3694 2595 3912 2639 nume-

2239 2671 2374 2713 rum
2407 2657 2604 2730 gregis
2638 2658 2775 2715 boni
2806 2662 2862 2715 et
2887 2674 3010 2715 non
3037 2661 3311 2719 errantis.

2594 2803 2682 2860 De
2708 2804 2764 2860 S.
2787 2801 3156 2874 archangelo
3189 2801 3492 2864 Gabriele.

2308 2926 2456 2981 XXX.
2489 2926 2832 2983 Laudemus
2866 2943 3008 2999 ergo
3038 2943 3250 2984 omnes
3283 2929 3626 3000 Dominum,
3655 2932 3898 3003 fratres,

2234 3017 2290 3069 et
2317 3030 2541 3072 nomen
2582 3017 2712 3087 ejus
2751 3016 2928 3073 simul
2954 3017 3334 3084 extollamus,
3369 3019 3474 3091 qui
3503 3019 3890 3094 facitmagna

459 3108 875 3182 diveratapio
925 3109 1244 3180 Marciano,
1302 3113 1444 3165 tunc
1517 3109 1800 3166 intellexit
1843 3113 2116 3170 medicus
2150 3115 2191 3171 C
2234 3109 2290 3160 et
2319 3121 2454 3178 quae
2478 3107 2826 3177 investigari
2847 3111 3175 3178 nequeunt,
3199 3106 3585 3181 810140535106
3611 3115 3667 3167 et
3696 3113 3885 3170 admi-

461 3212 591 3254 esse
603 3197 849 3270 plagam
869 3196 1119 3268 dignam
1140 3212 1251 3252 sua
1275 3197 1550 3267 audacia,
1567 3202 1623 3254 et
1662 3199 1861 3256 statim
1904 3206 2117 3260 acerbe

462 3285 844 3343 exclamavit:
868 3288 989 3356 Ego
1017 3301 1156 3342 sum
1181 3302 1367 3344 causa
1379 3287 1578 3357 gravis
1597 3287 1779 3360 hujus
1805 3307 1954 3347 mea
1977 3308 2132 3349 mor-

460 3376 557 3433 tis:
588 3375 695 3432 sed
720 3392 817 3432 me
857 3375 1040 3432 tollite
1095 3381 1150 3432 et
1197 3375 1497 3442 abducite,
1546 3383 1604 3434 et
1640 3379 1818 3450 jacite
1870 3380 1932 3437 in
1985 3398 2120 3438 san-

464 3469 624 3522 ctam
657 3465 851 3523 adem
873 3465 1028 3538 ejus,
1051 3469 1106 3523 et
1137 3482 1186 3522 ει
1215 3465 1364 3540 quid
1388 3466 1561 3538 jubet
1607 3469 1737 3540 ejus
1789 3470 2119 3527 misericor-

457 3555 579 3629 dia,
602 3556 779 3614 faciet
797 3555 858 3612 in
881 3573 977 3612 me
993 3555 1313 3628 indignum
1331 3573 1508 3614 suum
1523 3573 1788 3615 servum.
1814 3562 2118 3617 Portantes

460 3651 664 3704 autem
693 3663 854 3718 eum,
877 3646 1277 3704 tuleruntuna
1297 3664 1437 3704 cum
1455 3647 1630 3706 lecto.
1652 3650 1985 3706 Marcianus
2013 3666 2117 3707 au-

457 3740 578 3794 tem
607 3753 747 3794 cum
774 3737 1063 3794 sensisset
1082 3737 1406 3794 tumultum
1439 3737 1680 3794 assedit:
1709 3741 1924 3794 etcum
1978 3755 2114 3797 cau-

455 3842 591 3885 sam
611 3827 968 3894 rescivisset,
997 3828 1264 3900 seipsum
1298 3827 1718 3895 consideravit,
1740 3833 1796 3883 et
1836 3829 2114 3885 inventus

455 3921 547 3974 est
574 3917 826 3975 omnino
847 3916 1051 3974 sanus.
1081 3919 1242 3973 Tunc
1265 3916 1382 3973 cito
1402 3916 1778 3973 descendens
1835 3918 1911 3974 de
1958 3918 2112 3976 lecto

452 4023 584 4076 suo,
613 4011 802 4065 Deum
832 4005 1202 4077 gloriﬁcavit,
1263 4021 1563 4079 suumque
1633 4006 2010 4065 defensorem
2056 4013 2114 4064 et

449 4095 769 4153 dominum
801 4100 858 4151 et
884 4095 1177 4166 magnum
1201 4093 1505 4150 medicum
1531 4099 1588 4152 et
1616 4095 1840 4152 militia
1888 4098 2108 4170 princi-

448 4200 591 4260 pem
616 4184 984 4242 Michaelem:
1037 4184 1381 4258 cursimque
1437 4201 1736 4257 egressus,
1815 4189 2111 4260 processit

449 4275 715 4346 obviam,
743 4279 802 4332 et
820 4273 1056 4330 sustulit
1094 4273 1396 4330 medicum
1462 4291 1492 4330 e
1544 4275 1718 4345 lecto,
1743 4281 1796 4332 et
1849 4277 2105 4349 portavit

448 4380 587 4421 eum
610 4364 733 4421 suis
754 4363 1038 4420 manibus
1059 4363 1238 4420 simul
1257 4379 1397 4420 cum
1454 4365 1826 4437 presbytero,
1885 4371 1944 4422 ct
1991 4381 2104 4438 po-

447 4455 568 4511 suit
585 4471 725 4511 eum
741 4458 877 4511 ante
900 4457 1171 4511 sanctam
1194 4470 1384 4523 aram,
1413 4454 1829 4512 miserabiliter
1883 4454 2103 4510 deﬂen-

444 4547 566 4600 tem
590 4547 645 4601 et
666 4544 1070 4610 conﬁtentem,
1109 4547 1175 4601 ut
1194 4544 1247 4600 ei
1305 4548 1459 4601 esset
1508 4545 1803 4617 propitius
1853 4550 2102 4600 sanctus

441 4633 723 4708 princeps
743 4634 986 4691 militia.
1012 4635 1342 4693 Marcianus
1370 4639 1572 4691 autem
1595 4651 1734 4691 cum
1754 4650 1864 4708 per
1889 4651 1950 4693 se
1975 4652 2097 4692 ma-

440 4739 587 4782 nare
610 4724 844 4782 fecisset
864 4731 1244 4798 unguentum
1261 4742 1292 4781 e
1315 4739 1488 4783 sacra
1509 4724 1611 4782 illa
1632 4725 1915 4795 imagine.
1935 4726 2098 4783 unxit

439 4819 622 4888 caput
650 4815 930 4888 patientis
947 4815 1165 4872 medici
1187 4814 1509 4887 statimque
1531 4813 1808 4886 fugatum
1829 4819 1918 4872 est
1931 4831 2003 4876 ιι-
2024 4832 2098 4873 ,r-

435 4904 586 4962 bum
606 4904 754 4962 illud
772 4910 1158 4972 tormentum,
1186 4909 1243 4960 et
1294 4904 1574 4961 ardentes
1616 4904 1785 4961 faciei
1834 4905 2091 4978 pustula

437 4999 580 5052 sunt
602 4995 1000 5059 exstincta,et
1019 4994 1212 5051 factus
1245 4998 1331 5050 est
1387 5009 1571 5050 sanus
1647 4995 1895 5052 omnino
1941 4996 2095 5053 sicut

431 5085 616 5160 prius,
651 5086 994 5156 glorificans
1025 5088 1212 5141 Deum
1241 5088 1299 5140 et
1327 5084 1776 5142 sanctissimum
1824 5087 1954 5159 ejus
1978 5087 2089 5144 mi-

429 5174 568 5230 litia
599 5175 934 5247 principem
969 5170 1334 5228 Michaelem.
1365 5174 1576 5230 Mansit
1595 5191 1735 5232 vero
1757 5175 1831 5231 de
1876 5181 2090 5234 catero

429 5263 702 5320 medicus
733 5263 829 5321 ille
862 5277 1252 5336 perseverans
1301 5267 1358 5320 et
1399 5263 1680 5320 muniﬁce
1737 5266 1994 5322 offerens
2027 5267 2088 5322 in

428 5352 640 5410 eodem
663 5354 928 5425 glorioso
945 5351 1168 5426 templo
1204 5352 1642 5423 archangelico,
1669 5359 1790 5412 toto
1819 5361 2086 5430 tempore

424 5442 562 5502 vita
583 5459 706 5501 sua
737 5443 1058 5502 Dominum
1077 5442 1361 5503 laudibus
1396 5444 1943 5514 extollens,eteum
1978 5446 2086 5521 qui

493 5653 540 5692 “
571 5653 711 5713 Luc.
737 5665 833 5724 xv,
865 5654 919 5725 8,
947 5654 1002 5712 9.
1079 5650 1126 5690 ⁴²
1156 5650 1305 5714 Ibid.
1337 5655 1461 5714 4-6.
1538 5651 1587 5692 ⁸³
1613 5651 1753 5715 Luc.
1779 5669 1820 5730 1,
1851 5656 2042 5715 26-38.
2139 5657 2144 5662 ’

2232 3195 2446 3252 rabilia
2457 3212 2716 3269 quorum
2734 3213 2858 3253 non
2879 3201 2967 3252 est
2986 3213 3296 3265 numerus,
3321 3215 3429 3270 per
3451 3201 3893 3260 sanctissimum

2233 3285 2577 3342 Michaelem
2625 3287 2912 3359 quotidie,
2957 3291 3015 3343 et
3060 3287 3204 3343 olim
3261 3292 3320 3344 et
3364 3305 3548 3359 nunc,
3575 3294 3629 3346 et
3677 3290 3772 3347 hic
3829 3298 3894 3350 et

2231 3375 2391 3443 alibi,
2426 3381 2483 3432 et
2507 3375 2708 3432 multis
2731 3381 2787 3432 et
2817 3374 3088 3446 singulis.
3119 3379 3269 3433 Nam
3297 3378 3404 3434 etsi
3434 3395 3541 3452 per
3569 3378 3715 3436 alios
3746 3397 3891 3438 san-

2229 3469 2355 3521 ctos
2384 3466 2633 3536 angelos
2671 3465 3163 3535 innumerabiles,
3194 3466 3328 3524 fecit
3361 3471 3513 3526 Deus
3561 3468 3891 3529 admirabi-

2225 3554 2373 3611 lium
2393 3554 2859 3611 innumerabilia
2873 3554 3166 3613 miracula
3180 3572 3288 3629 per
3319 3558 3664 3617 universum
3678 3561 3894 3620 orbem

2227 3649 2415 3713 terra,
2435 3644 2613 3701 trium
2629 3651 2830 3702 tamen
2845 3645 3043 3702 solum
3059 3647 3320 3703 ostendit
3349 3647 3556 3706 divina
3581 3650 3893 3723 Scriptura

2224 3737 2488 3808 pretiosa
2505 3742 2561 3792 et
2583 3735 2928 3792 veneranda
2943 3736 3215 3808 nomina,
3240 3737 3535 3794 Michaelis
3560 3745 3616 3796 et
3642 3741 3889 3798 Gabrie-

2220 3825 2316 3892 lis,
2358 3832 2414 3883 et
2445 3832 2647 3900 aperte
2681 3825 2916 3882 colendi
2969 3825 3305 3898 Raphaelis.
3345 3829 3408 3883 Et
3433 3828 3600 3901 quod
3633 3832 3890 3888 sanctis-

2221 3917 2411 3972 simus
2432 3917 2678 3990 quidem
2702 3915 2947 3973 Michael
2964 3915 3308 3971 fecerithac
3329 3918 3556 3988 omnia,
3580 3936 3715 3992 qua
3743 3925 3890 3979 sunt

2220 4005 2397 4062 simul
2448 4007 2649 4079 posita
2693 4004 2976 4061 terribilia
3025 4005 3346 4077 miracula,
3394 4005 3534 4062 hinc
3592 4014 3760 4081 patet
3809 4026 3888 4067 ex

2219 4095 2436 4151 divinis
2493 4095 2828 4168 Scripturis.
2913 4093 3328 4151 Divinissimus
3381 4101 3584 4153 autem
3641 4097 3886 4157 Gabriel

2217 4185 2438 4240 missus
2458 4184 2568 4240 fuit
2597 4184 2674 4240 ab
2704 4183 3114 4256 omnipotente
3144 4182 3266 4239 Deo
3297 4188 3354 4240 et
3382 4187 3570 4253 Patre,
3601 4191 3882 4261 tempore

2216 4273 2402 4331 divini
2425 4278 2481 4330 et
2509 4272 2752 4343 benigni
2782 4273 2840 4328 in
2869 4277 3089 4330 terram
3127 4273 3475 4346 descensus,
3519 4275 3697 4332 veluti
3747 4279 3886 4350 qui-

2213 4367 2356 4421 dam
2383 4363 2698 4437 pronubus
2750 4363 2851 4419 Dei
2905 4363 3100 4433 Verbi,
3148 4362 3227 4419 ad
3250 4369 3523 4420 sanctam
3548 4365 3878 4438 Virginem,

2214 4459 2268 4510 et
2301 4454 2481 4510 Dixit:
2515 4476 2542 4502 ‹‹
2599 4455 2720 4508 Ave
2774 4452 2966 4524 gratia
3011 4451 3208 4524 plena,
3265 4453 3554 4510 Dominus
3589 4459 3812 4525 tecum,
3851 4481 3873 4507 ι

2211 4552 2267 4601 et
2288 4545 2401 4601 hac
2420 4559 2563 4600 voce
2587 4542 2818 4615 depulit
2864 4542 3346 4614 antiquissimam
3401 4548 3459 4601 et
3494 4544 3882 4603 diuturnissi-

2210 4651 2372 4692 mam
2403 4633 2742 4690 molestiam
2763 4631 2972 4705 prima
3023 4632 3290 4704 parentis
3322 4635 3474 4700 Eva,
3521 4638 3579 4690 et
3601 4634 3882 4708 implevit

2205 4723 2409 4781 latitia
2441 4723 2788 4779 universum
2815 4721 3025 4777 orbem
3051 4725 3217 4777 terra
3242 4722 3309 4778 ‘3.
3332 4721 3503 4778 Prius
3531 4739 3667 4780 vero
3690 4726 3880 4783 sterili

2204 4828 2449 4887 quoque
2480 4811 2825 4868 clarissima
2856 4813 3062 4876 Anna,
3087 4826 3223 4883 qua
3250 4809 3311 4866 in
3334 4810 3507 4867 horto
3561 4827 3672 4868 suo
3699 4811 3878 4872 obse-

2203 4905 2411 4961 crabat
2445 4903 2790 4971 Dominum,
2822 4901 3098 4974 praedixit
3126 4899 3274 4969 fore,
3306 4904 3371 4957 ut
3400 4916 3474 4956 ex
3501 4917 3573 4958 ea
3596 4917 3876 4961 nascere-

2201 4998 2296 5049 tur
2319 4993 2418 5050 Dei
2456 5007 2696 5065 parens.
2732 4989 2887 5056 Quin
2911 4989 3092 5045 etiam
3122 4988 3432 5062 propheta
3473 4989 3776 5046 Zacharia
3807 4992 3872 5049 in

2201 5084 2424 5157 templo
2485 5081 2748 5138 sufﬁenti
2795 5081 2922 5154 ipse
2976 5079 3127 5136 dixit
3171 5079 3320 5150 fore,
3349 5084 3414 5136 ut
3469 5079 3531 5135 in
3564 5085 3873 5140 senectute

2197 5176 2467 5248 gigneret
2495 5175 2930 5228 Pracursorem
2961 5185 2972 5224 :
3008 5183 3132 5242 quo
3191 5173 3462 5241 tempore
3501 5185 3642 5225 eum
3687 5170 3873 5228 etiam

2196 5265 2333 5321 fecit
2352 5263 2767 5320 obmutescere
2788 5261 2849 5316 in
2867 5275 3115 5333 panam
3143 5257 3576 5315 incredulitatis
3603 5260 3672 5313 “.
3693 5261 3875 5318 Eum-

2195 5356 2339 5411 dem
2370 5369 2513 5424 ergo
2561 5351 3008 5408 divinissimum
3041 5348 3376 5406 Gabrielem
3439 5348 3584 5405 vidit
3651 5365 3872 5408 rursus

2194 5445 2357 5503 idem
2387 5443 2706 5502 Zacharias
2753 5441 2816 5499 in
2875 5440 3097 5499 sanctis
3159 5444 3528 5509 sanctorum,
3597 5437 3804 5498 cibum
3837 5455 3871 5499 e

2261 5651 2310 5697 ιι
2339 5647 2491 5716 Ibid.
2526 5648 2701 5738 5-20..
