4132 6380
493 335 588 390 591

1450 331 1735 388 MANUEL
1774 327 2318 387 CHARITOPULUS
2358 329 2812 388 PATRIARCHA
2852 331 2954 389 CP.

3816 340 3926 394 592

493 457 658 530 quod
685 458 794 515 fuit
812 458 1107 532 optimum
1139 459 1196 515 et
1225 455 1560 514 maximum
1591 456 1972 514 miraculum.
2008 457 2156 514 Dicit
2185 457 2231 510 A
2267 461 2665 530 assequentur
2697 456 2966 530 trophaea
2984 456 3268 515 victoriae.
3302 458 3416 517 Per
3446 463 3500 518 te
3530 459 3716 517 duces
3749 477 3929 521 exer-

494 553 694 605 autem
723 564 783 605 se
804 565 995 605 unum
1027 565 1098 606 ex
1130 553 1364 622 septem
1399 548 1797 619 archangelis,
1857 547 2154 620 quoniam
2263 547 2414 603 citus
2493 546 2807 603 Christiani
2883 547 3112 620 populi,
3178 550 3427 607 vincunt
3511 555 3568 607 et
3623 549 3925 610 dedecore

494 639 765 695 omnium
780 639 1056 696 ordinum
1073 638 1604 714 supercoelestium,
1621 643 1817 711 etquae
1831 636 2154 707 intelligen-

2261 635 2529 693 aﬂiciunt
2575 636 2907 710 phalanges
2961 637 3229 708 gentium
3285 639 3640 697 inﬁdelium.
3697 641 3807 698 Per
3865 646 3926 700 te

495 729 578 786 tia
615 730 1171 804 apprehenduntur,
1239 729 1525 787 classium
1569 732 1626 786 et
1658 733 1920 785 coetuum
1969 728 2152 784 duces
2260 725 2458 782 omnis
2491 726 2684 798 gratia
2724 725 3097 793 illuminans,
3127 731 3185 784 et
3209 729 3538 803 praedictio,
3571 735 3628 787 et
3680 731 3928 804 sapien-

496 825 715 877 suntet
740 813 1043 894 principes
1074 821 1145 890 ⁸⁸,
1179 819 1332 876 sicut
1360 820 1585 876 dictum
1613 824 1702 875 est
1734 818 2030 892 superius.

551 909 1160 968 XXXIV.Ce1ebremus
1177 913 1376 966 autem
1396 925 1506 966 nos
1525 908 1622 964 hic
1638 923 1880 982 quoque
1900 907 2146 979 Sim'él‘e,

494 1002 560 1056 ut
581 999 896 1072 debemus,
919 1016 955 1057 o
977 1003 1354 1056 sacrosancte
1381 1002 1489 1055 eta
1516 1000 1635 1054 Deo
1666 996 1908 1054 collecte
1938 1001 2146 1066 coetus,

491 1090 695 1149 laetum
714 1095 771 1148 et
796 1089 1082 1148 illustrem
1108 1095 1166 1147 et
1193 1088 1608 1147 admirabilem
1637 1087 1796 1144 diem
1817 1087 2032 1144 festum
2058 1103 2147 1145 or-

494 1180 705 1237 dinum
734 1180 997 1237 ductoris
1027 1178 1346 1248 Michaelis,
1377 1178 1483 1252 qui
1530 1178 1766 1236 animas
1807 1182 1865 1234 et
1893 1193 2147 1250 corpora

489 1269 784 1326 beneﬁcio
816 1268 1030 1326 afﬁcit:
1066 1273 1122 1326 et
1151 1269 1202 1325 ei
1227 1268 1554 1326 offeramus
1597 1267 1758 1324 dona
1805 1271 2053 1340 accepta
2088 1272 2145 1325 et

491 1360 695 1432 digna,
725 1364 780 1417 et
808 1360 939 1434 pios
970 1360 1020 1416 ei
1045 1359 1311 1433 hymnos
1340 1362 1630 1432 perpetuo
1668 1373 1790 1415 non
1829 1375 2140 1414 cessemus

487 1451 759 1524 psallere,
794 1455 859 1506 ut
905 1450 1034 1523 ipse
1079 1465 1320 1524 quoque
1374 1453 1617 1505 moveat
1668 1448 2140 1505 vehementiores

485 1540 941 1597 intercessiones
966 1539 1042 1597 ad
1065 1555 1452 1596 communem
1476 1539 1795 1595 Dominum
1820 1543 1875 1595 et
1907 1541 2135 1596 Creato-

481 1647 634 1700 rem,
666 1634 733 1686 ut
756 1629 934 1686 nobis
973 1629 1072 1687 det
1095 1629 1356 1697 veniam,
1413 1629 1518 1702 qui
1554 1628 1972 1701 multiplicium
2001 1645 2124 1701 pec-

485 1724 755 1778 catorum
785 1720 1057 1776 humana
1083 1718 1490 1774 imbecillitate
1521 1718 1872 1774 circumdati
1924 1735 2132 1774 sumus

2259 815 2360 883 tia,
2385 820 2440 872 et
2469 816 2656 872 virtus
2677 818 2740 872 ut
2769 819 2859 871 est
2887 815 3168 873 ﬁdelibus
3199 817 3570 876 hominibus.
3601 821 3679 877 De
3700 826 3922 879 caetero

2257 909 2324 963 ut
2351 907 2456 980 qui
2476 906 2707 963 habeas
2730 907 2907 963 etiam
2925 907 3092 981 quod
3119 912 3313 980 potes,
3340 909 3420 968 da
3449 911 3629 968 etiam
3650 911 3919 970 vicissim

2256 1001 2535 1052 eventum
2565 996 2930 1068 petitionum.
2968 999 3211 1068 Protege
3243 1015 3483 1074 semper
3530 1003 3588 1058 et
3616 1017 3918 1060 conserva

2255 1085 2440 1142 vitam
2469 1090 2739 1142 nostram
2796 1085 3012 1159 pennis
3055 1086 3168 1144 tuis
3199 1089 3653 1162 archangelicis,
3686 1093 3744 1148 et
3797 1107 3916 1148 nos

2251 1173 2441 1232 libera
2466 1175 2544 1232 ab
2562 1175 2726 1232 omni
2748 1180 3134 1233 nocumento.
3159 1179 3313 1236 Cura
3333 1178 3677 1237 aﬂectiones
3699 1196 3915 1238 eorum

2253 1265 2357 1339 qui
2394 1270 2706 1336 aegrotant.
2745 1267 2857 1322 Fac
2905 1271 2970 1323 ut
3023 1267 3086 1323 in
3145 1283 3360 1326 auram
3416 1275 3802 1342 evanescant,
3855 1276 3914 1330 et

2250 1355 2661 1412 dissolvantur
2692 1355 2932 1431 spiritus
2957 1373 3168 1414 eorum
3204 1359 3310 1432 qui
3339 1358 3577 1433 probris
3620 1360 3915 1419 insultant

2249 1450 2306 1503 et
2334 1447 2584 1519 injuriis.
2618 1446 2828 1504 Adhuc
2859 1447 3054 1518 magis
3081 1448 3350 1523 deprime
3381 1455 3438 1507 et
3464 1449 3652 1523 dejice
3681 1450 3911 1510 elatum

2247 1541 2304 1593 et
2361 1536 2688 1608 gloriosum
2771 1535 3154 1610 supercilium
3206 1542 3263 1595 et
3316 1540 3907 1615 magniloquentiam

2243 1626 2507 1699 perversi
2555 1631 2611 1683 et
2643 1627 2741 1682 Dei
2787 1627 3000 1700 hostis,
3035 1631 3092 1684 et
3140 1627 3491 1686 hominibus
3545 1629 3742 1687 infesti
3796 1630 3907 1688 Sa-

2241 1720 2417 1782 tanae,
2451 1719 2506 1772 et
2535 1715 2627 1772 fac
2678 1719 2740 1772 ut
2792 1721 3030 1774 cessent
3079 1722 3136 1774 et
3182 1718 3375 1775 otiose
3422 1719 3753 1777 reddantur
3794 1721 3908 1778 im.

481 1814 540 1868 et
568 1810 830 1867 miseria.
865 1809 953 1865 Ad
983 1825 1121 1865 eum
1163 1823 1306 1879 ergo
1350 1808 1683 1864 clamemus
1725 1813 1779 1866 et
1808 1809 2081 1866 dicamus
2116 1825 2128 1864 :
2165 1816 2204 1878 Β
2240 1806 2443 1880 probae
2492 1807 2621 1878 ejus
2679 1806 3182 1865 machinationes.
3247 1808 3481 1882 Depelle
3549 1809 3903 1868 daemonum

482 1899 742 1971 Benigne
774 1899 1041 1955 minister
1070 1898 1313 1970 benigni
1363 1898 1619 1971 Domini,
1653 1899 1756 1973 qui
1805 1899 1867 1956 in
1916 1904 2132 1974 myste-

478 1988 583 2046 riis
635 1988 854 2055 initias,
910 1986 1156 2043 Michael
1212 1987 1493 2060 princeps
1562 1987 1805 2055 militize,
1870 1987 2132 2043 assiduis

367 2087 372 2092 ‘
478 2079 595 2136 tuis
626 2077 790 2151 apud
820 2079 1040 2148 Regem
1075 2076 1278 2148 gloriae
1329 2076 1874 2148 intercessionibus,
1921 2093 2132 2134 omnes

477 2172 613 2226 tuos
642 2167 986 2225 laudatores
1016 2171 1072 2224 et
1094 2166 1302 2223 fideles
1335 2170 1470 2224 tuos
1525 2165 1804 2236 famulos,
1839 2185 1975 2224 cum
2025 2184 2132 2241 per

477 2258 914 2332 paenitentiam,
941 2261 1007 2314 ut
1053 2257 1328 2314 meliores
1359 2257 1638 2324 evadant,
1691 2257 2032 2327 deduxeris,
2077 2264 2132 2315 et

478 2351 544 2404 ut
592 2352 834 2404 sanctos
879 2346 1050 2403 decet
1105 2348 1325 2418 vivant,
1377 2346 1684 2416 erudieris,
1735 2347 1851 2403 illic
1904 2347 2132 2405 colloca

478 2437 538 2493 in
563 2437 815 2494 statione
823 2438 1147 2508 justorum.
1163 2438 1237 2492 Te
1255 2435 1414 2492 enim
1437 2436 1632 2492 omnis
1655 2441 1842 2492 cretus
1860 2437 2131 2494 Christia-

477 2541 718 2593 norum,
751 2531 891 2600 post
920 2528 1106 2582 Deum
1155 2529 1213 2582 et
1240 2524 1654 2581 intemeratam
1697 2527 1826 2598 ejus
1867 2530 2126 2594 Matrem,

476 2619 802 2690 patronum
828 2614 1128 2672 habemus
1152 2615 1489 2671 maximum
1517 2619 1573 2672 et
1625 2615 1832 2672 salutis
1859 2616 2130 2674 defenso-

475 2723 624 2766 rem.
650 2710 724 2764 Te
745 2706 928 2764 nostri
957 2706 1161 2764 auxilii
1208 2721 1380 2763 arma
1408 2705 1772 2764 validissima
1801 2712 1854 2764 et
1911 2710 2131 2766 maenia

478 2796 770 2853 adversus
795 2811 1006 2853 omnes
1031 2796 1255 2867 hostes,
1289 2800 1414 2852 tam
1455 2795 1560 2870 qui
1585 2796 1644 2852 in
1677 2797 2130 2869 intelligentiam

477 2887 726 2960 cadunt,
773 2903 961 2960 quam
991 2886 1096 2961 qui
1152 2885 1266 2942 sub
1325 2901 1591 2956 sensum,
1637 2889 2024 2960 opponimus.
2057 2893 2131 2946 Te

477 2982 698 3035 nostra:
747 2975 1112 3032 defensionis
1173 2975 1444 3032 divinam
1503 2979 1560 3032 et
1617 2976 2132 3035 evidentissimam

479 3065 958 3124 circumferimus
1005 3066 1439 3139 gloriationem.
1474 3068 1580 3123 Per
1622 3069 1677 3124 te
1714 3066 1920 3124 fideles
1963 3085 2133 3142 reges

551 3221 600 3260 “
629 3220 773 3280 Tob.
800 3237 965 3280 l-XIV.

2239 1896 2512 1962 insidias,
2544 1913 2678 1969 quae
2715 1896 3006 1954 adversus
3048 1913 3158 1954 nos
3190 1901 3428 1954 structae
3473 1904 3633 1958 sunt.
3682 1901 3900 1970 Evelle,

2239 2001 2376 2058 qute
2407 1985 2485 2041 ab
2507 1985 2750 2042 inimico
2778 1990 2907 2043 sata
2929 1991 3066 2044 sunt
3087 1986 3391 2045 zizaniain
3423 2004 3570 2059 agro
3599 1988 3899 2047 Ecclesiae.

2241 2073 2440 2146 Purga
2472 2074 2596 2131 veri
2627 2074 2811 2130 Patris
2837 2075 3095 2132 familias
3147 2080 3204 2133 et
3252 2077 3489 2134 Domini
3543 2082 3897 2136 sementem.

2241 2165 2559 2238 Oppugna,
2592 2170 2648 2221 et
2681 2164 3016 2236 ignominia
3047 2165 3238 2234 afﬁce,
3295 2171 3352 2223 et
3389 2167 3649 2225 dissolve
3706 2174 3902 2226 coetus

2240 2270 2448 2311 eorum
2471 2255 2574 2328 qui
2603 2255 2759 2312 male
2792 2255 3074 2325 sentiunt,
3109 2261 3165 2313 et
3190 2261 3328 2314 sunt
3351 2257 3539 2332 impii.
3597 2261 3712 2316 Nos
3766 2275 3904 2334 per-

2237 2348 2419 2417 petuo
2451 2344 2744 2401 conﬁrma
2773 2348 2829 2401 et
2859 2344 3185 2402 corrobora
3232 2346 3732 2404 intercessionum
3773 2353 3904 2406 tua-

2236 2449 2371 2490 rum
2395 2434 2846 2490 defensionibus
2877 2435 2956 2492 ad
2979 2435 3112 2508 hoc,
3139 2440 3203 2494 ut
3228 2436 3374 2493 citra
3393 2436 3903 2509 impedimentum

2236 2522 2530 2580 faciamus
2565 2523 2934 2582 Dominicam
2975 2529 3033 2581 et
3077 2523 3346 2581 divinam
3393 2525 3800 2584 voluntatem:
3837 2531 3906 2585 ut

2237 2627 2345 2685 per
2361 2617 2520 2669 tuam
2541 2613 2979 2687 providentiam
3001 2613 3480 2671 etdefensionem
3499 2614 3666 2686 digni
3683 2615 3901 2686 habiti,

2238 2701 2343 2776 qui
2364 2702 2550 2758 vitam
2582 2719 2840 2775 agamus
2870 2702 2930 2760 in
2972 2703 3213 2760 veritate
3243 2707 3300 2760 et
3325 2703 3574 2774 justitia,
3607 2720 3906 2778 assequa-

2239 2807 2377 2848 mur
2407 2797 2628 2850 eeterna
2660 2793 2872 2851 Christi
2902 2793 3066 2850 bona
3087 2794 3146 2849 in
3186 2808 3373 2865 regno
3401 2792 3707 2865 caelorum,
3743 2808 3903 2864 gra-

2239 2881 2320 2938 tia
2349 2886 2406 2937 et
2429 2882 2836 2939 misericordia
2865 2882 3100 2939 Domini
3129 2881 3313 2939 nostri
3339 2881 3480 2938 Jesu
3509 2882 3742 2950 Christi,
3797 2885 3901 2941 cui

2242 2969 2432 3042 gloria
2454 2976 2510 3029 et
2539 2973 2809 3045 potentia
2841 2971 2902 3029 in
2925 2971 3147 3030 saecula
3168 2971 3546 3029 saeculorum.
3576 2977 3785 3028 Amen.

478 3426 3902 3464 Μ

1813 3596 2004 3652 ΑΝΝο
2044 3594 2293 3653 DOMINI
2333 3595 2558 3653 MCCXL

691 3826 1890 3996 MANUELIS
2116 3823 3667 3993 CHARITOPULI

1835 4153 1953 4218 ΟΡ.
2001 4153 2525 4216 PATRIARCH/E

1359 4336 1838 4400 SOLUTIONES
1882 4339 2376 4411 QUARUMDAM
2422 4338 2981 4416 QU/ESTIONUM,

1717 4527 1818 4587 DE
1858 4527 2056 4588 JURE
2101 4526 2614 4588 PATRONATUS

1486 4771 1587 4833 DE
1631 4771 2220 4835 TRANSLATIONE
2264 4770 2834 4837 EPISCOPORUM.

1616 4961 1771 5027 Vide
1804 4967 1956 5026 tom.
1990 4961 2200 5038 CXIX,
2237 4963 2359 5025 col.
2398 4963 2687 5026 807-815.
