4132 6372
507 350 612 408 593
1635 344 1922 406 GERMAN
1928 350 2014 408 US
2070 350 2118 405 II

2340 345 2804 406 PATRIARCHA.
3825 355 3931 412 596

499 474 704 548 judice
736 475 1038 550 Stephano
1067 475 1142 533 de
1163 475 1459 535 Altimura
1487 476 1818 534 Ponticensi
1846 477 1908 534 in
1935 477 2230 552 Pan0p1ia
2271 480 2481 534 contra
2521 474 2785 532 schisma
2815 473 3155 528 Graecorum
3181 488 3240 548 p.
3279 478 3402 532 358.
3432 478 3604 536 Fun.
3635 479 3839 536 Exstat
3868 478 3931 535 in

513 564 648 622 cod.
680 565 933 623 Vindob.
964 568 1114 624 Caes.
1145 566 1332 623 modo
1355 565 1625 637 laudato,
1661 570 1719 622 et
1746 567 1928 639 Paris,
1962 567 2024 623 in
2043 567 2192 624 bibl.
2219 565 2389 641 publ.
2421 566 2554 622 cod.
2585 565 2832 629 MCCXV,
2855 577 2919 619 n.
2951 567 3002 627 3,
3035 564 3210 619 HABL.

573 657 664 711 111.
693 657 779 712 De
801 657 1182 728 purgatorio,
1215 660 1273 713 et
1300 656 1400 736 1V.
1431 658 1518 715 De
1545 657 1736 714 tribus
1781 656 1970 714 modis
2010 655 2490 714 administrandi
2522 655 2837 725 baptisma.
2881 650 3137 708 Allatius
3171 653 3211 708 l.
3246 669 3295 709 c.
3329 669 3465 726 pag.
3499 661 3626 712 712.

574 747 641 800 V.
678 745 960 802 Homiliae
975 745 1176 818 plures
1200 750 1257 802 et
1287 745 1641 812 Catecheses,
1693 762 1832 803 cum
1860 747 2108 817 epistola
2137 745 2218 804 ad
2238 745 2542 804 Nicolaum
2585 742 3075 816 grammaticum,
3113 747 3365 800 servatae
3399 745 3461 802 in
3501 745 3708 804 codice
3727 746 3939 804 Coisli-

503 832 708 896 niano,
742 833 916 904 cujus
939 834 1215 891 notitiam
1241 851 1314 891 ex
1341 834 1639 891 eruditiss.
1663 834 2354 906 Montfauconicatalogo
2381 849 2520 909 pag.
2551 838 2649 892 391
2687 833 2778 890 hic
2810 847 3115 906 apponere
3148 849 3271 889 non
3302 835 3623 906 gravabor.
3658 859 3678 887 ι
3733 837 3940 895 Codex

504 923 864 990 CCLXXVIII,
888 922 1032 980 olim
1054 923 1364 997 CCCLXIII,
1398 924 1829 999 bombycinus,
1858 941 1956 983 xxv
1984 926 2214 984 circiter
2261 924 2485 997 saeculi,
2516 923 2796 981 foliorum
2847 926 2970 979 236.
3028 923 3227 981 Sancti
3254 925 3533 982 Germani
3573 926 3939 1000 patriarchas

510 1011 618 1069 CP.
647 1012 965 1069 Sermones
989 1013 1342 1070 ethomiliaa.

580 1123 600 1150 ι
648 1099 765 1156 Fol.
798 1105 850 1158 4.
887 1103 942 1160 S.
979 1102 1261 1159 Germani
1326 1102 1590 1176 archiep.
1625 1104 1726 1159 CP.
1758 1104 2097 1161 Sermones.
2157 1103 2390 1162 Primus
2415 1105 2477 1161 in
2535 1102 2911 1161 ordinatione
2941 1103 3072 1174 ejus
3093 1102 3155 1159 in
3184 1104 3592 1178 patriarcham
3619 1107 3726 1162 ΟΡ.
3759 1105 3888 1163 init.
3921 1123 3938 1162 :

505 1189 666 1244 Πάλιν
721 1190 800 1243 ἔπ’
843 1193 930 1264 εμὲ
993 1197 1207 1267 χρίσμα
1254 1196 1345 1245 καί
1386 1198 1608 1266 πνεῦμα.
1645 1192 1816 1249 FABR.
1865 1194 1969 1250 Hic
2016 1197 2074 1250 et
2103 1212 2137 1249 si

2309 1210 2362 1251 ιε
2411 1194 2632 1268 aliique
2681 1207 2991 1250 sermones
3032 1198 3314 1266 quatuor,
3361 1209 3471 1250 nec
3498 1210 3621 1252 non
3638 1195 3821 1268 epist.
3851 1195 3941 1252 ad

506 1279 802 1354 papulum
835 1279 998 1354 Cpol.
1023 1285 1350 1355 postquam
1383 1281 1707 1356 episcopus
1734 1282 1926 1340 factus
1951 1289 2129 1352 esset,
2163 1288 2220 1340 et
2248 1283 2502 1357 epistola
2528 1283 2607 1340 ad
2636 1284 2954 1340 Nicolaum
2981 1285 3462 1354 grammaticum,
3491 1284 3596 1358 qui
3626 1285 3705 1340 ad
3728 1289 3940 1359 partes

502 1369 1017 1428 Musulmanorum
1043 1371 1378 1442 transierat,
1427 1375 1484 1428 et
1508 1372 1730 1445 scripta
1758 1373 2165 1443 ignominiosa
2189 1378 2396 1430 contra
2419 1372 2813 1430 orthodoxam
2838 1371 3024 1428 ﬁdem
3049 1373 3420 1447 vulgaverat,
3450 1378 3664 1448 postea
3679 1391 3821 1431 vero
3853 1373 3942 1431 ad

506 1473 722 1515 sanam
746 1462 1011 1516 mentem
1039 1459 1316 1528 redierat,
1341 1461 1530 1517 Oxon.
1563 1463 1624 1516 in
1653 1461 1789 1518 cod.
1821 1465 2058 1519 Barocc.
2090 1465 2306 1519 CXXXI.
2331 1495 2399 1504 —-
2429 1462 2708 1520 Germani
2750 1477 2970 1531 sermo,
3001 1462 3253 1535 quando
3283 1464 3775 1536 archiepiscopus
3805 1463 3944 1538 ipse

504 1551 893 1604 consecratus
921 1553 1112 1619 esset;
1145 1550 1423 1621 ejusdem
1454 1567 1654 1608 sermo
1680 1551 2020 1608 indictionis
2042 1551 2244 1620 initio;
2268 1551 2543 1624 ejusdem
2569 1550 2819 1608 homilia
2846 1555 3056 1608 contra
3074 1551 3321 1608 clericos
3345 1568 3563 1608 avaros
3587 1558 3644 1609 et
3671 1568 3948 1625 paraene-

506 1635 589 1692 sis
618 1635 697 1692 ad
720 1642 1001 1710 parentes
1029 1638 1104 1696 de
1132 1639 1372 1709 liberis;
1404 1639 1654 1697 homilia
1682 1640 1756 1696 de
1788 1656 1960 1696 sacra
1987 1641 2221 1712 synaxi,
2257 1646 2314 1696 et
2342 1641 2506 1712 quod
2538 1641 2738 1698 adhuc
2767 1639 2991 1696 durant
3020 1640 3334 1707 miracula,
3352 1642 3614 1715 denique
3647 1657 3846 1699 sermo
3872 1641 3948 1699 in

503 1725 1037 1784 Annuntiationem
1069 1730 1130 1784 Β.
1187 1729 1466 1800 Virginis,
1494 1729 1556 1786 in
1581 1730 1825 1787 Thomas
1858 1729 1998 1786 Gale
2039 1729 2135 1785 coc'

2316 1731 2380 1795 il,
2404 1730 2444 1785 f.
2477 1733 2617 1786 5880
2670 1734 2784 1786 cat.
2815 1745 2965 1784 mss.
3028 1730 3199 1800 Angl.
3229 1730 3328 1786 vol
3361 1747 3427 1788 ιι.
3467 1738 3641 1787 HARL.
3668 1763 3735 1772 -—
3760 1733 3817 1802 2)
3845 1733 3948 1793 Εες

511 1815 688 1887 ἀρχὴν
721 1812 979 1875 ινδίκτου.
1008 1816 1142 1874 lnit.
1165 1821 1384 1892 Χαίρετε
1439 1821 1489 1871 ἓν
1522 1822 1698 1892 Κυρὶῳ
1727 1820 1966 1885 πάντοτε,
2026 1817 2143 1870 πάλι

2318 1863 2328 1875 .
2359 1849 2426 1859 -
2457 1821 2510 1889 3)
2542 1823 2603 1874 ln
2659 1818 3090 1876 Exaltationem
3127 1818 3188 1877 S.
3227 1819 3447 1876 Crucis.
3482 1821 3609 1884 Init,
3637 1819 3798 1874 Πάλιν
3831 1824 3950 1896 ἐορ-

515 1910 609 1966 τής
637 1909 949 1978 μυστήριον,
979 1910 1067 1958 καί
1103 1906 1363 1963 πάλιν.-
1390 1907 1633 1980 “Epist.
1661 1912 1801 1980 post
1814 1907 2147 1964 ordination

2320 1907 2441 1979 jus.
2482 1908 2610 1964 lnit.
2645 1907 2954 1981 Ἀϐϐακούμ
2998 1907 3162 1962 παλαι
3226 1912 3410 1962 ἐκεῖνον
3440 1913 3526 1962 τὸν
3553 1913 3600 1962 ἐν
3647 1913 3952 1986 προφήταις

516 1991 678 2066 Θαυμ.
716 2023 778 2034 —-
801 1994 856 2066 5)
876 1994 967 2051 Ad
1020 1995 1739 2068 Constantinopolitanos,
1772 2001 1981 2054 contra
2026 1999 2148 2068 Bog

2319 2012 2394 2053 )s.
2425 1997 2576 2052 linit.
2627 1997 2856 2070 Ἀνάγκη
2889 1998 3048 2051 nega
3079 2000 3144 2050 τά
3169 1994 3458 2051 σκάνδαλα.
3496 1997 3688 2072 [Conf.
3730 1999 3951 2055 Schro-

513 2081 687 2140 eckb.
717 2081 850 2138 libr.
874 2083 972 2141 cit.
1000 2087 1145 2142 tom.
1179 2088 1284 2156 ΧΧ,
1314 2101 1380 2158 p.
1425 2089 1549 2142 475.
1583 2087 1759 2142 ΗΑῐιι.
1785 2084 1806 2160 ]
1831 2116 1899 2126 -
1929 2089 2009 2156 6.)
2040 2085 2145 2141 Cor

2323 2101 2412 2154 os,
2443 2085 2548 2158 qui
2596 2085 2963 2142 conveniunt
2986 2085 3049 2142 in
3099 2085 3434 2144 ecclesiam.
3491 2087 3600 2144 lnit
3654 2084 3796 2146 Ἤδη
3853 2090 3952 2160 μὲν

517 2174 545 2225 6
573 2177 670 2233 τῆς
707 2173 902 2246 ἡμερας
949 2173 1208 2247 ὀφθαλμός
1237 2173 1396 2236 ἣλιος.
1423 2205 1493 2215 -—
1519 2174 1575 2245 7)
1609 2173 1939 2230 Gratiarum
1969 2175 2124 2231 actio

2319 2190 2596 2230 :oncursu
2623 2174 2853 2248 populi,
2886 2179 2945 2231 et
2998 2180 3206 2232 contra
3242 2176 3569 2233 vanitatem
3615 2175 3770 2232 vita.
3813 2176 3951 2233 lnit.

517 2260 819 2332 Εὐλογμτός
865 2265 1056 2336 Κύριος
1101 2266 1126 2316 6
1156 2272 1316 2317 ποιῶν
1345 2265 1637 2338 θαυμάσια.
1686 2296 1755 2304 -
1783 2266 1833 2335 8)
1861 2265 2149 2321 Gratiarul

2327 2265 2404 2320 tio
2434 2263 2510 2320 de
2542 2265 2898 2336 Sampsone,
2929 2264 3003 2320 de
3040 2264 3281 2333 Davide,
3330 2270 3388 2322 et
3411 2268 3620 2322 contra
3649 2264 3952 2326 moechos.

522 2350 652 2407 lnit.
695 2349 930 2425 ηὨσπερ
963 2355 1029 2406 τά
1079 2356 1129 2406 ἓν
1168 2356 1452 2428 αὐχμηρίᾳ
1511 2357 1666 2428 φυτά,
1725 2355 1847 2407 ὅταν
1898 2357 1988 2428 μὲν
2033 2351 2154 2427 άρδ.

2327 2358 2345 2418 )
2401 2356 2540 2427 Πρὸς
2604 2356 2725 2415 τοὺς
2791 2356 3114 2429 ιερωμενους,
3201 2359 3312 2410 etc.
3369 2355 3498 2410 lnit.
3528 2397 3541 2410 .
3569 2396 3581 2410 .
3602 2399 3613 2410 .
3639 2398 3653 2414 .
3681 2398 3692 2410 .
3722 2398 3732 2409 .
3758 2397 3771 2411 .
3797 2397 3810 2411 .
3837 2397 3850 2409 .
3875 2397 3894 2415 .
3931 2395 3950 2412 .

519 2443 592 2494 T6
635 2447 728 2493 τοῦ
764 2447 1048 2514 προσώπου
1078 2444 1334 2519 ὶρύθῆμα.
1354 2445 1525 2514 -1Ο)
1556 2446 1635 2500 De
1686 2444 2101 2500 misericordia
2126 2460 2151 2499 ε

2324 2459 2406 2498 iro
2427 2441 2673 2512 judicio.
2706 2442 2835 2498 lnit.
2891 2442 3216 2515 Ἐϐουλόμην
3247 2447 3337 2495 καὶ
3377 2447 3436 2496 τὸ
3465 2448 3689 2518 σήμερον
3728 2447 3956 2519 καιριώ-

520 2548 663 2604 τερα.
685 2561 752 2570 -—
787 2532 872 2601 11)
907 2532 1035 2598 Quo
1061 2547 1245 2605 scopo
1273 2532 1459 2589 homo
1493 2533 1870 2605 compositus
1910 2533 2104 2589 factus
2137 2550 2152 2588 ε

2320 2546 2371 2588 c.
2405 2532 2541 2589 lnit.
2592 2532 2932 2604 Ἀσπάξομαί
2965 2551 3042 2602 σε,
3074 2536 3472 2607 πρωτίστητῶν.
3499 2565 3567 2574 -
3593 2536 3686 2602 12)
3720 2536 3798 2590 De
3829 2532 3950 2590 bo-

522 2631 604 2674 no
642 2617 702 2674 in
753 2618 1014 2676 Ecclesia
1055 2620 1288 2688 ordine,
1332 2625 1444 2678 etc.
1487 2621 1620 2678 lnit.
1665 2626 1733 2676 Αἰ
1773 2624 1990 2696 put-‘59:;
2045 2621 2154 2674 ὃταν

2317 2621 2764 2693 γαλακτίζειν.--
2809 2625 2893 2692 13)
2945 2625 3023 2678 De
3063 2621 3278 2677 eodem
3334 2628 3718 2693 argumento.
3804 2622 3949 2681 lnit.

523 2701 910 2779 Ἀδολεσχήσω
969 2712 1061 2761 καί
1109 2709 1283 2776 πάλιν,
1347 2711 1412 2762 ἶν’
1471 2709 1616 2782 ὑμεῖς
1666 2710 1992 2782 άσχολὴ.-
2052 2709 2139 2783 14)

2338 2712 2781 2785 praeparatione
2837 2711 2914 2768 ad
2989 2711 3282 2783 mysteria
3347 2711 3725 2784 accipienda.
3797 2713 3948 2768 lnit.

522 2793 660 2849 Ἀλλ’
706 2793 830 2850 οὐδὲ
876 2801 903 2850 ὁ
946 2797 1163 2861 παλαιός
1209 2802 1419 2865 εκεῐνος,
1471 2803 1562 2852 καί
1606 2807 1668 2872 τῇ
1726 2795 1870 2872 σκιᾷ.
1897 2801 2072 2871 -15)
2130 2802 2154 2856 [

2324 2800 2720 2874 perhumerali
2792 2801 3016 2856 summi
3063 2800 3376 2873 pontiﬁcis,
3439 2805 3551 2857 etc.
3603 2800 3736 2856 lnit.
3769 2800 3836 2857 ’0
3863 2804 3956 2875 μὲν

518 2889 731 2959 νομικὸς
777 2887 968 2952 εκεῖνος
1015 2887 1288 2965 ἱεράρχης,
1339 2894 1429 2943 καὶ
1471 2894 1794 2950 τυπικός.-
1849 2890 1934 2959 16)
1981 2892 2150 2947 Contr

2324 2889 2488 2946 :ricos
2534 2889 2934 2961 inordinatos,
2995 2895 3106 2946 etc.
3160 2889 3287 2946 lnit.
3348 2891 3460 2946 Ούκ
3512 2892 3679 2961 ἀφυής
3725 2891 3829 2962 εγὼ
3857 2895 3956 2950 τὴν

517 2992 792 3047 «oracivm.
823 3006 893 3017 —
928 2978 1010 3046 l7)
1047 2979 1128 3034 De
1176 2992 1382 3034 amore
1435 2977 1534 3033 Dei
1565 2992 1710 3048 erga
1737 2977 2035 3047 homines,
2084 2983 2149 3035 eti

2323 2978 2380 3036 it.
2436 2982 2522 3040 Τίς
2580 2985 2609 3038 ἡ
2662 3000 2902 3054 τνραννις
2941 2975 3002 3038 ἣν
3046 2984 3100 3032 ἐκ
3156 2987 3246 3040 τῆς
3271 2981 3400 3052 πρὸς
3431 2981 3676 3052 ύμᾶς.-
3705 2980 3790 3051 18)
3820 2967 3955 3036 Post

514 3061 776 3120 reditum
817 3079 891 3121 ex
924 3064 1130 3138 Lydia,
1181 3069 1240 3122 et
1285 3065 1361 3122 de
1392 3064 1898 3122 condemnatione
1927 3067 2146 3124 haeretii

2308 3069 2462 3126 antii.
2497 3069 2624 3126 lnit.
2665 3073 2791 3123 Λὺει
2845 3089 2945 3142 μου
3005 3074 3099 3127 τὴν
3155 3067 3400 3141 γλῶσσαν
3440 3070 3470 3126 ἡ
3500 3075 3748 3142 παροῦσα
3784 3071 3940 3125 πανή-

513 3171 681 3227 σγορις.
704 3183 772 3194 --
796 3154 882 3221 19)
915 3153 1170 3211 Homilia
1206 3159 1588 3214 κατανυκτική.
1615 3154 1743 3212 lnit.
1777 3155 1839 3208 Ἠ
1865 3158 1956 3230 μὲν
1999 3156 2145 3210 ’άπολ

2328 3165 2423 3221 τῆς
2477 3161 2601 3233 ὲμῆς
2652 3161 2781 3232 ἒμῆς
2857 3167 3074 3219 σιωπῆς.
3103 3190 3164 3198 -
3197 3161 3287 3224 20)
3323 3160 3402 3214 De
3429 3161 3722 3214 conventu
3748 3155 3809 3211 in
3838 3158 3939 3212 Ec-

513 3239 834 3308 clesia,etc.
863 3241 994 3299 lnit.
1015 3245 1080 3300 Τί
1101 3244 1162 3296 ἄν
1184 3243 1480 3319 ἂνθορωπος
1521 3246 1679 3298 πὰθοι
1709 3248 2041 3302 ἐπιστασίαν.
2059 3277 2122 3287 —-

2315 3247 2449 3310 ruod
2486 3250 2641 3304 Deus
2672 3246 2928 3304 multum
2959 3251 3124 3302 curet
3169 3247 3244 3304 de
3273 3247 3639 3310 hominibus,
3669 3246 3775 3299 etc.
3806 3243 3947 3301 lnit.

513 3333 634 3405 Φέρε
691 3327 752 3384 δὲ
807 3335 899 3385 καὶ
947 3331 1101 3386 πάλιν
1149 3335 1236 3387 επὶ
1285 3336 1373 3388 τὸν
1427 3339 1788 3408 τεχνίτην.-
1837 3337 1929 3404 22)
1969 3337 2113 3391 Cum

2319 3335 2469 3392 alens
2535 3337 2618 3409 (a)
2669 3335 2995 3393 diaconum
3051 3336 3362 3408 percussit.
3420 3335 3549 3392 lnit°
3604 3334 3673 3387 Ὠ
3723 3328 3951 3405 γλυκεῖα

511 3417 652 3491 ὄφις,
709 3427 750 3472 ῶ
806 3421 1286 3496 γάνοςψυχῆς.-
1333 3427 1426 3493 23)
1476 3426 1556 3482 De
1621 3423 1837 3482 eodem
1891 3423 2143 3481 Canicleq

2313 3428 2387 3493 Iit.
2446 3425 2606 3499 Οἱμοι
2671 3429 2790 3498 ἐγὼ,
2842 3445 3028 3500 μητερ,
3097 3429 3166 3488 ὼς
3209 3446 3322 3478 τινα
3378 3445 3441 3499 με
3503 3424 3691 3486 ἔτεκες.
3730 3453 3796 3464 ο·-
3849 3426 3945 3489 24)

510 3507 602 3564 Ad
635 3509 952 3584 populum,
979 3511 1148 3585 quod
1172 3528 1296 3571 non
1327 3514 1512 3570 semel
1535 3529 1644 3588 per
1673 3513 2124 3570 hebdomadam
2159 3513 2237 3570 ad
2270 3515 2501 3588 vigilias
2550 3517 2612 3573 in
2663 3515 2980 3572 ecclesiam
3027 3521 3414 3572 concurrant.
3450 3514 3579 3571 lnit.
3626 3515 3689 3570 Τί
3727 3531 3872 3579 ποτε,
3905 3513 3946 3564 ὦ

507 3604 769 3673 ταρόντες,
801 3599 988 3658 οἴεσθε.
1015 3633 1082 3643 -
1111 3603 1204 3676 25)
1234 3604 1405 3671 Quod
1429 3608 1703 3678 oporteat
1731 3620 1802 3661 os
1831 3596 2135 3676 psalmodi

2313 3605 2613 3662 letiﬁcare.
2647 3605 2758 3662 lnit
2804 3607 2986 3679 Κύρίε,
3014 3606 3274 3678 ἠγάπησα
3313 3608 3616 3678 εὐπρέπεια)
3640 3601 3788 3656 οἶκον
3822 3621 3945 3670 σου,

506 3693 622 3745 κίοι.
645 3721 714 3732 -
742 3690 832 3762 26)
863 3693 927 3748 ln
954 3691 1318 3765 parabolam
1343 3709 1535 3750 omnia
1567 3693 1733 3766 apud
1763 3695 2011 3750 Lucam.
2051 3696 2138 3750 Im

2317 3714 2359 3747 ει
2397 3697 2487 3767 μὶν
2516 3702 2610 3758 τῆς
2657 3694 2992 3767 εύαγγελικῆς
3044 3702 3331 3770 περικοπῆς
3365 3702 3462 3756 τῆς
3485 3697 3732 3768 σήμερον.
3760 3723 3828 3732 -
3848 3685 3948 3750 27)

510 3777 851 3838 Gratiarum
894 3781 1070 3850 actio,
1121 3783 1290 3856 quod
1313 3782 1586 3840 inciderit
1607 3783 1668 3838 in
1700 3782 1984 3839 morbum
2031 3783 2092 3839 in
2139 3783 2498 3842 adornanda
2559 3785 2675 3841 hac
2703 3783 2974 3855 homilia,
3029 3787 3086 3840 et
3124 3783 3199 3839 de
3230 3783 3528 3856 mysteriis
3554 3781 3768 3839 sacris.
3811 3780 3950 3838 lnit.

508 3868 898 3943 Υπολαμϐάνειν
928 3890 1020 3945 μοι
1051 3870 1254 3940 ἔπεισα,
1294 3895 1333 3924 ω
1359 3873 1572 3948 φιλοχρ.
1599 3903 1666 3913 —
1697 3873 1786 3944 28)
1817 3871 2072 3929 Homilia
2095 3894 2140 3947 μι

2317 3894 2387 3936 ιος
2413 3873 2627 3933 Christi
2655 3873 3003 3931 nativitatis.
3040 3873 3168 3930 lnit.
3201 3875 3307 3936 Τῆς
3336 3891 3454 3946 περι
3474 3872 3646 3945 λόγοις
3676 3891 3943 3945 ymo-mc

511 3964 781 4033 πτωχείας
828 3980 1055 4034 μου.-
1105 3961 1194 4030 29)
1250 3964 1421 4019 Hom.
1491 3966 1627 4036 post
1676 3961 1894 4019 festum
1964 3962 2143 4020 Lumii

2380 3964 2508 4021 lnit.
2561 3963 2658 4022 ’ον
2714 3968 2903 4040 τρόπον
2965 3965 3220 4019 επιποθεί.
3263 3994 3330 4003 —
3390 3962 3485 4035 30)
3550 3965 3643 4024 Εἰς
3705 3963 3772 4013 τά
3842 3962 3952 4014 ἀπὸ

507 4054 858 4125 κρεωφαγίας.
904 4050 1033 4107 lnit.
1057 4047 1200 4119 οῖδα,
1234 4055 1304 4114 ὼς
1330 4054 1379 4105 ἓν
1408 4054 1636 4126 Θαύματι
1660 4057 1892 4106 κείσεται
1921 4055 2031 4113 τοῖς
2056 4052 2139 4107 πο]

2320 4085 2359 4095 -
2388 4053 2482 4124 3t)
2513 4053 2766 4110 Homilia
2787 4052 3164 4126 apologetica
3191 4051 3266 4109 de
3286 4051 3658 4108 diuturniore
3687 4049 3952 4108 silentio.

507 4139 735 4211 Ἀγαθὸν
756 4159 869 4212 μοι,
891 4141 970 4192 ὅτι
997 4142 1348 4205 ὶταπείνωσάς
1376 4161 1458 4214 με,
1489 4144 1644 4203 ὅπως.
1667 4174 1735 4184 —
1767 4143 1856 4211 32)
1881 4145 2018 4198 Post
2045 4147 2139 4198 nat

2323 4141 2418 4198 θα]
2460 4141 2666 4198 Christi
2688 4145 2745 4197 et
2773 4146 2912 4198 ante
2962 4141 3236 4200 Lumina.
3268 4143 3396 4196 lnit.
3463 4143 3588 4202 Χθὲς
3650 4141 3760 4203 τοῖς
3814 4140 3952 4214 λοιμ-

510 4235 664 4304 προῖς
697 4228 971 4301 γενεθλίοις
1000 4226 1114 4285 τοῦ.
1143 4261 1220 4272 ---
1251 4232 1341 4303 33)
1369 4235 1430 4287 In
1461 4231 1723 4305 primam
1757 4232 2131 4287 Dominicam

2316 4232 2550 4286 liorum.
2595 4230 2728 4286 lnit.
2787 4231 2878 4292 Ὠς
2906 4229 3222 4302 ἓμεγάλὺνθη
3291 4232 3355 4282 τά
3411 4229 3539 4304 ἔργα
3596 4249 3712 4292 σου,
3761 4231 3948 4304 Κύριε,

513 4317 697 4390 -34)
741 4321 804 4374 In
849 4318 1317 4376 infanticidium.
1384 4321 1519 4378 lnit.
1582 4323 1673 4384 Τίς
1727 4325 1856 4383 Θεὸς
1886 4319 2018 4379 πλὴν
2071 4328 2145 4372 τοι

2326 4327 2354 4371 ῡ
2413 4325 2576 4392 ἡμῶν,
2628 4324 2654 4372 ὁ
2696 4323 2850 4381 Θεὸς.
2877 4350 2944 4358 -
2977 4323 3068 4386 35)
3110 4322 3189 4375 De
3219 4319 3435 4375 eodem
3482 4319 3651 4375 festo.
3700 4319 3839 4374 lnit.
3883 4317 3954 4376 Οἰ

519 4405 825 4482 μικρολόγοι
869 4415 969 4461 τῶν
1025 4413 1456 4484 ἐστιατόρων.-
1486 4415 1577 4481 36)
1610 4410 1740 4466 Alia
1806 4409 1932 4464 sine
1991 4409 2151 4464 titulo

2319 4409 2395 4465 iit.
2453 4409 2663 4481 Ὀρᾱτε,
2719 4412 2790 4480 μή
2859 4411 3292 4482 καταφρονήσητε
3357 4406 3487 4468 ἑνός.
3523 4437 3590 4450 --
3659 4411 3751 4474 37)
3814 4406 3951 4464 Alia

517 4495 646 4554 sine
704 4496 898 4555 titulo.
968 4497 1105 4556 lnit.
1169 4501 1253 4556 Τῶ
1316 4508 1482 4576 καιρῶ
1546 4504 1856 4573 εισήρχετο.
1930 4528 2000 4539 —
2057 4497 2148 4568 38)

2353 4497 2614 4569 primam
2690 4496 3064 4552 Dominicam
3145 4495 3549 4567 Jejuniorum.
3627 4496 3764 4552 lnit.
3860 4497 3951 4559 Ὠς

522 4584 772 4660 ἀγαπητά
794 4588 858 4640 τά
889 4593 1207 4662 ακηνὼματα
1235 4592 1328 4646 σά,
1368 4623 1436 4631 -
1467 4590 1555 4661 39)
1591 4593 1651 4646 In
1685 4586 2016 4644 secundam
2073 4589 2154 4641 Do

2322 4603 2446 4642 2am
2493 4585 2890 4658 Jejuniorum.
2933 4586 3064 4640 lnit.
3133 4585 3383 4640 Ἠνυσται
3413 4588 3502 4658 μὲν
3545 4582 3662 4638 ἰδοὺ
3697 4589 3792 4638 σὺν
3836 4593 3954 4639 esca

525 4681 616 4730 καὶ
637 4677 697 4736 ἡ.
721 4707 790 4719 -
817 4679 907 4749 40)
939 4682 1002 4735 ln
1031 4679 1264 4736 tertiam
1297 4679 1672 4736 Dominicam
1699 4677 2100 4748 Jejuniorum.
2129 4679 2157 4730 l;

2332 4682 2372 4728 ll
2395 4680 2484 4750 μὲν
2501 4684 2600 4728 τῶν
2629 4674 2954 4748 Εὐαγγελὶων
2977 4679 3214 4749 πανὶερος
3247 4673 3448 4746 βιϐλος.
3474 4705 3541 4716 —-
3561 4679 3652 4739 41)
3676 4674 3742 4730 In
3766 4691 3956 4748 quar-

526 4770 652 4823 tam
699 4767 1045 4824 Dominicam
1072 4767 1588 4839 Quadragesimae.
1624 4766 1756 4822 lnit.
1795 4768 1876 4837 Τῷ
1901 4773 2066 4838 καιρῷ
2107 4767 2158 4817 ‘ex

2325 4765 2580 4840 ἱνθρωπὸς
2619 4785 2719 4828 τις.
2750 4797 2819 4806 -
2849 4765 3023 4833 42)1η
3072 4764 3348 4836 quintam
3389 4763 3764 4820 Dominicam
3787 4765 3957 4836 Jeju-

530 4855 795 4914 niorum.
837 4857 968 4914 lnit.
1011 4855 1120 4910 Τὸν
1168 4859 1259 4928 μὲν
1291 4855 1358 4916 δή
1391 4866 1481 4918 τῆς
1538 4857 2117 4930 τεσσαρακονοημερου.
2147 4885 2162 4894 -

2327 4856 2370 4925 3)
2407 4854 2473 4910 ln
2543 4854 2910 4911 Dominicam
2975 4857 3112 4910 ante
3168 4854 3564 4923 nativitatem,
3624 4857 3681 4910 et
3728 4853 3792 4909 in
3836 4858 3959 4911 tres

532 4961 780 5021 pueros.
846 4943 1065 5006 Ἐπειδὴ
1130 4946 1653 5020 πολυανθρωπὸτερον
1700 4950 1924 5018 σήμερον
1977 4949 2034 4997 τὸ
2083 4944 2164 5018 ἀθί

2330 4964 2374 5000 κ.
2401 4973 2470 4982 -
2525 4943 2616 5013 44)
2675 4941 2840 5008 Quod
2902 4958 3024 4998 non
3061 4941 3136 4997 sit
3164 4941 3576 4999 accedendum
3607 4941 3684 4998 ad
3716 4941 3962 4998 divinos

533 5041 593 5094 et
631 5037 1127 5109 prastigiatores.
1201 5035 1314 5091 Init
1365 5037 1556 5110 Χριστὶ
1613 5034 1742 5097 ἄναξ
1799 5036 2165 5107 αὑτοσυμπαθὲ

2332 5035 2678 5086 5τὸνυκτε.-
2728 5032 2820 5104 45)
2870 5034 2932 5086 ln
2993 5031 3161 5088 tertia
3219 5031 3529 5088 Dominica
3581 5031 3964 5102 Jejuniorum

533 5125 676 5184 etin
695 5131 968 5184 sanctam
997 5126 1264 5180 Crucem.
1305 5123 1436 5180 lnit.
1470 5121 1610 5179 Ἰδοὺ
1651 5130 1680 5184 ὴ
1714 5123 1859 5183 κλίνη
1897 5123 2136 5196 Σαλομὼν

2333 5141 2432 5174 ηντα
2471 5119 2714 5180 δυνατοί.
2745 5152 2813 5162 -
2844 5120 2938 5191 46)
2981 5119 3238 5178 Homilia
3269 5120 3396 5177 sine
3417 5119 3610 5178 titulo.
3637 5119 3768 5177 lnit.
3795 5119 3965 5178 ’Ὸταν

536 5212 1115 5292 στρατοπεδευσάμενον
1156 5210 1381 5267 ἐνταῦθα
1403 5209 1625 5268 κατίδω.
1658 5236 1686 5265 ››

589 5501 688 5630 ἑο)
716 5503 778 5560 Ὀ
825 5498 1144 5571 Κανικλειος,
1187 5500 1282 5558 vel
1312 5505 1338 5554 6
1364 5500 1651 5568 Κανίκλης,
1684 5499 1778 5556 vel
1808 5503 1833 5553 6
1864 5497 2174 5553 Κανικλείων

638 5573 931 5630 vzantinis
978 5573 1369 5630 scriptoribus
1409 5573 1458 5628 is
1491 5571 1828 5630 appellatur
1865 5573 1968 5630 aui
2004 5571 2170 5627 cani-

2324 5499 2446 5554 nim
2470 5495 2642 5566 illud,
2665 5495 3043 5562 cuniculum,
3083 5509 3118 5550 a
3148 5494 3436 5552 caniculis
3472 5493 3694 5552 ﬁctitiis
3722 5501 3956 5556 susten-

2324 5569 2690 5625 ibatur.Vide
2723 5567 3000 5622 Villoison
3029 5564 3092 5622 in
3111 5565 3424 5625 Anecdotis
3448 5567 3552 5622 Gr.
3586 5572 3738 5624 tom.
3778 5571 3850 5626 Il.
3891 5585 3951 5630 ι).

529 5590 566 5630 a
589 5565 931 5646 By'zantinis
978 5565 1369 5646 scriptoribus
1409 5573 1458 5628 is
1491 5565 1828 5645 appellatur
1865 5573 1968 5643 qui
2004 5571 2170 5627 cani-
2285 5569 2690 5625 tabatur.Vide
2723 5567 3000 5622 Villoison
3029 5565 3092 5622 in
3111 5565 3424 5625 Anecdotis
3448 5567 3552 5622 Gr.
3586 5572 3738 5624 tom.
3778 5571 3850 5626 Il.
3891 5585 3951 5644 p.

530 5646 688 5714 culo,
727 5644 850 5700 sive
903 5649 1238 5704 atramento
1291 5644 1672 5721 imperatoris
1737 5648 2008 5721 praeerat.
2058 5645 2170 5699 Vas
2280 5644 2620 5701 72.HA1{L.
