4132 6416
510 327 614 383 599
1693 316 2005 376 GERMANI
2043 317 2092 372 Ιῐ
2130 315 2230 374 CP.
2272 316 2755 376 PATRIARCHE.
3819 329 3912 385 θοο

506 467 665 512 τησις
709 447 839 521 πρὸς
882 446 977 505 τὴν
1024 442 1273 503 τοιαύτην
1321 440 1602 517 ὁμολογίαν
1631 447 1723 497 τοῦ
1752 443 1962 513 πάππα,
1995 444 2085 495 καὶ
2114 442 2243 515 πρὸς
2268 444 2385 505 τοὺς
2415 442 2506 495 ὐπ’
2542 440 2735 496 ἐκείνου
2760 443 3037 509 σταλέντας
3059 451 3467 522 Φρεμενονρίους
3490 448 3572 521 (α)
3603 447 3913 515 καὶξλοιποὺς

505 545 627 616 περὶ
653 545 750 600 τῆς
787 536 1137 611 ἒκπορεύσεως
1162 539 1257 587 τοῦ
1297 533 1454 607 ἁγίου
1486 535 1803 606 Πνεύματος.
1845 534 2010 588 Hanc
2048 532 2137 587 Lat

2286 531 2553 603 vulgavit
2595 532 2788 589 Lucas
2835 535 3225 608 Waddingus
3254 536 3316 592 in
3345 535 3678 592 Annalibus
3707 538 3915 596 ordinis

504 631 819 689 Minorum.
880 624 1186 682 diversam
1238 640 1277 682 a
1345 623 1546 697 priore
1603 621 1884 679 Germani
1952 620 2173 694 scripto
2239 620 2315 677 de
2370 623 2755 695 processione
2816 625 3069 697 Spiritus
3124 627 3319 683 sancti
3373 625 3542 699 quod
3598 642 3670 682 ex
3722 626 3916 686 Allatio

506 717 691 796 paulo
727 719 865 775 ante
902 713 1260 784 memoravi,
1311 712 1596 786 illiusque
1641 710 1826 768 veluti
1867 725 2111 768 summa
2152 725 2225 767 ac
2264 712 2716 786 compendium.
2765 714 2979 770 Confer
3027 714 3389 773 Altimuram
3436 730 3583 789 pag.
3631 719 3754 785 359,
3800 721 3914 779 360.

505 808 826 879 Panopliae
864 809 1079 863 contra
1108 802 1369 861 schisma
1397 803 1773 860 Graecorum.
1807 802 1983 859 FABR.
2014 800 2183 857 Edita
2212 804 2301 858 est
2331 803 2528 858 Graece
2559 817 2632 858 ex
2662 802 2799 859 cod.
2833 805 3106 861 Caesareo
3138 805 3477 862 Vindobon.
3509 821 3546 862 a
3578 807 3779 861 Franc.
3820 807 3914 863 Ca-

506 898 636 958 rolo
664 896 881 963 Altero,
917 892 996 951 ad
1027 892 1257 950 calcem
1288 891 1411 949 edit
1432 891 1607 948 libri:
1653 893 1920 967 Χρονυκὸν
1965 895 2224 964 Γεῷργίου
2263 891 2524 964 Φραντξῆ,
2570 896 2681 949 etc.
2715 892 3051 952 Vindobon.
3086 898 3281 952 Austr.
3316 896 3474 962 1796,
3508 893 3634 963 fol.,
3666 910 3801 967 pag.
3826 898 3915 952 139

509 1002 637 1063 seq.
666 983 931 1057 Gregorii
951 984 1150 1044 ἔκθεσις
1175 1013 1244 1023 -
1275 981 1464 1038 missa
1496 979 1572 1037 ad
1607 982 1991 1038 Germanum.
2022 979 2141 1036 Inﬁ

2299 981 2597 1057 ὑπογραφαὶ
2624 990 2721 1035 τῶν
2762 981 3198 1059 ἁποκρισιαρίων.
3229 986 3373 1055 Pag.
3407 988 3506 1041 140
3537 999 3705 1057 seqq.
3736 983 3917 1058 sequi-

510 1082 607 1137 tur
629 1073 906 1135 Germani
936 1076 991 1130 et
1015 1071 1234 1146 synodi
1264 1087 1405 1128 cum
1433 1070 1532 1128 illo
1553 1069 1890 1143 responsio,
1922 1069 1960 1126 f.
1999 1068 2314 1141 ἀπάντησις,
2347 1075 2480 1142 etc.,
2511 1072 2572 1127 in
2602 1088 2724 1145 qua
2756 1073 2943 1130 multa
2973 1079 3030 1131 et
3070 1090 3383 1132 sacrorum
3424 1078 3477 1131 et
3503 1073 3917 1130 ecclesiastico-

511 1182 650 1227 rum
680 1165 1039 1238 scriptorum
1058 1162 1200 1220 loca
1226 1160 1697 1233 testimoniaque
1728 1158 2077 1218 afferuntur.
2102 1161 2166 1216 In
2196 1160 2425 1234 praefat.
2464 1165 2667 1219 autem
2700 1177 2835 1236 pag.
2874 1180 2914 1219 ιι
2956 1178 3085 1238 seq.
3117 1163 3300 1224 Alter.
3328 1163 3453 1236 agit
3475 1163 3552 1219 de
3580 1162 3763 1220 codd.
3796 1161 3920 1219 Vin—

513 1253 850 1314 dobonensi
882 1256 1064 1327 atque
1086 1250 1390 1308 Vaticano.
1418 1252 1596 1308 Hann.

588 1384 656 1438 ΙΙ.
694 1379 978 1438 Ηοπιὶιίδιο
1016 1376 1222 1436 varia.
1274 1376 1330 1449 1)
1387 1377 1459 1433 In
1501 1375 1769 1447 infantes
1810 1376 2220 1435 Bellehemitic

2287 1398 2308 1431 ‘.
2362 1384 2535 1451 Κυροῦ
2573 1385 2835 1453 Γερμανοῦ
2888 1379 2959 1443 εἰς
3007 1384 3101 1440 τὴν
3142 1385 3348 1454 σφαγὴν
3379 1388 3478 1433 τῶν
3509 1381 3676 1453 ἄγίων
3720 1382 3919 1449 νηπίῶν,

516 1476 607 1527 καὶ
671 1471 743 1535 εἰς
814 1475 909 1529 τὴν
979 1467 1150 1545 ἀρχὴν
1207 1473 1300 1520 τοῦ
1357 1469 1494 1520 κατὰ
1554 1467 1768 1544 Μάρκον
1838 1468 2174 1542 ΕὐαγγεΜου,
2244 1466 2697 1542 ἀναγινωσκομένη
2772 1470 3008 1543 Κυρίακῇ
3073 1475 3174 1546 πρὸ
3236 1480 3336 1523 τῶν
3403 1475 3612 1524 Φώτων.
3678 1467 3920 1541 Incipit:

514 1566 607 1625 Τίς
637 1564 767 1625 Θεὸς
794 1559 926 1619 πλὴν
958 1565 1051 1612 τοῦ
1078 1564 1213 1613 Θεοῦ
1243 1559 1411 1631 ἡμῶν.
1448 1559 1646 1616 Graece
1671 1574 1743 1614 ex
1782 1558 1988 1615 codice
2015 1562 2146 1631 Aug

2289 1572 2366 1613 no
2397 1557 2584 1614 edidit
2624 1558 2811 1615 David
2844 1560 3209 1619 Hoeschelius
3239 1560 3393 1617 inter
3414 1558 3699 1616 homilias
3732 1572 3919 1614 sacras

513 1651 823 1711 variorum
868 1650 1135 1719 Patrum,
1170 1647 1456 1720 Augustae
1484 1646 1710 1704 Vindel.
1741 1648 1898 1715 1586,
1932 1662 2070 1720 pag.
2110 1649 2357 1704 154-181.
2386 1647 2559 1703 FABB.
2585 1650 2665 1704 De
2693 1649 2973 1705 Germani
2999 1649 3261 1706 homiliis
3288 1654 3344 1706 et
3373 1648 3553 1706 codd.
3586 1649 3649 1705 in
3678 1645 3917 1704 bibloth.

515 1740 743 1813 Anglice
768 1738 1112 1809 asservatis,
1144 1736 1205 1794 in
1235 1737 1459 1810 quibus
1483 1736 1597 1793 illae
1621 1736 1858 1812 aliaque
1877 1737 2154 1793 Germani
2175 1736 2394 1810 scripta
2415 1740 2667 1805 exstant,
2693 1738 2935 1811 copiose
2962 1739 3084 1809 agit
3105 1738 3321 1797 Oudin.
3355 1738 3392 1794 l.
3424 1754 3475 1794 c.
3503 1743 3650 1795 to‘m.
3683 1739 3772 1792 Ill.
3796 1748 3923 1808 pag.

517 1834 575 1889 61
604 1846 737 1904 seq.
778 1859 843 1872 —
874 1831 934 1885 In
962 1826 1096 1884 cod.
1127 1830 1462 1899 Augustan.
1494 1826 1665 1882 Vind.
1700 1826 2033 1883 secundum
2066 1825 2287 1883 Reiseri
2318 1826 2576 1882 indicem
2596 1843 2738 1883 mss.
2764 1827 2909 1883 bibl.
2936 1831 3324 1899 Augustanee,
3355 1842 3494 1901 pag.
3527 1832 3583 1899 8,
3616 1843 3675 1883 n.
3710 1826 3927 1895 20,sunt

519 1925 751 1995 septem
782 1932 1094 1975 sermones
1118 1916 1418 1983 Germani,
1452 1916 1715 1989 archiep.
1746 1916 2035 1989 Cpolitani
2060 1936 2072 1971 :
2098 1918 2144 1985 1)
2171 1917 2245 1972 In
2279 1917 2665 1986 sepulturam
2690 1916 2947 1988 Christi,
2979 1917 3174 1974 dictus
3201 1918 3298 1975 die
3333 1918 3538 1988 magni
3573 1912 3846 1983 Sabbati;
3877 1911 3924 1984 2)

518 2011 593 2068 In
622 2009 1055 2068 annuntianem
1089 2007 1314 2077 Maria;
1346 2004 1402 2079 3)
1434 2006 1507 2062 In
1533 2007 1795 2076 primam
1812 2008 2186 2077 jejuniorum
2211 2006 2608 2075 Dominicam,
2641 2007 2837 2079 deque
2866 2006 3206 2077 imaginum
3234 2007 3605 2063 restitutione
3633 2022 3646 2072 ;
3674 2006 3729 2075 4)
3757 2004 3824 2058 In
3844 2015 3927 2058 ve-

520 2100 889 2159 nerationem
914 2097 1165 2167 viviﬁcae
1190 2095 1404 2166 crucis,
1436 2094 1630 2151 dictus
1663 2099 1925 2170 tempore
1951 2096 2160 2168 jejunii
2194 2096 2281 2165 ;5)
2311 2096 2393 2152 De
2416 2096 2776 2166 infantibus,
2798 2096 2871 2153 ab
2902 2097 3132 2154 Herode
3162 2098 3404 2166 occisis;
3439 2097 3491 2168 6)
3518 2098 3592 2152 In
3626 2091 3926 2153 exultatio-

521 2205 654 2248 nem
674 2192 901 2246 sanctae
923 2186 1169 2258 Cracis;
1193 2186 1251 2256 7)
1283 2185 1355 2241 In
1385 2184 1760 2241 Dominicam
1791 2191 1932 2242 ante
1955 2186 2236 2243 Natalem
2268 2185 2516 2252 Christi,
2551 2187 2739 2260 deque
2767 2188 2960 2244 tribus
2989 2188 3190 2257 pueris
3220 2189 3281 2243 in
3297 2188 3609 2259 fornacem
3642 2184 3926 2241 missis.—

521 2282 607 2337 Ex
634 2276 916 2335 Germani
945 2274 1331 2333 sermonibus
1357 2272 1671 2346 permultis
1700 2274 1875 2347 plura
1901 2274 2138 2345 collegit
2166 2280 2446 2348 excerpta
2474 2277 2764 2333 Macarius
2809 2276 3332 2350 Chrysocephalus
3366 2277 3425 2332 in
3462 2291 3665 2349 opere,
3695 2268 3928 2325 Ῥοδωνιὰ

522 2368 832 2443 inscripto,
865 2365 1031 2441 quod
1061 2368 1258 2421 exstat
1281 2363 1344 2419 in
1372 2363 1510 2421 cod.
1542 2364 1768 2421 Veneto
1800 2363 2069 2422 CCCCLII
2099 2364 2247 2423 bibl.
2269 2368 2442 2422 Marc.
2472 2365 2620 2421 Vide
2653 2365 2956 2436 \‘illoison,
2978 2366 3039 2422 in
3070 2367 3394 2423 Anecdotis
3418 2365 3660 2429 Grmcis,
3695 2367 3833 2419 tom.
3864 2359 3922 2423 ll,

521 2476 583 2534 p.
614 2462 704 2515 72.
738 2488 805 2498 -
838 2461 901 2513 In
930 2454 1129 2512 indice
1159 2453 1238 2511 ad
1258 2452 1421 2509 hunc
1445 2455 1697 2526 tomum,
1734 2469 1861 2510 voc.
1893 2453 2197 2526 Germani,
2230 2454 2445 2511 citatur
2474 2455 2883 2527 fragmentum
2916 2472 2989 2513 ex
3026 2454 3298 2529 quadam
3337 2453 3495 2511 illius
3541 2451 3831 2517 oratione,
3870 2446 3926 2501 in

520 2564 646 2624 qua
674 2545 991 2621 explicatio
1013 2543 1335 2616 allegorica
1363 2541 1596 2599 arboris
1615 2542 1797 2616 illius,
1831 2543 1892 2600 in
1913 2544 2115 2602 medio
2141 2543 2423 2618 paradiso
2455 2543 2687 2616 positae.
2723 2547 2897 2600 HARL.

592 2672 649 2746 2)
687 2671 757 2729 In
790 2670 1223 2729 exaltationem
1272 2667 1623 2726 venerande
1663 2670 1878 2739 crucis,
1916 2675 1969 2726 et
2008 2675 2222 2727 contra

2293 2671 2618 2741 iogomilos.
2658 2670 2740 2731 Εἰς
2792 2668 2997 2741 ὕψωσιν
3037 2674 3130 2721 τοῦ
3174 2671 3350 2742 τιμίου
3400 2673 3650 2741 σταυροῦ,
3681 2670 3771 2718 καὶ
3800 2662 3925 2715 κατὰ

521 2761 838 2836 Βογομίὶων,
869 2758 1080 2833 Incipit
1101 2756 1284 2815 εΠάλιν
1316 2756 1498 2832 ἑορτῆς
1521 2762 1832 2832 μυστήριον,
1866 2764 1955 2812 καὶ
1985 2759 2139 2812 πάλιν

2294 2762 2342 2821 ὸς
2371 2759 2493 2823 λαὸς
2524 2764 2773 2835 χορευτὴς
2801 2763 3073 2833 μυστικὸς.
3098 2760 3294 2816 Graece
3325 2761 3380 2815 et
3411 2757 3610 2815 Latine
3635 2752 3820 2811 edidit
3839 2750 3926 2806 Ja-

520 2852 713 2912 cobus
745 2854 1056 2910 Gretserus
1084 2853 1236 2907 tom.
1271 2850 1317 2906 ΙΙ
1346 2850 1435 2907 De
1463 2864 1656 2917 cruce,
1690 2864 1834 2922 pag.
1865 2853 2122 2909 156-173.
2157 2849 2479 2923 lngolstad.
2510 2853 2665 2918 1600,
2694 2854 2747 2906 4.

593 2944 647 3016 3)
687 2945 755 3000 In
811 2941 1119 2999 viviﬁcam
1170 2954 1433 3008 crucem,
1466 2938 1637 2996 tertia
1684 2939 2057 3010 Jejuniorum
2092 2943 2225 2997 Dom

2288 2940 2419 2998 lica.
2479 2946 2553 2999 Τῆ
2610 2945 2759 3015 τρίτῃ
2816 2946 3052 3015 Κυριακῇ
3105 2945 3204 2992 τῶν
3257 2941 3548 3004 Νηστειῶν,
3592 2938 3683 2988 καὶ
3733 2930 3804 2994 si;
3850 2929 3920 2982 τὸν

522 3034 779 3097 ζωοποιὸν
814 3033 1062 3105 σταυρόν.
1104 3028 1351 3102 Incipit:
1386 3024 1526 3083 Ἰδού
1556 3030 1583 3088 ὃ
1616 3027 1764 3088 κλίνη
1798 3028 2049 3103 Σολομὼν.
2087 3031 2154 3086 Gr

2279 3051 2284 3083 ι
2315 3036 2371 3087 et
2395 3029 2596 3087 Latine
2626 3028 2790 3102 apud
2822 3029 3106 3086 eumdem
3135 3030 3495 3097 Gretserum,
3517 3039 3656 3100 pag.
3689 3017 3911 3078 294-308-

592 3124 650 3193 4)
684 3123 759 3179 In
793 3120 1213 3179 adorationem
1255 3118 1479 3186 Crucis,
1517 3124 1780 3190 tempore
1814 3119 2002 3177 medii
2036 3121 2220 3192 Jejun

2283 3162 2288 3176 .
2321 3119 2408 3182 Εἰς
2452 3124 2547 3178 τὴν
2590 3121 2954 3193 προσκύνησιν
2983 3126 3075 3172 τοῦ
3105 3138 3279 3192 τιμίου
3313 3123 3401 3171 καὶ
3430 3117 3690 3178 ζωοποιοῡ
3713 3108 3915 3181 στανροῦ

526 3212 575 3267 ἰν
601 3220 674 3284 τῷ
703 3219 872 3288 καιρῷ
902 3217 976 3283 τῷ
1006 3211 1413 3282 Μεσονηστίμῳ.
1447 3208 1692 3283 Incipit:
1751 3209 2006 3277 Φωτίζον,
2067 3209 2158 3287 Ἰερ

2284 3208 2423 3283 esp.
2479 3210 2679 3266 Graece
2725 3212 2781 3265 et
2822 3209 3025 3266 Latine
3075 3207 3240 3281 apud
3272 3206 3563 3264 eumdem
3589 3205 3916 3263 Gretserum,

522 3317 583 3377 ρ.
621 3302 879 3360 308-311.

598 3394 652 3461 5)
694 3392 765 3448 In
789 3390 1051 3465 primam
1081 3388 1456 3461 Jejuniorum
1493 3389 1891 3458 Dominicam,
1927 3395 1985 3448 et
2026 3391 2088 3446 in
2121 3403 2230 3446 san

2297 3404 2473 3447 arum
2511 3388 2843 3460 imaginum
2877 3388 3332 3446 restitutionem.
3367 3386 3448 3448 Εἰς
3477 3391 3582 3446 τήν
3610 3385 3806 3460 πρώτην
3835 3378 3926 3465 Ku-

521 3485 713 3558 ριακὴν
759 3487 861 3534 τῶν
906 3486 1200 3547 Νηστειῶν,
1262 3483 1353 3533 καὶ
1403 3479 1471 3542 εἰς
1517 3484 1612 3540 τήν
1656 3487 1756 3533 τῶν
1807 3479 1966 3552 ἁγίων
2012 3483 2103 3533 καὶ
2153 3485 2354 3532 σεπτῶν
2401 3478 2606 3532 εἰκόνων
2655 3475 3040 3536 ἀναστηλωσιν.
3109 3477 3319 3550 Incipit
3359 3494 3372 3532 :
3428 3476 3529 3539 Ὠς
3583 3473 3821 3546 ἆγαπητα
3868 3462 3927 3515 τὰ

526 3555 848 3647 σκηνώματα
898 3590 1015 3640 σου,
1068 3572 1227 3645 Κύριε
1271 3576 1373 3623 τῶν
1421 3565 1711 3643 δυνάμεων.
1765 3571 1961 3628 Graece
2009 3573 2067 3627 et
2110 3571 2158 3626 La

2291 3583 2313 3624 ε
2355 3567 2522 3641 apud
2567 3566 2850 3624 eumdem
2881 3568 3246 3634 Gretserum,
3278 3582 3348 3640 pr
3362 3581 3417 3639 g.
3445 3567 3711 3624 549-565.
3743 3561 3802 3613 In
3824 3555 3923 3647 hac

521 3645 770 3737 quoque
814 3659 1069 3719 homilia
1121 3658 1571 3732 Bogomilorum
1615 3659 1842 3716 mentio
1881 3673 2023 3732 pag.
2066 3662 2153 3715 55':

2299 3661 2503 3733 ρώτησέ
2545 3660 2609 3731 μέ
2654 3676 2732 3719 τις
2772 3664 2873 3710 τῶν
2920 3653 3423 3732 δαιμονοπροσὼπον
3470 3659 3680 3710 τούτων
3733 3645 3931 3719 Βογομί-

520 3730 797 3806 ᾖον-Διὰ
844 3754 917 3819 τί,
977 3749 1128 3825 φησί,
1187 3730 1527 3824 τέροσκννεῖτε
1577 3752 1811 3822 τοίχους,
1872 3730 1963 3802 καὶ
2021 3744 2243 3809 σανίδας
2296 3730 2387 3800 καὶ
2441 3730 2695 3801 ἄσϐεστον
2744 3750 2835 3800 καὶ
2884 3730 3114 3820 διάφορα
3162 3730 3461 3822 χρώματας
3529 3742 3731 3802 Latine
3760 3730 3932 3825 exstat

526 3840 708 3899 etiam
749 3855 825 3898 ex
867 3820 1121 3897 Gretseri
1154 3820 1428 3897 versione
1469 3836 1532 3894 in
1567 3820 1992 3912 supplemento
2034 3837 2185 3897 Bibl.
2219 3840 2460 3895 Patrum
2489 3836 2844 3895 Morelliano
2868 3836 3047 3894 Paris.
3080 3820 3239 3908 1639,
3268 3839 3413 3893 tom.
3441 3834 3497 3905 1,.
3529 3849 3668 3910 pag.
3697 3833 3783 3900 70,
3812 3820 3934 3881 etin

528 3929 678 3990 Bibl.
716 3928 967 3989 Patrum
998 3926 1338 3988 Coloniensi
1367 3942 1424 3987 a.
1463 3930 1622 3999 1618,
1655 3931 1802 3986 tom.
1836 3928 1924 3996 IX,
1961 3931 2016 3987 et
2045 3926 2108 3985 in
2140 3926 2526 3999 Lugdunensi
2561 3944 2619 3986 a.
2658 3930 2815 3997 1672,
2858 3931 3021 3984 tomo
3068 3927 3172 3984 XX.
3214 3926 3301 3999 [V.
3335 3929 3456 3985 cat.
3490 3923 3638 3984 bibl.
3679 3914 3924 3977 Leidens-

526 4033 673 4095 pag.
704 4019 819 4094 44].

598 4143 655 4217 6)
684 4144 761 4201 In
790 4142 1093 4202 Dominici
1122 4141 1391 4213 corporis
1411 4141 1811 4213 sepulturam,
1843 4147 1900 4200 et
1928 4143 1994 4199 in
2023 4159 2230 4217 magna

2297 4161 2311 4200 ι
2337 4145 2692 4203 Sabbatum.
2723 4146 2894 4217 Λόγος
2920 4142 2993 4207 εἰς
3020 4147 3115 4203 τὴν
3153 4144 3415 4217 θεὸσωμον
3443 4145 3613 4217 ταφὴν
3638 4144 3728 4193 τοῦ
3755 4133 3929 4207 Κυρίου

528 4238 621 4289 καὶ
684 4240 924 4310 Σωτῆρος
988 4233 1135 4306 ἡμῶν
1202 4230 1379 4289 Ἰησοῦ
1445 4238 1703 4305 Χριστου,
1771 4232 1952 4308 ῥηθεὶς
2016 4231 2063 4286 ἐν
2128 4243 2192 4309 τῇ
2262 4237 2434 4311 ἡμέρᾳ
2492 4242 2584 4312 τοῦ
2643 4233 2870 4308 μεγάλου
2911 4232 3199 4288 Σαϐϐάτου.
3254 4231 3505 4306 Incipit:
3563 4228 3817 4285 Σαϐϐαῖον

530 4320 645 4377 ἐστι
691 4308 937 4397 σήμερον.
985 4321 1184 4377 Graece
1229 4324 1287 4378 et
1334 4320 1537 4379 Latine
1573 4320 1835 4393 vulgavit
1886 4323 2162 4381 Combeﬁ:

2302 4308 2460 4381 tom.
2490 4308 2519 4378 Ῐ
2564 4323 2814 4381 auctarii
2853 4325 3016 4392 novi,
3044 4339 3183 4395 pag.
3215 4327 3368 4392 1469,
3408 4326 3567 4380 1524.
3602 4317 3778 4376 Paris.
3814 4308 3929 4368 1658

529 4412 633 4471 fol.
668 4411 872 4470 Latine
897 4426 971 4467 ex
997 4407 1344 4469 Combeﬁsii
1369 4411 1643 4468 versione
1670 4410 1732 4468 in
1759 4416 1902 4470 tom.
1941 4415 2024 4470 XX
2056 4414 2203 4470 Bibl.
2237 4417 2478 4470 Patrum
2499 4413 2620 4469 edit
2654 4412 2841 4481 Lugd.
2876 4417 2933 4469 et
2957 4413 3017 4469 in
3049 4412 3415 4469 Bibliotheca
3447 4415 3690 4470 Patrum
3719 4398 3931 4462 concio-

530 4501 768 4560 natoria
810 4499 1272 4558 Combeﬁsiana.
1322 4502 1485 4558 Pana.
1518 4500 1583 4557 In
1609 4501 1744 4559 cod.
1796 4509 1975 4560 antea
2007 4504 2185 4560 citato
2223 4506 2572 4573 Auguslano
2612 4499 2839 4556 Vindel.
2868 4531 2937 4539 —-
2965 4502 3153 4557 Oxon.
3187 4501 3248 4556 in
3279 4499 3411 4556 cod.
3459 4503 3698 4556 Barocc.
3731 4486 3927 4573 CCXLI.

531 4590 990 4649 —Vindobonaz
1016 4590 1077 4646 in
1103 4590 1237 4647 cod.
1271 4592 1486 4648 Caesar.
1522 4592 1697 4659 LXIV,
1731 4607 1790 4649 n.
1822 4595 1907 4649 20.
1943 4594 2005 4647 V.
2034 4592 2307 4649 Lambec.
2328 4572 2437 4660 illi,
2460 4607 2518 4664 p.
2550 4592 2673 4659 299,
2706 4589 2924 4646 Kollar.
2953 4621 3022 4631 —-
3053 4590 3233 4662 Paris,
3269 4589 3329 4645 in
3360 4588 3517 4646 bibl.
3561 4584 3727 4662 publ.
3761 4572 3926 4637 codd.

533 4680 852 4753 DCCCLIV,
883 4696 944 4738 n.
984 4683 1067 4749 14,
1100 4684 1157 4736 et
1180 4680 1547 4752 MCLXXXVI,
1572 4697 1634 4738 n.
1667 4686 1756 4740 22.
1786 4684 1963 4738 ΗΑΜ..
2066 4738 2071 4743 ,

604 4770 691 4845 [In
728 4770 1163 4830 dedicationem
1207 4771 1415 4842 templi
1458 4772 1522 4827 Β.
1556 4772 1792 4837 Mariae,
1840 4776 1951 4826 etc.
2002 4769 2182 4835 Paris,
2223 4770 2285 4827 in
2334 4770 2478 4828 bibl.
2514 4770 2680 4844 publ.
2707 4769 2888 4828 codd.
2925 4768 3252 4836 MCLXXVI,
3286 4784 3345 4823 η.
3379 4771 3446 4825 42
3472 4786 3490 4840 ;
3514 4760 3847 4825 MCLXXVH,
3879 4766 3929 4807 n-

532 4863 621 4935 34,
646 4865 705 4919 et
732 4860 1018 4933 MCXCIV,
1047 4861 1131 4918 ll.
1157 4860 1311 4918 Add.
1349 4876 1556 4933 supra,
1590 4859 1709 4917 vol.
1734 4862 1793 4925 Χ,
1820 4875 1961 4932 pag.
1994 4863 2095 4915 283
2127 4859 2239 4916 bis.
2274 4862 2477 4934 lima]

605 4930 671 5008 in
690 4930 1153 5009 decollationem
1185 4949 1384 5008 Sancti
1411 4930 1661 5005 .ioannis
1695 4930 1970 5020 Baptistae
2001 4948 2314 5006 homiliam
2346 4930 2622 5008 Germani
2667 4967 2702 5007 a
2731 4948 3095 5007 Combeﬁsio
3131 4948 3355 5005 editam
3389 4946 3565 5005 tradit
3586 4930 3936 5018 praestantis-

532 5040 723 5100 simus
750 5044 1002 5111 Caveus,
1032 5041 1245 5116 lapsus
1273 5038 1605 5095 memoria:
1649 5037 1901 5094 Andreae
1941 5038 2101 5094 enim
2143 5040 2462 5105 Cretensis,
2496 5057 2620 5097 non
2661 5038 2943 5096 Germani
2984 5053 3327 5095 sermonem
3370 5054 3441 5093 eo
3481 5036 3557 5092 tle
3597 5024 3934 5116 argumento

532 5131 931 5193 Combeﬁsius
950 5112 1297 5205 publicavit.
1332 5126 1582 5184 Andreae
1613 5126 1792 5185 etiam
1812 5132 1921 5197 est,
1950 5143 2073 5185 non
2104 5130 2383 5187 Germani
2412 5130 2743 5188 Idiomelon
2769 5129 2830 5185 in
2864 5127 3357 5185 Annuntiationis
3388 5128 3609 5183 festum
3631 5121 3709 5179 ab
3738 5112 3933 5174 eodem

532 5223 729 5281 Caveo
750 5223 1177 5280 memoratum.

602 5311 693 5370 III.
711 5310 999 5385 Epistolae
1017 5308 1151 5366 dum
1172 5323 1283 5366 suo
1303 5309 1361 5366 et
1380 5306 1597 5383 synodi
1618 5307 1863 5366 nomine
1881 5306 2086 5365 missae
2104 5309 2182 5366 ad
2208 5309 2486 5382 Cyprios,
2514 5323 2834 5381 eorumque
2859 5306 3374 5379 archiepiscopum
3393 5302 3785 5376 Neophytum,
3809 5302 3934 5349 cum

534 5639 572 5688 Φ
601 5559 682 5633 (a)
720 5559 809 5615 Al.
841 5561 1262 5699 ibpcﬁuvouptoug,
1307 5559 1559 5617 Fratres
1589 5556 1817 5616 ordinis
1856 5557 2161 5615 Minorum
2206 5556 2485 5629 intellige.
2520 5557 2607 5631 [V.
2654 5558 2742 5613 Jo.
2787 5554 3017 5612 Meursii
3064 5553 3320 5612 Glossar.
3379 5556 3472 5612 Gr.
3522 5547 3762 5607 barbar.
3808 5549 3927 5595 voc.

575 5648 936 5699 ρεμηνοραιος.
967 5670 981 5686 .

575 5648 981 5710 ρεμηνοραιος.].
