4132 6402
521 349 623 408 603

1626 347 1943 408 GERMANI
1983 347 2030 404 II
2069 347 2176 405 ΟΡ.
2217 345 2682 404 PATRIARCHE

3786 339 3894 405 604

522 476 711 533 maris
756 473 906 532 uber
935 475 1116 532 bonis
1145 475 1489 544 abundans,
1521 479 1579 532 et
1603 476 1664 532 in
1690 475 1825 532 loco
1853 473 2032 531 sterili
2057 474 2167 531 ho-

2285 473 2445 532 θηλὴν
2505 471 2774 532 θαλάσσης
2832 470 3125 548 βρίθουσαν
3181 471 3415 546 ἀγαθοῖς,
3469 475 3560 526 καὶ
3616 469 3665 526 ἓν
3732 471 3894 546 ἀτρυ-

527 571 678 630 tum,
707 566 1033 636 salsuginis
1063 566 1262 622 solum
1309 565 1548 622 dulcem
1597 582 1848 622 succum
1886 565 2167 632 fundens,

523 654 703 711 aliam
722 654 1059 725 beatorum,
1085 655 1342 711 insulam
1367 660 1585 712 terram
1606 655 1756 711 lacte
1779 659 2128 711 manantem
2153 668 2167 722 ;

518 760 657 818 quae
687 760 809 800 non
835 744 1019 801 modo
1036 760 1108 800 ex
1130 745 1330 817 seipsa
1363 745 1729 801 feracitatem
1762 760 2006 800 omnem
2036 757 2170 816 pro-

437 842 442 848 ‘
520 833 756 897 fundat,
790 834 898 890 sed
918 834 1097 890 etiam
1128 835 1377 891 externis
1407 834 1706 907 repleatur
1752 834 1950 903 bonis,
1994 835 2171 906 quot-

523 929 672 997 quot
692 923 974 980 nimirum
997 940 1104 997 per
1120 923 1419 997 liquidum
1445 925 1508 980 in
1524 940 1661 980 eam
1683 923 2037 980 inferuntur.

595 1018 650 1070 2.
684 1016 818 1069 Haec
864 1029 1045 1086 porro
1094 1013 1227 1086 ipsa
1278 1015 1526 1087 Cyprus,
1577 1017 1756 1070 antea
1800 1012 1937 1069 felix
1989 1015 2168 1084 atque

527 1101 865 1175 splendida,
889 1118 1013 1158 non
1029 1103 1182 1158 adeo
1203 1117 1275 1158 ex
1291 1107 1522 1159 naturai
1559 1102 1736 1159 donis
1753 1101 2008 1172 insignis
2021 1102 2166 1171 erat,

522 1191 1046 1264 quemadmobum
1068 1193 1196 1263 jam
1220 1208 1416 1248 sermo
1445 1191 1913 1264 repraesentavit,
1975 1203 2172 1262 neque

523 1297 659 1338 eam
690 1281 1025 1354 quidquam
1057 1297 1087 1336 e
1114 1282 1336 1338 caeteris
1363 1281 1531 1338 aliud
1557 1286 1791 1338 tantum
1825 1279 2172 1346 decorabat,

519 1375 815 1442 quantum
859 1369 985 1442 ipse
1047 1370 1280 1442 pietatis
1334 1371 1581 1439 fructus,
1633 1375 1812 1442 atque
1870 1365 2174 1438 Evangelii

521 1473 713 1528 seges,
741 1459 819 1515 ad
844 1459 1194 1530 centuplum
1216 1460 1390 1516 bonis
1437 1459 1616 1532 spicis
1670 1459 1808 1524 feta,
1873 1463 2172 1530 quantum

517 1549 678 1618 lerge
711 1549 961 1606 ﬂuentes
1009 1550 1291 1607 doctrinae
1331 1551 1561 1615 latices,
1610 1551 2173 1622 Scripturarumque

517 1637 799 1694 ﬂoridum
821 1644 1081 1710 pratum,
1111 1643 1167 1695 et
1203 1639 1476 1696 Ecclesiae
1526 1639 1809 1695 ﬁiliorum
1857 1636 2174 1694 maltitudo

518 1727 705 1784 instar
729 1729 1192 1796 omnigenarum
1209 1729 1535 1786 herbarum
1560 1728 1708 1798 agri;
1732 1727 1892 1783 velut
1910 1725 2168 1782 insulam

523 1817 897 1884 innovatam,
931 1823 996 1874 ut
1017 1835 1156 1874 cum
1185 1819 1490 1891 Scriptura
1511 1818 1728 1891 loquar
1747 1820 1786 1885 ί,
1821 1823 1878 1872 et
1907 1816 2172 1888 quotidie

523 1904 582 1960 in
605 1905 818 1962 melius
837 1912 1192 1962 renovatam
1213 1924 1282 1963 ac
1303 1908 1734 1980 proﬁcientem.
1760 1905 1924 1962 Unde
1947 1904 2173 1961 factum

522 1998 629 2057 est,
661 2000 726 2050 ut
743 1995 805 2049 in
832 2011 1017 2052 unam
1039 1996 1444 2052 maximarum
1462 1996 1908 2068 provinciarum
1931 2008 2173 2066 promo-

519 2089 776 2152 veretur,
801 2090 856 2140 et
885 2085 963 2141 ad
993 2085 1542 2158 archiepiscopatus
1585 2086 1932 2141 eveheretur
1978 2082 2174 2156 digni-

520 2177 726 2244 tatem,
755 2190 883 2230 sors
908 2174 1130 2231 eximia
1153 2175 1362 2232 Christi
1409 2173 1638 2242 effecta,
1701 2179 1881 2247 atque
1926 2189 2034 2246 per
2085 2188 2174 2228 se—

520 2261 844 2334 metipsam
855 2263 1078 2322 directa
1096 2265 1531 2338 propriumque
1545 2264 1659 2320 sub
1680 2263 2028 2336 pastoribus
2049 2261 2175 2318 suis

522 2350 810 2408 ordinans
844 2367 1108 2423 gregem.

596 2445 651 2498 3.
679 2441 901 2498 Verum
921 2458 1043 2499 non
1066 2446 1192 2499 erat
1212 2442 1444 2499 scelesti
1473 2443 1731 2510 Satanae,
1763 2443 1921 2498 hanc
1943 2439 2178 2513 absque

523 2529 752 2587 invidia
769 2531 1006 2600 intueri,
1035 2532 1139 2604 qui
1160 2535 1379 2589 terram
1400 2531 1663 2588 minatur
1701 2535 1881 2604 atque
1925 2545 2092 2587 mare
2114 2545 2177 2586 se

525 2618 882 2676 deleturum.
909 2620 1137 2678 Scilicet
1167 2618 1363 2678 armat
1415 2636 1636 2678 manus
1690 2620 2060 2686 barbaricas,
2120 2624 2178 2676 et

524 2714 765 2780 gentem
792 2710 1100 2766 inimicam
1123 2711 1338 2768 excitat
1359 2711 1648 2768 adversus
1675 2710 2023 2778 Ecclesiam,
2053 2709 2177 2765 imo

523 2798 859 2856 beneﬁcam
879 2819 897 2871 ;
939 2805 1200 2871 gentem,
1253 2817 1390 2874 quae
1433 2801 1556 2856 haec
1608 2800 1856 2873 quidem
1892 2799 2176 2855 dentibus

521 2889 800 2954 comedit,
832 2888 931 2945 illa
950 2905 1089 2945 vero
1117 2889 1422 2961 unguibus
1454 2889 1759 2954 dilacerat,
1805 2888 1927 2947 alia
1972 2892 2172 2944 autem

519 2977 778 3051 pedibus
806 2978 1138 3049 conculcat,
1157 2994 1525 3051 prorsusqus
1559 2978 1767 3035 omnia
1791 2978 1872 3034 ad
1887 2976 2178 3050 disperdi-

522 3070 747 3125 tionem
766 3073 982 3133 vastat,
1007 3069 1180 3140 juxta
1209 3069 1465 3125 Danielis
1505 3069 1824 3129 visionem.
1850 3071 1894 3123 ³.
1943 3067 2174 3124 Consti-

520 3157 645 3230 pati
693 3157 855 3212 enim
899 3157 1107 3223 Latini,
1161 3157 1340 3214 etiam
1405 3157 1654 3230 Cyprios
1717 3158 1910 3215 adorti
1985 3160 2171 3213 sunt:

521 3245 674 3302 alius
704 3245 954 3317 quidam
985 3250 1206 3316 pontus
1232 3247 1568 3302 immensus
1598 3250 1654 3302 et
1677 3246 1861 3304 obvia
1911 3262 2171 3319 quaeque

518 3334 848 3399 inundans,
892 3335 1220 3407 conspicuo
1272 3336 1375 3392 illo
1428 3336 1810 3409 insulamque
1868 3337 2172 3393 ambiente

517 3423 944 3495 impetuosior;
973 3424 1472 3498 quandoquidem
1499 3427 1864 3498 conspicuus
1891 3441 2013 3482 non
2037 3440 2174 3481 eam

518 3512 798 3582 obtegere
828 3513 1152 3581 contendit,
1188 3514 1293 3570 sed
1324 3515 1585 3587 propriis
1616 3514 1886 3571 terminis
1917 3514 2171 3570 circum-

519 3602 813 3672 scribitur,
872 3603 931 3659 in
982 3604 1306 3677 semetipso
1358 3604 1578 3660 ﬂuctus
1650 3604 2055 3675 confringens,
2117 3607 2173 3661 et

519 3690 810 3749 Creatoris
831 3693 1221 3765 providentia
1242 3693 1426 3751 frenis
1451 3693 1876 3752 obsecundans
1910 3695 1953 3751 ³.

588 3874 642 3928 4.
669 3872 743 3928 At
762 3872 782 3927 Ι
791 3871 1046 3929 talorum
1071 3873 1330 3929 audacia
1356 3872 1629 3945 proprias
1651 3872 1903 3929 transilit
1961 3871 2170 3929 statio-

516 3975 646 4024 nes,
673 3965 730 4016 et
754 3959 971 4017 ﬂuctus
1000 3960 1102 4015 iraa
1147 3960 1345 4027 volvit,
1397 3965 1565 4017 extra
1618 3960 1907 4019 terminos
1964 3961 2168 4030 currit,

517 4054 698 4121 atque
723 4049 784 4105 in
814 4053 1045 4105 exteros
1070 4049 1257 4105 irruit.
1291 4050 1598 4120 Ejusmodi
1620 4055 1792 4107 atrox
1848 4055 2170 4123 tempestas

518 4139 775 4194 excitata
804 4138 972 4194 estin
1001 4137 1285 4210 praeclara
1305 4139 1500 4211 Cypro
1531 4157 1543 4207 ;
1604 4156 1745 4196 cum
1797 4156 1923 4212 qua
1974 4139 2172 4196 foedus

520 4231 720 4283 servat
750 4243 936 4292 mare,
958 4233 1016 4284 et
1043 4228 1303 4284 cicurem
1335 4245 1397 4283 se
1435 4229 1632 4285 reddit
1673 4229 1854 4286 unda.
1925 4229 1990 4284 Id
2027 4243 2172 4284 sane

517 4315 831 4384 diluvium,
881 4317 959 4373 ad
997 4317 1244 4389 aliquod
1298 4334 1489 4392 usque
1550 4323 1787 4391 tempus
1825 4317 2173 4375 venustiora

517 4422 776 4479 quaeque
801 4409 1084 4480 corrupit,
1115 4413 1172 4464 et
1198 4407 1258 4464 in
1293 4414 1509 4466 terram
1534 4409 1852 4480 prostravit
1885 4423 2170 4480 quaecun-

517 4512 637 4568 que
667 4496 1030 4554 eminebant.
1079 4501 1209 4555 Mox
1244 4515 1383 4554 vero
1434 4504 1490 4554 et
1545 4497 1864 4554 hominum
1915 4512 2172 4570 corpora

520 4585 728 4654 attigit.
762 4587 1183 4645 Verumtamen
1213 4587 1538 4643 tolerabilis
1570 4592 1695 4642 erat
1719 4585 2052 4649 calamitas,
2108 4585 2172 4641 li-

517 4678 608 4730 cet
631 4680 787 4732 esset
802 4676 1135 4752 admodum
1154 4677 1354 4748 gravis
1379 4695 1391 4744 ;
1413 4676 1708 4749 quoniam
1721 4674 1800 4733 ad
1818 4690 2171 4747 corpoream

519 4765 831 4838 spectabat
855 4783 1100 4836 noxam,
1131 4773 1186 4824 et
1207 4783 1529 4839 corporum
1551 4765 1901 4838 perniciem,
1931 4781 2067 4838 quae
2094 4766 2172 4823 ad

594 4947 609 4980 ¹
643 4949 755 5003 lsa.
788 4963 918 5013 XLV,
955 4950 1039 5015 16,
1117 4947 1138 4980 ³
1173 4943 1301 4999 Dan
1326 4959 1421 5010 vn,
1446 4944 1612 5012 7,19.
1646 4943 1798 5001 3Job
1825 4960 2067 5014 xxxvm,
2097 4949 2181 5001 11.

592 5126 668 5197 (2)
701 5123 836 5197 Καθ’
859 5123 1046 5197 ἑαυτὴν
1079 5117 1440 5197 ιεξαγομένη.
1474 5123 1611 5197 l_loc_
1653 5127 1740 5178 est
1795 5122 2166 5197 αὐτοκέφαλος.

519 5191 751 5262 Οιιδίᾱε
775 5210 837 5250 re
869 5193 1006 5248 vide
1032 5191 1313 5248 Allatium
1353 5195 1438 5249 De
1463 5194 1744 5251 Ecclesia
1781 5191 2179 5252 Occidentalis

517 5274 569 5344 et
609 5265 1279 5344 Orientalisperpbtua
1330 5267 1731 5344 consensione,
1779 5266 1882 5321 lib.
1935 5282 1977 5335 1,
2031 5282 2170 5344 cap.

517 5343 607 5465 ἐξ,
632 5336 1144 5466 ﬁéxdnotationes
1169 5338 1596 5408 Beveregianas
1623 5338 1687 5393 in
1711 5352 1976 5394 canones
2005 5353 2064 5409 p.
2090 5339 2178 5404 58,

589 5455 940 5551 (3-)"l‘o67iv
972 5481 1326 5551 ἁπειγοῦντος.
1381 5479 1598 5536 Habuit
1652 5479 1710 5534 in
1775 5479 1980 5535 animo
2038 5479 2182 5534 illud

520 5554 629 5606 lsa.
678 5567 733 5614 ι,
808 5550 928 5604 14ζ
984 5550 1292 5623 Καίγσείσω
1345 5551 1517 5623 πόλεις
1591 5555 2014 5623 κατοικουμένας,
2097 5555 2188 5602 καί

520 5626 613 5679 τὴν
679 5624 982 5691 οἰκουμένην
1041 5621 1160 5696 ὃλην
1219 5622 1587 5695 καταλήψομοι
1653 5631 1714 5695 τῇ
1765 5621 1912 5696 χειρὶ
1958 5629 2022 5682 ὡς
2070 5641 2190 5674 νοσ-

524 5711 663 5761 σιαν,
697 5697 786 5746 καὶ
815 5697 884 5755 ὼς
926 5692 1364 5768 καταλελειμμὲνα
1415 5692 1506 5748 ὠά
1547 5697 1658 5748 ὰσῶ
1691 5692 1802 5752 Ει
1852 5692 2190 5753 ιὀηειιιίανη

2278 567 2424 635 γήτῳ
2489 558 2833 635 παράδεισον,
2879 567 2969 615 καὶ
3038 570 3135 624 τῆς
3187 562 3358 637 ἅλμης
3399 558 3557 616 πέδον
3609 562 3893 636 γλυκύχυ-

2278 671 2394 724 μον,
2463 656 2551 704 καὶ
2602 659 2760 711 νῆσον
2815 651 2973 711 ἄλλην
3044 656 3312 728 μακάρων,
3363 658 3451 706 καὶ
3512 651 3892 726 μελιτόϐρυτον

2277 748 2392 813 γῆν·
2454 740 2512 793 οὗ
2560 744 2713 814 μόνον
2787 738 2840 804 ἐξ
2889 740 3073 802 ἑαυτῆς
3139 745 3198 794 τὸ
3245 743 3516 816 πάμφορον
3587 740 3887 817 βλύσασαν,

2280 828 2408 882 ἀλλά
2488 835 2578 882 καὶ
2660 836 2767 892 τοῖς
2857 828 3036 892 ἔξωθεν
3127 831 3594 906 περιαντλουμένην
3685 835 3889 895 καλοῖς,

2278 919 2450 972 ὁπόσα
2477 921 2640 992 ταύτῃ
2673 921 2818 992 παρὰ
2841 927 2938 982 τῆς
2962 920 3128 996 ὑγρᾶς
3149 919 3594 974 ἐπεισϐάλλουσιν.

2352 1007 2423 1080 β’.
2461 1005 2592 1061 Ἧδε
2655 1010 2685 1066 ἡ
2760 1011 2963 1082 Κύπρος
3027 1010 3181 1080 αὕτη,
3249 1014 3279 1070 ἡ
3344 1015 3461 1085 πρὶν
3501 1007 3766 1084 εὐδαίμων
3833 1029 3895 1062 τε

2279 1102 2370 1150 καὶ
2420 1097 2652 1172 λαμπρὰ,
2722 1099 2780 1152 οὗ
2836 1103 2989 1152 τόσον
3055 1099 3111 1152 ἐκ
3167 1109 3268 1152 τῶν
3354 1109 3586 1174 φυσικῶν
3647 1105 3893 1175 χαρίτων

2282 1186 2539 1259 ἐπίσημος
2591 1185 2652 1246 ἧν
2697 1191 2760 1248 ὡς
2816 1190 2842 1240 ό
2890 1188 3040 1260 λόγος
3086 1186 3567 1263 προδιεμόρφωσεν,
3602 1186 3719 1243 οὐδ’
3753 1190 3894 1242 οὕτω

2281 1279 2476 1334 ταύτην
2534 1277 2656 1329 ἄλλο
2716 1297 2768 1329 τι
2823 1286 2920 1330 τῶν
2975 1279 3200 1332 ἁπάντον
3260 1278 3545 1353 ἐσέμνυνεν,
3611 1283 3678 1341 ὡς
3740 1281 3765 1332 ὁ
3795 1287 3896 1342 τῆς

2283 1365 2542 1428 εὐσεϐείας
2605 1365 2794 1438 μᾶλλον
2859 1371 3079 1440 καρπὸς,
3143 1373 3233 1420 καὶ
3298 1369 3323 1421 ό
3389 1376 3482 1420 τοῦ
3567 1368 3893 1440 Εὑαγγελίοῦ

2285 1460 2499 1530 σπόρος,
2559 1456 2907 1509 ἐκατοστεύων
2961 1457 3027 1518 εἰς
3097 1461 3387 1530 εὕσταχυν,
3445 1461 3512 1511 τὰ
3541 1477 3595 1510 τε
3652 1466 3748 1520 τῆς
3809 1454 3896 1510 δι·-

2285 1541 2573 1605 δασκαλίας
2625 1545 2815 1618 εὖρυτα
2864 1548 3072 1618 νάματα
3127 1552 3216 1600 καὶ
3273 1549 3302 1606 ἡ
3366 1545 3658 1609 πολυανθής
3697 1547 3894 1620 λειμω-

2281 1638 2367 1686 νία
2412 1643 2510 1686 τῶν
2569 1641 2803 1707 Γραφῶν,
2860 1654 2950 1688 και
3006 1639 3036 1694 ἡ
3105 1645 3206 1688 τῶν
3261 1641 3448 1690 τέκνων
3509 1645 3600 1698 τῆς
3665 1636 3894 1694 Ἐκκλη-

2287 1729 2407 1785 σίας
2460 1723 2676 1795 πληθὺς,
2730 1727 2795 1785 ὡς
2841 1733 2934 1778 τοῦ
2987 1723 3150 1800 ἀγροῦ
3201 1729 3260 1780 τὸ
3322 1725 3670 1799 παμϐότανοψ
3712 1728 3893 1800 ὥσπερ

2203 1843 2247 1897 Β
2286 1820 2443 1871 νῆσον
2490 1811 2932 1887 ἐγκαινιζομένην,
2984 1819 3041 1868 τὸ
3103 1824 3194 1876 τῆς
3251 1821 3479 1890 Γραφῆς,
3549 1821 3639 1869 καὶ
3687 1818 3897 1888 ὁσημέ-

2285 1921 2376 1975 ραι
2430 1906 2560 1975 πρὸς
2606 1906 2665 1956 τὸ
2723 1911 2954 1979 κρεῖττον
3002 1907 3373 1978 ἀνανεουμένην
3422 1925 3476 1958 τε
3523 1911 3614 1958 καὶ
3667 1905 3895 1978 προϐαῖ-

2284 2010 2495 2046 νουσαν.
2556 1991 2816 2046 Ἐντεῦθεν
2874 1993 2940 2054 εἰς
2985 1999 3110 2067 μίαν
3157 1996 3409 2068 προήχθη
3473 2003 3573 2048 τῶν
3631 2000 3896 2067 μεγίστων

2284 2079 2571 2154 ἐπαρχιῶν,
2619 2087 2708 2134 καὶ
2763 2086 2892 2157 πρὸς
2942 2083 3368 2157 ἀρχιεπισκοπῆς
3422 2084 3623 2158 ἐπήρθη
3658 2084 3893 2156 ἀξίωμα·

2284 2170 2452 2242 λάχος
2502 2174 2735 2247 ἔκκριτον
2784 2175 3146 2232 καθεστηκυῖα
3187 2181 3444 2249 Χριστοῦ,
3495 2180 3585 2228 καὶ
3628 2173 3741 2227 καθ’
3776 2174 3899 2227 ἐαυ-

2285 2264 2379 2319 τήν
2439 2257 2782 2333 διεξαγομένη
2845 2264 2946 2334 (2),
3024 2263 3116 2316 καὶ
3169 2267 3228 2316 τὸ
3287 2263 3472 2318 οἰκεῖον
3527 2265 3628 2316 ὑπὸ
3676 2267 3897 2336 ποιμέσι

2287 2345 2322 2401 δ
2328 2353 2573 2403 ιατάττου
2581 2370 2651 2404 σα
2676 2355 2934 2424 ποίμνιον.

2353 2438 2417 2511 γ’.
2468 2438 2605 2494 Ἀλλ’
2665 2444 2853 2493 οὔκουν
2902 2442 3020 2514 [Αη
3086 2442 3180 2495 οὐκ
3215 2439 3298 2514 ἦν]
3355 2443 3460 2518 ἄρα
3507 2449 3600 2496 τοῦ
3658 2440 3898 2514 τελχῖνος

2284 2531 2447 2581 Σατὰν
2495 2534 2565 2602 μή
2603 2535 2692 2583 καὶ
2726 2549 2889 2604 ταυτῃ
2937 2530 3204 2604 βάσκανον
3257 2532 3373 2602 [Αη
3412 2548 3530 2603 pro
3582 2531 3897 2605 βασκανως]

2283 2615 2488 2686 ἐνιδεῖν,
2545 2627 2636 2672 τοῦ
2693 2629 2790 2692 γῆν
2845 2619 3168 2683 ἀπειλοῦντος
3220 2621 3302 2694 (3)
3345 2621 3620 2696 ἐξαλείφειν
3660 2627 3751 2675 καὶ
3793 2623 3895 2675 66t-

2281 2707 2506 2764 λασσαν.
2577 2709 2777 2782 Ἀμέλει
2831 2714 2921 2762 καὶ
2986 2717 3175 2784 χεῖρας
3261 2709 3462 2772 ὁπλίζει
3526 2709 3895 2786 βαρϐαρικὰς,

2283 2803 2372 2850 καὶ
2433 2798 2673 2872 πολέμιον
2730 2801 2872 2862 ἔθνος
2919 2799 3159 2874 ἐπήγειρε
3213 2802 3349 2853 κατὰ
3402 2809 3498 2862 τῆς
3554 2799 3895 2869 Ἐκκλησίας,

2283 2892 2373 2940 καὶ
2424 2887 2614 2960 μᾶλλον
2673 2885 3066 2963 ὑποδρηστεῡον
3120 2889 3273 2962 αὐτῇ·
3332 2890 3495 2958 ἔθνος,
3541 2891 3609 2941 τὰ
3653 2892 3744 2961 μὲν
3785 2896 3900 2954 τοῖς

2283 2973 2501 3030 ὀδοῦσιν
2549 2976 2744 3046 ἐσθίον,
2793 2981 2859 3030 τὰ
2906 2975 2965 3031 δὲ
3015 2981 3313 3053 σπαράσσει
3365 2985 3476 3040 τοῖς
3519 2977 3710 3049 ὄνυξιν,
3769 2977 3897 3032 ἀλλά

2287 3063 2348 3119 δέ
2383 3085 2511 3120 ποσι
2565 3074 2895 3140 συμπατοῦν,
2942 3074 3030 3120 καὶ
3079 3067 3254 3129 ἁπλῶς
3307 3071 3372 3121 τὰ
3398 3070 3571 3120 πάντα
3622 3072 3749 3143 πρὸς
3774 3067 3894 3140 ἁφα-

2281 3159 2467 3228 νισμὸν
2517 3153 2786 3230 ἀχρειοῡν,
2854 3160 2991 3210 κατὰ
3039 3160 3127 3210 τόν
3169 3157 3358 3216 Δανιὴλ
3391 3159 3763 3230 θεαματισμόν.
3831 3156 3900 3209 Οἱ

2281 3247 2383 3318 γὰρ
2431 3250 2650 3320 φρακτοὶ
2703 3252 2918 3300 Λατῖνοι
2970 3250 3057 3299 καὶ
3112 3248 3224 3309 τοῖς
3284 3251 3539 3320 Κυπρίοις
3591 3244 3892 3319 ἐπέϐρισαν.

2281 3339 2464 3395 πόντος
2518 3335 2666 3398 ἀλλος
2705 3355 2784 3398 τις
2814 3335 3022 3409 ἀχανής
3072 3341 3162 3389 καὶ
3199 3337 3540 3397 κατακλυζων
3570 3339 3626 3388 τὸ
3658 3352 3899 3409 προστυ-

2280 3427 2403 3495 χὸν,
2484 3432 2576 3477 τοῦ
2655 3433 2950 3500 προφανοῦς
3010 3432 3100 3479 καὶ
3166 3430 3258 3486 τὴν
3333 3435 3493 3486 νῆσον
3545 3428 3905 3498 ὑπανέχοντος

2284 3511 2600 3588 βιαιότερος,
2660 3515 2779 3588 παρ’
2833 3515 2954 3569 ὅσον
3012 3520 3100 3589 μὲν
3159 3518 3218 3568 ού
3249 3515 3482 3587 καλύψαι
3530 3517 3726 3572 ταύτην
3759 3514 3904 3586 φιλο-

2278 3609 2450 3667 νεικεῖ,
2508 3603 2636 3657 ἀλλὰ
2665 3609 2768 3666 τοῖς
2836 3605 3046 3668 οἰκείοις
3096 3605 3237 3680 ὃροις
3283 3606 3791 3678 συμπεριγράφεται,
3850 3606 3902 3656 ἒν

2275 3695 2442 3763 ἐαυτῷ
2489 3697 2791 3769 συνθραύων
2837 3696 2905 3749 τά
2954 3698 3185 3768 κύματα,
3246 3701 3336 3747 καὶ
3379 3699 3622 3768 προνοίας
3656 3692 3906 3766 χαλινοῖς

2277 3782 2524 3836 ἐὺπείκων
2549 3790 2900 3860 Δημιουργοῡ.

2352 3868 2421 3925 δ”
2481 3877 2552 3925 Τὸ
2605 3870 2664 3926 δὲ
2713 3873 2900 3949 θράσος
2951 3882 3049 3927 τῶν
3077 3871 3283 3928 Ἰταλῶν
3312 3878 3427 3935 τοὺς
3473 3877 3690 3935 οἰκείους
3738 3873 3905 3947 ὑπερ-

2281 3962 2442 4017 ϐαὶνει
2487 3965 2772 4037 σταθμούς,
2827 3970 2916 4017 καὶ
2969 3967 3180 4038 κύματα
3235 3961 3469 4018 κυλίνδει
3535 3967 3724 4037 θυμοῦ,
3813 3968 3906 4016 καὶ

2279 4051 2530 4128 ὕπερόρια
2594 4059 2793 4129 τρέχει,
2849 4059 2938 4107 καὶ
2989 4062 3087 4107 τῶν
3136 4056 3341 4108 ὀθνείων
3406 4051 3742 4128 κατεμπηδοξί.
3797 4061 3902 4112 Τη-

2281 4142 2420 4203 λίκος
2469 4142 2724 4218 ὲπερράγη
2783 4152 2844 4218 τῇ
2903 4143 3033 4217 καλῇ
3097 4147 3292 4218 Κύπρὼ
3343 4141 3549 4198 κλύδων
3607 4143 3910 4207 άλλόκοτος.

2284 4239 2416 4306 προς
2457 4232 2516 4289 ἣν
2575 4232 2603 4290 ή
2678 4232 2920 4285 θάλασσα
2973 4228 3272 4299 σπένδεται,
3348 4236 3438 4285 καὶ
3498 4233 3787 4307 ἡμεροῦται
3855 4236 3912 4285 τὸ

2283 4319 2482 4393 ῥόθιον.
2551 4319 2611 4372 Ὀ
2664 4316 2724 4373 δὲ
2771 4329 3004 4382 τοιοῦτος
3053 4310 3421 4394 κατακλυσμὸς
3480 4327 3645 4396 μέχρι
3691 4326 3784 4393 μέν
3838 4341 3914 4374 τι·

2283 4428 2363 4469 νος
2417 4412 2481 4460 τά
2519 4409 2689 4481 ὡραῖα
2745 4407 3024 4483 διέφθειρε,
3085 4431 3175 4464 και
3230 4417 3332 4464 πᾶν
3386 4409 3670 4483 ἀνάστημα
3728 4409 3914 4486 κατέῥ-

2285 4497 2408 4573 ῥιψε
2448 4507 2570 4570 γῆς.
2619 4495 2769 4557 Ἤδη
2841 4496 2899 4551 δὲ
2961 4505 3052 4552 καὶ
3128 4503 3381 4573 σωμάτων
3439 4503 3720 4575 ἀνθρωπων
3781 4519 3916 4574 παρ-

2287 4587 2475 4658 ἡψατοο
2538 4586 2670 4642 Ἀλλ’
2719 4585 2780 4648 ἦν
2830 4590 2965 4661 ὅμως
3015 4593 3235 4664 φορητὸν
3294 4593 3352 4641 τό
3385 4585 3571 4663 δεινὸν,
3624 4609 3814 4662 καιπερ
3859 4591 3912 4642 ὃν

2287 4677 2717 4752 βαρυσύμφορον·
2766 4683 2875 4732 ἐπεί
2932 4682 3190 4752 καὶπρὸς
3267 4685 3570 4751 σωματικὴν
3656 4677 3914 4732 ἀπέϐλεπε

2285 4766 2453 4840 λύμην
2545 4773 2635 4820 καὶ
2719 4769 3072 4841 σκηνωμάτων
3168 4768 3448 4839 ἀπώλειαν,
3536 4771 3916 4842 συντιθεμένων

2286 5125 2564 5197 civitates
2597 5125 2919 5194 habitatas,
2962 5131 3016 5182 et
3037 5126 3238 5182 orbem
3275 5132 3456 5184 terra:
3494 5130 3680 5182 totum
3701 5142 3928 5197 appre-

2289 5196 2546 5270 hendam
2578 5213 2763 5254 manu
2777 5199 2953 5267 quasi
2964 5197 3200 5270 nidum,
3221 5204 3275 5255 et
3298 5199 3476 5270 quasi
3495 5213 3608 5254 ova
3625 5196 3928 5256 derelicta

2291 5269 2527 5325 tollam.
2551 5270 2716 5340 Unde
2739 5269 3078 5339 Gregorius.
3098 5269 3408 5340 Nyssenus
3432 5274 3588 5326 orat.
3609 5275 3638 5325 5
3652 5270 3714 5340 in
3731 5271 3927 5326 Canti-

2293 5355 2432 5395 cum
2484 5339 2876 5406 canticorum,
2924 5357 2982 5412 p.
3017 5343 3118 5398 551
3149 5339 3242 5396 7D:
3277 5341 3340 5397 0’
3376 5339 3802 5414 _xq7alap3dvmv
3829 5347 3925 5400 τήν

2295 5414 2601 5488 οἰκουμένην
2629 5417 2693 5473 ὼς
2743 5415 2989 5488 νοσσιὰν.-
3012 5419 3101 5465 καὶ
3131 5418 3201 5474 ὼς
3239 5412 3680 5488 καταλελειμμένα
3709 5417 3788 5465 ὠά
3811 5417 3927 5488 αἰρ-

2296 5505 2361 5534 ων
2385 5487 2538 5547 αὐτὰ,
2564 5499 2669 5538 seu
2697 5483 2897 5556 potius
2929 5485 3110 5551 αὐτὰν,
3143 5499 3282 5540 cum
3313 5483 3648 5556 interprete.
3674 5483 3922 5556 acrem's.

2298 5559 2436 5625 Reg.
2475 5556 2631 5621 1797,
2666 5555 2841 5628 Apud
2872 5557 3199 5613 Caesarium
3229 5563 3424 5629 quaest
3469 5555 3602 5623 1³21,
3634 5555 3924 5631 περιλήψος

2297 5645 2417 5700 μαι.
