2066 3212
159 181 213 209 605

786 173 956 204 EPISTULA
972 174 985 201 Ῑ
999 173 1047 202 AD
1067 173 1223 203 CYPRIOS.

1794 181 1846 210 606

157 243 203 269 ἐπὶ
232 240 327 279 βραχὺ
357 241 403 266 καὶ
426 238 555 276 λυομένων
578 237 634 276 μετ’
661 237 690 264 οὗ
717 236 792 264 πολύ.
821 238 861 264 Τὰ
874 239 918 262 νῦν
934 234 958 262 δί

1018 235 1108 265 breve
1118 237 1262 274 temporis
1277 239 1407 275 spatium
1424 241 1667 278 compinguntur,
1683 243 1712 271 et
1726 242 1847 272 solvun-

158 286 227 313 ἆλλὰ
259 288 302 312 καὶ
329 284 426 321 ψυχῶν
454 285 483 311 τὸ
515 287 626 322 πρᾶγμα
656 284 889 318 κατσκαυχήσατο,
919 282 964 307 καὶ

156 333 203 359 τὸν
230 331 307 368 ὀρθὸν
333 329 409 366 λόγον
435 333 483 361 τῆς
510 327 640 359 εὐσεϐείας
669 326 833 354 διασαλεύειν
858 326 963 362 ἐπιχει-

156 380 207 415 ρεῖ.
234 378 296 407 Τοῖς
319 375 371 413 γὰρ
400 374 569 411 πολεμισταίς
598 375 732 406 Λατίνοις,
763 374 809 398 καὶ
837 372 964 409 ίερατικὸν

156 421 187 448 ἐκ
210 425 258 448 τοῦ
281 422 368 456 γένους
396 419 443 446 οὐκ
467 419 552 456 ὀλίγον
575 423 606 456 τῇ
629 421 698 454 νήσῳ
721 415 894 455 προσέπιϐὰν,
917 417 964 447 τὰς

157 465 302 497 ἐκκλησίας
329 466 446 501 συνέχεε,
470 466 514 491 καὶ
539 466 604 501 πρὸς
633 463 709 490 ἑαυτὸ
735 464 821 488 παν-τα
845 462 878 487 τὰ
908 462 964 486 θεῖα

159 511 299 548 ἰφιλκύσαι
314 511 480 538 νεανιεύιται,

200 555 238 583 ι’)
255 555 342 582 Ἔνθεν
372 555 384 581 ὁ
413 556 457 591 μὲν
485 556 593 590 γνήσιος
625 555 670 579 καὶ
700 553 834 582 κανονικὸς
865 559 963 588 πρωτο-

161 603 268 638 ποὶμην,
313 601 326 626 ὁ
375 603 573 637 μακαριώτατος
593 599 803 636 ὰρχιεπίσκοπος
831 598 961 633 Κυπρίων,

159 646 261 684 ὀκῦρις
283 647 424 682 Νέοφυτος,
454 648 499 671 τοῦ
522 645 617 671 οἰκείου
654 645 744 681 θρόνου
775 640 960 668 ὰποδιώκεται·

157 692 315 729 παρένθετος
330 689 360 718 δέ
388 701 428 722 τις
456 693 501 716 καὶ
531 689 666 726 ἀλλόθροος
695 689 830 725 ἄνθρωπος
856 688 882 712 ἐκ
911 689 962 712 Λα-

156 740 260 767 τινικῆς
286 736 368 773 φυλῆς
390 739 426 771 τῷ
459 736 569 771 τοιούτῳ
603 735 683 772 θρόνῳ
711 733 884 769 ἐγκαθεσθεὶς,
915 730 961 756 οὐκ

157 781 190 808 ἃν
220 780 304 812 ἄλλως
328 780 432 810 ἀνήσειν
458 782 519 811 τοὺς
544 780 681 816 ἡμετέρους
715 778 856 814 ἱερατικοὺς
884 776 962 811 ἰσχυ-

155 825 262 864 ρίζεται
287 825 444 855 ἐπισκόπους
471 835 497 851 τε
525 827 568 850 καὶ
603 825 708 854 λοιποὺς
742 825 785 848 τὸν
819 822 961 857 Ῥωμαϊκὸν

158 873 307 908 παιμαίνιιν
322 873 367 897 καὶ
382 869 520 897 διδάσκειν
548 870 619 902 λαὸν,
649 869 670 895 εἰ
698 871 732 905 μὴ
761 870 883 905 πρότερον
915 868 961 895 την

156 926 195 942 πα
209 915 235 953 ρ’
268 915 355 946 αὐτοῖς
382 916 516 952 ὑποταγὴν
544 915 727 947 ὑπεισέλθωσι,
757 915 801 938 καὶ
831 912 996 944 συνθήκαςΒ

156 961 341 997 καταθυμίους
364 964 400 996 τῷ
425 963 471 996 νέῳ
496 960 615 997 ἀρχιερεῖ
636 961 680 985 καὶ
707 959 773 994 νοθῳ
793 957 959 995 παρέξουσινη

155 1005 172 1035 ἦ
197 1007 250 1042 μὴν
272 1007 318 1031 καὶ
337 1007 446 1035 τούτους
470 1004 706 1042 ἐξοστρακισθῆναι
727 1013 771 1033 της
795 1005 876 1031 νήσου
899 1012 960 1027 παν-

154 1051 282 1078 τάπασιν·
309 1052 344 1082 ὡς
367 1055 417 1077 τῶν
437 1052 563 1087 ποιμένων
582 1052 627 1075 καὶ
650 1047 819 1075 διδασκάλων
846 1046 960 1074 διασπα-

159 1098 252 1135 ρέντων
285 1094 444 1122 κινδυνεύειν
481 1097 527 1124 τὴν
562 1094 656 1130 οἱγῇην
689 1097 806 1131 Χριστοῦ
835 1093 869 1124 εἰς
898 1103 961 1129 κρη-

157 1143 235 1177 μνοὺς
255 1139 457 1167 ἀποπλανᾶσθαι
471 1143 516 1166 καὶ
529 1139 662 1177 βάραθρα.

193 1185 230 1218 ς’.
262 1184 311 1212 Ἠν
343 1187 388 1221 μὲν
416 1186 466 1221 πρὸ
495 1184 588 1210 πολλοῦ
612 1183 770 1221 θρυλούμενα
795 1187 886 1216 ταῦτα,
917 1185 960 1208 καὶ

158 1230 193 1262 εἰς
227 1229 308 1261 ἀκοὰς
340 1234 387 1260 τῆς
417 1230 539 1266 ἡμετέράς
568 1229 697 1267 ἐρχόμενα
725 1230 902 1266 μετριότητος*
928 1229 961 1254 τὰ

156 1277 201 1302 νὺν
230 1273 260 1302 δὲ
286 1277 331 1301 καὶ
359 1275 373 1300 ὁ
402 1274 596 1310 θεοφιλέστατος
624 1278 671 1304 τῆς
695 1275 760 1299 κατά
784 1276 828 1302 τὴν
857 1274 959 1310 Κύπρον

158 1319 301 1355 ἁγιώτατος
331 1319 476 1349 ἐπισκοπῆς
501 1318 602 1349 Σολείας
636 1320 764 1350 Λεόντιος,

157 1364 238 1396 λωϐἠς
263 1365 455 1400 καθηγούμενος
481 1367 529 1395 τῆς
559 1367 608 1389 τῶν
639 1363 778 1398 Ἀψινθίων
812 1366 890 1399 μονῆς
925 1364 958 1389 ἱε-

153 1412 306 1448 ρομόναχος
340 1410 469 1443 Λεόντιος,
506 1409 570 1445 πρὸς
598 1410 644 1436 τὴν
676 1409 746 1443 ἡμῶν
784 1407 958 1443 ἀναπεμφθέν-

155 1464 200 1485 τις
223 1455 378 1491 μετριότητα
404 1454 476 1490 παρά
504 1463 530 1479 τε
557 1457 602 1479 τοῦ
631 1452 726 1478 οἰκείου
756 1453 956 1489 μακαριωτάτου

160 1498 371 1536 ὰρχιεπισκόπου
393 1509 438 1524 και
462 1503 511 1524 τῶν
531 1498 625 1524 λοιπῶν
648 1500 805 1530 ἐπισκόπων,
833 1497 895 1523 ἀλλὰ
921 1496 954 1527 δὴ

802 1318 846 1344 καὶ
870 1319 882 1343 ὁ
918 1318 958 1344 εὑ-

159 1553 206 1570 και
237 1545 330 1574 παντὸς
359 1547 403 1570 τοῦ
438 1545 574 1580 ἱερωμένου
618 1543 791 1581 πληρώματος
833 1544 878 1569 καὶ
911 1547 956 1569 τοῦ

158 1586 298 1624 ὀχλώδους
321 1588 393 1622 λαοῦ,
417 1589 464 1620 τὰς
486 1590 607 1618 τοιαύτας
633 1587 776 1618 συνοὸικῶς
804 1588 956 1624 ἀνήγγειλαν

154 1634 294 1670 συμφορὰς
326 1632 432 1659 ἰνὼπιον
459 1638 506 1664 τῆς
535 1634 607 1669 ἡμῶν
634 1635 797 1670 μετριὸητὸς⁴
828 1636 873 1659 καὶ
906 1644 956 1659 πα-

152 1678 297 1715 ραστάντες
322 1680 370 1707 τὴν
398 1680 510 1715 σήμερον
538 1678 579 1704 ἐπὶ
606 1682 651 1704 τοῦ
671 1680 763 1714 μέσον,
786 1676 956 1715 διεπρεσϐεύ-

154 1732 234 1750 σαντο
261 1723 347 1749 ὁπόσα
374 1722 435 1761 παρ’
462 1722 563 1749 ἐκείνων
592 1724 731 1759 ἀνενεγκεῖν
761 1722 955 1760 ἐπετράπησαν.

153 1767 288 1804 Ἐφασκον
298 1769 349 1805 γὰρ
361 1769 393 1798 ὡς
406 1771 441 1803 τῷ
458 1768 660 1804 ἁρχιεπισκοπῳ
669 1771 739 1805 κυρῷ
753 1769 874 1803 Neap-Srio
886 1769 957 1804 παρά

152 1816 205 1840 τῶν
230 1815 349 1840 Λατίνων
371 1815 402 1839 οὺ
433 1815 636 1850 συγκεχώρηται
649 1817 679 1842 τῆ
697 1815 768 1848 νήσῳ
786 1810 956 1850 ἐνδιατρίϐειν

162 1860 193 1885 τὸ
222 1857 341 1885 σύνολον·
363 1858 407 1885 οἵτε
427 1862 473 1884 τοῦ
495 1862 563 1894 σφῶν
579 1861 623 1884 καὶ
637 1858 721 1894 ἐτέρου
742 1857 956 1894 ἀρχιεπισκὴπου

153 1901 279 1940 μηδόλως
311 1902 386 1929 ἄλλον
424 1902 525 1929 ἀκούειν
558 1902 766 1940 ἀρχιεπίσκοπον
808 1905 954 1939 στέγοντος,

163 1947 257 1982 Δμέλει
271 1950 316 1975 καὶ
329 1948 411 1975 τέλεον
422 1948 530 1978 ἐκείνους
604 1947 708 1985 ἐκεῖνον]
736 1947 882 1977 ἀπήλασαν.
906 1951 956 1975 Καὶ

154 1996 200 2019 νῦν
209 1994 234 2019 ἓν
243 1996 300 2024 τοῖς
310 1995 401 2030 μέρεσι
416 1997 463 2024 τῆς
479 1993 602 2023 ἀνατολῆς
616 1992 703 2029 διάγει
716 1993 874 2029 πλανώμενος

193 2036 228 2067 ζ’.
243 2037 343 2068 Αὐτοὺς
361 2036 392 2064 δέ
414 2048 444 2074 γε
464 2040 524 2069 τοὺς
548 2038 715 2072 ἐπισκόπους,
746 2040 816 2074 φασὶ,
834 2040 879 2063 καὶ
895 2040 956 2068 τοὺς

153 2081 260 2113 λοιποὺς
285 2083 440 2120 ἱερατικοὺς,
470 2083 505 2114 εἰς
532 2083 665 2118 ὑποταγὴν
693 2082 842 2112 ἐκϐιάζεται
870 2083 882 2108 ὁ
907 2087 955 2109 τῶν

153 2129 273 2154 Λατίνων
308 2127 456 2164 ἀρχιερεὺς,
485 2130 529 2154 καὶ
554 2128 633 2158 οὕτως
666 2127 749 2154 ἐάσειν
779 2129 887 2159 τούτους
912 2138 956 2153 κα-

1018 282 1067 309 tur
1081 282 1172 318 paulo
1187 284 1338 319 post.Jam
1351 293 1422 313 vero
1438 288 1466 315 et
1480 294 1526 314 res
1546 287 1708 316 adversum
1728 288 1847 316 animas

1019 334 1086 355 sese
1101 328 1230 364 superbe
1243 329 1356 364 extulit,
1370 332 1556 367 conaturque
1583 334 1698 361 rectum
1725 332 1845 369 pietatis

1019 379 1190 400 sermonem
1205 376 1374 402 concutere.
1390 374 1465 403 Nam
1481 384 1543 404 una
1561 385 1631 404 cum
1650 376 1845 405 bellatoribus

1020 416 1129 444 Latinis
1141 424 1203 445 non
1218 418 1305 454 pauci
1321 419 1456 455 ejusdem
1473 420 1589 455 generis
1617 421 1786 450 sacerdotes
1813 421 1846 449 in

1017 460 1148 489 insulam
1163 462 1298 497 ingressi,
1316 463 1462 493 Ecclesias
1478 466 1705 497 conturbarunt,
1720 468 1747 494 et
1761 466 1801 494 ad
1814 474 1845 494 se

1018 508 1126 534 cuncta
1140 507 1242 535 divina
1255 508 1426 544 pertrahere
1438 510 1605 546 petulanter
1617 511 1763 538 nituntur.

1054 553 1079 578 5.
1102 552 1172 579 Hinc
1184 552 1334 587 legitimus
1359 556 1387 581 et
1415 555 1578 583 canonicus
1600 558 1757 591 pastorum
1785 555 1846 591 pri-

1018 603 1097 631 mus,
1112 596 1302 625 beatissimus
1318 599 1495 634 Cypriorum
1511 600 1765 636 archiepiscopus,
1792 599 1844 628 do-

1018 640 1117 668 minus
1130 642 1316 678 Neophytus,
1333 651 1351 670 a
1366 652 1421 671 sua
1436 644 1506 672 sede
1519 644 1624 680 pulsus
1651 647 1705 678 est,
1728 644 1846 672 adsciti-

1017 686 1074 712 tius
1085 689 1186 714 autem
1202 687 1327 723 quidam
1340 690 1368 716 et
1387 689 1552 724 peregrinae
1567 689 1678 726 linguas
1697 690 1799 725 homo,
1827 697 1844 717 θ

1018 731 1189 759 Latinorum
1205 739 1322 767 genere,
1333 733 1362 760 in
1373 734 1480 761 eodem
1494 734 1601 762 throno
1614 734 1758 767 insidens,
1781 741 1843 762 non

1017 775 1075 803 alia.
1089 776 1203 804 ratione
1219 786 1249 805 se
1264 778 1482 813 permissurum
1502 781 1665 813 asseverat,
1692 780 1725 807 ut
1748 778 1843 806 nostri

1017 822 1124 849 sacrati
1139 822 1285 854 homines,
1303 824 1366 850 tum
1383 823 1524 859 episcopi,
1542 825 1604 851 tum
1620 824 1728 856 caeteri,
1745 830 1843 859 popu-

1015 865 1078 894 lum
1094 869 1264 895 Romanum
1278 876 1331 895 seu
1343 869 1478 895 Graecum
1500 870 1627 904 pascant
1652 870 1680 896 et
1703 868 1840 904 doceant,

1016 911 1072 939 nisi
1088 912 1169 948 prius
1185 912 1403 948 subjectionem
1418 912 1501 941 illam
1515 921 1621 941 eorum
1644 912 1797 946 subierint,
1814 913 1843 940 et

1017 957 1241 993 astipulationes
1254 966 1333 985 novo
1347 958 1499 994 nothoque
1510 958 1642 994 pontiﬁci
1654 960 1754 992 gratas
1767 965 1841 993 prae-

1016 1002 1304 1039 stiterint;alioquin
1329 1011 1381 1031 eos
1408 1003 1532 1031 omnino
1547 1011 1583 1031 ex
1609 1003 1708 1031 insula
1722 1002 1841 1039 ejicien-

1015 1047 1071 1074 dos
1082 1055 1160 1081 esse,
1178 1048 1254 1075 adeo
1270 1050 1300 1075 ut
1313 1048 1485 1084 pastoribus
1498 1051 1526 1076 et
1539 1048 1712 1076 doctoribus
1725 1047 1840 1083 disper-

1016 1093 1065 1127 sis,
1080 1093 1247 1128 periculum
1259 1093 1295 1121 sit
1310 1101 1347 1121 ne
1361 1093 1466 1122 Christi
1483 1101 1553 1128 grex
1567 1094 1597 1120 in
1622 1092 1787 1129 praecipitia.
1813 1094 1841 1120 et

1016 1137 1158 1166 barathra
1173 1139 1340 1174 divagetur.

1052 1186 1067 1211 6
1088 1186 1184 1219 Atque
1195 1184 1259 1212 haec
1271 1185 1395 1220 quidem
1411 1185 1475 1220 jam
1490 1192 1508 1212 a
1520 1184 1610 1218 lougo
1637 1186 1770 1219 tempore
1798 1183 1840 1210 di—

1016 1227 1138 1263 vulgata.
1151 1228 1277 1261 fuerant,
1294 1231 1322 1257 et
1337 1229 1376 1256 ad
1389 1235 1476 1256 aures
1492 1227 1704 1256 mediocritatis
1730 1229 1840 1255 nostras

1015 1276 1223 1307 pervenerant.
1240 1275 1322 1302 Nunc
1329 1282 1399 1302 vero
1410 1273 1651 1308 religiosissimus
1659 1272 1840 1301 sanctissimi

1014 1318 1204 1354 episcopatus
1220 1319 1312 1346 Soleae
1328 1319 1357 1346 in
1373 1319 1480 1355 Cypro,
1498 1318 1644 1351 Leontius,
1660 1321 1688 1346 et
1701 1324 1837 1346 reveren-

1014 1362 1070 1390 dus
1085 1363 1258 1391 monasterii
1280 1363 1507 1399 Apsinthiorum
1535 1362 1725 1399 praepositus,
1752 1369 1838 1391 sacer

1014 1408 1181 1435 monachus
1198 1408 1347 1443 Leontius,
1363 1408 1402 1435 ad
1415 1409 1551 1435 nostram
1558 1407 1640 1435 missi
1650 1407 1839 1436 mediocrita-

1012 1454 1083 1486 tem,
1099 1454 1162 1480 tum
1176 1461 1194 1480 a
1207 1461 1261 1481 suo
1279 1453 1438 1481 batissimo
1464 1452 1699 1488 archiepiscopo,
1729 1453 1794 1480 tum
1821 1459 1840 1480 a.

1012 1497 1133 1533 reliquis
1159 1490 1316 1534 episcopis,
1346 1505 1464 1525 nencon
1480 1497 1519 1524 ab
1532 1496 1613 1524 omni
1639 1504 1724 1524 sacro
1749 1497 1837 1528 coetu,

1012 1542 1137 1579 ipsaque
1155 1542 1252 1578 plebe,
1268 1542 1358 1570 hasce
1374 1542 1518 1578 synodice
1539 1541 1722 1569 calamitates
1735 1548 1839 1569 coram

1013 1590 1114 1615 nostra
1130 1587 1332 1615 mediocritate
1347 1587 1511 1615 retulerunt
1528 1596 1534 1620 ;
1548 1586 1697 1622 hodieque
1724 1586 1755 1613 in
1780 1593 1840 1613 me-

1012 1632 1097 1660 dium
1110 1632 1281 1668 prodentes,
1298 1640 1333 1660 ex
1346 1632 1494 1666 legatione
1508 1639 1576 1667 quae
1593 1631 1631 1658 ab
1646 1630 1701 1658 illis
1715 1630 1840 1658 deman-

1012 1677 1083 1705 data
1097 1676 1154 1705 sibi
1169 1677 1286 1705 fuerant
1303 1676 1448 1713 prolocuti
1466 1678 1544 1704 sunt.
1563 1677 1675 1711 Nempe
1690 1675 1838 1709 dixerunt,

1012 1731 1207 1760 nequaquam
1228 1723 1359 1752 aLatinis
1374 1731 1554 1751 concessum
1560 1729 1623 1750 esse
1634 1721 1758 1750 domino
1765 1723 1837 1750 Neo-

1012 1768 1107 1805 phyto
1119 1769 1345 1805 archiepiscopo
1360 1770 1391 1796 ut
1405 1768 1455 1796 illo
1471 1767 1562 1795 modo
1575 1767 1604 1795 in
1620 1767 1719 1795 insula
1737 1775 1839 1795 mane-

1011 1815 1065 1846 ret,
1077 1821 1145 1841 cum
1160 1813 1233 1841 alter
1246 1813 1294 1841 ille
1310 1821 1414 1841 eorum
1441 1812 1685 1848 archiepiscopus
1713 1811 1840 1840 nullate-

1011 1867 1068 1886 nus
1083 1858 1175 1886 alium
1190 1858 1347 1886 sustineret
1357 1857 1461 1885 audire
1474 1856 1744 1892 archiepiscopum.
1755 1856 1838 1884 Unde

1011 1903 1129 1939 penitus
1158 1911 1228 1930 eum
1255 1902 1442 1939 expulerunt,
1473 1903 1504 1930 Et
1533 1909 1614 1929 nunc
1638 1908 1691 1937 per
1713 1900 1838 1929 Orientis

1011 1949 1118 1985 plagas
1138 1948 1265 1976 oberrat.

1047 2087 1072 2112 7.
1095 2083 1280 2111 Addiderunt
1293 2081 1393 2116 legati,
1409 2081 1490 2117 quod
1515 2081 1672 2117 episcopos
1687 2080 1770 2117 ipsos
1784 2089 1838 2109 cae-

1013 2132 1150 2164 terosquc
1183 2128 1258 2156 sacri
1284 2126 1397 2155 ordinis
1426 2126 1464 2154 ad
1478 2126 1707 2161 subjectionem,
1724 2126 1839 2154 Latino-

154 2173 343 2208 θυπισχνεῖται
371 2173 415 2203 τὰς
441 2172 536 2204 οἰκείας
560 2174 630 2208 ἔχειν
655 2172 797 2203 ἐπισκοπὰς
824 2175 868 2198 καὶ
893 2174 957 2210 ἱερα-

1015 2182 1079 2201 rum
1090 2172 1221 2209 pontifex
1234 2172 1322 2207 cogit,
1337 2174 1426 2207 atque
1439 2179 1475 2199 ea
1489 2170 1659 2198 conditione
1683 2170 1839 2206 pollicetur

151 2221 235 2247 τικῶς
276 2216 394 2254 ἐνεργεῖν.
442 2219 491 2243 Καὶ
532 2217 739 2254 παρεγκλήτευον
770 2219 798 2243 τὸ
837 2220 956 2246 ποιητέον

153 2262 247 2298 μαθεῖν
271 2262 343 2299 παρά
369 2271 396 2288 τι
419 2265 467 2292 τῆς
491 2262 563 2298 ἡμῶν
590 2265 757 2299 μετριότητος
780 2265 825 2288 καὶ
849 2267 894 2293 τῆς
926 2264 956 2288 ἱε-

152 2309 203 2345 ρᾶς
229 2304 411 2342 ἁδελφότητος.
438 2307 485 2332 Διὰ
506 2307 555 2344 γὰρ
581 2311 628 2338 τῆς
652 2308 748 2333 τούτων
771 2307 893 2343 γλώσσης
913 2309 957 2338 τὰς

152 2355 204 2378 τῶν
246 2353 369 2388 Κυπρίων
410 2352 511 2377 πάντων
545 2351 629 2387 ἔλεγον
662 2353 822 2388 παρεστάναι
854 2352 954 2388 ψυχὰς,

152 2398 201 2422 καὶ
222 2398 270 2425 τὴν
298 2397 371 2432 ἡμῶν
399 2397 574 2432 γουνάζεσθαι
599 2398 756 2433 μετριότητα
785 2401 830 2427 τῆς
856 2396 955 2423 ἐκείνων

154 2443 290 2478 σωτηρίας
308 2439 539 2475 ἀντιποιήσασθαι,
562 2443 606 2467 καὶ
631 2443 666 2477 μὴ
691 2444 780 2478 χώραν
802 2442 869 2467 οὕτω
892 2442 956 2468 πλα-

150 2489 224 2512 τεῖαν
260 2488 305 2511 καὶ
343 2485 544 2522 πολυάνθρωπον
586 2485 735 2512 καταλιπεῖν
778 2485 954 2523 ἀπροστάτευ-

149 2541 206 2562 τον,
237 2531 274 2561 ὡς
297 2530 371 2566 λιμὸν
395 2530 506 2567 λιμῶξαι
535 2531 574 2565 (4)
607 2533 651 2556 καὶ
678 2529 759 2566 δίψαν
793 2530 894 2566 παθεῖν,
925 2532 953 2558 οὗ

149 2574 294 2612 βρώματος
324 2573 386 2601 οὐδὲ
420 2578 546 2611 πόματος,
577 2575 641 2602 ἀλλὰ
672 2580 716 2601 τοῦ
750 2576 849 2602 ἀκούειν
880 2576 954 2612 λογον

147 2623 218 2647 Θεοῦ
223 2640 230 2647 .

183 2673 196 2693 ⁸
206 2675 300 2702 Amos
313 2681 371 2708 vui,
387 2674 433 2702 11.

185 2727 224 2763 (4)
254 2728 337 2769 Λιμόν
368 2726 492 2769 λιμῶξαι.
528 2729 633 2769 Fames
649 2727 815 2769 spiritalis,
840 2728 877 2769 de
892 2737 954 2769 qua

147 2770 272 2799 expono
279 2763 380 2800 locum
390 2764 553 2800 obscurum
564 2764 671 2791 Leonis
680 2763 868 2800 imperatoris
877 2763 953 2793 orat.

147 2801 261 2839 6_Auc_.
278 2799 455 2839 (jombeful,
477 2807 502 2839 (ξ.
531 2801 608 2839 169οτ
631 2801 670 2827 D:
762 2805 879 2839 πεινῶντι
897 2810 954 2839 τρο-

148 2837 212 2872 φὴν,
245 2835 259 2861 ὁ
282 2834 350 2872 λιμῷ
374 2833 540 2868 κινδυνεύων,
568 2837 613 2861 καὶ
639 2840 673 2871 τῷ
695 2835 721 2867 ἐξ
746 2836 855 2873 οὐρανοῦ
874 2833 953 2863 κατα-

1013 2226 1043 2245 se
1055 2218 1089 2245 iis
1100 2218 1321 2253 permissurum
1347 2216 1459 2243 habere
1486 2215 1677 2252 episcopatus
1694 2223 1775 2247 suos,
1792 2223 1839 2243 sa-

1013 2271 1122 2298 craque
1133 2262 1215 2289 obire
1245 2261 1358 2289 munia.
1388 2263 1461 2288 Tum
1490 2260 1733 2293 obsecraverunt,
1757 2260 1797 2288 uti
1821 2268 1839 2289 a

1013 2307 1100 2335 nobis
1115 2310 1143 2335 ct
1159 2315 1245 2334 sacra
1270 2306 1450 2334 fraternitate
1473 2305 1623 2333 discerent
1647 2305 1720 2341 quid
1747 2313 1838 2340 agen-

1012 2353 1085 2380 dum
1096 2354 1182 2380 esset.
1199 2352 1325 2379 Aiebant
1335 2352 1458 2387 quippe,
1475 2353 1651 2378 cunctorum
1661 2351 1838 2387 Cypriorum

1011 2398 1128 2426 animas
1142 2405 1194 2433 per
1203 2405 1289 2425 suam
1302 2396 1437 2431 linguam
1447 2396 1564 2429 adesse,
1580 2397 1609 2424 et
1623 2395 1838 2424 mediocritatis

1011 2445 1120 2470 nostra
1136 2450 1236 2478 genua
1260 2442 1409 2478 amplecti,
1435 2441 1667 2477 suppliciterque
1695 2448 1781 2469 orare
1806 2442 1839 2469 ut

1011 2487 1114 2516 salutis
1127 2495 1231 2515 eorum
1256 2495 1360 2515 curam
1385 2486 1597 2522 suscipiamus,
1613 2494 1669 2514 nec
1683 2485 1838 2520 regionem

1010 2532 1086 2560 adeo
1100 2532 1234 2569 amplam
1250 2535 1277 2560 et
1290 2532 1470 2568 populosam
1484 2531 1649 2568 patrocinio
1663 2530 1838 2558 destitutam
1878 2546 1883 2550 -

1009 2577 1225 2614 relinquamus,
1238 2577 1279 2606 ita
1294 2579 1326 2605 ut
1336 2576 1446 2605 esuriat
1461 2580 1488 2604 et
1503 2575 1581 2604 sitim
1608 2575 1748 2611 patiatur,
1775 2582 1837 2603 non

1009 2622 1126 2651 defectu
1142 2622 1200 2650 cibi
1216 2625 1244 2650 et
1255 2625 1357 2658 potus,
1369 2621 1423 2649 sed
1437 2620 1581 2650 audiendi
1594 2620 1719 2649 verbum
1746 2619 1796 2648 Dei
1813 2620 1836 2648 ‘.

1339 2729 1369 2756 Id
1388 2730 1432 2756 est
1455 2737 1461 2757 :
1498 2729 1546 2757 Da
1571 2728 1667 2757 cibum
1694 2729 1839 2757 esurienti

1009 2729 1086 2767 ϐάντι
1102 2729 1173 2766 οἷρτῳ
1186 2731 1300 2767 τραῗείς.

1009 2765 1382 2802 ᾳιιίίαγηερριηειίιοήεβί
1389 2772 1470 2799 pane
1480 2765 1531 2793 illo
1540 2765 1634 2800 quide
1641 2765 1712 2802 εξειο
1720 2765 1838 2793 descen-

1009 2801 1053 2830 dit
1066 2803 1202 2829 null-iris.
1219 2801 1264 2830 Sic
1277 2801 1357 2828 idem
1378 2804 1530 2835 Augustus
1543 2803 1618 2828 orat.
1639 2801 1690 2829 ult.
1703 2808 1728 2828 c.
1743 2802 1753 2828 1
1772 2802 1836 2830 743.

995 2839 1021 2869 Δ
1051 2837 1088 2865 de
1126 2837 1225 2865 Maria.
1257 2840 1339 2875 Χαῖρε
1370 2839 1384 2865 ὴ
1417 2838 1460 2862 τὸν
1481 2847 1498 2863 κ
1533 2841 1589 2867 ινῶς
1625 2839 1671 2863 καὶ
1700 2837 1837 2873 ὑπερφυῶς
