4132 6426
486 293 586 349 607

483 505 978 574 obsecraret,rem
1007 510 1388 568 mediocritas
1413 517 1616 569 nostra
1645 527 1768 569 una
1797 527 1934 568 cum
1965 526 2138 568 sacra

483 595 846 655 fraternitate
911 599 1370 658 deliberandam
1435 603 1765 676 proposuit.
1810 601 2136 674 Visumque

486 690 576 742 est
606 686 830 760 duplex
875 690 1155 764 utrinque
1180 690 1493 749 imminere
1519 692 1876 767 periculum,
1937 695 1993 748 et
2041 705 2136 748 ca-

489 792 626 833 sum
656 793 728 834 ex
753 781 1003 853 utraque
1030 785 1198 853 parte
1252 782 1642 856 praecipitem.
1673 786 1927 842 Tantum
1975 780 2137 837 enim

487 866 782 941 populum
808 869 1036 942 absque
1057 872 1340 943 pastorali
1365 872 1696 946 patrocinio
1723 871 1939 941 deseri,
1993 886 2140 946 quo-

484 970 621 1012 rum
653 958 900 1029 sanguis
925 974 1032 1032 per
1061 962 1249 1018 Deum
1278 977 1310 1019 e
1359 961 1642 1020 manibus
1694 967 2006 1036 pastorum
2052 975 2137 1016 re-

487 1045 818 1118 quirendus
861 1051 950 1107 est
999 1050 1042 1119 ⁵,
1097 1055 1413 1126 peccatum
1471 1056 1558 1108 est
1601 1051 1828 1123 ingenti
1883 1065 2140 1108 censura

487 1137 1017 1204 condemnandum
1048 1169 1060 1203 :
1095 1145 1439 1202 Latinorum
1470 1146 1673 1202 autem
1710 1139 2000 1200 voluntati
2050 1155 2142 1197 ce-

489 1224 649 1296 dere,
678 1234 735 1286 et
759 1247 896 1290 cum
917 1235 1308 1293 schismaticis
1356 1231 1765 1291 consensionis
1812 1231 2006 1289 facere
2035 1229 2140 1287 fos-

490 1314 622 1389 dus,
654 1318 968 1381 dissonum
998 1325 1233 1383 videtur
1257 1339 1607 1382 acanonum
1630 1321 2142 1394 rigore,alienum-

491 1421 608 1478 que
636 1409 714 1466 ab
745 1413 1122 1472 ecclesiaticis
1169 1413 1728 1473 consuetudinibus.
1780 1415 1916 1470 Erat
1961 1411 2141 1483 igitur

489 1509 713 1571 anceps
735 1501 1105 1578 disceptatio,
1129 1510 1186 1563 et
1215 1506 1292 1564 ad
1313 1505 1660 1563 alterutrum
1681 1501 2008 1578 propensio
2034 1500 2141 1558 du-

489 1582 610 1642 bia.
645 1590 858 1647 Verum
890 1598 1215 1669 postquam
1263 1599 1320 1652 et
1388 1593 1771 1652 mediocritas
1821 1595 2029 1649 nostra
2085 1593 2141 1648 et

492 1689 665 1733 sacra
693 1678 1030 1740 fraternitas
1053 1685 1276 1743 multas
1298 1685 1585 1742 volutavit
1605 1681 2136 1747 considerationes,

489 1765 737 1825 demum
765 1774 995 1830 censuit
1025 1775 1403 1833 mediocritas
1422 1779 1648 1845 nostra,
1699 1774 1831 1848 ipsa
1878 1771 2141 1846 speciem

491 1855 880 1928 subjectionis
910 1879 1096 1936 quam
1129 1864 1337 1922 Latani
1365 1863 1755 1939 postulabant
1784 1862 2033 1936 proferri
2063 1860 2143 1919 ad

492 1947 796 2018 synodum
826 1951 1063 2011 debere.
1090 1955 1252 2012 Unde
1275 1956 1584 2013 cohortata
1605 1958 1692 2011 est
1711 1953 2064 2028 episcopum
2086 1957 2143 2010 et

492 2034 796 2108 abbatem,
821 2045 884 2098 ut
915 2044 1253 2117 spiritaliter
1299 2060 1438 2102 cum
1489 2045 1734 2103 veritate
1778 2043 2144 2118 explicarent

491 2141 774 2199 quasnam
804 2131 904 2190 illa
934 2138 1131 2192 essent
1159 2151 1293 2208 quae
1325 2151 1360 2192 a
1393 2134 1612 2193 Latinis
1663 2133 2132 2208 postularentur.

565 2401 615 2454 9.
659 2401 1113 2474 Responderunt
1140 2405 1221 2463 illi
1250 2405 1355 2463 tria
1376 2405 1505 2464 haec
1557 2406 1791 2464 Latinos
1837 2405 2146 2463 inevitabi-

491 2486 622 2545 liter
641 2491 982 2563 requirere:
1017 2495 1300 2568 primum,
1333 2512 1554 2553 manus
1595 2495 1876 2552 manibus
1924 2495 2144 2552 immit-

493 2580 634 2647 tere,
668 2581 1066 2641 sacerdolales
1097 2586 1592 2658 sacerdotalibus,
1619 2591 1859 2643 nostros
1891 2587 2141 2643 Latinis:

491 2665 605 2725 hoc
635 2685 901 2745 namque
931 2689 1060 2731 esse
1090 2675 1314 2734 infestis
1353 2680 1544 2734 tutam
1575 2675 1935 2740 cautionem,
1969 2676 2146 2734 servi-

490 2757 562 2815 lis
583 2757 642 2815 in
662 2762 913 2832 negotiis
934 2763 1314 2825 demissionis
1339 2785 1352 2837 ;
1377 2767 1730 2835 secundum,
1756 2773 1819 2823 ut
1836 2768 2145 2825 Romanus

1641 295 1948 354 GERMANI
1987 296 2034 351 II
2070 293 2175 352 ΟΡ.
2215 291 2683 353 PATRIARCHE

556 419 608 472 8.
657 419 773 475 Ista
800 433 938 476 cum
969 418 1287 496 episcopus
1311 424 1508 480 oraret
1537 421 1811 496 supplex,
1845 424 1902 478 et
1939 419 2135 478 abbas
2164 417 2214 476 Α

3751 303 3858 359 608

2321 420 2393 480 η’.
2467 428 2648 476 Ταῦτα
2705 428 2796 477 τοῦ
2859 422 3148 479 ἐπισκόπου
3240 425 3678 500 καθικετεύοντος,
3763 448 3859 483 και

2247 517 2340 564 τοῦ
2387 513 2674 586 ἡγουμένου
2722 513 3220 590 προσλιπαροῦντος,
3276 516 3308 575 ἡ
3370 521 3653 590 μετριότης
3702 520 3856 593 ἡμῶν

2244 602 2376 672 μετά
2425 609 2520 666 τῆς
2579 604 2714 680 ἱερᾶς
2781 600 3134 678 ἀδελφότητος
3181 605 3255 668 εἰς
3311 605 3496 679 σκέψιν
3557 609 3698 662 ἔθετο
3782 610 3855 663 τὰ

2245 696 2338 743 τοῦ
2403 692 2731 766 πράγματος.
2803 697 2905 748 Καὶ
2985 691 3158 748 ἐδόκει
3238 690 3459 773 διπλοῦς
3529 696 3852 772 ἑκατέρωθεν

2245 775 2482 844 κίνδυνος
2521 787 2610 835 καὶ
2668 781 3028 858 ἀμφίκρημνος
3084 784 3308 847 ὄλισθος.
3368 791 3438 841 Τό
3489 806 3544 840 τε
3597 789 3700 864 γὰρ
3766 807 3855 842 το-

2251 865 2435 924 σοῦτον
2489 870 2954 948 ἐγκαταλειφθῆναι
3005 874 3127 928 λαὸν
3176 879 3508 951 προστασίας
3564 878 3686 955 ἄτερ
3738 898 3862 932 ποι-

2247 969 2524 1034 μαντικῆς,
2575 960 2643 1015 ὧν
2698 966 2766 1018 τὰ
2817 965 3013 1039 αἵματα
3058 965 3314 1029 ἐζήτηται
3368 965 3502 1042 [Am
3557 966 3860 1031 ἓκζητεῖται

2249 1053 2342 1110 vel
2373 1051 2735 1130 ἕκξητήσεται]
2765 1056 2907 1131 παρά
2935 1063 3008 1129 τῷ
3057 1063 3172 1130 Θεῷ
3223 1055 3278 1110 ἐκ
3331 1064 3422 1119 τῆς
3483 1065 3584 1111 τῶν
3640 1079 3860 1133 ποιμαι-

2247 1142 2432 1193 νόντων
2462 1145 2664 1217 χειρός,
2707 1142 2938 1217 μεγάλην
2987 1147 3081 1203 τὴν
3134 1144 3350 1204 εὐθύνην
3401 1147 3518 1219 ἔχει
3586 1149 3645 1200 τὸ
3694 1148 3863 1202 κατά·-

2249 1250 2431 1307 κριμα,
2463 1231 2554 1285 καί
2588 1235 2645 1287 τό
2685 1229 2924 1287 ἐνδοῦναι
2963 1229 3022 1288 δὲ
3056 1233 3261 1294 θελήσει
3306 1239 3561 1310 Λατινικῇ
3611 1240 3702 1291 καὶ
3729 1257 3862 1314 σχι-

2251 1327 2525 1395 σματικοῖς
2592 1324 2876 1376 συνθέσθαι
2941 1328 3032 1378 καὶ
3115 1327 3442 1380 σπείσασθαι
3507 1322 3712 1399 ἀπᾷδον
3787 1335 3858 1402 τῇ

2247 1418 2345 1466 τῶν
2405 1414 2626 1466 κανόνων
2681 1411 2920 1487 ἀκριϐείᾳ
2989 1409 3154 1486 δοκεῖ,
3238 1419 3327 1468 καὶ
3401 1413 3860 1475 ἔκκλησιαστικῶν

2249 1499 2438 1574 ἕθίμων
2488 1501 2772 1578 ἀλλότριον.
2824 1502 2920 1558 Ἦν
2968 1510 3090 1576 γοῦν
3140 1506 3166 1558 ό
3212 1503 3361 1578 λόγος
3406 1503 3710 1580 ἀμφίϐολος,
3763 1510 3862 1562 καὶ

2249 1591 2278 1650 ἡ
2309 1594 2434 1667 πρὸς
2456 1593 2666 1666 θάτερον
2713 1599 2887 1658 νεῦσις
2916 1592 3405 1670 ἀμφισϐητήσιμος.
3463 1594 3548 1658 Ὠς
3606 1591 3666 1649 δὲ
3720 1595 3861 1652 πολ-

2247 1679 2363 1742 λοὺς
2393 1683 2423 1740 ἣ
2469 1700 2522 1738 τε
2584 1687 2858 1758 μετριότης
2922 1685 3067 1757 ἡμῶν
3134 1688 3226 1738 καὶ
3292 1685 3323 1744 ἠ
3397 1686 3508 1761 ἱερά
3563 1684 3858 1759 ἀδελφότης

2249 1767 2490 1824 ἀνεῦιιττε
2539 1769 2844 1846 λογισμοὺς,
2895 1773 3034 1837 τελος
3091 1777 3181 1827 καὶ
3251 1775 3378 1831 αὐτὸ
3435 1777 3493 1828 τό
3564 1771 3703 1839 εἶδος
3758 1781 3857 1838 τῆς

2253 1858 2638 1934 ἀπαιτουμένης
2690 1864 2832 1938 παρὰ
2886 1871 2983 1917 τῶν
3042 1869 3276 1917 Λατινων
3350 1865 3624 1938 ὑμοταγῆς
3698 1883 3854 1922 συνο-

2254 1946 2470 2014 δικῶςὴ
2513 1956 2791 2028 μετριότης
2839 1955 2981 2027 ἡμῶν
3025 1955 3470 2028 χρωματισθῆναι
3641 1955 3847 2031 χρημ.]

2253 2035 2586 2100 διενοήσατο.
2610 2041 2761 2098 Ὀθεν
2792 2048 3198 2118 παρεγγυήσατο
3229 2051 3301 2116 τῷ
3347 2043 3613 2117 ἐπισκόπῳ
3655 2065 3709 2098 τε
3761 2045 3854 2099 καί

2251 2145 2323 2208 τῷ
2387 2137 2759 2209 καθηγουμένῳ
2838 2142 3189 2208 πνευματικῶς
3276 2129 3642 2209 διευκρινῆσαι
3739 2135 3855 2209 μετ’

2253 2229 2513 2293 ἀληθείας,
2583 2230 2695 2279 τίνα
2743 2243 2801 2300 γε
2856 2225 2960 2301 ἄρα
3014 2226 3082 2278 τὰ
3136 2226 3281 2299 παρὰ
3308 2233 3404 2279 τῶν
3436 2229 3671 2282 Λατίνων
3722 2223 3858 2303 ἀπῃ-

2252 2323 2449 2394 τημένα
2480 2317 2603 2372 εἰσί.

2327 2408 2388 2465 θ’,
2423 2407 2550 2463 ,Καὶ
2609 2412 2754 2460 οῦτοι
2826 2409 2949 2476 τρία
2998 2412 3169 2460 ταῦτα
3230 2405 3404 2469 ζητεῖν
3476 2406 3860 2480 ἀπαραιτήτως

2252 2503 2446 2574 ἔφασαν
2515 2501 2635 2562 τοὺς
2711 2499 3000 2557 Λατίνους⁸
3069 2503 3258 2574 χεῖρας
3329 2500 3520 2571 χερσὶν
3615 2494 3856 2569 ἐμϐαλεῖν

2257 2589 2534 2664 ἱερατικαῖς
2566 2605 2578 2618 ·
2676 2593 2828 2639 τοῦτο
2911 2588 3012 2662 γὰρ
3089 2586 3219 2642 εἶναι
3301 2593 3407 2648 τοῖς
3509 2590 3862 2662 ἐπηρεασταῖς

2253 2677 2506 2752 ἐχέγγυον
2563 2675 2804 2750 ἀσφαλες,
2862 2671 3183 2737 δουλωτικῆς
3248 2673 3297 2728 ἔν
3362 2677 3668 2750 πράγμασιν
3733 2677 3864 2730 ὑπο.

2253 2768 2464 2831 κλίσεως
2491 2784 2504 2800 ·
2573 2764 2808 2839 δεύτερον
2883 2768 2941 2819 τὸ
3015 2768 3101 2818 τὸν
3175 2764 3423 2838 μέλλοντα
3457 2763 3706 2838 Ῥωμαῖον
3786 2767 3867 2828 εἰς

493 2848 574 2906 ad
603 2851 1033 2912 sacerdotalem
1053 2855 1346 2914 honorem
1375 2857 1817 2932 provehendus,
1847 2864 1984 2930 post
2032 2856 2134 2914 ele-

2257 2858 2517 2934 ἱερατικὴν
2578 2855 2872 2932 προϐαίνειν
2932 2859 3110 2928 τιμὴν,
3171 2856 3302 2927 μετά
3360 2857 3452 2914 τὴν
3505 2861 3604 2906 τῶν
3660 2855 3862 2929 ὁμοφύ-

491 2938 747 2997 ctionem
775 2958 811 3000 a
836 2945 1231 3018 popularibus
1253 2947 1374 3004 suis
1404 2949 1643 3018 factam,
1685 2948 1807 3004 sive
1827 2947 1888 3004 in
1919 2948 2145 3021 episco-

493 3044 641 3104 pum
665 3037 1246 3110 promoveatur,sive
1273 3037 1350 3094 ad
1373 3037 1577 3095 alitam
1592 3037 2034 3095 ordinationem
2051 3036 2144 3094 vel

495 3119 574 3176 ad
612 3123 1036 3184 monachalem
1089 3127 1508 3199 prmfecturam
1554 3131 1905 3200 assumptus
1948 3126 2141 3194 fuerit,

493 3210 695 3268 nullus
720 3215 969 3272 omnino
995 3216 1224 3291 absque
1254 3219 1439 3278 Latini
1485 3220 1695 3277 notitia
1749 3219 2147 3276 constituatur

493 3299 555 3357 in
581 3301 869 3374 dignitate
916 3307 996 3364 ad
1050 3323 1113 3365 se
1161 3309 1509 3382 pertinente.
1561 3310 1624 3366 Id
1665 3325 1846 3383 porro
1907 3307 2144 3365 Latinos

495 3397 740 3466 propter
767 3399 938 3470 turpe
962 3397 1186 3456 lucrem
1211 3401 1504 3459 duntaxat
1532 3405 1806 3474 expetere
1833 3399 2146 3457 contestati

499 3487 655 3539 sunt.
681 3485 936 3544 Tertium
957 3489 1035 3546 ad
1059 3489 1188 3548 haec
1209 3491 1576 3564 adjecerunt,
1612 3495 1676 3547 ut
1710 3489 1886 3548 Graeci
1936 3505 1972 3546 a
2024 3488 2148 3544 suis

495 3571 743 3646 quidem
769 3576 1085 3651 episcopis,
1119 3597 1256 3638 cum
1275 3596 1517 3638 necesse
1539 3579 1730 3644 fuerit,
1759 3578 2102 3652 judicentur
2131 3595 2144 3647 ;

499 3661 550 3719 si
578 3663 714 3736 quis
745 3669 944 3724 tamen
974 3684 1005 3725 e
1029 3669 1314 3742 judicatis
1341 3669 1546 3728 forsan
1591 3669 1840 3728 voluerit
1891 3668 1969 3726 ad
2001 3667 2150 3725 Lati-

497 3767 714 3811 norum
747 3757 1270 3834 archiepiscopum
1309 3775 1659 3836 provocare,
1706 3764 1996 3832 tanquam
2044 3772 2149 3830 op-

497 3856 739 3916 pressus
764 3845 1056 3918 videlicet,
1103 3866 1210 3907 seu
1256 3849 1504 3907 clericus
1551 3867 1657 3907 seu
1703 3849 1891 3906 laicus
1939 3847 2029 3915 sit,
2071 3845 2150 3905 ab

497 3931 598 3989 illo
619 3937 1028 3997 controversia
1057 3939 1429 3998 discutiatur.
1463 3941 1653 4014 Super
1698 3940 1792 3996 his
1836 3936 2151 3996 mediocri-

499 4024 590 4080 tas
618 4029 823 4083 nostra
847 4032 984 4100 post
1025 4029 1502 4104 disquisitionem
1549 4046 1674 4089 una
1718 4045 1858 4087 cum
1901 4027 2152 4085 fratrum

500 4117 983 4186 congregatione,
1044 4122 1102 4176 et
1152 4119 1435 4179 inchoato
1509 4120 1816 4178 deﬁnitivo
1889 4117 2148 4185 decreto,

499 4217 738 4260 necnon
760 4219 831 4262 ea
854 4221 988 4279 quae
1019 4207 1150 4266 visa
1177 4213 1316 4267 sunt
1339 4209 1673 4278 declarans,
1701 4209 1864 4267 hunc
1911 4208 1974 4265 in
2022 4222 2151 4265 mo-

499 4290 647 4350 dum
667 4296 1093 4366 pronuntiavit.

579 4385 663 4440 10.
705 4383 925 4442 Omnes
951 4401 1154 4446 sacros
1180 4404 1465 4460 canones,
1495 4393 1742 4448 cunctas
1801 4387 2167 4448 traditiones

501 4470 756 4544 divinas,
819 4474 1130 4534 universas
1205 4478 1568 4537 venerabiles
1605 4481 1890 4554 piissimae
1936 4481 2155 4536 nostrae

503 4560 777 4618 Ecclesiae
806 4564 954 4622 ritus
979 4567 1259 4641 amplecti
1288 4575 1344 4627 et
1371 4586 1606 4628 servare
1633 4571 1848 4628 illaesos
1869 4586 1940 4626 ac
1968 4568 2157 4626 invio-

501 4651 676 4722 latos,
694 4654 820 4726 jam
835 4656 1144 4714 sanximus
1174 4664 1296 4717 tam
1317 4678 1498 4719 manu
1514 4677 1699 4734 quam
1712 4661 1920 4731 lingua
1933 4658 2156 4716 adhuc-

503 4758 623 4815 que
649 4745 974 4820 sancimus,
1004 4749 1211 4806 Christi
1240 4752 1441 4822 gratiae
1472 4751 1701 4808 conﬁsi.
1733 4755 1815 4808 lta
1855 4747 2155 4822 siquidem

505 4836 563 4889 et
589 4834 942 4908 scripsimus
974 4842 1030 4894 et
1049 4839 1306 4897 confessi
1337 4845 1707 4915 sumus,tum
1737 4840 1986 4912 singulis
2035 4841 2156 4898 die-

503 4920 620 4978 bus
648 4939 757 4997 pro
785 4924 856 4981 iis
887 4925 1286 4995 decertamus,
1319 4936 1498 5004 atque
1527 4947 1792 4998 oramus,
1821 4935 1886 4988 ut
1936 4947 2155 4988 manus

503 5014 726 5087 pariter
754 5020 808 5073 et
845 5034 965 5076 vox
1011 5021 1217 5078 Jacobi
1266 5022 1620 5095 patriarchae
1656 5022 2003 5093 consistant,
2050 5023 2156 5096 qui

505 5103 685 5161 etiam
718 5112 1048 5181 antequam
1097 5117 1497 5170 nasceretura
1540 5115 1659 5170 Deo
1703 5111 1954 5170 dilectus
1998 5117 2086 5169 est
2110 5113 2152 5166 θ.

577 5249 598 5284 ⁵
620 5250 823 5308 Ezech.
854 5267 934 5321 ιιι,
964 5253 1052 5308 18.
1130 5255 1152 5291 ⁸
1181 5257 1349 5312 Rom.
1380 5273 1453 5327 ix,
1489 5260 1683 5314 “~13.

507 5432 869 5511 γεωργηθέντα
920 5435 1088 5511 ,ἄρτον
1151 5438 1381 5511 φ-ἐρουσα
1445 5435 1699 5511 τράπεζαί
1755 5434 1837 5511 οὔ,
1892 5439 2158 5508 τραφέντες

509 5505 559 5555 οἵ
608 5511 671 5580 τῇ
732 5505 977 5580 γεωργία
1021 5515 1115 5569 τῆς
1158 5505 1397 5570 ἀκάνθης
1449 5505 1584 5580 λίμῷ
1653 5505 2012 5579 ἀπολλύμενοι,
2069 5516 2159 5560 τοῦ

509 5570 753 5651 κινδύνου
809 5570 1235 5651 διὰσέσὼσμεθα·
1292 5581 1426 5649 Ave,
1479 5570 1684 5636 fnénsa
1747 5570 1880 5650 quae
1944 5570 2161 5650 panem

509 5647 684 5703 illum
704 5664 854 5709 novo
871 5647 1276 5724 naturamque
1303 5647 1624 5724 superante
1644 5647 1815 5709 modo
1853 5647 2160 5717 excultum

2251 2947 2350 3001 λων
2425 2946 2690 3022 ἑπιλογήν,
2789 2947 2888 2999 εἴτε
2965 2944 3030 3006 εἰς
3095 2943 3377 2997 ἐπίσκοπον
3451 2941 3858 3017 προϐιϐάζεται,

2254 3040 2354 3091 εἴτε
2401 3036 2586 3100 καίεἶς
2632 3034 2838 3089 ἀλλοίαν
2893 3038 3222 3110 χειροτονίαν
3277 3040 3307 3092 ἧ
3368 3032 3459 3086 καί
3515 3037 3854 3106 ἡγουμενείαν

2255 3124 2564 3202 ἐγκέκριται,
2600 3127 2671 3200 μὴ
2726 3121 2866 3196 δίχα
2916 3132 3007 3186 τῆς
3058 3129 3151 3176 τοῦ
3203 3125 3431 3178 Λατίνου
3481 3118 3730 3185 εἰδήσεως
3788 3129 3848 3194 τῇ

2253 3219 2532 3292 προσφόρῳ
2578 3214 2698 3289 ἀξίᾳ
2753 3209 3124 3274 όποιονδήτινα
3175 3212 3633 3286 ἐγκαθίστασθαι*
3691 3217 3850 3264 τοῦτο

2257 3301 2316 3364 δὲ
2355 3307 2518 3382 χάριν
2568 3300 3010 3383 αἰσχροκερδείας
3069 3302 3159 3357 καί
3214 3306 3376 3376 μόνης
3425 3299 3657 3355 ἀπαιτεῖν
3721 3301 3852 3361 τοὺς

2257 3399 2513 3458 Λατίνους
2541 3391 2951 3468 διεμαρτύροντο
2977 3410 2992 3425 ·
3050 3397 3222 3467 τρίτον
3271 3390 3358 3445 ἒπί
3402 3393 3612 3452 τούτοις
3657 3391 3864 3460 imi-Ia-

2255 3505 2346 3559 γον
2399 3488 2456 3538 τό
2508 3488 2630 3549 τοὺς
2676 3485 2958 3558 Ῥωμαίους
3041 3484 3312 3561 κρίνεσθαι
3379 3483 3470 3556 μὲν
3531 3481 3676 3554 παρά
3749 3485 3866 3541 τοίς

2258 3576 2464 3637 οἰκείοις
2555 3576 2862 3639 ἐπισκόποις
2952 3575 3031 3629 ὅτε
3129 3570 3400 3635 δεήσειεν·
3491 3570 3534 3625 εἰ
3607 3567 3656 3625 δ’
3733 3571 3865 3631 ἴσως

2258 3686 2350 3729 τυς
2423 3673 2522 3719 τῶν
2605 3669 2912 3742 κρινομένων
2999 3664 3228 3725 θελήσειε
3313 3665 3446 3738 πρὸς
3527 3662 3613 3715 τόν
3676 3657 3865 3735 ἀρχιε-

2255 3759 2514 3827 πίσκοπον
2589 3763 2687 3808 τῶν
2766 3758 3025 3826 Λατίνων,
3100 3754 3166 3816 ὡς
3251 3748 3408 3812 δῆθεν
3489 3748 3865 3826 βαρυνόμενος,

2259 3845 2343 3899 ἶνα
2393 3847 2517 3923 παρ’
2571 3845 2711 3919 αὐτῷ
2764 3847 2795 3906 ἡ
2851 3846 3099 3907 ὑπόθεσις
3156 3843 3517 3917 ἀνακρίνηται.
3574 3839 3694 3894 Ἐπί
3744 3841 3863 3894 τού-

2259 3956 2370 3999 τοις
2429 3939 2460 3997 ἡ
2529 3941 2802 4012 μετριότης
2863 3937 3009 4009 ἡμῶν
3079 3931 3575 4006 συνδιασκεψαμένη
3607 3931 3736 4005 μετὰ
3765 3938 3865 3993 τῆς

2261 4034 2360 4080 τῶν
2439 4023 2672 4102 ἀδελφῶν
2742 4028 3065 4100 όμηγύρεως,
3133 4023 3225 4078 καί
3309 4029 3406 4086 τῆς
3507 4019 3868 4095 ἀποφαντικῆς

2263 4115 2638 4194 ἀπαρχομίνης
2701 4115 3023 4190 ἀπαγγελίας
3083 4113 3174 4167 καί
3236 4113 3304 4167 τὰ
3363 4107 3594 4177 δόξαντα
3659 4106 3867 4164 διασα-

2262 4215 2454 4281 φοῦσα,
2487 4207 2651 4271 οὕτως
2681 4210 2872 4283 εἴρηκε.

2335 4298 2392 4354 ι’.
2447 4299 2652 4361 Πάντας
2702 4299 2793 4371 μὲν
2851 4298 3018 4374 ἱεροὺς
3046 4296 3281 4366 κανόνας,
3312 4292 3484 4354 πάσας
3513 4285 3865 4367 παραδόσεις,

2261 4390 2433 4444 πάντα
2481 4388 2745 4463 σεϐάσμια
2787 4389 2942 4462 ἔθιμα
2988 4394 3080 4449 τῆς
3139 4384 3258 4440 καθ’
3325 4384 3464 4458 ἡμᾶς
3521 4379 3872 4443 πανευσεϐοῦς

2266 4478 2598 4547 Ἐκκλησίας,
2678 4481 2907 4555 στέργειν
2999 4476 3090 4530 καί
3177 4474 3448 4549 φυλάττειν
3509 4471 3870 4548 ἀπαράτρωτά

2263 4588 2318 4623 τε
2407 4569 2498 4622 καί
2575 4570 3008 4644 άπαρεγχείρητα
3097 4565 3188 4620 καί
3283 4563 3430 4640 χειρί
3504 4561 3595 4616 καί
3656 4561 3868 4636 γλώττῃ

2266 4657 2750 4734 διεϐεϐαιωσάμεθά
2803 4678 2856 4712 τε
2906 4656 2997 4711 καί
3064 4655 3220 4710 εἰσέτι
3276 4651 3721 4726 διαϐἐϐαιούμεοα
3775 4660 3870 4706 τοῦ

2263 4753 2493 4826 Χριστοῦ
2551 4758 2612 4824 τῇ
2691 4752 2880 4823 χάριτι
2945 4747 3262 4806 πεποιθότες.
3333 4743 3434 4798 Καὶ
3528 4744 3630 4818 γάρ

2263 4839 2352 4894 καί
2423 4840 2819 4916 ενεγραψάμεθα
2891 4837 2982 4891 καί
3060 4835 3490 4910 ὡμολογήσαμεν,
3559 4831 3676 4886 καθ’
3742 4832 3873 4905 ἦμέ-

2261 4952 2356 5007 ραν
2404 4931 2495 4984 καί
2587 4930 2712 5004 ὑπὲρ
2780 4930 2972 4981 τούτων
3038 4927 3357 4998 πυκτεύομεν
3419 4922 3510 4976 καί
3577 4921 3870 4994 εὐχόμεθα,

3730 4743 3791 4795 οὗ
3802 4763 3872 4796 τω

2224 5025 2403 5085 ’ὅπως
2450 5022 2506 5074 αῖ
2561 5039 2613 5074 τε
2670 5026 2868 5094 χεῖρες,
2919 5020 2948 5078 ᾖ
3012 5035 3066 5069 τε
3150 5018 3312 5090 φωνὴ,
3367 5020 3456 5067 τοῦ
3519 5012 3864 5086 πατριάρχου

2268 5511 2322 5564 et
2340 5507 2663 5582 confectum
2683 5507 3043 5582 gestas;_quo
3064 5501 3286 5582 nutriti
3306 5497 3410 5582 qui
3422 5498 3612 5581 spirate
3629 5497 3882 5579 cuttura

2269 5584 2322 5705 Et
2339 5573 2518 5635 mes‘se
2533 5579 2696 5705 {igne
2711 5576 3130 5641 enecabamur,
3144 5589 3174 5631 e
3190 5573 3535 5629 discrimine
3554 5573 3876 5626 evasimus.

2318 5665 2412 5705 en.
2439 5665 2521 5705 ω.
2640 5689 2652 5704 .

2271 5652 2412 5708 Gen.
2439 5665 2521 5721 ιιι,
2568 5652 2652 5705 18.
