  <div class='ocr_page' id='page_1' title='image "/cluster/home/n/w/nwhite01/storage/ocr_20150623/140/coo.31924054870450/315.png"; bbox 0 0 4132 6374; ppageno 0'>
   <div class='ocr_carea' id='block_1_1' title="bbox 471 240 2118 381">
    <p class='ocr_par' dir='ltr' id='par_1_1' title="bbox 471 255 2118 381">
     <span class='ocr_line' id='line_1_1' title="bbox 471 255 2118 381; baseline -0.013 -47"><span class='ocrx_word' id='word_1_1' title='bbox 471 281 568 381; x_wconf 75' lang='lat' dir='ltr'><strong>6M</strong></span> <span class='ocrx_word' id='word_1_2' title='bbox 1622 255 1934 321; x_wconf 78' lang='lat' dir='ltr'><strong>GERMANI</strong></span> <span class='ocrx_word' id='word_1_3' title='bbox 1973 264 2022 316; x_wconf 88' lang='lat' dir='ltr'><strong>ll</strong></span> <span class='ocrx_word' id='word_1_4' title='bbox 2060 260 2118 316; x_wconf 89' lang='lat' dir='ltr'><strong>Cl</strong></span> 
     </span>
    </p>
   </div>
   <div class='ocr_carea' id='block_1_2' title="bbox 2228 240 3848 381">
    <p class='ocr_par' dir='ltr' id='par_1_2' title="bbox 2228 240 3848 312">
     <span class='ocr_line' id='line_1_2' title="bbox 2228 240 3848 312; baseline 0 0"><span class='ocrx_word' id='word_1_5' title='bbox 2228 240 2674 312; x_wconf 60' lang='lat' dir='ltr'><strong>uramusz</strong></span> <span class='ocrx_word' id='word_1_6' title='bbox 3739 246 3848 312; x_wconf 56' lang='grc' dir='ltr'><strong>ειν</strong></span> 
     </span>
    </p>
   </div>
   <div class='ocr_carea' id='block_1_3' title="bbox 470 376 2118 470">
    <p class='ocr_par' dir='ltr' id='par_1_3' title="bbox 470 376 2118 470">
     <span class='ocr_line' id='line_1_3' title="bbox 470 376 2118 470; baseline -0.007 -18"><span class='ocrx_word' id='word_1_7' title='bbox 470 376 787 457; x_wconf 71' lang='lat' dir='ltr'><strong>liortamur</strong></span> <span class='ocrx_word' id='word_1_8' title='bbox 815 414 955 470; x_wconf 91' lang='lat' dir='ltr'><strong>ergo</strong></span> <span class='ocrx_word' id='word_1_9' title='bbox 984 399 1050 454; x_wconf 89' lang='lat' dir='ltr'><strong>ut</strong></span> <span class='ocrx_word' id='word_1_10' title='bbox 1087 389 1392 470; x_wconf 87' lang='lat' dir='ltr'><strong>synodicis</strong></span> <span class='ocrx_word' id='word_1_11' title='bbox 1444 391 1694 448; x_wconf 81' lang='lat' dir='ltr'><strong>decretis</strong></span> <span class='ocrx_word' id='word_1_12' title='bbox 1778 390 1895 446; x_wconf 91' lang='lat' dir='ltr'><strong>hoc</strong></span> <span class='ocrx_word' id='word_1_13' title='bbox 1945 387 2118 442; x_wconf 86' lang='lat' dir='ltr'><strong>etiam</strong></span> 
     </span>
    </p>
   </div>
   <div class='ocr_carea' id='block_1_4' title="bbox 2228 376 3850 470">
    <p class='ocr_par' dir='ltr' id='par_1_4' title="bbox 2241 376 3850 454">
     <span class='ocr_line' id='line_1_4' title="bbox 2241 376 3850 454; baseline 0.001 -19"><span class='ocrx_word' id='word_1_14' title='bbox 2241 381 2492 454; x_wconf 78' lang='grc' dir='ltr'><strong>καλοῦμεν</strong></span> <span class='ocrx_word' id='word_1_15' title='bbox 2551 377 2638 433; x_wconf 82' lang='grc' dir='ltr'>οὖν</span> <span class='ocrx_word' id='word_1_16' title='bbox 2677 379 2938 439; x_wconf 65' lang='grc' dir='ltr'>ἐντεθῆναι</span> <span class='ocrx_word' id='word_1_17' title='bbox 2993 376 3161 453; x_wconf 81' lang='grc' dir='ltr'><strong>ῥητῶς</strong></span> <span class='ocrx_word' id='word_1_18' title='bbox 3215 381 3327 438; x_wconf 82' lang='grc' dir='ltr'>ταῖς</span> <span class='ocrx_word' id='word_1_19' title='bbox 3383 376 3688 444; x_wconf 87' lang='grc' dir='ltr'>συνοδικαῖς</span> <span class='ocrx_word' id='word_1_20' title='bbox 3730 379 3850 436; x_wconf 83' lang='grc' dir='ltr'>δια-</span> 
     </span>
    </p>
   </div>
   <div class='ocr_carea' id='block_1_5' title="bbox 471 463 2118 563">
    <p class='ocr_par' dir='ltr' id='par_1_5' title="bbox 471 463 2118 563">
     <span class='ocr_line' id='line_1_5' title="bbox 471 463 2118 563; baseline -0.012 -13"><span class='ocrx_word' id='word_1_21' title='bbox 471 506 750 563; x_wconf 72' lang='lat' dir='ltr'><strong>expresse</strong></span> <span class='ocrx_word' id='word_1_22' title='bbox 770 463 1175 557; x_wconf 70' lang='lat' dir='ltr'><strong>inseratur,ne</strong></span> <span class='ocrx_word' id='word_1_23' title='bbox 1203 484 1361 542; x_wconf 86' lang='lat' dir='ltr'><strong>italis</strong></span> <span class='ocrx_word' id='word_1_24' title='bbox 1393 481 1590 556; x_wconf 87' lang='lat' dir='ltr'><strong>Cyprii</strong></span> <span class='ocrx_word' id='word_1_25' title='bbox 1622 495 1843 536; x_wconf 89' lang='lat' dir='ltr'><strong>manus</strong></span> <span class='ocrx_word' id='word_1_26' title='bbox 1869 477 2118 543; x_wconf 82' lang='lat' dir='ltr'><strong>tradant;</strong></span> 
     </span>
    </p>
   </div>
   <div class='ocr_carea' id='block_1_6' title="bbox 2228 463 3849 563">
    <p class='ocr_par' dir='ltr' id='par_1_6' title="bbox 2238 463 3849 544">
     <span class='ocr_line' id='line_1_6' title="bbox 2238 463 3849 544; baseline 0.001 -20"><span class='ocrx_word' id='word_1_27' title='bbox 2238 477 2466 544; x_wconf 86' lang='grc' dir='ltr'>γνώσεσι</span> <span class='ocrx_word' id='word_1_28' title='bbox 2500 476 2589 522; x_wconf 84' lang='grc' dir='ltr'>καὶ</span> <span class='ocrx_word' id='word_1_29' title='bbox 2654 473 2713 521; x_wconf 87' lang='grc' dir='ltr'><strong>τό</strong></span> <span class='ocrx_word' id='word_1_30' title='bbox 2779 465 2918 542; x_wconf 72' lang='grc' dir='ltr'>μηδὲ</span> <span class='ocrx_word' id='word_1_31' title='bbox 2985 475 3172 542; x_wconf 84' lang='grc' dir='ltr'>χεῖρας</span> <span class='ocrx_word' id='word_1_32' title='bbox 3233 463 3418 521; x_wconf 89' lang='grc' dir='ltr'>δοῦναι</span> <span class='ocrx_word' id='word_1_33' title='bbox 3477 479 3582 533; x_wconf 86' lang='grc' dir='ltr'>τοῖς</span> <span class='ocrx_word' id='word_1_34' title='bbox 3646 471 3849 536; x_wconf 80' lang='grc' dir='ltr'>Ιταλοῖς</span> 
     </span>
    </p>
   </div>
   <div class='ocr_carea' id='block_1_7' title="bbox 470 571 2127 648">
    <p class='ocr_par' dir='ltr' id='par_1_7' title="bbox 470 571 2127 648">
     <span class='ocr_line' id='line_1_7' title="bbox 470 571 2127 648; baseline -0.01 -13"><span class='ocrx_word' id='word_1_35' title='bbox 470 579 602 635; x_wconf 92' lang='lat' dir='ltr'><strong>licet</strong></span> <span class='ocrx_word' id='word_1_36' title='bbox 627 596 721 636; x_wconf 90' lang='lat' dir='ltr'><strong>res</strong></span> <span class='ocrx_word' id='word_1_37' title='bbox 759 595 882 636; x_wconf 91' lang='lat' dir='ltr'><strong>non</strong></span> <span class='ocrx_word' id='word_1_38' title='bbox 912 579 1097 648; x_wconf 91' lang='lat' dir='ltr'><strong>digna</strong></span> <span class='ocrx_word' id='word_1_39' title='bbox 1125 577 1258 632; x_wconf 87' lang='lat' dir='ltr'><strong>visa</strong></span> <span class='ocrx_word' id='word_1_40' title='bbox 1286 573 1477 639; x_wconf 86' lang='lat' dir='ltr'><strong>fuerit,</strong></span> <span class='ocrx_word' id='word_1_41' title='bbox 1539 571 1712 641; x_wconf 87' lang='lat' dir='ltr'><strong>cujus</strong></span> <span class='ocrx_word' id='word_1_42' title='bbox 1767 585 1874 641; x_wconf 89' lang='lat' dir='ltr'><strong>per</strong></span> <span class='ocrx_word' id='word_1_43' title='bbox 1921 581 2127 622; x_wconf 92' lang='lat' dir='ltr'><strong>sacros</strong></span> 
     </span>
    </p>
   </div>
   <div class='ocr_carea' id='block_1_8' title="bbox 471 658 2128 728">
    <p class='ocr_par' dir='ltr' id='par_1_8' title="bbox 471 658 2128 728">
     <span class='ocr_line' id='line_1_8' title="bbox 471 658 2128 728; baseline -0.01 -4"><span class='ocrx_word' id='word_1_44' title='bbox 471 684 735 724; x_wconf 87' lang='lat' dir='ltr'><strong>canones</strong></span> <span class='ocrx_word' id='word_1_45' title='bbox 766 671 991 723; x_wconf 92' lang='lat' dir='ltr'><strong>mentio</strong></span> <span class='ocrx_word' id='word_1_46' title='bbox 1020 667 1205 722; x_wconf 89' lang='lat' dir='ltr'><strong>ﬁeret.</strong></span> <span class='ocrx_word' id='word_1_47' title='bbox 1238 665 1387 718; x_wconf 89' lang='lat' dir='ltr'><strong>Nam</strong></span> <span class='ocrx_word' id='word_1_48' title='bbox 1423 661 1539 717; x_wconf 90' lang='lat' dir='ltr'><strong>nisi</strong></span> <span class='ocrx_word' id='word_1_49' title='bbox 1569 663 1650 716; x_wconf 87' lang='lat' dir='ltr'><strong>ita</strong></span> <span class='ocrx_word' id='word_1_50' title='bbox 1686 658 1812 726; x_wconf 85' lang='lat' dir='ltr'><strong>ﬁat,</strong></span> <span class='ocrx_word' id='word_1_51' title='bbox 1852 660 2128 728; x_wconf 90' lang='lat' dir='ltr'><strong>apertum</strong></span> 
     </span>
    </p>
   </div>
   <div class='ocr_carea' id='block_1_9' title="bbox 468 744 2128 829">
    <p class='ocr_par' dir='ltr' id='par_1_9' title="bbox 468 744 2128 829">
     <span class='ocr_line' id='line_1_9' title="bbox 468 744 2128 829; baseline -0.009 -16"><span class='ocrx_word' id='word_1_52' title='bbox 468 756 800 829; x_wconf 89' lang='lat' dir='ltr'><strong>periculum</strong></span> <span class='ocrx_word' id='word_1_53' title='bbox 852 761 959 825; x_wconf 91' lang='lat' dir='ltr'><strong>est,</strong></span> <span class='ocrx_word' id='word_1_54' title='bbox 1008 760 1073 810; x_wconf 89' lang='lat' dir='ltr'><strong>ut</strong></span> <span class='ocrx_word' id='word_1_55' title='bbox 1120 769 1263 810; x_wconf 89' lang='lat' dir='ltr'><strong>mox</strong></span> <span class='ocrx_word' id='word_1_56' title='bbox 1308 749 1587 808; x_wconf 85' lang='lat' dir='ltr'><strong>concidat</strong></span> <span class='ocrx_word' id='word_1_57' title='bbox 1635 744 2128 820; x_wconf 83' lang='lat' dir='ltr'><strong>quadrangulum</strong></span> 
     </span>
    </p>
   </div>
   <div class='ocr_carea' id='block_1_10' title="bbox 467 835 2128 919">
    <p class='ocr_par' dir='ltr' id='par_1_10' title="bbox 467 835 2128 919">
     <span class='ocr_line' id='line_1_10' title="bbox 467 835 2128 919; baseline -0.008 -16"><span class='ocrx_word' id='word_1_58' title='bbox 467 840 1466 919; x_wconf 88' lang='lat' dir='ltr'><strong>ﬁrmumqueacirreprehensibile</strong></span> <span class='ocrx_word' id='word_1_59' title='bbox 1505 837 1856 912; x_wconf 89' lang='lat' dir='ltr'><strong>pontiﬁcum</strong></span> <span class='ocrx_word' id='word_1_60' title='bbox 1913 835 2016 908; x_wconf 88' lang='lat' dir='ltr'><strong>qui</strong></span> <span class='ocrx_word' id='word_1_61' title='bbox 2075 839 2128 890; x_wconf 87' lang='lat' dir='ltr'><strong>te</strong></span> 
     </span>
    </p>
   </div>
   <div class='ocr_carea' id='block_1_11' title="bbox 471 925 2126 1008">
    <p class='ocr_par' dir='ltr' id='par_1_11' title="bbox 471 925 2126 1008">
     <span class='ocr_line' id='line_1_11' title="bbox 471 925 2126 1008; baseline -0.007 -17"><span class='ocrx_word' id='word_1_62' title='bbox 471 941 904 1008; x_wconf 68' lang='lat' dir='ltr'><strong>praecesserunt</strong></span> <span class='ocrx_word' id='word_1_63' title='bbox 931 934 1271 1003; x_wconf 65' lang='lat' dir='ltr'><strong>aedificium,</strong></span> <span class='ocrx_word' id='word_1_64' title='bbox 1301 930 1468 1004; x_wconf 92' lang='lat' dir='ltr'><strong>quod</strong></span> <span class='ocrx_word' id='word_1_65' title='bbox 1493 929 1573 985; x_wconf 88' lang='lat' dir='ltr'><strong>illi</strong></span> <span class='ocrx_word' id='word_1_66' title='bbox 1603 926 1912 1000; x_wconf 82' lang='lat' dir='ltr'><strong>permultis</strong></span> <span class='ocrx_word' id='word_1_67' title='bbox 1945 925 2126 981; x_wconf 91' lang='lat' dir='ltr'><strong>sudo-</strong></span> 
     </span>
    </p>
   </div>
   <div class='ocr_carea' id='block_1_12' title="bbox 471 1018 2124 1096">
    <p class='ocr_par' dir='ltr' id='par_1_12' title="bbox 471 1018 2124 1096">
     <span class='ocr_line' id='line_1_12' title="bbox 471 1018 2124 1096; baseline -0.007 -15"><span class='ocrx_word' id='word_1_68' title='bbox 471 1025 640 1082; x_wconf 89' lang='lat' dir='ltr'><strong>ridus</strong></span> <span class='ocrx_word' id='word_1_69' title='bbox 669 1025 985 1096; x_wconf 86' lang='lat' dir='ltr'><strong>longisque</strong></span> <span class='ocrx_word' id='word_1_70' title='bbox 1011 1038 1265 1095; x_wconf 91' lang='lat' dir='ltr'><strong>operum</strong></span> <span class='ocrx_word' id='word_1_71' title='bbox 1296 1019 1606 1076; x_wconf 84' lang='lat' dir='ltr'><strong>laboribus</strong></span> <span class='ocrx_word' id='word_1_72' title='bbox 1645 1018 2124 1081; x_wconf 87' lang='lat' dir='ltr'><strong>construxerunt,</strong></span> 
     </span>
    </p>
   </div>
   <div class='ocr_carea' id='block_1_13' title="bbox 471 1107 2128 1188">
    <p class='ocr_par' dir='ltr' id='par_1_13' title="bbox 471 1107 2128 1188">
     <span class='ocr_line' id='line_1_13' title="bbox 471 1107 2128 1188; baseline -0.007 -17"><span class='ocrx_word' id='word_1_73' title='bbox 471 1113 739 1188; x_wconf 86' lang='lat' dir='ltr'><strong>quotidie</strong></span> <span class='ocrx_word' id='word_1_74' title='bbox 769 1113 890 1169; x_wconf 89' lang='lat' dir='ltr'><strong>suis</strong></span> <span class='ocrx_word' id='word_1_75' title='bbox 915 1128 1024 1168; x_wconf 92' lang='lat' dir='ltr'><strong>nos</strong></span> <span class='ocrx_word' id='word_1_76' title='bbox 1055 1111 1363 1166; x_wconf 89' lang='lat' dir='ltr'><strong>ﬁrmantes</strong></span> <span class='ocrx_word' id='word_1_77' title='bbox 1389 1107 1648 1178; x_wconf 79' lang='lat' dir='ltr'><strong>monitis,</strong></span> <span class='ocrx_word' id='word_1_78' title='bbox 1679 1114 1735 1162; x_wconf 89' lang='lat' dir='ltr'><strong>et</strong></span> <span class='ocrx_word' id='word_1_79' title='bbox 1766 1121 1946 1178; x_wconf 88' lang='lat' dir='ltr'><strong>super</strong></span> <span class='ocrx_word' id='word_1_80' title='bbox 1986 1119 2128 1176; x_wconf 90' lang='lat' dir='ltr'><strong>apo-</strong></span> 
     </span>
    </p>
   </div>
   <div class='ocr_carea' id='block_1_14' title="bbox 473 1197 2126 1261">
    <p class='ocr_par' dir='ltr' id='par_1_14' title="bbox 473 1197 2126 1261">
     <span class='ocr_line' id='line_1_14' title="bbox 473 1197 2126 1261; baseline -0.006 -3"><span class='ocrx_word' id='word_1_81' title='bbox 473 1203 766 1260; x_wconf 89' lang='lat' dir='ltr'><strong>stolorum</strong></span> <span class='ocrx_word' id='word_1_82' title='bbox 795 1201 1257 1258; x_wconf 87' lang='lat' dir='ltr'><strong>fundamentum</strong></span> <span class='ocrx_word' id='word_1_83' title='bbox 1294 1197 1685 1261; x_wconf 89' lang='lat' dir='ltr'><strong>stabilientes,</strong></span> <span class='ocrx_word' id='word_1_84' title='bbox 1737 1210 1886 1250; x_wconf 89' lang='lat' dir='ltr'><strong>neve</strong></span> <span class='ocrx_word' id='word_1_85' title='bbox 1941 1199 2126 1249; x_wconf 89' lang='lat' dir='ltr'><strong>tenta-</strong></span> 
     </span>
    </p>
   </div>
   <div class='ocr_carea' id='block_1_15' title="bbox 471 1283 2120 1350">
    <p class='ocr_par' dir='ltr' id='par_1_15' title="bbox 471 1283 2120 1350">
     <span class='ocr_line' id='line_1_15' title="bbox 471 1283 2120 1350; baseline -0.007 0"><span class='ocrx_word' id='word_1_86' title='bbox 471 1292 702 1350; x_wconf 81' lang='lat' dir='ltr'><strong>tiOhum</strong></span> <span class='ocrx_word' id='word_1_87' title='bbox 736 1291 953 1348; x_wconf 90' lang='lat' dir='ltr'><strong>ﬂuvios</strong></span> <span class='ocrx_word' id='word_1_88' title='bbox 1009 1306 1081 1346; x_wconf 91' lang='lat' dir='ltr'><strong>ac</strong></span> <span class='ocrx_word' id='word_1_89' title='bbox 1136 1293 1348 1346; x_wconf 86' lang='lat' dir='ltr'><strong>ventos</strong></span> <span class='ocrx_word' id='word_1_90' title='bbox 1398 1288 1747 1343; x_wconf 90' lang='lat' dir='ltr'><strong>timeremus</strong></span> <span class='ocrx_word' id='word_1_91' title='bbox 1802 1283 2120 1341; x_wconf 85' lang='lat' dir='ltr'><strong>adhortati.</strong></span> 
     </span>
    </p>
   </div>
   <div class='ocr_carea' id='block_1_16' title="bbox 2236 559 3850 636">
    <p class='ocr_par' dir='ltr' id='par_1_16' title="bbox 2236 559 3850 636">
     <span class='ocr_line' id='line_1_16' title="bbox 2236 559 3850 636; baseline 0.002 -24"><span class='ocrx_word' id='word_1_92' title='bbox 2236 565 2353 622; x_wconf 85' lang='grc' dir='ltr'>τούς</span> <span class='ocrx_word' id='word_1_93' title='bbox 2404 565 2702 635; x_wconf 88' lang='grc' dir='ltr'>Κυπρίους·</span> <span class='ocrx_word' id='word_1_94' title='bbox 2765 559 2807 611; x_wconf 88' lang='grc' dir='ltr'>εἰ</span> <span class='ocrx_word' id='word_1_95' title='bbox 2853 563 2942 610; x_wconf 84' lang='grc' dir='ltr'>καὶ</span> <span class='ocrx_word' id='word_1_96' title='bbox 2992 565 3103 620; x_wconf 88' lang='grc' dir='ltr'>τοῖς</span> <span class='ocrx_word' id='word_1_97' title='bbox 3157 560 3310 634; x_wconf 84' lang='grc' dir='ltr'>ἱεροῖς</span> <span class='ocrx_word' id='word_1_98' title='bbox 3357 563 3571 613; x_wconf 82' lang='grc' dir='ltr'><strong>κανόσιν</strong></span> <span class='ocrx_word' id='word_1_99' title='bbox 3604 559 3850 636; x_wconf 83' lang='grc' dir='ltr'>ἀμνημό-</span> 
     </span>
    </p>
   </div>
   <div class='ocr_carea' id='block_1_17' title="bbox 2236 649 3847 726">
    <p class='ocr_par' dir='ltr' id='par_1_17' title="bbox 2236 649 3847 726">
     <span class='ocr_line' id='line_1_17' title="bbox 2236 649 3847 726; baseline 0.002 -25"><span class='ocrx_word' id='word_1_100' title='bbox 2236 669 2408 702; x_wconf 87' lang='grc' dir='ltr'>νευτον</span> <span class='ocrx_word' id='word_1_101' title='bbox 2462 651 2923 724; x_wconf 84' lang='grc' dir='ltr'>παρατεθεώρηται</span> <span class='ocrx_word' id='word_1_102' title='bbox 2975 655 3144 702; x_wconf 85' lang='grc' dir='ltr'>τοῦτο.</span> <span class='ocrx_word' id='word_1_103' title='bbox 3206 649 3266 702; x_wconf 83' lang='grc' dir='ltr'><strong>Εἰ</strong></span> <span class='ocrx_word' id='word_1_104' title='bbox 3315 651 3418 725; x_wconf 83' lang='grc' dir='ltr'><strong>γὰρ</strong></span> <span class='ocrx_word' id='word_1_105' title='bbox 3475 655 3547 724; x_wconf 77' lang='grc' dir='ltr'>μὴ</span> <span class='ocrx_word' id='word_1_106' title='bbox 3599 651 3733 704; x_wconf 82' lang='grc' dir='ltr'>ούτω</span> <span class='ocrx_word' id='word_1_107' title='bbox 3762 673 3847 726; x_wconf 87' lang='grc' dir='ltr'>γε-</span> 
     </span>
    </p>
   </div>
   <div class='ocr_carea' id='block_1_18' title="bbox 2236 735 3849 814">
    <p class='ocr_par' dir='ltr' id='par_1_18' title="bbox 2236 735 3849 814">
     <span class='ocr_line' id='line_1_18' title="bbox 2236 735 3849 814; baseline 0.014 -27"><span class='ocrx_word' id='word_1_108' title='bbox 2236 744 2471 806; x_wconf 86' lang='grc' dir='ltr'>νήσεται,</span> <span class='ocrx_word' id='word_1_109' title='bbox 2547 735 2788 800; x_wconf 86' lang='grc' dir='ltr'>κίνδυνος</span> <span class='ocrx_word' id='word_1_110' title='bbox 2861 742 3128 812; x_wconf 79' lang='grc' dir='ltr'>προφανὴς</span> <span class='ocrx_word' id='word_1_111' title='bbox 3192 742 3286 798; x_wconf 72' lang='grc' dir='ltr'><strong>τὴν</strong></span> <span class='ocrx_word' id='word_1_112' title='bbox 3360 742 3682 814; x_wconf 72' lang='grc' dir='ltr'>τετράγωνον</span> <span class='ocrx_word' id='word_1_113' title='bbox 3755 747 3849 796; x_wconf 72' lang='grc' dir='ltr'><strong>καὶ</strong></span> 
     </span>
    </p>
   </div>
   <div class='ocr_carea' id='block_1_19' title="bbox 2240 823 3850 905">
    <p class='ocr_par' dir='ltr' id='par_1_19' title="bbox 2240 823 3850 905">
     <span class='ocr_line' id='line_1_19' title="bbox 2240 823 3850 905; baseline 0.002 -25"><span class='ocrx_word' id='word_1_114' title='bbox 2240 831 2446 902; x_wconf 78' lang='grc' dir='ltr'>στερεὰν</span> <span class='ocrx_word' id='word_1_115' title='bbox 2503 831 2592 880; x_wconf 82' lang='grc' dir='ltr'>καὶ</span> <span class='ocrx_word' id='word_1_116' title='bbox 2646 823 2784 901; x_wconf 83' lang='grc' dir='ltr'>δίχα</span> <span class='ocrx_word' id='word_1_117' title='bbox 2843 825 3013 898; x_wconf 70' lang='grc' dir='ltr'>ψόγου</span> <span class='ocrx_word' id='word_1_118' title='bbox 3067 835 3164 880; x_wconf 86' lang='grc' dir='ltr'><strong>τῶν</strong></span> <span class='ocrx_word' id='word_1_119' title='bbox 3195 831 3295 903; x_wconf 90' lang='grc' dir='ltr'>πρὸ</span> <span class='ocrx_word' id='word_1_120' title='bbox 3329 835 3423 880; x_wconf 90' lang='grc' dir='ltr'><strong>σοῦ</strong></span> <span class='ocrx_word' id='word_1_121' title='bbox 3455 827 3742 905; x_wconf 82' lang='grc' dir='ltr'>ἀρχιερέων</span> <span class='ocrx_word' id='word_1_122' title='bbox 3773 831 3850 884; x_wconf 84' lang='grc' dir='ltr'>οἰ-</span> 
     </span>
    </p>
   </div>
   <div class='ocr_carea' id='block_1_20' title="bbox 2235 915 3846 992">
    <p class='ocr_par' dir='ltr' id='par_1_20' title="bbox 2235 915 3846 992">
     <span class='ocr_line' id='line_1_20' title="bbox 2235 915 3846 992; baseline 0.002 -22"><span class='ocrx_word' id='word_1_123' title='bbox 2235 915 2464 990; x_wconf 84' lang='grc' dir='ltr'>κοδομὴν</span> <span class='ocrx_word' id='word_1_124' title='bbox 2553 919 2675 992; x_wconf 76' lang='grc' dir='ltr'>ἄρτι</span> <span class='ocrx_word' id='word_1_125' title='bbox 2774 925 3106 983; x_wconf 81' lang='grc' dir='ltr'><strong>καταπεσεῖν,</strong></span> <span class='ocrx_word' id='word_1_126' title='bbox 3207 919 3268 977; x_wconf 81' lang='grc' dir='ltr'>ἣν</span> <span class='ocrx_word' id='word_1_127' title='bbox 3372 917 3553 972; x_wconf 89' lang='grc' dir='ltr'>ἐκεῖνοι</span> <span class='ocrx_word' id='word_1_128' title='bbox 3623 928 3846 992; x_wconf 80' lang='grc' dir='ltr'>συχνοῖς</span> 
     </span>
    </p>
   </div>
   <div class='ocr_carea' id='block_1_21' title="bbox 2240 996 3843 1082">
    <p class='ocr_par' dir='ltr' id='par_1_21' title="bbox 2240 996 3843 1082">
     <span class='ocr_line' id='line_1_21' title="bbox 2240 996 3843 1082; baseline 0.003 -24"><span class='ocrx_word' id='word_1_129' title='bbox 2240 1003 2433 1079; x_wconf 77' lang='grc' dir='ltr'><strong>ἱδρῶσι</strong></span> <span class='ocrx_word' id='word_1_130' title='bbox 2525 1012 2615 1059; x_wconf 77' lang='grc' dir='ltr'>καὶ</span> <span class='ocrx_word' id='word_1_131' title='bbox 2704 998 3083 1080; x_wconf 70' lang='grc' dir='ltr'>ἐργομοχθίαις</span> <span class='ocrx_word' id='word_1_132' title='bbox 3170 1014 3393 1081; x_wconf 84' lang='grc' dir='ltr'><strong>μακραῖς</strong></span> <span class='ocrx_word' id='word_1_133' title='bbox 3481 996 3843 1082; x_wconf 78' lang='grc' dir='ltr'>ἀνεδείμαντο,</span> 
     </span>
    </p>
   </div>
   <div class='ocr_carea' id='block_1_22' title="bbox 2235 1092 3843 1170">
    <p class='ocr_par' dir='ltr' id='par_1_22' title="bbox 2235 1092 3843 1170">
     <span class='ocr_line' id='line_1_22' title="bbox 2235 1092 3843 1170; baseline 0.002 -22"><span class='ocrx_word' id='word_1_134' title='bbox 2235 1092 2580 1169; x_wconf 66' lang='grc' dir='ltr'>ἐπερείδοντες</span> <span class='ocrx_word' id='word_1_135' title='bbox 2631 1097 2962 1154; x_wconf 87' lang='grc' dir='ltr'>καθεκάστην</span> <span class='ocrx_word' id='word_1_136' title='bbox 3016 1098 3157 1170; x_wconf 85' lang='grc' dir='ltr'>ἡμᾶς</span> <span class='ocrx_word' id='word_1_137' title='bbox 3208 1105 3326 1159; x_wconf 88' lang='grc' dir='ltr'>ταῖς</span> <span class='ocrx_word' id='word_1_138' title='bbox 3389 1100 3684 1162; x_wconf 82' lang='grc' dir='ltr'><strong>νουθεσίαις</strong></span> <span class='ocrx_word' id='word_1_139' title='bbox 3745 1100 3843 1152; x_wconf 81' lang='grc' dir='ltr'>αῦ-</span> 
     </span>
    </p>
   </div>
   <div class='ocr_carea' id='block_1_23' title="bbox 2235 1184 3843 1262">
    <p class='ocr_par' dir='ltr' id='par_1_23' title="bbox 2235 1184 3843 1262">
     <span class='ocr_line' id='line_1_23' title="bbox 2235 1184 3843 1262; baseline 0.004 -26"><span class='ocrx_word' id='word_1_140' title='bbox 2235 1192 2357 1255; x_wconf 87' lang='grc' dir='ltr'>τῶν,</span> <span class='ocrx_word' id='word_1_141' title='bbox 2421 1185 2510 1238; x_wconf 86' lang='grc' dir='ltr'><strong>καί</strong></span> <span class='ocrx_word' id='word_1_142' title='bbox 2566 1194 2638 1257; x_wconf 82' lang='grc' dir='ltr'>τῷ</span> <span class='ocrx_word' id='word_1_143' title='bbox 2693 1184 2905 1258; x_wconf 78' lang='grc' dir='ltr'><strong>θεμελίῳ</strong></span> <span class='ocrx_word' id='word_1_144' title='bbox 2971 1194 3071 1238; x_wconf 84' lang='grc' dir='ltr'><strong>τῶν</strong></span> <span class='ocrx_word' id='word_1_145' title='bbox 3145 1185 3448 1240; x_wconf 82' lang='grc' dir='ltr'>ἀποστόλων</span> <span class='ocrx_word' id='word_1_146' title='bbox 3515 1185 3843 1262; x_wconf 77' lang='grc' dir='ltr'>ἐδράζοντες,</span> 
     </span>
    </p>
   </div>
   <div class='ocr_carea' id='block_1_24' title="bbox 2233 1271 3845 1353">
    <p class='ocr_par' dir='ltr' id='par_1_24' title="bbox 2233 1271 3845 1353">
     <span class='ocr_line' id='line_1_24' title="bbox 2233 1271 3845 1353; baseline 0.004 -27"><span class='ocrx_word' id='word_1_147' title='bbox 2233 1279 2324 1327; x_wconf 87' lang='grc' dir='ltr'>καὶ</span> <span class='ocrx_word' id='word_1_148' title='bbox 2386 1279 2455 1346; x_wconf 81' lang='grc' dir='ltr'>μὴ</span> <span class='ocrx_word' id='word_1_149' title='bbox 2518 1271 2810 1327; x_wconf 74' lang='grc' dir='ltr'>δεδοικέναι</span> <span class='ocrx_word' id='word_1_150' title='bbox 2866 1279 2983 1336; x_wconf 80' lang='grc' dir='ltr'>τοὺς</span> <span class='ocrx_word' id='word_1_151' title='bbox 3047 1284 3146 1328; x_wconf 89' lang='grc' dir='ltr'><strong>τῶν</strong></span> <span class='ocrx_word' id='word_1_152' title='bbox 3213 1285 3517 1353; x_wconf 80' lang='grc' dir='ltr'>πειρασμῶν</span> <span class='ocrx_word' id='word_1_153' title='bbox 3578 1282 3845 1352; x_wconf 82' lang='grc' dir='ltr'>ποταμοὺς</span> 
     </span>
    </p>
   </div>
   <div class='ocr_carea' id='block_1_25' title="bbox 2233 1359 3167 1438">
    <p class='ocr_par' dir='ltr' id='par_1_25' title="bbox 2233 1359 3167 1438">
     <span class='ocr_line' id='line_1_25' title="bbox 2233 1359 3167 1438; baseline 0.004 -23"><span class='ocrx_word' id='word_1_154' title='bbox 2233 1359 2372 1436; x_wconf 72' lang='grc' dir='ltr'>μηδὲ</span> <span class='ocrx_word' id='word_1_155' title='bbox 2402 1367 2518 1424; x_wconf 82' lang='grc' dir='ltr'>τοὺς</span> <span class='ocrx_word' id='word_1_156' title='bbox 2548 1362 2764 1436; x_wconf 76' lang='grc' dir='ltr'>ἀνέμους</span> <span class='ocrx_word' id='word_1_157' title='bbox 2790 1365 3167 1438; x_wconf 79' lang='grc' dir='ltr'>ὑποτιθέμενοι.</span> 
     </span>
    </p>
   </div>
   <div class='ocr_carea' id='block_1_26' title="bbox 543 1445 2124 1524">
    <p class='ocr_par' dir='ltr' id='par_1_26' title="bbox 543 1445 2124 1524">
     <span class='ocr_line' id='line_1_26' title="bbox 543 1445 2124 1524; baseline -0.006 -14"><span class='ocrx_word' id='word_1_158' title='bbox 543 1457 794 1520; x_wconf 54' lang='lat' dir='ltr'><strong>“Quae</strong></span> <span class='ocrx_word' id='word_1_159' title='bbox 816 1469 956 1508; x_wconf 92' lang='lat' dir='ltr'><strong>cum</strong></span> <span class='ocrx_word' id='word_1_160' title='bbox 981 1455 1186 1508; x_wconf 87' lang='lat' dir='ltr'><strong>astans</strong></span> <span class='ocrx_word' id='word_1_161' title='bbox 1217 1449 1490 1524; x_wconf 89' lang='lat' dir='ltr'><strong>piissima</strong></span> <span class='ocrx_word' id='word_1_162' title='bbox 1518 1447 1709 1521; x_wconf 88' lang='lat' dir='ltr'><strong>plebs,</strong></span> <span class='ocrx_word' id='word_1_163' title='bbox 1743 1446 1969 1503; x_wconf 85' lang='lat' dir='ltr'><strong>fervido</strong></span> <span class='ocrx_word' id='word_1_164' title='bbox 1999 1445 2124 1502; x_wconf 92' lang='lat' dir='ltr'><strong>zelo</strong></span> 
     </span>
    </p>
   </div>
   <div class='ocr_carea' id='block_1_27' title="bbox 470 1534 2118 1620">
    <p class='ocr_par' dir='ltr' id='par_1_27' title="bbox 470 1534 2118 1616">
     <span class='ocr_line' id='line_1_27' title="bbox 470 1534 2118 1616; baseline -0.005 -17"><span class='ocrx_word' id='word_1_165' title='bbox 470 1547 930 1616; x_wconf 86' lang='lat' dir='ltr'><strong>prosequeretur</strong></span> <span class='ocrx_word' id='word_1_166' title='bbox 970 1541 1046 1599; x_wconf 90' lang='lat' dir='ltr'><strong>ad</strong></span> <span class='ocrx_word' id='word_1_167' title='bbox 1078 1545 1347 1596; x_wconf 88' lang='lat' dir='ltr'><strong>nostram</strong></span> <span class='ocrx_word' id='word_1_168' title='bbox 1375 1537 1849 1594; x_wconf 87' lang='lat' dir='ltr'><strong>mediocritatem</strong></span> <span class='ocrx_word' id='word_1_169' title='bbox 1890 1534 2118 1608; x_wconf 79' lang='lat' dir='ltr'><strong>synodo</strong></span> 
     </span>
    </p>
   </div>
   <div class='ocr_carea' id='block_1_28' title="bbox 2228 1534 3841 1620">
    <p class='ocr_par' dir='ltr' id='par_1_28' title="bbox 2237 1541 3841 1620">
     <span class='ocr_line' id='line_1_28' title="bbox 2237 1541 3841 1620; baseline 0.005 -28"><span class='ocrx_word' id='word_1_170' title='bbox 2237 1541 2405 1614; x_wconf 81' lang='grc' dir='ltr'>θερμῷ</span> <span class='ocrx_word' id='word_1_171' title='bbox 2453 1549 2525 1612; x_wconf 85' lang='grc' dir='ltr'>τῷ</span> <span class='ocrx_word' id='word_1_172' title='bbox 2580 1541 2718 1614; x_wconf 73' lang='grc' dir='ltr'>ζήλῳ</span> <span class='ocrx_word' id='word_1_173' title='bbox 2775 1547 2906 1617; x_wconf 86' lang='grc' dir='ltr'>πρὸς</span> <span class='ocrx_word' id='word_1_174' title='bbox 2951 1548 3043 1602; x_wconf 80' lang='grc' dir='ltr'>τὴν</span> <span class='ocrx_word' id='word_1_175' title='bbox 3101 1547 3246 1616; x_wconf 81' lang='grc' dir='ltr'>ἡμῶν</span> <span class='ocrx_word' id='word_1_176' title='bbox 3309 1543 3700 1620; x_wconf 80' lang='grc' dir='ltr'>ἀποτεινομένου</span> <span class='ocrx_word' id='word_1_177' title='bbox 3741 1567 3841 1620; x_wconf 86' lang='grc' dir='ltr'>με·</span> 
     </span>
    </p>
   </div>
   <div class='ocr_carea' id='block_1_29' title="bbox 466 1623 2118 1711">
    <p class='ocr_par' dir='ltr' id='par_1_29' title="bbox 466 1623 2118 1704">
     <span class='ocr_line' id='line_1_29' title="bbox 466 1623 2118 1704; baseline -0.005 -16"><span class='ocrx_word' id='word_1_178' title='bbox 466 1631 911 1704; x_wconf 71' lang='lat' dir='ltr'><strong>praesidentem,</strong></span> <span class='ocrx_word' id='word_1_179' title='bbox 923 1629 1300 1702; x_wconf 90' lang='lat' dir='ltr'><strong>conspiciens</strong></span> <span class='ocrx_word' id='word_1_180' title='bbox 1313 1626 1692 1683; x_wconf 91' lang='lat' dir='ltr'><strong>mediocritas</strong></span> <span class='ocrx_word' id='word_1_181' title='bbox 1715 1631 1940 1688; x_wconf 90' lang='lat' dir='ltr'><strong>nostra,</strong></span> <span class='ocrx_word' id='word_1_182' title='bbox 1957 1623 2118 1696; x_wconf 93' lang='lat' dir='ltr'><strong>quod</strong></span> 
     </span>
    </p>
   </div>
   <div class='ocr_carea' id='block_1_30' title="bbox 2228 1623 3842 1711">
    <p class='ocr_par' dir='ltr' id='par_1_30' title="bbox 2235 1631 3842 1711">
     <span class='ocr_line' id='line_1_30' title="bbox 2235 1631 3842 1711; baseline 0.004 -29"><span class='ocrx_word' id='word_1_183' title='bbox 2235 1636 2487 1703; x_wconf 88' lang='grc' dir='ltr'>τριότητα</span> <span class='ocrx_word' id='word_1_184' title='bbox 2563 1633 2962 1706; x_wconf 84' lang='grc' dir='ltr'>προκαθημένην</span> <span class='ocrx_word' id='word_1_185' title='bbox 3051 1631 3358 1703; x_wconf 86' lang='grc' dir='ltr'>συνοδικῶς,</span> <span class='ocrx_word' id='word_1_186' title='bbox 3446 1637 3475 1695; x_wconf 78' lang='grc' dir='ltr'>ἡ</span> <span class='ocrx_word' id='word_1_187' title='bbox 3565 1640 3842 1711; x_wconf 82' lang='grc' dir='ltr'>μετριότης</span> 
     </span>
    </p>
   </div>
   <div class='ocr_carea' id='block_1_31' title="bbox 467 1710 2118 1798">
    <p class='ocr_par' dir='ltr' id='par_1_31' title="bbox 467 1713 2118 1790">
     <span class='ocr_line' id='line_1_31' title="bbox 467 1713 2118 1790; baseline -0.005 -13"><span class='ocrx_word' id='word_1_188' title='bbox 467 1721 564 1779; x_wconf 88' lang='lat' dir='ltr'><strong>hic</strong></span> <span class='ocrx_word' id='word_1_189' title='bbox 589 1721 944 1777; x_wconf 67' lang='lat' dir='ltr'><strong>oeconomiae</strong></span> <span class='ocrx_word' id='word_1_190' title='bbox 970 1719 1120 1776; x_wconf 87' lang='lat' dir='ltr'><strong>ratio</strong></span> <span class='ocrx_word' id='word_1_191' title='bbox 1145 1715 1568 1790; x_wconf 88' lang='lat' dir='ltr'><strong>juvaretnihil,</strong></span> <span class='ocrx_word' id='word_1_192' title='bbox 1593 1715 1698 1771; x_wconf 91' lang='lat' dir='ltr'><strong>sed</strong></span> <span class='ocrx_word' id='word_1_193' title='bbox 1730 1714 1925 1784; x_wconf 90' lang='lat' dir='ltr'><strong>magis</strong></span> <span class='ocrx_word' id='word_1_194' title='bbox 1957 1713 2118 1769; x_wconf 89' lang='lat' dir='ltr'><strong>ﬁeret</strong></span> 
     </span>
    </p>
   </div>
   <div class='ocr_carea' id='block_1_32' title="bbox 2228 1710 3841 1798">
    <p class='ocr_par' dir='ltr' id='par_1_32' title="bbox 2235 1715 3841 1798">
     <span class='ocr_line' id='line_1_32' title="bbox 2235 1715 3841 1798; baseline 0.005 -28"><span class='ocrx_word' id='word_1_195' title='bbox 2235 1720 2381 1791; x_wconf 79' lang='grc' dir='ltr'>ὴμῶν</span> <span class='ocrx_word' id='word_1_196' title='bbox 2413 1715 2706 1774; x_wconf 78' lang='grc' dir='ltr'>συνιδοῦσα</span> <span class='ocrx_word' id='word_1_197' title='bbox 2737 1723 2800 1782; x_wconf 84' lang='grc' dir='ltr'>ὡς</span> <span class='ocrx_word' id='word_1_198' title='bbox 2827 1721 3049 1776; x_wconf 84' lang='grc' dir='ltr'>ἐνταῦθα</span> <span class='ocrx_word' id='word_1_199' title='bbox 3074 1724 3099 1774; x_wconf 89' lang='grc' dir='ltr'><strong>ό</strong></span> <span class='ocrx_word' id='word_1_200' title='bbox 3130 1732 3223 1786; x_wconf 83' lang='grc' dir='ltr'>τῆς</span> <span class='ocrx_word' id='word_1_201' title='bbox 3253 1723 3546 1798; x_wconf 83' lang='grc' dir='ltr'>οἰκονομίας</span> <span class='ocrx_word' id='word_1_202' title='bbox 3575 1724 3726 1798; x_wconf 89' lang='grc' dir='ltr'>λόγος</span> <span class='ocrx_word' id='word_1_203' title='bbox 3755 1725 3841 1778; x_wconf 83' lang='grc' dir='ltr'>ού-</span> 
     </span>
    </p>
   </div>
   <div class='ocr_carea' id='block_1_33' title="bbox 468 1803 2118 1886">
    <p class='ocr_par' dir='ltr' id='par_1_33' title="bbox 468 1803 2118 1884">
     <span class='ocr_line' id='line_1_33' title="bbox 468 1803 2118 1884; baseline -0.007 -15"><span class='ocrx_word' id='word_1_204' title='bbox 468 1811 779 1879; x_wconf 88' lang='lat' dir='ltr'><strong>tumultus;</strong></span> <span class='ocrx_word' id='word_1_205' title='bbox 807 1809 1093 1884; x_wconf 90' lang='lat' dir='ltr'><strong>quodque</strong></span> <span class='ocrx_word' id='word_1_206' title='bbox 1123 1824 1245 1864; x_wconf 90' lang='lat' dir='ltr'><strong>non</strong></span> <span class='ocrx_word' id='word_1_207' title='bbox 1274 1807 1457 1863; x_wconf 92' lang='lat' dir='ltr'><strong>modo</strong></span> <span class='ocrx_word' id='word_1_208' title='bbox 1488 1821 1609 1862; x_wconf 92' lang='lat' dir='ltr'><strong>non</strong></span> <span class='ocrx_word' id='word_1_209' title='bbox 1654 1810 1814 1861; x_wconf 90' lang='lat' dir='ltr'><strong>recta</strong></span> <span class='ocrx_word' id='word_1_210' title='bbox 1865 1805 1997 1876; x_wconf 91' lang='lat' dir='ltr'><strong>ipsa</strong></span> <span class='ocrx_word' id='word_1_211' title='bbox 2044 1803 2118 1859; x_wconf 92' lang='lat' dir='ltr'><strong>ad</strong></span> 
     </span>
    </p>
   </div>
   <div class='ocr_carea' id='block_1_34' title="bbox 2228 1803 3840 1886">
    <p class='ocr_par' dir='ltr' id='par_1_34' title="bbox 2235 1805 3840 1886">
     <span class='ocr_line' id='line_1_34' title="bbox 2235 1805 3840 1886; baseline 0.004 -26"><span class='ocrx_word' id='word_1_212' title='bbox 2235 1805 2322 1861; x_wconf 83' lang='grc' dir='ltr'><strong>δεν</strong></span> <span class='ocrx_word' id='word_1_213' title='bbox 2349 1809 2544 1882; x_wconf 70' lang='grc' dir='ltr'>ὠφελεῖ,</span> <span class='ocrx_word' id='word_1_214' title='bbox 2579 1808 2705 1862; x_wconf 79' lang='grc' dir='ltr'>ἀλλὰ</span> <span class='ocrx_word' id='word_1_215' title='bbox 2749 1810 2938 1883; x_wconf 88' lang='grc' dir='ltr'>μᾶλλον</span> <span class='ocrx_word' id='word_1_216' title='bbox 2987 1811 3200 1884; x_wconf 78' lang='grc' dir='ltr'>θόρυϐος</span> <span class='ocrx_word' id='word_1_217' title='bbox 3244 1818 3446 1886; x_wconf 87' lang='grc' dir='ltr'>γίνεται</span> <span class='ocrx_word' id='word_1_218' title='bbox 3474 1835 3486 1848; x_wconf 87' lang='grc'><strong>·</strong></span> <span class='ocrx_word' id='word_1_219' title='bbox 3538 1819 3628 1867; x_wconf 86' lang='grc' dir='ltr'>καὶ</span> <span class='ocrx_word' id='word_1_220' title='bbox 3672 1817 3737 1876; x_wconf 85' lang='grc' dir='ltr'>ὡς</span> <span class='ocrx_word' id='word_1_221' title='bbox 3777 1814 3840 1867; x_wconf 78' lang='grc' dir='ltr'><strong>ού</strong></span> 
     </span>
    </p>
   </div>
   <div class='ocr_carea' id='block_1_35' title="bbox 468 1893 2122 1972">
    <p class='ocr_par' dir='ltr' id='par_1_35' title="bbox 468 1893 2122 1972">
     <span class='ocr_line' id='line_1_35' title="bbox 468 1893 2122 1972; baseline -0.006 -14"><span class='ocrx_word' id='word_1_222' title='bbox 468 1901 832 1958; x_wconf 84' lang='lat' dir='ltr'><strong>servandam</strong></span> <span class='ocrx_word' id='word_1_223' title='bbox 862 1897 1268 1972; x_wconf 89' lang='lat' dir='ltr'><strong>percelebrem</strong></span> <span class='ocrx_word' id='word_1_224' title='bbox 1300 1898 1561 1969; x_wconf 86' lang='lat' dir='ltr'><strong>Cyprum</strong></span> <span class='ocrx_word' id='word_1_225' title='bbox 1590 1895 1718 1967; x_wconf 92' lang='lat' dir='ltr'><strong>jam</strong></span> <span class='ocrx_word' id='word_1_226' title='bbox 1738 1893 2122 1963; x_wconf 83' lang='lat' dir='ltr'><strong>naufragium</strong></span> 
     </span>
    </p>
   </div>
   <div class='ocr_carea' id='block_1_36' title="bbox 468 1983 2122 2060">
    <p class='ocr_par' dir='ltr' id='par_1_36' title="bbox 468 1983 2122 2060">
     <span class='ocr_line' id='line_1_36' title="bbox 468 1983 2122 2060; baseline -0.005 -13"><span class='ocrx_word' id='word_1_227' title='bbox 468 1991 808 2060; x_wconf 87' lang='lat' dir='ltr'><strong>facientem,</strong></span> <span class='ocrx_word' id='word_1_228' title='bbox 859 1988 1145 2053; x_wconf 85' lang='lat' dir='ltr'><strong>tenderet,</strong></span> <span class='ocrx_word' id='word_1_229' title='bbox 1202 1987 1350 2042; x_wconf 91' lang='lat' dir='ltr'><strong>dum</strong></span> <span class='ocrx_word' id='word_1_230' title='bbox 1395 1986 1568 2057; x_wconf 82' lang='lat' dir='ltr'><strong>juxta</strong></span> <span class='ocrx_word' id='word_1_231' title='bbox 1613 1984 1884 2041; x_wconf 88' lang='lat' dir='ltr'><strong>nauticas</strong></span> <span class='ocrx_word' id='word_1_232' title='bbox 1936 1983 2122 2056; x_wconf 83' lang='lat' dir='ltr'><strong>leges,</strong></span> 
     </span>
    </p>
   </div>
   <div class='ocr_carea' id='block_1_37' title="bbox 468 2073 2122 2154">
    <p class='ocr_par' dir='ltr' id='par_1_37' title="bbox 468 2073 2122 2154">
     <span class='ocr_line' id='line_1_37' title="bbox 468 2073 2122 2154; baseline -0.005 -17"><span class='ocrx_word' id='word_1_233' title='bbox 468 2081 688 2154; x_wconf 91' lang='lat' dir='ltr'><strong>pedem</strong></span> <span class='ocrx_word' id='word_1_234' title='bbox 744 2078 940 2144; x_wconf 86' lang='lat' dir='ltr'><strong>refert,</strong></span> <span class='ocrx_word' id='word_1_235' title='bbox 995 2081 1320 2148; x_wconf 88' lang='lat' dir='ltr'><strong>velumque</strong></span> <span class='ocrx_word' id='word_1_236' title='bbox 1367 2075 1681 2131; x_wconf 91' lang='lat' dir='ltr'><strong>intinctum</strong></span> <span class='ocrx_word' id='word_1_237' title='bbox 1762 2073 1941 2141; x_wconf 87' lang='lat' dir='ltr'><strong>laxat;</strong></span> <span class='ocrx_word' id='word_1_238' title='bbox 2015 2073 2122 2129; x_wconf 92' lang='lat' dir='ltr'><strong>sed</strong></span> 
     </span>
    </p>
   </div>
   <div class='ocr_carea' id='block_1_38' title="bbox 467 2162 2120 2242">
    <p class='ocr_par' dir='ltr' id='par_1_38' title="bbox 467 2162 2120 2242">
     <span class='ocr_line' id='line_1_38' title="bbox 467 2162 2120 2242; baseline -0.005 -16"><span class='ocrx_word' id='word_1_239' title='bbox 467 2169 650 2226; x_wconf 86' lang='lat' dir='ltr'><strong>etiam</strong></span> <span class='ocrx_word' id='word_1_240' title='bbox 673 2167 1008 2242; x_wconf 91' lang='lat' dir='ltr'><strong>periculum</strong></span> <span class='ocrx_word' id='word_1_241' title='bbox 1034 2169 1211 2233; x_wconf 90' lang='lat' dir='ltr'><strong>esset,</strong></span> <span class='ocrx_word' id='word_1_242' title='bbox 1242 2179 1318 2221; x_wconf 92' lang='lat' dir='ltr'><strong>ne</strong></span> <span class='ocrx_word' id='word_1_243' title='bbox 1343 2164 1600 2236; x_wconf 79' lang='lat' dir='ltr'><strong>propriae</strong></span> <span class='ocrx_word' id='word_1_244' title='bbox 1633 2162 1807 2219; x_wconf 89' lang='lat' dir='ltr'><strong>navis</strong></span> <span class='ocrx_word' id='word_1_245' title='bbox 1853 2166 2120 2218; x_wconf 87' lang='lat' dir='ltr'><strong>vectores</strong></span> 
     </span>
    </p>
   </div>
   <div class='ocr_carea' id='block_1_39' title="bbox 469 2252 2119 2332">
    <p class='ocr_par' dir='ltr' id='par_1_39' title="bbox 469 2252 2119 2332">
     <span class='ocr_line' id='line_1_39' title="bbox 469 2252 2119 2332; baseline -0.005 -16"><span class='ocrx_word' id='word_1_246' title='bbox 469 2257 940 2332; x_wconf 89' lang='lat' dir='ltr'><strong>compelleretad</strong></span> <span class='ocrx_word' id='word_1_247' title='bbox 963 2255 1403 2323; x_wconf 86' lang='lat' dir='ltr'><strong>seditionem;et</strong></span> <span class='ocrx_word' id='word_1_248' title='bbox 1428 2253 1608 2326; x_wconf 91' lang='lat' dir='ltr'><strong>quasi</strong></span> <span class='ocrx_word' id='word_1_249' title='bbox 1637 2252 1713 2308; x_wconf 89' lang='lat' dir='ltr'><strong>ad</strong></span> <span class='ocrx_word' id='word_1_250' title='bbox 1742 2253 2119 2308; x_wconf 87' lang='lat' dir='ltr'><strong>vexationem</strong></span> 
     </span>
    </p>
   </div>
   <div class='ocr_carea' id='block_1_40' title="bbox 467 2341 2118 2417">
    <p class='ocr_par' dir='ltr' id='par_1_40' title="bbox 467 2341 2118 2417">
     <span class='ocr_line' id='line_1_40' title="bbox 467 2341 2118 2417; baseline -0.005 -11"><span class='ocrx_word' id='word_1_251' title='bbox 467 2364 593 2406; x_wconf 88' lang='lat' dir='ltr'><strong>non</strong></span> <span class='ocrx_word' id='word_1_252' title='bbox 613 2347 951 2404; x_wconf 73' lang='lat' dir='ltr'><strong>sufﬁcerent</strong></span> <span class='ocrx_word' id='word_1_253' title='bbox 976 2345 1202 2402; x_wconf 88' lang='lat' dir='ltr'><strong>externi</strong></span> <span class='ocrx_word' id='word_1_254' title='bbox 1233 2344 1461 2417; x_wconf 83' lang='lat' dir='ltr'><strong>piratae,</strong></span> <span class='ocrx_word' id='word_1_255' title='bbox 1487 2346 1688 2415; x_wconf 90' lang='lat' dir='ltr'><strong>aperte</strong></span> <span class='ocrx_word' id='word_1_256' title='bbox 1726 2341 2118 2398; x_wconf 90' lang='lat' dir='ltr'><strong>metuendum</strong></span> 
     </span>
    </p>
   </div>
   <div class='ocr_carea' id='block_1_41' title="bbox 467 2431 2119 2509">
    <p class='ocr_par' dir='ltr' id='par_1_41' title="bbox 467 2431 2119 2509">
     <span class='ocr_line' id='line_1_41' title="bbox 467 2431 2119 2509; baseline -0.005 -15"><span class='ocrx_word' id='word_1_257' title='bbox 467 2443 643 2508; x_wconf 90' lang='lat' dir='ltr'><strong>esset,</strong></span> <span class='ocrx_word' id='word_1_258' title='bbox 669 2453 745 2494; x_wconf 91' lang='lat' dir='ltr'><strong>ne</strong></span> <span class='ocrx_word' id='word_1_259' title='bbox 769 2437 938 2509; x_wconf 90' lang='lat' dir='ltr'><strong>ipsos</strong></span> <span class='ocrx_word' id='word_1_260' title='bbox 960 2435 1107 2491; x_wconf 90' lang='lat' dir='ltr'><strong>inter</strong></span> <span class='ocrx_word' id='word_1_261' title='bbox 1153 2449 1215 2490; x_wconf 93' lang='lat' dir='ltr'><strong>se</strong></span> <span class='ocrx_word' id='word_1_262' title='bbox 1265 2433 1662 2489; x_wconf 88' lang='lat' dir='ltr'><strong>committeret</strong></span> <span class='ocrx_word' id='word_1_263' title='bbox 1720 2431 2119 2503; x_wconf 86' lang='lat' dir='ltr'><strong>navigationis</strong></span> 
     </span>
    </p>
   </div>
   <div class='ocr_carea' id='block_1_42' title="bbox 467 2520 2118 2599">
    <p class='ocr_par' dir='ltr' id='par_1_42' title="bbox 467 2520 2118 2599">
     <span class='ocr_line' id='line_1_42' title="bbox 467 2520 2118 2599; baseline -0.005 -14"><span class='ocrx_word' id='word_1_264' title='bbox 467 2528 682 2599; x_wconf 71' lang='lat' dir='ltr'><strong>socios;</strong></span> <span class='ocrx_word' id='word_1_265' title='bbox 713 2526 842 2582; x_wconf 67' lang='lat' dir='ltr'><strong>haec</strong></span> <span class='ocrx_word' id='word_1_266' title='bbox 873 2525 952 2582; x_wconf 89' lang='lat' dir='ltr'><strong>ad</strong></span> <span class='ocrx_word' id='word_1_267' title='bbox 988 2524 1237 2597; x_wconf 91' lang='lat' dir='ltr'><strong>Cyprios</strong></span> <span class='ocrx_word' id='word_1_268' title='bbox 1281 2522 1595 2596; x_wconf 88' lang='lat' dir='ltr'><strong>prolocuta</strong></span> <span class='ocrx_word' id='word_1_269' title='bbox 1646 2526 1752 2578; x_wconf 89' lang='lat' dir='ltr'><strong>est:</strong></span> <span class='ocrx_word' id='word_1_270' title='bbox 1814 2520 1998 2576; x_wconf 90' lang='lat' dir='ltr'><strong>Chrisi</strong></span> <span class='ocrx_word' id='word_1_271' title='bbox 2051 2537 2118 2577; x_wconf 88' lang='lat' dir='ltr'><strong>os</strong></span> 
     </span>
    </p>
   </div>
   <div class='ocr_carea' id='block_1_43' title="bbox 464 2611 2116 2689">
    <p class='ocr_par' dir='ltr' id='par_1_43' title="bbox 464 2611 2116 2689">
     <span class='ocr_line' id='line_1_43' title="bbox 464 2611 2116 2689; baseline -0.005 -15"><span class='ocrx_word' id='word_1_272' title='bbox 464 2617 816 2689; x_wconf 89' lang='lat' dir='ltr'><strong>Paulus,per</strong></span> <span class='ocrx_word' id='word_1_273' title='bbox 839 2632 907 2672; x_wconf 92' lang='lat' dir='ltr'><strong>os</strong></span> <span class='ocrx_word' id='word_1_274' title='bbox 932 2629 1137 2671; x_wconf 90' lang='lat' dir='ltr'><strong>meum</strong></span> <span class='ocrx_word' id='word_1_275' title='bbox 1158 2613 1383 2686; x_wconf 90' lang='lat' dir='ltr'><strong>profert</strong></span> <span class='ocrx_word' id='word_1_276' title='bbox 1405 2612 1786 2678; x_wconf 90' lang='lat' dir='ltr'><strong>sententiam,</strong></span> <span class='ocrx_word' id='word_1_277' title='bbox 1829 2616 2008 2683; x_wconf 84' lang='lat' dir='ltr'><strong>atque</strong></span> <span class='ocrx_word' id='word_1_278' title='bbox 2039 2611 2116 2667; x_wconf 92' lang='lat' dir='ltr'><strong>ad</strong></span> 
     </span>
    </p>
   </div>
   <div class='ocr_carea' id='block_1_44' title="bbox 461 2701 2112 2778">
    <p class='ocr_par' dir='ltr' id='par_1_44' title="bbox 461 2701 2112 2778">
     <span class='ocr_line' id='line_1_44' title="bbox 461 2701 2112 2778; baseline -0.006 -13"><span class='ocrx_word' id='word_1_279' title='bbox 461 2707 986 2778; x_wconf 86' lang='lat' dir='ltr'><strong>interrogationem</strong></span> <span class='ocrx_word' id='word_1_280' title='bbox 1016 2709 1278 2761; x_wconf 88' lang='lat' dir='ltr'><strong>vestram</strong></span> <span class='ocrx_word' id='word_1_281' title='bbox 1307 2703 1390 2759; x_wconf 86' lang='lat' dir='ltr'><strong>ita</strong></span> <span class='ocrx_word' id='word_1_282' title='bbox 1418 2701 1760 2775; x_wconf 88' lang='lat' dir='ltr'><strong>respondet:</strong></span> <span class='ocrx_word' id='word_1_283' title='bbox 1793 2702 1953 2772; x_wconf 84' lang='lat' dir='ltr'><strong>Rogo</strong></span> <span class='ocrx_word' id='word_1_284' title='bbox 1995 2715 2112 2771; x_wconf 87' lang='lat' dir='ltr'><strong>vos,</strong></span> 
     </span>
    </p>
   </div>
   <div class='ocr_carea' id='block_1_45' title="bbox 464 2789 2116 2869">
    <p class='ocr_par' dir='ltr' id='par_1_45' title="bbox 464 2789 2116 2869">
     <span class='ocr_line' id='line_1_45' title="bbox 464 2789 2116 2869; baseline -0.005 -17"><span class='ocrx_word' id='word_1_285' title='bbox 464 2799 704 2869; x_wconf 79' lang='lat' dir='ltr'><strong>fratres,</strong></span> <span class='ocrx_word' id='word_1_286' title='bbox 724 2802 788 2852; x_wconf 79' lang='lat' dir='ltr'><strong>ut</strong></span> <span class='ocrx_word' id='word_1_287' title='bbox 808 2795 1120 2851; x_wconf 81' lang='lat' dir='ltr'><strong>observetis</strong></span> <span class='ocrx_word' id='word_1_288' title='bbox 1141 2810 1233 2851; x_wconf 89' lang='lat' dir='ltr'><strong>eos</strong></span> <span class='ocrx_word' id='word_1_289' title='bbox 1254 2793 1358 2865; x_wconf 88' lang='lat' dir='ltr'><strong>qui</strong></span> <span class='ocrx_word' id='word_1_290' title='bbox 1372 2792 1763 2848; x_wconf 78' lang='lat' dir='ltr'><strong>dissensiones</strong></span> <span class='ocrx_word' id='word_1_291' title='bbox 1781 2797 1833 2847; x_wconf 81' lang='lat' dir='ltr'><strong>et</strong></span> <span class='ocrx_word' id='word_1_292' title='bbox 1867 2789 2116 2860; x_wconf 74' lang='lat' dir='ltr'><strong>offendi-</strong></span> 
     </span>
    </p>
   </div>
   <div class='ocr_carea' id='block_1_46' title="bbox 465 2880 2118 2959">
    <p class='ocr_par' dir='ltr' id='par_1_46' title="bbox 465 2880 2112 2955">
     <span class='ocr_line' id='line_1_46' title="bbox 465 2880 2112 2955; baseline -0.004 -12"><span class='ocrx_word' id='word_1_293' title='bbox 465 2901 538 2943; x_wconf 85' lang='lat' dir='ltr'><strong>cu</strong></span> <span class='ocrx_word' id='word_1_294' title='bbox 547 2887 628 2955; x_wconf 87' lang='lat' dir='ltr'><strong>la,</strong></span> <span class='ocrx_word' id='word_1_295' title='bbox 637 2885 1205 2955; x_wconf 58' lang='lat' dir='ltr'><strong>preterdoctrinam</strong></span> <span class='ocrx_word' id='word_1_296' title='bbox 1219 2899 1397 2954; x_wconf 87' lang='lat' dir='ltr'><strong>quam</strong></span> <span class='ocrx_word' id='word_1_297' title='bbox 1414 2898 1512 2939; x_wconf 88' lang='lat' dir='ltr'><strong>vos</strong></span> <span class='ocrx_word' id='word_1_298' title='bbox 1524 2881 1838 2946; x_wconf 75' lang='lat' dir='ltr'><strong>didicistis,</strong></span> <span class='ocrx_word' id='word_1_299' title='bbox 1851 2880 2112 2949; x_wconf 82' lang='lat' dir='ltr'><strong>faciunt;</strong></span> 
     </span>
    </p>
   </div>
   <div class='ocr_carea' id='block_1_47' title="bbox 2228 2880 3842 2959">
    <p class='ocr_par' dir='ltr' id='par_1_47' title="bbox 2228 2883 3842 2959">
     <span class='ocr_line' id='line_1_47' title="bbox 2228 2883 3842 2959; baseline 0.007 -30"><span class='ocrx_word' id='word_1_300' title='bbox 2228 2897 2362 2931; x_wconf 83' lang='grc' dir='ltr'>νεται</span> <span class='ocrx_word' id='word_1_301' title='bbox 2397 2919 2409 2930; x_wconf 95' lang='grc'><strong>.</strong></span> <span class='ocrx_word' id='word_1_302' title='bbox 2485 2883 2778 2955; x_wconf 83' lang='grc' dir='ltr'>Παρακαλῶ</span> <span class='ocrx_word' id='word_1_303' title='bbox 2871 2887 3024 2958; x_wconf 80' lang='grc' dir='ltr'>ὑμᾶς,</span> <span class='ocrx_word' id='word_1_304' title='bbox 3110 2883 3340 2959; x_wconf 76' lang='grc' dir='ltr'>ἀδελφοὶ,</span> <span class='ocrx_word' id='word_1_305' title='bbox 3418 2894 3630 2940; x_wconf 84' lang='grc' dir='ltr'>σκοπεῖν</span> <span class='ocrx_word' id='word_1_306' title='bbox 3712 2891 3842 2951; x_wconf 82' lang='grc' dir='ltr'>τοὺς</span> 
     </span>
    </p>
   </div>
   <div class='ocr_carea' id='block_1_48' title="bbox 465 2966 2118 3052">
    <p class='ocr_par' dir='ltr' id='par_1_48' title="bbox 465 2971 2117 3043">
     <span class='ocr_line' id='line_1_48' title="bbox 465 2971 2117 3043; baseline -0.004 -11"><span class='ocrx_word' id='word_1_307' title='bbox 465 2983 519 3032; x_wconf 82' lang='lat' dir='ltr'><strong>et</strong></span> <span class='ocrx_word' id='word_1_308' title='bbox 536 2976 829 3032; x_wconf 87' lang='lat' dir='ltr'><strong>declinale</strong></span> <span class='ocrx_word' id='word_1_309' title='bbox 848 2974 922 3030; x_wconf 89' lang='lat' dir='ltr'><strong>ab</strong></span> <span class='ocrx_word' id='word_1_310' title='bbox 939 2973 1061 3029; x_wconf 81' lang='lat' dir='ltr'><strong>illis</strong></span> <span class='ocrx_word' id='word_1_311' title='bbox 1080 2972 1423 3043; x_wconf 77' lang='lat' dir='ltr'><strong>hujusmodi</strong></span> <span class='ocrx_word' id='word_1_312' title='bbox 1438 2973 1594 3027; x_wconf 84' lang='lat' dir='ltr'><strong>enim</strong></span> <span class='ocrx_word' id='word_1_313' title='bbox 1610 2971 1848 3028; x_wconf 82' lang='lat' dir='ltr'><strong>Christo</strong></span> <span class='ocrx_word' id='word_1_314' title='bbox 1864 2971 2117 3026; x_wconf 88' lang='lat' dir='ltr'><strong>Domino</strong></span> 
     </span>
    </p>
   </div>
   <div class='ocr_carea' id='block_1_49' title="bbox 2228 2966 3839 3052">
    <p class='ocr_par' dir='ltr' id='par_1_49' title="bbox 2228 2966 3839 3052">
     <span class='ocr_line' id='line_1_49' title="bbox 2228 2966 3839 3052; baseline 0.006 -32"><span class='ocrx_word' id='word_1_315' title='bbox 2228 2971 2321 3030; x_wconf 79' lang='grc' dir='ltr'>τὰς</span> <span class='ocrx_word' id='word_1_316' title='bbox 2380 2966 2742 3043; x_wconf 83' lang='grc' dir='ltr'>διχοστασίας</span> <span class='ocrx_word' id='word_1_317' title='bbox 2794 2979 2883 3027; x_wconf 85' lang='grc' dir='ltr'>καὶ</span> <span class='ocrx_word' id='word_1_318' title='bbox 2931 2977 2997 3028; x_wconf 85' lang='grc' dir='ltr'>τὰ</span> <span class='ocrx_word' id='word_1_319' title='bbox 3047 2972 3318 3028; x_wconf 79' lang='grc' dir='ltr'>σκάνδαλα</span> <span class='ocrx_word' id='word_1_320' title='bbox 3369 2978 3513 3052; x_wconf 86' lang='grc' dir='ltr'>παρὰ</span> <span class='ocrx_word' id='word_1_321' title='bbox 3577 2980 3672 3035; x_wconf 78' lang='grc' dir='ltr'>τὴν</span> <span class='ocrx_word' id='word_1_322' title='bbox 3752 2973 3839 3029; x_wconf 84' lang='grc' dir='ltr'>δι-</span> 
     </span>
    </p>
   </div>
   <div class='ocr_carea' id='block_1_50' title="bbox 464 3043 2118 3138">
    <p class='ocr_par' dir='ltr' id='par_1_50' title="bbox 464 3061 2118 3134">
     <span class='ocr_line' id='line_1_50' title="bbox 464 3061 2118 3134; baseline -0.004 -12"><span class='ocrx_word' id='word_1_323' title='bbox 464 3080 586 3122; x_wconf 84' lang='grc' dir='ltr'><strong>ηοη</strong></span> <span class='ocrx_word' id='word_1_324' title='bbox 611 3066 895 3130; x_wconf 82' lang='lat' dir='ltr'><strong>serviunt,</strong></span> <span class='ocrx_word' id='word_1_325' title='bbox 910 3064 1012 3119; x_wconf 84' lang='lat' dir='ltr'><strong>sed</strong></span> <span class='ocrx_word' id='word_1_326' title='bbox 1025 3063 1458 3134; x_wconf 63' lang='lat' dir='ltr'><strong>sumnequitgae;</strong></span> <span class='ocrx_word' id='word_1_327' title='bbox 1471 3067 1523 3117; x_wconf 82' lang='lat' dir='ltr'><strong>el</strong></span> <span class='ocrx_word' id='word_1_328' title='bbox 1542 3076 1653 3130; x_wconf 79' lang='lat' dir='ltr'><strong>per</strong></span> <span class='ocrx_word' id='word_1_329' title='bbox 1677 3061 1880 3116; x_wconf 84' lang='lat' dir='ltr'><strong>dulces</strong></span> <span class='ocrx_word' id='word_1_330' title='bbox 1902 3075 2118 3115; x_wconf 88' lang='lat' dir='ltr'><strong>sermo-</strong></span> 
     </span>
    </p>
   </div>
   <div class='ocr_carea' id='block_1_51' title="bbox 2228 3043 3831 3138">
    <p class='ocr_par' dir='ltr' id='par_1_51' title="bbox 2231 3055 3831 3138">
     <span class='ocr_line' id='line_1_51' title="bbox 2231 3055 3831 3138; baseline -0.001 -20"><span class='ocrx_word' id='word_1_331' title='bbox 2231 3055 2410 3131; x_wconf 76' lang='grc' dir='ltr'>δαχὴν</span> <span class='ocrx_word' id='word_1_332' title='bbox 2493 3062 2554 3121; x_wconf 76' lang='grc' dir='ltr'>ἣν</span> <span class='ocrx_word' id='word_1_333' title='bbox 2635 3065 2781 3136; x_wconf 77' lang='grc' dir='ltr'>ὑμεῖς</span> <span class='ocrx_word' id='word_1_334' title='bbox 2859 3063 3071 3138; x_wconf 80' lang='grc' dir='ltr'>ἐμάθετε</span> <span class='ocrx_word' id='word_1_335' title='bbox 3149 3073 3444 3133; x_wconf 83' lang='grc' dir='ltr'>ποιοῦντας,</span> <span class='ocrx_word' id='word_1_336' title='bbox 3509 3069 3601 3118; x_wconf 88' lang='grc' dir='ltr'>καὶ</span> <span class='ocrx_word' id='word_1_337' title='bbox 3668 3064 3831 3118; x_wconf 84' lang='grc' dir='ltr'>ἐκκλί-</span> 
     </span>
    </p>
   </div>
   <div class='ocr_carea' id='block_1_52' title="bbox 2309 1449 3844 1528">
    <p class='ocr_par' dir='ltr' id='par_1_52' title="bbox 2309 1449 3844 1528">
     <span class='ocr_line' id='line_1_52' title="bbox 2309 1449 3844 1528; baseline 0.004 -23"><span class='ocrx_word' id='word_1_338' title='bbox 2309 1449 2397 1507; x_wconf 61' lang='lat' dir='ltr'><strong>id”.</strong></span> <span class='ocrx_word' id='word_1_339' title='bbox 2449 1460 2625 1506; x_wconf 90' lang='grc' dir='ltr'>Ταῦτα</span> <span class='ocrx_word' id='word_1_340' title='bbox 2670 1461 2761 1506; x_wconf 86' lang='grc' dir='ltr'><strong>τοῦ</strong></span> <span class='ocrx_word' id='word_1_341' title='bbox 2811 1460 3197 1528; x_wconf 84' lang='grc' dir='ltr'>παρεστηκότος</span> <span class='ocrx_word' id='word_1_342' title='bbox 3222 1455 3686 1528; x_wconf 76' lang='grc' dir='ltr'>φιλευσεϐεστάτου</span> <span class='ocrx_word' id='word_1_343' title='bbox 3712 1457 3844 1510; x_wconf 88' lang='grc' dir='ltr'>λαοῦ</span> 
     </span>
    </p>
   </div>
   <div class='ocr_carea' id='block_1_53' title="bbox 2233 1898 3842 1979">
    <p class='ocr_par' dir='ltr' id='par_1_53' title="bbox 2233 1898 3842 1979">
     <span class='ocr_line' id='line_1_53' title="bbox 2233 1898 3842 1979; baseline 0.004 -29"><span class='ocrx_word' id='word_1_344' title='bbox 2233 1902 2384 1971; x_wconf 89' lang='grc' dir='ltr'>μόνον</span> <span class='ocrx_word' id='word_1_345' title='bbox 2434 1898 2528 1951; x_wconf 73' lang='grc' dir='ltr'><strong>οῦκ</strong></span> <span class='ocrx_word' id='word_1_346' title='bbox 2582 1899 2850 1953; x_wconf 81' lang='grc' dir='ltr'>εύθυπ).οεί</span> <span class='ocrx_word' id='word_1_347' title='bbox 2895 1901 3026 1960; x_wconf 73' lang='grc' dir='ltr'>αὕτη</span> <span class='ocrx_word' id='word_1_348' title='bbox 3073 1905 3201 1976; x_wconf 85' lang='grc' dir='ltr'>πρὸς</span> <span class='ocrx_word' id='word_1_349' title='bbox 3229 1907 3322 1961; x_wconf 82' lang='grc' dir='ltr'>τὴν</span> <span class='ocrx_word' id='word_1_350' title='bbox 3353 1909 3672 1979; x_wconf 85' lang='grc' dir='ltr'>περιώνυμον</span> <span class='ocrx_word' id='word_1_351' title='bbox 3729 1907 3842 1958; x_wconf 86' lang='grc' dir='ltr'>Κύ-</span> 
     </span>
    </p>
   </div>
   <div class='ocr_carea' id='block_1_54' title="bbox 2232 1987 3843 2062">
    <p class='ocr_par' dir='ltr' id='par_1_54' title="bbox 2232 1987 3843 2062">
     <span class='ocr_line' id='line_1_54' title="bbox 2232 1987 3843 2062; baseline 0.006 -24"><span class='ocrx_word' id='word_1_352' title='bbox 2232 2006 2360 2062; x_wconf 91' lang='grc' dir='ltr'>προν</span> <span class='ocrx_word' id='word_1_353' title='bbox 2381 1997 2714 2061; x_wconf 87' lang='grc' dir='ltr'>ναυαγοῦσαν</span> <span class='ocrx_word' id='word_1_354' title='bbox 2735 1987 2838 2050; x_wconf 69' lang='grc' dir='ltr'>ἢδη</span> <span class='ocrx_word' id='word_1_355' title='bbox 2865 1987 3263 2062; x_wconf 73' lang='grc' dir='ltr'>διασώσασθαι,</span> <span class='ocrx_word' id='word_1_356' title='bbox 3278 1988 3567 2046; x_wconf 76' lang='grc' dir='ltr'>ἐνδιδοῦσα</span> <span class='ocrx_word' id='word_1_357' title='bbox 3587 1997 3672 2046; x_wconf 89' lang='grc' dir='ltr'><strong>τόν</strong></span> <span class='ocrx_word' id='word_1_358' title='bbox 3695 1990 3843 2047; x_wconf 83' lang='grc' dir='ltr'>πόδα</span> 
     </span>
    </p>
   </div>
   <div class='ocr_carea' id='block_1_55' title="bbox 2231 2079 3840 2158">
    <p class='ocr_par' dir='ltr' id='par_1_55' title="bbox 2231 2079 3840 2158">
     <span class='ocr_line' id='line_1_55' title="bbox 2231 2079 3840 2158; baseline 0.005 -29"><span class='ocrx_word' id='word_1_359' title='bbox 2231 2096 2364 2130; x_wconf 87' lang='grc' dir='ltr'>κατα</span> <span class='ocrx_word' id='word_1_360' title='bbox 2407 2082 2594 2152; x_wconf 85' lang='grc' dir='ltr'>νόμους</span> <span class='ocrx_word' id='word_1_361' title='bbox 2650 2079 3014 2154; x_wconf 85' lang='grc' dir='ltr'>ναυτηλικούς,</span> <span class='ocrx_word' id='word_1_362' title='bbox 3065 2087 3155 2135; x_wconf 88' lang='grc' dir='ltr'>καὶ</span> <span class='ocrx_word' id='word_1_363' title='bbox 3183 2085 3240 2135; x_wconf 88' lang='grc' dir='ltr'><strong>τό</strong></span> <span class='ocrx_word' id='word_1_364' title='bbox 3275 2085 3442 2136; x_wconf 80' lang='grc' dir='ltr'>ἱστίον</span> <span class='ocrx_word' id='word_1_365' title='bbox 3469 2082 3671 2158; x_wconf 84' lang='grc' dir='ltr'>βάπτον</span> <span class='ocrx_word' id='word_1_366' title='bbox 3703 2083 3840 2138; x_wconf 83' lang='grc' dir='ltr'>ἀπο-</span> 
     </span>
    </p>
   </div>
   <div class='ocr_carea' id='block_1_56' title="bbox 2230 2166 3842 2250">
    <p class='ocr_par' dir='ltr' id='par_1_56' title="bbox 2230 2166 3842 2250">
     <span class='ocr_line' id='line_1_56' title="bbox 2230 2166 3842 2250; baseline 0.006 -33"><span class='ocrx_word' id='word_1_367' title='bbox 2230 2173 2451 2219; x_wconf 88' lang='grc' dir='ltr'>κενοῦσα</span> <span class='ocrx_word' id='word_1_368' title='bbox 2485 2189 2496 2201; x_wconf 77' lang='grc' dir='ltr'><strong>ο</strong></span> <span class='ocrx_word' id='word_1_369' title='bbox 2547 2167 2673 2222; x_wconf 85' lang='grc' dir='ltr'>ἀλλά</span> <span class='ocrx_word' id='word_1_370' title='bbox 2729 2189 2787 2242; x_wconf 90' lang='grc' dir='ltr'><strong>γε</strong></span> <span class='ocrx_word' id='word_1_371' title='bbox 2837 2166 2904 2229; x_wconf 83' lang='grc' dir='ltr'>δὴ</span> <span class='ocrx_word' id='word_1_372' title='bbox 2941 2175 3032 2224; x_wconf 83' lang='grc' dir='ltr'>καὶ</span> <span class='ocrx_word' id='word_1_373' title='bbox 3078 2175 3194 2234; x_wconf 83' lang='grc' dir='ltr'>τούς</span> <span class='ocrx_word' id='word_1_374' title='bbox 3220 2180 3312 2235; x_wconf 86' lang='grc' dir='ltr'>τῆς</span> <span class='ocrx_word' id='word_1_375' title='bbox 3345 2173 3534 2236; x_wconf 81' lang='grc' dir='ltr'>οἰκείας</span> <span class='ocrx_word' id='word_1_376' title='bbox 3565 2169 3842 2250; x_wconf 77' lang='grc' dir='ltr'>φροντίδος</span> 
     </span>
    </p>
   </div>
   <div class='ocr_carea' id='block_1_57' title="bbox 2230 2253 3839 2338">
    <p class='ocr_par' dir='ltr' id='par_1_57' title="bbox 2230 2253 3839 2338">
     <span class='ocr_line' id='line_1_57' title="bbox 2230 2253 3839 2338; baseline 0.002 -28"><span class='ocrx_word' id='word_1_377' title='bbox 2364 2253 2635 2331; x_wconf 73' lang='grc' dir='ltr'>φορτίδος]</span> <span class='ocrx_word' id='word_1_378' title='bbox 2685 2255 2936 2320; x_wconf 82' lang='grc' dir='ltr'>ἐπιϐάτας</span> <span class='ocrx_word' id='word_1_379' title='bbox 2987 2264 3316 2324; x_wconf 75' lang='grc' dir='ltr'>στασιαστὰς</span> <span class='ocrx_word' id='word_1_380' title='bbox 3365 2261 3682 2338; x_wconf 76' lang='grc' dir='ltr'>ἐργάζεσθαι</span> <span class='ocrx_word' id='word_1_381' title='bbox 3725 2284 3839 2315; x_wconf 88' lang='grc' dir='ltr'>κιν-</span> 
     </span>
    </p>
   </div>
   <div class='ocr_carea' id='block_1_58' title="bbox 2231 2339 3838 2422">
    <p class='ocr_par' dir='ltr' id='par_1_58' title="bbox 2231 2339 3838 2422">
     <span class='ocr_line' id='line_1_58' title="bbox 2231 2339 3838 2422; baseline 0.006 -28"><span class='ocrx_word' id='word_1_382' title='bbox 2231 2339 2434 2397; x_wconf 87' lang='grc' dir='ltr'>δυνεύει</span> <span class='ocrx_word' id='word_1_383' title='bbox 2498 2351 2586 2398; x_wconf 85' lang='grc' dir='ltr'>καὶ</span> <span class='ocrx_word' id='word_1_384' title='bbox 2648 2348 2716 2408; x_wconf 82' lang='grc' dir='ltr'>ὡς</span> <span class='ocrx_word' id='word_1_385' title='bbox 2777 2352 2847 2422; x_wconf 80' lang='grc' dir='ltr'>μὴ</span> <span class='ocrx_word' id='word_1_386' title='bbox 2931 2348 3220 2422; x_wconf 81' lang='grc' dir='ltr'>ἀρκούντων</span> <span class='ocrx_word' id='word_1_387' title='bbox 3288 2352 3360 2416; x_wconf 80' lang='grc' dir='ltr'><strong>εἰς</strong></span> <span class='ocrx_word' id='word_1_388' title='bbox 3423 2354 3656 2406; x_wconf 87' lang='grc' dir='ltr'>κάκωσιν</span> <span class='ocrx_word' id='word_1_389' title='bbox 3735 2361 3838 2404; x_wconf 91' lang='grc' dir='ltr'><strong>τῶν</strong></span> 
     </span>
    </p>
   </div>
   <div class='ocr_carea' id='block_1_59' title="bbox 2230 2431 3839 2508">
    <p class='ocr_par' dir='ltr' id='par_1_59' title="bbox 2230 2431 3839 2508">
     <span class='ocr_line' id='line_1_59' title="bbox 2230 2431 3839 2508; baseline 0.007 -25"><span class='ocrx_word' id='word_1_390' title='bbox 2230 2431 2408 2494; x_wconf 81' lang='grc' dir='ltr'>ἔξωθεν</span> <span class='ocrx_word' id='word_1_391' title='bbox 2461 2443 2735 2508; x_wconf 82' lang='grc' dir='ltr'>πειρατῶν,</span> <span class='ocrx_word' id='word_1_392' title='bbox 2816 2441 2906 2490; x_wconf 87' lang='grc' dir='ltr'>καὶ</span> <span class='ocrx_word' id='word_1_393' title='bbox 2990 2438 3176 2500; x_wconf 77' lang='grc' dir='ltr'>αύτούς</span> <span class='ocrx_word' id='word_1_394' title='bbox 3234 2439 3352 2492; x_wconf 88' lang='grc' dir='ltr'>καθ’</span> <span class='ocrx_word' id='word_1_395' title='bbox 3416 2440 3608 2494; x_wconf 80' lang='grc' dir='ltr'>ἑαυτῶν</span> <span class='ocrx_word' id='word_1_396' title='bbox 3683 2439 3839 2494; x_wconf 87' lang='grc' dir='ltr'>ἐκπο-</span> 
     </span>
    </p>
   </div>
   <div class='ocr_carea' id='block_1_60' title="bbox 2227 2520 3836 2604">
    <p class='ocr_par' dir='ltr' id='par_1_60' title="bbox 2227 2520 3836 2604">
     <span class='ocr_line' id='line_1_60' title="bbox 2227 2520 3836 2604; baseline 0.007 -32"><span class='ocrx_word' id='word_1_397' title='bbox 2227 2520 2459 2594; x_wconf 86' lang='grc' dir='ltr'>λεμῶσαι</span> <span class='ocrx_word' id='word_1_398' title='bbox 2538 2528 2656 2586; x_wconf 82' lang='grc' dir='ltr'>τοὺς</span> <span class='ocrx_word' id='word_1_399' title='bbox 2745 2525 3130 2604; x_wconf 88' lang='grc' dir='ltr'>συμπλωτῆρας</span> <span class='ocrx_word' id='word_1_400' title='bbox 3213 2528 3368 2602; x_wconf 79' lang='grc' dir='ltr'>φόϐος</span> <span class='ocrx_word' id='word_1_401' title='bbox 3437 2529 3530 2582; x_wconf 81' lang='grc' dir='ltr'><strong>οῦκ</strong></span> <span class='ocrx_word' id='word_1_402' title='bbox 3596 2529 3836 2603; x_wconf 68' lang='grc' dir='ltr'>αξυμφα-</span> 
     </span>
    </p>
   </div>
   <div class='ocr_carea' id='block_1_61' title="bbox 2227 2615 3838 2691">
    <p class='ocr_par' dir='ltr' id='par_1_61' title="bbox 2227 2615 3838 2691">
     <span class='ocr_line' id='line_1_61' title="bbox 2227 2615 3838 2691; baseline 0.003 -22"><span class='ocrx_word' id='word_1_403' title='bbox 2227 2615 2318 2674; x_wconf 78' lang='grc' dir='ltr'>νής</span> <span class='ocrx_word' id='word_1_404' title='bbox 2349 2634 2360 2645; x_wconf 91' lang='grc'><strong>·</strong></span> <span class='ocrx_word' id='word_1_405' title='bbox 2431 2617 2556 2688; x_wconf 87' lang='grc' dir='ltr'>πρὸς</span> <span class='ocrx_word' id='word_1_406' title='bbox 2602 2618 2720 2678; x_wconf 84' lang='grc' dir='ltr'>τοὺς</span> <span class='ocrx_word' id='word_1_407' title='bbox 2778 2621 3041 2691; x_wconf 81' lang='grc' dir='ltr'>Κυπρίους</span> <span class='ocrx_word' id='word_1_408' title='bbox 3096 2626 3260 2671; x_wconf 81' lang='grc' dir='ltr'>ταῦτα</span> <span class='ocrx_word' id='word_1_409' title='bbox 3291 2619 3455 2682; x_wconf 82' lang='grc' dir='ltr'>ἐξεῖπε</span> <span class='ocrx_word' id='word_1_410' title='bbox 3489 2643 3500 2654; x_wconf 90' lang='grc'>·</span> <span class='ocrx_word' id='word_1_411' title='bbox 3540 2620 3748 2684; x_wconf 90' lang='grc' dir='ltr'>Παῦλος</span> <span class='ocrx_word' id='word_1_412' title='bbox 3774 2623 3838 2674; x_wconf 86' lang='grc' dir='ltr'>τὸ</span> 
     </span>
    </p>
   </div>
   <div class='ocr_carea' id='block_1_62' title="bbox 2227 2702 3838 2782">
    <p class='ocr_par' dir='ltr' id='par_1_62' title="bbox 2227 2702 3838 2782">
     <span class='ocr_line' id='line_1_62' title="bbox 2227 2702 3838 2782; baseline 0.006 -30"><span class='ocrx_word' id='word_1_413' title='bbox 2227 2707 2318 2752; x_wconf 91' lang='grc' dir='ltr'><strong>τοῦ</strong></span> <span class='ocrx_word' id='word_1_414' title='bbox 2368 2708 2604 2774; x_wconf 82' lang='grc' dir='ltr'>Χριστοῦ</span> <span class='ocrx_word' id='word_1_415' title='bbox 2656 2709 2844 2778; x_wconf 85' lang='grc' dir='ltr'>στόμα,</span> <span class='ocrx_word' id='word_1_416' title='bbox 2903 2702 2996 2760; x_wconf 80' lang='grc' dir='ltr'><strong>διὰ</strong></span> <span class='ocrx_word' id='word_1_417' title='bbox 3019 2713 3108 2760; x_wconf 93' lang='grc' dir='ltr'><strong>τοῦ</strong></span> <span class='ocrx_word' id='word_1_418' title='bbox 3153 2707 3278 2780; x_wconf 80' lang='grc' dir='ltr'>ἐμοῦ</span> <span class='ocrx_word' id='word_1_419' title='bbox 3321 2709 3579 2781; x_wconf 88' lang='grc' dir='ltr'>στόματος</span> <span class='ocrx_word' id='word_1_420' title='bbox 3625 2729 3838 2782; x_wconf 86' lang='grc' dir='ltr'>γνωμο-</span> 
     </span>
    </p>
   </div>
   <div class='ocr_carea' id='block_1_63' title="bbox 2229 2785 3844 2872">
    <p class='ocr_par' dir='ltr' id='par_1_63' title="bbox 2229 2785 3844 2872">
     <span class='ocr_line' id='line_1_63' title="bbox 2229 2785 3844 2872; baseline 0.006 -32"><span class='ocrx_word' id='word_1_421' title='bbox 2229 2785 2388 2857; x_wconf 88' lang='grc' dir='ltr'>δοτεῖ,</span> <span class='ocrx_word' id='word_1_422' title='bbox 2445 2796 2534 2844; x_wconf 88' lang='grc' dir='ltr'>καὶ</span> <span class='ocrx_word' id='word_1_423' title='bbox 2585 2797 2714 2869; x_wconf 88' lang='grc' dir='ltr'>πρὸς</span> <span class='ocrx_word' id='word_1_424' title='bbox 2771 2799 2865 2854; x_wconf 77' lang='grc' dir='ltr'>τὴν</span> <span class='ocrx_word' id='word_1_425' title='bbox 2922 2797 3060 2869; x_wconf 77' lang='grc' dir='ltr'>ὑμῶν</span> <span class='ocrx_word' id='word_1_426' title='bbox 3113 2795 3362 2872; x_wconf 79' lang='grc' dir='ltr'>ἐρώτησιν</span> <span class='ocrx_word' id='word_1_427' title='bbox 3418 2801 3571 2850; x_wconf 82' lang='grc' dir='ltr'>ταυτὶ</span> <span class='ocrx_word' id='word_1_428' title='bbox 3618 2796 3844 2871; x_wconf 84' lang='grc' dir='ltr'>ἀποκρί-</span> 
     </span>
    </p>
   </div>
   <div class='ocr_carea' id='block_1_64' title="bbox 2226 2883 2778 2955">
    <p class='ocr_par' dir='ltr' id='par_1_64' title="bbox 2226 2883 2778 2955">
     <span class='ocr_line' id='line_1_64' title="bbox 2226 2883 2778 2955; baseline 0.013 -25"><span class='ocrx_word' id='word_1_429' title='bbox 2226 2897 2362 2931; x_wconf 85' lang='grc' dir='ltr'>νεται</span> <span class='ocrx_word' id='word_1_430' title='bbox 2397 2919 2409 2930; x_wconf 95' lang='grc'><strong>.</strong></span> <span class='ocrx_word' id='word_1_431' title='bbox 2485 2883 2778 2955; x_wconf 85' lang='grc' dir='ltr'>Παρακαλῶ</span> 
     </span>
    </p>
   </div>
   <div class='ocr_carea' id='block_1_65' title="bbox 464 3150 2117 3218">
    <p class='ocr_par' dir='ltr' id='par_1_65' title="bbox 464 3150 2117 3218">
     <span class='ocr_line' id='line_1_65' title="bbox 464 3150 2117 3218; baseline -0.004 -8"><span class='ocrx_word' id='word_1_432' title='bbox 464 3169 567 3210; x_wconf 82' lang='lat' dir='ltr'><strong>nes</strong></span> <span class='ocrx_word' id='word_1_433' title='bbox 583 3158 637 3210; x_wconf 86' lang='lat' dir='ltr'><strong>et</strong></span> <span class='ocrx_word' id='word_1_434' title='bbox 659 3153 1080 3210; x_wconf 84' lang='lat' dir='ltr'><strong>benedictiones</strong></span> <span class='ocrx_word' id='word_1_435' title='bbox 1102 3151 1390 3208; x_wconf 81' lang='lat' dir='ltr'><strong>seducunt</strong></span> <span class='ocrx_word' id='word_1_436' title='bbox 1415 3151 1601 3206; x_wconf 87' lang='lat' dir='ltr'><strong>corda</strong></span> <span class='ocrx_word' id='word_1_437' title='bbox 1628 3150 2028 3205; x_wconf 81' lang='lat' dir='ltr'><strong>innocentium</strong></span> <span class='ocrx_word' id='word_1_438' title='bbox 2055 3150 2075 3184; x_wconf 70' lang='grc' dir='ltr'><strong>θ</strong></span> <span class='ocrx_word' id='word_1_439' title='bbox 2104 3205 2117 3218; x_wconf 67' lang='grc'><strong>,</strong></span> 
     </span>
    </p>
   </div>
   <div class='ocr_carea' id='block_1_66' title="bbox 464 3237 2121 3308">
    <p class='ocr_par' dir='ltr' id='par_1_66' title="bbox 464 3237 2121 3308">
     <span class='ocr_line' id='line_1_66' title="bbox 464 3237 2121 3308; baseline -0.003 -10"><span class='ocrx_word' id='word_1_440' title='bbox 464 3241 647 3298; x_wconf 85' lang='lat' dir='ltr'><strong>Nobis</strong></span> <span class='ocrx_word' id='word_1_441' title='bbox 676 3242 927 3297; x_wconf 89' lang='lat' dir='ltr'><strong>omnino</strong></span> <span class='ocrx_word' id='word_1_442' title='bbox 957 3239 1174 3295; x_wconf 83' lang='lat' dir='ltr'><strong>sufﬁcit</strong></span> <span class='ocrx_word' id='word_1_443' title='bbox 1201 3239 1330 3294; x_wconf 80' lang='lat' dir='ltr'><strong>haec</strong></span> <span class='ocrx_word' id='word_1_444' title='bbox 1370 3238 1658 3308; x_wconf 79' lang='lat' dir='ltr'><strong>defensio,</strong></span> <span class='ocrx_word' id='word_1_445' title='bbox 1692 3244 1748 3294; x_wconf 87' lang='lat' dir='ltr'><strong>et</strong></span> <span class='ocrx_word' id='word_1_446' title='bbox 1776 3237 1854 3294; x_wconf 89' lang='lat' dir='ltr'><strong>ad</strong></span> <span class='ocrx_word' id='word_1_447' title='bbox 1878 3237 2121 3293; x_wconf 82' lang='lat' dir='ltr'><strong>interro-</strong></span> 
     </span>
    </p>
   </div>
   <div class='ocr_carea' id='block_1_67' title="bbox 462 3326 2120 3404">
    <p class='ocr_par' dir='ltr' id='par_1_67' title="bbox 462 3326 2120 3404">
     <span class='ocr_line' id='line_1_67' title="bbox 462 3326 2120 3404; baseline -0.002 -17"><span class='ocrx_word' id='word_1_448' title='bbox 462 3329 770 3404; x_wconf 88' lang='lat' dir='ltr'><strong>gationem</strong></span> <span class='ocrx_word' id='word_1_449' title='bbox 797 3329 1108 3402; x_wconf 88' lang='lat' dir='ltr'><strong>aptissime</strong></span> <span class='ocrx_word' id='word_1_450' title='bbox 1141 3345 1202 3384; x_wconf 93' lang='lat' dir='ltr'><strong>se</strong></span> <span class='ocrx_word' id='word_1_451' title='bbox 1226 3328 1425 3385; x_wconf 79' lang='lat' dir='ltr'><strong>habet&#39;</strong></span> <span class='ocrx_word' id='word_1_452' title='bbox 1457 3328 1821 3402; x_wconf 89' lang='lat' dir='ltr'><strong>abundeque</strong></span> <span class='ocrx_word' id='word_1_453' title='bbox 1843 3331 2039 3400; x_wconf 89' lang='lat' dir='ltr'><strong>potest</strong></span> <span class='ocrx_word' id='word_1_454' title='bbox 2058 3326 2120 3383; x_wconf 92' lang='lat' dir='ltr'><strong>id</strong></span> 
     </span>
    </p>
   </div>
   <div class='ocr_carea' id='block_1_68' title="bbox 465 3418 1527 3494">
    <p class='ocr_par' dir='ltr' id='par_1_68' title="bbox 465 3418 1527 3494">
     <span class='ocr_line' id='line_1_68' title="bbox 465 3418 1527 3494; baseline -0.002 -18"><span class='ocrx_word' id='word_1_455' title='bbox 465 3420 633 3494; x_wconf 91' lang='lat' dir='ltr'><strong>quod</strong></span> <span class='ocrx_word' id='word_1_456' title='bbox 664 3419 802 3476; x_wconf 88' lang='lat' dir='ltr'><strong>utile</strong></span> <span class='ocrx_word' id='word_1_457' title='bbox 833 3419 1100 3476; x_wconf 86' lang='lat' dir='ltr'><strong>futurum</strong></span> <span class='ocrx_word' id='word_1_458' title='bbox 1130 3423 1218 3475; x_wconf 91' lang='lat' dir='ltr'><strong>est</strong></span> <span class='ocrx_word' id='word_1_459' title='bbox 1257 3418 1527 3475; x_wconf 89' lang='lat' dir='ltr'><strong>edocere.</strong></span> 
     </span>
    </p>
   </div>
   <div class='ocr_carea' id='block_1_69' title="bbox 2227 3149 3834 3229">
    <p class='ocr_par' dir='ltr' id='par_1_69' title="bbox 2227 3149 3834 3229">
     <span class='ocr_line' id='line_1_69' title="bbox 2227 3149 3834 3229; baseline 0.004 -29"><span class='ocrx_word' id='word_1_460' title='bbox 2227 3168 2345 3201; x_wconf 88' lang='grc' dir='ltr'>νατε</span> <span class='ocrx_word' id='word_1_461' title='bbox 2398 3149 2484 3203; x_wconf 84' lang='grc' dir='ltr'>ἀπ’</span> <span class='ocrx_word' id='word_1_462' title='bbox 2553 3151 2740 3210; x_wconf 72' lang='grc' dir='ltr'>αὐτῶν.</span> <span class='ocrx_word' id='word_1_463' title='bbox 2805 3156 2870 3206; x_wconf 78' lang='lat' dir='ltr'><strong>Oi</strong></span> <span class='ocrx_word' id='word_1_464' title='bbox 2925 3157 3026 3229; x_wconf 81' lang='grc' dir='ltr'><strong>γὰρ</strong></span> <span class='ocrx_word' id='word_1_465' title='bbox 3073 3163 3300 3209; x_wconf 83' lang='grc' dir='ltr'>τοιοῦτοι</span> <span class='ocrx_word' id='word_1_466' title='bbox 3351 3163 3422 3228; x_wconf 87' lang='grc' dir='ltr'>τῷ</span> <span class='ocrx_word' id='word_1_467' title='bbox 3483 3158 3660 3228; x_wconf 82' lang='grc' dir='ltr'>Κυρίῳ</span> <span class='ocrx_word' id='word_1_468' title='bbox 3685 3157 3834 3225; x_wconf 79' lang='grc' dir='ltr'>ἡμῶν</span> 
     </span>
    </p>
   </div>
   <div class='ocr_carea' id='block_1_70' title="bbox 2230 3239 3824 3318">
    <p class='ocr_par' dir='ltr' id='par_1_70' title="bbox 2230 3239 3824 3318">
     <span class='ocr_line' id='line_1_70' title="bbox 2230 3239 3824 3318; baseline -0.001 -26"><span class='ocrx_word' id='word_1_469' title='bbox 2230 3239 2408 3297; x_wconf 82' lang='grc' dir='ltr'>Ἰησοῦ</span> <span class='ocrx_word' id='word_1_470' title='bbox 2461 3248 2678 3315; x_wconf 84' lang='grc' dir='ltr'>Χριστῶ</span> <span class='ocrx_word' id='word_1_471' title='bbox 2739 3243 2799 3296; x_wconf 83' lang='grc' dir='ltr'><strong>ού</strong></span> <span class='ocrx_word' id='word_1_472' title='bbox 2877 3240 3235 3314; x_wconf 82' lang='grc' dir='ltr'>δουλεύουσιν,</span> <span class='ocrx_word' id='word_1_473' title='bbox 3302 3243 3429 3298; x_wconf 82' lang='grc' dir='ltr'>ἀλλὰ</span> <span class='ocrx_word' id='word_1_474' title='bbox 3495 3251 3554 3318; x_wconf 74' lang='grc' dir='ltr'>τῇ</span> <span class='ocrx_word' id='word_1_475' title='bbox 3634 3243 3824 3295; x_wconf 87' lang='grc' dir='ltr'>ἑαυτῶν</span> 
     </span>
    </p>
   </div>
   <div class='ocr_carea' id='block_1_71' title="bbox 2227 3329 3834 3410">
    <p class='ocr_par' dir='ltr' id='par_1_71' title="bbox 2227 3329 3834 3410">
     <span class='ocr_line' id='line_1_71' title="bbox 2227 3329 3834 3410; baseline 0.016 -30"><span class='ocrx_word' id='word_1_476' title='bbox 2227 3334 2388 3401; x_wconf 81' lang='grc' dir='ltr'>κακίᾳ</span> <span class='ocrx_word' id='word_1_477' title='bbox 2425 3351 2437 3363; x_wconf 78' lang='grc' dir='ltr'><strong>ο</strong></span> <span class='ocrx_word' id='word_1_478' title='bbox 2502 3337 2590 3385; x_wconf 83' lang='grc' dir='ltr'>καὶ</span> <span class='ocrx_word' id='word_1_479' title='bbox 2657 3329 2750 3386; x_wconf 78' lang='grc' dir='ltr'><strong>διὰ</strong></span> <span class='ocrx_word' id='word_1_480' title='bbox 2813 3341 2909 3395; x_wconf 83' lang='grc' dir='ltr'>τῆς</span> <span class='ocrx_word' id='word_1_481' title='bbox 2976 3334 3371 3410; x_wconf 72' lang='grc' dir='ltr'>χρηστολογίας</span> <span class='ocrx_word' id='word_1_482' title='bbox 3438 3339 3529 3386; x_wconf 74' lang='grc' dir='ltr'><strong>καὶ</strong></span> <span class='ocrx_word' id='word_1_483' title='bbox 3601 3332 3834 3405; x_wconf 73' lang='grc' dir='ltr'>εὐλογίας</span> 
     </span>
    </p>
   </div>
   <div class='ocr_carea' id='block_1_72' title="bbox 2229 3416 3835 3497">
    <p class='ocr_par' dir='ltr' id='par_1_72' title="bbox 2229 3416 3835 3497">
     <span class='ocr_line' id='line_1_72' title="bbox 2229 3416 3835 3497; baseline 0.003 -28"><span class='ocrx_word' id='word_1_484' title='bbox 2229 3416 2527 3481; x_wconf 85' lang='grc' dir='ltr'>ἐξαπατῶσι</span> <span class='ocrx_word' id='word_1_485' title='bbox 2618 3425 2708 3484; x_wconf 84' lang='grc' dir='ltr'><strong>τὰς</strong></span> <span class='ocrx_word' id='word_1_486' title='bbox 2786 3420 3013 3497; x_wconf 87' lang='grc' dir='ltr'>καρδίας</span> <span class='ocrx_word' id='word_1_487' title='bbox 3087 3434 3186 3477; x_wconf 91' lang='grc' dir='ltr'><strong>τῶν</strong></span> <span class='ocrx_word' id='word_1_488' title='bbox 3267 3424 3494 3478; x_wconf 84' lang='grc' dir='ltr'>ἀκάκων.</span> <span class='ocrx_word' id='word_1_489' title='bbox 3568 3423 3835 3497; x_wconf 82' lang='grc' dir='ltr'>Ἀρκοῦσα</span> 
     </span>
    </p>
   </div>
   <div class='ocr_carea' id='block_1_73' title="bbox 464 3504 3831 3588">
    <p class='ocr_par' dir='ltr' id='par_1_73' title="bbox 464 3504 3831 3588">
     <span class='ocr_line' id='line_1_73' title="bbox 464 3504 3831 3588; baseline 0 -24"><span class='ocrx_word' id='word_1_490' title='bbox 464 3529 666 3571; x_wconf 86' lang='grc' dir='ltr'>παντως</span> <span class='ocrx_word' id='word_1_491' title='bbox 749 3511 874 3583; x_wconf 78' lang='grc' dir='ltr'>ἡμῖν</span> <span class='ocrx_word' id='word_1_492' title='bbox 953 3510 983 3567; x_wconf 79' lang='grc' dir='ltr'>ἡ</span> <span class='ocrx_word' id='word_1_493' title='bbox 1066 3507 1339 3581; x_wconf 88' lang='grc' dir='ltr'>ἀπολογία,</span> <span class='ocrx_word' id='word_1_494' title='bbox 1415 3513 1505 3560; x_wconf 86' lang='grc' dir='ltr'>καὶ</span> <span class='ocrx_word' id='word_1_495' title='bbox 1589 3504 2000 3585; x_wconf 83' lang='grc' dir='ltr'>ἀρμοδιῶτάτως</span> <span class='ocrx_word' id='word_1_496' title='bbox 2077 3507 2206 3580; x_wconf 88' lang='grc' dir='ltr'>πρὸς</span> <span class='ocrx_word' id='word_1_497' title='bbox 2270 3511 2364 3566; x_wconf 75' lang='grc' dir='ltr'>τὴν</span> <span class='ocrx_word' id='word_1_498' title='bbox 2439 3508 2712 3586; x_wconf 79' lang='grc' dir='ltr'>ἐρώτησιν,</span> <span class='ocrx_word' id='word_1_499' title='bbox 2781 3519 2871 3566; x_wconf 85' lang='grc' dir='ltr'>καὶ</span> <span class='ocrx_word' id='word_1_500' title='bbox 2940 3515 3125 3576; x_wconf 87' lang='grc' dir='ltr'>ἱκανῶς</span> <span class='ocrx_word' id='word_1_501' title='bbox 3193 3517 3397 3588; x_wconf 82' lang='grc' dir='ltr'>ἔχουσα</span> <span class='ocrx_word' id='word_1_502' title='bbox 3457 3517 3515 3567; x_wconf 88' lang='grc' dir='ltr'>τὸ</span> <span class='ocrx_word' id='word_1_503' title='bbox 3585 3513 3831 3567; x_wconf 83' lang='grc' dir='ltr'>συνοῖσον</span> 
     </span>
    </p>
   </div>
   <div class='ocr_carea' id='block_1_74' title="bbox 464 3595 771 3663">
    <p class='ocr_par' dir='ltr' id='par_1_74' title="bbox 464 3595 771 3663">
     <span class='ocr_line' id='line_1_74' title="bbox 464 3595 771 3663; baseline 0.007 -11"><span class='ocrx_word' id='word_1_504' title='bbox 464 3595 771 3663; x_wconf 82' lang='grc' dir='ltr'>ἀνδιδάξαι.</span> 
     </span>
    </p>
   </div>
   <div class='ocr_carea' id='block_1_75' title="bbox 538 3682 2114 3760">
    <p class='ocr_par' dir='ltr' id='par_1_75' title="bbox 538 3682 2114 3760">
     <span class='ocr_line' id='line_1_75' title="bbox 538 3682 2114 3760; baseline -0.004 -15"><span class='ocrx_word' id='word_1_505' title='bbox 538 3691 603 3745; x_wconf 81' lang='grc'><strong>15</strong></span> <span class='ocrx_word' id='word_1_506' title='bbox 630 3733 640 3745; x_wconf 95' lang='grc'>.</span> <span class='ocrx_word' id='word_1_507' title='bbox 666 3691 787 3745; x_wconf 88' lang='lat' dir='ltr'><strong>Vos</strong></span> <span class='ocrx_word' id='word_1_508' title='bbox 814 3692 1038 3757; x_wconf 91' lang='lat' dir='ltr'><strong>autem,</strong></span> <span class='ocrx_word' id='word_1_509' title='bbox 1071 3704 1106 3744; x_wconf 95' lang='lat' dir='ltr'><strong>o</strong></span> <span class='ocrx_word' id='word_1_510' title='bbox 1137 3687 1346 3745; x_wconf 90' lang='lat' dir='ltr'><strong>fratres</strong></span> <span class='ocrx_word' id='word_1_511' title='bbox 1378 3687 1438 3744; x_wconf 89' lang='lat' dir='ltr'><strong>in</strong></span> <span class='ocrx_word' id='word_1_512' title='bbox 1462 3686 1690 3744; x_wconf 89' lang='lat' dir='ltr'><strong>Christo</strong></span> <span class='ocrx_word' id='word_1_513' title='bbox 1723 3686 1941 3760; x_wconf 91' lang='lat' dir='ltr'><strong>Cyprii,</strong></span> <span class='ocrx_word' id='word_1_514' title='bbox 1982 3682 2114 3741; x_wconf 88' lang='lat' dir='ltr'><strong>imi-</strong></span> 
     </span>
    </p>
   </div>
   <div class='ocr_carea' id='block_1_76' title="bbox 460 3773 2114 3850">
    <p class='ocr_par' dir='ltr' id='par_1_76' title="bbox 460 3773 2114 3850">
     <span class='ocr_line' id='line_1_76' title="bbox 460 3773 2114 3850; baseline -0.005 -13"><span class='ocrx_word' id='word_1_515' title='bbox 460 3782 680 3836; x_wconf 84' lang='lat' dir='ltr'><strong>tatores</strong></span> <span class='ocrx_word' id='word_1_516' title='bbox 708 3778 834 3835; x_wconf 88' lang='lat' dir='ltr'><strong>sitis</strong></span> <span class='ocrx_word' id='word_1_517' title='bbox 867 3777 1536 3850; x_wconf 73' lang='lat' dir='ltr'><strong>Constantinopolitanze</strong></span> <span class='ocrx_word' id='word_1_518' title='bbox 1595 3775 1887 3844; x_wconf 75' lang='lat' dir='ltr'><strong>Ecclesite;</strong></span> <span class='ocrx_word' id='word_1_519' title='bbox 1935 3773 2114 3845; x_wconf 87' lang='lat' dir='ltr'><strong>hujus</strong></span> 
     </span>
    </p>
   </div>
   <div class='ocr_carea' id='block_1_77' title="bbox 459 3866 2115 3941">
    <p class='ocr_par' dir='ltr' id='par_1_77' title="bbox 459 3866 2115 3941">
     <span class='ocr_line' id='line_1_77' title="bbox 459 3866 2115 3941; baseline -0.005 -15"><span class='ocrx_word' id='word_1_520' title='bbox 459 3873 732 3941; x_wconf 89' lang='lat' dir='ltr'><strong>pastores</strong></span> <span class='ocrx_word' id='word_1_521' title='bbox 760 3867 1065 3924; x_wconf 90' lang='lat' dir='ltr'><strong>imitentur</strong></span> <span class='ocrx_word' id='word_1_522' title='bbox 1093 3866 1195 3939; x_wconf 92' lang='lat' dir='ltr'><strong>qui</strong></span> <span class='ocrx_word' id='word_1_523' title='bbox 1224 3866 1402 3938; x_wconf 86' lang='lat' dir='ltr'><strong>Cypri</strong></span> <span class='ocrx_word' id='word_1_524' title='bbox 1460 3871 1730 3938; x_wconf 90' lang='lat' dir='ltr'><strong>pastores</strong></span> <span class='ocrx_word' id='word_1_525' title='bbox 1784 3870 1941 3933; x_wconf 91' lang='lat' dir='ltr'><strong>sunt,</strong></span> <span class='ocrx_word' id='word_1_526' title='bbox 1993 3878 2115 3918; x_wconf 90' lang='lat' dir='ltr'><strong>ser-</strong></span> 
     </span>
    </p>
   </div>
   <div class='ocr_carea' id='block_1_78' title="bbox 458 3955 2114 4025">
    <p class='ocr_par' dir='ltr' id='par_1_78' title="bbox 458 3955 2114 4025">
     <span class='ocr_line' id='line_1_78' title="bbox 458 3955 2114 4025; baseline -0.004 -9"><span class='ocrx_word' id='word_1_527' title='bbox 458 3973 714 4016; x_wconf 90' lang='lat' dir='ltr'><strong>monum</strong></span> <span class='ocrx_word' id='word_1_528' title='bbox 742 3956 944 4014; x_wconf 86' lang='lat' dir='ltr'><strong>ﬁstula</strong></span> <span class='ocrx_word' id='word_1_529' title='bbox 969 3956 1378 4013; x_wconf 90' lang='lat' dir='ltr'><strong>indesinenter</strong></span> <span class='ocrx_word' id='word_1_530' title='bbox 1422 3955 1820 4025; x_wconf 82' lang='lat' dir='ltr'><strong>insuﬁlantes,</strong></span> <span class='ocrx_word' id='word_1_531' title='bbox 1877 3959 1934 4012; x_wconf 92' lang='lat' dir='ltr'><strong>et</strong></span> <span class='ocrx_word' id='word_1_532' title='bbox 1989 3955 2114 4011; x_wconf 92' lang='lat' dir='ltr'><strong>alli-</strong></span> 
     </span>
    </p>
   </div>
   <div class='ocr_carea' id='block_1_79' title="bbox 2300 3687 3830 3770">
    <p class='ocr_par' dir='ltr' id='par_1_79' title="bbox 2300 3687 3830 3770">
     <span class='ocr_line' id='line_1_79' title="bbox 2300 3687 3830 3770; baseline 0.004 -30"><span class='ocrx_word' id='word_1_533' title='bbox 2300 3687 2371 3741; x_wconf 88' lang='grc' dir='ltr'>ιε’.</span> <span class='ocrx_word' id='word_1_534' title='bbox 2408 3688 2572 3762; x_wconf 83' lang='grc' dir='ltr'>’Υμεῖς</span> <span class='ocrx_word' id='word_1_535' title='bbox 2602 3687 2681 3758; x_wconf 74' lang='grc' dir='ltr'>δὲ,</span> <span class='ocrx_word' id='word_1_536' title='bbox 2711 3690 2750 3744; x_wconf 84' lang='grc' dir='ltr'><strong>ὦ</strong></span> <span class='ocrx_word' id='word_1_537' title='bbox 2781 3694 2916 3746; x_wconf 78' lang='grc' dir='ltr'>κατὰ</span> <span class='ocrx_word' id='word_1_538' title='bbox 2941 3696 3168 3768; x_wconf 81' lang='grc' dir='ltr'>Χριστὸν</span> <span class='ocrx_word' id='word_1_539' title='bbox 3198 3689 3411 3767; x_wconf 75' lang='grc' dir='ltr'>ἀδελφοὶ</span> <span class='ocrx_word' id='word_1_540' title='bbox 3445 3696 3693 3770; x_wconf 87' lang='grc' dir='ltr'>Κύπριοι,</span> <span class='ocrx_word' id='word_1_541' title='bbox 3735 3713 3830 3766; x_wconf 86' lang='grc' dir='ltr'>μι-</span> 
     </span>
    </p>
   </div>
   <div class='ocr_carea' id='block_1_80' title="bbox 2224 3782 3834 3850">
    <p class='ocr_par' dir='ltr' id='par_1_80' title="bbox 2224 3782 3834 3850">
     <span class='ocr_line' id='line_1_80' title="bbox 2224 3782 3834 3850; baseline 0.004 -22"><span class='ocrx_word' id='word_1_542' title='bbox 2224 3782 2389 3848; x_wconf 83' lang='grc' dir='ltr'>μηταὶ</span> <span class='ocrx_word' id='word_1_543' title='bbox 2409 3782 2616 3850; x_wconf 84' lang='grc' dir='ltr'>γίνεσθε</span> <span class='ocrx_word' id='word_1_544' title='bbox 2639 3789 2733 3844; x_wconf 82' lang='grc' dir='ltr'>τῆς</span> <span class='ocrx_word' id='word_1_545' title='bbox 2784 3791 2883 3836; x_wconf 91' lang='grc' dir='ltr'><strong>τῶν</strong></span> <span class='ocrx_word' id='word_1_546' title='bbox 2942 3783 3558 3837; x_wconf 85' lang='grc' dir='ltr'>Κωνσταντινουπολιτῶν</span> <span class='ocrx_word' id='word_1_547' title='bbox 3612 3782 3834 3842; x_wconf 87' lang='grc' dir='ltr'>Ἐκκλη-</span> 
     </span>
    </p>
   </div>
   <div class='ocr_carea' id='block_1_81' title="bbox 2226 3871 3831 3950">
    <p class='ocr_par' dir='ltr' id='par_1_81' title="bbox 2226 3871 3831 3950">
     <span class='ocr_line' id='line_1_81' title="bbox 2226 3871 3831 3950; baseline 0.005 -30"><span class='ocrx_word' id='word_1_548' title='bbox 2226 3871 2347 3930; x_wconf 89' lang='grc' dir='ltr'>σίας</span> <span class='ocrx_word' id='word_1_549' title='bbox 2379 3891 2391 3903; x_wconf 75' lang='grc' dir='ltr'><strong><em>ο</em></strong></span> <span class='ocrx_word' id='word_1_550' title='bbox 2447 3873 2564 3932; x_wconf 78' lang='grc' dir='ltr'>τούς</span> <span class='ocrx_word' id='word_1_551' title='bbox 2611 3872 2770 3934; x_wconf 73' lang='grc' dir='ltr'>αὐτῆς</span> <span class='ocrx_word' id='word_1_552' title='bbox 2812 3877 3054 3948; x_wconf 85' lang='grc' dir='ltr'>ποιμένας</span> <span class='ocrx_word' id='word_1_553' title='bbox 3111 3877 3159 3928; x_wconf 83' lang='grc' dir='ltr'>οὶ</span> <span class='ocrx_word' id='word_1_554' title='bbox 3215 3883 3310 3937; x_wconf 78' lang='grc' dir='ltr'>τῆς</span> <span class='ocrx_word' id='word_1_555' title='bbox 3373 3877 3585 3950; x_wconf 80' lang='grc' dir='ltr'>Κύπρου</span> <span class='ocrx_word' id='word_1_556' title='bbox 3641 3878 3831 3948; x_wconf 85' lang='grc' dir='ltr'>ποιμέ-</span> 
     </span>
    </p>
   </div>
   <div class='ocr_carea' id='block_1_82' title="bbox 2223 3962 3832 4037">
    <p class='ocr_par' dir='ltr' id='par_1_82' title="bbox 2223 3962 3832 4037">
     <span class='ocr_line' id='line_1_82' title="bbox 2223 3962 3832 4037; baseline 0.004 -28"><span class='ocrx_word' id='word_1_557' title='bbox 2223 3975 2299 4018; x_wconf 86' lang='grc' dir='ltr'><strong>νες</strong></span> <span class='ocrx_word' id='word_1_558' title='bbox 2379 3963 2782 4033; x_wconf 87' lang='grc' dir='ltr'>μιμείσθωσαν·</span> <span class='ocrx_word' id='word_1_559' title='bbox 2857 3969 2920 4036; x_wconf 72' lang='grc' dir='ltr'>τῇ</span> <span class='ocrx_word' id='word_1_560' title='bbox 3002 3972 3101 4016; x_wconf 89' lang='grc' dir='ltr'><strong>τῶν</strong></span> <span class='ocrx_word' id='word_1_561' title='bbox 3171 3963 3335 4037; x_wconf 88' lang='grc' dir='ltr'>λόγων</span> <span class='ocrx_word' id='word_1_562' title='bbox 3403 3962 3684 4027; x_wconf 81' lang='grc' dir='ltr'>ἀπαύστως</span> <span class='ocrx_word' id='word_1_563' title='bbox 3744 3962 3832 4037; x_wconf 84' lang='grc' dir='ltr'>ἐμ-</span> 
     </span>
    </p>
   </div>
   <div class='ocr_carea' id='block_1_83' title="bbox 464 4043 2118 4128">
    <p class='ocr_par' dir='ltr' id='par_1_83' title="bbox 464 4043 2111 4116">
     <span class='ocr_line' id='line_1_83' title="bbox 464 4043 2111 4116; baseline -0.002 -12"><span class='ocrx_word' id='word_1_564' title='bbox 464 4047 688 4104; x_wconf 89' lang='lat' dir='ltr'><strong>cientes</strong></span> <span class='ocrx_word' id='word_1_565' title='bbox 712 4046 957 4103; x_wconf 91' lang='lat' dir='ltr'><strong>canticis</strong></span> <span class='ocrx_word' id='word_1_566' title='bbox 987 4043 1410 4101; x_wconf 90' lang='lat' dir='ltr'><strong>adhortatoriis</strong></span> <span class='ocrx_word' id='word_1_567' title='bbox 1432 4049 1486 4100; x_wconf 90' lang='lat' dir='ltr'><strong>et</strong></span> <span class='ocrx_word' id='word_1_568' title='bbox 1507 4044 1892 4100; x_wconf 88' lang='lat' dir='ltr'><strong>salutaribus.</strong></span> <span class='ocrx_word' id='word_1_569' title='bbox 1917 4043 2111 4116; x_wconf 89' lang='lat' dir='ltr'><strong>Cyprii</strong></span> 
     </span>
    </p>
   </div>
   <div class='ocr_carea' id='block_1_84' title="bbox 2228 4043 3834 4128">
    <p class='ocr_par' dir='ltr' id='par_1_84' title="bbox 2228 4051 3834 4128">
     <span class='ocr_line' id='line_1_84' title="bbox 2228 4051 3834 4128; baseline 0.003 -28"><span class='ocrx_word' id='word_1_570' title='bbox 2228 4051 2451 4110; x_wconf 83' lang='grc' dir='ltr'>πνέοντες</span> <span class='ocrx_word' id='word_1_571' title='bbox 2512 4053 2750 4127; x_wconf 82' lang='grc' dir='ltr'>σύριγγι,</span> <span class='ocrx_word' id='word_1_572' title='bbox 2816 4057 2904 4105; x_wconf 87' lang='grc' dir='ltr'>καὶ</span> <span class='ocrx_word' id='word_1_573' title='bbox 2969 4051 3309 4113; x_wconf 83' lang='grc' dir='ltr'>ἀνακλητικόν</span> <span class='ocrx_word' id='word_1_574' title='bbox 3380 4051 3656 4128; x_wconf 77' lang='grc' dir='ltr'>ἐπᾴδοντες</span> <span class='ocrx_word' id='word_1_575' title='bbox 3738 4054 3834 4107; x_wconf 80' lang='grc' dir='ltr'>καὶ</span> 
     </span>
    </p>
   </div>
   <div class='ocr_carea' id='block_1_85' title="bbox 463 4133 2114 4210">
    <p class='ocr_par' dir='ltr' id='par_1_85' title="bbox 463 4133 2114 4210">
     <span class='ocr_line' id='line_1_85' title="bbox 463 4133 2114 4210; baseline -0.003 -16"><span class='ocrx_word' id='word_1_576' title='bbox 463 4136 690 4210; x_wconf 84' lang='lat' dir='ltr'><strong>greges’</strong></span> <span class='ocrx_word' id='word_1_577' title='bbox 723 4133 1321 4206; x_wconf 89' lang='lat' dir='ltr'><strong>Constantinopoleos</strong></span> <span class='ocrx_word' id='word_1_578' title='bbox 1346 4150 1566 4206; x_wconf 86' lang='lat' dir='ltr'><strong>pecora</strong></span> <span class='ocrx_word' id='word_1_579' title='bbox 1596 4133 1952 4190; x_wconf 71' lang='lat' dir='ltr'><strong>temulentur</strong></span> <span class='ocrx_word' id='word_1_580' title='bbox 1981 4140 2114 4190; x_wconf 70' lang='lat' dir='ltr'><strong>Haec</strong></span> 
     </span>
    </p>
   </div>
   <div class='ocr_carea' id='block_1_86' title="bbox 461 4222 2114 4299">
    <p class='ocr_par' dir='ltr' id='par_1_86' title="bbox 461 4222 2114 4299">
     <span class='ocr_line' id='line_1_86' title="bbox 461 4222 2114 4299; baseline -0.002 -18"><span class='ocrx_word' id='word_1_581' title='bbox 461 4226 688 4299; x_wconf 91' lang='lat' dir='ltr'><strong>quippe</strong></span> <span class='ocrx_word' id='word_1_582' title='bbox 716 4225 898 4296; x_wconf 89' lang='lat' dir='ltr'><strong>longo</strong></span> <span class='ocrx_word' id='word_1_583' title='bbox 922 4222 1234 4279; x_wconf 90' lang='lat' dir='ltr'><strong>intervallo</strong></span> <span class='ocrx_word' id='word_1_584' title='bbox 1265 4239 1300 4279; x_wconf 91' lang='lat' dir='ltr'><strong>a</strong></span> <span class='ocrx_word' id='word_1_585' title='bbox 1325 4223 1668 4295; x_wconf 87' lang='lat' dir='ltr'><strong>pastoribus</strong></span> <span class='ocrx_word' id='word_1_586' title='bbox 1700 4223 1928 4291; x_wconf 92' lang='lat' dir='ltr'><strong>dissita,</strong></span> <span class='ocrx_word' id='word_1_587' title='bbox 1975 4239 2114 4279; x_wconf 93' lang='lat' dir='ltr'><strong>cum</strong></span> 
     </span>
    </p>
   </div>
   <div class='ocr_carea' id='block_1_87' title="bbox 459 4311 2118 4386">
    <p class='ocr_par' dir='ltr' id='par_1_87' title="bbox 459 4311 2118 4386">
     <span class='ocr_line' id='line_1_87' title="bbox 459 4311 2118 4386; baseline -0.002 -14"><span class='ocrx_word' id='word_1_588' title='bbox 459 4313 831 4372; x_wconf 90' lang='lat' dir='ltr'><strong>immanibus</strong></span> <span class='ocrx_word' id='word_1_589' title='bbox 849 4313 1008 4385; x_wconf 89' lang='lat' dir='ltr'><strong>lupis</strong></span> <span class='ocrx_word' id='word_1_590' title='bbox 1025 4328 1412 4369; x_wconf 91' lang='lat' dir='ltr'><strong>communem</strong></span> <span class='ocrx_word' id='word_1_591' title='bbox 1429 4318 1672 4386; x_wconf 91' lang='lat' dir='ltr'><strong>pastum</strong></span> <span class='ocrx_word' id='word_1_592' title='bbox 1691 4311 1999 4382; x_wconf 89' lang='lat' dir='ltr'><strong>habentia,</strong></span> <span class='ocrx_word' id='word_1_593' title='bbox 2022 4327 2118 4369; x_wconf 85' lang='lat' dir='ltr'><strong>ca—</strong></span> 
     </span>
    </p>
   </div>
   <div class='ocr_carea' id='block_1_88' title="bbox 458 4401 2114 4478">
    <p class='ocr_par' dir='ltr' id='par_1_88' title="bbox 458 4401 2114 4478">
     <span class='ocr_line' id='line_1_88' title="bbox 458 4401 2114 4478; baseline -0.002 -18"><span class='ocrx_word' id='word_1_594' title='bbox 458 4403 735 4478; x_wconf 90' lang='lat' dir='ltr'><strong>pillatum</strong></span> <span class='ocrx_word' id='word_1_595' title='bbox 763 4401 965 4459; x_wconf 77' lang='lat' dir='ltr'><strong>barbae</strong></span> <span class='ocrx_word' id='word_1_596' title='bbox 992 4408 1414 4459; x_wconf 89' lang='lat' dir='ltr'><strong>ornamentum</strong></span> <span class='ocrx_word' id='word_1_597' title='bbox 1448 4403 1718 4475; x_wconf 85' lang='lat' dir='ltr'><strong>detonsa,</strong></span> <span class='ocrx_word' id='word_1_598' title='bbox 1749 4407 1807 4458; x_wconf 92' lang='lat' dir='ltr'><strong>et</strong></span> <span class='ocrx_word' id='word_1_599' title='bbox 1829 4403 2114 4459; x_wconf 89' lang='lat' dir='ltr'><strong>carnibus</strong></span> 
     </span>
    </p>
   </div>
   <div class='ocr_carea' id='block_1_89' title="bbox 461 4492 2109 4564">
    <p class='ocr_par' dir='ltr' id='par_1_89' title="bbox 461 4492 2109 4564">
     <span class='ocr_line' id='line_1_89' title="bbox 461 4492 2109 4564; baseline -0.001 -14"><span class='ocrx_word' id='word_1_600' title='bbox 461 4494 725 4563; x_wconf 91' lang='lat' dir='ltr'><strong>concisa,</strong></span> <span class='ocrx_word' id='word_1_601' title='bbox 747 4493 887 4549; x_wconf 88' lang='lat' dir='ltr'><strong>ﬁdei</strong></span> <span class='ocrx_word' id='word_1_602' title='bbox 918 4493 1176 4564; x_wconf 91' lang='lat' dir='ltr'><strong>sigillum</strong></span> <span class='ocrx_word' id='word_1_603' title='bbox 1199 4492 1276 4550; x_wconf 86' lang='lat' dir='ltr'><strong>ab</strong></span> <span class='ocrx_word' id='word_1_604' title='bbox 1297 4493 1525 4549; x_wconf 91' lang='lat' dir='ltr'><strong>insidiis</strong></span> <span class='ocrx_word' id='word_1_605' title='bbox 1550 4498 1738 4550; x_wconf 88' lang='lat' dir='ltr'><strong>tutum</strong></span> <span class='ocrx_word' id='word_1_606' title='bbox 1775 4496 2109 4560; x_wconf 89' lang='lat' dir='ltr'><strong>servarunt,</strong></span> 
     </span>
    </p>
   </div>
   <div class='ocr_carea' id='block_1_90' title="bbox 458 4582 2111 4656">
    <p class='ocr_par' dir='ltr' id='par_1_90' title="bbox 458 4582 2111 4656">
     <span class='ocr_line' id='line_1_90' title="bbox 458 4582 2111 4656; baseline -0.002 -15"><span class='ocrx_word' id='word_1_607' title='bbox 458 4583 759 4656; x_wconf 89' lang='lat' dir='ltr'><strong>luposque</strong></span> <span class='ocrx_word' id='word_1_608' title='bbox 788 4583 1006 4640; x_wconf 84' lang='lat' dir='ltr'><strong>frustra</strong></span> <span class='ocrx_word' id='word_1_609' title='bbox 1031 4583 1263 4640; x_wconf 88' lang='lat' dir='ltr'><strong>hiantes</strong></span> <span class='ocrx_word' id='word_1_610' title='bbox 1289 4587 1633 4653; x_wconf 87' lang='lat' dir='ltr'><strong>arguerunt.</strong></span> <span class='ocrx_word' id='word_1_611' title='bbox 1666 4583 1836 4650; x_wconf 88' lang='lat' dir='ltr'><strong>Quod</strong></span> <span class='ocrx_word' id='word_1_612' title='bbox 1861 4582 1909 4638; x_wconf 93' lang='lat' dir='ltr'><strong>si</strong></span> <span class='ocrx_word' id='word_1_613' title='bbox 1939 4599 2009 4640; x_wconf 89' lang='lat' dir='ltr'><strong>ex</strong></span> <span class='ocrx_word' id='word_1_614' title='bbox 2041 4582 2111 4638; x_wconf 90' lang='lat' dir='ltr'><strong>iis</strong></span> 
     </span>
    </p>
   </div>
   <div class='ocr_carea' id='block_1_91' title="bbox 461 4671 2111 4746">
    <p class='ocr_par' dir='ltr' id='par_1_91' title="bbox 461 4671 2111 4746">
     <span class='ocr_line' id='line_1_91' title="bbox 461 4671 2111 4746; baseline -0.001 -17"><span class='ocrx_word' id='word_1_615' title='bbox 461 4672 756 4741; x_wconf 90' lang='lat' dir='ltr'><strong>nonnulli,</strong></span> <span class='ocrx_word' id='word_1_616' title='bbox 789 4672 1077 4746; x_wconf 85' lang='lat' dir='ltr'><strong>perpauci</strong></span> <span class='ocrx_word' id='word_1_617' title='bbox 1118 4688 1387 4744; x_wconf 52' lang='lat' dir='ltr'><strong>numero,</strong></span> <span class='ocrx_word' id='word_1_618' title='bbox 1419 4671 1674 4746; x_wconf 90' lang='lat' dir='ltr'><strong>alicujus</strong></span> <span class='ocrx_word' id='word_1_619' title='bbox 1715 4673 1958 4739; x_wconf 90' lang='lat' dir='ltr'><strong>scabiei,</strong></span> <span class='ocrx_word' id='word_1_620' title='bbox 2019 4671 2111 4729; x_wconf 83' lang='lat' dir='ltr'><strong>vel</strong></span> 
     </span>
    </p>
   </div>
   <div class='ocr_carea' id='block_1_92' title="bbox 461 4760 2109 4833">
    <p class='ocr_par' dir='ltr' id='par_1_92' title="bbox 461 4760 2109 4833">
     <span class='ocr_line' id='line_1_92' title="bbox 461 4760 2109 4833; baseline 0.001 -16"><span class='ocrx_word' id='word_1_621' title='bbox 461 4760 640 4818; x_wconf 89' lang='lat' dir='ltr'><strong>etiam</strong></span> <span class='ocrx_word' id='word_1_622' title='bbox 667 4761 890 4822; x_wconf 87' lang='lat' dir='ltr'><strong>rabiosi</strong></span> <span class='ocrx_word' id='word_1_623' title='bbox 919 4776 1162 4818; x_wconf 90' lang='lat' dir='ltr'><strong>morsus</strong></span> <span class='ocrx_word' id='word_1_624' title='bbox 1188 4760 1509 4833; x_wconf 87' lang='lat' dir='ltr'><strong>participes</strong></span> <span class='ocrx_word' id='word_1_625' title='bbox 1528 4761 1766 4828; x_wconf 81' lang='lat' dir='ltr'><strong>fuerint,</strong></span> <span class='ocrx_word' id='word_1_626' title='bbox 1791 4777 2002 4818; x_wconf 88' lang='lat' dir='ltr'><strong>verum</strong></span> <span class='ocrx_word' id='word_1_627' title='bbox 2031 4761 2109 4818; x_wconf 89' lang='lat' dir='ltr'><strong>ad</strong></span> 
     </span>
    </p>
   </div>
   <div class='ocr_carea' id='block_1_93' title="bbox 461 4849 2110 4923">
    <p class='ocr_par' dir='ltr' id='par_1_93' title="bbox 461 4849 2110 4923">
     <span class='ocr_line' id='line_1_93' title="bbox 461 4849 2110 4923; baseline 0 -16"><span class='ocrx_word' id='word_1_628' title='bbox 461 4852 721 4909; x_wconf 85' lang='lat' dir='ltr'><strong>resinam</strong></span> <span class='ocrx_word' id='word_1_629' title='bbox 751 4853 814 4908; x_wconf 79' lang='lat' dir='ltr'><strong>in</strong></span> <span class='ocrx_word' id='word_1_630' title='bbox 846 4851 1085 4910; x_wconf 86' lang='lat' dir='ltr'><strong>Galaad</strong></span> <span class='ocrx_word' id='word_1_631' title='bbox 1116 4852 1160 4886; x_wconf 91' lang='grc'><strong>¹⁰</strong></span> <span class='ocrx_word' id='word_1_632' title='bbox 1182 4856 1238 4908; x_wconf 87' lang='lat' dir='ltr'><strong>et</strong></span> <span class='ocrx_word' id='word_1_633' title='bbox 1270 4849 1349 4906; x_wconf 89' lang='lat' dir='ltr'><strong>ad</strong></span> <span class='ocrx_word' id='word_1_634' title='bbox 1380 4849 1674 4922; x_wconf 88' lang='lat' dir='ltr'><strong>spiritales</strong></span> <span class='ocrx_word' id='word_1_635' title='bbox 1704 4851 1955 4923; x_wconf 91' lang='lat' dir='ltr'><strong>hujusce</strong></span> <span class='ocrx_word' id='word_1_636' title='bbox 1994 4851 2110 4909; x_wconf 92' lang='lat' dir='ltr'><strong>loci</strong></span> 
     </span>
    </p>
   </div>
   <div class='ocr_carea' id='block_1_94' title="bbox 459 4941 2110 5013">
    <p class='ocr_par' dir='ltr' id='par_1_94' title="bbox 459 4941 2110 5013">
     <span class='ocr_line' id='line_1_94' title="bbox 459 4941 2110 5013; baseline -0.001 -15"><span class='ocrx_word' id='word_1_637' title='bbox 459 4942 729 4999; x_wconf 90' lang='lat' dir='ltr'><strong>medicos</strong></span> <span class='ocrx_word' id='word_1_638' title='bbox 760 4945 1165 5010; x_wconf 90' lang='lat' dir='ltr'><strong>accurrerunt;</strong></span> <span class='ocrx_word' id='word_1_639' title='bbox 1193 4955 1300 5013; x_wconf 90' lang='lat' dir='ltr'><strong>per</strong></span> <span class='ocrx_word' id='word_1_640' title='bbox 1339 4955 1494 5012; x_wconf 89' lang='lat' dir='ltr'><strong>quos</strong></span> <span class='ocrx_word' id='word_1_641' title='bbox 1540 4945 1596 4997; x_wconf 89' lang='lat' dir='ltr'><strong>et</strong></span> <span class='ocrx_word' id='word_1_642' title='bbox 1653 4941 1730 4998; x_wconf 94' lang='lat' dir='ltr'><strong>ad</strong></span> <span class='ocrx_word' id='word_1_643' title='bbox 1796 4941 2110 5013; x_wconf 90' lang='lat' dir='ltr'><strong>pristinam</strong></span> 
     </span>
    </p>
   </div>
   <div class='ocr_carea' id='block_1_95' title="bbox 459 5030 2113 5102">
    <p class='ocr_par' dir='ltr' id='par_1_95' title="bbox 459 5030 2113 5102">
     <span class='ocr_line' id='line_1_95' title="bbox 459 5030 2113 5102; baseline -0.001 -13"><span class='ocrx_word' id='word_1_644' title='bbox 459 5033 764 5090; x_wconf 89' lang='lat' dir='ltr'><strong>redierunt</strong></span> <span class='ocrx_word' id='word_1_645' title='bbox 793 5033 1127 5102; x_wconf 89' lang='lat' dir='ltr'><strong>sanitatem,</strong></span> <span class='ocrx_word' id='word_1_646' title='bbox 1147 5046 1269 5087; x_wconf 90' lang='lat' dir='ltr'><strong>non</strong></span> <span class='ocrx_word' id='word_1_647' title='bbox 1293 5030 1590 5086; x_wconf 86' lang='lat' dir='ltr'><strong>minorem</strong></span> <span class='ocrx_word' id='word_1_648' title='bbox 1611 5047 1681 5087; x_wconf 89' lang='lat' dir='ltr'><strong>ac</strong></span> <span class='ocrx_word' id='word_1_649' title='bbox 1708 5031 1876 5087; x_wconf 77' lang='lat' dir='ltr'><strong>illaesi</strong></span> <span class='ocrx_word' id='word_1_650' title='bbox 1921 5031 2113 5088; x_wconf 83' lang='lat' dir='ltr'><strong>invul—</strong></span> 
     </span>
    </p>
   </div>
   <div class='ocr_carea' id='block_1_96' title="bbox 459 5120 2113 5195">
    <p class='ocr_par' dir='ltr' id='par_1_96' title="bbox 459 5120 2113 5195">
     <span class='ocr_line' id='line_1_96' title="bbox 459 5120 2113 5195; baseline 0 -17"><span class='ocrx_word' id='word_1_651' title='bbox 459 5123 770 5195; x_wconf 88' lang='lat' dir='ltr'><strong>neratique</strong></span> <span class='ocrx_word' id='word_1_652' title='bbox 795 5121 1040 5178; x_wconf 90' lang='lat' dir='ltr'><strong>laudem</strong></span> <span class='ocrx_word' id='word_1_653' title='bbox 1065 5120 1183 5192; x_wconf 88' lang='lat' dir='ltr'><strong>ipsi</strong></span> <span class='ocrx_word' id='word_1_654' title='bbox 1213 5134 1456 5191; x_wconf 88' lang='lat' dir='ltr'><strong>quoque</strong></span> <span class='ocrx_word' id='word_1_655' title='bbox 1486 5120 1810 5188; x_wconf 90' lang='lat' dir='ltr'><strong>consecuti,</strong></span> <span class='ocrx_word' id='word_1_656' title='bbox 1861 5121 1940 5178; x_wconf 90' lang='lat' dir='ltr'><strong>ob</strong></span> <span class='ocrx_word' id='word_1_657' title='bbox 1989 5139 2113 5180; x_wconf 67' lang='lat' dir='ltr'><strong>suae</strong></span> 
     </span>
    </p>
   </div>
   <div class='ocr_carea' id='block_1_97' title="bbox 460 5208 2115 5281">
    <p class='ocr_par' dir='ltr' id='par_1_97' title="bbox 460 5208 2115 5281">
     <span class='ocr_line' id='line_1_97' title="bbox 460 5208 2115 5281; baseline -0.001 -12"><span class='ocrx_word' id='word_1_658' title='bbox 460 5211 822 5269; x_wconf 85' lang='lat' dir='ltr'><strong>inﬁrmitatis</strong></span> <span class='ocrx_word' id='word_1_659' title='bbox 837 5210 1224 5281; x_wconf 86' lang='lat' dir='ltr'><strong>agnitionem,</strong></span> <span class='ocrx_word' id='word_1_660' title='bbox 1249 5208 1483 5281; x_wconf 87' lang='lat' dir='ltr'><strong>etquod</strong></span> <span class='ocrx_word' id='word_1_661' title='bbox 1504 5209 1783 5267; x_wconf 89' lang='lat' dir='ltr'><strong>velociter</strong></span> <span class='ocrx_word' id='word_1_662' title='bbox 1810 5211 2115 5270; x_wconf 89' lang='lat' dir='ltr'><strong>medelam</strong></span> 
     </span>
    </p>
   </div>
   <div class='ocr_carea' id='block_1_98' title="bbox 459 5300 1944 5372">
    <p class='ocr_par' dir='ltr' id='par_1_98' title="bbox 459 5300 1944 5372">
     <span class='ocr_line' id='line_1_98' title="bbox 459 5300 1944 5372; baseline 0.001 -17"><span class='ocrx_word' id='word_1_663' title='bbox 459 5300 820 5372; x_wconf 65' lang='lat' dir='ltr'><strong>qumsierint.</strong></span> <span class='ocrx_word' id='word_1_664' title='bbox 1935 5301 1944 5307; x_wconf 87' lang='grc'><em>’</em></span> 
     </span>
    </p>
   </div>
   <div class='ocr_carea' id='block_1_99' title="bbox 2227 4143 3836 4218">
    <p class='ocr_par' dir='ltr' id='par_1_99' title="bbox 2227 4143 3836 4218">
     <span class='ocr_line' id='line_1_99' title="bbox 2227 4143 3836 4218; baseline 0.003 -28"><span class='ocrx_word' id='word_1_665' title='bbox 2227 4144 2498 4214; x_wconf 80' lang='grc' dir='ltr'>σωτήριον.</span> <span class='ocrx_word' id='word_1_666' title='bbox 2578 4143 2656 4194; x_wconf 85' lang='grc' dir='ltr'><strong>Τά</strong></span> <span class='ocrx_word' id='word_1_667' title='bbox 2733 4144 2942 4216; x_wconf 88' lang='grc' dir='ltr'>Κύπρια</span> <span class='ocrx_word' id='word_1_668' title='bbox 3010 4149 3228 4218; x_wconf 86' lang='grc' dir='ltr'>ποίμνια</span> <span class='ocrx_word' id='word_1_669' title='bbox 3288 4148 3508 4218; x_wconf 87' lang='grc' dir='ltr'>ποίμνια</span> <span class='ocrx_word' id='word_1_670' title='bbox 3565 4153 3664 4197; x_wconf 88' lang='grc' dir='ltr'><strong>τῶν</strong></span> <span class='ocrx_word' id='word_1_671' title='bbox 3733 4154 3836 4207; x_wconf 81' lang='grc' dir='ltr'>τῆς</span> 
     </span>
    </p>
   </div>
   <div class='ocr_carea' id='block_1_100' title="bbox 2227 4231 3832 4310">
    <p class='ocr_par' dir='ltr' id='par_1_100' title="bbox 2227 4231 3832 4310">
     <span class='ocr_line' id='line_1_100' title="bbox 2227 4231 3832 4310; baseline 0.003 -29"><span class='ocrx_word' id='word_1_672' title='bbox 2227 4234 2619 4283; x_wconf 84' lang='grc' dir='ltr'>Κωνσταντίνου</span> <span class='ocrx_word' id='word_1_673' title='bbox 2706 4231 3042 4293; x_wconf 80' lang='grc' dir='ltr'>ζηλούτωσαν</span> <span class='ocrx_word' id='word_1_674' title='bbox 3130 4235 3450 4309; x_wconf 84' lang='grc' dir='ltr'>θρεμμάτων.</span> <span class='ocrx_word' id='word_1_675' title='bbox 3532 4239 3633 4289; x_wconf 88' lang='grc' dir='ltr'>Καὶ</span> <span class='ocrx_word' id='word_1_676' title='bbox 3724 4237 3832 4310; x_wconf 89' lang='grc' dir='ltr'><strong>γάρ</strong></span> 
     </span>
    </p>
   </div>
   <div class='ocr_carea' id='block_1_101' title="bbox 2224 4319 3833 4396">
    <p class='ocr_par' dir='ltr' id='par_1_101' title="bbox 2224 4319 3833 4396">
     <span class='ocr_line' id='line_1_101' title="bbox 2224 4319 3833 4396; baseline 0.004 -26"><span class='ocrx_word' id='word_1_677' title='bbox 2224 4325 2391 4371; x_wconf 89' lang='grc' dir='ltr'>ταῦτα</span> <span class='ocrx_word' id='word_1_678' title='bbox 2415 4326 2528 4381; x_wconf 83' lang='grc' dir='ltr'>τοῖς</span> <span class='ocrx_word' id='word_1_679' title='bbox 2568 4327 2789 4395; x_wconf 87' lang='grc' dir='ltr'>μακροῖς</span> <span class='ocrx_word' id='word_1_680' title='bbox 2837 4323 2978 4394; x_wconf 85' lang='grc' dir='ltr'>ὅροις</span> <span class='ocrx_word' id='word_1_681' title='bbox 3024 4330 3123 4374; x_wconf 82' lang='grc' dir='ltr'><strong>τῶν</strong></span> <span class='ocrx_word' id='word_1_682' title='bbox 3181 4326 3434 4396; x_wconf 87' lang='grc' dir='ltr'>ποιμένων</span> <span class='ocrx_word' id='word_1_683' title='bbox 3484 4319 3833 4393; x_wconf 80' lang='grc' dir='ltr'>διεστηκότα,</span> 
     </span>
    </p>
   </div>
   <div class='ocr_carea' id='block_1_102' title="bbox 2225 4405 3831 4489">
    <p class='ocr_par' dir='ltr' id='par_1_102' title="bbox 2225 4405 3831 4489">
     <span class='ocr_line' id='line_1_102' title="bbox 2225 4405 3831 4489; baseline 0.003 -30"><span class='ocrx_word' id='word_1_684' title='bbox 2225 4412 2313 4461; x_wconf 88' lang='grc' dir='ltr'>καὶ</span> <span class='ocrx_word' id='word_1_685' title='bbox 2336 4407 2511 4471; x_wconf 79' lang='grc' dir='ltr'>λύκοις</span> <span class='ocrx_word' id='word_1_686' title='bbox 2543 4405 2730 4472; x_wconf 88' lang='grc' dir='ltr'>δεινοῖς</span> <span class='ocrx_word' id='word_1_687' title='bbox 2764 4409 3186 4484; x_wconf 76' lang='grc' dir='ltr'>συμϐοσκόμενα,</span> <span class='ocrx_word' id='word_1_688' title='bbox 3214 4416 3304 4465; x_wconf 81' lang='grc' dir='ltr'><strong>καὶ</strong></span> <span class='ocrx_word' id='word_1_689' title='bbox 3348 4416 3406 4465; x_wconf 89' lang='grc' dir='ltr'>τὸ</span> <span class='ocrx_word' id='word_1_690' title='bbox 3446 4416 3831 4489; x_wconf 81' lang='grc' dir='ltr'>τετριχωμένον</span> 
     </span>
    </p>
   </div>
   <div class='ocr_carea' id='block_1_103' title="bbox 2222 4504 3828 4578">
    <p class='ocr_par' dir='ltr' id='par_1_103' title="bbox 2222 4504 3828 4578">
     <span class='ocr_line' id='line_1_103' title="bbox 2222 4504 3828 4578; baseline 0.004 -29"><span class='ocrx_word' id='word_1_691' title='bbox 2222 4504 2313 4550; x_wconf 91' lang='grc' dir='ltr'><strong>τοῦ</strong></span> <span class='ocrx_word' id='word_1_692' title='bbox 2343 4504 2590 4571; x_wconf 86' lang='grc' dir='ltr'>πώγωνος</span> <span class='ocrx_word' id='word_1_693' title='bbox 2645 4505 2916 4574; x_wconf 87' lang='grc' dir='ltr'>κειρόμενα</span> <span class='ocrx_word' id='word_1_694' title='bbox 2965 4507 3239 4575; x_wconf 81' lang='grc' dir='ltr'>κόσμημα,</span> <span class='ocrx_word' id='word_1_695' title='bbox 3269 4505 3360 4555; x_wconf 84' lang='grc' dir='ltr'>καὶ</span> <span class='ocrx_word' id='word_1_696' title='bbox 3389 4505 3828 4578; x_wconf 88' lang='grc' dir='ltr'>κρεουργούμενα,</span> 
     </span>
    </p>
   </div>
   <div class='ocr_carea' id='block_1_104' title="bbox 2223 4585 3829 4666">
    <p class='ocr_par' dir='ltr' id='par_1_104' title="bbox 2223 4585 3829 4666">
     <span class='ocr_line' id='line_1_104' title="bbox 2223 4585 3829 4666; baseline 0.004 -27"><span class='ocrx_word' id='word_1_697' title='bbox 2223 4585 2648 4642; x_wconf 74' lang='grc' dir='ltr'>ἀνεπιϐούλευτον</span> <span class='ocrx_word' id='word_1_698' title='bbox 2697 4590 2793 4650; x_wconf 79' lang='grc' dir='ltr'>τήν</span> <span class='ocrx_word' id='word_1_699' title='bbox 2844 4589 3116 4666; x_wconf 80' lang='grc' dir='ltr'>σφραγῖδα</span> <span class='ocrx_word' id='word_1_700' title='bbox 3154 4598 3250 4654; x_wconf 86' lang='grc' dir='ltr'>τῆς</span> <span class='ocrx_word' id='word_1_701' title='bbox 3300 4597 3527 4654; x_wconf 90' lang='grc' dir='ltr'>πίστεως</span> <span class='ocrx_word' id='word_1_702' title='bbox 3580 4588 3829 4666; x_wconf 71' lang='grc' dir='ltr'>διεφυλά-</span> 
     </span>
    </p>
   </div>
   <div class='ocr_carea' id='block_1_105' title="bbox 2222 4676 3830 4754">
    <p class='ocr_par' dir='ltr' id='par_1_105' title="bbox 2222 4676 3830 4754">
     <span class='ocr_line' id='line_1_105' title="bbox 2222 4676 3830 4754; baseline 0.002 -24"><span class='ocrx_word' id='word_1_703' title='bbox 2222 4676 2390 4741; x_wconf 82' lang='grc' dir='ltr'>ξαντο,</span> <span class='ocrx_word' id='word_1_704' title='bbox 2441 4683 2530 4731; x_wconf 86' lang='grc' dir='ltr'>καὶ</span> <span class='ocrx_word' id='word_1_705' title='bbox 2586 4682 2705 4741; x_wconf 82' lang='grc' dir='ltr'>τοὺς</span> <span class='ocrx_word' id='word_1_706' title='bbox 2753 4678 2943 4742; x_wconf 79' lang='grc' dir='ltr'>λύκους</span> <span class='ocrx_word' id='word_1_707' title='bbox 2999 4685 3262 4753; x_wconf 86' lang='grc' dir='ltr'>χανόντας</span> <span class='ocrx_word' id='word_1_708' title='bbox 3309 4684 3479 4754; x_wconf 87' lang='grc' dir='ltr'>μάτην</span> <span class='ocrx_word' id='word_1_709' title='bbox 3512 4679 3830 4754; x_wconf 80' lang='grc' dir='ltr'>ἀπήλεγξαν.</span> 
     </span>
    </p>
   </div>
   <div class='ocr_carea' id='block_1_106' title="bbox 2221 4763 3831 4846">
    <p class='ocr_par' dir='ltr' id='par_1_106' title="bbox 2221 4763 3831 4846">
     <span class='ocr_line' id='line_1_106' title="bbox 2221 4763 3831 4846; baseline 0.004 -28"><span class='ocrx_word' id='word_1_710' title='bbox 2221 4771 2282 4818; x_wconf 85' lang='lat' dir='ltr'><strong>Ei</strong></span> <span class='ocrx_word' id='word_1_711' title='bbox 2303 4763 2362 4820; x_wconf 74' lang='grc' dir='ltr'><strong>δε</strong></span> <span class='ocrx_word' id='word_1_712' title='bbox 2391 4772 2481 4819; x_wconf 87' lang='grc' dir='ltr'><strong>καί</strong></span> <span class='ocrx_word' id='word_1_713' title='bbox 2535 4787 2667 4830; x_wconf 87' lang='grc' dir='ltr'>τινες</span> <span class='ocrx_word' id='word_1_714' title='bbox 2699 4766 2750 4832; x_wconf 82' lang='grc' dir='ltr'>ἐξ</span> <span class='ocrx_word' id='word_1_715' title='bbox 2781 4769 2948 4822; x_wconf 68' lang='grc' dir='ltr'>αὐτῶν</span> <span class='ocrx_word' id='word_1_716' title='bbox 3001 4767 3210 4844; x_wconf 81' lang='grc' dir='ltr'>σφόδρα</span> <span class='ocrx_word' id='word_1_717' title='bbox 3262 4769 3426 4843; x_wconf 86' lang='grc' dir='ltr'>ὀλίγοι</span> <span class='ocrx_word' id='word_1_718' title='bbox 3477 4770 3663 4846; x_wconf 68' lang='grc' dir='ltr'>ψώρας</span> <span class='ocrx_word' id='word_1_719' title='bbox 3691 4775 3831 4833; x_wconf 83' lang='grc' dir='ltr'>τινὸς</span> 
     </span>
    </p>
   </div>
   <div class='ocr_carea' id='block_1_107' title="bbox 2220 4853 3833 4933">
    <p class='ocr_par' dir='ltr' id='par_1_107' title="bbox 2220 4853 3833 4933">
     <span class='ocr_line' id='line_1_107' title="bbox 2220 4853 3833 4933; baseline 0.004 -25"><span class='ocrx_word' id='word_1_720' title='bbox 2220 4859 2499 4928; x_wconf 81' lang='grc' dir='ltr'>μετέσχον,</span> <span class='ocrx_word' id='word_1_721' title='bbox 2533 4853 2695 4909; x_wconf 80' lang='grc' dir='ltr'>εἶκαὶ</span> <span class='ocrx_word' id='word_1_722' title='bbox 2733 4855 3047 4921; x_wconf 83' lang='grc' dir='ltr'>λυσσώδους</span> <span class='ocrx_word' id='word_1_723' title='bbox 3095 4867 3187 4912; x_wconf 93' lang='grc' dir='ltr'><strong>τοῦ</strong></span> <span class='ocrx_word' id='word_1_724' title='bbox 3230 4855 3521 4933; x_wconf 73' lang='grc' dir='ltr'>δήγματος,</span> <span class='ocrx_word' id='word_1_725' title='bbox 3568 4858 3696 4914; x_wconf 79' lang='grc' dir='ltr'>ἀλλὰ</span> <span class='ocrx_word' id='word_1_726' title='bbox 3737 4881 3833 4915; x_wconf 87' lang='grc' dir='ltr'>τα-</span> 
     </span>
    </p>
   </div>
   <div class='ocr_carea' id='block_1_108' title="bbox 2220 4943 3832 5024">
    <p class='ocr_par' dir='ltr' id='par_1_108' title="bbox 2220 4943 3832 5024">
     <span class='ocr_line' id='line_1_108' title="bbox 2220 4943 3832 5024; baseline 0.004 -27"><span class='ocrx_word' id='word_1_727' title='bbox 2220 4948 2360 5018; x_wconf 86' lang='grc' dir='ltr'>χέως</span> <span class='ocrx_word' id='word_1_728' title='bbox 2412 4949 2537 5021; x_wconf 90' lang='grc' dir='ltr'>πρὸς</span> <span class='ocrx_word' id='word_1_729' title='bbox 2600 4951 2695 5006; x_wconf 76' lang='grc' dir='ltr'>τὴν</span> <span class='ocrx_word' id='word_1_730' title='bbox 2749 4946 2798 4999; x_wconf 82' lang='grc' dir='ltr'><strong>ἐν</strong></span> <span class='ocrx_word' id='word_1_731' title='bbox 2855 4943 3068 5000; x_wconf 86' lang='grc' dir='ltr'>Γαλαὰδ</span> <span class='ocrx_word' id='word_1_732' title='bbox 3119 4952 3208 5002; x_wconf 82' lang='grc' dir='ltr'>καὶ</span> <span class='ocrx_word' id='word_1_733' title='bbox 3268 4952 3390 5013; x_wconf 85' lang='grc' dir='ltr'>τοὺς</span> <span class='ocrx_word' id='word_1_734' title='bbox 3444 4949 3493 5002; x_wconf 88' lang='grc' dir='ltr'><strong>ἐν</strong></span> <span class='ocrx_word' id='word_1_735' title='bbox 3518 4947 3657 5022; x_wconf 81' lang='grc' dir='ltr'>τῶδε</span> <span class='ocrx_word' id='word_1_736' title='bbox 3684 4956 3832 5024; x_wconf 85' lang='grc' dir='ltr'>τόπῳ</span> 
     </span>
    </p>
   </div>
   <div class='ocr_carea' id='block_1_109' title="bbox 2221 5035 3837 5113">
    <p class='ocr_par' dir='ltr' id='par_1_109' title="bbox 2221 5035 3837 5113">
     <span class='ocr_line' id='line_1_109' title="bbox 2221 5035 3837 5113; baseline 0.004 -25"><span class='ocrx_word' id='word_1_737' title='bbox 2221 5039 2600 5108; x_wconf 82' lang='grc' dir='ltr'>πνευματικοὺς</span> <span class='ocrx_word' id='word_1_738' title='bbox 2644 5035 2931 5112; x_wconf 83' lang='grc' dir='ltr'>ἀκέστορας</span> <span class='ocrx_word' id='word_1_739' title='bbox 2983 5038 3125 5108; x_wconf 64' lang='lat' dir='ltr'><strong>[Am</strong></span> <span class='ocrx_word' id='word_1_740' title='bbox 3180 5039 3417 5113; x_wconf 79' lang='grc' dir='ltr'>ῥητίνην]</span> <span class='ocrx_word' id='word_1_741' title='bbox 3474 5040 3837 5094; x_wconf 85' lang='grc' dir='ltr'>ύπαινίττεται</span> 
     </span>
    </p>
   </div>
   <div class='ocr_carea' id='block_1_110' title="bbox 2223 5125 3836 5204">
    <p class='ocr_par' dir='ltr' id='par_1_110' title="bbox 2223 5125 3836 5204">
     <span class='ocr_line' id='line_1_110' title="bbox 2223 5125 3836 5204; baseline 0.001 -23"><span class='ocrx_word' id='word_1_742' title='bbox 2223 5127 2364 5197; x_wconf 85' lang='grc' dir='ltr'><strong>[Αη.</strong></span> <span class='ocrx_word' id='word_1_743' title='bbox 2407 5125 2809 5197; x_wconf 81' lang='grc' dir='ltr'>ὑπανίστανται]</span> <span class='ocrx_word' id='word_1_744' title='bbox 2836 5125 2957 5200; x_wconf 90' lang='grc' dir='ltr'>παρ’</span> <span class='ocrx_word' id='word_1_745' title='bbox 3011 5135 3079 5178; x_wconf 91' lang='grc' dir='ltr'><strong>ῶν</strong></span> <span class='ocrx_word' id='word_1_746' title='bbox 3122 5133 3212 5180; x_wconf 81' lang='grc' dir='ltr'>καὶ</span> <span class='ocrx_word' id='word_1_747' title='bbox 3264 5131 3390 5202; x_wconf 88' lang='grc' dir='ltr'>πρὸς</span> <span class='ocrx_word' id='word_1_748' title='bbox 3437 5132 3524 5187; x_wconf 76' lang='grc' dir='ltr'><strong>την</strong></span> <span class='ocrx_word' id='word_1_749' title='bbox 3577 5133 3836 5204; x_wconf 84' lang='grc' dir='ltr'>προτέραν</span> 
     </span>
    </p>
   </div>
   <div class='ocr_carea' id='block_1_111' title="bbox 2223 5213 3837 5287">
    <p class='ocr_par' dir='ltr' id='par_1_111' title="bbox 2223 5213 3837 5287">
     <span class='ocr_line' id='line_1_111' title="bbox 2223 5213 3837 5287; baseline 0.004 -20"><span class='ocrx_word' id='word_1_750' title='bbox 2223 5213 2505 5272; x_wconf 82' lang='grc' dir='ltr'>ἐπανῆλθον</span> <span class='ocrx_word' id='word_1_751' title='bbox 2581 5216 2779 5287; x_wconf 80' lang='grc' dir='ltr'>ὑγίειαν</span> <span class='ocrx_word' id='word_1_752' title='bbox 2814 5235 2826 5248; x_wconf 92' lang='grc'><strong>·</strong></span> <span class='ocrx_word' id='word_1_753' title='bbox 2897 5215 2991 5268; x_wconf 85' lang='grc' dir='ltr'><strong>ούκ</strong></span> <span class='ocrx_word' id='word_1_754' title='bbox 3048 5215 3252 5270; x_wconf 82' lang='grc' dir='ltr'>ἔλαττον</span> <span class='ocrx_word' id='word_1_755' title='bbox 3305 5225 3406 5270; x_wconf 91' lang='grc' dir='ltr'><strong>τῶν</strong></span> <span class='ocrx_word' id='word_1_756' title='bbox 3455 5216 3692 5277; x_wconf 78' lang='grc' dir='ltr'>ἀϐλήτων</span> <span class='ocrx_word' id='word_1_757' title='bbox 3741 5224 3837 5274; x_wconf 84' lang='grc' dir='ltr'>καὶ</span> 
     </span>
    </p>
   </div>
   <div class='ocr_carea' id='block_1_112' title="bbox 2227 5303 3839 5378">
    <p class='ocr_par' dir='ltr' id='par_1_112' title="bbox 2227 5303 3839 5378">
     <span class='ocr_line' id='line_1_112' title="bbox 2227 5303 3839 5378; baseline 0.004 -22"><span class='ocrx_word' id='word_1_758' title='bbox 2227 5303 2665 5378; x_wconf 83' lang='grc' dir='ltr'>ἀτραυματίστων</span> <span class='ocrx_word' id='word_1_759' title='bbox 2713 5308 2802 5358; x_wconf 84' lang='grc' dir='ltr'>καὶ</span> <span class='ocrx_word' id='word_1_760' title='bbox 2858 5304 3002 5358; x_wconf 82' lang='grc' dir='ltr'>οὗτοι</span> <span class='ocrx_word' id='word_1_761' title='bbox 3067 5304 3411 5371; x_wconf 84' lang='grc' dir='ltr'>ἐπαινεθέντες</span> <span class='ocrx_word' id='word_1_762' title='bbox 3466 5303 3560 5361; x_wconf 85' lang='grc' dir='ltr'>διὰ</span> <span class='ocrx_word' id='word_1_763' title='bbox 3601 5313 3692 5367; x_wconf 81' lang='grc' dir='ltr'>τὴν</span> <span class='ocrx_word' id='word_1_764' title='bbox 3738 5317 3839 5373; x_wconf 82' lang='grc' dir='ltr'>τῆς</span> 
     </span>
    </p>
   </div>
   <div class='ocr_carea' id='block_1_113' title="bbox 459 5386 2299 5467">
    <p class='ocr_par' dir='ltr' id='par_1_113' title="bbox 459 5386 2299 5467">
     <span class='ocr_line' id='line_1_113' title="bbox 459 5386 2299 5467; baseline 0.003 -25"><span class='ocrx_word' id='word_1_765' title='bbox 459 5388 654 5451; x_wconf 85' lang='grc' dir='ltr'>οἰκείας</span> <span class='ocrx_word' id='word_1_766' title='bbox 684 5387 952 5450; x_wconf 83' lang='grc' dir='ltr'>ἀσθενείας</span> <span class='ocrx_word' id='word_1_767' title='bbox 978 5386 1274 5462; x_wconf 77' lang='grc' dir='ltr'>ἐπίγνωσιν,</span> <span class='ocrx_word' id='word_1_768' title='bbox 1309 5393 1398 5442; x_wconf 86' lang='grc' dir='ltr'>καὶ</span> <span class='ocrx_word' id='word_1_769' title='bbox 1425 5391 1482 5442; x_wconf 87' lang='grc' dir='ltr'>τὸ</span> <span class='ocrx_word' id='word_1_770' title='bbox 1511 5389 1745 5451; x_wconf 77' lang='grc' dir='ltr'>ζητῆσαι</span> <span class='ocrx_word' id='word_1_771' title='bbox 1777 5395 1984 5467; x_wconf 81' lang='grc' dir='ltr'>ταχέως</span> <span class='ocrx_word' id='word_1_772' title='bbox 2010 5397 2098 5453; x_wconf 81' lang='grc' dir='ltr'>τὴν</span> <span class='ocrx_word' id='word_1_773' title='bbox 2132 5395 2299 5454; x_wconf 67' lang='grc' dir='ltr'>ἴασιν.</span> 
     </span>
    </p>
   </div>
   <div class='ocr_carea' id='block_1_114' title="bbox 535 5568 1701 5644">
    <p class='ocr_par' dir='ltr' id='par_1_114' title="bbox 535 5568 1701 5644">
     <span class='ocr_line' id='line_1_114' title="bbox 535 5568 1701 5644; baseline 0.002 -14"><span class='ocrx_word' id='word_1_774' title='bbox 535 5573 556 5610; x_wconf 73' lang='grc'>³</span> <span class='ocrx_word' id='word_1_775' title='bbox 587 5572 758 5630; x_wconf 83' lang='lat' dir='ltr'><strong>Rom.</strong></span> <span class='ocrx_word' id='word_1_776' title='bbox 789 5584 870 5641; x_wconf 73' lang='lat' dir='ltr'><strong>vr,</strong></span> <span class='ocrx_word' id='word_1_777' title='bbox 901 5568 992 5641; x_wconf 78' lang='lat' dir='ltr'><strong>l7,</strong></span> <span class='ocrx_word' id='word_1_778' title='bbox 1024 5568 1112 5632; x_wconf 84' lang='grc'><strong>18.</strong></span> <span class='ocrx_word' id='word_1_779' title='bbox 1138 5569 1183 5607; x_wconf 73' lang='grc' dir='ltr'><strong>ιο</strong></span> <span class='ocrx_word' id='word_1_780' title='bbox 1210 5571 1431 5632; x_wconf 86' lang='lat' dir='ltr'><strong>Jerem.</strong></span> <span class='ocrx_word' id='word_1_781' title='bbox 1463 5586 1579 5644; x_wconf 71' lang='grc' dir='ltr'><strong>ηπ,</strong></span> <span class='ocrx_word' id='word_1_782' title='bbox 1610 5575 1701 5632; x_wconf 85' lang='lat'><strong>22.</strong></span> 
     </span>
    </p>
   </div>
  </div>
