2066 3191
108 130 161 158 613

145 191 191 224 ις’.
218 192 270 219 Καὶ
296 191 358 222 τοὺς
390 191 523 228 Κυπρίους
554 192 694 227 τοιγαροῦν
724 190 859 226 ποιμένας,
890 188 948 217 εἰΛ

103 236 280 274 συμϐήσεται
310 239 363 266 τοῖς
391 235 480 267 λύκοις
515 235 752 271 συμπλεκομένους,
783 237 828 261 καὶ
862 238 912 261 τῶν

104 282 211 308 οἰκείων
244 282 462 318 ὑπερμαχοῦντας
495 282 631 317 ποιμνίων,
669 282 714 306 καὶ
745 283 793 311 τῆς
828 279 912 306 αὐτῶν

107 326 298 364 φροντίζοντας
321 328 463 362 σωτηρίας,
488 325 636 352 ὑποκλάσαι
664 333 691 351 τι
713 327 758 351 καὶ
786 322 913 350 ύπενδοΰ-

105 381 152 397 ναι
175 371 283 408 μικρὸν,
304 370 365 407 ὅπερ
391 369 479 406 ἀπείη,
504 369 703 407 παρακαλοῦμεν
727 371 763 405 μὴ
788 370 821 399 εὶς
844 368 912 394 ἀπὸ-

104 425 206 452 γνωσιν
234 415 311 446 εὐθὺς
339 414 470 452 ἐμπεσεῖν,
492 412 562 451 μηδὲ
590 413 731 441 ἀπελπίσαι
753 415 800 442 τήν
823 422 912 442 σωτη-

107 462 179 499 ρίαν,
213 458 285 496 μηδὲ
314 459 422 497 ἀνομίαν
456 459 497 486 ἐπὶ
529 461 575 488 τὴν
610 458 718 496 ἀνομίαν
748 458 911 496 προσθεῖναι,

108 508 158 532 καὶ
177 507 224 535 τὴν
252 504 294 532 ἐπὶ
323 506 353 531 τὸ
376 509 467 541 χεῖρον
489 503 683 531 ἀσπάσσασθαι
702 505 847 540 προκοπὴν,
868 505 913 529 καὶ

110 554 224 587 μιγῆναι
250 552 302 580 τοῖς
331 550 424 583 ἔθνεσι,
445 551 490 576 καὶ
518 550 609 586 μαθεῖν
639 550 672 575 τὰ
705 549 768 585 ἔργα
796 548 880 574 αὐτῶν
905 558 911 564 ·

112 594 169 621 ἀλλ’
196 594 270 625 εὐθύς
297 593 437 621 ἀνανεῦσαι
464 597 511 620 τοῦ
536 596 686 630 πτώματος,
713 595 759 619 καὶ
786 594 850 630 πρὸς
868 594 911 618 τὸν

110 639 199 676 ἰατρόν
212 637 414 676 ὶπαναδραμεῐν.
432 638 506 665 Ἀλλὸ
521 642 604 664 ταῦτα
617 640 660 675 μὲν
676 638 767 669 οὓτως.

147 693 190 724 ιζ.
212 694 253 719 Τὰ
271 695 358 729 μέντοι
377 694 451 730 ἕτερα
476 690 525 718 δύο
549 692 695 728 κεφάλαια·
719 694 747 717 τὸ
777 694 812 727 μὴ
842 690 911 726 δίχα

107 735 217 766 δηλαδῆ
244 742 293 768 τῆς
330 741 379 763 τῶν
409 739 528 763 Λατίνων
553 735 676 767 εἰδήσεως
704 740 734 772 τῇ
770 738 910 773 προσφόρῳ

107 780 277 818 πνευματικῇ
305 781 366 817 ἀξίᾳ
394 779 580 811 ὁποιονὸὴτινα
613 781 831 817 ἰγκαθίστασθαι,
866 783 910 806 καὶ

106 829 137 854 τὸ
167 829 204 863 μὴ
237 826 385 853 κωλύεσθαι
414 828 474 858 τοὺς
504 826 659 863 Ῥωμαίους,
695 828 742 852 εἴτε
780 827 910 863 ὶερωμένοι

107 872 175 899 εἰσὶν
204 873 254 898 εἶτα
282 871 378 904 λαίκοὶ,
408 871 567 907 ἔγκλητεύειν
598 873 662 908 πρὸς
688 873 746 901 τοὺς
775 874 908 905 Λατίνους,
926 867 946 893 Β

106 916 133 943 ἓν
166 920 227 948 ταῖς
259 918 318 954 περὶ
347 915 501 953 βιαιοτέρων
539 917 700 952 πραγμάτων
734 916 911 951 φιλονεικείαις

107 961 243 997 οἰομένους
270 961 343 998 ποιρά
370 964 419 986 τῶν
453 961 580 997 ὁμογενῶν
611 965 705 997 κριτῶν
734 958 885 986 ἀδικεῖσθαι
903 969 908 974 ·

107 1004 245 1042 ἀδιάφορα
270 1004 344 1032 δοκεῖ
366 1009 397 1042 τῇ
429 1006 501 1041 ἡμῶν
528 1008 689 1043 μετριότητι,
717 1008 761 1031 καὶ
790 1004 837 1031 διὰ
863 1008 909 1041 μό-

107 1061 154 1080 νην
179 1054 294 1088 φανερῶς
322 1048 543 1087 αἰσχροκέρδειαν
576 1054 631 1081 τοῖς
664 1052 783 1080 Λατίνοις
814 1050 909 1080 ζητού-

109 1105 183 1132 μενοι.
210 1095 248 1121 Oti
271 1096 366 1132 μικρὸς
391 1095 441 1132 γὰρ
471 1094 583 1121 ἐντεῦθεν
610 1095 699 1125 αὐτοῖς
730 1096 742 1120 ὀ
773 1105 907 1132 χρηματι-

109 1142 176 1176 σμὸς
198 1138 373 1176 ἀναφαίνεται,
405 1142 455 1166 Καὶ
481 1141 495 1169 ἡ
527 1140 598 1176 ἡμῶν
623 1142 760 1176 μετριότης
790 1139 909 1176 σύμϐου-

106 1184 173 1212 λεύει
193 1188 247 1216 τοῖς
272 1189 322 1211 τῶν
349 1187 470 1221 Κυπρίων
494 1187 625 1220 ποιμέσιν,
646 1184 670 1210 ἐν
699 1186 769 1215 ὃσοις
793 1185 909 1211 ἐνστατι-

109 1231 152 1256 κοί
165 1239 230 1260 τινες
254 1231 300 1256 καὶ
324 1228 463 1265 φιλόνεικοι
486 1231 619 1265 φαίνονται
646 1231 670 1255 οἱ
693 1232 800 1255 Λατῖνοι
826 1229 909 1265 ἐφέσει

108 1274 311 1311 λημματισμῶν,
342 1272 476 1300 ὴδιδόναι
502 1275 615 1308 τούτοις,
647 1277 691 1300 καὶ
722 1277 757 1310 μὴ
789 1274 908 1300 ἀνθίστα-

113 1319 182 1346 σθαι.
209 1319 358 1346 Ἐπαινετόν
390 1320 441 1356 γὰρ
475 1323 627 1355 σωματικῆς
660 1320 758 1355 ζημίας
791 1319 909 1355 ψυχικὸν

110 1362 278 1390 ἀλλάττεσθαι
307 1362 419 1401 κέρδος·
452 1364 567 1400 καθάπερ
593 1367 637 1390 καὶ
659 1366 687 1389 τὸ
710 1364 828 1399 χαλκέων
849 1363 909 1390 ἀντ-

107 1409 264 1445 αμείϐεσθαι
291 1409 406 1446 χρύσεα.
430 1408 506 1438 Ἴσως
532 1410 591 1445 γὰρ,
622 1408 809 1446 πλωρωσαντίς
841 1419 911 1445 χρη-

109 1454 201 1489 μάτων
233 1453 282 1483 τὰς
312 1457 415 1490 χεῖρας,

113 1494 286 1533 χειροδοσίας
330 1498 478 1534 ζητήματος
499 1506 505 1512 ⁸

116 1546 171 1568 σῶν
197 1543 266 1568 κάτω
292 1546 326 1578 τῷ
355 1541 443 1580 βάρει,
470 1543 573 1574 ἑξέσθαι
602 1544 691 1574 αὐτοῖς
717 1544 792 1574 ὁσίας
818 1548 911 1581 χεῖρας
928 1546 947 1573 C

111 1586 228 1624 ἐπαίρειν
244 1588 309 1624 πρὸς
332 1589 375 1614 τὸν
404 1589 479 1621 Θεὸν,
503 1590 547 1614 καὶ
567 1586 636 1624 δίχα
661 1586 821 1624 σκινδαλμοῡ
847 1598 912 1618 τινος

455 1452 618 1480 ἀπολύσωσι
651 1455 759 1484 τούτους
789 1457 835 1479 τοῦ
864 1458 909 1483 τῆς

547 1498 669 1524 κάκείνων
716 1499 910 1524 κατασπασθει-

108 1634 154 1658 καὶ.
194 1634 381 1669 προκρίματος,
421 1634 455 1659 τὰ
495 1636 543 1663 τῆς
584 1633 764 1670 ίεροτελεστίας
798 1633 914 1662 ἀποπλη-

105 1680 182 1715 ροῦν.

148 1730 195 1760 ιη’.
210 1734 300 1757 Ταῦτα
308 1730 521 1768 παρεκϐληθέντα
540 1732 589 1759 ἀπὸ
606 1737 654 1758 τῶν
668 1734 818 1771 ἡμερησίων
836 1735 914 1760 συνόο

108 1774 164 1802 δων
182 1776 252 1812 [Am
275 1774 432 1812 συνοδικῶν]
446 1781 697 1815 παρασημειώσεων,
715 1781 760 1804 καὶ
779 1783 809 1807 τῆ
826 1782 912 1815 γραφῆ

108 1820 145 1858 [Γ.
161 1822 314 1860 ὑπογραφῇ]
327 1825 373 1848 καὶ¹
394 1821 523 1859 σφραγῖδι
542 1827 588 1849 τοῦ
601 1825 759 1859 τιμιωτάτου
775 1826 914 1861 χαρτοιρύ-

107 1866 189 1896 λωιος
205 1870 253 1897 τῆς
263 1865 411 1902 ἁγιωτάτης
419 1870 465 1892 τοῦ
475 1870 541 1893 Θεου
554 1868 669 1904 μεγάλης
685 1868 840 1899 Ἐκκλησίας
852 1872 915 1895 Θεο-

109 1909 203 1948 δώρου
217 1915 263 1937 τοῦ
279 1911 372 1941 Στιλϐῆ
391 1911 576 1948 βεϐαιωθέντα,
593 1911 704 1942 ἐπεδόθη
721 1916 784 1949 μηνὶ
799 1916 843 1939 καὶ
857 1913 915 1939 ἐπι-

107 1958 222 1992 νεμήσει
234 1960 283 1987 τῆς
294 1959 527 1994 προγεγραμμένης
594 1960 648 1989 τοῖς
667 1958 914 1995 προγεγραμμένοις]

109 2001 189 2030 ἓτονς
203 2000 279 2036 ς-ψλοί
292 2001 417 2036 [Christi
435 2002 521 2037 1223].

169 2066 220 2089 Τοῦ
235 2063 315 2090 αὐτοῦ
333 2063 479 2099 ἁγιωτάτου
494 2068 575 2101 κυροῡ
591 2068 722 2101 Γερμανοϋ
737 2065 861 2095 ἐπιστολὴ

305 2106 415 2145 δευτέρα
429 2110 494 2145 πρὸς
508 2111 569 2140 τοὺς
584 2112 723 2147 Κυπρίους.

151 2171 185 2198 α’.
216 2169 329 2208 Ἄνδρες
353 2171 588 2209 φιλοχριστότατοι
607 2176 651 2200 καὶ
675 2174 842 2210 φιλευσεϐεῖς,
859 2176 916 2201 ὅσοι

106 2219 161 2247 τὴν
185 2220 349 2255 περιώνυμον
374 2222 452 2247 νῆσον
482 2220 527 2247 τὴν
558 2219 661 2256 Κύπρον
692 2219 797 2255 ἐλάχετε
826 2230 915 2246 κατοι-

106 2265 178 2291 κεῖν.
215 2261 339 2298 Ῥωμαῖοί
369 2271 396 2288 τε
428 2265 473 2288 καὶ
510 2264 597 2299 Σύροι,
635 2264 727 2294 πάντες
765 2263 917 2302 ὁρθοδοξίας

107 2307 237 2345 ἐρασταὶ,
278 2307 388 2343 φύλακες
431 2306 547 2344 ἀκριϐεῖς
591 2311 638 2338 τῆς
680 2308 916 2346 πατροπαραδότου

106 2353 189 2388 ἡμῶν
213 2354 337 2386 πίστεως,
356 2351 393 2388 ἐφ’
414 2352 445 2382 ἧς
468 2352 480 2377 ὁ
505 2351 703 2389 παντοδύναμος
726 2353 848 2391 βραχίων
872 2359 917 2381 τοῦ

107 2399 184 2424 Θεοῦ
207 2398 253 2423 καὶ
277 2398 380 2433 Πατρός
404 2397 416 2422 ὁ
443 2399 557 2434 Χριστὸς
583 2399 628 2427 τὴν
657 2398 812 2427 Ἐκκλησίαν
839 2399 917 2425 αὐτοῦ

106 2439 284 2478 ᾠκοδόμησε,
319 2444 364 2467 καὶ
385 2441 465 2467 πύλαι
489 2440 556 2476 ᾅδου
581 2442 609 2468 ού
632 2444 846 2478 κατισχύσουσιν
871 2443 918 2470 αύ-

104 2491 181 2517 τῆς·
213 2486 273 2512 ὅσον
297 2488 348 2523 γὰρ
369 2485 399 2511 ἂν
415 2487 480 2515 αύτὴ
501 2486 658 2522 πολεμῆται,
684 2491 807 2514 τοσοῦτον
823 2487 918 2524 μᾶλλον

105 2531 281 2569 κρατύνεται,
313 2530 556 2568 ἔγκαλλωπιζομένη
591 2536 621 2567 τῇ
654 2535 700 2558 τοῦ
733 2536 850 2569 Χριστου
879 2533 917 2559 ἐκ·

105 2578 238 2614 μιμήσει.
260 2575 345 2601 Αᾷτοῦ
367 2577 418 2612 γάρ
451 2585 532 2610 εστιν,
548 2575 744 2611 ἀψευδέστατος
770 2577 845 2614 λόγος
875 2578 918 2604 ον-

105 2623 181 2648 τωσὶ
209 2621 326 2657 φάσκων.
352 2623 382 2647 Et
409 2620 452 2656 ἔμε
480 2619 601 2656 ἐδίωξαν,
635 2624 679 2648 καὶ
708 2622 773 2658 ὑμᾶς
807 2621 917 2654 διώξου-

109 2674 178 2694 σιν·
211 2664 233 2692 εὶ
258 2666 303 2692 τὸν
331 2665 407 2702 λόγον
441 2675 491 2701 μου
520 2667 662 2704 ἐτήρησαν,
697 2670 741 2693 καὶ
775 2669 818 2694 τὸν
852 2669 916 2704 ὑμέ-

150 2775 174 2794 ¹¹
193 2773 300 2805 Matth.
312 2781 374 2810 xvr,
385 2776 430 2805 18.
470 2776 493 2794 ¹²
507 2775 593 2810 Joan,
608 2782 657 2813 xv,
674 2777 719 2805 20.

727 125 894 155 EPISTULA
913 126 937 155 II
955 126 1003 158 AD
1023 127 1171 156 CYPRIOS

934 2229 955 2255 D

1739 133 1791 161 614

1002 190 1043 217 l6.
1057 191 1161 226 Itaque
1177 189 1220 218 sic
1233 190 1325 219 etiam
1339 190 1504 228 contigerit,
1521 194 1554 221 ut
1566 195 1703 230 pastores
1733 196 1791 231 Cy-

965 233 1032 270 prii,
1046 241 1116 262 cum
1129 234 1208 271 lupis
1221 235 1384 270 congressi,
1400 238 1427 264 et
1441 244 1496 272 pro
1522 236 1651 266 ovilibus
1664 239 1726 267 suis
1738 247 1792 276 pu-

967 281 1104 314 gnantes,
1119 287 1285 316 eorumque
1299 280 1403 308 salutis
1426 289 1530 310 curam
1556 285 1701 319 gerentes,
1715 291 1792 312 non-

966 322 1041 351 nihil
1054 323 1221 358 labascant,
1242 325 1429 361 paulumque
1454 326 1572 360 cedant,
1598 328 1683 363 quod
1702 328 1791 363 absit,

967 367 1125 396 hortamur
1145 376 1207 403 eos,
1223 376 1261 396 ne
1284 370 1384 397 statim
1400 370 1431 398 in
1458 370 1699 407 desperationem
1721 373 1793 401 inci-

967 412 1050 448 dant,
1064 420 1140 441 neve
1156 413 1261 442 salutis
1273 422 1360 450 spem
1372 414 1524 451 abjiciant,
1540 424 1639 453 neque
1651 417 1792 454 iniquita-

966 459 1027 485 tem
1042 457 1192 494 iniquitati
1206 458 1384 495 adjungant,
1401 462 1430 487 et
1444 460 1476 488 in
1501 460 1631 489 deterius
1654 470 1792 498 progres-

968 509 1036 529 sum
1063 502 1301 539 apprehendant,
1327 503 1510 532 misceantur
1545 513 1615 533 cum
1641 506 1792 542 gentibus,

966 553 1133 583 earumque
1146 546 1264 575 discant
1295 555 1406 584 opera;
1423 548 1478 576 sed
1498 549 1655 578 confestim
1670 559 1689 579 a
1701 550 1793 587 lapsu

966 591 1083 626 erigant
1096 598 1171 625 sese,
1185 593 1214 619 et
1228 591 1268 619 ad
1283 591 1435 621 medicum
1446 596 1610 623 recurrant.
1622 596 1718 631 Atque
1728 595 1793 624 haec

965 635 1087 671 quidem
1106 635 1145 663 ad
1160 635 1241 664 hunc
1255 637 1391 665 modum.

1003 692 1044 717 t7.
1063 691 1206 717 Caeterum
1222 690 1304 726 quod
1324 694 1438 727 spectat
1463 693 1502 720 ad
1525 693 1587 721 duo
1611 693 1670 722 alia
1680 694 1791 731 capita,

965 734 1111 769 videlicet,
1127 743 1164 762 ne
1187 735 1260 763 citra
1284 736 1455 764 Latinorum
1474 737 1611 766 notitiam
1626 738 1792 774 quilibetin

965 787 1099 815 congrua
1114 780 1170 807 sibi
1183 780 1327 815 dignitate
1343 782 1469 817 spiritali
1492 783 1698 818 constituatur,
1713 786 1790 813 etne

965 826 1091 852 Romani
1111 825 1172 853 sive
1188 825 1284 853 clerici
1301 826 1361 854 sive
1374 827 1441 854 laici
1456 828 1672 863 prohibeantur
1684 829 1723 856 ad
1740 830 1792 857 La-

966 870 1042 897 tinos
1053 869 1215 906 appellare,
1230 870 1259 898 in
1273 871 1516 899 contentionibus
1531 873 1790 902 vehementiorum

966 915 1166 949 negotiorum,
1179 915 1204 942 si
1215 916 1385 950 putaverint
1396 924 1451 944 sea
1462 917 1557 951 gentis
1568 918 1791 953 sutejudicibus

965 959 1075 994 injuria
1090 959 1167 987 afﬁci
1182 968 1188 992 ;
1206 968 1242 987 ea
1254 962 1363 988 nostra:
1379 961 1575 989 mediocritati
1594 962 1731 990 videntur
1745 963 1792 990 in-

965 1003 1142 1035 differentia,
1160 1007 1321 1040 aperteque
1337 1006 1376 1032 ob
1394 1005 1489 1034 solam
1515 1007 1609 1042 turpis
1624 1007 1698 1034 lucri
1713 1015 1794 1039 com-

965 1049 1152 1083 parationem
1168 1057 1185 1076 a
1200 1050 1309 1077 Latinis
1327 1051 1482 1086 requisita.
1498 1052 1562 1079 Non
1585 1059 1695 1087 parvus
1710 1053 1791 1080 enim

964 1092 1020 1120 illis
1041 1094 1110 1121 inde
1137 1097 1271 1130 quaestus
1292 1095 1458 1123 exhibetur.
1487 1097 1583 1132 Atque
1602 1097 1792 1125 mediocritas

965 1140 1067 1166 nostra
1081 1138 1139 1166 hoc
1153 1140 1331 1175 Cypriorum
1355 1141 1528 1175 pastoribus
1555 1142 1715 1170 consilium
1728 1142 1789 1174 dat,

966 1185 997 1210 ut
1011 1183 1041 1210 in
1057 1183 1290 1221 quibuscunque
1307 1185 1400 1213 Latini
1415 1186 1583 1221 pervicaces
1603 1186 1792 1214 contentiosi-

964 1236 1023 1263 que
1030 1228 1229 1264 apparebunt,
1240 1229 1399 1265 cupiditate
1406 1233 1536 1266 capturas
1543 1238 1577 1259 ac
1586 1231 1790 1266 emolumenti,

964 1274 994 1300 in
1014 1273 1049 1300 iis
1069 1273 1188 1308 cedant,
1219 1282 1273 1301 nec
1305 1274 1377 1310 ipsis
1401 1275 1600 1304 obluctentur.
1619 1278 1667 1304 Est
1682 1276 1794 1312 quippe

965 1325 1011 1345 res
1042 1317 1130 1345 laude
1162 1317 1264 1353 digna,
1294 1318 1443 1354 corporali
1474 1319 1653 1348 detrimento
1676 1320 1795 1348 lucrum

966 1361 1073 1389 animm
1101 1369 1277 1397 comparare
1302 1370 1308 1395 ;
1333 1362 1594 1398 quemadmodum
1621 1371 1690 1392 cum
1716 1364 1794 1392 arcis

966 1413 1163 1442 compensare
1169 1414 1270 1434 aurea.
1283 1407 1416 1434 Forsitan
1426 1407 1506 1435 enim
1515 1410 1678 1444 postquam
1684 1416 1795 1436 manus

966 1450 1100 1486 pecuniis
1107 1450 1293 1486 repleverint,
1301 1459 1352 1478 eos
1360 1451 1516 1479 absolvent
1525 1453 1641 1488 apetita
1647 1460 1794 1480 manuum

968 1495 1139 1528 traditione;
1150 1495 1329 1532 illorumque
1336 1496 1478 1524 manibus
1487 1497 1619 1532 pondere
1633 1497 1794 1533 depressis,

968 1539 1048 1567 hisce
1075 1539 1173 1567 licebit
1188 1542 1307 1568 sanctas
1323 1548 1431 1568 manus
1452 1540 1568 1569 elevare
1589 1541 1627 1569 ad
1652 1543 1754 1576 Deum,
1767 1544 1796 1570 et

968 1585 1083 1621 absque
1113 1584 1173 1613 ullo
1193 1588 1259 1613 astu
1281 1587 1310 1613 et
1338 1585 1513 1621 przejudicio
1533 1594 1620 1614 sacra
1646 1586 1795 1615 celebrare

968 1629 1120 1665 mysteria.

1007 1733 1048 1759 18.
1065 1733 1124 1759 Ista
1138 1730 1300 1767 desumpta
1312 1739 1328 1759 e
1343 1731 1458 1759 diurnis
1468 1731 1654 1768 synodorum
1670 1733 1796 1762 adnota-

969 1775 1110 1808 tionibus,
1123 1778 1151 1803 et
1165 1783 1218 1812 per
1231 1776 1485 1812 subscriptionem
1509 1777 1701 1813 sigillumque
1713 1785 1796 1805 reve-

969 1820 1140 1847 rendissimi
1156 1820 1353 1848 sanctissimae
1370 1821 1420 1848 Dei
1429 1828 1549 1856 magnte
1565 1821 1699 1849 Ecclesiae
1713 1822 1796 1849 char.

970 1864 1137 1900 topliylacis
1164 1864 1310 1892 Theodori
1335 1865 1425 1893 Stilbe
1440 1865 1628 1900 conﬁrmata,
1644 1866 1714 1894 data
1727 1868 1798 1895 sunt

970 1917 1073 1937 mense
1088 1911 1116 1937 et
1128 1909 1288 1937 indictione
1306 1917 1398 1946 supra
1410 1910 1538 1945 scriptis,
1553 1918 1633 1938 anno
1644 1911 1723 1938 673i.

970 2065 1113 2101 Ejusdem
1128 2067 1308 2094 sanctissimi
1320 2066 1434 2094 domini
1450 2066 1593 2095 Germani
1611 2067 1738 2102 epistola
1757 2074 1798 2096 se-

1220 2112 1320 2139 cunda
1335 2112 1375 2139 ad
1389 2111 1530 2147 Cyprios.

1008 2174 1032 2201 1.
1049 2174 1293 2202 Christianissimi
1307 2174 1361 2202 viri
1374 2177 1401 2202 et
1416 2175 1534 2210 pietatis
1548 2176 1694 2208 amantes,
1711 2176 1798 2211 quot-

971 2221 1045 2255 quot
1069 2221 1201 2255 Cyprum
1223 2219 1426 2255 percelebrem
1461 2220 1592 2248 insulam
1615 2220 1798 2254 inhabitatis,

972 2263 1098 2291 Romani
1114 2266 1142 2291 et
1156 2263 1232 2299 Syri,
1248 2264 1346 2291 cuncti
1371 2264 1556 2292 orthodoxiee
1573 2269 1734 2299 amatores,
1750 2273 1799 2292 ac—

973 2308 1066 2336 curati
1079 2308 1150 2336 ﬁdei
1163 2309 1251 2336 nobis
1264 2317 1282 2337 a
1292 2308 1428 2337 Patribus
1441 2309 1556 2337 traditae
1585 2310 1735 2345 custodes,
1750 2318 1799 2338 su—

972 2360 1025 2389 per
1057 2361 1151 2389 quam
1189 2353 1380 2389 omnipotens
1402 2353 1452 2381 Dei
1473 2356 1502 2382 et
1524 2354 1618 2382 Patris
1640 2354 1800 2383 brachium

973 2398 1114 2433 Christus,
1129 2398 1288 2426 Ecclesiam
1301 2406 1389 2426 suam
1420 2399 1587 2433 aediﬁcavit,
1604 2401 1632 2427 et
1647 2402 1739 2435 porta
1754 2399 1799 2427 in-

973 2442 1024 2470 feri
1032 2450 1093 2470 non
1099 2442 1306 2478 praevalebunt
1316 2443 1460 2471 adversus
1476 2450 1544 2470 eam
1556 2444 1586 2470 ¹¹.
1595 2444 1713 2476 Quanto
1719 2444 1800 2471 enim

974 2486 1071 2521 magis
1081 2486 1147 2522 ipsa
1157 2490 1334 2523 oppugnata
1342 2487 1440 2522 fuerit,
1451 2495 1487 2515 eo
1497 2487 1565 2523 plus
1576 2487 1798 2521 corroboratur,

973 2539 1027 2568 per
1037 2531 1142 2559 Christi
1154 2531 1350 2560 imitationem
1363 2540 1428 2559 sese
1437 2531 1675 2568 eﬁ'erensilpsius
1687 2531 1800 2568 quippe

973 2577 1149 2604 verissimus
1162 2579 1206 2605 est
1220 2584 1329 2611 sermo,
1345 2585 1406 2613 quo
1419 2577 1459 2604 ita
1470 2576 1510 2604 ait
1525 2584 1531 2603 :
1547 2577 1582 2604 Si
1595 2584 1640 2604 me
1650 2579 1800 2611 persecuti

973 2625 1054 2656 sunt,
1067 2626 1092 2649 et
1104 2629 1153 2649 vos
1164 2625 1382 2657 persequentur
1392 2628 1403 2656 ,'
1414 2622 1442 2649 si
1453 2628 1618 2649 sermonem
1630 2627 1728 2649 meum
1741 2629 1801 2649 ser-

973 2670 1137 2703 vaverunt;
1154 2670 1181 2696 et
1197 2670 1324 2696 vestrum
1339 2666 1501 2695 servabunt
1519 2667 1550 2692 ¹¹.
1566 2665 1668 2704 Igitur,
1683 2665 1800 2706 fratres,
