4132 6376
488 259 591 312 615

1621 245 1932 304 GERMANI
1975 245 2022 302 ΙΙ
2063 245 2166 303 CP.
2209 249 2707 318 PATRIARCHE.

3751 281 3855 335 616

488 379 753 436 Gaudete
779 378 842 433 ιή
881 375 1131 432 Domino
1179 387 1442 444 semper;
1471 377 1525 429 et
1567 373 1779 430 iterum
1810 373 1963 443 dico,
1993 387 2123 444 gau-

2248 394 2390 450 τερον
2445 391 2773 461 τηρήσουσι’
2833 397 3049 470 χαίρετε
3103 395 3191 450 οὖν
3244 398 3292 451 ἐν
3355 406 3550 476 Κυρίῳ,
3603 398 3856 475 ἀδελφοὶ-

485 470 615 526 dete
648 470 712 522 ’3.
746 466 848 522 Dei
886 465 1066 522 frater
1089 463 1348 520 Jacobus
1377 477 1514 518 cum
1548 462 1732 518 Paulo
1762 461 1893 517 coeli
1924 477 2132 518 ascen-

485 576 618 616 sore
671 558 1021 614 charitatem
1069 560 1328 611 vestram
1387 553 1464 608 ad
1511 553 1848 624 spirituales
1908 567 2134 623 agones

482 652 821 722 perungant
857 651 1036 718 atque
1073 644 1339 700 incitent.
1375 643 1637 698 Jacobus
1693 641 1942 715 quidem
1993 659 2133 698 cum

483 738 661 794 dicit:
688 738 872 793 Omne
886 735 1176 806 gaudium
1204 735 1555 798 existimate,
1579 733 1806 802 fratres
1832 734 1966 801 mei,
2000 749 2133 789 cum

483 831 546 884 in
577 828 974 884 tentationnes
1001 824 1202 880 varias
1221 823 1549 879 incideritts
1582 824 1650 877 ίι.
1676 822 1775 878 Hic
1796 837 1958 887 vero,
1986 823 2135 878 dum

481 915 735 972 libenter
765 914 1051 988 gloriatur
1071 913 1130 968 in
1152 911 1601 968 inﬁrmitatibus
1655 911 1797 981 suis,
1827 915 1883 968 et
1929 911 2039 966 sibi
2073 910 2134 966 in

484 1003 968 1062 tribulationibus
997 1000 1328 1074 complacet
1360 1002 1427 1058 ‘5.

553 1187 610 1238 2.
641 1185 763 1252 Ego
789 1183 942 1237 certe
973 1177 1260 1234 minimus
1286 1181 1342 1233 et
1366 1175 1588 1233 inutilis
1615 1176 1766 1233 inter
1795 1176 2132 1250 pontiﬁces,

480 1273 726 1330 beatum
750 1285 844 1326 me
871 1268 1079 1324 censui
1108 1268 1167 1322 in
1200 1266 1669 1334 inﬁrmitatibus,
1703 1266 1864 1338 quod
1917 1267 1996 1323 ad
2027 1283 2134 1339 po-

481 1361 693 1434 pulum
713 1355 1270 1416 obedientissimum
1321 1359 1378 1411 et
1416 1355 1493 1411 ad
1545 1371 1722 1411 aures
1759 1355 2133 1412 audientium

479 1451 714 1506 locutus
751 1447 986 1504 fuerim.
1027 1449 1227 1518 Neque
1259 1445 1420 1501 enim
1451 1445 1662 1501 cecidit
1690 1461 1872 1518 super
1900 1449 2132 1518 petram

482 1554 688 1596 semen
708 1536 876 1594 verbi
903 1535 1093 1592 nostri
1130 1536 1191 1602 ιθ,
1220 1550 1416 1607 neque
1446 1535 1505 1590 in
1534 1533 1708 1606 aquis
1762 1534 2130 1607 scripsimus,

478 1644 675 1702 neque
701 1627 990 1684 doctrina;
1009 1625 1155 1682 retia
1183 1624 1407 1682 frustra
1429 1624 1769 1681 taxavimus
1794 1625 1833 1660 17
1859 1643 1871 1693 ;
1908 1625 2012 1681 sed
2043 1640 2133 1680 se-

477 1719 847 1776 minavimus
880 1715 1078 1788 potius
1104 1715 1167 1770 in
1194 1718 1351 1770 terra
1375 1715 1540 1770 bona
1578 1718 1636 1770 et
1683 1714 1862 1786 spicis
1913 1714 2130 1785 ferace,
2161 1731 2205 1785 B
2243 1745 2331 1798 μεν
2366 1743 2379 1758 ο

478 1808 830 1881 scripsimus
846 1811 1047 1862 autem
1065 1805 1122 1860 in
1144 1804 1429 1860 cordibus
1475 1803 1826 1860 illuminatis
1851 1819 1920 1860 ac
1943 1804 2128 1876 puris,

477 1904 644 1956 mota
672 1898 881 1967 lingua
910 1899 1118 1952 nostra
1159 1895 1350 1950 instar
1379 1893 1596 1950 calami
1635 1894 1844 1950 scribae
1875 1894 2032 1950 illius
2054 1894 2130 1950 de

476 2004 602 2060 quo
625 1988 685 2044 in
716 1985 965 2042 Psalmis
998 1986 1078 2050 '8;
1119 1999 1381 2055 cumque
1406 1983 1468 2039 in
1494 1982 1680 2039 verbo
1701 1983 1918 2040 Christi
1939 1983 2128 2039 demi-

478 2077 766 2133 sissemus
802 2080 943 2144 rete,
995 2073 1265 2146 cepimus
1291 2088 1400 2128 vos
1431 2072 1502 2128 ad
1532 2072 1937 2130 obedientiam
1965 2071 2127 2144 ﬁdei,

477 2169 535 2222 et
558 2165 790 2223 Christo
811 2162 1140 2220 obtulimus
1161 2161 1486 2234 opsonium
1510 2161 1732 2218 caelesti
1761 2163 1892 2234 ejus
1917 2177 2128 2218 mensa

475 2255 749 2326 dignum.
786 2252 951 2309 Unde
981 2255 1038 2309 et
1056 2251 1257 2308 laetitia
1287 2249 1481 2306 affecti
1510 2250 1590 2307 ob
1630 2251 1890 2322 primam
1920 2255 2126 2324 captu-

474 2360 628 2410 ram,
659 2344 947 2416 ipsosque
978 2357 1090 2399 nos
1122 2340 1334 2398 beatos
1364 2341 1477 2396 rati
1524 2340 1690 2413 quod
1744 2341 2126 2414 propositum

475 2431 878 2501 successisset,
919 2446 1127 2486 rursus
1175 2429 1237 2485 in
1291 2429 1510 2484 Christi
1557 2429 1802 2486 nomine
1850 2429 2125 2501 linguam

2244 471 2482 544 πάντοτε,
2551 484 2639 530 καὶ
2699 479 2851 532 πάλιν
2904 483 3002 557 ἐρῶ
3045 492 3278 562 χαίρετε.
3352 490 3594 554 Ἰάκωϐος
3670 494 3694 544 6
3763 493 3850 545 θε-

2246 555 2465 632 αδελῖῖος
2533 570 2626 617 σὺν
2693 569 2878 642 Παύλῷ
2943 582 3014 644 τῷ
3081 577 3463 651 οὐρανοϐάμονι
3533 584 3658 654 πρὸς
3726 585 3853 642 τοὺς

2243 658 2622 722 πνευματικούς
2683 656 2885 730 ἀγῶνας
2946 667 3040 722 τὴν
3101 667 3243 739 ὑμῶν
3307 667 3516 742 ἀγάπην
3581 668 3854 743 ἐπαλειφέ-

2241 756 2412 791 τωσαν
2448 759 2458 770 ·
2519 745 2544 794 6
2598 748 2686 817 μὲν
2740 744 2808 807 δὴ
2865 749 3123 821 Ἰάκωϐος,
3173 761 3354 809 Πᾶσαν
3404 760 3580 832 χαρὰν
3638 761 3849 831 ἡγήσα-

2247 828 2356 895 σθε,
2425 829 2599 904 λέγων,
2669 834 2882 911 ἀδελφοί
2946 861 3068 914 μου,
3137 846 3258 898 ὅταν
3319 855 3636 921 πειρασμοῖς
3696 868 3849 924 περι-

2242 921 2432 976 πέσητε
2488 924 2746 989 ποικίλοις
2806 950 2818 962 ο
2884 931 2909 982 6
2979 928 3056 999 δὲ,
3129 930 3332 994 ἣδιστα
3395 943 3738 1010 καυχώμενος
3799 937 3849 991 ἓν

2243 1014 2356 1068 ταῖς
2403 1007 2682 1076 ἀσθενείαις
2751 1017 2933 1089 αὐτου,
2981 1027 3072 1075 καὶ
3120 1021 3412 1079 ἑπευδοκῶν
3467 1025 3514 1078 ἐν
3571 1035 3688 1090 ταῖς
3743 1028 3852 1080 θλί-

2242 1095 2415 1166 ψεσιν.

2315 1185 2384 1258 β’.
2425 1187 2556 1262 Ἑγοῖ
2593 1195 2683 1265 μὲν
2738 1197 2764 1248 ό
2817 1196 3097 1270 ἐλάχιστος
3150 1207 3241 1255 καὶ
3298 1204 3510 1276 ἀχρεῖος
3558 1203 3606 1257 ἒν
3658 1203 3847 1278 ἀρχιε-

2242 1284 2392 1348 ρεῦσι
2439 1285 2695 1357 μακάριον
2740 1286 2960 1359 ἐμαυτόν
3014 1290 3061 1343 ἐν
3116 1313 3231 1356 ταις
3292 1293 3578 1357 ἀσθενείαις
3617 1301 3846 1370 ἥγημαι,

2243 1367 2322 1418 ὅτι
2378 1373 2504 1440 πρὸς
2550 1371 2669 1425 λαὸν
2715 1375 3127 1450 εὐπειθέστατον,
3188 1388 3278 1436 καὶ
3330 1388 3458 1458 πρὸς
3510 1387 3620 1438 ὦτα
3685 1384 3846 1440 ἀκου-

2243 1459 2398 1508 όντων
2451 1459 2724 1522 λελάληκα,
2778 1467 2852 1518 Οὐ
2909 1472 3009 1545 γὰρ
3059 1471 3134 1533 εἰς
3180 1477 3368 1548 πέτραν
3422 1476 3448 1526 6
3504 1494 3700 1551 σπόρος
3751 1484 3847 1528 τοῦ

2241 1544 2394 1617 λόγου
2453 1551 2594 1623 ὑμῶν
2647 1556 2844 1627 ἔπεσεν,
2900 1555 3024 1612 οὐδὲ
3078 1561 3194 1614 καθ’
3253 1559 3461 1616 ὑδάτων
3520 1563 3842 1640 ἐγράψαμεν,

2243 1633 2367 1689 οὐδὲ
2409 1641 2474 1691 τά
2516 1637 2710 1696 δικτυα
2752 1655 2848 1708 τῆς
2887 1643 3244 1714 διδασκαλίας
3283 1648 3527 1716 διακενῆς
3551 1633 3843 1726 ’έχαλάσαέ

2436 1728 2541 1782 ἀλλ’
2600 1731 2906 1808 ἐσπείραμεν
2962 1738 3150 1810 μᾶλλον
3201 1741 3272 1803 εἰς
3329 1746 3424 1801 τὴν
3482 1742 3685 1815 ἀγαθὴν
3741 1753 3844 1816 γῆν

2240 1823 2329 1871 καὶ
2402 1823 2687 1894 εὐσταχυν,
2766 1824 3056 1899 ἕγράμαπεν
3145 1825 3206 1882 δε
3294 1831 3364 1894 εἰς
3439 1838 3838 1906 περωτισμένας

2237 1905 2463 1981 καρδίας
2517 1916 2607 1964 καὶ
2680 1917 2928 1988 καθαρὰς,
2988 1919 3057 1980 ὡς
3123 1919 3352 1993 κάλαμον
3415 1929 3507 1974 τοῦ
3572 1923 3842 1996 ψαλμικοῦ

2235 2003 2578 2071 γραμματέως
2632 2006 2726 2061 τὴν
2777 2004 3011 2076 γλῶτταν
3063 2014 3410 2073 κινήσαντες·
3471 2018 3560 2065 καὶ
3618 2014 3702 2066 ἐπὶ
3766 2022 3842 2086 τῷ

2234 2088 2432 2161 ῥήματι
2481 2099 2571 2143 τοῦ
2625 2101 2862 2166 Χριστοῦ
2899 2099 3139 2162 καθέντες
3184 2103 3243 2153 τὸ
3293 2097 3526 2173 δίκτυον,
3581 2103 3844 2176 ἠγρεύσα-

2236 2196 2324 2250 μεν
2378 2178 2513 2251 ὑμᾶς
2563 2185 2689 2255 πρὸς
2736 2184 2972 2245 ὑπακοὴν
3028 2193 3278 2258 πίστεως,
3332 2196 3422 2244 καὶ
3479 2191 3701 2263 ὀψώνιον
3753 2201 3832 2264 τῷ

2235 2275 2453 2339 Χριστῷ
2506 2277 2908 2348 προσηγάγομεν
2967 2276 3110 2340 ἄξιον
3171 2288 3262 2340 τῆς
3332 2280 3574 2355 οὐρανίου
3645 2286 3835 2356 τραπέ-

2238 2356 2333 2419 ζης
2366 2358 2545 2412 αὐτοῦ.
2580 2359 2756 2415 Ἔνθεν
2791 2384 2870 2416 τοι
2915 2370 3004 2418 καὶ
3033 2366 3391 2440 εὐφρανθέντες
3432 2369 3514 2423 ἐπι
3553 2379 3614 2443 τῇ
3649 2377 3832 2445 πρώτῃ

2234 2447 2392 2523 ἄγρᾳ,
2444 2455 2533 2502 καὶ
2579 2459 2672 2514 τῆς
2728 2453 3007 2527 εὐστοχίας
3060 2456 3274 2520 ἑαυτοὺς
3329 2464 3739 2533 μακαρίσαντες,
3790 2459 3842 2512 ἐν

2232 2545 2302 2609 τῷ
2342 2540 2557 2612 ὀνόματι
2609 2549 2701 2594 τοῦ
2745 2551 2990 2616 Χρισποῦ
3033 2546 3186 2599 πάλιν
3232 2551 3324 2607 τὴν
3369 2549 3602 2620 γλῶτταν
3631 2552 3833 2624 ’ὥσπερ

2235 2625 2628 2704 ἀμφίϐληστρον
2659 2629 2743 2685 ἐπὶ
2769 2641 2866 2696 τῆς
2897 2630 3248 2699 διδασκαλίας
3269 2639 3668 2712 καταχαλώμεν,

471 2521 635 2579 velut
656 2520 1016 2578 verriculum
1046 2519 1127 2577 ad
1155 2518 1492 2576 doctrinam
1523 2519 1916 2578 demittimus.

545 2725 595 2779 3.
628 2723 1023 2794 Nequaquam
1051 2735 1162 2776 vos
1184 2718 1345 2789 latet,
1369 2717 1647 2775 homines
1675 2718 2006 2776 litterarum
2038 2718 2123 2775 di-

472 2810 983 2884 sciplinarumque
1007 2808 1504 2879 studiosissimos,
1530 2808 1695 2881 quod
1719 2809 1822 2881 qui
1850 2825 1886 2865 a
1909 2809 2123 2882 princi-

468 2900 570 2974 pio
590 2901 942 2958 exstiterunt
971 2899 1180 2955 Deiferi
1217 2903 1274 2954 et
1323 2898 1512 2954 divini
1568 2913 1877 2970 praecones
1921 2901 2122 2954 Patres

467 2991 676 3060 nostri,
711 2989 927 3062 Spiritu
951 2988 1155 3044 divino
1180 2987 1348 3053 moti,
1379 2991 1435 3042 et
1461 2987 1790 3059 apostolica
1834 2987 2122 3058 dogmata

2231 3025 2360 3077 ματι
2399 3011 2486 3059 καὶ
2527 3007 2901 3071 ἀποοτολικαῑς
2945 3005 3321 3073 διδασκαλίαις
3372 3011 3628 3085 ἑπόμενοι,
3671 3015 3842 3067 πάντα

468 3079 676 3149 secuti,
707 3082 926 3134 cuncta
952 3093 1091 3150 quae
1119 3077 1198 3134 ad
1236 3076 1596 3133 catholicam
1637 3076 1959 3132 Ecclesiam
1987 3093 2118 3149 spe-

2231 3100 2290 3152 τὴ
2343 3103 2437 3157 τῆς
2495 3097 2771 3159 καθολικῆς
2811 3097 3122 3162 Ἐκκλησίας
3175 3099 3223 3152 ἐν
3290 3106 3513 3174 σχοινίῳ
3559 3122 3837 3176 πνενματι-

468 3171 649 3236 ctant,
679 3167 741 3223 in
768 3166 1034 3222 funiculo
1091 3164 1372 3238 spiritalis
1419 3164 1854 3222 distributionis
1883 3167 2122 3223 ordina-
2229 3192 2323 3238 χῆς
2386 3182 2736 3238 κληροδοσίαε
2792 3159 3119 3238 θεοχινῇτωε’
3151 3159 3444 3238 ἔταξαν’”τε
3486 3159 3494 3174 ⁸

466 3257 660 3314 verint
687 3272 757 3313 ac
807 3254 1352 3325 determinaverint,
1397 3255 1572 3324 juxta
1631 3255 1730 3310 Dei
1784 3256 2120 3328 inspiratio-

467 3359 632 3412 nem,
691 3343 992 3416 variisque
1051 3341 1448 3400 Ecclesiarum
1496 3342 2118 3414 determinationibus,

468 3437 640 3507 septa
696 3433 1262 3505 circumposuerint,
1319 3437 1501 3505 atque
1574 3433 1840 3505 singulas
1893 3435 2120 3508 ubique

464 3523 808 3597 provincias
876 3522 1455 3579 circumvallaverint
1519 3523 1598 3579 ad
1654 3525 2018 3594 cautionem,
2046 3541 2121 3581 ne

465 3613 768 3673 ambitiosi
792 3617 849 3669 et
878 3617 1227 3684 arrogantes
1255 3612 1428 3669 facile
1450 3629 1486 3670 a
1516 3613 1639 3669 suis
1680 3613 1760 3670 ad
1789 3614 2015 3672 alienas
2034 3616 2122 3671 in“

465 3704 689 3761 silirent
739 3722 753 3773 ;
806 3703 913 3759 sed
963 3702 1133 3760 veriti
1203 3702 1498 3760 macerias
1548 3702 2123 3761 terribilissimarum

463 3793 1160 3852 excommunicationum
1213 3798 1451 3866 atquea
1503 3795 1623 3850 Deo
1670 3793 2121 3865 alienationum,

462 3883 798 3940 ex‘colerent
836 3881 1054 3953 singuli
1082 3887 1347 3955 spartam
1371 3881 1484 3937 sibi
1531 3881 1932 3955 designatam,
1977 3900 2123 3956 pro-

459 3973 714 4046 priaque
746 3976 904 4030 sorte
930 3987 1000 4028 ac
1027 3970 1372 4028 haereditate
1425 3970 1893 4029 accommodata
1918 3974 2125 4031 essent

459 4063 741 4120 contenti.

530 4155 590 4208 4.
624 4149 761 4215 Sed,
789 4166 826 4206 ο
862 4165 1001 4206 mea
1053 4152 1246 4206 errata
1268 4148 1280 4204 l
1306 4163 1342 4204 o
1395 4147 1818 4221 inexplebilem
1845 4151 2122 4208 ambitio-

459 4256 600 4298 nem
625 4241 639 4295 ι
668 4257 805 4312 quae
836 4255 1080 4296 omnem
1107 4239 1291 4296 modo
1329 4242 1686 4296 canonicam
1740 4241 2120 4315 disciplinam

460 4329 704 4401 abjecit,
773 4344 1145 4402 omnemque
1229 4329 1629 4386 Christianam
1683 4330 2119 4398 institutionem

459 4421 722 4475 evertere
748 4417 1090 4487 connititur,
1128 4418 1252 4473 imo
1299 4433 1439 4474 vero
1468 4423 1526 4474 et
1567 4418 1860 4475 adversus
1914 4420 2117 4493 ipsum

457 4505 735 4564 Ecclesia:
761 4511 943 4582 caput
969 4506 1134 4580 quod
1169 4511 1255 4563 est
1286 4508 1570 4579 Christus,
1627 4509 2001 4566 conﬁdenter
2020 4510 2118 4566 de-

460 4597 596 4665 silit,
649 4613 845 4670 neque
895 4597 1166 4654 stimulos
1217 4597 1520 4666 formidat,
1565 4614 1721 4672 quos
1759 4599 1902 4655 olim
1937 4601 2115 4658 Saulo

456 4689 860 4744 comminatus
882 4691 969 4745 est
999 4688 1287 4759 Christus,
1337 4687 1543 4744 dicens
1594 4688 1673 4744 ad
1694 4705 1832 4746 eum
1859 4690 2114 4750 :Durum

456 4783 542 4835 est
568 4777 675 4835 tibi
694 4784 907 4838 contra
933 4779 1204 4836 stimulos
1230 4779 1553 4836 calcitrare
1589 4778 1656 4834 η.

2303 2742 2371 2808 γ’.
2421 2737 2530 2788 Οὐκ
2571 2737 2798 2810 ἀγνοεῖτε
2837 2742 3054 2809 πάντως,
3101 2741 3505 2816 φιλὼλογοτατοι
3570 2746 3849 2818 ἄνθρωποι

2233 2829 2323 2876 καὶ
2389 2826 2852 2899 φιλομαθέστατοι,
2916 2833 2986 2892 ὡς
3053 2833 3100 2884 οἱ
3163 2830 3401 2885 ἀνέκαθεν
3459 2835 3696 2907 θεοφοροι
3749 2841 3849 2889 καὶ

2238 2916 2546 2989 θεοκὴρυκες
2608 2923 2830 2993 Πατέρες
2906 2922 3072 2992 ἡμῶν,
3137 2923 3253 2994 θείῳ
3319 2925 3604 2996 κινούρενοι
3681 2928 3845 2976 Πνεύ-

2229 3192 2323 3244 κῆς
2386 3182 2736 3260 κληροδοσίας
2792 3189 3098 3251 θεοκινήτως
3151 3189 3329 3252 ἔταξαν
3389 3209 3444 3244 τε
3501 3195 3587 3243 καὶ
3649 3193 3838 3263 ὠροθέ-

2227 3293 2415 3346 τησαν,
2479 3281 2567 3328 καὶ
2633 3284 2749 3340 ταῖς
2808 3274 3057 3352 διαφόρος
3117 3286 3216 3331 τῶν
3283 3278 3599 3339 Ἐκκλησιῶν
3656 3280 3829 3354 ὁροθε-

2231 3369 2373 3426 σίαις
2425 3370 2689 3440 φραγμοὺς
2754 3369 3083 3441 περιέθηκαν,
3146 3373 3234 3421 καὶ
3299 3373 3688 3442 περιετείχισαν
3741 3369 3837 3430 τὰς

2231 3454 2536 3527 ἑκασταχοῦ
2583 3454 2777 3531 ἓνορίας
2828 3461 2953 3530 πρὸς
3004 3456 3285 3529 ἀσφάλειαν
3333 3479 3346 3492 ο

2233 3541 2539 3616 φιλοδόξους
2585 3565 2639 3598 τε
2702 3550 2792 3598 καὶ
2851 3545 3108 3608 ἀλαζόνας
3163 3546 3264 3600 ἀπὸ
3317 3555 3417 3600 τῶν
3483 3547 3684 3600 οἰκείων
3751 3546 3840 3600 ἐπὶ

3339 3636 3469 3690 ἀλλά
3524 3633 3842 3699 δεδοικότας

3407 3460 3542 3511 ὥστε
3594 3461 3665 3530 μὴ
3716 3461 3842 3521 τοὺς

2230 3637 2320 3695 τὰς
2375 3634 2645 3710 ἀλλοτρίας
2703 3635 2918 3697 εὐκόλως
2971 3632 3237 3707 ἐπιπηδᾷν
3271 3657 3284 3670 ο

2230 3726 2323 3786 τὰς
2384 3726 2643 3798 αἱμασιὰς
2704 3734 2803 3777 τῶν
2871 3723 3308 3800 φρικωδεστάτων
3375 3727 3678 3800 ἀφορισμῶν
3745 3730 3839 3779 καὶ

2230 3823 2330 3866 τῶν
2389 3813 2490 3867 ἀπὸ
2558 3822 2691 3868 Θεοῦ
2749 3813 3154 3888 ἀλλοτριώσεων,
3192 3820 3420 3892 στέργειν
3488 3818 3708 3869 ἕκαστον
3775 3816 3841 3875 ἣν

2231 3901 2389 3976 ἔλαχε
2428 3905 2686 3978 Σπάρταν,
2732 3909 2822 3957 καὶ
2864 3904 3140 3980 ἀρκεῖσθαι
3187 3901 3260 3978 τῷ
3311 3901 3431 3978 ἰδίῳ
3459 3904 3617 3979 λάχει
3648 3909 3738 3958 καὶ
3770 3911 3835 3977 τῇ

2230 3995 2652 4068 προσαρμοσάση
2685 3990 3033 4067 κληροδοσία.

2303 4168 2369 4228 δ’.
2411 4171 2547 4226 Ἀλλ’
2591 4172 2630 4223 ὦ
2677 4180 2776 4224 τῶν
2829 4171 2961 4246 ἐμῶν
3022 4171 3392 4246 ἀγνοημάτωνξ
3441 4171 3480 4224 ὦ
3527 4181 3623 4234 τῆς
3667 4171 3837 4233 ἀπλή-

2232 4280 2358 4314 στον
2413 4257 2751 4334 φιλοδοξίαςι
2809 4268 2983 4314 πᾶσαν
3026 4261 3216 4334 ἀρτίως
3266 4267 3538 4321 κανονικὴν
3593 4261 3836 4325 εὐταξίαν

2229 4347 2674 4417 ἐξουδενωσάσης,
2747 4351 2836 4404 καὶ
2913 4350 3209 4428 ἀνατρέπειν
3283 4354 3655 4426 επιχειρούσης
3736 4357 3835 4411 τὴν

2148 4451 2194 4508 D
2227 4447 2606 4515 Χριστιανικὴν
2661 4445 2992 4495 κατάστασιν
3057 4448 3270 4495 πᾶσαν·
3337 4442 3526 4516 μᾶλλον
3589 4445 3680 4511 μὲν
3741 4442 3834 4494 οὖν

2225 4537 2311 4585 καὶ
2357 4531 2467 4585 κατ’
2527 4533 2686 4593 αὐτῆς
2742 4539 2837 4594 τῆς
2897 4531 3121 4605 κεφαλῆς
3179 4540 3274 4595 τῆς
3330 4531 3662 4601 Ἐκκλησίας,
3713 4534 3836 4594 ἣτις

2225 4621 2365 4675 ἐστίν
2426 4624 2451 4674 6
2521 4625 2772 4698 Χριστὸς,
2842 4624 3070 4698 θρασέως
3129 4621 3538 4695 κῆθαλλομένης,
3605 4626 3695 4674 καὶ
3753 4627 3830 4694 μὴ

2223 4711 2535 4786 φοϐουμένης
2596 4714 2662 4765 τά
2707 4715 2892 4786 κέντρα
2949 4711 2984 4763 ἆ
3033 4715 3124 4764 καί
3181 4719 3254 4784 τῷ
3318 4711 3494 4784 Σαύλῳ
3553 4711 3837 4770 ἐπηπειλὴ-

2226 4806 2354 4855 σατό
2380 4821 2503 4856 ποτε
2525 4803 2548 4854 6
2578 4805 2830 4878 Χριστὸς,
2864 4801 3088 4877 Σκληρόν
3116 4821 3220 4873 σοι,
3244 4803 3465 4875 φάμενος
3486 4805 3613 4874 πρὸς
3644 4800 3827 4869 αὐτὸν,

2220 4895 2352 4968 πρὸς
2380 4898 2566 4968 κέντρα
2585 4892 2869 4953 λακτιζειν.

2292 5001 2348 5055 ε’.
2400 4995 2633 5075 Οἴδαμεν
2697 5002 2799 5074 γὰρ
2867 4998 3088 5064 ἅπαντες
3145 5000 3259 5052 ὅσοι
3325 5001 3384 5052 τὸ
3450 5000 3834 5074 Χριστιανικόν

2220 5091 2615 5166 βεϐαπτίσμεθα
2691 5091 2998 5164 βάπτισμα,

2216 5183 2599 5255 καθηγητὴς,ὀ
2655 5185 2918 5256 Χριστός’
2971 5184 3060 5232 καί
3106 5179 3259 5242 αὐτός
3304 5178 3417 5232 ἐστι
3478 5178 3670 5252 κεφαλὴ
3727 5187 3836 5232 τῶν

524 5001 574 5058 5.
609 4999 896 5058 Novimus
943 4997 1104 5058 enim
1133 4996 1330 5056 cuncti
1361 4996 1466 5073 qui
1523 4995 1856 5057 Christiano
1883 4999 2112 5058 intincti

451 5089 677 5148 fuimus
697 5089 1022 5164 baptismo,
1045 5088 1213 5162 quod
1231 5104 1385 5144 unus
1407 5087 1799 5159 estmagister
1816 5093 1872 5146 et
1899 5090 2112 5148 ductor

450 5186 674 5248 noster,
708 5181 996 5251 Christus,
1029 5179 1278 5253 ipseque
1311 5183 1398 5235 est
1437 5179 1712 5236 omnium
1762 5197 1869 5254 per
1898 5182 2109 5240 orbem

450 5271 922 5328 Christianorum
955 5274 1174 5343 caput;
1207 5268 1469 5324 universi
1521 5273 1723 5326 autem
1778 5271 2107 5342 pontiﬁcali

447 5359 727 5418 honorati
756 5359 1061 5431 dignitate,
1088 5357 1298 5416 fratres
1329 5375 1540 5415 sumus
1572 5362 1628 5415 et
1671 5361 1948 5418 membra
1977 5378 2106 5420 cor-

3077 5093 3148 5151 ὡς
3226 5086 3298 5152 εἷς
3365 5089 3506 5142 ἐστιν
3579 5091 3726 5162 ἡμῶν
3809 5091 3837 5142 ὁ

2218 5273 2527 5346 ἁπανταχοῦ
2573 5277 2666 5334 τᾶς
2718 5271 3020 5345 οἰκουμένης
3093 5278 3422 5346 Χριστιανῶν
3457 5291 3468 5303 ο
3533 5271 3718 5331 πάντες
3768 5265 3832 5322 δὲ

2216 5367 2266 5417 οἵ
2320 5373 2392 5437 τῷ
2459 5362 2816 5438 ἀρχιερατικῷ
2873 5365 3204 5434 τετιμημένοι
3285 5359 3544 5434 ἀξιώματι
3611 5356 3834 5432 ἀδελφοί

519 5535 564 5574 ³³
595 5535 846 5611 Philipp.
881 5554 956 5596 IV.
989 5540 1043 5596 4.
1125 5538 1170 5575 ¹⁴
1207 5539 1332 5595 Jac.
1370 5554 1408 5610 ι,
1441 5541 1494 5595 2.
1575 5539 1620 5575 ³⁵
1654 5538 1701 5594 ΙΙ
1737 5542 1865 5599 Cor.
1899 5557 2004 5611 xu,
2040 5544 2094 5611 9,

2298 5544 2344 5581 ¹⁶
2375 5543 2516 5600 Luc.
2549 5557 2651 5611 vn,
2677 5547 2728 5600 5.
2811 5540 2853 5580 17
2885 5543 3024 5610 Luc,
3057 5555 3117 5608 v,
3155 5545 3210 5598 5.
3299 5539 3344 5578 ¹³
3370 5537 3538 5596 Psal.
3568 5553 3724 5607 xm,
3755 5541 3818 5596 2.

454 5610 498 5648 ¹⁹
524 5612 649 5668 Act.
684 5610 762 5683 1x,
789 5610 841 5669 5.

1125 5538 1170 5575 “
1207 5539 1332 5595 Jac.
1370 5554 1408 5610 ι,
1441 5541 1494 5595 2.
1575 5539 1620 5575 1⁵
1654 5538 1701 5594 ΙΙ
1737 5542 1865 5599 Cor.
1899 5557 2004 5615 xu,
2040 5544 2094 5616 9,

2298 5544 2344 5581 ¹⁶
2375 5543 2516 5600 Luc.
2549 5557 2651 5614 vn,
2677 5547 2728 5600 5.
2811 5540 2853 5580 17
2885 5543 3024 5610 Luc,
3057 5555 3117 5608 v,
3155 5545 3210 5598 5.
