4132 6390
197 109 202 114 .
297 91 418 114 τἐ--;··ε--·
467 87 496 114 -ἱ
523 89 528 92 “
560 82 565 87 ”

75 129 88 140 ..
115 113 206 140 -.:-'--
418 122 441 135 ι-
483 123 492 132 -
532 118 565 143 τι

89 135 130 154 ην...
149 133 242 162 ιιι-ν
279 141 303 165 ..-
338 142 347 149 ι
379 138 559 169 ars-33;:

57 161 112 182 ’.4
158 152 531 205 με,ιιζ,ξε’έχῗ“ς“⁷

45 205 137 240 .ῖ..,.
190 208 479 243 ⁴ηίηιιιη.””
542 224 545 225 ⁷

63 241 143 254 at”
198 246 227 257 ν..
350 246 355 253 ι

41 259 46 268 .
94 260 141 273 ν...
190 278 197 283 η
374 266 383 267 ,

15 272 183 315 ii"
216 304 227 309 ’
276 282 427 343 ³61⁸1⁷
510 316 513 319 η

35 313 97 324 ..Α

45 325 50 332 ⁵
114 340 119 347 ι
264 334 309 349 διν
484 344 485 347 η

17 349 44 370 Γ
282 360 285 363 .
350 360 357 361 κ

19 373 83 419 Ὗ
268 384 293 393 ,η
334 394 349 403 ν

40 414 77 439 ’ν
162 428 165 429 ν
258 404 455 459 vitam
495 424 565 459 κα

14 6084 39 6119 ᾶέ

80 6192 85 6193 7
138 6194 167 6219 ‘a
214 6214 223 6223 ,η

13 6120 43 6372 ι
102 6226 187 6273 ηιξ
214 6232 229 6257 ς’

292 496 387 570 μὲν
456 495 640 558 ἀληθὲς
721 500 885 560 οὕτως
960 500 1092 573 ἔχει·
1171 503 1261 554 καὶ
1330 506 1587 578 μαρτυρεῖ
1661 496 1815 558 αὐτὸς
1874 495 1901 547 ὃ

254 588 532 660 ’Χριστός
565 587 596 645 ἠ
653 584 1018 657 αύτοαλήθεια,
1074 593 1165 642 καὶ
1195 588 1245 644 οἱ
1296 590 1555 643 αὐτόπται
1595 589 1783 641 τούτου
1811 589 1901 637 καὶ

270 673 572 750 μῦπηρέται·
623 676 650 729 ὁ
704 672 764 730 δέ
809 695 869 750 γε
915 676 1168 742 Ἰταλικὸς
1209 686 1369 754 signa;
1413 686 1565 733 τοῦτο
1602 677 1661 730 οὐ
1712 673 1900 750 βούλε-

288 783 400 831 ται,
455 761 574 818 οὐδ’
631 764 876 839 ἀνέχεται
922 771 1010 820 τόν
1064 773 1298 843 Χριστὸν
1349 768 1572 842 κεφαλὴν
1629 770 1718 820 καὶ
1771 762 1900 818 εἶναι

289 856 383 905 καὶ
470 851 843 926 ὀνομάζεσθαιο
934 853 1041 908 ἀλλ’
1099 855 1355 909 ἐκϐάλλων
1435 862 1615 910 τοῦτον
1701 856 1898 915 ταύτης

288 949 387 1005 τῆς
435 941 650 1010 τάξεως,
703 951 776 1014 τῷ
846 943 1086 1021 ἀρχιερεῖ
1130 954 1226 1008 τῆς
1280 945 1635 1021 πρεσϐυτέρας
1701 943 1899 1017 Ῥώμης

292 1034 489 1090 ταύτην
549 1033 857 1106 χαρίζεταυ
926 1040 1016 1089 καὶ
1079 1034 1424 1109 ἀναχωνεύειν
1491 1035 1750 1109 ἐπιχειρεί
1832 1037 1900 1088 τὰ

296 1117 620 1184 πενταδικῶς
698 1121 1055 1199 ἀριθμούμενα
1127 1134 1507 1203 πατριαρχεῑα,
1567 1130 1656 1178 καὶ
1734 1124 1784 1178 ἓν
1842 1123 1896 1177 ἐκ

293 1214 487 1264 τούτων
534 1210 819 1284 ἀποτελεῖν,
864 1220 955 1268 καὶ
995 1217 1194 1270 τιθέναι
1239 1220 1326 1270 τόν
1380 1218 1555 1290 θρόνον
1608 1215 1766 1269 αὐτοῦ
1812 1212 1897 1268 ἐπὶ

242 1308 391 1359 ..τῶν
438 1301 654 1375 τεφιλών
701 1301 1088 1380 ἀποθραοίϐεται
1137 1306 1156 1378 [
1288 1305 1768 1380 ἁποθρασύνεται],
1801 1309 1891 1358 καὶ

284 1397 362 1462 τῷ
408 1390 640 1464 ’Υψίστῳ
695 1391 998 1467 ἀφομοιοῦν.
1048 1395 1276 1468 Νεφελας
1328 1393 1379 1449 δ’
1435 1394 1535 1469 ἐγώ
1583 1415 1717 1469 φημι
1772 1397 1891 1458 τοὺς

283 1479 644 1555 ὑπερέχοντας
713 1481 1115 1560 ἀρχιερατικοὺς
1188 1487 1398 1562 θρόνους
1470 1490 1560 1539 καὶ
1633 1484 1888 1556 ὑψηλούς,

280 1574 378 1623 καὶ
438 1568 888 1644 ἀποτέταγμένους
933 1574 1007 1636 εἰς
1086 1582 1465 1650 πατριαρχιῖα·
1527 1573 1581 1639 ἐξ
1636 1572 1703 1627 ὧν
1768 1575 1889 1647 ὑψί-

282 1657 433 1720 ζεται
484 1663 543 1713 τό
595 1666 851 1735 περίγειον
901 1662 1061 1735 ἁπαν,
1112 1662 1324 1738 βροχήν
1377 1664 1611 1717 ἑκούσιον
1659 1668 1750 1718 καὶ
1780 1684 1886 1738 μν-

882 242 905 247 θ
1038 226 1073 313 ί
1535 277 1860 349 Epls'rou

1973 327 1975 332 .
2010 280 2109 336 AD
2145 282 2438 347 CYPRIOS
3568 310 3676 369 618

495 407 587 460 καὶ
629 404 761 481 μιλη
806 412 899 462 τοῦ
943 411 1187 483 σώματος
1230 416 1324 464 τοῦ
1375 416 1634 485 Χριστοῦ.
1841 424 1860 457 τ

1973 453 1978 460 .
2016 407 2181 499 poris
2208 411 2445 471 Christi.
2471 416 2556 473 Ac
2576 416 2795 475 veritas
2849 419 3098 493 quidem
3126 424 3211 481 ita
3247 423 3465 499 habet;
3498 432 3676 494 testa-

2015 498 2230 571 turque
2249 502 2383 575 ipse
2409 504 2700 579 Christus,
2731 510 2837 583 qui
2861 515 2950 568 est
2975 510 3111 585 ipsa
3147 516 3390 592 veritas,
3436 498 3674 581 necnon

2012 587 2115 659 qui
2138 604 2278 649 eum
2307 593 2425 668 ipsi
2447 595 2746 672 viderunt,
2775 604 2833 656 et
2858 599 3100 660 fuerunt
3127 606 3256 678 ejus
3294 587 3551 669 ministri
3598 614 3670 671 ὀ.

2012 677 2230 770 Yerum
2259 680 2448 741 fastus
2468 685 2706 745 Italicus
2735 688 2798 746 id
2821 705 2946 748 non
2973 692 3121 765 vult,
3162 677 3373 770 neque
3416 701 3673 760 sustinet

2011 765 2302 827 Christum
2326 780 2510 847 caput
2533 791 2663 834 esse
2684 782 2741 835 et
2760 780 2962 837 vocari
2987 799 3000 851 ;
3030 783 3138 840 sed
3164 765 3302 842 eum
3326 787 3403 844 ab
3425 789 3543 847 hoc
3571 807 3670 849 or-

2008 854 2151 914 dine
2178 860 2442 933 ejiciens,
2474 866 2725 925 senioris
2753 871 2956 927 Romae
2979 872 3248 945 pontiﬁci
3289 875 3461 934 illum
3490 879 3668 952 largi-

2010 947 2143 1017 tur;
2174 952 2304 1007 tum
2333 953 2842 1026 quinariinumeri
2864 961 3307 1032 patriarchatus
3335 947 3668 1027 reconﬂare

2009 1049 2080 1091 ac
2100 1052 2292 1096 unum
2314 1056 2386 1098 ex
2402 1042 2474 1099 iis
2495 1046 2790 1104 conﬁcere
2813 1052 3015 1120 tentat,
3040 1051 3341 1127 audetque
3378 1056 3667 1116 thronum

2006 1122 2164 1180 illius
2189 1143 2413 1200 ponere
2438 1149 2618 1206 super
2646 1135 2859 1208 nubes,
2895 1143 3076 1212 atque
3108 1122 3407 1202 Altis-Simo
3437 1146 3670 1205 assimi-

2004 1211 2131 1308 lare
2160 1217 2456 1308 “.ANubes
2485 1228 2687 1281 autem
2718 1241 2831 1299 ego
2857 1227 2993 1285 dico
3044 1231 3376 1291 eminentes
3424 1237 3666 1308 pontiﬁ-

2005 1303 2130 1361 cias
2157 1306 2351 1381 sedes,
2385 1310 2682 1386 altasque,
2713 1320 2769 1371 et
2798 1315 2859 1372 in
2885 1317 3254 1390 patriarchia
3283 1303 3618 1382 destinatas
3645 1342 3661 1393 ;

2002 1406 2110 1464 per
2128 1409 2284 1467 quas
2304 1399 2647 1460 exaltantur
2665 1409 2883 1464 cuncta
2903 1407 3224 1480 terrestria,
3254 1411 3661 1472 voluntarium

2000 1485 2450 1562 mysticumque
2475 1491 2799 1564 spiritualis
2851 1495 3138 1554 doctrinae
3187 1498 3446 1559 imbrem
3477 1504 3661 1562 susci-

1998 1571 2242 1664 pientia.
2261 1577 2304 1633 Ο
2318 1580 2562 1651 quantis
2586 1581 2874 1656 lacrymis
2887 1585 3017 1643 haec
3028 1586 3215 1659 digna
3234 1595 3393 1659 sunt,
3412 1593 3658 1664 quantis

2000 1662 2369 1729 gemitibus!
2414 1669 2582 1741 quod
2613 1672 2908 1745 superbiae
2959 1674 3222 1748 spiritus,
3278 1662 3654 1752 tenebrosus,

281 1753 473 1807 στικὴν
536 1757 630 1810 τῆς
688 1760 1047 1825 πνευματικῆς
1129 1748 1488 1815 διδασκαλίας
1566 1750 1850 1827 δεχόμενον

1997 1750 2224 1824 quique
2255 1756 2660 1815 maximorum
2711 1761 3064 1821 delictorum
3095 1771 3305 1824 auctor
3356 1774 3463 1839 est,
3517 1787 3655 1829 ma-

276 1836 350 1890 Ὣ
394 1843 569 1893 πόσων
615 1849 784 1894 ταῦτα
826 1838 1068 1916 δακρύων
1125 1843 1269 1911 ἄξια,
1316 1848 1493 1897 πόσων
1526 1852 1825 1917 στεναγμῶν
1869 1842 1882 1897 ι

275 1928 359 1981 ὅτι
418 1932 478 1981 τὸ
531 1937 622 1991 τῆς
673 1931 1027 2005 ὑπερηφανίας
1090 1940 1293 2005 πνεῦμα
1343 1937 1402 1985 τό
1469 1937 1729 1986 σκοτεινόν
1795 1939 1885 1988 καὶ

271 2022 541 2090 μεγίστων
594 2022 883 2092 πτωμάτων
931 2025 1209 2095 παραίτιον
1273 2030 1366 2075 τοῦ
1414 2022 1641 2095 μεγάλου
1698 2026 1881 2078 τούτου

272 2111 459 2180 γένους
485 2113 576 2161 καὶ
604 2108 1014 2184 πολυανθρώπου
1040 2114 1345 2187 κικρσίτηκε.

353 2195 408 2259 ς’.
476 2203 663 2274 Πρώτη
732 2203 823 2272 μὲν
906 2197 995 2253 οὖν
1076 2206 1168 2253 καὶ
1229 2206 1451 2274 μεγίστη
1539 2204 1707 2278 τόλμα
1780 2213 1880 2257 τῶν

275 2282 478 2339 Ἰταλῶν
527 2289 558 2345 ἡ
617 2287 666 2341 ἓν
717 2297 789 2359 τῷ
837 2288 970 2362 ἁγίῳ
1031 2289 1274 2363 συμϐόλῳ
1348 2300 1443 2354 τῆς
1506 2298 1730 2356 πίστεως
1783 2294 1881 2348 ἀπ-

276 2381 600 2451 ηγορευμένη
677 2380 978 2451 προσθήκη’
1054 2380 1177 2453 ὅπερ
1246 2382 1328 2432 ἳνα
1391 2387 1593 2454 μήποτε
1655 2382 1877 2437 ἀποτολ-

275 2467 441 2538 μηθῇ,
498 2464 786 2540 ἀναθέματι
839 2470 1028 2541 αἰωνίῳ
1086 2470 1139 2520 αἱ
1177 2469 1532 2543 οἰκουμενικαὶ
1579 2477 1670 2525 καὶ
1726 2474 1876 2546 ἅγιαι

272 2551 488 2607 σύνοδοι
517 2559 642 2617 τούς
695 2555 1059 2629 τολμήσαντας
1113 2558 1489 2612 καθυπέϐαλον.
1526 2567 1629 2614 Καὶ
1684 2564 1709 2614 ὁ
1741 2562 1874 2635 βου-

268 2641 475 2715 λόμενος
527 2644 924 2716 ἀναγινωσκέτω
989 2650 1078 2699 τόν
1138 2655 1229 2709 τῆς
1294 2649 1652 2723 οἰκούμενικῆς
1716 2654 1872 2716 ἕκτης

267 2730 492 2786 συνόδου
543 2743 749 2809 πρῶτον
801 2739 1008 2802 κανόνα,
1069 2736 1202 2788 οὕτω
1231 2738 1399 2813 ῥητῶς
1447 2744 1567 2813 περὶ
1610 2744 1669 2793 τό
1726 2742 1868 2805 τέλος

257 2819 493 2893 λέγοντα.
547 2823 607 2875 Εἰ
664 2819 724 2876 δέ
775 2843 856 2886 τις
908 2833 1007 2876 τῶν
1060 2824 1296 2878 ἁπάντων
1353 2832 1424 2900 μὴ
1481 2832 1547 2880 τὰ
1610 2850 1862 2905 προειρη-

259 2912 394 2980 μένα
459 2918 557 2971 τῆς
626 2911 885 2974 εὐσεϐείας
963 2911 1207 2986 δόγματα
1272 2935 1447 2988 κρατει
1512 2923 1601 2971 καὶ
1690 2919 1863 2974 ἀσπα-

264 2997 436 3063 ζεται,
491 3003 579 3051 καὶ
641 3000 768 3053 οὓτω
822 3000 1036 3066 δοξάζει
1091 3024 1147 3058 τε
1193 3010 1283 3058 καὶ
1336 3010 1596 3081 κηρύττει,
1646 3008 1758 3063 ἀλλ’
1804 3010 1859 3076 ἐξ

1996 1855 2186 1909 gnum
2215 1844 2331 1902 hoc
2374 1846 2729 1907 hominibus
2768 1852 3217 1913 refertissimum
3263 1872 3452 1928 genus
3490 1860 3653 1917 devi-
3725 1868 3732 1875 '

1996 1930 2154 1988 cerit.

2064 2204 2114 2256 6.
2137 2203 2402 2260 Primum
2428 2207 2711 2279 equidem
2742 2211 3200 2286 maximumque
3244 2215 3526 2274 Italorum
3557 2214 3647 2276 fa‘

1990 2286 2160 2345 ciuus
2183 2296 2270 2348 est
2306 2295 2622 2354 interdicta
2646 2298 2749 2355 illa
2767 2300 2846 2355 ad
2877 2300 3018 2357 ﬁdei
3066 2303 3423 2375 Symbolum
3478 2308 3647 2365 addia

1987 2376 2103 2449 tio;
2135 2382 2301 2452 quod
2358 2400 2435 2440 ne
2492 2385 2824 2459 aliquando
2880 2393 3223 2463 tentaretur,
3275 2395 3647 2454 anathemati

1985 2474 2274 2540 perpetuo
2296 2487 2397 2528 eos
2418 2474 2523 2546 qui
2552 2476 2683 2532 ausi
2710 2484 2907 2534 essent
2957 2479 3340 2551 subjecerunt
3389 2501 3647 2542 oecume-

1983 2556 2131 2614 nicas
2155 2566 2497 2635 sanctasque
2523 2566 2760 2637 synodi.
2786 2569 2969 2638 Legat
3006 2570 3408 2641 quivoluerit,
3459 2590 3645 2644 gene-

1977 2645 2119 2701 ralis
2150 2655 2330 2706 sextre
2383 2653 2602 2723 synodi
2646 2670 2943 2710 canonem
2982 2657 3271 2728 primum,
3330 2660 3433 2732 qui
3463 2662 3545 2719 ita
3566 2662 3644 2720 ad

1977 2736 2230 2794 verbum
2257 2740 2416 2797 circa
2446 2741 2630 2798 ﬁnem
2652 2744 2870 2800 habet:
2897 2746 2958 2801 Si
2983 2749 3116 2817 quis
3143 2754 3342 2805 autem
3360 2766 3430 2806 ea:
3455 2761 3647 2809 omni-

1975 2824 2080 2909 bus
2098 2829 2399 2896 praedicta
2409 2833 2653 2900 pietatis
2677 2834 2917 2891 decreta
2931 2843 3221 2893 nontenet
3249 2845 3301 2893 et
3335 2842 3637 2909 amplecti—

1972 2906 1993 2956 ί
2000 2930 2092 2980 ur,
2123 2918 2323 2988 sicque
2343 2921 2633 2989 opinatur
2657 2930 2709 2978 et
2731 2924 3052 2992 prcedicat,
3077 2926 3178 2981 sed
3203 2929 3272 2982 iis
3297 2935 3508 2985 contra
3528 2931 3632 2986 ad-

1969 3008 2200 3062 versari
2206 3015 2385 3066 canat
2394 3026 2487 3078 ur,
2509 3013 2585 3067 sit
2600 3013 3284 3077 anathema,secundum
3289 3019 3422 3087 jam
3447 3034 3634 3090 expo—

260 3083 493 3148 έναντίας
570 3089 694 3142 ἱέναι
771 3094 965 3145 τούτων
1051 3091 1309 3168 ἐπιχειρεί
1373 3098 1508 3148 ἔστω
1599 3096 1850 3174 ἀνάθεμα,

1973 3095 2146 3152 situm
2173 3100 2346 3167 prius
2366 3100 2819 3159 declaratorum
2841 3111 3184 3162 sanctorum
3215 3113 3270 3163 et
3301 3107 3633 3176 beatorum,

251 3180 393 3230 κατὰ
456 3182 542 3231 τόν
604 3176 709 3239 ἢδη
783 3180 1050 3237 ἐκτεθέντα
1111 3185 1227 3258 όρον
1321 3188 1421 3239 ὑπὸ
1482 3196 1583 3240 τῶν
1648 3190 1850 3266 προδη-

247 3265 507 3319 λωθέντων
569 3268 728 3341 ἁγίων
811 3277 900 3324 καὶ
959 3279 1229 3348 μακαρίων
1284 3281 1545 3349 Πατέρων’
1605 3284 1695 3332 καὶ
1760 3290 1852 3336 τοῦ

245 3363 630 3430 Χριστιανικού
723 3360 1017 3433 καταλόγου
1105 3366 1174 3424 ὡς
1277 3364 1546 3441 ἀλλότριος
1648 3369 1849 3433 ἐξωθεί-

246 3446 362 3498 σθω
412 3452 502 3500 καὶ
569 3446 876 3503 ἐκπιπτέτωο
939 3451 1113 3524 Ἠμείς
1169 3456 1269 3528 γὰρ
1335 3458 1453 3508 οὔτε
1515 3462 1852 3532 προστιθέναι

241 3553 318 3601 τι,
406 3538 526 3589 οὔτε
611 3543 716 3610 μὴν
808 3541 1043 3615 ὑφαιρεῖν
1133 3546 1269 3595 κατὰ
1334 3547 1401 3596 τὰ
1471 3551 1853 3622 προορισθέντα

239 3623 507 3687 παντελῶς
596 3623 970 3701 διεγνώκαμεν,
1053 3633 1084 3688 ἣ
1171 3631 1289 3685 καθ’
1354 3634 1618 3687 ὁντιναοῦν
1694 3635 1851 3692 δεδυ-

239 3716 447 3785 νήμεθα
502 3715 676 3788 λόγον.
748 3723 849 3771 Καὶ
908 3727 1077 3772 ταῦτα
1121 3725 1213 3793 μεν
1268 3724 1294 3774 ό
1350 3720 1603 3789 δηλωθεὶς
1658 3734 1844 3781 κανών·

236 3789 364 3854 Ὀτι
414 3800 475 3857 δὲ
520 3809 658 3859 κατὰ
707 3814 882 3860 πᾶσαν
927 3809 1288 3884 οἰκουμενικὴν
1333 3811 1554 3867 σύνοδον
1601 3815 1849 3872 συνευδο-

232 3900 343 3943 κῶν
379 3889 441 3950 ἦν
487 3899 578 3946 καὶ
612 3896 638 3947 ό
677 3898 814 3950 κατὰ
855 3902 950 3956 τὴν
998 3900 1194 3974 ἡμέραν
1241 3904 1455 3964 παπ-πτας
1498 3901 1592 3958 διὰ
1624 3926 1846 3968 τοποτη·

230 3989 414 4054 ρητῶν
459 3991 568 4047 τοῖς
617 3991 996 4061 κεκυρωμένοις
1049 3985 1286 4062 δόγμασί
1340 4012 1395 4045 τε
1450 3999 1539 4046 καὶ
1607 4016 1837 4070 κανόσιν,

234 4065 417 4131 οὐδεὶς
444 4080 542 4124 τῶν
564 4079 824 4149 τροφίμων
851 4075 1006 4148 λόγου
1046 4078 1293 4150 ἠγνόησε.

308 4158 367 4221 ς’.
396 4164 459 4213 Τί
499 4170 588 4214 νῦν
641 4167 699 4216 τό
762 4162 984 4219 ἐνταῦθα
1039 4174 1386 4251 συναγόμενρν
1436 4189 1449 4241 ;
1515 4173 1729 4253 Ὀτιπερ
1789 4180 1838 4230 οἱ

221 4255 321 4301 νῦν
372 4257 467 4311 τῆς
516 4252 870 4329 πρεσϐυτέρας
931 4254 1128 4329 Ῥώμης
1183 4256 1471 4337 ἀρχιειρεῖς
1536 4261 1661 4318 οὐδὲ
1719 4272 1835 4331 τοὺς

225 4335 317 4390 ἐπὶ
386 4347 489 4392 τῶν
545 4342 910 4416 οὶκουμενικῶν
974 4351 1066 4398 καὶ
1145 4347 1307 4420 ἁγίων
1391 4351 1523 4406 ἐπτὰ
1597 4353 1831 4410 συνόδων

1962 3185 2214 3242 Patrum
2256 3189 2555 3246 decretum
2583 3206 2607 3261 ,·
2657 3197 2713 3248 et
2766 3209 2803 3249 (ι
2844 3194 3193 3252 Christiano
3234 3200 3532 3269 catalogo,
3562 3208 3629 3254 ut

1963 3275 2198 3333 alienus
2232 3281 2603 3337 extrudatur
2623 3288 2675 3339 et
2694 3283 2946 3339 excidat.
2973 3286 3095 3340 Nos
3116 3288 3274 3343 enim
3299 3304 3489 3360 neque
3515 3291 3626 3345 ati-

1964 3365 2111 3436 quid
2135 3367 2415 3440 adjicere,
2449 3386 2638 3443 neque
2662 3373 2989 3445 quidquam
3024 3375 3306 3446 adimere,
3332 3380 3523 3447 juxta
3554 3394 3625 3435 ea

1962 3470 2096 3524 quce
2111 3458 2283 3524 prius
2312 3459 2559 3527 deﬁnita
2586 3461 2863 3531 fuerunt,
2896 3464 3092 3519 omnia
3152 3468 3494 3535 statuimus,
3526 3469 3624 3525 vel

1959 3545 2088 3601 ullo
2120 3549 2291 3606 modo
2312 3552 2636 3618 potuimus.
2675 3553 2743 3608 Et
2769 3552 2900 3608 haec
2953 3552 3199 3625 quidem
3248 3563 3622 3613 memoratus

1959 3648 2179 3693 canon.
2211 3639 2381 3703 Quod
2406 3644 2608 3696 autem
2633 3640 2693 3696 in
2723 3642 2892 3697 omni
2941 3643 3313 3700 oecumenica
3354 3646 3617 3717 synodo,

1959 3725 2293 3781 constitutis
2344 3727 2732 3798 dogmatibus
2777 3735 2832 3785 et
2882 3730 3220 3787 canonibus
3249 3748 3617 3791 consensum

1955 3827 2063 3884 per
2090 3814 2346 3872 vicarios
2371 3816 2694 3888 praebuerit
2711 3834 2875 3890 papa
2893 3818 3049 3876 illius
3079 3821 3384 3894 temporis,
3408 3821 3613 3879 nullus

1954 3902 2307 3961 eruditionis
2334 3905 2618 3962 alumnus
2641 3906 2899 3977 ignorat.

2019 4178 2072 4228 7.
2113 4174 2247 4231 lam
2301 4174 2450 4247 quid
2513 4175 2654 4232 inde
2699 4174 2975 4247 colligere
3029 4178 3159 4233 est?
3190 4177 3364 4244 Quod
3424 4178 3605 4251 hujus

1946 4263 2233 4334 temporis
2256 4263 2468 4320 veteris
2497 4266 2700 4321 Romae
2726 4264 3040 4338 pontiﬁces
3059 4280 3452 4340 nequaquam
3481 4286 3608 4324 sus-

1945 4348 2175 4423 cipiunt
2196 4355 2254 4408 et
2275 4351 2723 4425 amplectuntur
2770 4369 2873 4409 eos
2910 4353 3124 4410 veteris
3179 4357 3382 4411 Romae
3413 4358 3605 4428 ponti-

222 4426 498 4502 ἀρχιερεῖς
567 4439 661 4494 τῆς
734 4433 1108 4511 πρεσϐυτέρας.
1188 4437 1388 4512 Ῥώμης
1471 4441 1860 4517 ἀποδέχονται,

1973 4442 2104 4512 tces,
2133 4442 2239 4513 qui
2264 4442 2636 4514 temporibus
2660 4442 2939 4526 vixerunt
2968 4448 3199 4516 septem
3229 4445 3602 4516 generalium

217 4522 319 4570 καὶ
386 4517 736 4582 ἀσπάζονταιο
816 4522 922 4577 ἀλλ’
1004 4529 1072 4589 ὡς
1152 4529 1292 4600 ἡμᾶς
1350 4534 1471 4593 τούς
1554 4540 1825 4608 Γραικούς,

216 4606 501 4672 κάκείνους
550 4610 959 4686 ἀποστρέφονται
1010 4620 1101 4669 καὶ
1151 4617 1497 4688 έξουθενοῦσι,
1547 4629 1618 4696 μὴ
1672 4622 1827 4699 δεχό-

211 4716 371 4773 μενοι
436 4701 503 4752 τὰ
563 4702 687 4775 παρ’
765 4702 966 4756 ἐκείνοιν
1040 4704 1331 4771 συνοδικῶς
1394 4709 1678 4771 λαληθέντα
1736 4722 1826 4770 καὶ

206 4789 542 4861 κυρωθέντα.
600 4790 688 4851 Ὠς
740 4787 869 4845 εἶναι
930 4797 1050 4857 τούς
1119 4803 1208 4848 νῦν
1269 4797 1673 4869 Ἰταλοὺςμέας
1729 4809 1823 4858 πί-

208 4895 388 4938 στεως
453 4874 834 4952 δογματιστόις,
903 4887 994 4936 καὶ
1058 4882 1239 4958 ἐτέρων
1341 4893 1590 4961 κανόνων,
1628 4890 1824 4966 ἐφευρεο

198 4967 325 5026 τὰς.
380 4971 704 5024 Ζητείτωσαν
757 4967 845 5022 οὖν
898 4978 990 5026 καὶ
1046 4975 1275 5048 Χριστόν
1321 4976 1487 5053 ἕτερον
1547 4986 1637 5033 καὶ
1698 4980 1822 5037 ἁπο-

197 5053 429 5116 στόλους
476 5055 704 5130 ἐτέρους.
771 5064 870 5113 Καὶ
922 5064 1023 5135 γὰρ
1077 5065 1126 5116 οἱ
1169 5062 1254 5117 ἐπὶ
1284 5074 1382 5119 τῶν
1415 5065 1650 5122 συνόδων
1711 5073 1817 5125 θεο-

193 5149 359 5219 φόροι
415 5151 505 5198 καὶ
573 5149 875 5224 θεοκὴρυκες
952 5157 1171 5228 Πατέρες
1252 5155 1310 5207 ού
1402 5163 1815 5215 πεπιστεύκασιν

194 5234 279 5297 εἰς
351 5240 563 5308 Πνεῦμα
613 5236 763 5309 ἅγιον
819 5237 876 5290 ἐκ
928 5236 1026 5293 δύο
1103 5250 1394 5314 προσώπων
1446 5253 1540 5307 τὴν
1593 5250 1814 5325 ὕπαρξιν

196 5327 353 5397 ἔχον·
390 5321 520 5376 ἀλλὰ
572 5330 957 5382 πεπιστεύκασι
1012 5339 1085 5403 τῷ
1130 5340 1366 5406 Χριστῷ,
1408 5340 1473 5398 ὡς
1505 5343 1596 5392 καὶ
1633 5338 1682 5391 ἐν
1709 5348 1813 5403 τοῖς

198 5413 384 5476 ἄλλοις
446 5413 636 5487 ἅπασι,
708 5421 798 5471 καὶ
876 5417 925 5471 ἐν
983 5428 1093 5483 τοῖς
1152 5428 1270 5498 περὶ
1336 5432 1427 5479 τοῦ
1492 5431 1809 5504 Πνεύματος.

284 5593 336 5630 ³ο
366 5592 509 5650 Luc.
532 5608 572 5661 ι,
603 5596 660 5651 2.
692 5594 738 5631 ’ί
774 5597 882 5652 lsa.
912 5604 1032 5671 xiv,
1066 5603 1150 5671 i3,
1181 5601 1269 5660 14».

433 5681 689 5743 ΡΑτιιοι..
723 5685 824 5744 Gs.
849 5687 999 5747 CXL.

1943 4536 2412 4604 sanctorumque
2429 4531 2822 4588 conciliorum
2850 4551 2861 4601 ;
2888 4532 2995 4588 sed
3012 4532 3186 4590 sicuti
3205 4550 3317 4589 nos
3339 4537 3599 4605 Graecos,

1936 4620 2021 4677 ita
2049 4625 2107 4677 et
2130 4620 2261 4678 illos
2292 4624 2647 4678 aversantur
2676 4627 2735 4678 et
2763 4621 2934 4678 nihili
2986 4624 3280 4694 pendunt,
3338 4624 3484 4680 dum
3526 4642 3599 4683 ea

1934 4724 2059 4765 non
2090 4709 2384 4783 recipiunt
2425 4726 2563 4782 quae
2597 4711 2675 4767 ab
2731 4710 2847 4766 illis
2885 4711 3173 4783 synodice
3206 4715 3597 4784 pronuntiata

1935 4804 2077 4856 sunt
2095 4803 2274 4873 atque
2291 4798 2664 4857 conﬁrmata.
2684 4800 2849 4856 Adeo
2866 4805 2932 4855 ut
2951 4817 3114 4857 nunc
3137 4801 3263 4857 Itali
3288 4803 3407 4859 sint
3422 4819 3592 4861 novae

1930 4888 2072 4945 ﬁdei
2108 4890 2370 4961 novique
2401 4888 2703 4958 dogmatis
2732 4888 3196 4959 introductores,
3229 4895 3291 4945 et
3333 4891 3589 4950 aliorum

1927 4978 2266 5034 inventores
2292 4992 2617 5034 canonum.
2668 4979 2948 5043 Quaerant
2992 4977 3171 5048 igitur
3224 4983 3354 5035 tum
3398 4980 3582 5036 alium

1927 5068 2243 5125 Christum.
2266 5071 2395 5124 tum
2424 5066 2573 5123 alios
2597 5065 2927 5139 apostolos.
2953 5064 3181 5121 Etenim
3204 5067 3583 5138 synodorum

1922 5157 2002 5214 illi
2031 5158 2235 5215 Patres
2264 5156 2518 5213 Numine
2539 5154 2748 5219 afﬂati,
2783 5171 2853 5209 ac
2886 5154 2986 5210 Dei
3024 5169 3356 5226 praecones,
3388 5156 3581 5215 nulla~

1924 5253 2097 5306 tenus
2144 5249 2207 5304 in
2246 5247 2530 5320 Spiritum
2578 5249 2857 5301 sanctum
2912 5244 3313 5313 crediderunt,
3347 5244 3449 5319 qui
3508 5263 3583 5305 ex

1920 5338 2162 5395 duabus
2187 5335 2464 5409 personis
2520 5333 2928 5391 exsistentiam
2972 5333 3211 5404 habeat,
3262 5334 3368 5391 sed
3394 5336 3580 5395 ﬁdem

1923 5427 2329 5501 adjunxerunt
2376 5425 2628 5495 Christo,
2672 5428 2738 5480 ut
2785 5423 2849 5480 in
2880 5423 3106 5480 caeteris
3163 5425 3470 5497 omnibus,
3495 5428 3581 5487 sic

2978 5696 3049 5749 20
