4132 6404
529 284 632 345 619

1693 274 2011 337 GERMANI
2048 274 2096 330 II
2133 273 2237 330 ΟΡ.
2277 275 2735 344 ΡΑΤΒΙΛΒΟΗᾸΞ

3800 289 3909 348 020

528 414 711 470 etiam
732 411 796 468 in
822 406 1021 465 verbis
1052 402 1129 463 de
1157 405 1395 479 Spiritu,
1449 405 1698 480 quando
1727 403 1932 462 docuit
1979 415 2119 457 eum
2150 417 2156 453 ε

2302 403 2492 476 λόγοις,
2541 416 2685 487 παρὰ
2738 421 2832 469 τον
2880 429 3082 487 ιιατρος
3128 413 3502 488 εκπορεύεσθαι
3549 416 3700 467 τοῦτό
3751 410 3912 468 διδοί-

525 505 695 558 Patre
720 496 1046 572 procedere
1076 497 1147 551 ”.

595 591 652 645 8.
685 591 753 645 Et
777 587 910 644 haec
940 585 1188 660 quidem
1208 588 1419 641 vestras
1437 583 1715 641 charitati
1732 577 2183 654 compendiario

526 677 853 743 declaravi,
906 681 973 731 ut
1022 672 1425 745 intelligeretis
1466 678 1763 747 quantum
1824 669 2053 726 malum
2111 667 2186 723 sit

529 768 748 840 subjici
778 765 1163 840 spiritualiter
1205 769 1388 837 atque
1440 779 1651 837 parere
1697 760 1947 817 senioris
1981 762 2183 814 Romae

529 856 893 932 specialibus
919 854 1238 911 institutis:
1272 853 1545 910 abstineo
1575 852 1734 909 enim
1768 851 1846 906 ab
1877 848 2182 920 asperiore

526 946 807 1003 dictione.
847 944 1139 1011 Quocirca
1187 940 1471 997 omnibus
1520 939 1656 997 laici
1701 938 1977 1010 injungo,
2007 935 2179 991 vobis

525 1036 631 1110 qui
656 1033 965 1092 catholicas
1018 1030 1292 1087 Ecclesiae
1346 1028 1590 1101 genuini
1642 1029 1781 1084 estis
1834 1026 2028 1091 liberi,
2060 1029 2182 1079 toto

522 1124 678 1198 pede
707 1124 911 1193 fugere
969 1120 1048 1176 ab
1096 1120 1167 1175 iis
1219 1117 1633 1175 sacerdotibus
1659 1117 1767 1190 qui
1834 1114 2181 1170 Latinorum

523 1213 873 1271 obedientiae
929 1227 1060 1267 sese
1104 1208 1553 1265 submiserunt:
1580 1222 1733 1263 neve
1776 1206 1837 1261 in
1867 1203 2180 1260 ecclesiam

521 1321 661 1362 cum
691 1302 803 1359 illis
833 1299 1165 1369 convenite,
1190 1314 1301 1354 nec
1335 1297 1521 1354 ullam
1552 1313 1584 1353 e
1633 1295 1918 1353 manibus
1970 1307 2179 1348 eorum

520 1392 801 1466 suscipite
829 1389 1334 1446 benedictionem.
1392 1389 1636 1443 Praestat
1685 1385 1865 1453 enim,
1899 1383 1961 1439 in
1990 1381 2180 1437 domi-

514 1483 632 1540 bus
658 1481 864 1537 vestris
892 1480 1083 1535 Deum
1132 1477 1392 1533 solitarie
1448 1475 1698 1549 precari,
1760 1488 1948 1547 quam
2004 1471 2065 1525 in
2087 1485 2179 1525 ec-

515 1573 695 1629 clesia
724 1569 1003 1629 collectas
1033 1585 1173 1625 cum
1204 1567 1559 1640 subjectitiis
1610 1567 1821 1623 Latina
1877 1560 2177 1618 sentienti-

509 1662 628 1719 bus
666 1660 885 1718 facere.
921 1660 978 1717 Si
1020 1659 1159 1731 quis
1199 1663 1404 1714 autem
1452 1656 1751 1712 dictorum
1794 1650 2175 1709 sacerdotum

2300 495 2464 559 ξαντι.

2368 586 2433 645 η’.
2496 597 2676 645 Ταῦτα
2753 598 2844 667 μὲν
2912 600 3236 653 συνοπτικῶς
3299 600 3363 664 τῇ
3434 594 3659 667 ὑμετέρᾳ

2293 672 2558 747 ἐδήλωσά,
2594 681 2677 733 ἳνα
2720 691 2885 755 γνῶτε
2939 687 3103 735 πόσον
3152 679 3269 733 ἐστὶ
3321 684 3480 733 κακόν
3528 685 3586 733 τὸ
3620 702 3907 755 πνευματι-

2291 777 2395 830 κῶς
2436 771 2823 827 ὑποτάττεσθαι
2866 779 2957 827 καὶ
3012 775 3321 849 πειθαρχεῖν
3370 781 3482 834 ταῖς
3530 783 3622 835 τῆς
3676 774 3909 849 πρεσϐυ-

2290 864 2442 934 τέρας
2497 860 2694 935 Ῥώμης
2747 862 3158 939 ἶδιορῥνθμίαις,
3229 860 3475 936 φείδομαι
3531 867 3631 938 γὰρ
3687 869 3902 939 τραχύ-

2290 954 2433 1023 τερόν
2475 971 2527 1002 τι
2574 953 2751 1008 εἰπεῖν.
2806 953 2961 1007 Ὀθει
3014 957 3104 1004 καὶ
3152 951 3548 1025 ἐπισκήπτομαι
3601 960 3736 1007 πᾶσι
3788 963 3900 1018 τοῖς

2289 1035 2504 1104 λαῐκοῖς,
2558 1042 2674 1093 ὅσοι
2720 1050 2811 1104 τῆς
2862 1042 3145 1102 κατολικῆς
3205 1041 3521 1101 Ἐκκλησίας
3579 1041 3693 1095 ἐστὶ
3742 1048 3902 1097 τέκνα

2288 1132 2506 1198 γνησία,
2558 1134 2759 1203 φεύγειν
2828 1132 2926 1204 ὅλῳ
2989 1127 3119 1183 πόδὶ
3185 1129 3286 1182 ἀπὸ
3354 1139 3455 1182 τῶν
3530 1133 3901 1185 ὑποπεσόντων

2293 1217 2459 1290 ἱερέων
2488 1226 2551 1291 τῇ
2610 1226 2863 1293 Λατινικῇ
2896 1222 3133 1291 ὑποταγῇ
3168 1218 3267 1292 (6)·
3301 1224 3391 1271 καὶ
3421 1216 3560 1291 μηδι
3599 1221 3665 1281 εἰς
3704 1220 3898 1279 ἐκκλη-

2291 1309 2409 1356 σίαν
2441 1311 2639 1368 τούτοις
2667 1311 2975 1381 συνάγεσθε,
3023 1305 3163 1379 μηδὶ
3207 1308 3437 1379 εὐλογίαν
3486 1308 3544 1361 ἐκ
3570 1318 3669 1361 τῶν
3699 1320 3917 1385 χειρῶν,

2288 1393 2457 1446 αὐτῶν
2487 1392 2714 1468 δέχεσθε
2741 1404 2836 1457 τὴν
2890 1406 3185 1471 τυχοῦσαν·
3219 1404 3474 1470 Κρεῖσσον
3511 1401 3613 1471 γὰρ
3659 1397 3801 1452 ἐστιν
3847 1399 3899 1452 ἐν

2286 1490 2396 1543 τοῖς
2429 1485 2594 1548 οἰκοις
2630 1488 2772 1559 ’ὑμῶν
2805 1496 2878 1558 τῷ
2910 1496 3024 1557 Θεῷ
3070 1488 3469 1561 προσεύχεσθαι
3506 1492 3826 1560 καταμόνας,
3860 1490 3893 1549 ἣ

2286 1568 2364 1622 ἐπ’
2411 1571 2713 1643 ἐκκλησίας,
2768 1578 3086 1647 συνάγεσθαι
3145 1578 3278 1647 μετὰ
3330 1583 3431 1626 τῶν
3496 1581 3895 1651 Λατινοφρόνων

2283 1661 2625 1733 ὑποταγοίτων
2799 1666 2858 1718 Εἰ
2897 1662 2958 1717 δέ
2983 1684 3066 1726 τις
3094 1674 3194 1716 τῶν
3242 1664 3520 1737 εἰρημένων
3570 1667 3741 1738 ἱερέων
3781 1665 3891 1739 βίῳ

508 1752 633 1809 vita
658 1750 908 1825 quidem
936 1750 1211 1817 honesta,
1237 1748 1577 1815 decoratur,
1622 1747 2025 1817 pietatemque
2047 1755 2156 1796 am

2280 1752 2371 1822 μεν
2400 1761 2679 1824 κοσμεῖται
2710 1762 2878 1826 σεμνῷ
2905 1759 2996 1806 καὶ
3020 1752 3281 1813 εὐλαϐείας
3310 1752 3605 1825 ἀντέχεται,
3638 1762 3791 1806 τοῦτο
3823 1752 3889 1809 δὲ

513 1841 810 1914 plectitur,
852 1839 913 1896 in
940 1855 1011 1895 eo
1038 1854 1183 1893 vero
1212 1837 1507 1892 duntaxat
1529 1833 1841 1906 delinquit,
1874 1831 2040 1905 quod
2068 1836 2171 1887 aut

505 1945 615 2002 per
645 1929 763 1986 vim
812 1933 917 1983 aut
973 1943 1080 1999 per
1128 1926 1577 1997 surreptionem
1606 1921 1988 1979 succubuerit
2016 1919 2167 1975 Lati-

503 2034 724 2076 norum
754 2015 1060 2090 tyrannidi
1080 2031 1217 2088 quae
1270 2014 1387 2070 illic
1435 2013 1719 2070 ecclesias
1756 2011 1994 2075 invasit,
2027 2024 2165 2081 pro-

501 2107 820 2181 fessusque
850 2105 1028 2162 fuerit
1050 2121 1112 2161 se
1133 2120 1360 2177 papam
1391 2119 1502 2176 pro
1529 2102 1812 2176 pontiﬁce
1841 2116 1951 2156 suo
1976 2115 2158 2169 agno-

503 2210 704 2269 scere;
726 2211 853 2253 non
912 2194 1081 2252 aliter
1130 2194 1510 2267 permittatur
1559 2192 1880 2248 vobiscum
1919 2189 2077 2246 coire
2096 2189 2158 2245 in

502 2285 818 2343 ecclesiam
879 2291 937 2341 et
1004 2282 1452 2340 sacerdotaliter
1506 2281 1765 2354 operari,
1821 2279 1937 2335 nisi
1987 2278 2155 2351 prius

500 2391 847 2447 conversus,
880 2389 1084 2430 coram
1119 2372 1461 2429 Latinorum
1483 2369 1936 2442 archiepiscopo
1956 2373 2014 2424 et
2034 2367 2154 2440 epi-

500 2465 697 2539 scopis
727 2464 780 2521 ei
805 2462 1083 2529 subditis,
1112 2461 1359 2518 dixerit:
1394 2464 1519 2517 Non
1551 2460 1659 2516 erit
1685 2458 1766 2515 ad
1813 2459 1977 2514 hunc
2025 2473 2154 2514 mo-

497 2556 681 2624 dum;
715 2554 821 2610 sed
839 2553 1028 2610 robur
1053 2551 1279 2608 habeat
1297 2567 1435 2624 quae
1466 2554 1602 2607 ante
1631 2550 1817 2605 missa
1836 2548 1948 2604 fuit
1976 2563 2155 2621 syno-

496 2644 637 2701 dica
666 2643 1023 2715 segregatio.
1057 2643 1425 2713 Rursusque,
1446 2640 1639 2695 donec
1677 2639 1850 2709 juxta
1878 2637 1940 2693 id
1986 2636 2155 2711 quod

496 2733 599 2791 illa
629 2733 923 2807 scriptura
949 2728 1471 2802 complectitur,ad
1495 2728 1766 2784 divinam
1793 2741 2153 2799 sacramque

495 2821 802 2896 synodum
830 2820 1431 2892 mediocritatemque
1453 2823 1726 2874 nostram
1771 2816 2149 2873 recurrerint.

566 3004 625 3058 9.
654 3004 723 3058 Et
749 2999 947 3062 clerici
974 2999 1046 3055 iis
1098 2997 1373 3070 subjecti,
1423 3001 1722 3070 quotquot
1766 3000 1987 3051 nostrae
2041 2994 2149 3050 ad-

490 3091 721 3150 haerent
748 3090 1044 3157 Ecclesiae,
1074 3088 1402 3160 voluntque
1427 3086 1612 3141 ﬁdem
1640 3101 1676 3141 a
1742 3084 2011 3141 Patribus
2031 3089 2150 3140 tra-

491 3180 684 3237 ditam
720 3179 993 3246 retinere,
1040 3193 1164 3233 non
1219 3176 1554 3233 subdentur
1609 3174 1996 3247 pontiﬁcibus
2026 3174 2149 3229 suis

491 3268 597 3344 qui
621 3268 1000 3341 praestiterint
1039 3265 1493 3333 obedientiam;
1542 3279 1738 3336 neque
1788 3264 1839 3319 si
1899 3263 1957 3333 ii,
2009 3279 2148 3319 cum

492 3357 770 3416 Ecclesiae
809 3356 1030 3413 Latinas
1069 3355 1507 3427 obtemperent,
1549 3354 1681 3410 illos
1736 3354 2149 3410 excommuni-

492 3448 777 3518 caverint,
807 3446 931 3503 ulla
959 3463 1031 3503 ex
1061 3449 1230 3520 parte
1259 3444 1595 3518 quidquam
1659 3444 1957 3500 ullatenus
1982 3460 2150 3500 cura-

490 3538 665 3595 bunt.
698 3535 1007 3609 Ejusmodi
1054 3535 1283 3608 quippe
1326 3548 1585 3590 censura
1642 3533 1810 3589 irrita
1843 3539 1954 3601 est,
1999 3532 2149 3605 quin

490 3628 615 3685 imo
644 3625 726 3684 ad
749 3641 1028 3683 censores
1058 3624 1403 3692 revertitur;
1432 3623 1725 3696 quoniam
1773 3628 1831 3678 et
1887 3623 2149 3678 scanda-

490 3717 690 3774 lorum
715 3715 1127 3773 conciliatores
1167 3713 1517 3770 exstiterunt
1566 3711 1795 3785 populo
1837 3712 1959 3777 Dei,
2009 3727 2149 3767 cum

494 3820 804 3862 sacrorum
827 3818 1131 3860 canonum
1161 3800 1542 3874 disciplinam
1581 3799 2035 3863 conculcarunt,
2061 3800 2149 3855 in-

490 3910 740 3951 vasores
792 3898 850 3949 et
888 3892 1225 3948 alienorum
1279 3891 1641 3962 appetitores
1670 3890 1719 3924 ²³
1773 3894 2147 3961 receperunt,

495 3989 674 4057 atque
694 3982 768 4038 iis
795 3981 1093 4037 dederunt
1115 3996 1357 4046 manus,
1407 3978 1576 4051 quod
1605 3983 1692 4033 est
1739 3978 1982 4048 signum
2013 3979 2151 4034 obe-

494 4072 733 4130 dientize
762 4077 821 4127 et
873 4070 1195 4137 servitutis,
1241 4068 1377 4123 licet
1428 4066 1797 4123 contendant
1850 4067 2144 4124 dicendo:

493 4162 722 4218 Patrios
776 4174 976 4214 mores
1003 4162 1246 4214 nostros
1303 4171 1699 4227 nequaquam
1745 4156 2145 4229 prodidimus,

494 4265 694 4323 neque
725 4246 954 4320 aliquid
983 4252 1150 4303 extra
1191 4261 1504 4301 sacrorum
1553 4261 1854 4301 canonum
1889 4246 2150 4319 praescri—

495 4343 600 4412 pta
620 4336 1004 4411 peregimus;
1031 4335 1225 4405 ignari
1254 4335 1384 4406 ejus
1413 4333 1580 4406 quod
1607 4333 1956 4407 loquuntur.
1998 4340 2147 4393 Nam

495 4431 845 4485 sanctorum
895 4423 1306 4496 apostolorum
1371 4422 1838 4496 divinorumque
1899 4425 2145 4481 Patrum

494 4530 760 4573 canones
807 4514 1207 4586 segregationi
1287 4512 1614 4585 subjiciunt
1657 4514 1976 4587 episcopos
2041 4515 2147 4587 qui

495 4603 725 4661 alienas
754 4602 1027 4674 regiones
1054 4603 1352 4659 invadunt
1379 4621 1392 4671 ;
1428 4602 1535 4658 sed
1564 4607 1623 4659 et
1647 4618 1750 4659 eos
1779 4603 2148 4667 anathemati

566 4786 616 4821 ”
639 4786 808 4841 Joan.
840 4800 941 4851 xv,
971 4787 1060 4840 26.
1094 4784 1144 4819 ”
1172 4783 1194 4838 Ι
1222 4786 1375 4844 Petr.
1401 4799 1481 4854 ιν,
1514 4788 1598 4841 15.

558 4953 641 5025 (6)
664 4955 737 5011 Τῆ
772 4955 1024 5025 Λατινικῇ
1061 4950 1328 5025 ὑποταγῇ.
1366 4947 1587 5025 _Idem_
1612 4949 1947 5025 Germanus
1997 4950 2150 5006 Grae—

491 5019 703 5101 corum
734 5019 1245 5101 patriarchaACP.’
1276 5019 1455 5101 Epist.
1513 5019 1593 5075 ad
1622 5020 1911 5101 aemulum
1932 5092 1945 5101 _
1968 5037 2148 5101 suum

489 5089 971 5169 patriarcharum
997 5089 1862 5169 LatinorumiCP.,__productus
1892 5092 1971 5146 ab
1995 5092 2149 5148 Alla-

489 5157 573 5225 tio
602 5169 688 5225 De
710 5168 813 5223 lib.
844 5166 1049 5222 eccles.
1073 5165 1261 5218 erc.
1286 5178 1307 5216 .·
1330 5161 1463 5233 Ἐογῲ
1483 5157 1647 5213 δέκαὶ
1666 5166 1786 5223 τοὺς
1807 5162 1855 5213 ἐν
1880 5169 2150 5215 Κωνσταν-

489 5237 779 5309 τινουπόλει
836 5238 1119 5309 ΓραικοὺςΔ
1145 5236 1351 5309 φθάσας
1395 5232 1695 5309 ἀφορισμῷ
1766 5234 2143 5309 καθυπέϐαλόν,

487 5307 680 5382 μηδενί
728 5316 827 5359 τῶν
874 5302 1048 5380 ’ἱερέων
1090 5302 1184 5357 διᾶ
1228 5302 1527 5382 Δχαύνωσιν
1554 5302 1737 5382 ψνχῆς
1775 5306 2145 5382 ὑποχιαλασθέν

488 5376 702 5459 τῶνὼείς
760 5376 1163 5459 ὑποταξγηνμκαὶ
1196 5378 1415 5459 Δθέλημα
1466 5383 1563 5437 τῆς
1626 5376 1883 5459 παλαιᾶς
1919 5376 2141 5459 Ῥώμης,

488 5448 629 5524 μηδε
676 5446 976 5524 προσφορᾷν
1017 5446 1275 5524 δέχεσθαι
1322 5446 1378 5498 ἔκ
1415 5455 1517 5524 τῶν
1561 5457 1753 5521 χειρῶν
1779 5448 1963 5517 αὐτῶν,
2002 5446 2142 5520 μηδὲ

488 5514 833 5595 ᾧμψάλλειί
882 5514 1119 5587 αὐτοῖς’
1149 5522 1219 5580 ως
1296 5514 1600 5595 προδόταις
1652 5514 1755 5595 τῶν
1823 5514 1966 5572 θείων
2002 5514 2011 5520 ’
2046 5526 2137 5573 καὶ

490 5586 636 5665 ἱερῶν
666 5598 908 5659 κανόνων,
956 5596 1046 5644 καὶ
1076 5599 1176 5665 τῶν
1205 5586 1687 5665 πατροπαραδότων
1725 5589 1870 5645 ἐθῶν.
1903 5591 2023 5661 Ego
2046 5608 2137 5649 ve-

485 5662 557 5720 ro
584 5671 641 5722 et
667 5667 902 5723 Graecos
930 5665 1039 5740 qui
1074 5662 1596 5731 Constantinopoli
1610 5663 1837 5735 degunt
1867 5665 2006 5734 jam
2034 5679 2134 5721 ea:-

2173 4467 2224 4525 Ι)

2246 5517 2502 5577 ιδ’όΙΘιὶ
2552 5517 2651 5577 (3P.
2704 5520 2870 5591 apud
2915 5521 3172 5574 Leonem
3223 5517 3505 5591 Allatium
3555 5517 3644 5573 De

2277 1844 2430 1911 μόνον
2485 1840 2628 1894 ἐστὶν
2676 1845 3009 1917 ἡμαρτηκὼς,
3068 1846 3127 1894 τὸ
3182 1839 3277 1894 διὰ
3308 1841 3432 1914 βίαν
3462 1843 3491 1901 ἣ
3538 1849 3882 1917 συναρπαγὴν

2275 1925 2588 1981 ὑπενδοῡναι
2629 1938 2691 2002 τῇ
2746 1930 3120 2005 ἑπισφρησάση
3170 1938 3284 1991 ταῖς
3331 1931 3516 1984 αὐτόθι
3571 1930 3882 1996 ἐκκλησίαις

2270 2015 2544 2092 τυραννίδι
2591 2025 2869 2091 Λατινικῆ,
2902 2025 2989 2072 κοὶ
3034 2023 3122 2072 τόν
3170 2022 3387 2072 πάππαν
3435 2023 3575 2092 ἔχειν
3625 2019 3880 2097 ἀρχιερέα

2268 2106 2613 2179 ὁμολογῆσαι·
2647 2110 2673 2160 ὁ
2710 2117 2937 2170 τοιοῦτος
2973 2108 3139 2171 ἄλλως
3184 2113 3255 2181 μὴ
3302 2113 3730 2184 παραχωρείσθω
3777 2115 3875 2163 σὺν

2266 2195 2389 2267 ὑμῖν
2431 2196 2876 2260 ἐκκλησιὰζεσθαι
2926 2203 3016 2251 καὶ
3075 2200 3342 2273 ἰερατικῶς
3398 2198 3632 2274 ἐνεργεῖν,
3697 2200 3740 2252 εἰ
3796 2206 3869 2272 μη

2265 2289 2512 2359 πρότερον
2577 2289 2714 2339 κατὰ
2775 2291 3056 2362 πρόσωπον
3121 2296 3214 2339 τοῦ
3278 2292 3703 2362 αρχιεπισκόπου
3769 2298 3874 2341 τῶν

2266 2381 2523 2445 Λατίνων,
2572 2382 2662 2429 καὶ
2700 2386 2800 2429 τῶν
2858 2378 2948 2430 ὑπ’
3004 2378 3146 2449 αὐτῷ
3193 2376 3491 2431 ἐπισκόπων
3536 2377 3876 2453 ἐπιστραφεὶς

2266 2467 2419 2517 εἴποι·
2478 2466 2601 2538 Οὐχ
2665 2466 2826 2528 οὕτως
2877 2470 3047 2519 ἔσται·
3118 2466 3223 2519 ἀλλ’
3293 2468 3319 2519 ό
3388 2468 3879 2542 προαπεσταλμένος

2267 2550 2548 2617 συνοδικός
2599 2554 2887 2628 ἀφορισμός
2938 2560 3215 2629 κρατείτω·
3246 2561 3336 2608 καὶ
3366 2556 3541 2626 πάλιν,
3568 2561 3759 2631 μέχρις
3811 2559 3879 2610 ἄν

2263 2646 2399 2694 κατὰ
2434 2648 2527 2701 τὴν
2577 2644 2857 2719 περίληψιν
2902 2652 2995 2705 τῆς
3040 2647 3289 2706 τοιαύτης
3340 2653 3546 2718 γραφῆς
3598 2650 3725 2720 πρὸς
3777 2651 3880 2705 τὴν

2265 2732 2402 2784 θείαν
2455 2739 2545 2785 καὶ
2600 2736 2738 2807 ἱερὰν
2793 2731 3015 2787 σύνοδον
3066 2739 3159 2787 καὶ
3210 2739 3303 2793 τὴν
3356 2737 3499 2806 ἡμῶν
3547 2738 3881 2807 μετριότητα

2261 2818 2630 2895 ἀναδραμωσι.

2333 3002 2401 3060 θ’.
2431 3008 2531 3056 Καὶ
2583 3006 2632 3056 οἱ
2680 3003 2769 3057 ὐπ’
2809 3004 2994 3064 αὐτοὺς
3044 3002 3306 3078 κληρικοὶ,
3358 3006 3475 3057 ὅσοι
3526 3007 3620 3063 τὴν
3678 3006 3866 3077 ἡμετέ-

2179 3112 2220 3168 C
2259 3110 2352 3165 ραν
2412 3091 2741 3153 ἀσπάζονται
2792 3094 3126 3161 Ἐκκλησίαν,
3167 3099 3259 3147 καὶ
3311 3101 3401 3154 τῆς
3456 3090 3861 3169 πατροπαραδό-

2256 3200 2347 3233 του
2393 3187 2619 3244 πίστεως
2665 3181 2976 3255 ἀντέχεσται
3021 3180 3316 3255 βούλονται,
3379 3182 3485 3255 οὐχ
3557 3184 3864 3236 ὑποκείσον-

2259 3291 2348 3323 ται
2421 3280 2527 3331 τοίς
2593 3276 2688 3331 την
2750 3274 3015 3344 ὑποταγὴν
3088 3276 3466 3344 ποιησαμένοις
3524 3270 3858 3345 ἀρχιερεῦσιν

2260 3359 2446 3411 αὐτῶν·
2509 3357 2634 3414 οὐδὲ
2691 3359 3040 3435 ἀφοριζόντων
3101 3360 3270 3412 αὐτῶν
3323 3360 3480 3413 ὗνεκα
3533 3367 3623 3412 τοῦ
3684 3359 3863 3411 πείθε-

2263 3450 2390 3501 σθαι
2450 3457 2512 3521 τῇ
2583 3455 2836 3522 Λατινικῇ
2905 3449 3192 3520 Ἐκκλησία
3252 3454 3438 3525 μικρόν
3497 3470 3552 3501 τι
3614 3445 3871 3521 ἔπιστρα-

2260 3543 2536 3610 φήσονται,
2589 3538 2649 3591 Ὀ
2698 3541 2800 3613 γὰρ
2845 3547 3080 3600 τοιοῦτος
3125 3536 3414 3611 ἀφορισμός
3473 3539 3667 3612 ἄκυρός
3724 3534 3869 3603 ἐστι,

2258 3632 2349 3679 καὶ
2400 3630 2524 3700 πρὸς
2592 3630 2716 3689 τούς
2767 3626 3107 3701 ἁφορίζοντας
3188 3626 3382 3700 μᾶλλον
3469 3626 3868 3699 ἓπαναστράφει·

2260 3719 2341 3770 ὃτι
2387 3722 2479 3769 καὶ
2535 3714 2840 3770 σκανδάλων
2896 3721 3146 3789 γεγόνασι
3175 3716 3413 3790 πρόξενοι
3468 3724 3541 3787 τῷ
3592 3714 3700 3785 λαῷ
3772 3724 3874 3768 τοῦ

2261 3814 2415 3875 Θεοῦ,
2492 3813 2950 3867 καταπατησαντες
3034 3811 3129 3864 τὴν
3228 3814 3329 3858 τῶν
3411 3808 3557 3880 ἱερῶν
3639 3808 3874 3857 κανόνων

2262 3895 2547 3972 ἀκρίϐειαν,
2617 3900 2709 3949 καὶ
2769 3900 2889 3957 τοὺς
2957 3894 3270 3968 ἐπιϐήτορας
3344 3900 3434 3947 καὶ
3510 3893 3876 3967 ἀλλοτριοεπι-

2262 3991 2492 4048 σκόπους
2536 3982 2828 4058 δεξάμενοι,
2880 3990 2972 4037 καὶ
3021 3992 3210 4057 χεῖρας
3267 3981 3456 4046 δόντας
3511 3984 3592 4055 [ι.
3660 3979 3876 4050 δόντες]

2261 4073 2434 4132 αὐτοῖς
2513 4078 2726 4147 σημεῖον
2806 4073 3089 4132 εὐπειθείας
3174 4076 3264 4124 καὶ
3340 4067 3664 4131 δουλώσεως·
3766 4069 3876 4124 κᾶν

2264 4158 2720 4234 διισχυρίζωνται
2775 4161 3030 4233 λέγοντες,
3063 4163 3130 4221 ὡς
3184 4160 3260 4213 Οὐ
3317 4156 3879 4235 καταπροδεδώκαμεν

2258 4253 2327 4303 τὰ
2377 4252 2577 4323 πάτρια
2623 4252 2768 4323 ἡμῶν
2821 4252 2935 4320 ἔθη,
2986 4246 3112 4302 οὐδὲ
3158 4246 3217 4301 δι
3264 4258 3363 4301 τῶν
3433 4251 3577 4322 ἱερῶν
3640 4253 3883 4301 κανόνων

2259 4339 2356 4401 ἔξω
2406 4341 2771 4412 πεπράχαμεν·
2825 4344 2897 4412 μὴ
2950 4335 3146 4399 εἰδότες
3195 4340 3221 4391 ὅ
3280 4337 3538 4409 λέγουσιν.
3615 4339 3682 4391 Οἱ
3762 4340 3885 4414 γὰρ

2258 4437 2358 4481 τῶν
2401 4429 2560 4500 ἁγίων
2615 4428 2915 4481 ἀποστόλων
2967 4433 3057 4481 καὶ
3111 4436 3210 4480 τῶν
3293 4429 3437 4480 θείων
3486 4430 3728 4500 Πατάρων
3774 4446 3889 4480 κα-

2258 4523 2390 4580 νόνες
2474 4518 2766 4593 ἀφορισμῷ’
2832 4516 3291 4571 καθυποϐάλλουσι
3367 4521 3489 4578 τοὺς
3551 4525 3651 4569 τῶν
3718 4514 3888 4571 ἀλλο-

2256 4613 2412 4681 τρίων
2491 4608 2696 4681 ένοριὼν
2766 4604 3267 4679 κατεπεμϐαίνοντας
3340 4604 3658 4665 ἐπισκόπους
3736 4602 3885 4661 ἀλλὰ

2255 4949 2777 5007 communicationi
2829 4948 3075 5018 subjeci,
3126 4946 3181 5003 si
3217 4952 3326 5004 aut
3362 4961 3400 5003 a
3443 4961 3631 5003 manu
3661 4948 3888 5016 cujus-

2258 5038 2435 5094 quam
2466 5022 2865 5087 sacerdotum,
2885 5022 2989 5091 qui
3016 5025 3259 5090 propter
3273 5019 3463 5094 animi
3472 5018 3791 5094 mollitiem
3808 5022 3885 5077 in

2256 5089 2651 5149 obedientiam
2677 5100 2731 5148 et
2762 5089 3137 5147 voluntatem
3161 5092 3375 5146 veteris
3394 5090 3590 5145 Romae
3626 5089 3892 5159 delapsi

2254 5172 2412 5232 sunt,
2440 5165 2794 5220 oblationem
2833 5165 3151 5232 accipiant,
3173 5169 3279 5217 aut
3307 5176 3429 5216 una
3456 5176 3589 5215 cum
3606 5162 3679 5215 iis
3698 5163 3887 5229 psal-

2257 5237 2409 5304 lant,
2441 5242 2505 5291 ut
2547 5236 2895 5290 divinorum
2941 5248 3373 5304 sacrorumque
3410 5247 3706 5288 canonum
3737 5242 3798 5304 et
3838 5250 3889 5291 a

2252 5302 2582 5377 majOribus
2636 5305 3016 5372 traditarum,
3055 5302 3547 5361 consuetudinum
3593 5303 3886 5373 prodito-

2250 5380 2809 5523 rl??f;Yrrorot7érwv.
2848 5445 3095 5523 Michael
3124 5445 3452 5523 Balsamon
3482 5446 3542 5500 in
3569 5445 3878 5523 gnath-

2250 5520 2502 5577 ra‘c1eri
2552 5524 2651 5577 (ΣΡ.
2704 5520 2870 5591 apud
2915 5521 3172 5574 Leonem
3223 5520 3505 5573 Allatium
3555 5520 3644 5573 De
3688 5520 3874 5573 Eccl.

2250 5594 2547 5649 Occident.
2596 5599 2651 5648 et
2692 5592 2915 5647 Orient.
2963 5592 3346 5647 consensione
3369 5587 3473 5645 lib.
3514 5604 3595 5658 ιιι,
3627 5602 3763 5661 cap.
3802 5593 3874 5660 2,

2244 5680 2304 5720 ιι.
2330 5669 2383 5732 Ai»,
2403 5662 2592 5738 Ἐσμὶν
2618 5664 2997 5737 ὑποθησιάριοι
3020 5664 3226 5721 πάντες.
