  <div class='ocr_page' id='page_1' title='image "/cluster/home/n/w/nwhite01/storage/ocr_20150623/140/coo.31924054870450/323.png"; bbox 0 0 4132 6384; ppageno 0'>
   <div class='ocr_carea' id='block_1_1' title="bbox 594 292 2256 369">
    <p class='ocr_par' dir='ltr' id='par_1_1' title="bbox 594 300 2256 366">
     <span class='ocr_line' id='line_1_1' title="bbox 594 300 2256 366; baseline -0.002 -3"><span class='ocrx_word' id='word_1_1' title='bbox 594 300 699 363; x_wconf 61' lang='grc' dir='ltr'><strong>ὓ27</strong></span> <span class='ocrx_word' id='word_1_2' title='bbox 1737 304 2052 366; x_wconf 71' lang='lat' dir='ltr'><strong>GERMANl</strong></span> <span class='ocrx_word' id='word_1_3' title='bbox 2090 305 2139 361; x_wconf 86' lang='lat' dir='ltr'><strong>II</strong></span> <span class='ocrx_word' id='word_1_4' title='bbox 2196 305 2256 360; x_wconf 84' lang='lat' dir='ltr'><strong>Cl</strong></span> 
     </span>
    </p>
   </div>
   <div class='ocr_carea' id='block_1_2' title="bbox 2367 292 3961 369">
    <p class='ocr_par' dir='ltr' id='par_1_2' title="bbox 2367 292 3961 369">
     <span class='ocr_line' id='line_1_2' title="bbox 2367 292 3961 369; baseline 0.002 -5"><span class='ocrx_word' id='word_1_5' title='bbox 2367 292 2826 369; x_wconf 68' lang='grc' dir='ltr'><strong>ἈῒἪΙΑΒΟΗλΕ.</strong></span> <span class='ocrx_word' id='word_1_6' title='bbox 3858 308 3961 367; x_wconf 67' lang='lat'><strong>628</strong></span> 
     </span>
    </p>
   </div>
   <div class='ocr_carea' id='block_1_3' title="bbox 592 430 2256 510">
    <p class='ocr_par' dir='ltr' id='par_1_3' title="bbox 592 430 2252 505">
     <span class='ocr_line' id='line_1_3' title="bbox 592 430 2252 505; baseline -0.001 -16"><span class='ocrx_word' id='word_1_7' title='bbox 592 432 832 489; x_wconf 89' lang='lat' dir='ltr'><strong>nuriam</strong></span> <span class='ocrx_word' id='word_1_8' title='bbox 866 430 1798 505; x_wconf 82' lang='lat' dir='ltr'><strong>frequenteringemisco.’l‘erret</strong></span> <span class='ocrx_word' id='word_1_9' title='bbox 1815 432 1974 489; x_wconf 89' lang='lat' dir='ltr'><strong>enim</strong></span> <span class='ocrx_word' id='word_1_10' title='bbox 2006 448 2103 489; x_wconf 90' lang='lat' dir='ltr'><strong>me</strong></span> <span class='ocrx_word' id='word_1_11' title='bbox 2141 435 2252 487; x_wconf 90' lang='lat' dir='ltr'><strong>ter-</strong></span> 
     </span>
    </p>
   </div>
   <div class='ocr_carea' id='block_1_4' title="bbox 2367 430 3965 510">
    <p class='ocr_par' dir='ltr' id='par_1_4' title="bbox 2367 433 3965 510">
     <span class='ocr_line' id='line_1_4' title="bbox 2367 433 3965 510; baseline 0.002 -26"><span class='ocrx_word' id='word_1_12' title='bbox 2367 436 2671 508; x_wconf 78' lang='grc' dir='ltr'><strong>πορεύομαι,</strong></span> <span class='ocrx_word' id='word_1_13' title='bbox 2748 440 2839 490; x_wconf 79' lang='grc' dir='ltr'><strong>καὶ</strong></span> <span class='ocrx_word' id='word_1_14' title='bbox 2887 438 3060 490; x_wconf 82' lang='grc' dir='ltr'>πυκνὰ</span> <span class='ocrx_word' id='word_1_15' title='bbox 3113 435 3344 497; x_wconf 76' lang='grc' dir='ltr'>στενὰζω</span> <span class='ocrx_word' id='word_1_16' title='bbox 3400 433 3454 500; x_wconf 78' lang='grc' dir='ltr'><strong>ἐξ</strong></span> <span class='ocrx_word' id='word_1_17' title='bbox 3510 436 3747 510; x_wconf 80' lang='grc' dir='ltr'>ἀπορίας.</span> <span class='ocrx_word' id='word_1_18' title='bbox 3815 435 3965 490; x_wconf 79' lang='grc' dir='ltr'>Φοϐεῑ</span> 
     </span>
    </p>
   </div>
   <div class='ocr_carea' id='block_1_5' title="bbox 591 520 2250 595">
    <p class='ocr_par' dir='ltr' id='par_1_5' title="bbox 591 520 2250 595">
     <span class='ocr_line' id='line_1_5' title="bbox 591 520 2250 595; baseline -0.001 -17"><span class='ocrx_word' id='word_1_19' title='bbox 591 521 778 578; x_wconf 82' lang='lat' dir='ltr'><strong>ribiiis</strong></span> <span class='ocrx_word' id='word_1_20' title='bbox 797 520 897 577; x_wconf 91' lang='lat' dir='ltr'><strong>illa</strong></span> <span class='ocrx_word' id='word_1_21' title='bbox 913 523 1383 595; x_wconf 79' lang='lat' dir='ltr'><strong>sententia,quse</strong></span> <span class='ocrx_word' id='word_1_22' title='bbox 1418 521 1578 579; x_wconf 90' lang='lat' dir='ltr'><strong>dicit:</strong></span> <span class='ocrx_word' id='word_1_23' title='bbox 1615 521 1872 590; x_wconf 86' lang='lat' dir='ltr'><strong>Esurivi,</strong></span> <span class='ocrx_word' id='word_1_24' title='bbox 1920 527 2110 579; x_wconf 81' lang='lat' dir='ltr'><strong>etnon</strong></span> <span class='ocrx_word' id='word_1_25' title='bbox 2153 522 2250 577; x_wconf 89' lang='lat' dir='ltr'><strong>de-</strong></span> 
     </span>
    </p>
   </div>
   <div class='ocr_carea' id='block_1_6' title="bbox 591 611 2252 681">
    <p class='ocr_par' dir='ltr' id='par_1_6' title="bbox 591 611 2252 681">
     <span class='ocr_line' id='line_1_6' title="bbox 591 611 2252 681; baseline -0.001 -15"><span class='ocrx_word' id='word_1_26' title='bbox 591 612 759 668; x_wconf 84' lang='lat' dir='ltr'><strong>distis</strong></span> <span class='ocrx_word' id='word_1_27' title='bbox 776 612 931 667; x_wconf 82' lang='lat' dir='ltr'><strong>mihi</strong></span> <span class='ocrx_word' id='word_1_28' title='bbox 945 611 1339 667; x_wconf 83' lang='lat' dir='ltr'><strong>manducare.</strong></span> <span class='ocrx_word' id='word_1_29' title='bbox 1355 611 1575 667; x_wconf 89' lang='lat' dir='ltr'><strong>Nudus</strong></span> <span class='ocrx_word' id='word_1_30' title='bbox 1590 627 1775 677; x_wconf 79' lang='lat' dir='ltr'><strong>eram,</strong></span> <span class='ocrx_word' id='word_1_31' title='bbox 1791 618 1847 668; x_wconf 87' lang='lat' dir='ltr'><strong>et</strong></span> <span class='ocrx_word' id='word_1_32' title='bbox 1867 627 1987 668; x_wconf 89' lang='lat' dir='ltr'><strong>non</strong></span> <span class='ocrx_word' id='word_1_33' title='bbox 2014 613 2252 681; x_wconf 87' lang='lat' dir='ltr'><strong>operuis</strong></span> 
     </span>
    </p>
   </div>
   <div class='ocr_carea' id='block_1_7' title="bbox 591 700 2250 774">
    <p class='ocr_par' dir='ltr' id='par_1_7' title="bbox 591 700 2250 774">
     <span class='ocr_line' id='line_1_7' title="bbox 591 700 2250 774; baseline 0 -18"><span class='ocrx_word' id='word_1_34' title='bbox 591 702 666 757; x_wconf 89' lang='lat' dir='ltr'><strong>tis</strong></span> <span class='ocrx_word' id='word_1_35' title='bbox 686 717 780 758; x_wconf 89' lang='lat' dir='ltr'><strong>me</strong></span> <span class='ocrx_word' id='word_1_36' title='bbox 798 701 842 756; x_wconf 76' lang='grc'><strong>⁵.</strong></span> <span class='ocrx_word' id='word_1_37' title='bbox 865 700 1072 774; x_wconf 85' lang='lat' dir='ltr'><strong>Neque</strong></span> <span class='ocrx_word' id='word_1_38' title='bbox 1095 702 1254 757; x_wconf 89' lang='lat' dir='ltr'><strong>enim</strong></span> <span class='ocrx_word' id='word_1_39' title='bbox 1270 701 1419 758; x_wconf 90' lang='lat' dir='ltr'><strong>mihi</strong></span> <span class='ocrx_word' id='word_1_40' title='bbox 1439 717 1508 757; x_wconf 90' lang='lat' dir='ltr'><strong>os</strong></span> <span class='ocrx_word' id='word_1_41' title='bbox 1523 702 1754 774; x_wconf 89' lang='lat' dir='ltr'><strong>aperire</strong></span> <span class='ocrx_word' id='word_1_42' title='bbox 1770 702 1859 758; x_wconf 88' lang='lat' dir='ltr'><strong>fas</strong></span> <span class='ocrx_word' id='word_1_43' title='bbox 1875 708 1980 769; x_wconf 88' lang='lat' dir='ltr'><strong>est,</strong></span> <span class='ocrx_word' id='word_1_44' title='bbox 1995 707 2053 758; x_wconf 92' lang='lat' dir='ltr'><strong>et</strong></span> <span class='ocrx_word' id='word_1_45' title='bbox 2078 717 2250 757; x_wconf 81' lang='lat' dir='ltr'><strong>exem</strong></span> 
     </span>
    </p>
   </div>
   <div class='ocr_carea' id='block_1_8' title="bbox 588 790 2247 865">
    <p class='ocr_par' dir='ltr' id='par_1_8' title="bbox 588 790 2247 865">
     <span class='ocr_line' id='line_1_8' title="bbox 588 790 2247 865; baseline 0.001 -19"><span class='ocrx_word' id='word_1_46' title='bbox 588 790 691 864; x_wconf 90' lang='lat' dir='ltr'><strong>plo</strong></span> <span class='ocrx_word' id='word_1_47' title='bbox 712 790 879 846; x_wconf 84' lang='lat' dir='ltr'><strong>Pauli</strong></span> <span class='ocrx_word' id='word_1_48' title='bbox 911 790 1210 865; x_wconf 82' lang='lat' dir='ltr'><strong>populum</strong></span> <span class='ocrx_word' id='word_1_49' title='bbox 1267 807 1471 847; x_wconf 88' lang='lat' dir='ltr'><strong>meum</strong></span> <span class='ocrx_word' id='word_1_50' title='bbox 1531 791 1873 858; x_wconf 84' lang='lat' dir='ltr'><strong>admonere,</strong></span> <span class='ocrx_word' id='word_1_51' title='bbox 1937 799 1993 848; x_wconf 90' lang='lat' dir='ltr'><strong>et</strong></span> <span class='ocrx_word' id='word_1_52' title='bbox 2031 791 2247 847; x_wconf 84' lang='lat' dir='ltr'><strong>dicere:</strong></span> 
     </span>
    </p>
   </div>
   <div class='ocr_carea' id='block_1_9' title="bbox 588 878 2254 953">
    <p class='ocr_par' dir='ltr' id='par_1_9' title="bbox 588 878 2254 953">
     <span class='ocr_line' id='line_1_9' title="bbox 588 878 2254 953; baseline 0.001 -18"><span class='ocrx_word' id='word_1_53' title='bbox 588 878 890 936; x_wconf 80' lang='lat' dir='ltr'><strong>Habentes</strong></span> <span class='ocrx_word' id='word_1_54' title='bbox 914 881 1200 937; x_wconf 84' lang='lat' dir='ltr'><strong>alimenta</strong></span> <span class='ocrx_word' id='word_1_55' title='bbox 1224 885 1279 937; x_wconf 91' lang='lat' dir='ltr'><strong>et</strong></span> <span class='ocrx_word' id='word_1_56' title='bbox 1299 881 1513 953; x_wconf 85' lang='lat' dir='ltr'><strong>quibus</strong></span> <span class='ocrx_word' id='word_1_57' title='bbox 1533 886 1825 953; x_wconf 84' lang='lat' dir='ltr'><strong>tegamur,</strong></span> <span class='ocrx_word' id='word_1_58' title='bbox 1861 881 1953 939; x_wconf 82' lang='lat' dir='ltr'><strong>his</strong></span> <span class='ocrx_word' id='word_1_59' title='bbox 1989 881 2254 937; x_wconf 78' lang='lat' dir='ltr'><strong>contenti</strong></span> 
     </span>
    </p>
   </div>
   <div class='ocr_carea' id='block_1_10' title="bbox 590 968 2253 1044">
    <p class='ocr_par' dir='ltr' id='par_1_10' title="bbox 590 968 2253 1044">
     <span class='ocr_line' id='line_1_10' title="bbox 590 968 2253 1044; baseline 0 -18"><span class='ocrx_word' id='word_1_60' title='bbox 590 968 817 1026; x_wconf 84' lang='lat' dir='ltr'><strong>erimus</strong></span> <span class='ocrx_word' id='word_1_61' title='bbox 837 970 881 1025; x_wconf 79' lang='lat'><strong>°:</strong></span> <span class='ocrx_word' id='word_1_62' title='bbox 905 970 1110 1043; x_wconf 83' lang='lat' dir='ltr'><strong>Neque</strong></span> <span class='ocrx_word' id='word_1_63' title='bbox 1132 968 1292 1033; x_wconf 87' lang='lat' dir='ltr'><strong>enim</strong></span> <span class='ocrx_word' id='word_1_64' title='bbox 1318 969 1544 1027; x_wconf 90' lang='lat' dir='ltr'><strong>victum</strong></span> <span class='ocrx_word' id='word_1_65' title='bbox 1596 985 1710 1041; x_wconf 91' lang='lat' dir='ltr'><strong>ego</strong></span> <span class='ocrx_word' id='word_1_66' title='bbox 1755 969 1929 1026; x_wconf 82' lang='lat' dir='ltr'><strong>vobis</strong></span> <span class='ocrx_word' id='word_1_67' title='bbox 1974 968 2253 1044; x_wconf 81' lang='lat' dir='ltr'><strong>suppedi-</strong></span> 
     </span>
    </p>
   </div>
   <div class='ocr_carea' id='block_1_11' title="bbox 589 1057 736 1115">
    <p class='ocr_par' dir='ltr' id='par_1_11' title="bbox 589 1057 736 1115">
     <span class='ocr_line' id='line_1_11' title="bbox 589 1057 736 1115; baseline -0.02 0"><span class='ocrx_word' id='word_1_68' title='bbox 589 1057 736 1115; x_wconf 85' lang='lat' dir='ltr'><strong>tavi.</strong></span> 
     </span>
    </p>
   </div>
   <div class='ocr_carea' id='block_1_12' title="bbox 661 1145 2251 1221">
    <p class='ocr_par' dir='ltr' id='par_1_12' title="bbox 661 1145 2251 1221">
     <span class='ocr_line' id='line_1_12' title="bbox 661 1145 2251 1221; baseline 0.001 -20"><span class='ocrx_word' id='word_1_69' title='bbox 661 1145 1080 1212; x_wconf 76' lang='lat' dir='ltr'><strong>Nihilominus,</strong></span> <span class='ocrx_word' id='word_1_70' title='bbox 1105 1146 1387 1220; x_wconf 82' lang='lat' dir='ltr'><strong>quamvis</strong></span> <span class='ocrx_word' id='word_1_71' title='bbox 1408 1147 1468 1204; x_wconf 94' lang='lat' dir='ltr'><strong>in</strong></span> <span class='ocrx_word' id='word_1_72' title='bbox 1490 1147 1605 1203; x_wconf 87' lang='lat' dir='ltr'><strong>hac</strong></span> <span class='ocrx_word' id='word_1_73' title='bbox 1624 1151 1790 1204; x_wconf 88' lang='lat' dir='ltr'><strong>tanta</strong></span> <span class='ocrx_word' id='word_1_74' title='bbox 1809 1147 2014 1221; x_wconf 82' lang='lat' dir='ltr'><strong>inopia</strong></span> <span class='ocrx_word' id='word_1_75' title='bbox 2035 1149 2251 1204; x_wconf 88' lang='lat' dir='ltr'><strong>consti-</strong></span> 
     </span>
    </p>
   </div>
   <div class='ocr_carea' id='block_1_13' title="bbox 589 1235 2250 1309">
    <p class='ocr_par' dir='ltr' id='par_1_13' title="bbox 589 1235 2250 1309">
     <span class='ocr_line' id='line_1_13' title="bbox 589 1235 2250 1309; baseline 0.001 -17"><span class='ocrx_word' id='word_1_76' title='bbox 589 1238 773 1302; x_wconf 84' lang='lat' dir='ltr'><strong>tutus,</strong></span> <span class='ocrx_word' id='word_1_77' title='bbox 792 1236 1118 1309; x_wconf 84' lang='lat' dir='ltr'><strong>utrumque</strong></span> <span class='ocrx_word' id='word_1_78' title='bbox 1132 1240 1418 1306; x_wconf 60' lang='lat' dir='ltr'><strong>praestare</strong></span> <span class='ocrx_word' id='word_1_79' title='bbox 1444 1235 1731 1305; x_wconf 86' lang='lat' dir='ltr'><strong>conabor,</strong></span> <span class='ocrx_word' id='word_1_80' title='bbox 1755 1243 2051 1309; x_wconf 90' lang='lat' dir='ltr'><strong>quantum</strong></span> <span class='ocrx_word' id='word_1_81' title='bbox 2094 1238 2250 1293; x_wconf 90' lang='lat' dir='ltr'><strong>vires</strong></span> 
     </span>
    </p>
   </div>
   <div class='ocr_carea' id='block_1_14' title="bbox 588 1324 2248 1398">
    <p class='ocr_par' dir='ltr' id='par_1_14' title="bbox 588 1324 2248 1398">
     <span class='ocr_line' id='line_1_14' title="bbox 588 1324 2248 1398; baseline 0.001 -17"><span class='ocrx_word' id='word_1_82' title='bbox 588 1324 806 1387; x_wconf 85' lang='lat' dir='ltr'><strong>ferunt,</strong></span> <span class='ocrx_word' id='word_1_83' title='bbox 833 1327 894 1380; x_wconf 88' lang='lat' dir='ltr'><strong>ut</strong></span> <span class='ocrx_word' id='word_1_84' title='bbox 912 1329 970 1381; x_wconf 87' lang='lat' dir='ltr'><strong>et</strong></span> <span class='ocrx_word' id='word_1_85' title='bbox 990 1324 1320 1381; x_wconf 84' lang='lat' dir='ltr'><strong>esurientes</strong></span> <span class='ocrx_word' id='word_1_86' title='bbox 1341 1340 1611 1398; x_wconf 86' lang='lat' dir='ltr'><strong>pascam,</strong></span> <span class='ocrx_word' id='word_1_87' title='bbox 1655 1330 1713 1382; x_wconf 91' lang='lat' dir='ltr'><strong>et</strong></span> <span class='ocrx_word' id='word_1_88' title='bbox 1732 1326 1931 1383; x_wconf 87' lang='lat' dir='ltr'><strong>nudos</strong></span> <span class='ocrx_word' id='word_1_89' title='bbox 1976 1327 2248 1394; x_wconf 84' lang='lat' dir='ltr'><strong>vestiam,</strong></span> 
     </span>
    </p>
   </div>
   <div class='ocr_carea' id='block_1_15' title="bbox 590 1412 2256 1490">
    <p class='ocr_par' dir='ltr' id='par_1_15' title="bbox 590 1412 2253 1489">
     <span class='ocr_line' id='line_1_15' title="bbox 590 1412 2253 1489; baseline 0.001 -20"><span class='ocrx_word' id='word_1_90' title='bbox 590 1414 756 1469; x_wconf 90' lang='lat' dir='ltr'><strong>omni</strong></span> <span class='ocrx_word' id='word_1_91' title='bbox 778 1428 914 1468; x_wconf 89' lang='lat' dir='ltr'><strong>mea</strong></span> <span class='ocrx_word' id='word_1_92' title='bbox 936 1426 1043 1485; x_wconf 94' lang='lat' dir='ltr'><strong>spe</strong></span> <span class='ocrx_word' id='word_1_93' title='bbox 1063 1428 1135 1469; x_wconf 84' lang='lat' dir='ltr'><strong>ex</strong></span> <span class='ocrx_word' id='word_1_94' title='bbox 1158 1412 1279 1480; x_wconf 91' lang='lat' dir='ltr'><strong>illo,</strong></span> <span class='ocrx_word' id='word_1_95' title='bbox 1307 1414 1411 1487; x_wconf 87' lang='lat' dir='ltr'><strong>qui</strong></span> <span class='ocrx_word' id='word_1_96' title='bbox 1435 1414 1611 1487; x_wconf 90' lang='lat' dir='ltr'><strong>panis</strong></span> <span class='ocrx_word' id='word_1_97' title='bbox 1632 1413 1802 1471; x_wconf 89' lang='lat' dir='ltr'><strong>vivus</strong></span> <span class='ocrx_word' id='word_1_98' title='bbox 1820 1421 1927 1479; x_wconf 81' lang='lat' dir='ltr'><strong>est,</strong></span> <span class='ocrx_word' id='word_1_99' title='bbox 1953 1431 2253 1489; x_wconf 86' lang='lat' dir='ltr'><strong>suspensa</strong></span> 
     </span>
    </p>
   </div>
   <div class='ocr_carea' id='block_1_16' title="bbox 2367 1412 3963 1490">
    <p class='ocr_par' dir='ltr' id='par_1_16' title="bbox 2367 1412 3963 1490">
     <span class='ocr_line' id='line_1_16' title="bbox 2367 1412 3963 1490; baseline 0.003 -26"><span class='ocrx_word' id='word_1_100' title='bbox 2367 1419 2461 1465; x_wconf 85' lang='grc' dir='ltr'>πᾶν</span> <span class='ocrx_word' id='word_1_101' title='bbox 2487 1424 2581 1477; x_wconf 73' lang='grc' dir='ltr'>τῆς</span> <span class='ocrx_word' id='word_1_102' title='bbox 2609 1412 2815 1477; x_wconf 76' lang='grc' dir='ltr'><strong>ἐλπίδος</strong></span> <span class='ocrx_word' id='word_1_103' title='bbox 2846 1415 3200 1490; x_wconf 78' lang='grc' dir='ltr'>ἐπικρεμάσας</span> <span class='ocrx_word' id='word_1_104' title='bbox 3251 1417 3321 1478; x_wconf 83' lang='grc' dir='ltr'><strong>εἰς</strong></span> <span class='ocrx_word' id='word_1_105' title='bbox 3381 1420 3466 1469; x_wconf 85' lang='grc' dir='ltr'>τὸν</span> <span class='ocrx_word' id='word_1_106' title='bbox 3498 1417 3687 1477; x_wconf 80' lang='grc' dir='ltr'>ζῶντα,</span> <span class='ocrx_word' id='word_1_107' title='bbox 3735 1421 3827 1469; x_wconf 78' lang='grc' dir='ltr'>καὶ</span> <span class='ocrx_word' id='word_1_108' title='bbox 3874 1420 3963 1468; x_wconf 88' lang='grc' dir='ltr'><strong>τόν</strong></span> 
     </span>
    </p>
   </div>
   <div class='ocr_carea' id='block_1_17' title="bbox 588 1500 2256 1581">
    <p class='ocr_par' dir='ltr' id='par_1_17' title="bbox 588 1500 2252 1576">
     <span class='ocr_line' id='line_1_17' title="bbox 588 1500 2252 1576; baseline 0.002 -20"><span class='ocrx_word' id='word_1_109' title='bbox 588 1501 693 1574; x_wconf 89' lang='lat' dir='ltr'><strong>qui</strong></span> <span class='ocrx_word' id='word_1_110' title='bbox 713 1500 788 1557; x_wconf 89' lang='lat' dir='ltr'><strong>de</strong></span> <span class='ocrx_word' id='word_1_111' title='bbox 808 1501 960 1557; x_wconf 70' lang='lat' dir='ltr'><strong>coelo</strong></span> <span class='ocrx_word' id='word_1_112' title='bbox 975 1501 1305 1566; x_wconf 87' lang='lat' dir='ltr'><strong>descendit,</strong></span> <span class='ocrx_word' id='word_1_113' title='bbox 1326 1503 1983 1576; x_wconf 87' lang='lat' dir='ltr'><strong>mundumqueafame:</strong></span> <span class='ocrx_word' id='word_1_114' title='bbox 2016 1504 2252 1560; x_wconf 78' lang='lat' dir='ltr'><strong>animas</strong></span> 
     </span>
    </p>
   </div>
   <div class='ocr_carea' id='block_1_18' title="bbox 2367 1500 3964 1581">
    <p class='ocr_par' dir='ltr' id='par_1_18' title="bbox 2367 1500 3964 1581">
     <span class='ocr_line' id='line_1_18' title="bbox 2367 1500 3964 1581; baseline 0.003 -28"><span class='ocrx_word' id='word_1_115' title='bbox 2367 1500 2414 1565; x_wconf 78' lang='grc' dir='ltr'><strong>ἐξ</strong></span> <span class='ocrx_word' id='word_1_116' title='bbox 2452 1503 2671 1575; x_wconf 70' lang='grc' dir='ltr'>οὐρανοῦ</span> <span class='ocrx_word' id='word_1_117' title='bbox 2708 1505 3124 1571; x_wconf 74' lang='grc' dir='ltr'>καταϐεϐηκότα,</span> <span class='ocrx_word' id='word_1_118' title='bbox 3184 1526 3274 1559; x_wconf 88' lang='grc' dir='ltr'><strong>και</strong></span> <span class='ocrx_word' id='word_1_119' title='bbox 3348 1513 3442 1568; x_wconf 77' lang='grc' dir='ltr'>τῆς</span> <span class='ocrx_word' id='word_1_120' title='bbox 3496 1505 3833 1581; x_wconf 71' lang='grc' dir='ltr'>ψυχολέθρου</span> <span class='ocrx_word' id='word_1_121' title='bbox 3885 1504 3964 1557; x_wconf 83' lang='grc' dir='ltr'>λι-</span> 
     </span>
    </p>
   </div>
   <div class='ocr_carea' id='block_1_19' title="bbox 590 1589 2250 1664">
    <p class='ocr_par' dir='ltr' id='par_1_19' title="bbox 590 1589 2250 1664">
     <span class='ocr_line' id='line_1_19' title="bbox 590 1589 2250 1664; baseline 0.002 -19"><span class='ocrx_word' id='word_1_122' title='bbox 590 1589 895 1662; x_wconf 82' lang='lat' dir='ltr'><strong>perdente,</strong></span> <span class='ocrx_word' id='word_1_123' title='bbox 917 1589 1209 1659; x_wconf 77' lang='lat' dir='ltr'><strong>liberavit;</strong></span> <span class='ocrx_word' id='word_1_124' title='bbox 1232 1590 1337 1664; x_wconf 88' lang='lat' dir='ltr'><strong>qui</strong></span> <span class='ocrx_word' id='word_1_125' title='bbox 1360 1591 1558 1664; x_wconf 81' lang='lat' dir='ltr'><strong>etipse</strong></span> <span class='ocrx_word' id='word_1_126' title='bbox 1579 1596 1668 1649; x_wconf 91' lang='lat' dir='ltr'><strong>est</strong></span> <span class='ocrx_word' id='word_1_127' title='bbox 1679 1593 2100 1649; x_wconf 82' lang='lat' dir='ltr'><strong>vestimentum</strong></span> <span class='ocrx_word' id='word_1_128' title='bbox 2149 1609 2250 1649; x_wconf 87' lang='lat' dir='ltr'><strong>sa-</strong></span> 
     </span>
    </p>
   </div>
   <div class='ocr_carea' id='block_1_20' title="bbox 588 1678 2256 1760">
    <p class='ocr_par' dir='ltr' id='par_1_20' title="bbox 588 1678 2249 1755">
     <span class='ocr_line' id='line_1_20' title="bbox 588 1678 2249 1755; baseline 0.003 -21"><span class='ocrx_word' id='word_1_129' title='bbox 588 1678 1280 1751; x_wconf 69' lang='lat' dir='ltr'><strong>lutis,ettunicalmtitiae</strong></span> <span class='ocrx_word' id='word_1_130' title='bbox 1302 1696 1375 1736; x_wconf 83' lang='lat' dir='ltr'><strong>ex</strong></span> <span class='ocrx_word' id='word_1_131' title='bbox 1417 1682 1759 1738; x_wconf 66' lang='lat' dir='ltr'><strong>caelestibus</strong></span> <span class='ocrx_word' id='word_1_132' title='bbox 1803 1688 2100 1746; x_wconf 79' lang='lat' dir='ltr'><strong>contexta,</strong></span> <span class='ocrx_word' id='word_1_133' title='bbox 2145 1684 2249 1755; x_wconf 91' lang='lat' dir='ltr'><strong>qui</strong></span> 
     </span>
    </p>
   </div>
   <div class='ocr_carea' id='block_1_21' title="bbox 2367 1678 3962 1760">
    <p class='ocr_par' dir='ltr' id='par_1_21' title="bbox 2367 1682 3962 1760">
     <span class='ocr_line' id='line_1_21' title="bbox 2367 1682 3962 1760; baseline 0.002 -28"><span class='ocrx_word' id='word_1_134' title='bbox 2367 1682 2565 1752; x_wconf 82' lang='grc' dir='ltr'>ἱμάτιον</span> <span class='ocrx_word' id='word_1_135' title='bbox 2624 1689 2918 1757; x_wconf 73' lang='grc' dir='ltr'><strong>σωτηρίου,</strong></span> <span class='ocrx_word' id='word_1_136' title='bbox 2978 1689 3069 1738; x_wconf 85' lang='grc' dir='ltr'>καὶ</span> <span class='ocrx_word' id='word_1_137' title='bbox 3117 1690 3284 1757; x_wconf 70' lang='grc' dir='ltr'>χιτὼν</span> <span class='ocrx_word' id='word_1_138' title='bbox 3364 1685 3681 1760; x_wconf 64' lang='grc' dir='ltr'>εὐφροσύνης</span> <span class='ocrx_word' id='word_1_139' title='bbox 3752 1683 3809 1736; x_wconf 78' lang='grc' dir='ltr'>ἐκ</span> <span class='ocrx_word' id='word_1_140' title='bbox 3859 1692 3962 1736; x_wconf 81' lang='grc' dir='ltr'><strong>τῶν</strong></span> 
     </span>
    </p>
   </div>
   <div class='ocr_carea' id='block_1_22' title="bbox 588 1767 2256 1847">
    <p class='ocr_par' dir='ltr' id='par_1_22' title="bbox 588 1767 2249 1842">
     <span class='ocr_line' id='line_1_22' title="bbox 588 1767 2249 1842; baseline 0.002 -18"><span class='ocrx_word' id='word_1_141' title='bbox 588 1768 864 1824; x_wconf 90' lang='lat' dir='ltr'><strong>omnium</strong></span> <span class='ocrx_word' id='word_1_142' title='bbox 891 1767 1104 1825; x_wconf 79' lang='lat' dir='ltr'><strong>Adami</strong></span> <span class='ocrx_word' id='word_1_143' title='bbox 1126 1773 1503 1842; x_wconf 82' lang='lat' dir='ltr'><strong>posterorum</strong></span> <span class='ocrx_word' id='word_1_144' title='bbox 1545 1769 1878 1826; x_wconf 82' lang='lat' dir='ltr'><strong>nuditatem</strong></span> <span class='ocrx_word' id='word_1_145' title='bbox 1914 1772 2071 1827; x_wconf 79' lang='lat' dir='ltr'><strong>texit.</strong></span> <span class='ocrx_word' id='word_1_146' title='bbox 2117 1771 2249 1835; x_wconf 89' lang='lat' dir='ltr'><strong>Qui-</strong></span> 
     </span>
    </p>
   </div>
   <div class='ocr_carea' id='block_1_23' title="bbox 2367 1767 3959 1847">
    <p class='ocr_par' dir='ltr' id='par_1_23' title="bbox 2367 1770 3959 1847">
     <span class='ocr_line' id='line_1_23' title="bbox 2367 1770 3959 1847; baseline 0.003 -26"><span class='ocrx_word' id='word_1_147' title='bbox 2367 1771 2551 1823; x_wconf 68' lang='grc' dir='ltr'>ἄνωθεν</span> <span class='ocrx_word' id='word_1_148' title='bbox 2607 1773 2847 1844; x_wconf 71' lang='grc' dir='ltr'>ὑφαντὸς,</span> <span class='ocrx_word' id='word_1_149' title='bbox 2890 1774 2915 1825; x_wconf 87' lang='grc' dir='ltr'><strong><em>ὁ</em></strong></span> <span class='ocrx_word' id='word_1_150' title='bbox 2964 1776 3168 1826; x_wconf 88' lang='grc' dir='ltr'>πάντων</span> <span class='ocrx_word' id='word_1_151' title='bbox 3213 1794 3314 1825; x_wconf 87' lang='grc' dir='ltr'>των</span> <span class='ocrx_word' id='word_1_152' title='bbox 3356 1773 3411 1837; x_wconf 75' lang='grc' dir='ltr'><strong>ἒξ</strong></span> <span class='ocrx_word' id='word_1_153' title='bbox 3465 1770 3641 1847; x_wconf 78' lang='grc' dir='ltr'>Ἀδὰμ</span> <span class='ocrx_word' id='word_1_154' title='bbox 3701 1779 3959 1847; x_wconf 81' lang='grc' dir='ltr'>περιστεί-</span> 
     </span>
    </p>
   </div>
   <div class='ocr_carea' id='block_1_24' title="bbox 592 1858 2246 1930">
    <p class='ocr_par' dir='ltr' id='par_1_24' title="bbox 592 1858 2246 1930">
     <span class='ocr_line' id='line_1_24' title="bbox 592 1858 2246 1930; baseline 0.002 -17"><span class='ocrx_word' id='word_1_155' title='bbox 592 1866 831 1930; x_wconf 79' lang='lat' dir='ltr'><strong>cunque</strong></span> <span class='ocrx_word' id='word_1_156' title='bbox 859 1859 1021 1914; x_wconf 88' lang='lat' dir='ltr'><strong>enim</strong></span> <span class='ocrx_word' id='word_1_157' title='bbox 1042 1860 1107 1915; x_wconf 88' lang='lat' dir='ltr'><strong>in</strong></span> <span class='ocrx_word' id='word_1_158' title='bbox 1131 1858 1370 1915; x_wconf 79' lang='lat' dir='ltr'><strong>Christo</strong></span> <span class='ocrx_word' id='word_1_159' title='bbox 1393 1858 1686 1930; x_wconf 83' lang='lat' dir='ltr'><strong>baptizati</strong></span> <span class='ocrx_word' id='word_1_160' title='bbox 1700 1876 1924 1927; x_wconf 90' lang='lat' dir='ltr'><strong>sumus,</strong></span> <span class='ocrx_word' id='word_1_161' title='bbox 1951 1861 2246 1918; x_wconf 86' lang='lat' dir='ltr'><strong>Christum</strong></span> 
     </span>
    </p>
   </div>
   <div class='ocr_carea' id='block_1_25' title="bbox 589 1948 2251 2021">
    <p class='ocr_par' dir='ltr' id='par_1_25' title="bbox 589 1948 2251 2021">
     <span class='ocr_line' id='line_1_25' title="bbox 589 1948 2251 2021; baseline 0.002 -18"><span class='ocrx_word' id='word_1_162' title='bbox 589 1948 897 2004; x_wconf 76' lang='lat' dir='ltr'><strong>induimus</strong></span> <span class='ocrx_word' id='word_1_163' title='bbox 915 1949 960 2001; x_wconf 79' lang='grc'><strong>⁷.</strong></span> <span class='ocrx_word' id='word_1_164' title='bbox 977 1948 1090 2005; x_wconf 89' lang='lat' dir='ltr'><strong>Sed</strong></span> <span class='ocrx_word' id='word_1_165' title='bbox 1104 1948 1397 2021; x_wconf 82' lang='lat' dir='ltr'><strong>quidnam</strong></span> <span class='ocrx_word' id='word_1_166' title='bbox 1418 1948 1713 2021; x_wconf 86' lang='lat' dir='ltr'><strong>populum</strong></span> <span class='ocrx_word' id='word_1_167' title='bbox 1735 1966 1936 2007; x_wconf 86' lang='lat' dir='ltr'><strong>meum</strong></span> <span class='ocrx_word' id='word_1_168' title='bbox 1961 1951 2080 2007; x_wconf 92' lang='lat' dir='ltr'><strong>huc</strong></span> <span class='ocrx_word' id='word_1_169' title='bbox 2113 1967 2251 2007; x_wconf 90' lang='lat' dir='ltr'><strong>con-</strong></span> 
     </span>
    </p>
   </div>
   <div class='ocr_carea' id='block_1_26' title="bbox 589 2036 2252 2107">
    <p class='ocr_par' dir='ltr' id='par_1_26' title="bbox 589 2036 2252 2107">
     <span class='ocr_line' id='line_1_26' title="bbox 589 2036 2252 2107; baseline 0.003 -16"><span class='ocrx_word' id='word_1_170' title='bbox 589 2036 854 2093; x_wconf 81' lang='lat' dir='ltr'><strong>vocavit?</strong></span> <span class='ocrx_word' id='word_1_171' title='bbox 876 2036 1040 2093; x_wconf 86' lang='lat' dir='ltr'><strong>Unde</strong></span> <span class='ocrx_word' id='word_1_172' title='bbox 1062 2038 1174 2093; x_wconf 88' lang='lat' dir='ltr'><strong>ista</strong></span> <span class='ocrx_word' id='word_1_173' title='bbox 1198 2042 1317 2093; x_wconf 87' lang='lat' dir='ltr'><strong>tam</strong></span> <span class='ocrx_word' id='word_1_174' title='bbox 1342 2037 1596 2107; x_wconf 84' lang='lat' dir='ltr'><strong>insignis</strong></span> <span class='ocrx_word' id='word_1_175' title='bbox 1642 2038 1882 2095; x_wconf 86' lang='lat' dir='ltr'><strong>concio?</strong></span> <span class='ocrx_word' id='word_1_176' title='bbox 1930 2040 2059 2106; x_wconf 85' lang='lat' dir='ltr'><strong>Qua</strong></span> <span class='ocrx_word' id='word_1_177' title='bbox 2110 2056 2252 2096; x_wconf 91' lang='lat' dir='ltr'><strong>con-</strong></span> 
     </span>
    </p>
   </div>
   <div class='ocr_carea' id='block_1_27' title="bbox 595 2125 2252 2202">
    <p class='ocr_par' dir='ltr' id='par_1_27' title="bbox 595 2125 2252 2202">
     <span class='ocr_line' id='line_1_27' title="bbox 595 2125 2252 2202; baseline 0.002 -22"><span class='ocrx_word' id='word_1_178' title='bbox 595 2125 868 2182; x_wconf 86' lang='lat' dir='ltr'><strong>ventione</strong></span> <span class='ocrx_word' id='word_1_179' title='bbox 894 2141 1063 2182; x_wconf 89' lang='lat' dir='ltr'><strong>sacer</strong></span> <span class='ocrx_word' id='word_1_180' title='bbox 1083 2126 1192 2182; x_wconf 89' lang='lat' dir='ltr'><strong>iste</strong></span> <span class='ocrx_word' id='word_1_181' title='bbox 1212 2126 1501 2182; x_wconf 79' lang='lat' dir='ltr'><strong>exercitus</strong></span> <span class='ocrx_word' id='word_1_182' title='bbox 1522 2133 1768 2183; x_wconf 88' lang='lat' dir='ltr'><strong>coactus</strong></span> <span class='ocrx_word' id='word_1_183' title='bbox 1792 2134 1881 2184; x_wconf 90' lang='lat' dir='ltr'><strong>est</strong></span> <span class='ocrx_word' id='word_1_184' title='bbox 1902 2128 1931 2185; x_wconf 85' lang='lat'><strong>?</strong></span> <span class='ocrx_word' id='word_1_185' title='bbox 1979 2135 2062 2185; x_wconf 89' lang='lat' dir='ltr'><strong>An</strong></span> <span class='ocrx_word' id='word_1_186' title='bbox 2109 2130 2252 2202; x_wconf 82' lang='lat' dir='ltr'><strong>quia</strong></span> 
     </span>
    </p>
   </div>
   <div class='ocr_carea' id='block_1_28' title="bbox 594 2214 2253 2288">
    <p class='ocr_par' dir='ltr' id='par_1_28' title="bbox 594 2214 2253 2288">
     <span class='ocr_line' id='line_1_28' title="bbox 594 2214 2253 2288; baseline 0.002 -17"><span class='ocrx_word' id='word_1_187' title='bbox 594 2228 734 2271; x_wconf 89' lang='lat' dir='ltr'><strong>cum</strong></span> <span class='ocrx_word' id='word_1_188' title='bbox 763 2219 1068 2287; x_wconf 84' lang='lat' dir='ltr'><strong>sceptrum</strong></span> <span class='ocrx_word' id='word_1_189' title='bbox 1090 2214 1315 2288; x_wconf 89' lang='lat' dir='ltr'><strong>ubique</strong></span> <span class='ocrx_word' id='word_1_190' title='bbox 1337 2216 1644 2285; x_wconf 84' lang='lat' dir='ltr'><strong>regnantis</strong></span> <span class='ocrx_word' id='word_1_191' title='bbox 1666 2217 1839 2286; x_wconf 89' lang='lat' dir='ltr'><strong>Regis</strong></span> <span class='ocrx_word' id='word_1_192' title='bbox 1860 2218 1976 2273; x_wconf 90' lang='lat' dir='ltr'><strong>hoc</strong></span> <span class='ocrx_word' id='word_1_193' title='bbox 1997 2217 2130 2274; x_wconf 92' lang='lat' dir='ltr'><strong>loco</strong></span> <span class='ocrx_word' id='word_1_194' title='bbox 2148 2217 2253 2274; x_wconf 86' lang='lat' dir='ltr'><strong>ho-</strong></span> 
     </span>
    </p>
   </div>
   <div class='ocr_carea' id='block_1_29' title="bbox 593 2303 2254 2380">
    <p class='ocr_par' dir='ltr' id='par_1_29' title="bbox 593 2303 2254 2380">
     <span class='ocr_line' id='line_1_29' title="bbox 593 2303 2254 2380; baseline 0.002 -21"><span class='ocrx_word' id='word_1_195' title='bbox 593 2303 692 2360; x_wconf 89' lang='lat' dir='ltr'><strong>die</strong></span> <span class='ocrx_word' id='word_1_196' title='bbox 711 2303 1019 2368; x_wconf 79' lang='lat' dir='ltr'><strong>exaltetur,</strong></span> <span class='ocrx_word' id='word_1_197' title='bbox 1052 2303 1417 2376; x_wconf 88' lang='lat' dir='ltr'><strong>signumque</strong></span> <span class='ocrx_word' id='word_1_198' title='bbox 1460 2304 1667 2360; x_wconf 91' lang='lat' dir='ltr'><strong>omnia</strong></span> <span class='ocrx_word' id='word_1_199' title='bbox 1696 2307 1948 2361; x_wconf 86' lang='lat' dir='ltr'><strong>tenentis</strong></span> <span class='ocrx_word' id='word_1_200' title='bbox 1994 2308 2254 2380; x_wconf 85' lang='lat' dir='ltr'><strong>impera-</strong></span> 
     </span>
    </p>
   </div>
   <div class='ocr_carea' id='block_1_30' title="bbox 594 2392 2257 2464">
    <p class='ocr_par' dir='ltr' id='par_1_30' title="bbox 594 2392 2257 2464">
     <span class='ocr_line' id='line_1_30' title="bbox 594 2392 2257 2464; baseline 0.002 -15"><span class='ocrx_word' id='word_1_201' title='bbox 594 2393 738 2449; x_wconf 82' lang='lat' dir='ltr'><strong>toris</strong></span> <span class='ocrx_word' id='word_1_202' title='bbox 759 2392 1046 2448; x_wconf 84' lang='lat' dir='ltr'><strong>eximium</strong></span> <span class='ocrx_word' id='word_1_203' title='bbox 1068 2392 1127 2448; x_wconf 88' lang='lat' dir='ltr'><strong>in</strong></span> <span class='ocrx_word' id='word_1_204' title='bbox 1151 2392 1333 2464; x_wconf 89' lang='lat' dir='ltr'><strong>hujus</strong></span> <span class='ocrx_word' id='word_1_205' title='bbox 1355 2392 1560 2464; x_wconf 86' lang='lat' dir='ltr'><strong>templi</strong></span> <span class='ocrx_word' id='word_1_206' title='bbox 1596 2393 1766 2449; x_wconf 86' lang='lat' dir='ltr'><strong>altari</strong></span> <span class='ocrx_word' id='word_1_207' title='bbox 1782 2394 2138 2452; x_wconf 89' lang='lat' dir='ltr'><strong>collocatum</strong></span> <span class='ocrx_word' id='word_1_208' title='bbox 2183 2396 2257 2453; x_wconf 88' lang='lat' dir='ltr'><strong>sit</strong></span> 
     </span>
    </p>
   </div>
   <div class='ocr_carea' id='block_1_31' title="bbox 595 2485 2229 2556">
    <p class='ocr_par' dir='ltr' id='par_1_31' title="bbox 595 2485 2229 2556">
     <span class='ocr_line' id='line_1_31' title="bbox 595 2485 2229 2556; baseline 0.003 -19"><span class='ocrx_word' id='word_1_209' title='bbox 595 2486 654 2537; x_wconf 91' lang='lat' dir='ltr'><strong>et</strong></span> <span class='ocrx_word' id='word_1_210' title='bbox 677 2487 965 2544; x_wconf 87' lang='lat' dir='ltr'><strong>erectum.</strong></span> <span class='ocrx_word' id='word_1_211' title='bbox 1003 2496 1381 2554; x_wconf 87' lang='lat' dir='ltr'><strong>consequens</strong></span> <span class='ocrx_word' id='word_1_212' title='bbox 1410 2487 1518 2545; x_wconf 87' lang='lat' dir='ltr'><strong>est,</strong></span> <span class='ocrx_word' id='word_1_213' title='bbox 1542 2487 1682 2538; x_wconf 87' lang='lat' dir='ltr'><strong>utet</strong></span> <span class='ocrx_word' id='word_1_214' title='bbox 1726 2486 2102 2556; x_wconf 88' lang='lat' dir='ltr'><strong>Imperatoris</strong></span> <span class='ocrx_word' id='word_1_215' title='bbox 2149 2485 2229 2541; x_wconf 88' lang='lat' dir='ltr'><strong>mi</strong></span> 
     </span>
    </p>
   </div>
   <div class='ocr_carea' id='block_1_32' title="bbox 595 2570 2252 2648">
    <p class='ocr_par' dir='ltr' id='par_1_32' title="bbox 595 2570 2252 2648">
     <span class='ocr_line' id='line_1_32' title="bbox 595 2570 2252 2648; baseline 0.002 -21"><span class='ocrx_word' id='word_1_216' title='bbox 595 2570 729 2627; x_wconf 84' lang='lat' dir='ltr'><strong>lites</strong></span> <span class='ocrx_word' id='word_1_217' title='bbox 753 2577 812 2627; x_wconf 90' lang='lat' dir='ltr'><strong>et</strong></span> <span class='ocrx_word' id='word_1_218' title='bbox 832 2571 1111 2628; x_wconf 89' lang='lat' dir='ltr'><strong>satellites</strong></span> <span class='ocrx_word' id='word_1_219' title='bbox 1132 2572 1292 2627; x_wconf 87' lang='lat' dir='ltr'><strong>circa</strong></span> <span class='ocrx_word' id='word_1_220' title='bbox 1311 2570 1426 2626; x_wconf 89' lang='lat' dir='ltr'><strong>hoc</strong></span> <span class='ocrx_word' id='word_1_221' title='bbox 1448 2577 1749 2644; x_wconf 86' lang='lat' dir='ltr'><strong>sceptrum</strong></span> <span class='ocrx_word' id='word_1_222' title='bbox 1773 2579 1968 2630; x_wconf 86' lang='lat' dir='ltr'><strong>castra</strong></span> <span class='ocrx_word' id='word_1_223' title='bbox 2000 2582 2252 2648; x_wconf 82' lang='lat' dir='ltr'><strong>ponant.</strong></span> 
     </span>
    </p>
   </div>
   <div class='ocr_carea' id='block_1_33' title="bbox 597 2660 2253 2734">
    <p class='ocr_par' dir='ltr' id='par_1_33' title="bbox 597 2660 2253 2734">
     <span class='ocr_line' id='line_1_33' title="bbox 597 2660 2253 2734; baseline 0.002 -16"><span class='ocrx_word' id='word_1_224' title='bbox 597 2665 655 2718; x_wconf 89' lang='lat' dir='ltr'><strong>et</strong></span> <span class='ocrx_word' id='word_1_225' title='bbox 697 2660 952 2717; x_wconf 87' lang='lat' dir='ltr'><strong>tentoria</strong></span> <span class='ocrx_word' id='word_1_226' title='bbox 991 2660 1225 2732; x_wconf 82' lang='lat' dir='ltr'><strong>ﬁgant?</strong></span> <span class='ocrx_word' id='word_1_227' title='bbox 1248 2663 1432 2716; x_wconf 76' lang='lat' dir='ltr'><strong>Macte</strong></span> <span class='ocrx_word' id='word_1_228' title='bbox 1452 2661 1675 2734; x_wconf 90' lang='lat' dir='ltr'><strong>popule</strong></span> <span class='ocrx_word' id='word_1_229' title='bbox 1694 2661 1889 2719; x_wconf 77' lang='lat' dir='ltr'><strong>fidelis</strong></span> <span class='ocrx_word' id='word_1_230' title='bbox 1930 2664 2253 2721; x_wconf 88' lang='lat' dir='ltr'><strong>Conditori.</strong></span> 
     </span>
    </p>
   </div>
   <div class='ocr_carea' id='block_1_34' title="bbox 596 2748 2259 2820">
    <p class='ocr_par' dir='ltr' id='par_1_34' title="bbox 596 2748 2259 2820">
     <span class='ocr_line' id='line_1_34' title="bbox 596 2748 2259 2820; baseline 0.003 -15"><span class='ocrx_word' id='word_1_231' title='bbox 596 2751 777 2806; x_wconf 77' lang='lat' dir='ltr'><strong>Macte</strong></span> <span class='ocrx_word' id='word_1_232' title='bbox 805 2748 1225 2806; x_wconf 86' lang='lat' dir='ltr'><strong>benevolentia</strong></span> <span class='ocrx_word' id='word_1_233' title='bbox 1244 2763 1387 2820; x_wconf 88' lang='lat' dir='ltr'><strong>erga</strong></span> <span class='ocrx_word' id='word_1_234' title='bbox 1409 2748 1751 2818; x_wconf 87' lang='lat' dir='ltr'><strong>Dominum;</strong></span> <span class='ocrx_word' id='word_1_235' title='bbox 1778 2759 1973 2808; x_wconf 87' lang='lat' dir='ltr'><strong>macte</strong></span> <span class='ocrx_word' id='word_1_236' title='bbox 2017 2757 2072 2809; x_wconf 87' lang='lat' dir='ltr'><strong>et</strong></span> <span class='ocrx_word' id='word_1_237' title='bbox 2119 2753 2259 2810; x_wconf 83' lang='lat' dir='ltr'><strong>obe-</strong></span> 
     </span>
    </p>
   </div>
   <div class='ocr_carea' id='block_1_35' title="bbox 596 2837 839 2897">
    <p class='ocr_par' dir='ltr' id='par_1_35' title="bbox 596 2837 839 2897">
     <span class='ocr_line' id='line_1_35' title="bbox 596 2837 839 2897; baseline -0.004 -2"><span class='ocrx_word' id='word_1_238' title='bbox 596 2837 839 2897; x_wconf 90' lang='lat' dir='ltr'><strong>dientia.</strong></span> 
     </span>
    </p>
   </div>
   <div class='ocr_carea' id='block_1_36' title="bbox 671 2928 2256 3012">
    <p class='ocr_par' dir='ltr' id='par_1_36' title="bbox 671 2936 2256 3012">
     <span class='ocr_line' id='line_1_36' title="bbox 671 2936 2256 3012; baseline 0.003 -19"><span class='ocrx_word' id='word_1_239' title='bbox 671 2937 823 3004; x_wconf 83' lang='lat' dir='ltr'><strong>Quid</strong></span> <span class='ocrx_word' id='word_1_240' title='bbox 848 2938 1046 3008; x_wconf 88' lang='lat' dir='ltr'><strong>igitur,</strong></span> <span class='ocrx_word' id='word_1_241' title='bbox 1075 2954 1113 2994; x_wconf 92' lang='grc' dir='ltr'><strong>ο</strong></span> <span class='ocrx_word' id='word_1_242' title='bbox 1160 2936 1383 3008; x_wconf 86' lang='lat' dir='ltr'><strong>egregii</strong></span> <span class='ocrx_word' id='word_1_243' title='bbox 1425 2936 1636 2994; x_wconf 85' lang='lat' dir='ltr'><strong>Christi</strong></span> <span class='ocrx_word' id='word_1_244' title='bbox 1687 2938 1920 3012; x_wconf 85' lang='lat' dir='ltr'><strong>milites,</strong></span> <span class='ocrx_word' id='word_1_245' title='bbox 1972 2946 2031 2996; x_wconf 88' lang='lat' dir='ltr'><strong>et</strong></span> <span class='ocrx_word' id='word_1_246' title='bbox 2071 2941 2256 2997; x_wconf 88' lang='lat' dir='ltr'><strong>electa</strong></span> 
     </span>
    </p>
   </div>
   <div class='ocr_carea' id='block_1_37' title="bbox 2367 2928 3972 3012">
    <p class='ocr_par' dir='ltr' id='par_1_37' title="bbox 2437 2928 3972 3010">
     <span class='ocr_line' id='line_1_37' title="bbox 2437 2928 3972 3010; baseline 0.002 -27"><span class='ocrx_word' id='word_1_247' title='bbox 2437 2936 2501 2983; x_wconf 89' lang='grc' dir='ltr'>Τί</span> <span class='ocrx_word' id='word_1_248' title='bbox 2543 2928 2632 2984; x_wconf 83' lang='grc' dir='ltr'>οὖν</span> <span class='ocrx_word' id='word_1_249' title='bbox 2690 2930 2729 2985; x_wconf 82' lang='grc' dir='ltr'><strong><em>ὦ</em></strong></span> <span class='ocrx_word' id='word_1_250' title='bbox 2783 2933 2934 2987; x_wconf 75' lang='grc' dir='ltr'>καλοὶ</span> <span class='ocrx_word' id='word_1_251' title='bbox 2993 2940 3312 3010; x_wconf 84' lang='grc' dir='ltr'>στρατίῶται</span> <span class='ocrx_word' id='word_1_252' title='bbox 3363 2935 3619 3010; x_wconf 74' lang='grc' dir='ltr'>Χριστοῦ,</span> <span class='ocrx_word' id='word_1_253' title='bbox 3689 2939 3779 2987; x_wconf 84' lang='grc' dir='ltr'>καὶ</span> <span class='ocrx_word' id='word_1_254' title='bbox 3836 2953 3972 3006; x_wconf 87' lang='grc' dir='ltr'>παρ-</span> 
     </span>
    </p>
   </div>
   <div class='ocr_carea' id='block_1_38' title="bbox 600 3019 2256 3100">
    <p class='ocr_par' dir='ltr' id='par_1_38' title="bbox 600 3025 2256 3099">
     <span class='ocr_line' id='line_1_38' title="bbox 600 3025 2256 3099; baseline 0.003 -17"><span class='ocrx_word' id='word_1_255' title='bbox 600 3026 697 3082; x_wconf 89' lang='lat' dir='ltr'><strong>Dei</strong></span> <span class='ocrx_word' id='word_1_256' title='bbox 726 3031 922 3091; x_wconf 85' lang='lat' dir='ltr'><strong>castra</strong></span> <span class='ocrx_word' id='word_1_257' title='bbox 941 3027 970 3082; x_wconf 83' lang='lat'><strong>?</strong></span> <span class='ocrx_word' id='word_1_258' title='bbox 991 3029 1143 3082; x_wconf 88' lang='lat' dir='ltr'><strong>Num</strong></span> <span class='ocrx_word' id='word_1_259' title='bbox 1167 3025 1310 3081; x_wconf 88' lang='lat' dir='ltr'><strong>satis</strong></span> <span class='ocrx_word' id='word_1_260' title='bbox 1334 3025 1506 3083; x_wconf 89' lang='lat' dir='ltr'><strong>vobis</strong></span> <span class='ocrx_word' id='word_1_261' title='bbox 1549 3028 1657 3082; x_wconf 91' lang='lat' dir='ltr'><strong>erit</strong></span> <span class='ocrx_word' id='word_1_262' title='bbox 1704 3027 1823 3083; x_wconf 89' lang='lat' dir='ltr'><strong>huc</strong></span> <span class='ocrx_word' id='word_1_263' title='bbox 1880 3031 2256 3099; x_wconf 88' lang='lat' dir='ltr'><strong>convenisse,</strong></span> 
     </span>
    </p>
   </div>
   <div class='ocr_carea' id='block_1_39' title="bbox 2367 3019 3977 3100">
    <p class='ocr_par' dir='ltr' id='par_1_39' title="bbox 2369 3019 3977 3100">
     <span class='ocr_line' id='line_1_39' title="bbox 2369 3019 3977 3100; baseline 0.003 -29"><span class='ocrx_word' id='word_1_264' title='bbox 2369 3019 2555 3092; x_wconf 73' lang='grc' dir='ltr'>εμϐολὴ</span> <span class='ocrx_word' id='word_1_265' title='bbox 2599 3030 2734 3075; x_wconf 81' lang='grc' dir='ltr'>Θεοῦ</span> <span class='ocrx_word' id='word_1_266' title='bbox 2790 3022 3043 3093; x_wconf 75' lang='grc' dir='ltr'><strong>ἐκλεκτῆς</strong></span> <span class='ocrx_word' id='word_1_267' title='bbox 3104 3025 3375 3100; x_wconf 83' lang='grc' dir='ltr'>’Λρκείσθε</span> <span class='ocrx_word' id='word_1_268' title='bbox 3430 3028 3585 3097; x_wconf 83' lang='grc' dir='ltr'>μόνον</span> <span class='ocrx_word' id='word_1_269' title='bbox 3632 3032 3696 3097; x_wconf 73' lang='grc' dir='ltr'>τῇ</span> <span class='ocrx_word' id='word_1_270' title='bbox 3747 3023 3977 3077; x_wconf 79' lang='grc' dir='ltr'>ἐνταῦθα</span> 
     </span>
    </p>
   </div>
   <div class='ocr_carea' id='block_1_40' title="bbox 598 3105 2256 3189">
    <p class='ocr_par' dir='ltr' id='par_1_40' title="bbox 598 3113 2256 3189">
     <span class='ocr_line' id='line_1_40' title="bbox 598 3113 2256 3189; baseline 0.002 -18"><span class='ocrx_word' id='word_1_271' title='bbox 598 3130 794 3187; x_wconf 80' lang='lat' dir='ltr'><strong>neque</strong></span> <span class='ocrx_word' id='word_1_272' title='bbox 806 3114 1142 3187; x_wconf 86' lang='lat' dir='ltr'><strong>quidquam</strong></span> <span class='ocrx_word' id='word_1_273' title='bbox 1157 3113 1419 3187; x_wconf 89' lang='lat' dir='ltr'><strong>amplius</strong></span> <span class='ocrx_word' id='word_1_274' title='bbox 1429 3114 1996 3189; x_wconf 70' lang='lat' dir='ltr'><strong>praestabitis,quam</strong></span> <span class='ocrx_word' id='word_1_275' title='bbox 2013 3125 2073 3173; x_wconf 94' lang='lat' dir='ltr'><strong>ut</strong></span> <span class='ocrx_word' id='word_1_276' title='bbox 2086 3120 2256 3189; x_wconf 82' lang='lat' dir='ltr'><strong>Regis</strong></span> 
     </span>
    </p>
   </div>
   <div class='ocr_carea' id='block_1_41' title="bbox 2367 3105 3976 3189">
    <p class='ocr_par' dir='ltr' id='par_1_41' title="bbox 2373 3105 3976 3186">
     <span class='ocr_line' id='line_1_41' title="bbox 2373 3105 3976 3186; baseline 0.004 -27"><span class='ocrx_word' id='word_1_277' title='bbox 2373 3105 2643 3183; x_wconf 78' lang='grc' dir='ltr'>συνδρομῇ</span> <span class='ocrx_word' id='word_1_278' title='bbox 2702 3117 2790 3164; x_wconf 84' lang='grc' dir='ltr'>καὶ</span> <span class='ocrx_word' id='word_1_279' title='bbox 2841 3109 2994 3165; x_wconf 72' lang='grc' dir='ltr'>οὐδέν</span> <span class='ocrx_word' id='word_1_280' title='bbox 3041 3131 3094 3165; x_wconf 86' lang='grc' dir='ltr'><strong>τι</strong></span> <span class='ocrx_word' id='word_1_281' title='bbox 3131 3113 3280 3167; x_wconf 74' lang='grc' dir='ltr'>πλέον</span> <span class='ocrx_word' id='word_1_282' title='bbox 3335 3120 3427 3166; x_wconf 82' lang='grc' dir='ltr'>τοῦ</span> <span class='ocrx_word' id='word_1_283' title='bbox 3486 3120 3858 3186; x_wconf 79' lang='grc' dir='ltr'>προσκυνῆσαι</span> <span class='ocrx_word' id='word_1_284' title='bbox 3913 3116 3976 3166; x_wconf 85' lang='grc' dir='ltr'>τὸ</span> 
     </span>
    </p>
   </div>
   <div class='ocr_carea' id='block_1_42' title="bbox 601 3198 2256 3279">
    <p class='ocr_par' dir='ltr' id='par_1_42' title="bbox 601 3202 2256 3279">
     <span class='ocr_line' id='line_1_42' title="bbox 601 3202 2256 3279; baseline 0.004 -20"><span class='ocrx_word' id='word_1_285' title='bbox 601 3209 903 3271; x_wconf 85' lang='lat' dir='ltr'><strong>sceptrum</strong></span> <span class='ocrx_word' id='word_1_286' title='bbox 935 3202 1231 3258; x_wconf 82' lang='lat' dir='ltr'><strong>adoretis?</strong></span> <span class='ocrx_word' id='word_1_287' title='bbox 1258 3204 1408 3257; x_wconf 79' lang='lat' dir='ltr'><strong>Num</strong></span> <span class='ocrx_word' id='word_1_288' title='bbox 1432 3207 1491 3259; x_wconf 88' lang='lat' dir='ltr'><strong>et</strong></span> <span class='ocrx_word' id='word_1_289' title='bbox 1510 3217 1684 3260; x_wconf 87' lang='lat' dir='ltr'><strong>arma</strong></span> <span class='ocrx_word' id='word_1_290' title='bbox 1704 3221 1939 3261; x_wconf 88' lang='lat' dir='ltr'><strong>sumere</strong></span> <span class='ocrx_word' id='word_1_291' title='bbox 1961 3207 2256 3279; x_wconf 88' lang='lat' dir='ltr'><strong>cupitis,et</strong></span> 
     </span>
    </p>
   </div>
   <div class='ocr_carea' id='block_1_43' title="bbox 2367 3198 3979 3279">
    <p class='ocr_par' dir='ltr' id='par_1_43' title="bbox 2369 3198 3979 3276">
     <span class='ocr_line' id='line_1_43' title="bbox 2369 3198 3979 3276; baseline 0.004 -28"><span class='ocrx_word' id='word_1_292' title='bbox 2369 3205 2462 3249; x_wconf 82' lang='grc' dir='ltr'>τοῦ</span> <span class='ocrx_word' id='word_1_293' title='bbox 2511 3198 2880 3271; x_wconf 78' lang='grc' dir='ltr'>παμϐασιλίως</span> <span class='ocrx_word' id='word_1_294' title='bbox 2937 3210 3199 3275; x_wconf 69' lang='grc' dir='ltr'>σκῆπτρον</span> <span class='ocrx_word' id='word_1_295' title='bbox 3254 3199 3579 3267; x_wconf 67' lang='grc' dir='ltr'>ἔνδείξεσθεξ</span> <span class='ocrx_word' id='word_1_296' title='bbox 3640 3201 3705 3255; x_wconf 81' lang='grc' dir='ltr'><strong>Ἦ</strong></span> <span class='ocrx_word' id='word_1_297' title='bbox 3771 3204 3979 3276; x_wconf 88' lang='grc' dir='ltr'>προθυ-</span> 
     </span>
    </p>
   </div>
   <div class='ocr_carea' id='block_1_44' title="bbox 602 3289 2256 3367">
    <p class='ocr_par' dir='ltr' id='par_1_44' title="bbox 602 3289 2256 3361">
     <span class='ocr_line' id='line_1_44' title="bbox 602 3289 2256 3361; baseline 0.004 -16"><span class='ocrx_word' id='word_1_298' title='bbox 602 3289 821 3346; x_wconf 89' lang='lat' dir='ltr'><strong>bellum</strong></span> <span class='ocrx_word' id='word_1_299' title='bbox 861 3290 1114 3357; x_wconf 89' lang='lat' dir='ltr'><strong>inire,et</strong></span> <span class='ocrx_word' id='word_1_300' title='bbox 1140 3289 1256 3346; x_wconf 91' lang='lat' dir='ltr'><strong>tela</strong></span> <span class='ocrx_word' id='word_1_301' title='bbox 1301 3290 1500 3361; x_wconf 85' lang='lat' dir='ltr'><strong>jacere</strong></span> <span class='ocrx_word' id='word_1_302' title='bbox 1550 3292 1609 3346; x_wconf 93' lang='lat' dir='ltr'><strong>in</strong></span> <span class='ocrx_word' id='word_1_303' title='bbox 1661 3293 1845 3348; x_wconf 88' lang='lat' dir='ltr'><strong>corda</strong></span> <span class='ocrx_word' id='word_1_304' title='bbox 1877 3294 2256 3352; x_wconf 87' lang='lat' dir='ltr'><strong>inimicorum</strong></span> 
     </span>
    </p>
   </div>
   <div class='ocr_carea' id='block_1_45' title="bbox 2367 3289 3976 3367">
    <p class='ocr_par' dir='ltr' id='par_1_45' title="bbox 2369 3289 3976 3367">
     <span class='ocr_line' id='line_1_45' title="bbox 2369 3289 3976 3367; baseline 0.003 -29"><span class='ocrx_word' id='word_1_305' title='bbox 2369 3289 2550 3359; x_wconf 83' lang='grc' dir='ltr'>μεῖσθε</span> <span class='ocrx_word' id='word_1_306' title='bbox 2596 3294 2686 3342; x_wconf 82' lang='grc' dir='ltr'><strong>καὶ</strong></span> <span class='ocrx_word' id='word_1_307' title='bbox 2726 3289 2859 3343; x_wconf 89' lang='grc' dir='ltr'>ὃπλα</span> <span class='ocrx_word' id='word_1_308' title='bbox 2894 3299 3111 3349; x_wconf 79' lang='grc' dir='ltr'><strong>κινῆσαι</strong></span> <span class='ocrx_word' id='word_1_309' title='bbox 3162 3297 3252 3344; x_wconf 85' lang='grc' dir='ltr'>καὶ</span> <span class='ocrx_word' id='word_1_310' title='bbox 3297 3292 3517 3364; x_wconf 85' lang='grc' dir='ltr'>πόλεμον</span> <span class='ocrx_word' id='word_1_311' title='bbox 3582 3299 3976 3367; x_wconf 82' lang='grc' dir='ltr'>συγκροτῆσαι,</span> 
     </span>
    </p>
   </div>
   <div class='ocr_carea' id='block_1_46' title="bbox 600 3374 2256 3456">
    <p class='ocr_par' dir='ltr' id='par_1_46' title="bbox 600 3378 2256 3456">
     <span class='ocr_line' id='line_1_46' title="bbox 600 3378 2256 3456; baseline 0.004 -21"><span class='ocrx_word' id='word_1_312' title='bbox 600 3379 775 3450; x_wconf 83' lang='lat' dir='ltr'><strong>Regis</strong></span> <span class='ocrx_word' id='word_1_313' title='bbox 791 3379 1006 3436; x_wconf 82' lang='lat' dir='ltr'><strong>nostri?</strong></span> <span class='ocrx_word' id='word_1_314' title='bbox 1034 3378 1377 3452; x_wconf 88' lang='lat' dir='ltr'><strong>lpsamque,</strong></span> <span class='ocrx_word' id='word_1_315' title='bbox 1402 3394 1539 3452; x_wconf 73' lang='lat' dir='ltr'><strong>quea</strong></span> <span class='ocrx_word' id='word_1_316' title='bbox 1563 3379 1642 3439; x_wconf 83' lang='lat' dir='ltr'><strong>al)</strong></span> <span class='ocrx_word' id='word_1_317' title='bbox 1666 3380 1780 3437; x_wconf 89' lang='lat' dir='ltr'><strong>illis</strong></span> <span class='ocrx_word' id='word_1_318' title='bbox 1804 3381 2256 3456; x_wconf 82' lang='lat' dir='ltr'><strong>blasphematur</strong></span> 
     </span>
    </p>
   </div>
   <div class='ocr_carea' id='block_1_47' title="bbox 2367 3374 3979 3456">
    <p class='ocr_par' dir='ltr' id='par_1_47' title="bbox 2368 3374 3979 3455">
     <span class='ocr_line' id='line_1_47' title="bbox 2368 3374 3979 3455; baseline 0.003 -29"><span class='ocrx_word' id='word_1_319' title='bbox 2368 3380 2458 3428; x_wconf 81' lang='lat' dir='ltr'><strong>xui.</strong></span> <span class='ocrx_word' id='word_1_320' title='bbox 2533 3374 2735 3449; x_wconf 78' lang='grc' dir='ltr'><strong>ἀφιέναι</strong></span> <span class='ocrx_word' id='word_1_321' title='bbox 2801 3377 2926 3451; x_wconf 79' lang='grc' dir='ltr'><em>βέλη</em></span> <span class='ocrx_word' id='word_1_322' title='bbox 2985 3382 3121 3432; x_wconf 85' lang='grc' dir='ltr'>κατὰ</span> <span class='ocrx_word' id='word_1_323' title='bbox 3175 3376 3404 3455; x_wconf 83' lang='grc' dir='ltr'><strong>καρδίας</strong></span> <span class='ocrx_word' id='word_1_324' title='bbox 3459 3389 3561 3434; x_wconf 88' lang='grc' dir='ltr'><strong>τῶν</strong></span> <span class='ocrx_word' id='word_1_325' title='bbox 3618 3379 3825 3453; x_wconf 72' lang='grc' dir='ltr'>ἐχθρῶν</span> <span class='ocrx_word' id='word_1_326' title='bbox 3884 3387 3979 3433; x_wconf 79' lang='grc' dir='ltr'>τοῦ</span> 
     </span>
    </p>
   </div>
   <div class='ocr_carea' id='block_1_48' title="bbox 602 3463 2256 3546">
    <p class='ocr_par' dir='ltr' id='par_1_48' title="bbox 602 3466 2256 3546">
     <span class='ocr_line' id='line_1_48' title="bbox 602 3466 2256 3546; baseline 0.004 -23"><span class='ocrx_word' id='word_1_327' title='bbox 602 3466 1324 3537; x_wconf 89' lang='lat' dir='ltr'><strong>etcalumnisincessitur,</strong></span> <span class='ocrx_word' id='word_1_328' title='bbox 1351 3484 1615 3538; x_wconf 87' lang='lat' dir='ltr'><strong>crucem,</strong></span> <span class='ocrx_word' id='word_1_329' title='bbox 1634 3474 1923 3543; x_wconf 87' lang='lat' dir='ltr'><strong>tanquam</strong></span> <span class='ocrx_word' id='word_1_330' title='bbox 1960 3479 2256 3546; x_wconf 77' lang='lat' dir='ltr'><strong>tropteum</strong></span> 
     </span>
    </p>
   </div>
   <div class='ocr_carea' id='block_1_49' title="bbox 2367 3463 3977 3546">
    <p class='ocr_par' dir='ltr' id='par_1_49' title="bbox 2371 3463 3977 3544">
     <span class='ocr_line' id='line_1_49' title="bbox 2371 3463 3977 3544; baseline 0.002 -27"><span class='ocrx_word' id='word_1_331' title='bbox 2371 3463 2631 3537; x_wconf 73' lang='grc' dir='ltr'>βασιλέως</span> <span class='ocrx_word' id='word_1_332' title='bbox 2684 3469 2848 3539; x_wconf 78' lang='grc' dir='ltr'>ἡμῶν,</span> <span class='ocrx_word' id='word_1_333' title='bbox 2927 3473 3018 3521; x_wconf 80' lang='grc' dir='ltr'>καὶ</span> <span class='ocrx_word' id='word_1_334' title='bbox 3100 3473 3347 3544; x_wconf 88' lang='grc' dir='ltr'>τρόπαιον</span> <span class='ocrx_word' id='word_1_335' title='bbox 3434 3472 3776 3529; x_wconf 70' lang='grc' dir='ltr'>πτήσασθαι</span> <span class='ocrx_word' id='word_1_336' title='bbox 3854 3470 3977 3522; x_wconf 80' lang='grc' dir='ltr'>κατ’</span> 
     </span>
    </p>
   </div>
   <div class='ocr_carea' id='block_1_50' title="bbox 604 3554 2256 3632">
    <p class='ocr_par' dir='ltr' id='par_1_50' title="bbox 604 3556 2256 3630">
     <span class='ocr_line' id='line_1_50' title="bbox 604 3556 2256 3630; baseline 0.003 -17"><span class='ocrx_word' id='word_1_337' title='bbox 604 3564 813 3614; x_wconf 87' lang='lat' dir='ltr'><strong>contra</strong></span> <span class='ocrx_word' id='word_1_338' title='bbox 832 3556 965 3614; x_wconf 86' lang='lat' dir='ltr'><strong>illos</strong></span> <span class='ocrx_word' id='word_1_339' title='bbox 990 3557 1215 3628; x_wconf 85' lang='lat' dir='ltr'><strong>erigere</strong></span> <span class='ocrx_word' id='word_1_340' title='bbox 1242 3558 1269 3613; x_wconf 81' lang='lat'><strong>?</strong></span> <span class='ocrx_word' id='word_1_341' title='bbox 1297 3556 1427 3614; x_wconf 90' lang='lat' dir='ltr'><strong>Scio</strong></span> <span class='ocrx_word' id='word_1_342' title='bbox 1476 3573 1582 3613; x_wconf 90' lang='lat' dir='ltr'><strong>vos</strong></span> <span class='ocrx_word' id='word_1_343' title='bbox 1626 3559 1754 3630; x_wconf 88' lang='lat' dir='ltr'><strong>jam</strong></span> <span class='ocrx_word' id='word_1_344' title='bbox 1809 3561 1884 3617; x_wconf 90' lang='lat' dir='ltr'><strong>ad</strong></span> <span class='ocrx_word' id='word_1_345' title='bbox 1908 3562 2256 3618; x_wconf 85' lang='lat' dir='ltr'><strong>conﬂictum</strong></span> 
     </span>
    </p>
   </div>
   <div class='ocr_carea' id='block_1_51' title="bbox 2367 3554 3979 3632">
    <p class='ocr_par' dir='ltr' id='par_1_51' title="bbox 2368 3554 3979 3632">
     <span class='ocr_line' id='line_1_51' title="bbox 2368 3554 3979 3632; baseline 0.002 -25"><span class='ocrx_word' id='word_1_346' title='bbox 2368 3554 2555 3626; x_wconf 68' lang='grc' dir='ltr'>αὐτῶν,</span> <span class='ocrx_word' id='word_1_347' title='bbox 2606 3555 2762 3608; x_wconf 72' lang='grc' dir='ltr'>αὐτόν</span> <span class='ocrx_word' id='word_1_348' title='bbox 2808 3561 2893 3609; x_wconf 81' lang='grc' dir='ltr'>τὸν</span> <span class='ocrx_word' id='word_1_349' title='bbox 2923 3558 3011 3610; x_wconf 75' lang='grc' dir='ltr'>ὑπ’</span> <span class='ocrx_word' id='word_1_350' title='bbox 3060 3557 3229 3610; x_wconf 68' lang='grc' dir='ltr'>αὐτῶν</span> <span class='ocrx_word' id='word_1_351' title='bbox 3280 3557 3751 3632; x_wconf 76' lang='grc' dir='ltr'>βλασφημούμενον</span> <span class='ocrx_word' id='word_1_352' title='bbox 3809 3576 3979 3610; x_wconf 85' lang='grc' dir='ltr'>σταυ-</span> 
     </span>
    </p>
   </div>
   <div class='ocr_carea' id='block_1_52' title="bbox 602 3641 2256 3722">
    <p class='ocr_par' dir='ltr' id='par_1_52' title="bbox 602 3646 2256 3720">
     <span class='ocr_line' id='line_1_52' title="bbox 602 3646 2256 3720; baseline 0.002 -17"><span class='ocrx_word' id='word_1_353' title='bbox 602 3662 948 3720; x_wconf 87' lang='lat' dir='ltr'><strong>properare,</strong></span> <span class='ocrx_word' id='word_1_354' title='bbox 973 3651 1030 3703; x_wconf 86' lang='lat' dir='ltr'><strong>et</strong></span> <span class='ocrx_word' id='word_1_355' title='bbox 1049 3661 1338 3720; x_wconf 68' lang='lat' dir='ltr'><strong>quaerere,</strong></span> <span class='ocrx_word' id='word_1_356' title='bbox 1369 3646 1618 3719; x_wconf 89' lang='lat' dir='ltr'><strong>quinam</strong></span> <span class='ocrx_word' id='word_1_357' title='bbox 1644 3648 1760 3705; x_wconf 90' lang='lat' dir='ltr'><strong>sint</strong></span> <span class='ocrx_word' id='word_1_358' title='bbox 1785 3649 2008 3707; x_wconf 85' lang='lat' dir='ltr'><strong>inimici</strong></span> <span class='ocrx_word' id='word_1_359' title='bbox 2040 3651 2256 3707; x_wconf 81' lang='lat' dir='ltr'><strong>crucis.</strong></span> 
     </span>
    </p>
   </div>
   <div class='ocr_carea' id='block_1_53' title="bbox 2367 3641 3979 3722">
    <p class='ocr_par' dir='ltr' id='par_1_53' title="bbox 2369 3641 3979 3722">
     <span class='ocr_line' id='line_1_53' title="bbox 2369 3641 3979 3722; baseline 0.001 -26"><span class='ocrx_word' id='word_1_360' title='bbox 2369 3648 2497 3719; x_wconf 88' lang='grc' dir='ltr'>ρόν;</span> <span class='ocrx_word' id='word_1_361' title='bbox 2552 3641 2694 3698; x_wconf 81' lang='grc' dir='ltr'>Οἶδα</span> <span class='ocrx_word' id='word_1_362' title='bbox 2745 3648 2823 3698; x_wconf 85' lang='grc' dir='ltr'>ὅτι</span> <span class='ocrx_word' id='word_1_363' title='bbox 2870 3650 2997 3720; x_wconf 83' lang='grc' dir='ltr'>πρὸς</span> <span class='ocrx_word' id='word_1_364' title='bbox 3048 3648 3339 3722; x_wconf 78' lang='grc' dir='ltr'><strong>παράταξιν</strong></span> <span class='ocrx_word' id='word_1_365' title='bbox 3394 3644 3502 3707; x_wconf 76' lang='grc' dir='ltr'><strong>ἤδη</strong></span> <span class='ocrx_word' id='word_1_366' title='bbox 3565 3647 3850 3719; x_wconf 78' lang='grc' dir='ltr'>ἐπείγεσθε,</span> <span class='ocrx_word' id='word_1_367' title='bbox 3878 3652 3979 3699; x_wconf 82' lang='grc' dir='ltr'>καὶ</span> 
     </span>
    </p>
   </div>
   <div class='ocr_carea' id='block_1_54' title="bbox 602 3733 2256 3810">
    <p class='ocr_par' dir='ltr' id='par_1_54' title="bbox 602 3735 2256 3810">
     <span class='ocr_line' id='line_1_54' title="bbox 602 3735 2256 3810; baseline 0.002 -18"><span class='ocrx_word' id='word_1_368' title='bbox 602 3736 668 3792; x_wconf 91' lang='lat' dir='ltr'><strong>ut</strong></span> <span class='ocrx_word' id='word_1_369' title='bbox 687 3742 880 3793; x_wconf 88' lang='lat' dir='ltr'><strong>totum</strong></span> <span class='ocrx_word' id='word_1_370' title='bbox 902 3736 1191 3809; x_wconf 90' lang='lat' dir='ltr'><strong>impetum</strong></span> <span class='ocrx_word' id='word_1_371' title='bbox 1217 3739 1429 3791; x_wconf 83' lang='lat' dir='ltr'><strong>contra</strong></span> <span class='ocrx_word' id='word_1_372' title='bbox 1451 3735 1687 3793; x_wconf 87' lang='lat' dir='ltr'><strong>illorum</strong></span> <span class='ocrx_word' id='word_1_373' title='bbox 1711 3738 2020 3795; x_wconf 86' lang='lat' dir='ltr'><strong>cohortem</strong></span> <span class='ocrx_word' id='word_1_374' title='bbox 2043 3739 2256 3810; x_wconf 88' lang='lat' dir='ltr'><strong>diriga-</strong></span> 
     </span>
    </p>
   </div>
   <div class='ocr_carea' id='block_1_55' title="bbox 2367 3733 3983 3810">
    <p class='ocr_par' dir='ltr' id='par_1_55' title="bbox 2371 3733 3983 3809">
     <span class='ocr_line' id='line_1_55' title="bbox 2371 3733 3983 3809; baseline 0.001 -23"><span class='ocrx_word' id='word_1_375' title='bbox 2371 3734 2575 3795; x_wconf 76' lang='grc' dir='ltr'>ζητεῖτε</span> <span class='ocrx_word' id='word_1_376' title='bbox 2605 3740 2732 3796; x_wconf 85' lang='grc' dir='ltr'>τίνες</span> <span class='ocrx_word' id='word_1_377' title='bbox 2761 3738 2810 3789; x_wconf 85' lang='grc' dir='ltr'><strong>οἱ</strong></span> <span class='ocrx_word' id='word_1_378' title='bbox 2840 3733 3027 3808; x_wconf 79' lang='grc' dir='ltr'>ἐχθροὶ</span> <span class='ocrx_word' id='word_1_379' title='bbox 3054 3744 3147 3789; x_wconf 85' lang='grc' dir='ltr'>τοῦ</span> <span class='ocrx_word' id='word_1_380' title='bbox 3201 3745 3452 3809; x_wconf 82' lang='grc' dir='ltr'>σταυροῦ,</span> <span class='ocrx_word' id='word_1_381' title='bbox 3485 3741 3551 3799; x_wconf 83' lang='grc' dir='ltr'>ὡς</span> <span class='ocrx_word' id='word_1_382' title='bbox 3602 3736 3663 3789; x_wconf 81' lang='grc' dir='ltr'><strong>ἂν</strong></span> <span class='ocrx_word' id='word_1_383' title='bbox 3721 3742 3815 3795; x_wconf 81' lang='grc' dir='ltr'>τὴν</span> <span class='ocrx_word' id='word_1_384' title='bbox 3872 3743 3983 3789; x_wconf 85' lang='grc' dir='ltr'><strong>πᾶ-</strong></span> 
     </span>
    </p>
   </div>
   <div class='ocr_carea' id='block_1_56' title="bbox 605 3823 2256 3898">
    <p class='ocr_par' dir='ltr' id='par_1_56' title="bbox 605 3823 2256 3898">
     <span class='ocr_line' id='line_1_56' title="bbox 605 3823 2256 3898; baseline 0.002 -18"><span class='ocrx_word' id='word_1_385' title='bbox 605 3824 700 3892; x_wconf 86' lang='lat' dir='ltr'><strong>tis,</strong></span> <span class='ocrx_word' id='word_1_386' title='bbox 725 3825 932 3898; x_wconf 88' lang='lat' dir='ltr'><strong>eisque</strong></span> <span class='ocrx_word' id='word_1_387' title='bbox 954 3823 1031 3880; x_wconf 86' lang='lat' dir='ltr'><strong>ad</strong></span> <span class='ocrx_word' id='word_1_388' title='bbox 1055 3823 1415 3894; x_wconf 89' lang='lat' dir='ltr'><strong>sanguinem</strong></span> <span class='ocrx_word' id='word_1_389' title='bbox 1444 3824 1753 3891; x_wconf 86' lang='lat' dir='ltr'><strong>resistatis,</strong></span> <span class='ocrx_word' id='word_1_390' title='bbox 1801 3832 1859 3883; x_wconf 91' lang='lat' dir='ltr'><strong>et</strong></span> <span class='ocrx_word' id='word_1_391' title='bbox 1900 3828 2256 3897; x_wconf 78' lang='lat' dir='ltr'><strong>gloriﬁcetur</strong></span> 
     </span>
    </p>
   </div>
   <div class='ocr_carea' id='block_1_57' title="bbox 2367 3823 3987 3898">
    <p class='ocr_par' dir='ltr' id='par_1_57' title="bbox 2373 3824 3987 3898">
     <span class='ocr_line' id='line_1_57' title="bbox 2373 3824 3987 3898; baseline 0.001 -23"><span class='ocrx_word' id='word_1_392' title='bbox 2373 3842 2469 3875; x_wconf 91' lang='grc' dir='ltr'><strong>σαν</strong></span> <span class='ocrx_word' id='word_1_393' title='bbox 2499 3824 2664 3897; x_wconf 83' lang='grc' dir='ltr'>ὁρμὴν</span> <span class='ocrx_word' id='word_1_394' title='bbox 2718 3827 2855 3876; x_wconf 82' lang='grc' dir='ltr'>κατὰ</span> <span class='ocrx_word' id='word_1_395' title='bbox 2882 3833 2977 3886; x_wconf 82' lang='grc' dir='ltr'>τῆς</span> <span class='ocrx_word' id='word_1_396' title='bbox 3034 3825 3200 3877; x_wconf 68' lang='grc' dir='ltr'>αὐτῶν</span> <span class='ocrx_word' id='word_1_397' title='bbox 3248 3831 3495 3886; x_wconf 74' lang='grc' dir='ltr'><strong>κινήσητε</strong></span> <span class='ocrx_word' id='word_1_398' title='bbox 3550 3827 3833 3898; x_wconf 72' lang='grc' dir='ltr'><strong>φάλαγγος,</strong></span> <span class='ocrx_word' id='word_1_399' title='bbox 3888 3829 3987 3877; x_wconf 86' lang='grc' dir='ltr'>καὶ</span> 
     </span>
    </p>
   </div>
   <div class='ocr_carea' id='block_1_58' title="bbox 604 3911 2256 3986">
    <p class='ocr_par' dir='ltr' id='par_1_58' title="bbox 604 3912 2256 3986">
     <span class='ocr_line' id='line_1_58' title="bbox 604 3912 2256 3986; baseline 0.003 -17"><span class='ocrx_word' id='word_1_400' title='bbox 604 3912 667 3969; x_wconf 92' lang='lat' dir='ltr'><strong>in</strong></span> <span class='ocrx_word' id='word_1_401' title='bbox 704 3914 873 3970; x_wconf 85' lang='lat' dir='ltr'><strong>vobis</strong></span> <span class='ocrx_word' id='word_1_402' title='bbox 892 3913 988 3970; x_wconf 88' lang='lat' dir='ltr'><strong>ille</strong></span> <span class='ocrx_word' id='word_1_403' title='bbox 1013 3930 1027 3980; x_wconf 92' lang='lat'><strong>;</strong></span> <span class='ocrx_word' id='word_1_404' title='bbox 1048 3915 1154 3986; x_wconf 90' lang='lat' dir='ltr'><strong>qui</strong></span> <span class='ocrx_word' id='word_1_405' title='bbox 1175 3919 1418 3985; x_wconf 87' lang='lat' dir='ltr'><strong>propter</strong></span> <span class='ocrx_word' id='word_1_406' title='bbox 1437 3929 1544 3968; x_wconf 89' lang='lat' dir='ltr'><strong>vos</strong></span> <span class='ocrx_word' id='word_1_407' title='bbox 1565 3914 1625 3969; x_wconf 93' lang='lat' dir='ltr'><strong>in</strong></span> <span class='ocrx_word' id='word_1_408' title='bbox 1649 3914 1901 3984; x_wconf 89' lang='lat' dir='ltr'><strong>gloriam</strong></span> <span class='ocrx_word' id='word_1_409' title='bbox 1924 3919 2117 3974; x_wconf 90' lang='lat' dir='ltr'><strong>crucis</strong></span> <span class='ocrx_word' id='word_1_410' title='bbox 2162 3933 2256 3974; x_wconf 91' lang='lat' dir='ltr'><strong>mo</strong></span> 
     </span>
    </p>
   </div>
   <div class='ocr_carea' id='block_1_59' title="bbox 2367 3911 3983 3986">
    <p class='ocr_par' dir='ltr' id='par_1_59' title="bbox 2371 3911 3983 3986">
     <span class='ocr_line' id='line_1_59' title="bbox 2371 3911 3983 3986; baseline 0.001 -21"><span class='ocrx_word' id='word_1_411' title='bbox 2371 3916 2564 3986; x_wconf 81' lang='grc' dir='ltr'>μέχρις</span> <span class='ocrx_word' id='word_1_412' title='bbox 2643 3914 2859 3986; x_wconf 78' lang='grc' dir='ltr'>αἳματος</span> <span class='ocrx_word' id='word_1_413' title='bbox 2915 3912 3092 3977; x_wconf 68' lang='grc' dir='ltr'>αὐτοῖς</span> <span class='ocrx_word' id='word_1_414' title='bbox 3162 3912 3573 3974; x_wconf 73' lang='grc' dir='ltr'>ὶντικαταστῆτε</span> <span class='ocrx_word' id='word_1_415' title='bbox 3601 3919 3692 3967; x_wconf 81' lang='grc' dir='ltr'>καὶ</span> <span class='ocrx_word' id='word_1_416' title='bbox 3733 3911 3983 3985; x_wconf 77' lang='grc' dir='ltr'>δοξασθῇ</span> 
     </span>
    </p>
   </div>
   <div class='ocr_carea' id='block_1_60' title="bbox 605 4000 2261 4075">
    <p class='ocr_par' dir='ltr' id='par_1_60' title="bbox 605 4000 2261 4075">
     <span class='ocr_line' id='line_1_60' title="bbox 605 4000 2261 4075; baseline 0.001 -14"><span class='ocrx_word' id='word_1_417' title='bbox 605 4011 727 4061; x_wconf 90' lang='lat' dir='ltr'><strong>tem</strong></span> <span class='ocrx_word' id='word_1_418' title='bbox 756 4002 958 4060; x_wconf 89' lang='lat' dir='ltr'><strong>subiit.</strong></span> <span class='ocrx_word' id='word_1_419' title='bbox 984 4007 1106 4072; x_wconf 78' lang='lat' dir='ltr'><strong>Age</strong></span> <span class='ocrx_word' id='word_1_420' title='bbox 1126 4002 1306 4072; x_wconf 86' lang='lat' dir='ltr'><strong>igitur</strong></span> <span class='ocrx_word' id='word_1_421' title='bbox 1332 4000 1663 4057; x_wconf 87' lang='lat' dir='ltr'><strong>induamus</strong></span> <span class='ocrx_word' id='word_1_422' title='bbox 1708 4019 1818 4059; x_wconf 88' lang='lat' dir='ltr'><strong>vos</strong></span> <span class='ocrx_word' id='word_1_423' title='bbox 1870 4007 2054 4062; x_wconf 87' lang='lat' dir='ltr'><strong>armis</strong></span> <span class='ocrx_word' id='word_1_424' title='bbox 2101 4006 2261 4075; x_wconf 83' lang='lat' dir='ltr'><strong>iidei,</strong></span> 
     </span>
    </p>
   </div>
   <div class='ocr_carea' id='block_1_61' title="bbox 606 4093 2263 4165">
    <p class='ocr_par' dir='ltr' id='par_1_61' title="bbox 606 4093 2263 4165">
     <span class='ocr_line' id='line_1_61' title="bbox 606 4093 2263 4165; baseline 0.001 -15"><span class='ocrx_word' id='word_1_425' title='bbox 606 4099 985 4165; x_wconf 85' lang='lat' dir='ltr'><strong>vestramque</strong></span> <span class='ocrx_word' id='word_1_426' title='bbox 1011 4096 1270 4147; x_wconf 89' lang='lat' dir='ltr'><strong>mentem</strong></span> <span class='ocrx_word' id='word_1_427' title='bbox 1284 4096 1700 4163; x_wconf 67' lang='lat' dir='ltr'><strong>praegnantem</strong></span> <span class='ocrx_word' id='word_1_428' title='bbox 1714 4093 1949 4165; x_wconf 88' lang='lat' dir='ltr'><strong>pietatis</strong></span> <span class='ocrx_word' id='word_1_429' title='bbox 1985 4094 2114 4151; x_wconf 88' lang='lat' dir='ltr'><strong>telis</strong></span> <span class='ocrx_word' id='word_1_430' title='bbox 2135 4096 2263 4152; x_wconf 86' lang='lat' dir='ltr'><strong>efﬁ-</strong></span> 
     </span>
    </p>
   </div>
   <div class='ocr_carea' id='block_1_62' title="bbox 609 4179 2269 4251">
    <p class='ocr_par' dir='ltr' id='par_1_62' title="bbox 609 4179 2269 4251">
     <span class='ocr_line' id='line_1_62' title="bbox 609 4179 2269 4251; baseline 0.002 -13"><span class='ocrx_word' id='word_1_431' title='bbox 609 4181 861 4244; x_wconf 87' lang='lat' dir='ltr'><strong>ciamus,</strong></span> <span class='ocrx_word' id='word_1_432' title='bbox 882 4186 950 4236; x_wconf 90' lang='lat' dir='ltr'><strong>ut</strong></span> <span class='ocrx_word' id='word_1_433' title='bbox 963 4179 1180 4251; x_wconf 89' lang='lat' dir='ltr'><strong>jaculis</strong></span> <span class='ocrx_word' id='word_1_434' title='bbox 1200 4179 1486 4250; x_wconf 86' lang='lat' dir='ltr'><strong>impetere</strong></span> <span class='ocrx_word' id='word_1_435' title='bbox 1507 4180 1750 4251; x_wconf 88' lang='lat' dir='ltr'><strong>possitis</strong></span> <span class='ocrx_word' id='word_1_436' title='bbox 1801 4185 1918 4238; x_wconf 90' lang='lat' dir='ltr'><strong>Deo</strong></span> <span class='ocrx_word' id='word_1_437' title='bbox 1958 4184 2185 4241; x_wconf 88' lang='lat' dir='ltr'><strong>invisos</strong></span> <span class='ocrx_word' id='word_1_438' title='bbox 2212 4190 2269 4241; x_wconf 89' lang='lat' dir='ltr'><strong>et</strong></span> 
     </span>
    </p>
   </div>
   <div class='ocr_carea' id='block_1_63' title="bbox 611 4265 2256 4344">
    <p class='ocr_par' dir='ltr' id='par_1_63' title="bbox 611 4266 2256 4343">
     <span class='ocr_line' id='line_1_63' title="bbox 611 4266 2256 4343; baseline 0.002 -17"><span class='ocrx_word' id='word_1_439' title='bbox 611 4269 893 4326; x_wconf 90' lang='lat' dir='ltr'><strong>scelestos</strong></span> <span class='ocrx_word' id='word_1_440' title='bbox 913 4268 1213 4330; x_wconf 88' lang='lat' dir='ltr'><strong>homines,</strong></span> <span class='ocrx_word' id='word_1_441' title='bbox 1235 4282 1391 4338; x_wconf 91' lang='lat' dir='ltr'><strong>quos</strong></span> <span class='ocrx_word' id='word_1_442' title='bbox 1417 4266 1588 4323; x_wconf 87' lang='lat' dir='ltr'><strong>multi</strong></span> <span class='ocrx_word' id='word_1_443' title='bbox 1613 4268 1870 4327; x_wconf 88' lang='lat' dir='ltr'><strong>barbare</strong></span> <span class='ocrx_word' id='word_1_444' title='bbox 1929 4274 2256 4343; x_wconf 77' lang='lat' dir='ltr'><strong>Bogomilos</strong></span> 
     </span>
    </p>
   </div>
   <div class='ocr_carea' id='block_1_64' title="bbox 2367 4265 3999 4344">
    <p class='ocr_par' dir='ltr' id='par_1_64' title="bbox 2374 4265 3999 4344">
     <span class='ocr_line' id='line_1_64' title="bbox 2374 4265 3999 4344; baseline 0.003 -26"><span class='ocrx_word' id='word_1_445' title='bbox 2374 4271 2469 4324; x_wconf 74' lang='grc' dir='ltr'>τὴν</span> <span class='ocrx_word' id='word_1_446' title='bbox 2506 4269 2759 4339; x_wconf 70' lang='grc' dir='ltr'>ἡμετέραν</span> <span class='ocrx_word' id='word_1_447' title='bbox 2819 4265 3055 4321; x_wconf 88' lang='grc' dir='ltr'>διάνοιαν</span> <span class='ocrx_word' id='word_1_448' title='bbox 3108 4268 3468 4344; x_wconf 75' lang='grc' dir='ltr'>ἐργασώμεθα,</span> <span class='ocrx_word' id='word_1_449' title='bbox 3513 4271 3575 4321; x_wconf 80' lang='grc' dir='ltr'><strong>ἶν’</strong></span> <span class='ocrx_word' id='word_1_450' title='bbox 3633 4271 3811 4340; x_wconf 77' lang='grc' dir='ltr'>ἔχοιτε</span> <span class='ocrx_word' id='word_1_451' title='bbox 3858 4289 3999 4323; x_wconf 74' lang='grc' dir='ltr'>χατ-</span> 
     </span>
    </p>
   </div>
   <div class='ocr_carea' id='block_1_65' title="bbox 611 4353 2256 4433">
    <p class='ocr_par' dir='ltr' id='par_1_65' title="bbox 611 4353 2256 4427">
     <span class='ocr_line' id='line_1_65' title="bbox 611 4353 2256 4427; baseline 0.002 -13"><span class='ocrx_word' id='word_1_452' title='bbox 611 4356 947 4414; x_wconf 85' lang='lat' dir='ltr'><strong>nominant.</strong></span> <span class='ocrx_word' id='word_1_453' title='bbox 972 4358 1121 4412; x_wconf 88' lang='lat' dir='ltr'><strong>Cum</strong></span> <span class='ocrx_word' id='word_1_454' title='bbox 1150 4355 1310 4411; x_wconf 88' lang='lat' dir='ltr'><strong>enim</strong></span> <span class='ocrx_word' id='word_1_455' title='bbox 1340 4353 1506 4409; x_wconf 89' lang='lat' dir='ltr'><strong>multi</strong></span> <span class='ocrx_word' id='word_1_456' title='bbox 1534 4357 1650 4411; x_wconf 90' lang='lat' dir='ltr'><strong>sint</strong></span> <span class='ocrx_word' id='word_1_457' title='bbox 1671 4358 1896 4416; x_wconf 91' lang='lat' dir='ltr'><strong>inimici</strong></span> <span class='ocrx_word' id='word_1_458' title='bbox 1936 4364 2147 4427; x_wconf 91' lang='lat' dir='ltr'><strong>crucis,</strong></span> <span class='ocrx_word' id='word_1_459' title='bbox 2174 4366 2256 4418; x_wconf 88' lang='lat' dir='ltr'><strong>Ju-</strong></span> 
     </span>
    </p>
   </div>
   <div class='ocr_carea' id='block_1_66' title="bbox 2367 4353 4002 4433">
    <p class='ocr_par' dir='ltr' id='par_1_66' title="bbox 2377 4356 4002 4433">
     <span class='ocr_line' id='line_1_66' title="bbox 2377 4356 4002 4433; baseline 0.005 -27"><span class='ocrx_word' id='word_1_460' title='bbox 2377 4356 2666 4416; x_wconf 80' lang='grc' dir='ltr'>ακοντίζειν</span> <span class='ocrx_word' id='word_1_461' title='bbox 2747 4357 2881 4410; x_wconf 75' lang='grc' dir='ltr'><strong>αὑτὰ</strong></span> <span class='ocrx_word' id='word_1_462' title='bbox 2942 4367 3041 4411; x_wconf 87' lang='grc' dir='ltr'><strong>τῶν</strong></span> <span class='ocrx_word' id='word_1_463' title='bbox 3117 4361 3409 4429; x_wconf 84' lang='grc' dir='ltr'>θεοστυγῶν</span> <span class='ocrx_word' id='word_1_464' title='bbox 3509 4357 3790 4433; x_wconf 82' lang='grc' dir='ltr'>ἀνθρώπων</span> <span class='ocrx_word' id='word_1_465' title='bbox 3900 4366 4002 4414; x_wconf 84' lang='grc' dir='ltr'>καὶ</span> 
     </span>
    </p>
   </div>
   <div class='ocr_carea' id='block_1_67' title="bbox 613 4441 2256 4530">
    <p class='ocr_par' dir='ltr' id='par_1_67' title="bbox 613 4441 2256 4516">
     <span class='ocr_line' id='line_1_67' title="bbox 613 4441 2256 4516; baseline 0.004 -14"><span class='ocrx_word' id='word_1_466' title='bbox 613 4445 750 4512; x_wconf 70' lang='lat' dir='ltr'><strong>dmi,</strong></span> <span class='ocrx_word' id='word_1_467' title='bbox 783 4444 1059 4516; x_wconf 81' lang='lat' dir='ltr'><strong>Agareni,</strong></span> <span class='ocrx_word' id='word_1_468' title='bbox 1088 4449 1142 4500; x_wconf 90' lang='lat' dir='ltr'><strong>et</strong></span> <span class='ocrx_word' id='word_1_469' title='bbox 1172 4441 1293 4511; x_wconf 89' lang='lat' dir='ltr'><strong>alii,</strong></span> <span class='ocrx_word' id='word_1_470' title='bbox 1320 4458 1536 4499; x_wconf 89' lang='lat' dir='ltr'><strong>omnes</strong></span> <span class='ocrx_word' id='word_1_471' title='bbox 1566 4450 1768 4503; x_wconf 91' lang='lat' dir='ltr'><strong>tamen</strong></span> <span class='ocrx_word' id='word_1_472' title='bbox 1791 4448 1937 4505; x_wconf 82' lang='lat' dir='ltr'><strong>istos</strong></span> <span class='ocrx_word' id='word_1_473' title='bbox 1956 4451 2256 4509; x_wconf 83' lang='lat' dir='ltr'><strong>abomina-</strong></span> 
     </span>
    </p>
   </div>
   <div class='ocr_carea' id='block_1_68' title="bbox 2367 4441 4001 4530">
    <p class='ocr_par' dir='ltr' id='par_1_68' title="bbox 2376 4444 4001 4523">
     <span class='ocr_line' id='line_1_68' title="bbox 2376 4444 4001 4523; baseline 0.005 -28"><span class='ocrx_word' id='word_1_474' title='bbox 2376 4452 2595 4518; x_wconf 83' lang='grc' dir='ltr'>μιαρῶν,</span> <span class='ocrx_word' id='word_1_475' title='bbox 2658 4445 2747 4508; x_wconf 84' lang='grc' dir='ltr'>οὒς</span> <span class='ocrx_word' id='word_1_476' title='bbox 2795 4447 3110 4517; x_wconf 76' lang='grc' dir='ltr'>Βογομίλους</span> <span class='ocrx_word' id='word_1_477' title='bbox 3167 4444 3623 4523; x_wconf 79' lang='grc' dir='ltr'>βαρϐαρικώτερον</span> <span class='ocrx_word' id='word_1_478' title='bbox 3679 4450 3729 4500; x_wconf 80' lang='grc' dir='ltr'>οἱ</span> <span class='ocrx_word' id='word_1_479' title='bbox 3796 4448 4001 4503; x_wconf 80' lang='grc' dir='ltr'>πολλοὶ</span> 
     </span>
    </p>
   </div>
   <div class='ocr_carea' id='block_1_69' title="bbox 614 4531 2268 4613">
    <p class='ocr_par' dir='ltr' id='par_1_69' title="bbox 614 4531 2268 4613">
     <span class='ocr_line' id='line_1_69' title="bbox 614 4531 2268 4613; baseline 0.005 -23"><span class='ocrx_word' id='word_1_480' title='bbox 614 4535 774 4591; x_wconf 85' lang='lat' dir='ltr'><strong>tione</strong></span> <span class='ocrx_word' id='word_1_481' title='bbox 800 4539 858 4590; x_wconf 91' lang='lat' dir='ltr'><strong>et</strong></span> <span class='ocrx_word' id='word_1_482' title='bbox 883 4533 1186 4607; x_wconf 88' lang='lat' dir='ltr'><strong>impietate</strong></span> <span class='ocrx_word' id='word_1_483' title='bbox 1222 4531 1402 4601; x_wconf 89' lang='lat' dir='ltr'><strong>longe</strong></span> <span class='ocrx_word' id='word_1_484' title='bbox 1423 4541 1713 4605; x_wconf 87' lang='lat' dir='ltr'><strong>superant</strong></span> <span class='ocrx_word' id='word_1_485' title='bbox 1772 4539 2086 4609; x_wconf 85' lang='lat' dir='ltr'><strong>Bogomili,</strong></span> <span class='ocrx_word' id='word_1_486' title='bbox 2112 4556 2268 4613; x_wconf 84' lang='lat' dir='ltr'><strong>quos</strong></span> 
     </span>
    </p>
   </div>
   <div class='ocr_carea' id='block_1_70' title="bbox 614 4623 2269 4700">
    <p class='ocr_par' dir='ltr' id='par_1_70' title="bbox 614 4623 2269 4700">
     <span class='ocr_line' id='line_1_70' title="bbox 614 4623 2269 4700; baseline 0.003 -20"><span class='ocrx_word' id='word_1_487' title='bbox 614 4623 1001 4680; x_wconf 86' lang='lat' dir='ltr'><strong>manifestum</strong></span> <span class='ocrx_word' id='word_1_488' title='bbox 1032 4628 1123 4679; x_wconf 90' lang='lat' dir='ltr'><strong>est</strong></span> <span class='ocrx_word' id='word_1_489' title='bbox 1153 4638 1282 4679; x_wconf 87' lang='lat' dir='ltr'><strong>esse</strong></span> <span class='ocrx_word' id='word_1_490' title='bbox 1324 4641 1392 4681; x_wconf 89' lang='lat' dir='ltr'><strong>os</strong></span> <span class='ocrx_word' id='word_1_491' title='bbox 1460 4623 1707 4692; x_wconf 89' lang='lat' dir='ltr'><strong>diaboli,</strong></span> <span class='ocrx_word' id='word_1_492' title='bbox 1764 4632 1820 4682; x_wconf 90' lang='lat' dir='ltr'><strong>et</strong></span> <span class='ocrx_word' id='word_1_493' title='bbox 1865 4643 2269 4700; x_wconf 72' lang='lat' dir='ltr'><strong>prmcursores</strong></span> 
     </span>
    </p>
   </div>
   <div class='ocr_carea' id='block_1_71' title="bbox 616 4712 2269 4790">
    <p class='ocr_par' dir='ltr' id='par_1_71' title="bbox 616 4712 2269 4790">
     <span class='ocr_line' id='line_1_71' title="bbox 616 4712 2269 4790; baseline 0.003 -21"><span class='ocrx_word' id='word_1_494' title='bbox 616 4712 973 4785; x_wconf 81' lang='lat' dir='ltr'><strong>Antichristi,</strong></span> <span class='ocrx_word' id='word_1_495' title='bbox 993 4718 1048 4769; x_wconf 90' lang='lat' dir='ltr'><strong>et</strong></span> <span class='ocrx_word' id='word_1_496' title='bbox 1067 4714 1196 4785; x_wconf 91' lang='lat' dir='ltr'><strong>ejus</strong></span> <span class='ocrx_word' id='word_1_497' title='bbox 1206 4713 1335 4785; x_wconf 89' lang='lat' dir='ltr'><strong>jam</strong></span> <span class='ocrx_word' id='word_1_498' title='bbox 1351 4715 1628 4772; x_wconf 87' lang='lat' dir='ltr'><strong>instantis</strong></span> <span class='ocrx_word' id='word_1_499' title='bbox 1659 4717 1993 4790; x_wconf 63' lang='lat' dir='ltr'><strong>praesentiae</strong></span> <span class='ocrx_word' id='word_1_500' title='bbox 2045 4718 2269 4790; x_wconf 86' lang='lat' dir='ltr'><strong>perspi-</strong></span> 
     </span>
    </p>
   </div>
   <div class='ocr_carea' id='block_1_72' title="bbox 616 4792 2268 4876">
    <p class='ocr_par' dir='ltr' id='par_1_72' title="bbox 616 4792 2268 4876">
     <span class='ocr_line' id='line_1_72' title="bbox 616 4792 2268 4876; baseline 0.002 -16"><span class='ocrx_word' id='word_1_501' title='bbox 616 4814 766 4860; x_wconf 74' lang='lat' dir='ltr'><strong>cuos</strong></span> <span class='ocrx_word' id='word_1_502' title='bbox 783 4818 1110 4876; x_wconf 73' lang='lat' dir='ltr'><strong>praecones,</strong></span> <span class='ocrx_word' id='word_1_503' title='bbox 1138 4808 1194 4860; x_wconf 91' lang='lat' dir='ltr'><strong>et</strong></span> <span class='ocrx_word' id='word_1_504' title='bbox 1213 4803 1752 4862; x_wconf 87' lang='lat' dir='ltr'><strong>consummationis</strong></span> <span class='ocrx_word' id='word_1_505' title='bbox 1773 4806 1983 4862; x_wconf 91' lang='lat' dir='ltr'><strong>mundi</strong></span> <span class='ocrx_word' id='word_1_506' title='bbox 2002 4823 2123 4862; x_wconf 91' lang='lat' dir='ltr'><strong>non</strong></span> <span class='ocrx_word' id='word_1_507' title='bbox 2158 4792 2268 4863; x_wconf 90' lang='lat' dir='ltr'><strong>du-</strong></span> 
     </span>
    </p>
   </div>
   <div class='ocr_carea' id='block_1_73' title="bbox 614 4893 2267 4953">
    <p class='ocr_par' dir='ltr' id='par_1_73' title="bbox 614 4893 2267 4953">
     <span class='ocr_line' id='line_1_73' title="bbox 614 4893 2267 4953; baseline 0.001 -2"><span class='ocrx_word' id='word_1_508' title='bbox 614 4894 750 4951; x_wconf 87' lang='lat' dir='ltr'><strong>bios</strong></span> <span class='ocrx_word' id='word_1_509' title='bbox 767 4893 1013 4950; x_wconf 88' lang='lat' dir='ltr'><strong>indices.</strong></span> <span class='ocrx_word' id='word_1_510' title='bbox 1033 4894 1151 4949; x_wconf 89' lang='lat' dir='ltr'><strong>Nec</strong></span> <span class='ocrx_word' id='word_1_511' title='bbox 1170 4895 1297 4951; x_wconf 90' lang='lat' dir='ltr'><strong>sine</strong></span> <span class='ocrx_word' id='word_1_512' title='bbox 1316 4900 1463 4952; x_wconf 87' lang='lat' dir='ltr'><strong>teste</strong></span> <span class='ocrx_word' id='word_1_513' title='bbox 1501 4896 1616 4952; x_wconf 90' lang='lat' dir='ltr'><strong>hoc</strong></span> <span class='ocrx_word' id='word_1_514' title='bbox 1661 4895 1820 4951; x_wconf 88' lang='lat' dir='ltr'><strong>dico.</strong></span> <span class='ocrx_word' id='word_1_515' title='bbox 1873 4896 2074 4952; x_wconf 81' lang='lat' dir='ltr'><strong>Habeo</strong></span> <span class='ocrx_word' id='word_1_516' title='bbox 2107 4897 2267 4953; x_wconf 87' lang='lat' dir='ltr'><strong>enim</strong></span> 
     </span>
    </p>
   </div>
   <div class='ocr_carea' id='block_1_74' title="bbox 615 4983 2269 5050">
    <p class='ocr_par' dir='ltr' id='par_1_74' title="bbox 615 4983 2269 5050">
     <span class='ocr_line' id='line_1_74' title="bbox 615 4983 2269 5050; baseline 0 -9"><span class='ocrx_word' id='word_1_517' title='bbox 615 4983 866 5042; x_wconf 87' lang='lat' dir='ltr'><strong>Paulum</strong></span> <span class='ocrx_word' id='word_1_518' title='bbox 888 4983 1037 5039; x_wconf 89' lang='lat' dir='ltr'><strong>mihi</strong></span> <span class='ocrx_word' id='word_1_519' title='bbox 1073 4983 1565 5050; x_wconf 89' lang='lat' dir='ltr'><strong>consentientem,</strong></span> <span class='ocrx_word' id='word_1_520' title='bbox 1608 4984 1756 5041; x_wconf 91' lang='lat' dir='ltr'><strong>dum</strong></span> <span class='ocrx_word' id='word_1_521' title='bbox 1805 4984 1885 5040; x_wconf 84' lang='lat' dir='ltr'><strong>ita</strong></span> <span class='ocrx_word' id='word_1_522' title='bbox 1928 4985 2149 5046; x_wconf 82' lang='lat' dir='ltr'><strong>scribit:</strong></span> <span class='ocrx_word' id='word_1_523' title='bbox 2205 4989 2269 5041; x_wconf 87' lang='lat' dir='ltr'><strong>ln</strong></span> 
     </span>
    </p>
   </div>
   <div class='ocr_carea' id='block_1_75' title="bbox 614 5072 2268 5144">
    <p class='ocr_par' dir='ltr' id='par_1_75' title="bbox 614 5072 2268 5144">
     <span class='ocr_line' id='line_1_75' title="bbox 614 5072 2268 5144; baseline 0.001 -15"><span class='ocrx_word' id='word_1_524' title='bbox 614 5074 947 5131; x_wconf 77' lang='lat' dir='ltr'><strong>novissimis</strong></span> <span class='ocrx_word' id='word_1_525' title='bbox 960 5072 1322 5142; x_wconf 78' lang='lat' dir='ltr'><strong>temporibus</strong></span> <span class='ocrx_word' id='word_1_526' title='bbox 1333 5073 1636 5129; x_wconf 81' lang='lat' dir='ltr'><strong>discedent</strong></span> <span class='ocrx_word' id='word_1_527' title='bbox 1649 5074 1893 5144; x_wconf 85' lang='lat' dir='ltr'><strong>quidam</strong></span> <span class='ocrx_word' id='word_1_528' title='bbox 1912 5089 1947 5129; x_wconf 83' lang='grc' dir='ltr'><strong>α</strong></span> <span class='ocrx_word' id='word_1_529' title='bbox 1960 5073 2268 5143; x_wconf 81' lang='lat' dir='ltr'><strong>ﬁde,atten</strong></span> 
     </span>
    </p>
   </div>
   <div class='ocr_carea' id='block_1_76' title="bbox 613 5160 2267 5229">
    <p class='ocr_par' dir='ltr' id='par_1_76' title="bbox 613 5160 2267 5229">
     <span class='ocr_line' id='line_1_76' title="bbox 613 5160 2267 5229; baseline 0.002 -14"><span class='ocrx_word' id='word_1_530' title='bbox 613 5161 817 5217; x_wconf 79' lang='lat' dir='ltr'><strong>dentes</strong></span> <span class='ocrx_word' id='word_1_531' title='bbox 837 5160 1148 5229; x_wconf 78' lang='lat' dir='ltr'><strong>spiritibus</strong></span> <span class='ocrx_word' id='word_1_532' title='bbox 1169 5163 1410 5228; x_wconf 86' lang='lat' dir='ltr'><strong>erroris,</strong></span> <span class='ocrx_word' id='word_1_533' title='bbox 1438 5168 1491 5219; x_wconf 90' lang='lat' dir='ltr'><strong>et</strong></span> <span class='ocrx_word' id='word_1_534' title='bbox 1514 5160 1803 5217; x_wconf 81' lang='lat' dir='ltr'><strong>doctrinis</strong></span> <span class='ocrx_word' id='word_1_535' title='bbox 1842 5162 2069 5217; x_wconf 73' lang='lat' dir='ltr'><strong>daemon</strong></span> <span class='ocrx_word' id='word_1_536' title='bbox 2080 5165 2267 5220; x_wconf 83' lang='lat' dir='ltr'><strong>um.in</strong></span> 
     </span>
    </p>
   </div>
   <div class='ocr_carea' id='block_1_77' title="bbox 615 5249 2256 5325">
    <p class='ocr_par' dir='ltr' id='par_1_77' title="bbox 615 5249 2256 5322">
     <span class='ocr_line' id='line_1_77' title="bbox 615 5249 2256 5322; baseline 0.004 -18"><span class='ocrx_word' id='word_1_537' title='bbox 615 5249 925 5319; x_wconf 82' lang='lat' dir='ltr'><strong>hypocrisi</strong></span> <span class='ocrx_word' id='word_1_538' title='bbox 937 5251 1302 5322; x_wconf 79' lang='lat' dir='ltr'><strong>loquentium</strong></span> <span class='ocrx_word' id='word_1_539' title='bbox 1317 5251 1693 5308; x_wconf 81' lang='lat' dir='ltr'><strong>mendacium</strong></span> <span class='ocrx_word' id='word_1_540' title='bbox 1711 5258 1764 5307; x_wconf 90' lang='lat' dir='ltr'><strong>et</strong></span> <span class='ocrx_word' id='word_1_541' title='bbox 1778 5253 2171 5308; x_wconf 83' lang='lat' dir='ltr'><strong>cauteriatam</strong></span> <span class='ocrx_word' id='word_1_542' title='bbox 2190 5255 2256 5310; x_wconf 82' lang='lat' dir='ltr'><strong>Iw</strong></span> 
     </span>
    </p>
   </div>
   <div class='ocr_carea' id='block_1_78' title="bbox 2367 5249 4011 5325">
    <p class='ocr_par' dir='ltr' id='par_1_78' title="bbox 2377 5249 4011 5325">
     <span class='ocr_line' id='line_1_78' title="bbox 2377 5249 4011 5325; baseline 0.002 -24"><span class='ocrx_word' id='word_1_543' title='bbox 2377 5268 2468 5321; x_wconf 85' lang='grc' dir='ltr'><strong>μοι</strong></span> <span class='ocrx_word' id='word_1_544' title='bbox 2504 5252 2595 5300; x_wconf 84' lang='grc' dir='ltr'>καὶ</span> <span class='ocrx_word' id='word_1_545' title='bbox 2638 5249 2833 5300; x_wconf 71' lang='grc' dir='ltr'>οὑτωσὶ</span> <span class='ocrx_word' id='word_1_546' title='bbox 2884 5250 3171 5319; x_wconf 86' lang='grc' dir='ltr'>γάσκοντα,</span> <span class='ocrx_word' id='word_1_547' title='bbox 3228 5250 3308 5301; x_wconf 85' lang='grc' dir='ltr'>ὃτι</span> <span class='ocrx_word' id='word_1_548' title='bbox 3368 5249 3448 5302; x_wconf 86' lang='grc' dir='ltr'>Ἐν</span> <span class='ocrx_word' id='word_1_549' title='bbox 3491 5250 3731 5322; x_wconf 66' lang='grc' dir='ltr'>ὑστέροις</span> <span class='ocrx_word' id='word_1_550' title='bbox 3780 5261 4011 5325; x_wconf 81' lang='grc' dir='ltr'>καιροῖς</span> 
     </span>
    </p>
   </div>
   <div class='ocr_carea' id='block_1_79' title="bbox 615 5334 2256 5405">
    <p class='ocr_par' dir='ltr' id='par_1_79' title="bbox 615 5334 2256 5405">
     <span class='ocr_line' id='line_1_79' title="bbox 615 5334 2256 5405; baseline 0 -16"><span class='ocrx_word' id='word_1_551' title='bbox 615 5334 875 5390; x_wconf 85' lang='lat' dir='ltr'><strong>bentium</strong></span> <span class='ocrx_word' id='word_1_552' title='bbox 894 5350 1061 5391; x_wconf 86' lang='lat' dir='ltr'><strong>suam</strong></span> <span class='ocrx_word' id='word_1_553' title='bbox 1083 5337 1531 5405; x_wconf 83' lang='lat' dir='ltr'><strong>conscientiam;</strong></span> <span class='ocrx_word' id='word_1_554' title='bbox 1554 5337 1995 5404; x_wconf 79' lang='lat' dir='ltr'><strong>prohibentium</strong></span> <span class='ocrx_word' id='word_1_555' title='bbox 2022 5337 2256 5394; x_wconf 85' lang='lat' dir='ltr'><strong>nubere.</strong></span> 
     </span>
    </p>
   </div>
   <div class='ocr_carea' id='block_1_80' title="bbox 2367 5334 3172 5405">
    <p class='ocr_par' dir='ltr' id='par_1_80' title="bbox 2379 5338 3172 5400">
     <span class='ocr_line' id='line_1_80' title="bbox 2379 5338 3172 5400; baseline -0.003 -9"><span class='ocrx_word' id='word_1_556' title='bbox 2379 5338 2771 5396; x_wconf 78' lang='grc' dir='ltr'>ἀποστήσονταί</span> <span class='ocrx_word' id='word_1_557' title='bbox 2854 5356 2983 5398; x_wconf 85' lang='grc' dir='ltr'>τινες</span> <span class='ocrx_word' id='word_1_558' title='bbox 3078 5347 3172 5400; x_wconf 73' lang='grc' dir='ltr'>τῆς</span> 
     </span>
    </p>
   </div>
   <div class='ocr_carea' id='block_1_81' title="bbox 610 5422 2256 5502">
    <p class='ocr_par' dir='ltr' id='par_1_81' title="bbox 610 5422 2256 5496">
     <span class='ocr_line' id='line_1_81' title="bbox 610 5422 2256 5496; baseline 0.003 -17"><span class='ocrx_word' id='word_1_559' title='bbox 610 5422 912 5480; x_wconf 88' lang='lat' dir='ltr'><strong>abstinere</strong></span> <span class='ocrx_word' id='word_1_560' title='bbox 936 5438 974 5480; x_wconf 92' lang='lat' dir='ltr'><strong>a</strong></span> <span class='ocrx_word' id='word_1_561' title='bbox 1000 5423 1319 5495; x_wconf 85' lang='lat' dir='ltr'><strong>cibis,quos</strong></span> <span class='ocrx_word' id='word_1_562' title='bbox 1335 5425 1493 5481; x_wconf 83' lang='lat' dir='ltr'><strong>Deus</strong></span> <span class='ocrx_word' id='word_1_563' title='bbox 1512 5427 1736 5482; x_wconf 86' lang='lat' dir='ltr'><strong>creavit</strong></span> <span class='ocrx_word' id='word_1_564' title='bbox 1750 5426 2256 5496; x_wconf 69' lang='lat' dir='ltr'><strong>adpercipiendun</strong></span> 
     </span>
    </p>
   </div>
   <div class='ocr_carea' id='block_1_82' title="bbox 2367 5422 3135 5502">
    <p class='ocr_par' dir='ltr' id='par_1_82' title="bbox 2375 5426 3135 5502">
     <span class='ocr_line' id='line_1_82' title="bbox 2375 5426 3135 5502; baseline -0.001 -21"><span class='ocrx_word' id='word_1_565' title='bbox 2375 5431 2632 5502; x_wconf 78' lang='grc' dir='ltr'>πνεύματι</span> <span class='ocrx_word' id='word_1_566' title='bbox 2739 5426 2938 5488; x_wconf 79' lang='grc' dir='ltr'>πλάνης</span> <span class='ocrx_word' id='word_1_567' title='bbox 3046 5431 3135 5480; x_wconf 83' lang='lat' dir='ltr'><strong>xui</strong></span> 
     </span>
    </p>
   </div>
   <div class='ocr_carea' id='block_1_83' title="bbox 2362 521 3959 600">
    <p class='ocr_par' dir='ltr' id='par_1_83' title="bbox 2362 521 3959 600">
     <span class='ocr_line' id='line_1_83' title="bbox 2362 521 3959 600; baseline 0.003 -27"><span class='ocrx_word' id='word_1_568' title='bbox 2362 524 2463 598; x_wconf 86' lang='grc' dir='ltr'><strong>γάρ</strong></span> <span class='ocrx_word' id='word_1_569' title='bbox 2523 542 2586 596; x_wconf 89' lang='grc' dir='ltr'><strong>με</strong></span> <span class='ocrx_word' id='word_1_570' title='bbox 2639 526 2670 583; x_wconf 81' lang='grc' dir='ltr'><strong>ἠ</strong></span> <span class='ocrx_word' id='word_1_571' title='bbox 2732 521 3005 600; x_wconf 79' lang='grc' dir='ltr'><strong>φρικώδης</strong></span> <span class='ocrx_word' id='word_1_572' title='bbox 3060 524 3224 584; x_wconf 75' lang='grc' dir='ltr'>ἐκείνη</span> <span class='ocrx_word' id='word_1_573' title='bbox 3301 524 3586 597; x_wconf 78' lang='grc' dir='ltr'>ἀπόφασις,</span> <span class='ocrx_word' id='word_1_574' title='bbox 3654 527 3959 591; x_wconf 79' lang='grc' dir='ltr'>Ἐπεὶνασα,</span> 
     </span>
    </p>
   </div>
   <div class='ocr_carea' id='block_1_84' title="bbox 2361 609 3963 687">
    <p class='ocr_par' dir='ltr' id='par_1_84' title="bbox 2361 609 3963 687">
     <span class='ocr_line' id='line_1_84' title="bbox 2361 609 3963 687; baseline 0.001 -24"><span class='ocrx_word' id='word_1_575' title='bbox 2361 609 2609 683; x_wconf 75' lang='grc' dir='ltr'>λέγουσα,</span> <span class='ocrx_word' id='word_1_576' title='bbox 2677 619 2767 666; x_wconf 83' lang='grc' dir='ltr'>καὶ</span> <span class='ocrx_word' id='word_1_577' title='bbox 2846 615 2939 667; x_wconf 70' lang='grc' dir='ltr'>οὐκ</span> <span class='ocrx_word' id='word_1_578' title='bbox 3015 611 3246 667; x_wconf 70' lang='grc' dir='ltr'>ἐδώκατὶ</span> <span class='ocrx_word' id='word_1_579' title='bbox 3319 635 3412 687; x_wconf 86' lang='grc' dir='ltr'><strong>μοι</strong></span> <span class='ocrx_word' id='word_1_580' title='bbox 3481 623 3680 686; x_wconf 77' lang='grc' dir='ltr'>φαγεῖν.</span> <span class='ocrx_word' id='word_1_581' title='bbox 3760 616 3963 686; x_wconf 86' lang='grc' dir='ltr'>Γυμνός</span> 
     </span>
    </p>
   </div>
   <div class='ocr_carea' id='block_1_85' title="bbox 2362 694 3963 779">
    <p class='ocr_par' dir='ltr' id='par_1_85' title="bbox 2362 694 3963 779">
     <span class='ocr_line' id='line_1_85' title="bbox 2362 694 3963 779; baseline -0.002 -21"><span class='ocrx_word' id='word_1_582' title='bbox 2362 701 2522 772; x_wconf 69' lang='grc' dir='ltr'>ἢμην,</span> <span class='ocrx_word' id='word_1_583' title='bbox 2583 707 2671 755; x_wconf 79' lang='grc' dir='ltr'>καὶ</span> <span class='ocrx_word' id='word_1_584' title='bbox 2733 703 2791 755; x_wconf 75' lang='grc' dir='ltr'>οὐ</span> <span class='ocrx_word' id='word_1_585' title='bbox 2858 702 3181 779; x_wconf 77' lang='grc' dir='ltr'>περιεϐάλετὲ</span> <span class='ocrx_word' id='word_1_586' title='bbox 3246 723 3328 776; x_wconf 87' lang='grc' dir='ltr'>με.</span> <span class='ocrx_word' id='word_1_587' title='bbox 3398 694 3508 755; x_wconf 66' lang='grc' dir='ltr'><strong>Οὔκ</strong></span> <span class='ocrx_word' id='word_1_588' title='bbox 3576 706 3690 756; x_wconf 79' lang='grc' dir='ltr'>ἔστι</span> <span class='ocrx_word' id='word_1_589' title='bbox 3756 700 3816 756; x_wconf 78' lang='grc' dir='ltr'>δὲ</span> <span class='ocrx_word' id='word_1_590' title='bbox 3873 723 3963 776; x_wconf 88' lang='grc' dir='ltr'><strong>μοι</strong></span> 
     </span>
    </p>
   </div>
   <div class='ocr_carea' id='block_1_86' title="bbox 2361 789 3961 865">
    <p class='ocr_par' dir='ltr' id='par_1_86' title="bbox 2361 789 3961 865">
     <span class='ocr_line' id='line_1_86' title="bbox 2361 789 3961 865; baseline 0.002 -25"><span class='ocrx_word' id='word_1_591' title='bbox 2361 795 2536 863; x_wconf 88' lang='grc' dir='ltr'>στόμα</span> <span class='ocrx_word' id='word_1_592' title='bbox 2572 791 2775 855; x_wconf 73' lang='grc' dir='ltr'>ἀνοῖξαι</span> <span class='ocrx_word' id='word_1_593' title='bbox 2826 798 2916 845; x_wconf 82' lang='grc' dir='ltr'>καὶ</span> <span class='ocrx_word' id='word_1_594' title='bbox 2971 794 3100 865; x_wconf 81' lang='grc' dir='ltr'>μετὰ</span> <span class='ocrx_word' id='word_1_595' title='bbox 3144 792 3344 847; x_wconf 79' lang='grc' dir='ltr'>Παῦλον</span> <span class='ocrx_word' id='word_1_596' title='bbox 3397 795 3483 845; x_wconf 86' lang='grc' dir='ltr'><strong>τόν</strong></span> <span class='ocrx_word' id='word_1_597' title='bbox 3544 789 3662 865; x_wconf 81' lang='grc' dir='ltr'>ἐμόν</span> <span class='ocrx_word' id='word_1_598' title='bbox 3715 793 3961 851; x_wconf 83' lang='grc' dir='ltr'>νουθετῆ-</span> 
     </span>
    </p>
   </div>
   <div class='ocr_carea' id='block_1_87' title="bbox 2361 879 2654 932">
    <p class='ocr_par' dir='ltr' id='par_1_87' title="bbox 2361 879 2654 932">
     <span class='ocr_line' id='line_1_87' title="bbox 2361 879 2654 932; baseline 0.01 -3"><span class='ocrx_word' id='word_1_599' title='bbox 2361 896 2453 930; x_wconf 85' lang='grc' dir='ltr'><strong>σαι</strong></span> <span class='ocrx_word' id='word_1_600' title='bbox 2532 879 2654 932; x_wconf 90' lang='grc' dir='ltr'>λαὸν</span> 
     </span>
    </p>
   </div>
   <div class='ocr_carea' id='block_1_88' title="bbox 2362 970 2730 1042">
    <p class='ocr_par' dir='ltr' id='par_1_88' title="bbox 2362 970 2730 1042">
     <span class='ocr_line' id='line_1_88' title="bbox 2362 970 2730 1042; baseline 0.011 -23"><span class='ocrx_word' id='word_1_601' title='bbox 2362 970 2730 1042; x_wconf 73' lang='grc' dir='ltr'>σκεπάσματα,</span> 
     </span>
    </p>
   </div>
   <div class='ocr_carea' id='block_1_89' title="bbox 2748 878 3962 956">
    <p class='ocr_par' dir='ltr' id='par_1_89' title="bbox 2748 878 3962 956">
     <span class='ocr_line' id='line_1_89' title="bbox 2748 878 3962 956; baseline 0.001 -24"><span class='ocrx_word' id='word_1_602' title='bbox 2748 885 2841 935; x_wconf 82' lang='lat' dir='ltr'><strong>xui.</strong></span> <span class='ocrx_word' id='word_1_603' title='bbox 2918 881 3095 934; x_wconf 76' lang='grc' dir='ltr'>εἰπεῖν’</span> <span class='ocrx_word' id='word_1_604' title='bbox 3167 881 3417 953; x_wconf 79' lang='grc' dir='ltr'>Ἔχοντες</span> <span class='ocrx_word' id='word_1_605' title='bbox 3502 878 3789 956; x_wconf 73' lang='grc' dir='ltr'>διατροφὴν</span> <span class='ocrx_word' id='word_1_606' title='bbox 3872 884 3962 933; x_wconf 85' lang='grc' dir='ltr'>καὶ</span> 
     </span>
    </p>
   </div>
   <div class='ocr_carea' id='block_1_90' title="bbox 2809 966 3960 1045">
    <p class='ocr_par' dir='ltr' id='par_1_90' title="bbox 2809 966 3960 1045">
     <span class='ocr_line' id='line_1_90' title="bbox 2809 966 3960 1045; baseline -0.001 -22"><span class='ocrx_word' id='word_1_607' title='bbox 2809 973 3010 1032; x_wconf 80' lang='grc' dir='ltr'>τούτοις</span> <span class='ocrx_word' id='word_1_608' title='bbox 3104 970 3559 1044; x_wconf 73' lang='grc' dir='ltr'>ἀρκεσθησόμεθα.</span> <span class='ocrx_word' id='word_1_609' title='bbox 3643 966 3787 1024; x_wconf 67' lang='grc' dir='ltr'><strong>Οὐδὲ</strong></span> <span class='ocrx_word' id='word_1_610' title='bbox 3857 972 3960 1045; x_wconf 78' lang='grc' dir='ltr'><strong>γὰρ</strong></span> 
     </span>
    </p>
   </div>
   <div class='ocr_carea' id='block_1_91' title="bbox 2361 1056 3018 1133">
    <p class='ocr_par' dir='ltr' id='par_1_91' title="bbox 2361 1056 3018 1133">
     <span class='ocr_line' id='line_1_91' title="bbox 2361 1056 3018 1133; baseline 0.008 -25"><span class='ocrx_word' id='word_1_611' title='bbox 2361 1059 2524 1115; x_wconf 77' lang='grc' dir='ltr'>αὐτὴν</span> <span class='ocrx_word' id='word_1_612' title='bbox 2556 1056 2655 1130; x_wconf 73' lang='grc' dir='ltr'><strong>ἐγὼ</strong></span> <span class='ocrx_word' id='word_1_613' title='bbox 2686 1057 3018 1133; x_wconf 75' lang='grc' dir='ltr'>ἐχορήγησα.</span> 
     </span>
    </p>
   </div>
   <div class='ocr_carea' id='block_1_92' title="bbox 2429 1145 3960 1225">
    <p class='ocr_par' dir='ltr' id='par_1_92' title="bbox 2429 1145 3960 1225">
     <span class='ocr_line' id='line_1_92' title="bbox 2429 1145 3960 1225; baseline 0.002 -26"><span class='ocrx_word' id='word_1_614' title='bbox 2429 1145 2610 1219; x_wconf 84' lang='grc' dir='ltr'>Ὅμως</span> <span class='ocrx_word' id='word_1_615' title='bbox 2641 1145 2701 1201; x_wconf 71' lang='grc' dir='ltr'>δὲ</span> <span class='ocrx_word' id='word_1_616' title='bbox 2744 1154 2834 1202; x_wconf 86' lang='grc' dir='ltr'>καὶ</span> <span class='ocrx_word' id='word_1_617' title='bbox 2876 1150 3040 1211; x_wconf 76' lang='grc' dir='ltr'>οὕτως</span> <span class='ocrx_word' id='word_1_618' title='bbox 3071 1146 3257 1211; x_wconf 74' lang='grc' dir='ltr'>ἐνδεῶς</span> <span class='ocrx_word' id='word_1_619' title='bbox 3306 1150 3445 1221; x_wconf 79' lang='grc' dir='ltr'>ἔχων</span> <span class='ocrx_word' id='word_1_620' title='bbox 3502 1153 3621 1223; x_wconf 83' lang='grc' dir='ltr'>περὶ</span> <span class='ocrx_word' id='word_1_621' title='bbox 3669 1147 3960 1225; x_wconf 77' lang='grc' dir='ltr'>ἀμφότερα,</span> 
     </span>
    </p>
   </div>
   <div class='ocr_carea' id='block_1_93' title="bbox 2359 1235 3963 1311">
    <p class='ocr_par' dir='ltr' id='par_1_93' title="bbox 2359 1235 3963 1311">
     <span class='ocr_line' id='line_1_93' title="bbox 2359 1235 3963 1311; baseline 0.001 -23"><span class='ocrx_word' id='word_1_622' title='bbox 2359 1236 2682 1309; x_wconf 80' lang='grc' dir='ltr'>πειράσομαι</span> <span class='ocrx_word' id='word_1_623' title='bbox 2716 1240 2853 1290; x_wconf 85' lang='grc' dir='ltr'>κατὰ</span> <span class='ocrx_word' id='word_1_624' title='bbox 2908 1242 2966 1290; x_wconf 84' lang='grc' dir='ltr'>τὸ</span> <span class='ocrx_word' id='word_1_625' title='bbox 3016 1235 3238 1291; x_wconf 83' lang='grc' dir='ltr'>δυνατὸν</span> <span class='ocrx_word' id='word_1_626' title='bbox 3294 1243 3384 1291; x_wconf 85' lang='grc' dir='ltr'>καὶ</span> <span class='ocrx_word' id='word_1_627' title='bbox 3437 1237 3626 1311; x_wconf 65' lang='grc' dir='ltr'>θρέψαι</span> <span class='ocrx_word' id='word_1_628' title='bbox 3673 1241 3798 1299; x_wconf 81' lang='grc' dir='ltr'>τοὺς</span> <span class='ocrx_word' id='word_1_629' title='bbox 3846 1257 3963 1291; x_wconf 80' lang='grc' dir='ltr'>πει-</span> 
     </span>
    </p>
   </div>
   <div class='ocr_carea' id='block_1_94' title="bbox 2359 1327 3962 1400">
    <p class='ocr_par' dir='ltr' id='par_1_94' title="bbox 2359 1327 3962 1400">
     <span class='ocr_line' id='line_1_94' title="bbox 2359 1327 3962 1400; baseline 0.002 -25"><span class='ocrx_word' id='word_1_630' title='bbox 2359 1333 2566 1393; x_wconf 82' lang='grc' dir='ltr'>νῶντας,</span> <span class='ocrx_word' id='word_1_631' title='bbox 2644 1332 2733 1379; x_wconf 84' lang='grc' dir='ltr'>καὶ</span> <span class='ocrx_word' id='word_1_632' title='bbox 2821 1327 3111 1400; x_wconf 80' lang='grc' dir='ltr'>περιϐαλεῖν</span> <span class='ocrx_word' id='word_1_633' title='bbox 3191 1332 3313 1390; x_wconf 78' lang='grc' dir='ltr'>τοὺς</span> <span class='ocrx_word' id='word_1_634' title='bbox 3381 1330 3819 1400; x_wconf 80' lang='grc' dir='ltr'>γυμνητεύοντας.</span> <span class='ocrx_word' id='word_1_635' title='bbox 3903 1331 3962 1380; x_wconf 84' lang='grc' dir='ltr'>τὸ</span> 
     </span>
    </p>
   </div>
   <div class='ocr_carea' id='block_1_95' title="bbox 2359 1590 3965 1669">
    <p class='ocr_par' dir='ltr' id='par_1_95' title="bbox 2359 1590 3965 1669">
     <span class='ocr_line' id='line_1_95' title="bbox 2359 1590 3965 1669; baseline 0.002 -26"><span class='ocrx_word' id='word_1_636' title='bbox 2359 1590 2567 1663; x_wconf 80' lang='grc' dir='ltr'>μώξεως</span> <span class='ocrx_word' id='word_1_637' title='bbox 2591 1597 2677 1645; x_wconf 86' lang='grc' dir='ltr'>τὸν</span> <span class='ocrx_word' id='word_1_638' title='bbox 2730 1599 2926 1667; x_wconf 78' lang='grc' dir='ltr'>κόσμον</span> <span class='ocrx_word' id='word_1_639' title='bbox 2984 1594 3454 1669; x_wconf 82' lang='grc' dir='ltr'>ἐκλυτρωσάμενον.</span> <span class='ocrx_word' id='word_1_640' title='bbox 3510 1595 3665 1649; x_wconf 66' lang='grc' dir='ltr'>Ἐστι</span> <span class='ocrx_word' id='word_1_641' title='bbox 3714 1591 3776 1648; x_wconf 82' lang='grc' dir='ltr'>δέ</span> <span class='ocrx_word' id='word_1_642' title='bbox 3809 1595 3965 1656; x_wconf 70' lang='grc' dir='ltr'>αὐτὸς</span> 
     </span>
    </p>
   </div>
   <div class='ocr_carea' id='block_1_96' title="bbox 2359 1857 3963 1937">
    <p class='ocr_par' dir='ltr' id='par_1_96' title="bbox 2359 1857 3963 1937">
     <span class='ocr_line' id='line_1_96' title="bbox 2359 1857 3963 1937; baseline 0.001 -25"><span class='ocrx_word' id='word_1_643' title='bbox 2359 1857 2453 1921; x_wconf 88' lang='grc' dir='ltr'><strong>λας</strong></span> <span class='ocrx_word' id='word_1_644' title='bbox 2481 1864 2576 1918; x_wconf 79' lang='grc' dir='ltr'><strong>τήν</strong></span> <span class='ocrx_word' id='word_1_645' title='bbox 2607 1864 2895 1933; x_wconf 80' lang='grc' dir='ltr'>γύμνωσιν.</span> <span class='ocrx_word' id='word_1_646' title='bbox 2945 1862 3100 1915; x_wconf 82' lang='grc' dir='ltr'>Ὅσοι</span> <span class='ocrx_word' id='word_1_647' title='bbox 3146 1865 3248 1937; x_wconf 83' lang='grc' dir='ltr'><strong>γὰρ</strong></span> <span class='ocrx_word' id='word_1_648' title='bbox 3306 1863 3378 1924; x_wconf 83' lang='grc' dir='ltr'><strong>εἰς</strong></span> <span class='ocrx_word' id='word_1_649' title='bbox 3428 1870 3658 1937; x_wconf 85' lang='grc' dir='ltr'>Χριστόν</span> <span class='ocrx_word' id='word_1_650' title='bbox 3710 1861 3963 1936; x_wconf 76' lang='grc' dir='ltr'>βεϐαπτί-</span> 
     </span>
    </p>
   </div>
   <div class='ocr_carea' id='block_1_97' title="bbox 2364 1948 3963 2023">
    <p class='ocr_par' dir='ltr' id='par_1_97' title="bbox 2364 1948 3963 2023">
     <span class='ocr_line' id='line_1_97' title="bbox 2364 1948 3963 2023; baseline 0.004 -25"><span class='ocrx_word' id='word_1_651' title='bbox 2364 1949 2551 2019; x_wconf 84' lang='grc' dir='ltr'>σμεθα,</span> <span class='ocrx_word' id='word_1_652' title='bbox 2610 1953 2842 2021; x_wconf 84' lang='grc' dir='ltr'>Χριστὸν</span> <span class='ocrx_word' id='word_1_653' title='bbox 2882 1948 3220 2023; x_wconf 63' lang='grc' dir='ltr'>ἐνδιδόμεθα.</span> <span class='ocrx_word' id='word_1_654' title='bbox 3278 1951 3435 2005; x_wconf 85' lang='grc' dir='ltr'>Ἀλλά</span> <span class='ocrx_word' id='word_1_655' title='bbox 3485 1957 3536 2004; x_wconf 88' lang='grc' dir='ltr'><strong>τί</strong></span> <span class='ocrx_word' id='word_1_656' title='bbox 3596 1956 3655 2004; x_wconf 85' lang='grc' dir='ltr'>τὸ</span> <span class='ocrx_word' id='word_1_657' title='bbox 3710 1951 3963 2023; x_wconf 84' lang='grc' dir='ltr'>συγκαλέ-</span> 
     </span>
    </p>
   </div>
   <div class='ocr_carea' id='block_1_98' title="bbox 2364 2036 3962 2114">
    <p class='ocr_par' dir='ltr' id='par_1_98' title="bbox 2364 2036 3962 2114">
     <span class='ocr_line' id='line_1_98' title="bbox 2364 2036 3962 2114; baseline 0.004 -28"><span class='ocrx_word' id='word_1_658' title='bbox 2364 2054 2459 2087; x_wconf 89' lang='grc' dir='ltr'><strong>σαν</strong></span> <span class='ocrx_word' id='word_1_659' title='bbox 2490 2039 2576 2087; x_wconf 83' lang='grc' dir='ltr'><strong>τόν</strong></span> <span class='ocrx_word' id='word_1_660' title='bbox 2625 2036 2746 2108; x_wconf 70' lang='grc' dir='ltr'>ἐμόν</span> <span class='ocrx_word' id='word_1_661' title='bbox 2791 2038 2911 2090; x_wconf 83' lang='grc' dir='ltr'>λαὸν</span> <span class='ocrx_word' id='word_1_662' title='bbox 2956 2041 3227 2108; x_wconf 75' lang='grc' dir='ltr'>ἓνταυθοῐς</span> <span class='ocrx_word' id='word_1_663' title='bbox 3279 2042 3441 2092; x_wconf 83' lang='grc' dir='ltr'><strong>Πόθεν</strong></span> <span class='ocrx_word' id='word_1_664' title='bbox 3470 2041 3500 2098; x_wconf 82' lang='grc' dir='ltr'>ἡ</span> <span class='ocrx_word' id='word_1_665' title='bbox 3552 2040 3681 2099; x_wconf 87' lang='grc' dir='ltr'>καλή</span> <span class='ocrx_word' id='word_1_666' title='bbox 3732 2043 3962 2114; x_wconf 73' lang='grc' dir='ltr'>παρατα-</span> 
     </span>
    </p>
   </div>
   <div class='ocr_carea' id='block_1_99' title="bbox 2363 2124 3963 2205">
    <p class='ocr_par' dir='ltr' id='par_1_99' title="bbox 2363 2124 3963 2205">
     <span class='ocr_line' id='line_1_99' title="bbox 2363 2124 3963 2205; baseline 0.004 -30"><span class='ocrx_word' id='word_1_667' title='bbox 2363 2124 2442 2187; x_wconf 82' lang='grc' dir='ltr'>ξις</span> <span class='ocrx_word' id='word_1_668' title='bbox 2497 2125 2667 2193; x_wconf 79' lang='grc' dir='ltr'>αὕτη;</span> <span class='ocrx_word' id='word_1_669' title='bbox 2703 2126 2816 2179; x_wconf 78' lang='grc' dir='ltr'><strong>Κάκ</strong></span> <span class='ocrx_word' id='word_1_670' title='bbox 2850 2133 2983 2189; x_wconf 86' lang='grc' dir='ltr'>τίνος</span> <span class='ocrx_word' id='word_1_671' title='bbox 3033 2130 3358 2202; x_wconf 74' lang='grc' dir='ltr'>συνθήματος</span> <span class='ocrx_word' id='word_1_672' title='bbox 3417 2134 3474 2182; x_wconf 83' lang='grc' dir='ltr'>τὸ</span> <span class='ocrx_word' id='word_1_673' title='bbox 3531 2132 3664 2205; x_wconf 80' lang='grc' dir='ltr'>ἱερὸν</span> <span class='ocrx_word' id='word_1_674' title='bbox 3721 2150 3963 2202; x_wconf 79' lang='grc' dir='ltr'>συνικρο-</span> 
     </span>
    </p>
   </div>
   <div class='ocr_carea' id='block_1_100' title="bbox 2361 2213 3966 2292">
    <p class='ocr_par' dir='ltr' id='par_1_100' title="bbox 2361 2213 3966 2292">
     <span class='ocr_line' id='line_1_100' title="bbox 2361 2213 3966 2292; baseline 0.003 -26"><span class='ocrx_word' id='word_1_675' title='bbox 2361 2214 2495 2271; x_wconf 74' lang='grc' dir='ltr'><strong>τήθη</strong></span> <span class='ocrx_word' id='word_1_676' title='bbox 2532 2213 2887 2289; x_wconf 84' lang='grc' dir='ltr'>στρατόπεδον</span> <span class='ocrx_word' id='word_1_677' title='bbox 2913 2232 2926 2283; x_wconf 89' lang='grc'><strong>;</strong></span> <span class='ocrx_word' id='word_1_678' title='bbox 2957 2216 3023 2269; x_wconf 81' lang='grc' dir='ltr'><strong>Ἦ</strong></span> <span class='ocrx_word' id='word_1_679' title='bbox 3072 2221 3296 2280; x_wconf 73' lang='grc' dir='ltr'>παντως,</span> <span class='ocrx_word' id='word_1_680' title='bbox 3351 2218 3463 2272; x_wconf 78' lang='grc' dir='ltr'>ἐπεὶ</span> <span class='ocrx_word' id='word_1_681' title='bbox 3493 2222 3552 2272; x_wconf 88' lang='grc' dir='ltr'>τὸ</span> <span class='ocrx_word' id='word_1_682' title='bbox 3607 2227 3701 2272; x_wconf 79' lang='grc' dir='ltr'>τοῦ</span> <span class='ocrx_word' id='word_1_683' title='bbox 3756 2218 3966 2292; x_wconf 74' lang='grc' dir='ltr'>παμϐα-</span> 
     </span>
    </p>
   </div>
   <div class='ocr_carea' id='block_1_101' title="bbox 2365 2303 3965 2382">
    <p class='ocr_par' dir='ltr' id='par_1_101' title="bbox 2365 2303 3965 2382">
     <span class='ocr_line' id='line_1_101' title="bbox 2365 2303 3965 2382; baseline 0.004 -27"><span class='ocrx_word' id='word_1_684' title='bbox 2365 2303 2547 2364; x_wconf 77' lang='grc' dir='ltr'>σιλέως</span> <span class='ocrx_word' id='word_1_685' title='bbox 2609 2313 2874 2379; x_wconf 77' lang='grc' dir='ltr'>σκῆπτρον</span> <span class='ocrx_word' id='word_1_686' title='bbox 2931 2310 3155 2360; x_wconf 80' lang='grc' dir='ltr'>ἐνταῦθα</span> <span class='ocrx_word' id='word_1_687' title='bbox 3212 2312 3438 2382; x_wconf 76' lang='grc' dir='ltr'>σήμερον</span> <span class='ocrx_word' id='word_1_688' title='bbox 3502 2306 3814 2380; x_wconf 73' lang='grc' dir='ltr'>ἁνυψουται,</span> <span class='ocrx_word' id='word_1_689' title='bbox 3873 2314 3965 2361; x_wconf 88' lang='grc' dir='ltr'>καὶ</span> 
     </span>
    </p>
   </div>
   <div class='ocr_carea' id='block_1_102' title="bbox 2363 2395 3964 2473">
    <p class='ocr_par' dir='ltr' id='par_1_102' title="bbox 2363 2395 3964 2473">
     <span class='ocr_line' id='line_1_102' title="bbox 2363 2395 3964 2473; baseline 0.003 -28"><span class='ocrx_word' id='word_1_690' title='bbox 2363 2395 2393 2451; x_wconf 75' lang='grc' dir='ltr'>ἡ</span> <span class='ocrx_word' id='word_1_691' title='bbox 2436 2402 2528 2446; x_wconf 81' lang='grc' dir='ltr'>τοῦ</span> <span class='ocrx_word' id='word_1_692' title='bbox 2566 2399 2982 2471; x_wconf 78' lang='grc' dir='ltr'>παντοκράτορος</span> <span class='ocrx_word' id='word_1_693' title='bbox 3025 2404 3230 2471; x_wconf 82' lang='grc' dir='ltr'>σημαία</span> <span class='ocrx_word' id='word_1_694' title='bbox 3267 2398 3351 2451; x_wconf 81' lang='grc' dir='ltr'><strong>ἐπὶ</strong></span> <span class='ocrx_word' id='word_1_695' title='bbox 3391 2400 3575 2473; x_wconf 82' lang='grc' dir='ltr'>βωμου</span> <span class='ocrx_word' id='word_1_696' title='bbox 3631 2403 3816 2452; x_wconf 73' lang='grc' dir='ltr'>τούτου</span> <span class='ocrx_word' id='word_1_697' title='bbox 3872 2406 3964 2452; x_wconf 80' lang='grc' dir='ltr'>τοῦ</span> 
     </span>
    </p>
   </div>
   <div class='ocr_carea' id='block_1_103' title="bbox 2366 2483 3961 2561">
    <p class='ocr_par' dir='ltr' id='par_1_103' title="bbox 2366 2483 3961 2561">
     <span class='ocr_line' id='line_1_103' title="bbox 2366 2483 3961 2561; baseline 0.003 -27"><span class='ocrx_word' id='word_1_698' title='bbox 2366 2484 2503 2556; x_wconf 80' lang='grc' dir='ltr'>ἱεροῦ</span> <span class='ocrx_word' id='word_1_699' title='bbox 2540 2483 2755 2561; x_wconf 81' lang='grc' dir='ltr'>λαμπρὰ</span> <span class='ocrx_word' id='word_1_700' title='bbox 2791 2485 3039 2561; x_wconf 81' lang='grc' dir='ltr'>λαμπρῶς</span> <span class='ocrx_word' id='word_1_701' title='bbox 3080 2486 3455 2555; x_wconf 76' lang='grc' dir='ltr'>ἁνεστήλωται,</span> <span class='ocrx_word' id='word_1_702' title='bbox 3516 2487 3794 2541; x_wconf 79' lang='grc' dir='ltr'>ἀκόλουθόν</span> <span class='ocrx_word' id='word_1_703' title='bbox 3845 2489 3961 2541; x_wconf 82' lang='grc' dir='ltr'>ἐστι</span> 
     </span>
    </p>
   </div>
   <div class='ocr_carea' id='block_1_104' title="bbox 2363 2577 3967 2653">
    <p class='ocr_par' dir='ltr' id='par_1_104' title="bbox 2363 2577 3967 2653">
     <span class='ocr_line' id='line_1_104' title="bbox 2363 2577 3967 2653; baseline 0.003 -29"><span class='ocrx_word' id='word_1_704' title='bbox 2363 2577 2453 2625; x_wconf 79' lang='grc' dir='ltr'>καὶ</span> <span class='ocrx_word' id='word_1_705' title='bbox 2504 2577 2626 2635; x_wconf 76' lang='grc' dir='ltr'>τοὺς</span> <span class='ocrx_word' id='word_1_706' title='bbox 2674 2582 2766 2628; x_wconf 77' lang='grc' dir='ltr'>τοῦ</span> <span class='ocrx_word' id='word_1_707' title='bbox 2824 2579 3240 2653; x_wconf 74' lang='grc' dir='ltr'>παντοκράτορος</span> <span class='ocrx_word' id='word_1_708' title='bbox 3304 2584 3629 2650; x_wconf 81' lang='grc' dir='ltr'>στρατιώτας</span> <span class='ocrx_word' id='word_1_709' title='bbox 3679 2583 3798 2651; x_wconf 84' lang='grc' dir='ltr'>περὶ</span> <span class='ocrx_word' id='word_1_710' title='bbox 3849 2586 3967 2631; x_wconf 80' lang='grc' dir='ltr'>τοῦ·</span> 
     </span>
    </p>
   </div>
   <div class='ocr_carea' id='block_1_105' title="bbox 2363 2663 3960 2739">
    <p class='ocr_par' dir='ltr' id='par_1_105' title="bbox 2363 2663 3960 2739">
     <span class='ocr_line' id='line_1_105' title="bbox 2363 2663 3960 2739; baseline 0.002 -26"><span class='ocrx_word' id='word_1_711' title='bbox 2363 2681 2419 2714; x_wconf 92' lang='grc' dir='ltr'><strong>το</strong></span> <span class='ocrx_word' id='word_1_712' title='bbox 2473 2666 2532 2714; x_wconf 86' lang='grc' dir='ltr'>τὸ</span> <span class='ocrx_word' id='word_1_713' title='bbox 2591 2673 2857 2739; x_wconf 79' lang='grc' dir='ltr'>σκῆπτρον</span> <span class='ocrx_word' id='word_1_714' title='bbox 2912 2663 3463 2739; x_wconf 74' lang='grc' dir='ltr'>στρατοπεδεύσασθαι</span> <span class='ocrx_word' id='word_1_715' title='bbox 3501 2686 3514 2722; x_wconf 88' lang='lat'><strong>:</strong></span> <span class='ocrx_word' id='word_1_716' title='bbox 3548 2672 3647 2720; x_wconf 83' lang='grc' dir='ltr'><strong>Καὶ</strong></span> <span class='ocrx_word' id='word_1_717' title='bbox 3677 2668 3795 2738; x_wconf 76' lang='grc' dir='ltr'>εὗγέ</span> <span class='ocrx_word' id='word_1_718' title='bbox 3852 2687 3960 2735; x_wconf 80' lang='grc' dir='ltr'>σοι,</span> 
     </span>
    </p>
   </div>
   <div class='ocr_carea' id='block_1_106' title="bbox 2364 2749 3961 2829">
    <p class='ocr_par' dir='ltr' id='par_1_106' title="bbox 2364 2749 3961 2829">
     <span class='ocr_line' id='line_1_106' title="bbox 2364 2749 3961 2829; baseline 0.003 -26"><span class='ocrx_word' id='word_1_719' title='bbox 2364 2749 2452 2804; x_wconf 77' lang='grc' dir='ltr'>λαὶ</span> <span class='ocrx_word' id='word_1_720' title='bbox 2520 2757 2676 2806; x_wconf 71' lang='grc' dir='ltr'>πιστὶ</span> <span class='ocrx_word' id='word_1_721' title='bbox 2727 2763 2799 2825; x_wconf 82' lang='grc' dir='ltr'>τῷ</span> <span class='ocrx_word' id='word_1_722' title='bbox 2854 2760 3153 2824; x_wconf 73' lang='grc' dir='ltr'>ποιήσαντι,</span> <span class='ocrx_word' id='word_1_723' title='bbox 3224 2753 3339 2828; x_wconf 77' lang='grc' dir='ltr'>εὖγε</span> <span class='ocrx_word' id='word_1_724' title='bbox 3385 2763 3476 2818; x_wconf 77' lang='grc' dir='ltr'>τῆς</span> <span class='ocrx_word' id='word_1_725' title='bbox 3540 2760 3668 2829; x_wconf 85' lang='grc' dir='ltr'>πρὸς</span> <span class='ocrx_word' id='word_1_726' title='bbox 3729 2758 3816 2807; x_wconf 85' lang='grc' dir='ltr'>τὸν</span> <span class='ocrx_word' id='word_1_727' title='bbox 3873 2762 3961 2807; x_wconf 81' lang='grc' dir='ltr'><strong>Δε-</strong></span> 
     </span>
    </p>
   </div>
   <div class='ocr_carea' id='block_1_107' title="bbox 2370 2841 3474 2917">
    <p class='ocr_par' dir='ltr' id='par_1_107' title="bbox 2370 2841 3474 2917">
     <span class='ocr_line' id='line_1_107' title="bbox 2370 2841 3474 2917; baseline 0.008 -25"><span class='ocrx_word' id='word_1_728' title='bbox 2370 2846 2568 2899; x_wconf 75' lang='grc' dir='ltr'>σπότην</span> <span class='ocrx_word' id='word_1_729' title='bbox 2595 2842 2808 2907; x_wconf 66' lang='grc' dir='ltr'>εὐνοίας·</span> <span class='ocrx_word' id='word_1_730' title='bbox 2843 2841 2956 2917; x_wconf 79' lang='grc' dir='ltr'>εὖγε</span> <span class='ocrx_word' id='word_1_731' title='bbox 2984 2851 3075 2913; x_wconf 83' lang='grc' dir='ltr'>καὶ</span> <span class='ocrx_word' id='word_1_732' title='bbox 3102 2854 3191 2907; x_wconf 85' lang='grc' dir='ltr'>τῆς</span> <span class='ocrx_word' id='word_1_733' title='bbox 3217 2847 3474 2906; x_wconf 80' lang='grc' dir='ltr'>ὑπακοῆς.</span> 
     </span>
    </p>
   </div>
   <div class='ocr_carea' id='block_1_108' title="bbox 2372 4087 3992 4165">
    <p class='ocr_par' dir='ltr' id='par_1_108' title="bbox 2372 4087 3992 4165">
     <span class='ocr_line' id='line_1_108' title="bbox 2372 4087 3992 4165; baseline 0.002 -24"><span class='ocrx_word' id='word_1_734' title='bbox 2372 4108 2516 4161; x_wconf 83' lang='grc' dir='ltr'>μενος</span> <span class='ocrx_word' id='word_1_735' title='bbox 2571 4090 2807 4143; x_wconf 82' lang='grc' dir='ltr'>θάνατον.</span> <span class='ocrx_word' id='word_1_736' title='bbox 2859 4094 2982 4165; x_wconf 77' lang='grc' dir='ltr'>Φέρε</span> <span class='ocrx_word' id='word_1_737' title='bbox 3026 4089 3114 4144; x_wconf 78' lang='grc' dir='ltr'>οὖν</span> <span class='ocrx_word' id='word_1_738' title='bbox 3161 4087 3457 4164; x_wconf 76' lang='grc' dir='ltr'>ἓνδύσωμεν</span> <span class='ocrx_word' id='word_1_739' title='bbox 3532 4093 3668 4165; x_wconf 75' lang='grc' dir='ltr'>ὑμᾶς</span> <span class='ocrx_word' id='word_1_740' title='bbox 3716 4095 3783 4145; x_wconf 80' lang='grc' dir='ltr'>τὰ</span> <span class='ocrx_word' id='word_1_741' title='bbox 3842 4092 3992 4146; x_wconf 83' lang='grc' dir='ltr'>ὅπλα</span> 
     </span>
    </p>
   </div>
   <div class='ocr_carea' id='block_1_109' title="bbox 2379 4533 4001 4614">
    <p class='ocr_par' dir='ltr' id='par_1_109' title="bbox 2379 4533 4001 4614">
     <span class='ocr_line' id='line_1_109' title="bbox 2379 4533 4001 4614; baseline 0.004 -29"><span class='ocrx_word' id='word_1_742' title='bbox 2379 4533 2718 4606; x_wconf 79' lang='grc' dir='ltr'>ὀνομάζουσι.</span> <span class='ocrx_word' id='word_1_743' title='bbox 2762 4535 2965 4588; x_wconf 78' lang='grc' dir='ltr'>Πολλῶν</span> <span class='ocrx_word' id='word_1_744' title='bbox 3014 4540 3113 4611; x_wconf 79' lang='grc' dir='ltr'><strong>γὰρ</strong></span> <span class='ocrx_word' id='word_1_745' title='bbox 3165 4541 3317 4589; x_wconf 79' lang='grc' dir='ltr'>ὄντων</span> <span class='ocrx_word' id='word_1_746' title='bbox 3357 4535 3562 4612; x_wconf 67' lang='grc' dir='ltr'>ἔχθρῶ)</span> <span class='ocrx_word' id='word_1_747' title='bbox 3608 4544 3700 4590; x_wconf 82' lang='grc' dir='ltr'>τοῦ</span> <span class='ocrx_word' id='word_1_748' title='bbox 3746 4548 4001 4614; x_wconf 85' lang='grc' dir='ltr'>σταυρού</span> 
     </span>
    </p>
   </div>
   <div class='ocr_carea' id='block_1_110' title="bbox 2378 4619 3978 4700">
    <p class='ocr_par' dir='ltr' id='par_1_110' title="bbox 2378 4619 3978 4700">
     <span class='ocr_line' id='line_1_110' title="bbox 2378 4619 3978 4700; baseline 0.004 -25"><span class='ocrx_word' id='word_1_749' title='bbox 2378 4619 2672 4692; x_wconf 79' lang='grc' dir='ltr'>Ἰουδαίων,</span> <span class='ocrx_word' id='word_1_750' title='bbox 2732 4624 3032 4697; x_wconf 80' lang='grc' dir='ltr'>Ἀγαρηνῶν</span> <span class='ocrx_word' id='word_1_751' title='bbox 3085 4630 3176 4677; x_wconf 82' lang='grc' dir='ltr'><strong>καὶ</strong></span> <span class='ocrx_word' id='word_1_752' title='bbox 3224 4625 3422 4700; x_wconf 75' lang='grc' dir='ltr'>ἑτέρων,</span> <span class='ocrx_word' id='word_1_753' title='bbox 3490 4627 3539 4677; x_wconf 84' lang='grc' dir='ltr'>οἱ</span> <span class='ocrx_word' id='word_1_754' title='bbox 3610 4634 3847 4679; x_wconf 82' lang='grc' dir='ltr'>τοιοῦτοι</span> <span class='ocrx_word' id='word_1_755' title='bbox 3903 4635 3978 4681; x_wconf 83' lang='grc' dir='ltr'>Βο</span> 
     </span>
    </p>
   </div>
   <div class='ocr_carea' id='block_1_111' title="bbox 2377 4708 4002 4790">
    <p class='ocr_par' dir='ltr' id='par_1_111' title="bbox 2377 4708 4002 4790">
     <span class='ocr_line' id='line_1_111' title="bbox 2377 4708 4002 4790; baseline 0.004 -27"><span class='ocrx_word' id='word_1_756' title='bbox 2377 4710 2581 4783; x_wconf 81' lang='grc' dir='ltr'>γόμιλοι</span> <span class='ocrx_word' id='word_1_757' title='bbox 2654 4708 3054 4790; x_wconf 81' lang='grc' dir='ltr'>βδελυκτότεροι</span> <span class='ocrx_word' id='word_1_758' title='bbox 3129 4718 3220 4766; x_wconf 83' lang='grc' dir='ltr'><strong>καὶ</strong></span> <span class='ocrx_word' id='word_1_759' title='bbox 3291 4708 3699 4787; x_wconf 80' lang='grc' dir='ltr'>δυσσεϐέστεροι</span> <span class='ocrx_word' id='word_1_760' title='bbox 3771 4718 4002 4769; x_wconf 80' lang='grc' dir='ltr'>πάντων</span> 
     </span>
    </p>
   </div>
   <div class='ocr_carea' id='block_1_112' title="bbox 2379 4797 4006 4878">
    <p class='ocr_par' dir='ltr' id='par_1_112' title="bbox 2379 4797 4006 4878">
     <span class='ocr_line' id='line_1_112' title="bbox 2379 4797 4006 4878; baseline 0.006 -28"><span class='ocrx_word' id='word_1_761' title='bbox 2379 4802 2571 4852; x_wconf 75' lang='grc' dir='ltr'>τούτων</span> <span class='ocrx_word' id='word_1_762' title='bbox 2599 4800 2722 4868; x_wconf 82' lang='grc' dir='ltr'>ιὶσὶ,</span> <span class='ocrx_word' id='word_1_763' title='bbox 2762 4806 2854 4854; x_wconf 86' lang='grc' dir='ltr'>καὶ</span> <span class='ocrx_word' id='word_1_764' title='bbox 2894 4810 3066 4875; x_wconf 84' lang='grc' dir='ltr'>στόμα</span> <span class='ocrx_word' id='word_1_765' title='bbox 3104 4811 3196 4856; x_wconf 77' lang='grc' dir='ltr'>τοῦ</span> <span class='ocrx_word' id='word_1_766' title='bbox 3237 4797 3487 4855; x_wconf 79' lang='grc' dir='ltr'>διαϐόλου</span> <span class='ocrx_word' id='word_1_767' title='bbox 3545 4799 3849 4878; x_wconf 75' lang='grc' dir='ltr'>προδήλως,</span> <span class='ocrx_word' id='word_1_768' title='bbox 3900 4811 4006 4859; x_wconf 83' lang='lat' dir='ltr'><strong>xui.</strong></span> 
     </span>
    </p>
   </div>
   <div class='ocr_carea' id='block_1_113' title="bbox 2376 4886 4006 4969">
    <p class='ocr_par' dir='ltr' id='par_1_113' title="bbox 2376 4886 4006 4969">
     <span class='ocr_line' id='line_1_113' title="bbox 2376 4886 4006 4969; baseline 0.003 -27"><span class='ocrx_word' id='word_1_769' title='bbox 2376 4886 2672 4963; x_wconf 79' lang='grc' dir='ltr'>πρόδρομοι</span> <span class='ocrx_word' id='word_1_770' title='bbox 2698 4898 2788 4943; x_wconf 76' lang='grc' dir='ltr'>τοῦ</span> <span class='ocrx_word' id='word_1_771' title='bbox 2834 4889 3201 4964; x_wconf 81' lang='grc' dir='ltr'>ἀντιχρίστου,</span> <span class='ocrx_word' id='word_1_772' title='bbox 3250 4898 3340 4945; x_wconf 85' lang='lat' dir='ltr'><strong>xui</strong></span> <span class='ocrx_word' id='word_1_773' title='bbox 3382 4899 3474 4954; x_wconf 84' lang='grc' dir='ltr'>τῆς</span> <span class='ocrx_word' id='word_1_774' title='bbox 3517 4891 3638 4945; x_wconf 80' lang='grc' dir='ltr'>ὅσον</span> <span class='ocrx_word' id='word_1_775' title='bbox 3682 4888 3791 4951; x_wconf 73' lang='grc' dir='ltr'><strong>ἤδη</strong></span> <span class='ocrx_word' id='word_1_776' title='bbox 3852 4914 4006 4969; x_wconf 85' lang='grc' dir='ltr'>παρ-</span> 
     </span>
    </p>
   </div>
   <div class='ocr_carea' id='block_1_114' title="bbox 2379 4977 4004 5054">
    <p class='ocr_par' dir='ltr' id='par_1_114' title="bbox 2379 4977 4004 5054">
     <span class='ocr_line' id='line_1_114' title="bbox 2379 4977 4004 5054; baseline 0.004 -24"><span class='ocrx_word' id='word_1_777' title='bbox 2379 4984 2565 5041; x_wconf 86' lang='grc' dir='ltr'>ουσίας</span> <span class='ocrx_word' id='word_1_778' title='bbox 2611 4980 2773 5032; x_wconf 68' lang='grc' dir='ltr'>αὑτοῦ</span> <span class='ocrx_word' id='word_1_779' title='bbox 2841 4986 3067 5054; x_wconf 79' lang='grc' dir='ltr'>κήρυκες</span> <span class='ocrx_word' id='word_1_780' title='bbox 3111 4977 3346 5049; x_wconf 75' lang='grc' dir='ltr'>ἔκδηλοι,</span> <span class='ocrx_word' id='word_1_781' title='bbox 3399 4985 3492 5034; x_wconf 83' lang='lat' dir='ltr'><strong>xui.</strong></span> <span class='ocrx_word' id='word_1_782' title='bbox 3548 4989 3646 5043; x_wconf 75' lang='grc' dir='ltr'>τῆς</span> <span class='ocrx_word' id='word_1_783' title='bbox 3689 4981 4004 5046; x_wconf 78' lang='grc' dir='ltr'>συντελείας</span> 
     </span>
    </p>
   </div>
   <div class='ocr_carea' id='block_1_115' title="bbox 2378 5068 4008 5144">
    <p class='ocr_par' dir='ltr' id='par_1_115' title="bbox 2378 5068 4008 5144">
     <span class='ocr_line' id='line_1_115' title="bbox 2378 5068 4008 5144; baseline 0.004 -25"><span class='ocrx_word' id='word_1_784' title='bbox 2378 5075 2470 5120; x_wconf 77' lang='grc' dir='ltr'><strong>του</strong></span> <span class='ocrx_word' id='word_1_785' title='bbox 2501 5068 2685 5129; x_wconf 86' lang='grc' dir='ltr'>αἰῶνος</span> <span class='ocrx_word' id='word_1_786' title='bbox 2739 5068 3065 5142; x_wconf 77' lang='grc' dir='ltr'>ἀναμφίϐολα</span> <span class='ocrx_word' id='word_1_787' title='bbox 3121 5075 3415 5143; x_wconf 75' lang='grc' dir='ltr'>σήμαντρα.</span> <span class='ocrx_word' id='word_1_788' title='bbox 3464 5075 3563 5123; x_wconf 77' lang='grc' dir='ltr'><strong>Καὶ</strong></span> <span class='ocrx_word' id='word_1_789' title='bbox 3616 5072 3641 5123; x_wconf 89' lang='grc' dir='ltr'><strong>ὀ</strong></span> <span class='ocrx_word' id='word_1_790' title='bbox 3692 5070 3843 5141; x_wconf 79' lang='grc' dir='ltr'>λόγος</span> <span class='ocrx_word' id='word_1_791' title='bbox 3900 5093 4008 5144; x_wconf 77' lang='grc' dir='ltr'><strong>μοι</strong></span> 
     </span>
    </p>
   </div>
   <div class='ocr_carea' id='block_1_116' title="bbox 3280 5344 3526 5404">
    <p class='ocr_par' dir='ltr' id='par_1_116' title="bbox 3280 5344 3526 5404">
     <span class='ocr_line' id='line_1_116' title="bbox 3280 5344 3526 5404; baseline -0.008 -13"><span class='ocrx_word' id='word_1_792' title='bbox 3280 5344 3526 5404; x_wconf 79' lang='grc' dir='ltr'>πίστεως,</span> 
     </span>
    </p>
   </div>
   <div class='ocr_carea' id='block_1_117' title="bbox 3230 5423 3584 5488">
    <p class='ocr_par' dir='ltr' id='par_1_117' title="bbox 3230 5423 3584 5488">
     <span class='ocr_line' id='line_1_117' title="bbox 3230 5423 3584 5488; baseline -0.003 -8"><span class='ocrx_word' id='word_1_793' title='bbox 3230 5423 3584 5488; x_wconf 83' lang='grc' dir='ltr'>διδασκαλίας</span> 
     </span>
    </p>
   </div>
   <div class='ocr_carea' id='block_1_118' title="bbox 3628 5343 4013 5414">
    <p class='ocr_par' dir='ltr' id='par_1_118' title="bbox 3628 5343 4013 5414">
     <span class='ocr_line' id='line_1_118' title="bbox 3628 5343 4013 5414; baseline 0.005 -22"><span class='ocrx_word' id='word_1_794' title='bbox 3628 5343 4013 5414; x_wconf 80' lang='grc' dir='ltr'>προσέχοντες</span> 
     </span>
    </p>
   </div>
   <div class='ocr_carea' id='block_1_119' title="bbox 3691 5423 3999 5500">
    <p class='ocr_par' dir='ltr' id='par_1_119' title="bbox 3691 5423 3999 5500">
     <span class='ocr_line' id='line_1_119' title="bbox 3691 5423 3999 5500; baseline 0.003 -19"><span class='ocrx_word' id='word_1_795' title='bbox 3691 5423 3999 5500; x_wconf 83' lang='grc' dir='ltr'>δαιμόνων,</span> 
     </span>
    </p>
   </div>
   <div class='ocr_carea' id='block_1_120' title="bbox 681 5632 2411 5731">
    <p class='ocr_par' dir='ltr' id='par_1_120' title="bbox 681 5632 2411 5731">
     <span class='ocr_line' id='line_1_120' title="bbox 681 5632 2411 5731; baseline 0.004 -41"><span class='ocrx_word' id='word_1_796' title='bbox 681 5636 704 5672; x_wconf 79' lang='grc'><strong>⁸</strong></span> <span class='ocrx_word' id='word_1_797' title='bbox 733 5632 933 5719; x_wconf 47' lang='lat' dir='ltr'><strong>Matth,</strong></span> <span class='ocrx_word' id='word_1_798' title='bbox 959 5651 1105 5722; x_wconf 77' lang='lat' dir='ltr'><strong>xxv,</strong></span> <span class='ocrx_word' id='word_1_799' title='bbox 1132 5639 1224 5724; x_wconf 63' lang='grc'><strong>42,</strong></span> <span class='ocrx_word' id='word_1_800' title='bbox 1252 5639 1345 5694; x_wconf 78' lang='grc'><strong>43.</strong></span> <span class='ocrx_word' id='word_1_801' title='bbox 1422 5639 1446 5675; x_wconf 79' lang='grc'><strong><em>⁵</em></strong></span> <span class='ocrx_word' id='word_1_802' title='bbox 1473 5638 1496 5694; x_wconf 87' lang='lat' dir='ltr'><strong>l</strong></span> <span class='ocrx_word' id='word_1_803' title='bbox 1521 5637 1711 5731; x_wconf 68' lang='lat' dir='ltr'><strong>Thim.</strong></span> <span class='ocrx_word' id='word_1_804' title='bbox 1742 5653 1821 5708; x_wconf 84' lang='lat' dir='ltr'><strong>v1,</strong></span> <span class='ocrx_word' id='word_1_805' title='bbox 1851 5641 1907 5696; x_wconf 91' lang='lat'><strong>8.</strong></span> <span class='ocrx_word' id='word_1_806' title='bbox 1984 5636 2175 5697; x_wconf 85' lang='lat' dir='ltr'><strong>Galat.</strong></span> <span class='ocrx_word' id='word_1_807' title='bbox 2204 5655 2286 5729; x_wconf 77' lang='grc' dir='ltr'>ιιι,</span> <span class='ocrx_word' id='word_1_808' title='bbox 2315 5643 2411 5697; x_wconf 83' lang='grc'><strong>27.</strong></span> 
     </span>
    </p>
   </div>
   <div class='ocr_carea' id='block_1_121' title="bbox 2378 5155 4071 5232">
    <p class='ocr_par' dir='ltr' id='par_1_121' title="bbox 2378 5155 4071 5232">
     <span class='ocr_line' id='line_1_121' title="bbox 2378 5155 4071 5232; baseline 0.004 -23"><span class='ocrx_word' id='word_1_809' title='bbox 2378 5157 2472 5209; x_wconf 70' lang='grc' dir='ltr'>οὐκ</span> <span class='ocrx_word' id='word_1_810' title='bbox 2505 5155 2824 5231; x_wconf 80' lang='grc' dir='ltr'>ἀμάρτυρος.</span> <span class='ocrx_word' id='word_1_811' title='bbox 2875 5158 3024 5229; x_wconf 76' lang='grc' dir='ltr'><strong>Ἐχω</strong></span> <span class='ocrx_word' id='word_1_812' title='bbox 3066 5162 3167 5232; x_wconf 75' lang='grc' dir='ltr'><strong>γὰρ</strong></span> <span class='ocrx_word' id='word_1_813' title='bbox 3218 5162 3305 5211; x_wconf 85' lang='grc' dir='ltr'>τὸν</span> <span class='ocrx_word' id='word_1_814' title='bbox 3337 5159 3537 5212; x_wconf 77' lang='grc' dir='ltr'>Παῦλον</span> <span class='ocrx_word' id='word_1_815' title='bbox 3594 5167 4010 5231; x_wconf 68' lang='grc' dir='ltr'>συνηγορουντςὶ</span> <span class='ocrx_word' id='word_1_816' title='bbox 4070 5166 4071 5207; x_wconf 55' lang='grc' dir='ltr'>Τ</span> 
     </span>
    </p>
   </div>
   <div class='ocr_carea' id='block_1_122' title="bbox 2371 3997 4071 4077">
    <p class='ocr_par' dir='ltr' id='par_1_122' title="bbox 2371 3997 4071 4077">
     <span class='ocr_line' id='line_1_122' title="bbox 2371 3997 4071 4077; baseline 0.004 -25"><span class='ocrx_word' id='word_1_817' title='bbox 2371 3998 2421 4052; x_wconf 78' lang='grc' dir='ltr'>ἐν</span> <span class='ocrx_word' id='word_1_818' title='bbox 2449 4002 2571 4073; x_wconf 81' lang='grc' dir='ltr'>ὑμῖν</span> <span class='ocrx_word' id='word_1_819' title='bbox 2597 4005 2623 4053; x_wconf 88' lang='grc' dir='ltr'><strong>ό</strong></span> <span class='ocrx_word' id='word_1_820' title='bbox 2670 4006 2757 4054; x_wconf 85' lang='grc' dir='ltr'><strong>τόν</strong></span> <span class='ocrx_word' id='word_1_821' title='bbox 2783 3997 2972 4065; x_wconf 80' lang='grc' dir='ltr'>ἄδοξον</span> <span class='ocrx_word' id='word_1_822' title='bbox 2998 3999 3035 4055; x_wconf 85' lang='grc' dir='ltr'><strong>δ</strong></span> <span class='ocrx_word' id='word_1_823' title='bbox 3038 4004 3071 4054; x_wconf 81' lang='grc' dir='ltr'>ι’</span> <span class='ocrx_word' id='word_1_824' title='bbox 3100 4004 3235 4075; x_wconf 75' lang='grc' dir='ltr'>ἡμᾶς</span> <span class='ocrx_word' id='word_1_825' title='bbox 3262 4011 3355 4056; x_wconf 82' lang='grc' dir='ltr'>τοῦ</span> <span class='ocrx_word' id='word_1_826' title='bbox 3405 4011 3634 4077; x_wconf 85' lang='grc' dir='ltr'>σταυροῦ</span> <span class='ocrx_word' id='word_1_827' title='bbox 3682 4000 3990 4067; x_wconf 84' lang='grc' dir='ltr'>καταδεξά-</span> <span class='ocrx_word' id='word_1_828' title='bbox 4069 4006 4071 4059; x_wconf 68' lang='lat' dir='ltr'><strong>i</strong></span> 
     </span>
    </p>
   </div>
   <div class='ocr_carea' id='block_1_123' title="bbox 2373 4178 4071 4253">
    <p class='ocr_par' dir='ltr' id='par_1_123' title="bbox 2373 4178 4071 4253">
     <span class='ocr_line' id='line_1_123' title="bbox 2373 4178 4071 4253; baseline 0.003 -24"><span class='ocrx_word' id='word_1_829' title='bbox 2373 4186 2465 4239; x_wconf 79' lang='grc' dir='ltr'>τῆς</span> <span class='ocrx_word' id='word_1_830' title='bbox 2507 4183 2726 4240; x_wconf 87' lang='grc' dir='ltr'>πίστεως</span> <span class='ocrx_word' id='word_1_831' title='bbox 2768 4184 2858 4232; x_wconf 83' lang='grc' dir='ltr'>καὶ</span> <span class='ocrx_word' id='word_1_832' title='bbox 2904 4189 3002 4233; x_wconf 83' lang='grc' dir='ltr'><strong>τῶν</strong></span> <span class='ocrx_word' id='word_1_833' title='bbox 3050 4188 3112 4240; x_wconf 75' lang='grc' dir='ltr'>τῆ</span> <span class='ocrx_word' id='word_1_834' title='bbox 3126 4200 3146 4241; x_wconf 90' lang='grc' dir='ltr'><strong>ς</strong></span> <span class='ocrx_word' id='word_1_835' title='bbox 3195 4180 3458 4243; x_wconf 76' lang='grc' dir='ltr'>εὐσεϐείας</span> <span class='ocrx_word' id='word_1_836' title='bbox 3506 4179 3667 4250; x_wconf 82' lang='grc' dir='ltr'>βελῶν</span> <span class='ocrx_word' id='word_1_837' title='bbox 3716 4178 3999 4253; x_wconf 72' lang='grc' dir='ltr'>ἐγκύμονα</span> <span class='ocrx_word' id='word_1_838' title='bbox 4070 4224 4071 4229; x_wconf 56' lang='grc' dir='ltr'><strong>η</strong></span> 
     </span>
    </p>
   </div>
  </div>
