4132 6440
283 366 393 422 629

282 488 334 541 ἓν
466 490 744 561 ὑποκρίσει
852 483 1188 561 ψευδλοόγων
1216 532 1235 555 ,

280 583 380 637 τὴν
466 574 609 630 ἰδίαν
678 572 983 635 συνείδησιν
1016 622 1031 643 ,
1105 578 1407 632 κωλυόντων
1489 584 1698 651 γαμεῖν,

282 669 486 739 χεσθαι
566 665 880 741 βρωμάτων,
933 665 969 717 ἆ
1024 668 1050 718 ό
1106 671 1232 728 Θεὸς
1293 671 1492 720 ἔκτισεν
1539 668 1610 729 εἰς
1668 664 1895 739 μετάλη-

277 755 375 827 ψιν
442 756 557 828 μετ’
621 756 969 826 εύχαριστιας
1025 763 1130 817 τοῖς
1189 764 1399 819 πιστοῖς
1461 760 1552 808 καὶ
1618 755 1897 826 ἐπεγνωκό-

283 864 340 897 σι
405 850 503 904 τὴν
570 843 831 902 ἀλήθειαν.
895 843 1014 896 Ὀτι
1074 852 1178 898 πᾶν
1257 847 1458 919 κτίσμα
1523 850 1650 899 Θεοῦ
1715 842 1891 907 καλὸν,

279 939 370 987 καὶ
434 930 587 986 οὐδὲν
654 931 945 991 ἀπόϐλητον
1010 938 1139 1006 μετὰ
1206 936 1551 1010 εὐχαριστίας
1635 930 1893 1005 λαμϐανόο

1775 575 1896 627 ἀπέ-

285 1043 453 1096 μενον.
519 1028 700 1075 Ταῦτα
762 1025 1108 1097 κηρύττοντες
1170 1030 1259 1075 νῦν
1325 1025 1376 1076 οἰ
1438 1021 1736 1076 ἀποστάται
1795 1027 1893 1082 τῆς

283 1116 510 1173 πίστεως
574 1116 666 1163 καὶ
715 1109 993 1185 λατρευταὶ
1052 1121 1151 1164 τῶν
1216 1115 1520 1185 πνευμάτων
1598 1119 1690 1171 τῆς
1761 1109 1889 1162 πλάο

1633 360 1910 422 CONTBA
1945 356 2346 415 BOGOMILOS

1369 490 1886 563 κεκαυτηριασμένων

2007 497 2141 539 cum
2166 484 2506 553 gratiarum
2525 484 2759 542 actione
2779 483 3140 555 fidelibus,et
3155 481 3227 537 iis
3248 479 3358 553 qui
3382 494 3665 552 cognove«

3562 349 3670 410 O30

2006 579 2151 629 runt
2167 574 2497 631 veritatem.
2515 574 2667 642 Quia
2678 575 2868 632 omnis
2883 578 3163 631 creatura
3176 572 3287 627 Dei
3311 570 3465 626 bona
3488 574 3593 638 est,
3607 573 3663 625 et

2004 662 2161 719 nihil
2174 664 2564 731 rejiciendum
2574 703 2588 728 ,
2600 664 2761 736 quod
2771 679 2907 720 cum
2917 662 3258 732 gratiarum
3270 660 3508 716 actione
3520 672 3663 727 per-

2005 751 2277 819 cipitur".
2308 754 2593 818 Haaccum
2609 751 2965 809 annuntient
2975 752 3105 822 jam
3126 749 3456 805 desertores
3492 746 3659 816 ﬁdei,

2004 843 2061 893 et
2092 838 2348 896 cultores
2378 840 2695 913 spirituum
2722 839 2958 902 erroris,
2982 843 3039 894 et
3064 837 3412 893 daemonum
3433 833 3658 890 doctri-

2001 928 2095 983 nis
2107 929 2481 985 attendentes
2499 928 2748 1002 planum
2764 928 3012 996 faciunt,
3029 932 3323 997 tempora,
3340 939 3478 996 quae
3508 925 3657 978 Pau-

2000 1016 2096 1073 lus
2125 1017 2458 1074 novissima
2475 1024 2671 1085 vocat,
2705 1035 2841 1076 esse
2862 1018 2961 1073 illa
2975 1017 3128 1085 ipsa,
3147 1012 3370 1086 quibus
3384 1012 3480 1067 isti
3501 1010 3654 1067 adeo

1999 1106 2314 1163 scelestam
2333 1111 2389 1162 et
2417 1107 2659 1179 plenam
2684 1108 2988 1180 impietate
3003 1102 3341 1161 doctrinam
3358 1099 3651 1156 effutiunt.

285 1221 396 1264 νης,
459 1205 549 1252 καὶ
618 1197 879 1272 δαιμόνων
944 1198 1324 1264 διδασκαλίαις
1383 1206 1754 1276 προσέχοντες,
1818 1204 2040 1272 φανερῶς
2100 1204 2428 1271 παριστῶσιν
2490 1198 2571 1249 ὅτι
2617 1216 2712 1270 περ
2760 1200 2850 1258 οῦς
2897 1198 2922 1249 ό
2970 1192 3170 1254 Παῦλος
3216 1193 3469 1263 ὑστέρους
3507 1188 3648 1260 λέγει

278 1295 494 1366 καιροὺς
528 1331 540 1357 ,
567 1287 710 1342 οὗτοί
749 1286 872 1357 εἶσι,
905 1292 1024 1343 καθ’
1055 1291 1145 1353 οὓς
1174 1295 1240 1344 τὰ
1260 1294 1428 1365 μιαρά
1454 1298 1623 1342 ταῦτα
1659 1294 1750 1341 καὶ
1782 1285 2094 1347 δυσσεϐείας
2124 1289 2294 1358 μεστὰ
2318 1286 2664 1359 φλυαροῦνται
2690 1283 3024 1358 διδάγματα.

353 1383 508 1451 Λέγει
575 1375 635 1431 δε
698 1384 788 1431 καὶ
855 1387 1021 1432 ταῦτα
1081 1382 1106 1432 ό
1160 1381 1317 1442 αὑτός
1359 1379 1670 1439 Ἀπόστολος
1734 1376 1782 1429 ἐν
1820 1384 1882 1449 τῇ

2066 1375 2229 1430 Idem
2241 1374 2565 1446 Apostolus
2578 1376 2706 1431 haec
2718 1389 2962 1447 quoque
2972 1376 3180 1429 monet
3197 1371 3259 1427 in
3281 1367 3553 1426 secunda
3571 1367 3651 1423 ad

277 1473 409 1542 πρὸς
459 1468 864 1530 Θεσσαλονικεῖς
921 1466 1138 1542 δευτέρᾳ
1190 1468 1431 1537 ἐπιστολῇ
1465 1492 1476 1503 ·
1644 1488 1726 1528 τις
1754 1469 1886 1539 ὑμᾶς

1996 1465 2552 1521 Thessalonicenses
2574 1465 2832 1538 Epistola
2847 1484 2859 1521 :
2874 1464 3111 1536 Nequis
3126 1477 3228 1518 vos
3251 1459 3497 1516 seducat
3525 1458 3648 1514 alio

276 1557 582 1630 ἐξαπατήσῃ
664 1560 800 1609 κατὰ
864 1554 1069 1629 μηδένα
1153 1564 1342 1632 τρόπον
1385 1580 1397 1592 ·
1486 1560 1566 1611 ὅτι
1646 1556 1731 1610 ἐὰν
1809 1560 1882 1627 μὴ

274 1647 400 1719 ἔλθη
505 1648 536 1705 ἡ
638 1646 942 1699 ἀποστασία
999 1656 1202 1720 πρῶτον
1271 1653 1362 1700 καὶ
1427 1646 1766 1718 ἀποκαλυφθῇ
1857 1650 1884 1697 ό

1990 1555 2469 1625 modo,quoniam
2489 1556 2608 1610 nisi
2621 1555 2845 1611 venerit
2866 1553 3140 1609 discessio
3151 1551 3306 1620 prim
3314 1563 3411 1604 um
3424 1551 3481 1604 et
3489 1560 3649 1603 reve-

1993 1644 2152 1699 latus
2171 1644 2367 1713 fuerit
2400 1644 2572 1699 homo
2585 1644 2834 1712 peccati.
2846 1643 3012 1712 ﬁlius
3020 1639 3393 1710 perditionis,
3407 1637 3513 1707 qui
3540 1635 3646 1692 ad-

276 1738 548 1809 ᾶνθρωπος
590 1743 678 1796 τῆς
744 1736 1025 1810 ἁμαρτίας,
1092 1739 1118 1788 ό
1186 1739 1299 1798 υἱὸς
1360 1743 1451 1798 τᾶς
1517 1735 1793 1801 ἀπωλείας,
1857 1736 1883 1785 ό

1996 1709 2332 1788 versaturet
2344 1709 2864 1802 extollitur,super
2876 1709 3046 1787 omne
3056 1728 3216 1801 quod
3225 1725 3643 1793 diciturDeus,

276 1823 639 1897 ἀντικείμενος.
746 1830 836 1877 καὶ
909 1825 1312 1899 ὑπεραιρόμενος
1395 1824 1479 1877 ἐπὶ
1561 1827 1733 1877 πάντα
1808 1822 1885 1875 λε-

272 1917 490 1985 γόμενον
553 1916 682 1965 Θεὸν
724 1957 739 1980 ,
807 1914 836 1972 ἦ
910 1912 1154 1986 σέϐασμα
1183 1958 1196 1981 ,
1260 1917 1395 1967 ὥστε
1460 1918 1616 1966 αὑτὸν
1672 1913 1739 1973 εἰς
1796 1916 1884 1964 τόν

272 2005 396 2053 ναόν
495 2008 590 2053 τοῦ
659 2006 786 2055 Θεοῦ
861 2005 926 2062 ὡς
995 2006 1123 2055 Θεὸν
1217 2004 1439 2055 καθίσαι
1507 1998 1887 2055 ἀποδεικνύντα

274 2090 480 2158 ἑαυτὸν,
550 2092 632 2142 ὅτι
697 2089 812 2142 ἐστὶ
874 2096 1018 2151 Θεός.
1073 2096 1197 2164 Περὶ
1265 2096 1413 2143 τίνων
1479 2087 1587 2157 οὑν,
1638 2093 1752 2161 ἔφη,
1805 2091 1886 2141 ὅτι

272 2177 358 2230 ἐὰν
405 2183 478 2251 μὴ
538 2177 663 2251 ἔλθη
716 2188 921 2252 πρῶτον
988 2181 1019 2237 ἡ
1085 2178 1426 2246 ἀποστασία;
1490 2184 1615 2251 Περὶ
1682 2179 1883 2248 αὑτῶν,

270 2269 439 2340 cipiat,
487 2276 590 2320 τῶν
650 2268 966 2340 Βογομίλων,
1024 2275 1143 2344 περὶ
1197 2267 1263 2321 ὧν
1314 2274 1405 2321 καὶ
1462 2273 1589 2343 πρὸς
1633 2270 1884 2341 Τιμόθεον

270 2360 482 2430 γράφων
536 2358 751 2432 εἰρήκει,
808 2361 877 2420 ὡς
935 2357 1170 2434 ἀνωτέρω
1224 2355 1542 2425 δεδήλωται,
1615 2360 1693 2411 ὅτι
1760 2356 1887 2410 ἀπο-

276 2452 565 2505 στήσονταί
611 2466 742 2507 τινες
795 2457 890 2508 τῆς
941 2453 1187 2510 πίστεως.
1244 2446 1364 2501 Ὅτι
1424 2444 1482 2500 δε
1547 2452 1635 2499 τόν
1678 2450 1883 2519 ἔννομον

272 2539 439 2608 γάμον
502 2536 788 2606 κωλύουσι,
837 2542 927 2589 καὶ
982 2539 1064 2588 ὅτι
1114 2539 1318 2588 πάντων
1392 2536 1684 2610 βρωμάτων
1748 2534 1882 2587 ἀκα-

277 2627 500 2698 θαρσίαν
557 2625 1038 2697 καταψηφίζονται,
1099 2630 1189 2677 καὶ
1248 2627 1326 2677 ὅτι
1386 2629 1509 2678 Θεὸν
1559 2628 1884 2697 κηρύττουσι

272 2718 359 2766 τόν
414 2711 656 2766 διάϐολον
703 2716 753 2766 οὶ
801 2710 1127 2767 διαϐολιανοὶ
1181 2724 1254 2785 τῷ
1315 2719 1421 2767 ὄντι
1470 2712 1767 2786 Βογόμιλοι,
1793 2718 1884 2765 καὶ

274 2809 370 2861 την
472 2800 828 2878 δημιουργίαν
903 2811 996 2855 τοῦ
1067 2808 1372 2875 φαινομένου
1449 2807 1652 2875 κόσμου
1716 2804 1882 2872 τούτῳ

280 2890 702 2964 ἀποχαρίζονται
734 2935 747 2958 ,
811 2893 1008 2955 ἔξεστιν
1079 2892 1246 2945 αὑτῶν
1321 2892 1571 2963 λεγόντων
1637 2890 1884 2947 ἀκοῦσαι.

283 2978 418 3031 Ἀλλ’
455 2980 494 3029 ὧ
540 2988 634 3041 τῆς
691 2979 886 3053 ἀνοχῆς
948 3001 1065 3047 σου,
1120 2984 1318 3056 Χριστε
1387 2979 1645 3054 βασιλεῦῑ
1701 2981 1741 3031 ὦ
1792 2988 1889 3040 τῆς

284 3070 457 3123 πάντα
484 3076 598 3121 νοῦν
650 3073 948 3133 νικησάσης
1044 3073 1414 3145 μακροθυμίας
1486 3071 1620 3126 σουὲ
1680 3061 1889 3127 ἀληθινὲ

282 3155 572 3231 δημιουργὲ
607 3164 698 3211 καὶ
751 3163 948 3217 ποιητὰ
1002 3162 1176 3221 πάσης
1234 3165 1474 3227 κτίσεως,
1532 3161 1792 3233 όρωμένης
1837 3177 1891 3210 τε

276 3253 364 3300 καὶ
396 3246 644 3322 ἀοράτου,
676 3250 758 3302 ὃτι
782 3258 884 3301 τῶν
924 3249 1245 3307 τηλικούτων
1304 3248 1469 3322 ἀνέχῃ
1526 3247 1894 3322 βλασφημιῶν·

278 3343 381 3390 Καὶ
444 3340 519 3389 ἔτι
574 3342 697 3400 τοὺς
751 3343 1034 3413 κεραυνοὺς
1085 3339 1296 3411 ἐπέχεις
1353 3344 1443 3392 καὶ
1505 3344 1745 3410 συνέχεις
1799 3342 1895 3396 τὴν

272 3434 395 3499 γῆν,
458 3432 550 3478 καὶ
618 3431 736 3480 οὔτε
802 3431 1020 3490 τούτους
1086 3432 1473 3492 κατακοντίζεις
1528 3438 1628 3481 τῶν
1696 3434 1894 3501 μιαρῶν

271 3514 547 3587 κεφαλῶν,
619 3516 678 3568 ού
746 3519 940 3575 ταύτην
1006 3519 1228 3589 ἀνοίγεις
1298 3523 1387 3570 καὶ
1454 3537 1697 3588 καταγεις
1770 3522 1892 3578 τοὺς

270 3605 489 3675 ἐναγεῖς,
574 3604 919 3666 ἀνθιστάντας
989 3615 1061 3677 τῷ
1117 3615 1290 3677 πιστῷ
1343 3626 1438 3658 σου
1492 3607 1663 3679 οὶκέτη
1720 3614 1888 3679 Μωσῇ

273 3696 597 3769 θρασύτερον
648 3695 677 3753 ἦ
731 3697 780 3747 οἱ
841 3700 961 3768 περὶ
1007 3697 1175 3748 Δαθάν
1224 3700 1316 3747 καὶ
1355 3693 1621 3769 ’Δϐειρὼν.
1680 3700 1781 3748 Καὶ
1826 3698 1890 3747 σὺ

270 3791 440 3855 τιμῶν
470 3786 560 3834 τόν
592 3784 798 3840 οἰκέτην
850 3803 945 3836 σου
1003 3792 1076 3855 τῷ
1124 3784 1372 3857 χάσματι
1417 3787 1634 3845 τούτους
1689 3803 1889 3854 συγκα-

268 3872 483 3934 λύπτεις
546 3880 641 3935 τῆς
728 3882 862 3943 γῆς.
929 3873 1219 3946 Ἀλλότριον
1284 3880 1387 3945 πῦρ
1420 3875 1468 3925 οἱ
1546 3868 1730 3933 παῖδες
1796 3880 1888 3924 τοῦ

269 3961 477 4032 Ἀαρὼν
531 3969 604 4031 τῷ
675 3964 1041 4035 θυσιαστηρίῳ
1105 3966 1485 4035 προσφέρουσι,
1549 3966 1640 4014 καὶ
1700 3963 1726 4012 ό
1791 3961 1884 4013 ού-

266 4052 423 4123 ρανός
476 4051 666 4103 οἰνωθεν
715 4047 925 4113 ἔκδικος
1000 4050 1328 4125 πυρεκϐολῶν
1406 4050 1678 4126 ἀστραπὰς
1748 4054 1884 4104 κατὰ

263 4141 462 4191 τούτων
518 4149 619 4192 τῶν
683 4138 970 4213 ὑϐριστῶν.
1023 4143 1232 4194 Τούτων
1291 4137 1351 4192 δε
1420 4149 1520 4193 τῶν
1579 4140 1761 4203 ἀθέων,
1821 4141 1879 4193 οὑ

1991 1828 2096 1876 aut
2117 1821 2277 1891 quod
2296 1823 2533 1891 colitur,
2558 1824 2645 1879 ita
2670 1828 2735 1877 ut
2752 1822 2816 1877 in
2830 1821 3049 1890 templo
3076 1819 3186 1874 Dei
3211 1816 3429 1883 sedeat,
3452 1819 3642 1870 osten-

1991 1912 2135 1967 dens
2163 1926 2244 1979 se,
2271 1918 2556 1981 tanquam
2583 1913 2658 1966 sit
2682 1914 2834 1967 Deus
2859 1912 2904 1965 9.
2938 1912 3014 1966 De
3043 1907 3266 1981 quibus
3281 1904 3460 1975 igitur
3480 1901 3644 1972 dixit,

1992 2001 2111 2056 nisi
2137 2001 2363 2056 venerit
2377 2002 2652 2057 discessio
2677 2002 2938 2069 primum
2967 1998 2995 2054 ’ἶ
3026 2000 3104 2053 De
3154 1996 3326 2068 ipsis,
3361 1997 3425 2049 ut
3475 1995 3644 2064 puto,

1994 2088 2333 2159 Bogomilis.
2373 2091 2451 2144 De
2490 2088 2714 2161 quibus
2749 2094 2806 2144 et
2836 2087 2916 2143 ad
2941 2084 3321 2144 Timotheum
3374 2080 3645 2139 scribens

1992 2177 2238 2247 dixerat,
2276 2190 2338 2234 ut
2368 2194 2551 2249 supra
2571 2178 2700 2249 jam
2729 2177 3018 2245 vidimus,
3045 2175 3170 2231 fore
3223 2178 3288 2228 ut
3336 2170 3647 2244 quidama

1990 2266 2112 2321 ﬁde
2132 2266 2474 2322 deﬁcerent.
2499 2267 2669 2331 Quod
2690 2272 2892 2324 autem
2922 2265 3221 2336 legitimas
3243 2260 3486 2333 nuptias
3506 2274 3644 2332 pro-

1991 2356 2261 2420 hibeant,
2302 2357 2588 2429 quodque
2636 2356 2843 2412 omnia
2884 2354 3190 2411 esculenta
3244 2348 3644 2406 immunditiae

1991 2445 2283 2502 damnent
2306 2452 2361 2501 et
2391 2446 2558 2519 quod
2582 2446 2867 2503 diabolici
2888 2446 3069 2518 plane
3105 2439 3395 2513 Bogomili
3437 2437 3647 2496 diabo-

1990 2535 2117 2591 lum
2146 2542 2439 2606 tanquam
2471 2536 2655 2591 Deum
2688 2535 3064 2602 annuntient,
3087 2532 3261 2604 eique
3282 2529 3648 2601 hujusaspe-

1991 2625 2220 2681 ctabilis
2252 2625 2464 2681 mundi
2486 2624 2862 2686 eﬁ‘ectionem
2891 2623 3199 2680 ascribant
3224 2663 3237 2689 ,
3269 2619 3466 2695 quivis
3494 2617 3645 2691 ipsis

1989 2714 2053 2770 id
2083 2715 2523 2770 affirmantibus
2555 2720 2609 2770 et
2627 2714 3050 2786 proﬁtentibus
3067 2710 3394 2781 intelligere
3412 2706 3652 2781 potest?

1993 2804 2161 2872 sed,o
2183 2809 2349 2859 tuam
2381 2804 2607 2859 Christe
2637 2802 3019 2875 patientiam!
3044 2817 3079 2857 ο
3109 2797 3659 2869 Ιοηεεηὶιηὶῐαίθων

1993 2910 2129 2966 quae
2158 2909 2405 2947 omnem
2433 2892 2857 2961 cogitationem
2889 2888 3156 2946 excedit!
3186 2887 3365 2943 Unice
3387 2889 3444 2941 et
3471 2883 3655 2940 veris-

1998 2984 2146 3039 sime
2159 2986 2392 3037 creator
2409 2979 2719 3036 eteifector
2749 2980 2950 3036 omnis
2964 2982 3249 3035 creaturae
3271 2970 3659 3047 aspectabilis

1921 3041 1961 3095 Ο
2007 3076 2066 3129 et
2094 3069 2562 3141 inaspectabilis,
2602 3086 2709 3126 cur
2738 3070 2888 3126 tales
2916 3041 3659 3140 blasphemiae—sustines?

2008 3163 2123 3217 Cur
2145 3159 2345 3215 adhuc
2374 3158 2628 3215 fulmina
2655 3159 2920 3225 cohibes,
2980 3162 3320 3227 tersamque
3367 3150 3659 3220 contines,

2005 3266 2202 3323 neque
2222 3249 2322 3305 illa
2342 3251 2402 3304 in
2422 3250 2552 3305 haec
2574 3253 2696 3305 tam
2717 3247 2980 3305 nefanda
2998 3246 3195 3318 capita
3218 3243 3445 3311 vibras,
3462 3254 3663 3313 neque

2004 3341 2164 3397 hanc
2194 3339 2416 3411 aperis,
2448 3342 2506 3394 et
2523 3337 2792 3395 detrudis
2820 3336 3103 3394 scelestos
3131 3334 3299 3403 istos,
3342 3330 3447 3404 qui
3494 3327 3659 3385 ﬁdeli

2007 3445 2177 3485 servo
2204 3433 2304 3483 tuo
2330 3428 2508 3500 Moysi
2537 3426 2830 3483 audacius
2858 3426 3176 3491 obsistunt,
3209 3437 3398 3495 quam
3429 3419 3661 3475 Dathan

2003 3522 2061 3574 et
2074 3518 2297 3574 Abiron
2311 3534 2448 3572 cum
2468 3517 2624 3572 suis?
2650 3520 2718 3572 Et
2743 3521 2808 3572 tu
2819 3517 3127 3572 honorans
3142 3510 3441 3569 famulum
3465 3513 3659 3576 tuum,

2001 3608 2169 3664 hiatu
2197 3612 2366 3663 terrae
2395 3607 2542 3662 istos
2572 3605 2857 3678 contegis.
2883 3604 3154 3660 Alienum
3185 3601 3388 3672 ignem
3417 3596 3521 3654 ﬁlii
3548 3601 3661 3653 Aa-

2000 3712 2112 3752 ron
2141 3695 2308 3751 altari
2350 3694 2627 3766 lnferunt,
2654 3700 2710 3750 et
2753 3710 2889 3750 ecce
2947 3704 3206 3765 superne
3258 3691 3321 3744 in
3376 3686 3659 3744 ultionem

1999 3785 2264 3855 exsurgit
2290 3784 2530 3851 coelum,
2554 3783 2890 3853 fulguribus
2922 3778 3475 3851 contrainjuriosos
3508 3773 3657 3830 mis-

1998 3876 2079 3931 sis
2105 3875 2170 3930 ιο.
2204 3873 2300 3929 His
2328 3889 2472 3929 vero
2512 3872 2702 3929 atheis
2735 3877 2792 3928 et
2843 3867 3335 3934 sceleratissimis,
3368 3880 3489 3921 non
3522 3864 3653 3936 jam

1994 3963 2178 4035 Moysi
2204 3962 2673 4027 obluctantibus,
2704 3963 2813 4017 sed
2838 3959 3082 4032 tibi,qui
3096 3958 3512 4014 universorum
3529 3956 3653 4010 Rex

1995 4069 2060 4107 es
2089 4056 2148 4108 et
2174 4051 2556 4122 omnipotens
2586 4054 2764 4116 Deus,
2799 4055 2974 4122 teque
2999 4050 3116 4104 tuis
3146 4063 3218 4102 ex
3240 4043 3527 4117 operibus
3556 4057 3653 4109 ,ex

1992 4139 2424 4202 dominatione,
2451 4138 2724 4211 imperio,
2757 4154 2901 4194 cura
2930 4142 2987 4193 et
3014 4133 3391 4210 providentia
3437 4132 3651 4204 ejicere

262 4230 401 4279 κατά
464 4231 695 4289 Μωσέως
755 4227 1164 4301 ἀνθισταμένων,
1219 4227 1348 4281 ἀλλά
1404 4233 1539 4281 κατά
1591 4236 1684 4281 τοῦ
1736 4250 1875 4302 παμ-

1996 4229 2351 4286 conantibus
2379 4228 2584 4285 fauces
2612 4234 2782 4286 terrae
2830 4228 3007 4284 alhuc
3059 4223 3392 4290 concludis,
3449 4237 3649 4295 neque

261 4316 520 4378 ϐασιλέως
577 4321 667 4368 καὶ
723 4314 1127 4389 παντοδυνάμου
1178 4324 1335 4386 Θεοῦ,
1387 4323 1478 4370 καὶ
1532 4322 1747 4371 σεαυτόν
1778 4328 1877 4371 τῶν

266 4414 374 4458 σῶν
427 4407 742 4477 πονημάτων
797 4411 887 4457 καὶ
954 4402 1264 4468 δεσποτείας
1319 4412 1408 4458 καὶ
1466 4412 1713 4478 προνοίας
1750 4406 1878 4470 ἐξοι-

264 4494 539 4559 κιξόντων,
598 4498 837 4566 συνέχεις
894 4497 971 4547 ἔτι
1013 4499 1073 4546 τό
1130 4502 1302 4567 στόμα
1351 4503 1442 4556 τῆς
1490 4503 1606 4567 γῆς,
1661 4501 1752 4548 καὶ
1787 4496 1881 4548 ούκ

264 4583 356 4654 ἐᾷς
384 4584 745 4641 καταποθῆναι
800 4587 922 4644 τοὺς
970 4588 1210 4657 μιαρούς.
1254 4589 1365 4637 Οὐκ
1414 4583 1680 4659 ἀλλότριον
1720 4605 1882 4659 προσ-

266 4676 487 4745 φέρουσι
534 4678 661 4744 πῦρ,
718 4671 847 4724 ἀλλὰ
906 4669 1233 4747 δημιουργόν
1292 4682 1686 4746 χειροτονοῦσιν
1738 4673 1884 4728 am-

265 4781 411 4836 τριον
463 4762 531 4821 εἰς
575 4764 641 4813 τὰ
696 4770 793 4823 τῆς
838 4766 1020 4838 χειρός
1076 4781 1170 4814 σου
1201 4768 1476 4834 ποιήματα
1504 4768 1591 4814 τὸν
1621 4762 1880 4838 ἀντάρτην

265 4854 358 4901 καὶ
425 4847 729 4907 ἀποστάτην
795 4870 914 4919 σου,
972 4851 1026 4902 ὃν
1086 4852 1185 4902 ὑπὸ
1249 4855 1366 4911 τοὺς
1437 4847 1609 4912 πόδας
1672 4861 1773 4903 τῶν
1841 4872 1927 4906 σοι

268 4940 299 4996 ἡ
338 4934 396 4989 δε
425 4940 561 4989 κατά
583 4941 780 4990 τούτων
812 4938 1159 5012 ἐκτέφρωσις;
1193 4944 1256 4992 Τί
1286 4941 1361 4990 ἔτι
1392 4943 1480 4991 καὶ
1507 4938 1736 5011 μέλλειςς

345 5024 499 5078 Ἀλλά
550 5030 637 5078 τόν
691 5030 782 5098 μὲν
834 5027 985 5080 ἄλλον
1042 5036 1137 5088 τῆς
1176 5030 1423 5100 αἱρέσεως
1469 5027 1636 5079 αὐτῶν
1687 5026 1876 5102 βόρϐο·

268 5134 378 5188 ρον,
435 5119 523 5167 καὶ
571 5118 629 5167 τό
681 5115 810 5167 πολύ
867 5124 966 5179 τῆς
1013 5123 1105 5168 τοῦ
1154 5121 1409 5189 στόματος
1457 5116 1625 5168 αὑτῶν
1656 5116 1878 5171 ἀποκλυ-

272 5203 471 5263 ζούσης
532 5201 862 5277 ἀκαθαρσίας
929 5205 981 5257 ἐν
1049 5206 1291 5278 ὑπονόμῳ
1358 5209 1725 5278 μετοχετεύσω
1788 5216 1882 5271 τῆς

269 5301 498 5355 σιωπῆς.
567 5293 835 5367 Φοϐοῦμαι
893 5297 995 5370 γὰρ
1059 5301 1128 5367 μή
1192 5315 1318 5348 ποτε
1375 5300 1432 5348 τὸ
1495 5302 1597 5349 πᾶν
1657 5303 1882 5370 σήμερον

266 5382 553 5455 ἐπιχειρῶν
619 5381 869 5446 ἐξαντλεῖν
939 5381 1237 5451 δυσωδίας,
1315 5388 1401 5437 τόν
1468 5382 1637 5444 εὐώδη
1705 5394 1885 5440 τοῦτον

264 5477 429 5525 τόπον
493 5470 774 5546 πληρώσω,
841 5477 936 5537 τὰς
1005 5473 1168 5536 καλὰς
1227 5476 1362 5547 ὑμᾶς
1424 5478 1734 5551 περιστερὰς
1787 5475 1887 5540 ἐξε-

1990 4319 2304 4393 permittis,
2336 4324 2401 4374 ut
2425 4314 3477 4387 exsecrandosistosdeglutiant.Non
3507 4310 3648 4367 alie-

1988 4424 2135 4464 num
2158 4407 2481 4479 imponunt
2511 4408 2736 4480 ignem,
2768 4408 2873 4463 sed
2907 4406 3093 4463 alium
3124 4403 3498 4460 conditorem
3528 4403 3645 4458 sta-

1989 4502 2184 4564 tuunt,
2212 4496 2353 4552 etin
2384 4512 2568 4562 opera
2606 4513 2825 4552 manus
2855 4503 2972 4551 tuae
3004 4492 3511 4550 subintroducunt
3536 4489 3645 4546 ad-

1988 4585 2323 4642 versarium
2349 4589 2405 4641 et
2434 4585 2802 4642 desertorem
2828 4590 3022 4654 tuum,
3049 4598 3233 4655 quem
3275 4579 3535 4653 pedibus
3583 4579 3647 4635 in

1990 4679 2047 4730 te
2100 4674 2472 4730 credentium
2504 4674 2832 4746 subjecisti.
2867 4673 2977 4731 Ubi
3005 4688 3147 4728 vero
3181 4669 3432 4727 fulmina
3458 4667 3486 4722 ?
3524 4671 3641 4726 Cur

1991 4780 2117 4821 non
2152 4769 2466 4821 vertuntur
2502 4766 2562 4820 in
2594 4765 2844 4821 cineres.
2907 4763 3055 4831 Quid
3116 4762 3316 4819 adhuc
3341 4758 3646 4818 moraris?

1984 4857 2404 4906 πεπιστευκότων
2470 4855 2809 4929 ὑπέστρωσας
2835 4895 2847 4909 .
2940 4855 3005 4906 Οἱ
3066 4849 3126 4906 δε
3194 4855 3435 4926 κεραυνοὶ
3497 4855 3638 4917 ποῦ;

1983 5035 2201 5088 Verum
2240 5032 2386 5089 alias
2415 5033 2663 5105 quidem
2700 5033 2996 5089 haereseos
3036 5032 3275 5089 illorum
3321 5029 3530 5087 sordes
3584 5032 3643 5085 et

1985 5121 2292 5192 ingentem
2312 5122 2475 5178 illam
2502 5121 2973 5190 immunditiam,
3001 5137 3189 5193 quam
3228 5136 3330 5178 ore
3360 5135 3470 5176 suo
3500 5133 3642 5175 evo—

1987 5216 2180 5277 munt,
2214 5210 2468 5278 silentio,
2496 5211 2654 5268 velut
2682 5210 2844 5267 fossa
2863 5210 3133 5282 quadam
3163 5216 3221 5267 et
3248 5208 3446 5267 canali
3473 5214 3644 5265 trans

1989 5301 2248 5370 mittam,
2281 5307 2340 5357 et
2368 5300 2485 5356 alio
2515 5299 2823 5357 derivabo.
2852 5300 3072 5355 Vereor
3091 5299 3356 5365 enim,ne
3388 5299 3438 5355 si
3465 5297 3647 5356 hodie

1992 5405 2173 5446 coner
2192 5395 2383 5447 totam
2412 5390 2577 5447 illam
2593 5389 2817 5445 foetoris
2842 5389 3136 5446 sentinam
3158 5389 3485 5459 exantlare,
3509 5404 3648 5447 sua-

1995 5478 2330 5535 veolentem
2355 5480 2519 5535 hunc
2531 5479 2727 5535 locum
2744 5477 3106 5551 compleam,
3122 5495 3348 5554 vosque
3363 5478 3648 5552 pulchras

342 5651 365 5685 ⁸
399 5646 603 5706 ΙΤὶω.
632 5667 705 5718 ιν,
752 5656 858 5710 1-4.
891 5654 912 5688 ³
943 5654 992 5708 ll
1022 5651 1228 5710 Thess.
1262 5670 1321 5725 η,
1350 5654 1404 5721 3,
1439 5657 1494 5712 4.
1526 5654 1574 5690 ’θ
1605 5657 1778 5711 Num.
1811 5674 1926 5729 xvx,
1961 5662 1985 5713 1
2021 5673 2192 5737 seqq.
