4132 6414
422 336 522 391 631

1600 330 1918 391 GERMANI
1956 327 2005 383 ll
2042 323 2148 381 ΟΡ.
2188 318 2662 382 PATRIARCHE

3704 323 3814 382 632

422 454 740 514 columbas
771 454 982 529 procul
1016 454 1157 513 hinc
1210 456 1528 531 expellam.
1588 461 1740 516 Nam
1789 452 2082 513 columbis

2199 445 2343 501 λάσω
2361 452 2586 526 μακράν.
2624 450 2849 523 Ἐχθγόν
2883 448 2986 525 γὰρ
3039 446 3263 525 ἀκριϐῶς
3312 448 3342 506 ἠ
3402 442 3651 502 δυσωδία
3699 454 3816 510 ταῖς

421 544 599 602 fcetor
626 544 805 601 valde
835 542 1209 602 adversatur.
1242 548 1440 613 Quam
1463 563 1608 605 vero
1635 544 2085 620 blasphemiam

423 638 636 692 contra
661 633 1045 691 benedictam
1059 650 1302 693 crucem
1329 637 1685 695 eructentilli
1699 637 1805 711 qui
1817 634 2087 694 animam

422 722 590 779 omni
619 722 1073 781 abominatione
1098 724 1527 782 refertissiman
1542 726 1788 793 habent,
1814 724 1961 781 dum
1974 737 2086 794 ego

424 811 677 885 explico,
707 811 879 869 vobis
900 812 979 869 ad
1007 813 1300 886 patienter
1321 814 1694 873 audiendum
1716 814 1836 872 vim
1855 813 2085 882 inferte,

424 905 492 958 ut
518 917 660 958 eum
688 902 1113 973 cognoveritis,
1143 918 1267 976 quo
1299 903 1558 961 stultitia:
1576 904 1990 977 processerint,
2013 902 2086 960 ri-

426 990 620 1047 deatis
648 989 888 1047 illorum
918 990 1347 1064 insipientiam,
1380 992 1474 1049 vel
1500 993 1701 1066 potius
1739 992 1818 1051 ob
1849 993 2088 1050 illornm

425 1080 756 1153 perniciem
778 1086 835 1137 et
854 1080 1154 1138 interitum
1184 1081 1616 1140 lamentemini.
1649 1084 1863 1141 Adeste
1887 1084 2085 1154 igitur,

426 1169 783 1243 lignumque
813 1170 874 1226 in
904 1170 1266 1243 blasphema
1294 1171 1533 1229 illorum
1563 1189 1668 1230 ora
1693 1174 2089 1230 immittamus

431 1264 489 1315 et
518 1262 900 1316 conteramus
931 1259 1062 1316 illos
1091 1258 1167 1316 de
1224 1264 1381 1318 terra
1432 1262 1781 1326 viventium,
1834 1263 2087 1333 lignum,

430 1348 709 1421 inquam,
743 1349 936 1405 crucis
965 1348 1271 1406 viviﬁcum
1301 1349 1415 1407 illis
1445 1352 1551 1424 qui
1578 1352 1628 1408 ei
1649 1351 1903 1408 ﬁdeliter
1929 1350 2090 1409 labia

429 1437 760 1495 admovent
788 1455 801 1493 :
830 1441 1084 1495 mortem
1115 1454 1258 1495 vero
1291 1440 1988 1515 atl'erensillisquibusos
2002 1444 2091 1497 est

426 1525 856 1598 blasphemum
869 1527 1376 1585 etexsecrandum
1387 1572 1400 1599 ,
1414 1545 1581 1586 more
1600 1531 1909 1601 unguenti,
1923 1529 2089 1603 quod

426 1614 822 1672 odorantibus
834 1616 1183 1673 hominibus
1195 1617 1568 1692 voluptatem
1582 1618 2087 1692 parit,scarabaeis

2196 546 2528 613 περιστεραῖς
2577 539 2671 593 Ἢν
2722 535 2781 593 δε
2836 535 3146 611 δυσφημίαν
3209 538 3344 590 κατά
3409 544 3500 590 τοῦ
3548 544 3815 611 πανευφή-

2196 638 2296 701 μον
2366 636 2597 705 σταυροῦ
2664 627 3038 703 ἀπερεύγονται
3121 629 3171 682 οἱ
3228 628 3406 689 πάσης
3478 622 3812 700 βδελυγμίας

2195 718 2483 790 ἀνάμεστον
2540 721 2746 792 ἔχοντες
2796 722 2893 777 τήν
2957 717 3165 789 ψυχήν,
3240 714 3638 788 ἀναγγέλλοντός
3702 734 3807 788 μου

2194 812 2286 861 καὶ
2364 804 2748 883 διασαφοῦντος
2811 807 3267 882 παραϐιασάμενοι
3341 806 3551 867 ἑαυτοὺς
3622 825 3809 880 καρτε-

2196 903 2415 972 ρήσατε,
2462 901 2568 969 ἵνα,
2621 903 2823 972 γνόντες
2877 902 3042 953 πόσον
3101 897 3232 950 εἰσὶν
3279 894 3510 962 ἀνόητοι,
3570 915 3807 969 καταγε-

2196 988 2390 1047 λάσητε
2426 998 2522 1051 τῆς
2546 988 2797 1052 ἀνοησίας
2832 989 3020 1058 αὐτῶν,
3052 986 3243 1061 μᾶλλον
3301 984 3359 1042 δε
3409 994 3473 1046 τῆ
3486 1007 3507 1049 ς
3546 985 3807 1048 ἀπωλείας

2196 1079 2631 1151 καταθρηνήσητε
2658 1121 2672 1134 .
2736 1085 2884 1132 Δεῦτε
2956 1074 3045 1131 οὖν
3111 1081 3201 1130 καὶ
3265 1074 3596 1150 ἑμϐάλλωμεν
3655 1075 3806 1139 ξύλον

2199 1166 2270 1229 εἰς
2300 1171 2365 1219 τὰ
2416 1166 2708 1241 βλάσφημα
2762 1171 2960 1221 τούτων
3015 1169 3276 1233 στόματα,
3334 1169 3425 1218 καὶ
3481 1163 3804 1239 ἐκτρίψωμεν

2199 1256 2383 1316 αὐτοὺς
2450 1254 2550 1310 ἀπὸ
2579 1265 2681 1329 γῆς
2749 1257 2973 1323 ζώντων,
3024 1255 3172 1319 ξύλον
3232 1257 3292 1307 τό
3349 1260 3441 1306 τοῦ
3483 1259 3715 1330 σταυροῦ
3746 1255 3806 1310 τὸ

2201 1345 2455 1407 ξωοποιόν
2521 1349 2610 1419 μὶν
2672 1342 2776 1407 τοίς
2839 1352 3043 1407 πιστῶς
3122 1342 3497 1418 προσψαύουσι
3559 1341 3805 1415 χείλεσι,

2197 1439 2493 1510 νεκροποιόν
2545 1432 2604 1490 δῖε
2656 1444 2760 1497 τοῖς
2818 1433 3154 1508 βλασφήμοις
3186 1436 3440 1506 στόμασι,
3469 1436 3560 1485 καὶ
3598 1441 3807 1508 μιαροῖς

2198 1527 2335 1577 κατὰ
2370 1530 2464 1584 τήν
2509 1528 2663 1598 φύσιν
2715 1527 2902 1598 μόρου,
2960 1525 2986 1576 ὃ
3015 1531 3120 1585 τοῖς
3150 1525 3240 1596 μὲν
3271 1521 3697 1597 ὁσφραινομὲνοις
3723 1520 3782 1575 ἀν

2202 1616 2423 1686 θρώποις
2468 1614 2824 1689 εὐφραντικὸν,
2872 1619 2978 1674 τοῖς
3033 1608 3093 1666 δε
3142 1613 3423 1687 κανθάροις
3470 1612 3800 1686 νεκρωτικόνο

427 1709 631 1761 antem
661 1704 927 1762 exitium.
951 1707 1132 1778 Cujus
1154 1707 1350 1778 ﬁgura
1378 1708 1522 1764 olim
1546 1709 1837 1765 adversus
1866 1722 2082 1782 aquam

2202 1708 2303 1756 Καὶ
2333 1705 2548 1766 ότύπος
2591 1700 2652 1756 δε
2700 1703 2860 1756 αὐτοῦ
2910 1706 3121 1777 γραφείς
3173 1719 3296 1754 ποτε
3346 1698 3464 1753 καθ’
3489 1700 3681 1774 ὑγρῶν,
3715 1703 3801 1753 τόν

428 1807 737 1865 expressa,
763 1795 1059 1868 populum
1085 1796 1331 1868 quidem
1352 1795 1593 1853 ﬁdelem
1613 1797 1950 1868 conﬁrmat,
1982 1797 2089 1853 du-

424 1897 562 1939 rum
584 1897 728 1939 vero
748 1887 804 1939 et
832 1883 1088 1954 impium
1122 1886 1497 1942 Pharaonem
1536 1887 1869 1957 submergit
1909 1890 1973 1942 “.

499 1972 643 2037 Quae
670 1975 812 2030 sunt
828 1972 1010 2043 igitur
1033 1973 1153 2041 illa,
1178 1989 1315 2046 quae
1340 1980 1549 2032 contra
1561 1976 1937 2033 adorandam
1961 1993 2089 2034 cru-

425 2074 557 2117 cem
589 2061 905 2131 garriunt?
931 2064 1059 2117 Non
1093 2064 1653 2136 oportet,inquiunt,
1681 2080 1918 2122 crucem
1946 2066 2088 2124 ado-

422 2166 556 2208 rare
586 2155 646 2207 et
690 2151 973 2217 osculari,
1021 2153 1127 2209 sed
1174 2153 1539 2211 inhonorare
1590 2160 1648 2212 et
1699 2157 1983 2224 aversari,
2024 2162 2090 2214 ut

421 2239 770 2313 illam,quaa
794 2241 1092 2298 Christum
1134 2242 1431 2299 sustulite
1487 2245 1689 2301 medio
1737 2249 1792 2302 et
1847 2247 2083 2304 occidit.

421 2328 737 2402 Allatoque
751 2337 1126 2401 argumento,
1141 2347 1249 2388 vos
1266 2332 1536 2389 videlicet
1548 2334 1608 2390 in
1647 2335 1683 2389 d
1694 2335 2083 2393 ubitationem

421 2418 766 2490 conjiciunt.
794 2420 852 2477 Si
880 2420 1039 2492 quis,
1062 2421 1361 2494 inquiunt,
1385 2426 1556 2479 tuum
1585 2426 1892 2496 patremin
1918 2424 2083 2495 ligno

422 2523 787 2581 suspensum
815 2510 1226 2581 interfecisset,
1251 2527 1398 2567 num
1420 2511 1655 2582 lignum
1694 2513 1839 2570 illud
1891 2514 2082 2571 hono-

415 2611 620 2653 rasses
644 2602 701 2654 et
741 2598 1060 2654 adorasses
1081 2600 1109 2655 ?
1139 2602 1538 2673 Nequaquam
1577 2617 1754 2671 vero;
1781 2603 1883 2659 sed
1902 2609 1955 2660 et
1978 2604 2080 2660 ad-

411 2690 682 2743 versatus
704 2686 850 2743 illud
879 2687 1121 2755 fuisses,
1148 2694 1201 2745 et
1242 2690 1505 2759 pessime
1558 2691 1811 2761 odisses,
1874 2698 1931 2749 et
1984 2694 2080 2750 vel

409 2776 623 2846 procul
636 2776 1185 2849 intuitus,t‘ugisses,
1203 2783 1493 2851 tanquam
1508 2779 2077 2855 inimicum,quippe

408 2863 576 2936 quod
601 2864 885 2922 dilectum
915 2866 1021 2923 tibi
1050 2873 1363 2939 parentem
1393 2871 1668 2941 peremit.
1719 2873 1851 2927 Jam
1909 2872 2075 2928 audi-

404 2952 578 3009 vistis
603 2953 1045 3027 blasphemiam
1076 2952 1341 3013 illorum.
1375 2958 1528 3021 Quid
1574 2959 1745 3016 vobis
1790 2961 2074 3018 videtur?

2200 1795 2289 1865 μὶν
2337 1795 2524 1845 πιστὸν
2569 1792 2689 1846 λαὸν
2730 1789 3005 1863 διασώζει,
3060 1795 3148 1844 τὸν
3194 1786 3255 1843 δέ
3299 1809 3359 1862 γε
3387 1788 3619 1863 σπληρόν
3642 1809 3802 1843 κατα-

2199 1882 2426 1943 κοντίζει
2455 1886 2542 1934 καὶ
2571 1880 2885 1955 βλάσφημον
2920 1886 3126 1955 Φαραώ.

2269 1975 2397 2024 Τίνα
2457 1979 2583 2043 γοῦν
2649 1972 2801 2039 εἰσιν,
2855 1969 2891 2023 ἃ
2936 1978 3028 2023 τοῦ
3082 1976 3447 2044 προσκκνητοῡ
3497 1968 3797 2042 καταφλυα-

2196 2068 2351 2135 ροῡσι
2398 2068 2667 2134 σταυροῡ;
2723 2064 2799 2113 Οὐ
2848 2065 2978 2135 χρὴ,
3028 2064 3176 2133 φασὶ,
3224 2062 3311 2112 τόν
3366 2062 3591 2134 σταυρόν
3628 2078 3797 2134 προσ-

2195 2156 2362 2203 κυνεῖν
2427 2156 2517 2203 καὶ
2582 2149 2939 2213 ἀσπάζεσθαι,
3007 2149 3112 2202 ἀλλ’
3175 2147 3447 2222 ἀτιμάζειν
3512 2153 3603 2202 καὶ
3673 2147 3799 2202 ἀπο-

2198 2241 2534 2312 στρέφεσθαι,
2584 2243 2648 2301 ὡς
2695 2243 2782 2293 τόν
2840 2242 3071 2313 Χριστόν
3134 2238 3377 2292 ἀνελόντα
3429 2242 3519 2291 καὶ
3568 2240 3800 2291 θανατώ-

2196 2347 2379 2383 σαντα.
2460 2334 2561 2383 Καὶ
2633 2328 2915 2402 ἐπάγουσιν
3001 2329 3071 2391 εἰς
3148 2327 3370 2402 ἀπορίαν
3438 2324 3598 2388 δῆθεν
3661 2330 3798 2400 ὑμᾶς

2193 2417 2511 2491 ἐμϐαλόντες.
2581 2422 2643 2473 Εἴ
2706 2439 2806 2484 τις,
2872 2418 3122 2491 λέγοντες,
3183 2420 3269 2471 τόν
3330 2421 3420 2471 σόν
3466 2421 3663 2492 πατέρα
3711 2415 3793 2470 ἐπὶ

2191 2507 2341 2570 ξύλου
2391 2510 2662 2582 κρεμάσας
2718 2506 2928 2575 ἀνεῖλεν,
2987 2507 3241 2581 ίτιμησας
3292 2506 3353 2560 ἂν
3407 2512 3497 2560 καὶ
3538 2509 3800 2581 προσεκύ-

2186 2616 2350 2659 νησας
2417 2596 2577 2650 ἐκεῖνο
2642 2602 2701 2651 τὸ
2768 2598 2959 2666 Calor;
3029 2600 3240 2659 Πάντως
3295 2597 3426 2670 οὐχί
3452 2618 3464 2631 ·
3527 2595 3656 2648 ἀλλά
3704 2601 3798 2650 καὶ

2186 2686 2527 2763 ἀπεστράφης
2571 2686 2698 2739 αὐτὸ
2742 2692 2833 2740 καὶ
2874 2687 3155 2760 ἐμίσησας,
3210 2691 3302 2739 καὶ
3364 2686 3627 2761 πόρρωθεν
3674 2684 3797 2757 βλέ-

2184 2796 2292 2828 πων
2351 2776 2629 2849 ἀπέφευγες
2698 2777 2780 2846 ἂν,
2840 2779 2906 2838 ὡς
2959 2775 3173 2852 ἐχθρον,
3226 2777 3311 2829 οἷα
3363 2779 3451 2829 τόν
3501 2778 3591 2829 σόν
3645 2773 3790 2847 φίλον

2181 2871 2380 2941 πατέρα
2436 2865 2817 2921 ἐναποκτεῖναν.
2880 2862 3022 2924 ³Ἠδη
3079 2868 3338 2925 ἠκούσατε
3386 2869 3482 2924 τήν
3542 2863 3793 2937 βλασφη-

2181 2959 2304 3027 μίαν
2344 2954 2534 3010 αὐτών.
2589 2960 2653 3008 Τί
2706 2955 2827 3028 ὑμῖν
2881 2952 3063 3011 δοκεῖς
3123 2955 3305 3009 Θέλετε
3346 2957 3415 3017 ὡς
3455 2956 3600 3007 ἱστὸν
3653 2952 3788 3029 ἀρά-

405 3041 612 3112 Vultis,
638 3050 700 3099 ut
718 3023 1017 3117 tanquam
1048 3046 1230 3102 telam
1258 3063 1496 3103 araneae
1527 3052 1715 3105 totam
1740 3049 1922 3119 hujus
1975 3067 2070 3107 ar-

2192 3064 2318 3114 χνης
2364 3041 2618 3098 διαλῦσαι
2660 3054 2754 3107 τῆς
2809 3043 3033 3121 ἀπορίας
3074 3048 3272 3107 ταύτης
3313 3048 3401 3097 τὸν
3451 3040 3786 3116 σύνδεσμονς

407 3132 881 3200 gumentationis
913 3135 1350 3191 connexionem
1386 3135 1736 3203 dissolvam,
1789 3138 2075 3210 redargu-

407 3233 630 3291 amque
648 3222 1317 3293 nugasistasimpietate
1333 3221 1579 3295 plenas?
1604 3226 1875 3294 Agedum
1902 3227 2072 3284 refel-

403 3305 623 3363 lamus.
645 3308 893 3364 lnsitnm
914 3313 1003 3365 est
1016 3326 1052 3365 a
1069 3314 1285 3366 natura
1299 3312 1746 3384 hominibus,ut
1772 3315 2073 3374 benovolo

407 3395 522 3450 sint
544 3394 750 3451 animo
780 3398 843 3452 in
872 3397 1308 3468 benefactores,
1339 3401 1658 3475 vicemque
1679 3410 1736 3460 et
1763 3412 1963 3474 grates
1984 3422 2076 3463 re-

403 3490 641 3557 ponant
669 3501 900 3558 :neque
934 3487 1132 3543 solum
1163 3488 1328 3562 ipsos
1380 3490 1456 3546 de
1511 3509 1573 3548 se
1635 3492 1789 3549 bene
1834 3496 2077 3552 meritos

406 3571 729 3641 honorant,
745 3574 1069 3648 debitaque
1090 3577 1251 3634 cultu
1264 3585 1731 3653 prosequuntur,
1754 3582 1863 3638 sed
1880 3589 1935 3640 et
1951 3583 2075 3653 illa,

409 3677 551 3735 quae
576 3668 642 3718 ut
662 3663 865 3720 media
895 3664 970 3720 ad
994 3664 1457 3724 beneﬁcentiam
1488 3670 1972 3743 intercesserunt,
2024 3681 2081 3734 et

416 3749 821 3807 instrumenta
839 3752 1044 3809 salutis
1065 3756 1466 3826 procuranda
1480 3756 1614 3819 illis,
1628 3760 1731 3830 qui
1746 3760 2079 3831 periculum

410 3839 685 3909 subeunt,
717 3839 899 3897 beata
920 3844 1285 3913 praedicant:
1314 3844 1621 3918 ﬁdemque
1640 3848 1744 3903 tibi
1765 3848 1946 3906 faciat
1986 3865 2078 3907 sa-

408 3927 821 4000 pientissimus
847 3930 1156 3996 Salomon,
1189 3933 1295 4005 qui
1321 3933 1404 3990 ait
1451 3936 1797 3995 Benedicite
1844 3940 2077 4009 lignum

412 4031 529 4089 quo
554 4018 720 4073 salus
747 4019 1005 4089 obtingit
1039 4023 1102 4074 ¹².
1135 4021 1291 4077 Multi
1318 4023 1497 4078 etiam
1539 4025 1810 4094 gladium
1841 4028 2077 4097 regium

413 4105 1062 4178 honorarunt;sublato
1080 4124 1186 4181 per
1198 4124 1336 4164 eum
1359 4116 1754 4182 tyrannorum
1784 4116 2079 4188 quopiam

414 4198 472 4252 et
493 4196 762 4253 restituta
790 4198 1100 4269 oppressis
1132 4198 1476 4255 civitatibus
1523 4201 1816 4271 libertate,
1858 4204 1981 4261 imo
2025 4211 2081 4263 et

416 4284 496 4340 ad
525 4283 679 4352 loca,
704 4288 760 4341 et
779 4285 857 4341 ad
885 4291 1179 4357 tempora,
1216 4286 1435 4357 quibus
1456 4288 1550 4344 vel
1581 4291 1751 4362 quies
1807 4298 1860 4348 et
1920 4299 2079 4352 tran-

2181 3139 2272 3185 καὶ
2302 3138 2389 3186 τόν
2417 3134 2574 3210 λῆρον
2628 3142 2808 3188 τοῦτον
2866 3130 3175 3195 δυσσεϐείας
3227 3133 3503 3206 άπελεγξαι
3556 3137 3741 3207 μεστόν
3764 3154 3779 3167 ·

2184 3227 2307 3298 Φέρε
2366 3229 2457 3276 καὶ
2521 3222 2896 3296 ἀπελέγξωμεν.
2949 3228 3122 3298 Νόμος
3171 3223 3284 3276 ἐστὶ
3329 3231 3440 3287 τοῖς
3502 3221 3781 3297 ἀνθρώποις

2185 3313 2285 3365 ὑπὸ
2353 3320 2448 3375 τῆς
2517 3316 2716 3384 φύσεως
2765 3318 2885 3385 περὶ
2935 3317 3058 3375 τοὺς
3127 3312 3395 3387 εὐεργέτας
3451 3313 3779 3385 εὐγνωμονεῖν

2187 3405 2276 3453 καὶ
2316 3400 2760 3476 ἀντιχαρίζεσθαι
2815 3405 2881 3455 τὰ
2928 3402 3352 3476 εὐχαριστήρια·
3386 3407 3477 3454 καὶ
3519 3407 3590 3475 μή
3634 3404 3786 3474 μόνον

2189 3494 2377 3553 αὐτοὺς
2440 3490 2555 3551 τούς
2625 3492 2897 3566 εὐεργέτας
2955 3498 3108 3564 τιμᾷν
3135 3534 3148 3559 ,
3213 3496 3304 3544 καὶ
3385 3495 3445 3544 τό
3522 3499 3790 3565 προσῆκον

2192 3579 2346 3642 σέϐας
2413 3578 2682 3652 ἀπονέμειν
2742 3581 2940 3647 αὐτοῖς,
3000 3578 3128 3633 ἀλλά
3184 3585 3274 3633 καὶ
3326 3580 3461 3634 αὖτὰ
3515 3584 3581 3634 τά
3634 3600 3794 3654 μεσι-

2189 3672 2446 3722 τεύσαντα
2518 3675 2650 3745 πρὸς
2731 3674 2824 3729 τήν
2906 3679 3001 3733 τῆς
3072 3670 3364 3744 ε’)εργεσίας
3437 3670 3791 3746 ἐκπλήρωσιν,

2188 3764 2278 3812 καὶ
2343 3763 2539 3833 όξογανα
2606 3766 2868 3833 σωτηρίας
2950 3768 3059 3823 τοῖς
3136 3757 3501 3814 κινδυνεύουσι
3571 3780 3794 3834 χρημα-

2189 3853 2409 3901 τίσαντα
2471 3854 2809 3923 μακαρίζειν
2877 3854 2968 3902 καὶ
3028 3852 3247 3903 πειθέτω
3316 3869 3373 3903 σε
3439 3852 3464 3902 ό
3526 3853 3795 3922 πάνσοφος

2191 3937 2428 4011 Σαλομῶν
2503 3940 2638 3992 οὕτω
2718 3939 2877 4011 λέγων
2901 3961 2914 3973 ·
3004 3939 3270 4011 Εὐλογεῖτε
3345 3939 3514 4009 ξύλον,
3584 3937 3657 3993 δι’
3732 3937 3795 3992 οὗ

2189 4032 2388 4099 γίνεται
2443 4033 2699 4103 σωτηρία,
2762 4028 2949 4081 Πολλοὶ
3007 4035 3097 4083 καὶ
3156 4031 3362 4088 σπάθην
3399 4028 3685 4102 βασιλικήν
3714 4049 3796 4082 τε·

2190 4122 2476 4190 τιμήκασιν
2544 4116 2965 4193 ἀνθρωποκτόνον
3030 4122 3273 4193 τύραννον
3337 4118 3636 4186 ἀνελοῦσαν,
3703 4124 3798 4171 καὶ

2190 4206 2375 4259 πόλεσι
2482 4212 2916 4281 τυραννουμέναις

3026 4206 3313 4281 ἐλευθερίαν
3426 4228 3535 4282 χαρ
3545 4213 3796 4281 ισαμένην

2194 4294 2323 4347 ἀλλά
2373 4301 2463 4348 καὶ
2507 4301 2671 4371 μέχρι
2716 4302 2886 4350 τόπων
2931 4302 3016 4349 καὶ
3062 4300 3267 4370 χρόνων
3314 4298 3430 4350 καθ’
3471 4296 3560 4360 οὓς
3608 4298 3798 4369 εὐημε-

416 4372 703 4463 quillitas,
736 4373 831 4429 vel
856 4374 1331 4432 emolumentum
1365 4376 1615 4451 aliquod
1641 4380 1943 4454 aliquibus
1973 4385 2078 4441 ob-

2192 4391 2307 4459 ρίας
2370 4389 2509 4448 τινός
2569 4387 2599 4446 ἦ
2678 4386 2919 4460 ὠφελείας
2997 4392 3254 4461 μετίσχον
3284 4433 3298 4460 ,
3378 4389 3541 4463 ἕτεροι
3615 4386 3798 4442 ἐσεϐά-

418 4462 581 4519 venit
598 4463 794 4518 honos
813 4463 1124 4535 processit.

494 4554 559 4606 Et
583 4554 793 4607 utrem
831 4551 890 4606 in
922 4565 1120 4624 pauca
1169 4554 1497 4627 conferam,
1532 4574 1712 4618 omne
1741 4561 1887 4618 illud
1912 4565 2081 4637 quod

419 4638 773 4697 hominibus
807 4639 1011 4714 aliquo
1038 4642 1221 4700 modo
1243 4644 1598 4716 adjumento
1623 4654 1733 4717 est,
1767 4658 1831 4707 ut
1859 4652 2080 4709 beneﬁ-

424 4728 585 4784 cium
609 4727 706 4785 vel
725 4728 1015 4798 gaudium
1048 4731 1378 4805 obtineant,
1409 4737 1589 4794 laude
1619 4739 1870 4811 dignum
1916 4742 2080 4815 apud

424 4818 702 4875 homines
724 4824 783 4876 et
807 4821 1059 4878 charum
1091 4822 1348 4881 habetur
1376 4842 1486 4899 pro
1512 4828 1742 4885 ratione
1795 4831 2079 4903 utilitatis,

423 4924 613 4982 quam
646 4908 835 4967 affert.
871 4912 1407 4977 Quomadmodum
1438 4931 1469 4971 e
1500 4919 1800 4975 contrario
1828 4936 1917 4987 ea,
1946 4937 2082 4994 quae
2113 4953 2120 4959 -

424 5000 774 5056 nocumenti
801 5000 1059 5072 alicujus
1088 5017 1273 5060 causa
1298 5003 1559 5075 fuerunt,
1584 5012 1641 5063 et
1662 5007 1948 5065 molestiae
1962 5010 2083 5066 efﬁ-

426 5090 659 5159 cientia,
698 5089 942 5147 odimus
1002 5096 1060 5147 et
1105 5107 1457 5150 aversamur
1510 5096 1634 5151 sive
1685 5098 2085 5157 instrumenta

424 5182 562 5253 sint,
597 5181 718 5237 sive
742 5181 893 5248 loca,
928 5181 1053 5238 sive
1083 5186 1379 5256 tempora.
1404 5185 1552 5253 Fuit,
1576 5188 1680 5259 qui
1700 5205 1926 5258 ensem,
1959 5207 2083 5263 quo

423 5270 602 5327 frater
626 5276 974 5343 peremptus
999 5276 1124 5328 erat
1151 5272 1464 5341 defoderit,
1492 5276 1849 5350 virgamque
1878 5279 1982 5336 ﬁlii
1999 5280 2082 5336 in-

421 5358 813 5416 terfectricem
846 5358 1532 5435 contregerit.Maledicit
1556 5364 1744 5422 David
1768 5368 2077 5426 montibus

423 5447 660 5511 Gelboe,
693 5446 859 5518 quod
878 5447 961 5504 ibi
990 5449 1221 5506 amicus
1252 5451 1638 5511 occubuisset
1679 5456 1750 5512 ‘3.
1790 5457 2078 5516 Maledicit

2195 4477 2294 4533 σθη
2306 4494 2419 4529 σαν.

2266 4570 2368 4617 Καὶ
2419 4563 2596 4626 ἁπλῶς
2648 4566 2825 4632 εἰπεῖν,
2875 4566 3011 4618 ἅπαν
3060 4570 3117 4619 τό
3172 4569 3304 4620 κατά
3360 4587 3410 4619 τι
3482 4575 3804 4640 μεσιτεῦσαν

2191 4660 2301 4716 τοῖς
2349 4653 2640 4730 ἀνθρώποις
2692 4655 2986 4730 εὐεργεσίαν
3039 4661 3129 4708 καὶ
3193 4662 3467 4729 χαρμονὴν
3516 4662 3803 4730 παραυ-χά-

2192 4763 2340 4816 μενον
2370 4742 2630 4797 ἐπαινετόν
2677 4753 2783 4806 τοῖς
2835 4745 3129 4820 ἀνθρώποις
3180 4752 3270 4799 καὶ
3329 4747 3599 4819 ἠγαπητόν
3658 4752 3805 4803 κατά

2193 4836 2252 4886 τό
2302 4838 2486 4909 μέτρον
2544 4843 2635 4896 τῆς
2690 4834 2965 4907 ὠφελείας·
3018 4838 3190 4911 ὥσπερ
3246 4836 3312 4887 αὖ
3365 4837 3659 4890 τούναντίον
3707 4844 3803 4892 καὶ

2194 4927 2261 4976 τά
2311 4922 2514 4997 βλάϐης
2568 4927 2713 4977 αἴτιά
2769 4945 2882 4978 τισι
2935 4931 3201 4997 γεγονότα,
3261 4931 3349 4978 καὶ
3394 4925 3607 5002 ἀνιαροῦ
3665 4947 3804 4990 τινος

2195 5014 2457 5088 πρόξενα,
2526 5020 2617 5068 καὶ
2679 5023 2970 5088 μισοῦμεν,
3035 5021 3125 5068 καὶ
3186 5014 3635 5090 ἀποστρεφόμεθα,
3701 5021 3806 5072 εἴτε

2195 5106 2391 5179 ὄργανά
2455 5105 2609 5171 εἰσιν,
2680 5108 2784 5157 εἴτε
2842 5110 3012 5172 τόποι,
3081 5125 3287 5179 χρόνοι.
3358 5111 3460 5159 Καὶ
3525 5109 3804 5183 μάχαιραν

2192 5196 2294 5269 γάρ
2343 5214 2424 5258 τις
2477 5191 2849 5268 ἀδελφοκτόνον
2892 5195 3176 5270 κατώρυξε,
3235 5201 3325 5248 καὶ
3374 5196 3564 5271 ῥάϐϐον
3612 5195 3805 5251 παιδο-

2192 5290 2373 5336 κτόνον
2440 5281 2799 5358 διάθρο.υσεν.
2873 5285 3159 5360 Ἐπαρᾱται
3225 5282 3393 5338 Δαυίδ
3450 5289 3515 5338 τά
3589 5290 3682 5361 (ipa
3738 5291 3809 5341 τὰ

2193 5373 2407 5427 Γελϐουὲ
2457 5370 2551 5426 διὰ
2607 5379 2700 5432 τήν
2751 5373 2916 5427 ἐκεῖσε
2941 5383 3032 5427 τοῦ
3085 5375 3233 5448 φίλον
3266 5374 3528 5448 ἀναίρεσιν
3564 5397 3576 5410 ·
3611 5378 3636 5428 ὁ
3681 5377 3804 5431 Ἰὼϐ

2188 5468 2283 5523 τήν
2356 5466 2573 5539 ἡμέραν,
2623 5462 2671 5516 ἐν
2816 5462 3084 5537 ἐγεννήθη,
3136 5461 3231 5518 διὰ
3285 5467 3374 5526 τάς
3422 5464 3799 5539 ἐπισυμϐάσας

489 5628 533 5663 ιι
566 5625 756 5687 Exod.
782 5639 899 5683 xiv.
929 5630 999 5685 26
1030 5642 1199 5704 seqq.
1238 5632 1285 5668 ¹²
1314 5632 1452 5705 Sap.
1484 5650 1600 5705 xiv,
1632 5640 1686 5694 7.
1720 5636 1768 5673 ¹³
1797 5636 1844 5694 ΙΙ
1876 5639 2017 5710 Reg.
2046 5644 2089 5711 l,
2122 5642 2210 5700 21.
