4132 6378
210 342 323 405 633
1534 330 1813 396 CONTRA
1853 329 2276 394 BOGOMILOS.
3480 347 3584 405 634

208 469 490 545 συμφορὰς
573 470 665 521 καὶ
745 468 835 529 τὰς
913 471 1260 542 κυμαγωγίας
1324 475 1425 523 τῶν
1492 469 1813 541 πειρασμῶν.

1951 460 1990 514 ιι
2009 456 2120 515 Job
2147 458 2284 530 diei,
2317 460 2381 519 in
2399 477 2523 536 quo
2547 467 2726 522 natus
2746 468 2857 534 est,
2883 469 3129 541 propter
3150 482 3278 540 eas,
3301 486 3438 545 qum
3469 472 3583 530 sibi

204 556 434 627 Ἵδωμεν
476 556 567 610 οὗν
623 558 711 610 τὸν
781 559 1028 633 σταυρὸν,
1099 563 1239 611 τίσιν
1300 557 1553 631 ὠφέλιμος
1617 556 1814 627 γέγονε,

1946 555 2271 620 avenerant,
2284 551 2654 611 calamitates
2664 555 2921 628 procella
2930 572 3080 630 sque
3094 559 3492 619 tentationum
3513 564 3578 620 ιι.

206 655 302 703 καὶ
333 653 474 703 τίσιν
524 645 829 710 ἕπιϐλαϐἠς·
886 651 977 700 καὶ
1033 648 1061 701 6
1102 650 1193 722 μὲν
1253 647 1529 721 ὠφεληθεὶς
1573 642 1819 713 ἀναλογον

1950 634 2252 694 Videamus
2274 638 2456 710 igitur
2481 656 2741 709 crucem,
2774 644 3147 717 quibusnam
3169 647 3504 719 utilitatem,
3524 654 3582 708 et

207 747 275 813 τῇ
304 737 525 812 ὠφελείᾳ
552 741 643 790 καὶ
700 741 798 795 τὴν
829 742 989 810 τιμὴν
1034 742 1384 814 προσφερίτω,
1519 731 1579 788 δί
1617 731 1822 807 βλάϐης

1948 724 2153 796 [uibus
2181 727 2475 787 damnum
2501 731 2783 799 attulerit,
2832 733 3009 807 isque
3060 735 3164 808 qui
3193 737 3580 797 emolumenti

209 831 377 889 αἰτιος
462 830 658 901 γέγονε,
757 834 938 880 τοῦτον
1028 823 1175 889 οὗτος
1259 825 1668 903 ἀποστρεφέσθω
1729 826 1822 875 καὶ

1944 813 2157 888 aliquid
2169 818 2415 891 accepit,
2434 835 2645 892 parem
2662 821 2899 879 utilitati
2919 824 3214 881 honorem
3233 826 3576 899 depromat;

210 914 586 992 βδελυττέσθω
627 910 868 978 δικαίωςο
918 915 1384 989 Ἀναγινωσκέσθω
1428 913 1715 992 τοίνυντά
1749 917 1820 983 τῷ

1947 905 2026 961 sui
2058 909 2259 963 autem
2291 924 2436 965 crux
2465 911 2805 968 detrimenti
2830 929 3021 970 causa
3051 915 3286 983 exstitit,
3318 916 3415 973 hic
3443 933 3579 975 eam

207 991 347 1051 κατά
423 997 667 1055 Ἰωάννην
729 995 1055 1069 Εὑαγγελίῳ,
1125 997 1317 1050 οὑτωσὶ
1380 997 1547 1070 ῥητῶς
1612 991 1821 1068 ἐμφερό-

1946 994 2142 1051 nerito
2166 1013 2277 1054 suo
2306 1003 2612 1056 aversetur
2629 1004 2687 1058 et
2717 1000 3119 1060 abominetur.
3150 1005 3446 1076 Legantur
3473 1006 3578 1077 igi-

211 1106 363 1162 μενα,
410 1087 691 1160 καὶπαρά
759 1093 852 1138 τοῦ
923 1092 1157 1161 Σωτῆρος
1216 1085 1480 1159 λεγόμενα.
1546 1090 1654 1137 Νῦν
1709 1086 1821 1157 κρί-

1950 1098 2025 1139 ur
2052 1100 2126 1142 ea
2147 1100 2285 1158 quas
2302 1085 2366 1143 in
2397 1089 2718 1159 Evangelio
2737 1092 3071 1148 secundum
3098 1095 3396 1151 Joannem
3417 1111 3582 1169 repe-

218 1196 301 1238 σις
355 1176 466 1229 ἐστὶ
516 1181 611 1228 τοῦ
672 1178 882 1248 κόσμου
953 1178 1163 1228 τούτου·
1229 1182 1319 1227 νῦν
1403 1174 1430 1227 6
1488 1174 1670 1247 ἅρχων
1726 1177 1819 1224 τοῦ

1948 1172 2180 1238 'iuntur,
2208 1190 2345 1247 quin
2375 1176 2459 1232 sic
2481 1176 2560 1233 ad
2586 1177 2839 1235 verbum
2866 1179 3112 1251 habent,
3130 1186 3187 1238 et
3203 1182 3431 1255 abipso
3458 1184 3580 1241 Sal-

212 1269 417 1339 κόσμου
473 1263 855 1323 ἐκϐληθήσεται
908 1264 1026 1328 ἔξω·
1113 1263 1257 1337 κάγὼ
1338 1262 1423 1317 ἐὰν
1491 1262 1686 1334 ὑψωθῶ
1764 1260 1820 1313 ἐκ

1946 1264 2133 1316 ratore
2156 1266 2361 1318 nostro
2381 1264 2767 1336 pronuntiata
2781 1271 2921 1323 sunt
2943 1268 3148 1327 :Nunc
3155 1269 3453 1340 judicium
3493 1278 3578 1329 est

204 1363 300 1417 τῆς
357 1362 479 1426 γῆς,
549 1355 744 1414 πάντας
808 1352 1009 1407 ἑλκύσω
1067 1356 1217 1427 πρὸς,
1279 1351 1521 1426 ἐμαυτόν·
1580 1348 1721 1405 Ἰδοὺ
1769 1348 1818 1402 ἐν

1948 1350 2139 1406 nundi
2153 1351 2364 1421 hujus;
2390 1369 2556 1410 nunc
2579 1355 2861 1426 princeps
2877 1356 3059 1427 hujus
3070 1359 3285 1415 mundi
3303 1361 3580 1429 ejirietur

203 1448 318 1506 τοῖς
347 1441 546 1513 ὀλίγοις
596 1444 804 1504 τούτοις
849 1442 1083 1517 ῥήμασιν
1135 1441 1306 1506 ἔξεστι
1355 1437 1692 1513 δίδαχθῆναι
1736 1442 1819 1500 τίς

1946 1439 2126 1512 ‘bras;
2148 1445 2202 1496 et
2223 1455 2329 1512 ego
2345 1457 2479 1499 cum
2497 1445 2803 1505 exaltatus
2814 1446 2988 1514 fuero
3009 1462 3046 1504 a
3069 1452 3254 1515 terra,
3280 1463 3476 1506 omnes
3496 1451 3578 1506 ad

208 1534 236 1586 6
268 1531 628 1606 εὑεργιτηθεὶς
656 1527 752 1585 διὰ
800 1538 893 1584 τοῦ
927 1539 1158 1607 σταυροῦ
1185 1575 1200 1596 ,
1246 1550 1328 1592 τις
1374 1527 1433 1584 δὲ
1461 1531 1490 1583 6
1537 1527 1818 1605 συντριϐἠν

1945 1529 2209 1598 neipsum
2231 1530 2476 1588 traham
2499 1533 2584 1588 η’.
2608 1535 2755 1591 Ecce
2772 1550 2845 1590 ex
2860 1534 2953 1591 his
2967 1534 3242 1608 pauculis
3278 1536 3474 1594 verbis
3491 1538 3577 1595 di-

201 1623 469 1684 ὑποστάς.
542 1619 661 1687 Ὀτι
712 1618 772 1674 6“:
812 1624 932 1696 περὶ
975 1629 1068 1682 τῆς
1107 1623 1348 1674 ἓκουσίου
1398 1625 1743 1696 σταυρώσεως
1790 1619 1816 1670 ό

1943 1632 2089 1674 scere
2113 1617 2267 1687 licet,
2296 1620 2400 1693 qui
2430 1621 2623 1677 crucis
2651 1622 2981 1680 ministerio
3004 1624 3313 1681 beneﬁciis
3334 1625 3408 1681 sit
3436 1626 3575 1683 affe-

204 1714 446 1787 Χριστὸς
475 1717 644 1764 ταῦτα
697 1713 819 1784 ἔφη,
878 1713 1068 1785 ἔχομεν
1120 1711 1275 1764 αὑτὸν
1312 1715 1399 1765 τὸν
1429 1710 1816 1783 Εὑαγγελιστήν

1942 1711 2078 1773 :tus,
2098 1709 2304 1781 etquis
2323 1708 2618 1767 damnum
2641 1716 2699 1768 et
2714 1711 3132 1770 contritionem
3147 1729 3383 1788 passus.
3402 1715 3574 1781 Quod

203 1802 455 1877 μάρτυρα
482 1807 576 1854 τοῦ
624 1800 785 1873 λόγου
817 1798 1143 1864 ἀξιόπιστον
1174 1801 1385 1873 Ἐπάγει
1407 1803 1529 1875 γάρ·
1560 1806 1725 1853 Τοῦτο
1758 1794 1817 1851 δὲ

1942 1811 2065 1852 vero
2095 1795 2364 1853 Christus
2383 1798 2513 1855 hec
2535 1799 2746 1857 dixerit
2768 1800 2845 1856 de
2869 1800 3212 1859 voluntaria
3232 1802 3360 1859 illa.
3388 1818 3574 1876 quam

203 1891 364 1962 ἔλεγε,
470 1894 739 1963 σημαίνων
841 1893 976 1962 ποίῳ
1070 1891 1273 1962 θανάτῳ
1373 1888 1587 1964 ἣμελλερ
1680 1887 1814 1941 ἀπο-

1941 1883 2228 1941 subiturus
2248 1892 2395 1955 erat,
2417 1887 2821 1961 cruciﬁxione,
2846 1894 3058 1948 testem
3079 1890 3199 1948 ﬁde
3211 1890 3573 1965 dignumip-

208 1980 478 2038 θνήσκειν.
1925 1989 2051 2028 sum
2065 1975 2497 2045 Evangelistam
2512 1977 3151 2051 habemus.Subjungit
3162 1980 3471 2037 enim:Hoc
3482 1996 3574 2038 ve-

1922 2078 1986 2118 ro
1998 2064 2256 2136 dicebat,
2272 2066 2649 2136 signiﬁcans,
2665 2083 2783 2140 qua
2795 2074 2986 2125 morte
3000 2070 3330 2126 moriturus
3346 2075 3492 2127 esset
3504 2073 3516 2105 ¹
3529 2072 3571 2126 ⁵.

278 2158 441 2213 Πάλιν
481 2155 569 2212 οὖν
628 2160 716 2211 τὸν
770 2157 921 2230 λόγον
986 2157 1402 2231 ἐπαναληψομαι.
1462 2164 1569 2212 Νῦν
1633 2161 1811 2233 κρίσις

1995 2153 2285 2210 Eumdem
2306 2155 2486 2225 igitur
2510 2172 2847 2214 sermonem
2895 2174 3238 2215 resumam:
3283 2158 3573 2231 Nuncju-

209 2247 324 2302 ἔστι
382 2256 473 2300 τοῦ
538 2249 745 2320 κόσμου
808 2249 1019 2299 τούτου⁹
1088 2252 1254 2322 κρίνει
1321 2244 1379 2300 δὲ
1435 2249 1507 2310 ὡς
1563 2245 1811 2321 βασιλεὺς

1941 2240 2143 2298 licium
2170 2248 2255 2301 est
2309 2246 2525 2301 mundi
2570 2246 2790 2318 hujus;
2832 2247 3065 2319 judicat
3100 2263 3244 2304 vero
3273 2252 3340 2306 ut
3381 2263 3485 2305 rex
3508 2249 3573 2334 in

205 2337 290 2391 ἰπὶ
343 2339 524 2412 θρόνου
579 2335 814 2409 βεϐηκὼς
873 2334 1159 2408 βασιλικοῦ
1210 2343 1305 2389 τοῦ
1351 2343 1602 2408 σταυροῦ.
1651 2336 1712 2389 Ἠ
1749 2332 1811 2388 δὲ

1940 2331 2205 2388 .hronum
2226 2334 2489 2406 regalem
2508 2337 2700 2392 crucis
2725 2337 3158 2395 conscendens.
3187 2343 3259 2394 At
3277 2331 3572 2410 judicium

204 2431 382 2499 κρίσις
442 2427 511 2487 εἰς
576 2429 774 2485 ταύτην
860 2425 1125 2501 ἐκφέρεται
1203 2430 1298 2484 τὴν
1365 2424 1646 2499 ἀπόφασιν,
1729 2426 1810 2479 ἶνα

1942 2437 1980 2477 n
2007 2422 2168 2479 hanc
2188 2426 2545 2481 sententiam
2567 2427 2938 2499 terminatur,
2969 2431 3035 2484 ut
3062 2427 3343 2502 princeps
3362 2430 3574 2485 mundi

204 2516 347 2568 ότοῦ
388 2520 595 2589 κόσμου
638 2516 823 2590 ἄρχων
867 2514 962 2578 ἔξω
1004 2523 1099 2577 τῆς
1151 2515 1312 2568 αὑτοῦ
1357 2512 1803 2591 ἀρχῆςέκϐληθῇ,

1940 2515 2086 2567 :xtra
2133 2528 2316 2569 suum
2392 2512 2711 2586 imperium
2769 2516 3059 2588 ejiciatur,
3115 2516 3429 2591 ipsiusque
3470 2518 3572 2575 ad-

199 2611 291 2659 καὶ
342 2608 372 2665 ἡ
425 2608 563 2658 κατά
606 2613 708 2659 τῶν
763 2603 1044 2680 ἀνθρώπων
1101 2611 1345 2679 τυραννὶς
1403 2606 1561 2659 αὑτοῦ
1624 2609 1713 2658 καὶ
1772 2606 1803 2663 ἡ

1938 2617 2127 2658 tersus
2151 2602 2423 2659 homines
2451 2606 2724 2676 tyrannis
2758 2611 2814 2663 et
2844 2606 3131 2664 diuturna
3159 2607 3437 2665 violentia
3465 2623 3570 2665 co-

199 2695 551 2769 πολυχρόνιος
607 2696 837 2755 κάκωσις
887 2702 1007 2767 στῇ,
1057 2700 1146 2747 καὶ
1177 2696 1203 2747 6
1258 2697 1504 2769 τύραννος
1554 2696 1656 2747 ὑπό
1685 2700 1808 2755 τοῦς

1938 2690 2211 2761 iibeatur,
2233 2696 2288 2747 et
2308 2695 2604 2764 tyrannus
2624 2693 2882 2766 pedibus
2897 2710 3107 2752 eorum
3125 2696 3228 2768 qui
3254 2695 3570 2768 tyrannide

198 2781 372 2847 πόδας
416 2791 520 2837 τῶν
571 2788 986 2859 τυραννουμένων
1027 2784 1147 2842 τεθῆ
1209 2779 1303 2836 θ’ιά
1353 2788 1439 2837 τόν
1489 2791 1580 2836 τοῦ
1628 2790 1805 2841 Σωτη-

1937 2779 2433 2852 ipprimebantur,
2459 2781 2814 2853 subjiciatur
2830 2789 3076 2857 propter
3097 2788 3352 2841 mortem
3367 2785 3569 2857 inique

198 2893 293 2941 ρος
348 2869 539 2926 ἄδικον
594 2874 808 2926 θάνατον
850 2877 938 2925 καὶ
977 2877 1071 2931 τὴν
1119 2875 1255 2925 κατὰ
1300 2880 1390 2926 τοῦ
1432 2871 1804 2946 παμϐασιλέως

1937 2868 2208 2925 Salvatori
2229 2869 2480 2937 illatam,
2512 2875 2569 2926 et
2592 2875 2840 2945 propter
2891 2873 3245 2930 effrenatam
3270 2873 3436 2930 illam
3460 2873 3569 2930 im-

205 2961 593 3033 ἀναισχυντίαν
648 2966 732 3020 τὴν
784 2963 1097 3034 πάντολμον,
1163 2967 1252 3014 καὶ
1308 2962 1402 3015 οὐκ
1464 2964 1538 3014 ἔτι
1601 2961 1806 3033 λέγεται

1936 2958 2269 3016 mdentiam
2299 2959 2360 3015 in
2390 2959 2664 3016 omnium
2698 2964 2916 3032 Regem
2965 2966 3021 3018 et
3050 2962 3395 3029 Dominum,
3425 2967 3482 3019 et
3503 2968 3568 3021 ut

205 3050 606 3123 κοσμοκράτωρ.
735 3048 980 3110 Ἐκϐἐϐλη
989 3070 1074 3104 ται
1189 3055 1287 3126 γάρ
1424 3052 1806 3123 σταυρωθέντος

1933 3063 2035 3102 1011
2065 3048 2325 3121 amplius
2352 3050 2563 3105 mundi
2584 3051 2867 3124 princeps
2913 3051 3269 3124 appelletur.
3330 3054 3565 3123 Ejectus

202 3147 462 3214 Χριστοῦ,
514 3144 602 3193 καὶ
644 3148 716 3211 τῷ
773 3141 943 3212 οἰκείῳ
996 3143 1183 3214 αἵματι
1228 3145 1316 3194 τόν
1371 3145 1570 3214 κόσμον
1623 3138 1804 3210 ἐξαγο-

1930 3141 2001 3192 ist
2020 3137 2181 3194 enim
2204 3137 2432 3195 Christo
2454 3139 2759 3209 cruciﬁxo,
2782 3146 3113 3213 postquam
3157 3142 3403 3214 proprio
3429 3157 3562 3198 san-

193 3230 477 3305 ράσαντος.
556 3234 657 3282 Καὶ
722 3231 749 3281 6
828 3228 1097 3304 ἀγοράσας
1177 3229 1629 3303 εὐαγγελιζόμενος
1694 3235 1804 3291 τοῖς

1935 3226 2091 3296 ςυίηο
2110 3226 2408 3284 mundum
2441 3230 2604 3297 emit,
2634 3229 2861 3302 quique
2884 3230 3184 3287 mundum
3214 3232 3374 3297 emit,
3403 3232 3454 3287 is
3488 3231 3567 3288 ad

195 3309 377 3371 ἑαυτοῦ
443 3317 606 3391 φίλοις
661 3321 777 3391 ἔφη.
858 3316 1046 3378 Ἐδόθη
1114 3339 1203 3392 μοι
1268 3326 1417 3373 πᾶσα
1481 3318 1694 3382 ἐξουσία
1754 3316 1802 3369 ἐν

1935 3316 2140 3372 ιωίοοε
2161 3333 2304 3373 suos
2325 3318 2693 3375 concionans
2715 3319 2893 3376 dixit:
2917 3322 3080 3377 Data
3101 3327 3185 3378 est
3205 3321 3357 3378 mihi
3375 3321 3567 3378 omnis

195 3409 395 3483 οὐρανῷ
449 3413 541 3461 καὶ
594 3407 678 3461 ἐπὶ
733 3417 848 3481 γῆς.
905 3415 1006 3462 Καὶ
1066 3409 1168 3462 ἀπὸ
1235 3406 1391 3462 τοῦδε
1452 3412 1500 3462 οἱ
1546 3415 1798 3481 γηγενεῖς,

1932 3413 2167 3463 mlestus
2199 3409 2264 3463 in
2287 3411 2434 3465 caalo
2455 3413 2510 3464 et
2537 3408 2599 3465 in
2632 3416 2795 3466 terra
2832 3411 2896 3466 ¹⁶.
2926 3413 2993 3467 Et
3022 3426 3094 3467 ex
3128 3411 3243 3468 isto
3273 3414 3564 3484 tempore,

193 3501 243 3550 οἱ
281 3501 415 3570 χθές
456 3518 559 3551 που
607 3503 700 3550 καὶ
750 3503 1006 3574 πρότριτα
1056 3498 1109 3551 ἐκ
1157 3519 1257 3571 γης
1306 3499 1378 3560 εἰς
1415 3496 1553 3570 ᾅδην
1581 3518 1803 3572 καταφε-

1936 3497 2241 3567 errigenae,
2272 3496 2375 3569 qui
2403 3497 2530 3552 heri
2559 3503 2616 3554 et
2635 3497 3064 3555 nudiustertius
3112 3499 3193 3556 ad
3218 3499 3440 3556 inferos
3468 3499 3568 3555 de-

192 3592 417 3661 ρόμενοι,
476 3595 567 3640 νῦν
634 3590 684 3640 ἓν
749 3587 988 3662 οὐρανοῖς
1062 3587 1587 3661 πολιτογραφοῦνται·
1670 3594 1803 3640 Am-

1935 3585 2272 3656 erebantur,
2294 3600 2458 3641 nunc
2490 3591 2782 3658 tanquam
2806 3588 2964 3643 cives
2992 3588 3056 3644 in
3104 3587 3256 3644 coelo
3310 3589 3567 3645 conscri-

194 3682 387 3750 φήνατο
446 3680 574 3752 γὰρ,
644 3679 714 3740 ὡς
779 3678 895 3730 Ἐὰν
964 3679 1158 3748 ὑψωθῶ
1235 3678 1321 3730 ἐπὶ
1387 3684 1478 3730 τοῦ
1546 3685 1797 3750 σταυροῦ,

1930 3679 2154 3730 )untur.
2173 3675 2436 3730 Asseruit
2455 3675 2615 3731 enim
2641 3692 2653 3730 :
2676 3676 2743 3732 Si
2760 3678 3066 3733 exaltatus
3089 3678 3266 3746 fuero
3284 3679 3347 3733 in
3366 3693 3562 3742 cruce,

192 3767 385 3828 πάντας
428 3766 629 3819 ἑλκύσω
659 3770 790 3842 πρὸς
834 3766 1077 3840 ἐμαυτόν,
1112 3768 1195 3819 ἵνα
1238 3769 1365 3820 ὅπου
1408 3767 1513 3840 εὶμὶ
1559 3764 1678 3838 ἐγὼ,
1712 3770 1802 3818 καὶ

1936 3778 2108 3819 ιηιηεε
2146 3763 2382 3820 traham
2415 3765 2496 3820 ad
2522 3779 2616 3821 me
2659 3767 2872 3837 ipsum,
2925 3769 2989 3822 ut
3020 3766 3124 3822 ubi
3167 3780 3280 3836 ego
3325 3783 3481 3838 sum,
3511 3770 3568 3824 et

195 3856 349 3909 αὐτοὶ
370 3856 470 3908 ὦσι
495 3856 607 3929 μετ’
635 3855 780 3928 ἐμοῦ.

1910 3851 2026 3926 ipsi
2058 3854 2174 3908 sint
2203 3869 2461 3909 mecum.

268 3950 365 4007 Τίς
390 3946 476 3997 οὖν
507 3944 694 4018 ὀφείλει
719 3949 805 3997 τόν
854 3948 1079 4020 σταυρὸν
1108 3943 1313 4017 ἀγαπᾷν
1347 3962 1360 4011 ;
1395 3947 1460 3997 Οἱ
1489 3953 1579 4006 τῆς
1618 3963 1796 4016 τυρανο

1982 3943 2092 4009 Qui
2119 3942 2298 4012 igitur
2351 3959 2595 4029 crucem
2640 3945 2939 4001 honorare
2992 3945 3262 4003 debent?
3312 3949 3402 4002 An
3460 3947 3565 4020 qui

195 4030 354 4095 νίδος
384 4031 750 4106 ἀπαλλαγέντες
800 4042 893 4086 τοῦ
925 4031 1173 4087 διαϐόλου
1207 4042 1267 4108 τῇ
1324 4042 1580 4107 σταυρικῇ
1618 4052 1800 4106 συνερ-

1933 4032 2200 4087 )θῐιθὲὶοίο
2229 4032 2418 4087 crucis
2440 4048 2512 4089 ex
2551 4033 2779 4089 diaboli
2807 4035 3123 4107 tyrannide
3162 4035 3369 4107 erepti,
3402 4041 3460 4092 et
3486 4036 3565 4092 ad

192 4128 343 4197 γείᾳ,
392 4129 481 4176 καὶ
536 4128 663 4197 πρὸς
712 4124 925 4197 οὐρανόν
975 4122 1027 4187 ἐξ
1079 4120 1213 4195 ᾆδον
1254 4121 1655 4197 ἀναδραμόντες,
1713 4128 1803 4175 καὶ

1934 4120 2128 4178 :oelum
2170 4122 2376 4194 evecti,
2411 4126 2468 4178 et
2505 4123 2750 4195 aequalis
2780 4138 2917 4179 cum
2941 4124 3174 4193 angelis
3201 4124 3403 4195 gloriae
3435 4141 3566 4197 par-

198 4212 483 4286 ἰσαγγελου
515 4210 677 4276 δόξης
708 4210 1027 4277 ἀξιωθέντες,
1082 4212 1112 4271 ἢ
1143 4215 1168 4265 6
1201 4209 1444 4274 διάϐολος
1475 4215 1500 4265 6
1557 4220 1651 4285 τῇς
1678 4231 1802 4285 προ⁴

1935 4211 2119 4283 icipes
2147 4210 2338 4266 effecti
2368 4216 2542 4275 sunt;
2581 4228 2656 4268 an
2681 4212 2982 4281 diabolus,
3006 4213 3109 4285 qui
3139 4228 3211 4268 ex
3244 4214 3436 4286 priore
3464 4230 3566 4286 po-

192 4308 352 4376 τέρας
374 4301 614 4365 ἐξουσίας
664 4300 940 4355 ἀποπεσὼν
980 4300 1074 4355 ὃιά
1101 4310 1192 4355 τοῦ
1243 4311 1492 4372 σταυροῦ,
1524 4307 1615 4355 καὶ
1647 4302 1713 4363 εἰς
1743 4305 1801 4354 τό

1935 4306 2123 4356 estate
2142 4316 2248 4373 per
2277 4317 2512 4357 crucem
2543 4302 2776 4372 excidit,
2803 4303 3027 4374 quique
3066 4318 3229 4358 nunc
3248 4303 3565 4359 hominum

191 4393 645 4460 καταπαίζεσθαί,
692 4395 783 4443 καὶ
830 4393 1267 4462 καταπατεῖσθαι,
1329 4393 1429 4444 ὑπὸ
1473 4398 1571 4443 τῶν
1603 4389 1801 4467 ἀνθρὼ-

1935 4390 2173 4446 )edibus
2203 4390 2622 4447 miserabiliter
2652 4391 2996 4448 substratus
3045 4396 3153 4462 est,
3212 4398 3278 4448 ut
3325 4393 3403 4448 ab
3454 4393 3567 4450 illis

192 4502 305 4534 πων
359 4481 580 4555 οἰκτρῶς
627 4480 995 4553 ὑποκείμενος;
1054 4482 1243 4542 Πάντες
1300 4481 1349 4532 οἱ
1396 4484 1484 4553 μὲν
1539 4481 1798 4554 ἄνθρωποι

1938 4479 2172 4534 udibrio
2226 4479 2432 4535 haberi
2488 4485 2545 4536 et
2614 4481 2955 4537 conculcari
2997 4481 3256 4554 possit?
3308 4482 3567 4539 Universi

191 4570 396 4624 πολλῶν
452 4568 753 4634 ἀξιωθέντες
797 4579 896 4622 τῶν
948 4567 1155 4641 ἀγαθῶν
1197 4565 1291 4622 διὰ
1316 4575 1407 4622 τοῦ
1431 4578 1677 4643 σταυροῦ,
1711 4575 1801 4623 καὶ

1934 4570 2160 4641 [Itidem
2191 4569 2466 4625 homines
2498 4569 2699 4626 multis
2730 4571 2923 4628 affecti
2955 4579 3012 4627 et
3047 4571 3203 4627 aucti
3235 4571 3566 4628 commodi-

195 4660 342 4723 ζωὴν
427 4661 654 4734 εὑρόντες
746 4658 969 4725 αἰώνιον,
1055 4655 1272 4719 δικαίως
1361 4659 1621 4731 ὀφείλουσι
1712 4664 1802 4712 καὶ

1931 4658 2137 4715 .atibus
2176 4674 2285 4732 per
2336 4675 2598 4729 crucem,
2639 4661 2940 4733 vitamque
2996 4665 3279 4717 aeternam
3339 4661 3563 4734 adepti,

191 4757 508 4824 προσκυνεῖν
604 4754 694 4802 καὶ
780 4748 1115 4810 ἀσπάζεσθαι
1214 4751 1302 4801 τόν
1388 4753 1631 4823 σταυρόν,
1729 4747 1802 4802 δι’

1935 4751 2124 4806 nerito
2155 4749 2375 4806 debent
2405 4754 2462 4806 et
2499 4750 2752 4807 adorare
2782 4756 2840 4807 et
2892 4751 3152 4807 osculari
3204 4767 3463 4823 crucem,
3494 4767 3567 4807 ex

191 4839 257 4893 οὗ
308 4847 407 4892 τῶν
437 4836 646 4911 ἀγαθῶν
700 4836 990 4910 ἑπιγὲγονεν
1040 4840 1071 4896 ἠ
1128 4837 1435 4899 ἀπόλαυσις·
1495 4846 1566 4909 τῷ
1641 4834 1699 4891 δὲ
1745 4858 1805 4910 γε

1933 4855 2031 4910 [ua
2053 4844 2215 4896 tanta
2236 4839 2535 4895 bonorum
2554 4842 2729 4911 copia
2751 4841 2827 4896 ad
2851 4839 2983 4896 illos
3014 4840 3308 4897 manavit.
3329 4844 3401 4896 At
3423 4855 3565 4898 vero

192 4926 428 5000 διαϐόλῳ
478 4926 676 4999 ἀνάγκη
740 4935 912 5000 μισεῖν
982 4931 1070 4979 τόν
1145 4930 1390 5001 σταυρόν,
1456 4932 1543 4980 καὶ
1604 4930 1802 5000 φεύγειν

1935 4927 2188 4983 liabolus
2217 4944 2460 4983 necesse
2490 4929 2688 4992 habet,
2725 4934 2788 4984 ut
2817 4944 3056 4985 crucem
3106 4928 3313 4997 oderit,
3349 4934 3403 4983 et
3432 4944 3567 5001 pro-

186 5021 401 5093 μακράν
448 5016 503 5081 ἐξ
530 5018 709 5089 αὐτου,
765 5019 836 5078 ὡς
865 5019 1040 5088 φεύγει
1086 5035 1168 5079 τις
1224 5016 1277 5069 ἐκ
1329 5021 1513 5092 πυρός·
1577 5014 1649 5070 δι’
1710 5017 1801 5069 αὑ-

1936 5015 2005 5073 :ul
2028 5017 2106 5073 ab
2129 5018 2262 5089 ipsa
2280 5017 2570 5087 aufugiat,
2620 5018 2773 5073 sicut
2792 5018 2897 5090 qui
2915 5034 2980 5072 ex
3002 5017 3140 5086 igne
3167 5016 3435 5087 aufugit;
3462 5032 3568 5088 per

184 5119 282 5165 τοῦ
325 5111 428 5183 γάρ
471 5110 501 5167 ἡ
557 5106 808 5181 συντριϐὴ
865 5107 1025 5159 αὐτοῦ
1079 5112 1168 5160 καὶ
1207 5106 1489 5179 ἐκνενρισις
1531 5112 1621 5159 καὶ
1670 5127 1799 5160 παν-

1934 5123 2105 5180 psam
2133 5108 2291 5164 enim
2320 5109 2628 5177 contritus,
2684 5114 2741 5163 et
2792 5112 3134 5174 enervatus,
3186 5112 3245 5163 et
3298 5105 3566 5163 funditus

184 5200 335 5261 τελὴς
397 5197 773 5272 ἐξολόθρευσις·
839 5195 996 5249 Ὀσοι
1073 5203 1199 5268 γοῦν
1267 5199 1352 5249 τόν
1417 5201 1643 5270 σταυρὸν
1709 5217 1797 5270 μι-

1936 5213 2153 5254 versus
2186 5203 2293 5254 est.
2329 5197 2681 5270 Quicunque
2703 5197 2883 5267 igitur
2931 5212 3171 5252 crucem
3223 5195 3483 5253 oderunt
3512 5200 3568 5253 et

184 5297 373 5359 σοῦσι,
430 5293 521 5340 καὶ
604 5285 1037 5361 ἀποστρέφονται,
1110 5288 1327 5359 φανερὰν
1414 5287 1611 5339 εὔνοιαν
1674 5285 1800 5339 ἀποο

1935 5291 2279 5353 iversantur,
2308 5287 2621 5343 manifesta
2645 5302 2766 5341 suae
2798 5301 2941 5355 erga
2966 5284 3279 5341 diabolum
3312 5284 3567 5343 benevo-

185 5376 414 5434 διδόασι
438 5385 511 5448 τῷ
540 5372 791 5448 διαϐόλῳ,
834 5380 925 5429 καὶ
960 5380 1141 5428 πιστοὶ
1189 5374 1323 5446 οὑτῷ
1350 5376 1794 5450 χρηματίζοντες,

1935 5379 2100 5434 entia:
2154 5377 2521 5434 documenta
2575 5376 2799 5443 edunt;
2831 5382 2887 5432 et
2939 5380 3001 5432 ut
3030 5375 3083 5431 ei
3132 5374 3342 5432 ﬁdeles
3371 5380 3431 5432 et
3459 5376 3567 5433 ob-

184 5470 380 5545 ἒχθρόν
456 5468 704 5539 ἡγεῖσθαι
778 5467 863 5517 τόν
919 5464 1079 5517 αὑτοῦ
1141 5462 1332 5541 ἑχθρόν
1418 5464 1793 5539 ἐποφείλουσιν,

1927 5467 2091 5538 ioxii,
2114 5467 2176 5523 id
2204 5467 2372 5540 quod
2397 5467 2449 5524 ei
2468 5465 2779 5523 inimicum
2797 5469 2907 5531 est,
2936 5462 3161 5521 inimici
3181 5464 3317 5523 loco
3340 5464 3559 5523 ducere

260 5649 308 5685 "
336 5645 451 5706 Job
480 5648 561 5711 iii,
588 5644 637 5700 l.
673 5644 744 5681 ¹⁴⁶
771 5639 946 5701 Joan.
978 5655 1076 5714 xu,
1103 5646 1190 5707 32,
1220 5646 1309 5702 32.
1339 5644 1384 5681 ’⁵
1419 5641 1576 5710 Ibid.
1599 5650 1684 5704 33.
1723 5647 1767 5683 ιθ
1797 5642 2007 5705 Matth.
2042 5659 2236 5716 xxvm,
2279 5644 2366 5701 18.
