4132 6410
24 6316 37 6325 1
88 6314 93 6317 '
138 6312 187 6331 ,ἐν
210 6314 291 6333 '1'?“
312 6320 331 6331 -Λ

24 6304 335 6383 ωε

284 6362 325 6385 I"

62 104 73 107 ~
124 82 559 135 Wa

22 82 95 177 itm.
170 122 223 155 ζς
258 118 447 153 ἐ-Ῐ⁶“.⁴ιῆ“
480 122 545 153 "ff?

30 150 65 185 εξ.
98 168 145 185 Δός,
196 160 257 185 ’κλμ-ι
308 168 317 173 ι
374 170 397 187 “.-
502 166 557 189 4..

1622 294 1901 372 eoum
1935 294 2356 375 absonos.

3556 300 3660 374 B38

352 444 474 496 καὶ
517 447 689 493 ταῦτα
734 441 784 492 οἱ
837 440 1123 514 πάντολμοι
1171 442 1307 494 κατὰ
1358 448 1451 495 τοῦ
1492 437 1893 511 παντοδυνάμου

2079 440 2214 495 Haec
2235 439 2383 496 dum
2421 439 2811 498 audacissimi
2849 440 3142 498 adversus
3183 441 3659 514 omnipotentem

292 529 732 605 βλασφημοῦντες
776 537 1034 605 Χριστοῦ,
1076 535 1428 604 Χριστιανοὺς
1469 529 1652 590 καλοὺς
1683 528 1897 587 ἑαυτοὺς

272 620 649 691 ὀνομάζουσιν
702 621 752 671 οἱ
804 625 916 680 ταῖς
982 617 1248 681 ἀληθείαις
1317 617 1758 692 ἆντιχριστιανοί.
1823 616 1900 668 Τὰ

290 712 396 784 γὰρ
436 716 531 761 τοῦ
578 706 925 780 ὼτιχρῖστου
980 707 1353 782 πρεσϐεύουσι,
1412 710 1504 760 καὶ
1568 706 1711 777 αὐτῷ
1760 709 1898 778 μόνῳ

292 801 628 871 λατρεύουσι,
672 802 763 871 καὶ
804 800 931 868 πρός
998 797 1151 849 αὐτὸν
1200 800 1294 859 τὰς
1358 793 1571 858 ἐλπίδας
1626 794 1897 848 ἀνατιθέα-

296 906 402 943 σιν.
435 886 573 940 Ἀλλ’
620 882 765 939 οὗτοι
812 890 902 960 μὲν
944 888 993 938 οἱ
1037 885 1334 940 ἀποστάται
1362 892 1495 959 μετὰ
1540 892 1632 939 τοῦ
1664 902 1897 937 συναπο-

207 971 211 975 ’
295 980 490 1030 στάτου
531 975 711 1037 αὐτοῖς
757 974 1047 1050 ἒρῥὲτωσαν
1096 972 1366 1049 δαίμονος,
1425 980 1517 1028 καὶ
1563 974 1636 1037 εἰς
1686 977 1744 1026 τὸ
1792 981 1894 1049 πῦρ

290 1069 354 1120 τὸ
405 1065 612 1118 αἰώνιον
677 1068 736 1116 τὸ
804 1065 1189 1138 ἡτοιμασμένον
1253 1065 1395 1136 αὐτῷ
1454 1066 1897 1136 συμπαραπεμπέ-

299 1156 527 1209 σθωσαν.
579 1161 823 1206 Τοιοῦτον
876 1158 966 1206 καὶ
1008 1156 1109 1228 γὰρ
1167 1160 1274 1215 τοῖς
1321 1158 1517 1214 τέκνοις
1578 1153 1736 1204 αὐτοῦ
1802 1153 1894 1209 θη-

297 1245 492 1316 σαυρὸν
547 1243 575 1294 6
642 1246 818 1313 πατὴρ
881 1241 1048 1295 αὐτῶν
1114 1240 1514 1315 ἐθησαυρίασεν·
1587 1243 1714 1294 ὅπου
1794 1249 1894 1293 τῶν

291 1333 575 1405 θησαυρῶν
636 1331 806 1384 αὐτῶν
874 1330 1191 1404 εὑρήσουσιν
1264 1332 1527 1404 ἄνθρακας
1599 1329 1896 1404 ἕκπυρίξον-

286 1438 404 1491 τας,
452 1424 545 1473 καὶ
588 1422 614 1472 ὁ
643 1418 985 1493 ἀντιχριστος
1022 1423 1088 1473 τὰ
1128 1428 1222 1473 τοῦ
1266 1427 1503 1493 Χριστοῦ
1555 1418 1895 1494 ἱεροσυλήσας

287 1515 413 1584 περὶ
461 1518 564 1562 τῶν
612 1509 773 1562 αὐτοῦ
822 1508 1010 1581 λεγέτω
1057 1511 1324 1582 μαθητῶν·
1390 1509 1554 1575 Θέλω,
1592 1508 1708 1587 ⁸ἵνα
1764 1509 1892 1559 ὅπου

288 1599 401 1672 εἰμὶ
430 1597 552 1668 ἐγὼ,
585 1602 677 1650 καὶ
719 1598 870 1651 αὐτοὶ
916 1598 1018 1651 ὦσι
1052 1599 1162 1671 μετ’
1195 1597 1338 1670 ἐμόν.
1369 1603 1470 1651 Καὶ
1501 1600 1527 1650 6
1574 1598 1756 1670 ἄρχων
1801 1603 1893 1647 τοῦ

289 1692 514 1748 σκότους
542 1690 671 1760 μετὰ
716 1696 812 1750 τῆς
852 1687 1042 1750 τάξεως
1088 1687 1250 1739 αὐτοῦ
1293 1691 1424 1762 πρὸς
1459 1690 1545 1740 τόν
1568 1683 1707 1739 ἴδιον
1737 1688 1893 1738 τόπον

290 1778 760 1848 συγκαηρχέσθω.
818 1775 993 1849 Ἡμεῖς
1069 1772 1148 1844 δὲ,
1207 1777 1238 1835 ἡ
1289 1776 1608 1849 κληρονομία
1656 1773 1894 1849 Χριστοῦ

284 1873 380 1920 τοῦ
429 1865 679 1923 αληθινοῡ
725 1872 861 1919 Θεοῦ
909 1867 938 1917 ὑ
986 1869 1304 1939 περιούσιος,
1352 1865 1413 1924 ἢν
1461 1862 1556 1918 διὰ
1601 1869 1692 1917 τοῦ
1742 1882 1894 1916 σταυ-

286 1964 384 2029 ροῦ
418 1960 846 2029 περιεποιήσατο,
893 1959 983 2007 καὶ
1027 1962 1100 2024 τῷ
1157 1951 1278 2027 ἰδίῳ
1328 1953 1637 2028 ἐξηγόρασεν
1685 1955 1893 2025 αἵματι,

287 2040 443 2097 δεῦτε
492 2056 965 2117 προοκυνωσωμεν,
1025 2047 1116 2096 καὶ
1180 2048 1554 2116 προσπέσωμεν
1607 2042 1768 2094 αὐτοῦ
1823 2048 1895 2112 τῷ

292 2139 527 2202 σταυρῷ,
613 2135 705 2183 καὶ
789 2134 839 2184 οἱ
909 2130 1246 2205 πολυτρόπως
1325 2132 1739 2207 εὐεργετηθέντες
1820 2125 1895 2182 δι’

292 2220 452 2273 αὐτοῦ
523 2219 875 2292 πολυωνύμως
948 2226 1129 2272 τοῦτον
1208 2222 1636 2292 ἑγκωμιάσωμεν,
1715 2220 1894 2293 θρόνον

291 2310 517 2380 λέγοντες
576 2308 733 2360 αὐτόν
789 2315 883 2361 τοῦ
933 2316 1087 2375 Θεοῦ,
1140 2307 1188 2361 ἓν
1220 2311 1260 2380 ᾧ
1318 2308 1514 2370 ἀναϐὰς
1562 2316 1635 2381 τῷ
1686 2313 1890 2394 κόσμῳ,

289 2402 379 2449 καὶ
429 2400 486 2449 τὸ
552 2402 756 2469 κόσμου
820 2400 1049 2470 τυράννῳ
1110 2404 1285 2472 κρίσιν
1339 2403 1610 2456 πεποίηκε·
1670 2401 1761 2448 καὶ
1806 2400 1893 2447 τόν

2009 527 2303 584 Christum
2315 528 2665 602 blasphemo
2676 547 2777 587 ore
2789 530 3367 600 evomunt,egregios
3384 530 3660 586 Christia-

2004 631 2116 670 nos
2132 618 2359 690 seipsos
2386 619 2907 691 appellitant,cum
2927 636 3134 676 revera
3158 620 3276 675 sint
3295 617 3655 674 Antichristi.

2005 707 2146 760 Rem
2179 707 2339 762 enim
2367 708 2707 764 Antichristi
2736 714 2793 765 et
2823 708 3051 778 legatos
3073 709 3205 778 ejus
3245 711 3451 779 agunt,
3484 707 3659 779 eique

2007 793 2117 850 soli
2140 796 2419 865 serviunt,
2445 802 2500 852 et
2521 797 2580 852 in
2601 797 2732 870 ipso
2765 814 2901 871 spes
2924 812 3068 852 suas
3094 797 3384 868 repositas
3413 795 3657 851 habent.

2007 882 2122 940 Sed
2148 883 2368 939 abeant
2386 884 2479 940 isti
2508 885 2840 942 desertores
2856 903 2993 942 cum
3015 885 3292 941 daemone
3313 900 3483 956 aeque
3516 898 3660 955 apo-

2005 973 2309 1042 stata,etin
2324 973 2523 1044 ignem
2542 981 2833 1031 aeternum
2853 975 3262 1048 ipsiparatum
3288 971 3657 1043 ablegentur.

2002 1060 2198 1117 Talem
2213 1062 2371 1118 enim
2389 1062 2526 1119 ﬁliis
2538 1064 2662 1119 suis
2678 1064 3026 1121 thesaurum
3045 1069 3215 1136 pater
3240 1062 3513 1135 ipsorum
3537 1061 3660 1116 the-

2005 1150 2344 1217 saurizavit,
2377 1152 2797 1209 thesaurorum
2825 1169 3075 1210 suorum
3104 1152 3400 1209 carbones
3438 1149 3660 1220 ignitos

2000 1238 2313 1309 reperient.
2348 1241 2414 1295 Et
2435 1241 2827 1297 Antichristus
2843 1259 2916 1299 ea
2932 1258 3074 1315 quae
3097 1242 3304 1298 Christi
3329 1244 3486 1302 sunt,
3523 1238 3660 1294 sub-

1998 1326 2194 1398 legere
2208 1329 2414 1385 solitus
2426 1331 2500 1386 de
2513 1331 2851 1387 suisitidem
2869 1332 3176 1405 discipulis
3191 1332 3351 1388 dicat
3373 1347 3386 1385 :
3406 1329 3570 1390 Volo,
3594 1332 3663 1384 ut

2001 1417 2103 1471 ubi
2118 1433 2229 1486 ego
2248 1418 2594 1490 sum,etipsi
2610 1420 2726 1475 sint
2738 1419 3366 1492 mecum.Etprinceps
3381 1416 3658 1474 tenebra-

2002 1522 2135 1561 rum
2165 1522 2303 1561 cum
2335 1508 2579 1564 cohorte
2605 1525 2714 1564 sua
2736 1509 2815 1565 ad
2845 1509 3154 1582 proprium
3183 1508 3387 1564 locum
3412 1506 3661 1563 descen-

2001 1593 2120 1649 dat.
2138 1597 2256 1650 Nos
2271 1611 2433 1659 vero,
2449 1597 2764 1653 basi-editas
2778 1598 2902 1655 veri
2921 1598 3019 1654 Dei
3037 1596 3355 1670 peculiaris
3377 1602 3432 1652 et
3447 1595 3656 1662 electa,

1999 1692 2187 1754 Quam
2214 1699 2389 1740 cruce
2419 1685 2753 1758 acquisivit.
2778 1687 3145 1759 proprioque
3171 1685 3463 1755 sanguine
3492 1682 3656 1749 emit,

1923 1790 1964 1844 Β
2000 1769 2207 1825 adeste
2228 1772 2574 1841 adoremus,
2606 1778 2662 1829 et
2684 1774 3048 1830 accedamus
3067 1774 3147 1830 ad
3166 1773 3364 1847 ipsam
3394 1786 3656 1837 crucem,

2000 1864 2059 1914 et
2087 1860 2190 1931 qui
2224 1861 2387 1916 varia
2421 1862 2501 1916 ab
2532 1861 2635 1918 illa
2688 1862 2984 1919 beneﬁcia
3048 1863 3416 1935 accepimus,
3473 1859 3656 1915 variis

2000 1946 2207 2003 itidem
2227 1949 2575 2005 nominibus
2595 1951 2873 2006 eamdem
2898 1951 3291 2008 celebremus.
3348 1948 3658 2005 Thronum

2000 2034 2164 2092 illam
2201 2037 2299 2093 Dei
2327 2039 2733 2108 nominemus,
2762 2040 2824 2095 in
2853 2056 3036 2113 quem
3067 2039 3400 2096 ascendens
3429 2035 3660 2093 mundo

2003 2124 2335 2198 mundique
2372 2132 2632 2199 tyranno
2655 2128 2951 2200 judicium
2991 2128 3224 2197 indixit,
3260 2133 3320 2184 et
3358 2126 3658 2183 mundum

2001 2213 2248 2286 quidem
2274 2230 2341 2271 ex
2363 2218 2684 2288 tyrannide
2705 2217 2981 2274 liberavit
2998 2223 3056 2274 et
3089 2214 3660 2282 servavit,condem-

2000 2309 2212 2359 natum
2229 2320 2376 2359 vero
2391 2310 2448 2361 et
2461 2305 2779 2362 confusum
2794 2307 2963 2377 ejecit
2975 2323 3114 2363 cum
3135 2304 3485 2362 satellitibus
3513 2303 3657 2359 suis.

2002 2397 2059 2446 et
2088 2392 2361 2461 deposuit
2384 2398 2649 2462 potentes
2665 2396 2737 2450 de
2750 2396 2904 2454 sede.
2926 2402 2980 2452 et
2999 2396 3293 2452 exultavit
3327 2390 3658 2450 humiles“;

291 2489 383 2558 μὶν
418 2491 619 2558 κόσμον
648 2493 748 2548 τῆς
781 2482 1091 2560 τυραννίδος
1118 2484 1380 2550 ἀπήλλαξε
1408 2491 1500 2539 καὶ
1522 2483 1765 2551 διέσωσε,
1797 2488 1886 2537 τὸν
1917 2480 1976 2537 δὲ
2003 2486 2433 2554 κατακεκριμνον
2471 2487 2561 2535 καὶ
2589 2489 3055 2557 κατησχυμμένον,
3083 2485 3178 2548 ἔξω
3208 2481 3483 2540 ἐκϐέϐληκε
3531 2483 3662 2553 μετὰ

288 2584 390 2627 τῶν
420 2571 725 2648 δορυφόρων
747 2575 930 2643 αὐτοῦ,
958 2580 1049 2627 καὶ
1072 2576 1287 2629 καθείλα
1316 2573 1578 2636 δυνάστας
1613 2576 1717 2627 ἀπό
1749 2577 1954 2650 θρόνου,
1984 2575 2076 2622 καὶ
2105 2569 2284 2640 ὕψωσε
2310 2575 2587 2633 τακεινούς,

364 2669 466 2717 Καὶ
513 2665 540 2715 6
725 2660 986 2733 διάϐολος,
1029 2671 1125 2726 τῆς
1162 2664 1324 2718 πάλαι
1389 2662 1551 2728 δόξης
1605 2663 1892 2717 ἀπωπεσὼν

288 2748 386 2805 δια
430 2772 525 2810 την
573 2753 795 2828 ἔπαρσιν
838 2752 894 2816 ἐξ
941 2753 1161 2829 οὐρανοῦ
1214 2753 1297 2806 ἐπὶ
1347 2756 1440 2816 τὰς
1496 2753 1721 2826 νεφελας,
1781 2751 1892 2804 κατ’

286 2838 658 2913 ἀναποδισμόν
731 2844 958 2895 κάτεισι·
1020 2844 1200 2900 θήσειν
1265 2846 1364 2917 γὰρ
1429 2842 1507 2894 ἐπ’
1574 2843 1742 2894 αὐτῶν
1806 2844 1894 2894 τόν

295 2931 477 3001 θρόνον
544 2930 701 2982 αὐτοῦ
784 2929 1119 3004 βουλόμενον,
1202 2933 1527 2984 ὑπετόπασεν
1613 2930 1713 2984 ἀπὸ
1793 2940 1894 2984 τῶν

296 3016 513 3089 νεφελῶν
561 3019 643 3071 ἐπὶ
692 3023 780 3077 τὴν
809 3028 928 3092 γῆν,
960 3020 1021 3079 ἣν
1050 3025 1139 3073 καὶ
1182 3018 1457 3093 ἐξαλείφειν
1486 3020 1892 3085 ἠλαζονεύσατο,

297 3104 402 3157 ἇπό
450 3114 543 3168 τῆς
593 3114 694 3177 γῆς
738 3107 811 3172 εἰς
852 3112 941 3160 τόν
995 3111 1275 3184 τάρταρον·
1333 3116 1534 3183 Σειραῖς
1585 3113 1683 3185 γὰρ
1734 3110 1896 3182 ζόφου

287 3201 630 3270 ταρταρώσας
731 3194 1032 3270 παρέδωκεν

288 3286 444 3356 ἡμεῖς
501 3280 561 3337 δὲ
621 3286 740 3337 ὅσοι
796 3282 891 3338 διὰ
939 3294 1031 3338 τοῦ
1089 3296 1320 3362 σταυροῦ
1382 3290 1712 3361 σεσώσμεθα,
1764 3288 1897 3340 κατά

286 3368 663 3446 προποδισμόν
736 3379 829 3427 καὶ
891 3382 1163 3449 προκοπην
1229 3374 1602 3451 ἁνατρέχομεν·
1674 3378 1733 3431 Ei
1795 3380 1893 3452 γὰρ

288 3466 384 3514 καὶ
428 3467 677 3536 πρότερον
730 3463 1192 3527 ὑποσκελισθέντες
1241 3473 1315 3535 τῷ
1368 3475 1578 3539 πονηρῷ
1634 3465 1896 3537 ἀντιπάλῳ

290 3554 382 3603 καὶ
432 3547 629 3627 δολερῷ
681 3556 870 3628 μέχρις
929 3549 1064 3624 ᾅδου
1128 3557 1563 3627 κατενηνέγμεθα,
1623 3554 1750 3607 ἀλλὰ
1808 3564 1896 3606 νῦν

292 3635 390 3692 διὰ
413 3647 506 3692 τοῦ
560 3649 794 3716 σταυροῦ
823 3644 878 3693 ἐκ
924 3649 1020 3714 γῆς
1072 3647 1203 3715 πρὸς
1251 3643 1467 3718 οὐρανόν
1523 3642 1893 3718 ἀνατρέχομεν.

291 3734 397 3782 Καὶ
431 3749 523 3802 μοι
571 3726 664 3783 διὰ
696 3738 862 3782 ταῦτα
888 3735 980 3784 καὶ
1020 3731 1088 3792 εἰς
1125 3731 1357 3803 κλίμακα
1384 3734 1586 3805 θεωρεῖν
1617 3733 1898 3807 ἐπέρχεται

288 3821 381 3869 τὸν
440 3822 688 3891 σταυρὸν,

886 3817 909 3830 ιν

767 3818 818 3871 ἐν
876 3818 915 3891 ᾧ
979 3825 1070 3872 καὶ
1155 3818 1411 3881 ἀνάϐασις
1497 3826 1732 3893 φαίνεται
1808 3832 1898 3879 καὶ

288 3906 603 3969 κατάϐασις..
663 3906 1030 3961 Ἀναϐαίνουσι
1093 3912 1191 3981 μεκ
1216 3912 1315 3985 γὰρ
1369 3908 1463 3971 ἓως
1513 3918 1613 3962 τῶν
1670 3910 1898 3983 οὐρανῶν

293 3995 347 4047 οἱ
391 3995 674 4069 ἄνθρωποι·
731 3995 1112 4050 καταϐαίνουσι
1161 3995 1221 4051 δὲ
1264 3999 1357 4060 ἕως
1403 4000 1503 4051 τῶν
1553 3997 1798 4051 ἀϐύσσων
1850 4003 1899 4053 οἱ

296 4078 555 4156 δαίμονες.
599 4089 868 4159 Σκῆπτρόν
914 4083 1028 4138 ἐστι
1059 4084 1338 4159 βασιλικόν
1384 4088 1409 4139 ὁ
1441 4091 1665 4163 σταυρὸς
1707 4095 1817 4150 τοὶς
1848 4087 1901 4151 ἐξ

292 4168 471 4246 Ἀδὰμ
551 4177 718 4247 μέχρι
796 4173 1086 4238 συντελείας
1166 4174 1459 4249 ἀνθρώποις
1543 4176 1895 4251 περίϐλεπτον,

290 4268 385 4315 καὶ
459 4263 640 4325 αὐτοῖς
713 4260 992 4337 αἰδέσιμον
1070 4272 1176 4325 τοῖς
1239 4263 1499 4336 alr/70.6“.
1582 4271 1708 4318 Τότε
1770 4269 1894 4338 γὰρ,

293 4356 450 4425 φησὶ,
513 4357 803 4425 φανήσεται
856 4357 915 4404 τὸ
985 4360 1198 4425 σημεῖον
1263 4362 1353 4405 τοῦ
1427 4361 1551 4406 Υιοῡ
1626 4352 1898 4429 ἀνθρώπου

294 4440 346 4494 ἐν
410 4449 484 4512 τῷ
543 4441 763 4515 οὐρανῷ,
813 4447 904 4494 καὶ
951 4446 1068 4494 τότε
1120 4442 1375 4512 κόψονται
1420 4449 1591 4495 πᾶσαι
1642 4446 1698 4494 αἱ
1745 4443 1899 4512 φυλαὶ

2072 2659 2136 2714 Et
2160 2658 2443 2715 diabolus
2465 2662 2712 2734 quidem
2744 2678 2817 2717 ex
2862 2663 3116 2735 antiqua
3180 2661 3372 2733 gloria
3420 2658 3661 2727 excidit,

2000 2762 2071 2802 eo
2099 2748 2261 2819 quod
2290 2765 2364 2803 ex
2393 2750 2544 2805 coelo
2577 2767 2762 2823 supra
2793 2752 2986 2807 nubes
3013 2766 3144 2807 sese
3166 2750 3484 2807 sublevare
3503 2747 3664 2817 cogi-

2000 2836 2136 2892 tarit
2164 2855 2176 2902 ;
2206 2844 2609 2911 revocatoque
2638 2840 2814 2912 quasi
2836 2840 3032 2909 gradu
3057 2839 3388 2897 descendit.
3432 2837 3660 2893 VoIen-

2005 2930 2122 2979 tem
2150 2925 2311 2981 enim
2342 2927 2401 2983 in
2432 2928 2702 2985 nubibus
2733 2930 3016 2985 thronum
3032 2944 3208 2984 suum
3236 2927 3531 2984 collocare
3560 2925 3658 2981 de-

2002 3013 2260 3070 turbavit
2299 3032 2330 3070 e
2358 3015 2624 3072 nubibus
2649 3017 2710 3073 in
2738 3023 2980 3084 terram,
3002 3033 3188 3091 quam
3210 3033 3273 3073 se
3302 3016 3484 3072 etiam
3504 3012 3661 3070 dele-

2002 3107 2201 3159 turum
2229 3104 2583 3174 jactavcrat,
2610 3113 2668 3162 et
2695 3123 2766 3163 ex
2790 3112 2946 3164 terra
2967 3108 3027 3164 in
3055 3112 3320 3163 tartara:
3365 3104 3659 3162 Rudenli-

1140 3198 1212 3260 εἰς
1303 3205 1474 3272 κρίσιν
1559 3219 1622 3257 τη
1627 3202 1892 3274 ρούμενον·

2007 3190 2111 3247 bus
2138 3193 2295 3249 enim
2329 3195 2943 3265 caliginisinlartara
2964 3195 3287 3254 detractum
3310 3193 3565 3250 tradidit
3596 3192 3662 3245 in

2004 3283 2297 3349 iudicium
2330 3287 2626 3343 reservari
2649 3288 2697 3322 ³⁵
2728 3290 2878 3342 .Nos
2906 3300 3068 3353 vero,
3100 3285 3206 3358 qni
3258 3299 3366 3357 per
3419 3296 3661 3339 crucem

2006 3369 2218 3427 salvati
2245 3388 2477 3443 sumus,
2499 3389 2822 3445 progressu
2851 3380 2910 3431 et
2954 3375 3223 3448 profectu
3247 3384 3487 3428 sursum
3534 3374 3661 3425 ten-

2003 3457 2227 3518 dimus.
2264 3463 2416 3518 Licet
2437 3464 2597 3518 enim
2617 3465 2785 3536 prius
2813 3463 3163 3519 subnervati
3216 3468 3274 3518 et
3297 3460 3577 3534 prostrati
3625 3473 3665 3515 ιι

2004 3547 2274 3618 maligno
2309 3557 2366 3606 et
2420 3550 2634 3607 doloso
2680 3551 3025 3608 adversario
3076 3550 3155 3607 ad
3200 3549 3424 3606 inferos
3472 3564 3663 3620 usque

2004 3635 2521 3709 descenderimus,
2549 3646 2790 3698 atnunc
2818 3654 3005 3712 opera
3026 3640 3221 3695 crucis
3270 3654 3343 3694 ex
3390 3642 3550 3693 terra
3599 3636 3661 3692 in

2005 3725 2215 3780 caelum
2231 3742 2428 3800 usque
2441 3729 2848 3785 sublevamur.
2864 3729 3081 3784 Horum
3094 3726 3289 3800 gratia
3300 3725 3477 3784 scalae
3487 3725 3662 3782 etiam

2005 3814 2454 3872 similitudinem
2503 3817 2651 3873 mihi
2670 3832 2816 3873 crux
2836 3817 3060 3873 habere
3080 3814 3336 3884 videtur,
3364 3815 3428 3870 in
3456 3830 3580 3885 qua
3606 3817 3667 3869 et

2006 3921 2291 3965 ascensus
2312 3910 2370 3962 et
2396 3905 2726 3961 descensus
2748 3906 3026 3962 cernitur.
3050 3903 3397 3961 Ascendunt
3415 3901 3664 3975 quidem

2005 4011 2198 4069 usque
2227 3993 2306 4050 ad
2334 3993 2520 4050 cmlos
2560 3994 2860 4065 homines,
2909 3993 3287 4050 descendunt
3338 4005 3532 4063 usque
3584 3990 3662 4047 ad

2007 4084 2301 4157 abyssum
2331 4083 2657 4140 daemones.
2695 4083 2944 4153 Regium
2999 4086 3304 4154 sceptrum
3354 4095 3502 4138 crux
3552 4083 3660 4145 est,

2005 4172 2218 4229 Adami
2232 4172 2484 4245 posteris
2502 4188 2696 4244 usque
2713 4172 2789 4228 ad
2802 4170 2987 4230 ﬁnem
3021 4171 3219 4228 saeculi
3233 4168 3660 4227 admirandum

2007 4267 2065 4317 et
2113 4260 2530 4333 conspicuum,
2585 4261 2855 4333 ipsisque
2921 4260 3151 4331 angelis
3244 4258 3665 4315 reverendum.

2011 4351 2175 4406 Tunc
2202 4350 2605 4422 enim,inquit,
2628 4350 2862 4419 parebit
2884 4352 3124 4420 signum
3148 4349 3296 4405 Filii
3319 4348 3571 4404 hominis
3598 4347 3663 4400 in

2009 4441 2176 4504 caelo,
2201 4445 2255 4496 et
2269 4440 2563 4508 plangant
2583 4454 2783 4495 omnes
2804 4440 2996 4495 tribus
3015 4445 3195 4496 terra?
3214 4439 3283 4504 ⁵⁸,
3305 4453 3440 4510 quae
3461 4434 3665 4491 videli-

293 4538 393 4593 τῆς
426 4539 549 4602 γῆς,
591 4532 713 4583 ὅσαι
762 4526 975 4590 δηλαδὴ
1021 4535 1094 4604 μὴ
1148 4538 1241 4592 τῆς
1279 4531 1440 4592 αὐτῆς
1484 4536 1706 4593 πίστεως
1744 4533 1896 4585 οὖσαι

2009 4527 2307 4597 cet,ﬁdem
2336 4527 2665 4585 Abrahami
2692 4544 2810 4584 non
2832 4527 3310 4601 complexaemon
3329 4526 3666 4583 exsultave-

296 4628 372 4692 τῷ
406 4618 645 4694 Ἀϐραὰμ
687 4620 782 4672 οὐκ
823 4618 1230 4691 ἠγαλλιάσαντο,
1273 4617 1404 4672 ἰδεῖν
1444 4625 1539 4679 τὴν
1578 4622 1774 4693 ἡμέραν
1811 4628 1902 4674 τοῦ

296 4710 497 4769 πάθους
543 4707 724 4775 αὐτοῦ,
758 4709 788 4767 ἢ
839 4713 931 4761 καὶ
981 4704 1196 4761 ἰδοῦσαι
1248 4709 1343 4761 οὐκ
1395 4708 1669 4784 ἐχάρησαν
1701 4708 1785 4763 ἐπὶ
1835 4717 1898 4782 τῇ

299 4794 430 4871 δόξῃ
487 4797 669 4851 αὐτοῦ’
724 4796 916 4870 μᾶλλον
978 4793 1038 4850 δε
1086 4802 1174 4849 καὶ
1235 4799 1467 4872 θρασέως
1517 4796 1775 4859 ἀντεῖπον,
1827 4798 1903 4851 Οὐ

299 4885 507 4958 θέλομεν
534 4893 716 4938 τοῦτον
747 4884 1064 4958 βασιλεῦσαι
1094 4884 1169 4958 ἐφ’
1198 4887 1359 4959 ἡμᾶς.

371 4979 772 5050 Θυσιαστήριόν
838 4972 979 5027 ἐστιν
1044 4976 1072 5026 ό
1136 4979 1377 5049 σταυρὸς.
1435 4975 1522 5028 Ἐν
1591 4974 1731 5046 αὐτῷ
1801 4979 1903 5051 γὰρ

292 5065 454 5121 ἐτύθη
483 5065 510 5115 6
555 5062 712 5136 ἀμνὸς
758 5070 850 5116 τού
891 5071 1044 5131 Θεοῦ,
1087 5065 1113 5115 6
1163 5065 1321 5138 αἴρων
1363 5068 1455 5121 τὴν
1501 5061 1759 5139 ἁμαρτίαν
1811 5073 1903 5117 τοῦ

291 5159 521 5226 κόσμου,
580 5157 671 5206 καὶ
717 5159 781 5225 τῇ
844 5154 1210 5225 θεοῦποστάτῳ
1262 5158 1419 5224 σαρκὶ
1470 5157 1561 5204 καὶ
1589 5161 1662 5223 τῷ
1698 5153 1903 5227 θεοῤῥύ-

286 5262 365 5315 τῳ
423 5240 609 5314 αἱματι
664 5240 910 5301 ὀλοτελὼς
969 5243 1353 5312 καθηγίασται.
1410 5242 1603 5303 Μεῖζον
1659 5244 1761 5317 γὰρ
1830 5241 1902 5294 ἒν-

287 5333 465 5385 ταῦθα
522 5333 582 5383 τὸ
646 5325 815 5404 δῶρον
877 5338 968 5382 τοῦ
1039 5331 1441 5405 θυσιαστηρίου,
1507 5335 1596 5382 καὶ
1652 5330 1753 5382 ὑπὸ
1811 5340 1902 5383 τοῦ

291 5418 473 5498 δώρου
516 5423 576 5473 τό
635 5421 1014 5491 θυσιαστήριον
1061 5421 1462 5492 καθαγιάζεται.
1498 5418 1636 5479 Πλὴν
1682 5419 1770 5472 οὖν
1813 5427 1903 5473 καὶ

2009 4622 2150 4673 runt
2173 4617 2375 4672 videre
2399 4616 2561 4673 diem
2595 4617 2898 4688 passionis
2928 4618 3078 4688 ejus,
3109 4615 3203 4673 vel
3259 4616 3312 4671 si
3366 4614 3662 4679 viderunt,

2011 4722 2134 4761 non
2166 4706 2390 4775 gavisae
2416 4711 2554 4761 sunt
2574 4705 2655 4761 ob
2667 4705 2918 4775 gloriam
2946 4707 3096 4777 ejus,
3110 4706 3255 4779 quin
3270 4704 3468 4778 potius
3480 4703 3666 4760 audav

2011 4800 2135 4851 cter
2163 4794 2673 4850 contradixerunt:
2701 4796 2985 4852 Nolumus
3007 4795 3168 4851 hunc
3194 4809 3453 4865 regnare
3487 4807 3668 4863 super

2010 4900 2119 4937 nos
2154 4886 2220 4934 π.

2082 4972 2279 5028 Altare
2331 4976 2421 5027 est
2468 4988 2634 5027 crux.
2693 4977 2756 5028 ln
2782 4972 2918 5045 ipsa
2979 4972 3138 5028 enim
3172 4970 3540 5027 sacriﬁcatus
3573 4973 3667 5025 est

2013 5068 2219 5132 Agnus
2250 5062 2367 5129 Dei,
2397 5063 2500 5135 qui
2524 5063 2675 5118 tollit
2704 5068 3017 5135 peccatum
3055 5061 3288 5129 mundi,
3311 5066 3370 5117 et
3393 5075 3574 5116 carne
3603 5059 3664 5115 in

2011 5153 2131 5208 Deo
2152 5151 2530 5219 subsistente,
2558 5160 2615 5207 et
2649 5151 2856 5207 divino
2901 5151 3192 5221 sanguine
3247 5153 3666 5205 consecratum

2012 5241 2361 5312 est;majus
2402 5245 2562 5295 enim
2606 5239 2665 5295 in
2722 5240 3029 5312 proposito
3075 5254 3298 5294 munus
3340 5243 3429 5295 est
3476 5252 3663 5311 quam

2013 5329 2217 5397 altare,
2252 5336 2308 5385 et
2332 5344 2368 5383 a
2396 5345 2645 5385 munere
2675 5328 2860 5384 altare
2881 5328 3081 5400 ipsum
3105 5327 3528 5384 sanctiﬁcatur.
3548 5328 3666 5383 Cae-

2012 5424 2207 5476 terum
2234 5424 2292 5474 et
2319 5419 2423 5491 qui
2450 5418 2513 5475 in
2540 5418 2656 5475 hoc
2682 5418 2873 5473 crucis
2903 5417 3075 5474 altari
3097 5417 3280 5488 jurat,
3316 5417 3481 5489 jurat
3507 5433 3665 5491 quo-

365 5602 419 5639 ίι
447 5598 589 5685 μισ.
619 5613 663 5699 ι,
694 5600 783 5655 52.
814 5599 864 5636 π
893 5600 940 5655 n
966 5600 1115 5655 Petr.
1147 5600 1290 5675 11,4.
1324 5599 1375 5634 ιο
1403 5596 1604 5681 hlatth.
1637 5613 1794 5667 xm,
1830 5600 1896 5654 30

2021 5597 2164 5653 Luc.
2196 5611 2316 5667 xxx,
2351 5597 2436 5671 14.
