4132 6430
445 293 551 350 639
1618 286 1931 367 ab:le
1959 285 2007 342 II
2035 280 2142 340 CP.
2167 282 2638 343 PATRIARCHzE
3709 298 3816 355 640

444 430 565 489 que
590 414 655 473 in
681 413 922 474 viviﬁca
948 413 1273 482 illahostia,
1296 431 1433 491 quae
1470 432 1653 491 super
1682 431 1752 473 eo
1772 412 1969 488 posita
1984 412 2072 467 est

2219 408 2414 482 ὀμόσας
2479 409 2527 464 ἓν
2590 418 2665 482 τῷ
2734 413 3096 490 θυσιαστηρίῳ
3156 417 3323 488 τούτῳ
3380 424 3453 490 τῷ
3542 428 3814 496 σταυρικῷ

443 520 589 563 nam
618 521 755 562 eum
787 520 964 564 cruce
993 506 1199 566 animo
1219 510 1276 565 et
1295 508 1654 578 cogitatione
1686 503 1866 562 simul
1913 499 2075 558 conci

2216 497 2392 572 ὀμνύει
2450 498 2497 553 ἐν
2550 500 2711 573 αὐτῷ,
2760 507 2850 556 καὶ
2905 501 2952 555 ἐν
3002 511 3077 575 τῷ
3134 505 3303 557 ἐπάνω
3355 506 3513 563 αὑτοῦ
3572 509 3814 584 ζωοποίῷ

445 594 608 667 pitur
637 594 926 651 Christus.
961 597 1114 654 Crux
1132 596 1386 653 lectulus
1409 599 1502 653 est
1530 595 1897 663 Dominicns,
1920 605 2077 663 quen

2215 589 2426 660 θύματι.
2473 596 2557 661 Τῷ
2604 593 2702 666 γὰρ
2762 600 2972 664 σταυρῷ
3031 602 3371 648 συνεννοεῖται
3437 602 3524 650 καὶ
3579 600 3605 652 6
3653 620 3814 654 σταυ-

444 697 569 739 non
598 682 905 756 lacrymis,
935 699 1105 742 more
1149 685 1412 756 Davidis,
1438 685 1546 742 sed
1596 683 1892 755 sanguine
1936 678 2076 737 lavit

2208 679 2410 751 ρωθείς,
2466 677 2624 737 Κλίνη
2678 678 2788 732 ἐστὶ
2844 687 3132 741 Δεσποτική
3184 684 3210 735 6
3270 689 3517 760 σταυρὸς,
3574 690 3635 748 ἣν
3680 689 3815 763 ουχὶ

445 770 549 845 qui
583 786 656 828 ex
683 772 906 831 Davide
936 774 1270 831 secundum
1325 790 1570 832 carnem
1612 776 1961 848 procreatus
2015 783 2075 824 es

2212 763 2465 841 δάκρυσι,
2514 772 2649 822 κατὰ
2694 773 2781 822 τόν
2830 768 3016 837 Δαυίδ,
3063 771 3415 847 αλ.λάἱ’μασιν
3463 774 3668 837 aqua”
3698 781 3725 831 6
3755 778 3814 833 ἐκ

446 861 736 932 Christus,
756 879 880 920 non
903 865 1215 938 proprium
1235 866 1485 938 expians
1506 869 1841 939 peccatum,
1883 865 2078 919 natura

2209 853 2378 909 Δαυῖδ
2432 860 2491 910 τό
2544 860 2679 912 κατὰ
2750 861 2921 935 σάρκα
2975 865 3231 934 Χριστὸς·
3304 863 3433 936 ουχὶ
3488 869 3548 918 τό
3616 867 3804 922 ἑαυτοῦ

445 951 606 1025 enim
636 967 747 1009 sua
774 952 1199 1012 immaculatus
1228 960 1336 1025 est,
1368 954 1475 1012 sed
1504 955 1816 1011 destruens
1845 956 1904 1008 et
1947 950 2077 1006 abo.

2208 945 2465 999 έκπλύνων
2523 946 2831 1020 ἁμάρτημα,
2888 951 3024 1002 κατὰ
3078 953 3234 1023 φύσιν
3277 955 3378 1027 γὰρ
3420 952 3559 1007 ἐστιν
3602 956 3810 1031 ἄκραν-

445 1038 576 1095 lens
596 1045 913 1113 peccatum
945 1042 1160 1100 mundi
1181 1048 1395 1101 natum
1425 1060 1491 1100 ex
1506 1043 1692 1116 ligno,
1722 1046 1781 1099 et
1807 1043 1868 1098 in
1910 1044 2077 1097 totun

2206 1055 2313 1103 τος,
2372 1034 2499 1088 ἀλλὰ
2540 1041 2801 1111 καταίρων
2848 1042 2941 1096 τὴν
2990 1036 3245 1113 ἁμαρτίαν
3292 1049 3389 1093 ταῦ
3444 1048 3645 1116 κόσμου
3709 1051 3808 1105 τὴν

446 1128 703 1185 mortale
727 1144 916 1200 genus
944 1137 1371 1205 propagatum,
1404 1132 1833 1204 dormiensque
1883 1130 1944 1185 in
1996 1127 2078 1184 illc

2207 1123 2262 1177 ἐκ
2289 1132 2380 1178 τοῦ
2423 1124 2576 1188 ξύλου
2621 1124 2952 1198 ἁναφυεῖσαν,
3001 1133 3092 1181 καὶ
3139 1129 3206 1190 εἰς
3253 1130 3388 1183 άπαν
3437 1129 3811 1208 ἐκδραμοῦσαν

428 1219 890 1281 ‘somnum,vitaa
919 1224 975 1276 et
1003 1221 1213 1291 vigiliae
1236 1226 1473 1278 (eterna;
1505 1236 1757 1277 causam
1787 1224 1845 1276 et
1864 1217 2060 1274 effectc

2206 1217 2264 1267 τό
2319 1218 2460 1285 γένος
2508 1216 2565 1267 τὸ
2611 1214 2869 1290 βρότειον,
2924 1222 3012 1270 καὶ
3074 1217 3315 1283 ὑπνώσας
3372 1219 3421 1273 ἐν
3477 1222 3618 1295 αὐτῷ
3685 1225 3812 1287 Coi;

445 1320 595 1372 rem,
623 1309 876 1364 surrexit
901 1310 1143 1382 propria
1163 1314 1480 1384 potestate,
1503 1312 1566 1366 in.
1591 1309 1888 1367 matutino
1915 1310 2077 1363 inter

2204 1308 2296 1356 καὶ
2334 1301 2693 1377 ἐγρηγόρσεως
2737 1305 3086 1368 αἰωνιζούσης
3126 1309 3368 1382 πρόξενον
3416 1311 3572 1365 ὕπνον
3605 1311 3797 1374 ἀνίστη

445 1395 647 1464 ﬁciens
676 1411 873 1455 omnes
902 1407 1241 1468 peccatores
1277 1405 1454 1457 terra?
1485 1400 1553 1465 ’⁸,

2206 1391 2548 1455 αὐτεξουσίως
2596 1392 2663 1455 εἰς
2705 1398 2799 1453 τὴν
2842 1398 3042 1468 πρωίαν
3088 1395 3396 1451 ἀποκτείνων
3448 1403 3645 1464 πάντας
3672 1408 3796 1467 τοὺς

2206 1479 2513 1556 ἁμαρτωλοὺ
2524 1503 2544 1544 ς
2568 1490 2629 1541 τῆ
2640 1504 2661 1545 ς
2680 1490 2744 1555 γῆ
2758 1504 2797 1546 ς.

517 1575 671 1639 Quin
710 1574 940 1632 honore
979 1580 1036 1634 et
1095 1576 1259 1634 cultu
1316 1579 1569 1651 dignum
1608 1592 1770 1634 nunc
1810 1573 2095 1631 lectulum

2277 1571 2435 1625 Ἀλλὰ
2470 1577 2560 1625 καὶ
2617 1571 2945 1647 σεϐάσματος
2994 1573 3138 1638 ἀξίαν
3186 1579 3414 1652 εὑρίσκω
3465 1580 3665 1641 ταῦτην
3706 1587 3804 1643 τὴν

445 1663 705 1734 invenio,
732 1665 982 1738 ejusque
1002 1666 1086 1722 rei
1114 1671 1323 1724 testem
1354 1667 1434 1724 do
1458 1667 1697 1731 Isaiam,
1720 1664 1825 1739 qui
1858 1663 2077 1720 disertis

2204 1659 2401 1719 κλίνην·
2478 1665 2569 1713 καὶ
2634 1664 2721 1714 τόν
2792 1662 3022 1732 ίἨσαίαν
3088 1667 3307 1739 παράγω
3392 1687 3477 1721 σοι
3537 1672 3801 1746 μάρτυρα,

445 1752 640 1810 verbis
670 1754 945 1826 praedixit
976 1774 988 1812 :
1013 1757 1093 1812 Et
1120 1758 1233 1813 erit
1261 1759 1492 1830 requies
1519 1759 1647 1827 ejus
1681 1756 1866 1812 honos
1899 1755 1970 1811 ’9.
1993 1755 2072 1808 Re

2208 1754 2308 1804 Καὶ
2371 1752 2517 1803 ἔσται
2579 1752 2609 1809 ἡ
2680 1749 2973 1815 ἀνάπαυσις
3034 1753 3191 1807 αὐτοῦ
3256 1761 3383 1828 τιμὴ
3446 1757 3565 1829 (3),
3626 1760 3806 1834 προλέ-

442 1844 616 1917 quies
666 1844 1023 1917 appellatur,
1075 1846 1222 1919 quia
1274 1846 1770 1919 peregrinationis
1818 1843 1993 1901 labor
2039 1858 2072 1899 e

2202 1858 2364 1911 γοντα
2422 1847 2664 1915 φανερῶς.
2723 1840 3048 1904 Ἀνάπαυσις
3102 1840 3179 1913 δὲ,
3240 1845 3320 1897 ὅτι
3376 1850 3466 1899 καὶ⁸
3516 1848 3542 1898 6
3599 1845 3657 1900 ἐκ
3707 1857 3807 1911 τῆς

444 1934 649 2001 sudor,
682 1938 739 1990 et
768 1933 898 1991 alias
928 1936 1231 1993 naturales
1258 1941 1315 1993 et
1339 1935 1821 1994 indetrectabiles
1862 1933 2076 2007 passio

2204 1925 2512 2003 ὁδοιπορίας
2562 1933 2716 1990 κόπος
2765 1934 2854 1984 καὶ
2884 1932 2909 1983 6
2960 1928 3140 2007 ἱδρὼς,
3172 1938 3262 1986 καὶ
3292 1933 3454 1988 τᾶλλα
3494 1938 3561 1988 τὰ
3605 1941 3808 2009 φυσικά

445 2038 553 2080 nes
569 2023 977 2082 etaffectiones
990 2041 1285 2083 concessu
1301 2026 1655 2095 divinitatis,
1673 2024 1922 2098 quando
1938 2038 2077 2095 opus

2203 2023 2294 2070 καὶ
2349 2014 2648 2077 ἀδιάϐλητα
2694 2021 2860 2089 πάθη,
2910 2019 3209 2094 ἐπιχωρήσει
3262 2031 3354 2087 τῆς
3414 2025 3668 2087 θεότητος.
3723 2030 3808 2081 ὅτε

444 2117 592 2185 erat,
619 2118 937 2171 commotae
968 2120 1027 2172 et
1046 2116 1356 2172 concitatae
1375 2116 1437 2172 in
1455 2116 1726 2173 humana
1747 2113 1958 2172 Christi
1985 2128 2076 2170 na-

2202 2112 2293 2160 καὶ
2345 2104 2450 2161 ἔδει
2505 2113 2813 2181 κεκινημένα
2870 2108 2918 2162 ἐν
2979 2115 3035 2163 τό
3092 2114 3226 2164 κατὰ
3301 2118 3532 2187 Χριστόν
3612 2114 3808 2178 ἀνθρω-

444 2205 580 2261 tura
608 2218 798 2276 usque
827 2204 907 2261 ad
931 2205 1122 2262 crucis
1148 2205 1515 2279 supplicium
1549 2206 1661 2272 ;de
1691 2209 1906 2261 caetero
1945 2218 2076 2260 con-

2202 2201 2333 2269 πίνῳ
2382 2200 2573 2271 μίχρις
2630 2198 2787 2250 αὐτοῦ
2861 2207 2953 2252 τοῦ
3025 2208 3274 2277 σταυροῦ·
3334 2206 3393 2255 τό
3461 2202 3561 2256 ἀπὸ
3647 2203 3809 2260 τοῦδε

444 2292 654 2366 sopitae
684 2298 839 2359 sunt,
879 2294 1211 2367 Christique
1260 2300 1449 2352 morte
1512 2298 1781 2351 morture.
1837 2296 1985 2351 Nam
2045 2308 2076 2346 s;

2202 2285 2516 2358 ἁνενέργητα
2598 2293 2936 2360 μεμενήκασι,
3005 2294 3094 2342 καὶ
3159 2299 3222 2363 τῇ
3291 2297 3538 2366 νεκρώσει
3613 2297 3805 2348 τούτου

441 2382 692 2455 quando
721 2387 860 2455 post
886 2384 1383 2441 resurrectionem
1411 2384 1615 2457 aliquo
1667 2384 1786 2451 ivit,
1835 2383 1937 2439 itio
1992 2381 2073 2438 ἱΙΙε

2205 2379 2681 2450 συνενεκρώθησαν.
2736 2377 2796 2430 Ἠ
2848 2381 2951 2452 γὰρ
3011 2382 3140 2451 μετὰ
3184 2385 3279 2439 τὴν
3327 2380 3617 2436 ἀνάστασιν
3655 2381 3807 2437 ὁδοι-

444 2486 628 2544 supra
657 2477 963 2544 naturam,
995 2478 1052 2531 et
1093 2473 1273 2543 plane
1318 2474 1678 2531 admiranda
1722 2473 1835 2529 fuit
1878 2487 2076 2545 quem-

2200 2470 2362 2541 πορία
2433 2465 2579 2540 ἑτέρα
2633 2474 2716 2535 ἦν,
2764 2468 3025 2542 ὑπερφυὴς
3075 2473 3164 2522 καὶ
3236 2467 3555 2545 παράδοξος,
3624 2477 3802 2549 ὥσπερ

443 2561 779 2618 admodum
809 2578 966 2620 nova
992 2562 1198 2620 itidem
1222 2563 1331 2619 fuit
1360 2562 1772 2621 manducandi
1796 2561 1897 2617 illa
1913 2561 2075 2617 actio

2204 2551 2272 2614 δὴ
2329 2560 2419 2608 καὶ
2480 2557 2509 2613 η
2574 2554 2777 2629 βρῶσις
2829 2564 3203 2631 καινοπρεπὴς.
3265 2560 3544 2633 Ἐπιλείψει
3595 2582 3658 2636 με
3711 2569 3806 2616 καὶ

442 2650 576 2713 Dies
596 2666 696 2707 me
719 2651 977 2723 deﬁciat,
1000 2652 1050 2709 si
1069 2652 1276 2710 omnia
1294 2652 1547 2709 viviﬁcae
1567 2652 1759 2710 crucis
1797 2651 2074 2708 miracutz

2202 2646 2232 2702 ἡ
2286 2646 2456 2718 ἡμέρα
2492 2647 2557 2696 τὰ
2607 2646 2879 2718 θαυμάσια
2927 2643 3269 2721 διηγούμενον
3310 2657 3402 2702 τοῦ
3450 2654 3804 2724 ζωοπαρόχου

440 2741 719 2814 persequi
742 2741 943 2798 velim.

822 2741 943 2798 lim.
2206 2740 2454 2808 σταυροῦ.

512 2832 579 2885 In
618 2830 818 2887 Rubro
847 2832 1000 2888 mari
1028 2847 1174 2888 crux
1206 2831 1641 2900 adumbratur;
1683 2834 1928 2904 eratque
1976 2829 2094 2885 hoc

2278 2824 2359 2877 Ἐν
2410 2823 2635 2899 Ἐρυθρᾷ
2683 2823 2920 2898 θαλάσσῃ
2970 2827 2997 2877 6
3048 2831 3273 2901 σταυρὸς
3332 2827 3652 2890 εἰκονίζεται·
3711 2835 3810 2883 καὶ

442 2918 928 2992 prmsigniﬁcatio
954 2925 1011 2977 et
1034 2921 1484 2993 prindelineatio
1505 2921 1636 2992 ejus
1662 2920 1925 2989 ruboris,
1991 2935 2070 2991 qu

2208 2910 2270 2971 ἦν
2319 2921 2470 2966 τοῦτο
2518 2916 2884 2986 προχάραγμα
2929 2906 3022 2967 τοῦ
3070 2914 3119 2967 ἐν
3168 2925 3239 2988 τῷ
3285 2924 3579 2990 Δεσποτικῷ
3620 2920 3813 2993 αἵματι

443 3008 498 3064 ei
525 3013 735 3081 postea
763 3024 870 3081 per
889 3009 1124 3067 Domini
1145 3010 1506 3081 sanguinem
1524 3014 1613 3066 est
1631 3010 1810 3065 illitus
1832 3010 1899 3064 ³ο.
1926 3012 2075 3064 Ama

2211 3002 2627 3077 ἐπιχρωσθέντος
2684 3003 2823 3072 αὐτῷ
2899 3006 3244 3076 ἐρυθήματος.
3316 3012 3537 3080 Πικρίαν
3604 3005 3815 3062 ὑδάτων

440 3097 764 3155 ritudinem
793 3115 969 3171 aqum
999 3103 1359 3155 transmutat
1385 3099 1444 3154 in
1472 3099 1874 3155 dulcedinem‘
1911 3113 2072 3170 popu

2212 3092 2283 3153 εἰς
2338 3095 2639 3163 γλυκύτητα
2698 3100 2988 3163 μεταποιεῖ,
3052 3099 3142 3146 καὶ
3204 3097 3324 3147 λαόν
3391 3095 3654 3155 πλανήτην
3720 3103 3813 3150 καὶ

442 3186 692 3260 lumque
719 3187 1133 3244 errabundum
1150 3191 1208 3244 et
1229 3186 1543 3259 fugitivum
1567 3186 1831 3243 viviﬁcat
1862 3188 1928 3241 ’3.
1954 3189 2070 3243 Sau

2213 3177 2430 3253 φυγαδα
2517 3177 2779 3252 ζωογονεῖ.
2870 3184 3156 3244 Δάκνοντας
3237 3187 3366 3256 ᾅοεις
3451 3187 3650 3261 άναιρεῐ
3713 3191 3810 3239 καὶ

441 3275 665 3332 ciantes
685 3280 989 3347 serpentes
1018 3275 1279 3348 perimit,
1311 3280 1627 3349 servatque
1661 3276 1810 3331 ictos
1854 3281 1912 3332 et
1961 3292 2073 3331 sau

2214 3266 2470 3332 διασώζει
2524 3274 2644 3331 τοὺς
2703 3266 3069 3343 δακνομένους·
3127 3273 3196 3333 ὡς
3248 3274 3353 3325 εἰθε
3410 3279 3501 3326 καὶ
3547 3276 3632 3334 τὰς
3680 3271 3815 3326 ἰοϐό-

442 3363 568 3421 cios
606 3365 674 3418 ³³.
702 3362 937 3419 Utinam
967 3368 1022 3419 et
1051 3368 1373 3420 venenatas
1395 3363 1539 3420 istas
1568 3364 2074 3436 viperas,Bogomi

2211 3358 2332 3419 λους
2380 3360 2569 3419 ταύτας
2622 3356 2863 3431 ἐχίδνας,
2915 3363 3037 3422 τοὺς
3080 3359 3336 3433 ὑϐριστὰς
3384 3363 3540 3415 oui-ou
3590 3367 3815 3435 Βογομί-

443 3452 535 3509 los
564 3451 837 3524 inquam,
879 3451 940 3507 in
971 3468 1211 3508 crucem
1241 3452 1588 3522 injuriosos,
1647 3469 1684 3509 a
1737 3452 1887 3509 facie
1931 3461 2075 3508 terra

2211 3448 2352 3514 λους,
2410 3448 2511 3499 ἀπὸ
2561 3452 2844 3519 προσώπου
2915 3456 3003 3508 τῆς
3062 3456 3164 3519 γῆς
3236 3448 3562 3522 ἐξηφάνισεν,
3632 3452 3818 3513 οἵτινες

442 3541 916 3611 exterminasset,
952 3541 1055 3614 qui
1081 3541 1287 3598 omnia
1314 3544 1747 3615 perreptantes,
1806 3542 2074 3615 populun

2214 3540 2449 3609 ἕρποντες
2494 3544 2768 3608 πανταχοῦ
2820 3533 3076 3590 δάκνουσι
3123 3537 3243 3590 λαόν
3275 3548 3367 3591 τοῦ
3400 3547 3554 3605 Θεοῦ,
3606 3544 3817 3593 καὶτὸν

445 3631 547 3689 Dei
562 3631 1622 3704 mordent,venenumqueimpietatis
1636 3647 1759 3687 suae
1778 3632 2077 3688 infundun

2217 3627 2290 3679 ἰόν
2327 3635 2418 3686 τῆς
2462 3622 2777 3688 δυσσεϐείας
2825 3626 2993 3679 αὐτῶν
3048 3628 3296 3702 ἐγχέουσι
3353 3636 3469 3691 ταῖς
3521 3638 3621 3681 τῶν
3669 3630 3818 3683 εὐσε-

443 3721 681 3794 piorum
703 3719 919 3777 animis
952 3740 964 3787 ;
992 3736 1148 3794 quos
1164 3736 1287 3777 non
1310 3721 1437 3777 sine
1459 3720 1998 3777 commiserationis
2022 3722 2075 3777 at

2215 3715 2437 3767 ϐούντων
2505 3714 2731 3787 ψυχαῖς,
2782 3720 2907 3791 πρὸς
2979 3717 3068 3779 οὓς
3115 3719 3412 3793 περιπαθῶς
3477 3719 3538 3770 ἄν
3601 3721 3818 3793 ἐροίμην

442 3810 598 3866 fectu
618 3811 752 3881 jure
780 3811 865 3867 sic
885 3810 1192 3883 alloquar:
1220 3812 1534 3868 Genimina
1556 3812 1923 3881 viperarum,
1956 3827 2074 3884 quo

2213 3807 2371 3877 ὄφεις·
2437 3809 2736 3877 Γεννήματα
2802 3803 3049 3877 ἐχιδνῶν,
3116 3815 3217 3860 ποῦ
3279 3810 3486 3879 φύγοιτε
3556 3806 3658 3860 ἀπὸ
3720 3817 3821 3870 τῆς

441 3897 648 3966 modo,
681 3903 740 3955 et
767 3915 890 3971 quo
921 3914 957 3955 a
982 3899 1207 3970 judicio
1238 3901 1527 3971 gehennae
1556 3898 1792 3971 fugietis
1814 3900 1883 3968 ³³,
1915 3916 2073 3972 quau

2213 3899 2430 3968 κρίσεως
2481 3901 2575 3955 τῆς
2629 3898 2874 3966 γεέννηςς
2934 3894 2994 3954 ἢν
3042 3901 3193 3948 αυτοὶ
3251 3896 3453 3957 ἑαυτοῖς
3504 3894 3821 3959 ἐξεκαύσατε

440 4003 552 4043 vos
598 3987 892 4045 vobismet
934 3989 1051 4060 ipsi
1108 3987 1486 4052 accendistis,
1533 3989 1836 4053 abuegata
1888 3989 2070 4061 pietat

2213 3988 2385 4056 χωρὶς
2416 3980 2654 4054 διωγμοῦ
2702 3988 2792 4036 καὶ
2824 3982 3069 4056 βασάνων
3121 3989 3215 4044 τὴν
3273 3984 3533 4038 εὐσέϐειαν
3586 3986 3819 4060 ἀρνησάο

444 4075 677 4148 absque
698 4077 1114 4148 persecutione
1135 4081 1192 4133 et
1213 4076 1523 4132 tormentis
1548 4076 1575 4131 ?
1600 4077 1711 4132 Sed
1733 4092 1829 4132 res
1866 4076 2076 4133 illorun

2213 4091 2376 4145 μενοι.
2432 4071 2586 4125 Ἀλλὰ
2614 4076 2679 4125 τὰ
2729 4076 2819 4146 μὲν
2870 4074 2985 4126 κατ’
3016 4074 3201 4135 αὐτοὺς
3258 4074 3329 4137 εἰς
3376 4082 3529 4127 τοῦτο
3581 4074 3728 4138 λήξει
3759 4079 3818 4128 τό

442 4165 502 4222 in
531 4167 691 4223 hunc
718 4165 903 4222 tinem
932 4166 1225 4234 desinent,
1255 4166 1371 4223 nisi
1400 4166 1759 4238 resipuerint
1809 4168 2073 4239 poeniten

1368 4170 1371 4222 ζ
1400 4166 1759 4238 resipuerint
1809 4168 2102 4239 poeniten-
2212 4161 2373 4229 τῖλος,
2407 4161 2491 4215 ἐὰν
2516 4167 2587 4236 μὴ
2617 4167 3000 4236 μετανοήσωσι.

443 4253 709 4326 ﬁamque
749 4254 999 4323 egerint.

497 4345 616 4398 Nos
635 4358 777 4399 vero
792 4342 1053 4413 agedum
1070 4342 1366 4416 populum
1386 4342 1595 4400 Christi
1614 4344 2103 4400 communiamus

2282 4342 2457 4414 Ἡμεῖς
2521 4338 2581 4395 δὲ
2641 4342 2715 4412 (4)
2784 4342 2911 4395 ἀλλὰ
2967 4348 3083 4418 φέρε
3142 4347 3230 4394 καὶ
3301 4342 3822 4415 κατασφαλισώμεθα

446 4429 631 4487 sacris
652 4431 1116 4503 precationibus,
1142 4447 1219 4487 ne
1246 4432 1616 4488 mortiferum
1646 4433 1827 4503 hujus
1859 4434 2078 4489 haeresi:

2211 4434 2297 4484 τὸν
2349 4432 2469 4484 λαόν
2530 4439 2623 4484 τοῦ
2678 4439 2915 4503 Χριστοῦ
2969 4429 3201 4503 ἐπῳδαῖς
3246 4433 3426 4506 ἱεραῖς,
3481 4433 3563 4484 ἱνα
3605 4437 3676 4504 μὴ
3721 4441 3822 4496 τῆς

442 4534 740 4576 venenum
756 4519 1022 4577 animam
1040 4521 1090 4592 ej
1102 4536 1169 4575 us
1180 4521 1505 4591 contingat.
1528 4523 1785 4590 Largiter
1796 4523 1955 4579 enim
1973 4522 2074 4579 ubi

2214 4524 2571 4596 θανατηφόρου
2625 4524 2813 4582 ταύτης
2870 4524 3112 4596 αἱρέσεως
3157 4523 3182 4574 6
3231 4521 3303 4584 ἰὸς
3347 4523 3686 4580 καθάπτηται
3723 4531 3827 4586 τῆς

445 4624 563 4681 que
590 4608 818 4664 malitia
837 4608 1061 4666 diffusa
1077 4614 1185 4676 est,
1219 4614 1276 4666 et
1297 4610 1680 4668 circumcirca
1701 4611 2072 4668 obambulan

2207 4614 2400 4664 τούτων
2455 4611 2664 4684 ψυχῆς.
2734 4609 2955 4681 Δαψιλες
3004 4614 3105 4683 γὰρ
3182 4615 3240 4663 τό
3305 4614 3464 4663 κακὸν
3527 4610 3824 4682 ἐκκέχυται

443 4696 632 4769 impii,
666 4702 729 4753 ut
756 4698 997 4768 egregio
1028 4698 1241 4756 Christi
1272 4700 1437 4771 gregi
1467 4699 1695 4772 aliquid
1752 4707 2075 4757 nocument

2207 4710 2505 4774 πανταχοῦ,
2572 4707 2659 4754 καὶ
2727 4700 2897 4772 κύκλῳ
2981 4704 3031 4753 οἰ
3114 4699 3318 4763 ἀσεϐεῖς
3399 4709 3821 4774 περιπατοῦντες

441 4786 717 4844 inferant.
742 4791 814 4845 At
842 4803 945 4844 vos
972 4788 1166 4857 videte
1196 4806 1409 4861 graves
1438 4790 1631 4863 lupos,
1653 4791 1843 4847 videte
1873 4806 2057 4847 canes

2206 4795 2299 4849 τὴν
2351 4791 2512 4850 καλὴν
2567 4796 2790 4865 ποίμνην
2834 4790 3167 4863 λυμαίνονται
3221 4798 3313 4843 τοῦ
3368 4796 3623 4863 Χριστοῦ.
3674 4789 3823 4843 Ἀλλ’

514 4968 561 5002 ³⁸
593 4966 811 5039 Psal.c,
847 4969 898 5024 8.
932 4969 979 5004 ’9
1011 4984 1086 5034 χι,
1126 4972 1208 5025 10.
1244 4970 1292 5004 ³ο
1318 4967 1505 5025 Exod.
1539 4984 1659 5037 xw,
1696 4974 1714 5024 t
1756 4985 1925 5042 seqq.
1956 4970 2000 5006 ³¹
2027 4972 2146 5027 Exo

1962 4970 2000 5006 “
2027 4969 2213 5027 Exod.
2238 4987 2332 5042 xv,
2367 4974 2554 5028 23-25.
2583 4972 2632 5006 ³³
2663 4973 2841 5028 Num.
2865 4985 2989 5035 xxx,
3030 4973 3146 5026 6-9.
3183 4969 3235 5004 ³³
3258 4970 3394 5025 Luc.
3428 4984 3509 5039 tu,
3540 4968 3594 5023 7.

512 5148 589 5215 (3)
619 5152 703 5204 Ita
731 5153 801 5205 70
861 5150 1078 5219 lnterp.
1137 5147 1301 5203 lsaiae
1356 5163 1428 5213 χι,
1468 5147 1568 5203 ubi
1618 5147 1779 5214 vulg.
1806 5147 1951 5205 edit.
2008 5149 2089 5204 Et
2268 5152 2343 5219 (4)
2377 5148 2656 5220 Sequitur
2685 5146 3835 5220 aculeatusinLatinosEpiloguchri-

439 5220 904 5302 eritsep_u_l_cru7n
924 5218 1424 5302 ejusgl'og'iosum.‘
1445 5220 2090 5302 Locumetiamhsecun-
2198 5218 2335 5302 ρεαδ
2366 5237 2437 5302 eo
2465 5218 2753 5302 tempore,
2785 5235 2916 5302 quo.
2942 5219 3162 5302 Venetia
3157 5224 3213 5274 et
3261 5218 3358 5300 alii
3394 5218 3535 5302 Itali,
3563 5219 3737 5302 sicuti
3763 5227 3825 5278 et

437 5289 584 5363 dum
612 5292 736 5363 LXX
767 5292 996 5363 accepit
1028 5292 1083 5363 δ.
1126 5290 1360 5363 Hieron.
1390 5290 1464 5346 de
1513 5290 1816 5363 sepulcro__
1855 5291 2086 5363 Christi,
2201 5289 3340 5363 Franci,gravissimabellacumGruecis
3359 5289 3824 5363 gerebant,ipsa

438 5361 531 5435 liis
562 5361 758 5435 verbis
780 5360 948 5435 epist.
984 5361 1059 5415 ad
1087 5361 1444 5435 Marcellam,
1478 5361 1727 5435 nomine
1787 5361 1984 5416 Paulae
2033 5367 2090 5418 et
2200 5360 2606 5435 imperiiisede
2636 5362 2849 5418 Graecis
2872 5361 3312 5435 adempt_a.Quo
3344 5360 3546 5435 minus
3579 5360 3817 5435 miran-

440 5431 738 5487 Eustochii
771 5448 784 5486 :
826 5431 1013 5500 Cujus
1040 5434 1308 5500 sepulcri
1331 5433 1524 5503 gloria
1548 5433 1738 5487 multo
1768 5439 2092 5503 antequam
2201 5431 2369 5501 dum,
2404 5435 2971 5490 Germanumistum
3004 5431 3222 5487 Latinae
3246 5432 3448 5501 glorise
3470 5432 3811 5497 inimicum,

440 5502 1340 5575 excideretm'aJoseph,scimus
1356 5504 1822 5559 lsaizevalicinio
1838 5502 2090 5574 prbphe—
2201 5505 2474 5575 linguam
2505 5510 2561 5562 et
2599 5504 2904 5560 calamum
2952 5504 3228 5575 asperius
3269 5510 3326 5559 et
3366 5503 3713 5575 mordacius
3747 5506 3811 5561 in

442 5579 630 5646 totum
663 5574 944 5646 ;dicentis
974 5590 988 5628 :
1020 5575 1098 5629 EI.
1130 5576 1241 5630 erit
1270 5576 1500 5646 requies
1527 5577 1654 5644 ejus
1676 5573 1900 5646 honor:
1936 5573 2095 5646 quod
2206 5578 2443 5633 Latinos
2490 5577 2823 5646 strinxisse.
2855 5573 3087 5631 Similes
3118 5574 3427 5631 invectiva:
3474 5573 3536 5646 in
3565 5575 3811 5646 Latinos

436 5644 1002 5772 ἶσιιίρεὲεῗριιιιιινω
1020 5646 1257 5702 Domini
1296 5640 1460 5703 locus
1505 5640 1652 5703 esset
1697 5640 1774 5704 ab
1820 5640 2093 5704 omnibus
2203 5652 2439 5705 exstant
2476 5647 2641 5721 apud
2671 5642 2956 5717 Nicetam,
2997 5648 3320 5717 Gregoram
3364 5651 3420 5703 et
3449 5645 3602 5703 alios
3635 5643 3804 5703 Grae-

484 5729 632 5772 onor
675 5730 712 5770 n
762 5730 850 5771 us.
2202 5734 2325 5772 cos.

484 5728 850 5772 onerandus.
2202 5734 2325 5777 COS.
