4132 6418
233 369 331 425 641

1564 350 1841 413 CONTRA
1878 355 2283 420 BOGOMILOS

3497 362 3601 427 642

231 495 380 566 ὺμείς
445 487 659 562 βλέπετε
710 486 833 548 τοὺς
911 474 1089 559 βαρεῖς
1164 475 1376 546 λύκους,
1457 479 1669 553 βλέπετε
1719 482 1842 542 τοὺς

1978 481 2143 541 ridete
2171 486 2368 545 malos
2427 487 2756 562 operarios,
2787 490 2845 546 et
2872 488 3188 548 observate
3217 505 3322 548 eos
3374 491 3480 565 qui
3518 491 3602 549 sic

231 584 416 642 κύνας.
459 575 672 631 Βλέπετε
726 579 844 635 τοὺς
900 576 1094 636 κακοὺς
1150 571 1392 645 ἐργάτας,
1450 576 1540 623 καὶ⁹
1604 576 1843 623 σκοπεῖτε

234 674 355 731 τοὺς
416 675 551 721 οῦτω
588 671 1022 738 περιπατοῦντας,
1062 664 1236 723 καθὼς
1292 663 1437 734 ἔχετε
1485 663 1645 712 τύπον
1685 661 1838 732 ἡμᾶς·

236 769 337 813 ῦνα
391 755 539 829 κάγὼ
597 754 844 828 τολμήσω
927 755 1058 827 μετὰ
1142 750 1347 805 Παύλου
1415 751 1840 822 καυχήσασθαι·

240 847 432 904 Πολλοί
508 849 607 909 γὰρ
680 852 1082 909 περιπατοῦσιν,
1180 840 1267 903 οὓς
1344 838 1594 901 πολλάκις
1675 836 1846 909 ἔλεγον

240 942 389 1014 ὑμῖν,
446 943 539 991 καὶ
601 935 689 989 νῦν
762 935 954 988 κλαίων
1026 933 1178 1005 λέγω,
1256 934 1376 993 τοὺς
1463 929 1690 1005 ἐχθρούς
1756 934 1849 981 τοῦ

508 849 607 918 γὰρ
680 852 1082 919 περιπατοῦσιν,
1180 840 1267 903 οὓς

247 1036 485 1105 σταυροῦ
560 1034 653 1080 τοῦ
723 1030 978 1100 Χριστοῦ,
1062 1024 1129 1074 ὧν
1203 1026 1259 1075 τὸ
1339 1020 1480 1082 τέλος
1564 1017 1793 1072 ἀπώλεια
1832 1037 1845 1050 ·

253 1118 510 1193 φυλάξατε
570 1120 665 1175 τήν
747 1114 910 1174 καλὴν
985 1111 1436 1187 παρακαταθήκην
1485 1117 1578 1169 τῆς
1628 1113 1851 1167 πίστεως

255 1208 444 1262 ἄσυλὸν
506 1211 598 1259 καὶ
653 1203 1098 1259 ἀνεπιϐούλευτον.
1153 1200 1412 1273 Μέλλομεν
1467 1201 1568 1275 γὰρ
1623 1199 1853 1257 (ἕκαστος

249 1301 445 1356 ταύτην
505 1296 861 1354 ἁπαιτηθῆναι
926 1297 1065 1346 σώαν
1139 1295 1230 1345 καὶ
1298 1288 1536 1347 ἀνελλιπῆ
1601 1287 1688 1341 ἐπί
1760 1292 1853 1338 τοῦ

249 1385 478 1462 ῳοϐεροῦ
526 1381 769 1459 βήματος
824 1390 916 1436 τοῦ
960 1387 1217 1456 Χριστοῦ.
1251 1379 1408 1433 Ἀλλά
1450 1397 1540 1451 μοι
1570 1380 1656 1430 τὸν
1703 1375 1853 1447 λόγον

247 1473 360 1535 ἤδη
460 1474 893 1549 ἐπισφραγιστὼν
977 1478 1086 1533 ταῖς
1170 1471 1296 1543 ὑπερ
1402 1475 1493 1521 τοῦ
1564 1470 1851 1540 κρατίστου

252 1586 425 1622 σεσιν.

320 1654 518 1728 ’Ἄρατε
574 1650 685 1720 οὖν,
735 1649 947 1713 εὐσεϐὴς
992 1649 1137 1716 λαὸς,
1194 1655 1376 1723 χεῖρας
1453 1645 1675 1709 ἅπαντες
1729 1647 1855 1718 πρὸς

246 1748 383 1799 Θεὸν
414 1744 542 1818 ὑπὲρ
574 1750 675 1795 τῶν
736 1740 932 1794 ἐκείνου
988 1747 1182 1814 χειρῶν
1224 1737 1386 1791 πολλὰ
1414 1739 1686 1810 καμούσας
1743 1730 1850 1794 ἤδη

246 1833 300 1887 ἐν
349 1838 470 1895 ταῖς
533 1833 668 1884 κατά
743 1838 842 1882 τῶν
919 1828 1123 1903 ἐχθρῶν
1192 1825 1534 1899 συμπλοκαῖς,
1605 1826 1688 1876 ἵνα
1742 1825 1851 1881 θείη
1885 1842 1929 1897 R

792 1923 916 1981 τοὺς
1005 1916 1298 1992 βραχίονας
1385 1915 1565 1986 αὑτοῦ,
1655 1910 1889 1976 διδάξη⁶

1442 2007 1499 2057 τὸ
1579 2001 1854 2055 ἀποϐαλεῖν

246 1929 307 1977 τό
314 1924 399 1987 ξον
464 1920 697 1994 χαλκοῦν

248 2015 342 2074 τὰς
395 2019 586 2084 χεῖρας
643 2006 803 2061 αὐτοῦ
855 2008 925 2069 εἰς
981 2006 1223 2080 πόλεμον,
1302 2005 1372 2067 εἰς

252 2108 347 2161 τὴν
414 2099 650 2157 ἱταλικὴν
729 2097 1031 2172 ὀξυχειρίαν
1106 2096 1174 2157 εἰς

256 2191 504 2265 αλλότρια
557 2191 641 2241 ἵνα
697 2191 1073 2263 επιστρέφωσιν
1129 2185 1202 2247 εἰς
1267 2184 1505 2259 ἑσπέραν,
1558 2186 1651 2241 Tria
1716 2176 1855 2234 ἰδίαν

258 2277 508 2354 πατρίδα,
579 2281 686 2350 εἴγε
757 2279 890 2339 τινες
971 2274 1313 2347 ἁπολειφθεῐν,
1392 2279 1482 2326 καὶ
1561 2270 1856 2344 ).ιμὼξωσιν

1254 2098 1314 2147 τὸ
1380 2095 1734 2169 καθαρπαζειν
1790 2094 1858 2144 τα

257 2374 322 2432 ὡς
379 2372 543 2436 κύνες,
605 2368 701 2421 οὐκ
785 2369 993 2438 ἔχοντες
1046 2367 1096 2418 οἰ
1163 2367 1476 2438 αἱμοχαρείς
1527 2363 1603 2414 ἔτι
1660 2359 1855 2431 λείχειν

258 2462 455 2532 αἵματα
521 2460 589 2511 τοί
670 2456 943 2508 αὗσονικα.
1017 2460 1112 2508 Καὶ
1192 2453 1470 2505 κυκλὼσωι
1544 2454 1638 2509 τὴν
1713 2444 1855 2501 ἰδίαν

254 2548 401 2602 πόλιν
513 2546 989 2621 λιμαγχονούριενοι
1079 2548 1168 2596 καὶ
1253 2540 1534 2616 βαΰζοντες
1634 2540 1854 2611 μάταια.

255 2638 544 2698 Ἰωςὲννκςό
590 2633 857 2709 βαπτίσας
918 2634 1109 2694 αὐτοὺς
1166 2639 1271 2692 τοῖς
1322 2634 1539 2704 αἵμασιν
1591 2628 1798 2697 ἑαυτῶν,
1831 2627 1856 2677 ὁ

1758 2715 1857 2768 ὐπό

262 2730 640 2801 θεοιρρούρητος
697 2727 844 2797 ἡμῶν
929 2722 1282 2798 αὐτοκράτωρ,
1370 2721 1491 2793 ὑμῖν
1572 2725 1678 2777 τοῖς

251 2824 418 2891 χεῖρα
456 2814 868 2888 εὐαγγελίζεται,
911 2818 1066 2865 Πᾶσα
1128 2809 1354 2886 φάραγξ,
1414 2808 1592 2880 λέγων,
1653 2805 1859 2879 πληρω-

256 2909 505 2973 θήσεται,
539 2906 569 2963 ἡ
607 2906 1012 2975 τεταπεινωμένη
1050 2902 1197 2973 γενεά
1236 2906 1327 2959 τῆς
1392 2905 1464 2950 τῶ
1525 2901 1702 2971 χρόνῳ
1771 2897 1860 2966 μὲν

257 2994 551 3054 νεαζοῦσης
607 2992 819 3065 ’ἱνῶμης,
858 2999 972 3051 ταῖς
1030 2996 1326 3063 συμφοραῖς
1386 2984 1446 3040 δέ
1504 2988 1861 3061 γεγηρακυίας

264 3083 518 3149 ἐλεεινῶς,
593 3086 685 3135 παὶ
757 3087 859 3135 πᾶν
919 3080 1038 3153 ὅρος
1122 3082 1213 3131 καί
1300 3076 1488 3150 βουνὸς
1545 3074 1864 3130 ταπεινωθή-

266 3173 499 3229 σεται.ἡ
554 3171 668 3223 καθ’
728 3173 870 3244 ἡμῶν
931 3172 1241 3243 ἐπαιρομένη
1303 3167 1568 3241 ἀθέρωχος
1627 3164 1780 3240 ὀφρῦς
1830 3163 1860 3220 ἡ

269 3220 440 3227 """'
473 3220 495 3229 "
555 3220 643 3223 “"'
728 3220 835 3244 "F"
936 3220 965 3223 “
1003 3220 1008 3221 ’
1053 3220 1126 3243 ιί
1229 3220 1239 3227 '
1395 3220 1404 3241 ι
1472 3220 1514 3238 ιν
1554 3220 1567 3226 -
1663 3220 1701 3240 ιι
1767 3220 1777 3224 ⁷

262 3260 499 3319 ἰταλική.
561 3265 663 3314 Καὶ
717 3260 925 3314 ἔσονται
976 3262 1042 3312 τὰ
1089 3257 1273 3311 σκολιὰ
1330 3256 1401 3319 εἰς
1462 3255 1680 3322 εὐθεῖαν,
1734 3252 1865 3305 ἐκεί·
1896 3220 1937 3276 C

258 3371 358 3405 νου
418 3346 917 3424 προοδοποιοῦντος,
968 3353 1059 3401 καὶ
1096 3346 1443 3418 ἐπανάγοντος
1506 3352 1598 3398 τοῦ
1658 3346 1746 3396 καὶ
1803 3345 1869 3395 τὰ

256 3441 392 3515 ἡμῖν
434 3435 673 3492 ἀδύνατα
718 3435 1007 3511 δυναμένου
1063 3444 1316 3512 Χριστοῦ.
1387 3431 1530 3493 ’Ἤδη
1557 3431 1616 3487 δὲ
1680 3437 1770 3486 καὶ
1834 3433 1865 3490 ἡ

256 3529 415 3594 ἀξίνη
501 3532 631 3604 πρὸς
705 3532 794 3586 τὴν
850 3524 1005 3603 ῥίζαν
1055 3534 1155 3579 τῶν
1221 3521 1451 3598 δένδρων
1511 3531 1699 3578 κεῖται.
1759 3529 1870 3576 Τῶν

253 3614 474 3671 κλάδων
521 3620 622 3693 γὰρ
685 3616 1117 3689 ἁποτετμημένων
1208 3616 1330 3690 ἄρτι
1395 3619 1486 3666 καὶ
1563 3614 1700 3665 κατὰ
1774 3619 1872 3683 γῆς

255 3707 599 3782 ἐστρωμένων
627 3710 715 3758 καὶ
774 3702 1043 3779 κορμηδόν
1098 3702 1412 3778 ἐρριμμένων
1481 3701 1552 3764 εἰς
1584 3697 1869 3773 τοῦδαφος,

255 3798 359 3850 οὐκ
388 3795 710 3848 ἁπελπιστέα
738 3799 829 3847 καὶ
858 3796 888 3853 ἡ
915 3795 1283 3869 ῥιζοτόμησις.
1337 3794 1496 3864 Τάχα
1533 3788 1592 3844 δέ
1653 3789 1876 3850 ἀσθενὴς

255 3890 289 3947 ἡ
359 3884 724 3960 ῥιζοϐόλησις,
783 3886 852 3946 ὡς
908 3882 963 3935 ἐκ
1018 3884 1461 3956 μεταφυτεύσεως.
1534 3885 1754 3933 Πίστευε
1803 3887 1875 3950 τῷ

260 3982 390 4045 Θεῷ
438 3984 508 4045 τῷ
554 3976 730 4028 πάντα
782 3969 1073 4047 δυναμένῳ,
1115 3971 1375 4046 βασιλέων
1422 3969 1759 4024 εὐσεϐέστατε
1787 3976 1878 4021 καὶ

262 4067 554 4139 πραότατε,
606 4066 743 4116 κατὰ
804 4065 892 4114 τὸν
963 4058 1151 4130 Δανῖδ,
1215 4063 1281 4121 ὡς
1330 4060 1468 4133 ὅπλῳ
1516 4059 1775 4112 κυκλώσει
1821 4076 1879 4110 σε

258 4162 335 4208 τῶ
370 4160 639 4227 σταυρικῷ
669 4154 698 4212 ἡ
765 4150 981 4211 ἀλήθεια
1014 4152 1196 4219 αὐτοῦ,
1234 4150 1285 4213 ὃς
1344 4149 1482 4202 ἐστιν
1536 4151 1561 4202 ὀ
1626 4151 1875 4224 Χριστὸς,

260 4249 371 4298 καὶ
436 4243 494 4296 οὐ
554 4241 828 4315 φοϐηθήσῃ
885 4240 986 4295 ἀπὸ
1040 4240 1203 4314 φόϐου
1237 4247 1536 4315 νυκτερινοῦ
1603 4246 1695 4292 τοῦ
1750 4240 1858 4310 cf?“

257 4343 371 4396 νῶς
402 4351 488 4385 σοι
512 4330 912 4407 προϐάλλοντος,
972 4335 1059 4382 καὶ
1131 4326 1464 4403 δειλανὸρίαν
1524 4328 1878 4402 ἐμποιοῦντος,

257 4419 388 4478 οὐδ’
445 4420 548 4474 ἀπὸ
611 4419 797 4494 βέλους
855 4424 1134 4491 πετομένου
1189 4420 1408 4494 ἡμέρας,
1479 4423 1567 4471 καὶ
1656 4424 1882 4490 φανερῶς

261 4533 355 4567 σοι
413 4509 791 4583 ἀνθισταμένου
821 4507 1038 4584 ἐχθροῦ.
1110 4512 1288 4562 Πάντα
1336 4511 1434 4583 γὰρ
1490 4516 1657 4560 ταῦτα
1712 4508 1738 4558 ὁ
1790 4513 1882 4559 τοῦ

1951 572 2267 632 ambulant
2294 577 2444 635 sicut
2479 577 2713 635 habetis
2750 577 3011 636 formam
3060 594 3194 650 nos,
3251 584 3315 637 ut
3339 580 3602 639 audeam

1953 677 2092 719 cum
2118 664 2303 722 Paulo
2329 666 2601 739 gloriari:
2650 668 2834 724 Multi
2882 669 3038 725 enim
3096 669 3427 736 ambulant,
3456 686 3603 743 quos

1953 766 2109 822 saepe
2146 755 2410 814 dicebam
2440 757 2622 827 vobis,
2655 762 2710 814 et
2746 773 2907 815 nunc
2932 759 3084 828 ﬂens
3121 760 3274 827 dico,
3331 761 3603 817 inimicos

1955 844 2149 899 crucis
2183 845 2427 913 Christi,
2453 863 2706 918 quorum
2737 847 2876 916 ﬁnis
2907 848 3188 904 interitus
3208 849 3276 903 3‘.
3306 849 3605 906 Custodite

1955 930 2193 1003 insigne
2222 933 2360 991 ﬁdei
2382 935 2725 1009 depositum
2767 936 3058 993 intactum
3089 940 3148 993 et
3198 936 3522 995 illibatum.
3560 942 3608 995 Α

1958 1021 2227 1093 quolibet
2246 1023 2406 1080 enim
2429 1024 2667 1081 salvum
2689 1024 3061 1097 etintegrum
3083 1031 3450 1099 reposcetur,
3469 1044 3607 1084 cum

1961 1109 2040 1165 ad
2089 1111 2344 1169 terribile
2390 1113 2649 1170 tribunal
2706 1114 2914 1170 Christi
2964 1114 3333 1172 assistemus.
3392 1117 3610 1172 Verum

1963 1198 2299 1257 orationem
2329 1217 2490 1259 nunc
2512 1202 2687 1275 quasi
2704 1202 3098 1273 obsignemus
3128 1204 3410 1277 precibus
3435 1206 3612 1262 votis-

1962 1303 2080 1360 que
2103 1288 2450 1346 ardentibus
2479 1295 2535 1347 et
2560 1290 2816 1348 assiduis
2837 1306 2947 1365 pro
2997 1292 3227 1365 optimo
3249 1292 3610 1366 imperatore

1962 1382 2187 1434 nostro.

1964 1466 2108 1538 ἡμῶν
2193 1467 2573 1545 αὐτοκράτορος
2648 1476 2978 1546 προσευχαῖς
3056 1475 3140 1524 κοὶ
3195 1470 3420 1525 ἐκτενέσι
3493 1468 3614 1532 δεή-

2035 1645 2236 1704 Tollite
2259 1647 2454 1721 igitur,
2475 1664 2510 1705 ο
2530 1648 2725 1706 ﬁdelis
2752 1649 2996 1723 popule,
3028 1666 3248 1707 manus
3272 1654 3502 1709 vestras
3532 1648 3613 1710 ad

1965 1735 2153 1791 Deum
2179 1753 2290 1810 pro
2318 1737 2493 1811 illius,
2535 1755 2672 1812 quas
2699 1743 2783 1796 tot
2797 1740 2925 1811 jam
2946 1739 3183 1798 labores
3213 1741 3522 1798 subierunt
3550 1742 3613 1799 in

1967 1824 2343 1882 conﬂictibus
2375 1833 2431 1883 ct
2479 1827 2698 1901 prreliis
2738 1828 3029 1886 adversus
3080 1830 3304 1900 hostes,
3335 1835 3401 1888 ut
3423 1835 3616 1902 ponat

1968 1913 2210 1971 brachia
2248 1916 2374 1986 ejus
2404 1918 2567 1973 velut
2596 1933 2804 1974 arcum
2822 1932 3043 1975 cereum
3074 1924 3130 1975 et
3163 1918 3365 1976 doceat
3399 1935 3615 1977 manus

1966 2007 2093 2074 ejus
2122 2006 2204 2061 ad
2224 2008 2445 2076 pratia
2475 2008 2543 2075 ³³,
2575 2010 2639 2063 ut
2666 2008 2958 2081 repellant
2978 2008 3240 2065 Italicam
3270 2008 3436 2066 illam
3456 2009 3617 2067 velo—

1966 2093 2716 2168 citatemrapiendialiena,
2744 2100 2812 2153 ut
2834 2098 3277 2155 revertanturin
3307 2114 3615 2164 occasum,

1965 2182 2277 2254 propriam
2299 2200 2472 2239 suam
2496 2186 2772 2257 patriam,
2807 2184 2855 2240 si
2901 2185 3009 2257 qui
3051 2186 3371 2259 supersint,
3398 2190 3454 2243 et
3478 2202 3619 2242 esu-

1965 2270 2387 2329 riantutcanes
2417 2275 2615 2343 8°,non
2633 2274 2926 2331 habentes
2946 2276 3213 2347 amplius
3244 2274 3619 2346 sanguinarii

1967 2376 2241 2417 cruorem
2263 2363 2653 2432 Ausonicum,
2675 2379 2858 2436 quem
2886 2363 3135 2435 lingant.
3159 2366 3225 2421 Et
3250 2366 3621 2423 circumeant

1967 2450 2273 2522 propriam
2300 2452 2602 2508 civitatem
2634 2451 2794 2509 fame
2824 2453 3036 2526 pressi,
3066 2453 3373 2510 incassum
3402 2453 3622 2509 latran-

1966 2542 2053 2595 tes
2082 2540 2154 2594 ³⁷.
2185 2539 2471 2610 Joannes,
2503 2541 2609 2613 qui
2634 2539 2959 2614 baptizavit
2978 2558 3083 2598 eos
3102 2542 3166 2599 in
3191 2542 3434 2616 proprio
3463 2541 3622 2614 ipso-

1966 2643 2102 2683 rum
2134 2629 2449 2699 sanguine,
2484 2629 2812 2686 custoditus
2842 2647 2879 2688 a
2905 2633 3024 2687 Deo
3064 2630 3391 2704 imperator
3420 2637 3624 2688 noster

1968 2717 2407 2787 evangelizans,
2427 2718 2726 2776 acclamat
2746 2720 2922 2777 nobis
2945 2720 3199 2777 subditis
3225 2738 3237 2774 :
3261 2722 3468 2778 Omnis
3494 2724 3623 2778 val-

1973 2808 2044 2863 lis
2064 2806 2412 2876 z'mplebz'tur
2428 2809 2498 2875 ³³,
2520 2807 2756 2878 abjecta
2777 2813 2834 2865 et
2853 2808 3076 2866 afﬂicta
3096 2811 3422 2880 generatio,
3447 2810 3623 2866 annis

1969 2896 2214 2970 quidem
2244 2912 2419 2952 novae
2450 2900 2673 2964 Romae,
2693 2897 3137 2956 calamitatibus
3151 2915 3294 2956 vero
3312 2898 3624 2956 miserabi-

1970 2984 2100 3042 liter
2112 2985 2241 3055 jam
2260 2990 2528 3042 vetustae.
2552 2987 2630 3042 Et
2652 2990 2843 3044 omnis
2864 3003 3030 3044 mons
3051 2995 3108 3044 et
3137 2989 3306 3045 collis
3345 2989 3625 3046 huznilz‘a-

1976 3074 2137 3131 bitur
2164 3076 2233 3140 39,
2257 3074 2479 3131 elatum
2510 3075 2802 3135 videlicet.
2825 3077 3106 3134 ltalorum
3133 3077 3520 3150 supercilium
3545 3077 3625 3133 Et

1975 3169 2151 3220 erunt
2179 3178 2374 3233 prava
2403 3166 2466 3221 in
2486 3164 2715 3222 directa
2746 3166 2815 3232 "°,
2846 3165 2947 3222 illo
2986 3170 3281 3240 tanquam
3332 3166 3444 3223 viae
3473 3167 3628 3222 duce

1976 3257 2301 3326 praeeunte,
2334 3257 2390 3309 et
2416 3255 2635 3311 omnia
2663 3260 2985 3312 revocante
3020 3256 3268 3323 Christo,
3318 3255 3424 3329 qui
3449 3260 3507 3312 et
3534 3272 3629 3326 ea,

1977 3358 2113 3415 quae
2144 3341 2320 3398 nobis
2346 3346 2486 3400 sunt
2510 3343 2932 3417 impossibilia,
2963 3349 3177 3417 potest.
3228 3347 3361 3403 lam
3407 3360 3550 3402 vero
3575 3349 3632 3402 et

1978 3434 2202 3490 securis
2229 3434 2310 3490 ad
2327 3434 2587 3490 radicem
2615 3436 2811 3504 posita
2833 3440 2917 3492 est
2938 3437 3008 3494 tl.
3033 3434 3233 3492 Ramis
3256 3436 3420 3492 enim
3445 3435 3631 3493 modo

1980 3524 2326 3597 amputatis,
2344 3524 2475 3580 etin
2500 3528 2718 3581 terram
2736 3524 3005 3597 dejectis,
3036 3525 3481 3600 truncatimque
3503 3525 3634 3582 solo

1981 3612 2190 3681 allisis,
2223 3628 2347 3669 non
2371 3613 2825 3685 desperandum
2847 3619 2954 3681 est,
2986 3615 3136 3688 quin
3165 3619 3221 3671 et
3249 3615 3421 3672 radix
3445 3614 3633 3671 incidi

1981 3703 2187 3776 possit.
2223 3705 2389 3759 Forte
2417 3703 2597 3775 enim,
2622 3708 2685 3759 ut
2703 3720 2777 3760 ex
2800 3704 3361 3777 transplantatione,
3382 3704 3635 3760 inﬁrmae

1985 3794 2124 3848 sunt
2149 3790 2283 3863 illae,
2316 3808 2470 3864 quas
2497 3792 2807 3862 miserunt,
2829 3793 3087 3851 radices.
3130 3793 3267 3849 Fide
3286 3793 3467 3863 igitur
3491 3796 3633 3860 Deo,

1985 3879 2089 3953 qui
2111 3880 2317 3936 omnia
2337 3884 2550 3952 potest,
2580 3880 3014 3953 imperatorum
3034 3881 3301 3953 piissime
3358 3886 3416 3938 et
3445 3881 3638 3937 mitis-

1989 3971 2157 4038 sime,
2178 3974 2374 4042 teque,
2406 3974 2473 4026 ut
2501 3970 2686 4026 David
2706 3969 2808 4040 ait,
2827 3974 3121 4043 tanquam
3133 3977 3300 4028 scuto
3324 3970 3515 4028 crucis
3530 3972 3640 4028 cir-

1990 4058 2293 4116 cumdabit
2318 4061 2538 4117 veritas
2569 4061 2696 4130 ejus
2726 4104 2740 4130 ,
2768 4065 2964 4117 etnon
2991 4062 3217 4118 timebis
3250 4063 3516 4118 atimore
3538 4077 3643 4117 no-

1991 4155 2204 4205 cturno
2235 4149 2281 4183 ⁵²
2317 4148 2467 4219 ejus,
2501 4149 2607 4220 qui
2635 4148 2867 4205 occulte
2892 4152 2949 4205 te
2978 4149 3346 4221 aggreditur,
3373 4148 3643 4206 formidi-

1989 4253 2252 4310 nemque
2280 4238 2564 4303 immittit,
2587 4252 2694 4295 nec
2711 4253 2749 4295 a
2775 4239 3000 4309 sagitta
3028 4239 3277 4295 volante
3298 4240 3363 4296 in
3385 4239 3482 4295 die
3502 4239 3647 4310 ‘3,-et

1990 4327 2159 4383 hoste
2177 4326 2382 4399 palam
2408 4325 2513 4383 tibi
2528 4327 2859 4384 resistente.
2881 4326 3097 4385 Omnia
3130 4327 3292 4384 enim
3313 4328 3443 4385 haec
3466 4327 3646 4397 longe

1992 4431 2140 4471 crux
2166 4414 2376 4470 Christi
2394 4414 2658 4487 repellet,
2686 4419 2742 4472 et
2761 4415 2884 4471 dux
2902 4415 3006 4472 tibi
3023 4415 3131 4472 erit
3159 4415 3237 4473 ad
3262 4416 3490 4486 omnia,
3510 4432 3648 4488 quas

1993 4502 2321 4572 desideras,
2352 4508 2408 4560 et
2427 4510 2494 4559 ut
2518 4509 2753 4560 scutum
2784 4505 2954 4562 bona:
2977 4505 3306 4563 voluntatis
3335 4506 3650 4562 coronabit

256 4607 517 4676 Χριστοῦ
571 4603 799 4674 σταυρὸς
875 4597 1200 4657 ἀποσοϐήσει
1257 4600 1482 4671 μακρὰν,
1535 4602 1627 4650 καὶ
1689 4592 1871 4668 ὁδηγός

1996 4599 2052 4650 te
2082 4595 2149 4663 Η,
2168 4592 2671 4665 triumphatorem
2697 4598 2756 4649 et
2779 4594 3069 4650 victorem
3100 4608 3285 4666 supra
3310 4595 3651 4668 superiores

262 4711 358 4745 σοι
398 4694 528 4765 πρὸς
592 4690 729 4741 ἅπαν
773 4692 830 4741 τὸ
885 4690 1229 4761 καταθύμιον,
1284 4693 1375 4740 καὶ
1411 4688 1478 4747 ὡς
1529 4687 1682 4739 ὅπλον
1732 4683 1885 4739 ευδο-

256 4786 397 4839 κίας
481 4783 763 4830 στεανῶσει
857 4795 915 4829 σε
946 4820 961 4846 ,
1064 4779 1450 4846 τροπαιφόρον,
1556 4773 1886 4846 μεγαλὸνικον

261 4864 559 4929 ἀναδείξας
589 4885 646 4918 σε
674 4868 821 4940 παρὰ
846 4869 968 4927 τοὺς
1021 4864 1308 4938 ἔμπροσθεν
1372 4861 1628 4937 βασιλεῖς,
1700 4866 1889 4916 ἱκετευ-

1064 4779 1410 4851 τροπαιφόρον
1436 4815 1450 4841 ,

259 4965 452 5019 ούσης
505 4967 565 5017 τῆ
579 4979 600 5021 ς
642 4958 1034 5032 πανυκεραγνου
1083 4961 1428 5029 Θεομήτορος,
1484 4959 1573 5008 καὶ
1621 4954 1891 5030 πανυπερ-

261 5054 504 5124 αριὼριον
612 5044 670 5099 δὲ
758 5043 1045 5108 δεσποίνης
1120 5047 1287 5117 ἡμῶν,
1380 5048 1470 5097 καὶ
1552 5042 1892 5116 ἁιεπαρθένου

266 5142 515 5211 Μαρίας,
560 5140 650 5188 καὶ
726 5145 824 5188 τῶν
913 5134 1219 5187 καλλινίκων
1303 5136 1579 5208 μαρτύρων
1658 5140 1894 5210 Χριστοῦ

265 5233 370 5285 καὶ
402 5235 504 5279 τῶν
528 5224 688 5296 ἁγίων
733 5225 993 5279 ἁπάντων.
1043 5227 1244 5277 Γένοιτο
1310 5232 1493 5290 ταῦτα,
1553 5226 1716 5298 Τριας
1771 5243 1897 5277 παν·

270 5313 546 5389 rediimus
588 5318 678 5367 καὶ
738 5315 1100 5382 παντάνασσα,
1157 5314 1188 5372 ἡ
1235 5311 1284 5365 ἓν
1353 5319 1656 5389 προσώποις
1732 5332 1898 5389 προσ-

348 5445 403 5481 δι
441 5441 693 5515 Philipp.
736 5457 830 5515 in,
868 5445 951 5513 l8,
982 5444 1093 5515 ιω
1182 5439 1415 5515 “Psal.
1448 5440 1708 5515 “11,35.

272 5516 325 5553 ‘0
361 5513 514 5573 Ibid.
588 5511 607 5515 ’
631 5511 675 5549 ’ῖί
707 5511 857 5570 Ibid.
886 5511 942 5569 οξ
1052 5514 1099 5548 ³³
1128 5512 1280 5569 Psal.
1314 5528 1406 5581 xc,
1438 5516 1491 5568 5.
1606 5513 1653 5547 ‘3
1684 5511 1832 5569 lbid.
1875 5518 1930 5571 6.

349 5642 435 5712 (ὃ)
468 5638 847 5713 Disquisistio
869 5637 944 5695 de
964 5636 1081 5695 isto
1095 5638 1400 5713 germano
1416 5641 1659 5713 revocat
1678 5636 1823 5694 mihi
1847 5637 1909 5713 in

274 5708 840 5785 memoriam,quod
850 5708 1117 5784 estapud
1126 5708 1587 5768 PoSsevinumin
1596 5709 1912 5783 Apparatu

1822 5441 1869 5477 ³⁸
1901 5442 2049 5500 Psal.
2081 5457 2233 5509 Lvm,
2267 5447 2319 5497 7.

1994 4683 2385 4755 imperatores
2407 4680 2685 4738 effectum
2712 4698 2725 4749 ;
2755 4681 3038 4755 precibus
3084 4687 3141 4739 et
3188 4683 3526 4740 interventu
3554 4700 3652 4741 ca-

2000 4771 2275 4828 stissimte
2304 4770 2589 4843 Deiparre,
2610 4777 2667 4828 et
2684 4770 3089 4829 immaculata
3114 4773 3381 4829 Dominae
3407 4778 3649 4839 nostras,

2000 4864 2060 4916 et
2078 4874 2317 4932 semper
2339 4858 2593 4929 Virginis
2612 4861 2828 4941 Mariae,
2852 4860 3311 4933 fortissimisque
3327 4860 3654 4917 victoribus

2005 4948 2215 5007 Christi
2244 4948 2630 5020 martyribus,
2654 4949 3009 5006 etomnibus
3042 4949 3264 5005 sanctis
3289 4949 3657 5006 interceden-

2004 5039 2165 5095 tibus
2196 5037 2402 5093 isthrec
2432 5038 2729 5103 eveniant,
2750 5053 2785 5093 ο
2812 5037 3193 5093 sanctissima
3221 5041 3278 5093 et
3320 5037 3527 5094 omnia
3552 5052 3657 5108 gu-

2007 5127 2270 5184 bernans
2295 5127 2565 5198 Trinitas,
2591 5127 2654 5183 in
2678 5127 2867 5184 tribus
2897 5127 3171 5199 personis
3192 5132 3249 5183 et
3268 5126 3330 5183 in
3370 5143 3493 5185 una
3521 5130 3658 5187 Dei-

2010 5221 2125 5274 tatc
2143 5215 2381 5272 adorari
2402 5215 2594 5287 solita,
2618 5232 2802 5288 quam
2823 5214 2994 5272 decet
3012 5215 3210 5272 omnis
3226 5215 3436 5287 gloria,
3458 5215 3657 5278 honos

2010 5312 2067 5364 et
2090 5305 2365 5365 adoratio
2388 5306 2451 5362 in
2481 5305 2716 5363 inﬁnita
2745 5304 2984 5362 saecula.
3013 5310 3204 5363 Amen
3226 5307 3327 5379 (5).

2436 5442 2481 5477 ³7
2515 5440 2665 5499 Ibid.
2698 5446 2781 5498 l5.

2047 5515 2093 5550 ὀδ
2118 5514 2271 5571 Psal.
2307 5518 2362 5583 5,
2396 5517 2482 5571 13.

2016 5651 2210 5720 θεοῖο,
2222 5654 2287 5720 vf
2302 5638 2656 5720 Germanus,
2671 5632 3457 5720 subprisciilliusﬁermani,
3480 5642 3660 5720 patri-

2018 5711 2217 5769 archae
2234 5709 2688 5784 Constantinop.
2699 5709 2947 5769 nomine
2965 5709 3564 5772 circumferrilibrum
3574 5715 3663 5775 De

2895 5442 2943 5477 ³⁸
2977 5442 3114 5499 Luc.
3144 5458 3229 5511 ιιι,
3260 5447 3313 5500 5.
3427 5445 3476 5482 ³9
3507 5446 3657 5507 lbid.
