4132 6380
512 248 620 317 64ἧ⁹

1706 248 2020 337 GEBHANI
2057 246 2108 306 II
2147 247 2253 307 (ΣΡ.
2293 251 2778 318 PATRIARCH/E.

3776 254 3885 313 648

512 383 801 439 Caeterum
827 392 1028 453 parce,
1073 390 1199 435 non
1237 377 1319 434 ad
1364 376 1719 450 satietatem,
1767 391 1880 435 nec
1919 374 2038 433 nisi
2088 373 2159 431 ad

2278 382 2429 454 κόρον
2476 387 2566 437 καὶ
2620 388 2788 460 μέχρι
2833 383 3113 457 γεύματος,
3185 376 3306 456 ἇρτι
3362 375 3422 433 δέ
3480 373 3883 454 δαψιλέστερον,

508 474 775 543 gustum,
803 484 965 525 nunc
987 470 1189 526 autem
1217 466 1438 525 lautius
1473 470 1531 524 et
1554 466 1858 541 copiosius
1885 464 1949 522 id
1972 464 2166 522 facere

509 564 762 633 oportet,
795 558 845 615 si
860 557 1141 632 princeps
1165 557 1297 617 vitae
1318 560 1456 617 novi
1482 558 1711 617 lsraelis
1728 555 2013 623 Christus,
2062 553 2166 628 qui

509 653 566 705 et
592 636 671 705 ad
704 662 1033 721 supernam
1061 647 1390 706 Jerusalem
1414 665 1526 707 nos
1558 645 1817 717 deducit,
1846 649 2017 716 virga
2048 644 2169 700 vir.

511 738 652 795 tutis
686 751 811 794 sure
833 738 875 803 ⁸,
900 751 1037 809 quae
1069 739 1157 792 est
1186 752 1354 807 crux,
1377 742 1648 795 arentem
1665 751 1869 792 meum
1892 734 2167 791 animum

506 824 1059 901 percusserit.Tunc
1082 826 1240 882 enim
1269 842 1375 900 per
1400 826 1662 899 gratiam
1716 840 1891 881 suam
1942 828 2170 881 vestras

506 932 685 989 aures
711 914 1027 973 exsatiabit
1048 914 1311 985 abunde,
1328 915 1521 975 ettusa
1533 931 1695 990 aqua
1707 912 2165 981 benedictionis,

506 1021 634 1063 non
662 997 1169 1063 contradictionis.
1200 1004 1344 1064 Hinc
1367 1021 1510 1077 ergo
1541 1003 1779 1062 dicendi
1800 1002 2035 1060 initium
2068 1016 2169 1057 su-

510 1110 768 1152 memus.

582 1187 729 1242 Cum
760 1200 1069 1243 sacrarum
1091 1184 1442 1243 Litterarum
1459 1184 1815 1259 paradisum
1845 1181 2165 1258 perlustro,

510 1274 633 1331 duo
660 1273 825 1346 ligna
851 1273 1083 1347 reperio
1113 1274 1367 1347 propriis
1383 1280 1441 1332 et
1469 1274 1763 1332 distinctis
1795 1270 2165 1340 nominibus,

511 1364 589 1422 ab
620 1364 769 1437 aliis,
793 1381 930 1438 quae
953 1365 1192 1421 erantin
1220 1364 1619 1437 Edem,lignis
1642 1362 2058 1431 innominatis,
2078 1376 2167 1418 se-

504 1454 708 1525 juncta
737 1472 749 1509 :
786 1455 1016 1526 tignum
1052 1455 1316 1513 scientiae
1343 1459 1398 1511 et
1422 1455 1650 1526 tignum
1677 1455 1874 1511 vitae”.
1900 1454 2169 1518 Quorum

508 1540 655 1599 illud
685 1543 895 1614 primis
932 1542 1285 1615 parentibus
1336 1544 1718 1616 propositum
1754 1546 1882 1599 erat
1910 1539 2085 1611 quasi
2106 1539 2168 1595 in

510 1631 928 1688 adversarium
947 1650 960 1702 ;
982 1632 1097 1688 hoc
1108 1648 1251 1689 vero
1265 1633 1593 1705 repositum
1610 1632 1807 1690 eratin
1824 1629 2165 1705 praemium.

2275 467 2412 541 εἰπερ
2458 473 2484 523 ὀ
2516 470 2756 548 ἀρχηγὸς
2807 482 2904 536 τῆς
2961 472 3097 534 ζῶῆς
3153 476 3247 524 τοῦ
3294 474 3408 523 νέου
3434 467 3645 544 Ἰσραὴλ
3697 472 3888 544 όΧρι-

2276 561 2418 626 στὸς,
2480 559 2506 614 ὁ
2554 567 2645 616 καὶ
2697 559 3034 636 δημαγωγῶν
3089 565 3230 634 ἡμᾶς
3285 562 3416 632 πρὸς
3443 563 3537 617 τὴν
3567 556 3889 633 ἆνωἸερου-

2277 646 2454 723 σαλὴμ
2526 659 2589 725 τῇ
2650 650 2835 728 ῥάϐδῳ
2930 660 3026 714 τῆς
3126 651 3308 704 ἑαυτοῦ
3395 644 3680 721 δυνάμεως,
3766 649 3890 708 ἣτις

2274 741 2413 792 εστὶν
2473 740 2499 792 ὁ
2559 746 2806 819 σταυρὸς,
2860 746 2955 801 την
2997 742 3212 814 άνικμόν
3261 758 3361 813 μου
3406 737 3590 802 πλήξει
3620 732 3889 793 διάνοιαν.

2274 832 2402 882 Τότε
2449 831 2547 905 γὰρ
2626 827 2722 884 διὰ
2790 838 2886 894 τῆς
2970 830 3156 884 ἑαυτοῦ
3248 829 3469 902 χάριτος
3575 832 3889 902 προσκορεῖς

2275 918 2369 980 τάς
2480 917 2641 981 ἀκοὰς
2713 918 2856 993 ὑμῶν
2931 916 3286 993 ἀπεργάσεται
3390 911 3567 969 ὓδατα
3666 913 3890 988 ἐκκρου-

2274 1011 2424 1067 νίσας
2478 1007 2740 1082 εύγογιας,
2818 1007 2914 1061 ούκ
2961 1006 3275 1079 ἀντιλογίας.
3344 1004 3651 1082 ’Δρξώμεθα
3690 1001 3745 1057 δ’
3796 1000 3889 1058 οὖν

2277 1095 2522 1150 ἐντεῦθεν.

2349 1185 2587 1260 Εὑρίσκω
2637 1191 3035 1263 περιερχόμενος
3102 1189 3190 1240 τόν
3242 1179 3566 1259 παράδεισον
3610 1190 3703 1245 τῆς
3754 1188 3892 1259 Γρα-

2278 1282 2373 1349 φῆς
2418 1274 2546 1339 ξύλα
2587 1280 2810 1350 ὀνόμασι
2878 1276 3057 1352 ῥητοῖς
3135 1282 3238 1328 τῶν
3324 1273 3488 1327 ἄλλων
3557 1281 3651 1336 τῆς
3724 1268 3892 1346 Ἐδὶμ

2646 1365 2806 1430 ξύλων
2918 1368 3288 1441 ἀφοριζόμενα,
3391 1364 3449 1416 τὸ
3548 1360 3696 1426 ξύλον
3787 1369 3889 1425 τῆς

2274 1460 2532 1526 γνώσεως,
2620 1460 2711 1508 καὶ
2778 1460 2836 1508 τό
2916 1455 3063 1518 ξύλον
3157 1457 3215 1507 τὸ
3266 1461 3355 1515 τῆς
3446 1454 3599 1523 ζωῆς,
3677 1449 3747 1504 ὧν
3824 1456 3889 1505 τὸ

2275 1546 2365 1617 μὶν
2424 1543 2495 1606 εἰς
2578 1543 2854 1598 ἀντίπαλον
2930 1549 3035 1605 τοίς
3105 1544 3390 1617 γενάρχαις
3451 1543 3741 1595 καθίστατο
3824 1545 3889 1594 τὸ

2278 1629 2338 1686 δὲ
2390 1633 2461 1696 εἰς
2534 1633 2751 1688 ἓπαθλον
2823 1637 3209 1707 ἱτεταμίενστο.
3263 1639 3347 1703 Τῷ
3399 1633 3500 1707 γὰρ
3560 1631 3886 1705 Ἀγωνοθέτη

2278 1363 2552 1439 ἀνωνύμων

511 1710 603 1778 Sic
619 1720 779 1777 enim
792 1721 989 1777 visum
1003 1721 1113 1778 fuit
1124 1722 1514 1792 Agonothetae
1526 1726 1584 1778 et
1597 1719 1942 1779 certaminis
1968 1717 2159 1792 praesi-

2277 1723 2444 1785 ούκως
2496 1720 2691 1791 ἔδοξεν,
2752 1723 2837 1777 ἶνα
2881 1728 2953 1797 μὴ
3014 1722 3039 1776 ὁ
3085 1730 3198 1784 νοῦς
3240 1730 3340 1774 τῶν
3400 1719 3679 1793 ἀνθρώπων
3738 1720 3890 1783 ἐκτὸς

506 1807 569 1867 di
589 1824 665 1866 ne
681 1825 852 1866 mens
872 1810 1187 1867 hominum
1215 1810 1341 1867 sine
1358 1809 1517 1867 lucta
1533 1808 2166 1881 languesceret,deses-

507 1915 626 1972 que
639 1904 869 1956 etextra
883 1914 1126 1956 omnem
1140 1915 1359 1972 pugnae
1371 1899 1567 1957 aleam
1579 1899 1839 1970 degeret;
1855 1913 1999 1954 nam
2013 1897 2169 1968 ejus-

508 1989 673 2045 modi
694 1988 833 2055 vita,
859 1989 1025 2045 omni
1045 1989 1315 2061 profectu
1330 1994 1514 2058 caret,
1537 2005 1646 2045 nec
1667 1988 1853 2045 ullam
1875 2001 2167 2044 coronam

507 2078 686 2150 parit.
711 2077 1398 2149 Extenditergolignum
1437 2077 1699 2133 scicntite
1732 2076 1886 2133 velut
1941 2090 2165 2131 manus

505 2166 822 2239 quasdam,
843 2165 922 2222 ad
937 2166 1237 2225 manubrii
1250 2165 2165 2239 apprehensionem,suavitatem

505 2259 562 2310 et
585 2254 1070 2327 pulchritidinem
1097 2254 1347 2325 fructus,
1379 2255 1818 2329 hominemque
1861 2257 1919 2310 et
1955 2252 2163 2322 oculis,

506 2347 563 2399 et
588 2343 794 2413 lingua
828 2345 1022 2406 traxit,
1075 2348 1139 2399 ut
1186 2343 1286 2399 illo
1335 2343 1529 2400 fructu
1582 2344 1895 2408 frueretur,
1951 2342 2055 2415 qui
2111 2340 2165 2398 ei

504 2448 795 2503 magnam
822 2433 1056 2490 cladem
1086 2432 1377 2489 allaturus
1424 2437 1570 2500 erat,
1607 2433 1659 2489 si
1700 2431 2165 2505 intemperantia

506 2521 775 2579 devictus
803 2522 1087 2578 eumdem
1120 2527 1438 2594 gustasset,
1471 2521 1639 2595 quod
1658 2525 1715 2578 et
1737 2521 1934 2578 evenit
1961 2537 1976 2589 ;
2016 2536 2162 2576 nam

505 2611 840 2667 succubuit.
893 2612 1037 2666 Cum
1092 2611 1254 2667 enim
1309 2611 1536 2667 fructus
1593 2611 1774 2682 hujus
1832 2608 2161 2666 assultibus

504 2699 679 2772 quasi
706 2699 1102 2767 obsideretur,
1135 2714 1354 2756 manus
1384 2699 1699 2773 cupiditati
1719 2699 1902 2766 dedit,
1927 2703 2161 2771 captus-

504 2803 622 2861 que
652 2793 708 2845 et
733 2788 794 2845 in
825 2789 1171 2845 servitutem
1197 2788 1477 2845 redactus
1508 2794 1600 2846 est
1626 2787 1851 2855 infelix,
1880 2792 1937 2845 et
1984 2788 2161 2843 mise-

503 2877 707 2934 rabilis
733 2878 955 2934 homo:
988 2880 1044 2933 et
1090 2893 1162 2933 ex
1215 2878 1330 2934 hoc
1388 2883 1657 2951 tempore
1705 2894 1741 2934 a
1788 2877 1953 2947 ligno
2001 2877 2159 2945 vitae,

504 2967 954 3038 exoptatissimo
975 2967 1074 3023 illo
1094 2966 1420 3024 victoribus
1446 2966 1716 3039 praemio,
1737 2966 1974 3033 excidit,
1998 2970 2055 3021 et
2082 2965 2160 3021 ab

505 3056 635 3125 ejus
648 3055 1079 3113 communione
1098 3055 1421 3128 repellitur,
1431 3055 1703 3127 abjectus
1731 3059 1788 3111 et
1809 3054 2159 3111 confusione

505 3144 722 3217 plenus
750 3162 762 3201 :
798 3145 994 3200 vivere
1018 3160 1162 3201 vero
1190 3145 1318 3216 jam
1344 3149 1658 3217 peccatum
1684 3144 1911 3217 incipit,
1943 3148 2001 3199 et
2051 3143 2160 3199 do-

502 3232 768 3289 minatur
798 3232 880 3289 ad
903 3233 1103 3289 Adam
1138 3248 1323 3303 usque
1354 3234 1436 3289 ad
1458 3233 1721 3304 Moysem
1741 3234 1806 3304 ¹⁰,
1850 3235 1914 3289 ut
1960 3231 2055 3288 ille
2099 3232 2161 3287 in

506 3321 728 3377 coelum
760 3326 965 3394 raptus
996 3321 1215 3377 Paulus
1244 3321 1501 3390 disserit,
1533 3337 1638 3393 per
1665 3323 1925 3392 Moysem
1964 3321 2161 3392 legem

502 3410 855 3482 intelligens,
886 3426 1023 3484 quae
1051 3410 1233 3482 hujus
1285 3410 1613 3467 ministerio
1646 3411 1847 3468 lsraeli
1877 3411 2022 3468 data
2050 3417 2159 3472 est.

502 3502 682 3555 Porro
705 3502 843 3557 vita
869 3498 1334 3572 appellationem
1352 3499 1568 3573 accipit
1585 3499 1849 3557 muliera
1871 3501 1999 3558 viro
2024 3507 2162 3574 post

502 3587 1044 3658 transgressionem
1081 3592 1138 3645 et
1166 3588 1647 3646 maledictionem
1680 3607 1693 3655 ;
1725 3605 1868 3647 nam
1901 3606 2039 3647 cum
2088 3607 2162 3647 ex

502 3678 724 3736 caelesti
752 3683 809 3735 et
851 3678 1180 3735 immortali
1234 3679 1358 3735 vita
1410 3678 1786 3743 excidissent,
1837 3680 1980 3736 facti
2024 3685 2164 3738 sunt

499 3766 678 3849 primi
709 3773 985 3840 parentes
1006 3767 1198 3824 nostri
1219 3771 1495 3823 auctores
1515 3767 1698 3837 hujus
1720 3772 1803 3824 tot
1829 3768 2162 3825 incommo-

500 3856 593 3913 dis
614 3861 673 3912 et
692 3856 952 3929 peccatis
973 3856 1254 3913 obnoxiae
1279 3857 1438 3913 vitta.
1462 3857 1533 3912 In
1556 3858 1978 3928 iniquitatibus
2005 3860 2160 3915 enim

500 3951 815 4016 conceptus
841 3961 994 4014 sum,
1027 3951 1079 4002 et
1103 3947 1166 4001 in
1203 3946 1466 4015 peccatis
1518 3946 1788 4015 concepit
1846 3962 1940 4003 me
1966 3953 2161 4004 mater

497 4049 630 4092 mea
660 4037 701 4073 ”
737 4034 1070 4108 Eva;quia
1089 4034 1226 4106 ipsa
1246 4038 1439 4090 mater
1459 4038 1551 4089 est
1597 4034 1891 4108 omnium,
1938 4035 2041 4108 qui
2095 4036 2159 4093 in

498 4124 613 4181 hac
637 4122 1008 4195 corruptioni
1038 4121 1314 4194 exposita
1336 4121 1459 4178 vita
1480 4122 1726 4194 degunt.

573 4211 711 4268 Haec
739 4210 986 4284 quidem
1012 4212 1074 4267 in
1101 4210 1265 4267 hunc
1291 4211 1543 4267 modum
1567 4229 1698 4269 sese
1717 4212 2027 4271 habebant
2054 4232 2067 4282 ;
2101 4219 2159 4271 et

500 4315 613 4370 ego
638 4314 762 4371 prte
780 4299 1023 4370 ignavia
1051 4299 1327 4372 implicor
1363 4305 1420 4356 et
1443 4300 1736 4374 illaqueor
1763 4300 1928 4371 ligno
1961 4306 2154 4360 scien-

2278 1809 2484 1883 ἀγώνων
2537 1812 2827 1884 καθίζοιτο,
2884 1818 2974 1865 καὶ
3036 1810 3195 1885 ἀργός
3251 1814 3329 1869 εἴη
3388 1814 3480 1863 καὶ
3528 1808 3882 1883 ἀγύμναστος.

2276 1904 2335 1953 τὸ
2389 1902 2492 1974 γάρ
2557 1909 2787 1954 τοιοῦτον
2856 1900 3150 1976 ἀπρόκοπον
3217 1904 3356 1973 μένει
3417 1904 3509 1952 καὶ
3587 1898 3889 1971 ἀστεφάνω-

2275 2009 2381 2043 τον.
2432 1990 2707 2065 Προύτεινε
2747 1994 2836 2064 μεν
2890 1991 2977 2043 οὖν
3027 1991 3095 2053 ὡς
3171 1985 3555 2064 τινας’χεξοας
3612 1992 3738 2065 πρὸς
3789 1992 3890 2052 τὰς

2274 2078 2438 2143 λαϐὰς
2498 2083 2556 2133 τὸ
2618 2079 2765 2143 ξύλον
2846 2087 2939 2142 τῆς
2993 2086 3255 2152 γνώσεως,
3311 2082 3405 2137 τήν
3474 2096 3529 2131 τε
3584 2077 3891 2150 γλυκύτητα

2275 2174 2365 2222 καὶ
2428 2174 2522 2228 τὴν
2561 2172 2858 2243 ὡραιότητα
2900 2177 2992 2221 τοῦ
3051 2175 3277 2242 καρποῦ,
3336 2169 3553 2220 καὶτὸν
3613 2168 3889 2243 ἄνθρωπον

2274 2262 2364 2312 καὶ
2403 2254 2476 2311 δι’
2520 2258 2793 2332 ὀφθαλμῶν
2862 2257 2992 2311 εῖλκι
3051 2262 3141 2311 καὶ
3198 2253 3294 2310 διὰ
3339 2256 3584 2328 γλώσσης
3632 2261 3704 2319 εἰς
3746 2254 3891 2309 ἀπό-

2271 2346 2458 2401 λαυσιν
2535 2355 2627 2400 τοῦ
2701 2355 2925 2423 καρποῦ.
3028 2346 3241 2400 "Exsere
3294 2349 3397 2420 γὰρ
3464 2365 3613 2399 τουτο
3671 2348 3888 2419 ἥττημα

2273 2433 2400 2488 εἶναι
2455 2444 2527 2507 τῷ
2582 2436 2971 2509 λιχνευσαμένῳ
3020 2440 3137 2509 περὶ
3203 2440 3296 2493 τὴν
3382 2433 3602 2509 βρῶσιν.
3673 2439 3885 2507 Γέγονεν

2272 2525 2426 2595 οὕτω,
2493 2530 2583 2577 καὶ
2644 2528 2886 2595 ἣττηται,
2909 2524 3269 2600 πολιορκηθεὶς
3304 2526 3406 2598 γάρ
3469 2520 3579 2585 ml;
3623 2531 3715 2576 τοῦ
3756 2544 3887 2599 καρα

2271 2624 2372 2668 ποῦ
2429 2614 2663 2677 ἀλλοναῑς
2711 2622 2900 2690 χεῖρας
2945 2610 3144 2668 δέδωκε
3192 2623 3253 2687 τῇ
3288 2616 3555 2686 ἐπιθυμίᾳ,
3596 2618 3687 2666 καὶ
3726 2614 3883 2683 ἑάλω,

2269 2710 2359 2757 καὶ
2413 2700 2738 2757 δεδούλωται
2768 2705 2793 2756 ὁ
2848 2702 3256 2778 βαρυσύμφορος
3321 2707 3409 2755 καὶ
3462 2701 3891 2765 πολυστένακτος

2270 2792 2550 2867 ἅνθρωπος.
2614 2793 2871 2847 Ἐντεῦθεν
2928 2800 3020 2845 τοῦ
3080 2792 3233 2855 ξύλου
3295 2799 3389 2865 τῇς
3454 2790 3587 2852 ζωῆς
3634 2798 3728 2843 τοῦ
3779 2812 3892 2845 πο-

2268 2882 2516 2936 λυεύκτου
2587 2881 2810 2935 επάθλου
2880 2890 2984 2943 τοῖς
3047 2880 3282 2943 νικὴταῖς
3348 2879 3729 2952 ἀποτυγχάνει,
3794 2886 3889 2935 καὶ

2268 2971 2564 3025 ἐκϐάλλεται
2670 2980 2758 3032 τῆς
2832 2971 3019 3025 τούτου

2268 3065 2732 3134 κατησχυμμένος·
2792 3061 2887 3133 ζῇν
2955 3057 3016 3113 δὲ
3055 3061 3086 3118 ἠ
3132 3059 3367 3134 ἁμαρτία
3414 3060 3737 3132 άπάρχεται,
3801 3064 3895 3112 καὶ

2272 3148 2538 3222 βασιλεύει
2607 3148 2706 3202 ἀπὸ
2766 3146 2942 3221 Ἀδὰμ
2989 3150 3083 3211 ἕως
3161 3148 3447 3215 Μωύσέως,
3526 3150 3595 3209 ὡς
3675 3148 3888 3220 ούρανο-

2270 3237 2446 3311 ϐάμων
2509 3238 2710 3302 Παῦλος
2804 3240 3175 3310 μυσταγωγεῖξ
3252 3242 3450 3290 Μωσέα
3520 3238 3880 3308 κατονομάζων

2268 3330 2356 3380 τὸν
2410 3325 2504 3380 διὰ
2555 3330 2740 3380 τούτου
2806 3324 3085 3400 δεδομένον
3135 3331 3289 3399 νόμον
3346 3324 3419 3398 τῷ
3469 3324 3688 3401 ισραηλ.
3734 3331 3889 3387 Ζωῆς

2271 3413 2331 3471 δέ
2375 3416 2561 3476 κλῆσιν
2611 3417 2640 3474 ἠ
2696 3421 2827 3488 γυνή
2876 3417 3009 3490 μετά
3050 3420 3144 3475 τὴν
3189 3413 3491 3490 παράϐασιν
3535 3421 3625 3468 καὶ
3673 3420 3767 3473 τήν
3798 3433 3895 3466 κα-

2268 3507 2429 3579 τάραν
2486 3508 2631 3579 παρά
2674 3513 2767 3559 τοῦ
2794 3502 2982 3579 ἀνδρὸς
3031 3501 3273 3577 δέχεται·
3350 3512 3442 3566 τῆς
3489 3506 3591 3579 γὰρ
3642 3504 3891 3578 ούρανίου

2269 3600 2358 3648 καὶ
2408 3594 2668 3648 ἀθανάτου
2741 3598 3039 3657 ἐκπεσόντες
3104 3594 3245 3655 ζωῆς
3306 3602 3402 3656 τῆς
3449 3593 3731 3667 ἑμπαθοῦς,
3799 3598 3893 3646 καὶ

3114 2970 3364 3044 μεθέξεως
3426 2974 3884 3043 τεταπεινωμένος,

2804 3240 3175 3310 μυσταγὼγεῖξ

2269 3684 2563 3759 ἑγαμάρτου
2650 3684 2700 3737 οἰ
2774 3686 3097 3759 προπάτορες
3180 3680 3483 3756 ἀρχηγέται
3582 3686 3888 3755 γεγόνασιν.

2272 3780 2353 3829 Ἐν
2453 3773 2692 3847 ἀνομίαις
2763 3778 2864 3847 γὰρ
2955 3772 3299 3845 συνελὴφθὴν,

2266 3869 2400 3925 τίαις
2487 3862 2677 3921 ἐκύησε
2748 3882 2808 3916 ut
2892 3864 2922 3920 ἡ
2992 3867 3168 3936 μήτηρ
3251 3880 3351 3934 μου
3436 3865 3563 3915 Εῦα·
3632 3860 3714 3913 ότι
3790 3865 3894 3914 αύτ

3403 3778 3493 3825 καὶ
3586 3770 3636 3824 ἐν
3722 3771 3893 3849 ἀμαρ-

2267 3958 2446 4026 μώτηρ
2549 3953 2761 4005 πάντων
2871 3958 2973 4004 τῶν
3059 3950 3264 4011 ζώντων
3355 3955 3450 4009 τὴν
3548 3951 3893 4026 φθειρομένων

2270 4043 2430 4104 ζωήν.

2336 4215 2467 4290 Εἶχε
2546 4219 2639 4290 μεν
2737 4215 2873 4269 οὕτω
2942 4221 3129 4269 ταῦτα·
3195 4219 3287 4269 καὶ
3344 4210 3749 4291 συμποδίζομαι
3809 4225 3890 4290 τῷ

2267 4306 2402 4379 ξύλῳ
2446 4314 2538 4367 τῆς
2584 4311 2817 4378 γνώσεως
2868 4308 2923 4358 ὲκ
2991 4307 3276 4380 ῥᾳθυμίας,
3337 4311 3427 4358 καὶ
3493 4304 3891 4361 κατολισθαίνω

499 4389 617 4457 tiae,
641 4393 699 4444 et
721 4404 866 4444 casu
891 4388 1060 4458 gravi
1082 4404 1316 4456 corruo,
1342 4394 1399 4446 et
1419 4407 1454 4447 a
1474 4390 1641 4461 ligno
1661 4391 1797 4447 vitte
1813 4391 2151 4463 abstrahor,

2270 4406 2455 4471 πτῶμα
2506 4394 2868 4467 παγχάλεπον,
2935 4398 3022 4446 καὶ
3094 4392 3380 4467 ἀφέλκομαι
3445 4401 3536 4447 τοῦ
3589 4403 3685 4458 τῆς
3736 4396 3890 4461 ζωῆς

492 4478 745 4550 jamque
771 4477 855 4534 nil
886 4478 1000 4535 nisi
1030 4479 1450 4536 mortalitatem
1485 4481 1744 4538 redoleo.
1796 4482 1950 4548 Quid
1993 4483 2154 4540 enim

498 4567 922 4624 immortalitas
972 4584 1110 4624 cum
1156 4569 1513 4626 mortalitate
1552 4586 1873 4627 commune
1935 4572 2154 4630 habet?

499 4657 773 4726 Exsurgit
804 4662 1007 4714 autem
1039 4657 1187 4713 mihi
1214 4658 1400 4715 altera
1417 4676 1491 4715 ex
1516 4665 1684 4731 parte
1706 4659 1869 4716 aliud
1895 4659 2149 4733 lignum,

496 4761 840 4820 manusque
868 4748 1150 4803 remissas
1192 4752 1249 4802 et
1286 4762 1486 4818 genua
1514 4747 1805 4805 dissoluta
1856 4766 1929 4807 ex
1978 4752 2154 4811 ruina

497 4835 726 4904 excitat;
746 4852 892 4893 nam
920 4837 1095 4907 virga
1125 4837 1371 4892 virtutis
1387 4852 1535 4892 crux
1560 4852 1596 4892 a
1619 4838 1839 4895 Davide
1860 4840 2022 4912 picta
2042 4846 2147 4899 est.

497 4926 691 4992 Quam
716 4943 853 4983 vero
877 4924 1252 4983 admirabilis
1282 4930 1370 4982 est
1389 4928 1789 4999 reparationis
1810 4930 1998 5002 ipsius
2023 4947 2151 4988 mo-

493 5015 609 5072 dus
632 5017 659 5072 ?
687 5019 1111 5073 Commovetur
1139 5016 1398 5088 propriis
1440 5016 1770 5074 visceribus
1806 5019 1887 5076 ad
1925 5022 2149 5078 miseri-

494 5106 764 5163 cordiam
794 5105 1081 5163 Dominus
1113 5112 1170 5162 et
1218 5106 1593 5177 Agonotheta
1644 5114 1892 5175 noster;
1951 5127 2149 5184 neque

493 5195 744 5251 sustinet
770 5193 969 5250 videre
998 5194 1353 5264 ﬁgmentum
1406 5211 1659 5253 manum
1694 5214 1941 5255 suarum
1973 5201 2147 5272 cujus

493 5285 689 5353 gratia
707 5287 891 5339 totam
908 5297 1108 5339 rerum
1122 5282 1597 5352 universitatem,
1612 5286 1979 5359 etquidquid
1993 5289 2053 5343 in
2074 5305 2147 5348 ea

494 5372 846 5443 continetur,
871 5370 1244 5445 condiderat,
1270 5372 1621 5430 daemonum
1642 5375 1926 5432 manibus
1952 5375 2140 5453 illudi,

566 5494 587 5531 ⁸
616 5493 769 5553 Psal.
800 5512 911 5564 CIX,
942 5500 995 5552 2.
1145 5498 1166 5533 ⁹
1200 5497 1344 5556 Gen.
1374 5514 1433 5568 ιι,
1465 5502 1552 5559 t7,
1667 5500 1712 5536 ¹⁰
1743 5502 1913 5558 Rom.
1948 5505 2001 5575 5,
2036 5506 2122 5563 14.

2266 4485 2440 4552 ξύλον,
2480 4489 2786 4558 νεκρότητος
2839 4472 2975 4542 ἤδη
3016 4482 3216 4543 ἀπόζω.
3277 4488 3341 4536 Τί
3387 4486 3489 4559 γὰρ
3544 4487 3715 4536 κοινὸν
3743 4484 3886 4539 ἀθα-

2261 4581 2421 4648 νασίᾳ
2475 4574 2565 4626 καὶ
2609 4576 2917 4641 θνητότητις
2987 4571 3359 4630 Ἀντανίστησι
3446 4569 3506 4625 δὲ
3580 4593 3673 4646 μοι
3729 4573 3884 4637 ξύλοο

2260 4667 2447 4739 ἕτερον,
2500 4668 2591 4715 καὶ
2646 4665 2835 4734 χεῖρας
2911 4659 3194 4733 ἀνειμένας,
3272 4666 3362 4714 καὶ
3408 4665 3602 4732 γόνατα
3652 4663 3883 4736 παραλεσ

2258 4753 2451 4827 λυμένα
2500 4751 2555 4804 ἐκ
2606 4759 2697 4804 τοῦ
2744 4750 3100 4822 ὀλισθήματος
3157 4749 3465 4823 παρακαλεῖ-
3526 4748 3724 4825 ράϐδος
3782 4757 3881 4806 καὶ

2257 4846 2359 4917 γὰρ
2419 4838 2742 4914 δυνάμεωςὸ
2798 4844 3023 4915 σταυρὸς
3074 4847 3146 4910 τῷ
3206 4835 3375 4893 Δαυῖδ
3431 4843 3661 4914 εἴρηται.
3720 4845 3880 4896 Καὶὸ

2257 4938 2448 5009 τρόπος
2532 4939 2623 4991 τῆς
2703 4928 3042 5005 ἀνορθώσεως
3122 4932 3192 4991 ὡς
3246 4931 3580 5002 θαυμαστός
3640 4937 3882 4987 Κινείται

2261 5023 2588 5095 σπλάγχνοις
2634 5022 2840 5080 οἰκείοις
2895 5020 2968 5081 εἱς
2996 5019 3130 5071 ἔλεον
3161 5022 3192 5070 ὅ
3243 5023 3509 5080 Δεσπότης
3560 5024 3651 5072 καί
3703 5026 3879 5094 ⁸Αγωι

2255 5114 2467 5174 νοθέτης
2515 5130 2638 5184 μου,
2689 5113 2780 5162 καὶ
2833 5109 2928 5160 ούκ
2975 5110 3222 5179 ἀνέχεται
3282 5106 3488 5181 βλέπειν
3535 5112 3595 5161 τὸ
3651 5109 3881 5184 πλάσμα

2254 5209 2355 5253 τῶν
2416 5205 2615 5254 οἰκείων
2670 5206 2887 5273 χειρῶν,
2948 5195 3074 5270 ὑπὲρ
3125 5205 3184 5249 οῦ
3227 5201 3321 5255 τὴν
3378 5199 3595 5250 πάντοτε
3642 5205 3711 5271 γῇ
3745 5220 3873 5253 συν-

2254 5290 2479 5353 επήξατο
2532 5285 2777 5363 σφαῖραν,
2815 5290 2905 5339 καί
2971 5285 3072 5338 ὃσα
3101 5286 3298 5349 ταύτης
3342 5279 3554 5339 ἔνδσθεν
3603 5290 3873 5363 φέρονται,

2251 5384 2413 5454 χερσὶ
2483 5374 2747 5451 δαιμόνων
2820 5377 3156 5450 παιζόμενον,
3222 5380 3314 5430 καὶ
3402 5378 3592 5431 ὡσανεὶ
3637 5387 3872 5457 σφαῖραν

2254 5505 2295 5541 ¹¹
2329 5502 2478 5563 Psal.
2509 5520 2564 5574 L,
2594 5509 2649 5563 7.
