4132 6374
317 246 422 301 640

1621 240 1695 303 ΙΝ
1730 234 2089 302 VIVIFICAM
2127 238 2429 301 CRUCEM.

3594 254 3699 309 650

313 370 451 422 κατὰ
508 375 613 441 γῆς
685 366 1004 440 κυλιόμενον,
1056 373 1147 423 καὶ
1226 372 1650 446 περισυρόμινον.
1724 374 1922 423 Γίνεται

2035 370 2093 424 et
2112 366 2273 424 velut
2298 367 2488 440 pilam
2526 368 2863 441 quamdam
2885 368 2947 426 in
3003 371 3163 428 terra
3212 370 3381 429 volvi
3419 377 3480 429 et
3507 376 3689 432 trahi.

314 462 482 512 τοίνον
541 460 568 510 ό
622 462 732 520 νέος
796 455 996 532 ’Δδαμ,
1047 464 1137 514 καὶ
1195 459 1534 535 ἐμφανίζεται
1598 468 1672 513 τῶ
1737 464 1923 532 κόσμῳ

316 546 835 623 ἁνθρωποτροπικῶς,
932 552 992 602 τό
1077 551 1355 624 θεοπρεπὲς
1432 551 1773 624 οἰκονομικῶς
1871 548 1919 601 ἓν

314 636 525 701 πολλοῖς
582 637 958 709 συγκαλύπτων
1032 635 1128 692 διὰ
1203 643 1292 693 τόν
1341 638 1635 698 ἀντίπαλον.
1698 645 1800 693 Καὶ
1859 636 1921 697 ἦν

313 729 609 801 ἓμπρακτος
659 734 812 780 τοῦτο
857 723 1186 781 διδασκαλία
1236 737 1309 800 τῷ
1377 731 1671 804 προπάτορι
1721 748 1923 801 μυστα-

311 820 627 889 γωγουμένῳ
716 812 1016 890 προδήλως,
1100 819 1239 881 ὅπως
1296 823 1388 872 καὶ
1464 818 1619 871 αὐτόν
1674 815 1782 872 ἔδει
1827 822 1921 876 την

311 904 483 963 πάλην
537 909 653 958 τότε
696 907 1199 978 μεταχειρίσασθαι,
1283 907 1343 960 Εἰ
1406 909 1509 983 γὰρ
1590 905 1709 979 ἐγὼ,
1766 912 1918 977 φησὶ,

312 997 455 1048 κατά
512 998 667 1068 φύσιν
720 998 850 1057 Θεὸς
902 995 970 1048 ὢν
1026 995 1123 1048 κάν
1183 1002 1292 1059 τοῖς
1344 996 1581 1071 οὐρανοῖς
1640 1004 1916 1068 κατοικῶν,

317 1084 387 1147 εἰς
410 1091 512 1156 γῆν
539 1086 791 1157 ἀφῖγμαι,
854 1089 946 1137 καὶ
992 1089 1158 1158 μέχρι
1193 1082 1382 1138 δούλου
1441 1095 1645 1160 μορφῆς
1699 1084 1920 1159 ἐμαυτὸν

313 1177 660 1243 ἑταπείνωσα,
690 1169 784 1226 διὰ
809 1178 862 1227 τί
898 1177 962 1226 σὺ
1001 1180 1181 1246 γηῖνον
1232 1174 1412 1228 ἑαυτὸν
1472 1172 1644 1244 εἰδως,
1696 1174 1917 1234 πηλίνηι

310 1262 482 1316 οὶκίαν
512 1267 776 1332 οἰκοῦντα,
830 1261 901 1316 ἐνὶ
949 1259 1235 1333 πηδήματι
1285 1273 1386 1316 τῶν
1439 1263 1691 1340 οὐρανίων
1760 1265 1922 1340 ὕπερ-

311 1354 396 1406 θεν
441 1350 676 1424 ἀντύγων
725 1351 1006 1427 ἕπειράθης
1059 1353 1474 1426 ὑπεράλλεσθαις
1545 1350 1761 1412 Ἐὃέησε
1818 1373 1922 1406 τοι·

307 1440 508 1517 γαροῦν
557 1445 645 1493 τὸν
699 1437 811 1494 ἶσον
840 1439 1015 1512 ἀγῶνα
1040 1443 1166 1516 ὑπὲρ
1222 1444 1370 1515 ἡμῶν
1419 1438 1780 1506 ἀναδέξασθαι
1830 1446 1918 1495 τὸν

309 1529 661 1603 ἀγωνοθέτην,
691 1535 783 1583 καὶ
824 1529 1076 1603 ἐντέχνως
1136 1531 1482 1585 ύποσκελίσαι
1525 1536 1611 1584 τὸν
1665 1534 1918 1608 ἡμέτερον

308 1626 658 1695 πτερνιστήν.

383 1712 627 1765 Φυτιύετε
679 1717 955 1785 τοιγαροῦν
1023 1709 1170 1773 ξύλον
1230 1710 1281 1763 ἐν
1339 1715 1482 1783 τόπῳ
1539 1716 1784 1786 Κρανίον.
1843 1714 1916 1764 Τὸ
1944 1712 1990 1777 Β

308 1794 371 1852 δε
412 1804 656 1873 Κρανίον,
710 1798 858 1871 λόγος
912 1797 1215 1872 φιλαλήθης,
1268 1801 1610 1874 προπάτοροσ
1666 1802 1920 1873 τυγχάνει

304 1884 507 1962 ’Δδὰμ,
537 1893 628 1941 καὶ
663 1889 852 1941 ὡσανεὶ
905 1886 984 1940 ἐπ’
1045 1888 1185 1960 αύτῷ
1230 1890 1382 1961 θεατῇ
1421 1892 1479 1941 τό
1517 1886 1734 1942 στάδιον
1768 1891 1922 1964 ύπέρ-

303 1997 464 2052 χεται
497 1985 591 2030 τοῦ
624 1976 993 2050 παλαίσματος
1027 1978 1052 2029 ό
1104 1983 1355 2051 Χριστός.
1392 1976 1450 2030 Ὀ
1483 1983 1684 2053 καρπὸς
1721 1975 1781 2031 δὲ
1814 1986 1906 2032 τοῦ

305 2068 461 2131 ξύλου
490 2069 680 2120 τούτου
718 2068 936 2129 θάνατος
979 2063 1041 2125 ἧν
1089 2063 1503 2140 προδηλότατος,
1570 2064 1737 2139 μηδὲν
1797 2079 1927 2140 προ·

1046 2153 1186 2229 μηδὲ
1270 2153 1495 2223 ἔνδοξον,
1579 2153 1796 2220 ἀδοξίαν
1862 2153 1923 2210 δὲ

1108 2252 1356 2319 φρονοῦσι
1432 2246 1499 2297 τὰ
1556 2253 1657 2296 τῶν
1718 2244 1915 2319 ἀνθρω-

306 2156 459 2215 ϐεϐλη
465 2161 587 2230 μένο
596 2177 617 2219 ς
678 2154 969 2229 ἐπαγωγόν,

307 2250 563 2318 μεγίστην
645 2249 737 2297 καὶ
834 2240 1027 2305 ὄνειδος

306 2354 406 2387 των
438 2378 452 2392 ,
536 2337 633 2388 Καὶ
724 2333 750 2385 ό
808 2336 898 2405 μὲν
964 2337 1159 2406 καρπός
1217 2331 1398 2395 ἐκεῖνος
1457 2341 1549 2394 τῆς

308 2426 497 2498 ὡραῖος
554 2420 617 2482 ἦν
678 2422 751 2484 ἑὶς
797 2423 980 2497 ὅρασιν
1032 2427 1124 2474 καὶ
1181 2421 1336 2483 καλός
1397 2421 1468 2484 εἰς
1522 2420 1744 2495 βρῶσιν,

302 2512 508 2583 ὑψηλὰς
593 2508 809 2572 ἐλπὶὸας
890 2520 985 2573 τῆς
1054 2512 1285 2574 θεώσεως
1340 2514 1673 2584 προύτεινεν·
1759 2513 1786 2564 ό
1853 2509 1916 2565 δὲ

307 2606 613 2675 σταυρικός,
687 2600 982 2653 τούναντίον
1061 2600 1216 2671 ἅπαν,
1311 2602 1447 2653 ὥστε
1502 2600 1741 2676 πόρρωθν
1834 2604 1922 2653 τόν

304 2692 526 2746 Ἠσαῖαν
615 2698 797 2744 τοῦτον
877 2687 1072 2762 ἰδόντα,
1132 2696 1223 2743 καὶ
1294 2692 1651 2762 παθηνάμενον
1710 2690 1912 2762 λέγειν·

306 2778 532 2854 Εἰδομεν
590 2780 764 2847 αύτόν,
825 2785 917 2832 καὶ
969 2779 1062 2832 ούκ
1121 2775 1262 2851 εἶχεν
1321 2775 1461 2841 εἶδος
1520 2775 1645 2831 οὐδὲ
1702 2779 1911 2846 κάλλος,

312 2870 445 2923 ἀλλά
527 2874 585 2923 τό
661 2866 740 2922 εἶδ’
744 2889 799 2931 ος

314 2961 512 3019 πάντας
560 2956 823 3033 ανθρώπου
835 2978 856 3020 ς
868 3001 882 3015 .

323 3046 476 3111 ξύλου
502 3049 688 3099 τούτου
734 3050 955 3124 καρπός,
1010 3045 1138 3098 ἀλλὰ
1195 3066 1284 3099 και
1356 3050 1640 3121 πικραίνων
1693 3051 1786 3105 τὴν
1839 3052 1917 3099 αί-
1950 3078 1989 3134 C

320 3139 535 3195 σθησιν.
589 3137 757 3195 Χολην
807 3139 907 3210 γὰρ
964 3134 1218 3196 ἁπέϐλυζε
1260 3156 1273 3169 ι
1320 3137 1387 3187 τὰ
1438 3137 1537 3210 γὰρ
1597 3135 1791 3207 γλυκεα
1843 3146 1943 3208 τῷλ

1630 2339 1872 2405 γνώσεως
1906 2378 1921 2402 ,

1830 2428 1920 2476 καὶ

687 2600 982 2653 τούναντίον
1061 2600 1216 2671 ἅπαν,

898 2868 1059 2921 αὐτοῦ

963 2962 1064 3010 Καὶ
1148 2957 1207 3009 ού
1278 2961 1431 3029 μόνον
1490 2953 1677 3019 ἄδοξος
1740 2958 1766 3008 ὁ
1821 2966 1913 3011 τοῦ

1157 2869 1365 2940 οῖτιμον,
1453 2866 1682 2920 ἐκλεῖπον
1774 2872 1919 2943 παρὰ

311 3230 608 3302 προπάτορι
652 3227 724 3289 εἰς
779 3226 946 3299 χολὴν
998 3225 1228 3301 ἐστράφη
1266 3234 1338 3296 τῷ
1388 3230 1481 3284 τὴν
1540 3234 1741 3278 πτῶσιν
1797 3231 1918 3280 τού-

309 3336 402 3369 του
432 3314 844 3368 ἀναπαλαίοντιο
899 3318 989 3367 καὶ
1046 3320 1277 3386 γίνονται
1328 3316 1395 3367 τὰ
1457 3314 1661 3367 ἐναντία
1723 3316 1922 3389 ἰάματα

308 3414 414 3457 τῶν
489 3404 749 3472 ἐναντίων,
818 3409 909 3457 καὶ
961 3405 988 3455 ὁ
1044 3406 1345 3477 πικρωθεὶς
1396 3404 1555 3464 σώζει
1611 3408 1697 3456 τόν
1757 3402 1920 3464 ἡδυν-

311 3496 467 3547 θέντα
515 3502 589 3565 τῷ
645 3493 785 3565 καλῷ
850 3496 980 3567 πρὸς
1035 3491 1237 3567 βρῶσιν
1299 3502 1505 3567 καρπῷ,
1555 3497 1645 3545 καὶ
1703 3494 1920 3547 ἑκουσία

304 3585 581 3655 γύμνωσις
645 3586 705 3635 τό
763 3590 859 3644 τῆς
912 3583 1107 3655 φθορᾶς
1150 3577 1349 3653 ἔνδυμα
1432 3584 1720 3654 θεραπεύει,
1774 3584 1916 3635 καιό

304 3669 497 3735 ἄδικος
528 3674 745 3733 θάνατος
779 3676 865 3724 ,τόν
924 3669 1133 3724 δίκαιον
1185 3670 1403 3744 ἀναιρεῖ,
1453 3676 1543 3723 καὶ
1610 3675 1668 3723 τὸ
1736 3671 1909 3739 ξύλον,

301 3767 367 3815 τὸ
438 3768 618 3839 πρώην
672 3760 927 3837 ἐπάρατον
975 3766 1065 3813 καὶ
1118 3762 1477 3826 θανατοποτόν,
1536 3764 1605 3820 εὶς
1667 3759 1907 3831 εὐλογίαν

304 3849 641 3923 ἀποτελευτᾷ,
679 3854 769 3902 καὶ
801 3850 940 3911 ζωὴν
968 3856 1172 3902 αἰώνιον
1209 3848 1500 3902 ἀναϐάλλει.

2034 455 2308 513 Nascitur
2356 471 2500 528 ergo
2564 472 2758 514 novus
2820 459 3034 528 Adam,
3085 460 3443 535 mundoque
3499 463 3697 536 specie

2033 544 2305 602 humana
2329 545 2671 613 innotescit,
2690 546 2957 603 divinam
2976 548 3375 620 majestatem,
3399 555 3562 609 certa
3575 552 3697 608 dis-

2033 636 2386 708 pensatione
2414 636 2476 692 in
2502 636 2705 693 multis
2729 641 2933 709 tegens
2956 637 3036 694 ob
3058 638 3496 697 adversarium.
3522 642 3698 708 Quod

2033 725 2232 796 primo
2284 725 2519 798 parenti
2564 724 2826 782 eiﬁcacis
2880 726 3266 783 institutionis
3329 729 3464 786 loco
3521 735 3692 802 erat;

2033 812 2262 885 quippe
2282 814 2596 886 perspicue
2627 813 2862 882 edocto,
2895 815 3207 887 quomodo
3237 820 3295 872 et
3320 817 3522 889 ipsum
3553 824 3698 875 tunc

2033 901 2113 957 ad
2138 916 2408 973 pugnam
2430 901 2658 973 accingi
2681 903 3029 975 oportuerit.
3052 904 3111 960 Si
3135 904 3297 960 enim
3319 921 3449 976 ego,
3478 907 3691 979 inquit,

2032 990 2137 1064 qui
2166 994 2384 1048 natura
2440 994 2593 1048 Deus
2621 1008 2776 1063 sum,
2828 998 2886 1049 et
2930 993 2991 1048 in
3031 993 3196 1050 cmlis
3220 993 3449 1061 habito,
3483 996 3545 1052 in
3582 1001 3696 1054 ter-

2031 1094 2165 1136 ram
2184 1079 2492 1147 descendi,
2522 1085 2579 1138 et
2595 1097 2786 1154 usque
2807 1082 2886 1138 ad
2906 1082 3168 1140 formam
3185 1084 3340 1140 servi
3362 1100 3458 1141 me
3480 1086 3697 1142 demisi

2033 1175 2092 1226 et
2118 1170 2332 1243 abjeci,
2364 1187 2552 1245 quare
2583 1176 2665 1244 tu,
2726 1172 2832 1245 qui
2860 1178 2912 1229 te
2954 1178 3293 1231 terrestrem
3318 1191 3470 1244 esse,
3531 1180 3588 1233 et
3634 1177 3698 1234 in

2029 1258 2192 1316 lutea
2206 1259 2391 1317 domo
2411 1260 2683 1318 habitare
2700 1276 2826 1318 non
2841 1262 3190 1334 ignorabas,
3209 1279 3332 1321 uno
3344 1265 3498 1322 saltu
3516 1281 3698 1339 super

2030 1362 2245 1404 omnes
2265 1348 2537 1406 caelestes
2568 1349 2747 1407 orbes
2772 1350 2993 1407 saltare
3040 1355 3294 1408 conatus
3325 1369 3391 1408 es
3410 1354 3438 1410 ‘2
3469 1355 3693 1420 Quam-

2031 1436 2243 1495 obrem
2272 1453 2519 1496 necesse
2566 1437 2697 1503 fuit,
2730 1443 2795 1495 ut
2854 1438 2990 1512 ipse
3039 1441 3445 1511 Agonothetes
3492 1450 3696 1500 noster

2030 1541 2241 1598 parem
2272 1542 2383 1599 pro
2404 1526 2582 1583 nobis
2612 1542 2885 1601 pugnam
2914 1527 3109 1597 iniret,
3147 1545 3412 1604 eumque
3441 1532 3547 1603 qui
3572 1530 3694 1589 cal-

2029 1630 2286 1671 caneum
2308 1619 2576 1672 nostrum
2601 1616 2902 1683 observat,
2917 1617 3235 1674 artiﬁciose
3253 1618 3690 1691 supplantaret.

2103 1706 2421 1776 Eapropter
2454 1705 2690 1775 lignum
2737 1705 3044 1777 plantatur
3083 1706 3145 1762 in
3200 1705 3336 1764 loco
3382 1707 3689 1765 Calvariaa.

2033 1795 2165 1848 meo
2191 1808 2332 1849 vero
2364 1793 2655 1860 Calvaria,
2690 1800 2755 1850 ut
2808 1810 2953 1851 vera
2981 1795 3219 1851 traditio
3269 1795 3473 1864 habet,
3515 1797 3693 1869 primi

2027 1880 2292 1954 parentis
2321 1880 2670 1948 Adamiest,
2706 1898 2831 1955 quo
2868 1883 3030 1940 velut
3065 1888 3398 1956 spectatore
3436 1885 3693 1955 ingredi-

2033 1975 2129 2026 tur
2162 1970 2431 2028 Christns
2488 1970 2753 2028 stadium
2810 1972 3134 2046 locumque
3209 1974 3570 2030 certaminis.
3623 1979 3695 2032 At

2031 2061 2258 2117 fructus
2286 2060 2433 2131 ligni
2489 2061 2671 2133 hujus
2715 2077 2879 2118 mors
2909 2068 3035 2119 erat
3086 2063 3421 2121 certissima
3454 2068 3515 2121 et
3546 2080 3692 2136 prae-

2034 2148 2417 2216 sentissima;
2447 2150 2615 2220 nihil,
2647 2150 2815 2223 quod
2844 2167 3114 2208 recreare
3143 2157 3368 2224 posset,
3420 2152 3689 2225 nihilque

2034 2238 2238 2310 gloriae
2267 2239 2599 2307 continens,
2634 2240 2780 2312 quin
2810 2240 3013 2312 potius
3042 2240 3223 2312 plena
3270 2241 3593 2298 dedecoris.
3632 2248 3693 2301 et

2034 2327 2363 2401 opprobrii,
2381 2327 2610 2399 judicio
2630 2328 2890 2399 illorum,
2918 2329 3023 2402 qui
3042 2331 3315 2387 humana
3338 2335 3691 2389 tantumsa-

2034 2416 2222 2489 piunt.
2286 2420 2352 2472 Et
2407 2416 2635 2473 fructus
2694 2417 2789 2472 ille
2836 2419 3084 2490 quidem
3134 2419 3395 2475 scientiae
3443 2419 3693 2492 pulcher

2033 2510 2160 2562 erat
2188 2506 2338 2574 visu,
2371 2506 2756 2576 etjucundus
2783 2512 3048 2577 gustatu,
3095 2514 3151 2565 et
3176 2510 3504 2579 magniﬁca
3534 2510 3691 2566 divi-

2031 2593 2232 2650 uitatis
2263 2593 2671 2666 adipiscendae
2721 2610 2830 2667 spe
2859 2595 3170 2668 implebat.
3203 2601 3276 2652 At
3326 2600 3527 2663 crucis,
3571 2598 3690 2653 fru-

2032 2689 2162 2737 ctus
2187 2683 2485 2739 contrario
2505 2699 2756 2756 prorsus
2779 2686 2962 2741 modo
2995 2701 3125 2741 sese
3148 2686 3356 2743 habuit
3381 2703 3394 2752 ;
3423 2694 3489 2743 ut
3510 2687 3692 2744 tsaias

2030 2771 2269 2827 eminus
2303 2772 2586 2828 eumdem
2610 2773 2994 2844 conspicatus
3022 2779 3080 2831 et
3098 2775 3418 2845 miseratus
3440 2776 3688 2833 dixerit:

2043 2863 2309 2918 Vidimus
2343 2864 2538 2924 illum,
2562 2869 2616 2920 et
2639 2879 2759 2919 non
2780 2863 3030 2920 habebat
3049 2866 3332 2935 formam,
3357 2882 3544 2937 neque
3556 2868 3692 2937 pul-

2029 2952 2454 3016 chritudinem,
2482 2954 2585 3010 sed
2616 2955 2836 3024 species
2857 2956 3025 3010 illius
3056 2957 3183 3011 sine
3217 2956 3442 3012 honore
3468 2959 3591 3027 fuit
3623 2959 3688 3024 ’³,

2028 3047 2114 3111 ut,
2168 3041 2335 3115 quod
2366 3043 2444 3098 ad
2493 3042 2658 3099 illam
2712 3043 2936 3111 attinet,
2999 3045 3286 3100 omnibus
3341 3045 3693 3105 hominibus

2029 3130 2225 3187 forma
2254 3131 2495 3188 inferior
2524 3132 2715 3188 fuerit.
2748 3135 2951 3204 Neque
3005 3133 3204 3190 solum
3252 3134 3481 3191 fructus
3512 3136 3695 3206 hujus

2031 3219 2264 3277 arboris
2291 3220 2580 3292 inglorius
2627 3220 2756 3291 fuit,
2814 3220 2922 3278 sed
2975 3226 3033 3278 et
3089 3239 3333 3285 sensum
3408 3224 3695 3282 amaritu-

2030 3309 2170 3365 dine
2209 3309 2449 3378 infecit;
2482 3326 2629 3366 nam
2658 3309 2735 3366 fel
2780 3310 3082 3375 stillabat;
3114 3328 3252 3384 qua:
3306 3312 3466 3369 enim
3496 3314 3696 3386 primo

2029 3397 2262 3469 parenti
2306 3398 2470 3453 fuere
2500 3397 2721 3467 dulcia,
2763 3414 2834 3455 ea
2882 3399 2943 3455 in
2990 3398 3068 3456 fel
3102 3416 3396 3456 conversa
3424 3406 3564 3457 sunt
3619 3401 3694 3470 ei,

2027 3486 2134 3557 qui
2163 3502 2373 3542 casum
2399 3486 2557 3541 illius
2599 3488 2920 3558 reparavit,
2948 3487 3222 3560 ﬁuntque
3255 3490 3697 3547 contrariorum

2028 3574 2332 3632 contraria
2380 3574 2843 3644 medicamenta,
2879 3581 2937 3631 et
2991 3575 3044 3631 is
3090 3576 3197 3647 qui
3226 3577 3696 3635 amaritudinem

2025 3670 2305 3737 expertus
2336 3668 2445 3730 est,
2474 3668 2678 3719 servat
2702 3663 2871 3720 illum
2913 3665 3017 3736 qui
3049 3664 3299 3736 pulchro
3332 3666 3530 3722 fructu
3563 3683 3697 3724 sese

2022 3754 2369 3818 oblectaret,
2404 3757 2459 3807 et
2503 3751 2855 3808 voluntaria
2884 3753 3127 3808 nuditas
3176 3755 3580 3827 corruptionis
3610 3757 3674 3812 in

2025 3845 2389 3899 dumentum
2417 3845 2605 3907 curat,
2639 3857 2925 3913 morsque
2954 3841 3183 3913 injuste
3190 3843 3421 3914 justum
3440 3844 3698 3926 perimit,

298 3944 363 3997 et
388 3939 621 4010 lignum
666 3939 799 4010 jam
841 3938 1073 4011 pridem
1101 3937 1542 3995 exsecrandum
1581 3941 1638 3993 et
1689 3936 2069 3993 mortiferum
2116 3931 2179 3988 in
2230 3929 2715 3986 benedictionem
2770 3930 3008 3997 desinit,
3068 3932 3378 4004 vitamque
3409 3939 3697 3990 aeternam

297 4029 605 4103 producit.

362 4116 646 4171 Κὰντεύθιν
744 4113 1230 4190 παιδαγωγούμεθα
1338 4118 1469 4192 πρὸς
1550 4118 1635 4168 τόν
1760 4118 1926 4188 μέγαν

291 4205 496 4279 ἀγῶνα,
555 4212 647 4260 καὶ
704 4205 1110 4278 ἐπιγινωσκομεν
1151 4210 1243 4263 τὴν
1310 4202 1533 4278 μέθοδον
1584 4212 1676 4256 τού
1736 4203 1926 4257 παλαὶ-

300 4315 526 4368 σματος·
588 4301 680 4349 καὶ
742 4297 1063 4369 μανθάνομεν
1115 4298 1181 4347 τα
1253 4291 1515 4353 ἡδύνοντα
1597 4296 1787 4362 πάντα,
1860 4286 1926 4344 ὡς

1550 4118 1635 4168 τόν

297 4381 562 4457 ὀδυνηρά,
624 4387 1000 4459 παρατρέχειν,

298 4481 399 4527 τοῦ
446 4477 671 4546 κόσμου,
747 4475 831 4526 ἵνα
919 4477 988 4545 μὴ
1062 4475 1163 4545 ἔχη
1259 4475 1635 4547 κοσμοκράτωρ
1732 4470 1917 4534 λαϐάς·

299 4564 696 4635 ύπερεύχεσθαι
744 4566 1072 4636 ἐπηρεαοτῶν
1145 4564 1216 4623 ὡς
1270 4563 1567 4634 εὐεργετῶν,
1617 4560 1678 4613 ἆν
1739 4557 1921 4634 διαμε-

299 4652 557 4727 ρίζωνταί
584 4671 717 4714 τινες
744 4655 811 4704 τὰ
855 4654 1040 4724 ἱμάτια
1092 4654 1160 4703 τα
1216 4649 1271 4701 ἐκ
1319 4658 1411 4711 τῆς
1458 4653 1762 4724 τετρακτύος
1818 4659 1917 4702 τῶν

306 4747 594 4813 στοιχείων
650 4740 1106 4814 συμπεπλεγμένα,
1185 4738 1306 4812 μηδ’
1379 4738 1803 4811 ἐπιστρέφεσθαι·
1870 4743 1921 4790 τί

303 4832 413 4903 γὰρ
445 4829 506 4881 ἂν
566 4834 657 4883 καὶ
708 4828 964 4902 βλάψειαν
1015 4835 1108 4881 τοῦ
1165 4829 1357 4880 ἄνωθεν
1412 4826 1776 4899 ἐξυφασμένου
1833 4847 1923 4898 χι.

298 4930 488 4991 τῶνος,
516 4925 647 4994 φημὶ
670 4928 761 4981 τῆς
788 4918 992 4991 ψυχῆς,
1051 4922 1189 4971 σὼου
1246 4921 1337 4969 καὶ
1401 4915 1662 4991 ἀρραγούς
1737 4912 1924 4988 διαμέ-

299 5026 524 5078 νοντος;
594 5013 681 5062 τὸν
753 5011 968 5061 θάνατον
1050 5007 1201 5060 τύτὸν
1273 5008 1343 5068 ὡς
1406 5008 1527 5079 ὄναρ
1588 5003 1917 5076 λογίζεσθαι.

296 5100 496 5157 Ἔσται
552 5101 652 5174 γὰρ
711 5098 834 5151 ὃταν
892 5094 1305 5169 ὃιυπνισθῶμεν,
1355 5098 1443 5147 καὶ
1496 5099 1585 5153 τὴν
1642 5092 1920 5170 ἁνέσπερον

301 5195 508 5265 ἡμέραν
554 5188 792 5261 ὀψόμεθα
842 5191 934 5240 καὶ
1013 5188 1369 5258 κατάσχωμεν
1429 5183 1673 5255 ἀσφαλῶς
1725 5187 1820 5242 τὴν
1872 5182 1920 5235 ἐν

304 5285 463 5335 νυκτὶ
483 5285 578 5334 τοῦ
619 5276 740 5353 βίον
768 5275 1153 5351 φανταζομένην
1185 5277 1310 5348 ἡμῖν
1337 5271 1638 5348 βασιλείαν.

396 5575 445 5613 ιε
474 5574 597 5643 Isa,
628 5570 767 5643 ιω,
793 5573 846 5625 2.

684 5635 937 5700 PAIBOL.
980 5639 1081 5697 Gn.
1125 5635 1276 5694 CXL.

2110 4111 2253 4175 Quae
2284 4108 2490 4166 omnia
2519 4108 2598 4165 ad
2647 4108 2860 4179 ingens
2892 4113 3195 4166 certamen
3225 4126 3337 4166 nos
3386 4111 3690 4179 erudiunt,

2038 4202 2095 4254 et
2110 4198 2250 4255 hinc
2271 4214 2491 4271 pugnae
2515 4198 2805 4255 rationem
2824 4200 3268 4270 cognoscimus,
3287 4200 3695 4273 discimusque

2035 4288 2242 4344 omnia
2279 4288 2552 4359 jucunda
2583 4292 2646 4344 ut
2676 4287 2860 4345 tristia
2899 4294 2956 4344 et
2987 4288 3207 4346 acerba
3233 4290 3537 4360 defugere,
3570 4307 3694 4363 quo

1081 4387 1272 4456 γυμνοὶ
1354 4384 1708 4456 προσθαθείας
1792 4384 1922 4435 εἶναι

2033 4376 2181 4432 nudi
2212 4376 2399 4432 simus
2430 4377 2508 4432 ab
2536 4376 2705 4432 omni
2726 4392 2869 4446 erga
2916 4378 3219 4434 mundum
3248 4377 3587 4449 affectione,
3619 4396 3694 4437 ne

2031 4467 2313 4538 princeps
2343 4465 2526 4537 hujus
2558 4466 2769 4521 mundi
2810 4468 3192 4524 occasionem
3246 4468 3536 4524 adversus
3581 4485 3695 4526 nos

2030 4555 2307 4628 accipiat.
2340 4554 2633 4610 Discimus
2683 4554 2857 4611 etiam
2916 4555 3056 4613 hinc
3101 4574 3273 4613 orare
3326 4573 3436 4630 pro
3489 4558 3561 4614 iis
3589 4558 3694 4629 qui

2029 4660 2141 4699 nos
2161 4643 2390 4699 laedunt
2418 4649 2709 4716 tanquam
2739 4660 2850 4717 pro
2880 4644 3368 4703 benefactoribus
3393 4666 3406 4703 :
3439 4652 3498 4703 et
3547 4647 3695 4704 nihil

2030 4732 2275 4799 morari,
2309 4733 2356 4788 si
2386 4733 2490 4805 qui
2521 4733 2795 4790 dividant
2827 4736 3180 4791 vestimenta
3208 4752 3279 4791 ex
3310 4736 3696 4808 quadruplici

2030 4821 2467 4879 elementorum
2499 4822 2646 4879 serie
2671 4829 3094 4893 coagmentata
3119 4842 3132 4891 ;
3165 4825 3313 4896 quid
3335 4825 3493 4881 enim
3514 4841 3693 4881 nocu-

2031 4910 2218 4967 menti
2264 4910 2481 4967 inferre
2525 4917 2773 4983 queant,
2831 4913 2879 4968 si
2924 4912 3125 4968 tunica
3169 4913 3402 4983 superis
3456 4913 3518 4969 in
3576 4914 3696 4968 oris

2032 5003 2214 5069 texta,
2236 5001 2442 5058 anima
2466 5001 2739 5074 inquam,
2765 5001 2932 5057 salva
2962 5006 3019 5057 et
3036 5001 3271 5071 integra
3297 5002 3696 5073 permaneat?

2033 5089 2329 5148 Discimus
2356 5089 2618 5162 denique
2660 5090 2858 5162 ipsam
2890 5093 3144 5145 mortem
3192 5094 3491 5161 tanquam
3533 5106 3695 5146 som-

2031 5178 2203 5234 nium
2223 5178 2539 5251 quoddam
2567 5183 2863 5251 reputare.
2898 5177 3017 5234 Erit
3057 5177 3216 5234 enim
3264 5183 3504 5249 tempus
3557 5195 3697 5235 cum

2033 5267 2530 5341 expergeﬁemus,
2565 5266 2848 5339 diemque
2879 5266 3008 5323 sine
3032 5283 3286 5339 vespera
3304 5267 3696 5339 intuebimur,

2035 5374 2364 5431 secureque
2393 5356 2830 5430 occupabimus
2859 5356 3027 5428 illud,
3060 5357 3231 5430 quod
3272 5357 3335 5414 in
3381 5365 3556 5417 nocte
3585 5361 3694 5417 hu-

2026 5449 2131 5522 jus
2156 5447 2291 5505 vitae
2321 5447 2525 5505 animo
2555 5449 2612 5503 et
2639 5445 2998 5518 cogitatione
3019 5447 3413 5522 concepimus
3442 5464 3700 5523 regnum

3382 5631 3445 5687 21
