4132 6382
462 257 568 314 σει
1645 231 1968 292 ΘΕΒΜΛΝΙ
2007 228 2054 282 Il

2237 223 2727 296 PATRIARCHE.
2803 212 2805 215 I
3733 246 3836 299 252

531 378 761 445 Videte,
785 373 985 448 qualis
1034 369 1245 427 schola
1281 364 1518 424 virtutis
1547 362 1624 418 sit
1683 374 1851 415 crux.
1895 352 2119 448 Videte,
2151 377 2163 404 Δ

2199 397 2242 448 ,Δ
2306 350 2487 428 Ὀρᾶτε
2585 364 2692 416 οἷον
2765 365 2954 438 ἀρετῆς
3043 363 3422 442 παιδευτήριον
3479 367 3507 418 6
3584 370 3831 440 σταυρὸς.

463 485 590 545 quo
620 441 774 525 ferat
797 441 1129 520 imitatores
1161 455 1376 515 Christi
1411 450 1740 510 cruciﬁxio.
1789 448 1857 501 ln
1904 441 2095 498 coelun

2249 452 2416 521 Ορᾶτε
2444 458 2516 509 πῆ
2537 457 2688 545 piper.
2711 459 2833 517 τοὺς
2861 458 3099 528 μιμητὰς
3129 457 3158 513 ἡ
3219 441 3317 508 τοῦ
3369 463 3606 529 Χριστοῦ
3666 457 3834 508 σταύ-

467 533 770 626 subducit,
804 551 939 610 caeli
969 550 1130 606 cives
1178 546 1340 615 facit,
1372 543 1644 599 haeredes
1676 536 1906 594 Christi.
1931 533 2099 598 Quan

2234 553 2412 626 ρινσις.
2491 539 2578 600 Εἰς
2639 541 2857 614 ούρατόν
2923 543 3121 616 ἀνάγει.
3199 543 3621 615 Οὑρανοπολίτας
3675 549 3835 607 ποιεῖ,

467 621 852 705 adorandum
881 640 1030 697 mihi
1069 639 1185 694 hoc
1238 635 1493 704 lignum,
1547 644 1737 702 quam
1780 621 2099 680 colendum

2234 624 2584 696 κληρονόμους
2651 639 2906 705 Χριστοῦ.
2950 632 3038 693 Ὠς
3091 638 3452 706 προσκυνητόν
3502 653 3592 705 μοι
3621 635 3680 684 τὸ
3743 632 3838 694 ξύ-

467 751 654 811 quam
666 733 1083 791 venerandum
1099 728 1112 784 ι
1143 730 1207 782 ut
1248 739 1360 794 ego
1380 721 1527 778 illud
1545 722 1818 790 reputem
1839 729 1948 786 pro
1966 708 2099 766 scala

2236 712 2320 811 λον
2349 723 2522 811 τοῦτο,
2579 720 2648 779 ὡς
2700 719 2992 790 ἀσπαστόν,
3045 724 3110 782 ὡς
3175 720 3480 794 σεϐάσμιον,
3545 725 3609 782 ὡς
3676 723 3840 792 ἔγωγε

466 803 570 884 illa
593 825 779 882 ccelos
827 823 1129 890 tangente,
1176 817 1235 871 in
1265 829 1390 886 qua
1431 810 1698 867 Christus
1723 805 1965 860 innixus
2019 803 2098 856 est

2237 822 2326 854 και
2390 824 2457 864 εις
2511 806 2840 880 οὐρανομήκη
2901 818 3050 862 τοῦτο
3125 811 3508 882 θεαμάτίζομαι
3582 810 3839 882 κλίμακα,

471 919 734 972 Mortuus
763 911 927 969 enim
973 923 1084 980 pro
1135 910 1257 960 vita
1284 917 1424 958 mea
1473 900 1534 954 in
1565 911 1739 953 cruce
1793 891 2103 949 tenebatur

2239 891 2286 980 ἦν
2399 899 2625 964 Χριστὸς
2703 899 3073 971 ὑπεστηρικτο.
3124 903 3322 972 Νεκρὸς
3377 903 3477 974 γὰρ
3549 901 3676 973 ὑπὲρ
3745 908 3841 960 τῆς

471 1021 640 1062 more
669 1000 955 1066 hominis,
977 979 1038 1054 et
1061 996 1121 1052 in
1141 992 1353 1050 eadem
1381 990 1658 1046 ﬁrmatus
1683 989 1791 1050 est,
1815 998 1890 1038 ne
1921 980 1998 1036 ad
2021 986 2103 1034 ter

2240 979 2364 1052 ἐμῆς
2417 983 2559 1046 ζωῆς
2604 992 2828 1058 γεγονὼς
2905 997 2977 1059 τῷ
3033 997 3244 1062 σταυρῷ
3311 993 3581 1060 συνείχετο
3641 987 3843 1061 ἀνθρω-

472 1111 606 1152 ram
635 1094 880 1165 propter
907 1100 1129 1158 corpus
1157 1094 1466 1149 exsangue
1495 1076 1813 1132 inclinatus
1832 1067 2104 1126 decidere

2239 1076 2540 1165 ποπρεπὲς,Δ
2569 1079 2658 1165 καὶ
2715 1072 2996 1150 ἡδράζετο,
3053 1082 3125 1148 μὴ
3181 1083 3271 1130 καὶ
3322 1078 3651 1152 καταῤῥεύση
3710 1081 3846 1150 πρὸς

471 1186 546 1253 is,
599 1159 707 1256 qui
751 1159 1077 1235 divinitate
1153 1171 1360 1228 omnia
1433 1164 1849 1238 complectitur
1889 1160 2103 1230 vitaqul

2240 1167 2338 1230 γῆν
2382 1159 2696 1225 ὑπενδιδούς
2749 1161 2841 1217 διὰ
2887 1170 2944 1218 τό
2997 1165 3234 1237 ἄψυχον,
3277 1168 3387 1238 ότῇ
3439 1169 3644 1223 θεότητι
3674 1169 3851 1218 πάντα

474 1250 691 1330 functis
715 1269 900 1325 vitam
927 1263 1195 1336 inspirat.
1229 1258 1441 1328 Angeli
1469 1270 1608 1312 vero
1630 1250 2045 1310 ascendebant
2076 1262 2106 1300 e

2245 1255 2480 1336 συνέχων
2528 1259 2618 1306 καὶ
2673 1261 2783 1316 τοῖς
2847 1262 3045 1330 νεκροῖς
3100 1254 3325 1327 ἐμπνέων
3386 1259 3542 1318 ζωήν.
3599 1255 3851 1326 Ἄγγελοι

475 1358 924 1420 descendebant
952 1334 1060 1427 per
1074 1352 1233 1408 hanc
1259 1347 1486 1405 scalam
1498 1387 1511 1402 .
1531 1340 1953 1400 Ascendebant
1970 1335 2107 1394 enin

2244 1334 2304 1390 δέ
2359 1339 2620 1394 ἀνέϐαινον
2696 1349 2786 1396 καὶ
2841 1343 3146 1396 κατέϐαινον
3204 1346 3286 1396 ἐπὶ
3344 1347 3538 1403 ταύτην
3593 1349 3688 1403 τὴν
3735 1344 3853 1396 κλί-

473 1445 956 1525 quodammodo,
978 1445 1114 1498 Jesu
1141 1439 1452 1498 modicum
1473 1433 1614 1507 quid
1637 1448 1759 1505 prae
1780 1429 1925 1502 ipsis
1945 1428 2104 1482 mino

2242 1447 2407 1498 μακα.
2458 1429 2815 1484 ’Υπανέϐαινον
2870 1435 2969 1507 γάρ
3026 1453 3150 1504 πως,
3224 1432 3408 1509 βραχύ
3459 1454 3513 1486 τι
3574 1433 3698 1507 παρ’
3757 1433 3853 1486 αύι

472 1517 608 1598 ίαεο
635 1544 691 1594 et
719 1535 1058 1597 humiliato,
1087 1533 1331 1602 propter
1362 1525 1693 1581 cruciatum
1724 1517 1953 1576 mortis.
1986 1518 2104 1572 Con

2243 1522 2362 1580 τούς
2424 1519 2782 1592 ἠλαττωμένον
2836 1530 2928 1575 τοῦ
2984 1522 3185 1586 Ἰησοῦ,
3259 1529 3346 1574 καὶ
3407 1526 3851 1594 τεταπεινωμένου

472 1630 667 1687 testim
699 1630 903 1682 autem
929 1619 1369 1679 descenderunt
1394 1615 1689 1671 descensu
1709 1608 1963 1674 inﬁnito,
1989 1621 2104 1660 cun

2247 1602 2424 1659 διὰτὸ
2458 1612 2680 1682 πάθημα
2724 1618 2814 1662 τοῦ
2848 1612 3090 1666 θανάτου.
3138 1615 3328 1684 Γοργόν
3389 1608 3438 1664 δ’
3483 1612 3674 1664 αὐτίκα
3723 1631 3853 1664 κατ-

473 1717 828 1776 cruciﬁxum
852 1712 1121 1768 viderent
1149 1721 1332 1779 supra
1361 1718 1607 1760 omnem
1636 1699 2041 1773 principatum
2072 1708 2102 1747 e

2245 1695 2443 1748 έϐαινον
2497 1698 2789 1751 κατάϐασιν
2830 1701 3061 1773 ἄπειρον,
3121 1701 3358 1775 ὑπεράνω
3415 1705 3590 1762 πάσης
3647 1699 3851 1775 ἀρχῆς,

473 1809 836 1881 potestatem
851 1804 1140 1857 evectum.
1157 1799 1222 1852 Et
1237 1794 1530 1868 quidnam
1552 1790 1737 1857 aliud,
1756 1803 1944 1859 quam
1962 1799 2105 1840 crea

2242 1789 2331 1835 καὶ
2405 1785 2648 1848 ἐξουσίας
2731 1787 3009 1859 ἀγγελικῆς
3100 1792 3187 1841 τὸν
3263 1792 3644 1862 σταυρούμενον
3725 1791 3852 1841 θεω-

473 1903 667 1955 torem
696 1908 896 1957 suum,
927 1895 986 1946 et
1028 1902 1256 1958 regem,
1284 1891 1340 1940 et
1403 1881 1722 1939 Dominum
1778 1876 1982 1946 gloriae
2005 1875 2032 1930 ἱ)
2061 1879 2105 1930 Α

2238 1894 2467 1948 ρουντες.
2521 1883 2622 1930 Καὶ
2662 1883 2713 1929 τί
2761 1881 2863 1952 ’γὰρ
2909 1880 3098 1948 ἕτερον,
3138 1879 3167 1936 ἦ
3213 1884 3437 1937 ποιητήν
3482 1878 3695 1944 ἑαυτῶν,
3756 1888 3852 1936 καὶ

475 1987 590 2044 sub
611 1987 726 2043 hac
757 1981 924 2039 scala
951 1977 1177 2036 dormit
1221 1976 1574 2031 diuturnum
1629 1970 1799 2026 illum
1825 1980 2105 2020 somnum

2243 1960 2528 2029 δεσπότην,
2581 1971 2669 2018 καὶ
2718 1970 2907 2040 Κύριον
2971 1976 3060 2028 τῆς
3138 1965 3300 2031 δόξης
3352 1976 3425 2037 τῷ
3485 1973 3652 2041 Πατρὶ
3709 1988 3849 2041 συμ-

478 2072 833 2134 universalis
861 2069 957 2126 ille
1009 2064 1375 2141 patriarcha,
1409 2068 1577 2134 pater
1627 2057 1904 2114 omnium
1935 2055 2108 2109 viven

2241 2058 2689 2128 προσκυνούμενον
2727 2061 2816 2109 καὶ
2858 2066 2931 2128 τῷ
2981 2060 3280 2130 Πνεύματις
3325 2057 3604 2110 ’Υποκάτω
3652 2055 3713 2110 δέ
3751 2067 3852 2121 τῆς

479 2168 649 2236 tium,
677 2167 736 2220 et
761 2161 1042 2235 princeps
1067 2155 1360 2220 omnium,
1404 2167 1539 2224 qua!
1592 2149 1670 2205 ab
1700 2147 1867 2203 initio
1896 2145 2108 2200 fuerun

2242 2141 2495 2236 κλίμακος
2542 2148 2738 2206 ταύτης
2809 2147 2834 2196 6
2893 2145 3246 2219 οἰκουμενικὸς
3301 2148 3645 2220 πατριάρχης
3709 2150 3853 2199 καθ-

477 2228 871 2318 familiarum,
897 2228 1111 2304 Adam.
1142 2247 1209 2301 Et
1235 2242 1390 2315 lapis
1419 2240 1499 2296 ad
1527 2242 1710 2310 caput
1737 2236 1868 2306 ejus
1901 2253 1917 2305 ;
1951 2233 2106 2304 siqui

2245 2228 2387 2284 εύδει
2426 2237 2514 2285 τόν
2543 2233 2890 2308 πολυχρόνιον
2937 2236 3093 2287 ὕπνον
3151 2237 3178 2286 6
3234 2240 3414 2309 Πατὴρ
3460 2239 3688 2304 πάντων,
3745 2245 3851 2288 τῶν

480 2345 622 2407 dem
650 2342 818 2398 locus
850 2334 1132 2396 Calvariaa
1160 2332 1548 2390 Lithostrotos
1571 2332 1660 2384 est
1683 2323 2041 2397 appellatus.

2247 2321 2472 2388 ζώντων,
2530 2328 2620 2376 καὶ
2679 2326 2860 2397 ἄρχων
2931 2332 3032 2375 τῶν
3108 2323 3196 2376 ἀπ’
3275 2323 3447 2398 ἀρχῆς
3511 2333 3744 2398 πατριῶν
3825 2326 3851 2376 ό

2247 2409 2443 2484 Ἀδάμ.
2487 2416 2589 2465 Καὶ
2636 2411 2779 2474 λίθος
2817 2416 2946 2486 πρὸς
2997 2413 3216 2486 κεφαλῆς
3264 2413 3446 2479 αὐτοῦ,
3500 2416 3640 2486 εἴπερ
3695 2417 3854 2476 τόπος

1331 2562 1348 2574 ἢ
2246 2508 2338 2554 τοῦ
2362 2506 2586 2576 Κρανίου
2613 2505 2670 2553 τὸ
2702 2503 3071 2576 Λιθόστρωτον
3096 2501 3363 2560 κέκληται.

554 2617 640 2682 Ex
661 2614 777 2680 hac
807 2608 1172 2678 sublimitate
1197 2602 1276 2669 ad
1305 2602 1485 2667 aliam
1506 2595 1840 2679 quamdam
1871 2591 2137 2653 sublimi-

2262 2679 2270 2682 Δ
2322 2591 2406 2654 Ἐξ
2427 2590 2595 2662 ὕψους
2632 2595 2822 2643 τούτου
2881 2595 3006 2664 πρὸς
3055 2593 3223 2666 ἕτερον
3277 2591 3414 2662 ῦψος
3461 2593 3487 2643 6
3547 2591 3699 2663 λόγος
3749 2612 3855 2664 μου

485 2721 668 2775 tatem
693 2711 941 2770 recurrit
969 2707 1180 2770 oratio,
1212 2701 1567 2771 Dominique
1597 2708 1810 2751 vocem
1830 2690 1912 2745 ita
1941 2687 2112 2741 dicen

2252 2679 2530 2755 ἀνατρέχει
2615 2685 2704 2732 καὶ
2789 2689 2879 2740 τῆς
2946 2683 3264 2740 Δεσποτῖκῆς
3343 2679 3519 2732 ἀκούει
3595 2681 3857 2752 λεγούσης

483 2812 605 2863 tem
627 2767 796 2860 audit
818 2817 832 2856 :
857 2801 1010 2855 sicut
1029 2767 1324 2853 exultavit
1345 2767 1577 2859 May—ses
1595 2788 1922 2852 serpentem
1952 2777 2016 2830 in
2044 2775 2115 2830 de

2252 2779 2441 2863 φωνῆς·
2499 2770 2684 2829 Καθὼς
2734 2767 2916 2839 ὕψωσε
2990 2775 3220 2829 Μωῦσῆς
3312 2773 3398 2820 τὸν
3468 2772 3577 2840 ὅφιν
3652 2767 3702 2820 ἐν
3780 2777 3847 2827 τῆ

484 2897 663 2962 serto,
683 2894 772 2948 ita
786 2854 1051 2947 exaltari
1060 2887 1291 2954 oportet
1311 2854 1533 2936 Filiam
1550 2872 1826 2935 hominis,
1840 2874 1907 2924 ut
1927 2865 2116 2922 omnis

2251 2860 2446 2933 ἐρήμῳ,
2517 2861 2680 2918 οὕτως
2755 2857 3030 2928 ὑψωθῆναι
3111 2854 3194 2910 δεῖ
3261 2861 3348 2910 τὸν
3427 2860 3544 2910 Υἰόν
3610 2864 3704 2909 τοῦ
3759 2856 3855 2908 ἀν-

484 2987 590 3059 qui
615 2945 806 3040 credit
849 2980 913 3033 in
941 2991 1068 3033 eum
1080 2945 1106 3041 ,u
1127 2987 1250 3028 non
1275 2972 1500 3038 pereat,
1557 2963 1664 3019 sed
1693 2961 1909 3017 habeat
1959 2957 2116 3011 vitan

2255 2951 2482 3020 θρὼπου,
2570 2951 2655 3000 ἵνα
2737 2953 2840 3008 πᾶς
2949 2948 2976 2998 6
3056 2949 3316 2999 πιστεύων
3397 2947 3468 3009 εἰς
3545 2945 3701 2999 αὑτὸν
3779 2951 3851 3019 μὴ

2265 3038 2275 3053 ⁷
2341 3039 2412 3059 *Ἂν
2466 3057 2473 3059 .
2595 3036 2692 3059 ῗγῚἿν
2748 3039 2778 3059 2,
2800 3057 2840 3059 η,
2909 3039 2934 3059 ν
2982 3041 3041 3059 _‘__,
3099 3036 3295 3059 -cf,'_._-,_
3524 3044 3590 3059 Α-
3674 3036 3774 3059 l,__,
3805 3056 3831 3059 μ

485 3036 774 3132 ἓιενηαηι
799 3069 867 3125 ³⁸.
901 3097 973 3109 -—
999 3066 1189 3132 Quam
1219 3036 1608 3129 magniﬁcam
1639 3057 1778 3107 sunt
1825 3061 2008 3117 opera
2031 3046 2117 3100 Do

2255 3038 2532 3104 ἀπόληται,
2587 3036 2692 3089 ἀλλ’
2744 3039 2842 3109 ἔχη
2907 3039 3042 3098 ζωὴν
3091 3036 3320 3094 αἰώνιον,
3397 3065 3472 3078 -
3519 3044 3590 3097 Ως
3670 3036 3858 3108 ἐμεγα-

483 3163 676 3219 mini!
702 3157 880 3214 nimis
897 3149 1220 3223 profundae
1237 3148 1419 3217 facta:
1439 3148 1579 3198 sunt
1599 3115 1982 3210 cogitationes
2006 3141 2115 3189 tuae

2255 3129 2413 3186 λύνθη
2468 3129 2723 3223 recip-yet
2801 3133 2894 3178 τοῦ
2975 3130 3168 3194 Κυρίου
3217 3125 3228 3178 !
3293 3122 3502 3197 σφόδρα
3566 3123 3849 3198 ἐϐαρύνθη-

497 3251 603 3306 Vir
621 3248 884 3317 inspiens
897 3213 1024 3298 non
1055 3213 1440 3308 cognomenet
1457 3233 1678 3287 stultus
1702 3244 1821 3284 non
1849 3229 1910 3281 in
1919 3225 2129 3296 tettige‘

2260 3239 2354 3271 σαν
2414 3220 2463 3270 οἱ
2540 3213 2885 3287 διαλογισμοί
2943 3234 3058 3268 σου.
3111 3215 3264 3288 Ἀνὴρ
3321 3215 3496 3289 ἄφρων
3554 3214 3612 3266 ού
3661 3219 3846 3281 γνώσε-

2637 3304 2647 3317 ,
2713 3307 2722 3317 ,
2986 3304 2997 3317 ,
3201 3309 3210 3317 ,
3465 3311 3483 3317 ..
3639 3301 3734 3317 .--η
3766 3301 3781 3317 κ

490 3301 950 3395 ιὲσῖλῗνέιιεω
961 3301 1146 3384 modo
1159 3325 1252 3380 etJ
1262 3321 1468 3377 udaaos
1481 3324 1538 3374 et
1560 3314 1898 3386 Bogomilos
1909 3311 2121 3368 adesse

2256 3328 2365 3374 ται,
2455 3311 2544 3358 καὶ
2626 3304 2871 3366 ἀσύνετος
2943 3304 3001 3356 οῦ
3087 3309 3303 3362 συνὴσει
3385 3311 3576 3360 ταῦτα.
3639 3301 3848 3354 Ἠθελον

491 3391 778 3483 οινόηάὶτθ
798 3418 1133 3478 orationem
1152 3408 1691 3483 reprehendentem
1710 3410 1767 3460 et
1783 3401 2123 3458 refellentem

2256 3399 2376 3472 ἄρτι
2430 3400 2521 3448 καὶ
2573 3391 2862 3454 Ἰουδαίους
2919 3397 3008 3445 καὶ
3082 3391 3391 3464 Βογομίλονς
3441 3398 3704 3464 παρεῖναι,
3765 3393 3857 3442 καὶ

490 3529 704 3573 eorum
724 3507 1051 3568 maledicta
1099 3481 1309 3559 contra
1341 3496 1721 3554 benedictam
1750 3491 2122 3562 omniumqw

2257 3494 2348 3540 τού
2418 3485 2574 3555 λόγου
2645 3482 3004 3546 ἐπακροᾶσθαι
3056 3481 3359 3554 ἐλέγχοντος
3429 3486 3523 3538 την
3579 3481 3715 3532 κατὰ
3767 3485 3862 3531 τοῦ

488 3602 745 3661 vocibus
771 3595 1146 3656 laudandam
1175 3604 1438 3647 crucem.
1487 3584 1603 3641 Sed
1647 3581 1795 3655 quid
1826 3594 2120 3637 commun:

2255 3579 2594 3647 πανευφημου
2676 3579 2903 3646 σταυροῦ
2979 3568 3284 3642 δυσφημίαν
3329 3570 3522 3626 αὐτῶν.
3593 3569 3755 3622 Ἀλλά
3811 3574 3864 3622 τί

492 3657 765 3750 Ecclesiae
792 3688 917 3757 Dei,
945 3691 1003 3742 et
1041 3683 1220 3739 mutis
1258 3678 1371 3734 illis
1400 3675 1648 3734 canibus
1669 3674 1696 3729 ?
1739 3677 1804 3728 ut
1855 3671 2124 3744 propheti

2258 3670 2426 3719 κοινὸν
2503 3672 2564 3737 τῇ
2636 3662 2928 3732 Ἐκκλησία
3001 3669 3089 3712 τοῦ
3165 3668 3300 3714 Θεοῦ
3363 3667 3454 3712 καί
3509 3667 3620 3721 τοῖς
3675 3657 3867 3721 ἐννεοίς

492 3783 575 3840 ait
600 3783 682 3847 ης
711 3776 1044 3852 praesertim
1091 3787 1252 3832 cum,
1286 3783 1361 3823 ne
1395 3764 1682 3839 profanos
1710 3762 1854 3817 istos
1897 3761 1976 3816 ad
2018 3759 2124 3814 hau

2258 3759 2459 3815 τούτοις
2515 3757 2641 3806 κυσί
2687 3770 2701 3819 ;
2762 3751 2830 3811 ὣς
2878 3770 3037 3823 φησιν
3110 3752 3136 3802 6
3198 3755 3490 3823 προφήτης·
3556 3754 3646 3802 καὶ
3693 3748 3867 3810 ἄλλως

493 3839 798 3926 audienda
817 3852 1740 3930 advocem,impediatpsalmus,
1762 3849 1867 3922 qui
1889 3848 2125 3904 afﬁrma

2258 3844 2359 3919 γάρ
2411 3843 2689 3895 ἀνακόπτει
2725 3860 2825 3914 μου
2869 3845 2961 3898 τήν
3017 3843 3144 3912 πρὸς
3172 3846 3326 3891 τοῦτο
3375 3839 3704 3913 πρόσκλησιν
3765 3848 3867 3891 τῶν

491 3959 768 4015 Judaeum
815 3953 1188 4022 insipientem
1231 3925 1372 4000 haee
1427 3925 1550 3998 non
1600 3944 2045 4012 perceptarum,
2095 3951 2123 3990 e

2263 3933 2493 4008 βεϐήλων
2564 3935 2758 3984 τούτων
2812 3925 3014 4002 ἀνδρῶν
3081 3931 3106 3980 ό
3160 3927 3384 4000 ψαλμὸς,
3429 3926 3868 4000 ἀποφαινόμενος,

494 4050 747 4106 stultum
773 4015 1154 4113 Bogomilum
1175 4051 1299 4092 non
1319 4031 1778 4089 intellecturum.
1805 4034 1867 4084 In
1893 4033 2126 4083 vestran

2261 4028 2326 4085 ὡς
2369 4022 2496 4098 ἀνὴρ
2553 4022 2726 4096 ἄφρων
2787 4015 3045 4078 Ἰουδαῖος
3101 4021 3159 4069 ού
3214 4023 3490 4089 γνώσεται,
3549 4022 3639 4069 καὶ
3693 4016 3873 4069 ἀσύν-

495 4151 742 4212 quoque
772 4133 982 4189 merito
1011 4126 1278 4184 incidam
1319 4119 1867 4192 reprehensionem,
1901 4117 1950 4172 si
1980 4131 2121 4171 acce

2263 4133 2373 4174 ετος
2429 4111 2714 4184 Βογόμιλος
2764 4109 2822 4162 οὐ
2870 4113 3107 4165 συνήσει.
3165 4107 3556 4178 Ἐπε-γκαλέσετε
3608 4103 3688 4175 δέ,
3784 4129 3875 4181 μοι

541 4195 672 4284 tum
703 4241 740 4280 a
768 4222 904 4278 ﬁliis
934 4218 1146 4274 vestris
1175 4228 1399 4286 panem
1425 4211 1702 4281 objecero
1729 4208 2003 4264 canibus.
2039 4205 2153 4261 Sed

2262 4206 2353 4253 καὶ
2404 4203 2574 4273 ὑμεῖς,
2626 4198 2709 4251 ἐὰν
2757 4201 2843 4250 τόν
2921 4199 3072 4271 ἄρτον
3111 4204 3211 4248 τῶν
3262 4200 3448 4248 τέκνων
3506 4197 3647 4268 ὑμῶν
3692 4195 3877 4250 λαϐὼν

519 4315 581 4371 lli
601 4312 849 4386 quidem
866 4285 1423 4369 abeantadcorvos,
1445 4299 1549 4371 qui
1572 4298 1688 4352 sub
1703 4295 2151 4366 intelligentiam

2264 4288 2511 4344 ἐπιδώσω
2575 4296 2685 4351 τοῖς
2747 4291 3032 4361 κυναρίοις.
3103 4286 3238 4340 Ἀλλ’
3316 4285 3496 4338 ἐκεῖνοι
3732 4287 3881 4362 ἐρρέ-

501 4402 747 4465 cadunt,
779 4395 1031 4466 scelesti,
1074 4395 1376 4464 tanquam
1428 4386 1743 4444 morticina
1783 4383 2068 4457 quaedam
2099 4399 2130 4437 e

2264 4400 2436 4434 τωσαν
2483 4378 2528 4440 ἐς
2581 4386 2809 4454 κόρακας
2857 4381 2974 4437 τοὺς
3022 4380 3259 4444 νοητοὺς,
3319 4377 3369 4427 οἱ
3419 4379 3748 4449 παμμίαροι,
3811 4378 3882 4440 ὣς

500 4489 785 4564 lacrymis
805 4487 992 4556 digna
1015 4485 1331 4545 cadavera,
1377 4477 1738 4548 illorumque
1766 4473 1974 4529 oculos
2021 4471 2132 4528 ani

2264 4491 2382 4524 τινα
2413 4471 2702 4541 θνησιμαία
2749 4473 2838 4520 καὶ
2896 4470 3094 4540 θρήνων
3139 4466 3263 4528 ἄξια
3309 4470 3581 4537 πτώματα,
3637 4471 3732 4518 καὶ
3787 4467 3879 4520 ὑπ’

502 4580 693 4636 males
722 4575 1030 4634 effodiant.
1077 4575 1222 4627 Vere
1252 4568 1414 4625 enim
1455 4581 1565 4621 nec
1597 4566 2027 4633 cognoverunt,
2057 4576 2130 4616 ne

2264 4561 2433 4614 αὐτῶν
2498 4564 2620 4620 τούς
2690 4557 2958 4628 ψυχικούς
3011 4554 3461 4627 ἐξορυττέσθωσαν
3634 4553 3867 4626 αλμούς.

500 4685 621 4743 que
647 4666 1095 4723 intellexerunt:
1127 4674 1271 4716 nam
1296 4658 1359 4712 in
1379 4653 1642 4711 tenebris
1673 4651 2010 4708 ambulant.

2263 4658 2347 4722 Τῷ
2411 4653 2519 4701 ὄντι
2567 4650 2669 4722 ’γὰρ
2719 4646 2812 4697 οὐκ
2870 4648 3098 4717 ἔγνωσαν
3173 4640 3299 4695 οὐδέ
3366 4650 3617 4700 συνῆκαν·
3672 4642 3723 4694 ἐν
3769 4648 3876 4718 γὰρ

2269 4746 2442 4794 σκότει
2473 4737 2506 4793 δ
2513 4740 2888 4812 ιαπορεύονται.

573 4857 645 4910 At
668 4869 776 4910 vos
803 4849 959 4909 ﬁlios
1015 4844 1272 4906 cmlestis
1323 4839 1507 4898 Patris
1554 4834 1785 4896 alemus
1827 4850 1986 4910 pane
2042 4849 2154 4891 nu-

2335 4831 2494 4904 Ὑμᾶς
2547 4826 2606 4880 δὲ
2662 4831 2728 4878 τὰ
2782 4831 2935 4879 τέκνα
2972 4833 3063 4878 τοῦ
3110 4825 3352 4898 οὐρανίου
3411 4825 3619 4898 Πατρός
3664 4825 3878 4899 θρέψω-

499 4944 709 5002 triente
734 4944 993 5006 animas,
1021 4940 1082 4994 in
1105 4951 1288 5009 quem
1319 4947 1544 5006 panem
1571 4929 1908 4999 injiciemus
1927 4928 2131 4997 lignun

2268 4942 2356 4996 μεν
2385 4929 2458 4992 τῷ
2509 4921 2650 4994 ἄρτῳ
2679 4925 2752 4988 τῷ
2793 4921 3028 4991 τρέφοντι
3085 4918 3174 4976 τὰς
3221 4915 3426 4986 ψυχὰς,
3488 4914 3560 4974 εἰς
3603 4913 3656 4964 ὃν
3712 4916 3878 4988 ἄρτον

499 5035 713 5103 crucis,
743 5049 868 5090 non
890 5035 955 5087 ut
984 5025 1450 5087 comminuetur,
1473 5021 1578 5077 sed
1601 5027 1665 5076 ut
1686 5022 2131 5091 coagmentetur

2267 5018 2323 5065 τό
2373 5011 2519 5073 ξύλον
2564 5007 2876 5081 ἐμϐάλλομεν
2931 5013 3023 5058 τοῦ
3077 5013 3327 5079 σταυροῦ,
3383 5003 3477 5055 οὐκ
3534 5003 3606 5063 εἰς
3652 5022 3881 5077 συντρι-

497 5090 722 5180 Iterum
743 5137 888 5192 ergo
906 5120 1088 5174 verba
1105 5111 1408 5182 Evangelii
1425 5111 1746 5166 recitentur
1773 5127 1784 5162 :
1805 5090 1974 5164 Sicut
1995 5107 2129 5163 exat

2270 5103 2386 5167 ϐῆν,
2447 5099 2552 5151 ἀλλ’
2611 5098 2682 5159 εἰς
2723 5100 3003 5149 σύστασιν.
3051 5094 3209 5146 Πάλιν
3268 5090 3354 5145 οὖν
3393 5093 3620 5164 λεγέσθω
3657 5095 3720 5143 τὰ
3773 5094 3879 5145 Eti-

499 5214 650 5268 tavit
678 5179 1011 5280 serpentem
1063 5179 1300 5274 Moyses
1322 5203 1386 5257 in
1437 5199 1691 5265 deserto,
1745 5200 1833 5254 ita
1893 5199 2131 5254 exattar

2271 5190 2485 5264 αγγέλια
2534 5210 2546 5222 ο
2601 5189 2782 5248 Καθὼς
2861 5184 3042 5255 ύψωσε
3109 5187 3195 5236 τὸν
3264 5186 3382 5254 ῦφιν
3456 5188 3654 5241 Μωσῆς
3709 5179 3762 5231 ἓν
3812 5189 3876 5252 τῇ

495 5307 728 5370 oportet
745 5269 963 5356 Filium
982 5269 1258 5360 hominis,
1278 5297 1344 5346 ut
1359 5289 1571 5358 omnis,
1596 5289 1702 5359 qui
1719 5287 1908 5343 credit
1925 5289 1986 5341 in
2005 5301 2127 5342 eum

2271 5282 2463 5355 ἐρήμῳ,
2552 5282 2714 5338 οὕτως
2782 5275 3058 5345 ὑψωθῆναι
3137 5271 3222 5326 δεῖ
3276 5276 3362 5324 τόν
3415 5273 3535 5324 Υἱόν
3623 5277 3717 5322 τοῦ
3779 5269 3875 5321 ἆν-

500 5361 622 5444 non
657 5393 889 5459 pereat,
923 5385 1026 5442 sed
1071 5382 1285 5440 habeat
1311 5382 1496 5436 vitam
1539 5383 1845 5433 aeternam.
1871 5375 2132 5447 Principii

2274 5377 2503 5446 θρώπου,
2551 5372 2638 5420 ἵνα
2701 5373 2802 5428 πᾶς
2863 5366 2889 5416 6
2937 5366 3196 5416 πιστεύων
3254 5362 3326 5426 εἰς
3384 5361 3539 5413 αὑτὸν
3601 5363 3672 5432 μὴ
3743 5362 3852 5412 άπὸ

570 5583 618 5620 ³⁸
646 5583 822 5641 Joan.
862 5598 939 5655 ill,
972 5585 1060 5653 14,
1089 5582 1178 5640 15.
1256 5583 1304 5619 ⁶⁴
1332 5574 1487 5640 Psal.
1520 5590 1634 5653 ιη,
1665 5584 1718 5650 6,
1747 5587 1799 5639 7.
1881 5581 1926 5621 η
1952 5587 2068 5644 lsa.
2094 5601 2209 5661 va,
2242 5583 2325 5644 40.
