4132 6396
534 319 641 372 655

469 447 476 456 ’
538 444 597 498 et
619 437 748 495 solo
772 432 1071 492 intellectu
1112 428 1403 502 coguosci
1453 429 1702 501 aptam;

537 526 705 600 quod
733 522 1076 596 typicarum
1094 516 1696 592 repraesentationum
1719 531 1845 573 non
1867 515 1944 571 sit
1985 528 2200 585 capax,

538 631 683 673 nam
707 613 903 669 solum
924 610 1018 666 lac
1043 624 1110 665 ex
1143 606 1428 664 omnibus
1451 604 1721 662 humidis
1758 603 2020 676 speciem
2068 601 2203 658 nul-

537 705 662 762 lam
701 700 948 771 effigiat,
1005 711 1204 768 neque
1261 695 1486 752 formas
1542 707 1865 766 corporeas
1914 689 2102 747 reddit
2147 693 2206 746 et

538 789 880 865 repercutit.
902 790 1159 858 Serpens
1175 789 1376 842 autem
1395 782 1643 840 exuvias
1663 779 1991 855 quotannis
2011 778 2200 852 ponit.

540 887 614 940 At
632 879 898 936 Christus
945 874 1093 933 nihil
1150 872 1364 930 habuit
1418 872 1494 929 de
1543 871 1726 928 veteri
1778 870 2046 938 homine,
2098 867 2204 942 qui

541 969 946 1042 corrumpitur
974 964 1308 1021 secundum
1334 963 1632 1020 desideria
1668 961 2042 1034 deceptionis
2102 974 2204 1015 ne-

544 1077 664 1135 que
693 1057 1034 1132 quidquam
1066 1053 1322 1124 abjecit;
1357 1051 1485 1109 sine
1513 1057 1763 1125 peccato
1793 1051 1954 1107 enim
2006 1063 2204 1105 novus

546 1150 741 1207 Adam
771 1147 918 1204 vixit
939 1158 1230 1216 novasque
1278 1147 1565 1198 creaturae
1621 1145 1851 1197 auctor.
1881 1137 2035 1196 Talis
2064 1153 2204 1194 cum

548 1244 722 1304 esset,
753 1239 815 1294 in
869 1250 1108 1292 crucem
1169 1232 1459 1296 ascendit,
1517 1245 1704 1304 seque
1752 1229 1954 1286 statim
2007 1227 2205 1285 omnis

549 1327 802 1386 maculis
826 1329 1131 1397 expertem
1151 1337 1281 1378 esse
1309 1320 1551 1394 publice
1598 1318 1945 1376 testiﬁcatur
1970 1333 1982 1384 ;
2038 1331 2204 1373 acce-

550 1419 820 1490 densque
835 1415 949 1480 ille,
967 1412 1070 1486 qui
1083 1412 1214 1483 jam
1229 1409 1679 1482 deprimebatur
1695 1423 1960 1481 serpens,
1981 1406 2128 1463 nihil
2144 1406 2206 1462 in

550 1524 623 1565 eo
637 1505 878 1580 reperit.
895 1501 1186 1560 Omnibus
1202 1501 1363 1557 enim
1385 1499 1584 1556 modis
1600 1498 1873 1571 superior
1887 1500 2016 1552 erat
2033 1511 2206 1552 vene-

549 1613 697 1654 num
722 1595 982 1667 jaciente
1010 1590 1256 1656 malitia,
1303 1589 1783 1662 praefocaturque
1832 1585 2206 1659 perniciosus

551 1687 648 1743 ille
677 1698 946 1758 serpens,
979 1686 1037 1738 et
1063 1680 1247 1736 draco
1276 1683 1554 1752 apostata
1575 1677 1680 1746 qui
1705 1676 2058 1732 calcaneum
2101 1689 2205 1731 no-

1747 295 2059 360 GERMANI
2097 300 2144 355 Π
2183 297 2290 356 CP.
2334 294 2812 366 PATRIARCHE.

1761 425 1984 500 partim
2037 439 2200 495 vero,

2319 428 2375 478 r6
2425 436 2525 481 τῶν
2572 439 2801 485 τυπικῶν
2867 429 3134 504 ἐμφάσεων
3183 425 3572 506 ἀπαράδεκτον.
3633 429 3773 484 Γάλα
3817 432 3911 505 γὰρ

3811 303 3913 364 656

2317 519 2471 586 μόνον
2506 517 2562 582 ἐξ
2607 519 2846 573 ἁπάντων
2898 522 3070 596 ὑγρῶν
3124 519 3220 572 οῦκ
3273 514 3413 572 οἶδεν
3465 514 3718 572 ὶνδοίλλειν
3747 540 3914 593 χαρα-

2315 609 2520 681 κτήρων
2583 607 2856 683 ἐμφάσεις,
2908 614 2999 663 καὶ
3049 611 3244 672 τύπους
3309 606 3619 661 ἀποπάλλειν
3685 627 3914 682 σωματι-

2313 696 2459 758 κοῦς.
2512 696 2668 770 Ὀφις
2723 695 2783 752 δε
2820 703 2914 757 τὴν
2965 695 3223 774 λεϐηρίδα
3269 693 3344 750 δι’
3391 701 3537 759 ἔτους
3564 696 3912 770 ἁπαμφιένου-

2313 802 2422 838 ται.
2454 791 2689 861 Χριστὸς
2739 784 2798 841 δὲ
2837 789 2944 840 οὔτ’
2978 787 3091 860 εἶχέ
3128 807 3180 840 τι
3225 795 3318 840 τοῦ
3372 786 3597 840 παλαιοῦ
3641 786 3912 862 ἀνθρώπου

2313 881 2405 924 τοῦ
2454 877 2786 950 φθειρομένου
2836 879 2973 930 κατὰ
3029 880 3118 940 τὰς
3187 875 3463 949 ἐπιθυμίας
3526 885 3622 938 τῆς
3689 875 3911 947 ἀπάτης,

2313 962 2422 1014 οὔτ’
2479 963 2810 1036 ἁπεϐάλλετο,
2860 965 3234 1040 ἀναμαρτήτως
3285 970 3392 1027 νέος
3444 961 3622 1038 Ἀδάμ
3669 970 3909 1038 γεγονὼς,

2313 1055 2405 1104 καὶ
2467 1062 2556 1114 τῆς
2637 1064 2820 1118 καινῆς
2899 1061 3114 1117 κτίσεῶς
3180 1054 3441 1129 ἀρχηγὸς.
3524 1061 3772 1117 Τοιοῦτος
3848 1056 3913 1107 ὢν

2316 1143 2590 1218 ἀνατρέχει
2643 1143 2726 1198 ἐπὶ
2783 1148 2842 1198 τὸ
2899 1145 3069 1209 ξύλον,
3123 1149 3214 1198 καὶ
3274 1143 3565 1202 στηλιτεύει
3620 1143 3798 1197 ἑαυτὸν
3840 1145 3917 1197 εὖ·

2317 1233 2404 1293 96;
2456 1233 2840 1307 ἀναμάρτητον,
2897 1239 2988 1286 καὶ
3043 1236 3067 1286 6
3123 1235 3266 1286 κάτω
3339 1238 3620 1308 συρόμενος
3676 1233 3787 1306 ὄφις
3844 1232 3918 1287 ἐλ-

2315 1322 2434 1389 θὼν,
2465 1322 2696 1396 εὑρίσκει
2753 1321 2802 1375 ἐν
2834 1323 2971 1394 αὖτῷ
3005 1319 3176 1380 οὐδέν.
3235 1322 3497 1385 Παντελώς
3551 1325 3651 1396 γὰρ
3712 1320 3774 1382 ἦν
3827 1331 3917 1385 τῆς

2316 1409 2520 1464 ἰοϐόλον
2588 1417 2780 1476 κακίας
2845 1415 3142 1488 ὑπέρτερος,
3201 1417 3290 1465 καὶ
3357 1415 3689 1485 κατάγχεται
3743 1415 3834 1486 μεν
3893 1414 3916 1465 6

2314 1495 2481 1563 δεινὸς
2564 1505 2677 1575 ὄφις
2765 1507 2856 1556 καὶ
2937 1501 3311 1577 δράποστάτης
3375 1504 3402 1554 6
3497 1501 3758 1576 ἓπιτηρων
3821 1506 3916 1561 τὴν

2310 1593 2527 1664 πτέρναν
2584 1592 2750 1664 ἡμῶν,
2815 1593 3042 1654 σώζεται
3097 1589 3157 1646 δε
3210 1593 3235 1644 6
3285 1591 3503 1666 Ἰσραὴλ
3553 1593 3580 1645 6
3620 1593 3750 1667 ὀρων
3798 1601 3916 1654 νοῦς

2309 1682 2397 1731 τὸν
2459 1683 2603 1749 Θεὸν,
2683 1687 2947 1756 σωτηρίαν
3014 1682 3219 1735 αἰώνιον
3296 1680 3653 1754 ἐπιγινώσκων
3731 1689 3912 1735 τοῦτον

551 1782 740 1832 strum
760 1773 1066 1835 observat,
1092 1774 1481 1826 conservatur
1504 1771 1705 1823 autem
1733 1764 1933 1832 Israel,
1964 1765 2204 1821 animus

2319 1772 2460 1831 Θεὸν,
2533 1775 2691 1844 σαρκὶ
2753 1774 2844 1845 μὲν
2909 1771 3319 1846 ἐσταυρωμένον,
3397 1773 3604 1828 θεότητι
3669 1767 3729 1824 δε
3790 1771 3913 1832 ζωο-

548 1864 762 1920 videns
791 1863 1001 1929 Deum,
1024 1871 1518 1929 cognoscensque
1541 1854 1794 1911 salutem
1810 1858 2096 1910 aeternam
2117 1868 2204 1908 re-

548 1951 815 2025 positam
833 1949 895 2005 in
924 1949 1037 2004 hoc
1068 1949 1210 2011 Deo,
1241 1960 1421 2001 carne
1449 1943 1698 2017 quidem
1743 1941 2048 2008 cruciﬁxo,
2097 1957 2207 2015 per

549 2040 920 2097 divinitatem
970 2051 1114 2093 vero
1168 2034 1503 2090 viviﬁcante
1562 2036 1870 2101 mortuos;
1921 2031 1984 2087 in
2021 2045 2206 2103 quem

549 2129 863 2204 perspicue
891 2125 1178 2197 competit
1203 2127 1261 2180 et
1288 2123 1509 2179 desinit
1534 2121 1848 2178 oraculum
1877 2121 2093 2193 Moysis
2123 2120 2206 2176 sic

546 2216 966 2277 vaticinantis:
1005 2213 1277 2271 Videbitis
1304 2213 1488 2270 vitam
1539 2221 1800 2269 vestram
1853 2211 2207 2280 pendentem

547 2313 689 2366 ante
742 2305 946 2363 oculos
1005 2309 1228 2361 vestros
1299 2304 1368 2357 ²⁰.
1433 2303 1683 2358 Necesse
1747 2299 1908 2356 enim
1968 2298 2207 2356 habue—

546 2400 688 2454 runt
741 2399 800 2452 et
852 2393 955 2458 illi,
1016 2393 1123 2465 qui
1173 2391 1344 2464 prius
1386 2407 1425 2448 a
1485 2389 1862 2464 serpentibus
1917 2388 2016 2445 icti
2071 2388 2205 2445 fue-

2309 1865 2561 1911 ποιοῦντα
2616 1863 2732 1921 τοὺς
2796 1862 3157 1936 νεκρωθίντας,
3226 1861 3296 1924 εἰς
3363 1860 3417 1913 ὃν
3483 1859 3708 1913 ἐκϐαίνει
3787 1879 3914 1936 προ-

2315 1942 2484 2008 δήλως
2539 1949 2568 2006 ἠ
2599 1955 2889 2024 προφητεία
2942 1954 3200 2012 Μωῦσίως
3260 1949 3614 2024 προλέγοντος·
3667 1948 3914 2021 θ”Οψεσθε

2309 2039 2405 2093 τὴν
2456 2036 2596 2097 ζωὴν
2635 2039 2779 2111 ὑμῶν
2817 2043 3140 2114 κρεμαμένην
3189 2043 3458 2092 κατέναντι
3497 2047 3596 2091 τῶν
3640 2038 3913 2112 ὀφθαλμῶν

2313 2124 2476 2196 ὑμῶν·
2523 2125 2781 2200 Ἀνάγκην
2827 2131 2929 2202 γὰρ
2964 2125 3107 2200 εἶχον
3149 2133 3240 2181 καὶ
3269 2130 3318 2181 οἰ
3345 2135 3452 2191 τοῖς
3494 2132 3640 2202 ὄφεσι
3668 2132 3914 2204 πρότερον

2315 2209 2632 2288 δεδηγμένοι
2661 2219 2792 2292 πρὸς
2820 2221 2906 2271 τὸν
2939 2216 3348 2290 ἀνεστηλωμένον
3375 2222 3488 2291 ὄφιν
3519 2217 3912 2293 ἑπεντρανίζειν,

2313 2303 2385 2364 ὡς
2433 2303 2539 2375 οὐχ
2593 2305 2774 2381 ἑτέρως
2824 2311 3224 2382 χορηγουμένου
3250 2307 3456 2371 τόῦτοις
3506 2315 3597 2361 τοῦ
3626 2308 3721 2380 ζῇν
3747 2307 3781 2366 ἣ
3817 2305 3913 2360 ἀπὸ

2312 2399 2410 2454 τῆς
2443 2392 2510 2454 εἰς
2540 2396 2696 2447 αὐτὸν
2727 2393 3021 2458 ἁτενίσεως.

545 2490 702 2556 rant,
725 2481 1968 2555 adeum,quiexcolumnasuspensuserat,
1987 2482 2346 2550 serpentem,
2369 2481 2576 2539 oculos
2620 2483 2822 2541 levare
2872 2485 3048 2558 quasi
3078 2485 3246 2543 aliter
3287 2485 3371 2542 eis
3413 2486 3530 2543 vita
3581 2499 3709 2544 non
3760 2489 3917 2544 esset

545 2575 902 2636 obventura,
929 2586 1117 2645 quam
1143 2570 1224 2626 ab
1248 2570 1474 2626 intento
1498 2572 1750 2641 aspectu
1777 2567 1838 2624 in
1863 2567 2051 2624 illum.

616 2667 684 2721 Et
699 2677 861 2719 nunc
890 2676 1003 2717 nos
1023 2659 1247 2732 quibus
1272 2662 1410 2715 ante
1461 2657 1670 2714 oculos
1722 2659 1892 2713 Jesus
1936 2657 2200 2712 Christus

544 2752 887 2826 depingitur
931 2763 1202 2807 consona
1247 2747 1450 2804 divino
1498 2746 1706 2820 psaltas
1764 2745 1974 2803 Davidi
2026 2761 2203 2802 cana-

542 2858 681 2900 mus
717 2858 730 2897 :
785 2841 957 2898 Oculi
985 2838 1246 2894 omnium
1273 2838 1338 2892 in
1373 2843 1430 2893 te
1460 2841 1709 2906 sperant
1741 2841 1797 2892 et
1833 2840 1899 2890 tu
1924 2834 2029 2889 das
2081 2831 2202 2889 illis

542 2949 737 2992 escam
761 2933 825 2988 in
855 2936 1120 3001 tempore
1148 2935 1486 2998 opportuno
1516 2929 1586 2982 η.
1620 2925 1999 2983 Sacriﬁcatus
2040 2923 2202 2979 enim

542 3026 602 3080 et
623 3035 953 3094 suspensus
965 3023 1169 3088 Agnus
1182 3016 1283 3073 Dei
1303 3015 1614 3089 pmpriam
1626 3030 1872 3072 carnem
1901 3012 2202 3069 edendam

2319 3017 2574 3092 εὐκαιρίᾳ.

541 3112 797 3186 apponit
855 3108 972 3164 illis
1035 3107 1142 3180 qui
1202 3107 1266 3163 in
1331 3111 1386 3162 te
1417 3121 1588 3178 spem
1615 3104 1824 3160 salutis
1877 3107 2200 3176 reponunt.

542 3201 752 3273 Aperis
777 3205 841 3255 tu
871 3211 1090 3253 manus
1117 3200 1275 3262 tuas,
1306 3193 1662 3266 expandens
1694 3209 1798 3250 eas
1825 3192 1886 3249 in
1918 3208 2115 3261 cruce,
2147 3197 2206 3250 et

547 3287 764 3361 imples
791 3301 971 3342 omne
1001 3283 1230 3340 animal
1257 3283 1442 3340 Patris
1471 3285 1556 3339 tui
1583 3282 1980 3355 beneplacito.
2013 3281 2206 3339 Patris

545 3392 690 3434 vero
718 3373 1163 3446 beneplacitum
1187 3375 1298 3439 est,
1334 3375 1399 3428 ut
1445 3386 1659 3428 omnes
1712 3371 1991 3428 homines
2054 3369 2206 3427 salvi

545 3466 718 3534 ﬁant,
747 3477 856 3536 per
879 3461 1280 3518 voluntariam
1305 3465 1475 3516 tuam
1495 3460 1843 3533 passionem
1863 3465 1922 3516 et
1940 3475 2202 3528 crucem,

549 3559 608 3611 et
633 3559 701 3610 ut
720 3566 934 3608 omnes
959 3550 1022 3606 in
1048 3549 1419 3620 agnitionem
1444 3549 1706 3606 veritatis
1739 3550 2004 3606 veniant.
2031 3549 2208 3619 Agni-

549 3643 631 3701 tio
659 3648 862 3700 autem
885 3640 1149 3697 veritatis
1178 3643 1268 3696 est
1292 3639 1444 3696 ﬁdes
1471 3644 1633 3696 recta
1661 3639 1721 3695 in
1776 3644 1854 3706 te,
1914 3644 2207 3710 tuumque

549 3737 785 3791 Patrem
811 3730 1108 3804 principio
1139 3733 1464 3798 carentem,
1491 3734 1885 3802 sanctumque
1900 3728 2205 3801 Spiritum.

553 3822 698 3889 Quis
723 3836 848 3877 non
868 3819 1149 3876 adorabit
1169 3823 1407 3876 scutum
1421 3817 1626 3874 salutis
1637 3822 1881 3887 nostrae,
1904 3820 2041 3890 quis
2084 3831 2208 3874 non

555 3912 879 3969 celebrabit
901 3909 1366 3984 proﬂigatricem
1391 3908 1712 3965 homicidas
1744 3912 1978 3967 Satanae
1999 3910 2028 3966 ?
2057 3910 2212 3965 Crux

554 4001 832 4059 videlicet
855 3999 1061 4056 lumen
1119 3998 1320 4055 vultus
1379 3998 1480 4054 Dei
1533 4003 1621 4055 est
1675 3999 1978 4067 signatum
2033 4012 2216 4068 super

557 4107 665 4148 nos
694 4092 764 4144 ιι.
797 4091 948 4144 Nam
975 4092 1278 4159 sceptrum
1307 4087 1480 4158 Regis
1510 4086 1717 4143 lumen
1748 4087 1880 4158 ejus
1906 4091 2012 4160 est,
2047 4087 2214 4158 igna-

559 4195 661 4237 ros
685 4182 752 4235 ut
779 4177 1025 4234 lucerna
1063 4177 1141 4232 ad
1167 4175 1368 4249 ipsum
1401 4175 1726 4232 deducens.
1761 4179 1894 4233 Hinc
1919 4176 2215 4247 signiﬁca-

564 4267 644 4325 tio
657 4270 766 4333 est,
782 4266 926 4322 data
935 4264 1281 4322 timentibus
1297 4265 1639 4335 Dominum,
1652 4271 1718 4320 ul
1726 4266 1974 4336 fugiant
1999 4283 2032 4320 a
2057 4267 2220 4337 facie

2387 2665 2488 2713 Καὶ
2516 2669 2602 2714 νῦν
2661 2663 2831 2735 ἡμεῖς,
2884 2665 2963 2726 οἷς
3009 2663 3125 2716 κατ’
3180 2663 3476 2738 ὀφθαλμοὺς
3533 2664 3735 2726 Ἰησοῦς
3783 2673 3914 2740 Χρι-

2316 2753 2440 2812 στὸς
2493 2749 2882 2825 ἐσταυρωμένος
2928 2755 3206 2826 γράφεται,
3259 2750 3470 2826 συνῳδά
3519 2762 3592 2824 τῷ
3649 2755 3917 2826 θεσπεσίῳ

2312 2835 2690 2914 ψαλτῳδοῦμεν
2747 2837 2935 2896 Δαυίδ.
2990 2844 3056 2894 Οἱ
3121 2841 3379 2916 ὀφθαλμοὶ
3446 2845 3648 2895 πάντων
3717 2843 3791 2906 εἰς
3861 2847 3917 2897 σε

2315 2926 2610 3000 ἐλπίζουσι,
2677 2950 2767 2982 και
2843 2935 2910 2983 σὺ
2986 2927 3156 2994 δίδως
3211 2937 3306 2990 την
3370 2937 3561 3007 τροφὴν
3628 2932 3809 2994 αὐτοῖς
3869 2931 3917 2984 ἕν

2669 3021 2952 3093 Τεθυμένος
3037 3024 3140 3096 γὰρ
3233 3027 3322 3074 καὶ
3404 3023 3816 3097 κρεμαννύμενος
3891 3023 3916 3073 6

2315 3107 2500 3180 Ἀμνὸς
2558 3116 2650 3161 τοῦ
2707 3117 2842 3162 Θεοῦ
2895 3112 2985 3170 τὰς
3040 3110 3238 3172 οἰκείας
3289 3109 3437 3182 ἔστιᾲ
3473 3112 3673 3186 σάρκας
3706 3118 3816 3171 τοῖς
3846 3110 3916 3170 εἷς

2318 3199 2376 3249 σὶ
2418 3200 2514 3259 τὰς
2569 3195 2781 3259 ἐλπίδας
2836 3197 3165 3272 ἀναθεμένοις
3199 3208 3295 3261 τῆς
3341 3205 3622 3274 σωτηρίας.
3669 3199 3912 3269 Ἀνοίγεις

2317 3288 2384 3338 σύ
2429 3288 2522 3347 τὰς
2567 3293 2754 3360 χεῖρας
2811 3305 2906 3339 σου
2956 3285 3190 3360 ἑφαπλῶν
3245 3287 3408 3349 αὐτὰς
3442 3297 3517 3360 τῷ
3565 3294 3786 3361 σταυρῷ,
3818 3289 3914 3338 καὶ

2317 3373 2570 3448 ἔμπιπλᾶς
2616 3381 2719 3428 πᾶν
2770 3376 2903 3437 ζῶον
2955 3385 3050 3438 τῆς
3078 3384 3340 3449 πατρικῆς
3385 3374 3653 3440 εὐδοκίας.
3683 3371 3921 3429 Εὐδοκία

2318 3460 2378 3515 δὲ
2430 3466 2632 3537 Πατρός
2675 3467 2733 3516 τὸ
2785 3465 2984 3526 πάντας
3035 3462 3336 3538 ἀνθρώπους
3395 3466 3628 3524 σωθῆναι
3680 3460 3778 3517 διὰ
3828 3470 3922 3516 τοῦ

2319 3548 2560 3604 ἑκουσίου
2631 3570 2726 3605 σου
2792 3554 3008 3621 πάθους,
3074 3557 3165 3605 καί
3221 3560 3314 3605 τοῦ
3378 3559 3630 3626 σταυροῦ,
3693 3557 3789 3606 καὶ
3855 3551 3923 3612 εἰς

2318 3637 2598 3711 ἐπίγνωσιν
2649 3639 2890 3702 ἀληθείας
2936 3640 3117 3703 ίλθείν,
3180 3641 3491 3714 Ἐπίγνωσις
3548 3638 3608 3694 δε
3673 3640 3926 3703 ἀληθείας

2319 3731 2348 3786 ἡ
2381 3733 2514 3805 πρὸς
2562 3734 2620 3783 σε
2666 3735 2756 3783 καὶ
2785 3734 2873 3783 τὸν
2898 3731 3131 3806 ἄναρχον
3163 3749 3259 3783 σου
3308 3735 3511 3806 Πατέρα
3542 3735 3632 3784 καὶ
3679 3735 3742 3786 τὸ
3789 3752 3928 3785 παν-

2320 3821 2466 3892 άγιον
2522 3827 2732 3894 Πνεῦμα
2786 3823 2966 3882 πίστις
3015 3817 3312 3895 ὀρθὸδοξοςο
3354 3826 3447 3883 Τίς
3474 3821 3534 3872 οῦ
3564 3839 3932 3896 προσκυνησει

2320 3912 2379 3961 τὸ
2438 3908 2591 3962 ὁπλον
2633 3918 2724 3971 τῆς
2761 3914 3021 3986 σωτηρίας
3075 3912 3261 3982 iam»;
3316 3915 3404 3972 Ti;
3450 3909 3510 3963 οὗ
3565 3906 3792 3973 δοξάζει
3848 3912 3933 3963 τὸν

2324 3996 2596 4067 ἀναιρέτην
2646 4006 2738 4052 τοῦ
2787 3997 3148 4075 βρωτοκτόνου
3198 4001 3412 4068 Σατάν;
3464 3995 3631 4052 Τοῦτο
3680 4008 3799 4072 φῶς
3846 4006 3938 4052 τοῦ

2324 4093 2608 4162 προσώπου
2706 4095 2798 4140 τοῦ
2899 4093 3026 4141 Θεοῦ
3127 4093 3498 4162 σημείουμενον
3601 4087 3677 4161 ἐφ’
3776 4091 3939 4162 ἡμᾶς.

2326 4184 2591 4250 Σκῆπτρον
2650 4179 2749 4252 γὰρ
2813 4175 3072 4251 βασιλέως
3139 4186 3242 4250 φῶς
3323 4178 3484 4231 αὐτοῦ
3569 4180 3634 4239 ὡς
3716 4177 3942 4252 λύχνος,

2325 4270 2456 4341 πρὸς
2509 4267 2664 4319 αὑτὸν
2710 4266 2834 4330 τοῦς
2899 4265 3178 4339 ἀγνοῦντας
3224 4263 3534 4340 ἐφοδηγοῦν.
3589 4265 3769 4321 Τοῦτο
3855 4285 3946 4325 ση-

566 4372 742 4414 arcus
771 4357 820 4390 ³⁸
853 4359 912 4411 et
956 4354 1394 4412 diabolicarum
1436 4355 1927 4426 impressionum.
1985 4358 2118 4412 Haec
2164 4359 2210 4412 et

2329 4362 2537 4429 μείωσις
2590 4353 2844 4430 δεδομένη
2898 4364 3008 4418 τοῖς
3065 4355 3399 4429 φοϐούμένοις
3455 4359 3544 4408 τὸν
3594 4358 3798 4431 Κύριον
3858 4362 3946 4410 τοῦ

567 4447 800 4516 lignum
830 4443 1169 4517 plantatum
1199 4461 1371 4500 secus
1391 4445 1584 4500 exitus
1613 4459 1912 4517 aquarum
1938 4445 2220 4502 fontium-

569 4550 690 4608 que
720 4533 947 4591 salutis.
988 4534 1051 4589 In
1077 4533 1363 4590 omnibus
1377 4533 1538 4589 enim
1551 4533 1770 4589 divinae
1795 4533 2110 4607 Scriptura:
2135 4535 2223 4592 lo-

573 4623 680 4693 cis,
706 4623 951 4696 hymnis
977 4627 1034 4679 et
1061 4621 1346 4678 laudibus
1373 4638 1519 4678 crux
1542 4623 1916 4690 decantatur,
1941 4640 2077 4696 quae
2106 4625 2223 4680 fru-

574 4719 735 4771 ctum
767 4729 946 4769 suum
974 4713 1137 4769 dedit
1169 4714 1228 4767 in
1257 4718 1520 4781 tempore
1548 4727 1652 4768 suo
1680 4714 1749 4781 ",
1782 4729 1906 4784 quo
1934 4714 1995 4770 in
2031 4714 2225 4770 Litho-

575 4806 760 4859 stroto
783 4801 1042 4873 depacta
1070 4806 1176 4858 est.
1207 4799 1438 4856 Gaudet
1471 4815 1613 4856 vero
1643 4816 1790 4857 crux
1817 4801 1908 4870 iis,
1947 4803 2053 4876 qui
2105 4805 2228 4861 vita

575 4893 761 4955 ﬂuxa,
835 4889 1000 4947 molli
1057 4894 1116 4946 et
1177 4888 1434 4946 delicata
1494 4894 1858 4963 contempta,
1918 4894 2226 4965 asperitati

576 4985 635 5039 et
689 4979 984 5037 severitati
1013 4978 1358 5035 Christianae
1405 4978 1733 5052 disciplinae
1787 4997 1920 5038 sese
1976 4982 2223 5038 dedunt.

575 5074 650 5128 At
676 5071 904 5126 fructus
933 5068 1063 5140 ejus
1087 5071 1182 5125 est
1200 5067 1472 5125 remissio
1496 5075 1903 5142 peccatorum,
1930 5086 2116 5144 quam
2165 5072 2226 5129 in

651 5229 699 5265 ²⁰
729 5231 898 5286 Deut.
929 5244 1134 5300 xxvm,
1162 5231 1250 5285 66.
1328 5229 1370 5263 ²¹
1405 5227 1542 5285 Psal
1570 5245 1753 5298 cxuv,
1784 5229 1869 5285 i5.

579 5407 663 5481 (2)
698 5406 890 5464 Vocat
947 5409 1311 5481 Germanus
1333 5405 1616 5481 calvariae
1639 5476 1658 5481 Α
1683 5409 1951 5481 montem
2013 5407 2232 5466 Lithro-

580 5476 811 5537 stroton
835 5478 998 5551 quod
1027 5484 1085 5551 et
1108 5478 1199 5551 ab
1217 5478 1347 5551 aliis
1376 5477 1593 5535 Graecis
1631 5476 1858 5551 factum
1887 5478 2232 5538 observavi-

581 5567 743 5610 mus.
771 5549 888 5608 Νεό
926 5549 1072 5607 satis
1100 5549 1248 5607 mihi
1275 5553 1489 5607 notum
1512 5565 1639 5624 qua
1665 5549 1897 5607 ratione
1924 5567 1938 5620 ;
1970 5567 2111 5608 cum
2143 5553 2231 5610 Li-

1946 5230 1993 5264 ²²
2024 5229 2176 5288 Psal.
2200 5247 2276 5298 iv,
2308 5237 2362 5289 7.

2332 4453 2506 4518 φυγεῖν
2560 4445 2661 4498 ἀπὸ
2731 4451 3014 4522 προσώπου
3064 4446 3238 4511 τόξου,
3296 4450 3388 4498 καὶ
3452 4453 3552 4497 τῶν
3616 4441 3949 4518 δαιμονικῶν

2331 4535 2656 4610 προσϐολῶν.
2723 4541 2888 4588 Τοῦτο
2952 4540 3042 4589 καὶ
3122 4535 3269 4599 ξύλον
3337 4538 3716 4608 πεφυτευμένον
3807 4535 3953 4608 παρὰ

2334 4628 2428 4687 τὰς
2485 4621 2755 4688 διεξόδους
2809 4633 2909 4677 τῶν
2957 4621 3165 4678 ὑδάτων
3219 4629 3310 4676 καὶ
3363 4633 3464 4676 τῶν
3520 4631 3612 4676 τοῦ
3672 4629 3954 4699 σωτηρίου

2335 4723 2539 4787 πηγῶν,
2570 4717 2652 4768 Ἐν
2705 4716 2904 4775 πάσαις
2951 4717 3049 4790 γὰρ
3108 4721 3224 4775 ταῖς
3279 4715 3440 4776 θείαις
3499 4719 3734 4788 Γραφαῖς
3770 4716 3957 4788 ὕμνοις

2335 4803 2793 4879 περιαντλούμενος
2850 4802 2992 4856 ἐστιν
3067 4805 3093 4856 6
3161 4806 3409 4877 σταυρὸς,
3475 4804 3533 4864 ὃς
3589 4806 3676 4855 τὸν
3750 4806 3958 4878 καρπὸν

2338 4894 2498 4948 αὐτοῦ
2531 4890 2758 4948 δέδωκεν
2811 4892 2858 4945 ἐν
2904 4901 3070 4966 καιρῷ
3128 4892 3309 4959 αὐτοῦ,
3359 4894 3481 4946 καθ’
3514 4891 3567 4945 ὃν
3616 4891 3664 4944 ἓν
3718 4903 3800 4964 τῷ
3855 4899 3959 4946 Λυ-

2340 4985 2618 5058 θοστρὼτῳ
2658 4985 2730 5055 (2)
2787 4982 3118 5056 ἐπεφύτευτο.
3169 4986 3355 5057 Χρίρει
3401 4979 3462 5035 δὲ
3508 4982 3533 5033 ὁ
3589 4986 3830 5056 σταῦρός
3856 4989 3962 5040 τοῖς

2336 5077 2423 5126 τόν
2479 5075 2689 5147 ἕνυγρον
2720 5075 2810 5145 μὶν
2843 5070 2960 5146 βίον
3007 5091 3040 5123 κ
3070 5076 3124 5124 αἱ
3171 5067 3440 5145 πλαδαρὸν
3490 5066 3851 5142 διαπτύουσι,
3899 5077 3957 5141 τῇ

2439 5233 2488 5268 ³³
2519 5230 2666 5288 Psal.
2702 5246 2816 5296 le,
2845 5235 2898 5288 6.
2973 5233 3022 5267 ³⁸
3052 5230 3249 5288 Matth.
3281 5245 3428 5297 xxiv,
3461 5232 3550 5286 43.

2339 5409 2888 5482 throstotosfuerit,
2911 5407 3398 5482 tribunalPilati,
3450 5423 3525 5466 ex
3553 5423 3677 5482 quo
3707 5412 3959 5467 senten-

2337 5482 2487 5541 tiam
2511 5481 2721 5540 mortis
2749 5481 2813 5540 in
2833 5481 3133 5541 Christum
3157 5480 3326 5539 dixit.
