4132 6384
273 328 383 385 657
1570 329 1641 388 IN
1678 322 2041 385 VIVIFICAX
2076 323 2374 385 CRUGEI.
3553 323 3659 382 658

270 453 578 527 τραχύτητι
630 448 691 509 δέ
735 457 825 508 καὶ
856 453 1235 533 σκληραγωγίᾳ
1285 451 1377 519 τῆς
1449 455 1587 509 κατὰ
1650 451 1883 529 Χριστόν

2021 461 2071 505 ιο.
2086 447 2306 508 aﬂlxus
2324 452 2534 524 Agnus
2556 450 2677 523 Dei,
2712 450 2819 524 qui
2844 450 3004 508 tollit
3014 453 3329 521 peccatum
3348 449 3564 507 mundi
3582 449 3653 519 ³⁵,

273 537 557 614 διαγωγῆς
578 546 1032 619 προσανὶχουσιν.
1070 545 1130 598 Ὁ
1178 542 1240 600 δὴ
1292 547 1494 621 κάρπος
1546 542 1707 597 αὐτοῦ
1764 540 1885 613 οἶφε-

1361 563 1494 621 ρπος
1546 542 1707 597 αὐτοῦ
1764 540 1885 613 οἶφε-
1996 537 2248 621 donavit
2275 540 2655 621 credentibus
2683 539 2746 621 in
2770 540 2993 621 ipsum.

276 650 363 692 σις
391 629 679 705 ἁμαρτιῶν,
709 631 771 691 ἣν
810 634 836 686 6
879 632 929 688 ἓν
980 633 1123 706 αὐτῷ
1175 636 1498 710 προσπαγιὶς
1551 633 1738 707 Ἀμνός
1792 634 1887 683 τοῦ
1998 618 2155 682 θεοῦ»
2186 611 2213 665 δ
2239 612 2400 686 αἴρων
2425 616 2514 672 τὴν
2540 611 2920 689 ἁμαρτίανῗτοῡ
2958 613 3183 686 κόσμον»
3205 618 3312 675 τοῖς
3344 614 3417 674 τίς

274 720 445 775 αὐτόν
466 722 805 776 πιστεύουσιν
831 719 1159 800 ἔδωρήσατο.

355 916 513 971 una
540 913 691 972 δεῦτε
745 919 933 984 πάντες
987 925 1433 996 προσκυνήσωμεν
1488 926 1565 993 υῷ
1606 914 1887 991 ὑποποδίῳ

2065 918 2359 975 Caeterum
2384 917 2592 976 adeste
2641 933 2876 990 omnes,
2937 917 3263 976 adoremus
3313 916 3646 975 scabellum

273 1012 373 1060 τοῦ
438 1004 814 1080 παμϐασιλίως
878 1016 1140 1085 Χριστοῦ.
1218 1013 1603 1083 Προσπέσωμεν
1655 1011 1873 1075 ἑκόντες,

2015 1006 2223 1081 ibique
2249 1008 2561 1079 regnantis
2579 1007 2815 1078 Christi,
2844 1007 3233 1081 procidamus
3256 1005 3548 1077 volentes,
3570 1021 3647 1063 ne

278 1098 373 1148 ’ίνα
397 1095 467 1169 μῆ
489 1096 701 1160 ἄκοντες
738 1104 892 1151 τοῦτο
940 1100 1206 1171 πάθωμεν,
1266 1100 1387 1152 ὅταν
1443 1100 1469 1151 ό
1523 1098 1704 1173 ιιατήρ
1762 1098 1885 1158 τούς

2015 1097 2055 1154 d
2074 1097 2347 1155 nolentes
2359 1098 2553 1155 facere
2568 1113 2881 1170 cogamur,
2903 1097 3156 1171 quando
3184 1099 3354 1154 Pater
3370 1095 3646 1153 inimicos

280 1184 505 1260 ἐχθροὺς
526 1192 620 1238 τοῦ
673 1191 794 1239 Tim)
848 1184 1062 1241 ὑποποδ
1066 1206 1140 1241 ιον
1199 1190 1260 1262 θῇ
1315 1196 1417 1240 τῶν
1466 1183 1644 1240 ποδῶν
1696 1185 1878 1241 αὐτοῦ.

2011 1186 2116 1243 Filii
2133 1186 2400 1260 posuerit
2424 1185 2756 1244 scabellum
2778 1185 3006 1260 pedum
3035 1185 3189 1257 ejus.
3213 1183 3428 1241 Adeste
3444 1183 3643 1254 igitur,

273 1281 428 1328 Δεῦτε
483 1278 650 1328 τοίνυν
700 1280 1079 1352 προσπέσωμεν
1160 1282 1250 1330 καὶ
1332 1276 1638 1348 κλαύσωμιν
1728 1275 1877 1328 ἐναν-

2012 1277 2375 1333 πόσίίιαηιιιε
2400 1283 2453 1334 et
2489 1278 2791 1346 ploremu:
2827 1289 3030 1331 coram
3078 1274 3332 1330 Domino
3371 1272 3482 1345 qui
3501 1272 3644 1344 fecit

268 1368 383 1417 τίον
464 1369 660 1438 Κυρίου
705 1372 799 1419 τοῦ
869 1365 1186 1429 πλάσαντος.
1259 1367 1416 1439 ἡμᾶς,
1477 1362 1588 1419 εἶτα
1660 1365 1877 1439 9029's»-

2013 1381 2097 1421 ιος
2121 1367 2189 1421 ³⁸.
2214 1364 2599 1439 perditosque
2623 1363 2702 1421 ob
2723 1362 3189 1420 inobedienliam
3217 1361 3517 1434 reparavit
3536 1376 3645 1434 per

264 1472 366 1516 τας
393 1460 458 1527 τῇ
491 1462 731 1529 παρακοῇ
783 1453 1177 1518 ἆναπλᾶσαντος
1219 1452 1256 1508 δ
1262 1457 1315 1508 ια
1363 1461 1613 1528 σταυροῦ,
1663 1453 1749 1506 ἶνα
1799 1457 1871 1527 μὴ

2010 1470 2248 1525 :rucem,
2283 1470 2357 1510 ne
2393 1454 2719 1527 ploremus,
2771 1452 3019 1525 quando
3076 1451 3320 1507 virtutes
3350 1449 3642 1507 caelorum

262 1541 596 1616 κλαύσωμεν,
653 1544 775 1596 ὅταν
832 1545 887 1598 αἱ
933 1541 1179 1618 δυνάμεις
1207 1551 1307 1598 τῶν
1345 1543 1574 1617 οὐρανῶν
1627 1542 1876 1602 σαλευθή-

2010 1542 2551 1609 :ommovebuntnr,
2584 1541 3017 1614 apparebilque
3030 1541 3264 1610 signum
3288 1538 3433 1595 Filii
3452 1539 3642 1597 homi-

267 1651 477 1703 σονται,
530 1638 621 1687 καὶ
675 1632 959 1705 ὀφθήσεται
1010 1637 1069 1688 r6
1149 1642 1365 1708 σημεῖον
1422 1640 1516 1687 τοῦ
1588 1634 1713 1686 Tia-3
1783 1640 1876 1685 τοῦ
1986 1625 3641 1701 nisincaalo.etplangentomnestribusterrce“;utenim

263 1719 537 1795 ἄνθρωπον
602 1720 653 1775 ἄν
697 1730 768 1794 τῷ
824 1722 1043 1796 οὐρανῷ,
1115 1728 1206 1776 καὶ
1269 1722 1523 1795 κόψονται
1582 1727 1754 1775 πᾶσαι
1819 1722 1875 1773 αἰ

2008 1720 2225 1777 nentiri
2254 1719 2493 1777 nescius
2516 1720 2781 1776 Christus
2821 1722 2975 1776 Deus
3032 1716 3326 1790 praedixit,
3377 1731 3525 1772 crux
3550 1731 3640 1771 se-

267 1810 427 1884 φυλαὶ
472 1818 571 1874 τῆς
622 1820 739 1884 γῆς.
797 1810 887 1875 Ὠς
940 1815 1040 1887 γὰρ
1088 1809 1325 1886 ἀψευδὴς
1378 1814 1506 1872 Θιός
1561 1812 1588 1863 ό
1640 1813 1875 1887 Χριστὸς

2007 1810 2256 1866 :undum
2277 1809 2405 1881 ejus
2427 1809 2755 1867 adventum
2778 1806 3107 1873 antecedet,
3130 1809 3425 1878 tanquam
3440 1802 3639 1874 regale

263 1896 631 1973 προεδήλωσε,
682 1905 1100 1975 προποριύσιται
1145 1909 1237 1963 τῆς
1286 1898 1533 1977 δευτέρας
1578 1904 1874 1976 παρουσίας

2010 1897 2268 1955 rexillum
2291 1897 2369 1955 ab
2390 1897 2676 1954 omnibus
2694 1896 2865 1954 facile
2886 1895 3147 1967 cognitu.
3172 1896 3239 1950 Et
3272 1896 3642 1964 cognoscent

268 1987 434 2043 αὐτοῦ
476 1990 504 2042 ό
553 1993 800 2067 σταυρὸς,
844 1994 911 2052 ὡς
954 1989 1209 2064 βασιλικὴ
1268 1995 1474 2064 σημαὶα
1517 1992 1872 2063 πανιύσημος,

2009 2003 2198 2044 ηιιῑιοε
2213 2003 2286 2043 ex
2301 1986 2535 2043 Adamo
2552 1985 2848 2059 progeniti
2866 2001 3061 2058 usque
3078 1983 3157 2040 ad
3172 1980 3641 2040 consummatio-

264 2098 357 2133 και
387 2083 714 2153 γνωρίσουσι
734 2081 923 2144 πάντες
968 2082 1017 2135 οἰ
1067 2079 1120 2145 ἐξ
1171 2076 1347 2155 Ἀδὰμ
1392 2084 1558 2154 μέχρι
1609 2086 1703 2142 τῆς
1758 2097 1878 2133 συν-

2008 2091 2146 2144 ιεω,
2177 2076 2471 2132 Christum
2494 2075 2848 2132 cruciﬁxum
2874 2073 3071 2129 venire
3102 2071 3443 2145 judicatum
3470 2069 3640 2126 vivos

267 2167 464 2231 τελείας
521 2170 808 2241 ἄνθρωποι,
854 2173 921 2232 ὡς
970 2172 996 2223 6
1054 2168 1445 2245 ἐσταυρωμένος
1491 2171 1722 2243 Χριστός
1790 2169 1876 2244 ἰρ-

2006 2168 2044 2222 Bt
2072 2170 2365 2221 mortuos.
2399 2168 2873 2234 Praeoccupemus
2914 2156 3104 2234 igitur
3149 2162 3372 2232 faciem
3420 2162 3547 2231 ejus
3576 2158 3638 2215 in

268 2276 430 2330 χεται
504 2265 680 2335 κρῖναι
758 2258 959 2321 ζῶντας
1040 2265 1130 2313 καὶ
1189 2261 1422 2333 νεκρούς.
1478 2259 1869 2332 Προφθάσωμςν

2009 2254 2355 2326 ronfessione
2381 2255 2451 2311 ³⁸.
2480 2252 2711 2312 Similes
2738 2251 2959 2310 ﬁamus
3011 2251 3154 2321 Regi
3184 2248 3547 2307 saeculorum
3583 2251 3641 2305 et

265 2344 359 2400 οὖν
431 2349 491 2400 τὸ
558 2351 839 2423 πρόσωπον
928 2348 1089 2402 αὑτοῦ
1165 2347 1215 2400 ὲν
1298 2345 1702 2420 ἰξομολογήσει.
1778 2344 1875 2398 Οἰ-

2013 2343 2172 2401 udici
2197 2343 2396 2401 omnis
2422 2342 2663 2418 spiritus
2694 2340 2926 2399 Christo
2954 2339 3258 2407 cruciﬁxo,
3310 2335 3643 2396 similitudi-

265 2437 559 2510 κειωθῶμεν
589 2443 662 2507 τῷ
691 2434 906 2510 βασιλεί
947 2444 1049 2489 τῶν
1105 2437 1303 2490 αἰώνων
1355 2442 1446 2490 καὶ
1485 2431 1639 2510 κριτῇ
1692 2423 1875 2499 πὰσὴς

2006 2450 2081 2501 1e,
2112 2449 2250 2507 qua:
2277 2437 2367 2490 est
2395 2448 2501 2505 per
2530 2430 2947 2489 imitationem.
2974 2429 3244 2486 Imitatur
3285 2442 3429 2485 vero
3473 2425 3638 2484 Chri-

263 2532 429 2588 πνοῆς
471 2533 546 2597 τῷ
595 2524 969 2601 ἑσταυρωμίνῳ
1025 2534 1243 2603 Χριστῷ
1300 2525 1561 2579 οἰκείωσιν
1615 2529 1711 2585 τὴν
1780 2522 1875 2579 δια

2003 2527 2166 2593 stum,
2190 2521 2294 2595 qui
2316 2520 2535 2577 divinae
2562 2520 2737 2576 morti
2752 2534 2997 2576 carnem
3020 2533 3196 2576 suam
3217 2516 3405 2576 clavis
3424 2514 3635 2586 afﬁgit,

260 2620 559 2689 μιμήσεως.
637 2622 892 2691 Μιμείται
970 2613 1030 2671 δί
1079 2621 1167 2671 τόν
1222 2617 1503 2690 Χριστόνό
1560 2613 1877 2678 καθηλὼτας

1340 2618 1453 2670 πὸν
1477 2617 1503 2669 ὁ
1560 2613 1877 2678 καθηλώτας
1984 2611 2215 2670 mundo
2246 2610 2566 2668 cruciﬁxus
2592 2614 2649 2667 et
2676 2613 2972 2667 mortuus.

264 2712 341 2776 τῷ
396 2707 517 2777 θείῳ
575 2709 710 2779 φόνῳ
761 2708 852 2768 τὰς
899 2705 1085 2760 ἑαυτοῦ
1142 2708 1363 2781 σάρκας,
1411 2711 1502 2761 καὶ
1552 2713 1625 2777 τῷ
1689 2709 1873 2779 κόσμῳ

266 2796 591 2867 σταυρωθεὶς
618 2799 711 2849 καί
751 2793 1128 2870 ἆπονεκρωθείς
1610 2788 1616 2795 ’

347 2886 638 2957 Κάμμυσόν
699 2904 794 2937 σου
878 2889 997 2945 τοὺς
1071 2884 1390 2958 ὀφθαλμούς,
1441 2885 1571 2937 ἒπάν
1644 2902 1697 2935 τι
1772 2890 1872 2936 τῶν

2051 2880 2273 2939 Claude
2324 2883 2457 2936 tuos
2486 2877 2715 2947 oculos,
2742 2893 2883 2934 cum
2912 2874 3062 2950 quid
3091 2872 3538 2933 delectabilium
3567 2873 3631 2929 in

274 2969 560 3043 θελγὸντων
616 2972 799 3035 αὐτούς
856 2972 1129 3048 προσϐάλῃ
1206 2974 1384 3041 ποθεν,
1462 2976 1594 3043 πρός
1675 2967 1872 3036 ἀδονῆς

2000 2988 2084 3030 :os
2103 2972 2433 3040 incurrerit,
2447 2968 2753 3041 abripiens
2771 2972 2824 3024 te
2845 2966 2924 3023 ad
2942 2964 3291 3040 perniciosae
3307 2962 3632 3037 voluptatis

276 3057 540 3135 βλαϐερᾶς
584 3066 882 3137 παρασύρον
931 3082 989 3115 σε
1030 3062 1257 3138 ὄλεθρον.
1314 3061 1528 3115 κλεῖσον
1576 3063 1636 3114 τό
1702 3064 1874 3134 στόμα

2001 3061 2249 3118 exitium.
2299 3057 2520 3117 Claude
2569 3073 2638 3113 os
2689 3060 2884 3126 tuum,
2933 3072 3073 3112 cum
3131 3054 3402 3111 consistit
3422 3052 3633 3109 adver-

272 3167 376 3201 σου
399 3146 448 3200 ἐν
477 3157 546 3222 τῷ
569 3160 828 3212 συστῆναι
854 3154 941 3206 τὸν
975 3150 1281 3228 ἁμαρτωλον
1338 3147 1374 3204 δ
1379 3150 1581 3204 ιάϐολον
1635 3149 1860 3204 ἐναντίον

1998 3167 2117 3207 sum
2137 3154 2189 3206 te
2208 3153 2483 3222 peccator
2502 3146 2971 3216 calumnians,et
2991 3144 3228 3201 irritans
3250 3142 3330 3200 ad
3354 3140 3630 3213 injurias.

266 3256 368 3290 σου
421 3236 719 3315 ἕριθίζοντα
770 3244 898 3316 πρός
954 3239 1128 3316 ὕϐρεις
1177 3245 1267 3293 καὶ
1309 3239 1701 3293 καταλαλοῠντα
1781 3247 1873 3293 τοῦ

2003 3246 2036 3298 :t
2062 3239 2407 3297 obtrectans
2436 3236 2733 3311 proximo.
2757 3234 2985 3292 Surdus
3014 3238 3140 3291 esto
3165 3233 3246 3291 ad
3302 3230 3635 3289 oblocutio-

261 3326 512 3386 πλησίον.
599 3331 887 3402 Κωφώθητι
959 3329 1424 3402 κπαλαλούμενος,
1504 3327 1871 3405 ὑϐριζόμενος,

2003 3345 2088 3386 res
2106 3334 2162 3385 et
2181 3326 2453 3399 injurias,
2477 3331 2533 3383 et
2551 3341 2701 3383 cane
2722 3341 2862 3381 cum
2884 3323 3110 3381 Davide
3133 3327 3331 3380 mente
3350 3327 3457 3379 tua
3478 3338 3491 3376 :
3516 3322 3635 3391 Ego

260 3420 358 3469 καὶ
413 3415 577 3488 ψάλλε
631 3422 765 3492 μετὰ
822 3414 990 3473 Δαυῖδ
1039 3421 1177 3472 κατὰ
1224 3426 1363 3471 νοῦν
1423 3416 1553 3491 Ἐγὼ
1612 3413 1672 3471 δε
1748 3421 1874 3472 ὡσεὶ

2001 3434 2120 3477 ›ενο
2147 3423 2436 3490 tanquam
2468 3417 2690 3473 surdus
2703 3431 2823 3471 non
2839 3415 3239 3483 audiebam,et
3250 3414 3403 3469 sicut
3434 3416 3633 3467 mutus

257 3510 432 3578 κωφός
480 3506 575 3560 οὐκ
625 3511 837 3577 ἤκουον,
928 3512 1017 3561 καὶ
1094 3508 1220 3561 ὠσεὶ
1303 3505 1487 3569 ἆλαλος
1566 3506 1663 3561 οὐκ
1738 3507 1874 3560 ἀνοί-

2003 3525 2103 3566 ιοη
2134 3509 2410 3579 aperiens
2430 3522 2493 3564 os
2521 3522 2695 3563 suum
2718 3506 2787 3561 ’9.
2814 3505 2952 3576 Liga
2975 3519 3193 3561 manus
3246 3508 3402 3574 tuas,
3434 3517 3512 3559 ne
3537 3516 3635 3557 ex-

258 3615 372 3666 γων
422 3600 482 3649 τό
541 3601 714 3670 στόμα
765 3601 947 3653 αὑτοῦ.
1004 3597 1300 3671 Δέσμευσόν
1351 3616 1446 3650 σου
1501 3598 1597 3660 τὰς
1666 3603 1872 3671 χεῖρας,

2002 3597 2309 3655 ,endantur
2330 3595 2409 3652 ad
2426 3594 2692 3652 actiones
2713 3593 2934 3650 animae
2955 3592 3311 3659 damnosas,
3331 3605 3529 3663 neque
3554 3587 3634 3646 ad

260 3687 352 3736 ’ίνα
397 3690 470 3759 μή
528 3690 657 3760 πρός
712 3690 803 3748 τὰς
853 3684 1212 3760 ψυχοϐλαϐεῐς
1274 3685 1578 3739 ἇκτείνοιντο
1634 3687 1871 3760 πράξεις,

2002 3687 2261 3759 'apinam
2308 3700 2519 3741 earum
2578 3698 2778 3740 rerum
2806 3699 2946 3756 quae
2998 3680 3247 3739 nihilad
3280 3685 3332 3737 te
3362 3680 3634 3737 attinent.

261 3770 410 3846 μηδε
482 3779 610 3850 πρὸς
684 3780 780 3835 τὴν
832 3774 1074 3849 ἁρπαγὴν
1125 3776 1227 3829 τῶν
1275 3779 1348 3848 μὴ
1422 3773 1713 3834 ἀνηκόντων
1766 3793 1869 3828 σοι.

2002 3776 2205 3847 lolliga
2225 3774 2407 3830 simul
2435 3777 2493 3830 et
2512 3773 2717 3846 pedes,
2750 3773 2799 3828 si
2824 3776 3116 3830 conentur
3156 3785 3393 3828 currere
3420 3769 3501 3827 ad
3525 3768 3634 3825 de-

262 3859 663 3939 Συνδίσμευσον
710 3869 801 3919 καὶ
856 3869 978 3928 τοὺς
1027 3860 1201 3927 πόδας
1250 3867 1597 3939 πειρωμένους
1665 3867 1872 3938 τρέχειν

2005 3867 2083 3923 ria
2109 3869 2167 3921 et
2192 3864 2500 3930 barathra,
2530 3868 2587 3919 et
2616 3866 2682 3919 ut
2702 3861 2910 3934 paucis
2951 3861 3173 3928 dicam,
3222 3858 3458 3930 conﬁge
3507 3875 3637 3916 ma-

260 3951 454 4028 πρόςὰ
483 3950 635 4018 οδίας
682 3953 950 4030 βάραθρα,
998 3959 1089 4007 καὶ
1143 3953 1316 4017 ἁπλῶς
1369 3952 1415 4006 εἰ
1437 3961 1570 4021 πιίν,
1625 3952 1873 4013 καθήλω-

2004 3970 2099 4011 ins
2122 3959 2182 4010 et
2229 3952 2417 4027 pedes
2466 3952 2676 4008 timore
2719 3951 2869 4022 ejus,
2891 3950 2997 4024 qui
3039 3949 3119 4007 ob
3174 3948 3636 4005 contaminatio-

266 4061 366 4096 σον
393 4047 485 4095 καὶ
506 4051 695 4117 χεῖρας
733 4048 823 4096 καὶ
874 4039 1042 4104 πόδας
1092 4049 1165 4114 τῷ
1225 4041 1366 4115 φόϐῳ
1422 4049 1515 4095 τοῦ
1565 4038 1661 4096 διὰ
1713 4042 1870 4115 μολυ-

2007 4059 2121 4100 lem
2156 4040 2436 4098 animalis
2456 4039 2794 4097 indumenti
2822 4038 3106 4096 manibus
3130 4042 3189 4095 ct
3214 4036 3470 4111 pedibus
3494 4035 3639 4107 liga-

262 4136 402 4207 σμόν
427 4140 518 4187 τοῦ
573 4133 816 4208 ψυχικοῦ
869 4130 1157 4207 ἐνδύματος
1213 4129 1444 4195 δεθέντος
1499 4140 1709 4207 χεῖρας,
1772 4137 1864 4187 καὶ

2007 4149 2076 4188 us
2106 4137 2165 4188 et
2197 4130 2273 4187 ad
2304 4145 2548 4203 poenam
2604 4129 2911 4201 expositus
2937 4132 3044 4184 est.
3100 4127 3156 4186 Si
3177 4127 3260 4183 ita
3288 4124 3469 4182 simul
3498 4140 3638 4181 cum

256 4218 454 4288 πόδας,
530 4229 622 4278 καὶ
696 4222 1064 4301 άποιόριφὶντος
1142 4222 1209 4284 εἰς
1264 4222 1503 4282 κόλασιν.
1568 4222 1687 4277 Ἐὰν
1736 4223 1873 4277 οὓτω

2002 4221 2210 4278 3hristo
2226 4218 2618 4289 cruciﬁgaris,
2643 4218 2897 4291 gloriam
2919 4233 3058 4274 cum
3073 4215 3208 4288 ipso
3224 4214 3634 4288 consequeris,

262 4315 648 4387 συσταυρωθῇς
666 4321 737 4384 τῷ
770 4321 1004 4386 Χριστῷ,
1047 4308 1469 4387 συσδοξασθῃσή
1528 4313 1693 4385 αὶτῷ,
1751 4317 1873 4367 ὅταν

2008 4309 2231 4383 [uando
2260 4308 2485 4366 venerit
2514 4308 2574 4364 in
2618 4308 2809 4379 gloria
2866 4307 3050 4364 Patris
3100 4306 3196 4362 sui
3224 4320 3363 4363 cum
3414 4304 3640 4362 sanctis

262 4400 392 4475 ἱλθῃ
426 4400 561 4476 ivra}
592 4399 721 4477 δόξῃ
765 4409 861 4455 τοῦ
890 4404 1094 4479 Πατρός
1150 4401 1312 4454 αὐτοῦ
1367 4404 1499 4474 μετὰ
1555 4410 1656 4456 τῶν
1723 4405 1874 4475 ἀγγέ-

2009 4398 2233 4470 ιηεοιὶε.
2264 4400 2428 4454 'l‘unc
2452 4397 2736 4455 adorabis
2758 4395 3173 4469 perfectiorem
3207 4395 3337 4466 jam
3368 4397 3427 4451 et
3458 4393 3641 4450 subli-

257 4491 368 4544 λων
420 4498 520 4544 τῶν
598 4490 783 4565 ἁγίων.
833 4494 963 4546 Τότε
1024 4495 1407 4565 προσκυνήσεις
1460 4491 1767 4565 τελειότιρόν
1819 4511 1875 4547 τε

2010 4488 2239 4545 niorem
2268 4486 2729 4544 desiderabilem
2751 4486 2986 4543 Domini
3024 4500 3287 4555 crucem,
3309 4498 3451 4541 cum
3478 4482 3642 4540 vide-

639 4546 656 4565 ,
772 4546 779 4547 ,
1063 4546 1073 4565 I
1278 4546 1288 4549 _
1392 4546 1406 4553 _
1678 4546 1688 4565 ι
1862 4546 1867 4547 ,

258 4583 358 4633 καί
407 4579 724 4654 ὑψηλότερον
773 4583 860 4634 τόν
914 4580 1278 4639 πολυπόθητον
1327 4587 1422 4633 τοῦ
1454 4585 1649 4654 Κυρίου
1709 4601 1873 4635 σταυ-

2005 4577 2064 4634 'is
2083 4577 2309 4634 solares
2332 4575 2535 4634 radios
2555 4574 2980 4648 ejaculantem,
3002 4573 3411 4647 angelicisque
3425 4571 3637 4630 turmis

254 4673 380 4748 ρόν,
449 4665 681 4725 κατιδὼν
739 4669 952 4731 ἡλιακὰς
1028 4667 1237 4731 ἀκτῖνας
1302 4667 1720 4742 φωτοϐολοῦντα,
1783 4674 1876 4725 καὶ

2009 4665 2445 4733 :ircumdatam,
2473 4664 2838 4738 signumque
2879 4663 3180 4732 ﬁdelibus,
3223 4667 3289 4721 ut
3314 4661 3395 4721 ad
3420 4666 3641 4734 Regem

259 4766 391 4820 ταῖς
450 4757 755 4832 ἀγγελικαίς
817 4756 1283 4835 περικυκλούμενον
1354 4758 1725 4833 ταξιαρχίαις,
1789 4764 1881 4812 καὶ

2009 4755 2360 4828 :onlugiant,
2389 4754 2781 4827 praebentem,
2808 4758 2865 4811 et
2888 4752 2965 4810 ab
2992 4753 3268 4811 hostibus
3320 4766 3641 4823 segregan-

265 4849 736 4922 συνθήματίζοντα
764 4855 875 4911 τοίς
923 4854 1135 4910 πιστοῖς
1179 4852 1275 4908 τὴν
1323 4850 1449 4921 πρός
1504 4851 1592 4902 τόν
1654 4848 1882 4923 βασιλέα

2008 4862 2133 4916 .em,
2182 4849 2241 4901 et
2278 4843 2356 4901 ad
2408 4843 2819 4901 haereditatem
2888 4848 3194 4916 expertem
3240 4840 3640 4898 successionis

261 4932 601 5011 συνδρομὴν,
669 4940 761 4991 καὶ
818 4939 918 4990 ἀπὸ
967 4945 1067 4990 τῶν
1119 4935 1327 5012 ὶχθρῶν
1386 4934 1724 5011 ἀφοριζοντα,
1788 4943 1878 4992 καὶ

2013 4940 2446 5005 :onvocantem,
2479 4950 2668 5007 quam
2696 4948 2908 4991 omnes
2933 4948 3044 4989 nos
3069 4931 3312 5005 assequi
3335 4929 3645 4999 contingat

259 5028 402 5102 πρός
467 5031 561 5086 τὴν
632 5030 980 5100 κληρονομίαν
1057 5033 1154 5088 τῆς
1228 5020 1538 5097 ἁδιαδόχου
1597 5023 1879 5099 βασιλείας

2013 5043 2050 5083 n
2076 5025 2208 5099 ipso
2235 5023 2468 5081 Christo
2497 5024 2615 5079 Deo
2635 5027 2862 5088 nostro,
2884 5036 3069 5094 quem
3088 5019 3260 5076 decet
3284 5019 3485 5075 omnis
3515 5017 3643 5087 glo-

267 5115 716 5189 συγκαλούμενον,
778 5112 841 5177 ἧς
906 5118 1106 5187 γίνοιτο
1163 5116 1361 5177 πάντας
1415 5116 1553 5188 ἡμᾶς
1607 5114 1878 5190 ἐπιτυχεῖν

2013 5116 2100 5185 'ia,
2131 5115 2346 5180 honor,
2378 5116 2436 5169 et
2476 5111 2769 5177 adoratio,
2819 5125 2962 5167 cum
2986 5112 3153 5167 Patre
3201 5106 3496 5181 principio
3548 5122 3645 5162 ca-

265 5206 322 5260 ἰν
372 5205 515 5276 αὐτῷ
600 5212 804 5279 Χριοτῷ
878 5211 951 5276 τῷ
1007 5211 1123 5275 Θεῷ
1178 5205 1348 5277 ἡμῶν,
1404 5211 1445 5275 ᾧ
1491 5207 1676 5280 πρεπει
1730 5211 1881 5260 πᾶσα

2011 5208 2174 5269 ente,
2203 5206 2535 5275 sanctoque
2575 5206 2634 5257 et
2679 5199 2842 5256 bono
2898 5204 2956 5255 et
3012 5196 3351 5255 viviﬁcante
3400 5194 3643 5270 Spiritu,

266 5290 425 5360 δόξα,
458 5298 609 5367 τιμὴ,
641 5299 731 5348 καὶ
770 5295 1128 5369 προσκύνησις
1180 5294 1269 5346 οὐν
1314 5299 1385 5364 τῷ
1439 5294 1659 5369 άνὰρχῳ
1716 5294 1878 5349 αὐτοῦ

1848 5302 1878 5348 ῡ
1989 5308 2153 5351 nunc
2180 5297 2238 5350 et
2262 5291 2322 5348 in
2353 5290 2588 5347 inﬁnita
2607 5287 2967 5346 saeculorum
2992 5286 3233 5344 saecula.
3265 5290 3478 5345 Amen.

272 5388 467 5460 ﬂar9i,
514 5382 716 5454 καὶτῷ
778 5402 1039 5455 παναγιῳ,
1089 5386 1181 5436 καὶ¹
1233 5379 1431 5455 ἀγαθῷ,
1486 5388 1578 5437 καὶ
1624 5384 1865 5457 ξωοποιῷ
1922 5387 2205 5458 Πνεύματι,
2276 5389 2366 5435 νῦν
2418 5386 2509 5434 καὶ
2564 5380 2636 5443 εἰς
2699 5380 2815 5441 τούς
2872 5376 3235 5440 ἀτελευτήτους
3309 5376 3473 5430 αἰῶνα
3547 5383 3648 5430 τῶν

272 5473 497 5528 αἰωνων.
522 5471 709 5544 Ἀμὴν.

347 5651 399 5687 ³⁵
422 5652 595 5709 Joan.
628 5666 666 5719 ι,
692 5652 781 5707 29.
858 5649 908 5685 "
938 5649 1010 5706 Ps
1032 5663 1181 5718 XCIV,
1222 5651 1276 5705 6-
1352 5647 1401 5683 ³⁷
1431 5648 1633 5710 latth.
1663 5667 1826 5723 xxxv,
1856 5650 1949 5711 30.
2024 5651 2074 5692 ³⁸
2101 5650 2257 5719 Bsal.
2281 5665 2429 5722 xciv,
2456 5652 2512 5708 2.
2588 5649 2637 5686 ³⁸
2668 5646 2825 5708 Psal.
2850 5663 3074 5719 xxxvii,
3103 5650 3187 5706 ll.
