4132 6382
320 362 426 417 68!

1731 356 1825 412 ns
1858 354 2289 430 inicimus.

317 488 471 549 τοὺς,
501 487 570 547 ὡς
599 487 691 536 καὶ
741 488 962 556 σὼματα
1012 484 1362 559 παραϐιάζειν
1408 486 1541 556 πρὸς
1584 482 1800 547 ἕνωσιν,
1841 485 1915 535 καί

2049 487 2188 567 Deo,
2219 503 2275 555 et
2304 498 2456 556 inter
2484 513 2548 553 se
2572 493 2834 558 vinculo,
2868 498 2937 549 ut
2982 496 3042 548 et
3096 502 3355 561 corpora
3400 486 3701 561 quodam-

319 572 394 634 εἰς
411 580 599 646 πῆγμα
624 572 676 626 ἓν
707 573 1098 646 συσφίγγεσθαι
1119 577 1210 626 καὶ
1241 574 1583 645 συνὰγεσθαι.

388 820 449 877 Ἡ
509 819 569 877 δὲ
635 822 924 882 τηλικαύτη
1008 829 1299 897 πανήγυρις
1356 825 1604 877 ὑπόθεσιν
1670 826 1784 897 ἔχει
1833 828 1929 882 τήν

316 911 612 985 ἀνάμνησιν
640 920 736 975 τῆς
772 921 875 965 τῶν
911 917 1179 985 παναγίων
1245 913 1452 966 εἰκόνων
1500 912 1924 975 ἀναστηλώσεως.

314 999 520 1055 Ἐκειτο
686 1004 786 1075 γὰρ
833 1003 864 1060 ἡ
925 1001 1073 1054 εἰκὼν
1126 1010 1218 1055 τοῦ
1258 1010 1494 1076 Χριστοῦ
1525 1002 1584 1054 οῦ
1627 1006 1921 1076 τριήμερος,

318 1087 451 1142 ἀλλὰ
541 1089 882 1166 πολυχρόνιος
931 1092 1034 1143 ὑπὸ
1076 1094 1163 1143 τόν
1209 1100 1306 1154 τῆς
1354 1091 1694 1164 ἄφαντοισεως
1743 1096 1921 1157 τόπον,

318 1176 590 1251 βασκανίᾳ
617 1187 718 1232 τῶν
766 1175 1194 1253 Ἰουδαιοφρόνων
1241 1180 1537 1253 αἱρετικῶν.
1586 1187 1694 1233 Νῦν
1731 1175 1781 1232 δ’
1814 1178 1923 1232 ἀλλ’

311 1263 506 1320 ἐκεῖθεν
554 1264 773 1340 εὐδοκία
839 1271 1043 1341 Πατρός
1062 1267 1419 1335 ἇξανίσταται,
1475 1274 1566 1321 καὶ
1598 1275 1780 1344 πρώτη
1825 1277 1923 1332 τῆς

310 1354 646 1418 ἀναστάσεως
716 1359 911 1419 ταύτης
984 1357 1387 1431 εὐαγγελίστρια
1439 1359 1469 1416 ἡ
1520 1360 1807 1431 σεμνοτάτη
1871 1358 1920 1411 ἐν

307 1445 522 1516 γυναιξὶ
549 1450 641 1498 καὶ
686 1447 955 1519 μαθήτρια
982 1453 1074 1498 τοῦ
1124 1454 1381 1519 Χριστοῦ,
1433 1448 1463 1505 ἡ
1496 1454 1591 1508 τῆς
1624 1449 1763 1508 θείας
1817 1442 1918 1499 δω-

305 1539 434 1609 ρεᾶς
500 1537 580 1601 (4)
652 1539 943 1608 φερώνυμος
1020 1533 1256 1607 βασιλὶς,
1308 1540 1398 1587 καὶ
1448 1531 1521 1587 δι’
1571 1538 1735 1596 αὐτῆς
1785 1538 1917 1610 πρός

305 1625 506 1683 πάντας
539 1626 662 1684 τοὺς
697 1627 813 1675 τότε
869 1621 1245 1685 ἀποστολικοῦς
1304 1620 1504 1698 ἄνδρας
1552 1629 1642 1676 καὶ
1694 1641 1914 1698 χριστο-

306 1716 549 1785 κήρυκας
585 1719 682 1773 τῆς
720 1711 1056 1773 ἀναστάσεως
1086 1708 1348 1765 διαϐαίνει
1402 1716 1461 1765 1'6
1501 1718 1769 1786 κήρυγμα,
1823 1718 1915 1766 καὶ⁹

305 1799 697 1862 καλλωπίζεται
755 1795 908 1862 αὖθις
953 1802 983 1859 ἠ
1035 1809 1127 1853 τοῦ
1179 1809 1417 1876 Χριστοῦ
1474 1801 1763 1859 Ἐκκλησία
1805 1809 1914 1864 τοῖς

309 1891 659 1962 ἱερομόρφοις,
714 1895 804 1942 καὶ
857 1885 1203 1950 εῦωδιάζεται
1256 1891 1497 1944 πλεῖστον
1555 1889 1914 1962 ἀπαλλαγεῖσα

303 1986 401 2041 τῆς
429 1978 839 2051 εἰκονομαχικῆς
894 1976 1198 2052 βδελυρίας.
1268 1986 1577 2053 Μυροφόρου
1607 1983 1706 2054 ’γὰρ
1765 1980 1911 2043 τάξιν

305 2066 744 2143 ἀποπληρῶσασα
790 2072 822 2126 ἣ
853 2067 981 2126 καλή
1043 2068 1174 2126 αὕτη
1243 2070 1512 2141 μαθήτρια
1576 2074 1666 2121 καὶ
1712 2071 1909 2123 θεοστε-

306 2162 406 2229 φὴς
467 2158 681 2210 ἄνασσα
708 2176 828 2218 τους
869 2155 1253 2229 μεταλαϐόντας
1299 2166 1393 2220 τῆς
1432 2166 1523 2209 τοῦ
1558 2161 1909 2231 Κοπρωνύμου

308 2244 574 2316 αἱρέσεως,
611 2243 679 2306 ὣς
726 2264 870 2306 τινας
938 2246 1265 2321 κοπροσγενεὶς
1316 2247 1626 2319 κανθάρους,
1680 2244 1908 2299 ἀποπνί-

305 2330 445 2394 ξασα
490 2333 672 2402 ὤλεσε,
731 2339 822 2386 καὶ
868 2338 954 2387 τόν
1021 2335 1205 2388 οἰκεῖον
1255 2338 1493 2388 σύνευνον
1544 2339 1632 2387 τὸν
1687 2333 1911 2408 βασιλέα

305 2421 556 2492 Θεόφιλον
588 2421 777 2485 ἀθλίως
809 2423 1304 2495 αἰχμαλωτισθέντα
1324 2426 1422 2476 ὑπὸ
1478 2432 1572 2485 τῆς
1600 2434 1909 2498 τυραννικῆς

305 2507 649 2574 δυσσεϐείας,
708 2513 778 2573 ὡς
823 2511 924 2565 ἀπὸ
978 2518 1198 2586 κοπρίας
1255 2517 1470 2584 πτωχόν
1537 2512 1813 2585 ἐξήγειρεν,
1873 2515 1903 2572 ἠ

301 2603 549 2661 κοινωνός
580 2603 671 2672 μὲν
700 2609 794 2653 τοῦ
833 2600 977 2673 βίου,
1018 2609 1110 2654 τοῦ
1143 2598 1202 2654 δὲ
1255 2607 1580 2674 φρονήματος
1631 2600 1909 2660 ἀκοινώνη-

300 2706 411 2751 τος.
459 2688 532 2741 Ὠ
587 2689 748 2750 καλῆς
782 2694 1029 2760 γυναικὸς
1057 2690 1255 2743 πολλῶν
1314 2699 1572 2761 γυναικῶν
1623 2689 1909 2743 ἀναπαλαί-

304 2780 477 2838 σάσης
515 2780 796 2851 ἡττήματα
821 2779 834 2834 ί
874 2782 983 2833 Εὔα
1010 2782 1094 2832 τόν
1146 2775 1317 2853 ἄνδρα
1345 2787 1435 2830 τοῦ
1465 2776 1793 2851 παραδείσου
1823 2777 1912 2831 ἕκ-

304 2863 506 2937 ϐάλλει,
562 2867 830 2939 μολύνασα
865 2872 923 2920 τό
963 2869 1073 2922 κατ’
1129 2869 1301 2921 εἰκόνα
1343 2865 1437 2920 διὰ
1488 2877 1579 2929 τῆς
1620 2876 1912 2942 παρακοῆς.

330 2958 437 3007 Eni.
463 2962 557 3017 τῆς
578 2961 790 3030 κοπρίας
819 2958 845 3008 ό
878 2955 996 3011 Ἰὼϐ
1022 2956 1267 3025 ἐκάθητο,
1304 2961 1364 3010 1'6
1414 2960 1502 3029 μὲν
1571 2965 1725 3029 σῶμα
1782 2953 1911 3011 δύσ-

314 3038 504 3114 οδμος,
554 3048 640 3102 τήν
690 3041 747 3098 δε
792 3045 980 3118 ψυχήν
1012 3049 1248 3118 εὔοσμος,
1288 3047 1430 3103 καὶή
1491 3048 1695 3121 πονηρὰ
1746 3044 1909 3105 ἐκείνη

308 3136 447 3202 ’γυνὴ
490 3132 816 3189 συνεϐούλευε
849 3138 1040 3206 τούτῳ,
1082 3135 1165 3187 ἵνα
1200 3139 1289 3187 καί
1335 3140 1430 3193 τήν
1464 3133 1651 3206 ψυχήν
1688 3136 1910 3209 ῥυπώσῃ

304 3217 406 3272 διὰ
462 3219 827 3295 βλασφημίας.
890 3223 1026 3278 Ἀλλ’
1084 3222 1191 3295 οὐχ
1239 3224 1399 3284 οὕτως
1428 3224 1458 3281 ἠ
1495 3222 1727 3296 θεόφιλος
1777 3222 1909 3281 αὕτη
1945 3217 1984 3271 C

299 3316 474 3381 γυνή·
504 3310 638 3384 αὐτῇ
684 3332 784 3385 γαρ
834 3312 1160 3387 ἐμφαρμόσει
1203 3312 1394 3385 μᾶλλον
1451 3316 1510 3364 τό
1560 3321 1653 3365 τοῦ
1719 3308 1915 3386 ἀνδρὸς

300 3403 498 3472 ἄνομα.
569 3404 701 3454 Θεόν
743 3404 842 3477 γὰρ
893 3401 1245 3474 ἀγαπήσασα,
1283 3403 1383 3454 ὑπό
1445 3410 1578 3455 Θεοῦ
1636 3403 1910 3473 ἠγαπήθη,

296 3492 397 3540 καὶ
420 3484 514 3541 διὰ
548 3493 634 3541 τόν
666 3494 795 3543 Θεὸν
828 3495 914 3545 καὶ
966 3494 1052 3543 τὸν
1110 3486 1281 3565 ἄνδρα
1340 3492 1417 3561 (5)
1480 3488 1719 3562 ἐφίλησεν
1778 3490 1913 3543 οὕτω

302 3574 573 3652 σφοδρῶς,
603 3582 672 3639 ὡς
693 3577 747 3641 ἐξ
776 3574 850 3649 ᾄδ
854 3599 912 3630 ου
952 3577 1191 3654 ἁρπάσαι
1220 3584 1310 3631 καὶ
1339 3586 1439 3631 τῶν
1464 3578 1571 3631 ἐκεῖ
1616 3575 1911 3636 δικαιωτή-

294 3671 451 3741 ρίων,
518 3672 610 3720 καὶ
658 3671 785 3743 πρὸς
844 3664 1168 3741 παράδεισον
1225 3665 1619 3739 ἀντεισαγαγεῖν
1677 3663 1913 3720 σπουδά-

303 3774 479 3827 σματι
537 3757 755 3829 φιλοθέῳ
800 3762 889 3809 καὶ
929 3759 1119 3830 μόχθῳ
1175 3764 1529 3828 πνευματικῷ,
1580 3754 1664 3809 ἐπὶ
1718 3753 1778 3809 δὲ
1821 3763 1913 3816 τῆς

298 3850 532 3921 κοπρίας
569 3848 860 3919 καθήμενον
890 3856 987 3909 τῆς
1030 3855 1123 3899 τοῦ
1177 3848 1527 3920 Κοπρωνύμου
1582 3842 1911 3919 βδελυρωτά-

300 3955 405 3995 της
472 3938 719 4010 αἱρέσεως
771 3944 866 3999 τῆς
922 3937 1037 3989 κατ’
1091 3936 1254 3994 αὐτὴν
1322 3934 1666 4008 βλασφημίας
1719 3934 1910 4008 μᾶλλον

300 4024 585 4099 ἐρῥυσατο.
657 4031 747 4078 καὶ
813 4027 997 4098 θερμὸν
1056 4026 1320 4095 εἰσήνεγκε
1366 4026 1454 4076 τὸν
1513 4022 1686 4097 ἀγῶνα
1750 4043 1912 4098 προσ-

301 4121 582 4167 οικιιῶσαι
609 4122 793 4167 τοῦτον
825 4122 897 4185 τῷ
929 4121 1164 4189 Χριστῷ,
1215 4112 1277 4165 οὗ
1327 4116 1488 4187 μῦρον
1537 4111 1809 4167 ἑκκενωθὶν
1852 4116 1910 4166 1'6

301 4207 495 4275 ὄνομα.

381 4329 561 4390 Οὕτως
591 4328 846 4401 ἀγαπᾶτε,
876 4336 1139 4400 γυναῖκες,
1168 4332 1291 4392 τοὺς
1313 4325 1540 4402 ἄνδρας·
1591 4328 1727 4381 οὕτω
1784 4327 1913 4401 βοη-

303 4420 447 4471 θεῖτε
474 4439 487 4452 ·
520 4416 649 4470 ἀλλὰ
678 4422 749 4491 μή
810 4423 986 4490 μόνοις
1023 4424 1135 4479 τοίς
1183 4424 1456 4493 σαρκικοῖς
1514 4421 1574 4470 τό
1616 4420 1912 4469 κοινωνικόν

300 4509 460 4579 ἔχετε
504 4510 635 4579 πρός
686 4510 805 4567 τοὺς
845 4509 1111 4578 συζύγους
1164 4503 1380 4581 ἄνδρας,
1439 4503 1533 4559 διὰ
1586 4502 1914 4564 ἡδυπάθειαν

300 4596 570 4669 φιλοῦντες
629 4596 836 4659 αὐτούς·
914 4595 1042 4647 αλλά
1107 4602 1401 4667 συνεργάτε
1474 4599 1566 4646 καὶ
1631 4597 1763 4667 πρὸς
1819 4598 1914 4652 τὴν

301 4686 498 4755 ψυχήν
553 4685 863 4758 ὠφελοῦντα,
922 4689 1013 4736 καὶ
1077 4682 1452 4755 συμϐουλεύετε
1506 4686 1573 4735 τὰ
1640 4687 1773 4758 πρὸς
1823 4686 1916 4741 τήν

307 4778 596 4848 σωτηρίαν,
626 4773 730 4828 Κᾶν
776 4777 878 4848 πρὸ
930 4775 1073 4847 ὑμῶν
1121 4775 1147 4824 ό
1187 4775 1402 4833 θάνατος
1460 4772 1679 4834 ἐκείνους
1742 4773 1917 4847 ἁρπά-

306 4881 447 4916 σειεν
494 4866 567 4916 ἔτι
608 4862 985 4936 ἐσπιλωμένους
1030 4864 1167 4914 κατὰ
1211 4860 1417 4932 ψυχήν,
1476 4863 1627 4913 θέσθε
1668 4859 1920 4934 φροντίδα

306 4961 404 5014 τῆς
438 4958 704 5026 σωτηρίας
749 4953 919 5005 αὐτῶν
973 4948 1068 5004 διὰ
1117 4959 1447 5025 προσευχῶν,
1504 4947 1599 5001 διὰ
1652 4946 1917 5025 δακρύων»

308 5041 343 5110 οῖ
351 5045 388 5095 ι’
416 5042 798 5115 ἐλεημοσυνῶν,
829 5039 922 5094 διὰ
953 5042 1110 5094 θαίοιν
1143 5043 1462 5115 ἱερουργιῶν.
1517 5042 1747 5092 Δύνασαι
1792 5042 1916 5111 γὰρ,

308 5130 349 5185 ὦ
380 5129 558 5206 γύναι,
604 5128 695 5187 καὶ
743 5134 963 5185 θανόντα
1008 5134 1096 5184 τὸν
1144 5127 1318 5204 ἄνδρα
1365 5138 1535 5182 σῶσαι
1587 5126 1765 5196 (ὃὶδιὰ
1816 5138 1915 5182 τῶν

385 5249 462 5322 (4)
490 5239 802 5306 Theodora
833 5247 1181 5319 imperatrix
1209 5263 1362 5322 uxor
1381 5246 1918 5322 Theophili,_mater

310 5316 613 5378 Michaelis
642 5321 718 5375 de
761 5336 883 5393 qua
912 5316 1173 5375 Zonaras
1230 5316 1644 5393 Cedrenusgpt
1671 5318 1791 5393 alii.
1829 5318 1917 5373 Al-

308 5394 465 5449 ludit
515 5394 592 5448 ad
645 5389 969 5447 'l‘heédorue
1019 5405 1242 5445 nomen
1293 5389 1488 5445 verbis
1521 5389 1634 5445 illis
1669 5411 1683 5445 :
1714 5389 1773 5442 Ἠ
1823 5399 1919 5453 τῆς

312 5468 453 5526 θείας
484 5462 673 5540 δορεᾶς
693 5468 984 5538 φερώνυμος
1014 5460 1253 5534 βασιλίς.
1906 5472 1913 5513 ἱ

316 5550 333 5590 ὀ
356 5574 361 5597 τ
386 5555 645 5634 (δλευηι
674 5552 775 5634 qui
799 5551 1059 5633 scribant
1082 5548 1475 5634 Theophilum
1498 5550 1923 5634 imperatorem

316 5556 333 5590 ῖ
356 5574 361 5597 τ
386 5556 464 5681 ξ)
496 5556 645 5611 Sunt
674 5556 775 5624 qui
799 5556 1059 5607 scribant
1082 5556 1475 5621 Theophilum
1498 5556 1922 5623 imperatorem

312 5642 386 5681 su
462 5625 648 5681 ﬁnem
677 5624 811 5695 vita:
841 5623 1257 5695 resipuisse,_et
1282 5621 1360 5675 ab
1384 5622 1922 5695 lconomachorum

312 5697 626 5770 impietate
656 5691 976 5757 destitisse:
999 5697 1081 5749 Ita
1118 5691 1368 5783 refertur
1394 5692 1458 5749 in
1486 5693 1783 5764 Perioche,
1818 5708 1924 5748 seu

1945 4571 1989 4625 D

2042 590 2229 647 modo
2261 588 2341 646 ad
2370 586 2660 644 unionem
2691 588 2749 640 et
2775 579 3265 652 coniunctionem
3309 575 3696 649 compellant,

2041 683 2225 753 utque
2253 679 2316 736 in
2364 692 2557 734 unum
2606 672 2781 750 quasi
2824 684 3049 748 pegma
3098 670 3597 741 coagmententur
3641 670 3702 724 et

2041 772 2447 827 concrescant.

2108 859 2276 916 Tanti
2303 874 2443 915 vero
2474 870 2803 914 concursus
2831 868 3018 912 causa
3063 856 3154 908 est
3196 847 3692 909 commemoratio

2037 954 2383 1005 sanctarum
2413 947 2752 1017 imaginum
2770 942 3196 1001 restitutamm.
3225 937 3476 995 Jacebat
3528 936 3690 994 enim

2035 1036 2246 1093 Christi
2275 1036 2498 1107 imago,
2526 1050 2653 1091 non
2674 1033 2895 1100 triduo,
2917 1031 3024 1087 sed
3042 1029 3403 1100 longissimo
3419 1031 3693 1099 tempore

2031 1127 2093 1183 in
2114 1127 2373 1184 obscuro
2392 1132 2450 1182 et
2466 1124 2843 1183 tenebricoso
2871 1125 3009 1178 loco
3026 1118 3256 1177 invidia
3272 1116 3691 1174 haereticorum

2030 1215 2192 1272 idem
2223 1233 2362 1272 cum
2392 1214 2611 1272 Iudaeis
2640 1211 3023 1269 sentientium
3055 1226 3069 1265 :
3094 1207 3201 1265 sed
3219 1221 3384 1263 nunc
3410 1205 3551 1261 inde
3578 1220 3689 1261 vc-

2028 1304 2257 1360 luntate
2283 1304 2473 1361 Patris
2502 1302 2770 1371 exsurgit
2821 1306 2879 1356 et
2923 1298 3122 1373 prima
3183 1296 3369 1367 hujus
3424 1308 3684 1351 resurre-

2028 1393 2242 1448 ctionis
2271 1391 2683 1449 annuntiatrix
2706 1389 2936 1446 exsistit
2964 1385 3327 1457 gravissima
3353 1383 3507 1440 inter
3552 1398 3688 1441 mu-

2022 1490 2195 1546 lieres
2221 1497 2279 1548 et
2306 1490 2608 1563 discipula
2648 1487 2857 1544 Christi
2904 1485 3131 1556 regina,
3191 1497 3331 1556 quae
3386 1496 3425 1538 a
3476 1480 3684 1537 divino

2024 1598 2274 1637 munere
2298 1597 2518 1638 nomen
2551 1578 2736 1636 habet
2761 1596 2774 1634 :
2801 1580 2859 1633 et
2902 1590 3011 1650 per
3060 1575 3261 1646 ipsam
3316 1570 3398 1629 ad
3444 1584 3679 1636 omnes,

2022 1672 2125 1744 qui
2146 1676 2288 1727 tunc
2307 1676 2475 1728 erant
2503 1667 2814 1742 apostolici
2841 1666 2973 1734 viri,
2995 1663 3327 1736 Christique
3346 1675 3677 1735 praecones,

2019 1761 2465 1817 resurrectionis
2495 1760 2676 1831 hujus
2703 1755 3071 1831 praeconium
3092 1758 3321 1825 manat,
3343 1765 3679 1824 rursusque

1938 1855 1983 1909 B
2020 1856 2344 1906 exornatur
2368 1849 2581 1906 Christi
2611 1846 2873 1903 Ecclesia
2913 1847 3261 1901 sanctorum
3307 1838 3677 1912 imaginibus

2019 1947 2074 1997 et
2103 1940 2283 2012 typis,
2322 1943 2681 2010 gratumque
2728 1935 2979 1992 odorem
3022 1931 3289 2006 acquirit,
3339 1930 3418 1987 ab
3473 1932 3677 1986 lcono-

2019 2030 2374 2085 machorum
2405 2027 2856 2083 abominatione
2876 2023 3149 2079 liberata.
3178 2019 3347 2077 Vasis
3375 2019 3538 2075 enim
3565 2033 3675 2075 un-

2018 2119 2310 2190 guen‘tarii
2334 2119 2457 2173 vice
2486 2116 2690 2172 functa
2736 2113 2976 2183 egregia
3026 2110 3128 2167 illa
3159 2108 3477 2182 discipula,
3526 2114 3584 2164 et
3638 2124 3676 2165 a

2018 2211 2139 2265 Deo
2175 2213 2463 2264 coronata
2492 2206 2719 2277 regina,
2746 2218 2960 2259 omnes
2985 2201 3091 2273 qui
3138 2198 3506 2272 Copronymi
3560 2197 3679 2254 hea-

2015 2298 2130 2354 resi
2160 2297 2358 2354 infecti
2394 2301 2580 2363 erant,
2614 2300 2907 2366 tanquam
2955 2289 3299 2346 scarabasos
3351 2286 3675 2360 quosdam,

2017 2404 2090 2443 ex
2116 2402 2289 2442 coeno
2318 2385 2688 2458 progenitos,
2717 2381 3026 2438 suﬁ‘ocans
3050 2377 3311 2452 perdidit
3360 2395 3374 2433 :
3424 2381 3481 2434 et
3537 2392 3679 2449 pro-

2017 2476 2217 2547 prium
2235 2473 2369 2545 conj
2380 2488 2557 2543 ugem
2578 2472 3005 2544 imperatorem
3022 2465 3421 2539 Theophilum
3438 2466 3681 2523 misera-

2017 2564 2209 2620 biliter
2238 2578 2275 2619 a
2298 2562 2612 2635 tyrannica
2640 2558 2948 2632 impietate
2973 2560 3239 2629 captum,
3281 2558 3576 2628 tanquam
3604 2555 3681 2613 de

2020 2658 2279 2710 stercore
2305 2650 2552 2723 inopem
2581 2647 2877 2715 excitavit,
2907 2645 3041 2701 vitae
3101 2643 3349 2718 quidem
3404 2659 3677 2718 consors,

2019 2747 2080 2798 at
2104 2741 2409 2797 sententiae
2440 2754 2670 2795 exsors.
2721 2738 2764 2793 Ο
2817 2734 3103 2792 eximiam
3152 2733 3485 2801 mulierem,
3535 2749 3675 2807 quin

2019 2829 2345 2887 multarum
2384 2827 2702 2885 mulierum
2756 2824 2958 2881 clades
3005 2827 3064 2879 et
3106 2822 3337 2879 damna
3387 2822 3678 2895 prmstititl

2021 2923 2142 2976 Eva
2186 2921 2379 2974 virum
2401 2933 2474 2974 ex
2522 2915 2806 2991 paradiso
2866 2912 3042 2984 ejicit'
3114 2911 3529 2968 contaminata
3572 2926 3681 2983 per

2020 3007 2493 3065 inobedientiam
2562 3005 2825 3077 illa.quae
2853 3001 3188 3059 secundum
3237 2999 3426 3056 Deum
3464 3004 3575 3069 est,
3608 3001 3682 3057 si-

2020 3096 2372 3155 militudine.
2431 3095 2690 3153 Sedebat
2742 3092 2852 3149 Job
2911 3091 2977 3147 in
2997 3089 3388 3164 sterquilinio,
3430 3104 3681 3163 corpore

2021 3187 2267 3262 quidem
2298 3186 2552 3256 graviter
2576 3183 2763 3249 olens,
2793 3181 3001 3238 anima
3031 3184 3234 3236 autem
3266 3183 3504 3251 gratum
3531 3178 3679 3236 odo-

2021 3293 2149 3333 rem
2176 3276 2415 3332 halans.
2447 3276 2516 3330 Et
2542 3271 2823 3346 improba
2850 3269 2950 3331 illa
2989 3268 3204 3325 mulier
3248 3267 3549 3326 suadebat
3604 3268 3681 3337 ei,

2021 3372 2088 3423 ut
2114 3373 2171 3422 et
2190 3364 2461 3422 animam
2492 3360 2887 3435 blasphemiis
2912 3357 3291 3432 proferendis
3312 3357 3679 3431 inquinaret.

2021 3456 2151 3511 Non
2182 3454 2266 3510 ita
2298 3452 2400 3509 Dei
2426 3450 2844 3509 amantissima
2886 3448 3018 3504 haec
3064 3446 3302 3503 femina.
3355 3447 3473 3520 Ipsi
3520 3448 3681 3504 enim

2021 3543 2217 3600 mariti
2247 3557 2471 3599 nomen
2497 3539 2798 3612 competit.
2832 3540 2983 3595 Nam
3012 3553 3153 3592 cum
3174 3537 3362 3592 Deum
3388 3535 3680 3607 diligeret,

2022 3649 2058 3690 a
2085 3634 2203 3689 Deo
2233 3631 2449 3688 dilecta
2469 3635 2577 3699 est,
2598 3633 2963 3702 propterque
2994 3628 3185 3682 Deum
3213 3626 3409 3682 virum
3432 3641 3680 3699 quoque

2020 3728 2143 3780 tam
2161 3723 2548 3778 vehementer
2572 3717 2822 3789 amavit,
2844 3721 2909 3773 ut
2926 3732 3066 3772 eum
3088 3731 3159 3771 ex
3181 3714 3435 3783 inferno,
3463 3730 3681 3790 eoque,

2020 3812 2188 3886 quod
2202 3811 2348 3867 inibi
2372 3815 2481 3873 est,
2508 3807 2791 3865 tribunali
2813 3805 3117 3878 eripuerit,
3135 3809 3192 3860 et
3215 3803 3294 3861 ad
3326 3805 3681 3878 paradisum

2021 3906 2241 3958 conatu
2270 3904 2326 3955 et
2354 3897 2550 3954 studio
2581 3895 2813 3969 superis
2842 3899 3033 3965 grato,
3068 3900 3125 3950 et
3151 3893 3445 3965 spirituali
3471 3893 3680 3951 labore

2017 3988 2370 4054 traduxerit,
2396 3987 2849 4056 haerentemque
2873 3983 2935 4038 in
2964 3981 3116 4039 caelo
3148 3983 3537 4040 exsecranda;
3560 3983 3681 4040 hee-

2018 4095 2220 4135 reseos
2233 4074 2619 4149 Copronymi,
2635 4073 2713 4129 ab
2726 4073 2842 4129 hac
2855 4071 3237 4145 blasphemia
3247 4072 3678 4145 expedivit,va-

2016 4167 2332 4240 lidumque
2364 4172 2667 4221 certamen
2698 4161 2880 4218 subiit
2899 4167 2957 4218 et
2985 4161 3288 4231 sustinuit,
3302 4167 3370 4218 ut
3387 4178 3529 4218 eum
3550 4163 3677 4219 vin-

2019 4258 2245 4314 dicaret
2275 4255 2524 4319 Christo,
2549 4253 2721 4325 cujus
2745 4267 2971 4308 nomen
2988 4256 3369 4323 unguentum
3390 4250 3673 4311 effusum.

2092 4352 2158 4404 ln
2188 4348 2350 4403 hunc
2375 4344 2649 4411 modum,
2684 4359 2721 4399 ο
2751 4341 3053 4409 mulieres,
3081 4347 3280 4399 amate
3311 4330 3560 4400 maritos
3581 4359 3681 4400 ve-

2021 4444 2175 4495 stros
2210 4456 2224 4505 ;
2259 4437 2344 4492 sic
2369 4451 2549 4509 opem
2579 4432 2745 4503 ferte,
2784 4448 2984 4505 neque
3034 4432 3098 4488 in
3139 4431 3281 4488 solis
3338 4433 3682 4491 carnalibus

2023 4525 2514 4585 communionem
2545 4539 2683 4579 cum
2709 4521 2852 4578 viris
2880 4521 3096 4578 vestris
3123 4521 3367 4592 habete,
3409 4528 3682 4581 amantes

2022 4616 2156 4673 illos
2179 4620 2425 4687 propter
2447 4611 2817 4685 voluptatem
2850 4628 2863 4679 ;
2899 4610 3003 4667 sed
3034 4614 3093 4667 et
3116 4611 3567 4670 subministrate
3609 4629 3684 4671 ea

2025 4719 2159 4777 quae
2180 4705 2395 4759 animas
2416 4701 2885 4768 conducunt;et
2913 4699 3212 4770 suggerite
3262 4715 3400 4772 quae
3456 4702 3537 4758 ad
3592 4718 3685 4759 sa.

2025 4792 2210 4850 lutem
2235 4789 2550 4865 pertinent.
2585 4782 2704 4845 Etsi
2744 4788 2913 4861 prius
2963 4786 3129 4844 mors
3179 4787 3312 4846 illos
3355 4789 3687 4864 abripuerit

2029 4882 2229 4938 adhuc
2248 4881 2404 4936 vitiis
2461 4879 2826 4952 inquinatos,
2884 4882 3088 4934 curate
3132 4876 3371 4935 illorum
3427 4879 3681 4937 salutem

2027 4970 2328 5044 precibus,
2354 4968 2658 5042 lacrymis,
2691 4967 3090 5038 eleemosynis
3138 4971 3197 5023 et
3237 4967 3458 5024 divinis
3501 4969 3684 5025 sacri-

2026 5060 2192 5116 ﬁciis.
2235 5062 2405 5114 Potes
2432 5058 2616 5126 enim,
2645 5073 2682 5112 ο
2713 5055 2947 5121 mulier,
2975 5060 3283 5111 mortuum
3311 5071 3557 5129 quoque
3598 5059 3686 5116 vi-

2025 5165 2159 5207 rum
2183 5149 2276 5205 his
2297 5148 2584 5222 operibus
2602 5146 2840 5203 salvum
2857 5143 3132 5201 reddere.
3158 5145 3307 5210 Quia
3325 5160 3465 5201 vero
3485 5146 3686 5207 adhuc

2030 5279 2273 5336 summa
2302 5261 2437 5336 libri
2465 5260 2726 5336 vicesimi
2750 5258 2928 5336 primi
2941 5257 3271 5336 _Nicephori
3304 5257 3519 5336 Gallisti
3543 5279 3557 5318 :
3581 5263 3690 5336 qui

2031 5335 2181 5392 liber
2208 5333 2389 5389 simul
2423 5350 2561 5388 cum
2592 5330 2721 5387 aliis
2753 5327 2891 5403 post
2921 5327 3225 5403 decimum
3280 5335 3560 5389 octavum
3595 5327 3690 5392 se-

2031 5405 2357 5534 ﬂuentibus
2390 5404 2650 5484 necdum
2677 5401 2917 5482 prodiit.
2951 5401 3162 5473 Clycas
3187 5408 3392 5484 tamen
3427 5403 3510 5460 ait
3538 5422 3597 5487 iv
3625 5423 3692 5479 p.

2089 5478 2265 5534 nnal.
2299 5474 2695 5534 Theonhilum
2724 5478 3082 5529 moriturum
3131 5479 3372 5534 petiisse
3407 5490 3484 5531 ne
3539 5493 3667 5534 ima

2089 5478 2265 5534 ηηαι.
2299 5474 2695 5548 Theophilum
2721 5474 3101 5548 moriturum,
3131 5474 3372 5548 petiisse
3407 5490 3484 5531 ne
3539 5474 3667 5535 ima

2034 5551 2202 5614 gines
2231 5563 2418 5602 sacrae
2449 5544 2626 5602 rusus
2650 5544 3040 5615 erigerentur.
3091 5544 3256 5602 Idem
3308 5548 3570 5605 Zonaras
3627 5550 3693 5607 in

2033 5619 2382 5692 Theophilo.

2050 5766 2055 5782 ι
2108 5685 2403 5762 (δηοοιιε
2425 5703 2536 5761 pro
2564 5685 2916 5760 purgatcrio
2937 5686 3277 5775 probando.
