4132 6390
423 344 524 398 663

1583 339 1902 397 GERMANI
1942 340 1987 396 11
2028 339 2130 396 CP.
2171 337 2656 400 PATRIARCHE.

3710 349 3814 402 664-

421 467 754 539 supersunt
792 463 1138 521 retrimenta
1167 465 1454 538 quaedam
1508 465 1583 522 de
1649 465 2101 523 abominatione

2226 469 2484 525 τοιούτων.
2516 467 2654 521 Ἀλλ’
2717 469 2800 522 ὄτι
2828 473 2916 522 καὶ
2947 476 3036 522 νῦν
3099 467 3203 522 εἰσί
3228 488 3360 532 τινες
3413 477 3507 531 τῆς
3538 473 3816 546 Κοπρωνύ-

429 553 814 627 Copronymi,
867 554 1211 627 audentque
1236 554 1428 611 rabidi
1455 555 1538 612 illi
1588 572 1770 612 canes
1817 561 1874 611 et
1918 553 2096 612 amici

424 630 548 700 luto
589 660 726 700 sues
791 649 1000 700 contra
1026 644 1372 701 adorandas
1412 649 1468 701 et
1543 661 1746 702 sacras
1801 643 2102 714 imagines

429 733 662 801 Christi,
687 734 1083 805 omniumque
1113 741 1481 804 sanctorum,
1531 735 1734 790 fenum
1769 739 1824 790 et
1872 738 2096 789 stercus

428 838 707 878 evomere
742 821 850 892 (sic
893 822 1053 878 enim
1104 822 1291 894 impia
1341 828 1398 880 et
1452 823 1810 896 blaspheme
1859 823 2094 878 illorum

427 913 588 968 dicta
617 911 835 984 apello,
871 918 1009 966 sunt
1034 918 1235 969 autem
1268 914 1387 982 isti,
1419 915 1523 986 qui
1575 913 1757 983 vulgo
1805 912 2103 1000 Bogomili

431 1007 748 1068 vocantur,
790 1001 1086 1056 verissimi
1130 1003 1469 1059 Antichristi
1509 1003 1807 1076 discipuli,
1855 1008 1912 1059 et
1962 1019 2104 1075 pro-

439 1091 646 1146 ditoris
673 1090 839 1145 Judte
869 1090 1309 1163 condiscipuli),
1364 1092 1498 1147 ideo
1539 1093 1617 1147 ad
1672 1092 1838 1164 ipsos
1890 1092 2103 1147 oratio-

431 1195 570 1234 nem
606 1183 973 1236 convertam.
1036 1181 1263 1235 litenim
1304 1197 1426 1236 non
1449 1197 1584 1236 raro
1617 1181 1730 1236 illis
1780 1183 1839 1236 in
1889 1181 2102 1237 faciem

435 1267 638 1334 restiti,
661 1267 1021 1339 illorumque
1039 1267 1419 1339 impudentes
1440 1269 1642 1325 vultus
1663 1269 1928 1335 confudi,
1961 1269 2102 1324 sub-

436 1357 586 1413 sidio
619 1356 850 1424 Christi,
883 1358 985 1427 qui
1037 1357 1115 1412 ab
1175 1357 1286 1412 illis
1340 1359 1558 1430 injuria
1614 1365 1671 1416 et
1727 1359 2102 1415 contumeliis

437 1444 709 1501 afficitur.
746 1445 1011 1501 Paucula
1043 1462 1185 1502 vero
1217 1448 1500 1519 quaedam
1579 1465 1649 1504 ex
1701 1449 2104 1521 disputatione

436 1533 534 1590 illa
577 1533 790 1590 selecta
819 1538 875 1589 et
903 1533 1340 1603 delibata,cum
1371 1542 1570 1592 vestra
1603 1537 1784 1593 etiam
1822 1538 2104 1593 cbaritate

439 1623 924 1689 communicabo,
954 1629 1016 1678 ut
1038 1625 1276 1693 cognita
1306 1625 1544 1681 illorum
1579 1643 1796 1692 errore,
1859 1626 2107 1682 fraudu-

437 1712 613 1771 lentis
631 1712 830 1768 verbis
849 1713 1164 1769 inscientes
1185 1730 1307 1770 non
1331 1716 1912 1772 circumveniamini.
1949 1708 2104 1770 Multi

2215 575 2316 627 μου
2383 553 2666 632 βδελυρίας
2728 557 3264 630 ἀποσκυϐαλίσματα,
3312 563 3402 611 καὶ
3455 559 3816 633 ἀποτολμῶσιν

2215 647 2262 696 οἰ
2344 643 2668 721 λυσσητῆρες
2699 667 2842 708 κυνες
2868 653 2957 700 καὶ
3035 646 3396 724 φιλοϐόρϐοροι
3445 656 3629 723 χοῖροῖ
3679 653 3817 702 κατὰ

2213 742 2312 784 τῶν
2391 743 2763 806 προσκυνητῶν
2817 741 2907 788 καὶ
2946 739 3088 810 ἱερῶν
3145 742 3502 812 χαρακτήρων
3549 744 3641 789 τοῦ
3681 746 3816 810 Χρι-

2218 830 2342 874 στοῦ
2386 828 2477 875 καὶ
2537 832 2636 875 τῶν
2719 823 2880 896 ἁγίων
2957 827 3159 878 πάντων
3221 829 3414 899 κόπρια
3480 827 3817 879 ἐναποπτύειν

2217 912 2372 982 (οὕτω
2427 916 2528 986 γὰρ
2583 911 2682 984 ἐγὼ
2721 913 2862 965 καλῶ
2912 917 2977 966 τὰ
3029 914 3230 966 ἐκείνων
3269 913 3562 987 βλάσφημα
3603 917 3820 990 ῥήματα

2216 1002 2361 1053 οὗτοι
2401 1000 2460 1054 δέ
2518 1003 2647 1054 εἰσιν
2689 1006 2736 1054 οξ
2775 1011 2862 1054 νῦν
2897 1003 3167 1076 Βογόμιλοι
3215 1004 3537 1077 κεκλημένοι,
3601 1008 3650 1057 οἰ
3696 1010 3823 1076 γνή-

2220 1111 2324 1142 σιοι
2379 1093 2612 1163 μαθηταὶ
2669 1101 2761 1144 τοῦ
2815 1094 3209 1168 Ἀντιχρίστου,
3271 1098 3361 1144 καὶ
3413 1101 3503 1145 τοῦ
3555 1091 3821 1167 προδότου

2217 1177 2393 1233 Ἰούδα
2451 1183 2834 1252 συμμαθηταίιι·
2889 1186 3015 1255 πρὸς
3061 1183 3250 1244 αὐτούς
3275 1186 3332 1234 τὸ
3353 1186 3442 1234 τοῦ
3472 1182 3628 1254 λόγου
3658 1189 3824 1257 πρόσ-

2217 1289 2353 1321 ωπον
2424 1270 2596 1343 τρέψω
2631 1292 2642 1303 ·
2698 1275 2782 1322 καὶ
2846 1273 2946 1344 γὰρ
3007 1272 3183 1334 αὐτοῖς
3238 1270 3337 1343 ἐγὼ
3389 1272 3633 1334 πολλάκις
3687 1279 3826 1326 κατα

2215 1363 2492 1431 πρόσωπον
2519 1358 2788 1428 ἀντέστην,
2838 1364 2924 1411 καὶ
2962 1363 3026 1412 τὰ
3065 1363 3230 1432 μιαρὰ
3259 1363 3452 1412 τούτων
3504 1367 3828 1435 κατῇσχυνα

2216 1453 2496 1519 πρόσωπα,
2570 1454 2841 1522 συνεργεία
2897 1458 2988 1501 τοῦ
3055 1451 3172 1522 παρ’
3240 1449 3406 1501 αὐτῶν
3480 1450 3824 1526 ὑϐριζομένου

2217 1543 2472 1606 Χριστοῦ.
2519 1536 2701 1606 Ὀλίγα
2725 1534 2783 1589 δέ
2822 1558 2937 1590 τινα
2968 1546 3062 1600 τῆς
3092 1543 3206 1591 τότε
3239 1535 3510 1602 διαλέξεως
3560 1539 3824 1612 ἀποτεμό-

2220 1629 2477 1697 μενοςκαὶ
2508 1629 2636 1697 πρός
2659 1631 2753 1684 τὴν
2803 1627 3051 1701 ὑμετέραν
3120 1626 3327 1700 ἀγάπην
3379 1628 3498 1701 ἐρῶ,
3548 1633 3617 1690 ὡς
3656 1631 3716 1682 οἶν
3775 1629 3823 1682 ἐν

2221 1711 2427 1771 εἰδήσει
2474 1723 2568 1775 τῆς
2616 1715 2809 1776 πλάνης
2870 1715 3069 1769 ἐκείνων
3141 1722 3297 1788 ὄντες,
3352 1724 3422 1792 μὴ
3478 1718 3670 1776 λάθητε
3714 1727 3823 1782 τοῖς

442 1801 603 1859 enim
633 1817 793 1856 nunc
825 1802 1217 1869 circumeunt,
1252 1805 1434 1876 inque
1493 1804 1710 1861 domos
1770 1821 1899 1860 sese
1957 1804 2106 1859 insi-

2226 1803 2504 1864 απατηλοίς
2553 1805 2760 1878 ῥήμασι
2816 1809 3008 1858 τούτων
3069 1805 3120 1869 ἐξ
3180 1806 3389 1879 ἀγνοίας
3437 1813 3820 1883 περιπαρέντες.

441 1894 651 1957 nuant,
682 1891 1028 1947 intenebris
1059 1893 1459 1964 ambulantes,
1515 1900 1572 1950 et
1620 1896 1856 1966 pietatis
1910 1894 2109 1967 specie

442 1979 666 2034 multos
698 1979 875 2034 simul
903 1981 1228 2053 abripiunt.
1256 1985 1404 2038 Nam
1427 2001 1565 2040 cum
1595 1986 1713 2041 sint
1752 1985 2111 2056 tenebricosi

446 2067 690 2136 diaboli,
729 2069 1158 2139 transﬁgurant
1188 2087 1315 2126 sese
1345 2072 1406 2128 in
1438 2073 1683 2144 angelos
1724 2073 1896 2131 lucis.
1974 2113 1984 2122 -

519 2335 770 2405 Rogavit
800 2351 896 2390 me
923 2334 1170 2408 quidam
1203 2352 1272 2391 ex
1311 2335 1747 2393 diabolicorum
1789 2340 2092 2408 Bogomilo

443 2441 580 2481 rum
602 2441 854 2480 numero
890 2443 902 2479 :
945 2429 1157 2494 Quare,
1191 2425 1402 2498 inquit,
1447 2427 1710 2483 adoratis
1749 2429 2032 2500 parietes,
2067 2436 2122 2486 et

446 2530 698 2583 asseres,
732 2520 785 2570 et
814 2516 1061 2583 calcem,
1096 2520 1151 2570 et
1189 2515 1457 2571 diversos
1516 2517 1775 2574 colores?
1828 2519 1924 2573 llis
1981 2537 2122 2577 vero

445 2610 654 2660 sacras
684 2605 1169 2675 imaginestacite
1193 2605 1592 2674 signiﬁcabat.
1619 2607 1706 2662 Ad
1740 2625 1922 2680 quem
1978 2626 2119 2679 ego;

455 2695 710 2760 Quando
732 2694 924 2749 vidisti
949 2695 1213 2767 aliquem
1246 2695 1518 2750 Ecclesiae
1547 2701 1768 2752 nostra;
1806 2698 2124 2754 alumnum

451 2783 529 2839 ad
551 2784 845 2854 fornaces,
875 2784 976 2839 ubi
1007 2784 1138 2839 calx
1176 2790 1262 2839 est
1292 2785 1385 2838 vel
1423 2785 1498 2840 ad
1523 2787 1762 2855 rudera,
1818 2787 1923 2843 ubi
1977 2789 2123 2861 lapi-

453 2872 597 2927 dum
641 2873 866 2928 curnuli
902 2873 1188 2940 visuntur,
1232 2874 1325 2928 vel
1357 2874 1438 2928 ad
1488 2874 1783 2942 oﬂicinas,
1855 2877 1957 2932 ubi
1988 2895 2124 2933 ven-

453 2962 677 3016 duntur
693 2962 940 3028 colores,
973 2979 1317 3034 properare,
1343 2964 1522 3018 etista
1545 2963 1798 3019 adorare
1822 2972 1877 3020 et.
1896 2967 2124 3023 colere?

460 3050 515 3106 Si
546 3051 701 3105 enim
727 3050 1030 3122 lapidibus
1063 3057 1118 3106 et
1173 3052 1473 3106 coloribus
1525 3051 1751 3107 cultum
1817 3055 2122 3111 exhibere-

459 3155 617 3206 mus,
672 3156 918 3195 necesse
971 3146 1124 3195 esset
1188 3147 1250 3196 ut
1308 3141 1654 3214 ubicunque
1694 3143 1963 3215 lapidem
2031 3146 2122 3201 vel
2155 3169 2193 3221 ί]

463 3243 722 3281 asserem
748 3229 1260 3298 conspiceremus,
1287 3245 1356 3284 ea
1389 3229 1803 3285 adoraremus.
1841 3237 1913 3287 At
1944 3233 2122 3303 longe

464 3315 632 3372 aliter
662 3332 723 3370 se
749 3332 843 3370 res
876 3317 1074 3372 habet.
1104 3321 1301 3389 Neque
1337 3325 1396 3373 tu
1437 3321 1828 3390 quantumvis
1850 3322 2127 3378 inimicus

464 3405 748 3466 veritatis,
770 3405 831 3460 id
862 3405 1162 3462 afﬁrmare
1186 3407 1368 3462 ausis.
1401 3409 1632 3465 Cultum
1673 3411 1832 3465 enim
1883 3413 2131 3467 exhibe-

468 3511 605 3550 mus
631 3511 752 3550 non
783 3495 1127 3566 simpliciter
1151 3497 1438 3564 materite,
1465 3500 1568 3553 sed
1591 3500 1663 3564 ei,
1711 3517 1846 3571 quae
1902 3502 1962 3556 in
2006 3518 2132 3557 ma-

469 3585 628 3643 teriis
663 3585 956 3653 elucescit,
991 3585 1196 3654 ﬁgurae
1231 3604 1244 3652 ;
1278 3603 1474 3658 neque
1528 3589 1691 3643 omni
1747 3590 1974 3662 figurae,
2024 3592 2130 3657 sed

469 3675 700 3734 Christi.
731 3676 1081 3729 castissimae
1118 3676 1212 3730 Dei
1244 3678 1457 3744 Matris,
1483 3677 1860 3751 aliorumque
1893 3687 2130 3737 saneto-

467 3783 624 3822 rum.
657 3769 801 3820 Nam
834 3766 1028 3820 honor
1065 3765 1344 3835 imaginis
1375 3767 1586 3822 transit
1613 3767 1688 3822 ad
1716 3776 2125 3844 prototypum.

471 3859 536 3912 Et
564 3856 711 3912 forte
741 3855 988 3928 quidem
1046 3856 1321 3911 historice
1375 3857 1638 3912 Christus
1669 3875 1986 3931 expressus
2043 3867 2130 3917 est

468 3945 560 4000 vel
589 3946 646 4000 in
680 3945 791 4001 hac
825 3945 1048 4010 tabula,
1098 3945 1192 3999 vel
1226 3946 1282 3999 in
1353 3947 1595 4016 pariete,
1666 3950 1824 4002 cruci
1889 3950 2125 4021 afﬁxus,

465 4036 694 4091 nudus.
727 4039 932 4089 Astant
981 4040 1180 4090 autem
1233 4036 1420 4091 Judaei
1473 4037 1844 4107 porrigentes
1893 4047 2128 4096 acetum

466 4142 605 4180 cum
646 4123 775 4178 felle
815 4123 972 4178 latus
1033 4123 1344 4193 fodientes,
1405 4124 1745 4198 I’ilatusque
1804 4128 1864 4182 in
1914 4130 2126 4186 throno

467 4213 810 4280 considens,
871 4213 1287 4267 assistentibus
1337 4215 1387 4268 ei
1442 4214 1643 4270 multis
1716 4217 2124 4275 satellitibus:

466 4303 672 4360 omnia
702 4303 825 4356 haec
848 4302 958 4357 illis
1011 4302 1071 4357 in
1104 4302 1432 4377 coloribus
1483 4309 1538 4359 et
1601 4305 1861 4362 historiis
1905 4324 2126 4380 reprae-

466 4397 794 4448 sentantur.
824 4395 892 4446 At
921 4407 1049 4456 nos,
1082 4391 1284 4447 relicto
1328 4409 1418 4460 eo,
1453 4393 1554 4464 qui
1590 4395 1756 4450 sedet
1788 4396 1841 4450 in
1885 4397 2122 4468 throno,

464 4483 681 4538 relictis
713 4481 1055 4536 illusoribus
1081 4481 1324 4574 Judteis,
1369 4483 1782 4574 militibusque
1827 4487 2121 4545 Christum
2160 4523 2198 4574 υ

461 4571 944 4634 vulnerantibus,
977 4587 1137 4638 eum,
1190 4572 1294 4644 qui
1333 4573 1532 4627 nudus
1561 4573 1620 4628 in
1685 4590 1857 4630 cruce
1902 4579 2123 4647 pendet

462 4667 519 4716 et
550 4661 628 4716 ab
659 4661 801 4733 ipsis
832 4660 1116 4724 illuditur,
1147 4661 1474 4716 adoramus
1513 4667 1570 4716 et
1619 4663 1972 4720 salutamus.
2024 4668 2122 4722 llic

463 4755 604 4806 sunt
648 4750 875 4806 colores
944 4755 1000 4806 et
1058 4750 1140 4806 ibi
1179 4750 1407 4806 colores
1463 4770 1475 4805 :
1524 4751 1620 4806 hic
1678 4752 1886 4822 ﬁgurae
1947 4760 2002 4811 et
2039 4756 2121 4812 ibi

457 4841 686 4911 ﬁgura}.
713 4843 904 4905 Quare
925 4841 1102 4911 igitur
1139 4841 1270 4896 illas
1302 4840 1545 4912 quidem
1571 4841 1808 4896 odimus
1844 4849 1899 4900 et
1949 4861 2118 4900 aver-

459 4949 687 4999 samur,
714 4931 826 4986 has
847 4947 983 4986 vero
1015 4928 1433 5002 amplectimur
1464 4935 1520 4986 et
1550 4932 1900 4988 osculamur
1931 4934 1957 4988 ?
1990 4936 2119 5001 Qua

457 5021 531 5076 de
558 5038 744 5077 causa
764 5021 791 5076 ‘?

523 5114 642 5180 Ego
660 5111 763 5165 tibi
779 5107 1093 5181 explicabo
1111 5127 1122 5162 :
1142 5108 1371 5164 Scimus
1389 5126 1616 5174 eorum,
1639 5127 1899 5183 quorum
1918 5117 2115 5184 proto-

448 5203 594 5272 typa
609 5205 661 5254 et
677 5199 1042 5270 exemplaria
1057 5204 1263 5253 sancta
1279 5204 1679 5261 sunt,sanctas
1696 5200 1898 5256 itidem
1915 5201 2113 5270 imagi-

444 5304 718 5343 ncsesse.
737 5289 1002 5352 Quorum
1028 5304 1166 5342 vero
1191 5293 1511 5360 prototypa
1532 5289 1925 5346 exsecrabilia
1950 5296 2105 5356 sunt,

443 5393 649 5433 eorum
665 5374 858 5430 itidem
874 5375 1154 5444 imagines
1167 5377 1547 5433 detestandas
1561 5393 1711 5432 esse.
1735 5379 1948 5432 lterum
1966 5394 2106 5448 ergo

437 5465 821 5533 interrogabo
849 5471 926 5532 te,
953 5470 1016 5520 tu
1041 5465 1247 5520 iterum
1287 5468 1602 5538 responde,
1652 5467 1887 5523 Librum
1920 5471 2104 5525 Evan-

437 5555 728 5627 geliorum
759 5559 1033 5610 sanctum
1068 5571 1198 5610 esse
1221 5555 1538 5622 confiteris,
1581 5573 1861 5628 cumque,
1900 5562 1961 5614 ut
1984 5559 2103 5613 the-

434 5661 681 5703 saurum
717 5648 1076 5702 aeternorum
1118 5645 1421 5703 bonarum
1469 5647 1632 5716 colis,
1693 5663 1768 5704 an
1839 5651 1894 5704 et
1934 5648 2095 5705 hunc

2224 1891 2408 1945 Πολλοὶ
2446 1895 2546 1965 γὰρ
2581 1891 2770 1968 ἀρτίως
2803 1903 3174 1969 περιπατοῦσι,
3223 1903 3312 1950 καὶ
3352 1899 3441 1958 τας
3491 1897 3654 1958 οἰκίας
3709 1898 3823 1950 εἰσ-

2224 1979 2471 2034 ὃύνουσιν
2504 1980 2550 2032 ἐν
2599 1987 2776 2035 σκότει
2817 1980 3266 2057 διαπορευόμενοι,
3298 1991 3387 2038 καὶ
3447 1992 3688 2058 σχήματι
3747 1987 3826 2039 εὑ-

2223 2070 2432 2131 λαϐείας
2469 2069 2686 2133 πολλοὺς
2739 2073 3176 2142 συναρπάζουσι·
3234 2080 3661 2150 σκοτεινόμορφοι
3721 2079 3824 2151 γὰρ

2227 2161 2360 2220 ὄντες
2414 2157 2650 2212 διάϐολοι
2695 2161 2761 2221 εἰς
2814 2161 3059 2234 ἀγγέλους
3112 2167 3274 2236 φωτός
3327 2166 3830 2238 μετασχηματίζον-

2227 2269 2335 2304 ται.

2302 2339 2570 2412 ’Πρώτησέ
2636 2345 2699 2411 μέ
2753 2361 2829 2401 τις
2885 2351 2983 2392 τῶν
3052 2339 3568 2416 δαιμονοπροσώπων
3636 2346 3830 2396 τούτων

2233 2428 2547 2500 Βογομίλων,
2596 2433 2689 2481 Δια
2743 2435 2813 2496 τί,
2866 2437 3016 2503 φησὶ,
3061 2439 3400 2506 προσκυνεῖτε
3453 2436 3692 2504 τοίχους,
3744 2435 3833 2481 καί

2234 2515 2478 2586 σανίδας,
2503 2523 2591 2570 καὶ
2615 2518 2890 2585 ἆσϐεστον,
2932 2526 3022 2573 καὶ
3058 2517 3287 2596 διάφορα
3323 2527 3628 2594 χρωματα;
3667 2527 3836 2573 Τοῦτο

2235 2604 2292 2659 δέ
2323 2606 2453 2658 οὕτω
2487 2606 2642 2678 λέγων
2673 2611 2765 2670 τὰς
2828 2609 2976 2681 ἁγίας
3033 2611 3227 2671 εἰκόνας
3280 2612 3531 2683 ᾐνίττετο.
3591 2615 3691 2663 Καὶ
3739 2608 3838 2661 ἐλὼ

2232 2700 2366 2768 πρός
2399 2701 2592 2748 αὐτόν·
2629 2703 2760 2750 Πότε
2823 2695 2880 2751 δὲ
2931 2697 3064 2761 εἶδές
3117 2720 3233 2752 τινα
3281 2709 3380 2752 τῶν
3435 2710 3527 2761 τῆς
3580 2703 3840 2772 ἡμετέρας

2233 2785 2546 2846 Ἐκκλησίας
2597 2793 2855 2861 τροφίμων
2922 2788 3004 2840 ἐπὶ
3066 2793 3155 2850 τὰς
3235 2794 3480 2862 καμίνους
3547 2794 3840 2860 πορευόμεσ

2232 2894 2336 2942 νον,
2367 2877 2552 2932 ὅπουὴ
2626 2875 2968 2943 ἆσϐεστος,ἡ
3035 2877 3118 2930 ἐπί
3180 2878 3402 2952 ἐρείπια,
3436 2881 3560 2930 ὅπου
3619 2880 3674 2928 αἱ
3731 2886 3838 2928 τῶν

2230 2963 2383 3016 λίθων
2455 2974 2686 3039 σωρεῐαι,
2759 2967 2788 3024 ἡ
2866 2969 2951 3019 ἐπὶ
3017 2971 3080 3019 τὰ
3168 2977 3265 3038 τῴν
3339 2970 3637 3042 χρωμάτων
3719 2987 3836 3019 πω-

2229 3053 2472 3128 λητήρια,
2531 3060 2620 3105 καὶ
2698 3064 3056 3129 προσυνοῦντα
3104 3066 3268 3109 ταῦτα
3320 3066 3410 3110 και
3478 3056 3728 3123 σέϐοντα;
3775 3063 3837 3109 Ei

2230 3146 2329 3216 γὰρ
2359 3150 2468 3204 τοῖς
2519 3142 2678 3202 λίθοις
2733 3148 2953 3206 καὶτοῖς
2983 3153 3240 3217 χρώμασι
3271 3150 3327 3197 τό
3381 3145 3536 3207 σέϐας
3575 3145 3826 3218 ἐνέμομεν,

2236 3233 2487 3302 ἀνάγκπο,
2523 3234 2732 3303 ἔχομεν,
2758 3235 2877 3285 ἔνθα
2915 3235 2975 3285 οἶν
3031 3232 3234 3307 εἴδομεν
3289 3236 3317 3294 ἡ
3365 3235 3506 3287 λίθον
3533 3240 3562 3294 ἧ
3615 3231 3823 3294 σανίδα,

2236 3329 2543 3394 προσκυνεῖν
2566 3321 2715 3375 αὑτά.
2749 3330 2855 3375 Νῦν
2903 3320 2961 3375 δὲ
3012 3333 3164 3376 τοῦτο
3217 3329 3306 3396 μέν
3364 3325 3457 3377 οῦκ
3504 3329 3662 3391 ἔστιν,
3710 3320 3835 3376 οὐδὲ

2241 3413 2305 3461 σὺ
2382 3413 2406 3461 ὁ
2472 3419 2565 3472 τῆς
2614 3411 2857 3473 ἀληθείας
2901 3412 3090 3488 ἐχθρὸς
3136 3414 3412 3486 τολμήσεις
3456 3424 3609 3467 τοῦτο
3658 3421 3838 3481 εἰπεῖν,

2241 3499 2568 3574 ἀππνέμομεν
2604 3500 2661 3555 δὲ
2714 3507 2770 3555 τό
2809 3503 2963 3565 σέϐας
2993 3505 3097 3577 οὐχ
3129 3506 3296 3567 ἁπλῶς
3331 3513 3442 3567 ταῖς
3495 3507 3662 3572 ὕλαις,
3713 3506 3847 3558 ἀλλὰ

2239 3597 2300 3662 τῇ
2357 3589 2696 3664 ἐμφαινομένῃ
2761 3601 2873 3653 ταῖς
2942 3594 3088 3656 ὕλαις
3146 3604 3342 3668 μορφῇ,
3401 3600 3488 3647 καὶ
3546 3596 3602 3648 οὐ
3689 3598 3842 3669 πάσῃ

2237 3687 2430 3752 μορφῇ,
2464 3679 2591 3732 ἀλλὰ
2636 3689 2696 3753 τῇ
2758 3691 2850 3734 τοῦ
2910 3691 3158 3756 Χριστοῦ,
3212 3692 3302 3745 τῆς
3353 3685 3644 3756 ὑπεράγνου
3705 3693 3847 3738 Θεο-

2236 3775 2476 3842 μὴτορος,
2512 3775 2600 3821 καὶ
2629 3779 2728 3821 τῶν
2760 3771 2922 3823 ἄλλων
2953 3772 3131 3842 ἁγίων,
3159 3772 3215 3825 ’11
3276 3776 3378 3846 γὰρ
3431 3779 3554 3846 τιμὴ
3611 3775 3708 3836 τῆς
3771 3774 3849 3825 εἰ-

2235 3864 2378 3920 κόνος
2439 3860 2520 3912 ἐπὶ
2568 3864 2624 3912 τὸ
2670 3867 3005 3935 πρωτότυπον
3070 3860 3349 3915 διαϐαίνει.
3407 3868 3506 3916 Καὶ
3561 3866 3849 3937 ἱστόρηται

2235 3952 2324 4021 μὲν
2356 3951 2380 4000 ό
2405 3953 2636 4021 Χριστός
2667 3953 2832 4022 τυχόν
2888 3951 2970 4002 ἐπὶ
3017 3961 3109 4013 τῆς
3168 3949 3380 4014 σανίὸος
3421 3955 3631 4015 ταύτης,
3691 3954 3718 4010 ἦ
3757 3951 3848 4006 ἐπὶ

2234 4047 2326 4090 τοῦ
2377 4044 2587 4110 τοίχου,
2676 4037 2759 4090 ἐπὶ
2808 4040 2900 4090 τοῦ
2969 4049 3194 4113 σταυροῦ
3254 4041 3547 4113 ἡπλωμένος
3602 4047 3842 4112 γυμνός-

2238 4124 2488 4179 Ὶουὸαῖοι
2523 4124 2580 4179 δέ
2602 4133 2955 4199 παρίστανται
2985 4131 3283 4191 ποτιξοντες
3315 4130 3428 4192 ὅξος
3456 4133 3588 4202 μετα
3644 4129 3846 4200 χολῆς,

2234 4222 2322 4274 τὴν
2356 4215 2580 4290 πλευρὰν
2615 4226 2900 4279 κεντοῦντες
2959 4218 3117 4269 αὑτοῦ
3148 4241 3159 4251 ·
3209 4221 3233 4270 ὁ
3290 4218 3511 4280 Πιλᾶτος
3552 4220 3851 4289 καθήμενος

2235 4304 2316 4357 ἐπὶ
2365 4308 2566 4378 Θρόνου,
2620 4312 3019 4380 παρισταμένων
3073 4308 3212 4378 αὐτῷ
3260 4306 3457 4359 πολλῶν
3507 4304 3844 4381 δορυφόρων.

2231 4401 2406 4446 Ταῦτα
2436 4397 2605 4446 πάντα
2637 4397 2684 4446 ἐν
2715 4402 2971 4467 χρώμασι
3001 4401 3090 4448 καὶ
3118 4395 3165 4447 ἐν
3219 4399 3501 4470 ἱστορίαις.
3554 4402 3653 4449 Καὶ
3687 4398 3849 4467 ἡμεῖς

2232 4482 2432 4554 ἀφέντες
2481 4488 2564 4535 τόν
2614 4487 2902 4554 καθήμενον
2949 4485 3030 4537 ἐπὶ
3064 4489 3265 4556 Ορόνου,
3316 4490 3436 4548 τοὺς
3469 4485 3847 4558 ξέμπαίζοντας

2233 4569 2543 4643 Ἰουδαίους,
2577 4577 2696 4634 τοὺς
2727 4580 3108 4648 τιτρώσκοντας
3141 4571 3483 4649 δορυφόρους,
3518 4579 3604 4626 τόν
3631 4573 3714 4628 ἐπὶ
3741 4584 3842 4627 τοῦ

2231 4670 2456 4737 σταυροῦ
2506 4665 2820 4736 κρεμάμενον
2885 4669 3081 4736 γυμνόν
3145 4669 3234 4715 καὶ
3283 4666 3370 4716 ὑπ’
3434 4665 3598 4716 αὐτῶν
3649 4662 3842 4736 ἐμπαι-

2231 4751 2438 4822 ζόμενον
2514 4761 2902 4825 προσκυνοῦμεν
2984 4758 3073 4805 καὶ
3160 4753 3524 4825 ἀσπαζόμεθα.
3580 4754 3843 4806 Ἐνταῦθα

2226 4848 2507 4914 χρώματα,
2560 4841 2713 4893 κάκεῖ
2783 4848 3065 4915 χρώματα,
3141 4841 3363 4895 ἐνταῦθα
3423 4847 3638 4917 μορφαὶ,
3685 4842 3845 4896 κάκεῖ

2226 4937 2444 5002 μορῳαί,
2478 4934 2574 4983 Δια
2624 4936 2676 4984 τί
2701 4939 2825 5001 γοῦν
2859 4934 2951 4993 τας
2993 4935 3082 5003 μὲν
3131 4941 3384 5004 μισοῦμεν
3425 4938 3516 4984 καί
3577 4931 3840 5006 ἀποστρε-

2225 5023 2441 5093 φόμεοα,
2485 5025 2577 5082 τας
2623 5019 2682 5073 δὲ
2740 5020 3019 5093 ἀγαπῶμεν
3041 5026 3129 5074 καὶ
3174 5020 3680 5093 ἀσπο.ζόμεθα;Δια
3737 5028 3832 5091 τί;

2295 5110 2425 5181 Ἐγὼ
2449 5131 2533 5163 σοι
2557 5109 2672 5184 ἐρῶ.
2700 5107 2954 5182 Οῖόδαμεν,
2980 5112 3057 5162 ὅτι
3091 5109 3157 5162 ὧν
3184 5113 3248 5163 τὰ
3299 5116 3622 5186 πρωτότυπα
3681 5111 3841 5182 ἅγια,

2218 5206 2307 5251 καί
2347 5202 2412 5251 τα
2466 5200 2808 5272 εὶκονίσματα
2839 5199 2963 5267 άγια
2988 5221 2998 5232 ·
3035 5200 3102 5250 ὧν
3136 5195 3194 5252 δὲ
3232 5203 3297 5251 τὰ
3339 5205 3656 5274 πρωτότυπα
3706 5221 3840 5272 μια-

2214 5293 2298 5363 ρα,
2357 5295 2445 5341 καί
2493 5292 2558 5341 τα
2598 5289 2938 5360 εἰκονίσματα
2978 5291 3164 5361 μιαρά.
3207 5287 3366 5341 Πάλιν
3398 5285 3485 5340 οὖν
3521 5287 3696 5362 ἐρωτὼ
3747 5308 3839 5343 σε’

2213 5383 2303 5430 καί
2338 5379 2491 5430 πάλιν
2531 5398 2620 5450 μοι
2663 5377 2994 5449 ἀποκρίθητι.
3046 5382 3150 5435 Τὴν
3211 5376 3397 5450 βίϐλου
3442 5386 3541 5428 τῶν
3609 5378 3844 5450 Biar/a-

2225 5467 2345 5518 λίων
2378 5467 2530 5537 ἁγίαν
2579 5467 2705 5518 εἰνάι
2735 5465 2916 5537 λέγεις,
2969 5471 3058 5518 καί
3092 5465 3215 5539 σέϐῃ
3269 5469 3461 5523 ταύτην
3509 5468 3577 5528 ὡς
3636 5468 3840 5525 θησαυ-

2215 5561 2297 5632 ρεν
2329 5565 2427 5609 τῶν
2479 5556 2717 5625 αἰωνίων,
2763 5555 2990 5628 ἀγαθῶν,
3027 5556 3055 5615 ἡ
3110 5561 3198 5607 καί
3239 5559 3434 5613 ταύτην
3486 5553 3838 5630 ἀποστρέφεις

2203 5651 2294 5699 καί
2348 5645 2395 5698 ἐν
2447 5653 2552 5707 τοῖς
2599 5645 2802 5722 ἀτίμοις
2853 5648 3088 5714 τάττεις;
3150 5646 3308 5717 Οῦγί,
3386 5651 3562 5718 φησίν,
3623 5648 3830 5718 άτιμον’
