4132 6384
217 372 329 427 665

1642 363 1734 420 DE
1768 356 2194 423 IMAGINIBUS.

3497 380 3602 437 666

220 492 359 546 ἀλλὰ
380 492 574 555 πολλῆς
602 491 754 558 ἀξίαν
777 501 935 569 τιμῆς
960 496 1158 554 ταύτην
1188 495 1470 569 ἠγοῦμινος
1521 495 1613 546 καὶ
1675 505 1839 561 προσο

1951 489 2265 578 aversaris,
2286 494 2584 556 ethonore
2599 498 2918 571 indignum
2951 499 3124 558 ducis
3137 501 3166 559 ?
3186 503 3599 578 Nequaquam,

216 591 366 636 κυνῶ
394 586 488 637 καὶ
516 582 849 657 ἀσπάζομαι.
900 592 1065 639 Τοῦτο
1121 585 1285 647 καλῶς
1338 586 1506 647 εἶπας.
1549 582 1706 636 Ἔστι
1735 579 1837 651 γὰρ

221 671 435 735 ἀληθῶς
480 677 571 727 καὶ
627 676 944 748 τιμιωτάτη,
1030 679 1119 729 καὶ
1173 675 1463 749 ἀγιωτάτη,
1514 678 1606 726 καὶ
1660 667 1841 742 βίϐλος

218 767 385 826 ὄντως
416 763 558 824 ζωῆς
587 759 1025 826 διαιωνιζούσης.
1058 761 1201 820 Ἰδού
1232 761 1321 818 οὖν
1347 763 1401 817 ἐκ
1430 770 1523 817 τοῦ
1583 759 1841 832 στόματὸς

224 871 328 905 σου
382 854 775 926 κατακριθήση,
833 854 1100 927 Βογόμιλε.
1155 857 1281 909 Εἰπὲ
1321 858 1513 923 τοὶνυν,
1574 852 1605 909 ἡ
1664 845 1841 922 βίϐλος

225 942 368 1014 αὕτη
399 942 495 994 οὐκ
544 940 647 994 ἀπὸ
680 939 909 996 σανίδων
965 946 1276 1016 mir/acutas;
1334 942 1428 995 οὐκ
1482 940 1582 994 ἀπὸ
1642 935 1840 1012 δερμά-

222 1050 336 1083 των
360 1047 375 1097 ;
403 1030 496 1083 οὐκ
526 1029 630 1084 ἀπὸ
677 1034 919 1104 νημάτων
979 1041 1079 1085 τῶν
1107 1035 1173 1086 τὰ
1229 1030 1467 1108 δερματα
1528 1044 1841 1101 συσφιγγον-

226 1136 363 1186 των;
395 1120 485 1172 οὐκ
535 1123 641 1173 ἄπό
691 1120 907 1194 μέλανος
962 1126 1053 1175 καὶ
1093 1121 1276 1197 ἐτέρων
1318 1120 1565 1181 πολλάκις
1620 1115 1841 1192 χρωμά-

226 1226 371 1275 των;
401 1209 515 1285 Ἆρ’
579 1210 668 1263 οὖν
695 1215 787 1264 καὶ
857 1215 922 1265 σὺ
962 1215 1021 1264 1'6
1089 1210 1293 1285 βιϐλίον
1348 1219 1448 1264 τῶν
1515 1205 1838 1279 Εὐαγγελίων

224 1302 542 1371 προσκυνῶν
572 1304 662 1352 καὶ
721 1298 1105 1373 ἀσπαζόμενος,
1162 1304 1256 1363 τας
1323 1296 1565 1366 σανιδας,
1631 1300 1722 1348 καὶ
1778 1295 1838 1346 τὸ

220 1388 412 1460 μέλαν,
473 1392 562 1440 καὶ
611 1391 677 1441 τά
724 1385 964 1464 δερματα
1013 1398 1326 1464 προσκυνεῖς
1375 1394 1464 1441 καὶ
1509 1386 1747 1458 ἀσπάζῃ,

220 1480 357 1539 τούς
394 1476 579 1549 λόγους
631 1485 725 1531 τοῦ
778 1486 913 1531 Θεοῦ
968 1482 1090 1541 τούς
1141 1481 1585 1553 ἐγγεγραμμένους
1632 1483 1695 1547 τῇ
1756 1472 1841 1547 isi.

221 1565 539 1639 ϐλῳςΝαὶ,
573 1558 726 1640 φήσι,
786 1571 905 1630 τούς
962 1568 1150 1639 λόγους
1210 1573 1329 1631 τοὺς
1391 1566 1841 1640 ἐγγεγραμμένους

217 1664 291 1729 τῇ
595 1659 825 1710 Δύνασαι
878 1654 937 1710 δὲ
998 1657 1163 1720 ἄλλως
1217 1662 1340 1720 τοὺς
1394 1657 1576 1725 λόγους
1626 1656 1841 1715 τούτους

218 1752 408 1820 γραφῇ
463 1742 792 1821 παραδοῦναι
818 1750 910 1798 καὶ
943 1751 1017 1808 είς
1069 1748 1360 1819 ἀνάγνωσιν
1407 1749 1580 1819 χωρίς
1625 1743 1841 1817 μέλανος

221 1838 321 1886 καὶ
351 1835 599 1906 χάρτους
632 1835 799 1906 Οὐχί,
832 1840 984 1908 φησί.
1014 1841 1078 1889 Τί
1102 1831 1190 1889 οὖν
1229 1839 1408 1888 λοιπόν
1437 1838 1493 1888 τὸ
1548 1836 1840 1905 συναγόμε-

223 1939 356 1989 νονς
389 1922 511 1976 ὀτι
557 1928 691 2000 πρὸς
737 1930 834 1983 τήν
888 1934 989 1977 τῶν
1033 1925 1377 1998 εύαγγελικῶν
1422 1924 1669 1999 ῥημάτων
1722 1920 1841 1973 ἁνα-

225 2015 442 2085 γροιφήν
491 2014 989 2089 παραλαμϐάνονται
1018 2017 1083 2067 τὰ
1130 2012 1385 2088 δέρματα,
1415 2016 1474 2066 τό
1528 2011 1704 2085 μελαν,
1751 2015 1842 2063 καὶ

227 2102 418 2155 τᾶλλα·
459 2107 520 2155 1'6
552 2100 613 2156 δὴ
637 2110 923 2177 τιμώμενον
950 2109 1000 2157 οἰ
1057 2104 1202 2175 λόγοι
1276 2106 1379 2157 εἰσί
1412 2109 1502 2155 τοῦ
1570 2106 1763 2175 Κυρὶου
1794 2099 1844 2152 οἰ

224 2200 294 2264 τῇ
363 2191 533 2265 βίϐλω
584 2191 929 2268 ἀνάγραπτοι.
985 2192 1145 2247 Ὠστε
1193 2195 1237 2246 εἰ
1285 2213 1361 2254 τις
1399 2191 1671 2262 ἁπαλεὶψει
1724 2193 1844 2250 τοὺς

224 2281 441 2352 λόγους,
476 2281 835 2354 συναπήλειψε
869 2287 961 2335 καὶ
1005 2287 1100 2341 τὴν
1138 2290 1237 2343 τῆς
1294 2280 1479 2355 βίϐλου
1528 2283 1704 2352 τιμὴν,
1755 2283 1846 2331 καὶ

221 2373 287 2424 τό
331 2368 669 2443 ἐναπομεῖναν
727 2370 1015 2425 ἁσέϐαστον
1070 2376 1160 2424 καὶ
1216 2369 1631 2445 ἁπροσχύνητον.
1693 2370 1847 2421 Οὕτω

222 2478 319 2532 μοι
344 2462 561 2522 νόησον,
594 2462 821 2535 αἱρετικὲ
848 2465 938 2512 καὶ
977 2458 1177 2529 ἀνόητε,
1237 2458 1369 2512 κάπὶ
1419 2466 1533 2519 ταῖς
1578 2455 1845 2528 τῶνὰγίων

228 2552 557 2622 ζωγραφίαις
612 2542 841 2614 εἰκόνων,
875 2550 955 2601 ὅτι
985 2552 1044 2602 τό
1105 2553 1400 2622 τιμίομενον
1463 2552 1554 2599 καὶ
1612 2565 1845 2620 προσκυ-

221 2640 472 2708 νούμευον
504 2639 529 2689 ό
560 2642 846 2713 χαρακτήρ
908 2636 1022 2691 ἐστι
1084 2643 1175 2691 καὶ
1235 2642 1293 2691 τό
1362 2638 1523 2710 ὄνομα
1588 2638 1686 2689 εἴτε
1750 2641 1843 2688 τοῦ

224 2734 493 2801 Χριστοῦ,
552 2730 650 2780 εἴτε
697 2736 792 2786 τῆν
848 2732 1128 2798 Θεοτόκου,
1181 2728 1280 2780 εἴτε
1328 2730 1461 2787 τινός
1506 2734 1607 2779 τῶν
1659 2723 1842 2796 ἁγίων,

225 2817 420 2870 Ταῦτα
446 2812 508 2868 δέ
548 2819 888 2890 μορφωθῆναι
944 2821 973 2876 ἦ
1019 2826 1283 2892 γραφῆναι
1334 2813 1611 2882 ἀδύνατον,
1667 2819 1709 2867 ιὶ
1767 2818 1839 2886 μὴ

234 2905 293 2957 ἐκ
346 2902 612 2976 διαφόρων
641 2908 960 2980 χρωμάτωνο
1013 2914 1105 2958 τοῦ
1155 2902 1215 2958 δέ
1241 2913 1579 2979 χαρακτῆρος
1636 2901 1844 2956 ἁπαλει-

241 2995 459 3065 φθέντος
489 2994 585 3062 (7),
615 2994 793 3067 ἄτιμος
832 2998 891 3047 τό
926 2993 1025 3048 ἀπὸ
1056 2991 1212 3048 τοῦδε
1240 2997 1269 3055 ἡ
1327 2994 1422 3053 ὕλη
1472 2997 1563 3045 καί
1605 2997 1844 3045 κεκοίνω-

238 3103 351 3137 ται.

315 3173 407 3235 Ὠς
457 3171 506 3224 ἐν
562 3170 949 3246 παραδείγματι
1003 3170 1062 3226 δὲ
1122 3175 1301 3242 εἰπεῖν,
1355 3173 1489 3226 ἔστω
1543 3192 1643 3225 που
1699 3173 1845 3224 ἱστὰ-

233 3281 384 3335 μενον
421 3264 671 3335 ἔσοπτρον
708 3263 738 3322 ᾖ
800 3261 852 3325 ἐξ
883 3262 1029 3315 ὑέλου
1061 3264 1091 3321 ἣ
1149 3262 1203 3315 ἐκ
1266 3261 1512 3338 σιδήρου,
1566 3266 1656 3314 καί
1711 3263 1845 3313 ὑπό-

235 3354 327 3405 θου
359 3354 449 3403 τόν
481 3355 715 3426 Χριστόν
746 3351 1001 3405 ἱστασοαι
1052 3350 1165 3404 ἀντί
1212 3357 1494 3423 προσώπου
1553 3354 1691 3412 τινός
1745 3359 1845 3403 τῶν

231 3443 487 3493 τοιούτων
536 3443 825 3514 ἐσόπτρων.
904 3437 1285 3494 Είὸοποιείσθω
1344 3437 1404 3493 δὲ
1452 3444 1542 3492 καί
1588 3441 1613 3492 ό
1670 3459 1846 3513 χαρα-

232 3535 368 3605 κτὴρ
433 3529 595 3581 αὐτοῦ
661 3538 724 3602 τῇ
774 3538 867 3582 τοῦ
925 3529 1179 3607 ἐσόπτρου
1235 3530 1570 3588 στιλπνότητι
1616 3532 1706 3581 καί
1761 3528 1845 3601 ἐμ-

235 3620 501 3691 φαινέσθω
532 3617 854 3692 καθαρῶςέν
912 3619 1065 3691 αὐτῇ.
1126 3619 1241 3672 Ἐάν
1298 3621 1385 3671 οὖν
1441 3622 1496 3671 ὲκ
1549 3621 1712 3671 πόθου
1766 3637 1848 3681 τις

232 3713 472 3781 προσιὼν
498 3715 570 3778 τῷ
611 3706 866 3781 ἐσόπτρῳ,
901 3706 949 3760 ἐν
1103 3710 1131 3767 ἡ
1182 3712 1352 3781 μορφήΊ
1409 3706 1704 3780 ἐμφαίνεται
1755 3714 1847 3759 τοῦ

236 3805 497 3872 Χριστοῦ,

235 3887 560 3953 ἀσπάσεται,
596 3881 678 3960 ἆρ’
727 3882 814 3938 οὖν
869 3890 926 3939 τό
968 3889 1223 3959 ἔσοπτρον
1282 3885 1528 3958 ἐτίμησεν
1558 3890 1587 3944 ἡ
1646 3890 1740 3943 τάν
1800 3883 1848 3937 ἐν

233 3984 312 4047 τῷ
346 3973 577 4047 ἐσόπτρῳ
604 3979 807 4048 μορφὴν
850 3983 940 4028 τοῦ
974 3982 1243 4048 Χριστοῦς
1304 3972 1557 4038 Εὔδηλον,
1618 3974 1699 4027 ότι
1754 3979 1848 4032 τήν

572 3802 662 3848 καί
720 3797 1039 3870 προσψαύσῃ
1128 3804 1280 3850 τοῦτο
1334 3805 1439 3858 τοῖς
1490 3797 1699 3869 χείλεσι
1757 3800 1848 3848 καί

229 4069 465 4139 μορφήν.
510 4064 571 4117 Εἰ
629 4066 729 4137 γάρ
766 4068 858 4122 τὴν
919 4066 1073 4137 φύσιν
1132 4067 1349 4136 ἐτίμησε
1409 4070 1500 4116 τοῦ
1569 4062 1845 4136 ἐσόπτρου,

228 4158 328 4205 καὶ
389 4156 448 4205 1'6
509 4152 667 4214 σέϐας
723 4156 887 4226 ταύτῃ
956 4151 1251 4225 ἀπένειμεν·
1315 4151 1594 4205 ἀκόλουθον
1644 4152 1707 4225 ἦν
1758 4152 1849 4204 αὖ·

226 4251 307 4314 τῷ
356 4245 527 4295 πάντα
575 4242 717 4295 ὕελον
768 4247 858 4294 καὶ
914 4245 1085 4295 πάντα
1136 4239 1356 4317 σίδηρον
1408 4250 1737 4315 προσκυνεῖν,
1789 4240 1849 4294 Εἰ

229 4330 294 4386 δὲ
322 4339 479 4384 τοῦτο
520 4334 609 4404 μὲν
638 4331 733 4384 οὐκ
768 4329 1001 4398 ἐποίησε,
1063 4336 1294 4400 πώποτε,
1355 4333 1516 4383 ὲκείνο
1579 4326 1638 4384 δὲ
1695 4335 1848 4403 μόνον

224 4423 540 4487 ἠσπάσατο,
592 4419 641 4472 ἐν
694 4421 733 4490 ᾧ
784 4418 939 4491 ipim
1003 4424 1061 4472 τό
1120 4423 1379 4494 μόρφωμα
1437 4427 1528 4471 τοῦ
1588 4425 1842 4493 Χριστοῦ·

224 4507 397 4569 δῆλόν
450 4506 563 4561 ἐστι
598 4514 688 4561 καὶ
716 4508 910 4580 τυφλῷ,
965 4510 1045 4561 ὅτι
1079 4512 1172 4565 τὴν
1227 4506 1273 4560 ἐν
1446 4506 1536 4582 ὖλη
1605 4507 1843 4581 ἐμφαινο-

220 4604 393 4675 μένην
425 4601 629 4673 μορφὴν
655 4601 872 4670 ἐτίμησε
899 4604 989 4650 τοῦ
1040 4603 1295 4670 Χριστοῦ.
1356 4600 1454 4649 Τόν
1514 4601 1690 4670 ὅμοιον
1726 4601 1844 4671 τρό-

220 4710 327 4743 πον
356 4693 447 4740 καὶ
507 4686 590 4740 ἐπὶ
661 4695 763 4739 τῶν
816 4686 976 4758 ἁγίων
1035 4691 1240 4739 εἰκόνων
1298 4685 1532 4756 λογίζου.
1595 4686 1749 4740 Ἀλλά
1781 4692 1845 4741 σὺ

221 4780 254 4831 ὁ
286 4778 546 4852 αἰρετικός
591 4776 698 4848 οὐχ
760 4778 928 4837 ἁπλῶς
972 4775 1137 4838 οὕτως
1201 4775 1563 4847 Εἱκονομάχος
1621 4772 1684 4843 εἶ,
1739 4774 1845 4828 ἁλλ’

222 4868 481 4940 ἄντικρυς
516 4866 917 4941 Χριστομάχος,
948 4869 1038 4917 καί
1073 4861 1168 4917 διὰ
1199 4872 1353 4917 τοῦτο
1388 4867 1526 4917 κατά
1570 4856 1846 4936 τῆξαγίας

748 4951 1193 5026 ἐκπεπολέμωσαι,
1282 4957 1371 5004 καὶ
1467 4951 1845 5027 ἐκτεθηρίωσαι

220 5048 330 5098 ὑπό
359 5052 451 5097 τοῦ
480 5042 791 5103 ἐνοικοῦντός
831 5061 914 5094 σοι
975 5039 1237 5115 δαίμονος.
1305 5046 1406 5094 Καί
1460 5044 1563 5116 γὰρ
1613 5046 1703 5094 καί
1754 5045 1846 5104 τὰς

222 4956 397 5010 αὐτοῦ
474 4953 662 5015 εἰκόνος
748 4953 1193 5015 ἐκπεπολέλαωσαι,
1282 4957 1371 5004 καὶ

221 5130 520 5208 παρδάλεις
573 5137 731 5205 φασιν
803 5130 1044 5203 ἀπεχθῶς
1103 5133 1245 5202 ἐχειν
1306 5133 1437 5205 πρὸς
1500 5133 1566 5182 τα
1624 5138 1723 5183 τῶν
1761 5129 1844 5182 ἀν-

226 5227 453 5300 θρώπων
487 5227 763 5295 πρόσωπα,
803 5225 893 5272 καί
955 5220 1145 5291 λυττᾲν
1192 5220 1324 5272 κατ’
1383 5220 1551 5272 αὐτῶν
1587 5228 1839 5292 μανικῶς,

222 5317 322 5369 κάν
391 5332 494 5367 που
557 5314 932 5387 ἱστορουμένην
1004 5308 1117 5364 ἴδοι
1190 5308 1562 5385 ἐνανθρωπείαν
1614 5314 1840 5384 μορφὴν,

300 5449 381 5520 (7)
405 5445 678 5520 Haeretici
706 5445 1057 5520 interpretes
1072 5443 1391 5520 Cedreniet
1411 5443 1623 5520 Clycae,
1639 5446 1842 5520 [cono-

231 5515 487 5578 machos
516 5524 573 5574 et
598 5515 1001 5573 lconoclastas
1036 5520 1254 5573 vocant
1286 5516 1839 5583 simulacri/acritas,

229 5591 481 5649 nomine
503 5588 813 5659 hreretico.
830 5592 887 5643 et
914 5587 994 5644 ad
1023 5587 1300 5643 fraudem
1323 5602 1571 5659 prorsus
1593 5593 1763 5659 apto;
1787 5592 1845 5659 et

230 5662 604 5721 ἀναστήλωσιν
643 5667 745 5712 τῶν
774 5658 998 5725 εἰκόνων,
1044 5662 1263 5715 vocant
1302 5658 1734 5715 restitutionem
1759 5658 1842 5713 si—

230 5736 674 5804 mulacrorum,
691 5729 1055 5802 ιιιοιιίκόνας,
1068 5730 1418 5797 simulacra;
1442 5729 1841 5809 ignoscerem,

1947 575 2169 651 inquis,
2217 582 2448 643 honore
2506 588 2845 661 indignum,
2905 592 3012 648 sed
3061 591 3325 665 plurimo
3369 575 3601 653 honore

1948 665 2204 738 dignum
2236 674 2604 747 existimans,
2636 695 2776 737 eum
2805 679 2992 738 adoro
3022 684 3079 738 et
3119 681 3376 739 osculor.
3427 686 3601 742 Recte

1948 754 2065 813 hoc
2092 759 2470 823 dixisti.Vere
2499 768 2660 825 enim
2690 769 2857 826 omni
2886 770 3268 828 veneratione
3298 772 3519 843 dignus
3544 778 3601 833 et

1952 847 2366 908 sanctissimus
2394 859 2502 923 est,
2533 872 2793 931 vereque
2822 857 2975 916 liber
3009 862 3246 916 aeternae
3274 860 3430 918 vitae.
3456 861 3600 918 Vide

1950 932 2147 1003 igitur,
2176 953 2249 995 ex
2274 956 2376 997 ore
2403 947 2506 1000 tuo
2543 946 3067 1017 condemnaberis,
3114 947 3438 1020 Bogomile.
3497 949 3601 1006 Dic

1949 1037 2114 1093 ergo,
2143 1040 2346 1086 nonne
2369 1030 2520 1088 liber
2547 1033 2643 1090 hic
2671 1050 2743 1091 ex
2765 1035 3070 1093 asseribus
3093 1040 3446 1110 compactus
3466 1039 3603 1096 est?

1950 1113 2158 1170 Nonne
2184 1132 2257 1174 ex
2278 1119 2537 1191 pellibus
2567 1124 2597 1179 ?
2625 1127 2833 1181 Nonne
2861 1141 2935 1182 ex
2975 1125 3091 1182 ﬁlis
3165 1126 3354 1199 pelles
3386 1142 3602 1185 conne-

1949 1203 2246 1261 ctentibus
2271 1207 2299 1263 ?
2325 1211 2532 1267 Nonne
2562 1227 2635 1269 ex
2664 1216 3023 1281 atramento,
3056 1219 3113 1272 et
3142 1214 3277 1271 aliis
3317 1230 3443 1273 non
3464 1230 3601 1273 raro

1947 1289 2249 1350 coloribus
2283 1296 2309 1353 ?
2353 1302 2443 1355 An
2485 1299 2666 1371 igitur
2712 1306 2769 1359 et
2800 1306 2860 1358 tu
2887 1302 3110 1360 librum
3142 1303 3602 1374 Evangeliorum

1948 1380 2213 1438 adorans
2241 1390 2297 1441 et
2320 1386 2678 1447 deosculans
2709 1407 2939 1448 asseres
2988 1397 3045 1448 et
3082 1396 3490 1450 atramentum
3545 1396 3605 1451 et

1948 1469 2133 1541 pelles
2158 1474 2377 1532 adoras
2402 1484 2458 1534 et
2478 1481 2787 1548 oscularis,
2818 1498 2896 1538 an
2914 1482 3104 1540 verba
3159 1484 3258 1539 Dei
3313 1482 3469 1540 libro
3516 1481 3602 1540 illi

1948 1557 2234 1634 inscripta
2263 1565 2291 1621 ‘2
2319 1565 2486 1634 Vere,
2509 1569 2721 1643 inquit,
2753 1570 2939 1627 verba
2968 1572 3069 1627 Dei
3089 1571 3151 1627 in
3177 1570 3330 1628 libro
3356 1570 3597 1644 scripta.

1948 1652 2038 1704 An
2066 1657 2235 1722 potes
2263 1670 2407 1712 vero
2442 1658 2628 1715 verba
2658 1659 2762 1716 Dei
2793 1659 3071 1733 scribere,
3103 1664 3161 1716 et
3195 1663 3262 1717 ut
3300 1659 3420 1731 legi
3463 1674 3603 1733 pos-

1951 1737 2084 1806 sint,
2118 1740 2350 1800 et’ficere
2390 1746 2621 1819 absque
2671 1753 3007 1806 atramento
3056 1753 3114 1806 et
3162 1749 3417 1805 charta?
3448 1751 3596 1815 Non,

1870 1833 1919 1892 B
1952 1827 2160 1900 inquit.
2189 1832 2341 1897 Quid
2366 1834 2545 1905 igitur
2570 1836 2712 1894 hinc
2759 1837 3136 1895 concluditur
3162 1838 3190 1894 ?
3217 1836 3495 1894 Videlicet
3519 1834 3602 1893 ad

1950 1917 2320 1991 Scripturam
2342 1940 2492 1981 evan
2500 1925 2826 1996 gelicorum
2845 1927 3170 1985 verborum
3193 1926 3466 1984 adhiberi
3478 1924 3601 1999 pel-

1947 2006 2053 2079 les,
2106 2015 2532 2083 atramentum,
2584 2020 2641 2073 et
2694 2017 2789 2073 his
2837 2017 3177 2085 similia;id
3229 2031 3375 2074 vero
3432 2014 3604 2090 quod

1950 2096 2300 2168 honoratur,
2334 2118 2466 2159 esse
2508 2105 2641 2178 ipsa
2683 2106 2921 2163 Domini
2973 2106 3159 2163 verba
3199 2106 3262 2163 in
3308 2104 3410 2163 illo
3446 2104 3601 2162 libro

1952 2193 2215 2246 exarata.
2241 2194 2445 2265 Itaque
2468 2193 2517 2249 si
2537 2195 2672 2267 quis
2694 2194 2881 2253 verba
2926 2195 3140 2262 deleat,
3187 2194 3368 2251 simul
3421 2193 3603 2251 etiam

1952 2275 2086 2332 libri
2111 2279 2402 2338 honorem
2435 2286 2493 2357 et
2518 2285 2911 2341 reverentiam
2968 2283 3345 2353 oblitteravit,
3392 2282 3600 2356 idque,

1952 2366 2121 2438 quod
2148 2373 2436 2442 remanet,
2460 2372 2805 2443 inglorium,
2834 2378 2892 2430 et
2912 2373 3297 2435 inhonorum,
3313 2376 3369 2428 et
3388 2370 3602 2428 adora-

1953 2455 2128 2511 tionis
2170 2474 2376 2531 expers
2423 2462 2636 2520 effecit.
2681 2462 2793 2530 Sic,
2838 2462 3113 2520 haeretice
3168 2466 3226 2518 et
3280 2460 3462 2533 fatue,
3525 2459 3602 2517 de

1953 2546 2174 2601 sanctis
2203 2547 2405 2605 itidem
2432 2550 2771 2622 imaginum
2801 2552 3045 2624 picturis
3069 2552 3288 2624 cogita,
3316 2549 3379 2606 id
3428 2548 3604 2606 nimi-

1951 2649 2087 2690 rum
2116 2636 2281 2708 quod
2303 2637 2634 2696 honoratur
2657 2645 2715 2697 et
2742 2640 3048 2706 adoratur,
3102 2656 3234 2696 esse
3264 2639 3524 2711 ﬁguram
3544 2641 3603 2695 et

1951 2739 2176 2781 nomen
2207 2727 2327 2783 sive
2385 2728 2616 2799 Christi,
2660 2729 2782 2786 sive
2833 2728 3123 2803 Deiparm,
3174 2728 3294 2786 sive
3341 2726 3602 2798 alicujus

1951 2829 2022 2869 ex
2049 2814 2313 2872 caelitum
2343 2831 2617 2875 numero.
2648 2821 2781 2875 Haec
2811 2833 2950 2875 vero
2992 2817 3240 2875 formari
3281 2821 3384 2873 aut
3431 2814 3599 2887 pingi

1950 2902 2118 2960 aliter
2145 2911 2471 2977 nequeunt,
2498 2907 2615 2963 nisi
2642 2924 2715 2964 ex
2748 2908 2998 2965 diversis
3030 2906 3359 2974 coloribus;
3402 2904 3601 2974 ﬁgura

1952 2997 2153 3048 autem
2185 2998 2486 3066 expuncta
2514 2995 2812 3054 inhonora
2847 2996 2922 3053 de
2942 2999 3156 3053 cmtero
3175 2996 3448 3051 remanet
3472 3007 3601 3050 ma-

1951 3081 2098 3138 teria
2117 3086 2174 3138 et
2192 3084 2552 3140 communis.

1876 3189 1919 3246 C
2026 3173 2092 3226 Et
2122 3176 2186 3227 ut
2207 3172 2482 3245 exemplo
2529 3190 2657 3231 rem
2712 3174 3123 3232 illustremus:
3174 3173 3248 3231 sit
3285 3170 3599 3247 speculum

1954 3258 2200 3333 aliquod
2230 3260 2319 3317 vel
2349 3262 2604 3320 vitreum
2619 3264 2714 3321 vel
2730 3264 3009 3332 ferreum,
3037 3269 3093 3321 et
3108 3264 3267 3334 ﬁnge
3292 3278 3324 3319 e
3357 3261 3603 3332 regione

1955 3349 2209 3420 alicujus
2239 3366 2310 3406 ex
2329 3352 2588 3423 speculis
2609 3354 2928 3411 consistere
2953 3354 3270 3411 Christum.
3301 3350 3606 3422 Eﬂigietur

1951 3454 2095 3494 vero
2121 3438 2315 3496 forma
2334 3441 2511 3496 etiam
2533 3441 2710 3514 illius,
2746 3442 3063 3518 splendore
3090 3440 3317 3515 speculi
3352 3444 3411 3497 et
3438 3438 3607 3496 clari-

1954 3528 2178 3595 tudine,
2211 3529 2346 3585 etin
2377 3545 2449 3585 ea
2479 3531 2634 3587 clare
2659 3530 2941 3589 reluceat.
2972 3532 3030 3589 Si
3048 3531 3228 3603 igitur
3272 3529 3410 3603 quis
3455 3526 3607 3586 desi-

1954 3617 2120 3673 derio
2146 3621 2336 3674 tactus
2366 3618 2442 3674 ad
2467 3619 2779 3691 speculum
2807 3619 3073 3687 accedat,
3114 3619 3177 3675 in
3213 3634 3337 3691 quo
3375 3615 3604 3691 species

1956 3706 2165 3762 Christi
2196 3706 2436 3775 relucet,
2460 3706 2725 3780 illudque
2742 3708 2917 3765 labiis
2934 3708 3187 3774 attingat
3207 3711 3264 3763 et
3281 3706 3601 3770 osculetur,

1955 3810 2103 3850 num
2126 3794 2258 3850 talis
2283 3794 2594 3867 speculum
2620 3797 2958 3864 honoravit,
2982 3812 3059 3853 an
3081 3812 3239 3866 eam,
3266 3811 3402 3868 quae
3434 3798 3522 3851 est
3542 3794 3605 3849 in

1955 3884 2219 3956 speculo,
2260 3883 2516 3940 formam
2567 3884 2831 3942 Christi?
2874 3885 3265 3958 Perspicuum
3296 3887 3405 3956 est,
3437 3881 3606 3956 quod

1955 3972 2232 4030 formam.
2260 3972 2316 4029 Si
2337 3972 2498 4028 enim
2530 3973 2754 4046 speculi
2785 3978 3066 4030 naturam
3097 3973 3399 4040 coluisset,
3431 3971 3604 4044 eique

1955 4061 2180 4118 cultum
2203 4061 2586 4129 exhibuisset,
2620 4078 2994 4136 consequens
3015 4068 3189 4132 esset,
3210 4066 3277 4117 ut
3303 4074 3484 4118 omne
3520 4061 3607 4117 vi-

1955 4154 2113 4207 trum
2136 4154 2192 4206 et
2210 4165 2391 4206 omne
2414 4149 2634 4206 ferrum
2656 4150 2953 4208 adoraret.
2979 4152 3037 4209 Si
3061 4155 3260 4208 autem
3277 4150 3394 4206 hoc
3422 4164 3604 4205 nemo

1954 4255 2227 4312 unquam
2252 4239 2403 4307 fecit,
2437 4238 2580 4294 illud
2607 4256 2744 4295 vero
2767 4240 3062 4297 duntaxat
3082 4238 3388 4296 osculatus
3412 4243 3520 4308 est,
3543 4237 3604 4293 in

1954 4345 2078 4402 quo
2109 4328 2316 4385 Christi
2347 4329 2573 4401 species
2595 4329 3161 4403 apparuit,planum
3189 4333 3281 4386 est
3307 4328 3401 4385 vel
3420 4343 3600 4394 casco,

1954 4433 2092 4474 eum
2119 4416 2307 4482 illam,
2336 4432 2472 4490 quae
2502 4417 2564 4473 in
2603 4418 2853 4475 materia
2898 4416 3295 4484 elucescebat,
3345 4417 3605 4473 formam

1955 4507 2323 4563 honorasse:
2355 4505 2516 4563 idem
2547 4506 2621 4564 de
2644 4507 2830 4565 sacris
2851 4506 3217 4579 imaginibus
3252 4510 3462 4564 statue.
3490 4504 3606 4563 Sed

1956 4602 2039 4663 tu,
2066 4595 2169 4668 qui
2189 4594 2502 4651 hiereticus
2522 4611 2608 4667 es,
2628 4610 2751 4652 non
2777 4595 3125 4669 simpliciter
3144 4594 3603 4660 lconomachus,

1953 4684 2069 4741 hoc
2095 4688 2202 4752 est,
2237 4683 2570 4754 imaginum
2598 4683 2806 4752 hostis,
2827 4685 2933 4742 sed
2953 4686 3206 4742 adversa
3236 4683 3427 4741 fronte
3447 4682 3597 4739 Chri-

1955 4774 2321 4844 stomachus,
2356 4773 2470 4829 hoc
2493 4778 2602 4843 est,
2624 4775 2835 4832 Christi
2860 4779 3244 4849 oppugnator
3269 4790 3354 4841 es,
3413 4788 3604 4846 eaque

1953 4862 2027 4919 de
2049 4878 2232 4918 causa
2254 4866 2462 4918 contra
2478 4879 2714 4919 sacram
2730 4863 2916 4936 ipsius
2933 4864 3259 4933 imaginem
3282 4879 3455 4919 arma
3474 4879 3602 4919 cor-

1952 4953 2117 5026 ripis,
2142 4957 2197 5009 et
2218 4951 2499 5008 efferatus
2521 4968 2604 5009 es.
2633 4956 2783 5008 Nam
2807 4958 2863 5009 et
2882 4952 3162 5025 pardales
3186 4952 3383 5009 ferunt
3401 4952 3606 5009 hostili

1951 5043 2156 5097 animo
2174 5040 2377 5096 essein
2397 5040 3025 5111 humanamtiguram,
3050 5044 3106 5097 et
3127 5040 3189 5097 in
3208 5056 3343 5096 eam
3364 5040 3604 5096 rabiose

1950 5131 2166 5199 furere,
2200 5135 2256 5185 ct
2280 5129 2471 5185 sicubi
2503 5130 2764 5202 speciem
2799 5128 3062 5185 hominis
3096 5128 3476 5186 etformatam
3518 5130 3607 5186 vi-

1950 5220 2163 5291 derint,
2194 5219 2253 5275 in
2286 5235 2419 5276 eam
2451 5219 2734 5285 insanire,
2769 5223 2825 5275 et
2852 5217 3141 5275 iracunde
3197 5217 3439 5291 insilire,
3500 5235 3607 5276 un-

1950 5325 2222 5383 guesquc
2246 5323 2599 5381 expromere
2621 5312 2676 5366 et
2713 5307 3022 5364 ex'acuere.
3054 5306 3222 5364 Tales
3249 5311 3388 5365 sunt
3416 5312 3474 5366 et
3500 5307 3602 5366 ﬁlii

1877 4543 1922 4598 Ι)

1948 5442 2061 5499 nisi
2084 5441 2318 5507 scirem,
2350 5457 2475 5513 qua
2502 5444 2703 5497 mente
2730 5439 2889 5514 hanc
2920 5454 3133 5514 vocem
3190 5445 3503 5514 usurpent,
3529 5446 3605 5514 iet

1949 5530 2072 5586 quo
2111 5520 2167 5569 et
2207 5509 2476 5586 quonam
2508 5510 2861 5586 usurpando
2889 5509 3161 5586 alludant
3187 5509 3368 5586 magis
3410 5513 3604 5586 probo

1948 5581 2332 5656 interpret—em
2361 5583 2423 5639 in
2438 5583 2620 5656 rebus
2654 5581 3071 5656 ecclesiasticis
3096 5581 3305 5656 magis;
3327 5581 3605 5656 ecclesia-

1950 5653 2185 5728 sticum,
2212 5654 2727 5728 quam__Latiu_um,
2751 5653 2861 5710 etsi
2876 5669 3101 5711 nomen
3122 5654 3402 5726 imaginis
3431 5669 3603 5727 usque

1950 5723 2254 5795 Latinum}
2278 5740 2350 5785 ac
2375 5724 2523 5783 illud
2551 5723 2833 5785 alterum.
