4132 6400
515 341 617 395 667

1670 353 1985 414 GERMANI
2024 353 2074 409 Π
2110 353 2215 411 CP.
2253 353 2714 414 PATRIARCHE

3777 359 3883 413 668

514 466 888 537 perditionis,
906 475 965 527 et
983 473 1327 533 Antichristi
1345 493 1749 551 praeui-seres
1776 479 2061 537 diabolici
2080 493 2170 534 re-

2280 477 2644 552 ἕπιμαίνεσθαι
2697 485 2885 554 ταύτῃ,
2937 487 3029 536 καὶ
3086 480 3319 553 ἐκθύμως
3373 478 3747 551 καθάλλεσθσιι,
3792 483 3884 533 καὶ

514 570 659 613 vera
687 559 997 629 Bogomili,
1039 564 1143 636 qui
1187 566 1490 625 Christum
1539 570 1851 641 insigniter
1893 570 2171 635 oderunt,

515 657 712 745 neque
735 644 831 704 vel
849 650 1039 747 pculis
1084 670 1377 728 usurpare
1428 660 1722 717 sustinent
1760 658 2172 716 venerandam

514 747 645 803 eius
674 742 1024 811 imaginem,
1056 742 1205 814 quin
1228 750 1284 801 et
1305 746 1534 804 idolum
1568 748 1738 805 illam
1756 749 2095 805 nominant.

2280 567 2589 624 ἐκπτύσσειν
2646 576 2764 632 τοὺς
2820 576 3037 643 ὄνυχας.
3091 574 3334 624 Τοιοῡτσί
3390 569 3493 622 εἱσι
3547 573 3638 621 καὶ
3686 571 3736 622 οἱ
3785 577 3884 632 τῆς

2278 656 2529 720 ἀπωλείας
2585 662 2710 726 υἱοὶ,
2759 666 2849 713 καὶ
2899 667 2991 714 τοῦ
3050 659 3425 731 ’Δντιχρίστου
3483 654 3781 731 πρόδρομοι
3831 664 3886 711 οὶ

2280 743 2600 803 διαϐολιανοὶ
2629 757 2701 820 τῷ
2743 751 2853 803 ὄντι
2910 748 3207 821 Βογόμιλοι,
3262 749 3312 801 οἱ
3358 750 3447 800 τόν
3494 750 3728 820 Χριστὸν
3785 767 3883 818 μι-

517 832 726 899 σουντες
798 823 1051 899 ἐκτόπως,
1107 828 1232 886 οὐδὲ
1281 840 1376 894 τήν
1432 836 1790 892 πανσέϐαστον
1843 837 2004 891 αὐτοῦ
2059 855 2194 908 pop?
2250 840 2314 894 ὴν
2396 835 2674 909 ἀνέχονται
2732 840 2993 910 καθορᾷν,
3078 835 3207 891 ἀλλά
3269 841 3357 889 καὶ
3444 832 3657 889 εἴδωλον
3717 835 3885 893 αὐτὴν

516 910 887 983 ὀνομάζουσιν,

588 1002 731 1058 Vere
745 1026 773 1054 ‹‹
789 1009 1131 1079 sepulcrum
1146 1020 1458 1085 patensest
1474 1021 1678 1086 guttur
1697 1032 1905 1074 eorum
1923 1018 1994 1085 ⁵⁸,
2020 1037 2050 1066 ››
2067 1015 2173 1072 ha-

516 1087 652 1145 lans
681 1093 932 1152 multam
950 1097 1152 1155 fetoris
1165 1093 1632 1179 blasphemiam,
1649 1108 1750 1163 ﬁlii
1767 1106 2169 1173 tenebrarum,

519 1181 576 1232 et
594 1179 673 1235 ad
702 1179 907 1241 lumen
936 1189 1198 1247 veritatis
1229 1195 1366 1248 caaci
1400 1201 1560 1252 sunt.
1618 1196 1905 1261 Christus,
1957 1193 2169 1250 mundi

518 1267 814 1366 conditor,
861 1289 1001 1333 cum
1050 1279 1298 1337 vidisset
1336 1284 1786 1340 similitudinem
1833 1282 2167 1356 quamdam

519 1354 733 1457 Tiberii
752 1360 1019 1457 Caesaris,
1037 1368 1297 1426 hominis
1314 1373 1480 1446 impii
1504 1354 1922 1441 etidololatrae,
1947 1390 2065 1429 non
2088 1372 2170 1427 af.

518 1443 654 1543 fecit
683 1466 817 1548 eam
842 1452 1082 1526 injuria,
1120 1476 1316 1533 neque
1365 1463 1592 1520 idolum
1653 1464 2007 1532 nominavit,
2062 1462 2168 1517 sed

515 1546 866 1635 imaginem.
899 1546 1162 1635 Tuvere,
1187 1550 1385 1618 miser,
1420 1569 1543 1610 non
1593 1553 1981 1619 cohorrescis,
2029 1567 2166 1607 cum

517 1630 773 1697 impium
796 1630 963 1689 illum
980 1634 1314 1707 hominem,
1333 1645 1536 1714 quoad
1556 1644 1843 1699 honorem
1867 1649 1924 1698 et
1943 1641 2167 1697 cultum

518 1718 823 1812 praeponis
849 1721 1095 1790 Christo,
1126 1728 1409 1785 (-ielorum
1438 1732 1598 1801 Regi.
1622 1733 1963 1803 sanctisque
1992 1744 2170 1799 ange-

518 1798 591 1888 irs
621 1801 952 1871 inaccesso,
972 1828 1233 1887 cumque
1254 1817 1585 1888 imaginem
1613 1820 1769 1875 illius
1791 1798 2015 1874 idolum
2040 1834 2168 1873 esse

516 1885 909 1989 blasphemas
926 1899 954 1953 ?
978 1900 1084 1956 Ubi
1113 1885 1316 1959 autem
1346 1885 1605 1974 figuram
1631 1907 1873 1963 Caesaris
1901 1906 2167 1963 Christus

521 1990 1158 2078 imaginemiappellet,
1176 1994 1339 2049 audi.
1364 1995 1811 2067 Interrogarunt
1839 1995 2168 2067 aliquando

525 2066 822 2167 Christum
843 2077 1055 2145 Judaei,
1081 2082 1161 2137 tui
1194 2087 1393 2152 amici,
1438 2091 1493 2141 et
1522 2066 1751 2155 fratres,
1780 2093 1833 2142 et
1874 2066 2165 2150 foederati,

521 2155 670 2213 nihil
692 2162 850 2218 enim
877 2181 913 2220 a
932 2168 1141 2225 JlldtBO
1158 2171 1354 2229 differt
1383 2175 1722 2243 Bogomilus
1746 2191 1759 2241 ;
1800 2176 1947 2247 quin
1971 2175 2168 2246 potius

522 2248 687 2343 omni
716 2250 967 2343 liebraao
995 2257 1335 2316 sceleratior
1356 2270 1444 2319 est
1466 2265 1840 2325 Bogomilus:
1881 2264 2164 2319 Hebraeus

525 2336 685 2391 enim
715 2336 847 2395 licet
869 2347 1413 2419 caeteraimprobus
1438 2351 1536 2420 sit,
1564 2350 1830 2407 attamen
1866 2355 2048 2407 Deum
2081 2367 2165 2406 re-

523 2436 658 2479 rum
681 2430 1053 2489 conditorem
1076 2452 1208 2492 esse
1226 2439 1559 2495 conﬁtetur.
1587 2443 1660 2495 At
1685 2441 2024 2508 Bogomilus
2045 2439 2169 2494 dia-

522 2511 665 2569 bolo
694 2532 896 2575 rerum
949 2528 1422 2593 procreationem
1463 2530 1723 2584 ascribit.
1778 2530 2166 2601 Obstupesce,

522 2601 765 2700 coelum,
780 2611 1105 2700 superhoc,
1121 2620 1177 2670 et
1194 2615 1589 2675 fundamenta
1608 2626 1799 2685 terrae,
1820 2619 2165 2680 movemini.

521 2696 579 2745 et
608 2690 880 2767 disrupta
910 2699 1227 2761 absorbete
1253 2705 1584 2762 desertores
1611 2708 1775 2769 istos,
1816 2713 1873 2762 et
1904 2707 1962 2762 in
2009 2722 2169 2762 com-

521 2796 770 2841 munem
798 2803 997 2846 rerum
1021 2792 1361 2851 eiiectorem
1390 2802 1447 2852 et
1468 2802 1797 2853 creatorem
1823 2797 2168 2868 injuriosos,

522 2873 586 2926 ut
612 2876 668 2928 et
696 2873 841 2931 olim
864 2880 1098 2937 Dathan
1126 2890 1184 2938 et
1204 2884 1432 2941 Abiron
1459 2902 1599 2942 cum
1618 2886 1771 2943 suis.

594 3032 766 3095 Quod
795 3034 972 3107 igitur
1000 3040 1195 3097 dicere
1221 3042 1708 3116 instituebamus,
1741 3044 1857 3102 hoc
1894 3050 2020 3101 erat
2047 3064 2059 3102 :
2091 3046 2176 3102 in-

523 3123 903 3194 terrogarunt
932 3128 1260 3201 aliquando
1292 3133 1587 3188 t‘hristum
1612 3133 1817 3201 Judaei,
1842 3156 1868 3184 ‹‹
1901 3135 1950 3189 si
1976 3134 2176 3191 liceret

2350 925 2580 989 ’Δληθώς
2635 951 2664 979 ‹‹
2723 930 2878 1000 τάφος
2931 929 3240 999 ανεῳγμένος
3298 927 3324 978 ό
3376 923 3581 999 λάρυγξ
3625 927 3820 989 αὐτῶν,
3853 946 3878 974 ι

2276 1015 2466 1073 πολλὴν
2521 1015 2786 1070 ἀποπνέων
2838 1021 2931 1075 τὴν
2992 1007 3267 1069 δυσωδίαν
3339 1020 3435 1076 τῆς
3511 1011 3880 1086 βλασφημίας,

2276 1107 2382 1158 υἱοὶ
2435 1113 2527 1157 τοῦ
2560 1111 2779 1167 σκότους
2808 1111 2898 1159 καὶ
2926 1110 3045 1179 περὶ
3072 1108 3130 1157 τό
3184 1111 3287 1176 φῶς
3334 1111 3429 1165 τῆς
3490 1101 3756 1171 ἀληθείας,
3788 1118 3884 1154 τυ-

2276 1192 2410 1264 φλοί.
2441 1194 2499 1246 Ὀ
2525 1198 2775 1268 Χριστός,
2829 1196 2855 1246 ὁ
2911 1199 3127 1255 ποιητὴς
3193 1199 3284 1245 τοῦ
3349 1196 3571 1263 κόσμου,
3637 1192 3887 1263 ὁμοίωμα

2277 1283 2588 1354 θεασάμενος
2614 1291 2706 1335 τοῦ
2765 1282 3004 1357 Τιϐερίου
3057 1287 3344 1355 Καίσαρος,
3404 1279 3678 1352 ἀνθρώπου
3737 1276 3883 1332 δυσ-

2277 1370 2459 1434 σεϐους
2500 1377 2590 1425 καὶ
2619 1369 3017 1445 εἰδωλολάτρου,
3072 1371 3178 1443 οὐχ
3231 1369 3464 1444 ὕϐρισεν,
3497 1365 3623 1422 οὐδὲ
3663 1365 3883 1421 εἰδωλον

2273 1466 2659 1532 κατωνόμασεν,
2692 1461 2819 1514 ἀλλὰ
2866 1461 3058 1515 εἰκόνα.
3091 1464 3159 1512 Σὺ
3204 1457 3263 1513 δὲ
3314 1459 3373 1511 οὐ
3410 1462 3657 1532 φρίττεις,
3709 1458 3884 1522 ἄθλιε,

2273 1557 2366 1600 τοῦ
2419 1548 2640 1611 ἀσεϐους
2705 1550 2899 1603 ἐκείνου
2961 1546 3153 1624 ἀνδρὸς
3233 1548 3541 1621 ἀτιμότερσν
3596 1548 3885 1618 ἡγούμενος

2273 1643 2360 1691 τόν
2398 1639 2623 1693 Βασιλέα
2650 1649 2751 1692 τῶν
2803 1640 3051 1710 οὐρανῶν,
3101 1643 3191 1691 καὶ
3241 1644 3350 1699 τοῖς
3401 1636 3573 1708 ἁγίονς
3640 1633 3886 1706 ἀγγέλοις

2274 1726 2579 1803 ἀπρόσιτον,
2614 1734 2704 1783 καὶ
2734 1734 2826 1788 τὴν
2855 1728 3029 1781 εἰκόνα
3070 1734 3257 1779 τοῦτου
3287 1721 3500 1781 εἴδωλον
3531 1721 3661 1778 εἶναι
3713 1721 3885 1811 βλασ-

2195 1860 2236 1912 B
2274 1826 2489 1889 φημῶνς
2532 1824 2641 1871 Ποῦ
2698 1814 2757 1870 δι
2805 1822 2898 1876 τὴν
2945 1821 3147 1891 μορφὴν
3194 1823 3286 1868 τοῦ
3338 1819 3606 1886 Καίσαρος
3668 1814 3695 1864 ό
3744 1819 3883 1886 Χρι‹-

2276 1910 2395 1967 στός
2448 1907 2621 1959 εἰκόνα
2667 1906 3031 1978 κατονομάζει,
3085 1906 3331 1958 ἄκουσον.
3388 1903 3698 1978 Ἠρώτησάν
3754 1920 3886 1954 ποτε

2272 2001 2360 2049 τόν
2491 2001 2718 2071 Χριστόν
2834 1996 2884 2049 οἱ
2970 2001 3054 2048 σοὶ
3148 1994 3304 2067 φίλοι,
3434 1997 3526 2045 καὶ
3639 1988 3880 2063 ἀδελφοὶ,

2272 2092 2361 2138 καὶ
2391 2088 2688 2158 ὁμόφρονες.
2750 2082 2917 2138 Οὐδέν
2981 2088 3082 2157 γὰρ
3151 2081 3385 2156 διαφέρει
3417 2080 3658 2154 Ἐϐραίου
3719 2085 3883 2150 Βογό-

2272 2174 2441 2247 μιλός,
2496 2175 2685 2247 μᾶλλον
2739 2172 2798 2228 δὲ
2845 2180 2935 2227 xui
2985 2176 3173 2234 παντὸς
3225 2171 3468 2244 Ἐϐραίου
3532 2167 3883 2223 δυσσεϐέστε-

2272 2269 2357 2337 ρός
2404 2282 2543 2316 εστιν
2574 2266 2599 2316 ό
2632 2264 2931 2336 Βογόμιλος.
2977 2262 3214 2331 Ἐϐραῖος
3264 2265 3354 2331 μεν
3400 2263 3524 2333 γὰρ,
3577 2260 3674 2310 xciv
3721 2255 3890 2310 τᾶλλα

2275 2352 2351 2412 εἰη
2384 2357 2561 2421 κακός,
2591 2355 2731 2424 ὅμως
2786 2357 3009 2410 ποιητὴν
3062 2360 3161 2403 τῶν
3226 2352 3531 2422 κτισμάτων
3596 2350 3685 2399 τόν
3751 2351 3887 2398 Θεὸν

2275 2439 2404 2494 εἶναι
2436 2442 2688 2513 ὁμολογεῖ·
2742 2444 2767 2493 ό
2800 2440 3081 2513 Βογόμιλος
3139 2436 3197 2491 δὲ
3227 2447 3299 2509 τῷ
3355 2435 3584 2508 διαϐόλῳ
3639 2440 3732 2494 τὴν
3787 2431 3890 2491 δη-

2274 2536 2552 2604 μιουργίαν
2627 2529 3033 2602 ἀποχαρίζεται.
3134 2528 3415 2588 Ἐκστηθι,
3515 2526 3720 2601 οὐρανε,
3799 2522 3891 2575 ἐπὶ

2275 2623 2465 2689 τούτῳ,
2495 2625 2584 2671 καὶ
2614 2626 2709 2680 τῆς
2728 2627 2847 2690 γῆς,
2884 2617 3189 2687 σαλεύθητε,
3222 2618 3287 2668 τὰ
3335 2614 3557 2687 θεμελια,
3587 2619 3679 2666 καὶ
3724 2608 3891 2685 διαρ-

2275 2709 2496 2783 ῥαγέντα
2578 2712 2857 2760 καταπίετε
2933 2710 3050 2767 τοὺς
3132 2704 3433 2766 ἀποστάτας
3513 2704 3731 2762 τούτους
3794 2706 3894 2753 καὶ

2278 2796 2529 2871 ὑϐριστὰς
2576 2806 2668 2849 τοῦ
2739 2815 2914 2848 κοινου
3002 2802 3231 2852 Ιιοιητοῡ
3277 2798 3366 2847 xui
3408 2796 3762 2865 Δημιουργοῦ,
3823 2792 3896 2850 ὡς

2281 2886 2439 2939 τάλαι
2467 2889 2589 2949 τούς
2618 2891 2736 2959 περὶ
2767 2888 2935 2939 Δαθάν
2963 2904 3016 2938 τε
3041 2888 3129 2936 καὶ
3151 2882 3415 2956 Ἀϐειρων.

2347 3056 2508 3120 Ὃπερ
2558 3044 2645 3100 οὖν
2684 3046 2942 3119 ἐλέγομεν,
3000 3048 3280 3121 ἠρωτησὰν
3336 3063 3460 3096 ποτε
3512 3046 3600 3095 τόν
3653 3046 3889 3117 Χριστόν

2281 3142 2330 3192 οἱ
2353 3135 2625 3205 Ἰουδαῖοι,
2653 3161 2673 3187 ι
2704 3138 2762 3191 Εἰ
2788 3137 2955 3200 ἔξεστι
2982 3133 3166 3190 δοῦναι
3185 3144 3376 3194 κῆνσον
3402 3138 3652 3205 Καίσαρι,
3676 3134 3705 3190 ἦ
3729 3131 3788 3184 οὗ
3810 3150 3825 3197 ;
3850 3154 3881 3181 υ

524 3225 772 3300 censum
805 3214 950 3271 dare
983 3219 1216 3288 Caesari,
1250 3238 1329 3277 an
1362 3223 1681 3278 non?»llle
1699 3240 1836 3279 vero
1861 3224 2170 3296 respondit

2280 3216 2337 3279 r0
2386 3223 2445 3279 δὲ
2504 3227 2754 3300 ἀπεκρίθη
2814 3226 2993 3296 λέγων·
3046 3247 3073 3274 ‹‹
3118 3221 3443 3285 Ἐπίδειξατέ
3499 3241 3588 3294 μοι
3626 3221 3682 3272 τό
3736 3224 3875 3290 νόμιο

524 3296 730 3353 dicens
759 3319 771 3355 :
808 3324 834 3351 ‹‹
856 3304 1161 3363 Ostendite
1192 3309 1334 3365 mihi
1358 3313 1663 3367 numisma
1694 3329 1929 3367 census.
1967 3335 1993 3361 ››
2025 3313 2173 3368 Illis-

523 3400 640 3484 que
673 3391 1145 3484 ostendentibus,
1178 3413 1384 3454 rursus
1420 3401 1756 3472 respondit:
1783 3424 1804 3450 ι
1861 3401 2043 3473 Cujus
2088 3408 2177 3458 est

524 3478 727 3545 imago
745 3478 873 3536 haec
899 3487 955 3537 et
977 3487 1441 3560 superscriptio?
1465 3490 1674 3545 Dicunt
1696 3490 1744 3545 ei
1769 3507 1780 3545 ε
1803 3510 1832 3543 «
1857 3491 2168 3546 Caesaris.»

528 3566 594 3621 Et
623 3566 888 3626 Christus
915 3590 927 3628 :
963 3596 989 3623 «
1024 3575 1289 3646 Reddite,
1314 3578 1526 3652 inquit,
1558 3596 1693 3652 quae
1717 3591 1856 3638 sunt
1900 3581 2168 3647 Caesaris,

526 3652 763 3727 Caesari,
796 3664 851 3715 et
876 3677 1009 3734 quae
1034 3671 1175 3721 sunt
1214 3666 1335 3735 Dei,
1384 3669 1501 3724 Deo
1525 3668 1591 3722 ⁵⁷.
1632 3690 1658 3717 »
1707 3668 1960 3735 Audisti,
2008 3686 2170 3725 exse-

525 3746 747 3802 crande
793 3751 1116 3824 Bogomile,
1154 3754 1449 3812 Christum
1499 3757 1795 3814 dicentem
1827 3777 1838 3813 :
1873 3759 2061 3828 Cujus
2089 3769 2169 3816 est

529 3829 658 3888 haec
682 3835 880 3903 ἰηπαᾳο
905 3846 959 3895 et
985 3845 1416 3913 superscriptz‘o
1436 3849 1464 3900 ξ)
1508 3846 1796 3919 quodque
1847 3848 2172 3903 similitudo

528 3921 774 3979 Caesaris
804 3925 864 3981 in
894 3931 1259 3988 numismate
1290 3950 1573 4004 expressa
1596 3935 1797 4007 imago
1823 3936 2017 4005 fuerit,
2051 3953 2172 3992 non

526 4008 778 4071 idolum.
822 4016 935 4071 Sed
966 4018 1202 4090 objicit:
1258 4023 1559 4094 Scriptura
1610 4028 1878 4091 testatur,
1910 4047 1935 4074 ‹‹
1993 4025 2173 4080 simu-

530 4096 691 4156 lacra
712 4106 979 4171 gentium
1007 4113 1325 4179 argentum
1350 4118 1405 4166 et
1422 4128 1639 4167 aurum
1658 4113 1705 4147 33
1731 4135 1757 4161 ››
1796 4130 1949 4179 esse,
1969 4120 2025 4168 et
2065 4130 2174 4169 nec

527 4186 693 4259 loqui
724 4207 835 4246 nec
878 4191 1101 4262 videre,
1159 4214 1355 4270 neque
1414 4200 1748 4257 ambulare.
1805 4204 1953 4257 Cum
1999 4202 2176 4263 igitur

529 4276 706 4332 etiam
732 4279 1026 4351 imagines
1050 4285 1195 4341 nihil
1239 4304 1446 4343 eorum
1477 4297 1800 4361 operentur
1850 4291 1937 4346 vel
1969 4297 2172 4360 agant,

530 4378 666 4434 quae
695 4382 871 4437 agere
902 4372 1093 4429 solent
1124 4374 1227 4435 illi.
1252 4377 1473 4449 quibus
1501 4395 1569 4433 ex
1597 4378 1865 4451 appetitu
1899 4395 2027 4435 sese
2056 4397 2177 4436 mo-

529 4454 729 4528 vendi,
759 4464 813 4513 et
836 4458 1142 4533 loquendi,
1178 4472 1235 4520 et
1278 4467 1633 4521 ambulandi
1689 4467 1941 4523 facultas
2002 4469 2177 4529 inest.

2282 3335 2392 3388 σμα
2440 3324 2531 3368 τοῦ
2594 3321 2806 3374 κήνσου.
2865 3337 2885 3363 ι
2972 3312 3229 3367 Κὰκείνων
3302 3307 3684 3374 ἐπιδειξάντων,
3728 3306 3887 3360 πάλιν

2283 3403 2617 3477 ἀπεκρίνατο·
2679 3426 2707 3453 ‹‹
2749 3409 2898 3465 Τίνος
2973 3404 3003 3461 ἡ
3062 3402 3208 3454 εἰκὼν
3258 3402 3389 3458 αὕτη
3449 3405 3540 3451 καὶ
3584 3398 3891 3472 ἐπιγραφή;

2286 3498 2545 3564 Λέγουσιν
2641 3492 2785 3561 αὐτῴ
2851 3513 2863 3524 ·
2931 3496 3215 3565 Καίσαρος.
3252 3511 3279 3539 ››
3385 3494 3487 3541 Καὶ
3548 3489 3573 3539 ό
3640 3489 3891 3557 Χριστός·

2284 3605 2310 3632 ‹‹
2350 3578 2622 3647 Ἀπόδοτε,
2727 3584 2842 3653 ἔφη,
2910 3582 2976 3632 τὰ
3044 3584 3309 3653 Καίσαρος
3372 3581 3621 3651 Καίσαρι,
3682 3579 3775 3627 καὶ
3828 3576 3900 3625 τὰ

2283 3679 2375 3724 του
2408 3679 2541 3724 Θεοῦ
2572 3678 2645 3741 τῷ
2710 3678 2845 3740 Θεῷ.
2882 3692 2909 3718 ››
2978 3667 3263 3729 Ἤκουσας,
3335 3665 3581 3738 Βογόριιλε
3644 3660 3897 3738 βδελυρὲ,

2286 3761 2510 3820 εἰπόντος
2539 3766 2631 3811 τοῦ
2662 3766 2918 3832 Χριστόν,
2950 3765 3100 3818 Τίνος
3161 3758 3191 3816 ἡ
3265 3755 3412 3808 εἰκὼν
3482 3753 3636 3819 αὕτη,
3701 3755 3795 3804 καὶ
3862 3752 3893 3808 ὴ

2286 3849 2586 3924 ἑπιγραφὶη
2636 3853 2726 3900 καὶ
2756 3849 2836 3899 ότι
2863 3848 2887 3897 ό
2951 3844 2998 3898 ἐν
3030 3855 3103 3917 τῷ
3151 3850 3436 3917 νομίσματι
3480 3845 3643 3904 τύπος
3695 3845 3901 3893 Καίσα-

2285 3958 2373 4012 ρος
2425 3941 2501 3995 εἰη
2540 3937 2708 4003 εἰκὼν,
2754 3935 2861 3987 ἀλλ’
2912 3934 3007 3987 οὐκ
3061 3931 3293 3988 εἴδωλον.
3355 3932 3511 3984 Ἀλλὰ
3587 3929 3746 4001 λέγει.
3800 3948 3900 4000 φη-

2289 4031 2371 4078 σὶν
2424 4026 2455 4084 ἡ
2492 4028 2690 4099 Γραφὴ·
2747 4045 2768 4072 ι
2804 4025 2882 4075 Τὰ
2933 4019 3124 4074 εἰὸωλα
3151 4030 3248 4073 τῶν
3311 4019 3462 4072 ἐθνῶν
3507 4016 3751 4090 ἀργύριον
3805 4020 3901 4067 καὶ

2286 4118 2533 4186 χρυσίον·
2571 4135 2598 4163 ››
2645 4117 2736 4164 καὶ
2785 4113 2865 4163 ὅτι
2913 4113 2979 4163 τὰ
3021 4118 3239 4162 τοιαῦτα
3286 4113 3402 4161 οὔτε
3453 4106 3718 4173 λαλοῦσιν,
3777 4106 3903 4157 οὔτε

2290 4202 2592 4275 βλέπουσιν,
2645 4205 2759 4253 οὔτε
2811 4208 3207 4274 περιπατοῦσιν.
3268 4200 3408 4251 Ἐπεὶ
3456 4193 3544 4248 οὖν
3594 4195 3770 4246 κοιὶαί
3831 4192 3903 4246 εἰ·

2287 4297 2427 4354 κόνις
2467 4288 2591 4344 οὐδέ
2621 4311 2671 4342 τι
2700 4300 2800 4342 τῶν
2864 4289 2983 4341 καθ’
3049 4291 3214 4364 ὁρμὴν
3256 4291 3585 4360 κινουμένων,
3652 4288 3745 4336 καὶ
3803 4282 3903 4335 λα-

2287 4382 2527 4452 λούντων,
2582 4385 2672 4432 καὶ
2716 4383 3133 4455 περιπατούντων
3192 4377 3488 4451 ἐνεργοῦσιν
3540 4378 3571 4433 ἦ
3628 4381 3901 4441 ποιοῦσιν,

2290 4471 2384 4523 οὐκ
2437 4469 2737 4522 ἀπεοικέναι
2812 4469 3022 4540 λέγομεν
3087 4475 3185 4519 τῶν
3239 4463 3484 4520 εἰδώλων.
3539 4465 3750 4522 Ἀνόητε
3802 4466 3903 4513 καὶ

530 4540 1235 4609 afﬁrmamusillasidolis
1250 4571 1367 4610 non
1385 4572 1517 4610 eSse
1533 4555 2170 4628 absimileansipiens.

2291 4565 2384 4618 τὴν
2439 4555 2665 4633 καρδίαν
2740 4556 3059 4615 ἀναίσθητεὲ
3112 4557 3230 4608 Ἐὰν
3311 4554 3521 4607 ἐλάλουν
3579 4556 3634 4606 αἱ
3687 4551 3905 4617 εἰκόνες,

529 4637 587 4687 et
612 4633 826 4691 stolido
857 4640 1035 4695 corile
1066 4640 1249 4698 homo
1275 4643 1287 4698 ε
1311 4646 1364 4699 Si
1384 4645 1769 4716 loquerentur
1798 4646 2182 4715 imagines.si

529 4722 816 4794 viderent,
846 4729 893 4783 si
915 4729 1211 4797 audirent,
1235 4732 1281 4787 si
1308 4733 1643 4803 circuirent,
1666 4751 1783 4788 non
1808 4741 2008 4790 essent
2026 4736 2181 4791 ima-

530 4812 718 4903 gines,
742 4823 936 4890 neque
969 4820 1385 4907 similitudines
1419 4824 1525 4877 sed
1555 4832 1875 4897 prototypa
1906 4830 1963 4880 et
1993 4824 2179 4880 homi-

529 4917 636 4959 nes
656 4902 928 4978 perfecti.
965 4916 1034 4964 At
1059 4902 1260 4983 imago
1283 4919 1370 4965 est
1394 4917 1621 4967 tantum
1638 4902 1963 4968 similitudo
1984 4920 2179 4986 proto-

528 4987 674 5067 typi,
707 5001 763 5050 et
784 4995 1035 5053 imitatio
1079 4998 1360 5071 quaedam
1411 5002 1565 5055 notis
1610 5019 1913 5075 expressa.
1971 5000 2183 5057 Divina

527 5093 671 5145 vero
699 5085 999 5159 Scriptura
1029 5088 1190 5145 idola
1229 5090 1491 5161 appellat
1530 5092 1877 5147 daemonum
1913 5091 2169 5146 similitu-

527 5170 722 5229 dines.
757 5178 1069 5233 Dtemones
1094 5180 1255 5233 enim
1288 5186 1457 5235 erant
1508 5181 1817 5249 gentilium
1867 5182 1977 5236 dii.
2030 5185 2178 5236 Num

528 5264 726 5347 igitur,
749 5272 915 5338 quod
938 5269 1248 5325 daemones
1272 5269 1486 5327 fuerint
1504 5271 1587 5327 dii
1612 5274 1899 5342 gentium,
1925 5273 2185 5340 abnega—

528 5352 731 5408 bimus
760 5371 873 5411 nos
896 5374 1108 5413 verum
1134 5360 1345 5428 Deum,
1375 5369 1431 5414 et
1460 5361 1691 5416 utaihei
1728 5360 1785 5414 in
1810 5361 1923 5415 hoc
1954 5361 2184 5415 mundo

531 5442 909 5500 versabimur
929 5447 956 5501 ‘2
980 5448 1101 5501 lloc
1131 5449 1289 5503 enim
1315 5450 1617 5505 aflirmare
1646 5455 1764 5506 tua:
1794 5450 2184 5507 tenebricosaa

2292 4649 2378 4701 ἐὰν
2431 4648 2657 4717 ἔϐλεπον,
2736 4645 2820 4698 ἐὰν
2877 4651 3088 4712 ἤκουον,
3143 4643 3227 4696 ἐὰν
3280 4647 3641 4717 περιεπάτουν,
3692 4640 3786 4692 οὐκ
3837 4638 3907 4691 ἂν

2293 4735 2427 4797 ἦσαν
2493 4737 2699 4798 εἰκόνες,
2791 4732 2915 4788 οὐδὲ
2998 4737 3321 4807 ὁμοιώματα,
3406 4731 3536 4785 ἀλλςὶ
3581 4734 3914 4805 πρωτότυποι

2289 4832 2380 4879 καὶ
2428 4827 2693 4901 ἄνθρωποι
2757 4824 2956 4878 τέλειοι.
3008 4825 3065 4877 Ἠ
3123 4820 3181 4875 δὲ
3238 4823 3384 4875 εἰκὼν
3452 4822 3691 4893 ὁμοίωμα
3740 4822 3912 4890 μόνον

2291 4914 2404 4969 ἐστὶ
2460 4910 2802 4988 πρωτοτύπου
2861 4920 2950 4965 καὶ
3032 4919 3247 4991 μίμημα
3302 4919 3662 4986 χαρακτῆρος.
3725 4906 3783 4959 Ἢ
3842 4903 3913 4960 δὲ

2294 5006 2406 5057 θεία
2438 5010 2612 5078 Γραφὴ
2648 5000 2839 5056 εἴδωλα
2988 5012 3087 5054 τῶν
3142 4996 3404 5073 δαιμόνων
3453 4990 3762 5071 ὁμοιώματα
3813 4994 3911 5048 λέ-

2291 5099 2662 5166 γει.Δαίμ.ονες
2700 5095 2802 5165 γὰρ
2857 5093 2993 5151 ἦσαν
3064 5093 3111 5142 οἱ
3152 5093 3250 5143 τῶν
3307 5089 3557 5147 Ἑλλήνων
3592 5088 3743 5140 ¹θεοί.
3802 5074 3912 5138 AE-

2291 5203 2371 5254 γει
2399 5186 2500 5255 γὰρ
2556 5184 2736 5244 οὕτως·
2790 5206 2809 5229 ι
2841 5182 2906 5233 Οἱ
2934 5183 3038 5233 θεοὶ
3082 5188 3180 5232 τῶν
3230 5179 3384 5232 ἐθνῶν
3418 5174 3687 5249 δαιμόνια.
3724 5198 3752 5226 ››
3784 5174 3911 5248 Ἆρ’

2294 5269 2403 5329 οὖν,
2432 5270 2574 5324 διότι
2605 5269 2855 5343 δαιμόνια
2886 5268 3019 5329 ἦσαν
3055 5279 3154 5321 τῶν
3186 5267 3339 5321 ἐθνῶν
3394 5267 3444 5319 οἰ
3503 5265 3627 5329 θεοὶ,
3675 5263 3913 5339 ἁρνησόο

2293 5363 2426 5434 μεθα
2457 5363 2602 5433 ἡμεῖς
2640 5365 2723 5412 τόν
2784 5364 2911 5413 Θεὸν
2964 5364 3050 5411 τόν
3093 5357 3354 5421 ἀληθινόν,
3386 5360 3477 5407 καὶ
3528 5358 3597 5416 ὡς
3650 5352 3798 5406 ἆθεοὶ
3859 5351 3912 5405 ἓν

2292 5459 2365 5521 τῷ
2391 5456 2573 5522 κόσμῳ
2615 5453 2781 5521 τούτῳ
2810 5453 3266 5524 aspirati-tacitas;
3321 5452 3424 5505 Τῆς
3465 5452 3562 5506 σῆς
3618 5445 3721 5517 γὰρ
3793 5444 3914 5495 ἐστι

604 5683 653 5719 ⁵⁸
691 5683 841 5741 Psal.
870 5698 927 5740 v.
964 5690 1023 5779 tt
1048 5704 1062 5757 ;
1088 5703 1205 5760 xm,
1238 5691 1288 5744 3.
1367 5688 1411 5723 ⁸⁷
1442 5688 1642 5746 Matth.
1669 5703 1810 5771 nam,
1846 5690 2030 5746 l7-2l.
2104 5690 2153 5725 ⁵⁸
2178 5689 2334 5747 Psal.
2361 5704 2515 5765 eam,
2538 5690 2590 5746 4.
