4132 6384
260 350 371 415 869

1673 348 1767 415 DE
1810 342 2233 417 iiiAGiNiBUS.

3526 356 3631 416 670

259 489 421 536 τοῦτο
447 485 608 534 είπείν
635 476 912 553 ζοφὼδους
936 485 1145 558 φρενός·
1201 484 1290 555 ὥς,
1346 482 1457 537 ἕπει
1505 485 1555 536 οἱ
1607 484 1714 536 θεοί
1764 490 1864 535 τῶν

1983 482 2193 539 mentis
2223 485 2329 550 est,
2353 486 2418 540 ut
2439 498 2574 539 cum
2601 482 2684 539 dii
2708 484 2975 553 gentium
3027 483 3329 541 daemonia
3391 483 3630 550 fﬁerint,

259 570 421 625 ἂθνῶν
449 566 704 642 δαιμόνια
728 570 886 637 ἦσαν,
916 568 1046 644 μηδ’
1072 573 1216 645 ὑμεῖς
1248 577 1514 646 τιμήσητε
1574 576 1724 635 Θεὸν,
1783 572 1868 623 ἶνα

258 664 338 733 μὴ
381 660 712 731 νομισθείητε
766 655 1197 735 δαιμονολοὲτραι,
1258 660 1366 713 ἀλλ’
1420 664 1537 715 ἕστε
1584 663 1748 716 ἄθεοι.
1806 661 1868 714 Εἰ

262 745 331 801 δε
362 754 518 800 τοῦτο
542 748 693 800 ἄθεον
743 751 835 800 καί
893 746 1098 817 ἀσεϐὲς,
1150 753 1345 821 ὁμοίως
1407 751 1557 802 ἔσται
1605 754 1696 802 καί
1747 754 1868 826 περί

256 844 367 889 τῶν
398 834 804 907 ἕκτυπωμοὶτων.
842 838 909 889 οἱ
962 839 1065 911 γὰρ
1124 833 1360 898 ’Έλληνες
1422 835 1684 911 δαιμόνων
1743 852 1868 913 μορ-

262 926 368 998 φὰς
425 926 798 999 προσεκύνουνδ
864 925 1015 998 ἡμεῖς
1067 921 1128 979 δι
1177 934 1269 980 τοῦ
1321 933 1558 1000 Χριστοῦ
1610 932 1701 980 καὶ
1766 935 1868 979 τῶν

267 1015 436 1087 ἁγίων
477 1015 662 1069 αὐτοῦ.
715 1034 744 1065 α
788 1018 881 1077 Τίς
928 1014 1075 1089 [γὰρ]
1120 1021 1362 1069 κοινωνία
1409 1022 1539 1089 φωτὶ
1592 1020 1721 1092 πρὸς
1751 1021 1872 1069 cat6-

267 1117 386 1167 τος,
414 1104 445 1163 ἦ
469 1110 814 1177 συμφώνησις
840 1112 1063 1180 Χριστῷ
1086 1111 1217 1180 πρὸς
1246 1106 1460 1173 Βελιοίλς
1486 1126 1513 1157 ››

345 1193 544 1266 Είγοῦν
571 1193 687 1246 ἐστι
707 1197 766 1246 τὸ
796 1202 902 1267 φῶς
930 1200 1021 1247 καὶ
1050 1199 1112 1248 τὸ
1159 1200 1342 1258 σκότος
1390 1195 1440 1249 ἓν
1481 1200 1571 1249 καὶ
1608 1201 1667 1249 τὸ
1721 1197 1867 1267 αὐτὸ,

264 1280 419 1336 ἴαται
483 1283 514 1341 ἡ
594 1281 743 1335 εἰκών
821 1291 915 1335 τοῦ
962 1291 1218 1357 Χριστοῦ,
1272 1289 1363 1337 καὶ
1421 1287 1480 1337 τό
1532 1282 1743 1338 εἶδωλον
1801 1286 1870 1340 ἓν.

264 1371 430 1426 Ἀλλέ
474 1375 713 1442 τρέποιτο
761 1374 894 1424 κατὰ
948 1380 1043 1434 τῆς
1097 1380 1195 1435 σῆς
1249 1370 1512 1449 βδελυρᾶς
1564 1375 1786 1447 κεφαλῆς
1839 1376 1868 1433 ἠ

273 1459 615 1533 βλασφημία,
657 1459 907 1532 Βογόμιλε
947 1463 1351 1534 τρισκατάρατε.
1402 1464 1550 1515 Μάθε
1596 1469 1873 1535 τοιγαροῦν

261 1553 364 1607 τὴν
387 1546 654 1618 ἀλήθειαν,
685 1557 778 1609 τῆς
801 1548 1044 1611 amnem;
1072 1548 1251 1624 ἐχθρὲ,
1280 1551 1361 1604 ὅτι
1408 1554 1475 1603 τὰ
1529 1553 1649 1609 ἔθνη
1708 1555 1874 1604 ἐκεῖνα

261 1641 333 1690 τὰ
379 1637 605 1690 πολύθεα
655 1643 746 1690 καί
794 1639 923 1691 ἄθεα
976 1635 1238 1711 δαιμόνων
1301 1639 1510 1711 γλνπτὰ
1570 1641 1874 1713 ὁμοιώματα

260 1726 734 1786 κατασκευάζοντα
762 1727 827 1787 ὡς
858 1728 986 1787 θεοῖς
1030 1730 1237 1789 τούτοις
1289 1726 1577 1802 ἕλάτρευον,
1636 1734 1722 1781 καὶ
1780 1749 1870 1788 κη-

1976 586 2172 645 neque
2205 588 2316 628 vos
2356 573 2664 629 honoretis
2685 575 2893 637 Deum,
2920 589 2996 629 ne
3017 574 3386 630 censeamini
3408 573 3632 630 daemo-

1974 676 2123 717 num
2143 660 2421 726 cultores,
2454 660 2559 716 sed
2581 661 2741 717 athei
2772 660 2918 716 sitis.
2957 662 3013 717 Si
3042 678 3185 718 vero
3215 662 3329 719 hoc
3380 662 3625 718 atheum

1977 754 2035 805 et
2058 748 2310 822 impium
2334 754 2438 819 est,
2465 749 2679 805 eadem
2700 762 2945 822 quoque
2969 751 3120 806 ratio
3142 751 3249 807 erit
3272 743 3628 820 imaginum.

1978 834 2230 895 Gentiles
2255 839 2415 895 enim
2440 838 2789 895 daemonum
2814 837 3043 895 formas
3101 838 3459 905 adorabunt,
3520 854 3632 894 nos

1977 926 2188 984 Christi
2208 934 2261 984 et
2285 934 2630 984 sanctorum
2660 928 2814 998 ejus.
2842 930 3019 994 nQum
3046 929 3256 1002 (enim)
3315 927 3634 1001 participa-

1981 1016 2060 1073 tio
2089 1015 2204 1073 luci
2238 1017 2313 1073 ad
2336 1018 2635 1078 tenebras,
2661 1018 2753 1073 vel
2784 1033 2922 1091 quae
2943 1018 3261 1074 conventio
3285 1017 3512 1074 Christo
3556 1015 3634 1073 ad

1981 1105 2165 1162 Belial
2195 1106 2243 1142 ⁵⁸
2286 1106 2349 1162 ?»

2056 1194 2110 1252 Si
2134 1195 2490 1265 igiturluxet
2513 1195 2766 1250 tenebrae
2810 1211 2999 1250 unum
3030 1200 3087 1250 et
3114 1195 3275 1251 idem
3308 1200 3467 1262 sunt,
3496 1200 3635 1251 tunc

1981 1284 2187 1341 itidem
2203 1284 2404 1354 imago
2427 1285 2636 1340 Christ.
2659 1291 2712 1339 et
2734 1283 2961 1339 idolum
2982 1299 3170 1339 unum
3184 1292 3241 1340 et
3257 1285 3415 1340 idem
3431 1286 3629 1349 erunt;

1983 1373 2089 1429 sed
2109 1374 2169 1429 in
2196 1374 2549 1429 sceleratum
2578 1379 2745 1427 tuum
2773 1378 2974 1444 caput,
3000 1379 3086 1427 ter
3106 1372 3475 1428 exsecranda
3525 1373 3634 1428 Bo-

1984 1462 2223 1531 gomile,
2256 1461 2385 1517 haec
2416 1460 2790 1533 blasphemia
2820 1466 3078 1531 expetat.
3118 1462 3315 1516 Disccs
3367 1460 3565 1529 igitur,
3599 1475 3636 1515 ο

1981 1551 2173 1607 hostis
2214 1552 2495 1619 veritatis,
2538 1550 2849 1606 veritatem
2893 1556 3098 1618 gentes
3143 1550 3275 1606 illas
3309 1549 3635 1606 multorum

1983 1641 2234 1696 deorum
2263 1640 2533 1695 cultrices
2563 1644 2618 1695 et
2639 1640 2869 1707 atheas,
2901 1640 3250 1695 damonum
3330 1639 3633 1712 sculptiles

1985 1729 2403 1785 similitudines
2442 1726 2730 1795 effecisse,
2763 1727 2971 1799 eisque
3002 1732 3064 1783 ut
3094 1727 3207 1782 diis
3249 1728 3520 1795 servisse,
3577 1731 3635 1783 et

268 1811 497 1888 δεμόνας
556 1821 649 1876 τῆς
708 1817 845 1878 ζωῆς
891 1815 1056 1867 αὐτῶν
1101 1818 1167 1868 τὰ
1227 1815 1545 1891 ἑστερημένα
1600 1818 1737 1879 ζωῆς
1777 1820 1869 1871 ὑπ-

1983 1819 2116 1873 vitte
2149 1833 2271 1872 sua:
2315 1821 2637 1883 curatores,
2697 1817 2834 1872 vitae
2891 1820 3163 1889 expertes
3223 1816 3630 1882 constituisse,

264 1904 541 1966 ετόπαζον·
573 1909 662 1957 καὶ
724 1901 859 1963 ἦσαν
913 1907 1064 1978 ὁμοῦ,
1119 1910 1211 1959 καὶ
1267 1910 1334 1959 τὰ
1389 1897 1730 1982 πρωτότυπα,
1780 1913 1870 1961 καὶ

265 1997 334 2047 τᾶ
378 1996 706 2067 ὁμοιώματα,
762 1991 1026 2068 δαίμονες,
1080 1999 1171 2048 καὶ
1220 1993 1480 2069 δαιμόνων
1542 1998 1866 2071 ὁμοιώματα.

264 2086 330 2137 Ὀ
386 2081 448 2137 δὶ
492 2088 723 2153 Χριστός
777 2088 903 2147 Θεός
961 2087 1029 2137 ὧν
1111 2085 1371 2150 ἀληθινός,
1454 2089 1524 2148 ὡς
1591 2091 1871 2160 μονογενὴς

263 2175 404 2240 Υἱός,
432 2177 523 2225 καὶ
545 2176 712 2244 Λόγος
739 2181 832 2225 τοῦ
863 2172 1100 2247 ἄναρχον
1133 2179 1361 2250 Πατρός,
1401 2181 1576 2248 γέγονε
1622 2173 1695 2229 δι’
1729 2176 1869 2248 ἡμᾶς

264 2262 539 2336 ἄνθρωπος
591 2264 730 2314 κατὰ
785 2262 1047 2323 ἀλήθειαν,
1102 2269 1191 2317 καὶ
1246 2264 1305 2317 οὗ
1360 2268 1497 2317 κατὰ
1557 2271 1865 2338 φαντασίαν,

260 2356 445 2424 μείνας
471 2352 593 2425 ὅπερ
626 2351 712 2418 ἦν,
753 2356 844 2403 καὶ
891 2356 950 2404 τό
1005 2348 1145 2414 εἶδος
1194 2358 1291 2416 τῆς
1339 2352 1660 2429 ἀνθρωπείας
1708 2354 1869 2407 αὐτοῦ

262 2448 466 2514 μορφῆς
526 2441 962 2513 καθιστοροῦμεν,
1030 2445 1120 2493 καὶ
1169 2451 1397 2515 τιμῶμεν
1446 2446 1515 2504 ὡς
1560 2444 1729 2515 ἅγιον·
1788 2446 1868 2497 ὅτι

259 2531 401 2582 καὶὸ
431 2532 665 2604 Χριστός
716 2532 989 2602 nausia/tog.
1048 2530 1271 2603 Ὀμοίως
1322 2528 1381 2584 δὲ
1429 2541 1577 2585 τοῦτο
1623 2542 1868 2605 ποιοῦμεν

260 2622 355 2670 καὶ
384 2616 471 2670 in}.
525 2627 627 2671 τῶν
677 2618 842 2670 illam
893 2620 1075 2690 ἁγίων,
1123 2620 1253 2672 ἀλλὰ
1300 2625 1388 2673 καὶ
1454 2629 1722 2694 τιμῶντες,
1778 2626 1869 2675 καὶ

263 2713 676 2782 προσκυνοῦντες
700 2711 793 2771 τὰς
837 2706 993 2780 ἁγίας
1045 2709 1247 2771 εἰκόνας
1305 2706 1398 2763 διὰ
1440 2716 1537 2773 τὴς
1590 2719 1690 2763 τῶν
1730 2716 1868 2785 πρωέ

259 2800 501 2851 τοτῦπων
526 2798 831 2870 ὁμοιότητα,
865 2799 970 2871 οὐχ
1018 2802 1085 2862 ὡς
1144 2799 1290 2862 θεοὺς
1341 2803 1534 2863 ταῦτ-ας
1590 2800 1866 2873 σεϐόμεθα,

269 2891 346 2959 μὴ
428 2889 644 2957 γίνοιτο·
721 2884 849 2939 ἀλλὰ
922 2893 1012 2941 καὶ
1075 2886 1357 2961 ἆναθέματι
1414 2888 1868 2963 καθυποϐοἱλλομεν

269 2978 397 3036 τοὺς
425 2978 497 3036 εὶς
540 2983 687 3029 τοῦτο
736 2982 1186 3049 συκοφαντοῦντας
1228 2978 1384 3050 ἡμᾶς·
1440 2976 1550 3031 ἐπεὶ
1589 2986 1682 3031 τοῦ
1740 2986 1868 3054 Χρι-

278 3068 407 3115 στοῦ
450 3062 854 3139 ὑπεξῃρημένου,
904 3061 1029 3118 οὐδέ
1071 3065 1206 3118 αὐτὰ
1243 3067 1310 3118 τὰ
1336 3073 1436 3118 τῶν
1467 3064 1627 3137 ἁγίων
1661 3067 1867 3119 εἰκόνων

1982 1912 2269 1979 erantque
2296 1905 2473 1961 simul
2503 1910 2558 1960 et
2577 1911 2900 1978 prototypa
2920 1911 2975 1960 et
3025 1904 3461 1972 similitudines,
3516 1905 3636 1960 dae-

1980 2008 2195 2053 mones
2228 1995 2655 2051 etdaamonum
2683 1995 2932 2063 efﬁgies.
2987 1996 3250 2050 Christus
3296 2010 3436 2051 vero
3493 2010 3633 2051 cum

1979 2102 2157 2143 verus
2185 2086 2342 2140 Deus
2372 2085 2465 2151 sit,
2494 2090 2783 2157 tanquam
2818 2085 3158 2157 unigenitus
3188 2084 3365 2141 Filius
3398 2091 3456 2140 et
3503 2086 3636 2139 Ver-

1978 2175 2123 2230 bum
2154 2174 2342 2231 Patris
2372 2173 2668 2246 principio
2707 2174 2984 2233 carentis.
3045 2173 3240 2229 factus
3309 2179 3397 2229 est
3448 2172 3634 2228 homo

1979 2269 2223 2336 propter
2246 2279 2358 2318 nos
2388 2262 2721 2317 secundum
2748 2262 3078 2323 veritatem,
3129 2266 3187 2318 et
3222 2276 3345 2318 non
3400 2266 3635 2317 tantum

1979 2352 2353 2423 imaginarie.
2387 2367 2640 2407 manens
2669 2350 2728 2406 id
2755 2350 3486 2423 quoderat,speciemque
3523 2349 3635 2405 hu-

1981 2458 2177 2498 manae
2208 2441 2394 2513 ipsius
2409 2439 2617 2496 formai
2637 2441 3034 2512 exprimimus
3068 2447 3126 2495 et
3146 2440 3542 2500 honoramus,
3573 2438 3637 2493 ut

1980 2536 2273 2593 sanctam,
2297 2528 2441 2601 quia
2462 2530 2793 2584 etChristus
2809 2528 3227 2585 sanctissimus
3258 2534 3365 2583 est.
3403 2529 3564 2583 Idem
3579 2532 3636 2582 et

1978 2620 2039 2675 in
2065 2618 2291 2674 caeteris
2323 2618 2548 2672 sanctis
2577 2623 2957 2689 prmstamus,
2999 2616 3363 2673 honorando
3411 2621 3467 2671 et
3495 2616 3632 2671 ado-

1977 2708 2170 2764 rando
2184 2712 2423 2763 sanctas
2448 2706 2741 2775 imagines
2756 2712 2999 2779 prapter
3011 2706 3443 2778 exemplarium
3475 2705 3522 2759 si
3533 2704 3638 2759 mi-

1976 2795 2312 2852 litudinem.
2342 2799 2455 2851 Nec
2485 2795 2715 2851 utdeos
2736 2795 2883 2851 istas
2922 2795 3197 2862 colimus,
3244 2793 3441 2850 absit!
3488 2794 3635 2866 quin

1979 2890 2037 2942 et
2064 2885 2434 2941 anathemati
2465 2884 2821 2955 subjicimus
2863 2884 3015 2949 illos,
3060 2883 3164 2956 qui
3213 2884 3373 2939 hanc
3412 2883 3637 2938 calum-

1978 2976 2143 3032 niam
2166 2974 2651 3045 nobisirrogant;
2677 2990 2813 3028 cum
2851 2974 3079 3028 Christo
3123 2977 3389 3046 excepto,
3439 2987 3636 3045 neque

1979 3066 2114 3138 ipsa
2131 3068 2475 3120 sanctarum
2500 3063 2834 3133 imaginum
2854 3067 3199 3135 prototypa,
3225 3063 3373 3118 deos
3420 3069 3638 3117 natura

268 3156 587 3224 πρωτότυπα
650 3155 796 3217 θεοὺς
854 3156 991 3206 κατά
1062 3157 1217 3227 φύσιν
1282 3156 1571 3227 ἡγούμεθα·
1651 3152 1869 3217 δούλους

281 3236 323 3254 ι.
408 3238 483 3254 ,υ
727 3246 738 3254 .
908 3248 949 3254 ,_
998 3250 1023 3254 -
1103 3249 1121 3254 _
1263 3247 1272 3254 .
1338 3241 1349 3254 .
1486 3250 1504 3254 _
1708 3243 1721 3254 .
1799 3249 1808 3254 .

1983 3153 2479 3209 suaarbitremur:
2504 3153 2607 3208 sed
2653 3151 2854 3224 potius
2909 3151 3209 3219 legitimos
3260 3151 3359 3207 Dei
3406 3165 3634 3220 servos,

267 3236 331 3291 δε
357 3238 548 3311 μᾶλλον
575 3246 830 3311 γνησίους
857 3248 950 3294 τοῦ
989 3249 1142 3308 Θεοῦ,
1190 3247 1281 3294 καὶ
1328 3241 1604 3315 ἀγαπῶμεν
1658 3243 1866 3309 αὐτοὺς,

269 3326 418 3381 διότι
454 3328 502 3381 ἄν
544 3329 764 3403 ἀληθείᾳ
806 3334 895 3384 τόν
947 3334 1076 3384 Θεόν
1122 3331 1424 3403 ἠγάπησαν,
1470 3336 1561 3385 καὶ
1610 3340 1867 3406 πιμῶμεν,

262 3418 344 3490 ἐφ’
392 3419 472 3479 οἷς
528 3420 658 3491 ὑπερ
709 3426 806 3482 τῆς
855 3427 1009 3493 τιμῆς
1058 3426 1150 3472 τοῦ
1205 3426 1443 3492 Χριστοῦ
1490 3425 1655 3493 μέχρι
1702 3420 1871 3481 τελους

265 3508 624 3578 ἠγωνίσαντο.

337 3597 500 3650 Πάλιν
533 3594 623 3651 οὖν
667 3596 838 3671 ἐρωτῶ
888 3617 963 3651 σε·
1014 3603 1103 3659 Τίς
1150 3597 1293 3651 ἆστιν
1333 3600 1358 3651 ό
1397 3598 1579 3670 λέγων’
1642 3601 1769 3651 «Τὰ
1806 3601 1873 3651 εἵ-

264 3683 414 3739 δωλα
445 3695 547 3739 τῶν
575 3686 733 3740 ἕθνῶν
764 3685 1011 3762 ἀργύριον
1040 3693 1129 3740 καὶ
1153 3693 1401 3763 χρυσίον,
1433 3708 1460 3738 ii
1483 3691 1567 3739 κοὶ
1597 3690 1663 3739 τὰ
1712 3687 1832 3750 ἑξῆς
1856 3702 1870 3752 ;

258 3777 326 3829 Ὀ
354 3772 541 3839 Δαυίδ,
573 3778 781 3838 πάντως
810 3775 956 3849 ἐρεῖς.
996 3776 1163 3839 Αὐτός
1195 3773 1254 3829 δὲ
1299 3778 1325 3828 ὁ
1376 3774 1543 3829 Δαυὶδ
1581 3781 1733 3830 ποίου
1792 3786 1871 3828 νό-

262 3883 373 3938 μου
434 3866 674 3937 μαθητής
720 3883 776 3918 τε
829 3862 890 3923 ἦν
943 3871 1033 3919 καὶ
1090 3865 1376 3941 λατρευτὴς
1417 3884 1431 3933 ;
1477 3872 1581 3918 Τοῦ
1647 3866 1871 3918 παλαιοῦ

262 3957 361 4005 καὶ
380 3950 660 4015 σκιὼδους,
693 3954 724 4013 ἢ
774 3960 867 4007 τοῦ
909 3958 1022 4007 νέου
1071 3960 1160 4007 καὶ
1207 3951 1558 4027 φωτοειδοῦςς
1612 3961 1717 4007 Τοῦ
1773 3973 1872 4006 παι

264 4041 422 4093 λαιοῦ
449 4050 694 4117 φανερῶς.
734 4048 835 4095 Καὶ
884 4050 996 4103 πῶς
1038 4044 1065 4094 ό
1112 4042 1391 4114 Βογόμιλος
1459 4047 1524 4095 σὺ
1566 4046 1633 4094 τὰ
1689 4041 1872 4115 βιϐλία

262 4136 365 4183 τοῦ
396 4130 619 4183 παλαιοῦ
667 4150 827 4204 νόμου
886 4130 1205 4194 ίξοϐελίζων,
1262 4137 1353 4183 καὶ
1411 4137 1507 4190 τὴν
1562 4133 1871 4203 νομοθεσίαν

262 4219 464 4278 ὶκείνην
489 4229 581 4272 τοῦ
609 4228 839 4293 πονηροῦ
862 4220 1023 4291 λὲγων
1056 4222 1204 4290 εἶναι,
1256 4218 1363 4272 ἀλλ’
1419 4221 1547 4292 οὐχὶ
1600 4227 1694 4273 τοῦ
1743 4220 1868 4292 ἀγα-

266 4311 365 4363 θοῦ
404 4316 559 4375 Θεοῦ,
619 4315 711 4362 καὶ
765 4314 969 4362 πὰντων
1023 4313 1217 4362 τούτων
1290 4314 1446 4381 σιγὴν
1502 4309 1873 4383 κατα-ρῃφισά-

260 4418 438 4472 μενος,
470 4405 623 4471 μόνον
652 4405 713 4452 τό
742 4402 1000 4471 τεμάχιον
1032 4407 1188 4452 τοῦτο
1246 4408 1348 4451 τῶν
1418 4405 1623 4471 στίχων
1679 4396 1871 4452 ἀποδι-

261 4489 715 4560 ελών,προτιίνεις
770 4492 943 4563 ἡμινς
996 4496 1081 4542 Δεῖ
1132 4492 1233 4565 γάρ
1296 4508 1355 4541 σε
1404 4489 1518 4542 ὅλον
1570 4494 1657 4541 τόν
1718 4494 1871 4562 νόμον

1982 3257 2386 3315 amamusque
2417 3241 2575 3304 illos,
2595 3240 2837 3313 quodin
2856 3240 3101 3296 veritate
3135 3242 3319 3296 Deum
3357 3240 3634 3309 amarint,

1980 3332 2447 3397 ethonoramus,
2470 3329 2635 3403 quod
2674 3344 2786 3402 pro
2835 3328 3027 3399 gloria
3065 3328 3273 3386 Christi
3329 3345 3526 3402 usque
3559 3328 3639 3385 ad

1978 3420 2163 3475 ﬁnem
2181 3419 2554 3476 decertarint.

2052 3598 2269 3653 lterum
2323 3612 2466 3669 ergo
2503 3597 2806 3666 interrogo
2863 3600 2937 3651 te:
2982 3594 3122 3660 Quis
3172 3597 3281 3661 est,
3342 3594 3445 3666 qui
3494 3593 3640 3649 dicit

1984 3685 2195 3742 «idola
2213 3686 2481 3754 gentium
2504 3688 2819 3755 argentum
2843 3689 2899 3739 et
2934 3698 3151 3738 aurum
3195 3698 3328 3737 esse
3373 3684 3421 3717 ⁸⁸
3472 3684 3529 3737 ‘2»
3580 3685 3639 3737 et

1982 3783 2351 3848 caeteraqute
2381 3780 2735 3848 sequuntur.
2762 3772 3246 3845 David,inquies.
3301 3772 3434 3844 Ipse
3494 3788 3638 3827 vero

1981 3865 2167 3920 David
2191 3866 2365 3934 cujus
2392 3865 2538 3933 legis
2568 3864 2901 3935 discipulus
2917 3868 2974 3919 et
2995 3860 3451 3918 cultorexstitit?
3485 3864 3635 3916 Num

1979 3954 2194 4009 veteris
2216 3959 2273 4009 et
2299 3953 2657 4013 umbratilis.
2692 3968 2767 4008 an
2799 3967 2970 4008 novae
3014 3950 3293 4023 clareque
3358 3948 3640 4007 lucentis?

1981 4044 2199 4099 Veteris
2220 4049 2393 4099 certe.
2416 4042 2807 4115 thuomodo
2830 4048 2909 4111 tu,
2933 4041 3037 4113 qui
3124 4039 3467 4109 Bogomilus
3547 4055 3634 4108 es,

1979 4131 2164 4188 libros
2188 4133 2405 4187 veteris
2432 4132 2579 4199 legis
2601 4146 2978 4202 eXpungens,
2997 4134 3302 4202 totamque
3322 4127 3639 4196 legislatio-

1980 4236 2118 4275 nem
2134 4221 2297 4276 illam
2317 4237 2350 4276 a
2367 4220 2655 4291 maligno,
2676 4236 2795 4274 non
2820 4236 2854 4274 a
2870 4220 3029 4274 bono
3053 4222 3166 4273 Deo
3180 4217 3509 4290 profectam
3546 4232 3641 4271 as-

1983 4324 2284 4379 severans;
2307 4314 2357 4363 et
2382 4310 2587 4364 omnia
2608 4308 2706 4363 illa
2729 4307 2959 4363 silentio
2978 4306 3416 4369 condemnans,
3441 4304 3640 4359 solum

1980 4400 2095 4455 hoc
2118 4399 2436 4455 frustillum
2451 4413 2734 4454 versuum
2759 4397 3097 4453 abscissum
3114 4395 3293 4450 nobis
3306 4393 3596 4466 proponis
3612 4394 3639 4449 ει

1981 4488 2468 4560 Oporteteuimte
2491 4492 2674 4542 totam
2698 4486 2889 4552 legem
2931 4484 3212 4556 recipere,
3249 4483 3344 4538 vel
3387 4484 3432 4537 si
3478 4482 3640 4537 illam

259 4574 683 4641 καταδέξασθαι,
746 4579 776 4637 ἣ
846 4577 1033 4630 ἐκεῖνον
1086 4582 1158 4650 μὴ
1204 4556 1663 4650 καταδεχόμενον,
1732 4576 1869 4650 μηδὲ

1983 4556 2102 4632 non
2120 4575 2355 4647 recipis,
2372 4591 2566 4647 neque
2589 4576 2749 4630 hunc
2776 4589 3108 4645 paucarum
3128 4572 3500 4644 syllabarum
3521 4586 3642 4625 ver-

260 4672 323 4719 τό
380 4664 825 4740 βραχυσύλλαϐον
891 4675 1046 4719 τοῦτο
1107 4663 1389 4738 διαψαλμα
1449 4663 1868 4729 καταδεξασθαι.

260 4758 519 4814 Ἀνόητον
560 4759 663 4830 γὰρ
702 4762 827 4829 μίαν
874 4755 1059 4809 ἀκτῖνα
1110 4755 1164 4819 ἕξ
1211 4757 1329 4809 ὅλου
1385 4764 1475 4809 τοῦ
1528 4756 1680 4814 ἡλίου
1730 4756 1851 4808 ἐπαι

260 4848 490 4898 νὲσαντα
512 4848 579 4906 ὡς
606 4846 867 4920 λαμπράν,
895 4847 967 4907 ὡς
1000 4842 1325 4920 χρυσοειδῆ,
1380 4853 1481 4897 τῶν
1529 4843 1693 4896 ἄλλων
1745 4844 1872 4897 ὅλων

262 4933 490 5009 ᾀκτίνων
544 4935 774 5009 ζόιρωσιν
821 4944 1166 5004 καταγνῶναι.
1221 4933 1287 4986 “ﬂ
1339 4942 1449 4995 πῶς
1511 4930 1718 5006 δυνήσῃ
1779 4942 1875 4995 τῆς

261 5030 392 5086 μιᾶς
412 5011 669 5097 πηγῆς-τό
698 5023 867 5097 ῥεῦμα
912 5020 1098 5089 διελεῖν
1147 5027 1217 5095 ᾡς
1265 5023 1432 5094 γλυκὺ
1492 5028 1582 5075 καὶ
1642 5019 1870 5098 πικρόνς

261 5100 435 5167 Τοῦτο
466 5109 525 5167 δὲ
559 5121 671 5174 πῶς
713 5100 841 5165 ἔχων
891 5106 1263 5187 παρατρέχεις,
1313 5112 1391 5165 ὁτι
1447 5113 1473 5164 ό
1522 5112 1742 5173 παλαιός
1787 5117 1873 5164 νό-

261 5222 386 5275 μος,
418 5201 609 5274 μᾶλλον
640 5199 701 5255 δε
729 5202 756 5253 ό
786 5200 836 5253 ιν
880 5202 953 5279 τῷ
999 5208 1141 5274 νόμῳ
1189 5201 1420 5261 λαλήσας
1459 5199 1700 5260 ἀληθινός
1743 5204 1875 5261 Θεὸς

264 5281 672 5363 διαταττόμενος
701 5296 773 5361 τῷ
821 5288 1038 5363 Ἰσραὴλ
1081 5295 1171 5342 καὶ
1220 5289 1401 5361 λέγων,
1429 5311 1449 5339 ι
1504 5290 1581 5341 Οὐ
1634 5293 1875 5353 ποιήσεις

262 5387 368 5435 πᾶν
407 5381 651 5457 ὁμοίωμα
689 5383 807 5433 οὔτε
860 5387 961 5432 τῶν
1018 5377 1067 5431 ἐν
1115 5378 1336 5451 οὖρανῷ,
1393 5381 1509 5432 οὔτε
1564 5387 1663 5432 τῶν
1711 5376 1758 5429 ἐν
1809 5387 1870 5438 τῆ

262 5479 360 5543 γῇ,
392 5471 468 5522 »ό
503 5468 659 5531 αὐτὸς
707 5464 986 5531 διετάξατο
1027 5464 1127 5521 δύο
1169 5465 1439 5543 Χερουϐὶμ
1477 5465 1877 5520 κατασκευάσαι

341 5692 393 5729 ³⁹
432 5693 479 5749 ll
511 5692 643 5749 Cor.
671 5706 751 5762 v1,
782 5693 869 5747 14.
983 5691 1033 5726 ⁸ο
1058 5689 1214 5779 Psal.
1248 5705 1400 5757 cxiii,
1428 5693 1483 5746 4.

796 5818 803 5827 ο
830 5805 841 5830 ι

1984 4665 2237 4721 siculum
2265 4665 2624 4737 approbare.
2654 4663 2907 4721 Stultum
2932 4668 3021 4717 est
3049 4663 3207 4717 enim
3247 4674 3435 4716 unum
3488 4660 3643 4715 dun-

1982 4759 2151 4810 taxat
2179 4753 2417 4808 radium
2443 4767 2515 4808 ex
2536 4757 2663 4808 toto
2695 4752 2841 4811 sole.
2875 4758 2937 4807 ut
2960 4750 3366 4823 splendidum,
3385 4755 3443 4805 et
3463 4755 3636 4805 utau-

1980 4843 2221 4899 riﬂuum
2245 4841 2513 4908 laudare,
2569 4842 2814 4913 reliquis
2865 4838 3151 4901 omnibus
3200 4844 3263 4893 ut
3304 4837 3647 4917 caliginosis

1984 4932 2423 4988 condemnatis.
2454 4932 2551 4988 Vel
2572 4932 2884 5004 quomodo
2908 4934 3077 5002 poste
3097 4929 3274 4982 unius
3296 4933 3353 4997 et
3372 4927 3644 4997 ejusdem

1984 5022 2163 5083 fontis
2186 5012 2409 5092 aquam
2438 5020 2676 5076 dulcem
2696 5027 2750 5075 et
2773 5034 3043 5074 amaram
3071 5019 3470 5091 internoscere
3508 5015 3536 5070 ?
3583 5019 3648 5071 Et

1983 5126 2106 5183 qua
2131 5091 2379 5166 tandem
2412 5109 2643 5165 ratione
2672 5108 2881 5163 volens
2910 5106 3226 5177 libensque
3256 5104 3372 5159 hoc
3401 5091 3642 5174 praeter-

1984 5198 2169 5253 volas:
2200 5198 2486 5252 nimirum
2509 5204 2764 5251 veterem
2796 5194 3012 5261 legem,
3044 5191 3135 5245 vel
3190 5191 3393 5263 potius
3459 5193 3647 5246 Deum

1985 5303 2216 5353 verum,
2242 5285 2346 5358 qui
2368 5285 2425 5341 in
2450 5289 2645 5340 vetere
2667 5283 2796 5338 lege
2820 5281 3051 5336 locutus
3070 5288 3156 5334 est
3174 5281 3277 5352 qui
3294 5280 3647 5336 mandando

1986 5372 2322 5431 lsraelihoc
2344 5374 2645 5448 praecepit:
2703 5374 2874 5427 «Non
2934 5368 3119 5424 facies
3161 5385 3404 5424 onmem
3443 5368 3651 5425 simili«

1987 5464 2281 5530 tudinem,
2298 5479 2495 5534 neque
2508 5477 2740 5526 eorum,
2773 5475 2910 5531 qum
2922 5458 2982 5514 in
3005 5459 3180 5525 caelo,
3197 5474 3391 5532 neque
3415 5475 3646 5549 eorum,
