4132 6390
498 331 594 387 6⁸71

495 469 633 528 qum
653 453 715 511 in
752 459 906 510 terra
935 453 978 489 ⁶¹
1003 471 1017 523 ;

496 543 614 600 rari
633 543 786 599 duos
813 558 1030 600 aureos
1051 543 1360 601 tornatiles
1377 543 1760 610 cherubinos;
1794 545 1851 598 et
1877 542 2157 611 utrinque

498 632 573 689 ad
591 648 827 688 sacram
844 648 1048 689 arcam
1077 632 1358 690 collocari
1387 635 1415 691 ?
1441 632 1624 688 Testis
1657 630 1852 687 verbis
1882 627 2032 685 meis
2061 641 2158 683 ac-

497 719 654 776 cedit
687 723 743 776 et
771 719 1016 783 Paulus,
1046 721 1143 777 ille
1172 721 1234 777 in
1264 719 1429 778 ccelis
1486 719 1767 791 gradiens
1822 715 2156 790 apostolus.

495 807 658 865 facta
678 824 888 865 eorum
921 811 1225 867 mentione
1255 810 1316 867 in
1337 826 1426 881 ea,
1460 825 1598 883 qua:
1630 813 1722 864 est
1756 807 1835 864 ad
1876 805 2156 863 Hebraeos

498 897 781 971 Epistola,
823 898 928 955 ubi
963 900 1047 956 sic
1078 899 1156 956 ad
1195 900 1445 956 verbum
1504 897 1724 955 scribit:
1758 918 1786 946 ‹‹
1826 895 1968 952 Post
1995 894 2156 952 vela-

498 991 773 1044 mentum
793 993 996 1045 autem
1014 982 1237 1045 secund
1247 1005 1370 1056 um,
1389 986 1870 1054 tabernaculum,
1890 983 2056 1058 quod
2073 983 2158 1040 di-

499 1075 651 1132 citur
681 1077 899 1134 Sancta
929 1082 1294 1133 sanctorum:
1329 1093 1548 1134 aurum
1596 1075 1830 1133 habens
1884 1073 2158 1130 thuribu-

497 1164 649 1236 lum,
679 1171 736 1224 et
773 1183 976 1225 arcam
1007 1167 1344 1224 testamenti
1373 1167 1822 1224 circumtectam
1865 1180 1939 1220 ex
1990 1163 2157 1219 omni

497 1259 669 1328 parte
698 1271 867 1321 auro,
897 1255 959 1312 in
985 1272 1110 1329 qua
1139 1272 1292 1313 urna
1316 1271 1501 1312 aurea
1528 1254 1762 1311 habens
1795 1269 2042 1322 manna,
2102 1257 2159 1308 et

498 1343 669 1413 virga
683 1348 899 1407 Aaron,
918 1361 1055 1416 quae
1070 1344 1438 1406 fronduerat.
1464 1348 1521 1400 et
1555 1342 1770 1399 tabulae
1793 1340 2153 1410 testamenti,

501 1447 803 1504 superque
827 1448 962 1489 eam
985 1438 1111 1490 erat
1133 1433 1444 1490 cherubim
1477 1432 1683 1503 gloriae
1730 1430 2157 1488 obumbrantia

499 1520 1051 1593 propitiatorium“
1075 1541 1088 1587 ;
1110 1544 1137 1572 ››
1158 1537 1339 1595 super
1369 1521 1589 1594 quibus
1620 1519 1965 1576 cherubinis
1996 1533 2156 1591 saepe

498 1607 589 1676 iis,
609 1609 712 1682 qui
727 1609 893 1680 digni
909 1614 1096 1678 erant,
1124 1611 1411 1666 Dominus
1427 1609 1779 1684 apparebat.
1801 1611 1882 1664 Ea
1899 1607 2058 1664 enim
2079 1607 2152 1662 de

500 1714 688 1755 causa
705 1715 740 1754 a
760 1699 942 1756 Paulo
960 1700 1272 1756 cherubim
1293 1699 1497 1771 gloriae
1518 1699 1831 1755 nominata
1852 1701 2009 1752 sunt.

568 1788 762 1858 Vides,
783 1805 954 1860 ctece,
979 1789 1311 1862 quomodo,
1329 1795 1392 1846 ut
1410 1804 1594 1862 supra
1609 1787 1978 1855 dicebamus,
2021 1801 2155 1842 san-
2193 1802 2233 1857 Β

499 1880 606 1933 ctae
623 1877 742 1934 sint
755 1878 1172 1935 similitudines
1190 1884 1537 1935 sanctorum
1553 1881 2032 1950 prototyporum.
2047 1889 2156 1931 seu

499 1966 954 2038 exemplarium.
975 1969 1049 2024 At
1076 1983 1218 2024 vero
1247 1967 1551 2023 daemones
1579 1964 1928 2021 exsecrandi
1961 1969 2018 2020 et
2046 1978 2154 2036 pe-

495 2054 658 2109 nitus
676 2055 1012 2113 detestandi
1033 2060 1186 2128 sunt,
1227 2070 1557 2128 eorumque
1577 2054 1740 2111 idola
1785 2053 2155 2110 exsecranda

499 2147 556 2199 et
585 2143 822 2216 penitus
849 2145 1203 2202 detestanda
1232 2148 1391 2214 sunt;
1410 2143 1586 2217 etqui
1617 2143 1824 2199 colunt
1851 2141 2002 2206 illos,
2052 2157 2151 2199 eo-

499 2246 757 2304 rumque
801 2233 1144 2304 simulacra,
1171 2235 1392 2308 pariter
1419 2250 1557 2289 cum
1587 2232 1732 2304 ipsis
1761 2232 1964 2302 ignem
1989 2236 2154 2287 aeter-

499 2333 648 2375 num
664 2320 1126 2383 haereditabunt.
1143 2324 1301 2396 Ignis
1314 2339 1452 2379 vero
1469 2320 1870 2377 estfuniculus
1903 2320 2152 2377 haeredi-

504 2410 640 2464 tatis
663 2411 1108 2481 Bogomilorum
1135 2432 1148 2482 ;
1174 2429 1308 2469 cum
1368 2416 1425 2468 et
1477 2411 1589 2467 illis
1627 2414 1929 2482 competat
1965 2409 2148 2466 illud:

503 2518 532 2546 ‹‹
566 2497 653 2553 Dii
684 2499 952 2568 gentium
982 2502 1284 2559 daemonia
1301 2502 1369 2557 ⁸³.
1406 2521 1434 2549 ››
1465 2502 1529 2555 Ει
1557 2498 1832 2554 attendas
1857 2497 2034 2554 velim
2075 2499 2154 2554 ad

500 2587 788 2644 orationis
827 2591 1062 2646 seriem.
1099 2591 1305 2648 Omnis
1335 2589 1521 2646 homo
1555 2587 1660 2660 qui
1688 2587 1918 2644 ratione
1947 2591 2006 2644 et
2025 2603 2156 2643 ora-

499 2674 658 2733 tione
674 2678 912 2750 regitur,
939 2682 1125 2736 Deum
1141 2696 1326 2752 quem
1342 2677 1498 2744 colit,
1520 2677 1803 2733 eumdem
1842 2677 2156 2733 conﬁtetur

500 2765 870 2824 conditorem
893 2769 1023 2825 coeli
1042 2773 1099 2826 et
1120 2773 1312 2840 terrae,
1333 2773 1390 2824 et
1410 2769 1683 2824 omnium
1704 2783 1841 2839 quae
1873 2766 1935 2822 in
1979 2771 2152 2833 terra;

500 2857 679 2928 etqui
696 2873 831 2914 vere
853 2859 1072 2916 horum
1092 2859 1334 2916 effector
1377 2862 1485 2927 est,
1518 2857 1644 2928 ipse
1665 2861 1753 2912 est
1786 2866 1842 2912 et
1878 2859 2053 2912 Deus.
2083 2861 2155 2914 At

496 2959 641 3000 vero
657 2947 1328 3016 Bogomilieﬂ‘ectionem
1353 2944 1820 3002 mundidiabolo
1845 2945 2156 3015 assignant

501 3037 567 3090 ut
583 3035 833 3105 proinde
855 3037 906 3093 si
923 3037 1034 3092 sibi
1055 3044 1334 3094 constare
1363 3035 1564 3104 velint,
1587 3033 1868 3089 eumdem
1888 3038 1945 3090 et
1968 3037 2153 3090 Deum

499 3123 838 3182 existimare
859 3131 915 3182 et
944 3129 1195 3183 adorare
1225 3126 1504 3181 debeant:
1537 3139 1660 3196 quo
1691 3122 1757 3179 ﬁt
1784 3129 1849 3179 ut
1884 3125 2154 3194 Bogomi-
2189 3116 2230 3171 C

497 3209 694 3268 lorum
717 3214 867 3269 deus
891 3215 962 3271 sit
995 3216 1257 3282 daemon,
1287 3213 1638 3284 idolumque
1684 3211 1902 3268 horum
1933 3213 2156 3270 daemo-

498 3314 646 3357 num
668 3303 917 3373 quilibet
937 3321 1010 3360 ex
1033 3302 1350 3374 Bogomilis
1369 3300 1756 3358 assimulatus
1776 3300 1855 3357 ad
1888 3318 2155 3373 unguem

501 3402 612 3442 suo
635 3393 978 3463 prototypo.
1016 3393 1162 3448 Sunt
1187 3391 1348 3447 enim
1389 3395 1445 3445 et
1473 3389 1564 3444 isti
1595 3387 1948 3446 tenebricosi
1974 3390 2153 3447 infor-

500 3491 649 3542 mes,
669 3482 746 3546 et,
771 3485 837 3534 ut
855 3495 977 3536 uno
991 3481 1176 3536 verbo
1194 3481 1414 3548 dicam,
1430 3477 1725 3534 daemonis
1738 3479 1912 3550 quasi
1925 3479 2150 3536 vultum

499 3568 556 3619 et
573 3581 892 3637 personam
921 3569 1139 3625 induti.
1190 3569 1422 3626 Similes
1461 3566 1575 3623 illis
1605 3566 1771 3633 ﬁant,
1799 3567 1903 3639 qui
1947 3569 2154 3626 colunt

500 3669 623 3723 eos,
646 3656 868 3728 quique
897 3674 1105 3714 eorum
1136 3659 1546 3731 blasphemias
1566 3654 1883 3727 recipiunt,
1953 3657 2154 3729 subja-

499 3749 793 3818 ceantque
813 3763 1024 3803 omnes
1043 3754 1266 3805 aeterno
1296 3749 1686 3810 anathemati.

569 3833 977 3906 Suppetebant
995 3838 1241 3910 quidem
1260 3843 1316 3894 et
1332 3839 1450 3895 alia
1467 3855 1602 3912 quae
1636 3838 1935 3912 praedictis
1965 3836 2152 3894 adde-

498 3937 648 3990 rem,
672 3924 1005 3982 refutandaa
1028 3927 1474 3996 Bogomilorum
1508 3929 1788 4000 stultitiae,
1822 3928 1928 3984 sed
1967 3926 2153 3984 modo

497 4017 677 4068 vocat
707 4029 820 4069 nos
845 4014 1063 4070 divinae
1092 4017 1491 4088 mystagogiae
1519 4022 1576 4074 et
1603 4017 1841 4074 sacriﬁii
1863 4015 2154 4074 offerendi

499 4103 760 4172 tempus:
791 4103 956 4174 quod
988 4103 1135 4160 dum
1189 4105 1602 4177 auspicamur,
1634 4122 1846 4163 omnes
1891 4105 2155 4161 veritatis

498 4187 702 4244 hostes
723 4194 779 4244 et
804 4191 981 4246 amici
1020 4192 1341 4258 mendacii,
1411 4192 1490 4248 ab
1537 4195 1812 4250 omnium
1841 4192 1947 4266 qui
2000 4192 2156 4249 Chri-

501 4275 698 4331 stiano
720 4279 964 4334 nomine
993 4286 1329 4350 censentur,
1345 4281 1584 4352 linguis,
1619 4280 1989 4339 anathemati
2015 4279 2155 4336 sub-

499 4363 738 4420 dentur.
764 4368 884 4435 Ego
913 4383 1075 4432 vero,
1131 4369 1464 4426 charissimi
1520 4370 1647 4438 ﬁlii,
1703 4371 1752 4427 si
1802 4369 2156 4443 perbrevem

501 4453 973 4511 coliortationem
986 4455 1062 4512 ad
1078 4457 1389 4515 utilitatem
1412 4460 1750 4517 animarum
1765 4441 2154 4530 adjecero,di.
2188 4441 2232 4495 Π

501 4542 885 4599 cenditincm
915 4544 1155 4604 faciam.
1187 4548 1417 4604 Memini
1451 4565 1548 4605 me
1605 4554 1661 4604 et
1711 4547 1860 4605 alias
1909 4563 2015 4603 vos
2069 4547 2154 4603 in-

503 4638 728 4688 struere
753 4637 1074 4692 etmonere
1099 4642 1161 4693 ut
1183 4639 1451 4711 quinque
1489 4637 1890 4695 hebdomadis
1940 4637 2154 4694 diebus

502 4721 687 4778 semel
703 4722 996 4780 duntaxat
1015 4725 1170 4782 circa
1192 4727 1404 4784 horam
1426 4744 1651 4785 nonam
1668 4727 1872 4783 cibum
1904 4725 2154 4799 capiatis

504 4812 569 4866 Et
588 4827 747 4868 nunc
768 4811 968 4870 denuo
987 4814 1062 4872 de
1093 4816 1307 4872 eodem
1333 4822 1595 4874 vestram
1625 4816 1972 4873 charitatem
1996 4831 2155 4872 com-

573 4955 821 5012 "Exod.
863 4974 964 5025 xx,
987 4962 1042 5016 4.
1118 4961 1166 4995 ⁸³
1190 4959 1362 5016 Hebr.
1389 4965 1536 5028 111,5.

1630 4960 1678 4995 ⁶³
1705 4957 1859 5016 Psal.
1915 4975 2026 5015 xcx
2060 5003 2075 5029 ,
2098 4963 2152 5016 5.

572 5099 650 5169 (8)
685 5101 892 5174 Graeci,
915 5117 1045 5174 non
1089 5102 1273 5174 modo
1327 5101 1650 5174 Dominicis
1686 5117 1817 5174 non
1851 5102 2148 5174 jejunant.

501 5177 714 5226 utmos
737 5172 1011 5228 Ecclesia:
1034 5173 1236 5239 habet,
1266 5173 1372 5229 sed
1409 5189 1521 5230 nec
1558 5172 1863 5232 Sabbatis.
1909 5177 2038 5240 Quo
2087 5175 2153 5230 ﬁt

499 5246 565 5296 ut
589 5242 860 5316 quinque
892 5248 1123 5316 tantum
1145 5243 1273 5300 dies
1299 5244 1701 5316 hebdomadis
1725 5245 1955 5316 jejunio
2012 5261 2154 5301 con-

500 5311 738 5392 cedant.
762 5311 961 5392 Carpit
991 5321 1192 5392 autem
1222 5315 1403 5392 paulo
1428 5321 1564 5392 post
1602 5311 1842 5392 Latinos
1917 5319 2153 5392 Graecus

502 5383 943 5463 schismaticds,
996 5390 1072 5463 et.
1107 5383 1294 5463 hostis
1352 5383 1544 5463 Latini
1586 5387 1870 5444 nominis.
1924 5387 2154 5463 Habent

502 5454 686 5533 (graeci
710 5454 863 5510 duas
907 5456 1414 5528 Quadragesimas
1446 5475 1460 5524 ;
1491 5458 1741 5533 alteram
1788 5475 2050 5533 quoque
2069 5461 2154 5515 ita

500 5524 744 5603 dictam,
777 5542 959 5581 verno
997 5524 1284 5603 tempore,
1320 5535 1457 5584 ante
1492 5531 1732 5601 Pascha,
1769 5524 1844 5586 de
1871 5524 1993 5603 quo
2038 5531 2152 5587 hoc

500 5595 634 5651 loco
689 5599 1048 5674 Germanus.
1083 5595 1322 5674 Constat
1366 5606 1594 5674 septem
1653 5595 2039 5674 septimanis;
2090 5607 2150 5674 ut

500 5681 786 5726 numerus
811 5668 1294 5741 Quadragesimse
1305 5668 1676 5746 compleatur
1693 5668 1841 5748 quia
1874 5668 2152 5732 Sabbatis

1661 325 1971 385 GERMANI
2009 324 2055 380 ll
2098 317 2206 376 ΟΡ.
2248 320 2716 385 PATRIARCHE

1053 475 1080 505 »
1110 453 1278 513 illum
1330 453 1614 511 eumdem
1639 452 1892 526 jussisse
1920 461 2155 522 praepa-

2266 457 2455 524 χρυσᾶ
2481 455 2722 529 τορευτὰ,
2751 457 2842 508 καὶ
2884 463 3083 516 στῆσαι
3134 463 3230 518 τῆς
3277 456 3415 531 ἱερᾶς
3461 453 3686 510 κιϐωτοῦ
3742 458 3871 530 παρ’

3765 333 3872 388 672

2267 536 2484 614 ἕκάτερα
2534 550 2952 620 ;Συμμαρτυρεί
3003 566 3094 619 μοι
3149 554 3222 617 τῷ
3264 545 3402 618 λόγῳ
3443 549 3534 598 καὶ
3589 544 3793 606 Παῦλος
3842 546 3870 598 ό

2267 629 2634 704 ούρανοϐάμων
2695 632 3004 702 ἀπόστολος,
3065 637 3396 707 μνημονεύων
3441 637 3634 688 τούτων
3693 633 3741 688 ἕν
3798 642 3864 708 τῇ

2265 721 2397 790 πρὸς
2450 719 2717 794 Ἑϐραίους
2765 723 3063 798 Ἐπιστολῇ,
3131 729 3222 778 καὶ
3271 723 3430 797 λέγων
3487 724 3626 777 οὕτω
3673 723 3867 798 ῥητως·

2267 828 2295 858 ι(
2329 811 2473 863 Μετά
2504 807 2563 865 δὲ
2609 816 2668 866 τὸ
2697 810 2936 888 δεύτερον
2973 820 3356 889 καταπέτασμα
3409 818 3575 874 σκηνή
3635 815 3665 873 η
3722 813 3867 886 λεγο-

2265 899 2390 969 μενη
2431 896 2588 971 *Αγια
2635 899 2817 973 ἀγίων,
2883 903 3123 976 χρυσοῦν
3192 906 3399 976 ἔχουσα
3459 904 3866 978 θυσιαστήριον,

2266 990 2356 1038 καὶ
2403 992 2498 1046 τήν
2555 988 2774 1044 κιϐωτόν
2833 999 2931 1054 τῆς
3014 989 3276 1054 διαθήκης
3350 990 3868 1066 περικεκαλυμμένην

2265 1076 2513 1129 πάντοθεν
2551 1083 2786 1151 χρυσίῳ,
2832 1077 2881 1131 ἐν
3021 1082 3248 1153 στάμνος
3302 1087 3484 1153 χρυσῆ
3553 1081 3759 1152 ἔχουσα
3805 1083 3868 1132 τὸ

2265 1165 2454 1235 μάννα,
2493 1171 2582 1218 καὶ
2615 1169 2642 1225 ἡ
2680 1164 2877 1242 ῥάϐδος
2916 1169 3113 1242 Ἀαρών
3157 1171 3187 1228 η
3245 1169 3618 1242 βλαστήσασα,
3662 1172 3753 1221 καὶ
3812 1171 3870 1220 αἱ

2265 1252 2455 1316 πλάκες
2506 1263 2601 1317 τῆς
2647 1253 2910 1320 διαθήκης
2945 1279 2958 1292 υ
2991 1260 3228 1333 ὑπεράνω
3281 1256 3341 1312 δε
3388 1257 3549 1318 αὐτῆς
3597 1257 3872 1330 Χερουϐὶμ

2268 1338 2427 1406 δόξης
2474 1347 2898 1408 κατασκιάζοντα
2957 1350 3013 1401 τὸ
3082 1347 3404 1422 ἱλαστήριον,
3464 1368 3491 1396 n
3548 1346 3624 1420 ἐφ’
3669 1349 3736 1398 ὧν
3793 1345 3866 1406 δὴ

2266 1432 2532 1506 Χερουϐὶμ
2595 1435 2842 1498 πολλάκις
2899 1438 2924 1489 ό
2981 1440 3112 1500 Θεὸς
3166 1447 3261 1500 τῆς
3318 1435 3480 1500 δόξης
3543 1435 3869 1510 ἐνεφανίζετο

2268 1528 2374 1584 τοῖς
2423 1521 2606 1586 ἀξίοις.
2676 1527 2771 1578 Διά
2824 1529 2926 1602 γὰρ
2993 1535 3144 1581 τοῦτο
3205 1533 3292 1580 καὶ
3353 1525 3556 1590 Παῦλος
3599 1525 3871 1603 Χερουϐὶμ

2265 1606 2427 1676 δόξης
2445 1622 2540 1667 ταῦ
2550 1633 2611 1667 τα
2629 1619 2984 1690 κατωνόμασε.

2338 1782 2561 1852 Βλεπεις,
2618 1787 2793 1858 τυφλε,
2865 1792 2990 1852 πῶς,
3056 1786 3230 1848 καθὼς
3297 1782 3544 1860 ἀνωτάρω
3604 1782 3862 1856 ἐλέγομεν,

2265 1870 2391 1943 ἂγιά
2413 1873 2515 1926 εἰσι
2545 1876 2610 1926 τὰ
2644 1875 2952 1947 ὁμοιώματα
3003 1883 3102 1929 τῶν
3153 1874 3315 1946 ἁγίων
3362 1875 3736 1949 πρωτοτύπων.
3796 1874 3865 1925 Οἱ

2265 1957 2324 2014 δὲ
2373 1957 2617 2035 δαίμονες
2661 1969 2843 2038 μιαροὶ
2892 1969 2983 2016 καὶ
3035 1968 3354 2037 παμμίαροι,
3406 1968 3497 2016 καὶ
3543 1965 3610 2015 τὰ
3662 1963 3860 2014 τούτων

2262 2048 2451 2104 εἴδωλα
2504 2054 2670 2128 μιαρὰ
2725 2058 2816 2105 καὶ
2875 2057 3178 2128 παμμίαρα,
3241 2057 3332 2106 καὶ
3385 2057 3434 2105 οί
3492 2051 3722 2112 σέϐοντες
3769 2050 3863 2103 αὖ·

2259 2145 2375 2202 τοὺς
2439 2145 2529 2194 καὶ
2586 2145 2652 2194 τὰ
2705 2144 2897 2196 τούτων
2946 2139 3136 2196 εἴδωλα
3176 2147 3270 2195 σῦν
3325 2141 3498 2203 αὐτοῖς
3541 2147 3599 2195 τό
3632 2149 3736 2216 πῦρ
3799 2144 3860 2193 τό

2262 2230 2466 2284 αἰώνιον
2484 2231 2975 2305 κληρονομήσουσι.
3022 2235 3092 2284 Τὸ
3125 2228 3184 2286 δε
3231 2239 3335 2308 πῦρ
3396 2235 3693 2304 σχοίνισμα
3737 2229 3860 2288 κλη-

2261 2324 2505 2395 ρονομίας
2563 2329 2661 2373 τῶν
2725 2321 3019 2393 Βογομίλων
3096 2319 3235 2374 ἐστίν
3334 2320 3446 2374 ἐπεὶ
3522 2325 3611 2372 καὶ
3687 2318 3863 2380 αὐτοῖς

2264 2405 2519 2482 ἁρμόδιον
2548 2413 2631 2475 τὸ,
2660 2431 2687 2459 κ
2735 2411 2799 2461 Οἱ
2855 2411 2959 2462 θεοὶ
3003 2418 3102 2462 τῶν
3155 2408 3309 2462 ἐθνῶν
3355 2406 3626 2482 δαιμόνια.
3680 2430 3710 2458 ››
3759 2412 3864 2460 Καὶ

2263 2500 2534 2570 πρόσσχες
2557 2506 2617 2570 τῇ
2650 2505 2742 2552 τοῦ
2767 2497 2922 2571 λόγου
2955 2507 3142 2558 auaui).
3184 2505 3289 2560 Πᾶς
3320 2497 3591 2572 ἅνθρωπος
3637 2499 3716 2550 νοῖ
3770 2500 3864 2548 καὶ

2263 2584 2399 2657 λόγῳ
2435 2581 2810 2660 διοικούμενος,
2871 2589 2958 2639 τόν
3003 2591 3131 2640 Θεόν
3175 2587 3228 2639 ὃν
3274 2586 3498 2654 σέϐεται,
3559 2589 3647 2638 τὸν
3705 2585 3864 2638 αὐτὸν

2265 2674 2503 2746 ὁμολογεῖ
2529 2680 2619 2728 καὶ
2649 2680 2868 2734 ποιητήν
2911 2675 3153 2750 οὐρανοῦ,
3207 2681 3297 2728 καὶ
3338 2684 3458 2748 γῆς,
3516 2679 3605 2727 καὶ
3656 2677 3866 2727 πάντων

2263 2771 2362 2816 τῶν
2413 2762 2460 2815 ἐν
2492 2772 2553 2823 τῆ
2587 2773 2679 2836 γῆο
2730 2761 2822 2817 δαὶ
2876 2766 2902 2817 ὁ
2951 2767 3013 2824 ἠν
3052 2763 3254 2818 ἀλεθεία
3297 2767 3489 2817 τούτων
3537 2760 3869 2836 δημιουργὸς

2264 2855 2416 2914 αῦτός
2465 2853 2576 2906 ἐστι
2625 2858 2714 2906 καὶ
2759 2854 2904 2915 Θεὸς.
2960 2858 3026 2906 Oi
3074 2854 3465 2927 Βογόμιλοιτήν
3505 2850 3867 2924 δημιουργίαν

2262 2950 2355 2996 τοῦ
2385 2946 2588 3016 κόσμου
2625 2951 2696 3015 τῷ
2728 2939 2960 3015 διαϐόλῳ
2999 2944 3443 3017 άποχαρίζονται,
3469 2945 3534 3003 ὡς
3576 2939 3865 2994 ἀκόλουθον

2263 3034 2393 3084 εἰναι
2441 3031 2640 3101 αὐτοῖς,
2679 3037 2768 3084 καὶ
2827 3035 2954 3085 Θεὸν
2994 3039 3174 3085 τοῦτον
3223 3033 3471 3102 ἡγεῖσθαι
3507 3050 3596 3082 και
3633 3048 3866 3102 προσκυ-

2265 3128 2385 3185 νεῖν,
2445 3125 2535 3173 καί
2590 3125 2731 3173 ἐστιν
2797 3123 2822 3174 ό
2877 3125 3008 3183 Θεὸς
3063 3130 3163 3174 τῶν
3217 3120 3512 3192 Βογομίλων
3570 3115 3861 3192 δαιμόνιον,

2266 3215 2356 3263 καί
2401 3207 2593 3263 εἴδωλα
2639 3213 2833 3263 τούτων
2888 3217 3103 3272 ἐκαστος
3147 3219 3246 3263 τῶν
3292 3209 3584 3282 Βογομίλων
3631 3227 3859 3281 παρομο-

2268 3303 2501 3373 ὶούμενος
2536 3303 2662 3376 πρὸς
2707 3304 2764 3353 τό
2799 3305 3138 3374 πρωτότυπον
3185 3301 3453 3374 ἄντικρυς*
3503 3301 3860 3370 Σκοτεινὸμόρ-

2263 3407 2348 3462 φοι
2399 3392 2499 3463 γὰρ
2548 3394 2637 3441 καί
2685 3385 2827 3442 οὗτοι
2857 3394 2946 3442 καί
2991 3385 3278 3454 δυσειδείς,
3317 3393 3407 3441 καί
3457 3387 3634 3449 ἁπλῶς
3683 3391 3866 3452 εἰπεῖν,

2263 3475 2781 3552 δαιμονοπρόσωποι.
2814 3478 3028 3551 ’Ὁμοιοι
3058 3481 3231 3539 αὐτοῖς
3259 3483 3486 3549 γίνοιντο
3528 3477 3578 3530 οἱ
3615 3484 3868 3549 τιμῶντες

2262 3567 2471 3633 αὐτοὺς,
2526 3572 2617 3620 καί
2677 3570 2770 3630 τὰς
2818 3566 3164 3641 βλασφημίας
3239 3569 3435 3620 τούτων
3488 3563 3864 3640 παραδεχόμε-

2260 3675 2360 3723 νοι,
2388 3662 2475 3708 καὶ
2504 3659 2736 3710 ἔστωσαν
2765 3659 2815 3710 οἱ
2851 3664 3078 3710 τοιοῦτοι
3130 3658 3318 3719 πάντες
3383 3658 3483 3710 ὑπὸ
3537 3660 3596 3708 τὸ
3656 3656 3864 3710 αἰώνιον

2264 3744 2496 3818 ἀνάθεμα

2332 3832 2493 3908 Εἶχον
2522 3838 2612 3908 μεν
2659 3831 2747 3887 οὖν
2806 3839 2896 3888 καὶ
2944 3836 3092 3908 ἔτερα
3150 3837 3484 3910 προστιθέναι
3533 3830 3640 3896 τοῖς
3695 3853 3874 3910 προει-

2261 3929 2499 4000 ρημένοις
2548 3924 2620 3985 εἰς
2681 3924 2893 3996 ἔλεγχον
2945 3932 3043 3985 τῆς
3093 3932 3190 3976 τῶν
3246 3923 3538 3996 Βογομίλων
3598 3943 3878 3998 παραφροο

2266 4016 2448 4083 σύνης,
2481 4012 2588 4066 ἀλλ’
2635 4016 2664 4072 ἡ
2719 4022 2813 4076 τῆς
2873 4015 3010 4076 θείας
3063 4017 3437 4086 μυσταγωγίας
3484 4017 3722 4088 πανίερος
3769 4031 3870 4066 τε·-

2263 4103 2405 4175 λετή,

2266 4197 2520 4266 χομένης,
2575 4194 2758 4254 πάντες
2803 4195 2854 4246 οἱ
2906 4201 3003 4255 τῆς
3048 4191 3285 4254 ἀληθείας
3339 4190 3526 4265 ἐχθροὶ
3580 4196 3672 4245 καὶ
3725 4191 3876 4264 φίλοι

2265 4290 2358 4336 τοῦ
2405 4278 2631 4352 ψεύδους
2683 4283 2783 4334 ὑπὸ
2838 4289 2953 4344 ταῖς
3002 4281 3242 4334 ἁπάντων
3305 4288 3406 4334 τῶν
3474 4283 3880 4353 Χριστωνῦμων

2265 4371 2533 4442 γλώσσαις
2562 4372 2944 4424 ὑποπεσοῦνται
3000 4378 3074 4442 τῷ
3122 4369 3424 4444 ἀναθέματι.
3472 4370 3608 4442 Ἐγὼ
3664 4365 3724 4423 δὲ
3776 4390 3882 4443 μι-

2491 4105 2613 4176 οἶρτι
2689 4101 3063 4179 προσκαλεῖται
3128 4103 3267 4175 ἡμᾶς
3345 4101 3605 4154 τελεῖσθαι
3693 4099 3879 4175 ἀπαρ-

2265 4464 2392 4535 κρὰν
2422 4465 2724 4534 παραίνεσιν
2771 4464 2902 4535 πρὸς
2957 4464 3045 4520 τήν
3093 4462 3342 4535 ὑμετεραν
3403 4458 3635 4532 ἀγάπην,
3703 4459 3744 4510 ὦ
3789 4463 3880 4514 τὶ-

2263 4570 2361 4603 κνα
2416 4551 2730 4624 τριπόθητα,
2803 4549 3210 4624 προϐαλλόμενος
3292 4549 3360 4610 εἰς
3439 4547 3679 4622 ὠφέλειαν
3764 4557 3879 4602 τῶν

2261 4640 2455 4712 ψυχῶν
2489 4642 2815 4693 καταπαύσω
2855 4643 2941 4692 τόν
2979 4638 3152 4710 λόγον,
3210 4643 3492 4712 Μίμνημαι
3543 4642 3633 4690 καί
3685 4636 3883 4692 ἄλλοτέ

2261 4749 2386 4783 ποτε
2437 4731 2803 4802 κατηχηκεναι
2841 4733 3160 4802 παραινέσας
3210 4729 3332 4800 ὑμῖν
3378 4727 3426 4780 ἓν
3471 4727 3656 4790 αῦταίς
3714 4730 3879 4781 πέντε

2261 4828 2359 4882 τῆς
2388 4815 2686 4892 ἑϐδομάδος
2715 4820 2932 4895 ἡμέραις
2953 4827 3045 4882 τῆς
3099 4816 3255 4890 ἁγίας
3305 4821 3553 4880 νηστείας
3585 4817 3660 4889 (8)
3703 4835 3879 4890 μονο-

2261 5100 2530 5158 similiter
2551 5099 2843 5158 utdiebus
2865 5099 3189 5157 Dominicis
3208 5115 3332 5156 non
3358 5099 3637 5170 jejunant
3657 5099 3874 5156 Graeci.

2263 5174 2580 5230 lnchoatur
2595 5171 2918 5240 dieslunae;
2945 5170 3254 5228 Dominica
3280 5170 3879 5243 proximeisequens

2261 5249 2350 5302 est
2364 5243 2892 5317 prima_Dominica
2909 5241 3434 5317 Quadragesiinae,
3483 5241 3877 5298 Orthodoxiae

2259 5313 2482 5388 nomen
2502 5313 2740 5387 adepta.
2773 5315 2963 5388 Tertia
2979 5319 3068 5370 est
3100 5313 3198 5388 τῆ
3255 5319 3724 5388 σταυροπροσκυνή
3737 5333 3839 5388 σεω
3851 5334 3875 5376 ς

2262 5384 2646 5443 Αιίοναείοηίὲ
2662 5387 2880 5458 crucis,-
2898 5391 3086 5452 sexta,
3106 5384 3470 5458 Palmaruin:
3495 5384 3687 5458 pridie
3709 5384 3878 5440 cele-

2258 5458 2467 5514 bratur
2482 5457 2856 5513 resuscitatio
2877 5458 3097 5513 Lazari.
3124 5455 3873 5513 Dominicam‘Palmarum

2261 5529 2530 5602 sequitur
2546 5545 2772 5602 magna
2788 5527 3148 5602 hebdomas,
3165 5544 3303 5602 qua:
3327 5527 3695 5602 estseptima
3715 5529 3874 5594 Qua-

2257 5597 2636 5672 dragesimm;
2652 5597 2911 5672 primam
2924 5597 3244 5672 septimam
3259 5597 3750 5672 Quadra'gesimae
3765 5614 3871 5655 an-

2259 5669 2478 5731 tecedit
2507 5669 2741 5746 Κυριακὴ
2774 5669 3118 5746 τυρινή,’8θιι
3147 5678 3242 5734 τῆς
3279 5672 3602 5746 τυροφάγου,
3631 5669 3712 5728 ab
3761 5685 3869 5728 esu
