4132 6386
313 291 430 359 '673

1717 287 1809 358 ni:
1850 285 2279 360 IM'AGINIBUS.

3583 299 3687 364 674

321 445 520 516 φαγίαν
559 438 896 504 ἀσπάζεσθαι
920 443 1040 497 καθ’
1071 446 1207 521 ὥραν
1239 442 1447 504 ίννάτην
1472 466 1485 480 ο
1547 449 1636 498 καὶ
1691 451 1779 496 νῦν
1837 438 1927 494 αὖ.

2041 458 2277 501 moneo.
2301 446 2366 501 In
2395 443 2512 502 hoc
2540 444 2702 502 enim
2723 444 2994 503 consistit
3006 437 3310 518 jejunium
3333 450 3396 504 ut
3417 447 3604 504 scrius
3624 449 3687 506 in

323 533 404 594 θις
447 535 566 607 περὶ
621 534 806 585 τούτου
877 537 972 592 τὴν
1039 535 1285 610 ὑμετέραν
1361 534 1570 607 ἀγάπην
1617 531 1924 606 παρακαλῶ.

317 628 492 675 Τοῦτο
518 623 622 694 γάρ
651 619 761 675 ἔστι
789 628 1023 695 νηστεία,
1066 624 1096 682 ἡ
1156 628 1276 698 περὶ
1334 627 1393 677 τό
1448 619 1772 700 βραδύτερον
1831 627 1928 682 τῆς

319 713 520 784 ἡμέρας
549 715 737 784 μετρία
784 717 964 785 τροφή.
1015 712 1078 766 Εἰ
1117 709 1170 766 δ’
1219 713 1325 786 οὐχ
1373 714 1508 767 οὕτω
1558 721 1739 783 ποιεῖς,
1800 709 1929 764 ἀλλά

318 803 463 853 κοιτά
492 803 586 858 τὴν
618 801 819 859 συνήθη
851 800 1005 854 πάλιν
1045 803 1182 876 ὥραν
1223 801 1436 872 ἐσθίεις,
1485 807 1724 863 νηστείας
1774 808 1927 853 τοῦτο

318 888 637 954 κατάλυσις,
677 888 806 970 οὐχὶ
865 893 1142 957 σύστασις,
1185 891 1280 944 κᾶν
1333 901 1434 945 τῶν
1478 891 1686 946 εὐτελῶν
1717 893 1746 949 ἡ
1799 891 1926 965 τρά-

320 981 461 1041 πεζα
491 981 588 1045 εἴη,
631 983 723 1032 καὶ
768 986 870 1032 τῶν
902 978 1210 1056 ἀπερίττων.
1242 978 1384 1035 Οὐδὲ
1420 985 1522 1059 γὰρ
1581 984 1661 1034 ὅτι
1714 979 1927 1052 ἀπέχεις

323 1075 509 1142 κρεῶν,
563 1063 670 1126 ἤδη
730 1073 821 1121 καὶ
881 1074 1125 1127 νηστείαν
1177 1072 1355 1143 ἄγεις·
1419 1077 1488 1146 μὴ
1544 1069 1743 1140 ἀπαιτῶ,
1800 1067 1927 1121 ἀλλά

328 1151 414 1210 δεῖ
434 1175 490 1210 σε
512 1161 605 1216 τὴν
633 1162 869 1232 γαστέρα
930 1163 1031 1233 πρὸ
1057 1168 1150 1223 τῆς
1181 1163 1319 1234 ὧρας
1362 1161 1430 1224 εἰς
1509 1159 1709 1234 βρῶσιν
1757 1158 1926 1233 ὀργῶ-

329 1264 420 1298 σον
459 1244 685 1319 ἐπέχειν.
746 1246 934 1311 Δοῦλος
964 1245 1012 1301 εἶ
1045 1257 1138 1302 τοῦ
1196 1257 1450 1322 Χριστοῦ.
1519 1253 1774 1324 Ιιρότερόν
1830 1267 1925 1301 σου

316 1337 407 1388 τὸν
447 1340 712 1394 Δεσπότην
741 1338 1057 1410 θεράπευσον
1077 1359 1090 1372 ·
1123 1341 1429 1412 παράστηθι
1470 1343 1922 1416 προσευχόμενοςο

321 1419 415 1484 δὸς
455 1422 597 1494 αὐτῷ
637 1432 816 1497 φαγεῖν
881 1430 977 1485 τὴν
1036 1423 1291 1502 φροντίδα
1345 1435 1441 1491 τῆς
1487 1436 1587 1490 σῆς
1641 1431 1922 1503 σωτηρίας·

321 1516 521 1575 ταύτης
547 1515 646 1588 γὰρ
689 1509 898 1590 σφόδρα
943 1521 1112 1586 πεινᾷ.
1154 1517 1265 1570 Εἶθ’
1322 1517 1457 1569 οὕτω
1518 1518 1751 1590 τράπηθι
1798 1519 1928 1590 πρὸς

319 1606 420 1659 τὴν
458 1608 554 1664 τῆς
595 1611 690 1664 σῆς
726 1607 955 1677 γαστρὸς
1007 1603 1318 1678 ἐπιμέλειαν.
1376 1605 1435 1659 Εἰ
1497 1601 1556 1659 δὲ
1598 1608 1794 1663 ταύτην
1835 1613 1926 1657 τοῦ

322 1699 423 1744 σου
453 1695 715 1744 Δεσπότου
745 1698 1122 1766 προτιμοτέραν
1169 1696 1298 1768 ἡγῇ,
1328 1695 1423 1748 οὐκ
1467 1693 1526 1755 ﬂ
1591 1690 1925 1768 Χριστόδου-

2035 531 2131 589 die
2160 532 2350 605 cibus,
2383 533 2555 606 isque
2588 533 2909 591 mediocris
2943 541 3236 592 sumatur.
3269 535 3442 602 Quod
3487 536 3536 593 si
3562 553 3686 594 non

2033 622 2118 679 ita
2147 623 2300 695 agis,
2319 625 2426 681 sed
2445 629 2731 683 consueta
2762 625 2908 683 hora
2932 627 3284 693 manducas,
3313 643 3435 684 non
3455 632 3544 684 est
3570 628 3687 684 hoc

2028 712 2242 785 jejunii
2265 713 2625 779 observatio,
2659 715 2760 772 sed
2808 715 3164 781 dissolutio;
3212 716 3445 773 etiamsi
3474 733 3688 774 mensa

2035 802 2182 859 cibis
2207 803 2484 860 tenuibus
2514 809 2570 861 et
2619 804 2868 862 minime
2897 804 3213 876 superﬂuis
3263 805 3336 861 sit
3364 810 3682 864 exstructa.

2036 895 2164 949 Non
2193 892 2355 949 enim
2379 893 2494 950 hoc
2518 893 2670 966 ipso,
2705 893 2872 967 quod
2899 893 3182 950 carnibus
3228 893 3514 961 abstines,
3538 895 3687 967 jeju-

2034 980 2203 1037 nium
2235 981 2557 1039 observas:
2582 999 2656 1038 ne
2683 983 2923 1048 fallaris,
2946 983 3052 1039 sed
3079 987 3314 1056 oportet
3341 988 3393 1040 te
3414 989 3685 1040 ventrem

2034 1076 2170 1127 ante
2187 1070 2398 1128 horam
2418 1071 2774 1144 praeﬁnitam
2789 1072 2955 1128 cibos
2971 1075 3352 1145 appetentem
3363 1073 3686 1129 continere.

2035 1162 2249 1217 Servus
2269 1161 2503 1218 Domini
2520 1178 2602 1218 es.
2625 1161 2787 1218 Prius
2809 1163 3131 1218 Dominum
3155 1167 3321 1219 tuum
3347 1178 3513 1218 cura.
3534 1164 3691 1220 Vaca

2035 1249 2310 1307 orationi.
2343 1255 2591 1324 Appone
2617 1250 2699 1307 illi
2729 1266 2938 1307 curam
2966 1249 3171 1306 salutis
3225 1255 3340 1308 tua;
3384 1251 3560 1325 quasi
3591 1267 3688 1308 co-

2036 1338 2419 1397 medendum.
2455 1343 2615 1396 Hanc
2637 1341 2796 1397 enim
2828 1341 3094 1396 esuriens
3116 1339 3350 1414 quaerit.
3379 1342 3505 1406 Quo
3531 1341 3689 1398 facto

2035 1429 2114 1486 ad
2141 1445 2352 1486 curam
2373 1429 2590 1486 ventris
2611 1429 2694 1485 tui
2715 1435 3077 1486 convertere.
3101 1429 3273 1495 Quod
3306 1429 3356 1484 si
3385 1428 3547 1486 hunc
3580 1432 3689 1486 Do-

2036 1519 2201 1575 mino
2248 1523 2350 1574 tuo
2401 1518 2722 1592 praeponis,
2777 1517 2945 1574 haud
2992 1519 3204 1574 Christi
3251 1518 3535 1586 famulus,
3581 1517 3690 1574 sed

2034 1607 2406 1680 mancipium
2421 1607 2638 1664 ventris
2655 1606 3054 1681 appellandus
3071 1607 3204 1662 eris.
3227 1609 3290 1663 Et
3310 1607 3424 1664 hoc
3440 1606 3688 1680 quidem

2036 1711 2277 1770 semper
2302 1696 2496 1754 facere
2519 1695 2834 1763 debemus,
2857 1711 3076 1767 nempe
3095 1695 3363 1752 divinum
3384 1695 3612 1752 cultum
3632 1703 3690 1752 et

319 1780 428 1846 λος,
461 1780 591 1834 ἀλλά
617 1779 991 1846 κοιλιόδουλος.
1039 1789 1138 1837 Καὶ
1177 1793 1329 1838 τοῦτο
1366 1787 1587 1839 πάντοτε
1615 1789 1705 1859 μεν
1761 1791 1924 1838 ποιεῖν

2041 1786 2479 1842 venerationem
2509 1783 2807 1858 corporali
2836 1783 3202 1841 nutrimento
3233 1784 3511 1856 praeferre
3535 1827 3548 1852 ,
3582 1783 3690 1840 sed

319 1869 609 1943 ὀφείλομεν,
665 1875 826 1924 εἶτουν
881 1876 1244 1947 προτιμᾶσθαι
1313 1879 1408 1933 τὴν
1462 1877 1598 1929 θείαν
1645 1876 1925 1951 παράστα-

323 1978 429 2024 σιν,
471 1965 562 2013 καὶ
595 1957 900 2033 δοξολογίαν
943 1969 1034 2022 τῆς
1075 1971 1376 2036 σωματικῆς
1431 1971 1658 2039 τροφῆς·
1698 1963 1804 2015 ἀλλ’
1845 1965 1926 2016 ὅτι

321 2047 558 2110 ἀσθενεῖς
621 2048 772 2122 ἐσμεν
845 2050 1036 2124 μᾶλλον
1103 2048 1164 2106 δε
1225 2053 1454 2128 ῥᾴθυμοι
1523 2057 1608 2106 καί
1657 2052 1921 2123 νωγελεῖς.

323 2136 432 2191 Κάν
469 2146 597 2210 γοῦν
637 2137 686 2192 ἓν
725 2147 836 2200 ταῖς
900 2145 1178 2214 νηστίμοις
1229 2145 1449 2205 ταύταις
1504 2145 1724 2216 ἡμέραις
1771 2149 1924 2194 τοῦτο

323 2232 650 2300 ποιήσωμεν,
700 2232 789 2281 καὶ
821 2234 1080 2303 στήσομεν
1133 2234 1192 2282 τό
1248 2232 1366 2284 καθ’
1397 2234 1543 2304 ἡμῶν
1591 2227 1788 2292 ὄνειδος
1824 2239 1925 2283 τῶν

325 2321 584 2382 Λατίνων,
626 2315 653 2369 ὃ
681 2322 916 2391 περὶτῆς
965 2315 1219 2391 διφαγίας
1260 2321 1387 2392 ἡμῖν
1439 2319 1745 2394 ἰπάγουσιν,
1786 2319 1927 2383 ἅπαξ

324 2413 422 2468 τῆς
450 2407 646 2479 ἡμέρας
664 2411 756 2459 καὶ
782 2403 1108 2484 βραδύτερον
1141 2407 1413 2470 ἐσθίοντες.

397 2494 534 2547 Ἀλλ’
564 2493 749 2548 ἐκεῖνοί
779 2515 935 2568 φασιν
976 2515 990 2531 ο
1040 2497 1099 2551 Εἰ
1128 2503 1217 2550 καὶ
1271 2495 1597 2572 βραδύτερον
1645 2503 1770 2574 πρός
1812 2516 1928 2574 79o-

325 2589 425 2656 φὴν
473 2587 770 2658 τρέπονται,
832 2583 958 2637 ἀλλὰ
1014 2591 1103 2638 καὶ
1151 2583 1477 2663 βραδύτερον
1518 2597 1613 2651 τῆς
1664 2589 1928 2662 τραπέζης

325 2671 644 2744 ἀνιστάντες,
725 2671 1076 2749 λιπαρώτερον
1147 2679 1206 2728 τὸ
1291 2676 1613 2752 ἑστιατόριον
1693 2681 1923 2750 ἔχοντες,

323 2759 530 2837 φύρδην
559 2764 692 2836 ὁμοῦ
721 2763 937 2835 ἰχθύας,
975 2764 1204 2837 λάχανα,
1250 2769 1448 2840 ὄσπρια
1506 2765 1658 2838 ἐλαίῳ
1691 2765 1926 2819 λιπαινόο

323 2871 451 2924 μενα
477 2853 594 2906 καθ’
623 2851 846 2911 ἑκάστην
908 2859 1229 2928 κατακόρως,
1279 2853 1556 2923 ἐσθίοντες,
1587 2858 1721 2908 ὥστε
1754 2855 1923 2928 σχολῇ

325 2941 380 3011 γ’
408 2939 470 2992 ἂν
507 2946 624 3016 περὶ
673 2945 732 2994 τὸ
785 2951 878 3002 τῆς
912 2944 1090 3016 αὔριον
1131 2939 1454 3018 βραδύτερον
1512 2947 1579 2997 τά
1627 2943 1930 3018 βεϐρωμένα

327 3032 456 3104 πρὸς
532 3029 685 3100 πέψιν
753 3030 934 3085 ἐλθεῖν·
977 3031 1174 3105 Ἐπίχε
1222 3037 1314 3092 τὴν
1365 3033 1619 3106 γλῶτταν,
1669 3035 1926 3108 ἄνθρωπε,

322 3121 455 3193 πρὸς
486 3123 607 3182 τοὺς
633 3119 840 3192 λόγους,
879 3123 948 3184 ὡς
978 3126 1069 3174 καὶ
1102 3125 1228 3198 πρὸς
1259 3126 1352 3181 τὴν
1384 3121 1587 3196 βρῶσιν
1633 3126 1692 3176 τὸ
1733 3127 1925 3196 στόμα,
1962 3155 2002 3210 C

320 3212 412 3261 καὶ
469 3209 496 3260 6
551 3213 626 3281 μὴ
675 3208 862 3262 ἇσθίων
908 3214 974 3262 σὺ
1018 3214 1107 3264 τόν
1159 3209 1402 3264 ἐσθίοντα
1451 3215 1523 3285 μή
1579 3217 1738 3288 κρὶνε.
1788 3212 1929 3271 Πλὴν

317 3295 417 3369 ἑγὼ
439 3297 499 3350 οὗ
527 3297 664 3370 λέγω
695 3317 800 3367 σοι,
826 3297 988 3358 Ὀλην
1047 3304 1143 3360 τὴν
1185 3303 1516 3354 κατάστασιν
1556 3300 1790 3362 ζήλωσον
1832 3309 1928 3364 τῆς

319 3391 614 3446 Λατινικῆς
653 3392 920 3458 νηστείας,
963 3385 1092 3440 ἀλλά
1133 3391 1191 3440 τὸ
1235 3386 1283 3440 ἐν
1326 3388 1457 3462 αὐτῇ
1516 3391 1755 3442 ὁπωσοῦν
1805 3391 1926 3442 θεω-

315 3477 570 3550 ρούμενον
627 3473 844 3548 ἀγαθόν.
892 3473 1022 3530 Οἵδε
1049 3478 1152 3551 γὰρ
1204 3476 1452 3540 πολλάκις
1481 3480 1508 3531 6
1567 3483 1823 3551 νουνεχὴς
1867 3477 1925 3530 οὐ

317 3566 515 3639 μικρὰν
591 3563 834 3637 ὠφέλειαν
903 3564 1273 3642 ἕκπορίζεσθαι
1347 3575 1438 3619 τοῦ
1485 3565 1683 3640 ἐχθροῦ
1728 3586 1782 3620 τε
1837 3572 1928 3620 καὶ

320 3650 646 3725 βλαπτικοῦ.
695 3651 856 3707 Ὀταν
904 3651 992 3706 οὖν
1053 3657 1178 3728 ἡμῖν
1244 3656 1270 3707 6
1317 3658 1510 3731 Κύριος
1564 3655 1926 3728 παραγγέλλει,

322 3761 355 3791 ››
389 3743 616 3810 Γίνεσθε,
648 3742 829 3816 λέγων,
867 3747 1105 3817 φρόνιμοι
1165 3745 1230 3804 ὡς
1264 3745 1314 3796 οἱ
1358 3747 1512 3817 ὄφεις,
1553 3749 1642 3797 καὶ
1695 3747 1930 3819 ἀκέραιοι

321 3831 392 3891 ὡς
423 3836 750 3905 περιστεραὶ,
787 3854 809 3882 ι
844 3833 973 3905 οὐχὶ
1007 3837 1065 3885 τὸ
1122 3832 1318 3886 ἰοϐόλον
1347 3839 1437 3887 καὶ
1468 3833 1788 3908 ἀναιρετικὸν
1837 3841 1929 3886 τοῦ

324 3923 487 3992 ὄφεως
530 3919 868 3994 ἐκμιμεῖσθαι
925 3924 1058 3996 ἡμᾶς
1114 3921 1474 3994 συμϐουλεύει,
1519 3918 1645 3977 οὐδὲ
1692 3925 1750 3976 τὸ
1777 3923 1930 3976 ἄνουν

407 4063 454 4097 ⁸⁸
477 4062 673 4120 lllatth.
704 4079 766 4134 x,
797 4067 880 4120 16.

323 4203 511 4280 casei,
525 4204 973 4280 respondetque
994 4209 1213 4280 nostra
1235 4205 1782 4280 Quinquagesimae.
1817 4207 1932 4265 Do-

325 4276 555 4358 rninica
569 4276 705 4358 quae
727 4276 894 4332 hanc
905 4276 1692 4358 antecedit,_re_sp6ndetque
1714 4283 1932 4358 nostrae

327 4349 1004 4425 Sexagesimaaﬁocatur
1015 4365 1050 4406 a
1063 4349 1279 4425 Graecis
1296 4349 1402 4425 K239
1413 4355 1531 4409 ιακή
1546 4349 1614 4409 τῆ
1620 4371 1640 4412 ς
1654 4349 1931 4424 ἀποκρέου,

326 4434 442 4475 seu
456 4417 711 4492 ἀπόκρεω,

325 4491 724 4564 ειμειωιηίοτί

329 4561 418 4619 ab
442 4561 826 4637 hebdomade
844 4561 1220 4637 Dominicaui
1244 4561 1654 4637 antecedente,
1674 4561 1935 4637 quarum

331 4649 464 4690 una
484 4631 701 4689 dicitur
749 4636 1062 4708 τυροφάγος,
1105 4635 1292 4691 altera
1345 4633 1640 4708 ἀπόκρεως·
1684 4631 1936 4708 utraque

332 4720 561 4778 nomen
575 4721 751 4760 suum
771 4707 1111 4778 Dominicze,
1128 4707 1689 4778 tanquamtermino
1719 4707 1937 4763 suotri-

330 4776 488 4850 buit.
500 4775 759 4850 Alterum
768 4777 847 4848 jej
858 4778 1066 4850 uniuni
1077 4775 1602 4850 quadragesimale
1613 4777 1938 4850 observant

333 4847 525 4904 δι·ωοὶ
547 4852 684 4903 ante
713 4847 979 4904 Natalem
1033 4847 1601 4914 D6mini;illudque
1652 4848 1941 4905 inchoant

339 4921 412 4992 lli
441 4917 815 4992 Novembris,
829 4920 1080 4976 utdocet
1092 4919 1407 4992 Balsamon
1422 4920 1481 4975 in
1497 4917 1745 4992 Scholiis
1759 4937 1826 4975 su
1835 4936 1940 4992 per

334 4990 834 5064 interrogationes
862 4991 1274 5064 quorumdam
1289 4990 1782 5064 monachorumt
1803 4990 1939 5064 quas

333 5061 637 5118 habentur
649 5061 1270 5134 poistcofnmentarium
1285 5061 1511 5134 illiusin
1531 5061 1940 5134 PhotiiNoino-

335 5132 840 5206 canonem,‘_ldem
871 5138 1105 5206 constat
1132 5150 1204 5189 ex
1233 5133 1453 5206 'l‘ypico
1499 5134 1698 5206 sancti
1744 5132 1936 5206 Sabte,

338 5219 475 5276 cap.
515 5206 598 5276 lt.
629 5203 747 5260 Nec
787 5204 1196 5260 introductum
1221 5203 1338 5260 est’
1363 5204 1478 5276 hoc
1510 5204 1809 5276 jejunium
1862 5205 1940 5260 ab

338 5275 652 5348 apostolis,
668 5282 732 5333 ut
735 5276 816 5347 jej
827 5279 1035 5348 unium
1047 5291 1281 5346 magnae
1292 5275 1783 5348 Quadragesiman;
1797 5277 1944 5348 quod

340 5346 419 5404 ei
436 5361 675 5418 canone
688 5351 754 5404 69
768 5346 1182 5418 apostolorum
1209 5347 1591 5403 manifestum
1603 5346 1828 5418 evadit,
1840 5347 1944 5403 ubi

340 5417 526 5476 unius
550 5421 784 5475 tantum
797 5417 1288 5488 Quadragesimae
1302 5418 1369 5476 ﬁt
1405 5418 1630 5476 mentio
1649 5437 1662 5486 ;
1684 5418 1794 5475 sed
1813 5433 1945 5474 suc-

343 5503 522 5546 cessa
548 5489 838 5562 temporis
865 5489 1300 5562 consuetudine
1327 5495 1636 5562 receptum
1667 5493 1772 5545 est.
1830 5492 1944 5546 Nec

345 5576 562 5619 omnes
591 5560 901 5634 equaliter
926 5560 1157 5634 obligat
1180 5566 1302 5634 toto
1325 5561 1428 5618 illo
1455 5560 1794 5634 40_die_rum
1836 5576 1942 5617 nu-

345 5647 519 5713 mero
542 5649 558 5699 ;
580 5631 841 5713 ai_t_'enim
859 5631 1178 5713 Balsamon
1197 5633 1486 5713 satis_esse
1502 5631 1700 5706 siquis
1713 5632 1793 5713 jej
1803 5635 1946 5713 unet

350 5707 589 5782 septem
615 5702 746 5763 dies
771 5708 910 5764 ante
932 5703 1224 5777 Natalem,
1255 5710 1314 5765 et
1339 5705 1456 5765 hoc
1481 5702 1828 5764 aedessario
1853 5702 1949 5763 fa-

730 4419 905 4546 quasi
920 4420 1109 4486 dicas,
1128 4419 1534 4491 Carnisprtvii
1547 4439 1560 4488 ;
1575 4428 1632 4478 et
1645 4427 1767 4478 tam
1781 4419 1928 4488 haec,

728 4490 748 4546 l
773 4507 809 4546 a
825 4493 1145 4546 Dominicaa
1160 4492 1484 4546 annellatio
1513 4493 1928 4546 desumptaest

2033 1873 2254 1930 inﬁrmi
2287 1889 2519 1943 sumus,
2549 1872 2644 1929 vel
2672 1873 2873 1946 potius
2904 1872 3131 1944 ignavi,
3163 1871 3402 1930 desides
3426 1877 3485 1929 et
3513 1871 3686 1929 tardi.

2036 1963 2096 2019 Si
2119 1962 2299 2034 igitur
2322 1963 2416 2018 his
2434 1962 2648 2034 jejunii
2685 1960 2900 2018 diebus
2925 1962 3041 2018 hoc
3088 1961 3424 2027 fecerimus,
3457 1961 3689 2018 Latino-

2035 2068 2170 2108 rum
2192 2052 2486 2108 adversus
2532 2066 2646 2108 nos
2675 2051 2968 2124 probrum
2997 2051 3073 2107 de
3112 2051 3338 2124 duplici
3367 2050 3484 2107 cibi
3529 2067 3690 2108 sum-

2035 2141 2239 2214 ptione
2267 2140 2685 2197 cohibebimus
2714 2143 2772 2196 et
2799 2139 3180 2210 evitabimus,
3212 2140 3260 2196 si
3285 2140 3572 2197 nimirum
3603 2155 3688 2198 se-

2036 2229 2152 2286 mel
2175 2229 2444 2303 qnotidie
2471 2233 2528 2287 et
2549 2228 2737 2284 serius
2763 2229 3178 2288 comedamus.

2110 2498 2224 2556 Sed
2245 2498 2448 2556 aiunt:
2483 2499 2641 2557 Licet
2669 2499 2860 2557 serius
2917 2495 3120 2554 cibum
3174 2501 3435 2562 sumant,
3481 2502 3541 2555 at
3594 2513 3691 2556 se-

2036 2589 2162 2646 rius
2193 2604 2438 2662 quoque
2486 2606 2559 2646 ex
2587 2605 2800 2646 mensa
2830 2593 3101 2659 surgunt,
3133 2588 3356 2645 lautius
3402 2588 3691 2646 instructo

2037 2683 2094 2736 et
2121 2683 2460 2751 praeparato
2491 2679 2745 2735 convivii
2773 2677 2928 2747 loco,
2957 2677 3298 2750 promiscue
3356 2677 3554 2750 simul,
3606 2677 3691 2751 pi-

2039 2783 2194 2833 sces,
2242 2765 2424 2832 olera,
2456 2767 2764 2837 legumina
2807 2765 2940 2823 oleo
2986 2766 3392 2837 pinguefacta,
3450 2767 3512 2823 in
3563 2766 3692 2822 dies

2039 2854 2328 2925 singulos,
2361 2871 2554 2928 usque
2597 2854 2676 2912 ad
2731 2854 3068 2911 satietatem
3124 2853 3472 2922 comedunt,
3503 2859 3566 2910 ut
3591 2871 3693 2910 vrx

2037 2959 2236 3016 usque
2260 2943 2338 3000 ad
2369 2943 2650 3000 eamdem
2676 2942 2918 3000 crastini
2947 2941 3065 2998 diei
3095 2941 3414 2998 tardiorem
3453 2944 3692 3012 horam,

2039 3033 2266 3102 omnia,
2296 3049 2434 3106 quae
2485 3037 2796 3102 vocarunt,
2849 3031 3118 3103 digerere
3149 3032 3402 3104 possint.
3446 3032 3692 3089 Contine

2038 3122 2330 3193 linguam,
2359 3138 2397 3178 o
2426 3121 2633 3190 homo,
2667 3121 2745 3178 ad
2786 3120 2914 3177 haec
2942 3119 3152 3192 verba,
3201 3120 3352 3177 sicut
3379 3125 3432 3178 et
3484 3138 3554 3178 os
3612 3121 3693 3178 ad

2039 3212 2266 3278 cibum,
2294 3215 2351 3268 et
2374 3216 2435 3267 tu
2459 3211 2566 3284 qui
2593 3226 2718 3266 non
2739 3209 3096 3281 manducas,
3128 3210 3597 3267 manducantem
3617 3226 3692 3267 ne

2041 3316 2278 3374 sperne.
2304 3304 2505 3370 Atego
2528 3305 2581 3356 te
2601 3299 2828 3365 hortor,
2851 3314 2974 3355 non
2995 3303 3056 3356 ut
3073 3303 3257 3356 totam
3275 3299 3464 3356 Latini
3482 3299 3692 3372 jejunii

2035 3391 2295 3446 formam
2327 3393 2384 3446 et
2429 3389 2720 3445 rationem
2767 3387 3026 3455 secteris,
3057 3387 3166 3444 sed
3217 3393 3282 3444 ut
3309 3389 3688 3463 qualequale,

2036 3479 2202 3554 quod
2230 3480 2292 3534 in
2323 3493 2396 3534 ea
2423 3481 2696 3550 apparet,
2725 3475 2958 3534 bonum
2987 3476 3390 3549 amplectaris.
3423 3479 3691 3537 Prudens

2034 3568 2216 3633 enim,
2264 3571 2321 3623 et
2348 3565 2682 3636 intelligens
2730 3565 2899 3622 novit
2952 3579 3077 3622 non
3130 3565 3440 3622 modicum
3488 3583 3562 3623 ex
3615 3584 3687 3625 eo

2037 3659 2238 3725 etiam,
2266 3654 2433 3728 quod
2479 3654 2791 3710 inimicum
2838 3657 2895 3710 et
2932 3652 3181 3709 noxium
3214 3658 3324 3723 est,
3380 3655 3692 3715 utilitatem

2036 3751 2362 3818 reportare.
2413 3742 2666 3809 Quando
2723 3742 2904 3813 igitur
2933 3743 3223 3798 Dominus
3271 3758 3384 3799 nos
3437 3751 3688 3802 monet:

2045 3858 2065 3886 ε
2104 3837 2290 3890 Estote
2333 3831 2656 3904 prudentes
2712 3830 2863 3887 sicut
2914 3835 3239 3903 serpentes,
3271 3836 3330 3888 et
3389 3833 3693 3906 simplices

2041 3922 2192 3980 sicut
2209 3919 2505 3980 columbae
2526 3922 2596 3989 “,
2625 3942 2653 3970 ››
2680 3935 2804 3977 non
2833 3919 2977 3990 vult,
3008 3924 3075 3977 ut
3104 3935 3337 3977 morem
3378 3923 3690 3996 serpentis,

2041 4205 2320 4265 ciendum
2349 4220 2502 4272 esse,
2532 4203 2657 4260 sive
2687 4219 2724 4260 a
2749 4202 2936 4271 laicis,
2990 4203 3114 4261 sive
3145 4221 3182 4262 a
3230 4206 3582 4264 monachis:
3614 4209 3696 4265 Et

2043 4281 2147 4352 qui
2174 4279 2414 4352 nonrita
2447 4277 2603 4352 facit
2638 4276 2710 4352 ab
2763 4275 3698 4352 orthodoxorum_communione

2041 4347 2453 4421 separabitur,
2470 4349 2553 4404 ait
2575 4347 2915 4421 Balsamon.
2936 4353 3006 4403 At
3027 4349 3343 4421 monachis
3365 4365 3436 4406 ex
3461 4351 3694 4408 statutis

2043 4417 2292 4478 suorum
2313 4417 2596 4476 ordinum
2612 4417 3015 4489 jejunandum
3038 4434 3167 4475 esse
3193 4420 3273 4476 ait
3294 4437 3330 4476 a
3353 4424 3415 4477 14
3444 4425 3698 4479 Novem-

773 4493 1145 4566 aDominicae
1160 4492 1491 4566 appellatio
1513 4493 1938 4565 desumptaest
1970 4513 2012 4566 ι)
2042 4494 2201 4566 bris:
2239 4493 2389 4566 Quia
2420 4491 2526 4547 hoc
2554 4496 2637 4546 est
2666 4491 3020 4566 canonicum
3040 4493 3436 4566 etAsalutare;
3464 4496 3617 4550 sicut
3641 4499 3698 4550 et

2044 4565 2206 4629 laici,
2220 4565 2326 4634 qui
2333 4563 3082 4634 suasponteiitajejunant,
3097 4563 3278 4619 laude
3295 4570 3348 4620 et
3359 4563 3697 4634 gratiarum

2042 4633 2276 4693 actione
2304 4635 2476 4706 digni
2510 4633 2908 4706 habebuntur.
2947 4633 3025 4706 De
3061 4634 3177 4690 hac
3223 4633 3700 4706 Quadragesima

2043 4707 2315 4781 loquitur
2331 4703 2690 4781 Guropalata
2710 4704 2812 4758 lib.
2834 4705 2922 4781 1_)e
2935 4705 3038 4772 off.
3060 4707 3218 4781 uulsa
3242 4703 3695 4781 Constaiztz‘nop.

2045 4774 2344 4851 cuin_ait,
2405 4774 2506 4831 ad'
2533 4791 2806 4851 mensam
2864 4774 3244 4851 imperatoris
3297 4774 3699 4851 protopapam

2045 4847 2349 4917 accedere,
2378 4851 2469 4899 καὶ
2496 4853 2660 4923 ποιεῖν
2688 4845 2854 4923 εὐχὴν
2879 4844 2972 4923 τῆξ
2996 4844 3278 4923 βίισιλιξεῆς
3299 4844 3584 4923 τραπέζης’,
3608 4847 3702 4903 διὰ

2044 4924 2101 4973 τό
2131 4924 2224 4978 τὴν
2249 4922 2678 5002 τεσσαρακοστὴν
2710 4918 2996 5002 παρελθεῖνζ
3028 4917 3198 4998 Qupd
3231 4917 3702 5002 Quadraqesima

2044 4987 2428 5061 prwlerierit'.
2462 4990 2526 5044 In
2547 5005 2686 5061 qua:
2705 4987 2887 5061 verba
2901 4987 3280 5061 Calvinianus
3309 4987 3658 5046 scholiastes
3683 5009 3696 5047 :

2050 5059 2244 5119 Graeci
2303 5059 2609 5130 jejunium
2681 5059 3206 5132 quadragesimate
3263 5066 3402 5115 ante
3461 5064 3701 5132 γενέσθαι

2050 5141 2305 5208 Χριστοῦ,
2339 5133 2402 5187 id
2428 5136 2534 5200 est,
2566 5132 2628 5187 in
2648 5135 2698 5208 _A
2711 5130 2958 5208 dventu,
2991 5130 3483 5208 celebraverunt;
3519 5133 3701 5208 expli-

2049 5199 2314 5276 candum
2339 5214 2485 5268 erat,
2521 5199 2699 5273 quale
2725 5199 2838 5256 hoc
2863 5199 3395 5276 jejunium_fuerit,
3451 5199 3700 5276 quando

2049 5275 2317 5332 inchoari
2377 5271 2772 5330 consuetum:
2809 5285 2954 5326 num
3009 5271 3072 5326 in
3101 5271 3394 5338 Adventu,
3455 5271 3533 5331 an
3563 5282 3702 5333 ante

2050 5347 2406 5412 Adventum,
2431 5360 2578 5400 num
2600 5343 2798 5400 solum
2819 5345 2877 5397 et
2899 5341 3162 5415 unicum,
3187 5352 3248 5400 et
3263 5344 3326 5400 id
3350 5359 3540 5415 genus
3561 5347 3702 5415 alia,

2051 5434 2128 5474 ne
2151 5418 2289 5490 quis
2315 5433 2386 5472 ex
2415 5415 2612 5494 verbis
2642 5413 3191 5494 tamgeneralibus,
3224 5415 3314 5494 vel
3345 5413 3704 5494 scholiasten

2052 5485 2281 5546 errasse
2311 5488 2595 5552 crederet,
2628 5485 2723 5541 vel
2769 5485 3023 5556 ipsemet
3049 5487 3289 5543 errandi
3317 5491 3704 5547 occasionem

2052 5561 2369 5639 abriperet,
2386 5558 2745 5639 existimans
2769 5570 3026 5639 vernum
3045 5558 3449 5632 quadraginta
3468 5561 3704 5622 dierum

2047 5627 2348 5705 jejunium
2377 5629 2589 5689 Graecis
2616 5627 2798 5686 fuisse
2827 5627 3124 5700 ignotum.
