4132 6388
469 274 573 335 675

465 414 650 472 quem
693 397 897 463 habet,
944 410 1178 454 venena
1229 394 1554 469 spargendi
1608 400 1665 451 et
1710 390 2122 457 interﬁciendi,
2157 393 2203 467 ᾼ

470 487 564 544 vel
594 492 659 544 ut
715 486 1127 559 insipientiam
1180 484 1481 541 columba)
1535 484 1874 547 imitemur;
1925 480 2035 537 sed
2064 488 2128 537 ut

469 577 761 647 serpentis
792 576 985 633 instar
1012 590 1221 631 curam
1248 580 1305 631 et
1335 573 1638 630 solertiam
1669 571 1879 643 capitis
1929 575 2124 625 custo-

468 664 672 720 diendi
705 664 1120 720 ostendamus.
1154 663 1211 718 [d
1267 662 1426 718 enim
1462 678 1651 717 unum
1690 658 1961 716 etaborat
2013 674 2130 713 ser-

467 767 638 824 pens,
656 758 716 808 ut
741 769 862 823 pra:
876 752 1108 824 reliquo
1135 752 1401 824 corporis
1433 755 1643 807 tractu.
1667 756 1847 822 caput
1875 746 2126 803 illaesum

469 848 801 898 conservet.
830 848 877 897 Α
922 840 1207 897 columba
1251 846 1448 896 autem
1513 839 1769 895 mutuari
1802 854 1912 892 nos
1966 836 2129 908 cupit

470 931 742 986 animum
778 930 1021 986 malitias
1049 934 1373 1002 expertem,
1402 934 1460 984 et
1504 934 1567 985 ut
1596 943 1721 991 eos,
1753 927 1855 1000 qui
1897 942 2006 981 nos
2036 924 2124 981 in-

463 1018 624 1089 juria
655 1018 944 1084 afﬁciunt,
977 1018 1317 1083 toleremus,
1351 1033 1546 1089 neque
1572 1016 1897 1074 vindictam
1925 1029 2130 1085 exspe-

470 1096 693 1171 tamus,
718 1107 949 1178 privata
979 1107 1137 1161 enim
1168 1105 1343 1178 pullis
1369 1104 1494 1159 suis
1519 1102 1787 1167 sustinet,
1825 1117 2018 1173 neque
2048 1099 2129 1155 ob

470 1195 527 1249 id
560 1196 744 1250 domo
776 1194 1038 1249 excedit:
1073 1201 1129 1249 et
1160 1195 1282 1248 haec
1322 1197 1556 1251 tantum
1608 1191 1687 1248 ad
1733 1190 2128 1246 imitationem

469 1283 887 1356 proponenda,
932 1284 1049 1340 alia
1096 1282 1303 1338 omnia
1334 1280 1544 1353 procul
1576 1280 1917 1353 abjicienda
1966 1284 2127 1333 sunt.

474 1375 591 1428 Hoc
621 1376 679 1428 et
703 1377 766 1428 tu
799 1372 926 1440 fac;
954 1371 1137 1445 idque
1160 1371 1326 1444 quod
1350 1372 1410 1426 in
1430 1370 1649 1427 Latinis
1668 1368 1912 1441 jejuniis
1939 1369 2131 1422 inesse

470 1461 730 1517 cernitur
753 1459 1003 1528 bonum,
1036 1460 1203 1533 quod
1235 1465 1340 1525 est,
1376 1459 1604 1515 tardius
1647 1458 1850 1514 cibum
1894 1472 2131 1512 sumere

470 1548 808 1604 uberiorem
838 1548 950 1606 illis
979 1549 1267 1623 relinque.

542 1637 600 1693 Si
631 1637 835 1694 dicas:
866 1645 907 1694 A
942 1638 1102 1694 fame
1159 1654 1411 1712 superor
1439 1642 1493 1694 et
1550 1635 1819 1692 esuriens
1872 1633 2129 1691 mandu-

1644 262 1955 333 GERMANI
1993 264 2043 327 Π
2087 265 2194 329 CB.
2233 266 2695 331 PATBIARCHE

3728 267 3837 325 εει

2234 397 2329 452 τῆς
2366 397 2676 466 περιστερᾶς
2728 390 2839 444 ἀλλ’
2887 389 2941 443 ἐκ
3129 394 3223 442 τοῦ
3281 388 3436 461 ὄφεως
3470 391 3529 440 τὸ
3570 393 3689 464 περὶ
3744 393 3836 448 τὴν

2239 476 2375 532 ἰδίαν
2435 480 2659 554 κεφαλὴν
2720 478 3138 555 προφυλακτικὸν
3202 497 3256 531 τε
3294 483 3384 530 καὶ
3421 479 3684 551 προμηθες
3728 476 3839 532 ἄπι-

2237 565 2576 622 δείκνυσθαι·
2626 564 2834 627 σπουδὴ
2890 569 2991 641 γὰρ
3046 563 3119 639 τῷ
3174 571 3284 641 ὄφει
3313 572 3407 639 τὴν
3459 564 3685 640 κεφαλὴν
3735 570 3840 642 πρὸ

2235 661 2423 718 παντὸς
2476 666 2567 711 τοῦ
2627 657 2779 710 ὁλκοῦ
2829 655 3252 710 ἀνεπιϐούλευτον
3308 652 3612 730 διατηρεῖν·
3673 659 3732 708 εκ
3782 652 3842 708 δε

2236 754 2332 807 τῆς
2383 753 2690 820 περιστερᾶς
2758 749 2816 798 τὸ
2877 746 3094 807 ἄκακον,
3157 749 3247 795 καὶ
3290 747 3349 795 τό
3404 741 3689 816 ἀνέχεσθαι
3741 752 3842 795 τῶν

2238 831 2582 903 ἀδικούντων,
2637 840 2728 887 xui
2779 840 2852 908 μὴ
2926 832 3265 907 ἀμύνασθαι·
3333 830 3686 909 ἀφαιρουμένη
3740 836 3843 906 γάρ

2236 928 2301 977 τα
2337 929 2541 977 νεόττια
2590 930 2793 1001 στέργει
2836 929 2931 983 τὴν
2982 921 3220 993 ἀδικίαν,
3276 932 3377 987 τῆς
3419 921 3585 984 οἰκίας
3630 923 3725 976 οὐκ
3763 923 3844 987 ἐξ-

2239 1018 2488 1085 ισταμένη
2512 1036 2525 1047 ο
2561 1018 2651 1065 καὶ
2685 1009 2853 1066 ταῦτα
2883 1018 3017 1087 μόνα
3051 1011 3263 1083 ζηλοῦν,
3297 1014 3363 1064 τὰ
3398 1009 3447 1065 δ’
3483 1012 3613 1065 ἄλλα
3664 1011 3847 1088 πόρρω

2235 1122 2336 1154 που
2365 1100 2719 1176 ἀπορρὶπτειν.
2751 1097 2916 1154 Τοῦτο
2950 1106 3040 1154 καὶ
3072 1104 3136 1153 σὺ
3162 1106 3385 1158 ποίησον
3411 1122 3422 1133 ·
3456 1106 3548 1153 xui
3598 1104 3657 1154 τὸ
3710 1102 3849 1177 εὑρι-

2240 1195 2487 1263 σκόμενον
2520 1188 2567 1241 ἐν
2596 1198 2702 1251 τοῖς
2731 1194 2973 1251 Λατίνοις
3024 1188 3201 1253 καλὸν,
3232 1192 3291 1241 τὸ
3330 1185 3389 1242 δέ
3428 1187 3541 1242 ἔστι
3593 1193 3652 1242 τὸ
3711 1188 3851 1262 βραο

2241 1275 2455 1354 δύτερον
2501 1277 2712 1348 ἓσθίειν,
2789 1278 3024 1343 ζήλωσον
3053 1299 3067 1312 ο
3120 1281 3179 1331 τὸ
3221 1274 3280 1331 δε
3327 1272 3640 1352 πολυφαγεῑν
3692 1281 3850 1332 ἔασον

2238 1369 2363 1444 παρ’
2403 1367 2633 1431 ἐκείνοις.

2239 1457 2545 1514 aamulare.
2577 1456 2953 1515 Crebriorem
2982 1471 3125 1527 vero
3183 1455 3299 1512 cibi
3350 1455 3760 1531 sumptionem
3792 1462 3855 1521 et

2313 1547 2374 1599 Εἰ
2436 1542 2495 1599 δε
2549 1544 2732 1619 λέγεις,
2772 1545 2929 1599 Ἀλλά
2962 1554 3188 1619 νικῶμαι
3232 1546 3333 1598 ὑπὸ
3372 1553 3468 1608 τῆς
3513 1550 3712 1616 πείνης,
3756 1552 3852 1600 καὶ

2239 1645 2421 1697 πεινῶς
2480 1633 2671 1688 ἐσθίειν
2719 1635 3221 1707 καταναγκάζομαι.
3267 1634 3434 1696 ἄλλως
3489 1637 3590 1707 γὰρ
3641 1639 3698 1695 τῤ
3740 1631 3852 1688 δει-

468 1741 604 1782 care
648 1742 849 1797 cogor,
906 1727 1239 1798 praesertim
1317 1743 1455 1782 cum
1500 1725 1648 1782 alias
1704 1730 1909 1780 venter
1968 1722 2131 1778 mala

2240 1728 2323 1776 νον
2352 1726 2549 1799 θηρίον,
2580 1726 2609 1782 ἡ
2639 1722 2830 1790 κοιλία,
2873 1722 2978 1795 οὐχ
3031 1720 3324 1797 ἠμοροῦται
3349 1745 3361 1757 ·
3387 1720 3511 1796 ἐμοῦ
3565 1722 3853 1797 ἀποκρινο-

468 1813 661 1871 bestia
692 1817 787 1884 sit,
820 1821 877 1871 et
925 1816 1129 1872 nescia
1177 1817 1462 1886 cirurari;
1498 1814 1639 1872 audi
1696 1814 1841 1886 quid
1888 1829 2131 1885 respon-

469 1903 667 1961 deam.
697 1904 922 1960 lrlcirco
976 1909 1217 1977 tempus
1248 1904 1361 1960 hoc
1387 1904 1623 1975 jejunii,
1656 1891 1885 1971 dilecte,
1944 1908 2001 1957 et
2046 1906 2134 1956 est

468 1998 526 2049 et
554 1992 788 2061 dicitur,
825 1999 887 2049 ut
942 1994 1301 2050 esuriamus.
1352 1996 1417 2049 Et
1460 1993 1561 2065 qui
1618 1992 1841 2047 famem
1875 1989 2041 2060 fugit,
2084 1990 2133 2043 is

468 2079 620 2151 fugit
667 2087 723 2139 et
763 2083 1088 2154 jejunium,
1134 2089 1190 2138 et
1219 2083 1551 2139 satietatem
1602 2081 1885 2154 sequitur.
1920 2076 1991 2135 At
2044 2097 2132 2135 sa-

474 2171 647 2225 tietas
674 2175 732 2226 et
758 2170 1057 2241 jejunium
1088 2171 1168 2227 ita
1201 2170 1312 2227 sibi
1342 2170 1758 2235 adversantur,
1791 2170 1942 2225 sicut
1974 2184 2135 2242 aqua

471 2265 527 2313 et
551 2258 730 2328 ignis.
762 2259 1024 2324 Quando
1054 2266 1253 2315 autem
1288 2260 1500 2320 esuris.
1533 2261 1593 2314 in
1625 2264 1889 2314 mentem
1918 2274 2136 2313 revoca

468 2352 527 2403 et
577 2352 789 2420 reputa
823 2348 1091 2419 paradisi
1137 2348 1406 2415 delicias,
1460 2354 1517 2404 et
1563 2364 1775 2403 eorum
1819 2363 1956 2419 quas
2002 2346 2133 2402 istic

471 2441 611 2491 sunt
633 2435 933 2491 bonorum
959 2435 1322 2504 fruitionem,
1351 2436 1736 2509 futuramque
1768 2435 2043 2506 gloriam,
2075 2440 2133 2492 et

472 2524 640 2596 aperi
692 2540 760 2580 os
809 2529 1004 2593 tuum,
1037 2531 1090 2581 et
1120 2526 1304 2598 imple
1364 2526 1663 2582 Davidicis
1721 2524 2019 2590 cantibus,
2077 2528 2134 2580 et

478 2611 661 2667 libere
692 2612 772 2668 ad
802 2612 1102 2668 Christum
1133 2613 1351 2669 dicito:
1391 2637 1412 2662 ‹
1450 2616 1573 2686 Ego
1620 2630 1758 2669 vero
1813 2613 1870 2668 in
1905 2600 2132 2684 justitia

472 2700 782 2773 apparebo
814 2704 1158 2774 conspectui
1192 2710 1314 2770 tuo,
1335 2702 1600 2758 satiabor
1619 2718 1759 2757 cum
1790 2701 2134 2775 apparuerit

472 2788 616 2845 mihi
648 2789 837 2860 gloria
896 2796 997 2846 tua
1051 2791 1118 2857 ⁸⁵,
1154 2812 1183 2840 ››
1244 2807 1382 2847 cum
1439 2792 1666 2847 veneris
1721 2807 1861 2846 cum
1911 2792 2133 2846 sanctis

469 2878 697 2948 angelis
724 2879 839 2935 tuis
870 2879 1117 2936 reddere
1177 2881 1501 2954 unicuique
1561 2880 1896 2936 secundum
1950 2896 2135 2954 opera

470 2984 601 3023 sua.
626 2970 877 3024 Summa
905 2969 1186 3024 orationis
1209 2970 1316 3025 sit:
1354 2971 1460 3024 Per
1480 2967 1696 3025 multas
1724 2968 2135 3045 tribulationes

468 3062 701 3130 oportet
748 3073 861 3113 nos
904 3058 1134 3129 ingredi
1205 3059 1264 3114 in
1313 3074 1565 3129 regnum
1621 3059 1929 3128 caelorum,
1992 3075 2133 3114 cum

470 3167 496 3195 α
532 3150 790 3215 angusta
824 3151 881 3201 et
931 3151 1095 3201 arcta
1124 3146 1200 3202 sit
1245 3146 1363 3215 via,
1394 3164 1531 3219 qua:
1589 3146 1752 3202 ducit
1797 3146 1875 3202 ad
1925 3146 2130 3214 vitam,

468 3232 589 3288 lata
610 3249 749 3288 vero
771 3239 827 3288 et
844 3233 1129 3305 spatiosa,
1154 3252 1291 3307 quae
1309 3234 1472 3291 ducit
1495 3236 1570 3291 ad
1593 3236 1987 3309 perditionem
2008 3237 2075 3291 ⁸⁸.
2103 3258 2130 3286 ››

472 3322 529 3378 Si
578 3321 655 3377 ad
681 3322 862 3377 vitam
894 3327 1179 3378 aeternam
1211 3326 1520 3396 pervenire
1552 3324 1717 3397 velis,
1774 3324 2133 3399 amplectere

471 3424 561 3479 ea,
622 3425 762 3481 quae
812 3426 1061 3465 sensum
1129 3411 1406 3481 afﬂigunt
1477 3419 1531 3469 et
1578 3416 1948 3469 contristant.
2004 3411 2137 3491 Alia

469 3498 629 3553 enim
657 3497 751 3553 via
777 3498 834 3553 in
860 3514 993 3555 eam
1016 3499 1246 3571 ingredi
1269 3516 1391 3557 non
1410 3499 1565 3565 licet,
1601 3503 1648 3558 si
1675 3509 1878 3558 autem
1906 3502 2134 3572 fugien-

470 3584 550 3642 do
575 3587 657 3655 id,
692 3587 858 3660 quod
890 3603 1173 3661 asperum
1209 3596 1264 3646 et
1292 3590 1693 3658 laboriosum,
1742 3591 2134 3646 declinaveris

470 3677 544 3732 ad
577 3676 657 3741 id,
690 3677 857 3749 quod
886 3678 1220 3751 spatiosum
1253 3686 1359 3745 est,
1405 3681 1642 3735 noveris
1697 3680 1879 3735 ﬁnem
1927 3680 2134 3751 hujus-

470 3765 703 3820 cemodi
733 3766 841 3820 viae
889 3782 1018 3822 esse
1050 3768 1249 3840 ignem
1283 3768 1730 3830 inexstinctum.
1782 3773 1840 3823 et
1870 3784 2132 3823 vermem

469 3855 875 3927 irrequietum.
908 3857 1051 3911 Ecce
1085 3857 1430 3912 testiﬁcatus
1486 3856 1590 3912 tibi
1619 3874 1773 3929 sum,
1809 3863 1867 3913 et
1898 3857 2132 3913 ostendi

467 3941 622 3998 duas
649 3943 790 3999 istas
820 3943 963 4013 vias,
997 3949 1054 3999 et
1095 3947 1402 4016 utriusque
1447 3946 1659 4002 exitus.
1694 3946 1954 4001 Gradere
1984 3961 2132 4019 qua-

467 4047 708 4103 cunque
739 4031 920 4086 voles.
974 4034 1094 4087 Hoc
1158 4049 1347 4088 unum
1379 4040 1434 4089 te
1472 4035 1751 4104 ignorare
1794 4035 1956 4102 nolo,
1997 4034 2133 4091 licet

468 4120 603 4194 quis
628 4124 870 4175 centum
892 4119 1113 4175 saecula
1133 4120 1192 4176 in
1214 4121 1328 4177 hoc
1358 4123 1586 4178 mundo
1604 4122 1927 4193 afﬂigatur,
1958 4123 2018 4178 id
2045 4130 2130 4179 to-

469 4215 597 4264 tum
626 4208 774 4263 nihil
821 4225 952 4264 esse
1008 4209 1084 4264 ad
1129 4211 1427 4267 cruciatus
1476 4211 1570 4267 vel
1624 4214 1799 4268 unius
1829 4211 1967 4277 diei,
2024 4215 2129 4285 qui

470 4302 611 4352 sunt
631 4296 691 4353 in
723 4295 1022 4366 gehenna.
1057 4299 1290 4355 Utinam
1322 4316 1458 4357 vero
1491 4301 1667 4357 nobis
1692 4301 2000 4372 contingat
2024 4318 2131 4374 per

470 4384 719 4457 pusillas
799 4385 1230 4457 tribulationes,
1297 4396 1355 4445 et
1420 4391 1755 4446 mediocres
1831 4405 2129 4446 aerumnas

469 4473 895 4547 malorumque
942 4479 1366 4549 perpessiones
1420 4484 1707 4535 aeternam
1748 4479 2015 4534 invenire
2066 4481 2127 4536 in

470 4562 635 4618 caelis
660 4565 949 4636 requiem,
1003 4568 1194 4636 gratia
1242 4573 1299 4623 et
1341 4568 1714 4624 humanitate
1762 4569 1996 4624 Domini
2030 4571 2129 4625 Dei

471 4659 527 4709 et
549 4652 869 4711 Salvatoris
901 4658 1086 4713 nostri
1129 4659 1268 4714 Jesu
1318 4657 1571 4720 Christi;
1604 4657 1717 4730 ipsi
1747 4657 1939 4728 gloria
1988 4676 2128 4716 cum

470 4745 639 4800 Patre
680 4745 974 4819 principio
1028 4752 1288 4814 carente,
1332 4752 1389 4802 et
1435 4763 1575 4802 cum
1626 4751 1834 4803 sancto
1877 4754 1934 4805 et
1989 4764 2127 4805 vere

466 4834 807 4891 viviﬁcante
840 4836 1080 4909 Spiritu,
1134 4851 1296 4893 nunc
1326 4840 1385 4891 et
1439 4851 1678 4909 semper
1708 4844 1765 4895 et
1793 4839 1856 4894 in
1905 4840 2129 4896 saecula

468 4925 847 4981 saeculorum.
872 4931 1082 4981 Amen.

1286 5034 1350 5087 ν.

468 5141 542 5196 1η
566 5141 761 5197 divini
788 5138 1053 5208 corporis
1072 5140 1317 5196 Domini
1339 5156 1407 5196 ac
1428 5140 1966 5201 Salvatorisncsln‘
1988 5145 2131 5201 Iesu

612 5229 845 5289 Christi
870 5230 1266 5301 sepulturam,
1300 5231 1361 5286 in
1397 5231 1492 5288 die
1517 5233 1729 5304 Magni
1753 5233 2020 5293 Sabbau'.

2240 1817 2394 1887 μένου
2419 1833 2502 1866 σοι
2528 1814 2705 1870 ἄκουε.
2735 1815 2829 1865 Διά
2851 1819 3025 1879 τοῦτο,
3066 1809 3317 1883 ἀγαπητὲ,
3352 1813 3377 1863 ὁ
3427 1814 3606 1884 καιρὸς
3666 1814 3854 1866 οὑτοσί

2241 1907 2490 1975 νήστιμος
2542 1900 2744 1973 λέγεται
2793 1904 2883 1952 καὶ
2964 1902 3126 1969 ἔστιν,
3210 1900 3294 1952 ἶνα
3356 1908 3622 1972 πεινῶμεν.
3668 1900 3730 1953 Ὀ
3789 1895 3854 1954 δὲ

2244 1994 2443 2064 φεύγων
2471 1994 2564 2048 τὴν
2614 1997 2790 2042 πεῖναν
2844 1992 3018 2062 φεύγει
3046 1993 3136 2041 καὶ
3184 1994 3277 2048 τὴν
3330 1994 3572 2047 νηστείαν
3627 1995 3717 2042 καὶ
3763 1992 3853 2043 τὸν

2243 2084 2395 2155 κόρον
2423 2075 2740 2152 μεταδιώκει
2762 2100 2773 2111 ·
2802 2082 2958 2152 κόρος
2988 2074 3048 2130 δὲ
3081 2081 3171 2130 καὶ
3227 2083 3442 2135 νηστεία
3490 2079 3650 2140 οὕτως
3699 2077 3851 2131 ἐναν-

2244 2174 2349 2237 τία,
2378 2172 2442 2229 ὡς
2470 2164 2614 2240 ὕδωρ
2660 2172 2750 2221 καὶ
2801 2163 2926 2243 πῦρ.
2966 2165 3128 2219 Ὀταν
3188 2162 3247 2220 δι
3301 2173 3502 2239 πεινᾴς,
3539 2165 3854 2240 ἀναλογίζου

2242 2264 2335 2317 τὴν
2374 2266 2465 2310 τοῦ
2496 2253 2821 2333 παραδείσου
2856 2260 3078 2331 τρυφὴν,
3130 2259 3221 2308 καὶ
3272 2260 3367 2315 τὴν
3418 2276 3518 2308 των
3575 2254 3679 2308 ἰκεῖ
3725 2255 3857 2309 ἀπὸ·

2242 2347 2429 2400 λαυσιν
2471 2345 2698 2418 ἀγαθῶν,
2738 2350 2828 2397 καὶ
2876 2350 2969 2404 τὴν
3004 2343 3290 2418 μέλλουσαν
3341 2340 3522 2419 δόξαν,
3579 2351 3670 2399 καὶ
3713 2347 3857 2398 ἄνοι-

2246 2437 2330 2500 ξον
2368 2456 2462 2489 σου
2485 2440 2541 2488 τὸ
2579 2440 2768 2509 στόμα,
2799 2439 2888 2489 καὶ
2921 2433 3198 2509 πλήρωσον
3250 2433 3499 2508 ᾀσμάτων
3533 2431 3853 2505 Δαυῐδικῶν,

2243 2531 2334 2579 καὶ
2362 2529 2470 2579 εὶττε
2504 2527 2629 2600 πρὸς
2684 2528 2771 2576 τὸν
2804 2527 3036 2598 Χριστὸν
3097 2525 3228 2597 μετὰ
3275 2522 3607 2598 παρρησίας,
3638 2547 3666 2575 ››
3720 2523 3859 2607 Ἐγὼ

2246 2611 2374 2669 δὲέν
2408 2611 2719 2689 δικαιοσύνη
2774 2614 3069 2687 ὀφθήσομαι
3106 2622 3179 2685 τῷ
3217 2619 3479 2690 προσώπῳ
3534 2634 3652 2682 σου,
3702 2633 3857 2690 χαρ-

2244 2707 2585 2778 τασθήσομαι
2646 2702 2694 2756 ἓν
2750 2712 2816 2774 τῷ
2867 2704 3094 2775 ὀφθῆναί
3151 2723 3243 2778 μοι
3295 2707 3388 2763 τὴν
3447 2699 3605 2766 δόξαν
3661 2722 3781 2769 σου,
3824 2729 3856 2754 η

2245 2797 2366 2847 ὅταν
2429 2794 2582 2864 ἔλθῃς
2645 2795 2773 2867 μετά
2808 2792 2965 2864 ἁγίων
3018 2791 3244 2865 ἀγγέλων
3303 2787 3590 2845 ἀποδοῦναι
3638 2790 3852 2865 ἑκάστῳ

2242 2885 2465 2937 κατὰτὰ
2495 2884 2620 2957 ἔργα
2654 2880 2837 2936 αὐτοῦ.
2872 2879 3159 2955 Κεφάλαιον
3197 2889 3289 2933 τοῦ
3339 2880 3491 2952 λόγου
3513 2902 3525 2914 ο
3568 2882 3662 2934 Διά
3718 2879 3855 2937 πολ-

2242 2973 2342 3025 λῶν
2403 2971 2621 3042 θλίβων
2678 2966 2758 3024 δεῖ
2808 2972 2942 3043 ἡμᾶς
3001 2969 3245 3024 εἰσελθεῖν
3294 2970 3368 3033 εἰς
3423 2975 3515 3029 τὴν
3572 2968 3851 3044 βασιλείαν

2243 3071 2343 3114 τῶν
2401 3061 2649 3136 οὐρανῶν,
2706 3059 2817 3114 ἐπεὶ
2865 3084 2885 3109 ι
2934 3065 3085 3118 στενὴ
3140 3065 3231 3113 καὶ
3264 3059 3573 3134 τεθλιμμένη
3635 3064 3665 3121 ἡ
3707 3058 3849 3127 ὁδὸς,

2244 3152 2274 3209 ἠ
2302 3150 2583 3222 ἀπάγουσα
2610 3151 2741 3223 πρὸς
2768 3153 2862 3207 τὴν
2892 3149 3053 3216 ζωὴν,
3104 3147 3322 3201 πλατεῖα
3374 3145 3434 3202 δὲ
3460 3155 3551 3203 xui
3607 3149 3843 3225 εὐρύχω-

2242 3260 2329 3312 ρος
2358 3241 2389 3296 ἡ
2423 3242 2653 3315 φέρουσα
2697 3237 2768 3300 εἰς
2830 3240 2923 3295 τὴν
2970 3234 3244 3291 ἀπώλειαν.
3289 3259 3317 3287 »ι
3357 3236 3477 3291 Ἐὰν
3526 3236 3664 3307 θέλῃς
3719 3256 3844 3289 κατ-

2244 3335 2469 3385 αντῆσαι
2523 3329 2590 3387 εἰς
2645 3329 2740 3385 τὴν
2795 3328 2998 3378 αἰώνιον
3053 3325 3212 3387 ζωὴν,
3284 3322 3575 3389 κατάδεξαι
3612 3327 3677 3379 τὰ
3738 3324 3848 3378 θλι-

2245 3414 2369 3490 ϐερά
2416 3420 2505 3467 καὶ
2532 3413 2796 3471 λυποῦντα
2842 3418 2936 3473 την
2977 3416 3260 3485 αἴσθησιν·
3302 3413 3591 3488 ἀλλαχόθεν
3639 3416 3739 3491 γὰρ
3785 3414 3857 3476 εἰς

2243 3507 2436 3563 ταύτην
2496 3502 2839 3577 ἐπενεχθῆναι
2903 3499 3181 3559 ἀδύνατον.
3242 3503 3366 3560 Ἐὰν
3425 3500 3483 3558 δὲ
3536 3506 3734 3581 φεύγων
3794 3509 3857 3557 τὸ

2243 3596 2419 3670 τραχύ
2450 3599 2539 3646 καὶ
2574 3591 2813 3646 ἐπίπονον
2847 3597 2976 3670 πρὸς
3010 3599 3103 3652 τὴν
3140 3593 3441 3670 εὐρύχωρον
3496 3590 3849 3668 παρεκνεύῃς,

2241 3689 2482 3756 γίνωσκε,
2513 3685 2679 3736 ὅτιτὸ
2716 3682 2858 3746 τέλος
2912 3692 3005 3744 τῆς
3052 3685 3301 3744 τοιαύτης
3351 3678 3481 3735 ὀδοῦ
3538 3689 3643 3761 πῦρ
3708 3680 3859 3736 ἔστιν

2242 3770 2523 3841 ἄσϐεστον,
2600 3776 2690 3824 καὶ
2766 3769 2974 3833 σκώληξ
3024 3769 3332 3843 ἀκοίμητος.
3376 3766 3518 3823 Ἰδοὺ
3560 3766 3860 3844 διεμαρτυ-

2239 3862 2407 3936 ράμην
2470 3865 2556 3913 xui
2592 3856 2841 3923 ὑπέδειξα
2897 3879 2981 3913 σοι
3024 3862 3117 3921 τὰς
3172 3856 3269 3913 δύο
3308 3855 3483 3926 ὀδοὺς,
3522 3864 3613 3912 καὶ
3650 3861 3718 3911 τὰ
3749 3856 3858 3932 ἀμ.-

2242 3954 2466 4023 φοτέρων
2512 3953 2916 4021 κατ-ἀντηματα·
2980 3948 3043 4007 ἢν
3079 3948 3139 4001 ἆν
3190 3948 3339 4022 θελης
3392 3943 3607 4021 βάδιζε.
3660 3947 3749 4002 Ἓν
3790 3938 3863 4003 δὲ

2241 4047 2393 4092 τοῦτο
2424 4039 2548 4092 θελω
2589 4034 2780 4091 εἰδέναι
2808 4057 2886 4107 σε,
2935 4039 3017 4090 ὅτι
3059 4038 3155 4090 κᾶν
3190 4037 3340 4100 ὅλους
3392 4037 3573 4091 ἑκατὸν
3620 4043 3865 4112 χρόνους

2239 4129 2589 4201 κακοπαθήση
2631 4147 2708 4189 τις
2736 4125 2784 4179 ἓν
2814 4135 2886 4198 τῷ
2919 4132 3102 4201 κόσμῳ
3137 4130 3323 4199 τούτῳ,
3362 4124 3514 4179 οὐδέν
3551 4125 3666 4179 ἔστι
3716 4131 3865 4200 πρὸς

2239 4225 2358 4291 μίαν
2389 4219 2585 4290 ἡμέραν
2629 4222 2718 4268 τοῦ
2772 4214 2820 4268 ἓν
2854 4222 2917 4288 τῇ
2979 4219 3153 4290 γεέννῃ
3219 4213 3582 4290 βασανισμοῦ.
3641 4218 3862 4269 Γένοιτο

2242 4302 2300 4360 δὲ
2337 4307 2458 4379 ἡμῖν
2509 4310 2597 4358 καὶ
2654 4301 2747 4360 διὰ
2790 4314 2988 4381 μικρῶν
3042 4326 3191 4358 τινων
3244 4304 3463 4379 θλίψεων
3497 4312 3589 4359 xui
3635 4310 3866 4379 μετρίας

2237 4404 2329 4457 τῆς
2382 4399 2675 4467 κακουχίας
2729 4394 2941 4447 αἰωνίαν
3001 4395 3245 4468 εὑρέσθαι
3293 4393 3588 4451 ἀνάπαυσιν
3641 4392 3690 4449 ἐν
3735 4403 3866 4459 τοῖς

2237 4485 2472 4560 οὐρανοῖς
2546 4486 2734 4558 χάριτι
2792 4488 2884 4535 καὶ
2945 4483 3301 4558 φιλανθρωπίᾳ
3360 4492 3453 4536 τοῦ
3508 4488 3705 4557 Κυρίου
3753 4490 3863 4538 καὶ

2238 4581 2372 4627 Θεοῦ
2425 4578 2515 4625 καὶ
2564 4579 2797 4648 Σωτῆρος
2849 4573 2997 4646 ἡμῶν
3050 4571 3228 4630 Ἰησοῦ
3290 4578 3561 4647 Χριστοῦ’
3613 4572 3752 4644 αὐτῷ
3812 4575 3856 4633 ἡ

2238 4660 2371 4727 δόξα
2398 4666 2491 4715 σὺν
2518 4671 2588 4735 τῷ
2649 4659 2864 4736 ἀνάρχῳ
2919 4660 3080 4714 αὐτοῦ
3138 4666 3307 4738 Πατρὶ
3334 4666 3425 4714 καὶ
3477 4668 3550 4733 τῷ
3602 4665 3860 4735 παναγίῳ

2236 4758 2325 4806 xui
2377 4751 2582 4813 ἀληθῶς
2622 4750 2861 4822 ζωοποιῷ
2906 4754 3168 4823 Πνεῦματι
3200 4759 3289 4804 νῦν
3323 4756 3413 4803 καί
3466 4751 3566 4820 ἀεὶ,
3618 4756 3709 4805 καὶ
3770 4750 3862 4815 εἰς

2235 4846 2358 4902 τοὺς
2376 4841 2565 4900 αἰῶνας
2588 4848 2688 4911 τῷν
2723 4839 2941 4911 αἰῳνων.
2978 4840 3163 4914 Ἀμήν.

2966 4962 3039 5019 Ε’.

2239 5091 2323 5153 Εἰς
2400 5095 2493 5149 τὴν
2551 5090 2713 5145 θεόσω
2759 5109 2811 5142 ον
2892 5091 3058 5162 ταφὴν
3106 5095 3196 5142 τοῦ
3254 5093 3452 5165 Κυρίου
3526 5093 3616 5145 καὶ
3671 5095 3859 5151 Σωτῆ-

2313 5182 2396 5214 οος
2460 5165 2605 5214 ἡμῶν
2693 5110 2869 5214 ’ἤσοῦ
2940 5168 3179 5214 Χριστοῦ
3252 5162 3301 5214 ἓν
3389 5168 3449 5214 τῆ
3517 5162 3691 5214 ἡμέρα
3752 5172 3854 5214 τοῦ

2310 5182 2396 5236 ρος
2460 5165 2605 5237 ημῶν
2663 5162 2869 5237 ΔῚησοῦ
2940 5168 3179 5234 Χριστοῦ
3252 5162 3342 5215 ἐν’
3389 5168 3449 5234 τῇ
3517 5162 3691 5237 ἡμέρᾳ
3752 5172 3854 5217 τοῦ

2313 5230 2552 5306 Μεγάλου
2581 5230 2869 5289 Σαϐϐάτου.

1195 5410 1423 5477 (Exstat
1445 5410 1598 5468 inter
1634 5409 1917 5466 homilias
1941 5413 2220 5470 Germani
2246 5416 2291 5484 1,
2318 5411 2669 5485 Patrologite
2694 5415 2844 5470 tom.
2880 5410 3109 5480 XCVIII,
3134 5410 3252 5469 col.
3283 5411 3434 5484 243).

538 5570 563 5605 ο
593 5565 749 5625 Psal.
773 5582 895 5640 xvi,
930 5572 1016 5624 ts.
1043 5570 1091 5605 ⁸⁸
1120 5569 1323 5633 Matth.
1345 5586 1444 5628 vu.
1480 5573 1566 5629 14.
