4132 6380
579 234 685 300 679

582 365 825 425 Galilaaae
844 368 1116 425 versetur
1143 363 1404 438 (Galilaea
1429 369 1654 439 autem,
1681 363 1739 421 vi
1759 363 1920 421 vocis
1951 363 2239 437 spectata,

580 455 873 513 humilem
899 455 1100 513 locum
1138 453 1481 527 signiﬁcat),
1512 459 1712 528 atque,
1747 458 1808 511 ut
1833 453 2108 511 humana
2132 450 2244 508 fert

583 544 868 614 conditio,
899 544 1036 603 vitae
1066 544 1250 617 hujus
1274 542 1494 601 vallem
1523 541 1925 618 perambulet,
1956 540 2068 598 etsi
2094 555 2240 614 pau-

581 649 724 707 pere
747 633 903 692 fabri
931 638 1085 692 tecto
1113 633 1176 690 in
1204 634 1495 691 Nazareth
1516 649 1582 690 se
1611 633 1933 690 contineat.

653 724 749 781 IlI.
783 724 914 790 Qua
940 722 1190 797 quidem
1236 722 1299 779 in
1349 738 1414 780 re
1442 737 1737 794 magnum
1763 725 2053 795 praeterea
2099 717 2244 776 latet

582 812 973 885 mysterium;
997 816 1056 869 et
1081 811 1246 885 quod
1272 811 1477 885 utique
1504 812 1682 869 etiam
1706 811 1769 867 in
1793 808 2110 885 proverbio
2131 811 2239 875 est,

583 916 616 959 e
644 901 832 958 domo
861 904 1085 973 praesto
1109 904 1195 957 est
1227 900 1639 959 testimonium
1666 901 1764 973 (9).
1798 903 1948 957 Nam
1977 898 2241 973 paterfa-

583 988 802 1058 milias,
826 994 885 1047 et
906 1006 1005 1047 ars
1027 989 1277 1056 fabrilis,
1304 1005 1492 1063 quam
1516 989 1645 1063 ipse
1670 992 1923 1057 exercet,
1955 1002 2239 1061 compen-

584 1077 778 1136 diario
799 1083 989 1151 totum
1019 1077 1211 1136 oculis
1241 1078 1598 1151 mysterium
1626 1076 1975 1150 subjiciunt.
2007 1078 2073 1133 Et
2093 1090 2240 1131 sane

582 1167 681 1224 vel
701 1169 829 1241 ipse
857 1184 962 1225 rex
990 1167 1178 1224 David
1214 1172 1483 1241 testatur,
1528 1168 1715 1226 Verbo
1764 1168 2009 1224 Domini
2062 1166 2240 1224 caelos

582 1258 850 1328 ﬁrmatos
900 1272 1023 1315 esse
1050 1257 1203 1329 (10);
1233 1257 1495 1314 Verbum
1546 1273 1726 1331 porro
1762 1256 2096 1313 subsistens
2126 1255 2238 1325 (11)

583 1345 844 1417 intellige
866 1350 922 1403 et
941 1346 1540 1418 supersubstantiale,
1571 1347 1679 1420 qui
1726 1362 1851 1402 non
1895 1344 2081 1401 modo
2110 1343 2240 1400 haec

583 1435 717 1492 coeli
744 1451 1035 1500 convexa,
1065 1434 1171 1491 sed
1193 1439 1251 1492 et
1298 1435 1634 1502 universas,
1684 1451 1821 1509 quae
1869 1433 1987 1491 hoc
2034 1432 2243 1490 omnia

582 1523 1087 1596 circumcingente
1113 1523 1347 1582 ambitu
1384 1525 1785 1595 continentur,
1813 1528 2118 1581 creaturas
2147 1538 2240 1578 ea-

580 1629 833 1686 rumque
855 1612 1132 1670 ordinem
1159 1613 1442 1671 ﬁrmavit.
1466 1616 1633 1671 Nunc
1654 1617 1858 1671 autem
1877 1612 1974 1670 hic
1997 1610 2244 1669 advenit

579 1702 661 1761 ad
682 1702 1021 1777 collapsum
1044 1701 1289 1759 Davidis
1308 1701 1766 1760 tabernaculum
1786 1716 1994 1758 rursus
2015 1699 2095 1756 eri
2104 1714 2242 1771 gen-

581 1792 752 1863 dum,
782 1768 861 1850 δέ
884 1790 1216 1864 jucundius
1244 1792 1355 1863 (12)
1382 1790 1865 1849 restaurandum.
1903 1768 2244 1847 Defecerant
2274 1768 2318 1824 Β

577 1882 709 1954 jam
740 1881 1045 1955 principes
1074 1896 1107 1938 e
1150 1880 1312 1938 tribu
1339 1881 1530 1947 Juda;
1589 1881 1831 1937 Davidis
1878 1895 2125 1954 quoque
2157 1894 2243 1935 re-

586 1986 777 2043 gnum
831 1969 1197 2028 dissolutum
1246 1974 1391 2039 erat,
1449 1975 1507 2028 et
1556 1969 1735 2028 simul
1788 1968 2244 2026 tabernaculum

583 2059 712 2132 ejus
745 2062 1073 2117 corruerat.
1123 2063 1229 2116 Ast
1281 2058 1461 2116 hodie
1508 2060 1573 2117 in
1603 2059 1776 2116 domo
1809 2058 2010 2115 David
2055 2073 2245 2115 cornu

582 2148 799 2206 salutis
859 2149 1110 2219 erigitur
1158 2149 1304 2220 (14);
1353 2147 1654 2221 siquidem
1699 2164 1730 2205 e
1775 2147 2002 2204 familia
2054 2146 2245 2204 David

585 2250 761 2293 suam
792 2235 1089 2308 Iosephus
1113 2235 1279 2291 ducit
1320 2234 1641 2307 originem.
1681 2236 1877 2292 Cornu
1906 2240 2108 2292 autem
2139 2250 2244 2291 no-

583 2328 718 2382 stra;
748 2324 955 2381 salutis
987 2323 1374 2391 estChristus,
1394 2324 1497 2397 qui
1514 2341 1654 2381 cum
1680 2329 1736 2381 et
1758 2324 1971 2382 Patris
1991 2324 2244 2381 dilectus

583 2417 659 2472 sit
690 2415 883 2471 Filius
914 2415 1052 2485 (15),
1107 2412 1269 2470 ﬁlius
1328 2414 1715 2470 unicornium
1761 2414 2100 2487 appellatus
2132 2417 2241 2480 est,

583 2506 832 2561 canente
844 2501 1150 2559 Psalmista
1178 2521 1192 2558 :
1227 2505 1294 2558 Et
1307 2503 1561 2560 dilectus
1572 2503 2066 2575 quemadmodum
2077 2502 2243 2572 ﬁlius

582 2592 1005 2663 unicornium(
1020 2591 1122 2663 16).
1142 2594 1292 2647 Nam
1314 2591 1441 2664 ipse
1462 2596 1520 2648 et
1542 2592 1605 2647 in
1653 2591 1826 2648 caelis
1867 2596 1932 2648 ut
1974 2590 2242 2662 unigeni-

582 2685 679 2739 tus
718 2696 791 2737 ex
830 2679 960 2737 solo
990 2682 1156 2737 Patre
1198 2684 1376 2736 natus
1406 2679 1647 2748 effulsit,
1680 2684 1737 2736 et
1763 2680 1823 2737 in
1856 2680 2026 2737 terris
2048 2696 2080 2736 e
2112 2679 2243 2738 sola

583 2774 774 2827 matre
801 2774 969 2826 ortus
998 2773 1087 2825 est
1124 2769 1185 2825 in
1213 2772 1505 2842 tempore,
1543 2769 1693 2841 ipse,
1752 2768 2026 2842 inquam,
2052 2769 2156 2842 qui
2186 2774 2245 2826 et

581 2860 940 2930 exspectatio
966 2860 1234 2930 gentium
1261 2859 1376 2929 (17)
1407 2863 1656 2916 vocatus
1684 2858 1813 2915 fuit.
1869 2861 1989 2915 Hoc
2040 2859 2240 2931 itaque

582 2945 1040 3005 tabernaculum
1063 2961 1274 3002 rursus
1306 2945 1584 3016 aediﬁcat,
1617 2951 1900 3004 aeternam
1935 2963 2110 3003 suam
2139 2963 2237 3019 1p-

582 3036 708 3092 sius
721 3035 1002 3093 deitatem
1022 3034 1360 3109 quamdam
1385 3035 1563 3091 veluti
1579 3034 1777 3091 basim
1799 3051 1869 3092 ac
1888 3035 2242 3091 fundamen-

583 3129 712 3182 tum
732 3124 1161 3180 inconcussum
1193 3138 1567 3196 supponens,
1600 3127 1659 3179 et
1687 3139 1870 3197 super
1904 3124 2065 3180 hanc
2093 3123 2240 3181 illud

2351 3138 2488 3199 τίζει
2551 3143 2646 3196 τήν
2702 3137 2975 3211 βασιλείαν

585 3218 888 3269 exstruens
902 3211 1423 3285 acﬁrmans,quod
1442 3213 1689 3284 (sancto)
1718 3212 1933 3285 Spiritu
1960 3217 2243 3286 operante

585 3300 942 3375 assumpsit.
979 3304 1043 3358 Et
1059 3300 1175 3358 hac
1217 3300 1464 3374 quidem
1499 3302 1730 3358 ratione
1760 3317 2013 3374 regnum
2044 3302 2248 3364 statuit

590 3390 1023 3463 sempiternum
1048 3407 1063 3446 :
1085 3406 1232 3447 nam
1261 3392 1436 3461 regni
1459 3392 1587 3462 ejus
1607 3406 1725 3448 non
1745 3391 1855 3449 erit
1880 3393 2019 3462 ﬁnis
2044 3392 2175 3462 (18.)

656 3481 744 3536 1V.
777 3482 913 3537 Haec
947 3484 1005 3536 et
1052 3495 1161 3552 per
1187 3476 1513 3552 prophetas
1543 3481 1835 3553 praedicta
1886 3486 2042 3538 sunt.
2098 3482 2246 3537 Cum

586 3571 745 3628 enim
773 3569 888 3627 ista
916 3574 973 3626 et
998 3569 1096 3627 ille
1145 3569 1543 3643 polliceretur,
1596 3570 1701 3644 qui
1755 3571 1959 3628 fallere
2005 3570 2244 3627 nescius

585 3663 713 3717 est:
749 3662 878 3716 Post
907 3659 1054 3730 haec,
1084 3660 1301 3730 inquit,
1334 3666 1627 3726 revertar,
1662 3666 1716 3716 et
1761 3660 2132 3731 resedi/imae
2160 3666 2244 3717 ta-

587 3748 978 3808 bernaculum
1005 3748 1222 3820 David,
1286 3749 1446 3820 quod
1470 3749 1711 3815 decidit,
1771 3756 1826 3807 et
1872 3751 2078 3807 diruta
2114 3752 2244 3819 eius

584 3838 979 3909 reaediﬁcabo,
1010 3844 1065 3894 et
1093 3840 1322 3908 erigam
1351 3827 1530 3909 illud,
1561 3843 1628 3894 ut
1678 3841 1997 3911 requirant
2047 3840 2247 3897 exteri

585 3927 888 3985 hominum
918 3927 1266 3995 Dominum,
1294 3931 1349 3983 et
1375 3941 1571 3983 omnes
1604 3931 1826 3997 gentes,
1881 3943 2064 3999 super
2092 3942 2242 4000 quas

582 4015 932 4072 invocatum
965 4018 1050 4070 est
1078 4028 1291 4070 nomen
1320 4027 1516 4069 meum
1575 4028 1759 4083 super
1812 4030 1905 4071 eos
1950 4016 2089 4088 (19).
2141 4015 2240 4071 Hic

585 4118 765 4176 porro
789 4107 848 4159 et
864 4105 1161 4174 tanquam
1190 4102 1347 4171 lapis
1374 4102 1688 4172 angularis
1710 4106 1820 4173 (20)
1841 4103 2078 4160 Iudaeos
2099 4119 2236 4159 cum

585 4191 868 4263 gentibus
887 4190 1019 4263 conj
1031 4189 1229 4261 ungit;
1257 4206 1327 4247 ac
1348 4206 1551 4262 pacem
1581 4207 1642 4249 se
1668 4194 2038 4250 annuntz‘are
2053 4194 2239 4264 proﬁ-

587 4348 1035 4423 splendoribus,
1054 4349 1235 4406 etiam
1251 4354 1578 4423 antequam
1612 4350 1690 4407 ab
1720 4350 1938 4422 angelo
1957 4351 2240 4408 salutare-

586 4420 704 4495 tur,
749 4420 1030 4495 enitebat,
1059 4427 1127 4476 ut
1154 4421 1383 4495 angelis
1408 4420 1790 4495 Eminentior,
1814 4420 2103 4493 sanctior,
2131 4439 2241 4495 pu-

585 4491 728 4558 rior,
758 4491 1064 4618 ﬁulchrior
1087 4491 1475 4565 praedicanda
1500 4493 1668 4549 foret.

660 4564 736 4618 (9)
811 4562 932 4618 aud
961 4564 1173 4618 eodem
1198 4564 1376 4618 plane
1413 4580 1619 4618 sensu.

660 4564 736 4634 (9)
762 4562 933 4636 Haud
961 4562 1173 4636 eodem
1198 4564 1376 4636 plane
1413 4580 1619 4632 sensu,
1679 4564 1761 4619 uti
1789 4568 1973 4636 patet,
2024 4568 2243 4621 Auctor

586 4634 1171 4709 usurpatadagium,
1224 4634 1309 4709 ἀφ’
1339 4635 1514 4698 ἑστίας
1560 4636 1586 4687 ὁ
1625 4634 1844 4709 μάρτυς,
1894 4651 1964 4691 ac
2013 4642 2242 4692 veteres

589 4654 1171 4706 usurpatauaglum,
1224 4656 1291 4709 αφ
1339 4654 1514 4698 εστιας
1560 4655 1586 4687 ο
1625 4654 1844 4759 μαξτυς,
1894 4654 1964 4691 ac
2013 4654 2241 4692 veteres

589 4706 772 4786 Graeci
814 4705 1011 4788 dicere
1058 4712 1520 4788 consueverunt,
1576 4710 1686 4788 οἶκο
1726 4725 1773 4788 εν
1804 4709 1829 4759 ό
1867 4709 2088 4788 μάρτυς.
2123 4710 2241 4763 Hoc

588 4777 751 4832 enim
778 4782 1156 4851 postremum
1176 4779 1236 4851 in
1265 4777 1776 4851 testemquadrat,
1801 4777 1916 4851 cui,
1936 4777 2242 4851 tanquam

587 4848 886 4921 suspecto,
906 4850 1012 4921 vix
1041 4848 1164 4906 ulla
1203 4848 1355 4904 ﬁdes
1396 4848 1605 4921 haberi
1652 4848 1878 4921 possit:
1931 4849 1994 4904 id
2040 4848 2242 4921 autem

585 4920 1129 5001 prorsusalienum
1160 4924 1249 4974 est
1277 4935 1334 5001 Δξι
1362 4934 1547 5001 scopo
1572 4920 1882 5001 Germani.
1906 4920 2241 5001 P_utayerim

585 4990 807 5064 itaque,
837 4998 1037 5048 testem
1064 4990 1568 5064 domesticumhic
1594 4990 1886 5063 appellari
1930 4990 2237 5060 Davidem,

587 5078 620 5118 e
644 5061 816 5134 cujus
846 5063 1132 5134 progenie
1162 5066 1372 5134 sancta
1405 5061 1577 5133 Virgo
1604 5061 1810 5134 exorta
1834 5065 1940 5117 est.
1973 5065 2243 5120 Testatur

587 5131 791 5206 autem
821 5131 1029 5200 David,
1061 5134 1122 5189 in
1153 5131 1348 5188 fabrili
1373 5131 1523 5206 arte
1542 5132 1783 5206 Josephi
1812 5138 2081 5206 prostare
2114 5150 2243 5206 my-

589 5203 751 5276 sterii
771 5209 1011 5276 typum,
1040 5207 1340 5276 quatenus
1371 5203 1469 5260 Dei
1498 5203 1772 5276 Verbum
1788 5203 2027 5276 exhibet
2062 5203 2243 5262 veluti

585 5273 769 5348 bujus
790 5273 1388 5348 universi'artiﬁcem,
1416 5274 1518 5347 qui
1540 5274 1679 5330 dein
1703 5274 1782 5330 ad
1802 5275 2139 5348 collapsum
2160 5281 2242 5334 ta-

584 5343 984 5402 bernaculum
1003 5343 1470 5402 restaurandum
1500 5361 1753 5402 manum
1782 5343 2083 5406 admo‘vet.

659 5416 953 5540 (21t0)Psal.
983 5433 1165 5485 xxx",
1227 5422 1278 5475 6.
1323 5416 1505 5475 Verbo
1538 5418 1781 5474 Domini
1833 5420 1969 5475 σιειί
2014 5420 2245 5489 ﬁrmati

587 5499 747 5542 sunt.

661 5558 774 5634 (11)
797 5558 1080 5630 Ἐνούσιος,
1126 5560 1223 5617 cui
1265 5559 1591 5635 opponitur
1635 5559 1786 5633 λόγος
1832 5565 2148 5636 προφορικός
2187 5566 2245 5623 et

1741 224 2056 296 GERMANI
2081 226 2127 291 ll
2157 222 2269 294 GP.
2300 225 2766 304 PATBIABCHE

3846 248 3957 308 680

2351 361 2521 436 λαίας,
2555 368 2624 431 εἰς
2678 370 3067 432 κατακυλιστήν
3112 369 3173 425 δέ
3224 371 3254 432 ἡ
3307 370 3559 426 Γαλιλαία
3612 353 3958 446 μιταγλωττί

2355 452 2520 521 ζει-αι,
2552 462 2642 512 καὶ
2680 465 2776 520 τὴν
2804 468 2894 515 τοῦ
2935 460 3061 535 βίου
3110 457 3340 515 κοιλάδα
3397 470 3536 535 πατῇ
3600 464 3957 538 ἁνθρωποπρε-

2352 552 2485 609 πῶς,
2517 548 2611 600 κοῖν
2642 552 2726 603 ἐπὶ
2764 557 2827 610 τῆ
2840 571 2861 614 ς
2894 551 3139 627 Ναζαρέτ
3191 559 3263 624 τῷ
3313 558 3550 627 πενιχρῷ
3581 558 3674 605 τοῦ
3731 556 3957 615 τέκτονος

2353 634 2686 707 ουγκλείηται
2726 640 2996 715 οἰκήματι.

2423 722 2492 781 Γ.
2524 729 2611 782 Ἐν
2642 726 2681 801 ᾧ
2735 726 2802 790 δή
2867 736 2958 784 καὶ
3013 734 3072 785 τὸ
3128 733 3265 805 μέγα
3316 736 3603 805 μυστήριον
3653 729 3958 804 ἐνθαλαμεύ-

2351 832 2460 889 εται
2498 837 2511 850 -
2548 823 2638 871 καὶ
2696 818 2781 893 ἀφ’
2821 824 2999 884 ἑστίας
3028 822 3053 874 6
3105 823 3327 897 μάρτυς,
3371 824 3396 875 6
3446 817 3620 881 δήπου
3673 826 3766 875 καὶ
3815 821 3953 895 λέγε-

2350 922 2457 960 ται.
2521 914 2585 960 Ὀ
2647 911 2746 984 γὰρ
2816 907 3195 974 οἰκοδεσπότης
3250 914 3430 964 καὶτὸ
3486 914 3675 964 τούτου
3714 913 3957 985 τεχνούρ-

2349 1013 2498 1070 γημα
2550 1000 2606 1050 τὸ
2672 1006 2773 1052 πᾶν
2828 1002 2879 1053 ἓν
2941 1000 3096 1074 ὀλίγῳ
3158 997 3439 1075 διαγράφει
3496 1006 3819 1075 μυστήριον.
3875 1008 3952 1071 Τῷ

2348 1082 2483 1157 λόγῳ
2539 1091 2629 1159 μέν
2694 1088 2781 1142 οὖν
2850 1094 3046 1164 Κυρίου
3111 1088 3458 1166 ἐστερεῶσθαι
3508 1093 3630 1166 τους
3684 1089 3952 1159 οὐρανούς,

2350 1178 2440 1228 καὶ
2465 1175 2491 1227 6
2551 1175 2799 1250 βασιλεὺς
2837 1175 3006 1232 Δαυῑδ
3055 1185 3313 1255 μαρτυρεῖ
3339 1200 3351 1213 ·
3385 1181 3411 1232 6
3453 1175 3513 1232 δέ
3553 1178 3702 1252 λόγος
3732 1177 3954 1240 ένούσιος

2350 1269 2441 1317 καὶ
2465 1266 2790 1341 ὑπιρούσιος·
2829 1273 2919 1322 καὶ
2962 1268 3021 1321 οὐ
3077 1271 3165 1322 τὸν
3204 1273 3387 1343 (ᾔοοφον
3444 1276 3624 1323 τοῦτον
3678 1271 3953 1344 ἐστερέωσέ

2350 1358 2524 1428 μόνον,
2559 1355 2687 1409 ἀλλὰ
2733 1363 2823 1410 καὶ
2869 1363 3044 1410 πᾶσαν
3073 1363 3167 1417 τήν
3221 1358 3363 1419 ἐντός
3420 1367 3515 1421 τῆς
3571 1376 3952 1429 παντοστεγους

2355 1449 2578 1518 σφαίρας
2623 1443 3116 1521 ἔμπεριειλημμένην
3170 1449 3429 1500 σύστασίν
3471 1466 3525 1500 τε
3579 1451 3671 1500 καὶ
3741 1450 3951 1523 σύγκρι-

2353 1551 2456 1588 σιν.
2514 1532 2663 1587 "Hm
2701 1532 2761 1588 δί
2802 1543 2890 1588 νῦν
2921 1540 3015 1595 τήν
3061 1545 3393 1590 πεπτωκυῖαν
3451 1543 3543 1589 τοῦ
3600 1532 3772 1590 Δαυῑδ
3836 1556 3954 1595 σκη-

2351 1625 2442 1680 νήν
2545 1622 2871 1696 ἀναστήτων,
2933 1630 3023 1678 καὶ
3121 1624 3421 1678 ἀνανεώσων
3515 1624 3951 1698 ἓπιτερπέστιρον.

2353 1710 2739 1767 Ἐκλελοίπασιν
2792 1717 2843 1768 οἱ
2906 1713 2963 1767 ἐκ
3027 1723 3121 1778 τῆς
3187 1710 3369 1769 Ἰούδα
3428 1714 3592 1788 φυλῆς
3656 1717 3951 1789 ἄρχοντες.

2354 1797 2756 1856 συνδια)ι’λυται
2785 1808 2874 1856 καὶ
2917 1806 2947 1863 ἠ
3009 1802 3258 1878 βασιλεία
3307 1800 3497 1872 Δαυῐδ,
3564 1806 3708 1862 καὶὴ
3764 1807 3952 1857 τούτου

2355 1896 2521 1949 σκηνή
2580 1898 2986 1966 κατηρείπωται.
3041 1893 3323 1968 Ἐγείρεται
3377 1891 3436 1947 δὲ
3492 1897 3647 1969 κέρας
3695 1898 3953 1968 σωτηρίας

2357 1983 2583 2054 σήμερον
2620 1980 2670 2033 ἐν
2713 1982 2840 2054 οἰκῳ
2868 1978 3057 2052 Δαυίδ,
3107 1986 3273 2036 circus
3326 1989 3419 2035 τοῦ
3475 1984 3533 2035 ὶκ
3570 1981 3734 2055 φυλῆς
3796 1978 3955 2036 Δαυῑδ

2352 2058 2819 2142 γενεαλογουμένου
2880 2071 3093 2144 Ἰωσήφ.
3160 2075 3327 2145 Κέρας
3384 2067 3444 2124 δὶ
3498 2076 3759 2147 σωτηρίας
3815 2073 3952 2144 ἡμῶν

2355 2158 2381 2210 6
2411 2162 2663 2233 Χριστὸς,
2718 2159 2768 2221 ὃς
2823 2164 2912 2213 καὶ
2976 2162 3311 2233 ἡγαπημένος
3347 2160 3415 2212 ὢν
3452 2159 3571 2223 Υἱὸς
3608 2167 3702 2213 τοῦ
3728 2163 3948 2235 Πατρός,

2354 2248 2467 2310 υἱός
2530 2255 2893 2322 μονοκιρὼτων
2969 2252 3273 2322 ὠνόμασται
3359 2253 3450 2302 καὶ
3515 2250 3542 2301 6
3598 2252 3950 2324 ὴγαπημένος,

2352 2332 2573 2407 ᾄδοντος
2636 2338 2729 2389 τοῦ
2793 2336 3026 2411 ψαλμοῦ,
3086 2341 3151 2399 ὡς
3207 2337 3319 2401 υἱός
3409 2343 3798 2414 μονοκερώτων.
3861 2340 3955 2391 Καὶ

2352 2427 2457 2478 οἷνω
2520 2428 2622 2500 γάρ
2687 2435 2968 2499 μονογενῶς
3064 2425 3119 2479 ἐκ
3219 2430 3378 2500 μόνου
3440 2426 3806 2502 προεξηύγασε
3867 2432 3951 2478 τοῦ

2353 2517 2579 2589 Πατρός,
2624 2520 2711 2569 καὶ
2776 2515 2919 2569 κάτω
2973 2518 3284 2592 προσφάτως
3312 2517 3339 2568 6
3370 2516 3526 2580 αὐτὸς
3555 2514 3610 2578 ἐκ
3648 2520 3813 2589 μόνης
3858 2534 3953 2588 μη-

2351 2608 2472 2678 τρὸς
2580 2603 2934 2659 ἀνατέταλκεν·
3004 2607 3030 2659 6
3096 2606 3251 2669 αὐτὸς
3318 2604 3378 2660 δὲ
3476 2611 3566 2659 καὶ
3653 2602 3954 2681 προσδοκία

2351 2692 2505 2747 ἐθνῶν
2559 2699 2964 2769 προηγόριῦται.
3034 2691 3393 2769 Ἀνοικοδομεί
3433 2699 3602 2748 τοίνυν
3664 2699 3761 2753 τήν
3831 2714 3954 2752 σκη-

2350 2787 2441 2841 νήν
2496 2786 2713 2854 ταύτην,
2761 2785 2869 2837 οἷόν
2933 2804 3050 2838 τινα
3103 2782 3264 2857 βάσιν
3321 2786 3407 2836 καὶ
3443 2781 3680 2855 θέμεθλον
3747 2781 3950 2858 ἀρραγῆ

2349 2875 2444 2930 τὴν
2483 2870 2669 2925 ἑαυτοῦ
2728 2869 2901 2926 ἀίδιον
2960 2872 3269 2936 ὑποστήσας
3316 2875 3534 2930 θεότητα
3582 2893 3596 2906 ο
3656 2876 3752 2924 καὶ
3790 2874 3951 2942 ταύτῃ

2352 2947 2778 3033 ἐποικοδομήσας
2830 2965 2919 3013 καὶ
2980 2958 3325 3036 ἐπιστηρίξας
3384 2963 3444 3013 τό
3504 2958 3836 3034 πρόσλημμα
3892 2965 3949 3029 τῇ

2353 3046 2721 3123 ἁρχιτικτονίᾳ
2764 3056 2858 3102 τοῦ
2934 3053 3232 3124 Πνεύματος
3288 3049 3413 3117 (l3),
3471 3049 3632 3110 οὕτως
3686 3048 3953 3101 ἀπαθανα-

3034 3160 3047 3173 ο
3105 3148 3203 3201 τῆς
3263 3141 3366 3212 γὰρ
3435 3137 3707 3212 βασιλείας
3793 3136 3953 3188 αὑτοῦ

2353 3226 2449 3279 οὐκ
2479 3229 2626 3280 ἐσται
2646 3227 2809 3289 τέλος.

2428 3476 2494 3534 Δ’.
2526 3484 2706 3531 Ταῦτα
2763 3482 2853 3531 καὶ
2911 3472 3006 3531 διὰ
3059 3485 3155 3531 τῶν
3207 3484 3485 3551 προφητῶν
3550 3472 3949 3551 προλελοὶλήται.

2359 3572 2459 3620 Καὶ
2506 3568 2532 3619 6
2600 3564 3042 3640 ἁπαγγειλάμενος
3095 3563 3333 3638 ἀψευδής
3366 3587 3379 3599 ·
3411 3567 3557 3619 Μετά
3603 3572 3778 3617 ταῦτα
3831 3564 3949 3637 γάρ,

2356 3660 2536 3728 φησίν,
2603 3655 2936 3730 ἀναστρέψω,
3028 3660 3118 3709 καὶ
3191 3650 3590 3727 ἀνοικοδομήσω
3671 3658 3772 3712 τήν
3835 3671 3954 3709 σκη-

2351 3750 2443 3805 νήν
2510 3742 2676 3798 Δαυῑδ
2757 3749 2851 3803 τήν
2946 3751 3298 3815 πεπτωκυῖαν,
3387 3747 3479 3795 καὶ
3549 3745 3957 3816 κατεσκαμμένα

2352 3837 2517 3897 αὐτῆς
2636 3831 3059 3907 ἀνοικοδομήσω,
3173 3838 3263 3886 καὶ
3371 3833 3654 3907 ᾶνορθὼσω
3779 3831 3954 3899 αὐτὴν,

2352 3924 2491 3985 ὃπως
2555 3924 2616 3976 οἷν
2716 3921 3078 3984 ἐκζητήσωσιν
3145 3927 3193 3975 oi
3257 3920 3563 3975 κατάλοιποι
3628 3928 3739 3973 τῶν
3773 3919 3959 3993 ἀνθρὼ-

2350 4033 2459 4066 πων
2552 4015 2637 4064 τόν
2706 4015 2915 4087 Κύριον,
3010 4016 3101 4064 καὶ
3165 4012 3336 4064 πάντα
3399 4011 3467 4062 τὰ
3521 4012 3660 4081 ἔθνη,
3741 4010 3818 4082 ἐφ’
3880 4012 3961 4069 οὺς

2351 4101 2686 4161 ἐπικέκληται
2768 4105 2827 4154 τὸ
2894 4101 3054 4153 ὄνοποὲ
3118 4120 3219 4174 μου
3288 4098 3367 4152 ἐπ’
3431 4100 3634 4159 αὐτούς.
3706 4098 3964 4153 Ἐνταῦθα

2352 4187 2412 4243 δὲ
2475 4194 2566 4243 καὶ
2621 4194 2687 4252 ὡς
2744 4188 3115 4266 ἀκρογωνιαῖος
3149 4187 3292 4251 λίθος
3348 4183 3643 4249 Ἰουδαίους
3712 4189 3963 4241 συνὰπτει

2350 4348 2617 4423 ἀνούσιος.
2648 4352 2730 4406 Ea
2751 4349 2824 4406 de
2847 4365 2907 4405 re
2935 4347 3186 4423 Cyrillus
3212 4347 3339 4420 (lib.
3359 4364 3397 4403 v
3418 4349 3482 4423 in
3499 4348 3880 4423 Joan_.._cap.
3912 4360 3960 4411 v,

2350 4438 2408 4477 v.
2440 4422 2572 4488 29):
2609 4423 2721 4478 Ούκ
2775 4424 2914 4473 ἔστιν
2974 4415 3350 4487 ἆνυπὸστατος,
3406 4420 3578 4543 ὧσπεὲ
3634 4415 3961 4507 ἀνθρώπινος

2350 4492 2497 4543 λόγος
2559 4492 2664 4543 ἀλλ’
2711 4491 2937 4543 ἐνούσιός
2982 4511 3036 4543 τε
3092 4512 3182 4543 και
3234 4495 3332 4543 ζῶν
3392 4492 3461 4543 ὡς
3519 4490 3536 4541 ἰ
3580 4493 3660 4540 ίαν
3721 4510 3865 4543 εγων
3919 4491 3961 4539 ἐν

2350 4492 2497 4564 λόγος
2559 4492 2664 4544 ἀλλ’
2711 4491 2937 4554 ἐνούσιός
2982 4511 3036 4545 τε
3092 4512 3182 4564 και
3234 4495 3332 4564 ζῶν
3392 4492 3491 4564 ὡςᾼ
3519 4490 3660 4543 ἰδίαν
3721 4490 3881 4564 ἔχων-
3919 4491 3962 4564 ἐν

2352 4559 2523 4637 Πατρὶ
2543 4583 2633 4616 και
2654 4567 2784 4638 μετὰ
2811 4568 3013 4638 Πατρός
3034 4567 3128 4622 τὴν
3159 4561 3399 4638 ᾇπαρξινο
3419 4561 3559 4638 Non
3580 4559 3759 4638 caret
3777 4559 3965 4638 subsi-

2350 4633 2590 4705 stentia,
2606 4633 2669 4691 ut
2689 4633 3019 4691 humanum
3050 4633 3431 4702 verbum,sed
3449 4633 3698 4705 subsiste
3710 4649 3783 4688 ns
3800 4637 3883 4688 est
3900 4644 3962 4686 ac

2352 4704 2653 4775 vivens,ut
2675 4710 2779 4779 qui
2798 4710 3108 4777 propriam
3130 4707 3193 4761 in
3215 4706 3400 4762 Patre
3422 4709 3633 4761 etcum
3655 4704 3848 4761 Patre
3870 4716 3958 4759 ar-

2351 4780 2681 4836 sistentiam
2713 4779 2908 4835 habet.

2419 4849 2693 4922 (12)Nisi
2741 4850 3029 4922 forteqpro
3086 4846 3506 4922 ἐπιτερπέστερον
3553 4842 3955 4922 (iucundius),

2352 4915 2678 4992 legendum
2748 4920 2822 4995 sit
2896 4915 3326 4995 ἐξτιπρεπέστέρον
3403 4915 3959 4990 (magniﬁcentius).

2350 4990 2529 5066 prout
2553 5008 2647 5066 res
2670 4990 2850 5066 malle
2876 4990 3136 5066 videtur.

2423 5064 2538 5135 (13)
2570 5062 2711 5119 Cod.
2737 5062 3108 5135 particulam,
3126 5065 3217 5114 καὶ
3243 5060 3338 5118 bis
3369 5058 3600 5133 repetit.

2420 5137 2537 5206 (14)
2571 5136 2706 5190 Luc.
2731 5151 2769 5197 1,
2789 5139 2877 5190 69.

2423 5205 2537 5274 (15)
2565 5207 2709 5261 Luc.
2737 5221 2819 5273 ιιι,
2851 5209 2940 5262 22.

2423 5275 2537 5419 (16;
2568 5276 2722 5332 Psal.
2748 5292 2951 5332 XXVIII.
2986 5280 3039 5332 6.

2423 5353 2509 5419 (17
2568 5349 2712 5405 Gen.
2740 5363 2897 5415 XLIX,
2928 5348 3011 5402 10.

2421 5348 2535 5419 (17)
2568 5349 2712 5405 Gen.
2740 5363 2897 5415 XLIX,
2928 5348 3011 5402 10.

2423 5423 2537 5487 (18)
2568 5422 2706 5477 Luc.
2735 5436 2776 5487 1,
2800 5423 2887 5475 33.

2448 5491 2537 5563 19)
2564 5495 2693 5548 Act.
2731 5496 2943 5557 xv,15,
2982 5494 3043 5546 16
3073 5491 3692 5563 exAmosnx,11,1_2.

2448 5495 2537 5563 19)
2564 5495 2693 5548 Act.
2731 5496 2943 5557 xv,15,
2982 5495 3043 5546 16
3073 5506 3147 5546 ex
3166 5495 3349 5546 Amos
3378 5505 3457 5557 ιχ,
3489 5495 3573 5559 11,
3611 5495 3692 5543 12.

2424 5495 2538 5635 (20)
2570 5564 2683 5621 Isa.
2714 5577 2912 5634 xxvm,
2948 5566 3050 5620 16:
3082 5562 3232 5637 Eph.
3263 5576 3324 5630 ιι,
3356 5563 3463 5621 20:
3501 5564 3523 5618 1
3551 5561 3707 5618 Petr.
3735 5573 3797 5627 ιι,
3829 5561 3883 5614 6.
