4132 6408
290 319 394 383 681

1449 303 1498 378 it
1558 305 2179 381 ANNU'NTImONEM
2216 307 2283 378 Β.
2330 309 2600 381 usum.

3569 317 3673 385 682

290 444 408 511 τοῖς
450 447 641 514 ῖθνεσι,
690 416 780 501 καὶ
833 446 946 509 τοῖς
987 445 1190 521 μαρκὰν
1244 448 1335 500 καὶ
1386 452 1496 511 τοῖς
1546 444 1700 522 ἐγγύς
1753 442 1906 520 ιπαγ-

2038 449 2179 504 ‘etur
2203 450 2330 504 tum
2343 445 2417 504 iis
2433 447 2540 520 qui
2562 447 2738 520 longe
2759 444 2884 505 tum
2906 442 2978 505 iis
3015 442 3122 521 qui
3139 459 3330 519 prope
3343 451 3483 507 sunt
3504 447 3584 524 (2|
3600 452 3642 522 ')
3653 496 3671 524 ,

282 535 520 612 γίλλεται
611 535 817 611 εἰρήνην
902 534 1333 610 εὐαγγελίζεσθαι
1399 556 1413 572 ·
1483 541 1574 592 καὶ
1634 536 1694 591 ού
1752 541 1905 611 μόνον

286 610 375 682 ἐπὶ
413 610 599 704 θρόνου
655 610 843 697 ΔαυίὸΔ
884 633 980 681 τοῦ
1040 630 1241 703 πατρὸς
1302 626 1464 681 αύτοῦ
1526 629 1665 682 κατὰ
1731 629 1907 703 σάρκα

286 713 609 792 ἔνιδρύεται,
638 715 767 770 ἄλλά
812 719 904 770 καὶ
955 714 1227 791 βασιλεύει
1255 717 1281 770 ὀ
1334 720 1464 780 Θεὸς
1511 717 1598 771 ἐπὶ
1629 718 1697 771 τὰ
1761 718 1903 776 ἔθνη.

290 810 427 861 Πότε
493 802 575 874 δε,
645 804 704 860 τὸ
783 803 1097 880 ἐπαγόμενον
1172 814 1265 868 τῆς
1337 810 1650 883 προφητείας
1726 801 1902 864 δηλοῖ.

291 899 470 951 Εἰπὼν
516 896 622 970 γὰρ
676 915 692 931 σ
739 893 800 948 'O
853 897 982 957 Θεὸς
1072 893 1401 949 ἐϐασίλευσεν
1481 894 1565 949 ἐπὶ
1620 896 1684 950 τὰ
1763 896 1906 965 ἔθνη,

292 983 553 1059 ἐπήγαγεν
635 1004 650 1018 ·
720 982 779 1037 ’0
841 987 971 1048 Θεὸς
1041 985 1269 1043 κάθηται
1339 982 1425 1038 ἐπὶ
1512 985 1696 1060 θρὸνου
1748 982 1904 1057 ἁγίου

301 1074 487 1132 αὐτοῦ,
550 1073 612 1127 Ὀ
644 1069 706 1127 δε
770 1071 910 1127 ἔστιν
957 1075 990 1133 ἠ
1052 1075 1327 1148 Παρθένος,
1382 1074 1503 1128 καθ’
1562 1075 1626 1135 ἣν
1681 1072 1907 1150 ὶνθρονια

309 1166 450 1225 σθεὶς
495 1158 588 1217 διὰ
613 1169 708 1227 τῆς
739 1160 794 1228 ἕξ
853 1162 1015 1225 αὐτῆς
1068 1169 1400 1238 σαρκώσεως,
1467 1171 1563 1227 τῆς
1603 1170 1706 1216 τῶν
1753 1162 1908 1217 ἐθνῶν

302 1251 645 1327 βεϐασίλευκε
721 1255 1105 1329 πανσπερμίας,
1202 1254 1414 1313 ὑπήκοα
1511 1260 1679 1308 ταῦτα
1740 1271 1908 1327 παρα·

299 1343 630 1416 στησάμενος
650 1341 838 1414 ἑαυτῷ.

369 1430 525 1485 Οὕτω
548 1433 642 1505 μέν
688 1426 776 1485 οὖν
804 1430 1067 1504 νομισθεὶς
1105 1435 1288 1506 Πατήρ
1317 1438 1411 1486 τοῦ
1461 1429 1547 1486 ἐπὶ
1600 1440 1703 1505 γῆς
1732 1431 1910 1505 ὀφθέν-

292 1539 388 1585 τος
433 1527 592 1590 Θεοῦ,
649 1524 742 1580 τὴν
801 1518 997 1595 βουλήν
1053 1523 1501 1598 προεσχημάτισε
1554 1529 1633 1594 τῷ⁹
1684 1526 1910 1598 σφετέρῳ

295 1606 683 1684 ἐπιτηδεύματι
710 1617 806 1673 τῆς
857 1615 1034 1674 κοινῆς
1085 1618 1178 1664 τοῦ
1235 1615 1419 1683 γένους
1474 1612 1618 1685 ἡμῶν
1675 1608 1915 1685 ἀμαπλά-

300 1719 459 1764 σεως.
523 1705 624 1754 Καὶ
653 1701 683 1760 ἠ
752 1701 1009 1773 Παρθενος
1036 1702 1043 1711 ’
1074 1696 1135 1754 δε
1181 1698 1468 1774 ἀξιόχρεως
1534 1696 1774 1762 διάκονος
1838 1704 1915 1763 είς

2015 549 2212 610 neque
2241 535 2436 594 solum
2458 537 2620 595 sedet
2634 538 2697 594 in
2726 536 2938 595 throno
2959 536 3159 595 David
3179 539 3376 608 patris
3396 540 3525 610 ejus
3557 543 3671 614 (22)

2015 625 2350 683 secundum
2385 641 2653 694 carnem,
2683 626 2790 684 sed
2818 626 2999 684 etiam
3028 631 3241 699 regnat
3297 630 3448 687 Deus
3491 645 3675 703 super

2014 720 2210 788 gentes
2234 715 2368 788 (23).
2399 716 2655 783 Quando
2683 721 2887 774 autem
2918 716 3066 789 (haec
3106 717 3304 775 futura
3358 718 3519 793 sint),
3564 716 3675 778 'de-

2015 803 2223 875 clarat,
2250 804 2416 878 quod
2436 807 2499 862 in
2529 806 2661 879 ipso
2690 805 2971 863 vaticinia
3000 805 3263 863 additur.
3310 808 3457 864 Cum
3509 809 3672 867 enim

2015 892 2266 951 dixisset
2288 912 2301 950 :
2317 895 2616 965 Regnavit
2627 896 2784 953 Deus
2795 910 2979 966 super
2995 900 3220 967 gentes,
3236 896 3509 968 protinus
3531 898 3674 958 sub-

2015 982 2198 1040 didit:
2220 985 2381 1041 Deus
2399 984 2559 1043 sedet
2584 1000 2767 1056 super
2796 985 2989 1043 sedem
3023 989 3293 1043 sanctam
3328 1000 3499 1044 suam
3539 987 3672 1060 (24).

2018 1072 2153 1130 Haec
2178 1078 2381 1132 autem
2402 1073 2575 1132 sedes
2599 1078 2688 1132 est
2717 1074 2914 1147 Virgo,
2939 1074 3002 1132 in
3031 1088 3157 1149 qua
3177 1089 3285 1149 per
3304 1090 3551 1134 carnem
3604 1092 3675 1133 ex

2015 1162 2155 1236 ipsa
2181 1167 2561 1237 assumptam
2591 1163 2770 1221 veluti
2789 1163 2849 1222 in
2892 1163 3111 1222 throno
3142 1163 3382 1235 sedens,
3415 1180 3555 1223 cum
3574 1181 3682 1224 va-

2015 1251 2242 1309 riarum
2275 1252 2570 1310 mentium
2591 1252 3040 1311 universitatem
3074 1252 3190 1311 sibi
3232 1253 3675 1329 obsequentem

2018 1339 2327 1409 effecisset,
2354 1357 2535 1415 super
2567 1357 2780 1400 omnes
2808 1343 3103 1414 regnavit.

2094 1430 2186 1488 Sic
2198 1429 2376 1503 igitur
2390 1430 2510 1502 ille,
2522 1432 2629 1505 qui
2641 1432 2742 1489 Dei
2768 1433 2830 1489 in
2848 1436 3006 1490 terra
3022 1433 3373 1506 apparentis
3385 1436 3559 1508 pater
3568 1447 3678 1509 pu-

2020 1520 2263 1578 tabatur
2278 1525 2369 1590 (25
2396 1522 2510 1593 26),
2537 1522 2812 1594 ejusdem
2834 1521 2910 1580 de
2929 1522 3213 1581 universo
3232 1529 3441 1582 nostro
3460 1540 3680 1597 genere

2021 1610 2418 1668 restaurando
2449 1610 2766 1668 consilium
2797 1616 2922 1669 arte
2953 1624 3064 1669 sua
3090 1611 3290 1670 fabrili
3315 1612 3377 1669 in
3414 1618 3682 1672 anteces-

2023 1715 2160 1756 sum
2176 1699 2584 1757 adumbravit.
2611 1700 2784 1772 Virgo
2811 1704 3013 1758 autem
3043 1699 3404 1773 dignissima
3430 1702 3681 1777 insuper

298 1795 399 1850 τὴν
463 1793 653 1851 ταύτης
712 1786 1143 1863 ἁνοικοδόμησιν,
1230 1790 1325 1844 οῦκ
1389 1791 1588 1863 ἔξωθεν,
1640 1790 1748 1844 ἀλλ’
1828 1788 1913 1864 ἀφ’

2038 1788 2205 1861 hujus
2226 1787 2708 1846 remdiﬁcationis
2728 1789 3105 1864 cooperatrix
3120 1790 3248 1859 fuit,
3262 1806 3385 1848 non
3408 1791 3677 1863 aliunde,

298 1880 494 1941 ἑαυτῆς
520 1886 840 1953 χορηγοῦσα
864 1881 962 1942 τὰς
1003 1881 1300 1953 πανάγνους
1329 1879 1456 1943 ὔλας
1482 1884 1571 1934 καί
1622 1888 1696 1952 τῷ
1777 1878 1916 1952 ubi?)

297 1964 625 2041 ἐπιτηδείας,
658 1967 713 2033 ἐξ
753 1970 879 2028 ὧνὴ
934 1970 1086 2031 ζῶσα
1130 1975 1290 2044 σοφία
1366 1978 1458 2023 τοῦ
1509 1978 1645 2025 Θεοῦ
1698 1974 1786 2024 τὸν
1835 1969 1918 2023 οἷ-

311 2076 405 2111 κον
507 2057 664 2132 ἑαυτῇ
771 2055 1132 2131 ᾠκοδόμησεν,
1229 2057 1590 2134 ἔρηρεισμένον
1711 2058 1918 2122 στύλοις

306 2146 441 2200 ἑπτά
497 2167 511 2181 ο
548 2148 954 2221 τοσαυτάριθμα
1011 2150 1113 2221 γὰρ
1177 2154 1271 2200 τοῦ
1340 2149 1638 2221 Πνεύματος
1696 2150 1765 2200 τὰ
1817 2167 1920 2220 χα-

306 2241 588 2309 ρίσματα·
644 2234 702 2288 ἐκ
754 2238 1053 2309 Πνεύματος
1099 2231 1159 2289 δε
1215 2235 1369 2308 ἁγίου
1416 2241 1506 2290 καὶ
1562 2238 1592 2295 ἡ
1657 2236 1921 2310 σύμπηξις

307 2332 408 2379 τοῦ
431 2324 848 2401 προσλήμματος
872 2325 1009 2397 (21).

382 2415 463 2471 ε’.
532 2414 689 2468 Ἀλλά
744 2423 855 2477 πῶς
909 2413 972 2467 ἂν
1027 2416 1054 2467 ὁ
1103 2416 1225 2488 ἐμὸς
1290 2414 1464 2487 λόγος,
1513 2419 1798 2491 χαμερπὴς
1854 2415 1922 2468 ῶν

313 2509 404 2557 καὶ
466 2500 708 2566 διανοίας
774 2503 990 2577 ἄγγελος
1044 2503 1412 2578 χαμαιζήλου,
1470 2503 1555 2558 ἐπὶ
1620 2504 1922 2564 τηλικοῦτον

312 2594 444 2665 ὕψος
510 2593 926 2667 ἐπιτολμήσειεν,
1006 2596 1076 2656 ὡς
1170 2589 1385 2647 θεοειδεί
1459 2595 1924 2669 συμπτερύξασθαι

309 2681 686 2760 πρωταγγέλῳ,
717 2687 807 2735 καὶ
836 2686 969 2756 πρὸς
1034 2683 1148 2759 ὅρος
1206 2691 1360 2737 τοῦτο
1428 2685 1629 2756 φθάσαι
1688 2701 1747 2737 το
1812 2686 1924 2738 θεο-

314 2770 594 2840 ϐάδιστον,
623 2774 694 2835 ὡς
739 2774 863 2847 πρὶν
899 2777 1101 2834 Μωσῆς
1147 2771 1233 2826 ἐπὶ
1259 2776 1317 2825 τὸ
1373 2774 1494 2826 Σινά
1522 2789 1536 2840 ;
1569 2773 1630 2827 Εἰ
1678 2776 1780 2850 γὰρ
1835 2775 1926 2826 καὶ

309 2863 464 2934 ἡμεῖς
500 2862 638 2914 κατὰ
702 2855 798 2920 {iw
864 2857 1149 2914 ἐνεστῶσαν
1215 2863 1412 2920 ταύτην
1469 2863 1665 2937 ἡμέραν
1729 2865 1788 2916 τὸ
1831 2870 1925 2925 τῆς

322 2954 574 3010 νηστείας
596 2948 812 3023 ἆνύομεν
868 2952 1440 3027 τεσσαρακονθὴμερον,
1497 2950 1605 3004 ἀλλ’
1657 2951 1786 3025 ούχί
1836 2955 1974 3004 καὶ·

327 3042 425 3098 τὴν
456 3041 645 3092 ἐκείνου
686 3043 899 3116 φέρομεν
959 3041 1217 3114 κάθαρσιν
1278 3060 1290 3074 ·
1327 3042 1409 3094 ὅτι
1456 3037 1598 3114 μηδὶ
1646 3040 1761 3095 κατ’
1792 3040 1928 3095 ἐκεῖ·

2026 1878 2132 1934 sed
2154 1894 2225 1934 ex
2247 1878 2566 1951 semetipsa
2588 1878 2769 1952 plane
2789 1878 3245 1936 immaculatam
3267 1895 3337 1936 ac
3361 1882 3528 1951 (Deo)
3560 1895 3685 1937 ma-

2028 1966 2186 2024 teriae
2208 1967 2435 2040 experti
2455 1973 2889 2038 congruentem
2907 1968 3222 2024 materiam
3261 1969 3685 2042 suppeditans,

2028 2071 2061 2113 e
2089 2071 2214 2129 qua
2238 2056 2447 2112 vivens
2472 2058 2578 2113 Dei
2603 2060 2900 2126 sapientia
2928 2055 3248 2126 cedi/icavit
3274 2057 3392 2114 sibi
3419 2058 3683 2129 domum,

2029 2146 2322 2202 columnis
2347 2152 2565 2216 septem
2596 2146 2874 2203 innixam
2895 2149 3040 2218 (2‘7);
3073 2147 3320 2203 totidem
3366 2147 3526 2204 enim
3575 2160 3689 2204 nu-

2026 2251 2195 2293 mero
2209 2236 2726 2293 suntcharismata
2742 2236 2974 2310 (sancti)
2998 2237 3249 2310 Spiritus
3270 2251 3285 2305 ;
3309 2237 3471 2295 idem
3486 2243 3690 2296 autem

2032 2324 2283 2397 Spiritus
2312 2329 2370 2382 et
2389 2329 2719 2398 assumptis
2741 2326 2907 2382 carni
2932 2325 3192 2383 formam
3221 2325 3456 2384 indidit.

2102 2415 2166 2469 V.
2200 2415 2413 2470 Verum
2436 2415 2750 2486 quomodo
2770 2414 2964 2472 oratio
2990 2431 3147 2484 mea,
3178 2415 3349 2472 humi
3383 2431 3598 2488 repens
3621 2433 3692 2474 ac

2031 2501 2249 2559 mentis
2272 2502 2462 2559 humo
2482 2502 2690 2560 deﬁxa;
2713 2504 3028 2577 interpres,
3058 2505 3136 2561 ad
3165 2508 3400 2562 tantam
3431 2522 3566 2563 sese
3607 2506 3694 2564 ef-

2031 2592 2182 2649 ferre
2211 2592 2633 2650 celsitudinem
2657 2592 2899 2666 audeat,
2929 2599 2995 2651 ut
3030 2593 3211 2651 simul
3257 2611 3397 2652 cum
3446 2595 3695 2667 angelo-

2030 2697 2168 2739 rum
2198 2681 2489 2755 principe,
2514 2683 2617 2739 Dei
2647 2682 2907 2756 speciem
2935 2682 3221 2755 habente,
3252 2683 3382 2741 alas
3413 2684 3691 2758 explicet,

2033 2775 2090 2829 et
2115 2770 2193 2828 ad
2213 2772 2375 2829 hunc
2397 2777 2686 2844 montem,
2706 2772 2769 2829 in
2792 2788 2915 2846 quo
2938 2774 3094 2830 Deus
3120 2773 3528 2842 deambuleat,
3567 2788 3695 2832 non

2035 2878 2209 2919 secus
2250 2877 2321 2920 ac
2360 2861 2504 2919 olim
2549 2865 2776 2936 Moyses
2826 2863 2889 2920 in
2946 2868 3216 2921 montem
3275 2864 3437 2927 Sina,
3495 2862 3695 2922 subito

2036 2949 2328 3008 ascendat
2344 2951 2372 3005 ?
2388 2950 2545 3007 Licet
2561 2952 2723 3008 enim
2739 2967 2852 3009 nos
2871 2967 3118 3026 quoque
3139 2951 3547 3026 quadraginta
3575 2952 3697 3010 die-

2036 3054 2174 3096 rum
2191 3039 2492 3113 jejunium
2520 3040 2801 3115 praesenti
2825 3041 2941 3098 hac
2970 3041 3067 3098 die
3106 3041 3503 3099 absolvamus
3553 3042 3692 3114 (28),

328 3148 415 3182 νον
463 3130 607 3202 ἡμεῖς
633 3133 936 3195 νηπευταὶ,
1000 3135 1090 3183 καὶ
1145 3125 1297 3183 οὐδὲν
1362 3139 1463 3184 τῶν
1512 3129 1924 3204 θαυμαστωσὸιν-

2038 3143 2164 3186 non
2194 3129 2478 3187 eamdem
2500 3135 2705 3187 tamen
2728 3147 2798 3187 ac
2820 3130 2917 3188 ille
2934 3133 3254 3205 puritatem
3275 3130 3580 3188 consecuti
3602 3147 3692 3189 su-

324 3238 429 3271 των
457 3217 645 3272 ἐκεῖνον
673 3217 1016 3291 πλουτοῦμεν,
1063 3219 1144 3272 ὅτι
1199 3222 1272 3293 μὴ
1331 3223 1423 3279 τὴν
1486 3217 1924 3294 ϐραδυγλωσσίαν

2039 3233 2177 3275 mus
2200 3236 2213 3288 ;
2245 3219 2539 3292 quoniam
2564 3235 2762 3294 neque
2774 3219 3074 3293 jejunium
3088 3226 3363 3278 nostrum
3385 3235 3523 3278 cum
3541 3219 3698 3293 jeju-

314 3311 483 3382 μόνην
546 3312 639 3362 καὶ
695 3310 753 3361 τὸ
808 3306 1154 3381 ἰσχνόφωνον.
1211 3307 1282 3362 ’Ἠ
1337 3318 1448 3373 πῶς
1505 3311 1566 3363 ἄν
1620 3309 1924 3388 ἀπρόσκοποι

2041 3307 2145 3365 nio
2169 3307 2328 3365 illius
2357 3309 2841 3383 comparandum
2873 3314 2981 3382 est,
3014 3326 3233 3384 neque,
3272 3315 3488 3384 praeter
3506 3325 3698 3367 unam

316 3401 417 3457 τήν
471 3394 558 3450 ἐπὶ
612 3398 709 3457 τὴν
758 3400 1003 3471 Ναζαρέτ
1060 3394 1371 3472 βαδισωμεν
1426 3403 1704 3474 φέρουσαν,
1763 3400 1807 3454 εἰ
1855 3404 1927 3474 μή

315 3491 455 3550 Θεὸς
496 3485 827 3550 ἐξαποστελεῖ
879 3490 965 3540 τὸν
1017 3486 1235 3561 ἄγγελον
1288 3487 1449 3543 αὐτοῦ
1492 3494 1592 3567 πρὸ
1644 3496 1930 3565 προσώπου

309 3584 410 3630 τοῦ
459 3580 659 3650 Λόγου,
718 3579 809 3629 καὶ
850 3581 944 3636 τόν
997 3572 1122 3631 ὀδόν
1194 3578 1486 3652 ἔμπροσθεν
1556 3579 1718 3633 αὐτοῦ
1773 3598 1932 3633 κατα-

317 3668 570 3719 σκευάσει
646 3661 956 3719 gemeam
1017 3683 1031 3731 ;
1124 3665 1248 3720 ’Υπό
1322 3685 1495 3720 τοινυν
1554 3677 1774 3742 προηγῷ
1860 3677 1932 3742 τῷ

311 3752 598 3829 φωτοειδεῖ
672 3757 840 3827 τούτῷ
904 3753 1220 3830 ἀρχαγγέλῷ
1319 3754 1582 3830 ἀγόμενοι,
1642 3751 1697 3810 εὖ
1784 3753 1928 3826 οἶδα,

312 3845 856 3918 κατευθυνθησόμεθα
901 3843 975 3907 εἰς
1053 3841 1178 3898 ὁδὸν
1239 3844 1468 3920 εἰρήνης.
1552 3845 1757 3922 Ὠραῖοι
1829 3848 1930 3923 γὰρ

310 3933 450 3993 εἰσιν
504 3934 553 3987 οἱ
634 3930 796 3996 πόδες
896 3933 1058 3987 αὐτοῦ
1150 3934 1606 4009 εὐαγγελιζομένου
1671 3942 1732 4009 τῇ
1796 3953 1932 3990 παν-

313 4025 467 4097 άγνῳ
542 4027 745 4099 εἰρήνην
824 4028 916 4078 καὶ
981 4022 1156 4097 ἀγαθά
1216 4046 1229 4060 -
1297 4030 1519 4101 Χριστὸς
1576 4023 1636 4080 δε
1705 4027 1845 4080 ἐστιν
1897 4028 1929 4087 ἡ

314 4113 504 4188 εἰρήνη
534 4116 700 4189 ἡμῶν.
753 4112 904 4168 Ἧκει
955 4117 1055 4188 γὰρ
1110 4116 1175 4168 τὰ
1229 4112 1492 4169 διεστῶτα
1541 4115 1794 4189 συνάψαι,
1842 4122 1934 4171 καὶ

316 4206 393 4260 τὰ
447 4200 824 4279 διαμαχόμενα
896 4204 1215 4281 εἰρηνεῦσαι,
1261 4203 1456 4278 ἀγαθά,
1488 4209 1554 4259 τὰ
1600 4205 1660 4259 ἐκ
1724 4213 1820 4269 τῆς
1867 4206 1933 4260 εἰ·

308 4299 481 4372 ρήνης
552 4298 752 4357 ταύτης
845 4289 1081 4365 δαψιλῶς
1136 4302 1206 4363 τῷ
1259 4298 1443 4369 κόσμῳ
1497 4296 1816 4369 πηγάσαντᾶ
1867 4304 1929 4368 τῇ

310 4392 410 4446 τῆς
431 4389 770 4460 Θεομὴτορος
793 4389 1057 4458 μεσιτείᾳ.

389 4723 676 4866 ἵληϐοίί.
711 4723 1110 4799 προσλήματος.

418 4797 537 4866 21’)
568 4799 683 4853 lsa.
718 4811 848 4866 Lvu,
872 4800 955 4852 19.

418 4797 537 4866 21’)
568 4799 683 4867 lsa.
718 4797 848 4867 mm,
872 4797 955 4852 19.

390 4868 513 4937 (22)
534 4866 688 4941 Psal.
713 4866 903 4937 cxxiu,
930 4868 987 4923 11
1017 4886 1030 4937 ;
1055 4870 1165 4926 Isa.
1187 4884 1271 4941 1x,
1293 4872 1326 4924 7
1347 4886 1361 4939 ;
1380 4870 1595 4926 Jerem.
1619 4884 1820 4939 xxxvr,
1843 4872 1934 4928 30.

389 4942 517 5009 (23)
548 4938 704 4995 Psal.
722 4954 882 5008 XLVI,
915 4942 967 4995 9.

398 5012 522 5085 (24)
549 5009 997 5085 lbid._sec.ux,
1043 5010 1151 5085 qui
1192 5010 1398 5083 legunt
1445 5009 1775 5085 ίϐασίλευσεν
1825 5013 1944 5085 (re-

317 5081 589 5157 gnavit),
601 5081 719 5157 ubi
735 5081 1024 5157 Vulgatus
1043 5081 1233 5157 habet
1256 5081 1550 5157 regnabit.

401 5152 621 5227 (25725)
642 5155 785 5210 Luct
811 5152 892 5217 ni,
915 5154 985 5210 33
1007 5170 1023 5210 :
1056 5152 1571 5227 Putabaturﬁtius
1589 5155 1828 5227 Ioseph.

406 5224 527 5296 (27)
556 5227 728 5296 Prov.
751 5240 830 5296 1x,
862 5228 921 5296 1.

340 5510 422 5567 Ἀό
464 5528 519 5562 ον
584 5510 882 5584 Verbum),
906 5518 970 5567 ut
986 5511 1399 5569 subsistentem
1425 5510 1700 5569 fateatur.

420 5511 698 5655 Z28)§linc
708 5581 1211 5655 patet,bomi_liam
1224 5582 1497 5643 habitam
1508 5599 1638 5642 esse
1650 5600 1700 5655 Ρ(

599 5598 698 5639 inc

680 5780 930 5847 Panos.
969 5779 1074 5843 Gn.
1113 5780 1267 5846 CXL.

953 5224 1124 5298 Quod
1151 5224 1371 5283 dicitur
1403 5224 1619 5284 ’vivens
1644 5224 1946 5298 sapientia

330 5293 526 5369 (σοφία
556 5295 749 5369 ζῶσα),
778 5293 982 5368 palam
1012 5295 1178 5369 facit,
1209 5312 1552 5369 sermonem
1575 5293 1811 5355 esse'de
1858 5314 1948 5356 sa-

332 5367 571 5443 pientia
598 5367 971 5443 subsistente,
1000 5367 1273 5443 videlicet
1300 5367 1376 5443 de
1400 5368 1540 5425 Filio
1564 5369 1867 5443 iDeiLHinc
1886 5373 1952 5443 ut

334 5437 532 5514 paulo
546 5442 685 5514 ante
698 5440 981 5514 vidimus,
997 5441 1290 5514 vigentem
1302 5441 1524 5514 (ζῶντα)
1546 5439 1799 5514 Cyrinus
1810 5441 1955 5500 dicit

418 5581 1211 5711 (28)Dinc§atet,b.omiliam
1224 5582 1497 5643 habitam
1508 5599 1638 5642 esse
1650 5588 1957 5661 postremo

418 5667 706 5711 iunnuua
748 5653 1128 5711 raaesimahs
1139 5653 1957 5711 d1e:annusautem.uuoPa-

342 5653 570 5735 Jojunii
579 5653 1128 5730 quadragesimalis
1139 5653 1464 5726 die;annus
1476 5653 1701 5731 autem,
1715 5670 1842 5736 quo
1852 5655 1961 5720 Pa.-

2037 3397 2260 3471 linguse
2286 3399 2623 3459 tarditatem
2653 3400 3101 3476 exilitatemque
3129 3404 3315 3467 vocis,
3359 3402 3700 3476 quidquam

2039 3504 2250 3547 eorum
2278 3489 2682 3563 possidemus,
2714 3505 2851 3566 quae
2873 3491 3041 3549 illum
3056 3490 3478 3549 admirabilem
3492 3490 3701 3549 effece-

2038 3582 2199 3637 runt.
2216 3584 2328 3636 Aut
2347 3579 2660 3653 quomodo
2679 3579 2976 3638 inoffenso
2995 3580 3151 3655 pede
3170 3580 3357 3647 viam,
3376 3595 3515 3654 quae
3535 3578 3702 3638 ducit

2040 3667 2119 3725 ad
2150 3668 2460 3736 Nazareth,
2488 3673 2770 3732 teramus,
2806 3670 2922 3729 nisi
2951 3669 3109 3727 Deus
3155 3669 3382 3726 miserit
3416 3668 3703 3737 angelum

2042 3771 2219 3814 suum
2244 3761 2381 3814 ante
2411 3756 2628 3814 faciem
2648 3757 2822 3815 Verbi
2850 3759 2981 3831 (29),
3014 3764 3072 3817 et
3102 3757 3339 3816 facilem
3383 3762 3520 3815 ante
3561 3773 3703 3815 eum

2038 3845 2205 3904 viam
2218 3847 2558 3919 paraverit?
2576 3846 2749 3903 Hunc
2765 3862 2947 3921 porro
2959 3847 3352 3918 refulgentem
3365 3846 3588 3905 archan
3597 3861 3699 3919 ge-

2038 3935 2166 3993 lum
2197 3951 2337 3992 cum
2368 3934 2587 3993 ducem
2616 3936 2979 4006 habeamus,
3007 3939 3066 3993 in
3087 3940 3245 3995 viam
3294 3938 3485 4009 pacis,
3539 3942 3697 3994 certe

2041 4020 2187 4097 Scio,
2214 4024 2554 4096 dirigemur
2584 4026 2715 4098 (30).
2742 4025 3007 4098 Speciosi
3032 4027 3193 4083 enim
3213 4036 3355 4084 sunt
3376 4028 3506 4098 ejus
3521 4027 3700 4098 pedes

2042 4114 2514 4186 euangelizantis
2542 4113 2882 4186 purissimas
2920 4114 3192 4189 (Virgini)
3232 4118 3345 4187 (31)
3386 4131 3593 4187 pacem
3644 4119 3702 4173 et

2045 4202 2361 4275 bona(32);
2375 4219 2508 4275 pax
2528 4220 2670 4263 vero
2699 4212 2908 4263 nostra
2933 4206 3209 4265 Christus
3239 4212 3324 4263 est
3343 4204 3482 4278 (33).
3504 4204 3704 4262 Adve-

2040 4291 2129 4349 nit
2146 4292 2328 4361 enim,
2358 4292 2652 4351 utdissita
2676 4294 3027 4367 conjungat,
3051 4284 3121 4354 ac
3136 4295 3475 4368 pugnantia
3492 4293 3571 4351 ad
3596 4309 3705 4367 pa~

2042 4396 2173 4438 cem
2207 4388 2559 4457 componat,
2590 4399 2729 4457 quae
2758 4384 3008 4458 quidem
3035 4383 3200 4442 bona
3229 4400 3303 4442 ex
3344 4382 3704 4456 hujusmodi

2041 4485 2192 4544 pace
2223 4470 2605 4544 proﬂuentia,
2634 4471 2985 4531 madiatrice
3012 4474 3111 4531 Dei
3161 4477 3360 4541 Matre,
3405 4472 3710 4531 uberrime

1963 4534 2008 4591 θ
2042 4534 2107 4616 in
2126 4557 2468 4618 universam
2491 4564 2711 4617 terram
2741 4560 2934 4619 effusa
2971 4566 3133 4619 sunt.

2046 4717 2198 4777 scha
2218 4721 2493 4794 sequenti
2517 4720 2617 4794 die
2637 4725 2705 4779 26
2736 4723 2922 4780 Martii
2974 4722 3339 4792 recurrebat,
3392 4723 3512 4780 sub
3566 4726 3710 4781 Ger.

2046 4804 2235 4866 mano
2261 4792 2324 4848 ιι
2336 4792 2627 4866 reperitur
2662 4798 2818 4851 1228.

2122 4862 2237 4935 (29)
2268 4862 2516 4922 Malacb.
2539 4881 2615 4933 Ill,
2654 4871 2671 4922 1
2705 4868 2881 4935 ;Luc.
2913 4881 3008 4932 vn,
3037 4870 3139 4933 27;
3164 4868 3338 4923 Marc.
3376 4882 3416 4934 ι,
3448 4872 3505 4922 2.
3537 4862 3715 4932 Quod

2049 4932 2469 5009 de’incaruato
2493 4932 2605 5009 Dei
2629 4932 2823 4994 Verbo
2850 4932 3138 5009 scriptum
3166 4943 3275 5002 est,
3300 4932 3418 4993 non
3456 4939 3588 5009 sine
3608 4936 3714 4993 ali-

2051 5018 2178 5132 quio
2203 5005 2403 5064 abusu
2432 5007 2512 5065 ad
2544 5020 2886 5065 sermonem
2926 5005 3104 5065 suum
3137 5013 3347 5064 auctor
3394 5007 3719 5065 transferre

2053 5092 2110 5132 vi
2164 5087 2310 5132 etur.

2053 5087 2310 5135 videtur.

2088 5289 2099 5308 ε
2262 5152 2436 5308 illitis
2448 5155 2772 5308 Bigigaram
2798 5220 3126 5308 indicatam
3146 5220 3428 5308 absoluta
3451 5211 3721 5308 appella:

2059 5293 2224 5349 tione
2283 5302 2381 5357 τῆς
2444 5293 2735 5367 πανάγνου,
2780 5293 2947 5367 quod
3017 5293 3320 5364 signiﬁcat
3367 5293 3551 5366 ἁγνήν“
3588 5293 3727 5346 κατὰ

2067 5367 2192 5444 πᾷξι,
2224 5379 2296 5421 ac
2324 5366 2578 5444 proinde
2603 5366 2767 5422 omni
2800 5380 2878 5422 ex
2911 5372 3089 5436 parte
3113 5373 3337 5436 puram
3367 5369 3725 5424 antonoma-

2071 5435 2674 5510 sticecompellatam.
2914 5435 2923 5436 “
3126 5435 3129 5436 ⁷

2155 5512 2532 5583 (32)Ro_m.x,
2567 5511 2779 5566 15:lsa
2799 5524 2874 5583 ιιι,
2906 5509 2977 5566 7:
3003 5508 3316 5583 Nahump,
3353 5513 3438 5567 15.

2144 5582 2258 5658 (33)
2286 5581 2480 5657 Ephes
2502 5596 2563 5650 ιι,
2591 5583 2682 5643 14.
