2066 3230
163 181 215 211 69']

698 181 734 211 IN
751 180 1061 212 ANNUNTIATIONEM
1077 180 1111 210 Β.
1131 180 1263 212 MANE.

1796 180 1848 211 698

161 243 234 276 ἰντός
256 247 305 276 τῆς
331 243 453 281 παλάμῃς
496 244 571 277 ὀξέως
598 245 657 282 ὁρᾷ,
684 244 731 272 κᾶν
759 249 808 272 τῶν
836 245 902 283 ἄγαν
923 247 954 273 di

1019 245 1075 275 scit
1083 246 1248 283 antequam
1259 244 1344 279 ﬂant,
1366 246 1395 274 et
1409 244 1441 274 in
1461 251 1555 274 manu
1571 244 1635 280 ejus
1648 250 1748 272 omnes
1772 243 1847 277 ﬁnes

161 288 378 325 λοπτσπιλέπτων,
392 289 440 318 κᾶν
449 292 500 318 τῶν
515 292 594 328 μήπω
604 292 839 329 παρενηνεγμένων,

200 422 254 452 ιϐ’.
270 424 346 460 Μέγα
358 421 388 450 δί
415 433 467 458 σοι,
494 424 534 452 ὅτι
553 426 598 451 καὶ
624 424 661 457 εἰς
689 424 801 462 βασιλέα
826 426 967 461 κᾶχρισται

163 471 211 494 τοῦ
226 467 346 505 Ἰσραήλ.
370 468 473 500 Μιίζων
492 468 523 495 ἃν
547 470 586 499 εἴη
608 470 701 496 τούτου
712 470 726 496 ὁ
741 469 823 496 Σαούλ
835 480 841 487 ·
855 470 894 496 ὅτι
921 471 967 496 καὶ

162 514 232 539 κατὰ
246 513 316 539 θείαν
330 515 472 551 κέχρισται
490 513 576 550 ψῆφον
591 525 597 531 ·
627 516 671 540 καὶ
697 515 709 540 ὁ
735 516 852 550 χρία-της
883 513 966 540 πολυ-

165 556 304 595 θρύλλητος
323 559 356 584 τὰ
376 558 411 589 ei;
431 559 590 594 ἁγιωσύνην,
623 559 743 591 Σαμουὴλ
757 560 807 596 γὰρ
825 570 831 576 ·

163 605 262 639 πρῶτος
275 601 453 639 βασιλεὺςκαὶ
479 602 551 640 ἀρχὴ
581 604 682 630 πάντων
714 607 764 630 τῶν
792 604 847 639 μετ’
870 604 960 631 αὐτόν.

165 648 214 673 Καὶ
234 647 294 674 οὔτε
320 645 545 685 εἰδωλολατρήσας
577 649 734 684 ιὺρίσκετοιι,
776 648 829 674 οὔτ’
858 648 964 685 αλλοφύ-

160 691 213 722 λοις
233 693 394 730 ωμφθαρεὶς
413 693 543 728 γυναιξὶν,
572 694 606 719 ὧν
630 695 676 724 τὰς
706 692 837 729 ἐπιμιξίας
859 694 871 719 ὁ
902 694 963 724 Θῑός

161 735 350 774 ἀπηγόριυσεν.
386 737 453 763 Ἀλλ’
496 739 583 775 ὅτιπερ
620 738 643 765 ἐν
687 738 787 769 πολλοῖς
831 741 962 775 παρῆκοος

161 782 236 818 ὤφθη
274 785 323 808 τῶν
370 782 417 808 τοῦ
448 784 657 820 παντοκράτορος
682 784 902 820 προσταγμάτων,
928 783 961 813 εἰς

857 562 901 585 καὶ
926 560 966 585 ὅτι

159 827 209 855 τὴν
231 830 281 852 τῶν
307 830 527 864 κατακεκριμένων
553 831 645 865 μοῖραν
673 827 822 862 ὼϐῡλσται,
844 830 888 854 καὶ
913 839 960 854 πι-

158 874 215 907 κρῷ
249 871 350 908 θανάτῳ
383 874 426 898 τὸν
467 872 527 909 βίον
558 872 726 910 κατέστρεψε,
760 875 804 899 καὶ
831 873 960 909 ὠφέληται

1019 292 1108 320 terra
1119 290 1176 328 (93)
1189 289 1384 325 sustinentur,
1398 291 1501 326 etquaa
1529 288 1689 318 constricta
1713 287 1846 324 cujusvis

1020 343 1115 365 manu
1127 335 1287 368 abdautur,
1305 336 1391 364 acute
1404 334 1555 372 perspicit,
1571 333 1625 362 etsi
1640 332 1846 364 minutissima

1022 380 1091 416 sint,
1102 380 1159 409 etsi
1172 380 1303 409 necdum
1315 380 1347 409 in
1364 379 1431 408 luce
1441 378 1568 416 prolata.

1058 426 1122 454 XIX.
1142 425 1180 454 At
1197 432 1344 461 magnum
1356 423 1431 462 quid
1444 423 1498 453 tibi
1511 423 1638 458 videtur,
1652 422 1736 460 quod
1756 422 1788 451 in
1798 429 1845 451 re~

1021 477 1091 506 gem
1109 470 1198 499 Israel
1212 469 1378 505 (Salomon)
1394 471 1501 498 unctus
1521 468 1568 497 sit.
1589 467 1679 504 Atqui
1696 467 1795 504 potior
1812 467 1845 495 in

1022 516 1110 545 Saule
1127 516 1192 544 haec
1215 515 1413 552 praerogativa
1429 514 1523 543 videri
1548 515 1669 551 posset;
1686 515 1750 541 tum
1773 512 1845 549 quia

1021 563 1096 589 nutu
1107 560 1209 589 divino
1218 562 1325 588 unctus
1331 560 1394 593 fuit;
1403 562 1467 588 tum
1474 559 1546 596 quia
1554 558 1607 595 qui
1617 566 1688 587 eum
1695 557 1788 590 unxit,
1797 565 1844 585 ce~

1019 605 1195 633 leberrimus
1201 608 1263 634 erat
1271 604 1440 637 sanctitate;
1452 612 1523 632 nam
1535 603 1620 632 unxit
1629 610 1699 631 eum
1707 601 1842 637 Samuel;

1019 652 1083 679 tum
1098 651 1170 687 quia
1183 650 1259 678 inter
1272 658 1356 685 reges
1375 650 1492 686 primus
1516 648 1579 681 fuit,
1601 650 1629 676 et
1655 649 1841 680 cunctorum,

1018 695 1069 732 qui
1082 695 1253 732 postipsum
1260 694 1537 727 fuerunt,exorsus;
1550 692 1604 720 sed
1611 700 1710 729 neque
1721 692 1843 728 uspiam

1017 739 1250 776 deprehenditur
1277 739 1478 767 idololatriam
1506 738 1621 775 lapsus,
1653 744 1752 773 neque
1801 736 1841 765 ab

1015 784 1199 821 alienigenis,
1214 792 1344 820 quarum
1360 786 1437 812 Deus
1458 782 1708 811 consuetudinem
1722 780 1842 810 interdi-

1014 832 1108 864 xerat,
1124 829 1242 857 feminis
1257 831 1424 865 corruptus.
1451 830 1588 856 Attamen
1615 835 1684 855 cum
1700 825 1841 862 Omnipo—

1014 874 1101 902 tentis
1114 873 1264 902 mandatis
1275 874 1384 910 pluries
1396 881 1426 901 se
1441 872 1519 901 male
1534 872 1750 908 obsequentem
1759 871 1841 900 exhi.

158 913 237 942 οὐδὲν
253 914 296 952 ἀφ’
315 915 349 942 ὧν
380 917 392 942 ὀ
427 918 492 948 Θεὸς
517 916 554 943 δι’
583 917 679 944 οἰκείαν
708 919 871 954 συμπάθειαν
890 918 954 953 αὑτᾷ

1014 919 1138 953 buisset,
1164 918 1194 946 in
1206 918 1403 955 reproborum
1422 920 1532 946 sortem
1559 917 1719 953 deputatus
1745 919 1797 955 est,
1812 919 1841 946 et

159 959 326 998 ὶχαρίσατο·
356 962 450 998 μᾶλλον
478 961 507 990 δὲ
535 966 580 989 καὶ
605 962 737 999 καταδίκῃ
762 963 959 992 καθυποϐέϐλη-

158 1014 205 1031 ται
225 1009 257 1042 τῇ
282 1005 395 1044 ἐσχάτῃ,
433 1009 473 1034 ὅτι
501 1010 544 1034 τὸν
570 1008 704 1045 εὐεργέτην
729 1008 875 1047 ἐξώργισῑν,
904 1008 960 1035 ἀντὶ

159 1049 266 1086 ἀγαθῶν
276 1055 364 1082 κακοῖς
380 1051 563 1089 ἀμειψάμενος.

1013 963 1106 991 vitam
1119 963 1228 991 acerba
1240 953 1337 991 morte
1348 962 1478 991 absolvit
1488 971 1494 996 ;
1504 963 1532 990 et
1546 961 1619 989 nihil
1627 969 1651 989 ei
1663 953 1840 997 proqurunt

1014 1007 1170 1042 beneficia,
1192 1007 1303 1044 quibus
1324 1007 1407 1038 illum
1435 1007 1511 1034 Deus
1526 1014 1562 1035 ex
1576 1005 1759 1041 benignitate
1783 1013 1840 1035 sua

1017 1055 1124 1088 sponte
1139 1052 1354 1086 cumulaverat,
1365 1052 1426 1080 imo
1438 1059 1508 1080 vero
1518 1052 1547 1079 in
1557 1050 1765 1086 gravissimam
1776 1058 1838 1079 om<

158 1094 246 1124 nium
270 1095 496 1125 damnationem
521 1100 681 1134 propterea
705 1098 883 1134 provolutus
909 1100 961 1133 est,
989 1097 1082 1135 quod,
1113 1097 1193 1126 mala
1219 1105 1273 1134 pro
1295 1096 1394 1131 bonis,
1414 1096 1592 1133 rependens,
1616 1095 1839 1125 benefactorem

157 1148 248 1168 suum
264 1140 304 1169 ad
318 1141 558 1177 indignationem
579 1143 744 1171 concitavit.

195 1185 233 1215 κ’.
254 1185 335 1212 Πάλιν
351 1185 394 1213 οὖν
422 1186 508 1223 ἐρωτῶ
538 1197 577 1222 σε,
600 1191 644 1214 καὶ
671 1188 747 1214 πάλιν
771 1199 816 1225 μοι
844 1188 956 1225 ἀποκρί-

157 1231 218 1259 θητι
247 1238 254 1245 ·

154 1277 201 1301 καὶ
224 1275 288 1312 ὑπὶρ
314 1278 383 1307 τίνος
407 1276 498 1308 πολλος
532 1277 643 1308 ἐπαίνοις
678 1278 755 1304 αὐτὸν
788 1278 955 1311 καταντλεῖς;

286 1231 326 1257 Ἐν
362 1233 413 1258 τίνι
432 1236 482 1258 τῶν
507 1236 551 1258 τοῦ
580 1232 740 1269 Σο)ομῶντος
768 1233 956 1270 μεγαλαυχεῖς,

152 1319 226 1353 Ὁτι,
256 1323 332 1356 φησὶ,
372 1325 516 1359 depol-rapo;
541 1327 590 1348 τῶν
612 1333 639 1349 τε
665 1324 714 1361 πρὸ
744 1323 824 1349 αὐτοῦ
844 1326 957 1349 καὶτῶν

154 1366 212 1402 μα’
241 1365 318 1392 αὐτὸν
345 1365 475 1403 βασιλέων
510 1372 624 1404 φανερῶς
657 1370 855 1405 μεμαρτύρηται
882 1379 888 1384 ·
912 1370 956 1393 καὶ

155 1408 239 1441 δόξης
264 1410 405 1447 ύψώματος
436 1414 480 1438 καὶ
508 1412 620 1439 πλούτου
652 1413 799 1449 ὁγκώματος
827 1412 957 1450 βασιλικῷ

155 1458 194 1490 τῷ
207 1457 289 1492 πήχει
302 1458 361 1487 τοὺς
371 1456 461 1488 calet);
476 1459 615 1487 νενίκηκεν·

194 1544 257 1571 Εἱπὲ
268 1543 310 1571 οὖν
322 1556 377 1582 μοι,
390 1548 510 1584 πρὸςτοῡ
535 1551 581 1574 σοῦ
604 1548 765 1584 Σολομῶντος
795 1559 801 1565 -
826 1552 889 1578 Θεος
911 1551 956 1575 τού

154 1591 298 1625 χρήματος
313 1591 406 1617 τούτου
420 1590 502 1629 δοτὴρ
519 1592 554 1627 τῷ
569 1592 705 1631 ἀνθρώπῳ,
723 1594 737 1622 ἡ
757 1598 861 1629 συχνῶν
877 1592 955 1629 ἱδρώ-

151 1644 203 1660 των
241 1637 286 1661 καὶ
313 1640 418 1674 μακρῶν
454 1639 610 1673 πονημάτων
647 1642 692 1668 τῆς
722 1637 813 1674 ἀρετῆς
846 1638 954 1664 ἔπαθλον

151 1678 263 1713 Elatia;
291 1680 338 1715 Οὒ,
360 1684 425 1717 φησί
443 1693 449 1698 ·
476 1687 530 1713 πῶς
553 1684 614 1719 γὰρ,
641 1682 807 1713 δωδεκαέτης
831 1693 881 1709 που
907 1688 954 1714 τῆς

151 1723 290 1760 βασιλείας
313 1724 473 1763 δραξάμενος
490 1735 496 1761 ;
513 1730 578 1754 Θεία
594 1726 623 1754 δὲ
653 1729 667 1757 ἡ
691 1729 780 1765 χάρις,
797 1730 841 1754 καὶ
856 1729 883 1754 τὸ
905 1726 956 1754 δὼ-

149 1778 195 1806 ρον
216 1770 385 1807 θεόπεμπτον.

187 1905 311 1941 Σύμφημί
339 1915 380 1931 σοι
407 1905 479 1941 κάγώ
504 1917 510 1923 -
538 1909 582 1933 καὶ
604 1913 742 1944 προσκυνῶ
770 1910 812 1934 τὸν
840 1907 951 1947 δοτῆρα,

150 1950 240 1975 καὶτὸ
256 1947 339 1987 δῶρον
371 1949 535 1987 ἀσπάζομαι.
566 1950 764 1978 ’Λποὸέὸεικται
790 1951 844 1988 οὖν,
874 1956 906 1985 ὡς
936 1955 950 1983 ἡ

152 1995 241 2029 σοφία,
257 1995 271 2023 ἡ
295 1993 372 2028 δόξα,
393 1996 405 2021 ό
425 1995 546 2031 πλοῦτος,
569 1998 581 2023 ὁ
611 2002 657 2027 τῆς
677 2001 861 2034 κατασχέσεως
884 2000 952 2025 πλα-

151 2040 252 2074 τυσμὸς
280 2038 431 2076 θεοὸωρητά

150 2081 199 2115 φῄς
222 2088 229 2113 ;
254 2083 304 2106 Καὶ
330 2082 398 2107 πὰνν
425 2091 463 2117 γε.
493 2083 538 2113 Οἷς
566 2081 595 2109 δὲ
629 2083 692 2109 πολὺ
719 2086 878 2118 πιστεύεται,
907 2088 951 2112 καὶ

145 2123 213 2150 πολύ
254 2125 388 2155 ἀπαιτηθή
394 2135 466 2152 σεται
502 2135 510 2143 '

472 2041 528 2068 ἐστι
555 2042 760 2078 φιλοτιμήματα.
788 2047 849 2078 Ναὶ,
881 2046 895 2074 ἡ
928 2048 952 2071 τί

547 2130 591 2154 καὶ
629 2129 652 2154 οἱ
687 2127 794 2155 δυνατοὶ
834 2128 951 2161 δυνατῶς

146 2168 350 2198 ὶτασθὴσονται,
375 2172 486 2207 Τίθεμαι
508 2182 513 2188 -
536 2172 615 2199 αὐτοῦ
638 2174 687 2211 γάρ
711 2173 781 2200 ἐστιν
806 2175 820 2203 ἡ
852 2175 950 2211 ἀποφα-

145 2223 189 2243 σις
223 2214 395 2251 Σολομῶντος.
424 2216 453 2242 Ὀ
473 2220 535 2252 γοῦν
560 2219 696 2244 τοσούτων
721 2222 766 2245 καὶ
790 2219 948 2248 τηλικούτων

144 2257 298 2290 ἀπολαύσας
318 2261 389 2286 θείων
409 2263 528 2297 χαρίτων
544 2260 590 2288 διὰ
615 2264 662 2292 τὴν
691 2268 736 2289 τον
762 2268 828 2290 Θεοῦ
850 2264 947 2300 ἀγαθό-

142 2313 222 2338 τητα,
237 2309 394 2341 μακαριστῷ
408 2306 472 2332 τέλει
492 2308 535 2332 τὸν
552 2306 610 2343 βίον
639 2307 781 2344 ἐσφράγισε
812 2313 856 2336 καὶ
886 2310 948 2341 ἀξίω

143 2353 193 2379 τῆς
221 2347 409 2386 δεδωρημένης
432 2352 513 2387 τούτῳ
535 2354 650 2388 σογίας;
676 2353 689 2382 ἦ
715 2354 755 2379 ἐπὶ
775 2354 886 2390 κεφαλὴν
916 2355 949 2385 εἰς

143 2392 281 2432 βάραθρον
307 2394 424 2426 ἀσεϐείας
459 2397 644 2432 κατεκνλίσοη,
678 2401 723 2424 καὶ
751 2398 893 2429 ἐϐεϐηλωσε
916 2401 948 2427 τὰ

142 2439 210 2475 ἅγια
228 2443 312 2467 ταῦτα
322 2439 469 2478 δωρήματα
481 2450 487 2476 ;

178 2575 211 2600 Τί
227 2576 336 2609 σιωπᾷς,
349 2573 463 2602 Ἰουὸαῖς

139 2621 254 2655 apium;
267 2619 334 2645 οὕτω
347 2622 466 2655 faxim;
483 2621 549 2656 Ἐγώ
565 2631 611 2647 σου
634 2625 664 2651 τῆ
680 2621 777 2659 ἀπορία
805 2622 946 2658 βοηθήσω,

489 2585 495 2607 ;
515 2575 634 2602 Ἐπέλιπέ
661 2586 689 2602 σε
716 2576 792 2613 λόγος
813 2581 858 2608 τῆς
883 2578 948 2604 ἀπο-

138 2664 186 2689 τὸν
216 2663 352 2690 θεσπέσιον
392 2664 514 2696 Ἰςζεχιὴλ
534 2669 704 2702 παραγαγὼν,
729 2666 824 2703 μᾶλλον
846 2665 875 2694 δὲ
901 2671 946 2694 τοῦ

138 2708 166 2734 ἓν
186 2707 256 2743 αὐτῷ
274 2707 441 2740 λιλαληκότος
457 2713 534 2743 Θεοῦ,
547 2709 660 2743 δεηθεὶς,
684 2712 725 2737 ἵνα
752 2713 796 2741 τὴν
826 2710 872 2738 διὰ
900 2716 944 2739 τοῦ

138 2752 269 2782 Ἰεζίκιὴλ
291 2754 423 2789 ἀπόφασιν
447 2754 523 2780 πάλιν
555 2754 720 2792 ἀποφανῆται
744 2757 812 2792 (96).
843 2757 884 2783 Ἐν
909 2761 944 2793 τῷ

175 2822 236 2897 E32;
249 2822 469 2897 gadiis"

1049 1188 1101 1215 ΧΧ.
1118 1188 1247 1215 Rursum
1257 1188 1360 1223 itaque
1373 1188 1401 1215 te
1415 1187 1576 1222 interrogo,
1590 1193 1624 1214 ac
1635 1185 1708 1214 mihi
1718 1192 1838 1213 rursum

1011 1233 1162 1268 responde
1178 1241 1184 1259 :
1201 1232 1404 1265 Quamobrem
1417 1240 1453 1260 ex
1463 1231 1615 1264 omnibus,
1630 1239 1697 1267 quae
1708 1230 1747 1258 ab
1758 1230 1838 1259 Salo-

1012 1285 1134 1305 monem
1146 1279 1292 1313 spectant,
1308 1279 1461 1313 tantopere
1472 1277 1569 1312 jactus
1584 1277 1598 1304 ἱ)
1609 1277 1674 1309 Qua
1696 1275 1733 1303 de
1746 1283 1838 1303 causa

1013 1323 1075 1349 tam
1099 1321 1200 1349 multis
1223 1330 1293 1350 eum
1316 1321 1458 1350 laudibus
1482 1321 1613 1349 obruis?
1630 1320 1714 1354 Quia,
1730 1320 1835 1356 inquit,

1013 1366 1159 1394 universis
1178 1367 1311 1401 regibus,
1330 1367 1382 1403 qui
1394 1375 1463 1394 eum
1478 1374 1530 1394 seu
1545 1366 1763 1401 praecesserunt
1784 1373 1838 1393 seu

1014 1411 1168 1440 subsecuti
1180 1414 1259 1446 sunt,
1272 1412 1481 1449 sapientiorem
1491 1411 1575 1439 illum
1583 1410 1682 1445 fuisse,
1693 1410 1837 1438 omnibus

1012 1456 1287 1492 exploratissimum
1302 1459 1346 1485 est
1362 1459 1406 1484 :et
1418 1456 1490 1492 quia
1501 1456 1602 1491 gloriae
1618 1455 1798 1483 sublimitate
1809 1455 1837 1483 et

1012 1509 1105 1537 opum
1122 1501 1264 1537 superbia
1278 1502 1360 1537 regio
1375 1501 1475 1529 cubito
1490 1501 1621 1536 reliquos
1636 1499 1799 1536 superavit.

1047 1546 1098 1574 Die
1113 1553 1184 1581 ergo
1200 1546 1282 1579 mihi,
1295 1547 1473 1581 gratuitous,
1488 1545 1571 1582 quod
1584 1545 1623 1573 ad
1640 1547 1723 1573 tuum
1757 1544 1836 1572 Salo-

1012 1599 1134 1619 monem
1149 1592 1261 1625 attinet,
1279 1592 1354 1619 Deus
1365 1591 1479 1619 homini
1491 1592 1597 1619 cuncta
1612 1591 1674 1618 haec
1692 1592 1754 1617 tam
1770 1597 1836 1617 am-

1011 1635 1061 1671 pla
1080 1635 1160 1664 dono
1172 1636 1262 1669 dedit,
1277 1644 1315 1664 an
1331 1644 1402 1664 vero
1426 1638 1572 1671 tanquam
1597 1634 1743 1662 sudorum
1759 1633 1837 1669 jugi-

1010 1682 1053 1707 ter
1063 1680 1263 1714 manantium,
1281 1680 1552 1716 diuturnorumque
1574 1679 1837 1713 laborumjustam

1010 1725 1180 1753 mercedem
1205 1726 1259 1753 iste
1287 1733 1322 1753 ea
1349 1725 1471 1753 retulit?
1495 1727 1702 1761 Nequaquam,
1724 1723 1835 1760 inquit;

1009 1770 1166 1805 quomodo
1177 1770 1256 1798 enim
1283 1778 1359 1806 puer
1382 1770 1552 1798 duodennis
1572 1776 1701 1804 regnum
1716 1768 1837 1804 uspiam

1009 1814 1186 1843 obtinuisset
1200 1816 1213 1843 ἱ)
1226 1817 1284 1843 Hoc
1296 1823 1369 1843 sane
1381 1815 1561 1843 beneﬁcium
1574 1813 1781 1846 fuitdivinum,
1801 1820 1836 1841 ac

1009 1859 1124 1888 donum
1142 1860 1258 1888 coalitus
1272 1860 1425 1888 collatum.

1045 1906 1104 1939 Ego
1118 1913 1239 1941 quoque
1253 1907 1350 1933 tecum
1367 1905 1471 1940 sentio,
1485 1907 1514 1932 et
1534 1903 1705 1938 largitorem
1728 1902 1833 1936 adoro,

1007 1950 1183 1986 donumque
1197 1950 1296 1986 ipsum
1309 1950 1477 1978 exosculor.
1493 1951 1684 1985 Compertum
1697 1948 1835 1983 estigitur

1009 1995 1198 2031 sapientiam,
1228 1996 1363 2031 gloriam,
1396 1995 1514 2023 divitias
1541 2002 1575 2022 ac
1606 1993 1834 2029 possessionum

1008 2040 1237 2076 amplitudinem
1254 2040 1377 2068 totidem
1393 2040 1521 2075 gratuita
1534 2039 1642 2067 divinae
1656 2038 1834 2066 muniﬁcen-

1008 2085 1053 2112 tiie
1068 2093 1193 2113 munera
1204 2086 1360 2112 exstitisse.
1384 2085 1533 2113 Paterisne
1557 2084 1597 2111 ita
1612 2091 1736 2120 prorsus
1747 2082 1834 2110 esse?

1007 2132 1110 2158 Fateor
1125 2130 1288 2158 enimvero.
1310 2132 1397 2157 Porro
1411 2130 1517 2165 quibus
1532 2130 1661 2156 multum
1683 2128 1834 2156 concredi-

1007 2177 1069 2202 tum
1080 2178 1132 2207 est,
1146 2176 1273 2203 multum
1288 2176 1460 2211 requiratur
1475 2174 1511 2202 ab
1525 2175 1564 2202 eis
1576 2174 1642 2208 (91);
1655 2176 1682 2201 et
1700 2175 1832 2207 potentes

1004 2223 1141 2253 patenter
1149 2223 1297 2247 tormenta
1303 2220 1463 2254 patiuntur
1473 2220 1538 2254 (935),
1553 2220 1671 2246 Certum
1683 2217 1712 2244 id
1723 2217 1831 2252 habeo;

1005 2267 1051 2292 est
1065 2265 1145 2292 enim
1164 2267 1311 2292 sententia
1336 2264 1431 2300 ipsius
1460 2263 1638 2291 Salomonis.
1668 2262 1718 2290 Hic
1733 2262 1833 2297 igitur,

1004 2317 1056 2345 qui
1071 2312 1111 2337 tot
1126 2310 1273 2345 tantisque
1286 2317 1301 2336 e
1317 2309 1365 2336 Dei
1390 2309 1523 2336 bonitate
1536 2307 1705 2336 coelestibus
1728 2314 1833 2334 mune-

1003 2353 1086 2381 ribus
1097 2354 1268 2382 cumulatus
1280 2356 1334 2388 est,
1347 2361 1420 2381 num
1432 2354 1511 2381 exitu
1523 2352 1690 2380 admodum
1697 2351 1786 2379 beato
1797 2359 1833 2379 ac

1004 2398 1096 2433 digno
1114 2399 1261 2434 sapientia
1276 2398 1332 2426 sibi
1346 2399 1461 2427 donata
1480 2398 1569 2426 vitam
1592 2396 1746 2426 coronavit
1762 2397 1776 2425 ?
1788 2398 1833 2424 An

1003 2451 1063 2471 non
1078 2444 1177 2480 potius
1194 2444 1224 2471 in
1240 2444 1400 2480 impietatis
1418 2443 1594 2471 barathrum
1618 2450 1714 2478 usque
1733 2441 1772 2470 ad
1785 2449 1834 2469 ca-

1005 2491 1057 2525 put
1071 2489 1228 2517 devolutus
1252 2492 1305 2522 est,
1327 2497 1362 2517 ac
1384 2489 1485 2517 divina
1512 2488 1563 2516 illa
1586 2495 1714 2516 munera
1734 2487 1832 2524 prora.

1004 2534 1085 2562 navit
1100 2534 1113 2562 ?

1040 2578 1116 2611 Quid
1133 2581 1223 2613 taces,
1239 2586 1256 2606 ο
1272 2578 1374 2606 ,ΙυιῙΟὲῡ
1390 2580 1403 2605 ?
1419 2578 1538 2605 Adeone
1564 2577 1621 2605 cito
1641 2576 1758 2605 nullum
1779 2575 1832 2604 tibi

1004 2624 1342 2661 suppetitrcsponsum?
1355 2623 1641 2660 Suppetiashasreuti
1656 2624 1775 2658 egomet
1788 2622 1832 2651 fe-

1002 2669 1221 2702 ram,divinitus
1237 2670 1359 2697 doctum
1375 2669 1411 2696 ΕΖ
1421 2668 1556 2696 :cliielem
1570 2669 1600 2697 in
1614 2668 1748 2697 medium
1761 2676 1831 2705 pro-

1001 2712 1125 2746 ducens,
1138 2722 1189 2741 seu
1200 2714 1297 2749 potius
1311 2715 1402 2741 Deum
1417 2713 1527 2749 ipsum,
1537 2714 1589 2750 qui
1602 2721 1655 2750 per
1670 2721 1740 2741 eum
1751 2712 1832 2742 locu-

1000 2759 1047 2786 tus
1058 2761 1112 2792 est,
1123 2758 1300 2794 deprecans,
1326 2759 1357 2786 ut
1377 2757 1554 2786 sententiam
1575 2766 1628 2795 per
1650 2758 1830 2787 Ezechielem

1032 2830 1090 2903 $95)
1108 2831 1175 2867 Sap.
1196 2838 1233 2863 vr.
1249 2832 1274 2859 7.

1046 2866 1090 2901 90)
1105 2866 1177 2897 God.
1196 2864 1274 2903 ἀποφο

1046 2866 1090 2901 90)
1105 2864 1177 2897 Coa.
1196 2864 1375 2905 ἀποφανιιταιι
