4132 6410
501 307 604 366 ’703

501 526 670 580 tuam
700 522 960 579 obscuro
969 523 1220 596 pudoris
1232 523 1361 582 velo
1373 522 1764 591 abscondisti,
1779 521 1926 579 dum
1938 535 2166 591 magna

502 610 1559 689 haecluminariatibisuumipsorum
1598 613 1972 674 conditorem
2005 609 2163 670 clare

502 701 895 760 manifestant
925 704 1060 774 (14).

579 790 758 848 XXIII.
787 792 960 859 Quod
989 793 1039 850 si
1066 809 1274 852 rursus
1299 793 1684 869 supercilium
1727 792 1820 851 vel
1847 791 1981 866 ipso
2017 793 2163 848 tem-

503 879 589 955 pli
616 879 945 954 pinnaculo
961 882 1142 940 altius
1187 899 1312 958 prae
1335 883 1496 941 fastu
1509 883 1805 954 attollens,
1827 881 1908 941 ad
1931 881 2162 952 jactan-

503 969 652 1028 tiam
667 969 1051 1029 Salomonem
1062 973 1334 1044 ejusdem
1356 973 1562 1047 templi
1577 976 2012 1031 exstructorem
2037 985 2162 1028 ser-

505 1058 675 1116 moni
703 1059 845 1116 velis
874 1061 1208 1119 subinferre
1230 1064 1570 1135 (enarrans)
1597 1061 1909 1137 quomodo
1934 1061 2165 1134 impen-

506 1148 817 1230 sissimum
847 1151 1114 1209 studium
1138 1151 1218 1210 ad
1249 1152 1350 1210 Dei
1378 1152 1633 1226 gloriam
1665 1151 1996 1218 contulerit,
2041 1148 2163 1206 exi-

506 1238 632 1297 mia
647 1253 864 1312 nempe
891 1243 1016 1298 arte
1045 1241 1146 1298 Dei
1175 1241 1633 1299 tabernaculum
1649 1240 1810 1299 varie
1833 1240 1965 1299 auri
1993 1254 2162 1309 gem-

506 1343 869 1402 marumque
899 1331 1218 1404 splendore
1243 1331 1723 1400 exornans,nihil
1743 1347 1866 1390 non
1895 1328 2159 1398 molitus,

507 1417 1047 1491 quodintuentium
1091 1420 1301 1479 oculos
1363 1421 1702 1485 delectaret,
1760 1425 1818 1479 et
1864 1433 2162 1478 manuum

507 1506 826 1565 hominum
850 1509 1135 1581 operibus
1165 1511 1287 1568 Deo
1315 1511 1582 1569 laetitiam
1608 1511 1820 1570 afferre
1862 1525 1925 1566 se
1980 1522 2164 1582 posse

505 1597 876 1668 existimans,
898 1615 1039 1658 cum
1067 1600 1322 1674 ipsemet
1350 1602 1455 1659 Dei
1484 1617 1640 1676 cpus
1669 1600 1913 1675 reliquis
1969 1597 2163 1656 omni-

507 1688 623 1744 bus
652 1688 998 1761 praecellens
1021 1689 1191 1758 foret,
1220 1707 1292 1749 ac
1313 1691 1508 1759 sciret,
1543 1694 1730 1750 Deum
1760 1695 1819 1748 et
1847 1691 2025 1749 oculos
2053 1688 2162 1746 im-

503 1779 674 1850 plere
692 1779 828 1849 (l7),
846 1793 1212 1854 omnemque
1242 1785 1463 1839 terram
1491 1780 1698 1855 palmo
1725 1779 1958 1849 metiri;

583 1870 716 1924 Haec
737 1868 787 1924 si
804 1867 1234 1927 fastuoseforte
1249 1871 1460 1942 jactes,
1489 1873 2002 1944 CyrusPersarum
2038 1883 2158 1935 rex,

512 1957 604 2014 vir
622 1955 758 2013 licet
771 1956 1087 2016 idololatra
1105 1960 1220 2033 (18)
1243 1965 1301 2018 et
1321 1960 1794 2032 incircumcisus,
1813 1975 2039 2018 vanum
2077 1957 2162 2016 fa-

513 2048 673 2102 stum
696 2049 868 2104 tuum
891 2049 1264 2122 comprimet.
1296 2050 1400 2107 Hic
1437 2050 1739 2124 siquidem
1773 2049 2069 2123 templum
2127 2063 2166 2106 a

515 2135 834 2193 Salomone
857 2136 1317 2210 exaediﬁcatum,
1341 2139 1610 2198 dirutum
1630 2139 1848 2198 deinde
1870 2154 1941 2198 ac
1971 2137 2167 2195 fundi-

514 2229 609 2282 tus
636 2241 933 2297 eversum,
961 2228 1306 2299 ingentibus
1333 2230 1466 2289 auri
1480 2230 1854 2305 ponderibus
1881 2234 1940 2288 et
1958 2227 2164 2286 animo

514 2316 780 2374 maxime
802 2317 1008 2388 alacri,
1034 2319 1132 2376 hic
1155 2320 1428 2394 inquam,
1459 2320 1649 2379 multo
1703 2325 1843 2395 post
1897 2324 2167 2394 tempore

513 2404 715 2463 denuo
745 2411 803 2464 et
838 2408 1023 2466 erexit
1059 2413 1240 2484 atque
1277 2411 1648 2482 instauravit,
1688 2409 2105 2485 populumque
2135 2423 2167 2465 e

516 2495 855 2568 captivitate
884 2497 945 2554 in
975 2513 1151 2556 suam
1191 2499 1446 2572 patriam
1468 2500 1742 2558 restituit.
1799 2499 2169 2557 sustinuistis

515 2586 678 2642 enim
705 2588 1006 2659 quisimul
1024 2591 1540 2662 constristaretur,
1581 2597 1639 2649 et
1667 2607 1788 2648 non
1821 2591 1969 2662 fuit;
1985 2595 2042 2648 et
2067 2591 2170 2662 qui

516 2677 930 2734 consolaretur
953 2679 1086 2750 (20),
1113 2683 1172 2736 et
1195 2695 1267 2736 ex
1299 2680 1576 2738 tribubus
1598 2685 1806 2738 vestrm
1835 2680 2027 2752 gentis
2065 2693 2170 2737 ne-

514 2781 610 2822 mo
649 2781 804 2822 unus
840 2768 1117 2826 inventus
1155 2773 1257 2835 est;
1299 2769 1394 2827 hic
1431 2785 1595 2842 vero,
1650 2770 1739 2829 vir
1809 2770 2167 2842 alienigena,

515 2854 857 2914 beneﬁcum
895 2874 958 2915 se
989 2859 1164 2917 vobis
1188 2875 1259 2917 ac
1288 2859 1732 2935 redemptorem
1765 2861 2042 2936 praebuit.

591 3037 768 3094 XXlV.
799 3038 868 3094 Et
917 3053 1064 3096 sane
1089 3053 1196 3110 per
1252 3053 1390 3096 eam
1416 3039 1760 3111 Ecclesium,
1811 3056 1948 3113 quas
1977 3045 2071 3098 est
2099 3057 2172 3098 ex

1655 303 1970 366 GERMANI
2004 297 2054 361 ΙΙ
2093 299 2202 362 CP.
2239 299 2732 368 PATRIARCHJE.

573 430 845 499 Posuisti,
879 446 916 488 o
953 431 1174 496 Iudaee,
1223 433 1562 492 custodiam
1589 433 1678 491 ori
1721 437 1846 502 tuo,
1887 429 2164 488 etfaciem
2191 427 2241 482 Α

3761 306 3879 366 τοι
3919 293 3930 302 ”

2341 429 2496 486 Ἒθου
2526 439 2600 506 τῷ
2627 435 2855 509 στόματί
2913 452 3010 488 σου
3073 432 3326 508 φυλακὴν,
3382 427 3628 498 Ἰουδαῖε,
3693 436 3876 487 καὶτὸ

2268 523 2548 595 πρόσωπόν
2606 543 2706 578 σου
2763 524 3027 598 αἰσχύνης
3089 527 3385 598 σκοτομηνη
3461 521 3874 599 περιεκάλυψας,

2269 617 2370 663 τῶν
2432 617 2719 686 φωστήρων
2787 622 2888 668 τῶν
2945 612 3180 687 μεγάλων
3245 614 3441 668 τούτων
3505 614 3594 666 τόν
3677 611 3873 667 ἑαυτῶν

2271 695 2307 756 δ
2310 699 2526 761 ηλοποιη
2536 704 2740 756 σάντων
2766 722 2852 757 σοι
2871 707 3118 762 ποιητήν,

2344 789 2458 848 ΚΓ.
2516 791 2587 846 ’Ἡ
2642 797 2733 846 καί
2765 792 2920 846 πάλιν
2961 796 3056 852 την
3112 792 3272 869 ὀφρὺν
3314 795 3481 869 αἴρεις
3545 790 3874 866 ὑψηλοτέραν

2268 887 2361 934 τοῦ
2395 882 2552 955 ίιροῦ,
2598 884 2685 936 τὸν
2743 877 3023 956 οἰκοδόμον
3061 878 3220 935 τοῦδε
3267 880 3570 955 Σολομῶντα
3613 881 3681 943 εἰς
3740 883 3874 934 καύ-

2267 989 2428 1044 χημα
2488 979 2562 1044 τῷ
2623 971 2760 1044 λόγῳ
2820 971 3220 1046 παρεισκυλῶνο
3290 971 3428 1035 ὃπως
3482 990 3538 1026 τε
3634 967 3876 1030 σπουδὴν

2269 1059 2588 1137 ὑπίρθερμον
2648 1060 2983 1116 κατεϐάλλετο
3037 1061 3106 1123 εἰς
3163 1057 3322 1125 δόξαν
3382 1067 3537 1127 Θεοῦ,
3591 1059 3876 1115 ποικίλλων

2268 1151 2442 1205 τὸτοῦ
2495 1157 2630 1206 Θεοῦ
2679 1155 2933 1224 σκήνωμα
2972 1150 3379 1224 καλλιτεχνίαις,
3411 1150 3679 1226 εῦχροίαις
3728 1169 3878 1224 χρυ-

2272 1245 2392 1311 σοῦ,
2449 1239 2718 1314 εὑχροίαις
2766 1240 2943 1310 λίθων,
2992 1239 3327 1315 ἀνθρωπίνων
3379 1239 3544 1312 ὄψεων
3615 1238 3881 1315 θέλγητρα

2267 1331 2440 1383 πάντα
2499 1327 2927 1404 ἐπιτεχνώμενος,
2979 1335 3069 1384 καὶ
3130 1338 3326 1407 χειρῶν
3389 1329 3726 1405 ἀνθρωπίνων
3795 1331 3878 1406 ἐρ-

2269 1438 2382 1491 γοις
2401 1423 2488 1473 τὸν
2517 1423 2645 1475 Θεὸν
2682 1417 2893 1480 ἡδύνειν
2949 1419 3201 1495 οἰόμενος,
3255 1419 3410 1482 αὐτὸς
3461 1421 3610 1495 ἔργον
3657 1418 3732 1471 ὢν
3785 1425 3879 1473 τοῦ

2271 1516 2405 1565 Θεοῦ
2433 1513 2493 1563 τό
2522 1511 2728 1564 πάντων
2753 1509 3034 1586 ἐξαίρετον,
3061 1515 3152 1564 καὶ
3181 1512 3305 1564 Θεὸν
3364 1505 3519 1571 εἰδὼς
3569 1511 3657 1562 τόν
3721 1508 3880 1583 οὐρα-

2268 1600 2352 1652 νόν
2409 1597 2727 1674 πληροῦντα,
2772 1603 2864 1655 καὶ
2905 1604 2998 1660 τὴν
3049 1607 3150 1674 γῆν
3189 1605 3367 1656 πᾶσαν
3413 1604 3708 1674 μετριῶντα
3763 1597 3880 1672 (15)

2268 1696 2334 1763 τῇ
2365 1691 2603 1764 σπιθαμῇ
2627 1690 2760 1764 (16).

2346 1868 2460 1922 Ἐὰν
2486 1867 2570 1923 ἐπὶ
2613 1871 2820 1934 τοὺτοις
2866 1870 3168 1944 κομπάζῃς,
3212 1876 3377 1946 Κῦρος
3426 1869 3453 1923 ὁ
3505 1873 3606 1922 τῶν
3657 1873 3879 1945 Περσῶν

2273 1957 2520 2031 βασιλεὺς
2576 1963 2634 2013 τό
2709 1963 2958 2036 φρύαγμα
3020 1958 3338 2014 κατασϐέσει
3406 1977 3524 2029 σου,
3603 1959 3880 2034 ἄνθρωπος

2272 2043 2652 2125 εἰδωλολάτρης
2729 2054 2818 2104 καὶ
2875 2048 3247 2127 ἀπερίτμητος.
3296 2051 3369 2103 Τό
3423 2049 3527 2124 γὰρ
3572 2048 3674 2102 ὑπὸ
3717 2046 3880 2102 Σολο-

2272 2144 2471 2209 μῶντος
2522 2137 2784 2215 ἁνεγερθὶν
2837 2141 2989 2214 ἱερὸν,
3047 2138 3422 2214 κατερειπωθὶν
3477 2141 3569 2190 καὶ
3638 2134 3881 2210 ἀγαντω-

2275 2227 2357 2279 θὶν
2405 2226 2476 2290 εἰς
2518 2230 2577 2281 τὸ
2628 2226 2888 2301 παντελὲς,
2954 2227 3370 2304 βαρυταλὰντοις
3421 2226 3596 2290 ὁλκαίς
3636 2230 3879 2301 χρυσίου

2274 2319 2364 2369 καὶ
2387 2315 2544 2390 ψυχῇ
2579 2319 2892 2394 θερμοτὰτη,
2917 2318 3068 2381 οὗτος
3128 2325 3353 2395 μακροῖς
3397 2317 3614 2394 ὕστερον
3660 2320 3881 2391 χρόνοις

2276 2402 2586 2468 ἐξανίστησί
2626 2427 2681 2461 τε
2729 2413 2820 2462 καὶ
2876 2411 3210 2479 ἀνενεώσατο,
3271 2413 3363 2462 καὶ
3430 2411 3521 2467 τὴν
3593 2406 3883 2480 αἰχμαλω-

2282 2498 2402 2548 σίαν
2464 2503 2556 2550 τοῦ
2615 2496 2742 2552 λαοῦ
2803 2505 2866 2572 τῇ
2924 2498 3091 2572 οἰκείᾳ
3152 2495 3378 2574 πατρίδι
3429 2496 3881 2556 ἀποκατέστησεν.

2281 2582 2609 2658 ’Υπεμείνατε
2689 2590 2792 2662 γὰρ
2886 2587 3322 2662 πλλυποὺμενον,
3403 2591 3494 2642 καὶ
3577 2586 3685 2660 οὑχ
3781 2587 3882 2639 ὑπο

2280 2674 2442 2750 ἦρξε·
2475 2678 2679 2730 καὶτὸν
2733 2676 3156 2753 παρακαλοῦντα,
3222 2681 3313 2732 καὶ
3387 2676 3492 2750 οὑχ
3567 2677 3743 2750 εὕρετο
3793 2673 3881 2728 ἀπ’

2280 2761 2528 2838 οὐδεμιᾶς
2552 2773 2651 2820 τῶν
2679 2773 2774 2820 τοῦ
2802 2768 3055 2844 ἡμετέρου
3083 2771 3260 2840 γένους
3289 2765 3453 2842 φυλῶν
3477 2785 3490 2800 ο
3541 2766 3570 2819 ό
3617 2761 3652 2818 δ
3655 2767 3678 2818 's
3724 2762 3884 2816 ἀλλο-

2279 2858 2428 2927 γενὴς
2484 2855 2631 2918 οὗτος
2694 2857 2962 2933 ἄνθρωπος
3033 2857 3302 2934 εὐεργέτης
3379 2857 3498 2930 ὑμῖν
3582 2853 3878 2931 ἐγνωρίσθη

2279 2948 2368 2998 καὶ
2395 2944 2628 3020 λυτρωτή
2640 2966 2682 3008 ς.

2353 3034 2468 3093 ΚΔ’,
2501 3037 2596 3090 Διά
2623 3045 2713 3099 τῆς
2741 3035 2794 3102 ἐξ
2813 3035 2968 3092 ἐθνῶν
3025 3039 3128 3114 γὰρ
3178 3035 3492 3099 Ἐκκλησίας
3545 3037 3638 3088 καὶ
3683 3035 3731 3087 οἱ
3785 3038 3876 3086 τοῦ

513 3125 813 3199 gentibus,
843 3126 949 3184 ﬁlii
975 3143 1221 3200 quoque
1269 3128 1449 3186 Israel
1503 3129 1770 3202 quotidie
1835 3129 1916 3187 ad
1979 3129 2169 3203 pristi-

2283 3124 2496 3200 Ἰσραὴλ
2532 3123 2721 3189 παῖδες
2745 3129 2872 3201 πρὸς
2926 3131 3022 3186 τὴν
3081 3130 3336 3203 προτέραν
3390 3125 3734 3200 κληρονομίαν
3780 3128 3870 3176 τοῦ

514 3231 661 3272 nam
689 3215 957 3289 paradisi
982 3216 1391 3276 hisreditatem
1417 3219 2171 3278 vocanturetintroducun—

519 3309 635 3362 tur.
668 3311 747 3361 Ac
774 3305 1066 3378 templum
1079 3307 1439 3378 animatum,
1455 3310 1621 3382 quod
1634 3310 2028 3369 Nabuzardan
2052 3313 2172 3383 (2t)

521 3394 857 3451 accendens
878 3395 1274 3468 cupiditatum
1304 3397 1616 3456 ﬂammam
1644 3401 1881 3458 animas
1910 3402 2036 3459 dire
2067 3401 2174 3458 fm-

520 3484 789 3555 dantem,
811 3485 1090 3543 incendio
1128 3487 1574 3562 absumpserat,
1610 3490 1869 3548 Verbum
1899 3492 2176 3549 omnium

519 3574 793 3631 conditor
829 3578 1008 3649 atque
1039 3575 1269 3641 artifex,
1308 3582 1579 3643 renovat,
1649 3581 1707 3636 et
1737 3579 2176 3652 jucundissime

520 3668 786 3736 exornat,
819 3663 964 3721 illud
993 3664 1054 3722 in
1085 3667 1408 3740 semetipso
1433 3669 1700 3726 excitans
1754 3670 2175 3743 purissimum,

522 3754 990 3824 sanctissimum,
1024 3754 1556 3826 fulgentissimum.
1588 3759 1815 3832 Ecquid
1831 3760 1992 3816 enim
2014 3760 2177 3818 aliud

521 3848 610 3901 est
635 3843 928 3917 templum
955 3843 1072 3903 hoc
1097 3846 1416 3916 excitasse,
1447 3863 1634 3921 quam
1651 3847 2030 3907 deiﬁcatione
2060 3849 2176 3921 (22)

520 3933 748 3992 factum
777 3934 960 3991 fuisse
992 3937 1179 3993 Deum
1207 3941 1266 3994 et
1311 3937 1580 3995 divinam
1637 3937 1890 4010 gloriam
1941 3941 2179 4014 partici-

520 4027 745 4098 passe?
774 4027 918 4092 Quae
949 4030 1152 4083 autem
1221 4027 1382 4099 (huic
1442 4027 1666 4101 templo
1717 4029 2174 4102 exaedificando)

519 4113 898 4188 purissimam
909 4115 1224 4173 materiam
1237 4117 1580 4192 suppeditat
1602 4119 2176 4192 ,prasstantissimum

524 4295 760 4369 ἄναρχος
778 4294 1068 4369 dicendus
1091 4297 1164 4351 sit
1191 4299 1295 4352 aut
1318 4312 1440 4353 non
1463 4296 1777 4368 dicendus,
1797 4298 1976 4356 tradit
1999 4302 2174 4366 (orat.

525 4367 673 4454 39,ςὲ
843 4372 1044 4456 εῌατ-ηρ
1073 4369 1098 4420 ό
1137 4372 1340 4456 ηατὴρ,
1380 4369 1470 4455 καὶ
1507 4367 1773 4456 ἄναρχοςςέ
1814 4369 1873 4423 οὑ
1951 4373 2054 4444 γὰρ
2121 4371 2176 4456 ἐκ

523 4445 681 4526 τινός.
715 4439 885 4528 Υίὸςωὸ
924 4439 1063 4526 Υἱός,
1096 4444 1179 4494 καὶ
1239 4439 1332 4494 οῦκ
1403 4439 1685 4528 ἄναρχςῖ
1729 4441 1784 4494 ἐκ
1820 4449 1911 4528 τρῦ
1959 4439 2178 4519 ’Πατρός

2281 3211 2606 3290 παραδείσου
2637 3219 2694 3270 τό
2723 3217 2840 3271 καθ’
2897 3219 3094 3291 ἡμέραν
3149 3215 3570 3291 προσκαλοῦνται
3616 3216 3699 3266 ταὶ
3763 3209 3864 3262 εἰσ-

2285 3306 2589 3367 οικίζονται.
2627 3310 2728 3360 Καὶ
2769 3310 2856 3360 τὸν
2908 3309 3028 3360 ναὸν
3050 3309 3137 3361 τόν
3187 3305 3453 3379 ἔμψυχον,
3513 3304 3567 3358 ὃν
3608 3304 3634 3356 ὁ
3672 3298 3868 3356 Ναϐουο

2287 3391 2490 3472 ζαρδὰν
2545 3393 2830 3472 ἐνεπύρισε,
2897 3400 2994 3457 τὴν
3057 3396 3390 3472 ψυχόλεθρον
3449 3395 3566 3466 (19)
3623 3391 3877 3451 ἐκκαύσας

2285 3489 2500 3557 κάμινον
2530 3495 2630 3538 τῶν
2656 3489 2855 3559 παθῶν,
2889 3488 2916 3540 ό
2977 3494 3070 3540 τοῦ
3119 3489 3309 3548 παντὸς
3344 3484 3670 3559 ἀρχιτέκτων
3720 3485 3878 3552 Λόγος

2285 3581 2376 3631 καὶ
2420 3581 2795 3651 παντεχνὰμων
2852 3575 3053 3630 ἀνανεοῖ
3120 3582 3211 3630 καὶ
3249 3575 3662 3649 ἐπιτερπέστατα
3717 3571 3876 3625 καθω-

2285 3667 2478 3743 ραίζει,
2507 3669 2556 3720 ἐν
2604 3666 2768 3738 ἐαυτῷ
2807 3667 3114 3728 ὑποστήσας
3156 3666 3547 3740 πανάχραντον,
3603 3663 3878 3734 πανάγιον,

2285 3762 2712 3832 πανυπίρφωτον.
2739 3762 2840 3812 Καὶ
2878 3761 2930 3811 τί
2955 3760 3058 3832 γὰρ
3098 3758 3285 3833 ἕτερον,
3339 3756 3370 3816 ἣ
3403 3763 3466 3828 τῇ
3515 3755 3700 3808 θεώσει
3759 3753 3880 3805 Θεὸν

2285 3853 2376 3903 καὶ
2431 3856 2530 3902 τῶν
2585 3850 2730 3902 θείων
2783 3847 3111 3921 αὐχημάτων
3161 3849 3533 3920 μετεσχηκότα
3585 3847 3678 3896 καὶ
3737 3859 3882 3916 γεγο-

2284 3944 2428 4012 νότα,
2459 3939 2581 4014 ὅπερ
2599 3941 2658 3992 τό
2685 3939 2987 3998 ὑποστῆσαι
3019 3955 3034 4007 ;
3081 3937 3141 3991 Ἡ
3170 3932 3231 3990 δὲ
3281 3937 3520 4011 χορηγός
3563 3940 3663 3987 τῶν
3730 3930 3882 3986 πανά-

2285 4049 2417 4104 γνων
2464 4031 2658 4082 τούτων
2713 4027 2866 4096 ὑλῶν,
2923 4029 2981 4080 τὸ
3036 4034 3130 4090 τῆς
3181 4028 3476 4098 γυναικείας
3533 4024 3737 4097 φύσεως
3787 4019 3885 4082 ἐξο-

2285 4125 2522 4192 χώτατον
2547 4119 2828 4192 καύχημα,
2860 4120 2954 4177 τὴν
2993 4123 3092 4170 τῶν
3139 4115 3390 4190 οὐρανίων
3449 4111 3676 4187 ἀγγέλων
3740 4113 3886 4182 ὑπίρο

2358 4299 2690 4369 (l7)Jerem.
2722 4312 2879 4364 χχιιι,
2911 4299 2996 4369 li:
3025 4293 3340 4369 Numquid
3399 4307 3526 4369 pan
3585 4293 3806 4350 curtum
3833 4293 3885 4346 et

2286 4366 2511 4428 terram
2539 4385 2646 4440 ego
2665 4370 2883 4440 impleo
2912 4368 3054 4424 dicit
3078 4366 3424 4440 Dominus?

2357 4442 2470 4514 (l8)
2497 4433 2706 4515 Utique
2732 4433 3033 4498 idolorum
3054 4438 3240 4515 cultui
3252 4437 3542 4515 addictus
3568 4433 3766 4492 fuerat
3779 4435 3883 4506 Cy‘

523 4512 624 4598 γάρ
669 4509 769 4563 ιἐἰ
808 4507 868 4563 δὲ
903 4515 997 4569 τὴν
1037 4511 1136 4565 ἀπὸ
1211 4518 1408 4587 χρόνου
1483 4507 1765 4602 λαμϐάνοις
1839 4513 2013 4588 ἀρχὴν
2086 4507 2171 4568 καὶ

2286 4507 2410 4582 rus;
2439 4507 2511 4595 ac
2539 4507 2662 4569 no'n
2674 4527 2846 4602 aeque
2858 4515 3087 4602 eertum
3103 4513 3194 4566 est
3212 4509 3751 4602 i‘dololatram‘eum
3762 4520 3885 4602 per:

525 4584 778 4667 ἄναρχος.
810 4587 1030 4644 ποιητὴς
1057 4587 1158 4667 γςὶρ
1197 4584 1402 4667 χρόνων
1454 4584 1558 4658 οὑχ
1615 4587 1715 4639 ὑπὸ
1780 4584 1990 4659 χρόνον.
2060 4587 2176 4643 Ρα-

527 4662 614 4711 ter
644 4658 824 4729 P_ater
845 4660 929 4729 est
940 4661 995 4729 et
1006 4658 1296 4726 principii
1306 4672 1742 4729 expersmeque
1754 4658 1908 4715 enim
1931 4673 2008 4715 ex
2046 4660 2176 4715 ulto

525 4732 630 4783 est.
656 4727 844 4799 Filius
855 4727 1048 4799 Filius
1072 4734 1177 4792 est,
1201 4743 1274 4785 ac
1289 4744 1408 4784 non
1424 4727 1959 4799 principiiempers;
1985 4745 2061 4787 ex
2071 4729 2178 4784 Pa-

527 4805 617 4854 tre
643 4797 922 4871 stqudem.
952 4798 1122 4866 Quod
1149 4801 1203 4856 si
1217 4797 1495 4869 temporis
1517 4797 1882 4871 prmcipium
1929 4803 2173 4870 accipis,

525 4871 704 4926 etiam
714 4871 1016 4944 principio
1026 4878 1205 4944 caret;
1226 4887 1412 4944 neque
1423 4873 1576 4928 enim
1593 4877 1924 4942 temporum
1937 4873 2177 4944 effector

526 4944 779 5016 tempori
794 4943 1008 5016 subest.
1034 4943 1135 4999 Hic
1151 4944 1393 5016 gemina
1403 4958 1591 5015 prope
1607 4944 1687 5016 ad
1701 4944 1950 5016 verbum
1979 4943 2175 5016 legere

525 5019 614 5072 est
641 5015 702 5070 in
731 5014 1292 5089 ejusdemAGregorii
1311 5014 1460 5089 orat.
1494 5018 1581 5071 20.
1608 5015 1673 5089 al
1701 5020 1791 5084 29,
1822 5015 1932 5089 §7.

593 5089 706 5158 (14)
731 5085 1076 5158 Luminaria
1095 5090 1304 5158 auctor
1343 5085 1487 5142 dicit
1534 5088 1710 5144 solem
1757 5085 2174 5153 et'tunam,de

523 5155 746 5233 quibus
772 5156 1082 5233 in‘Psalmi
1110 5155 1265 5221 loco,
1297 5157 1372 5214 de
1397 5173 1520 5233 quo
1549 5158 1803 5227 disserit,
1837 5173 2037 5215 sermo
2063 5162 2170 5214 est.

596 5228 874 5314 (15)‘Cod_.
908 5237 1217 5313 μετριοῦντα
1285 5228 1452 5314 ςυρᾷ
1514 5237 1808 5314 μετριοῶτα
1836 5247 1872 5287 a
1947 5233 2174 5314 μετριὰω

524 5301 975 5359 emendandum
999 5301 1225 5358 censui:
1251 5301 1523 5359 at’aliter'
1553 5301 1756 5360 Graeca
1808 5301 2008 5359 versio
2043 5301 2176 5358 'loci

523 5374 712 5448 Isaiae,
734 5390 766 5430 e
791 5386 914 5443 quo
945 5375 1233 5432 sententia
1255 5373 1584 5448 desumpta
1613 5380 1701 5431 est
1723 5376 1855 5443 (Isa.
1907 5390 2002 5430 χι..
2087 5374 2176 5447 12)

523 5451 612 5507 Τίς
679 5444 994 5521 ἐμίεοησε...
1055 5450 1143 5498 τόν
1209 5445 1428 5521 οὐρανὸν
1482 5444 1772 5519 σπιθαμῇ,
1804 5450 1894 5499 καὶ
1998 5444 2175 5500 πᾶσαν

524 5522 618 5576 τὴν
639 5515 738 5587 γῆν
769 5515 962 5591 δρακί;

525 5588 708 5718 ﬂag?)
740 5587 884 5648 Cod.
931 5589 1209 5663 σπηθαμῇ,
1269 5588 1491 5648 scilicet
1539 5592 1826 5650 consueto
1882 5587 2178 5651 iotaclsmi

677 5687 689 5716 δ

2287 4580 2604 4652 mansisse,
2635 4580 2934 4642 aut'talem
2967 4582 3190 4653 adhuc,
3220 4580 3405 4653 fuisse
3428 4595 3568 4637 cum
3586 4580 3881 4653 templum

2288 4651 2897 4728 Hierosolymitanum
2927 4651 3422 4711 rerediﬁcandum
3445 4651 3646 4725 jussit.

2361 4729 2468 4800 (16)
2497 4727 2645 4800 God.
2674 4727 3037 4800 ψυχόλυθρον.

2361 4745 2468 4799 (ιο)
2497 4745 2645 4784 uoa.
2674 4745 2924 4800 ψυχοΑυυ
2962 4745 3037 4784 ον.

2357 4799 2468 4878 (se)
2495 4797 2650 4878 Ifsal.
2676 4813 2862 4878 vam,
2887 4745 2975 4878 ᾖ.
3063 4871 3093 4878 _
3382 4868 3392 4878 _

2356 4863 2471 4940 (2t)
2504 4870 3032 4942 Quemadmodum
3055 4871 3266 4942 Cyrus,
3289 4868 3396 4941 qui
3419 4863 3880 4942 restaurandum

2284 4935 2514 5000 curavit
2527 4935 2816 5014 templum
2831 4935 3461 5014 Domini,'habi_tiisest_
3471 4955 3508 4996 a
3519 4938 3624 4997 SS.
3637 4935 3882 5014 Ifatrbus

2284 5030 2394 5072 ceu
2415 5019 2597 5087 typus
2629 5009 2845 5071 Christi
2873 5011 3215 5087 Salvatoris;
3246 5011 3330 5068 ita
3359 5009 3882 5087 Nabuzardan,qui

2285 5089 2376 5152 (IV
2401 5083 2540 5157 R'e'g.
2565 5102 2696 5152 xxv,
2723 5089 2755 5142 8
2786 5100 2954 5158 seqq.
2987 5102 3002 5152 ;
3028 5088 3087 5141 et
3104 5083 3325 5143 Jerem.
3357 5155 3369 5167 .
3401 5098 3498 5152 LII,
3569 5083 3633 5138 l2
3680 5087 3882 5207 squ.)

2285 5157 2573 5207 temnlum
2586 5161 2768 5207 ataue
2787 5157 2996 5207 urbem
3013 5153 3337 5207 Jerusalem
3353 5153 3702 5207 incenderat
3715 5159 3771 5207 et
3831 5165 3882 5204 e-

2282 5153 2575 5231 templiim
2586 5161 2768 5231 atque
2787 5153 2996 5214 urbem
3013 5153 3338 5231 Jerusalem
3348 5153 3702 5231 incenderat
3715 5159 3771 5208 et
3789 5153 3882 5207 de.

2286 5225 2602 5286 struxerat.
2626 5225 2870 5302 habitus
2897 5232 2983 5302 est
3009 5233 3071 5284 ut
3097 5233 3280 5302 typus
3300 5227 3657 5302 diaboli,qui
3675 5225 3881 5283 huma~

2283 5317 2443 5384 nuru.
2466 5316 2667 5384 seras.
2686 5299 3008 5384 impulit)“
3028 5299 3286 5384 wiser-

2356 5373 2498 5447 (22)
2531 5371 2831 5447 Deiﬁcatio
2857 5372 3092 5442 (θῦωσις)
3114 5371 3494 5447 άίοἱιιιτᾼιιιιιι
3513 5387 3603 5438 ea,
3639 5385 3757 5447 qua
3775 5380 3884 5447 na-

2287 5441 2421 5502 tura
2441 5441 2655 5502 Christi
2684 5445 2956 5502 humana
2985 5441 3303 5517 assumpta
3332 5443 3540 5517 fuitin
3598 5441 3882 5517 unitatem

2331 5531 2587 5589 ersonin,
2603 5520 2730 5589 tum
2741 5531 2837 5589 ea,
2867 5511 3306 5589 quahomines,
3319 5515 3394 5589 in
3413 5513 3569 5589 ﬁlios
3584 5512 3684 5589 Dei
3704 5511 3882 5582 adop

2331 5531 2587 5581 ersonua,
2603 5531 2730 5573 tum
2743 5531 2837 5585 ea,
2867 5531 2992 5589 qua
3010 5531 3306 5583 nomines,
3331 5531 3394 5572 ιιι
3413 5531 3569 5571 111108
3584 5531 3684 5572 υθι

2285 5531 2414 5662 at];
2445 5587 2665 5650 divinus
2694 5586 3148 5647 illuminationis
3176 5587 3499 5662 participes
3517 5586 3689 5644 ﬁunt;
