4132 6386
291 317 397 384 ⁵113

1408 312 1480 381 iN
1519 320 2146 411 ANNUNTIATlONEM
2180 321 2250 382 B.
2289 324 2550 385 suam.

3559 323 3666 391 ut

269 452 340 505 τὰ
392 457 577 528 πρῶτα
628 450 979 534 μακαριστέα)
1019 447 1085 502 τά
1129 467 1190 521 γε
1248 451 1353 523 μὴν
1393 443 1614 523 δεύτερα
1662 447 1874 501 ταλανι-

2003 449 2118 520 ipse
2136 446 2201 504 in
2224 447 2512 521 paradiso
2539 448 2835 509 universis
2856 450 3269 511 animantibus
3296 455 3663 514 convenien-

274 544 422 609 στέα,
460 544 553 593 καὶ
588 540 655 592 τὰ
690 547 784 601 τῆς
834 538 1074 612 εὐλογίας
1120 539 1556 612 μετεστράφησαν
1599 537 1674 600 εἰς
1721 539 1886 591 κατά-

269 650 369 707 ραν
409 626 504 683 διὰ
535 631 622 682 τὸν
662 631 775 701 ὅφιν
824 632 914 681 καὶ
961 632 1058 687 τὴν
1114 635 1358 700 γυναῖκα.
1399 626 1459 680 Ὀ
1502 630 1592 702 μεν
1634 630 1736 703 γὰρ
1777 627 1886 681 εἰσ-

272 723 518 792 ηγήσατο
572 721 669 778 τὴν
726 717 1004 772 πολυθεῖαν
1034 734 1047 748 ·
1115 716 1339 772 Ἕσεσθε
1390 719 1512 790 γὰρ,
1565 722 1746 792 φησὶν,
1814 720 1883 781 ὡς

276 811 383 864 θεοί
414 828 429 844 ·
464 810 497 868 ἡ
537 804 598 862 δε
626 815 726 861 τῶν
761 808 1083 881 εἰσηγήσεων
1132 804 1377 871 διάκονος
1413 811 1546 881 πρὸς
1592 804 1765 879 ἄνδρα
1800 825 1885 879 γε·

271 903 507 973 γένηται.
569 901 672 952 Καὶ
735 898 762 951 6
830 895 1083 971 βασιλεὺς
1139 905 1241 950 τῶν
1317 895 1553 969 ἐπιγείων
1620 896 1878 968 ἁπάντων,

270 990 493 1062 γυμνὸς,
544 984 905 1060 αἰχμάλωτος,
944 985 1143 1055 ἄθλιος,
1203 993 1298 1039 τοῦ
1347 982 1680 1061 παραδείσου
1718 986 1882 1061 ὑπερ-

274 1077 529 1153 ορίζεται.

1994 540 2082 594 ter
2114 536 2422 611 imposuit.
2455 541 2674 596 Verum
2724 540 2773 597 si
2818 540 3018 613 prima
3044 543 3173 599 haec
3225 544 3310 600 uti
3360 544 3664 602 fortunata

1991 624 2304 684 laudanda
2334 631 2493 695 sunt,
2524 628 2833 686 enimvero
2864 635 2930 687 ut
2970 631 3145 689 valde
3170 649 3520 691 aerumnosa
3558 634 3663 691 de-

1992 714 2293 789 ploranda
2336 725 2478 773 sunt
2523 717 2877 791 posteriora,
2910 735 2983 776 ac
3026 719 3464 779 benedictionis
3502 721 3663 781 illius

1992 803 2259 862 conditio
2296 804 2360 861 in
2398 806 2887 864 maledictionem
2916 813 3164 882 propter
3208 815 3549 885 serpentem
3578 818 3664 870 at-

1992 908 2113 966 que
2141 893 2455 952 mulierem
2489 911 2788 954 conversa
2817 902 2924 954 est.
2960 901 3111 955 Nam
3140 915 3388 973 serpens
3415 901 3665 974 quidem

1992 981 2249 1041 deorum
2296 984 2521 1043 invexit
2577 986 3049 1061 multitudinem,
3107 989 3401 1063 quoniam
3453 989 3606 1049 dixit
3646 1008 3661 1048 :

1998 1071 2189 1130 Erilis
2209 1075 2362 1132 sicut
2393 1075 2479 1131 dii
2505 1077 2659 1149 (57);
2691 1075 2910 1134 mulier
2946 1082 3151 1136 autem
3182 1078 3484 1136 malorum
3523 1080 3667 1152 (ser-

271 1165 499 1242 pontis)
535 1164 932 1225 consiliorum
958 1163 1317 1223 administra
1344 1163 1511 1239 apud
1541 1164 1742 1223 virum
1784 1162 1946 1221 facta
1984 1165 2094 1219 est.
2141 1163 2287 1221 Hinc
2324 1180 2430 1222 rex
2476 1164 2574 1222 ille
2613 1165 3057 1240 universorum,
3098 1183 3236 1242 quas
3278 1172 3452 1226 erant
3481 1183 3666 1240 super

275 1259 516 1329 terram,
537 1255 762 1323 nudus,
788 1255 1082 1328 captivus,
1107 1253 1464 1312 miserabilis
1486 1271 1519 1312 e
1549 1253 1834 1328 paradiso
1862 1250 2198 1324 expellitur.

345 1350 432 1406 Μὴ
488 1347 548 1400 τό
584 1347 721 1399 κατὰ
757 1348 845 1398 τὸν
895 1343 1199 1419 Σολομῶντα
1252 1337 1435 1420 δρᾶμα
1490 1354 1586 1408 τῆς
1618 1346 1754 1398 κατά
1799 1344 1887 1396 τὸν

296 1432 457 1509 Αδὰμ
513 1431 713 1496 ἀπάτης
779 1432 1034 1503 ἀπέοικε;
1096 1438 1185 1494 Μὴ
1241 1436 1310 1487 τὰ
1372 1436 1509 1487 κατά
1567 1437 1655 1523 τὸν
1715 1428 1890 1505 ’Λδαμ

278 1518 606 1584 ἀκατάλληλα
639 1526 772 1598 πρὸς
823 1527 909 1577 τὸν
966 1522 1316 1598 Σολομῶντα;
1368 1530 1481 1577 Τῶν
1523 1518 1675 1603 θείων
1720 1541 1889 1595 χαρι-

278 1616 489 1687 σμάτων
540 1612 757 1690 πλήρεις
808 1611 1085 1688 ἀμφότεροι
1116 1617 1311 1686 ’.γυνὴ
1371 1619 1462 1667 καὶ
1492 1615 1607 1686 ὄφις
1668 1617 1754 1665 καὶ
1795 1630 1888 1664 πο-

272 1702 458 1757 λυθεία
494 1701 905 1777 ἀπαλλοτριοῡσι
956 1709 1049 1756 τοῦ
1101 1710 1235 1757 Θεοῦ
1291 1707 1414 1764 τοὺς
1606 1704 1892 1775 ἡμετέρους

2068 1340 2371 1418 Numquid
2392 1359 2516 1403 non
2540 1344 2685 1403 Adae
2726 1344 2916 1404 ruina
2941 1361 3054 1421 par
3072 1346 3375 1408 invenitur
3396 1346 3665 1407 Salomo-

1999 1430 2095 1488 nis
2128 1432 2464 1504 tragoedia?
2506 1435 2785 1508 Nunquid
2813 1451 2939 1493 non
2964 1436 3250 1494 simillimi
3285 1438 3429 1496 Adae
3460 1454 3532 1496 ac
3563 1440 3667 1497 Sa-

1997 1521 2258 1578 lomonis
2279 1537 2458 1580 casus
2470 1524 2499 1579 ?
2513 1523 2707 1582 Ambo
2723 1523 2942 1582 divinis
2963 1526 3319 1584 muneribus
3336 1527 3657 1596 cumulati;

1997 1610 2213 1669 mulier
2240 1618 2298 1670 et
2328 1628 2576 1687 serpens
2605 1620 2661 1671 et
2690 1614 2944 1672 deorum
2988 1616 3309 1675 multitudo
3346 1623 3588 1676 nostros
3622 1634 3662 1676 a

1999 1700 2119 1756 Deo
2140 1699 2369 1773 primos
2396 1707 2677 1773 parentes
2699 1702 2993 1760 alienant:
3022 1704 3259 1772 eadem,
3290 1721 3428 1778 quae
3450 1706 3661 1779 primis

274 1794 611 1869 προπάτορας
644 1808 657 1822 ·
726 1793 1048 1845 ταυτοπαθεῖ
1123 1799 1236 1854 τοῖς
1295 1794 1631 1867 προπάτορσι
1700 1794 1790 1843 καὶ
1860 1790 1887 1841 6

2003 1788 2373 1861 parentibus,
2401 1795 2459 1847 et
2484 1791 2690 1864 nepoti
2732 1791 3062 1850 obveniunt
3105 1793 3285 1860 mala,
3309 1773 3658 1868 iisdemque

273 1879 532 1954 ἀπόγονος
580 1885 671 1935 καὶ
718 1881 819 1934 ὑπὸ
857 1888 957 1934 τῶν
1007 1881 1198 1954 ὁμοίων
1252 1880 1543 1936 ἁλίσκεται.
1578 1881 1722 1934 Ἐπεὶ
1767 1877 1888 1931 κάν-

272 1972 448 2025 ταῦθα
536 1969 805 2044 συμϐουλή
886 1978 1175 2042 γυναικῶν,-
1235 1975 1325 2024 καὶ
1409 1973 1535 2046 πρὸς
1607 1968 1886 2022 πολυθεῖαν

271 2065 610 2137 παρεκτροπή
646 2076 660 2090 ⁸
713 2065 805 2112 καὶ
854 2055 980 2112 οὐδὲ
1031 2063 1142 2133 ὄφις
1193 2060 1385 2113 ἄπεστι
1435 2056 1883 2132 κακοσύμϐουλος.

270 2155 439 2205 Τοῦτο
478 2145 619 2202 οἶδεν
663 2150 689 2202 6
733 2150 1003 2210 πεπονθώς
1036 2169 1049 2182 ·
1092 2147 1286 2202 ἐκείνου
1325 2150 1426 2225 γὰρ
1458 2149 1613 2221 λόγος
1650 2151 1731 2215 τὸ,
1783 2154 1888 2201 Κα-

280 2239 571 2313 θαιροῦντα
629 2241 866 2313 φραγμὸν
917 2234 1136 2300 δήξεται
1194 2242 1351 2311 ὄφις·
1417 2258 1491 2301 εις
1540 2241 1779 2314 φραγμὸν
1827 2232 1889 2290 δέ

274 2348 368 2403 μοι
392 2330 419 2381 6
456 2330 554 2392 τὰς
590 2327 699 2382 ἐπεὶ
728 2325 840 2390 Tui;
866 2327 1166 2401 ἀλλοφύλοις
1209 2328 1479 2402 ἐπιμιξίας
1529 2327 1887 2400 ἀποτειχίζων

275 2423 433 2491 νόμος
483 2417 781 2481 έξείληπται
812 2435 826 2450 ο
882 2422 971 2472 καὶ
1001 2422 1096 2477 τὴν
1138 2416 1341 2477 ἀπάτην
1392 2421 1590 2476 ταύτην
1618 2418 1645 2470 ό
1703 2418 1889 2479 νοητὸς

276 2511 577 2582 γεγέννηκεν
602 2510 734 2581 ὄφις.

355 2684 480 2743 ΛΛ’.
538 2687 718 2739 Ταῦτά
776 2704 861 2740 σοι
924 2693 998 2758 τῷ
1072 2685 1444 2761 πεπλανημένῳ
1506 2682 1747 2758 Ἰουδαίῳ
1797 2691 1889 2740 καὶ

286 2777 713 2852 σκληρογνὼμονι
763 2776 821 2829 ἐκ
850 2784 951 2828 τῶν
980 2776 1178 2829 πολλῶν
1215 2777 1387 2849 ὀλίγα.
1432 2774 1572 2831 Οὐδὲ
1617 2780 1720 2852 γαρ
1762 2796 1889 2849 συγ-

283 2875 451 2943 χωριί
504 2873 619 2928 ταῖς
678 2864 1041 2941 ἀντιρρήσεσιν
1097 2868 1513 2939 ἑμπλατύνεσθαι
1551 2868 1581 2925 ἡ
1630 2865 1890 2920 ἐνεστῶσα

287 2960 588 3029 πανήγυρις.
653 2959 932 3006 Δικανικοῦ
1004 2957 1106 3028 γαρ
1172 2958 1228 3008 τὸ
1306 2952 1694 3029 σφοδρύνεσθαι
1754 2957 1891 3008 κατά

285 3052 389 3096 τῶν
442 3041 821 3116 ἀντιλεγόντων,
891 3049 982 3096 καὶ
1046 3045 1165 3106 ταῖς
1221 3042 1543 3099 ἀντιθέσεσιν
1604 3043 1886 3120 ἀντιπαρα-

1993 1876 2229 1950 laqueis
2259 1878 2355 1935 hic
2383 1880 2790 1951 prehenditur.
2822 1884 2972 1937 Nam
3001 1881 3185 1938 etiam
3214 1883 3313 1939 hic
3346 1883 3663 1939 suasiones

1997 1965 2339 2033 mulierum,
2375 1973 2434 2024 et
2457 1968 2535 2025 ad
2580 1968 3061 2041 polytheismum
3104 1972 3452 2038 conversio;
3494 1978 3552 2028 et
3579 1987 3659 2028 ne

1998 2070 2245 2128 serpens
2268 2056 2519 2130 quidem
2545 2057 2716 2113 deest
2742 2058 2886 2114 mali
2906 2065 3118 2116 auctor
3140 2060 3400 2116 consilii,
3427 2060 3492 2117 ld
3530 2075 3665 2117 sen-

1998 2142 2073 2199 sit
2100 2149 2157 2200 et
2175 2143 2293 2214 ille,
2325 2144 2429 2218 qui
2458 2145 2677 2202 horum
2711 2146 3012 2203 malorum
3052 2147 3355 2221 particeps
3385 2148 3497 2205 fuit
3523 2167 3536 2217 ;
3569 2148 3665 2222 ip-

1998 2232 2122 2288 sius
2147 2233 2309 2289 enim
2341 2249 2455 2290 vox
2475 2233 2576 2292 illa
2595 2240 2684 2290 est
2713 2251 2726 2290 :
2754 2236 2868 2303 Qui
2894 2237 3151 2307 dissipat
3186 2252 3402 2308 sepem,
3432 2238 3664 2295 morde-

1998 2319 2082 2376 bit
2101 2336 2235 2378 eum
2265 2322 2514 2379 coluber
2539 2324 2673 2394 (59).
2689 2324 2870 2396 Sepes
2899 2328 3102 2381 autem
3122 2324 3240 2394 hic,
3256 2340 3395 2382 mea
3413 2324 3665 2398 quidem

1997 2411 2310 2477 sententia,
2342 2427 2454 2485 pro
2505 2411 2637 2482 lege
2681 2413 2992 2486 accipitur.
3037 2431 3174 2487 quae
3213 2415 3402 2471 instar
3431 2413 3591 2471 muri
3627 2431 3666 2471 a

1998 2499 2388 2572 permistione
2418 2517 2558 2557 cum
2590 2501 2943 2559 mulieribus
2971 2502 3322 2574 alienigenis
3380 2502 3661 2569 arcebat;

1999 2593 2057 2645 et
2074 2589 2232 2645 hanc
2253 2605 2500 2663 quoque
2531 2595 2775 2647 ruinam
2806 2591 3086 2664 spiritalis
3120 2608 3369 2665 serpens
3393 2592 3653 2666 peperit.

2071 2679 2247 2734 XXXI.
2287 2684 2483 2752 Atque
2510 2679 2639 2739 haec
2671 2695 2868 2752 pauca
2907 2697 2938 2737 e
2978 2680 3181 2737 multis
3214 2680 3340 2751 tibi,
3371 2696 3408 2737 ο
3436 2681 3663 2752 Iudaee,

2000 2767 2304 2824 aberranti
2354 2774 2411 2825 et
2455 2769 2519 2825 in
2572 2785 2770 2826 errore
2818 2771 3203 2843 pervicaciter
3251 2770 3664 2844 perseveranti

1999 2856 2160 2913 dicta
2188 2856 2429 2915 fuerint.
2470 2861 2674 2930 Neque
2700 2859 2864 2917 enim
2891 2859 3267 2930 longioribus
3294 2858 3667 2916 refutationi-

1998 2945 2117 3002 bus
2156 2945 2446 3014 insistere,
2478 2964 2616 3020 qum
2646 2963 2808 3005 nunc
2842 2948 3175 3006 celebratur
3207 2948 3517 3019 festivitas,
3560 2964 3666 3021 pa-

2000 3036 2160 3093 titur.
2184 3039 2251 3093 Et
2270 3036 2559 3093 causidici
2589 3037 2836 3110 quidem
2870 3037 3061 3110 fuerit,
3095 3039 3387 3096 adversus
3419 3042 3663 3097 contra-

279 3133 583 3188 τάττεσθαι.
638 3140 1043 3209 Πανηγυριστοῡ
1076 3130 1135 3186 δε
1176 3136 1233 3186 τό
1283 3133 1557 3209 ῥυθμίζειν
1594 3137 1651 3187 τὸ
1712 3133 1888 3187 ἐπιθυ-

2003 3125 2264 3183 diccntes
2315 3126 2730 3184 vehementius
2759 3127 3145 3197 contendere,
3194 3133 3374 3202 atque
3421 3127 3664 3201 objecta

276 3229 409 3296 μοῡν
452 3229 550 3285 τῆς
595 3221 782 3296 ψυχῆς
835 3228 954 3284 ταῖς
1009 3222 1297 3298 εἰρηνικαῖς
1341 3223 1730 3291 καταστάσεσι,
1760 3222 1892 3277 κάπὶ

276 3315 338 3364 τὸ
391 3308 665 3384 ἀτάραχον
694 3315 786 3363 καὶ
829 3310 1089 3366 ἀθόλωτον
1140 3313 1464 3386 κατάστημα
1515 3322 1611 3374 τῆς
1665 3309 1892 3387 καρδίας

277 3407 375 3462 τὴν
415 3402 615 3479 ἐόρτιον
670 3399 866 3462 ἡδονὴν
918 3402 1221 3476 θαλαμεύειν
1262 3403 1713 3479 ἀστενοχώρητον.
1753 3403 1889 3459 Ἀλλ’

278 3492 429 3546 οὗτοι
454 3495 548 3565 μὲν
568 3495 619 3544 οἱ
656 3494 1032 3568 χριστομάχοι
1055 3495 1203 3570 θῆρες
1240 3494 1594 3567 οἰχέσθωσαν,
1618 3500 1708 3547 καὶ
1731 3514 1894 3553 κατηο

280 3584 544 3655 σχυμένοι
574 3585 904 3654 φευγέτωσαν
936 3598 949 3611 ⁸
1007 3586 1109 3635 Καὶ
1137 3585 1409 3654 γενηθήτω
1461 3585 1491 3642 ἡ
1553 3579 1674 3644 ὁδὸς
1720 3583 1890 3635 αὐτῶν

283 3674 469 3731 σκότος
524 3675 616 3723 καὶ
668 3669 933 3743 ὀλίσθημα
966 3692 978 3704 ο
1024 3677 1115 3724 καὶ
1145 3672 1359 3744 ἄγγελος
1400 3678 1593 3745 κυρίου
1624 3669 1889 3725 καταδιωο

280 3764 415 3814 κέτω
447 3760 651 3827 αὐτοὺς,
676 3760 702 3812 6
731 3762 798 3813 τὰ
836 3759 1113 3833 εὐαγγέλια
1140 3762 1369 3834 κομίζων
1395 3769 1457 3834 τῇ
1493 3763 1840 3835 ’Λειωαρθένῳ
1872 3777 1886 3792 ⁸

280 3851 431 3922 ἡμῶν
459 3845 518 3903 6“:
547 3849 694 3911 οὗτος
722 3852 1147 3927 προπορευέσθω,
1188 3855 1278 3905 καὶ
1307 3851 1379 3914 εἰς
1413 3855 1585 3905 αἶσιον
1615 3852 1756 3915 τέλος
1801 3855 1890 3905 τὸν

277 3937 438 4009 λόγον
466 3937 626 4011 ἀγέτω
656 3959 669 3974 ο
704 3935 821 3993 εἷεν.

357 4199 476 4256 ΛΒ“.
524 4201 661 4257 Ἀλλ’
718 4203 821 4277 ὁρῶ
873 4206 1191 4279 προφητικὸν
1228 4208 1394 4280 χορὸν
1432 4202 1770 4279 ὁμοθυμαδὸν
1824 4217 1885 4282 τῇ

283 4293 576 4365 πανηγύρει
639 4296 997 4366 συντρέχοντα
1063 4298 1398 4367 γεγανωμένῳ
1463 4302 1726 4369 προσώπῳ
1799 4303 1889 4351 καὶ

280 4377 578 4454 μειδιῶντι,
608 4386 700 4434 καὶ
739 4380 955 4455 βίϐλους
1012 4383 1342 4454 ὑπαγκάλονς
1397 4382 1758 4458 βαστάζοντα,
1798 4392 1889 4441 καὶ

2000 3215 2285 3273 refellere.
2302 3216 2658 3289 Panegyrim
2683 3232 2824 3273 vero
2846 3217 3204 3275 celebrantis
3220 3218 3419 3289 magis
3437 3233 3662 3274 munus

2002 3308 2091 3361 est
2123 3304 2310 3361 animi
2336 3310 2538 3361 motus
2563 3304 2643 3362 ad
2676 3300 3064 3378 tranquillum
3112 3306 3388 3363 ordinem
3420 3322 3667 3380 compo-

1999 3408 2162 3459 nere,
2191 3398 2246 3448 et
2270 3392 2486 3449 exinde
2508 3393 2569 3449 in
2601 3393 2807 3463 corda,
2838 3410 2975 3467 quae
3007 3411 3220 3452 serena
3248 3411 3320 3452 ac
3345 3395 3669 3468 tranquilla

2000 3496 2150 3554 pace
2179 3481 2473 3549 fruantur,
2487 3481 2996 3553 jucundissimam
3019 3484 3304 3541 inducere
3330 3484 3665 3541 festivitatis

1999 3570 2394 3643 voluptatem.
2428 3571 2542 3627 Sed
2574 3570 2798 3628 abeant
2826 3588 2972 3629 sane
3003 3572 3219 3630 bellum
3263 3573 3391 3630 istm
3434 3572 3668 3630 Christo

1998 3659 2265 3730 infensas,
2301 3666 2357 3715 et
2395 3659 2627 3732 pudore
2650 3660 2864 3717 suffusi
2902 3661 3253 3731 discedant;
3285 3663 3543 3733 Fz'alque
3567 3664 3667 3719 via

1999 3749 2245 3805 illorum
2278 3749 2551 3815 tenebrae,
2587 3755 2639 3805 et
2676 3750 2975 3807 lubricum
2998 3767 3018 3806 :
3046 3757 3101 3807 et
3132 3757 3538 3823 persequatur
3571 3765 3666 3807 eos

1999 3840 2251 3909 angelus
2289 3840 2534 3895 Domini
2558 3841 2689 3913 (6t),
2718 3840 2824 3913 qui
2854 3839 2994 3897 felix
3041 3841 3323 3898 nuntium
3352 3840 3431 3898 ad
3456 3856 3668 3914 perpe-

1999 3932 2168 3985 tuam
2219 3927 2381 3985 illam
2415 3928 2717 4000 Virginem
2767 3928 3000 3986 defert:
3050 3930 3180 4004 ipse
3229 3935 3433 3988 autem
3484 3929 3664 3986 nobis

1997 4022 2240 4092 prmeat,
2274 4023 2331 4074 et
2360 4019 2695 4075 orationem
2743 4024 3015 4076 nostram
3063 4020 3143 4077 ad
3171 4020 3405 4079 felicem
3436 4020 3665 4079 exitum

1997 4106 2314 4180 perducat.
2354 4113 2436 4164 Ac
2465 4106 2540 4163 de
2569 4107 2664 4164 his
2693 4107 3007 4165 hactenus.

2069 4198 2269 4253 XXXII.
2304 4200 2376 4251 At
2398 4211 2536 4253 ecce
2568 4197 2917 4253 universum
2947 4198 3202 4258 chorum
3229 4201 3666 4275 prophetarum

1999 4286 2195 4359 video,
2228 4287 2308 4343 ad
2353 4286 2513 4343 hanc
2566 4287 2973 4346 celebritatem
3018 4289 3156 4347 laeto
3209 4307 3280 4348 ac
3328 4294 3667 4356 subridenti

2002 4375 2169 4432 vultu
2219 4361 2340 4431 una
2385 4375 2563 4433 simul
2592 4392 2805 4434 omnes
2835 4385 3239 4447 accurrentes,
3279 4381 3466 4440 libros
3507 4387 3665 4445 ulnis

279 4469 499 4543 ἑτοίμως
555 4472 744 4544 ἔχοντυ
797 4480 871 4543 τῷ
927 4470 1325 4548 έσφραγισμένῳ
1375 4482 1469 4527 τοῦ
1522 4483 1656 4529 Θεοῦ
1696 4475 1885 4550 βιϐλίῳ

2003 4469 2692 4539 gestantes,paratosque
2719 4466 3107 4538 obsignatum
3126 4470 3295 4527 illum
3322 4474 3418 4529 Dei
3441 4473 3664 4533 librum

281 4556 387 4612 ἀπὸ
430 4556 621 4632 βίϐλου
669 4559 1026 4634 προσομιλειν.
1084 4569 1357 4637 Χοραρχεί
1414 4560 1474 4616 δὲ
1520 4572 1615 4627 τῆς
1670 4569 1893 4639 πανεγύ-

278 4666 407 4724 ρεως
459 4649 487 4700 6
537 4654 791 4721 Μωΰσῆς,
842 4649 937 4703 οὐκ
974 4653 1052 4703 ἔτι
1096 4651 1387 4725 μογιλαλῶν
1427 4653 1566 4726 (60),
1608 4656 1782 4729 ὥσπερ
1835 4659 1893 4710 τὸ

280 4741 555 4814 πρότερον,
585 4741 651 4800 ὡς
679 4737 728 4791 έν
766 4747 829 4812 τῇ
888 4739 1106 4813 γλώσσῃ
1160 4740 1443 4814 βαστάζων
1487 4748 1545 4796 τό
1596 4742 1737 4820 βαρὺ
1777 4766 1897 4821 φορ-

277 4830 392 4879 τίον
446 4833 540 4879 τοῦ
598 4830 780 4900 νόμον,
843 4826 970 4881 ἀλλά
1016 4834 1368 4904 τετρανωμένη
1424 4831 1624 4905 γλώττῃ
1680 4835 1898 4907 φθεγγό-

279 4932 453 4989 μενος.
516 4917 803 4988 Φθέγγεται
838 4914 897 4971 δὲ
934 4922 1023 4987 τί;
1059 4918 1334 4994 Παρελθὼν
1373 4920 1571 4994 ὄψομαι
1627 4926 1685 4975 τὸ
1725 4925 1899 4999 ὅραμα

276 5008 344 5060 τὸ
411 5008 549 5078 μέγα
595 5013 773 5077 τοῦτο,
831 5012 884 5061 τί
934 5009 1015 5063 ὅτι
1079 5009 1139 5063 οὐ
1205 5016 1549 5066 κατακαίεται
1614 5014 1643 5072 ἡ
1711 5012 1896 5097 βάτος,

276 5096 378 5153 καὶ
433 5101 603 5151 ταῦτα
664 5098 726 5151 τό
782 5104 885 5172 πῦρ
960 5102 1021 5152 τὸ
1098 5101 1367 5174 ίπτὸμενον
1427 5111 1527 5154 τῶν
1593 5101 1749 5178 ὁρέων
1808 5110 1900 5159 καὶ

358 5362 474 5434 (57)
502 5364 644 5421 Gen.
671 5379 755 5434 ιιι,
780 5368 830 5421 5.

361 5436 476 5505 {58)
510 5435 658 5493 Cod.
686 5445 799 5497 τῆς.

385 5505 476 5577 59)
508 5505 700 5574 Eccle,
721 5524 775 5577 χ,
806 5508 861 5577 8,

389 5575 483 5652 60)
686 5575 1031 5652 μογγιλαλῶν.

359 5649 478 5725 (61)
507 5649 666 5707 Psal.
685 5649 880 5721 xxxiv,
895 5655 949 5709 6.
966 5654 1241 5710 Fortasse
1259 5654 1592 5722 Germanus
1610 5671 1737 5720 non
1756 5658 1899 5721 vitio

580 5741 833 5804 Panos.
871 5742 975 5802 (ἐκ.
1019 5741 1168 5802 CXL.

2000 4556 2109 4627 (sc.
2130 4560 2404 4612 sanctam
2430 4555 2754 4627 Virginem)
2773 4572 2805 4612 e
2831 4557 2953 4613 suis
2976 4558 3386 4618 voluminibus
3409 4563 3662 4638 alloqui.

2007 4646 2072 4700 In
2084 4644 2200 4700 hae
2224 4659 2406 4717 porro
2432 4643 2769 4702 celebritate
2791 4645 3020 4718 primas
3044 4649 3167 4718 agit
3185 4658 3383 4722 partes
3410 4655 3661 4727 Moyses,

2005 4748 2132 4791 non
2160 4732 2439 4807 amplius,
2490 4738 2556 4789 ut
2584 4734 2749 4801 olim,
2797 4750 2900 4792 ore
2941 4735 3150 4803 blaeso,
3201 4739 3427 4813 quippe
3470 4744 3576 4815 qui
3604 4745 3669 4801 in

2003 4831 2214 4903 lingua
2234 4847 2416 4903 grave
2436 4832 2585 4903 legis
2622 4848 2779 4889 onus
2807 4833 3056 4898 ferebat,
3084 4835 3191 4891 sed
3218 4839 3666 4909 expeditissime

2004 4920 2280 4995 loquens.
2339 4920 2493 4987 Quid
2549 4936 2731 4994 porro
2769 4921 3041 4979 clamat?
3097 4925 3418 4983 Transiens
3460 4930 3666 4987 videbo

2005 5011 2292 5069 visionem
2317 5010 2478 5068 hanc
2504 5025 2810 5084 magnam,
2837 5024 3028 5083 quare
3051 5013 3239 5069 rubus
3268 5030 3389 5071 non
3433 5018 3667 5075 combu-

2006 5105 2188 5169 ratur
2214 5098 2352 5173 (62),
2405 5100 2610 5174 idque,
2640 5100 2777 5159 licet
2821 5100 2885 5157 in
2930 5102 3255 5176 semetipsa
3300 5103 3470 5162 illum
3499 5114 3670 5179 gerat

2008 5370 2440 5449 codicis,quen_1
2468 5384 2657 5449 manu
2687 5369 2935 5437 terebat,
2962 5369 3066 5449 sed
3094 5372 3328 5432 ratione
3349 5382 3667 5449 syntaxeos

2006 5445 2206 5518 posuit
2260 5439 2802 5522 καταδιωκέτωηρςο
2833 5439 3221 5522 ,καταδειὼκωη
3275 5439 3475 5522 ριιούιί
3529 5466 3672 5509 con.

2010 5513 2328 5645 sgnegum
2381 5514 2588 5572 Latina
2640 5513 2890 5585 vulgata
2943 5513 3130 5575 habet
3179 5524 3238 5576 et
3275 5513 3498 5582 'Graeca
3542 5526 3670 5585 LXX

2010 5603 2047 5643 v
2083 5603 2165 5644 rsx
2212 5627 2226 5642 .

2008 5603 2226 5644 VCI'SXO.

2079 5659 2194 5734 (62)
2233 5657 2421 5721 Exod.
2464 5671 2550 5731 ιιι,
2595 5660 2652 5722 3.
3317 5754 3389 5821 2³
