4132 6376
480 302 617 389 xm
1656 332 1967 391 GERMANI
2013 334 2060 389 II
2108 333 2221 393 cp.
2276 335 2744 393 PATRIABCHE
3772 338 3870 397 715

499 456 704 529 ignem
723 458 825 532 qui
844 458 1040 528 tangit
1064 463 1293 515 montes
1322 463 1377 515 et
1392 456 1849 529 fumigantwt).
1876 461 2023 515 Nam
2046 474 2131 514 cas

2236 460 2608 521 ,καπνίζονται
2638 460 2773 532 (63),
2821 464 3053 536 φέρουσα
3102 459 3151 512 ἐν
3193 459 3378 533 ἑαυτῇ.
3412 465 3515 514 Καὶ
3566 461 3725 523 ἄλλως
3777 466 3868 536 γὰρ

499 550 693 604 terum
721 548 888 604 haud
944 548 1124 604 timeo
1161 547 1308 604 illud
1343 549 1473 604 :Ne
1518 550 1837 617 appropies
1875 549 1991 605 huc
2019 550 2131 621 (65)

2271 552 2328 601 τὸ
2385 556 2470 608 Μὴ
2530 549 2747 623 ἕγγίσης
2798 547 2920 617 ὧδε,
2987 550 3047 602 οὗ
3101 546 3343 608 δέδοικα.
3373 556 3501 603 Τότε
3547 549 3650 624 γᾶρ
3706 572 3870 625 σωμα-

500 637 864 711 Corporeum
893 637 1057 693 enim
1083 637 1581 706 calceamentum,
1610 652 1734 710 quo
1762 638 1960 693 medio
1990 637 2132 692 caele

2268 642 2412 690 τικὸν
2460 635 2731 711 ὑπόδημα,
2865 644 3011 713 μέσῳ
3059 642 3089 698 ἡ
3128 640 3369 713 οὐράνιος
3417 639 3573 712 ψυχὴ
3618 639 3869 716 προσδια-

497 726 600 782 stis
628 726 835 782 anima
858 730 1027 782 terrae
1057 726 1297 789 insistit,
1321 726 1561 797 jamdiu
1590 730 1717 781 tum
1742 726 1964 781 dimisi.
1998 729 2129 781 Insu

2268 727 2434 799 τρίϐει
2476 736 2538 800 τῇ
2588 736 2681 801 γῇ,
2732 730 2939 800 φθάσας
2992 727 3351 799 ἀπελυσάμην.
3411 733 3513 781 Καὶ
3566 733 3626 782 τό
3674 738 3776 805 πῦρ
3816 728 3869 785 δι

496 830 604 889 per
625 814 781 886 ignis
827 815 940 872 iste
991 814 1159 871 haud
1205 817 1357 885 ignis
1386 829 1735 871 consumens
1769 821 1853 870 est
1888 817 2019 888 (66),
2053 831 2128 871 seq

2267 824 2416 867 τοῦτο
2508 815 2567 867 οὐ
2648 824 2751 891 πῦρ
2821 815 2935 869 ἐστι
3002 816 3421 885 καταναλίσκον,
3508 814 3617 869 ἀλλ’
3690 821 3869 892 ἦμερον

496 905 761 960 suaviter
776 904 1126 960 illuminans
1155 909 1212 960 et
1242 903 1589 959 exhilarans
1613 920 1626 957 :
1659 903 1862 974 Neque
1883 907 2039 959 enim
2068 919 2128 960 ve

2268 905 2494 976 φωτίζον
2551 925 2641 957 και
2696 905 2891 978 ἱλαρὸν,
2934 906 3008 958 Οὐ
3065 908 3167 979 ’γὰρ
3232 903 3401 973 ἦλθεν,
3456 898 3540 958 ἵνα
3591 911 3742 980 κρίνῃ
3793 912 3870 961 τόν

496 994 609 1058 nit,
640 999 703 1047 ut
718 993 952 1063 judicet
971 992 1283 1064 mundum,
1314 993 1418 1049 sed
1442 1000 1507 1047 ut
1533 992 1759 1048 mundo
1781 995 2035 1048 salutem
2064 993 2128 1062 fe

2267 997 2481 1064 κόσμον,
2552 991 2659 1045 ἀλλ’
2718 995 2802 1045 ἶνα
2867 996 3013 1067 σῶση
3074 998 3162 1045 τὸν
3238 999 3457 1065 κόσμον.
3542 995 3706 1047 Πάλιν
3779 997 3871 1071 ὁρῶ

495 1086 596 1138 rat
625 1083 760 1154 (67).
799 1084 1027 1137 Rursus
1074 1081 1251 1137 video
1306 1083 1490 1136 Deum
1548 1082 1939 1137 inclinantem
1981 1083 2127 1138 ca’lo

2268 1085 2396 1133 Θεὸν
2448 1082 2692 1155 οὐρανοὺς
2752 1082 3010 1149 κλίνοντα,
3078 1087 3168 1134 καὶ
3219 1082 3287 1143 εἰς
3357 1087 3413 1134 τό
3481 1083 3628 1154 ἅγιον
3700 1104 3871 1161 κατερ-

496 1177 553 1228 et
576 1170 1023 1228 descendentem
1049 1171 1164 1243 (68)
1187 1170 1248 1225 in
1280 1175 1549 1225 montem
1575 1175 1875 1236 sanctum,
1899 1171 2004 1242 qui
2033 1170 2128 1225 uni

2266 1173 2488 1241 χόμενον
2538 1174 2677 1242 ἄρυς,
2735 1175 2791 1223 τό
2844 1173 3023 1231 πάσης
3073 1179 3168 1232 τῆς
3221 1179 3323 1242 γῆς
3377 1173 3743 1246 ὑπερκείμενον
3790 1179 3872 1226 καὶ

493 1275 685 1315 versae
716 1263 885 1315 terrae
916 1258 1342 1331 supereminet,
1374 1262 1431 1313 et
1459 1258 1605 1313 nihil
1636 1259 1747 1313 nisi
1779 1257 2018 1314 caeleste
2065 1273 2125 1313 sa

2267 1268 2398 1335 μόνα
2437 1273 2650 1337 φρονοῦν
2688 1269 2753 1317 τὰ
2808 1265 3025 1340 οὐράνιοι
3056 1286 3068 1298 ⁸
3129 1266 3231 1338 ὁρῶ
3279 1269 3373 1323 τὴν
3416 1272 3515 1335 γῆν
3563 1273 3661 1327 τῆς
3716 1266 3870 1338 ἐπαγ-

493 1348 910 1421 pit(69).Video
931 1353 1159 1405 terram
1180 1348 1599 1417 promissionis
1621 1349 1773 1403 lacte
1793 1353 1846 1403 et
1873 1348 2053 1403 melle
2073 1362 2125 1402 re

2266 1352 2459 1423 γελίας,
2531 1358 2623 1411 τὴν
2687 1353 2821 1425 γάλα
2876 1360 2967 1407 καὶ
3033 1354 3148 1427 μέλι
3209 1361 3303 1416 τῆς
3363 1354 3588 1426 ἀφέσεως
3633 1356 3869 1430 ῥέουσαν.

492 1436 800 1493 missionis
832 1442 1172 1494 manantem
1198 1436 1331 1508 (70).
1359 1438 1468 1491 Pro
1500 1442 1691 1491 vetere
1722 1436 1823 1491 illa
1850 1436 1997 1491 mihi
2023 1436 2124 1491 hor

2269 1439 2408 1493 Ἀντὶ
2459 1451 2553 1503 τῆς
2619 1446 2870 1515 προτέρας
2936 1440 3215 1514 δυσηχοῦς
3280 1462 3370 1515 μοι
3433 1441 3629 1505 ἐκείνης
3688 1454 3869 1517 φωνῆς,

490 1527 696 1583 risona
745 1542 915 1595 voce,
950 1525 1367 1582 dulcissimam
1420 1541 1582 1581 nunc
1612 1524 1871 1581 exaudio
1905 1542 1919 1579 :
1953 1525 2122 1579 audii

2267 1537 2361 1592 τῆς
2411 1530 2737 1602 γλυκυτάτης
2778 1530 3114 1607 ἐπακροῶμαί
3144 1552 3155 1564 ·
3218 1535 3425 1589 ἤκουσα
3477 1531 3641 1584 πάλαι
3672 1554 3685 1565 ’
3737 1532 3870 1586 Ἀνά-

490 1615 633 1672 olim
662 1616 965 1673 :Ascende
990 1617 1053 1671 in
1084 1617 1247 1672 hunc
1265 1621 1543 1676 montem,
1576 1620 1631 1670 et
1654 1630 1887 1669 morere
1914 1615 2000 1669 ibi
2016 1615 2122 1685 (71]

2268 1616 2392 1675 ϐηθι
2440 1619 2510 1680 εἰς
2548 1616 2671 1671 τόδε
2723 1623 2781 1671 τό
2835 1624 2971 1694 ὅρος,
3014 1625 3105 1672 καὶ
3154 1620 3363 1672 τελεύτα
3418 1619 3560 1673 ἐκεῖ·
3614 1626 3711 1673 καὶ
3762 1620 3870 1674 ἀνα-

490 1710 548 1762 et
576 1721 716 1762 cum
754 1704 1190 1768 ascendissem,
1222 1704 1423 1760 statim
1472 1704 1611 1759 inde
1645 1703 1724 1760 ad
1754 1703 1977 1759 inferos
2023 1702 2122 1757 des

2268 1706 2381 1773 ϐας,
2428 1708 2580 1770 εὐθὺς
2634 1706 2821 1761 ἐκεῖθεν
2873 1708 3095 1768 κατέϐην
3147 1707 3231 1761 ἐπὶ
3278 1713 3362 1761 τὸν
3408 1706 3580 1768 ’Λδην
3615 1731 3629 1743 ο
3671 1718 3764 1762 νῦν
3819 1707 3873 1763 δὲ

489 1793 707 1852 cendi:
739 1809 901 1850 nunc
950 1809 1092 1850 vero
1122 1807 1231 1866 per
1259 1793 1423 1848 hunc
1473 1791 1907 1847 inambulantis
1947 1792 2048 1846 Dei
2086 1807 2121 1846 a

2268 1791 2363 1848 διὰ
2414 1806 2505 1848 τοι)
2565 1794 2910 1850 θεοϐαδίστου
2960 1802 3146 1850 τούτου
3206 1802 3354 1873 ὅρους
3399 1803 3489 1851 καὶ
3543 1798 3871 1873 ὑπερυψηλου

490 1885 660 1940 mira:
692 1882 1065 1939 celsitudinis
1111 1886 1381 1937 montem
1420 1882 1498 1937 ad
1526 1880 1826 1937 caelestem
1864 1883 2053 1937 vitam
2098 1896 2122 1936 ε

2264 1889 2393 1957 πρὸς
2440 1890 2534 1945 τὴν
2574 1887 2811 1959 οὐράνιον
2866 1885 3166 1960 musaeum
3218 1888 3356 1948 ζωὴν
3409 1893 3499 1940 καὶ
3543 1893 3638 1947 τὴν
3681 1890 3871 1961 ἄμεσον

491 1972 909 2029 immediatam
941 1971 1042 2027 Dei
1078 1969 1375 2026 visionem
1406 1970 1644 2025 evehor.

892 1988 909 2026 ι
941 1971 1042 2027 Dei
1078 1969 1375 2026 visionem
1406 1970 1644 2025 evehor.
2265 1976 2524 2027 θεοπτίαν.

565 2064 788 2118 XXXIII.
826 2062 954 2116 Una
979 2074 1120 2116 vero
1160 2075 1300 2115 cum
1352 2062 1551 2131 Moyse
1579 2059 1779 2132 prodit
1816 2059 1877 2114 in
1904 2074 2155 2131 conspe-

2337 2063 2453 2116 ΛΓ.
2505 2071 2589 2135 Τῷ
2640 2073 2821 2118 Μωσεί
2878 2068 3044 2136 τούτῳ
3093 2071 3182 2118 καὶ
3213 2067 3238 2117 ό
3271 2062 3490 2137 ἁδελφός
3541 2071 3873 2142 συνεισέρχε·

490 2156 656 2209 ctum
684 2154 742 2207 et
771 2150 952 2207 frater
989 2149 1236 2220 (Aaron)
1269 2163 1527 2204 nuceam
1560 2149 1794 2217 virgam
1823 2151 1933 2218 (72)
1966 2164 2122 2203 manu

2262 2172 2369 2222 ται,
2401 2158 2489 2211 τὴν
2528 2157 2779 2229 καρυῖνην
2822 2150 3020 2228 ῥάϐδον
3079 2153 3381 2226 βαστάζων,
3415 2159 3505 2207 καὶ
3565 2152 3870 2217 ἁποδεικνὺς

489 2245 725 2310 tenens,
779 2254 1038 2312 eamque
1070 2238 1151 2294 ob
1182 2236 1389 2293 oculos
1414 2237 1638 2307 Virgini
1687 2252 1939 2310 ponens,
1977 2243 2042 2293 ut
2076 2253 2117 2292 n

2262 2242 2378 2293 κατ’
2440 2242 2737 2315 ὀφθαλμοὺς
2798 2251 2858 2315 τῇ
2932 2245 3195 2317 Παρθένῳ,
3253 2241 3318 2293 ἶν’
3369 2246 3490 2314 ἔχοι
3551 2247 3677 2305 τοὺς
3737 2244 3869 2314 λογι-

489 2327 952 2399 cogitationibus
981 2327 1113 2400 ipsa
1137 2326 1364 2382 incerta
1391 2323 1657 2394 ﬂuctuet,
1696 2341 1844 2381 neve
1869 2327 2120 2382 haesitan

2266 2335 2426 2403 σμοὺς
2493 2333 2867 2407 ὑποστηρίζειν
2942 2331 2990 2384 ἐν
3058 2336 3245 2405 ταύτῃ,
3315 2337 3406 2384 καὶ
3461 2337 3533 2404 μὴ
3601 2331 3869 2406 ἀποροῦσα

489 2419 568 2475 ad
599 2415 1031 2487 archangelum
1061 2415 1426 2487 respondeat
1453 2431 1465 2467 :
1512 2415 1812 2481 Quomodo
1858 2416 1961 2481 ﬁet
1988 2417 2121 2471 istui

2260 2417 2397 2490 λέγοι
2435 2424 2566 2494 πρὸς
2612 2424 2699 2472 τόν
2747 2421 3150 2495 πρωτάγγελον·
3205 2427 3322 2482 Πῶς
3377 2422 3527 2473 ἔσται
3556 2439 3647 2493 μοι
3698 2429 3863 2487 τοῦτο,

493 2506 662 2574 mihi,
693 2508 977 2579 quoniam
1007 2506 1203 2561 virum
1230 2519 1346 2559 non
1375 2519 1657 2574 cognosco
1688 2504 1801 2575 (73)
1821 2504 1849 2558 ?

1330 2522 1346 2557 ι
1375 2519 1657 2574 cognosco
1688 2504 1801 2575 (73)
1821 2504 1849 2558 ?
2260 2506 2368 2560 ἐπεὶ
2398 2506 2567 2582 ἄνδρα
2597 2509 2655 2561 οὐ
2685 2516 2962 2580 γινώσκως

562 2599 708 2653 Ecce
738 2595 900 2652 enim
926 2598 984 2651 et
1010 2594 1225 2668 puellae
1257 2600 1553 2665 cognatus
1600 2609 1705 2648 rex
1752 2592 1962 2649 David.
2014 2610 2149 2666 pro-

2333 2594 2473 2650 ’ἰδοὺ
2500 2602 2598 2671 γαρ
2656 2604 2746 2650 καὶ
2791 2601 2816 2649 ό
2869 2603 3127 2669 συγγενὴς
3181 2608 3271 2659 τῆς
3323 2604 3478 2672 κόρης
3526 2598 3865 2671 βασι).εὺς,ό

493 2685 800 2760 pheticum
829 2699 1048 2756 agmen
1075 2698 1495 2755 perrumpens,
1513 2683 1572 2737 in
1603 2682 1873 2738 medium
1899 2684 2125 2755 prosilit

2259 2684 2447 2754 Δαυίδ,
2484 2691 2541 2739 τό
2585 2690 2904 2760 προφητικὸν
2938 2687 3191 2759 σ’ἇστημα
3229 2684 3512 2757 διακόψας,
3559 2685 3642 2739 ἐπὶ
3674 2692 3731 2739 τό
3783 2692 3866 2760 μέ-

490 2791 560 2833 ac
589 2774 788 2848 lyram
827 2773 1079 2846 pulsans
1105 2772 1357 2842 virginei
1396 2771 1594 2827 cordis
1626 2772 2122 2827 conturbationem

2261 2794 2350 2827 σον
2422 2775 2703 2845 ἐξάλλεται,
2780 2781 2871 2834 τὴν
2930 2776 3089 2848 λύραν
3160 2784 3334 2835 κινῶν,
3396 2780 3483 2827 καὶ
3535 2777 3863 2835 κατευνάζων

483 2865 695 2921 leniter
720 2864 889 2919 sedat
915 2879 929 2917 :
958 2862 1143 2927 Audi,
1167 2863 1320 2931 ﬁlia,
1352 2861 1547 2934 inquit
1570 2861 1703 2931 (74),
1732 2867 1786 2917 et
1817 2862 1969 2916 vide.
1998 2862 2115 2915 And

2258 2874 2352 2925 τῆς
2422 2868 2741 2936 παρθενικῆς
2804 2862 3031 2939 καρδίας
3098 2868 3185 2916 τόν
3247 2864 3507 2939 θόρυϐον·
3578 2862 3861 2934 Ἄκουσον,

485 2953 1017 3024 angelum;cerne
1047 2951 1281 3020 virgam
1329 2965 1453 3005 non
1501 2949 1810 3020 irrigatam
1863 2956 1917 3004 et
1965 2951 2117 3021 plan

2260 2956 2502 3026 θύγατερ,
2552 2959 2641 3005 καὶ
2700 2950 2801 3006 ἴδε.
2852 2953 3112 3006 ’Δκουσον
3170 2962 3263 3005 τοῦ
3320 2952 3538 3024 ἀγγελου
3573 2974 3584 2985 ·
3636 2949 3721 3005 id:
3774 2959 3863 3011 τὴν

490 3042 747 3108 aridam,
774 3045 979 3112 utpote
1010 3041 1176 3095 omni
1204 3040 1462 3094 humore
1494 3044 1812 3106 carentem,
1835 3040 2122 3109 quomod<

2255 3041 2452 3117 ῥάϐδον
2496 3044 2587 3101 τήν
2629 3042 2927 3113 ἀπότιστον,
2975 3047 3066 3100 τὴν
3118 3043 3561 3117 κατεξηραμένην,
3596 3046 3665 3102 ὡς
3721 3042 3863 3114 ἰκμά-

486 3132 736 3204 (tamen)
767 3130 1085 3200 germinat,
1100 3128 1410 3200 quomodo
1438 3127 1546 3182 fert
1569 3127 1817 3197 fructus,
1833 3128 2118 3199 (Ιυοωοόι

2228 3130 2347 3215 ,θος
2375 3135 2548 3193 πάσης
2595 3136 2956 3205 χηρεύουσαν,
3013 3141 3121 3194 πῶς
3152 3131 3458 3205 βλαστάνει,
3523 3141 3627 3192 πῶς
3677 3151 3860 3203 καρπο-

486 3235 671 3276 suave
697 3218 833 3287 olet,
851 3217 1277 3273 tantummodo
1310 3216 1481 3277 uttui
1515 3231 1702 3287 supra
1732 3220 1961 3271 naturae
1994 3216 2118 3271 ordi

2260 3230 2420 3296 φορεῖ,
2474 3232 2577 3282 πῶς
2626 3218 2923 3285 εὑὼὸιάζει,
2987 3223 3068 3273 ἵνα
3124 3230 3274 3293 μόνον
3330 3226 3425 3279 την
3479 3223 3710 3295 ὑπερφυῆ
3762 3239 3851 3271 σου

484 3324 625 3364 nem
652 3313 858 3380 partus
890 3306 1150 3374 figuram
1173 3305 1512 3376 praesignet.
1544 3308 1621 3359 Ne
1650 3304 1907 3359 turberis
1940 3305 2018 3359 ad
2041 3309 2116 3361 Ga

2257 3311 2609 3385 προχαράξειε
2660 3316 2960 3383 κυοφορίανι
3031 3316 3114 3367 Μὴ
3187 3308 3561 3382 διαταραχθῇς
3620 3313 3747 3381 πρὸς
3796 3311 3850 3359 τὸ

482 3396 687 3453 brielis
720 3394 946 3450 dictum
968 3412 985 3465 ;
1011 3393 1392 3448 verissimum
1442 3392 1585 3447 illud
1616 3399 1723 3458 est,
1757 3393 1892 3448 licet
1919 3399 2114 3449 nature

2255 3402 2403 3474 ῥῆμα
2462 3408 2555 3451 τοῦ
2610 3398 2839 3473 Γαϐριὴλ
2872 3420 2884 3433 -
2935 3399 3226 3460 παναληθὲς
3276 3402 3402 3473 γὰρ,
3462 3399 3505 3451 εἰ
3555 3404 3647 3450 καὶ
3712 3400 3856 3473 ὑπερ·

486 3486 637 3542 ﬁnes
664 3482 1191 3558 prmtergrediens:
1214 3483 1284 3536 In
1311 3483 1539 3537 duobus
1568 3484 1658 3538 vel
1687 3484 1878 3538 tribus
1909 3485 2118 3539 testibu

2260 3495 2380 3562 φυές
2413 3512 2423 3522 ·
2479 3491 2593 3543 Ἐπὶ
2651 3486 2748 3541 δύο
2802 3491 2831 3547 ἦ
2874 3499 3029 3562 τριῶν
3078 3492 3354 3563 μαρτύτων
3405 3495 3507 3541 πᾶν
3536 3489 3689 3562 ῥῆμα
3744 3507 3858 3540 στα-

483 3575 664 3633 stabit
694 3588 862 3630 omne
890 3573 1133 3629 verbum
1173 3570 1315 3643 (75).
1366 3571 1609 3627 Partum
1643 3579 1813 3627 tuum
1840 3573 2115 3627 admiran

2261 3582 2501 3637 θήσεται.
2553 3583 2651 3631 Τόν
2700 3575 2758 3630 δὲ
2809 3583 2899 3631 σόν
2951 3575 3249 3651 παράδοξον
3289 3598 3461 3647 τοκον,
3512 3582 3597 3629 τόν
3646 3580 3751 3631 ὑπὸ
3775 3583 3859 3630 τοῦ

483 3666 654 3732 dum,
683 3665 789 3738 qui
812 3663 1011 3719 verbis
1038 3661 1328 3719 Gabrielis
1361 3661 1773 3727 annuntiatur,
1803 3664 1933 3717 coeli
1982 3664 2115 3717 insu

2257 3672 2487 3744 ῥήματος
2553 3668 2783 3741 Γαϐριὴλ
2856 3674 3191 3740 μηνυόμενον,
3255 3668 3466 3740 οὐρανοὶ
3527 3663 3856 3737 διηγοῦνται.

484 3771 594 3829 per
619 3758 920 3811 enarrant.
952 3752 1093 3808 Inde
1123 3752 1284 3807 enim
1316 3752 1489 3806 adest
1517 3752 1915 3821 archangelus
1938 3771 1950 3817 ;
1975 3753 2116 3807 ades

2261 3759 2480 3811 Ἐκεῖθεν
2526 3761 2629 3833 γὰρ
2678 3760 2703 3809 ό
2750 3757 3096 3830 ἀρχάγγελος,
3141 3758 3289 3809 καὶὸ
3316 3759 3514 3831 μάρτυς
3563 3755 3611 3807 ἐν
3671 3758 3862 3830 οὐρανῷ

484 3851 777 3919 praeterea
822 3844 984 3899 testis
1016 3845 1079 3897 in
1104 3842 1251 3899 caelo
1292 3841 1489 3910 ﬁdelis
1529 3846 1667 3911 (76),
1700 3842 1803 3914 qui
1846 3842 2116 3912 promisit

2259 3851 2465 3911 πιστὸς,
2509 3847 2559 3907 ὃς
2590 3846 2642 3897 ἐκ
2668 3856 2871 3919 καρπον
2926 3854 3020 3907 τῆς
3058 3845 3259 3907 κοιλίας
3300 3865 3401 3917 μου
3433 3848 3613 3903 θήσειν
3678 3845 3759 3898 ἐπὶ
3781 3850 3863 3896 τοῦ

484 3937 550 3993 de
578 3938 783 4007 fructu
812 3932 1040 3989 ventris
1081 3931 1195 3987 mei
1218 3932 1556 4000 positurum
1588 3945 1648 3986 se
1673 3945 1795 3986 esse
1841 3946 2024 3999 super
2062 3946 2116 3986 se

2262 3938 2443 4009 θρόνου
2474 3956 2573 4007 μου
2616 3934 2974 4005 ἐπηγγείλατο,
3008 3939 3099 3985 καὶ
3129 3936 3215 3985 τόν
3262 3935 3438 4006 θρόνον
3469 3952 3569 4005 μου
3596 3941 3725 3995 ταῖς
3751 3935 3866 4005 ἡμέ-

486 4026 618 4082 dem
635 4039 825 4080 meam
838 4022 952 4094 (77)
966 4027 1018 4077 et
1038 4021 1322 4076 thronum
1345 4033 1539 4075 meum
1556 4021 1709 4075 sicut
1738 4020 1861 4075 dies
1880 4022 2016 4075 σιεζὶ
2027 4020 2118 4091 (78

2259 4045 2372 4098 ραις
2404 4032 2843 4095 συμπαρεκτεῖνοιι
2888 4030 2978 4074 τοῦ
3026 4022 3244 4094 οὐρανοῦ
3285 4028 3375 4073 καὶ
3425 4030 3497 4086 τῷ
3529 4021 3651 4091 ὕψει
3692 4030 3867 4074 τούτου

477 4114 702 4187 jugiter
721 4115 1119 4176 servaturum,
1154 4114 1331 4180 atque
1362 4109 1438 4164 ad
1460 4108 1734 4179 ejusdem
1759 4109 1889 4163 caeli
1915 4108 2109 4163 celsitc

2263 4113 2715 4187 συμπαρυψώσαι,
2744 4115 2829 4163 ἵνα
2857 4116 2927 4183 μὴ
2976 4116 3127 4182 μόνον
3175 4114 3251 4167 εἴη
3307 4109 3553 4181 ἐπίγειος,
3597 4109 3739 4163 ἀλλὰ
3788 4112 3870 4160 καὶ

486 4203 693 4260 dinem
725 4204 1092 4265 evecturum,
1133 4197 1288 4254 adeo
1322 4203 1385 4253 ut
1421 4213 1543 4253 non
1600 4198 1887 4253 terrestris
1937 4198 2118 4254 modo

2260 4203 2511 4278 οὐράνιος,
2544 4206 2613 4273 μὴ
2654 4206 2973 4275 πρόσκαιρος
3010 4204 3183 4272 μόνον,
3218 4198 3345 4252 ἀλλὰ
3372 4206 3462 4252 καὶ
3510 4197 3866 4260 ἀτελεύτητος.

486 4292 595 4349 sed
622 4298 678 4348 et
718 4288 995 4358 caelestis,
1017 4303 1139 4343 non
1171 4288 1249 4344 ad
1279 4292 1518 4360 tempus
1558 4287 2007 4353 tantummodo,
2042 4288 2148 4343 sed

487 4386 541 4439 et
574 4383 635 4436 in
662 4384 945 4435 aeternum
975 4378 1045 4432 sit
1076 4378 1428 4433 duraturus.

557 4472 777 4529 XXXIV.
811 4472 873 4526 Et
910 4469 1038 4524 haec
1068 4468 1313 4541 quidem
1343 4467 1547 4523 David.
1585 4467 1699 4523 Sed
1734 4474 1791 4523 et
1818 4468 2141 4524 venerandi
2177 4518 2189 4542 ι

2331 4467 2446 4521 ΛΔ’.
2493 4472 2588 4521 Καὶ
2632 4469 2656 4519 ὁ
2708 4470 2797 4540 μὲν
2846 4463 3015 4519 Δαυίδ
3061 4486 3249 4519 ταυτα.
3311 4466 3379 4519 Oi
3427 4462 3486 4518 δὲ
3529 4470 3864 4542 πατριάρχαι

483 4560 861 4638 patriarchae,
904 4558 1007 4631 qui
1041 4558 1305 4630 primam
1333 4558 1582 4613 honoris
1610 4557 1815 4613 sedem
1846 4557 2115 4613 obtinent

2257 4563 2455 4631 σεμνοὶ,
2517 4566 2709 4629 σεμνῶς
2766 4559 3171 4629 προκαθήμενοι,
3225 4559 3289 4608 τὰ
3348 4557 3603 4630 θεοπρεπῆ
3663 4565 3738 4628 τῷ
3792 4562 3863 4625 σῷ

486 4653 696 4710 divina
713 4666 963 4723 prorsus
978 4649 1053 4704 de
1069 4654 1243 4721 partu
1265 4654 1368 4704 tuo
1383 4647 1716 4720 priedicant
1739 4664 1808 4703 ac
1826 4652 2118 4704 testantur

2254 4654 2390 4719 τόκῳ
2455 4651 2974 4722 πρὸσμαρτυροῡσιν.
3027 4645 3086 4697 Ὀ
3289 4644 3337 4697 ἐν
3398 4642 3863 4720 βραχυδιαστάτῳ

487 4745 557 4800 Et
567 4742 709 4799 hinc
733 4740 977 4812 quidem
1000 4738 1307 4795 Abraham
1323 4737 1387 4793 in
1416 4737 1634 4807 exiguo
1658 4743 1717 4793 et
1736 4738 2034 4794 concinno
2056 4743 2119 4794 ta

2260 4745 2424 4809 σκηνῇ
2484 4742 2575 4789 καὶ
2638 4736 3029 4809 εὐπιριγράπτῳ
3081 4734 3379 4796 εἰσοικίζων
3430 4738 3518 4787 τὸν
3576 4733 3863 4810 ἀπερίγρα-

559 4951 583 5242 Ξ

585 4954 672 5027 63)
705 4950 847 5027 Cod.
868 4946 1299 5027 καταπνιζονται.

949 4946 1299 5011 ταπνιζονται.
2256 4944 2581 5027 missionis.

586 5015 672 5096 64')
702 5024 851 5096 Psal.
882 5038 994 5089 CIII,
1036 5025 1125 5078 32.
1972 5032 1977 5035 -

1972 5032 1977 5035 _
2326 5015 2958 5096 pgut.;xx11,49.
3243 5084 3253 5094 ,
3325 5085 3335 5096 ,
3429 5088 3439 5096 .
3517 5086 3522 5096 .

586 5082 677 5160 65')
706 5095 891 5152 Exod.
925 5082 1008 5159 ui,
1035 5097 1092 5148 5.
2267 5159 2271 5160 ί
2325 5082 2438 5160 (72)
2468 5088 2644 5160 Virga
2664 5091 2884 5153 Aaron,
2917 5102 3053 5160 quae
3085 5100 3208 5140 non
3239 5084 3484 5160 irrigata
3509 5082 3735 5151 ﬂoruit,
3764 5084 3861 5140 SS.

585 5157 675 5234 66}
707 5171 874 5224 Deut.
897 5182 974 5234 1v,
995 5157 1094 5232 24;
1120 5163 1293 5220 Hebr.
1319 5179 1417 5228 xu,
1446 5166 1533 5218 29.
2258 5157 2531 5234 Retribus
2561 5157 2670 5214 fuit
2702 5165 2879 5231 typus
2921 5157 3199 5234 Deiparaa,
3229 5173 3360 5234 quae
3409 5157 3536 5212 sine
3561 5161 3730 5211 tactu
3758 5169 3864 5227 pu-

561 5228 678 5310 (67)
706 5240 879 5310 Joan.
906 5228 999 5305 xii,
1028 5228 1116 5291 4⁸7.
2255 5230 2690 5310 doris_inventa
2711 5228 2799 5310 est
2827 5228 3393 5285 mater’SaIvatoris.

582 5302 671 5375 685
699 5309 849 5366 Psal.
877 5302 1015 5375 ινα,
1047 5311 1131 5363 10.
1408 5374 1413 5375 ί
2130 5372 2139 5375 _

1408 5374 1413 5375 ,
2130 5372 2139 5375 _
2326 5304 2443 5375 (73)
2474 5304 2615 5375 Luc.
2638 5317 2678 5372 1,
2711 5302 2797 5357 34.

582 5312 660 5366 68⁴
699 5312 849 5366 Psal.
877 5323 1015 5375 xvu,
1047 5312 1131 5363 10.
2326 5312 2416 5368 (73
2474 5312 2615 5357 Luc.
2638 5317 2678 5372 1,
2711 5312 2798 5357 34.

557 5312 675 5453 ἕως
710 5379 920 5453 Audis,
972 5378 1273 5453 Virginem
1302 5374 1637 5453 _Deiparam
1686 5376 1896 5453 sancto
1948 5372 2145 5429 monti
2324 5312 2443 5453 (Et;
2470 5373 2620 5453 Bsal.
2649 5389 2794 5442 xuv,
2826 5377 2909 5453 t_t.

485 5443 851 5532 comparari,
885 5443 1140 5532 non
1177 5447 1363 5504 modo
1393 5443 1688 5532 universus
1731 5449 1901 5501 terrai
1940 5460 2144 5518 super-
2466 5445 2643 5532 Deut.
2670 5460 2806 5515 xvu,
2892 5463 2909 5511 ;
2934 5443 3134 5532 IJim.
3158 5459 3215 5516 v,
3254 5447 3337 5499 I9.

486 5515 725 5595 eminet,
750 5515 859 5578 sed
877 5515 1024 5577 nihil
1052 5526 1273 5595 terram
1303 5518 1493 5595 sapit.
1814 5588 1884 5595 η
1943 5589 1977 5595 _
2015 5515 2039 5595 ί
2323 5515 2438 5595 (79)
2466 5516 2621 5595 θεαί.
2641 5515 3023 5595 ωιχχνιῐιβὸ.

555 5594 670 5668 (70)
710 5587 880 5668 Deut.
905 5608 1061 5660 nn,
1083 5594 1172 5647 20.
1202 5587 1566 5668 Frequenter
1597 5602 1778 5668 porro
1810 5588 1908 5645 SS.
1940 5589 2142 5643 Patres
2325 5587 2436 5668 (ῃ)
2468 5587 2627 5668 135a].
2656 5603 2843 5654 CXXXI,
2873 5590 2956 5642 Il.

484 5657 709 5724 sancta
756 5666 1025 5739 Deiparm
1047 5657 1419 5737 symbolum
1444 5657 1714 5717 habuere
1737 5663 1964 5716 terram
2000 5673 2139 5731 pro-
2321 5657 2437 5732 (78)
2466 5658 2621 5715 Psal.
2647 5673 2921 5726 Lmvm,
2954 5661 3044 5715 30.
