  <div class='ocr_page' id='page_1' title='image "/cluster/home/n/w/nwhite01/storage/ocr_20150623/140/coo.31924054870450/368.png"; bbox 0 0 4132 6380; ppageno 0'>
   <div class='ocr_carea' id='block_1_1' title="bbox 239 370 348 428">
    <p class='ocr_par' dir='ltr' id='par_1_1' title="bbox 239 370 348 428">
     <span class='ocr_line' id='line_1_1' title="bbox 239 370 348 428; baseline 0 -1"><span class='ocrx_word' id='word_1_1' title='bbox 239 370 348 428; x_wconf 78' lang='grc'><strong>717</strong></span> 
     </span>
    </p>
   </div>
   <div class='ocr_carea' id='block_1_2' title="bbox 1346 353 2509 426">
    <p class='ocr_par' dir='ltr' id='par_1_2' title="bbox 1346 353 2509 426">
     <span class='ocr_line' id='line_1_2' title="bbox 1346 353 2509 426; baseline -0.005 0"><span class='ocrx_word' id='word_1_2' title='bbox 1346 359 1418 426; x_wconf 76' lang='grc' dir='ltr'><strong>ΙΝ</strong></span> <span class='ocrx_word' id='word_1_3' title='bbox 1459 353 2081 423; x_wconf 76' lang='lat' dir='ltr'><strong>ANNUNTIATIONEM</strong></span> <span class='ocrx_word' id='word_1_4' title='bbox 2129 360 2192 416; x_wconf 89' lang='lat' dir='ltr'><strong>B.</strong></span> <span class='ocrx_word' id='word_1_5' title='bbox 2243 358 2509 420; x_wconf 70' lang='grc' dir='ltr'><strong>ΜΑΗῘΛΕ.</strong></span> 
     </span>
    </p>
   </div>
   <div class='ocr_carea' id='block_1_3' title="bbox 3507 370 3614 428">
    <p class='ocr_par' dir='ltr' id='par_1_3' title="bbox 3507 370 3614 428">
     <span class='ocr_line' id='line_1_3' title="bbox 3507 370 3614 428; baseline 0.028 -3"><span class='ocrx_word' id='word_1_6' title='bbox 3507 370 3614 428; x_wconf 86' lang='grc'><strong>718</strong></span> 
     </span>
    </p>
   </div>
   <div class='ocr_carea' id='block_1_4' title="bbox 240 482 1864 570">
    <p class='ocr_par' dir='ltr' id='par_1_4' title="bbox 240 486 1848 570">
     <span class='ocr_line' id='line_1_4' title="bbox 240 486 1848 570; baseline -0.007 -20"><span class='ocrx_word' id='word_1_7' title='bbox 240 516 391 557; x_wconf 84' lang='grc' dir='ltr'><strong>πτον,</strong></span> <span class='ocrx_word' id='word_1_8' title='bbox 416 496 442 549; x_wconf 99' lang='lat'><strong>6</strong></span> <span class='ocrx_word' id='word_1_9' title='bbox 471 493 740 570; x_wconf 60' lang='lat' dir='ltr'><strong>’A6paa&#39;zy.‘</strong></span> <span class='ocrx_word' id='word_1_10' title='bbox 766 496 792 547; x_wconf 85' lang='lat'><strong>6</strong></span> <span class='ocrx_word' id='word_1_11' title='bbox 851 492 906 548; x_wconf 76' lang='grc' dir='ltr'><strong>δ’</strong></span> <span class='ocrx_word' id='word_1_12' title='bbox 933 494 989 547; x_wconf 75' lang='grc' dir='ltr'><strong>ἐκ</strong></span> <span class='ocrx_word' id='word_1_13' title='bbox 1046 502 1140 547; x_wconf 81' lang='grc' dir='ltr'><strong>τοῦ</strong></span> <span class='ocrx_word' id='word_1_14' title='bbox 1186 494 1334 547; x_wconf 87' lang='grc' dir='ltr'><strong>λίθου</strong></span> <span class='ocrx_word' id='word_1_15' title='bbox 1388 497 1562 546; x_wconf 83' lang='grc' dir='ltr'><strong>τέκνον</strong></span> <span class='ocrx_word' id='word_1_16' title='bbox 1601 486 1848 561; x_wconf 75' lang='grc' dir='ltr'><strong>Ἀβραὰμ</strong></span> 
     </span>
    </p>
   </div>
   <div class='ocr_carea' id='block_1_5' title="bbox 1986 482 3616 570">
    <p class='ocr_par' dir='ltr' id='par_1_5' title="bbox 1986 485 3616 563">
     <span class='ocr_line' id='line_1_5' title="bbox 1986 485 3616 563; baseline 0.009 -25"><span class='ocrx_word' id='word_1_17' title='bbox 1986 485 2281 542; x_wconf 68' lang='lat' dir='ltr'><strong>uernaculo</strong></span> <span class='ocrx_word' id='word_1_18' title='bbox 2296 501 2435 544; x_wconf 90' lang='lat' dir='ltr'><strong>eum</strong></span> <span class='ocrx_word' id='word_1_19' title='bbox 2454 488 2777 562; x_wconf 82' lang='lat' dir='ltr'><strong>excipiens,</strong></span> <span class='ocrx_word' id='word_1_20' title='bbox 2791 490 3084 563; x_wconf 90' lang='lat' dir='ltr'><strong>quinullis</strong></span> <span class='ocrx_word' id='word_1_21' title='bbox 3108 493 3335 551; x_wconf 87' lang='lat' dir='ltr'><strong>ﬁnibus</strong></span> <span class='ocrx_word' id='word_1_22' title='bbox 3364 494 3616 552; x_wconf 86' lang='lat' dir='ltr'><strong>circum-</strong></span> 
     </span>
    </p>
   </div>
   <div class='ocr_carea' id='block_1_6' title="bbox 242 576 1848 662">
    <p class='ocr_par' dir='ltr' id='par_1_6' title="bbox 242 576 1848 662">
     <span class='ocr_line' id='line_1_6' title="bbox 242 576 1848 662; baseline -0.006 -24"><span class='ocrx_word' id='word_1_23' title='bbox 242 586 581 662; x_wconf 76' lang='grc' dir='ltr'><strong>ἐγειρόμενος,</strong></span> <span class='ocrx_word' id='word_1_24' title='bbox 626 586 653 636; x_wconf 91' lang='lat'><strong>6</strong></span> <span class='ocrx_word' id='word_1_25' title='bbox 697 584 900 638; x_wconf 62' lang='grc' dir='ltr'><strong>Ἰσαάκ·</strong></span> <span class='ocrx_word' id='word_1_26' title='bbox 956 580 1191 646; x_wconf 77' lang='grc' dir='ltr'><strong>λιθώδης</strong></span> <span class='ocrx_word' id='word_1_27' title='bbox 1236 586 1338 657; x_wconf 74' lang='grc' dir='ltr'><strong>γὰρ</strong></span> <span class='ocrx_word' id='word_1_28' title='bbox 1398 587 1429 641; x_wconf 81' lang='grc' dir='ltr'><strong><em>ἠ</em></strong></span> <span class='ocrx_word' id='word_1_29' title='bbox 1487 590 1581 642; x_wconf 75' lang='grc' dir='ltr'><strong>τῆς</strong></span> <span class='ocrx_word' id='word_1_30' title='bbox 1650 576 1848 653; x_wconf 77' lang='grc' dir='ltr'><strong>Σάρῥας</strong></span> 
     </span>
    </p>
   </div>
   <div class='ocr_carea' id='block_1_7' title="bbox 241 670 1419 751">
    <p class='ocr_par' dir='ltr' id='par_1_7' title="bbox 241 670 1419 751">
     <span class='ocr_line' id='line_1_7' title="bbox 241 670 1419 751; baseline 0 -25"><span class='ocrx_word' id='word_1_31' title='bbox 241 672 426 742; x_wconf 77' lang='grc' dir='ltr'><strong>νηδὺς,</strong></span> <span class='ocrx_word' id='word_1_32' title='bbox 454 680 544 725; x_wconf 72' lang='grc' dir='ltr'><strong>καὶ</strong></span> <span class='ocrx_word' id='word_1_33' title='bbox 565 676 696 751; x_wconf 83' lang='grc' dir='ltr'><strong>πρὸς</strong></span> <span class='ocrx_word' id='word_1_34' title='bbox 715 670 1062 746; x_wconf 73' lang='grc' dir='ltr'><strong>παιδογονίαν</strong></span> <span class='ocrx_word' id='word_1_35' title='bbox 1094 674 1419 732; x_wconf 79' lang='grc' dir='ltr'><strong>ἁνῦπεικτος.</strong></span> 
     </span>
    </p>
   </div>
   <div class='ocr_carea' id='block_1_8' title="bbox 313 841 1851 924">
    <p class='ocr_par' dir='ltr' id='par_1_8' title="bbox 313 841 1851 924">
     <span class='ocr_line' id='line_1_8' title="bbox 313 841 1851 924; baseline -0.007 -20"><span class='ocrx_word' id='word_1_36' title='bbox 313 848 381 904; x_wconf 69' lang='grc' dir='ltr'><strong>Ὀ</strong></span> <span class='ocrx_word' id='word_1_37' title='bbox 407 855 586 923; x_wconf 80' lang='grc' dir='ltr'><strong>τρίτος</strong></span> <span class='ocrx_word' id='word_1_38' title='bbox 634 846 693 904; x_wconf 68' lang='grc' dir='ltr'><strong>δὲ</strong></span> <span class='ocrx_word' id='word_1_39' title='bbox 743 849 784 901; x_wconf 86' lang='grc' dir='ltr'><strong>ὀ⁹</strong></span> <span class='ocrx_word' id='word_1_40' title='bbox 821 848 992 903; x_wconf 80' lang='grc' dir='ltr'><strong>Ιακὼϐ</strong></span> <span class='ocrx_word' id='word_1_41' title='bbox 1037 852 1264 924; x_wconf 83' lang='grc' dir='ltr'><strong>χριστὸν</strong></span> <span class='ocrx_word' id='word_1_42' title='bbox 1312 848 1464 918; x_wconf 83' lang='grc' dir='ltr'><strong>ἐλαίῳ</strong></span> <span class='ocrx_word' id='word_1_43' title='bbox 1512 841 1851 898; x_wconf 75' lang='grc' dir='ltr'><strong>ἀναδείκνυσι</strong></span> 
     </span>
    </p>
   </div>
   <div class='ocr_carea' id='block_1_9' title="bbox 242 935 1850 1013">
    <p class='ocr_par' dir='ltr' id='par_1_9' title="bbox 242 935 1850 1013">
     <span class='ocr_line' id='line_1_9' title="bbox 242 935 1850 1013; baseline -0.006 -21"><span class='ocrx_word' id='word_1_44' title='bbox 242 939 405 1006; x_wconf 79' lang='grc' dir='ltr'><strong>λίθον,</strong></span> <span class='ocrx_word' id='word_1_45' title='bbox 439 945 529 992; x_wconf 77' lang='grc' dir='ltr'><strong>καί</strong></span> <span class='ocrx_word' id='word_1_46' title='bbox 557 935 696 992; x_wconf 80' lang='grc' dir='ltr'><strong>οἷκον</strong></span> <span class='ocrx_word' id='word_1_47' title='bbox 733 939 976 1013; x_wconf 75' lang='grc' dir='ltr'><strong>ὀνομάζει</strong></span> <span class='ocrx_word' id='word_1_48' title='bbox 1022 947 1174 993; x_wconf 86' lang='grc' dir='ltr'><strong>Θεοῦ·</strong></span> <span class='ocrx_word' id='word_1_49' title='bbox 1230 946 1303 1009; x_wconf 76' lang='grc' dir='ltr'><strong>τῷ</strong></span> <span class='ocrx_word' id='word_1_50' title='bbox 1353 938 1483 1009; x_wconf 83' lang='grc' dir='ltr'>λίθῳ</span> <span class='ocrx_word' id='word_1_51' title='bbox 1531 938 1699 1006; x_wconf 78' lang='grc' dir='ltr'><strong>τούτῳ</strong></span> <span class='ocrx_word' id='word_1_52' title='bbox 1755 938 1850 991; x_wconf 75' lang='grc' dir='ltr'><strong>τὴν</strong></span> 
     </span>
    </p>
   </div>
   <div class='ocr_carea' id='block_1_10' title="bbox 244 1022 1850 1103">
    <p class='ocr_par' dir='ltr' id='par_1_10' title="bbox 244 1022 1850 1103">
     <span class='ocr_line' id='line_1_10' title="bbox 244 1022 1850 1103; baseline -0.005 -22"><span class='ocrx_word' id='word_1_53' title='bbox 244 1029 472 1101; x_wconf 65' lang='grc' dir='ltr'><strong>κεφαλὴν</strong></span> <span class='ocrx_word' id='word_1_54' title='bbox 505 1030 531 1080; x_wconf 88' lang='lat'><strong>6</strong></span> <span class='ocrx_word' id='word_1_55' title='bbox 570 1027 772 1090; x_wconf 78' lang='grc' dir='ltr'><strong>ἀληθὴς</strong></span> <span class='ocrx_word' id='word_1_56' title='bbox 815 1028 1029 1103; x_wconf 82' lang='grc' dir='ltr'><strong>Ἰσραὴλ</strong></span> <span class='ocrx_word' id='word_1_57' title='bbox 1090 1030 1439 1097; x_wconf 79' lang='grc' dir='ltr'><strong>ὑπανέπαυσε,</strong></span> <span class='ocrx_word' id='word_1_58' title='bbox 1501 1029 1588 1076; x_wconf 81' lang='grc' dir='ltr'><strong>τὸν</strong></span> <span class='ocrx_word' id='word_1_59' title='bbox 1646 1022 1700 1075; x_wconf 78' lang='grc' dir='ltr'><strong>ἐκ</strong></span> <span class='ocrx_word' id='word_1_60' title='bbox 1755 1029 1850 1082; x_wconf 78' lang='grc' dir='ltr'><strong>τῆς</strong></span> 
     </span>
    </p>
   </div>
   <div class='ocr_carea' id='block_1_11' title="bbox 244 1113 1849 1191">
    <p class='ocr_par' dir='ltr' id='par_1_11' title="bbox 244 1113 1849 1191">
     <span class='ocr_line' id='line_1_11' title="bbox 244 1113 1849 1191; baseline -0.005 -21"><span class='ocrx_word' id='word_1_61' title='bbox 244 1115 559 1191; x_wconf 78' lang='grc' dir='ltr'><strong>ὁδοιπορίας</strong></span> <span class='ocrx_word' id='word_1_62' title='bbox 612 1119 1079 1191; x_wconf 75' lang='grc' dir='ltr'><strong>παραμυθούμενος</strong></span> <span class='ocrx_word' id='word_1_63' title='bbox 1146 1122 1324 1183; x_wconf 82' lang='grc' dir='ltr'><strong>κόπον,</strong></span> <span class='ocrx_word' id='word_1_64' title='bbox 1380 1117 1667 1187; x_wconf 80' lang='grc' dir='ltr'><strong>μονονουχὶ</strong></span> <span class='ocrx_word' id='word_1_65' title='bbox 1719 1113 1849 1184; x_wconf 79' lang='grc' dir='ltr'><strong>κρά-</strong></span> 
     </span>
    </p>
   </div>
   <div class='ocr_carea' id='block_1_12' title="bbox 248 1206 1852 1281">
    <p class='ocr_par' dir='ltr' id='par_1_12' title="bbox 248 1206 1852 1281">
     <span class='ocr_line' id='line_1_12' title="bbox 248 1206 1852 1281; baseline -0.006 -20"><span class='ocrx_word' id='word_1_66' title='bbox 248 1209 421 1269; x_wconf 79' lang='grc' dir='ltr'><strong>ζοντος</strong></span> <span class='ocrx_word' id='word_1_67' title='bbox 472 1215 567 1259; x_wconf 83' lang='grc' dir='ltr'><strong>τοῦ</strong></span> <span class='ocrx_word' id='word_1_68' title='bbox 612 1207 760 1260; x_wconf 80' lang='grc' dir='ltr'><strong>λίθου</strong></span> <span class='ocrx_word' id='word_1_69' title='bbox 804 1209 987 1259; x_wconf 81' lang='grc' dir='ltr'><strong>τούτου</strong></span> <span class='ocrx_word' id='word_1_70' title='bbox 1047 1208 1475 1281; x_wconf 78' lang='grc' dir='ltr'><strong>προῦπακοῦο-ας·</strong></span> <span class='ocrx_word' id='word_1_71' title='bbox 1532 1209 1681 1255; x_wconf 85' lang='grc' dir='ltr'><strong>Δεῦτε</strong></span> <span class='ocrx_word' id='word_1_72' title='bbox 1720 1206 1852 1275; x_wconf 80' lang='grc' dir='ltr'><strong>πρὸς</strong></span> 
     </span>
    </p>
   </div>
   <div class='ocr_carea' id='block_1_13' title="bbox 242 1289 1851 1370">
    <p class='ocr_par' dir='ltr' id='par_1_13' title="bbox 242 1289 1851 1370">
     <span class='ocr_line' id='line_1_13' title="bbox 242 1289 1851 1370; baseline -0.006 -20"><span class='ocrx_word' id='word_1_73' title='bbox 242 1317 307 1370; x_wconf 83' lang='grc' dir='ltr'><strong>με</strong></span> <span class='ocrx_word' id='word_1_74' title='bbox 380 1315 567 1357; x_wconf 79' lang='grc' dir='ltr'><strong>παντες</strong></span> <span class='ocrx_word' id='word_1_75' title='bbox 645 1297 694 1348; x_wconf 86' lang='grc' dir='ltr'><strong>οἱ</strong></span> <span class='ocrx_word' id='word_1_76' title='bbox 758 1304 1039 1357; x_wconf 76' lang='grc' dir='ltr'><strong>κοπιῶντες</strong></span> <span class='ocrx_word' id='word_1_77' title='bbox 1082 1301 1171 1348; x_wconf 85' lang='grc' dir='ltr'>καὶ</span> <span class='ocrx_word' id='word_1_78' title='bbox 1235 1297 1659 1367; x_wconf 75' lang='grc' dir='ltr'><strong>πεφορτισμένοι,</strong></span> <span class='ocrx_word' id='word_1_79' title='bbox 1710 1289 1851 1341; x_wconf 77' lang='grc' dir='ltr'>κάλὼ</span> 
     </span>
    </p>
   </div>
   <div class='ocr_carea' id='block_1_14' title="bbox 243 1375 1853 1458">
    <p class='ocr_par' dir='ltr' id='par_1_14' title="bbox 243 1375 1853 1458">
     <span class='ocr_line' id='line_1_14' title="bbox 243 1375 1853 1458; baseline -0.004 -21"><span class='ocrx_word' id='word_1_80' title='bbox 243 1385 532 1438; x_wconf 79' lang='grc' dir='ltr'><strong>ἀναπαύσω</strong></span> <span class='ocrx_word' id='word_1_81' title='bbox 584 1386 717 1458; x_wconf 77' lang='grc' dir='ltr'><strong>ὑμᾶς</strong></span> <span class='ocrx_word' id='word_1_82' title='bbox 750 1407 762 1418; x_wconf 89' lang='grc'><strong>·</strong></span> <span class='ocrx_word' id='word_1_83' title='bbox 814 1386 840 1436; x_wconf 90' lang='lat'><strong>6</strong></span> <span class='ocrx_word' id='word_1_84' title='bbox 890 1382 951 1437; x_wconf 72' lang='grc' dir='ltr'><strong>δέ</strong></span> <span class='ocrx_word' id='word_1_85' title='bbox 1011 1385 1153 1445; x_wconf 86' lang='grc' dir='ltr'><strong>λίθος</strong></span> <span class='ocrx_word' id='word_1_86' title='bbox 1193 1384 1250 1441; x_wconf 78' lang='grc' dir='ltr'><strong>ἦν</strong></span> <span class='ocrx_word' id='word_1_87' title='bbox 1283 1385 1308 1434; x_wconf 87' lang='lat'><strong>6</strong></span> <span class='ocrx_word' id='word_1_88' title='bbox 1376 1386 1610 1455; x_wconf 78' lang='grc' dir='ltr'><strong>Χριστός</strong></span> <span class='ocrx_word' id='word_1_89' title='bbox 1658 1384 1716 1432; x_wconf 72' lang='lat' dir='ltr'><strong>El</strong></span> <span class='ocrx_word' id='word_1_90' title='bbox 1793 1375 1853 1430; x_wconf 66' lang='grc' dir='ltr'><strong>δὲ</strong></span> 
     </span>
    </p>
   </div>
   <div class='ocr_carea' id='block_1_15' title="bbox 247 1465 1855 1547">
    <p class='ocr_par' dir='ltr' id='par_1_15' title="bbox 247 1465 1855 1547">
     <span class='ocr_line' id='line_1_15' title="bbox 247 1465 1855 1547; baseline -0.005 -19"><span class='ocrx_word' id='word_1_91' title='bbox 247 1474 486 1529; x_wconf 69' lang='grc' dir='ltr'>ὁἸακώϐ</span> <span class='ocrx_word' id='word_1_92' title='bbox 541 1471 690 1537; x_wconf 78' lang='grc' dir='ltr'><strong>οὗτος</strong></span> <span class='ocrx_word' id='word_1_93' title='bbox 756 1475 848 1526; x_wconf 78' lang='grc' dir='ltr'><strong>καὶ</strong></span> <span class='ocrx_word' id='word_1_94' title='bbox 912 1474 1126 1547; x_wconf 78' lang='grc' dir='ltr'><strong>Ἰσραὴλ</strong></span> <span class='ocrx_word' id='word_1_95' title='bbox 1176 1473 1503 1547; x_wconf 31' lang='grc' dir='ltr'><strong>κέκληταιὶὸ</strong></span> <span class='ocrx_word' id='word_1_96' title='bbox 1565 1469 1745 1528; x_wconf 80' lang='grc' dir='ltr'><strong>’Ῑσαήλ</strong></span> <span class='ocrx_word' id='word_1_97' title='bbox 1795 1465 1855 1520; x_wconf 77' lang='grc' dir='ltr'><strong>δε</strong></span> 
     </span>
    </p>
   </div>
   <div class='ocr_carea' id='block_1_16' title="bbox 247 1545 1855 1639">
    <p class='ocr_par' dir='ltr' id='par_1_16' title="bbox 247 1559 1855 1639">
     <span class='ocr_line' id='line_1_16' title="bbox 247 1559 1855 1639; baseline -0.005 -21"><span class='ocrx_word' id='word_1_98' title='bbox 247 1573 374 1627; x_wconf 90' lang='grc' dir='ltr'><strong>νοῦς</strong></span> <span class='ocrx_word' id='word_1_99' title='bbox 403 1566 529 1637; x_wconf 85' lang='grc' dir='ltr'><strong>ὁρῶν</strong></span> <span class='ocrx_word' id='word_1_100' title='bbox 559 1567 691 1618; x_wconf 83' lang='grc' dir='ltr'><strong>Θεὸν</strong></span> <span class='ocrx_word' id='word_1_101' title='bbox 746 1560 1152 1639; x_wconf 79' lang='grc' dir='ltr'><strong>διηρμήνευται,</strong></span> <span class='ocrx_word' id='word_1_102' title='bbox 1212 1565 1360 1615; x_wconf 66' lang='grc' dir='ltr'><strong>ἔσται</strong></span> <span class='ocrx_word' id='word_1_103' title='bbox 1428 1562 1453 1613; x_wconf 92' lang='lat'><strong>6</strong></span> <span class='ocrx_word' id='word_1_104' title='bbox 1501 1561 1645 1621; x_wconf 83' lang='grc' dir='ltr'>λίθος</span> <span class='ocrx_word' id='word_1_105' title='bbox 1708 1559 1855 1619; x_wconf 71' lang='grc' dir='ltr'><strong>οὗτος</strong></span> 
     </span>
    </p>
   </div>
   <div class='ocr_carea' id='block_1_17' title="bbox 245 1650 1855 1725">
    <p class='ocr_par' dir='ltr' id='par_1_17' title="bbox 245 1650 1855 1725">
     <span class='ocr_line' id='line_1_17' title="bbox 245 1650 1855 1725; baseline -0.005 -20"><span class='ocrx_word' id='word_1_106' title='bbox 245 1660 345 1713; x_wconf 71' lang='grc' dir='ltr'><strong>τὴν</strong></span> <span class='ocrx_word' id='word_1_107' title='bbox 385 1653 626 1725; x_wconf 74' lang='grc' dir='ltr'><strong>κεφαλὴν,</strong></span> <span class='ocrx_word' id='word_1_108' title='bbox 686 1656 744 1722; x_wconf 77' lang='grc' dir='ltr'><strong>ἣ,</strong></span> <span class='ocrx_word' id='word_1_109' title='bbox 810 1656 1124 1725; x_wconf 74' lang='grc' dir='ltr'><strong>σαφέστερον</strong></span> <span class='ocrx_word' id='word_1_110' title='bbox 1192 1653 1371 1724; x_wconf 77' lang='grc' dir='ltr'><strong>φάναι,</strong></span> <span class='ocrx_word' id='word_1_111' title='bbox 1426 1653 1485 1702; x_wconf 75' lang='grc' dir='ltr'><strong>τὸ</strong></span> <span class='ocrx_word' id='word_1_112' title='bbox 1544 1650 1855 1721; x_wconf 74' lang='grc' dir='ltr'><strong>ἡγεμονικὸν</strong></span> 
     </span>
    </p>
   </div>
   <div class='ocr_carea' id='block_1_18' title="bbox 245 1740 1857 1814">
    <p class='ocr_par' dir='ltr' id='par_1_18' title="bbox 245 1740 1857 1814">
     <span class='ocr_line' id='line_1_18' title="bbox 245 1740 1857 1814; baseline -0.005 -19"><span class='ocrx_word' id='word_1_113' title='bbox 245 1753 346 1804; x_wconf 81' lang='grc' dir='ltr'><strong>τῆς</strong></span> <span class='ocrx_word' id='word_1_114' title='bbox 395 1741 580 1814; x_wconf 72' lang='grc' dir='ltr'><strong>ψυχῆς</strong></span> <span class='ocrx_word' id='word_1_115' title='bbox 649 1742 924 1814; x_wconf 80' lang='grc' dir='ltr'><strong>ὐπανέχων</strong></span> <span class='ocrx_word' id='word_1_116' title='bbox 971 1749 1071 1793; x_wconf 84' lang='grc' dir='ltr'><strong>τῶν</strong></span> <span class='ocrx_word' id='word_1_117' title='bbox 1124 1744 1286 1792; x_wconf 82' lang='grc' dir='ltr'><strong>αὑτοῦ</strong></span> <span class='ocrx_word' id='word_1_118' title='bbox 1346 1740 1691 1813; x_wconf 80' lang='grc' dir='ltr'><strong>θεραπόντων,</strong></span> <span class='ocrx_word' id='word_1_119' title='bbox 1767 1740 1857 1788; x_wconf 79' lang='grc' dir='ltr'><strong>καὶ</strong></span> 
     </span>
    </p>
   </div>
   <div class='ocr_carea' id='block_1_19' title="bbox 1957 573 3615 655">
    <p class='ocr_par' dir='ltr' id='par_1_19' title="bbox 1957 573 3615 655">
     <span class='ocr_line' id='line_1_19' title="bbox 1957 573 3615 655; baseline 0.01 -29"><span class='ocrx_word' id='word_1_120' title='bbox 1957 573 2231 630; x_wconf 77' lang='lat' dir='ltr'><strong>scribitur</strong></span> <span class='ocrx_word' id='word_1_121' title='bbox 2255 576 2394 647; x_wconf 86' lang='lat'><strong>(79);</strong></span> <span class='ocrx_word' id='word_1_122' title='bbox 2418 578 2558 634; x_wconf 91' lang='lat' dir='ltr'><strong>inde</strong></span> <span class='ocrx_word' id='word_1_123' title='bbox 2589 594 2732 635; x_wconf 90' lang='lat' dir='ltr'><strong>vero</strong></span> <span class='ocrx_word' id='word_1_124' title='bbox 2763 584 2925 636; x_wconf 81' lang='lat' dir='ltr'><strong>Isaac</strong></span> <span class='ocrx_word' id='word_1_125' title='bbox 2944 583 3263 638; x_wconf 77' lang='lat' dir='ltr'><strong>suscitatus</strong></span> <span class='ocrx_word' id='word_1_126' title='bbox 3295 584 3367 640; x_wconf 88' lang='lat' dir='ltr'><strong>de</strong></span> <span class='ocrx_word' id='word_1_127' title='bbox 3410 586 3615 655; x_wconf 81' lang='lat' dir='ltr'><strong>lapide</strong></span> 
     </span>
    </p>
   </div>
   <div class='ocr_carea' id='block_1_20' title="bbox 1954 662 3612 741">
    <p class='ocr_par' dir='ltr' id='par_1_20' title="bbox 1954 662 3612 741">
     <span class='ocr_line' id='line_1_20' title="bbox 1954 662 3612 741; baseline 0.01 -26"><span class='ocrx_word' id='word_1_128' title='bbox 1954 662 2120 729; x_wconf 76' lang='lat' dir='ltr'><strong>ﬁlius</strong></span> <span class='ocrx_word' id='word_1_129' title='bbox 2144 665 2401 722; x_wconf 75' lang='lat' dir='ltr'><strong>Abrahw</strong></span> <span class='ocrx_word' id='word_1_130' title='bbox 2430 668 2581 737; x_wconf 88' lang='lat'><strong>(80);</strong></span> <span class='ocrx_word' id='word_1_131' title='bbox 2645 668 2920 741; x_wconf 85' lang='lat' dir='ltr'><strong>lapideus</strong></span> <span class='ocrx_word' id='word_1_132' title='bbox 2974 671 3134 726; x_wconf 88' lang='lat' dir='ltr'><strong>enim</strong></span> <span class='ocrx_word' id='word_1_133' title='bbox 3195 674 3354 728; x_wconf 88' lang='lat' dir='ltr'><strong>Sara</strong></span> <span class='ocrx_word' id='word_1_134' title='bbox 3408 681 3612 731; x_wconf 81' lang='lat' dir='ltr'><strong>uterus</strong></span> 
     </span>
    </p>
   </div>
   <div class='ocr_carea' id='block_1_21' title="bbox 1958 755 3196 829">
    <p class='ocr_par' dir='ltr' id='par_1_21' title="bbox 1958 755 3196 829">
     <span class='ocr_line' id='line_1_21' title="bbox 1958 755 3196 829; baseline 0.008 -23"><span class='ocrx_word' id='word_1_135' title='bbox 1958 757 2103 821; x_wconf 88' lang='lat' dir='ltr'><strong>erat,</strong></span> <span class='ocrx_word' id='word_1_136' title='bbox 2131 759 2189 808; x_wconf 89' lang='lat' dir='ltr'><strong>et</strong></span> <span class='ocrx_word' id='word_1_137' title='bbox 2216 755 2293 810; x_wconf 89' lang='lat' dir='ltr'><strong>ad</strong></span> <span class='ocrx_word' id='word_1_138' title='bbox 2316 755 2535 813; x_wconf 89' lang='lat' dir='ltr'><strong>liberos</strong></span> <span class='ocrx_word' id='word_1_139' title='bbox 2564 757 2902 829; x_wconf 81' lang='lat' dir='ltr'><strong>gignendos</strong></span> <span class='ocrx_word' id='word_1_140' title='bbox 2932 760 3196 817; x_wconf 89' lang='lat' dir='ltr'><strong>clausus.</strong></span> 
     </span>
    </p>
   </div>
   <div class='ocr_carea' id='block_1_22' title="bbox 2028 842 3612 922">
    <p class='ocr_par' dir='ltr' id='par_1_22' title="bbox 2028 842 3612 922">
     <span class='ocr_line' id='line_1_22' title="bbox 2028 842 3612 922; baseline 0.008 -27"><span class='ocrx_word' id='word_1_141' title='bbox 2028 842 2252 897; x_wconf 90' lang='lat' dir='ltr'><strong>Tertius</strong></span> <span class='ocrx_word' id='word_1_142' title='bbox 2277 847 2480 901; x_wconf 90' lang='lat' dir='ltr'><strong>autem</strong></span> <span class='ocrx_word' id='word_1_143' title='bbox 2510 861 2573 901; x_wconf 91' lang='lat' dir='ltr'><strong>se</strong></span> <span class='ocrx_word' id='word_1_144' title='bbox 2626 847 2839 903; x_wconf 83' lang='lat' dir='ltr'><strong>sistens</strong></span> <span class='ocrx_word' id='word_1_145' title='bbox 2891 848 3101 919; x_wconf 80' lang='lat' dir='ltr'><strong>Jacob,</strong></span> <span class='ocrx_word' id='word_1_146' title='bbox 3147 848 3413 922; x_wconf 89' lang='lat' dir='ltr'><strong>lapidem</strong></span> <span class='ocrx_word' id='word_1_147' title='bbox 3478 852 3612 909; x_wconf 92' lang='lat' dir='ltr'><strong>oleo</strong></span> 
     </span>
    </p>
   </div>
   <div class='ocr_carea' id='block_1_23' title="bbox 1957 928 3608 1013">
    <p class='ocr_par' dir='ltr' id='par_1_23' title="bbox 1957 928 3608 1013">
     <span class='ocr_line' id='line_1_23' title="bbox 1957 928 3608 1013; baseline 0.008 -30"><span class='ocrx_word' id='word_1_148' title='bbox 1957 928 2270 987; x_wconf 89' lang='lat' dir='ltr'><strong>inunctum</strong></span> <span class='ocrx_word' id='word_1_149' title='bbox 2296 934 2574 1002; x_wconf 85' lang='lat' dir='ltr'><strong>ostendit,</strong></span> <span class='ocrx_word' id='word_1_150' title='bbox 2603 935 2977 1009; x_wconf 86' lang='lat' dir='ltr'><strong>domumque</strong></span> <span class='ocrx_word' id='word_1_151' title='bbox 3009 938 3108 993; x_wconf 85' lang='lat' dir='ltr'><strong>Dei</strong></span> <span class='ocrx_word' id='word_1_152' title='bbox 3139 939 3415 996; x_wconf 80' lang='lat' dir='ltr'><strong>nominat</strong></span> <span class='ocrx_word' id='word_1_153' title='bbox 3459 940 3608 1013; x_wconf 80' lang='lat' dir='ltr'><strong>(8t):</strong></span> 
     </span>
    </p>
   </div>
   <div class='ocr_carea' id='block_1_24' title="bbox 1960 1020 3615 1097">
    <p class='ocr_par' dir='ltr' id='par_1_24' title="bbox 1960 1020 3615 1097">
     <span class='ocr_line' id='line_1_24' title="bbox 1960 1020 3615 1097; baseline 0.009 -25"><span class='ocrx_word' id='word_1_154' title='bbox 1960 1034 2141 1091; x_wconf 88' lang='lat' dir='ltr'>super</span> <span class='ocrx_word' id='word_1_155' title='bbox 2158 1020 2321 1076; x_wconf 81' lang='lat' dir='ltr'><strong>hiinc</strong></span> <span class='ocrx_word' id='word_1_156' title='bbox 2349 1022 2614 1095; x_wconf 89' lang='lat' dir='ltr'><strong>lapidem</strong></span> <span class='ocrx_word' id='word_1_157' title='bbox 2645 1030 2829 1097; x_wconf 88' lang='lat' dir='ltr'><strong>caput</strong></span> <span class='ocrx_word' id='word_1_158' title='bbox 2847 1025 3157 1083; x_wconf 80' lang='lat' dir='ltr'><strong>reclinavit</strong></span> <span class='ocrx_word' id='word_1_159' title='bbox 3185 1044 3392 1084; x_wconf 90' lang='lat' dir='ltr'><strong>versus</strong></span> <span class='ocrx_word' id='word_1_160' title='bbox 3435 1031 3615 1087; x_wconf 85' lang='lat' dir='ltr'><strong>Israel</strong></span> 
     </span>
    </p>
   </div>
   <div class='ocr_carea' id='block_1_25' title="bbox 1959 1108 3618 1188">
    <p class='ocr_par' dir='ltr' id='par_1_25' title="bbox 1959 1108 3618 1188">
     <span class='ocr_line' id='line_1_25' title="bbox 1959 1108 3618 1188; baseline 0.007 -26"><span class='ocrx_word' id='word_1_161' title='bbox 1959 1123 1996 1162; x_wconf 91' lang='lat' dir='ltr'><strong>a</strong></span> <span class='ocrx_word' id='word_1_162' title='bbox 2024 1108 2229 1165; x_wconf 87' lang='lat' dir='ltr'><strong>labore</strong></span> <span class='ocrx_word' id='word_1_163' title='bbox 2251 1111 2477 1168; x_wconf 84' lang='lat' dir='ltr'><strong>itineris</strong></span> <span class='ocrx_word' id='word_1_164' title='bbox 2495 1119 2684 1170; x_wconf 85' lang='lat' dir='ltr'>semet</span> <span class='ocrx_word' id='word_1_165' title='bbox 2712 1114 3003 1181; x_wconf 84' lang='lat' dir='ltr'><strong>reﬁciens,</strong></span> <span class='ocrx_word' id='word_1_166' title='bbox 3036 1116 3211 1188; x_wconf 88' lang='lat' dir='ltr'><strong>quasi</strong></span> <span class='ocrx_word' id='word_1_167' title='bbox 3239 1117 3302 1173; x_wconf 90' lang='lat' dir='ltr'><strong>in</strong></span> <span class='ocrx_word' id='word_1_168' title='bbox 3353 1122 3618 1175; x_wconf 88' lang='lat' dir='ltr'><strong>anteces-</strong></span> 
     </span>
    </p>
   </div>
   <div class='ocr_carea' id='block_1_26' title="bbox 1961 1199 3615 1277">
    <p class='ocr_par' dir='ltr' id='par_1_26' title="bbox 1961 1199 3615 1277">
     <span class='ocr_line' id='line_1_26' title="bbox 1961 1199 3615 1277; baseline 0.007 -25"><span class='ocrx_word' id='word_1_169' title='bbox 1961 1214 2120 1265; x_wconf 86' lang='lat' dir='ltr'><strong>sum,</strong></span> <span class='ocrx_word' id='word_1_170' title='bbox 2151 1199 2451 1257; x_wconf 84' lang='lat' dir='ltr'><strong>clamante</strong></span> <span class='ocrx_word' id='word_1_171' title='bbox 2472 1202 2585 1258; x_wconf 86' lang='lat' dir='ltr'><strong>boc</strong></span> <span class='ocrx_word' id='word_1_172' title='bbox 2614 1203 2749 1276; x_wconf 89' lang='lat' dir='ltr'><strong>ipso</strong></span> <span class='ocrx_word' id='word_1_173' title='bbox 2780 1204 2999 1277; x_wconf 89' lang='lat' dir='ltr'><strong>lapide,</strong></span> <span class='ocrx_word' id='word_1_174' title='bbox 3031 1205 3175 1261; x_wconf 88' lang='lat' dir='ltr'><strong>illud</strong></span> <span class='ocrx_word' id='word_1_175' title='bbox 3205 1207 3480 1263; x_wconf 89' lang='lat' dir='ltr'><strong>audierit:</strong></span> <span class='ocrx_word' id='word_1_176' title='bbox 3505 1212 3615 1266; x_wconf 87' lang='lat' dir='ltr'><strong>Ve-</strong></span> 
     </span>
    </p>
   </div>
   <div class='ocr_carea' id='block_1_27' title="bbox 1959 1288 3617 1369">
    <p class='ocr_par' dir='ltr' id='par_1_27' title="bbox 1959 1288 3617 1369">
     <span class='ocr_line' id='line_1_27' title="bbox 1959 1288 3617 1369; baseline 0.008 -28"><span class='ocrx_word' id='word_1_177' title='bbox 1959 1288 2085 1343; x_wconf 83' lang='lat' dir='ltr'><strong>nite</strong></span> <span class='ocrx_word' id='word_1_178' title='bbox 2098 1289 2180 1344; x_wconf 83' lang='lat' dir='ltr'><strong>ad</strong></span> <span class='ocrx_word' id='word_1_179' title='bbox 2189 1306 2280 1346; x_wconf 91' lang='lat' dir='ltr'><strong>me</strong></span> <span class='ocrx_word' id='word_1_180' title='bbox 2289 1305 2504 1361; x_wconf 84' lang='lat' dir='ltr'><strong>omnes,</strong></span> <span class='ocrx_word' id='word_1_181' title='bbox 2533 1297 2637 1364; x_wconf 83' lang='lat' dir='ltr'><strong>qui</strong></span> <span class='ocrx_word' id='word_1_182' title='bbox 2655 1294 2946 1349; x_wconf 77' lang='lat' dir='ltr'><strong>laboratis</strong></span> <span class='ocrx_word' id='word_1_183' title='bbox 2962 1300 3017 1351; x_wconf 87' lang='lat' dir='ltr'><strong>et</strong></span> <span class='ocrx_word' id='word_1_184' title='bbox 3028 1297 3266 1351; x_wconf 76' lang='lat' dir='ltr'><strong>onerati</strong></span> <span class='ocrx_word' id='word_1_185' title='bbox 3293 1299 3429 1353; x_wconf 86' lang='lat' dir='ltr'><strong>estis</strong></span> <span class='ocrx_word' id='word_1_186' title='bbox 3440 1302 3499 1353; x_wconf 82' lang='lat' dir='ltr'><strong>et</strong></span> <span class='ocrx_word' id='word_1_187' title='bbox 3511 1313 3617 1369; x_wconf 85' lang='lat' dir='ltr'><strong>ego</strong></span> 
     </span>
    </p>
   </div>
   <div class='ocr_carea' id='block_1_28' title="bbox 1960 1377 3613 1458">
    <p class='ocr_par' dir='ltr' id='par_1_28' title="bbox 1960 1377 3613 1458">
     <span class='ocr_line' id='line_1_28' title="bbox 1960 1377 3613 1458; baseline 0.008 -28"><span class='ocrx_word' id='word_1_188' title='bbox 1960 1377 2227 1444; x_wconf 78' lang='lat' dir='ltr'><strong>reﬁciam</strong></span> <span class='ocrx_word' id='word_1_189' title='bbox 2256 1394 2354 1434; x_wconf 87' lang='lat' dir='ltr'><strong>vos</strong></span> <span class='ocrx_word' id='word_1_190' title='bbox 2379 1380 2520 1453; x_wconf 74' lang='lat'><strong>(82);</strong></span> <span class='ocrx_word' id='word_1_191' title='bbox 2546 1382 2701 1451; x_wconf 80' lang='lat' dir='ltr'><strong>lapis</strong></span> <span class='ocrx_word' id='word_1_192' title='bbox 2716 1388 2915 1438; x_wconf 81' lang='lat' dir='ltr'><strong>autem</strong></span> <span class='ocrx_word' id='word_1_193' title='bbox 2943 1389 3075 1439; x_wconf 85' lang='lat' dir='ltr'><strong>erat</strong></span> <span class='ocrx_word' id='word_1_194' title='bbox 3124 1384 3406 1441; x_wconf 81' lang='lat' dir='ltr'><strong>Christus</strong></span> <span class='ocrx_word' id='word_1_195' title='bbox 3472 1387 3613 1458; x_wconf 85' lang='lat'><strong>(83).</strong></span> 
     </span>
    </p>
   </div>
   <div class='ocr_carea' id='block_1_29' title="bbox 1965 1468 3619 1544">
    <p class='ocr_par' dir='ltr' id='par_1_29' title="bbox 1965 1468 3619 1544">
     <span class='ocr_line' id='line_1_29' title="bbox 1965 1468 3619 1544; baseline 0.007 -24"><span class='ocrx_word' id='word_1_196' title='bbox 1965 1468 2142 1522; x_wconf 89' lang='lat' dir='ltr'><strong>Porro</strong></span> <span class='ocrx_word' id='word_1_197' title='bbox 2170 1468 2219 1523; x_wconf 90' lang='lat' dir='ltr'><strong>si</strong></span> <span class='ocrx_word' id='word_1_198' title='bbox 2243 1470 2431 1526; x_wconf 73' lang='lat' dir='ltr'><strong>Iacob</strong></span> <span class='ocrx_word' id='word_1_199' title='bbox 2463 1471 2570 1527; x_wconf 89' lang='lat' dir='ltr'><strong>iste</strong></span> <span class='ocrx_word' id='word_1_200' title='bbox 2595 1471 2820 1544; x_wconf 88' lang='lat' dir='ltr'><strong>recepit</strong></span> <span class='ocrx_word' id='word_1_201' title='bbox 2850 1488 3072 1529; x_wconf 88' lang='lat' dir='ltr'><strong>nomen</strong></span> <span class='ocrx_word' id='word_1_202' title='bbox 3130 1474 3379 1544; x_wconf 88' lang='lat' dir='ltr'><strong>lsraelis,</strong></span> <span class='ocrx_word' id='word_1_203' title='bbox 3436 1476 3619 1532; x_wconf 86' lang='lat' dir='ltr'><strong>Israel</strong></span> 
     </span>
    </p>
   </div>
   <div class='ocr_carea' id='block_1_30' title="bbox 1963 1557 3620 1634">
    <p class='ocr_par' dir='ltr' id='par_1_30' title="bbox 1963 1557 3620 1634">
     <span class='ocr_line' id='line_1_30' title="bbox 1963 1557 3620 1634; baseline 0.007 -25"><span class='ocrx_word' id='word_1_204' title='bbox 1963 1570 2127 1625; x_wconf 89' lang='lat' dir='ltr'><strong>vero,</strong></span> <span class='ocrx_word' id='word_1_205' title='bbox 2161 1557 2217 1612; x_wconf 89' lang='lat' dir='ltr'><strong>vi</strong></span> <span class='ocrx_word' id='word_1_206' title='bbox 2246 1558 2431 1625; x_wconf 87' lang='lat' dir='ltr'><strong>vocis,</strong></span> <span class='ocrx_word' id='word_1_207' title='bbox 2461 1564 2549 1616; x_wconf 89' lang='lat' dir='ltr'><strong>est</strong></span> <span class='ocrx_word' id='word_1_208' title='bbox 2578 1576 2738 1616; x_wconf 74' lang='lat' dir='ltr'><strong>mens</strong></span> <span class='ocrx_word' id='word_1_209' title='bbox 2768 1563 2954 1618; x_wconf 85' lang='lat' dir='ltr'><strong>Deum</strong></span> <span class='ocrx_word' id='word_1_210' title='bbox 3019 1563 3225 1619; x_wconf 79' lang='lat' dir='ltr'><strong>videns</strong></span> <span class='ocrx_word' id='word_1_211' title='bbox 3247 1576 3271 1633; x_wconf 79' lang='lat'><strong>,&#39;</strong></span> <span class='ocrx_word' id='word_1_212' title='bbox 3321 1565 3476 1634; x_wconf 80' lang='lat' dir='ltr'><strong>lapis</strong></span> <span class='ocrx_word' id='word_1_213' title='bbox 3505 1566 3620 1621; x_wconf 77' lang='lat' dir='ltr'><strong>erit</strong></span> 
     </span>
    </p>
   </div>
   <div class='ocr_carea' id='block_1_31' title="bbox 1964 1644 3619 1721">
    <p class='ocr_par' dir='ltr' id='par_1_31' title="bbox 1964 1644 3619 1721">
     <span class='ocr_line' id='line_1_31' title="bbox 1964 1644 3619 1721; baseline 0.007 -22"><span class='ocrx_word' id='word_1_214' title='bbox 1964 1644 2091 1709; x_wconf 88' lang='lat' dir='ltr'><strong>iste,</strong></span> <span class='ocrx_word' id='word_1_215' title='bbox 2123 1646 2229 1719; x_wconf 89' lang='lat' dir='ltr'><strong>qui</strong></span> <span class='ocrx_word' id='word_1_216' title='bbox 2257 1655 2458 1721; x_wconf 88' lang='lat' dir='ltr'><strong>caput,</strong></span> <span class='ocrx_word' id='word_1_217' title='bbox 2489 1665 2618 1715; x_wconf 89' lang='lat' dir='ltr'><strong>seu,</strong></span> <span class='ocrx_word' id='word_1_218' title='bbox 2650 1655 2714 1706; x_wconf 89' lang='lat' dir='ltr'><strong>ut</strong></span> <span class='ocrx_word' id='word_1_219' title='bbox 2731 1650 2951 1706; x_wconf 89' lang='lat' dir='ltr'><strong>clarius</strong></span> <span class='ocrx_word' id='word_1_220' title='bbox 2996 1650 3293 1718; x_wconf 90' lang='lat' dir='ltr'><strong>dicamus,</strong></span> <span class='ocrx_word' id='word_1_221' title='bbox 3354 1658 3619 1710; x_wconf 84' lang='lat' dir='ltr'><strong>mentem</strong></span> 
     </span>
    </p>
   </div>
   <div class='ocr_carea' id='block_1_32' title="bbox 1966 1739 3622 1806">
    <p class='ocr_par' dir='ltr' id='par_1_32' title="bbox 1966 1739 3622 1806">
     <span class='ocr_line' id='line_1_32' title="bbox 1966 1739 3622 1806; baseline 0.005 -17"><span class='ocrx_word' id='word_1_222' title='bbox 1966 1750 2276 1793; x_wconf 88' lang='lat' dir='ltr'><strong>servorum</strong></span> <span class='ocrx_word' id='word_1_223' title='bbox 2300 1755 2547 1795; x_wconf 86' lang='lat' dir='ltr'><strong>suorum</strong></span> <span class='ocrx_word' id='word_1_224' title='bbox 2602 1739 2924 1806; x_wconf 80' lang='lat' dir='ltr'><strong>suffulciat,</strong></span> <span class='ocrx_word' id='word_1_225' title='bbox 2989 1745 3047 1797; x_wconf 91' lang='lat' dir='ltr'><strong>et</strong></span> <span class='ocrx_word' id='word_1_226' title='bbox 3098 1757 3338 1797; x_wconf 91' lang='lat' dir='ltr'><strong>sursum</strong></span> <span class='ocrx_word' id='word_1_227' title='bbox 3370 1758 3421 1797; x_wconf 70' lang='lat' dir='ltr'><strong>-e</strong></span> <span class='ocrx_word' id='word_1_228' title='bbox 3464 1747 3622 1800; x_wconf 87' lang='lat' dir='ltr'><strong>terra</strong></span> 
     </span>
    </p>
   </div>
   <div class='ocr_carea' id='block_1_33' title="bbox 246 1821 1864 1907">
    <p class='ocr_par' dir='ltr' id='par_1_33' title="bbox 246 1821 1858 1907">
     <span class='ocr_line' id='line_1_33' title="bbox 246 1821 1858 1907; baseline -0.005 -23"><span class='ocrx_word' id='word_1_229' title='bbox 246 1841 347 1893; x_wconf 79' lang='grc' dir='ltr'><strong>τῆς</strong></span> <span class='ocrx_word' id='word_1_230' title='bbox 372 1838 475 1903; x_wconf 73' lang='grc' dir='ltr'><strong>γῆς</strong></span> <span class='ocrx_word' id='word_1_231' title='bbox 499 1831 878 1907; x_wconf 73' lang='grc' dir='ltr'><strong>εκμετεωρίξων</strong></span> <span class='ocrx_word' id='word_1_232' title='bbox 943 1832 993 1882; x_wconf 71' lang='grc' dir='ltr'><strong>εν</strong></span> <span class='ocrx_word' id='word_1_233' title='bbox 1022 1837 1096 1901; x_wconf 79' lang='grc' dir='ltr'><strong>τῷ</strong></span> <span class='ocrx_word' id='word_1_234' title='bbox 1124 1829 1304 1901; x_wconf 72' lang='grc' dir='ltr'><strong>γήἰνον</strong></span> <span class='ocrx_word' id='word_1_235' title='bbox 1342 1824 1532 1900; x_wconf 69' lang='grc' dir='ltr'><strong>μηδὲν,</strong></span> <span class='ocrx_word' id='word_1_236' title='bbox 1581 1821 1722 1899; x_wconf 72' lang='grc' dir='ltr'><strong>μηδὲ</strong></span> <span class='ocrx_word' id='word_1_237' title='bbox 1745 1844 1858 1897; x_wconf 86' lang='grc' dir='ltr'><strong>χα-</strong></span> 
     </span>
    </p>
   </div>
   <div class='ocr_carea' id='block_1_34' title="bbox 1986 1821 3627 1907">
    <p class='ocr_par' dir='ltr' id='par_1_34' title="bbox 1986 1823 3627 1901">
     <span class='ocr_line' id='line_1_34' title="bbox 1986 1823 3627 1901; baseline 0.005 -22"><span class='ocrx_word' id='word_1_238' title='bbox 1986 1823 2175 1890; x_wconf 63' lang='lat' dir='ltr'><strong>elevet,</strong></span> <span class='ocrx_word' id='word_1_239' title='bbox 2203 1826 2351 1882; x_wconf 90' lang='lat' dir='ltr'><strong>dum</strong></span> <span class='ocrx_word' id='word_1_240' title='bbox 2373 1827 2521 1884; x_wconf 86' lang='lat' dir='ltr'><strong>nihil</strong></span> <span class='ocrx_word' id='word_1_241' title='bbox 2541 1834 2830 1899; x_wconf 87' lang='lat' dir='ltr'><strong>terrestre,</strong></span> <span class='ocrx_word' id='word_1_242' title='bbox 2874 1829 3179 1901; x_wconf 86' lang='lat' dir='ltr'><strong>abjectum</strong></span> <span class='ocrx_word' id='word_1_243' title='bbox 3198 1830 3346 1887; x_wconf 89' lang='lat' dir='ltr'><strong>nihil</strong></span> <span class='ocrx_word' id='word_1_244' title='bbox 3360 1831 3423 1887; x_wconf 90' lang='lat' dir='ltr'><strong>in</strong></span> <span class='ocrx_word' id='word_1_245' title='bbox 3448 1846 3627 1888; x_wconf 87' lang='lat' dir='ltr'><strong>mun-</strong></span> 
     </span>
    </p>
   </div>
   <div class='ocr_carea' id='block_1_35' title="bbox 250 1919 1421 1995">
    <p class='ocr_par' dir='ltr' id='par_1_35' title="bbox 250 1919 1421 1995">
     <span class='ocr_line' id='line_1_35' title="bbox 250 1919 1421 1995; baseline -0.002 -22"><span class='ocrx_word' id='word_1_246' title='bbox 250 1920 513 1995; x_wconf 74' lang='grc' dir='ltr'><strong>μαίζηλον</strong></span> <span class='ocrx_word' id='word_1_247' title='bbox 543 1919 594 1972; x_wconf 80' lang='grc' dir='ltr'><strong>ἓν</strong></span> <span class='ocrx_word' id='word_1_248' title='bbox 619 1921 783 1993; x_wconf 76' lang='grc' dir='ltr'><strong>κόσμε</strong></span> <span class='ocrx_word' id='word_1_249' title='bbox 822 1920 1021 1993; x_wconf 74' lang='grc' dir='ltr'><strong>φρονεῖν</strong></span> <span class='ocrx_word' id='word_1_250' title='bbox 1058 1919 1421 1971; x_wconf 74' lang='grc' dir='ltr'><strong>ὑποτίθεσθαι.</strong></span> 
     </span>
    </p>
   </div>
   <div class='ocr_carea' id='block_1_36' title="bbox 333 2006 1861 2082">
    <p class='ocr_par' dir='ltr' id='par_1_36' title="bbox 333 2006 1861 2082">
     <span class='ocr_line' id='line_1_36' title="bbox 333 2006 1861 2082; baseline -0.004 -20"><span class='ocrx_word' id='word_1_251' title='bbox 333 2008 709 2082; x_wconf 75' lang='grc' dir='ltr'><strong>Καὶμάρτυςή</strong></span> <span class='ocrx_word' id='word_1_252' title='bbox 741 2007 936 2082; x_wconf 76' lang='grc' dir='ltr'><strong>κλίμαξ</strong></span> <span class='ocrx_word' id='word_1_253' title='bbox 986 2016 1077 2069; x_wconf 74' lang='grc' dir='ltr'><strong>τῆς</strong></span> <span class='ocrx_word' id='word_1_254' title='bbox 1125 2006 1443 2075; x_wconf 79' lang='grc' dir='ltr'><strong>ἀναϐάσεως,</strong></span> <span class='ocrx_word' id='word_1_255' title='bbox 1498 2007 1554 2058; x_wconf 72' lang='grc' dir='ltr'><strong>ἑκ</strong></span> <span class='ocrx_word' id='word_1_256' title='bbox 1609 2013 1707 2076; x_wconf 73' lang='grc' dir='ltr'><strong>γῆς</strong></span> <span class='ocrx_word' id='word_1_257' title='bbox 1759 2006 1861 2076; x_wconf 62' lang='grc' dir='ltr'><strong>ὰφ-</strong></span> 
     </span>
    </p>
   </div>
   <div class='ocr_carea' id='block_1_37' title="bbox 260 2091 1861 2173">
    <p class='ocr_par' dir='ltr' id='par_1_37' title="bbox 260 2091 1861 2173">
     <span class='ocr_line' id='line_1_37' title="bbox 260 2091 1861 2173; baseline -0.006 -20"><span class='ocrx_word' id='word_1_258' title='bbox 260 2102 535 2173; x_wconf 77' lang='grc' dir='ltr'><strong>ικνουμένη</strong></span> <span class='ocrx_word' id='word_1_259' title='bbox 593 2102 724 2173; x_wconf 85' lang='grc' dir='ltr'><strong>πρὸς</strong></span> <span class='ocrx_word' id='word_1_260' title='bbox 807 2099 1045 2172; x_wconf 74' lang='grc' dir='ltr'><strong>οὐρανόν.</strong></span> <span class='ocrx_word' id='word_1_261' title='bbox 1141 2096 1521 2171; x_wconf 80' lang='grc' dir='ltr'><strong>Ἐπεστὴρικτο</strong></span> <span class='ocrx_word' id='word_1_262' title='bbox 1549 2091 1608 2147; x_wconf 70' lang='grc' dir='ltr'><strong>δὲ</strong></span> <span class='ocrx_word' id='word_1_263' title='bbox 1695 2096 1861 2151; x_wconf 83' lang='grc' dir='ltr'><strong>ταύτη</strong></span> 
     </span>
    </p>
   </div>
   <div class='ocr_carea' id='block_1_38' title="bbox 260 2182 1863 2262">
    <p class='ocr_par' dir='ltr' id='par_1_38' title="bbox 260 2182 1863 2262">
     <span class='ocr_line' id='line_1_38' title="bbox 260 2182 1863 2262; baseline -0.006 -17"><span class='ocrx_word' id='word_1_264' title='bbox 260 2194 395 2253; x_wconf 84' lang='grc' dir='ltr'><strong>Θεὸς</strong></span> <span class='ocrx_word' id='word_1_265' title='bbox 423 2191 581 2262; x_wconf 84' lang='grc' dir='ltr'><strong>ᾧκαὶ</strong></span> <span class='ocrx_word' id='word_1_266' title='bbox 608 2194 702 2247; x_wconf 81' lang='grc' dir='ltr'><strong>τὴν</strong></span> <span class='ocrx_word' id='word_1_267' title='bbox 771 2187 990 2261; x_wconf 75' lang='grc' dir='ltr'><strong>κεφαλὴν</strong></span> <span class='ocrx_word' id='word_1_268' title='bbox 1031 2189 1174 2239; x_wconf 79' lang='grc' dir='ltr'><strong>κάτω</strong></span> <span class='ocrx_word' id='word_1_269' title='bbox 1231 2182 1511 2261; x_wconf 77' lang='grc' dir='ltr'><strong>ὑπήρειδεν</strong></span> <span class='ocrx_word' id='word_1_270' title='bbox 1567 2186 1594 2237; x_wconf 85' lang='grc' dir='ltr'><strong><em>ὁ</em></strong></span> <span class='ocrx_word' id='word_1_271' title='bbox 1656 2182 1863 2252; x_wconf 79' lang='grc' dir='ltr'><strong>Ἰακὼϐ,</strong></span> 
     </span>
    </p>
   </div>
   <div class='ocr_carea' id='block_1_39' title="bbox 260 2274 1866 2352">
    <p class='ocr_par' dir='ltr' id='par_1_39' title="bbox 260 2274 1866 2352">
     <span class='ocr_line' id='line_1_39' title="bbox 260 2274 1866 2352; baseline -0.005 -20"><span class='ocrx_word' id='word_1_272' title='bbox 260 2281 348 2332; x_wconf 80' lang='grc' dir='ltr'><strong>ἵνα</strong></span> <span class='ocrx_word' id='word_1_273' title='bbox 365 2284 459 2338; x_wconf 75' lang='grc' dir='ltr'><strong>τὴν</strong></span> <span class='ocrx_word' id='word_1_274' title='bbox 482 2275 577 2332; x_wconf 74' lang='grc' dir='ltr'><strong>διὰ</strong></span> <span class='ocrx_word' id='word_1_275' title='bbox 600 2282 766 2352; x_wconf 81' lang='grc' dir='ltr'><strong>μέσης</strong></span> <span class='ocrx_word' id='word_1_276' title='bbox 825 2286 922 2340; x_wconf 83' lang='grc' dir='ltr'><strong>τῆς</strong></span> <span class='ocrx_word' id='word_1_277' title='bbox 962 2285 1149 2337; x_wconf 80' lang='grc' dir='ltr'><strong>νοητῆς</strong></span> <span class='ocrx_word' id='word_1_278' title='bbox 1185 2275 1459 2348; x_wconf 75' lang='grc' dir='ltr'><strong>κλίμακος,</strong></span> <span class='ocrx_word' id='word_1_279' title='bbox 1513 2283 1608 2337; x_wconf 83' lang='grc' dir='ltr'><strong>τῆς</strong></span> <span class='ocrx_word' id='word_1_280' title='bbox 1666 2274 1866 2345; x_wconf 83' lang='grc' dir='ltr'><strong>Παρθέ-</strong></span> 
     </span>
    </p>
   </div>
   <div class='ocr_carea' id='block_1_40' title="bbox 256 2362 1866 2444">
    <p class='ocr_par' dir='ltr' id='par_1_40' title="bbox 256 2362 1866 2444">
     <span class='ocr_line' id='line_1_40' title="bbox 256 2362 1866 2444; baseline -0.004 -24"><span class='ocrx_word' id='word_1_281' title='bbox 256 2388 373 2439; x_wconf 83' lang='grc' dir='ltr'><strong>νου,</strong></span> <span class='ocrx_word' id='word_1_282' title='bbox 395 2367 622 2444; x_wconf 73' lang='grc' dir='ltr'><strong>ἄρρητον</strong></span> <span class='ocrx_word' id='word_1_283' title='bbox 681 2369 861 2420; x_wconf 79' lang='grc' dir='ltr'><strong>ἕνωσιν</strong></span> <span class='ocrx_word' id='word_1_284' title='bbox 917 2374 1012 2428; x_wconf 79' lang='grc' dir='ltr'><strong>τῆς</strong></span> <span class='ocrx_word' id='word_1_285' title='bbox 1068 2384 1122 2418; x_wconf 88' lang='grc' dir='ltr'><strong>τε</strong></span> <span class='ocrx_word' id='word_1_286' title='bbox 1172 2367 1312 2425; x_wconf 83' lang='grc' dir='ltr'><strong>θείας</strong></span> <span class='ocrx_word' id='word_1_287' title='bbox 1373 2370 1463 2416; x_wconf 82' lang='grc' dir='ltr'><strong>καὶ</strong></span> <span class='ocrx_word' id='word_1_288' title='bbox 1538 2362 1866 2438; x_wconf 78' lang='grc' dir='ltr'><strong>ἀνθρωπίνης</strong></span> 
     </span>
    </p>
   </div>
   <div class='ocr_carea' id='block_1_41' title="bbox 258 2454 1866 2533">
    <p class='ocr_par' dir='ltr' id='par_1_41' title="bbox 258 2454 1866 2533">
     <span class='ocr_line' id='line_1_41' title="bbox 258 2454 1866 2533; baseline -0.006 -20"><span class='ocrx_word' id='word_1_289' title='bbox 258 2459 461 2533; x_wconf 75' lang='grc' dir='ltr'><strong>φῦσεως</strong></span> <span class='ocrx_word' id='word_1_290' title='bbox 517 2458 927 2511; x_wconf 69' lang='grc' dir='ltr'><strong>ὑποτυπώσειενυ</strong></span> <span class='ocrx_word' id='word_1_291' title='bbox 983 2459 1009 2509; x_wconf 89' lang='lat'><strong>6</strong></span> <span class='ocrx_word' id='word_1_292' title='bbox 1068 2456 1221 2516; x_wconf 72' lang='grc' dir='ltr'><strong>αὐτὸς</strong></span> <span class='ocrx_word' id='word_1_293' title='bbox 1283 2457 1386 2531; x_wconf 74' lang='grc' dir='ltr'><strong>γὰρ</strong></span> <span class='ocrx_word' id='word_1_294' title='bbox 1438 2459 1529 2507; x_wconf 81' lang='grc' dir='ltr'>καὶ</span> <span class='ocrx_word' id='word_1_295' title='bbox 1600 2454 1692 2523; x_wconf 79' lang='grc' dir='ltr'><strong>εἷς,</strong></span> <span class='ocrx_word' id='word_1_296' title='bbox 1774 2456 1866 2505; x_wconf 79' lang='grc' dir='ltr'><strong>καὶ</strong></span> 
     </span>
    </p>
   </div>
   <div class='ocr_carea' id='block_1_42' title="bbox 254 2544 1865 2619">
    <p class='ocr_par' dir='ltr' id='par_1_42' title="bbox 254 2544 1865 2619">
     <span class='ocr_line' id='line_1_42' title="bbox 254 2544 1865 2619; baseline -0.005 -17"><span class='ocrx_word' id='word_1_297' title='bbox 254 2549 398 2602; x_wconf 80' lang='grc' dir='ltr'><strong>κὰτω</strong></span> <span class='ocrx_word' id='word_1_298' title='bbox 428 2550 576 2601; x_wconf 81' lang='grc' dir='ltr'><strong>ἔσται</strong></span> <span class='ocrx_word' id='word_1_299' title='bbox 600 2552 691 2600; x_wconf 81' lang='grc' dir='ltr'><strong>καὶ</strong></span> <span class='ocrx_word' id='word_1_300' title='bbox 715 2546 840 2614; x_wconf 80' lang='grc' dir='ltr'><strong>ἂνω,</strong></span> <span class='ocrx_word' id='word_1_301' title='bbox 873 2550 930 2598; x_wconf 86' lang='grc' dir='ltr'><strong>τὸ</strong></span> <span class='ocrx_word' id='word_1_302' title='bbox 983 2544 1369 2619; x_wconf 73' lang='grc' dir='ltr'><strong>ἀπερίγραπτον</strong></span> <span class='ocrx_word' id='word_1_303' title='bbox 1427 2547 1565 2616; x_wconf 76' lang='grc' dir='ltr'><strong>ἔχων</strong></span> <span class='ocrx_word' id='word_1_304' title='bbox 1634 2544 1865 2610; x_wconf 81' lang='grc' dir='ltr'><strong>θεότητι,</strong></span> 
     </span>
    </p>
   </div>
   <div class='ocr_carea' id='block_1_43' title="bbox 252 2633 1209 2712">
    <p class='ocr_par' dir='ltr' id='par_1_43' title="bbox 252 2633 1209 2712">
     <span class='ocr_line' id='line_1_43' title="bbox 252 2633 1209 2712; baseline -0.003 -21"><span class='ocrx_word' id='word_1_305' title='bbox 252 2642 316 2691; x_wconf 85' lang='grc' dir='ltr'><strong>τὸ</strong></span> <span class='ocrx_word' id='word_1_306' title='bbox 350 2634 413 2691; x_wconf 79' lang='grc' dir='ltr'><strong>δε</strong></span> <span class='ocrx_word' id='word_1_307' title='bbox 435 2641 792 2712; x_wconf 73' lang='grc' dir='ltr'><strong>περίγραπτον</strong></span> <span class='ocrx_word' id='word_1_308' title='bbox 826 2633 1209 2710; x_wconf 83' lang='grc' dir='ltr'><strong>ἆνθρωπότητι.</strong></span> 
     </span>
    </p>
   </div>
   <div class='ocr_carea' id='block_1_44' title="bbox 324 2806 1869 2884">
    <p class='ocr_par' dir='ltr' id='par_1_44' title="bbox 324 2806 1869 2884">
     <span class='ocr_line' id='line_1_44' title="bbox 324 2806 1869 2884; baseline -0.008 -17"><span class='ocrx_word' id='word_1_309' title='bbox 324 2818 613 2873; x_wconf 80' lang='grc' dir='ltr'><strong>ΑΕ,Ταῡτα</strong></span> <span class='ocrx_word' id='word_1_310' title='bbox 666 2814 757 2884; x_wconf 66' lang='grc' dir='ltr'><strong>μὲν</strong></span> <span class='ocrx_word' id='word_1_311' title='bbox 787 2806 875 2863; x_wconf 81' lang='grc' dir='ltr'><strong>οὖν</strong></span> <span class='ocrx_word' id='word_1_312' title='bbox 927 2813 979 2862; x_wconf 82' lang='grc' dir='ltr'><strong>οἰ</strong></span> <span class='ocrx_word' id='word_1_313' title='bbox 1029 2816 1164 2884; x_wconf 84' lang='grc' dir='ltr'><strong>τρεῖς</strong></span> <span class='ocrx_word' id='word_1_314' title='bbox 1231 2808 1567 2881; x_wconf 82' lang='grc' dir='ltr'><strong>πατριάρχαι</strong></span> <span class='ocrx_word' id='word_1_315' title='bbox 1623 2823 1869 2878; x_wconf 78' lang='grc' dir='ltr'><strong>συμμαρ-</strong></span> 
     </span>
    </p>
   </div>
   <div class='ocr_carea' id='block_1_45' title="bbox 254 2890 1866 2975">
    <p class='ocr_par' dir='ltr' id='par_1_45' title="bbox 254 2890 1866 2975">
     <span class='ocr_line' id='line_1_45' title="bbox 254 2890 1866 2975; baseline -0.007 -18"><span class='ocrx_word' id='word_1_316' title='bbox 254 2910 533 2975; x_wconf 85' lang='grc' dir='ltr'><strong>τυροῦσιν.</strong></span> <span class='ocrx_word' id='word_1_317' title='bbox 560 2902 709 2974; x_wconf 78' lang='grc' dir='ltr'><strong>Ἐμοὶ</strong></span> <span class='ocrx_word' id='word_1_318' title='bbox 766 2896 827 2952; x_wconf 82' lang='grc' dir='ltr'><strong>δε</strong></span> <span class='ocrx_word' id='word_1_319' title='bbox 880 2904 970 2951; x_wconf 81' lang='grc' dir='ltr'><strong>καὶ</strong></span> <span class='ocrx_word' id='word_1_320' title='bbox 997 2898 1151 2951; x_wconf 77' lang='grc' dir='ltr'><strong>πάλιν</strong></span> <span class='ocrx_word' id='word_1_321' title='bbox 1202 2895 1649 2973; x_wconf 78' lang='grc' dir='ltr'><strong>παῤῥησιαζέσθω</strong></span> <span class='ocrx_word' id='word_1_322' title='bbox 1680 2890 1866 2959; x_wconf 81' lang='grc' dir='ltr'><strong>Δαυίδ,</strong></span> 
     </span>
    </p>
   </div>
   <div class='ocr_carea' id='block_1_46' title="bbox 258 2984 1867 3064">
    <p class='ocr_par' dir='ltr' id='par_1_46' title="bbox 258 2984 1867 3064">
     <span class='ocr_line' id='line_1_46' title="bbox 258 2984 1867 3064; baseline -0.005 -21"><span class='ocrx_word' id='word_1_323' title='bbox 258 2995 481 3051; x_wconf 77' lang='grc' dir='ltr'><strong>καὶτῆς</strong></span> <span class='ocrx_word' id='word_1_324' title='bbox 526 2992 737 3064; x_wconf 71' lang='grc' dir='ltr'><strong>κινύρας</strong></span> <span class='ocrx_word' id='word_1_325' title='bbox 966 2984 1360 3047; x_wconf 76' lang='grc' dir='ltr'><strong>διπλασιαζέτω</strong></span> <span class='ocrx_word' id='word_1_326' title='bbox 1434 2987 1500 3036; x_wconf 78' lang='grc' dir='ltr'><strong>τὰ</strong></span> <span class='ocrx_word' id='word_1_327' title='bbox 1573 2986 1867 3057; x_wconf 77' lang='grc' dir='ltr'><strong>κρούματα.</strong></span> 
     </span>
    </p>
   </div>
   <div class='ocr_carea' id='block_1_47' title="bbox 257 3072 1872 3152">
    <p class='ocr_par' dir='ltr' id='par_1_47' title="bbox 257 3072 1872 3152">
     <span class='ocr_line' id='line_1_47' title="bbox 257 3072 1872 3152; baseline -0.006 -20"><span class='ocrx_word' id='word_1_328' title='bbox 257 3087 370 3133; x_wconf 84' lang='grc' dir='ltr'><strong>Τοῦ</strong></span> <span class='ocrx_word' id='word_1_329' title='bbox 422 3087 675 3152; x_wconf 79' lang='grc' dir='ltr'><strong>ποταμοῦ,</strong></span> <span class='ocrx_word' id='word_1_330' title='bbox 764 3081 917 3150; x_wconf 81' lang='grc' dir='ltr'><strong>φησὶ,</strong></span> <span class='ocrx_word' id='word_1_331' title='bbox 1013 3079 1079 3128; x_wconf 80' lang='grc' dir='ltr'><strong>τὰ</strong></span> <span class='ocrx_word' id='word_1_332' title='bbox 1163 3076 1447 3148; x_wconf 80' lang='grc' dir='ltr'><strong>ὀρμήματα</strong></span> <span class='ocrx_word' id='word_1_333' title='bbox 1539 3072 1872 3147; x_wconf 77' lang='grc' dir='ltr'><strong>εὐφραίνουσι</strong></span> 
     </span>
    </p>
   </div>
   <div class='ocr_carea' id='block_1_48' title="bbox 1969 1910 2622 1987">
    <p class='ocr_par' dir='ltr' id='par_1_48' title="bbox 1969 1910 2622 1987">
     <span class='ocr_line' id='line_1_48' title="bbox 1969 1910 2622 1987; baseline 0.008 -20"><span class='ocrx_word' id='word_1_334' title='bbox 1969 1910 2048 1968; x_wconf 92' lang='lat' dir='ltr'><strong>do</strong></span> <span class='ocrx_word' id='word_1_335' title='bbox 2070 1929 2173 1970; x_wconf 91' lang='lat' dir='ltr'><strong>eos</strong></span> <span class='ocrx_word' id='word_1_336' title='bbox 2194 1930 2404 1987; x_wconf 86' lang='lat' dir='ltr'><strong>sapere</strong></span> <span class='ocrx_word' id='word_1_337' title='bbox 2425 1915 2622 1972; x_wconf 87' lang='lat' dir='ltr'><strong>docet.</strong></span> 
     </span>
    </p>
   </div>
   <div class='ocr_carea' id='block_1_49' title="bbox 2040 2004 3628 2081">
    <p class='ocr_par' dir='ltr' id='par_1_49' title="bbox 2040 2004 3628 2081">
     <span class='ocr_line' id='line_1_49' title="bbox 2040 2004 3628 2081; baseline 0.004 -20"><span class='ocrx_word' id='word_1_338' title='bbox 2040 2004 2226 2061; x_wconf 88' lang='lat' dir='ltr'><strong>Testis</strong></span> <span class='ocrx_word' id='word_1_339' title='bbox 2254 2009 2342 2061; x_wconf 90' lang='lat' dir='ltr'><strong>est</strong></span> <span class='ocrx_word' id='word_1_340' title='bbox 2368 2010 2425 2062; x_wconf 91' lang='lat' dir='ltr'><strong>et</strong></span> <span class='ocrx_word' id='word_1_341' title='bbox 2455 2006 2618 2063; x_wconf 88' lang='lat' dir='ltr'><strong>scala</strong></span> <span class='ocrx_word' id='word_1_342' title='bbox 2645 2007 3031 2078; x_wconf 86' lang='lat' dir='ltr'><strong>ascensionis,</strong></span> <span class='ocrx_word' id='word_1_343' title='bbox 3074 2024 3212 2081; x_wconf 88' lang='lat' dir='ltr'><strong>qua</strong></span> <span class='ocrx_word' id='word_1_344' title='bbox 3242 2025 3274 2065; x_wconf 89' lang='lat' dir='ltr'><strong>e</strong></span> <span class='ocrx_word' id='word_1_345' title='bbox 3331 2013 3489 2067; x_wconf 86' lang='lat' dir='ltr'><strong>terra</strong></span> <span class='ocrx_word' id='word_1_346' title='bbox 3549 2009 3628 2067; x_wconf 88' lang='lat' dir='ltr'><strong>ad</strong></span> 
     </span>
    </p>
   </div>
   <div class='ocr_carea' id='block_1_50' title="bbox 1971 2093 3630 2169">
    <p class='ocr_par' dir='ltr' id='par_1_50' title="bbox 1971 2093 3630 2169">
     <span class='ocr_line' id='line_1_50' title="bbox 1971 2093 3630 2169; baseline 0.004 -19"><span class='ocrx_word' id='word_1_347' title='bbox 1971 2093 2192 2151; x_wconf 81' lang='lat' dir='ltr'><strong>calum</strong></span> <span class='ocrx_word' id='word_1_348' title='bbox 2223 2110 2412 2167; x_wconf 88' lang='lat' dir='ltr'><strong>usque</strong></span> <span class='ocrx_word' id='word_1_349' title='bbox 2440 2095 2721 2168; x_wconf 81' lang='lat' dir='ltr'><strong>pertingit</strong></span> <span class='ocrx_word' id='word_1_350' title='bbox 2751 2100 2887 2164; x_wconf 73' lang='grc'><strong>(84).</strong></span> <span class='ocrx_word' id='word_1_351' title='bbox 2917 2097 3102 2169; x_wconf 83' lang='lat' dir='ltr'><strong>Hujus</strong></span> <span class='ocrx_word' id='word_1_352' title='bbox 3131 2101 3335 2154; x_wconf 89' lang='lat' dir='ltr'><strong>autem</strong></span> <span class='ocrx_word' id='word_1_353' title='bbox 3378 2099 3630 2157; x_wconf 88' lang='lat' dir='ltr'><strong>summi-</strong></span> 
     </span>
    </p>
   </div>
   <div class='ocr_carea' id='block_1_51' title="bbox 1972 2183 3633 2259">
    <p class='ocr_par' dir='ltr' id='par_1_51' title="bbox 1972 2183 3633 2259">
     <span class='ocr_line' id='line_1_51' title="bbox 1972 2183 3633 2259; baseline 0.003 -19"><span class='ocrx_word' id='word_1_354' title='bbox 1972 2183 2079 2240; x_wconf 85' lang='lat' dir='ltr'><strong>tati</strong></span> <span class='ocrx_word' id='word_1_355' title='bbox 2108 2183 2474 2240; x_wconf 88' lang='lat' dir='ltr'><strong>innitebatur</strong></span> <span class='ocrx_word' id='word_1_356' title='bbox 2506 2188 2679 2255; x_wconf 87' lang='lat' dir='ltr'><strong>Deus,</strong></span> <span class='ocrx_word' id='word_1_357' title='bbox 2710 2186 2814 2259; x_wconf 87' lang='lat' dir='ltr'><strong>qui</strong></span> <span class='ocrx_word' id='word_1_358' title='bbox 2842 2191 3046 2243; x_wconf 88' lang='lat' dir='ltr'><strong>tamen</strong></span> <span class='ocrx_word' id='word_1_359' title='bbox 3085 2187 3266 2244; x_wconf 88' lang='lat' dir='ltr'><strong>etiam</strong></span> <span class='ocrx_word' id='word_1_360' title='bbox 3294 2188 3502 2245; x_wconf 84' lang='lat' dir='ltr'><strong>Jacobi</strong></span> <span class='ocrx_word' id='word_1_361' title='bbox 3532 2205 3633 2246; x_wconf 87' lang='lat' dir='ltr'><strong>ca-</strong></span> 
     </span>
    </p>
   </div>
   <div class='ocr_carea' id='block_1_52' title="bbox 1974 2272 3634 2345">
    <p class='ocr_par' dir='ltr' id='par_1_52' title="bbox 1974 2272 3634 2345">
     <span class='ocr_line' id='line_1_52' title="bbox 1974 2272 3634 2345; baseline 0.004 -17"><span class='ocrx_word' id='word_1_362' title='bbox 1974 2278 2085 2345; x_wconf 88' lang='lat' dir='ltr'><strong>put</strong></span> <span class='ocrx_word' id='word_1_363' title='bbox 2106 2272 2351 2330; x_wconf 82' lang='lat' dir='ltr'><strong>inferius</strong></span> <span class='ocrx_word' id='word_1_364' title='bbox 2373 2274 2724 2342; x_wconf 88' lang='lat' dir='ltr'><strong>sustinebat,</strong></span> <span class='ocrx_word' id='word_1_365' title='bbox 2756 2280 2823 2331; x_wconf 91' lang='lat' dir='ltr'><strong>ut</strong></span> <span class='ocrx_word' id='word_1_366' title='bbox 2846 2275 3064 2332; x_wconf 88' lang='lat' dir='ltr'><strong>divina</strong></span> <span class='ocrx_word' id='word_1_367' title='bbox 3086 2275 3307 2333; x_wconf 86' lang='lat' dir='ltr'><strong>scilicet</strong></span> <span class='ocrx_word' id='word_1_368' title='bbox 3336 2282 3394 2333; x_wconf 88' lang='lat' dir='ltr'><strong>et</strong></span> <span class='ocrx_word' id='word_1_369' title='bbox 3412 2276 3634 2335; x_wconf 89' lang='lat' dir='ltr'><strong>huma-</strong></span> 
     </span>
    </p>
   </div>
   <div class='ocr_carea' id='block_1_53' title="bbox 1975 2364 3639 2440">
    <p class='ocr_par' dir='ltr' id='par_1_53' title="bbox 1975 2364 3639 2440">
     <span class='ocr_line' id='line_1_53' title="bbox 1975 2364 3639 2440; baseline 0.003 -21"><span class='ocrx_word' id='word_1_370' title='bbox 1975 2378 2069 2419; x_wconf 88' lang='lat' dir='ltr'><strong>na</strong></span> <span class='ocrx_word' id='word_1_371' title='bbox 2095 2368 2323 2420; x_wconf 90' lang='lat' dir='ltr'><strong>natura</strong></span> <span class='ocrx_word' id='word_1_372' title='bbox 2351 2364 2717 2421; x_wconf 80' lang='lat' dir='ltr'><strong>ineffabilem</strong></span> <span class='ocrx_word' id='word_1_373' title='bbox 2747 2366 3076 2423; x_wconf 88' lang='lat' dir='ltr'><strong>unitionem</strong></span> <span class='ocrx_word' id='word_1_374' title='bbox 3126 2366 3427 2423; x_wconf 86' lang='lat' dir='ltr'><strong>mediante</strong></span> <span class='ocrx_word' id='word_1_375' title='bbox 3469 2367 3639 2440; x_wconf 89' lang='lat' dir='ltr'><strong>spiri-</strong></span> 
     </span>
    </p>
   </div>
   <div class='ocr_carea' id='block_1_54' title="bbox 1978 2452 3630 2528">
    <p class='ocr_par' dir='ltr' id='par_1_54' title="bbox 1978 2452 3630 2528">
     <span class='ocr_line' id='line_1_54' title="bbox 1978 2452 3630 2528; baseline 0.002 -21"><span class='ocrx_word' id='word_1_376' title='bbox 1978 2452 2080 2508; x_wconf 86' lang='lat' dir='ltr'><strong>tali</strong></span> <span class='ocrx_word' id='word_1_377' title='bbox 2105 2452 2220 2509; x_wconf 89' lang='lat' dir='ltr'><strong>hac</strong></span> <span class='ocrx_word' id='word_1_378' title='bbox 2252 2453 2435 2523; x_wconf 87' lang='lat' dir='ltr'><strong>scala,</strong></span> <span class='ocrx_word' id='word_1_379' title='bbox 2458 2470 2676 2528; x_wconf 91' lang='lat' dir='ltr'><strong>nempe</strong></span> <span class='ocrx_word' id='word_1_380' title='bbox 2705 2455 2943 2527; x_wconf 81' lang='lat' dir='ltr'><strong>Virgine</strong></span> <span class='ocrx_word' id='word_1_381' title='bbox 3014 2461 3210 2528; x_wconf 80' lang='lat' dir='ltr'><strong>typice</strong></span> <span class='ocrx_word' id='word_1_382' title='bbox 3266 2456 3630 2526; x_wconf 79' lang='lat' dir='ltr'><strong>designaret:</strong></span> 
     </span>
    </p>
   </div>
   <div class='ocr_carea' id='block_1_55' title="bbox 1981 2543 3637 2617">
    <p class='ocr_par' dir='ltr' id='par_1_55' title="bbox 1981 2543 3637 2617">
     <span class='ocr_line' id='line_1_55' title="bbox 1981 2543 3637 2617; baseline 0.004 -21"><span class='ocrx_word' id='word_1_383' title='bbox 1981 2557 2137 2597; x_wconf 92' lang='lat' dir='ltr'><strong>unus</strong></span> <span class='ocrx_word' id='word_1_384' title='bbox 2163 2543 2322 2599; x_wconf 92' lang='lat' dir='ltr'><strong>enim</strong></span> <span class='ocrx_word' id='word_1_385' title='bbox 2342 2543 2626 2617; x_wconf 89' lang='lat' dir='ltr'><strong>idemque</strong></span> <span class='ocrx_word' id='word_1_386' title='bbox 2655 2545 2766 2601; x_wconf 91' lang='lat' dir='ltr'><strong>erit</strong></span> <span class='ocrx_word' id='word_1_387' title='bbox 2784 2549 2842 2601; x_wconf 91' lang='lat' dir='ltr'><strong>et</strong></span> <span class='ocrx_word' id='word_1_388' title='bbox 2863 2545 2925 2601; x_wconf 91' lang='lat' dir='ltr'><strong>in</strong></span> <span class='ocrx_word' id='word_1_389' title='bbox 2949 2551 3124 2613; x_wconf 90' lang='lat' dir='ltr'><strong>terra,</strong></span> <span class='ocrx_word' id='word_1_390' title='bbox 3157 2550 3215 2601; x_wconf 91' lang='lat' dir='ltr'><strong>et</strong></span> <span class='ocrx_word' id='word_1_391' title='bbox 3242 2545 3304 2601; x_wconf 93' lang='lat' dir='ltr'><strong>in</strong></span> <span class='ocrx_word' id='word_1_392' title='bbox 3365 2545 3538 2613; x_wconf 80' lang='lat' dir='ltr'><strong>calo,</strong></span> <span class='ocrx_word' id='word_1_393' title='bbox 3604 2561 3637 2602; x_wconf 90' lang='lat' dir='ltr'><strong>e</strong></span> 
     </span>
    </p>
   </div>
   <div class='ocr_carea' id='block_1_56' title="bbox 1979 2630 3640 2706">
    <p class='ocr_par' dir='ltr' id='par_1_56' title="bbox 1979 2630 3640 2706">
     <span class='ocr_line' id='line_1_56' title="bbox 1979 2630 3640 2706; baseline 0.004 -20"><span class='ocrx_word' id='word_1_394' title='bbox 1979 2630 2281 2688; x_wconf 87' lang='lat' dir='ltr'><strong>divinitate</strong></span> <span class='ocrx_word' id='word_1_395' title='bbox 2302 2632 2536 2689; x_wconf 88' lang='lat' dir='ltr'><strong>habens</strong></span> <span class='ocrx_word' id='word_1_396' title='bbox 2561 2633 2727 2706; x_wconf 89' lang='lat' dir='ltr'><strong>quod</strong></span> <span class='ocrx_word' id='word_1_397' title='bbox 2761 2634 2839 2690; x_wconf 89' lang='lat' dir='ltr'><strong>sit</strong></span> <span class='ocrx_word' id='word_1_398' title='bbox 2865 2634 3223 2703; x_wconf 86' lang='lat' dir='ltr'><strong>immensus,</strong></span> <span class='ocrx_word' id='word_1_399' title='bbox 3256 2650 3329 2691; x_wconf 81' lang='lat' dir='ltr'><strong>ex</strong></span> <span class='ocrx_word' id='word_1_400' title='bbox 3357 2634 3640 2692; x_wconf 82' lang='lat' dir='ltr'><strong>humani—</strong></span> 
     </span>
    </p>
   </div>
   <div class='ocr_carea' id='block_1_57' title="bbox 1978 2721 3193 2794">
    <p class='ocr_par' dir='ltr' id='par_1_57' title="bbox 1978 2721 3193 2794">
     <span class='ocr_line' id='line_1_57' title="bbox 1978 2721 3193 2794; baseline 0.002 -20"><span class='ocrx_word' id='word_1_401' title='bbox 1978 2723 2101 2775; x_wconf 86' lang='lat' dir='ltr'><strong>tate</strong></span> <span class='ocrx_word' id='word_1_402' title='bbox 2122 2736 2265 2777; x_wconf 90' lang='lat' dir='ltr'><strong>vero</strong></span> <span class='ocrx_word' id='word_1_403' title='bbox 2294 2722 2460 2794; x_wconf 86' lang='lat' dir='ltr'><strong>quod</strong></span> <span class='ocrx_word' id='word_1_404' title='bbox 2482 2722 2617 2779; x_wconf 92' lang='lat' dir='ltr'><strong>loco</strong></span> <span class='ocrx_word' id='word_1_405' title='bbox 2646 2721 3193 2778; x_wconf 84' lang='lat' dir='ltr'><strong>circumscribatur.</strong></span> 
     </span>
    </p>
   </div>
   <div class='ocr_carea' id='block_1_58' title="bbox 2052 2810 3635 2883">
    <p class='ocr_par' dir='ltr' id='par_1_58' title="bbox 2052 2810 3635 2883">
     <span class='ocr_line' id='line_1_58' title="bbox 2052 2810 3635 2883; baseline 0.003 -20"><span class='ocrx_word' id='word_1_406' title='bbox 2052 2811 2250 2865; x_wconf 82' lang='lat' dir='ltr'><strong>XXXV.</strong></span> <span class='ocrx_word' id='word_1_407' title='bbox 2284 2813 2417 2868; x_wconf 83' lang='lat' dir='ltr'><strong>Hac</strong></span> <span class='ocrx_word' id='word_1_408' title='bbox 2444 2811 2649 2883; x_wconf 88' lang='lat' dir='ltr'><strong>utique</strong></span> <span class='ocrx_word' id='word_1_409' title='bbox 2678 2816 2795 2867; x_wconf 91' lang='lat' dir='ltr'><strong>tres</strong></span> <span class='ocrx_word' id='word_1_410' title='bbox 2824 2810 2902 2867; x_wconf 90' lang='lat' dir='ltr'><strong>illi</strong></span> <span class='ocrx_word' id='word_1_411' title='bbox 2928 2811 3285 2883; x_wconf 89' lang='lat' dir='ltr'><strong>patriarcha</strong></span> <span class='ocrx_word' id='word_1_412' title='bbox 3327 2815 3635 2868; x_wconf 82' lang='lat' dir='ltr'><strong>testantur.</strong></span> 
     </span>
    </p>
   </div>
   <div class='ocr_carea' id='block_1_59' title="bbox 1982 2900 3634 2973">
    <p class='ocr_par' dir='ltr' id='par_1_59' title="bbox 1982 2900 3634 2973">
     <span class='ocr_line' id='line_1_59' title="bbox 1982 2900 3634 2973; baseline 0 -16"><span class='ocrx_word' id='word_1_413' title='bbox 1982 2906 2052 2957; x_wconf 80' lang='lat' dir='ltr'><strong>At</strong></span> <span class='ocrx_word' id='word_1_414' title='bbox 2072 2901 2215 2957; x_wconf 88' lang='lat' dir='ltr'><strong>mihi</strong></span> <span class='ocrx_word' id='word_1_415' title='bbox 2250 2900 2343 2957; x_wconf 87' lang='lat' dir='ltr'><strong>vel</strong></span> <span class='ocrx_word' id='word_1_416' title='bbox 2371 2901 2587 2957; x_wconf 88' lang='lat' dir='ltr'><strong>iterum</strong></span> <span class='ocrx_word' id='word_1_417' title='bbox 2620 2901 2805 2956; x_wconf 85' lang='lat' dir='ltr'><strong>David</strong></span> <span class='ocrx_word' id='word_1_418' title='bbox 2861 2901 3201 2973; x_wconf 74' lang='lat' dir='ltr'><strong>eloquetur,</strong></span> <span class='ocrx_word' id='word_1_419' title='bbox 3228 2900 3634 2973; x_wconf 89' lang='lat' dir='ltr'><strong>modulosque</strong></span> 
     </span>
    </p>
   </div>
   <div class='ocr_carea' id='block_1_60' title="bbox 1983 2989 3637 3063">
    <p class='ocr_par' dir='ltr' id='par_1_60' title="bbox 1983 2989 3637 3063">
     <span class='ocr_line' id='line_1_60' title="bbox 1983 2989 3637 3063; baseline 0 -17"><span class='ocrx_word' id='word_1_420' title='bbox 1983 2990 2224 3047; x_wconf 88' lang='lat' dir='ltr'><strong>cithara</strong></span> <span class='ocrx_word' id='word_1_421' title='bbox 2251 3007 2377 3046; x_wconf 87' lang='lat' dir='ltr'><strong>sua</strong></span> <span class='ocrx_word' id='word_1_422' title='bbox 2403 2991 2749 3060; x_wconf 83' lang='lat' dir='ltr'><strong>ingeminet;</strong></span> <span class='ocrx_word' id='word_1_423' title='bbox 2792 2991 3087 3046; x_wconf 76' lang='lat' dir='ltr'><strong>Fluminis</strong></span> <span class='ocrx_word' id='word_1_424' title='bbox 3118 2992 3392 3063; x_wconf 79' lang='lat' dir='ltr'><strong>impetus,</strong></span> <span class='ocrx_word' id='word_1_425' title='bbox 3421 2989 3637 3062; x_wconf 88' lang='lat' dir='ltr'><strong>inquit,</strong></span> 
     </span>
    </p>
   </div>
   <div class='ocr_carea' id='block_1_61' title="bbox 1984 3078 3638 3151">
    <p class='ocr_par' dir='ltr' id='par_1_61' title="bbox 1984 3078 3638 3151">
     <span class='ocr_line' id='line_1_61' title="bbox 1984 3078 3638 3151; baseline 0.001 -17"><span class='ocrx_word' id='word_1_426' title='bbox 1984 3080 2295 3148; x_wconf 74' lang='lat' dir='ltr'><strong>latiﬁcant</strong></span> <span class='ocrx_word' id='word_1_427' title='bbox 2325 3081 2626 3137; x_wconf 85' lang='lat' dir='ltr'><strong>civitatem</strong></span> <span class='ocrx_word' id='word_1_428' title='bbox 2655 3080 2766 3135; x_wconf 86' lang='lat' dir='ltr'><strong>Dei</strong></span> <span class='ocrx_word' id='word_1_429' title='bbox 2792 3078 3123 3151; x_wconf 86' lang='lat' dir='ltr'><strong>(86).Porro</strong></span> <span class='ocrx_word' id='word_1_430' title='bbox 3137 3079 3198 3134; x_wconf 90' lang='lat' dir='ltr'><strong>in</strong></span> <span class='ocrx_word' id='word_1_431' title='bbox 3216 3079 3496 3151; x_wconf 86' lang='lat' dir='ltr'><strong>symbolo</strong></span> <span class='ocrx_word' id='word_1_432' title='bbox 3524 3080 3638 3149; x_wconf 80' lang='lat' dir='ltr'><strong>ﬂu-</strong></span> 
     </span>
    </p>
   </div>
   <div class='ocr_carea' id='block_1_62' title="bbox 256 3161 1864 3261">
    <p class='ocr_par' dir='ltr' id='par_1_62' title="bbox 256 3161 1864 3237">
     <span class='ocr_line' id='line_1_62' title="bbox 256 3161 1864 3237; baseline -0.006 -16"><span class='ocrx_word' id='word_1_433' title='bbox 256 3172 356 3229; x_wconf 81' lang='grc' dir='ltr'><strong>τὴν</strong></span> <span class='ocrx_word' id='word_1_434' title='bbox 416 3168 564 3221; x_wconf 83' lang='grc' dir='ltr'><strong>πόλιν</strong></span> <span class='ocrx_word' id='word_1_435' title='bbox 641 3175 734 3220; x_wconf 89' lang='grc' dir='ltr'><strong>τοῦ</strong></span> <span class='ocrx_word' id='word_1_436' title='bbox 785 3173 938 3223; x_wconf 78' lang='grc' dir='ltr'><strong>Θεοῦ.</strong></span> <span class='ocrx_word' id='word_1_437' title='bbox 998 3170 1089 3227; x_wconf 79' lang='grc' dir='ltr'><strong>Εἰς</strong></span> <span class='ocrx_word' id='word_1_438' title='bbox 1145 3169 1379 3237; x_wconf 82' lang='grc' dir='ltr'><strong>ποταμὸν</strong></span> <span class='ocrx_word' id='word_1_439' title='bbox 1439 3161 1497 3216; x_wconf 75' lang='grc' dir='ltr'><strong>δὲ</strong></span> <span class='ocrx_word' id='word_1_440' title='bbox 1580 3162 1789 3234; x_wconf 79' lang='grc' dir='ltr'><strong>εἰρήνης</strong></span> <span class='ocrx_word' id='word_1_441' title='bbox 1846 3162 1864 3213; x_wconf 76' lang='lat'><strong>6</strong></span> 
     </span>
    </p>
   </div>
   <div class='ocr_carea' id='block_1_63' title="bbox 1986 3161 3637 3261">
    <p class='ocr_par' dir='ltr' id='par_1_63' title="bbox 1986 3168 3637 3242">
     <span class='ocr_line' id='line_1_63' title="bbox 1986 3168 3637 3242; baseline 0.001 -18"><span class='ocrx_word' id='word_1_442' title='bbox 1986 3171 2157 3225; x_wconf 87' lang='lat' dir='ltr'><strong>minis</strong></span> <span class='ocrx_word' id='word_1_443' title='bbox 2173 3170 2343 3239; x_wconf 80' lang='lat' dir='ltr'><strong>pacis</strong></span> <span class='ocrx_word' id='word_1_444' title='bbox 2362 3169 2639 3242; x_wconf 86' lang='lat' dir='ltr'><strong>pravidit</strong></span> <span class='ocrx_word' id='word_1_445' title='bbox 2666 3168 2782 3241; x_wconf 84' lang='lat'><strong>(87)</strong></span> <span class='ocrx_word' id='word_1_446' title='bbox 2808 3168 2991 3224; x_wconf 90' lang='lat' dir='ltr'><strong>Isaias</strong></span> <span class='ocrx_word' id='word_1_447' title='bbox 3024 3169 3502 3225; x_wconf 86' lang='lat' dir='ltr'><strong>incarnationem</strong></span> <span class='ocrx_word' id='word_1_448' title='bbox 3534 3168 3637 3225; x_wconf 89' lang='lat' dir='ltr'><strong>Dei</strong></span> 
     </span>
    </p>
   </div>
   <div class='ocr_carea' id='block_1_64' title="bbox 260 3254 1867 3329">
    <p class='ocr_par' dir='ltr' id='par_1_64' title="bbox 260 3254 1867 3329">
     <span class='ocr_line' id='line_1_64' title="bbox 260 3254 1867 3329; baseline -0.007 -17"><span class='ocrx_word' id='word_1_449' title='bbox 260 3261 465 3321; x_wconf 75' lang='grc' dir='ltr'><strong>Ησαίας</strong></span> <span class='ocrx_word' id='word_1_450' title='bbox 495 3263 590 3316; x_wconf 78' lang='grc' dir='ltr'><strong>τὴν</strong></span> <span class='ocrx_word' id='word_1_451' title='bbox 623 3264 715 3309; x_wconf 87' lang='grc' dir='ltr'><strong>τοῦ</strong></span> <span class='ocrx_word' id='word_1_452' title='bbox 743 3262 877 3309; x_wconf 79' lang='grc' dir='ltr'><strong>Θεοῦ</strong></span> <span class='ocrx_word' id='word_1_453' title='bbox 936 3260 1110 3326; x_wconf 73' lang='grc' dir='ltr'><strong>Λόγου</strong></span> <span class='ocrx_word' id='word_1_454' title='bbox 1171 3255 1526 3329; x_wconf 80' lang='grc' dir='ltr'><strong>προεθεοὲσατο</strong></span> <span class='ocrx_word' id='word_1_455' title='bbox 1581 3254 1867 3325; x_wconf 75' lang='grc' dir='ltr'><strong>σάρχωσιν,</strong></span> 
     </span>
    </p>
   </div>
   <div class='ocr_carea' id='block_1_65' title="bbox 255 3339 1870 3422">
    <p class='ocr_par' dir='ltr' id='par_1_65' title="bbox 255 3339 1870 3422">
     <span class='ocr_line' id='line_1_65' title="bbox 255 3339 1870 3422; baseline -0.006 -22"><span class='ocrx_word' id='word_1_456' title='bbox 255 3349 319 3401; x_wconf 80' lang='grc' dir='ltr'><strong>οὗ</strong></span> <span class='ocrx_word' id='word_1_457' title='bbox 348 3350 415 3399; x_wconf 78' lang='grc' dir='ltr'><strong>τὰ</strong></span> <span class='ocrx_word' id='word_1_458' title='bbox 440 3349 726 3422; x_wconf 72' lang='grc' dir='ltr'><strong>ὁρμήματα</strong></span> <span class='ocrx_word' id='word_1_459' title='bbox 758 3349 848 3396; x_wconf 82' lang='grc' dir='ltr'>καὶ</span> <span class='ocrx_word' id='word_1_460' title='bbox 920 3346 949 3401; x_wconf 75' lang='grc' dir='ltr'>ἡ</span> <span class='ocrx_word' id='word_1_461' title='bbox 998 3342 1051 3405; x_wconf 72' lang='grc' dir='ltr'><strong>ἒξ</strong></span> <span class='ocrx_word' id='word_1_462' title='bbox 1103 3340 1529 3410; x_wconf 76' lang='grc' dir='ltr'><strong>ὑπερϐαλλούσης</strong></span> <span class='ocrx_word' id='word_1_463' title='bbox 1585 3339 1870 3412; x_wconf 75' lang='grc' dir='ltr'><strong>φιλανθρω-</strong></span> 
     </span>
    </p>
   </div>
   <div class='ocr_carea' id='block_1_66' title="bbox 259 3427 1872 3506">
    <p class='ocr_par' dir='ltr' id='par_1_66' title="bbox 259 3427 1872 3506">
     <span class='ocr_line' id='line_1_66' title="bbox 259 3427 1872 3506; baseline -0.007 -16"><span class='ocrx_word' id='word_1_464' title='bbox 259 3442 382 3498; x_wconf 84' lang='grc' dir='ltr'><strong>πίας</strong></span> <span class='ocrx_word' id='word_1_465' title='bbox 425 3441 636 3496; x_wconf 82' lang='grc' dir='ltr'><strong>κὶνησις</strong></span> <span class='ocrx_word' id='word_1_466' title='bbox 691 3433 762 3495; x_wconf 85' lang='grc' dir='ltr'><strong>εἰς</strong></span> <span class='ocrx_word' id='word_1_467' title='bbox 825 3438 922 3491; x_wconf 81' lang='grc' dir='ltr'><strong>τήν</strong></span> <span class='ocrx_word' id='word_1_468' title='bbox 976 3427 1275 3506; x_wconf 78' lang='grc' dir='ltr'><strong>παράδοξον</strong></span> <span class='ocrx_word' id='word_1_469' title='bbox 1343 3431 1735 3503; x_wconf 84' lang='grc' dir='ltr'><strong>ενανθρὼπησιν</strong></span> <span class='ocrx_word' id='word_1_470' title='bbox 1790 3427 1872 3479; x_wconf 76' lang='grc' dir='ltr'><strong>εὐ-</strong></span> 
     </span>
    </p>
   </div>
   <div class='ocr_carea' id='block_1_67' title="bbox 254 3519 1870 3601">
    <p class='ocr_par' dir='ltr' id='par_1_67' title="bbox 254 3519 1870 3601">
     <span class='ocr_line' id='line_1_67' title="bbox 254 3519 1870 3601; baseline -0.007 -22"><span class='ocrx_word' id='word_1_471' title='bbox 254 3531 539 3601; x_wconf 66' lang='grc' dir='ltr'><strong>φραίνουσι</strong></span> <span class='ocrx_word' id='word_1_472' title='bbox 577 3530 672 3576; x_wconf 75' lang='grc' dir='ltr'><strong>τοῦ</strong></span> <span class='ocrx_word' id='word_1_473' title='bbox 725 3529 859 3577; x_wconf 78' lang='grc' dir='ltr'><strong>Θεοῦ</strong></span> <span class='ocrx_word' id='word_1_474' title='bbox 918 3526 1013 3579; x_wconf 79' lang='grc' dir='ltr'><strong>τὴν</strong></span> <span class='ocrx_word' id='word_1_475' title='bbox 1068 3521 1216 3573; x_wconf 81' lang='grc' dir='ltr'><strong>πόλιν</strong></span> <span class='ocrx_word' id='word_1_476' title='bbox 1272 3525 1367 3578; x_wconf 75' lang='grc' dir='ltr'><strong>τὴν</strong></span> <span class='ocrx_word' id='word_1_477' title='bbox 1430 3519 1695 3593; x_wconf 75' lang='grc' dir='ltr'><strong>ἔμψυχον.</strong></span> <span class='ocrx_word' id='word_1_478' title='bbox 1727 3520 1870 3570; x_wconf 69' lang='grc' dir='ltr'><strong>Ταύ-</strong></span> 
     </span>
    </p>
   </div>
   <div class='ocr_carea' id='block_1_68' title="bbox 254 3607 1870 3688">
    <p class='ocr_par' dir='ltr' id='par_1_68' title="bbox 254 3607 1870 3688">
     <span class='ocr_line' id='line_1_68' title="bbox 254 3607 1870 3688; baseline -0.008 -19"><span class='ocrx_word' id='word_1_479' title='bbox 254 3637 351 3677; x_wconf 84' lang='grc' dir='ltr'><strong>της</strong></span> <span class='ocrx_word' id='word_1_480' title='bbox 387 3617 492 3688; x_wconf 72' lang='grc' dir='ltr'><strong>γάρ</strong></span> <span class='ocrx_word' id='word_1_481' title='bbox 524 3613 665 3667; x_wconf 72' lang='grc' dir='ltr'><strong>ἐστιν</strong></span> <span class='ocrx_word' id='word_1_482' title='bbox 704 3614 734 3669; x_wconf 84' lang='grc' dir='ltr'>ἡ</span> <span class='ocrx_word' id='word_1_483' title='bbox 791 3615 952 3684; x_wconf 65' lang='grc' dir='ltr'><strong>φωνὴ,</strong></span> <span class='ocrx_word' id='word_1_484' title='bbox 1007 3612 1061 3676; x_wconf 83' lang='grc' dir='ltr'><strong>ἠ,</strong></span> <span class='ocrx_word' id='word_1_485' title='bbox 1118 3609 1404 3681; x_wconf 69' lang='grc' dir='ltr'><strong>Μεγαλύνει</strong></span> <span class='ocrx_word' id='word_1_486' title='bbox 1460 3610 1490 3666; x_wconf 81' lang='grc' dir='ltr'>ἡ</span> <span class='ocrx_word' id='word_1_487' title='bbox 1557 3607 1712 3679; x_wconf 68' lang='grc' dir='ltr'><strong>ψυχή</strong></span> <span class='ocrx_word' id='word_1_488' title='bbox 1769 3625 1870 3677; x_wconf 82' lang='grc' dir='ltr'><strong>μου</strong></span> 
     </span>
    </p>
   </div>
   <div class='ocr_carea' id='block_1_69' title="bbox 255 3697 1871 3778">
    <p class='ocr_par' dir='ltr' id='par_1_69' title="bbox 255 3697 1871 3778">
     <span class='ocr_line' id='line_1_69' title="bbox 255 3697 1871 3778; baseline -0.008 -18"><span class='ocrx_word' id='word_1_489' title='bbox 255 3712 349 3760; x_wconf 88' lang='grc' dir='ltr'><strong>τὸν</strong></span> <span class='ocrx_word' id='word_1_490' title='bbox 411 3708 624 3778; x_wconf 68' lang='grc' dir='ltr'><strong>Κύριον,</strong></span> <span class='ocrx_word' id='word_1_491' title='bbox 689 3701 938 3774; x_wconf 75' lang='grc' dir='ltr'><strong>λέγουσα,</strong></span> <span class='ocrx_word' id='word_1_492' title='bbox 1004 3704 1097 3752; x_wconf 79' lang='grc' dir='ltr'><strong>καὶ</strong></span> <span class='ocrx_word' id='word_1_493' title='bbox 1154 3698 1442 3771; x_wconf 50' lang='lat' dir='ltr'><strong>meum“</strong></span> <span class='ocrx_word' id='word_1_494' title='bbox 1516 3702 1576 3749; x_wconf 89' lang='grc' dir='ltr'><strong>τό</strong></span> <span class='ocrx_word' id='word_1_495' title='bbox 1668 3697 1871 3768; x_wconf 72' lang='grc' dir='ltr'><strong>πνεῦμά</strong></span> 
     </span>
    </p>
   </div>
   <div class='ocr_carea' id='block_1_70' title="bbox 256 3794 1270 3871">
    <p class='ocr_par' dir='ltr' id='par_1_70' title="bbox 256 3794 1270 3871">
     <span class='ocr_line' id='line_1_70' title="bbox 256 3794 1270 3871; baseline -0.011 -21"><span class='ocrx_word' id='word_1_496' title='bbox 256 3817 363 3871; x_wconf 76' lang='grc' dir='ltr'><strong>μου</strong></span> <span class='ocrx_word' id='word_1_497' title='bbox 394 3799 479 3848; x_wconf 73' lang='grc' dir='ltr'><strong>επὶ</strong></span> <span class='ocrx_word' id='word_1_498' title='bbox 504 3802 579 3864; x_wconf 85' lang='grc' dir='ltr'><strong>τῷ</strong></span> <span class='ocrx_word' id='word_1_499' title='bbox 608 3799 722 3863; x_wconf 82' lang='grc' dir='ltr'><strong>Θεῷ</strong></span> <span class='ocrx_word' id='word_1_500' title='bbox 752 3799 824 3862; x_wconf 82' lang='grc' dir='ltr'><strong>τῷ</strong></span> <span class='ocrx_word' id='word_1_501' title='bbox 856 3794 1053 3864; x_wconf 78' lang='grc' dir='ltr'><strong>σωτῆρί</strong></span> <span class='ocrx_word' id='word_1_502' title='bbox 1092 3808 1213 3862; x_wconf 81' lang='grc' dir='ltr'><strong>μου.</strong></span> <span class='ocrx_word' id='word_1_503' title='bbox 1266 3850 1270 3854; x_wconf 14' lang='grc' dir='ltr'>ἰ</span> 
     </span>
    </p>
   </div>
   <div class='ocr_carea' id='block_1_71' title="bbox 337 3875 1870 3957">
    <p class='ocr_par' dir='ltr' id='par_1_71' title="bbox 337 3875 1870 3957">
     <span class='ocr_line' id='line_1_71' title="bbox 337 3875 1870 3957; baseline -0.01 -19"><span class='ocrx_word' id='word_1_504' title='bbox 337 3888 462 3957; x_wconf 70' lang='grc' dir='ltr'><strong>Φέρε</strong></span> <span class='ocrx_word' id='word_1_505' title='bbox 491 3880 568 3955; x_wconf 79' lang='grc' dir='ltr'><strong>δε,</strong></span> <span class='ocrx_word' id='word_1_506' title='bbox 620 3886 712 3933; x_wconf 76' lang='grc' dir='ltr'><strong>καὶ</strong></span> <span class='ocrx_word' id='word_1_507' title='bbox 768 3883 827 3931; x_wconf 86' lang='grc' dir='ltr'><strong>τὸ</strong></span> <span class='ocrx_word' id='word_1_508' title='bbox 887 3881 1044 3951; x_wconf 83' lang='grc' dir='ltr'><strong>χὺμα</strong></span> <span class='ocrx_word' id='word_1_509' title='bbox 1103 3885 1195 3938; x_wconf 87' lang='grc' dir='ltr'><strong>τῆς</strong></span> <span class='ocrx_word' id='word_1_510' title='bbox 1249 3875 1624 3948; x_wconf 82' lang='grc' dir='ltr'><strong>Σολομωντείου</strong></span> <span class='ocrx_word' id='word_1_511' title='bbox 1686 3876 1870 3944; x_wconf 72' lang='grc' dir='ltr'><strong>σοφίας</strong></span> 
     </span>
    </p>
   </div>
   <div class='ocr_carea' id='block_1_72' title="bbox 264 3966 1869 4048">
    <p class='ocr_par' dir='ltr' id='par_1_72' title="bbox 264 3966 1869 4048">
     <span class='ocr_line' id='line_1_72' title="bbox 264 3966 1869 4048; baseline -0.009 -20"><span class='ocrx_word' id='word_1_512' title='bbox 264 3976 657 4048; x_wconf 83' lang='grc' dir='ltr'><strong>μετοχετευτέον</strong></span> <span class='ocrx_word' id='word_1_513' title='bbox 686 3973 817 4044; x_wconf 83' lang='grc' dir='ltr'><strong>πρὸς</strong></span> <span class='ocrx_word' id='word_1_514' title='bbox 846 3971 913 4020; x_wconf 80' lang='grc' dir='ltr'><strong>τὰ</strong></span> <span class='ocrx_word' id='word_1_515' title='bbox 952 3974 1046 4020; x_wconf 88' lang='grc' dir='ltr'><strong>τοῦ</strong></span> <span class='ocrx_word' id='word_1_516' title='bbox 1112 3967 1376 4041; x_wconf 75' lang='grc' dir='ltr'><strong>εἰρηνικοῦ</strong></span> <span class='ocrx_word' id='word_1_517' title='bbox 1438 3966 1722 4039; x_wconf 79' lang='grc' dir='ltr'><strong>ὁρμήματα</strong></span> <span class='ocrx_word' id='word_1_518' title='bbox 1776 3980 1869 4014; x_wconf 84' lang='grc' dir='ltr'><strong>πο-</strong></span> 
     </span>
    </p>
   </div>
   <div class='ocr_carea' id='block_1_73' title="bbox 266 4052 1872 4135">
    <p class='ocr_par' dir='ltr' id='par_1_73' title="bbox 266 4052 1872 4135">
     <span class='ocr_line' id='line_1_73' title="bbox 266 4052 1872 4135; baseline -0.009 -19"><span class='ocrx_word' id='word_1_519' title='bbox 266 4070 460 4135; x_wconf 80' lang='grc' dir='ltr'><strong>ταμοῦ,</strong></span> <span class='ocrx_word' id='word_1_520' title='bbox 486 4068 573 4114; x_wconf 83' lang='grc' dir='ltr'><strong>τοῦ</strong></span> <span class='ocrx_word' id='word_1_521' title='bbox 617 4059 978 4119; x_wconf 70' lang='grc' dir='ltr'><strong>επικλύζοντος</strong></span> <span class='ocrx_word' id='word_1_522' title='bbox 1053 4052 1215 4119; x_wconf 79' lang='grc' dir='ltr'>δόξαν</span> <span class='ocrx_word' id='word_1_523' title='bbox 1267 4056 1455 4125; x_wconf 71' lang='grc' dir='ltr'><strong>ἔθνεσι,</strong></span> <span class='ocrx_word' id='word_1_524' title='bbox 1516 4058 1607 4104; x_wconf 79' lang='grc' dir='ltr'><strong>καὶ</strong></span> <span class='ocrx_word' id='word_1_525' title='bbox 1664 4054 1872 4124; x_wconf 79' lang='grc' dir='ltr'><strong>νάματα</strong></span> 
     </span>
    </p>
   </div>
   <div class='ocr_carea' id='block_1_74' title="bbox 262 4139 1870 4225">
    <p class='ocr_par' dir='ltr' id='par_1_74' title="bbox 262 4139 1870 4225">
     <span class='ocr_line' id='line_1_74' title="bbox 262 4139 1870 4225; baseline -0.009 -19"><span class='ocrx_word' id='word_1_526' title='bbox 262 4152 506 4225; x_wconf 73' lang='grc' dir='ltr'><strong>ναμάτων</strong></span> <span class='ocrx_word' id='word_1_527' title='bbox 561 4153 630 4202; x_wconf 81' lang='grc' dir='ltr'><strong>τὰ</strong></span> <span class='ocrx_word' id='word_1_528' title='bbox 683 4150 902 4222; x_wconf 77' lang='grc' dir='ltr'><strong>ᾄσματα</strong></span> <span class='ocrx_word' id='word_1_529' title='bbox 959 4153 1060 4198; x_wconf 86' lang='grc' dir='ltr'><strong>τῶν</strong></span> <span class='ocrx_word' id='word_1_530' title='bbox 1128 4144 1377 4218; x_wconf 77' lang='grc' dir='ltr'><strong>ἀσμοίτων</strong></span> <span class='ocrx_word' id='word_1_531' title='bbox 1454 4139 1870 4209; x_wconf 76' lang='grc' dir='ltr'><strong>δεικνῦσθωσαν,</strong></span> 
     </span>
    </p>
   </div>
   <div class='ocr_carea' id='block_1_75' title="bbox 263 4229 1874 4307">
    <p class='ocr_par' dir='ltr' id='par_1_75' title="bbox 263 4229 1874 4307">
     <span class='ocr_line' id='line_1_75' title="bbox 263 4229 1874 4307; baseline -0.01 -11"><span class='ocrx_word' id='word_1_532' title='bbox 263 4245 278 4265; x_wconf 87' lang='grc'>’</span> <span class='ocrx_word' id='word_1_533' title='bbox 306 4238 433 4297; x_wconf 78' lang='grc' dir='ltr'><strong>ἰδοὺ</strong></span> <span class='ocrx_word' id='word_1_534' title='bbox 501 4241 550 4292; x_wconf 82' lang='grc' dir='ltr'><strong>εἶ</strong></span> <span class='ocrx_word' id='word_1_535' title='bbox 607 4237 739 4297; x_wconf 79' lang='grc' dir='ltr'><strong>καλὴ</strong></span> <span class='ocrx_word' id='word_1_536' title='bbox 772 4239 803 4294; x_wconf 83' lang='grc' dir='ltr'>ἡ</span> <span class='ocrx_word' id='word_1_537' title='bbox 847 4236 1068 4294; x_wconf 85' lang='grc' dir='ltr'><strong>πλησίον</strong></span> <span class='ocrx_word' id='word_1_538' title='bbox 1158 4253 1278 4307; x_wconf 77' lang='grc' dir='ltr'><strong>μου,</strong></span> <span class='ocrx_word' id='word_1_539' title='bbox 1347 4237 1439 4284; x_wconf 80' lang='grc' dir='ltr'><strong>καὶ</strong></span> <span class='ocrx_word' id='word_1_540' title='bbox 1527 4239 1704 4304; x_wconf 82' lang='grc' dir='ltr'><strong>μῶμος</strong></span> <span class='ocrx_word' id='word_1_541' title='bbox 1778 4229 1874 4281; x_wconf 75' lang='grc' dir='ltr'><strong>οὐκ</strong></span> 
     </span>
    </p>
   </div>
   <div class='ocr_carea' id='block_1_76' title="bbox 262 4320 1871 4395">
    <p class='ocr_par' dir='ltr' id='par_1_76' title="bbox 262 4320 1871 4395">
     <span class='ocr_line' id='line_1_76' title="bbox 262 4320 1871 4395; baseline -0.008 -11"><span class='ocrx_word' id='word_1_542' title='bbox 262 4335 410 4384; x_wconf 75' lang='grc' dir='ltr'><strong>ἔστιν</strong></span> <span class='ocrx_word' id='word_1_543' title='bbox 459 4328 509 4381; x_wconf 74' lang='grc' dir='ltr'><strong>ἄν</strong></span> <span class='ocrx_word' id='word_1_544' title='bbox 570 4333 675 4380; x_wconf 83' lang='grc' dir='ltr'><strong>σοί-</strong></span> <span class='ocrx_word' id='word_1_545' title='bbox 730 4333 835 4379; x_wconf 87' lang='grc' dir='ltr'><strong>Τοῦ</strong></span> <span class='ocrx_word' id='word_1_546' title='bbox 889 4326 1148 4378; x_wconf 75' lang='grc' dir='ltr'><strong>ἀθανάτου</strong></span> <span class='ocrx_word' id='word_1_547' title='bbox 1213 4330 1437 4395; x_wconf 73' lang='grc' dir='ltr'><strong>νυμφίου</strong></span> <span class='ocrx_word' id='word_1_548' title='bbox 1502 4323 1569 4373; x_wconf 84' lang='grc' dir='ltr'><strong>τὰ</strong></span> <span class='ocrx_word' id='word_1_549' title='bbox 1638 4320 1871 4394; x_wconf 81' lang='grc' dir='ltr'><strong>ῥήματα,</strong></span> 
     </span>
    </p>
   </div>
   <div class='ocr_carea' id='block_1_77' title="bbox 260 4412 1872 4494">
    <p class='ocr_par' dir='ltr' id='par_1_77' title="bbox 260 4412 1872 4494">
     <span class='ocr_line' id='line_1_77' title="bbox 260 4412 1872 4494; baseline -0.009 -20"><span class='ocrx_word' id='word_1_550' title='bbox 260 4424 747 4494; x_wconf 75' lang='grc' dir='ltr'><strong>συμμαρτυροῦντα</strong></span> <span class='ocrx_word' id='word_1_551' title='bbox 788 4423 851 4489; x_wconf 77' lang='grc' dir='ltr'><strong>τῇ</strong></span> <span class='ocrx_word' id='word_1_552' title='bbox 901 4417 1074 4488; x_wconf 76' lang='grc' dir='ltr'><strong>νύμφη</strong></span> <span class='ocrx_word' id='word_1_553' title='bbox 1123 4416 1346 4488; x_wconf 81' lang='grc' dir='ltr'><strong>Μαριὰμ.</strong></span> <span class='ocrx_word' id='word_1_554' title='bbox 1400 4415 1459 4464; x_wconf 86' lang='grc' dir='ltr'><strong>τὸ</strong></span> <span class='ocrx_word' id='word_1_555' title='bbox 1506 4412 1707 4464; x_wconf 82' lang='grc' dir='ltr'><strong>πάντων</strong></span> <span class='ocrx_word' id='word_1_556' title='bbox 1758 4428 1872 4461; x_wconf 77' lang='grc' dir='ltr'><strong>κτι-</strong></span> 
     </span>
    </p>
   </div>
   <div class='ocr_carea' id='block_1_78' title="bbox 261 4500 1877 4580">
    <p class='ocr_par' dir='ltr' id='par_1_78' title="bbox 261 4500 1877 4580">
     <span class='ocr_line' id='line_1_78' title="bbox 261 4500 1877 4580; baseline -0.007 -17"><span class='ocrx_word' id='word_1_557' title='bbox 261 4518 404 4565; x_wconf 83' lang='grc' dir='ltr'><strong>στῶν</strong></span> <span class='ocrx_word' id='word_1_558' title='bbox 450 4507 812 4580; x_wconf 72' lang='grc' dir='ltr'><strong>ὑπερκεῖσθαι,</strong></span> <span class='ocrx_word' id='word_1_559' title='bbox 880 4510 972 4557; x_wconf 80' lang='grc' dir='ltr'><strong>καὶ</strong></span> <span class='ocrx_word' id='word_1_560' title='bbox 1026 4500 1111 4555; x_wconf 85' lang='grc' dir='ltr'><strong>δι’</strong></span> <span class='ocrx_word' id='word_1_561' title='bbox 1179 4500 1465 4575; x_wconf 78' lang='grc' dir='ltr'><strong>ὑπερϐολήν</strong></span> <span class='ocrx_word' id='word_1_562' title='bbox 1524 4502 1877 4574; x_wconf 79' lang='grc' dir='ltr'><strong>καθαρότητος</strong></span> 
     </span>
    </p>
   </div>
   <div class='ocr_carea' id='block_1_79' title="bbox 256 4595 1501 4673">
    <p class='ocr_par' dir='ltr' id='par_1_79' title="bbox 256 4595 1501 4673">
     <span class='ocr_line' id='line_1_79' title="bbox 256 4595 1501 4673; baseline -0.007 -19"><span class='ocrx_word' id='word_1_563' title='bbox 256 4608 340 4673; x_wconf 79' lang='grc' dir='ltr'><strong>τῷ</strong></span> <span class='ocrx_word' id='word_1_564' title='bbox 368 4597 599 4671; x_wconf 66' lang='lat' dir='ltr'><strong>(intrth</strong></span> <span class='ocrx_word' id='word_1_565' title='bbox 624 4595 993 4670; x_wconf 71' lang='grc' dir='ltr'><strong>προσεγγίζειν</strong></span> <span class='ocrx_word' id='word_1_566' title='bbox 1019 4610 1070 4647; x_wconf 76' lang='grc' dir='ltr'><strong>εν</strong></span> <span class='ocrx_word' id='word_1_567' title='bbox 1096 4595 1250 4666; x_wconf 70' lang='grc' dir='ltr'><strong>φύσει</strong></span> <span class='ocrx_word' id='word_1_568' title='bbox 1285 4599 1501 4663; x_wconf 72' lang='grc' dir='ltr'><strong>κτιστῇ.</strong></span> 
     </span>
    </p>
   </div>
   <div class='ocr_carea' id='block_1_80' title="bbox 342 4931 1879 5011">
    <p class='ocr_par' dir='ltr' id='par_1_80' title="bbox 342 4931 1879 5011">
     <span class='ocr_line' id='line_1_80' title="bbox 342 4931 1879 5011; baseline -0.007 -15"><span class='ocrx_word' id='word_1_569' title='bbox 342 4939 456 5011; x_wconf 68' lang='grc' dir='ltr'><strong>(το)</strong></span> <span class='ocrx_word' id='word_1_570' title='bbox 486 4939 631 5011; x_wconf 73' lang='lat' dir='ltr'><strong>Gen.</strong></span> <span class='ocrx_word' id='word_1_571' title='bbox 652 4933 1152 5011; x_wconf 71' lang='lat' dir='ltr'><strong>xvur.Abrahami</strong></span> <span class='ocrx_word' id='word_1_572' title='bbox 1180 4931 1637 5011; x_wconf 61' lang='lat' dir='ltr'><strong>tabernaculum</strong></span> <span class='ocrx_word' id='word_1_573' title='bbox 1696 4933 1879 5011; x_wconf 73' lang='lat' dir='ltr'><strong>typus</strong></span> 
     </span>
    </p>
   </div>
   <div class='ocr_carea' id='block_1_81' title="bbox 258 5001 1877 5140">
    <p class='ocr_par' dir='ltr' id='par_1_81' title="bbox 258 5001 1877 5140">
     <span class='ocr_line' id='line_1_81' title="bbox 258 5001 1877 5140; baseline -0.009 -66"><span class='ocrx_word' id='word_1_574' title='bbox 258 5001 651 5140; x_wconf 49' lang='lat' dir='ltr'><strong>Virginis</strong></span> <span class='ocrx_word' id='word_1_575' title='bbox 666 5008 954 5081; x_wconf 78' lang='lat' dir='ltr'><strong>Deipara,</strong></span> <span class='ocrx_word' id='word_1_576' title='bbox 970 5023 1107 5077; x_wconf 87' lang='lat' dir='ltr'><strong>qua</strong></span> <span class='ocrx_word' id='word_1_577' title='bbox 1119 5003 1402 5062; x_wconf 88' lang='lat' dir='ltr'><strong>immensi</strong></span> <span class='ocrx_word' id='word_1_578' title='bbox 1415 5004 1518 5060; x_wconf 88' lang='lat' dir='ltr'><strong>Dei</strong></span> <span class='ocrx_word' id='word_1_579' title='bbox 1545 5001 1877 5075; x_wconf 85' lang='lat' dir='ltr'><strong>hospitium</strong></span> 
     </span>
     <span class='ocr_line' id='line_1_82' title="bbox 287 5096 579 5139; baseline -0.024 0"><span class='ocrx_word' id='word_1_580' title='bbox 287 5098 369 5139; x_wconf 87' lang='lat' dir='ltr'><strong>ac</strong></span> <span class='ocrx_word' id='word_1_581' title='bbox 397 5096 437 5137; x_wconf 89' lang='lat' dir='ltr'><strong>a</strong></span> <span class='ocrx_word' id='word_1_582' title='bbox 467 5098 531 5138; x_wconf 89' lang='lat' dir='ltr'><strong>es</strong></span> <span class='ocrx_word' id='word_1_583' title='bbox 562 5118 579 5132; x_wconf 94' lang='lat'><strong>.</strong></span> 
     </span>
    </p>
   </div>
   <div class='ocr_carea' id='block_1_82' title="bbox 287 5084 579 5139">
    <p class='ocr_par' dir='ltr' id='par_1_82' title="bbox 287 5084 579 5139">
     <span class='ocr_line' id='line_1_83' title="bbox 287 5084 579 5139; baseline -0.021 0"><span class='ocrx_word' id='word_1_584' title='bbox 287 5084 437 5139; x_wconf 80' lang='lat' dir='ltr'><strong>acta</strong></span> <span class='ocrx_word' id='word_1_585' title='bbox 467 5087 579 5138; x_wconf 88' lang='lat' dir='ltr'><strong>est.</strong></span> 
     </span>
    </p>
   </div>
   <div class='ocr_carea' id='block_1_83' title="bbox 339 5151 848 5223">
    <p class='ocr_par' dir='ltr' id='par_1_83' title="bbox 339 5151 848 5223">
     <span class='ocr_line' id='line_1_84' title="bbox 339 5151 848 5223; baseline -0.004 -14"><span class='ocrx_word' id='word_1_586' title='bbox 339 5153 458 5223; x_wconf 88' lang='lat'><strong>(80)</strong></span> <span class='ocrx_word' id='word_1_587' title='bbox 488 5151 774 5219; x_wconf 73' lang='lat' dir='ltr'><strong>Matthm,</strong></span> <span class='ocrx_word' id='word_1_588' title='bbox 795 5155 848 5217; x_wconf 84' lang='lat'><strong>9,</strong></span> 
     </span>
    </p>
   </div>
   <div class='ocr_carea' id='block_1_84' title="bbox 346 5222 1072 5291">
    <p class='ocr_par' dir='ltr' id='par_1_84' title="bbox 346 5222 1072 5291">
     <span class='ocr_line' id='line_1_85' title="bbox 346 5222 1072 5291; baseline -0.007 -11"><span class='ocrx_word' id='word_1_589' title='bbox 346 5222 460 5291; x_wconf 81' lang='grc'><strong>(81)</strong></span> <span class='ocrx_word' id='word_1_590' title='bbox 492 5226 634 5279; x_wconf 87' lang='lat' dir='ltr'><strong>Gen.</strong></span> <span class='ocrx_word' id='word_1_591' title='bbox 665 5238 843 5287; x_wconf 80' lang='lat' dir='ltr'><strong>xxxv,</strong></span> <span class='ocrx_word' id='word_1_592' title='bbox 865 5222 953 5288; x_wconf 74' lang='grc'><strong>14,</strong></span> <span class='ocrx_word' id='word_1_593' title='bbox 989 5225 1072 5276; x_wconf 77' lang='grc'><strong>15.</strong></span> 
     </span>
    </p>
   </div>
   <div class='ocr_carea' id='block_1_85' title="bbox 344 5227 899 5379">
    <p class='ocr_par' dir='ltr' id='par_1_85' title="bbox 344 5227 899 5379">
     <span class='ocr_line' id='line_1_86' title="bbox 346 5227 899 5291; baseline -0.005 -11"><span class='ocrx_word' id='word_1_594' title='bbox 346 5227 432 5291; x_wconf 81' lang='grc'><strong>(81</strong></span> <span class='ocrx_word' id='word_1_595' title='bbox 492 5227 634 5279; x_wconf 85' lang='lat' dir='ltr'><strong>Gen.</strong></span> <span class='ocrx_word' id='word_1_596' title='bbox 665 5238 843 5287; x_wconf 80' lang='lat' dir='ltr'><strong>xxxv,</strong></span> <span class='ocrx_word' id='word_1_597' title='bbox 865 5227 899 5277; x_wconf 65' lang='grc' dir='ltr'><strong>1ι</strong></span> 
     </span>
     <span class='ocr_line' id='line_1_87' title="bbox 344 5227 899 5379; baseline -0.004 -28"><span class='ocrx_word' id='word_1_598' title='bbox 486 5295 683 5379; x_wconf 58' lang='grc' dir='ltr'><strong>μξιιιι.</strong></span> <span class='ocrx_word' id='word_1_599' title='bbox 712 5310 787 5379; x_wconf 41' lang='grc' dir='ltr'><strong>ιιΙ,</strong></span> <span class='ocrx_word' id='word_1_600' title='bbox 808 5295 899 5350; x_wconf 82' lang='lat'><strong>28.</strong></span> 
     </span>
    </p>
   </div>
   <div class='ocr_carea' id='block_1_86' title="bbox 345 5368 809 5437">
    <p class='ocr_par' dir='ltr' id='par_1_86' title="bbox 345 5368 809 5437">
     <span class='ocr_line' id='line_1_88' title="bbox 345 5368 809 5437; baseline -0.006 -14"><span class='ocrx_word' id='word_1_601' title='bbox 345 5368 460 5437; x_wconf 85' lang='grc'><strong>83))</strong></span> <span class='ocrx_word' id='word_1_602' title='bbox 487 5373 508 5420; x_wconf 88' lang='grc' dir='ltr'><strong>Ι</strong></span> <span class='ocrx_word' id='word_1_603' title='bbox 533 5368 664 5423; x_wconf 85' lang='lat' dir='ltr'><strong>Cor.</strong></span> <span class='ocrx_word' id='word_1_604' title='bbox 690 5369 809 5421; x_wconf 54' lang='grc' dir='ltr'><strong>ΧΑ.</strong></span> 
     </span>
    </p>
   </div>
   <div class='ocr_carea' id='block_1_87' title="bbox 367 5437 980 5508">
    <p class='ocr_par' dir='ltr' id='par_1_87' title="bbox 367 5437 980 5508">
     <span class='ocr_line' id='line_1_89' title="bbox 367 5437 980 5508; baseline -0.005 -15"><span class='ocrx_word' id='word_1_605' title='bbox 367 5438 464 5508; x_wconf 69' lang='grc'><strong>84)</strong></span> <span class='ocrx_word' id='word_1_606' title='bbox 489 5437 633 5508; x_wconf 81' lang='lat' dir='ltr'><strong>Gen.</strong></span> <span class='ocrx_word' id='word_1_607' title='bbox 665 5451 868 5504; x_wconf 81' lang='lat' dir='ltr'><strong>xxvul,</strong></span> <span class='ocrx_word' id='word_1_608' title='bbox 896 5438 980 5490; x_wconf 80' lang='grc'><strong>12.</strong></span> 
     </span>
    </p>
   </div>
   <div class='ocr_carea' id='block_1_88' title="bbox 372 5507 937 5581">
    <p class='ocr_par' dir='ltr' id='par_1_88' title="bbox 372 5507 937 5581">
     <span class='ocr_line' id='line_1_90' title="bbox 372 5507 937 5581; baseline -0.007 -16"><span class='ocrx_word' id='word_1_609' title='bbox 372 5507 467 5581; x_wconf 75' lang='grc'><strong>85)</strong></span> <span class='ocrx_word' id='word_1_610' title='bbox 496 5507 640 5581; x_wconf 87' lang='lat' dir='ltr'><strong>Cod.</strong></span> <span class='ocrx_word' id='word_1_611' title='bbox 673 5510 937 5581; x_wconf 81' lang='grc' dir='ltr'><strong>κιννύρας.</strong></span> 
     </span>
    </p>
   </div>
   <div class='ocr_carea' id='block_1_89' title="bbox 374 5577 1197 5648">
    <p class='ocr_par' dir='ltr' id='par_1_89' title="bbox 374 5577 1197 5648">
     <span class='ocr_line' id='line_1_91' title="bbox 374 5577 1197 5648; baseline -0.006 -13"><span class='ocrx_word' id='word_1_612' title='bbox 374 5577 468 5648; x_wconf 83' lang='grc'><strong>86)</strong></span> <span class='ocrx_word' id='word_1_613' title='bbox 492 5580 648 5636; x_wconf 87' lang='lat' dir='ltr'><strong>Psal.</strong></span> <span class='ocrx_word' id='word_1_614' title='bbox 680 5577 865 5648; x_wconf 61' lang='grc' dir='ltr'><strong>κινίὸ</strong></span> <span class='ocrx_word' id='word_1_615' title='bbox 893 5592 1015 5633; x_wconf 88' lang='lat' dir='ltr'><strong>sec.</strong></span> <span class='ocrx_word' id='word_1_616' title='bbox 1048 5577 1197 5633; x_wconf 80' lang='lat' dir='ltr'><strong>LXX.</strong></span> 
     </span>
    </p>
   </div>
   <div class='ocr_carea' id='block_1_90' title="bbox 351 5643 1887 5724">
    <p class='ocr_par' dir='ltr' id='par_1_90' title="bbox 351 5643 1887 5724">
     <span class='ocr_line' id='line_1_92' title="bbox 351 5643 1887 5724; baseline -0.005 -17"><span class='ocrx_word' id='word_1_617' title='bbox 351 5643 596 5724; x_wconf 66' lang='grc' dir='ltr'><strong>(δήιοι).</strong></span> <span class='ocrx_word' id='word_1_618' title='bbox 621 5643 814 5724; x_wconf 63' lang='lat' dir='ltr'><strong>xpvuf,</strong></span> <span class='ocrx_word' id='word_1_619' title='bbox 841 5647 1550 5724; x_wconf 66' lang='lat' dir='ltr'><strong>18;Uti1}amattendisses</strong></span> <span class='ocrx_word' id='word_1_620' title='bbox 1591 5643 1887 5724; x_wconf 65' lang='lat' dir='ltr'><strong>mandata</strong></span> 
     </span>
    </p>
   </div>
   <div class='ocr_carea' id='block_1_91' title="bbox 272 5714 1888 5794">
    <p class='ocr_par' dir='ltr' id='par_1_91' title="bbox 272 5714 1888 5794">
     <span class='ocr_line' id='line_1_93' title="bbox 272 5714 1888 5794; baseline -0.006 -13"><span class='ocrx_word' id='word_1_621' title='bbox 272 5714 416 5781; x_wconf 73' lang='lat' dir='ltr'><strong>mea</strong></span> <span class='ocrx_word' id='word_1_622' title='bbox 432 5714 855 5794; x_wconf 70' lang='lat' dir='ltr'><strong>tracta/uisset</strong></span> <span class='ocrx_word' id='word_1_623' title='bbox 869 5719 1394 5791; x_wconf 74' lang='lat' dir='ltr'><strong>sicutﬂumenpax</strong></span> <span class='ocrx_word' id='word_1_624' title='bbox 1407 5726 1534 5790; x_wconf 84' lang='lat' dir='ltr'><strong>tua,</strong></span> <span class='ocrx_word' id='word_1_625' title='bbox 1565 5721 1623 5775; x_wconf 84' lang='lat' dir='ltr'><strong>et</strong></span> <span class='ocrx_word' id='word_1_626' title='bbox 1639 5714 1888 5788; x_wconf 79' lang='lat' dir='ltr'><strong>justitia</strong></span> 
     </span>
    </p>
   </div>
   <div class='ocr_carea' id='block_1_92' title="bbox 1910 4562 1957 4617">
    <p class='ocr_par' dir='ltr' id='par_1_92' title="bbox 1910 4562 1957 4617">
     <span class='ocr_line' id='line_1_94' title="bbox 1910 4562 1957 4617; baseline 0 0"><span class='ocrx_word' id='word_1_627' title='bbox 1910 4562 1957 4617; x_wconf 91' lang='lat' dir='ltr'><strong>D</strong></span> 
     </span>
    </p>
   </div>
   <div class='ocr_carea' id='block_1_93' title="bbox 1982 3257 3639 3331">
    <p class='ocr_par' dir='ltr' id='par_1_93' title="bbox 1982 3257 3639 3331">
     <span class='ocr_line' id='line_1_95' title="bbox 1982 3257 3639 3331; baseline 0 -18"><span class='ocrx_word' id='word_1_628' title='bbox 1982 3259 2175 3326; x_wconf 87' lang='lat' dir='ltr'><strong>Verbi,</strong></span> <span class='ocrx_word' id='word_1_629' title='bbox 2200 3259 2373 3330; x_wconf 92' lang='lat' dir='ltr'><strong>cujus</strong></span> <span class='ocrx_word' id='word_1_630' title='bbox 2400 3259 2673 3331; x_wconf 89' lang='lat' dir='ltr'><strong>impetus,</strong></span> <span class='ocrx_word' id='word_1_631' title='bbox 2706 3259 3022 3313; x_wconf 86' lang='lat' dir='ltr'><strong>immensa</strong></span> <span class='ocrx_word' id='word_1_632' title='bbox 3045 3257 3340 3313; x_wconf 90' lang='lat' dir='ltr'><strong>scilicetin</strong></span> <span class='ocrx_word' id='word_1_633' title='bbox 3365 3258 3639 3314; x_wconf 90' lang='lat' dir='ltr'><strong>homines</strong></span> 
     </span>
    </p>
   </div>
   <div class='ocr_carea' id='block_1_94' title="bbox 1982 3347 3642 3406">
    <p class='ocr_par' dir='ltr' id='par_1_94' title="bbox 1982 3347 3642 3406">
     <span class='ocr_line' id='line_1_96' title="bbox 1982 3347 3642 3406; baseline -0.002 0"><span class='ocrx_word' id='word_1_634' title='bbox 1982 3350 2281 3406; x_wconf 88' lang='lat' dir='ltr'><strong>charitatis</strong></span> <span class='ocrx_word' id='word_1_635' title='bbox 2312 3350 2389 3405; x_wconf 90' lang='lat' dir='ltr'><strong>ad</strong></span> <span class='ocrx_word' id='word_1_636' title='bbox 2418 3353 2688 3404; x_wconf 89' lang='lat' dir='ltr'><strong>nostram</strong></span> <span class='ocrx_word' id='word_1_637' title='bbox 2718 3354 2999 3403; x_wconf 88' lang='lat' dir='ltr'><strong>naturam</strong></span> <span class='ocrx_word' id='word_1_638' title='bbox 3036 3347 3413 3403; x_wconf 81' lang='lat' dir='ltr'><strong>ineifabiliter</strong></span> <span class='ocrx_word' id='word_1_639' title='bbox 3461 3363 3642 3403; x_wconf 78' lang='lat' dir='ltr'><strong>assu-</strong></span> 
     </span>
    </p>
   </div>
   <div class='ocr_carea' id='block_1_95' title="bbox 1982 3434 3634 3509">
    <p class='ocr_par' dir='ltr' id='par_1_95' title="bbox 1982 3434 3634 3509">
     <span class='ocr_line' id='line_1_97' title="bbox 1982 3434 3634 3509; baseline -0.003 -14"><span class='ocrx_word' id='word_1_640' title='bbox 1982 3440 2265 3495; x_wconf 89' lang='lat' dir='ltr'><strong>mendam</strong></span> <span class='ocrx_word' id='word_1_641' title='bbox 2281 3437 2599 3509; x_wconf 89' lang='lat' dir='ltr'><strong>impulsus,</strong></span> <span class='ocrx_word' id='word_1_642' title='bbox 2618 3437 2949 3492; x_wconf 88' lang='lat' dir='ltr'><strong>animatam</strong></span> <span class='ocrx_word' id='word_1_643' title='bbox 2962 3437 3073 3491; x_wconf 85' lang='lat' dir='ltr'><strong>Dei</strong></span> <span class='ocrx_word' id='word_1_644' title='bbox 3085 3438 3385 3493; x_wconf 86' lang='lat' dir='ltr'><strong>civitatem</strong></span> <span class='ocrx_word' id='word_1_645' title='bbox 3397 3434 3512 3508; x_wconf 87' lang='grc'><strong>(88)</strong></span> <span class='ocrx_word' id='word_1_646' title='bbox 3540 3435 3634 3491; x_wconf 85' lang='lat' dir='ltr'><strong>la-</strong></span> 
     </span>
    </p>
   </div>
   <div class='ocr_carea' id='block_1_96' title="bbox 1984 3524 3640 3598">
    <p class='ocr_par' dir='ltr' id='par_1_96' title="bbox 1984 3524 3640 3598">
     <span class='ocr_line' id='line_1_98' title="bbox 1984 3524 3640 3598; baseline -0.002 -15"><span class='ocrx_word' id='word_1_647' title='bbox 1984 3528 2230 3584; x_wconf 87' lang='lat' dir='ltr'><strong>tiﬁcant.</strong></span> <span class='ocrx_word' id='word_1_648' title='bbox 2265 3528 2450 3598; x_wconf 84' lang='lat' dir='ltr'><strong>Hujus</strong></span> <span class='ocrx_word' id='word_1_649' title='bbox 2479 3526 2640 3581; x_wconf 89' lang='lat' dir='ltr'><strong>enim</strong></span> <span class='ocrx_word' id='word_1_650' title='bbox 2672 3531 2761 3581; x_wconf 90' lang='lat' dir='ltr'><strong>est</strong></span> <span class='ocrx_word' id='word_1_651' title='bbox 2786 3541 2903 3580; x_wconf 78' lang='lat' dir='ltr'><strong>vox</strong></span> <span class='ocrx_word' id='word_1_652' title='bbox 2923 3524 3046 3594; x_wconf 90' lang='lat' dir='ltr'><strong>illa,</strong></span> <span class='ocrx_word' id='word_1_653' title='bbox 3070 3524 3369 3596; x_wconf 87' lang='lat' dir='ltr'><strong>inquiens:</strong></span> <span class='ocrx_word' id='word_1_654' title='bbox 3403 3525 3640 3595; x_wconf 77' lang='lat' dir='ltr'><strong>Magni-</strong></span> 
     </span>
    </p>
   </div>
   <div class='ocr_carea' id='block_1_97' title="bbox 1978 3613 3639 3687">
    <p class='ocr_par' dir='ltr' id='par_1_97' title="bbox 1978 3613 3639 3687">
     <span class='ocr_line' id='line_1_99' title="bbox 1978 3613 3639 3687; baseline -0.002 -15"><span class='ocrx_word' id='word_1_655' title='bbox 1978 3619 2118 3687; x_wconf 82' lang='lat' dir='ltr'><strong>ﬁcat</strong></span> <span class='ocrx_word' id='word_1_656' title='bbox 2135 3619 2338 3674; x_wconf 84' lang='lat' dir='ltr'><strong>anima</strong></span> <span class='ocrx_word' id='word_1_657' title='bbox 2375 3631 2506 3672; x_wconf 89' lang='lat' dir='ltr'><strong>mea</strong></span> <span class='ocrx_word' id='word_1_658' title='bbox 2568 3615 2981 3682; x_wconf 84' lang='lat' dir='ltr'><strong>Dominum,et</strong></span> <span class='ocrx_word' id='word_1_659' title='bbox 3020 3613 3350 3670; x_wconf 71' lang='lat' dir='ltr'><strong>exsultavit</strong></span> <span class='ocrx_word' id='word_1_660' title='bbox 3386 3614 3639 3682; x_wconf 79' lang='lat' dir='ltr'><strong>spiritus</strong></span> 
     </span>
    </p>
   </div>
   <div class='ocr_carea' id='block_1_98' title="bbox 1979 3703 2969 3773">
    <p class='ocr_par' dir='ltr' id='par_1_98' title="bbox 1979 3703 2969 3773">
     <span class='ocr_line' id='line_1_100' title="bbox 1979 3703 2969 3773; baseline -0.006 -10"><span class='ocrx_word' id='word_1_661' title='bbox 1979 3723 2140 3763; x_wconf 85' lang='lat' dir='ltr'><strong>meus</strong></span> <span class='ocrx_word' id='word_1_662' title='bbox 2161 3709 2223 3762; x_wconf 88' lang='lat' dir='ltr'><strong>in</strong></span> <span class='ocrx_word' id='word_1_663' title='bbox 2252 3707 2373 3762; x_wconf 87' lang='lat' dir='ltr'><strong>Deo</strong></span> <span class='ocrx_word' id='word_1_664' title='bbox 2391 3706 2653 3761; x_wconf 85' lang='lat' dir='ltr'><strong>salutari</strong></span> <span class='ocrx_word' id='word_1_665' title='bbox 2679 3718 2805 3759; x_wconf 90' lang='lat' dir='ltr'><strong>meo</strong></span> <span class='ocrx_word' id='word_1_666' title='bbox 2835 3703 2969 3773; x_wconf 88' lang='lat'><strong>(89).</strong></span> 
     </span>
    </p>
   </div>
   <div class='ocr_carea' id='block_1_99' title="bbox 2054 3878 3639 3955">
    <p class='ocr_par' dir='ltr' id='par_1_99' title="bbox 2054 3878 3639 3955">
     <span class='ocr_line' id='line_1_101' title="bbox 2054 3878 3639 3955; baseline -0.003 -14"><span class='ocrx_word' id='word_1_667' title='bbox 2054 3883 2165 3942; x_wconf 89' lang='lat' dir='ltr'><strong>Sed</strong></span> <span class='ocrx_word' id='word_1_668' title='bbox 2197 3883 2481 3955; x_wconf 85' lang='lat' dir='ltr'><strong>agedum,</strong></span> <span class='ocrx_word' id='word_1_669' title='bbox 2505 3887 2563 3938; x_wconf 92' lang='lat' dir='ltr'><strong>et</strong></span> <span class='ocrx_word' id='word_1_670' title='bbox 2587 3880 2897 3937; x_wconf 79' lang='lat' dir='ltr'><strong>efﬂuvium</strong></span> <span class='ocrx_word' id='word_1_671' title='bbox 2929 3895 3174 3954; x_wconf 89' lang='lat' dir='ltr'><strong>quoque</strong></span> <span class='ocrx_word' id='word_1_672' title='bbox 3206 3878 3513 3952; x_wconf 87' lang='lat' dir='ltr'><strong>sapientia</strong></span> <span class='ocrx_word' id='word_1_673' title='bbox 3539 3880 3639 3937; x_wconf 85' lang='lat' dir='ltr'><strong>Sa-</strong></span> 
     </span>
    </p>
   </div>
   <div class='ocr_carea' id='block_1_100' title="bbox 1979 3967 3638 4043">
    <p class='ocr_par' dir='ltr' id='par_1_100' title="bbox 1979 3967 3638 4043">
     <span class='ocr_line' id='line_1_102' title="bbox 1979 3967 3638 4043; baseline -0.004 -13"><span class='ocrx_word' id='word_1_674' title='bbox 1979 3973 2239 4030; x_wconf 93' lang='lat' dir='ltr'><strong>lomonis</strong></span> <span class='ocrx_word' id='word_1_675' title='bbox 2268 3972 2570 4028; x_wconf 87' lang='lat' dir='ltr'><strong>derivetur</strong></span> <span class='ocrx_word' id='word_1_676' title='bbox 2599 3971 2676 4028; x_wconf 91' lang='lat' dir='ltr'><strong>ad</strong></span> <span class='ocrx_word' id='word_1_677' title='bbox 2715 3971 2975 4043; x_wconf 90' lang='lat' dir='ltr'><strong>impetus</strong></span> <span class='ocrx_word' id='word_1_678' title='bbox 3013 3967 3249 4042; x_wconf 85' lang='lat' dir='ltr'><strong>paciﬁci</strong></span> <span class='ocrx_word' id='word_1_679' title='bbox 3304 3968 3461 4024; x_wconf 88' lang='lat' dir='ltr'><strong>illius</strong></span> <span class='ocrx_word' id='word_1_680' title='bbox 3527 3968 3638 4024; x_wconf 83' lang='lat' dir='ltr'><strong>ﬂu-</strong></span> 
     </span>
    </p>
   </div>
   <div class='ocr_carea' id='block_1_101' title="bbox 1981 4056 3635 4135">
    <p class='ocr_par' dir='ltr' id='par_1_101' title="bbox 1981 4056 3635 4135">
     <span class='ocr_line' id='line_1_103' title="bbox 1981 4056 3635 4135; baseline -0.001 -16"><span class='ocrx_word' id='word_1_681' title='bbox 1981 4063 2179 4132; x_wconf 89' lang='lat' dir='ltr'><strong>minis,</strong></span> <span class='ocrx_word' id='word_1_682' title='bbox 2207 4064 2368 4135; x_wconf 91' lang='lat' dir='ltr'><strong>quod</strong></span> <span class='ocrx_word' id='word_1_683' title='bbox 2404 4060 2719 4117; x_wconf 84' lang='lat' dir='ltr'><strong>exundans</strong></span> <span class='ocrx_word' id='word_1_684' title='bbox 2742 4060 2802 4115; x_wconf 92' lang='lat' dir='ltr'><strong>in</strong></span> <span class='ocrx_word' id='word_1_685' title='bbox 2827 4063 3033 4135; x_wconf 84' lang='lat' dir='ltr'><strong>gentes</strong></span> <span class='ocrx_word' id='word_1_686' title='bbox 3055 4059 3309 4130; x_wconf 90' lang='lat' dir='ltr'><strong>gloriam</strong></span> <span class='ocrx_word' id='word_1_687' title='bbox 3362 4056 3635 4119; x_wconf 89' lang='lat' dir='ltr'><strong>eﬂundit.</strong></span> 
     </span>
    </p>
   </div>
   <div class='ocr_carea' id='block_1_102' title="bbox 1980 4132 3638 4221">
    <p class='ocr_par' dir='ltr' id='par_1_102' title="bbox 1980 4132 3638 4221">
     <span class='ocr_line' id='line_1_104' title="bbox 1980 4132 3638 4221; baseline -0.004 -11"><span class='ocrx_word' id='word_1_688' title='bbox 1980 4158 2038 4210; x_wconf 91' lang='lat' dir='ltr'><strong>et</strong></span> <span class='ocrx_word' id='word_1_689' title='bbox 2062 4132 2304 4209; x_wconf 72' lang='lat' dir='ltr'><strong>Cantica</strong></span> <span class='ocrx_word' id='word_1_690' title='bbox 2358 4151 2728 4207; x_wconf 87' lang='lat' dir='ltr'><strong>canticorum</strong></span> <span class='ocrx_word' id='word_1_691' title='bbox 2785 4132 3002 4205; x_wconf 45' lang='lat' dir='ltr'><strong>semet.</strong></span> <span class='ocrx_word' id='word_1_692' title='bbox 3046 4148 3355 4221; x_wconf 89' lang='lat' dir='ltr'><strong>prabeant</strong></span> <span class='ocrx_word' id='word_1_693' title='bbox 3411 4147 3638 4204; x_wconf 87' lang='lat' dir='ltr'><strong>ﬂuenta</strong></span> 
     </span>
    </p>
   </div>
   <div class='ocr_carea' id='block_1_103' title="bbox 1981 4238 3638 4310">
    <p class='ocr_par' dir='ltr' id='par_1_103' title="bbox 1981 4238 3638 4310">
     <span class='ocr_line' id='line_1_105' title="bbox 1981 4238 3638 4310; baseline -0.004 -11"><span class='ocrx_word' id='word_1_694' title='bbox 1981 4244 2367 4299; x_wconf 87' lang='lat' dir='ltr'><strong>ﬂuentorum:</strong></span> <span class='ocrx_word' id='word_1_695' title='bbox 2401 4241 2481 4297; x_wconf 84' lang='lat' dir='ltr'><strong>Et</strong></span> <span class='ocrx_word' id='word_1_696' title='bbox 2513 4256 2576 4297; x_wconf 85' lang='lat' dir='ltr'><strong>ce</strong></span> <span class='ocrx_word' id='word_1_697' title='bbox 2598 4246 2663 4295; x_wconf 88' lang='lat' dir='ltr'><strong>tu</strong></span> <span class='ocrx_word' id='word_1_698' title='bbox 2680 4240 2946 4310; x_wconf 81' lang='lat' dir='ltr'><strong>pulchra</strong></span> <span class='ocrx_word' id='word_1_699' title='bbox 2967 4238 3250 4304; x_wconf 86' lang='lat' dir='ltr'><strong>es,amica</strong></span> <span class='ocrx_word' id='word_1_700' title='bbox 3270 4242 3484 4299; x_wconf 85' lang='lat' dir='ltr'><strong>mea,et</strong></span> <span class='ocrx_word' id='word_1_701' title='bbox 3513 4251 3638 4293; x_wconf 89' lang='lat' dir='ltr'><strong>ma-</strong></span> 
     </span>
    </p>
   </div>
   <div class='ocr_carea' id='block_1_104' title="bbox 1984 4325 3639 4398">
    <p class='ocr_par' dir='ltr' id='par_1_104' title="bbox 1984 4325 3639 4398">
     <span class='ocr_line' id='line_1_106' title="bbox 1984 4325 3639 4398; baseline -0.005 -8"><span class='ocrx_word' id='word_1_702' title='bbox 1984 4335 2126 4390; x_wconf 89' lang='lat' dir='ltr'><strong>cula</strong></span> <span class='ocrx_word' id='word_1_703' title='bbox 2145 4348 2266 4388; x_wconf 87' lang='lat' dir='ltr'><strong>non</strong></span> <span class='ocrx_word' id='word_1_704' title='bbox 2293 4337 2377 4388; x_wconf 83' lang='lat' dir='ltr'><strong>est</strong></span> <span class='ocrx_word' id='word_1_705' title='bbox 2402 4333 2466 4387; x_wconf 84' lang='lat' dir='ltr'><strong>in</strong></span> <span class='ocrx_word' id='word_1_706' title='bbox 2491 4332 2685 4397; x_wconf 66' lang='lat' dir='ltr'><strong>tet90).</strong></span> <span class='ocrx_word' id='word_1_707' title='bbox 2720 4327 3077 4384; x_wconf 88' lang='lat' dir='ltr'><strong>Immortalis</strong></span> <span class='ocrx_word' id='word_1_708' title='bbox 3105 4326 3324 4398; x_wconf 90' lang='lat' dir='ltr'><strong>Sponsi</strong></span> <span class='ocrx_word' id='word_1_709' title='bbox 3355 4325 3470 4382; x_wconf 86' lang='lat' dir='ltr'><strong>ista</strong></span> <span class='ocrx_word' id='word_1_710' title='bbox 3495 4330 3639 4381; x_wconf 83' lang='lat' dir='ltr'><strong>sunt</strong></span> 
     </span>
    </p>
   </div>
   <div class='ocr_carea' id='block_1_105' title="bbox 1984 4413 3642 4493">
    <p class='ocr_par' dir='ltr' id='par_1_105' title="bbox 1984 4413 3642 4493">
     <span class='ocr_line' id='line_1_107' title="bbox 1984 4413 3642 4493; baseline -0.002 -19"><span class='ocrx_word' id='word_1_711' title='bbox 1984 4422 2189 4487; x_wconf 87' lang='lat' dir='ltr'><strong>verba,</strong></span> <span class='ocrx_word' id='word_1_712' title='bbox 2221 4436 2357 4493; x_wconf 90' lang='lat' dir='ltr'><strong>qua</strong></span> <span class='ocrx_word' id='word_1_713' title='bbox 2378 4419 2783 4476; x_wconf 88' lang='lat' dir='ltr'><strong>testimonium</strong></span> <span class='ocrx_word' id='word_1_714' title='bbox 2844 4417 2920 4473; x_wconf 91' lang='lat' dir='ltr'><strong>de</strong></span> <span class='ocrx_word' id='word_1_715' title='bbox 2970 4417 3204 4489; x_wconf 90' lang='lat' dir='ltr'><strong>Sponsa</strong></span> <span class='ocrx_word' id='word_1_716' title='bbox 3231 4415 3415 4471; x_wconf 84' lang='lat' dir='ltr'><strong>Maria</strong></span> <span class='ocrx_word' id='word_1_717' title='bbox 3445 4413 3642 4471; x_wconf 86' lang='lat' dir='ltr'><strong>ferunt</strong></span> 
     </span>
    </p>
   </div>
   <div class='ocr_carea' id='block_1_106' title="bbox 1985 4505 3643 4577">
    <p class='ocr_par' dir='ltr' id='par_1_106' title="bbox 1985 4505 3643 4577">
     <span class='ocr_line' id='line_1_108' title="bbox 1985 4505 3643 4577; baseline -0.006 -8"><span class='ocrx_word' id='word_1_718' title='bbox 1985 4527 2123 4569; x_wconf 89' lang='lat' dir='ltr'><strong>eam</strong></span> <span class='ocrx_word' id='word_1_719' title='bbox 2153 4510 2374 4567; x_wconf 88' lang='lat' dir='ltr'><strong>scilicet</strong></span> <span class='ocrx_word' id='word_1_720' title='bbox 2401 4508 2697 4565; x_wconf 89' lang='lat' dir='ltr'><strong>universis</strong></span> <span class='ocrx_word' id='word_1_721' title='bbox 2728 4506 3018 4563; x_wconf 89' lang='lat' dir='ltr'><strong>creaturis</strong></span> <span class='ocrx_word' id='word_1_722' title='bbox 3071 4505 3544 4577; x_wconf 89' lang='lat' dir='ltr'><strong>supereminere,</strong></span> <span class='ocrx_word' id='word_1_723' title='bbox 3584 4507 3643 4560; x_wconf 90' lang='lat' dir='ltr'><strong>et</strong></span> 
     </span>
    </p>
   </div>
   <div class='ocr_carea' id='block_1_107' title="bbox 1989 4593 3642 4666">
    <p class='ocr_par' dir='ltr' id='par_1_107' title="bbox 1989 4593 3642 4666">
     <span class='ocr_line' id='line_1_109' title="bbox 1989 4593 3642 4666; baseline -0.006 -8"><span class='ocrx_word' id='word_1_724' title='bbox 1989 4607 2117 4658; x_wconf 89' lang='lat' dir='ltr'><strong>utut</strong></span> <span class='ocrx_word' id='word_1_725' title='bbox 2140 4602 2294 4657; x_wconf 91' lang='lat' dir='ltr'><strong>inter</strong></span> <span class='ocrx_word' id='word_1_726' title='bbox 2324 4604 2553 4656; x_wconf 87' lang='lat' dir='ltr'><strong>creatas</strong></span> <span class='ocrx_word' id='word_1_727' title='bbox 2585 4614 2679 4653; x_wconf 88' lang='lat' dir='ltr'><strong>res</strong></span> <span class='ocrx_word' id='word_1_728' title='bbox 2692 4600 3028 4666; x_wconf 87' lang='lat' dir='ltr'><strong>censeatur,</strong></span> <span class='ocrx_word' id='word_1_729' title='bbox 3045 4611 3170 4650; x_wconf 87' lang='lat' dir='ltr'><strong>sua</strong></span> <span class='ocrx_word' id='word_1_730' title='bbox 3187 4601 3389 4650; x_wconf 86' lang='lat' dir='ltr'><strong>tamen</strong></span> <span class='ocrx_word' id='word_1_731' title='bbox 3418 4593 3642 4666; x_wconf 88' lang='lat' dir='ltr'><strong>purita-</strong></span> 
     </span>
    </p>
   </div>
   <div class='ocr_carea' id='block_1_108' title="bbox 1987 4684 3636 4764">
    <p class='ocr_par' dir='ltr' id='par_1_108' title="bbox 1987 4684 3636 4764">
     <span class='ocr_line' id='line_1_110' title="bbox 1987 4684 3636 4764; baseline -0.007 -16"><span class='ocrx_word' id='word_1_732' title='bbox 1987 4692 2060 4748; x_wconf 89' lang='lat' dir='ltr'><strong>tis</strong></span> <span class='ocrx_word' id='word_1_733' title='bbox 2091 4689 2489 4764; x_wconf 89' lang='lat' dir='ltr'><strong>pracellentia</strong></span> <span class='ocrx_word' id='word_1_734' title='bbox 2517 4687 2740 4763; x_wconf 83' lang='lat' dir='ltr'><strong>(9t)ad</strong></span> <span class='ocrx_word' id='word_1_735' title='bbox 2793 4702 2956 4751; x_wconf 91' lang='lat' dir='ltr'><strong>eum,</strong></span> <span class='ocrx_word' id='word_1_736' title='bbox 2988 4684 3093 4758; x_wconf 90' lang='lat' dir='ltr'><strong>qui</strong></span> <span class='ocrx_word' id='word_1_737' title='bbox 3157 4688 3247 4740; x_wconf 87' lang='lat' dir='ltr'><strong>est</strong></span> <span class='ocrx_word' id='word_1_738' title='bbox 3315 4684 3636 4752; x_wconf 90' lang='lat' dir='ltr'><strong>increatus,</strong></span> 
     </span>
    </p>
   </div>
   <div class='ocr_carea' id='block_1_109' title="bbox 1987 4781 2293 4850">
    <p class='ocr_par' dir='ltr' id='par_1_109' title="bbox 1987 4781 2293 4850">
     <span class='ocr_line' id='line_1_111' title="bbox 1987 4781 2293 4850; baseline -0.003 -13"><span class='ocrx_word' id='word_1_739' title='bbox 1987 4781 2293 4850; x_wconf 85' lang='lat' dir='ltr'><strong>accedere,</strong></span> 
     </span>
    </p>
   </div>
   <div class='ocr_carea' id='block_1_110' title="bbox 1987 4914 2746 4987">
    <p class='ocr_par' dir='ltr' id='par_1_110' title="bbox 1987 4914 2746 4987">
     <span class='ocr_line' id='line_1_112' title="bbox 1987 4914 2746 4987; baseline -0.008 -14"><span class='ocrx_word' id='word_1_740' title='bbox 1987 4921 2094 4974; x_wconf 82' lang='lat' dir='ltr'><strong>tua</strong></span> <span class='ocrx_word' id='word_1_741' title='bbox 2117 4918 2269 4974; x_wconf 83' lang='lat' dir='ltr'><strong>sicut</strong></span> <span class='ocrx_word' id='word_1_742' title='bbox 2297 4930 2515 4987; x_wconf 82' lang='lat' dir='ltr'><strong>gurges</strong></span> <span class='ocrx_word' id='word_1_743' title='bbox 2540 4914 2746 4987; x_wconf 80' lang='lat' dir='ltr'><strong>maris.</strong></span> 
     </span>
    </p>
   </div>
   <div class='ocr_carea' id='block_1_111' title="bbox 2059 4978 3641 5060">
    <p class='ocr_par' dir='ltr' id='par_1_111' title="bbox 2059 4978 3641 5060">
     <span class='ocr_line' id='line_1_113' title="bbox 2059 4978 3641 5060; baseline -0.009 -17"><span class='ocrx_word' id='word_1_744' title='bbox 2059 4990 2174 5060; x_wconf 82' lang='lat'>(88)</span> <span class='ocrx_word' id='word_1_745' title='bbox 2203 4978 2342 5044; x_wconf 67' lang='grc' dir='ltr'><strong>γίάέ</strong></span> <span class='ocrx_word' id='word_1_746' title='bbox 2355 4978 2627 5060; x_wconf 59' lang='lat' dir='ltr'><strong>sa&#39;nctam</strong></span> <span class='ocrx_word' id='word_1_747' title='bbox 2645 4984 2958 5060; x_wconf 31' lang='lat' dir='ltr'><strong>Deip‘aram</strong></span> <span class='ocrx_word' id='word_1_748' title='bbox 2974 4978 3256 5050; x_wconf 89' lang='lat' dir='ltr'><strong>symbolo</strong></span> <span class='ocrx_word' id='word_1_749' title='bbox 3282 4990 3641 5049; x_wconf 76' lang='lat' dir='ltr'><strong>expressam</strong></span> 
     </span>
    </p>
   </div>
   <div class='ocr_carea' id='block_1_112' title="bbox 1986 5052 3172 5130">
    <p class='ocr_par' dir='ltr' id='par_1_112' title="bbox 1986 5052 3172 5130">
     <span class='ocr_line' id='line_1_114' title="bbox 1986 5052 3172 5130; baseline -0.01 -15"><span class='ocrx_word' id='word_1_750' title='bbox 1986 5052 2238 5117; x_wconf 77' lang='lat' dir='ltr'><strong>civitatis</strong></span> <span class='ocrx_word' id='word_1_751' title='bbox 2263 5059 2382 5128; x_wconf 88' lang='lat' dir='ltr'><strong>Dei,</strong></span> <span class='ocrx_word' id='word_1_752' title='bbox 2414 5059 2490 5114; x_wconf 91' lang='lat' dir='ltr'><strong>de</strong></span> <span class='ocrx_word' id='word_1_753' title='bbox 2519 5073 2644 5130; x_wconf 89' lang='lat' dir='ltr'><strong>qua</strong></span> <span class='ocrx_word' id='word_1_754' title='bbox 2673 5052 3012 5111; x_wconf 47' lang='lat' dir='ltr'><strong>in‘Psalmo</strong></span> <span class='ocrx_word' id='word_1_755' title='bbox 3040 5064 3172 5105; x_wconf 76' lang='lat' dir='ltr'><strong>XLV.</strong></span> 
     </span>
    </p>
   </div>
   <div class='ocr_carea' id='block_1_113' title="bbox 2065 5132 2529 5206">
    <p class='ocr_par' dir='ltr' id='par_1_113' title="bbox 2065 5132 2529 5206">
     <span class='ocr_line' id='line_1_115' title="bbox 2065 5132 2529 5206; baseline -0.009 -17"><span class='ocrx_word' id='word_1_756' title='bbox 2065 5132 2183 5206; x_wconf 87' lang='grc'><strong>(89)</strong></span> <span class='ocrx_word' id='word_1_757' title='bbox 2209 5134 2344 5206; x_wconf 53' lang='lat' dir='ltr'><strong>huc.</strong></span> <span class='ocrx_word' id='word_1_758' title='bbox 2378 5148 2414 5198; x_wconf 88' lang='grc' dir='ltr'><strong>ι,</strong></span> <span class='ocrx_word' id='word_1_759' title='bbox 2439 5133 2529 5206; x_wconf 63' lang='grc'><strong>4-7.</strong></span> 
     </span>
    </p>
   </div>
   <div class='ocr_carea' id='block_1_114' title="bbox 2082 5202 3503 5274">
    <p class='ocr_par' dir='ltr' id='par_1_114' title="bbox 2082 5202 3503 5274">
     <span class='ocr_line' id='line_1_116' title="bbox 2082 5202 3503 5274; baseline 0.006 -13"><span class='ocrx_word' id='word_1_760' title='bbox 2082 5202 2172 5274; x_wconf 80' lang='grc'><strong>80)</strong></span> <span class='ocrx_word' id='word_1_761' title='bbox 2201 5203 2368 5259; x_wconf 89' lang='lat' dir='ltr'><strong>Cant.</strong></span> <span class='ocrx_word' id='word_1_762' title='bbox 2394 5205 2542 5274; x_wconf 50' lang='lat'><strong>1,14.</strong></span> <span class='ocrx_word' id='word_1_763' title='bbox 2569 5203 2627 5274; x_wconf 67' lang='lat' dir='ltr'><strong>et</strong></span> <span class='ocrx_word' id='word_1_764' title='bbox 2652 5215 2728 5268; x_wconf 83' lang='lat' dir='ltr'><strong>IV,</strong></span> <span class='ocrx_word' id='word_1_765' title='bbox 2758 5202 2859 5274; x_wconf 55' lang='grc' dir='ltr'><strong>7ο,Δ</strong></span> <span class='ocrx_word' id='word_1_766' title='bbox 2914 5267 2944 5274; x_wconf 87' lang='lat'><strong>__</strong></span> <span class='ocrx_word' id='word_1_767' title='bbox 2994 5265 3032 5274; x_wconf 73' lang='lat'>_</span> <span class='ocrx_word' id='word_1_768' title='bbox 3079 5263 3090 5274; x_wconf 77' lang='grc'><em>,</em></span> <span class='ocrx_word' id='word_1_769' title='bbox 3492 5259 3503 5269; x_wconf 95' lang='grc'><strong>.</strong></span> 
     </span>
    </p>
   </div>
   <div class='ocr_carea' id='block_1_115' title="bbox 2056 5210 3638 5353">
    <p class='ocr_par' dir='ltr' id='par_1_115' title="bbox 2056 5210 3638 5353">
     <span class='ocr_line' id='line_1_117' title="bbox 2082 5210 3503 5274; baseline -0.014 -13"><span class='ocrx_word' id='word_1_770' title='bbox 2082 5210 2172 5274; x_wconf 87' lang='grc'><strong>80)</strong></span> <span class='ocrx_word' id='word_1_771' title='bbox 2201 5210 2368 5259; x_wconf 84' lang='lat' dir='ltr'><strong>Cant.</strong></span> <span class='ocrx_word' id='word_1_772' title='bbox 2394 5210 2542 5272; x_wconf 60' lang='lat'><strong>1,14,</strong></span> <span class='ocrx_word' id='word_1_773' title='bbox 2569 5210 2627 5255; x_wconf 87' lang='lat' dir='ltr'><strong>et</strong></span> <span class='ocrx_word' id='word_1_774' title='bbox 2652 5215 2728 5268; x_wconf 83' lang='lat' dir='ltr'><strong>IV,</strong></span> <span class='ocrx_word' id='word_1_775' title='bbox 2758 5210 2815 5251; x_wconf 84' lang='lat'><strong>7.</strong></span> <span class='ocrx_word' id='word_1_776' title='bbox 3492 5259 3503 5269; x_wconf 43' lang='lat'><em>.</em></span> 
     </span>
     <span class='ocr_line' id='line_1_118' title="bbox 2056 5210 3638 5353; baseline -0.004 6"><span class='ocrx_word' id='word_1_777' title='bbox 2056 5210 2174 5353; x_wconf 58' lang='grc' dir='ltr'><strong>ξω)</strong></span> <span class='ocrx_word' id='word_1_778' title='bbox 2199 5263 3638 5353; x_wconf 52' lang='grc' dir='ltr'><strong>Εείωίυωιιεδεερυτίιφιίερεέρεξεξεξιέξρίτξειιφί</strong></span> 
     </span>
    </p>
   </div>
   <div class='ocr_carea' id='block_1_116' title="bbox 1986 5335 3642 5425">
    <p class='ocr_par' dir='ltr' id='par_1_116' title="bbox 1986 5335 3642 5425">
     <span class='ocr_line' id='line_1_119' title="bbox 1986 5335 3642 5425; baseline 0 0"><span class='ocrx_word' id='word_1_779' title='bbox 1986 5335 2125 5425; x_wconf 68' lang='grc' dir='ltr'><strong>(ιιῑει,</strong></span> <span class='ocrx_word' id='word_1_780' title='bbox 2142 5335 2373 5425; x_wconf 52' lang='lat' dir='ltr'><strong>scilicet</strong></span> <span class='ocrx_word' id='word_1_781' title='bbox 2401 5350 2459 5401; x_wconf 66' lang='lat' dir='ltr'><strong>et</strong></span> <span class='ocrx_word' id='word_1_782' title='bbox 2485 5335 2770 5425; x_wconf 63' lang='grc' dir='ltr'><strong>(ξῐηῐλίινὺε</strong></span> <span class='ocrx_word' id='word_1_783' title='bbox 2796 5335 3442 5425; x_wconf 53' lang='grc' dir='ltr'><strong>εηίέδρθηδὲἓίῖῆέἱυξίὲί</strong></span> <span class='ocrx_word' id='word_1_784' title='bbox 3458 5336 3642 5425; x_wconf 55' lang='grc' dir='ltr'><strong>ΡΨ.ίέ</strong></span> 
     </span>
    </p>
   </div>
   <div class='ocr_carea' id='block_1_117' title="bbox 1989 5405 3646 5489">
    <p class='ocr_par' dir='ltr' id='par_1_117' title="bbox 1989 5405 3646 5489">
     <span class='ocr_line' id='line_1_120' title="bbox 1989 5405 3646 5489; baseline -0.012 -9"><span class='ocrx_word' id='word_1_785' title='bbox 1989 5405 2069 5480; x_wconf 62' lang='lat' dir='ltr'><strong>ad</strong></span> <span class='ocrx_word' id='word_1_786' title='bbox 2083 5405 2364 5479; x_wconf 75' lang='lat' dir='ltr'><strong>divinam</strong></span> <span class='ocrx_word' id='word_1_787' title='bbox 2394 5415 2736 5489; x_wconf 76' lang='lat' dir='ltr'><strong>puritatem,</strong></span> <span class='ocrx_word' id='word_1_788' title='bbox 2759 5413 3057 5483; x_wconf 87' lang='lat' dir='ltr'><strong>quantum</strong></span> <span class='ocrx_word' id='word_1_789' title='bbox 3073 5412 3362 5489; x_wconf 69' lang='lat' dir='ltr'><strong>creatura</strong></span> <span class='ocrx_word' id='word_1_790' title='bbox 3391 5405 3483 5489; x_wconf 67' lang='lat' dir='ltr'><strong>fas</strong></span> <span class='ocrx_word' id='word_1_791' title='bbox 3518 5475 3528 5486; x_wconf 40' lang='lat'><strong>‘</strong></span> <span class='ocrx_word' id='word_1_792' title='bbox 3555 5408 3646 5460; x_wconf 90' lang='lat' dir='ltr'><strong>est</strong></span> 
     </span>
    </p>
   </div>
   <div class='ocr_carea' id='block_1_118' title="bbox 1990 5475 3644 5561">
    <p class='ocr_par' dir='ltr' id='par_1_118' title="bbox 1990 5475 3644 5561">
     <span class='ocr_line' id='line_1_121' title="bbox 1990 5475 3644 5561; baseline -0.021 -10"><span class='ocrx_word' id='word_1_793' title='bbox 1990 5475 2256 5552; x_wconf 68' lang='lat' dir='ltr'><strong>accedat.</strong></span> <span class='ocrx_word' id='word_1_794' title='bbox 2291 5475 2470 5561; x_wconf 73' lang='lat' dir='ltr'><strong>Atqui</strong></span> <span class='ocrx_word' id='word_1_795' title='bbox 2503 5475 3147 5561; x_wconf 58' lang='lat' dir='ltr'><strong>utriane&#39;neoessario</strong></span> <span class='ocrx_word' id='word_1_796' title='bbox 3185 5475 3457 5561; x_wconf 59' lang='lat' dir='ltr'><strong>proﬂuit,</strong></span> <span class='ocrx_word' id='word_1_797' title='bbox 3480 5475 3644 5561; x_wconf 52' lang='lat' dir='ltr'><strong>eius-</strong></span> 
     </span>
    </p>
   </div>
   <div class='ocr_carea' id='block_1_119' title="bbox 1991 5546 3647 5635">
    <p class='ocr_par' dir='ltr' id='par_1_119' title="bbox 1991 5546 3647 5635">
     <span class='ocr_line' id='line_1_122' title="bbox 1991 5546 3647 5635; baseline -0.014 -12"><span class='ocrx_word' id='word_1_798' title='bbox 1991 5546 2173 5622; x_wconf 61' lang='lat' dir='ltr'><strong>{ﬁdei</strong></span> <span class='ocrx_word' id='word_1_799' title='bbox 2187 5546 2507 5635; x_wconf 67' lang='lat' dir='ltr'><strong>puritatem</strong></span> <span class='ocrx_word' id='word_1_800' title='bbox 2538 5546 2774 5635; x_wconf 36' lang='lat' dir='ltr'><strong>nedum.</strong></span> <span class='ocrx_word' id='word_1_801' title='bbox 2795 5546 3503 5635; x_wconf 47' lang='lat' dir='ltr'><strong>fadissima‘aliqualabe</strong></span> <span class='ocrx_word' id='word_1_802' title='bbox 3524 5553 3647 5635; x_wconf 62' lang='lat' dir='ltr'><strong>tur-</strong></span> 
     </span>
    </p>
   </div>
   <div class='ocr_carea' id='block_1_120' title="bbox 2037 5618 3647 5701">
    <p class='ocr_par' dir='ltr' id='par_1_120' title="bbox 2037 5618 3647 5701">
     <span class='ocr_line' id='line_1_123' title="bbox 2037 5618 3647 5701; baseline -0.011 -7"><span class='ocrx_word' id='word_1_803' title='bbox 2037 5618 2220 5701; x_wconf 49' lang='lat' dir='ltr'><strong>sunt,</strong></span> <span class='ocrx_word' id='word_1_804' title='bbox 2254 5631 2362 5689; x_wconf 90' lang='lat' dir='ltr'><strong>sed</strong></span> <span class='ocrx_word' id='word_1_805' title='bbox 2390 5646 2467 5687; x_wconf 90' lang='lat' dir='ltr'><strong>ne</strong></span> <span class='ocrx_word' id='word_1_806' title='bbox 2487 5627 2604 5685; x_wconf 85' lang='lat' dir='ltr'><strong>levi</strong></span> <span class='ocrx_word' id='word_1_807' title='bbox 2632 5625 2879 5699; x_wconf 87' lang='lat' dir='ltr'><strong>quidem</strong></span> <span class='ocrx_word' id='word_1_808' title='bbox 2895 5638 3070 5681; x_wconf 84' lang='lat' dir='ltr'><strong>navo</strong></span> <span class='ocrx_word' id='word_1_809' title='bbox 3095 5618 3518 5681; x_wconf 80' lang='lat' dir='ltr'><strong>obmibilatam</strong></span> <span class='ocrx_word' id='word_1_810' title='bbox 3535 5618 3647 5678; x_wconf 73' lang='lat' dir='ltr'><strong>ha-</strong></span> 
     </span>
    </p>
   </div>
   <div class='ocr_carea' id='block_1_121' title="bbox 2073 5709 2354 5780">
    <p class='ocr_par' dir='ltr' id='par_1_121' title="bbox 2073 5709 2354 5780">
     <span class='ocr_line' id='line_1_124' title="bbox 2073 5709 2354 5780; baseline -0.021 -15"><span class='ocrx_word' id='word_1_811' title='bbox 2073 5709 2124 5765; x_wconf 90' lang='lat' dir='ltr'><strong>ri</strong></span> <span class='ocrx_word' id='word_1_812' title='bbox 2150 5719 2354 5780; x_wconf 86' lang='lat' dir='ltr'><strong>posse.</strong></span> 
     </span>
    </p>
   </div>
  </div>
