4132 6398
526 337 629 403 ’719

600 468 821 526 XXXVI.
850 467 997 524 Cum
1019 464 1223 539 itaque
1250 465 1330 524 ad
1354 467 1683 541 Sponsum,
1712 464 1819 538 qui
1849 480 1924 521 ex
1973 466 2191 521 natura

526 575 637 616 sua
666 555 1199 630 imperscrutabilis
1223 560 1313 612 est
1332 554 1666 613 sanctitatis
1686 554 1968 627 abyssus,
1998 554 2189 626 Spon-

526 664 656 704 sam
677 646 981 714 accedere,
1010 645 1580 719 praestantissimum
1620 643 1767 717 quid
1816 642 1891 699 sit
1941 657 2188 699 omnem

524 751 880 792 mensuram
905 734 1226 803 excedens,
1257 735 1628 791 continenter
1668 732 1852 803 hujus
1908 746 2188 788 accessus

526 824 875 881 eucomium
903 824 1174 880 oratione
1201 822 1674 896 prosequitur;et
1696 820 1935 877 iterum:
1965 821 2183 892 Surge,

525 916 717 987 inqui,
740 930 1022 986 propera,
1048 915 1244 971 amica
1268 929 1422 984 mea,
1430 915 1704 985 formosa
1719 926 1874 979 mea,
1905 908 2187 967 columba

526 1020 683 1061 mea:
707 1020 833 1061 ecce
860 1005 1015 1061 enim
1046 1005 1230 1061 hiems
1251 1003 1515 1071 transiit,
1543 1002 1738 1060 imber
1775 1000 1923 1058 abiit
1952 999 2186 1056 recessit

527 1094 662 1164 sibi,
684 1095 862 1163 ﬂores
892 1099 1312 1164 apparuerunt
1326 1093 1586 1158 interra,
1603 1097 1835 1161 tempus
1846 1088 2186 1161 putationis

528 1176 792 1247 advenit,
813 1198 931 1240 v0.1:
950 1183 1208 1239 turturis
1223 1182 1436 1239 audita
1452 1187 1536 1239 est
1554 1181 1617 1237 in
1629 1187 1796 1238 terra
1808 1184 2019 1237 nostra
2041 1175 2183 1251 (94).

531 1274 630 1328 liae
662 1272 1044 1329 Canticorum
1065 1271 1276 1341 ﬁgurae
1327 1276 1386 1328 et
1455 1269 1953 1328 adumbrationes
2002 1266 2186 1323 obvio

529 1360 777 1433 quidem
808 1376 988 1417 sensu
1014 1361 1168 1417 veris
1202 1360 1533 1417 adventum
1559 1363 1617 1416 et
1643 1358 1823 1432 primi
1854 1356 2019 1430 apud
2074 1356 2182 1411 Ju-

529 1451 697 1507 deeos
727 1450 950 1507 mensis
979 1450 1215 1508 initium
1244 1449 1610 1522 signiﬁcant:
1628 1463 1753 1521 quo
1766 1451 2039 1521 tempore
2056 1460 2186 1502 om-

528 1540 697 1596 nium
725 1543 916 1597 mater
938 1539 1142 1613 (terra)
1171 1539 1410 1612 frigoris
1444 1538 1642 1596 soluta
1664 1536 1944 1602 vinculis,
1977 1539 2034 1592 et
2052 1536 2188 1609 ipsa

525 1628 806 1685 foeturam
831 1628 1106 1702 absolvit,
1122 1628 1601 1699 omnigenasque
1614 1625 1833 1683 herbas
1858 1624 2183 1698 progignit.

528 1717 629 1774 Dei
650 1722 854 1774 autem
877 1720 1058 1774 Mater
1077 1721 1135 1774 et
1152 1732 1294 1774 vere
1323 1719 1536 1772 sancta
1558 1719 1735 1777 terra.
1770 1730 1842 1771 ac
1876 1712 2006 1770 sola
2059 1726 2186 1769 non

1641 336 1982 411 {GERMANI
2027 336 2076 396 Il
2125 336 2231 406 (ΖΡ,
2280 331 2772 395 PATRIARCHJE.

3776 337 3873 403 720

2220 466 2266 518 Α
2370 470 2459 525 Ας.
2528 460 2614 524 Ὠς
2674 464 2847 514 τοίνυν
2920 450 3269 536 ὑπερϐολικῶς
3344 453 3599 537 ἐξαίρετον
3681 470 3733 519 ὅν
3818 474 3872 524 τό

2294 551 2607 614 πλησιάζειν
2652 558 2726 622 τῷ
2800 553 3005 623 νυμφίῳ
3051 554 3147 610 τὴν
3203 546 3432 623 νύμφδν,
3534 555 3663 606 κατά
3736 559 3875 629 φύσιν

2295 646 2403 695 ὄντι
2456 641 2652 716 ἀπείρῳ
2710 638 2927 711 ἀϐύσσῳ
2983 647 3078 702 τῆς
3147 638 3390 713 ἀγιόττος
3479 638 3874 719 ἐνδελεχέσι-ερον

2294 738 2405 794 τοῖς
2443 731 2619 804 λόγοις
2684 727 2997 804 ἐπισυνείρει
3057 736 3150 783 τοῦ
3229 728 3605 805 πλησιασμτού
3623 737 3681 787 τό
3733 733 3878 807 ἐγκώ-

2292 819 2608 895 μιου·καὶ,’
2656 821 2891 889 Δνάστα,
2955 817 3088 887 ἐλθέ,
3154 820 3185 879 ἠ
3252 818 3478 879 πλησίον
3541 840 3661 895 μου,
3735 825 3873 877 πάλιν

2293 914 2445 984 φησί,
2477 908 2607 968 καλή
2673 909 2787 979 (92)
2839 926 2941 980 μου
2997 909 3283 983 περιστερά
3305 928 3406 982 μου
3465 909 3605 981 (93).
3666 908 3874 965 ὃτιὶδού

2289 1001 2316 1051 ὁ
2369 1003 2571 1073 χειμών
2629 995 2912 1071 παρῆλθεν·
2969 997 2996 1049 ὁ
3079 997 3228 1059 ύετός
3306 996 3554 1058 ἀπῆλθεν·
3641 998 3871 1078 ἐπορεύθη

2290 1087 2475 1160 ἐαυτῷ.
2529 1088 2596 1140 τά
2648 1086 2778 1144 οἶνθη
2860 1086 3006 1158 ὤφθη
3066 1083 3118 1138 ἐν
3173 1092 3235 1158 τῇ
3286 1095 3381 1160 γῇ.
3438 1090 3621 1162 καιρός
3680 1099 3782 1151 πῆς
3802 1110 3876 1144 το-

2290 1186 2394 1251 μῆς
2450 1178 2639 1250 έφθασε
2701 1175 2815 1249 (θὶ)
2906 1178 3043 1247 φωνὴ
3108 1184 3204 1239 τῆς
3282 1182 3525 1253 τρυγόνος
3653 1180 3873 1239 ἠκούσθη

2291 1266 2341 1321 ἐν
2384 1274 2445 1340 τῇ
2497 1273 2564 1340 γῇ
2628 1266 2796 1339 ἡμῶν.
2862 1270 3043 1318 Ταῦτα
3115 1267 3182 1319 τά
3241 1265 3514 1342 ᾄσματικά
3554 1267 3878 1343 προϐλήματα

2290 1361 2381 1410 καὶ
2448 1356 2754 1429 αἰνιγματα,
2831 1356 2967 1407 κατά
3027 1358 3119 1429 μὶν
3179 1360 3275 1416 τὴν
3334 1362 3622 1432 πρόχειρον
3681 1361 3877 1429 ἔννοιαν,

2290 1451 2386 1507 τὴν
2413 1454 2506 1500 τοῦ
2536 1448 2681 1521 ἔαρος
2711 1441 2964 1503 δηλοῦσιν
3018 1441 3328 1521 ἐπιδημίαν,
3366 1451 3457 1501 καὶ
3495 1452 3594 1508 τὴν
3631 1455 3720 1502 τοῦ
3755 1453 3878 1522 πρώ-

2292 1556 2385 1592 του
2409 1539 2554 1611 παρά
2578 1536 2590 1557 ’
2630 1531 2897 1598 Ῑουὸαίοις
2933 1538 3091 1609 μηνὸς
3151 1534 3466 1610 ἐπιφάνειαν·
3537 1539 3677 1593 καθ’
3735 1541 3793 1599 ἣν
3849 1540 3875 1597 ἡ

2291 1633 2614 1703 παμμήτωρ,
2653 1635 2754 1680 τῶν
2790 1633 2885 1679 τοῦ
2979 1629 3168 1701 κρύους
3242 1627 3574 1683 ἀπολυθεῖσα
3665 1626 3877 1703 δεσμῶν,

2291 1718 2400 1772 λύει
2424 1722 2516 1771 καὶ
2556 1716 2685 1776 αὕτη
2724 1717 2819 1779 τὰς
2852 1711 3062 1778 ὠδῖνας
3105 1721 3196 1771 καὶ
3252 1716 3514 1791 ἁπογεννᾷ
3572 1723 3631 1773 τὸ
3695 1718 3882 1793 παμϐό·

526 1809 773 1878 accepto
803 1804 1030 1862 semine
1051 1804 1237 1862 fetum
1263 1803 1679 1877 progerminat
1697 1801 1863 1859 nullo
1910 1801 2181 1858 humano

2291 1827 2463 1864 τανον.
2519 1806 2578 1860 Ἠ
2618 1802 2680 1859 δε
2717 1810 3020 1880 Θεομήτωρ,
3072 1810 3164 1859 καὶ
3205 1805 3334 1879 ἁγία
3407 1807 3566 1871 ὄντως
3638 1818 3727 1882 γῆ,
3801 1813 3883 1863 καὶ

526 1910 707 1968 opere
724 1892 1047 1965 excultum,
1076 1897 1257 1967 atque
1272 1891 1734 1967 implementum
1758 1891 2064 1964 accipiunt
2081 1888 2184 1947 illa

522 1982 689 2040 Isaiae
715 1982 980 2040 oracula:
1009 1983 1371 2055 Egredietur
1394 1984 1569 2054 virga
1598 1982 1671 2039 de
1701 1982 1908 2040 radice
1930 1982 2182 2051 Jesse,et

522 2074 632 2143 ﬂos
655 2072 728 2129 de
751 2072 955 2129 radice
980 2072 1259 2131 ascendet
1291 2072 1433 2145 (95).

593 2250 1026 2309 XXXVII.Verni
1052 2251 1254 2324 itaque
1272 2248 1581 2323 temporis'
1611 2251 2010 2316 venustatem,
2061 2247 2179 2305 vel-

523 2346 590 2397 ut
614 2339 971 2397 exsistentiae
998 2356 1123 2396 suae
1153 2340 1639 2406 fundamentum,
1664 2339 1742 2395 .in
1780 2337 1927 2411 ipsis
1977 2352 2181 2394 rerum

522 2428 705 2485 initiis
732 2428 955 2485 invenit
978 2428 1178 2502 prima
1198 2433 1428 2486 naturae
1449 2427 1735 2484 humanae
1764 2426 2107 2501 plasmatio;
2125 2430 2183 2484 et

522 2533 779 2574 vernum
809 2517 972 2573 hunc
1003 2522 1284 2575 ornatum
1314 2516 1541 2574 invenit
1559 2516 1744 2573 modo
1792 2520 2024 2574 natura:
2071 2531 2182 2572 no-

523 2611 659 2665 strae
679 2606 1050 2677 regeneratio
1074 2611 1131 2663 et
1153 2605 1464 2663 renovatio
1475 2604 1709 2663 mundi.
1724 2607 1792 2661 Et
1825 2620 1972 2663 sane
1992 2604 2181 2662 alicu-

520 2696 583 2753 bi
607 2712 913 2754 sacraram
947 2697 1388 2769 Scripturarum
1414 2695 1643 2752 dictum
1694 2700 1802 2763 est,
1833 2695 2003 2769 quod
2031 2694 2183 2752 vidit

523 2787 816 2844 Dominus
841 2787 1000 2843 Deus
1015 2793 1257 2857 terram,
1280 2792 1333 2843 et
1346 2793 1477 2843 erat
1490 2791 1804 2857 corrupta;
1821 2787 2043 2858 quippe
2065 2800 2185 2842 om-

518 2876 613 2932 nis
644 2890 788 2932 caro
819 2881 1176 2946 corruperat
1208 2878 1363 2932 viam
1391 2889 1563 2932 suam
1592 2889 1774 2944 super
1809 2880 2029 2932 terram
2060 2874 2178 2947 (98)

519 2970 575 3020 et
607 2969 771 3021 terra
801 2964 1033 3034 repleta
1061 2969 1189 3020 erat
1214 2964 1536 3034 iniquitate
1556 2961 1797 3033 (99).Αά
1817 2962 1974 3018 hanc
2005 2962 2185 3033 igitur

518 3051 896 3120 iniquitatem
916 3050 1143 3107 sistend
1152 3067 1250 3106 am
1265 3051 1616 3123 aperiuntur
1628 3053 1941 3107 cataracta:
1967 3050 2120 3123 caali(
2132 3050 2185 3123 t)

521 3145 580 3196 et
599 3155 814 3196 omnes
844 3138 1037 3196 fontes
1065 3139 1292 3212 abyssi,
1326 3144 1383 3196 et
1410 3138 1657 3195 horrida
1684 3138 1752 3195 ﬁt
1772 3154 1805 3195 e
1836 3138 2063 3195 diluvio
2096 3140 2183 3196 fa-

520 3228 642 3285 cies
674 3232 868 3287 terrae.
900 3244 971 3284 ac
996 3228 1263 3302 pristinae
1282 3226 1739 3298 elegantiaaloco
1772 3227 1852 3285 ad
1881 3228 2183 3299 integrum

521 3332 752 3374 annum
781 3315 966 3373 facies
1014 3320 1186 3372 terrae
1237 3317 1410 3390 aquis
1457 3316 1808 3382 inundatur,
1884 3317 2185 3392 simulque

521 3421 662 3462 cum
687 3405 759 3461 iis
775 3404 1077 3477 omnibus,
1098 3421 1236 3479 quae
1254 3421 1328 3461 ex
1348 3405 1480 3477 ipsa
1493 3410 1837 3479 assurgunt,
1877 3406 2182 3479 afﬂigitur,

518 3495 944 3569 insuetamque
970 3495 1127 3552 hanc
1151 3495 1416 3552 hiemem
1447 3496 1628 3553 subit.
1659 3499 1876 3553 Verum
1922 3498 2070 3570 quid
2090 3514 2186 3557 ea-

520 3583 661 3639 dem
686 3599 894 3640 rursus
923 3584 1065 3641 dicit
1120 3586 1472 3657 Scriptura?
1507 3586 1745 3656 factum
1793 3589 1877 3643 est
1940 3602 2183 3645 sexcen-

521 3673 1106 3744 tesimoprimeanno
1122 3676 1258 3731 vim
1271 3674 1415 3741 Nee,
1431 3675 1629 3745 primo
1642 3690 1855 3746 mense,
1872 3678 2078 3746 prima
2091 3676 2185 3733 die

520 3765 758 3833 mensis,
784 3763 1129 3833 defecerant
1152 3779 1379 3835 aquam
1401 3764 1557 3833 facie
1599 3768 1793 3833 terra,
1843 3772 1898 3822 et
1944 3767 2183 3836 aperuit

518 3852 647 3908 Noe
665 3853 1010 3922 operculum
1027 3868 1200 3920 arcw,
1225 3853 1388 3924 quod
1396 3853 1648 3923 fecerat,
1661 3861 1715 3911 et
1735 3856 1884 3912 vidit
1898 3857 2058 3927 quod
2076 3857 2181 3913 de-

514 3941 753 4011 fecisset
776 3957 935 4015 aqua
953 3958 990 4000 a
1009 3943 1170 4011 facie
1191 3947 1364 3999 terra:
1382 3942 1486 4015 (2).
1502 3941 1780 4013 Videsne,
1794 3944 2107 4017 quomodo
2127 3950 2183 4003 et

520 4030 769 4086 secundi
797 4031 1011 4087 mundi
1032 4031 1348 4088 exordium
1381 4046 1418 4087 a
1457 4031 1655 4104 primo
1706 4033 1859 4089 veris
1913 4038 2182 4107 tempore

518 4117 726 4192 incipit
752 4124 778 4173 .9
801 4121 1015 4177 Omnia
1040 4136 1112 4176 ex
1145 4136 1322 4193 aequo
1353 4124 1549 4178 vetera
1574 4121 1678 4178 illa
1708 4122 1788 4179 ad
1818 4128 2181 4195 praesentem

518 4209 1265 4280 spectantsolemnitatem,
1290 4216 1481 4283 quaet
1501 4211 1686 4267 divini
1701 4210 1899 4268 vultus
1925 4213 2176 4280 aversio,

517 4296 686 4352 etirae
703 4297 980 4368 ejusdem
997 4298 1299 4370 profunda
1314 4299 1510 4355 hiems
1547 4300 1732 4357 ﬁnem
1748 4306 2027 4357 sumunt:
2046 4307 2177 4360 tum

513 4399 660 4441 vero
690 4389 910 4442 terram
934 4386 1183 4445 salutari
1211 4388 1550 4445 visitatione
1591 4391 1742 4446 Deus
1796 4388 2071 4458 lustrare,
2122 4397 2180 4449 et

512 4471 630 4529 isto
661 4489 796 4530 vere
827 4490 937 4531 ceu
965 4475 1181 4533 ﬂorida
1210 4492 1436 4534 corona
1458 4478 1658 4551 ipsum
1708 4494 1999 4536 exornare
2028 4480 2175 4537 inci-

511 4561 620 4634 pit,
645 4568 703 4620 et
731 4563 859 4635 ejus
880 4565 1079 4622 sulcos
1128 4566 1410 4622 bonitatis
1470 4584 1593 4623 suae
1677 4567 2029 4625 muneribus
2054 4569 2175 4627 ine-

506 4650 727 4709 briare.
760 4654 874 4710 Sed
904 4660 962 4711 et
995 4655 1175 4712 David
1200 4659 1549 4712 vernantem
1572 4672 1760 4731 prope
1781 4657 2035 4715 dixerim
2052 4659 2175 4716 vul‘-

506 4742 635 4798 tum
662 4741 991 4815 explicans,
1015 4760 1086 4801 ac
1105 4759 1317 4801 vocem
1331 4745 1573 4802 cithara:
1590 4762 1740 4803 sono
1771 4748 2168 4819 conjungens,

501 4828 643 4888 huic
669 4835 837 4890 terrae
865 4832 1243 4890 renovationi
1271 4847 1542 4905 congrua
1583 4834 1668 4891 sic
1721 4834 1882 4892 canit
1921 4852 1932 4891 :
1971 4834 2169 4891 Domi-

500 4923 794 4980 nusdabit
856 4923 1362 4994 benignitatem,et
1424 4929 1591 4982 terra
1688 4930 1905 4983 nostra
1998 4925 2168 4982 dabit

495 5007 769 5081 fructum
785 5027 958 5069 suum
989 5013 1086 5085 (3).

565 5333 682 5407 (92)
714 5333 855 5393 Cod.
884 5332 1060 5393 καλαί.

563 5405 674 5478 (93)
705 5408 928 5463 Excidit
961 5425 993 5464 e
1019 5405 1155 5464 cod.
1190 5424 1316 5481 μου.

560 5477 677 5551 (94)
705 5482 869 5551 Cant.
901 5496 959 5551 ιι,
993 5480 1156 5535 10-12
1183 5477 1305 5538 sec.
1329 5477 1475 5536 LXX.

584 5550 675 5619 65)
708 5550 1026 5622 Lect.com.
1052 5552 1259 5622 ἔφθακε.

579 5625 666 5696 νβ)
701 5621 966 5696 lsa.xt,t
1001 5617 1141 5696 sec._
1201 5624 1352 5696 LXX,
1396 5621 1503 5696 qui
1557 5619 1766 5696 legunt
1811 5617 1884 5680 de
1940 5618 2149 5682 radice

484 5688 587 5752 ubi
620 5692 872 5768 Vulgata
898 5688 1104 5753 Latina
1127 5688 1347 5770 habet,
1363 5688 1439 5753 de
1454 5688 1662 5755 radice
1690 5695 1841 5769 ejus.

2292 1899 2526 1971 ἄσπορος
2554 1899 2683 1970 μόνη
2715 1898 2811 1953 τὴν
2855 1892 3104 1968 ἀνήροτον
3152 1893 3532 1951 ἀναϐλαστάνει
3597 1903 3881 1973 κυοφορίαν.

2290 1992 2382 2042 καὶ
2407 1990 2472 2040 τά
2507 1994 2602 2048 τῆς
2637 1988 2958 2059 προφητείας
3019 1984 3239 2039 Ἡσαΐου
3302 1990 3461 2059 πέρας
3520 1986 3881 2062 ἀπολαμϐάνει,

2293 2077 2662 2141 Ἐξελεύσεται
2714 2070 2913 2149 ῥάϐδος
2973 2071 3029 2126 ἐκ
3088 2082 3180 2136 τῆς
3236 2074 3397 2151 ῥίζης
3494 2078 3717 2147 Ἰεσσαὶ,
3808 2080 3887 2130 καὶ

2289 2167 2445 2229 ἄνθος
2470 2165 2525 2219 ἐκ
2544 2173 2634 2225 τῆς
2662 2164 2814 2239 ῥίζης
2835 2161 3179 2222 ἀναϐήσεται.

2361 2262 2466 2311 ΑΖ.
2508 2250 2637 2327 Εὗρε
2664 2254 2755 2326 μὶν
2816 2252 2905 2305 οὖν
2968 2252 3083 2305 κατ’
3149 2251 3326 2328 ἀρχὰς
3362 2255 3393 2314 ἡ
3463 2260 3647 2331 πρώτη
3711 2251 3887 2316 πλάσις

2290 2354 2387 2408 τῆς
2409 2344 2806 2418 ἀνθρωπότητος
2854 2349 2951 2405 τῆς
3008 2343 3118 2395 κατ’
3179 2342 3342 2403 αὐτὴν
3398 2343 3740 2407 ὑποστάσεως
3803 2346 3882 2397 θέ-

2291 2436 2492 2510 μιθλον,
2548 2437 2642 2492 τὴν
2700 2430 2907 2507 ἐαρινὴν
2963 2430 3268 2505 εὐκοσμίαν*
3316 2433 3549 2507 εὑρίσκει
3596 2432 3657 2489 δε
3700 2436 3882 2492 ταύτην

2292 2524 2479 2601 ἀρτίως
2505 2527 2595 2576 καὶ
2636 2524 2667 2581 ἠ
2752 2520 3128 2593 παλιγγενεσία
3176 2529 3268 2583 τῆς
3320 2524 3467 2596 ἡμῶν
3541 2527 3755 2597 φύσεως,
3799 2526 3884 2576 καὶ

2288 2623 2381 2670 τοῦ
2401 2618 2604 2686 κόσμου
2625 2612 2656 2670 ἠ
2682 2609 2979 2671 ἀνανέωσις,
3008 2612 3230 2683 Εἴρηται
3285 2614 3378 2684 μέν
3432 2631 3537 2666 που
3595 2621 3669 2685 τῷ
3713 2614 3882 2689 γράμ-

2290 2723 2418 2778 ματι
2441 2711 2513 2774 τῷ
2545 2704 2683 2776 ἱερῷ,
2725 2702 2795 2762 ὡς
2823 2695 2948 2754 Εῖδι
2979 2702 3166 2775 Κύριος
3189 2701 3216 2753 ὁ
3276 2704 3403 2763 Θεὸς
3461 2706 3558 2760 τὴν
3621 2710 3738 2775 γῆν,
3801 2704 3885 2754 καὶ

2291 2791 2353 2853 ἦν
2414 2792 2830 2864 κατεφθαρμένηο
2933 2790 3015 2842 ὅτι
3110 2791 3411 2865 κατέφθειρε
3502 2796 3655 2844 πᾶσα
3756 2788 3887 2865 σὰρξ

2288 2889 2382 2943 τὴν
2403 2878 2528 2936 ὁδὸν
2548 2881 2710 2933 αὐτοῦ
2758 2883 2844 2933 ἐπὶ
2903 2887 2999 2942 τῆς
3063 2888 3182 2952 γῆς,
3257 2885 3348 2934 καὶ
3411 2878 3647 2939 ἐπλήσθη
3718 2882 3749 2939 ἡ
3820 2887 3886 2952 γῆ

2293 2970 2529 3035 ἀδικίας.
2572 2971 2718 3024 Κατά
2745 2971 2944 3031 ταύτης
2998 2974 3168 3021 τοίνυν
3232 2977 3330 3032 τῆς
3387 2966 3610 3033 ἀδικίας
3668 2968 3888 3041 ἀνοίγον-

2291 3080 2380 3115 ται
2408 3063 2459 3113 ei
2479 3060 2809 3135 καταράκται
2854 3065 2948 3111 τοῦ
3000 3060 3219 3132 ούρανοῦ
3266 3062 3359 3112 καὶ
3410 3066 3588 3112 πᾶσαι
3644 3061 3699 3112 αἱ
3732 3062 3888 3130 πηγαὶ

2215 3181 2255 3238 C
2292 3158 2383 3212 τῆς
2406 3149 2664 3220 ἀϐύσσου,
2707 3152 2799 3201 καὶ
2851 3145 3163 3221 ἀχρειοῦται
3212 3157 3305 3210 τῆς
3355 3156 3457 3221 γῆς
3508 3153 3571 3203 τὸ
3624 3154 3886 3223 πρόσωπον

2294 3237 2349 3291 ἐκ
2377 3246 2468 3292 τοῦ
2494 3236 2890 3310 κατακλυσμοῦ,
2922 3239 3011 3288 καὶ
3040 3234 3154 3290 ἀντὶ
3207 3244 3305 3299 τῆς
3354 3240 3616 3315 προτέρας
3651 3236 3885 3309 εύχροίας

2293 3324 2483 3402 ύδεριᾷ
2529 3327 2595 3389 εἰς
2643 3326 2754 3379 ὅλον
2794 3325 3048 3379 ἐνιαυτόν
3100 3329 3191 3378 καὶ
3248 3328 3577 3400 συμπάσχει
3622 3328 3766 3380 παντὶ
3815 3329 3883 3393 τῷ

2293 3415 2348 3480 ἐξ
2371 3418 2536 3479 αὐτῆς
2580 3416 2932 3488 ἀναστήματι,
2983 3420 3073 3468 καὶ
3118 3418 3204 3468 τὸν
3249 3417 3489 3475 ἀσυνήθη
3554 3424 3738 3470 τοῦτου
3784 3431 3890 3487 χιι-

2292 3515 2439 3580 μῶνα
2467 3508 2774 3579 ὑφίσταται.
2805 3503 2961 3558 Ἀλλά
2984 3509 3037 3556 τί
3081 3503 3237 3557 πάλιν
3256 3507 3315 3557 τὸ
3374 3504 3506 3557 αύτό
3571 3524 3703 3579 φησι
3738 3505 3892 3577 γραμ-

2292 3612 2386 3670 μα;
2440 3596 2664 3668 Ἐγένετο
2724 3594 2774 3647 ἐν
2825 3602 2900 3666 τῷ
2955 3592 3028 3647 ἐνὶ
3092 3597 3184 3647 καὶ
3247 3593 3618 3667 ἐξακοσιοστῷ
3697 3596 3794 3647 ἔτει
3848 3589 3892 3644 ἐν

2290 3694 2354 3758 τῇ
2381 3686 2487 3759 ζωῇ
2516 3692 2608 3737 τοῦ
2636 3691 2772 3754 Νῶε,
2802 3682 2851 3735 ἐν
2909 3691 2982 3754 τῷ
3030 3688 3217 3757 πρώτῳ
3283 3687 3432 3756 μηνὶ,
3493 3691 3608 3758 μιᾷ
3666 3691 3758 3737 τοῦ
3802 3700 3893 3755 μη·

2290 3778 2394 3846 νὸς,
2455 3773 2650 3829 ἐξέλιπε
2721 3776 2779 3825 τό
2857 3768 3002 3847 ὕδωρ
3081 3770 3183 3826 ἀπὸ
3254 3778 3554 3848 προσώπου
3633 3782 3731 3838 τῆς
3803 3779 3893 3844 γῆς

2289 3869 2381 3917 καὶ
2430 3862 2728 3935 ἀπεκάλυψε
2777 3869 2892 3915 Νῶε
2956 3866 3051 3921 τὴν
3113 3866 3302 3933 στέγην
3352 3871 3443 3925 τῆς
3497 3862 3760 3931 κιϐωτοῦ,
3839 3864 3894 3920 ἦν

2290 3950 2524 4021 ἐποίησε,
2585 3956 2676 4004 καὶ
2727 3946 2883 4019 εἶδεν,
2940 3949 3013 4002 ὅτ’
3112 3948 3305 4013 ἐξέλιπε
3377 3952 3436 4003 τό
3572 3949 3721 4029 ὕδωρ
3803 3946 3893 4002 ἀπὸ

2289 4048 2574 4116 προσώπου
2594 4049 2689 4103 τῆς
2739 4047 2855 4112 γῆς.
2922 4044 3083 4115 Ορᾲς,
3144 4043 3283 4102 ὅπως
3335 4044 3426 4093 καὶ
3479 4041 3519 4101 ἦ
3578 4049 3675 4095 τοῦ
3724 4037 3893 4095 δευτέ-

2286 4150 2381 4205 ρου
2406 4135 2607 4204 κόσμου
2639 4128 2783 4205 ἀρχὴ
2806 4135 2899 4182 τοῦ
2953 4133 3339 4204 πρωτοκαιρίου
3389 4130 3548 4206 ἔαρος
3596 4129 3890 4208 ἐξάρχεται;

2284 4219 2459 4294 Ὀμῶς
2506 4221 2627 4291 (97)
2687 4219 2894 4273 ἅπαντα
2946 4215 3115 4271 ἐκεῖνα
3173 4220 3240 4271 τὰ
3312 4216 3518 4274 παλαιὰ
3599 4224 3737 4295 πρὸς
3813 4221 3893 4275 τὴν

2287 4310 2573 4365 ἐνεστῶσαν
2629 4308 2913 4383 βλέπουσιν
2962 4308 3162 4384 έορτήνο
3220 4310 3339 4362 καθ’
3387 4311 3451 4368 ἣν
3516 4312 3590 4365 τὰ
3632 4314 3726 4385 μὲν
3806 4314 3893 4368 τῆς

2285 4399 2617 4475 ἀποστροφῆς
2637 4406 2730 4452 τοῦ
2779 4401 2917 4452 θείου
2974 4403 3280 4472 προσώπου,
3339 4402 3430 4450 καὶ
3488 4400 3516 4452 ὁ
3571 4399 3739 4476 ϐαρὺς
3781 4416 3892 4470 χιι·

2283 4494 2394 4564 μὼν
2413 4499 2509 4552 τῆς
2555 4492 2741 4542 τούτου
2800 4489 2964 4564 ὀργῆς
3012 4487 3150 4548 τέλος
3208 4486 3481 4561 λαμϐάνει.
3541 4490 3780 4564 ἄρχεται
3837 4479 3890 4538 di

2281 4584 2376 4639 τὴν
2404 4588 2505 4651 γῆν
2530 4579 2938 4632 ἐπισκέπτεσθαι
2983 4580 3241 4650 σωτήριον
3292 4575 3620 4646 ἐπισκοπὴν,
3680 4582 3773 4631 καὶ
3825 4580 3891 4645 τῷ

2282 4668 2494 4723 ἀνθεινῶ
2544 4669 2776 4741 στεφάνῳ
2827 4675 2899 4737 τῷ
2953 4667 3067 4741 ἔαρι
3113 4669 3455 4739 καταστέφειν
3533 4667 3733 4733 αὐτὴν,
3807 4666 3889 4717 καὶ

2279 4760 2483 4832 μεθύειν
2513 4760 2603 4819 τὰς
2633 4757 2863 4820 αὔλακας
2895 4762 3013 4819 ταῖς
3068 4763 3157 4817 τῆς
3202 4759 3588 4831 χρηστότητος
3647 4753 3886 4831 δωρεαῖς.

2277 4846 2582 4926 Ἐνεαριζων
2637 4844 2696 4901 δε
2751 4850 2842 4899 καὶ
2890 4841 3129 4899 οΔαυῐδ.
3178 4864 3268 4897 και
3321 4852 3384 4918 τῇ
3440 4843 3783 4899 ἀνακαινίσει
3805 4848 3889 4901 τῆς

2275 4947 2375 5012 γῆς
2404 4941 2470 4992 τά
2510 4943 2788 5014 πρόσφορα
2833 4932 3145 5008 ψαλτῳδῶν·
3177 4942 3220 4989 Ο
3252 4938 3445 5009 Κύριος
3516 4932 3695 4991 δώσει
3759 4939 3892 5009 χρῆ-

2277 5032 2527 5097 στότητα,
2581 5023 2787 5101 ἐπᾴδει,
2843 5031 2934 5079 καὶ
2986 5027 3018 5084 ἠ
3072 5033 3139 5097 γῆ
3195 5026 3343 5099 ἡμῶν
3400 5021 3576 5081 δώσει
3623 5028 3717 5079 τὸν
3765 5040 3890 5098 καρ-

2273 5123 2369 5172 πὸν
2391 5118 2521 5179 αύτῆ
2533 5139 2554 5182 ς
2567 5160 2581 5175 .

2338 5336 2455 5408 (97)
2484 5333 2629 5408 Cod-
2660 5333 2815 5408 ὅμως.

2340 5407 2456 5477 (98)
2486 5407 2610 5463 Gen
2640 5407 2714 5472 vi,
2741 5410 2827 5464 t2.

2334 5476 2447 5549 ('99)
2477 5476 2630 5535 Ibid.
2664 5482 2754 5546 ιι,

2367 5548 2596 5614 Ηῦθῐι.
2627 5563 2748 5619 vm,
2787 5550 2875 5605 Η.

2367 5548 2596 5614 Ηῦθῐι.
2627 5563 2748 5619 vm,
2787 5550 2875 5605 Η.

2332 5548 2414 5692 E2)
2451 5622 2597 5692 Gen.
2627 5636 2740 5691 Vill,
2770 5620 2838 5679 i3
2860 5633 2977 5676 sec-
3006 5617 3155 5676 LXX.

2328 5691 2407 5770 (3)
2433 5691 2591 5753 Psal.
2618 5706 2854 5763 Lxxnv,
2875 5695 2961 5751 13.
