4132 6398
331 319 438 378 721

1471 322 1541 381 IN
1570 320 2193 387 ANNUNTIATIONEM
2218 325 2282 383 Β.
2315 322 2552 384 MARLE

3608 332 3715 391 722

405 443 535 504 ΑΠ’.
598 445 681 502 Ἐν
750 454 826 519 τῷ
880 454 1050 524 καιρῷ
1102 449 1272 522 τούτῳ
1330 447 1548 504 ἵσταται
1598 457 1695 512 τῆς
1744 457 1941 527 μακρᾶς

2129 451 2402 508 XXXVIII.
2436 452 2569 507 Jam
2613 448 2981 511 circumferri
3010 450 3223 509 tandiu
3266 445 3387 510 huc
3434 451 3593 527 illuc,
3642 471 3714 513 ac

329 535 754 612 περιπλανήσεως
799 542 891 592 καὶ
959 537 1106 605 ξένης
1183 542 1521 612 κυμαγωγίας
1604 540 1635 597 ἠ
1716 545 1945 613 κοσμικὴ

329 624 577 696 κιϐωτὸς,
617 631 706 680 καὶ
743 630 802 681 τὸ
852 623 997 703 ὕδωρ
1036 631 1095 682 τὸ
1145 624 1508 681 ἀνυπόστατον
1563 628 1731 686 τέλεον
1776 627 1949 702 ἐκλιμ-

332 716 506 773 πάνει.
590 715 1044 772 Ἀποκαλύπτεται
1099 719 1167 771 τὰ
1221 716 1690 790 συγκεκαλυμμένοι
1734 724 1948 792 μυστη-

333 824 429 883 ρια
454 811 554 867 τῆς
585 802 815 880 ἀρχαίας
837 804 1032 879 βουλῆς
1066 813 1160 868 τῆς
1198 809 1351 868 ὄντως
1399 804 1648 869 ἀληθινῆς
1714 827 1728 842 ·
1771 809 1797 860 6
1852 815 1946 871 τῆς

333 891 684 959 δικαιοσύνης
740 894 885 957 ἣλιος
936 895 1215 969 ἐπιλάμπει
1278 902 1353 967 τῷ
1409 898 1592 969 κόσμῳ
1633 916 1647 931 σ
1701 900 1793 950 καὶ
1843 905 1947 973 φῶς

330 983 488 1060 μίγαί
523 979 655 1037 ἰδεῖν
686 986 736 1039 οἱ
763 988 992 1058 χρονίως
1051 984 1102 1038 ἐν
1142 988 1317 1039 σκότει
1354 986 1639 1058 καθήμενοι
1672 989 1762 1040 καὶ
1821 992 1949 1058 σκιᾷ

332 1081 428 1128 τοῦ
461 1075 687 1127 θανάτου
734 1073 1126 1141 καταξιοῦνται,
1171 1077 1348 1128 καὶτὸ
1394 1070 1598 1149 στερεὸν
1652 1084 1750 1139 τῆς
1795 1095 1947 1132 πνευ-

330 1170 562 1236 ματικῆς
611 1165 984 1227 καταστάσεως
1053 1170 1147 1218 τοῦ
1226 1162 1441 1239 ἐνύγρου
1515 1168 1605 1218 καὶ
1667 1161 1942 1242 πλαδαροῦ

335 1251 459 1326 βίον
509 1249 976 1326 ἀντιλαμϐάνουσι.
1029 1256 1318 1330 Περιστερὰ
1362 1256 1454 1328 μεν
1501 1249 1590 1307 οὖν
1637 1251 1802 1310 ἐκεῖσε
1843 1256 1941 1329 ἄγ-

330 1342 477 1415 γελος
521 1349 614 1404 τῆς
687 1341 987 1415 ἀπαλλαγῆς
1019 1350 1139 1406 τοῦς
1197 1342 1574 1419 κατακλυσμοῦ
1624 1364 1637 1384 ο
1693 1345 1781 1406 ἧτι
1822 1363 1940 1416 χει-

336 1439 501 1505 μῶνος
530 1434 722 1485 ἐκείνου
779 1434 855 1485 ἔτι
902 1430 1298 1506 ἐπικρατοῦντος
1335 1432 1429 1486 ούκ
1480 1431 1898 1511 ἐπαρρησιάζετο
1922 1454 1935 1467 ·

339 1518 452 1575 ἐπεὶ
524 1516 581 1574 δί
629 1520 892 1594 παρῆλθεν
941 1521 1110 1588 οὗτος,
1180 1519 1385 1586 ἐξῆλθεν
1432 1519 1621 1581 ἐκείνη.
1670 1525 1770 1575 Καὶ
1811 1522 1938 1600 ὑπὲρ

331 1614 498 1683 χιόνα
526 1606 585 1663 δί
612 1608 767 1669 λευκὴ
795 1608 848 1663 ἐκ
877 1618 969 1665 τοῦ
1008 1612 1145 1663 κατὰ
1195 1610 1382 1683 ψυχὴν
1440 1617 1711 1687 φωτισμοῦ
1752 1612 1783 1670 ἠ
1809 1612 1940 1664 πάν-

333 1717 492 1770 αγνος
546 1702 637 1752 καὶ
700 1698 884 1771 λογικὴ
958 1701 1261 1776 περιστερὰ,
1287 1706 1380 1752 τοῦ
1440 1707 1624 1759 νοητοῦ
1684 1699 1942 1755 κατακλυ-

2056 536 2295 596 funesta
2313 538 2575 612 procella
2588 539 2805 611 jactari
2825 545 3018 599 cessat
3032 558 3171 601 arca
3192 543 3428 611 mundi,
3452 548 3511 600 et
3528 545 3715 603 insta-

2056 626 2207 685 biles
2222 628 2300 703 (4)
2318 644 2512 703 aquas
2529 629 2778 687 omnino
2800 630 3186 689 deserit.Jam
3205 632 3547 691 revelantur
3567 634 3712 692 abs-

2056 716 2301 775 condita
2380 718 2612 792 antiqui
2682 716 2841 776 illius
2894 726 2950 777 et
3009 736 3153 777 sane
3196 721 3321 777 veri
3364 723 3594 780 consnii
3635 726 3712 795 (5)

2055 807 2389 879 mysteria:
2442 807 2674 866 mundo
2717 808 3021 867 illucescit.
3069 810 3167 867 Sol
3218 810 3458 884 justitite
3506 812 3582 883 (6)
3610 833 3622 867 :
3653 819 3711 870 et

2056 897 2163 970 qui
2190 896 2296 953 diu
2325 896 2387 954 in
2418 897 2679 955 tenebris
2709 902 2766 955 et
2794 898 2856 955 in
2887 898 3106 955 umbra
3133 900 3341 955 mortis
3396 900 3705 964 sedebant,

2055 985 2221 1058 digni
2245 985 2385 1043 facti
2410 990 2571 1059 sunt,
2594 990 2661 1043 ut
2684 1002 2972 1058 magnam
3003 987 3200 1045 lucem
3250 988 3493 1045 videant
3522 991 3619 1061 (7),
3652 996 3709 1047 et

2053 1091 2166 1149 pro
2192 1074 2508 1133 ﬂuctuanti
2537 1076 2639 1133 illa
2667 1081 2725 1133 et
2753 1076 3007 1133 ﬂaccida
3036 1077 3153 1134 vita
3179 1078 3541 1136 soliditatem
3590 1079 3710 1154 spi-

2051 1166 2239 1224 ritalis
2267 1165 2601 1225 mansionis
2628 1165 3066 1239 adipiscuntur.
3099 1166 3185 1223 lbi
3208 1167 3411 1241 itaque
3433 1168 3713 1225 receden-

2050 1256 2125 1313 tis
2151 1254 2360 1312 diluvii
2385 1256 2598 1314 nuntia
2629 1256 2930 1329 (apparet)
2955 1255 3242 1315 columba
3265 1272 3278 1323 ;
3301 1273 3437 1331 quae
3463 1258 3713 1332 quidem

2049 1344 2198 1403 dum
2236 1344 2433 1402 adhuc
2498 1345 2761 1418 procella
2816 1345 3130 1415 obtineret,
3188 1347 3430 1420 prodire
3487 1364 3715 1422 nequar

2049 1448 2238 1508 quam
2280 1432 2580 1489 audebat:
2614 1433 2817 1506 prodit
2846 1448 3011 1500 vero,
3044 1437 3371 1507 postquam
3417 1434 3712 1494 diluvium

2050 1522 2327 1581 cessavit.
2364 1521 2478 1580 Sed
2509 1526 2566 1581 et
2595 1539 2733 1581 cum
2769 1522 3060 1579 deﬂueret
3088 1523 3352 1597 spiritale
3391 1523 3708 1597 diluvium,

2051 1610 2373 1672 candidior
2404 1612 2540 1669 nive
2567 1612 2646 1669 ob
2678 1612 2897 1671 animae
2928 1612 3328 1686 splendorem,
3387 1614 3714 1687 purissima

2050 1715 2123 1758 ac
2140 1699 2450 1757 rationalis
2470 1700 2757 1758 columba
2778 1703 2857 1773 (8)
2877 1701 3110 1758 mundo
3143 1702 3443 1775 apparuit.
3465 1707 3546 1759 Ac
3571 1719 3711 1777 pro-

334 1792 473 1861 σμοῦ
502 1785 937 1864 ύπορῥεύσαντος,
971 1796 1043 1859 τῷ
1085 1791 1268 1863 κόσμῳ
1324 1787 1652 1863 ἐνεφανίσθη·
1707 1789 1815 1841 Λεά
1861 1806 1941 1842 τοι

2054 1793 2257 1863 pterea
2277 1788 2421 1846 dicit
2443 1791 2799 1865 SponsuS(9)
2824 1809 2837 1847 :
2874 1791 3038 1861 Veni,
3069 1793 3266 1847 amica
3281 1806 3429 1863 mea,
3451 1793 3715 1862 pulchra

327 1882 511 1943 τοῦτο,
563 1875 729 1949 Ἐλοὶ,
786 1873 815 1939 ᾖ
887 1876 1110 1936 πλησίον
1178 1896 1302 1951 μου,

326 1964 463 2024 καλή
507 1984 609 2038 μου
682 1967 966 2040 περιστερά
1017 1987 1030 2000 ο

331 2054 437 2122 Θεν,
492 2054 520 2106 6
569 2054 716 2115 ύετός
780 2052 998 2112 ἀπῆλθε.
1059 2055 1376 2128 Περιστερὸω
1435 2049 1495 2107 δι
1568 2059 1663 2114 τήν
1725 2073 1944 2128 κεχαρι-

326 2147 564 2217 τωμένην
614 2144 645 2203 ἠ
709 2142 1083 2218 ᾁσματίζουσα
1140 2144 1404 2217 ὀνομάζει,
1453 2148 1544 2198 καὶ
1587 2140 1683 2197 διὰ
1717 2149 1778 2198 τό
1821 2144 1944 2203 ὃλην

331 2228 395 2284 δι
445 2231 564 2286 ὅλου
619 2235 753 2309 πρὸς
799 2235 858 2286 τὸ
941 2236 1289 2307 πνευματικὸν
1362 2232 1805 2312 μπερῥυθμίσθαι
1852 2238 1943 2288 καὶ

329 2323 488 2375 οἱονεὶ
562 2324 895 2376 πωοιῶσθαι
949 2343 963 2357 ο
1016 2321 1144 2376 ἀλλὰ
1193 2327 1282 2375 καὶ
1325 2324 1406 2376 ὅτι
1458 2328 1553 2383 τὴν
1607 2323 1808 2377 παῦλαν
1852 2330 1945 2378 τοῦ

326 2417 429 2474 τῆς
476 2409 676 2473 πλάνης
726 2419 982 2486 χειμῶνος
1044 2419 1155 2476 τοῖς
1196 2409 1486 2486 ἀνθρώποις
1558 2411 1796 2486 ἐμήνυσε,
1855 2418 1947 2468 καὶ

328 2503 422 2554 τὸν
485 2502 781 2576 χρισθέντα
841 2508 916 2573 τῷ
984 2499 1136 2574 ἐλαίῳ
1213 2508 1309 2563 τῆς
1379 2499 1731 2573 ἀγαλλιάσεως
1803 2506 1948 2578 παρά

327 2594 456 2652 τούς
520 2594 783 2665 μετόχους
865 2590 1026 2645 αὐτοῦ
1108 2598 1182 2663 τῷ
1242 2594 1428 2665 κόσμῳ
1509 2588 1767 2655 ὑπέδειξε.
1846 2596 1948 2646 Καὶ

328 2680 499 2735 πάλαι
539 2683 630 2755 μὶν
701 2678 899 2754 ἐλέγετο
973 2684 1101 2756 πρὸς
1168 2688 1263 2733 τοῦ
1328 2688 1483 2748 Θεοῦ,
1551 2678 1947 2755 ἐξοργιζομίνου

329 2772 472 2825 κατὰ
528 2778 628 2823 τῶν
670 2769 1008 2846 ἁμαρτωλῶν,
1058 2771 1129 2833 ὡς
1167 2769 1244 2823 Ού
1304 2774 1377 2844 μὴ
1437 2774 1584 2844 μείνῃ
1637 2789 1695 2823 το
1740 2773 1949 2844 Πνεῦμά

328 2878 438 2933 μον
489 2858 567 2913 ἐπ’
620 2859 832 2929 αύτούς,
894 2856 990 2913 διὰ
1034 2862 1094 2912 τὸ
1148 2857 1278 2913 εἶναι
1345 2858 1537 2923 αύτούς
1569 2860 1770 2935 σάρκας
1801 2876 1814 2890 ’
1857 2867 1948 2913 τοῦ

332 2952 633 3023 Πνεύματος
661 2957 789 3023 ⁹γοῦν
847 2947 1216 3015 ἐξοικισθίντος
1272 2947 1459 3002 ἐκεῖθεν
1514 2956 1607 3001 τοῦ
1668 2952 1945 3014 ζωοποιοῦ,

330 3040 361 3092 6
410 3042 707 3114 νεκροπιός
777 3038 1152 3112 κατακλυσμὸς
1257 3037 1604 3098 ἐπενηνεκται.
1689 3039 1950 3092 Ἐνταῦθα

325 3132 385 3183 τί
431 3145 445 3184 :
498 3134 708 3201 Πνεῦμα
760 3128 909 3200 ἅγιον
967 3126 1293 3181 ἐπελεύσεται
1335 3126 1419 3181 ἐπὶ
1487 3131 1566 3197 σε,
1642 3132 1732 3180 καὶ
1792 3124 1950 3181 δύνα-

1403 1876 1537 1949 λίγει
1604 1878 1630 1930 ὁ
1701 1882 1940 1950 νυμφίος,

1081 1967 1160 2019 ὄτι
1218 1962 1336 2018 ἰδού
1415 1966 1442 2019 6
1494 1970 1693 2039 χειμὼν
1745 1965 1943 2041 παρῆλ-

2050 1893 2203 1945 mea,
2230 1879 2509 1936 columba
2528 1894 2693 1937 mea:
2713 1894 2845 1938 ecce
2864 1880 3018 1936 enim
3036 1880 3221 1936 hiems
3243 1882 3507 1951 transiit,
3530 1881 3718 1939 imber

2052 1968 2221 2025 abiit.
2242 1967 2483 2024 Nomine
2504 1973 2707 2025 autem
2722 1967 3019 2026 columbae
3038 1984 3158 2025 vox
3175 1968 3556 2026 Canticorum
3574 1985 3715 2041 gra-

2053 2059 2141 2115 tia
2169 2059 2410 2129 plenam
2440 2060 2548 2131 (10)
2572 2058 2856 2133 appellat,
2892 2062 3019 2115 tum
3061 2059 3207 2132 quia
3236 2063 3360 2116 tota
3390 2063 3446 2116 et
3476 2075 3717 2133 semper

2051 2146 2133 2205 ad
2161 2162 2442 2205 normam
2466 2148 2715 2222 Spiritus
2736 2147 3127 2221 semetipsam
3157 2154 3722 2222 expresserat,eam'

2052 2252 2172 2313 que
2192 2252 2473 2295 normam
2505 2238 2841 2312 quamdam
2892 2237 3077 2294 veluti
3106 2242 3388 2296 naturam
3416 2239 3720 2309 induerat;

2054 2331 2184 2383 tum
2212 2326 2394 2385 etiam
2425 2327 2570 2403 quia
2596 2327 2782 2385 ﬁnem
2810 2326 3028 2384 hiemis
3048 2343 3318 2384 errorum
3342 2328 3725 2387 annuntiavit

2055 2415 2996 2491 hominibus,atqueunctumoleo
3008 2418 3727 2489 exsultationispraepar-

2059 2506 2338 2577 ticipibus
2374 2505 3173 2579 suis(ll)mundoostendit.
3223 2509 3290 2562 Et
3305 2505 3447 2563 olim
3470 2507 3719 2580 quidem

2059 2610 2097 2652 a
2124 2597 2265 2664 Deo,
2295 2595 2587 2653 adversus
2616 2598 2960 2668 peccatores
2985 2594 3414 2663 irato,diclum,
3433 2595 3726 2655 fuitzNon

2053 2685 2431 2756 permanebit
2452 2686 2717 2756 Spiritus
2746 2699 2911 2741 meus
2943 2685 3006 2740 in
3032 2685 3196 2755 ipsis,
3225 2690 3540 2756 propterea
3562 2686 3722 2759 quod

2059 2776 2499 2847 carosunt(12);
2520 2773 2772 2847 proinde
2786 2788 2928 2829 cum
2955 2772 3269 2830 viviﬁcans
3303 2774 3557 2845 Spiritus
3581 2774 3722 2831 inde

2056 2863 2420 2930 recessisset,
2444 2862 2814 2919 mortiferum
2834 2861 3150 2919 inductum
3163 2865 3252 2918 est
3271 2861 3593 2919 diluvium.
3617 2862 3719 2919 Hic

2061 2955 2265 3009 autem
2276 2951 2710 3025 quid?Spiritus
2721 2950 3613 3022 sanctus,inquitarchangelus,
3628 2968 3719 3006 su-

2057 3043 2342 3114 perveniet
2355 3042 2418 3097 in
2438 3045 2510 3107 te,
2530 3041 2770 3097 etvirtus
2788 3039 3437 3095 Altissimiobumbrabit
3470 3039 3573 3096 tibi
3585 3041 3719 3110 (13),

2059 3146 2195 3204 quae
2226 3146 2350 3205 prta
2377 3130 2662 3188 omnibus
2677 3128 2891 3186 creatis
2949 3143 3199 3202 prorsus
3225 3144 3289 3185 es
3329 3128 3723 3188 immaculata

323 3238 420 3292 μις
447 3225 541 3271 τοῦ
562 3217 813 3289 Ὑψίστου
841 3216 1143 3271 ἐπισκιάσει
1183 3237 1265 3270 σοι
1308 3225 1372 3291 τῇ
1424 3223 1953 3292 πανυπεραμωμὴτῳ,
1986 3219 2148 3293 ἔλεγεν
2170 3221 2195 3273 6
2228 3220 2575 3295 ἀρχάγγελος.

400 3307 532 3363 ΛΘ’.
565 3307 702 3361 Ἀλλ’
724 3306 1080 3361 ἐπιπλεκίσθω
1108 3312 1200 3360 καὶ
1249 3309 1316 3360 τὰ
1384 3305 1504 3371 ἑξῆς
1560 3315 1653 3361 τοῦ
1678 3314 1941 3381 ᾊσματος

2136 3312 2353 3367 XXXIX.
2408 3312 2626 3367 Verum
2652 3312 2710 3365 et
2763 3324 2902 3381 qute
2947 3312 3283 3381 sequuntur
3335 3306 3397 3362 in
3456 3307 3720 3377 Cantico,

322 3404 391 3470 τῇ
460 3403 556 3450 τοῦ
610 3394 770 3469 λόγου
835 3398 938 3470 ὑφῇ
997 3418 1010 3430 ·
1069 3400 1262 3469 Καιρὸς
1319 3404 1411 3470 τῇς
1453 3404 1619 3469 τομῆς
1676 3398 1870 3470 ἔφθασε
1927 3420 1940 3434 ·

326 3491 468 3560 φωνή
525 3494 625 3549 τῆς
698 3505 948 3560 τρυγονος
1026 3486 1265 3545 ἠκούσθη
1345 3484 1393 3537 ἐν
1474 3493 1536 3559 τῇ
1616 3493 1684 3559 γῇ
1776 3489 1948 3559 ἡμῶν,

325 3576 414 3631 Ἐν
468 3578 679 3639 τούτοις
758 3577 784 3629 6
867 3571 1190 3652 προδραμὼν
1256 3581 1350 3629 τοῦ
1399 3577 1716 3651 παρθενικοῦ
1769 3580 1949 3646 τόκου,

323 3674 423 3726 τῆν
484 3670 709 3739 στσίρας
764 3663 1017 3739 βλαστὸς,
1070 3669 1503 3740 παρεμφαίνεται.
1556 3668 1658 3718 Καὶ
1715 3665 1814 3737 γὰρ
1857 3669 1948 3718 καὶ

326 3754 609 3829 εὐάγγελος
691 3754 907 3828 ἄγγελος
989 3753 1304 3828 ἐπισυνείρει
1400 3751 1693 3829 ἀμφότερα.
1775 3752 1949 3813 Εἰπὼν

324 3848 431 3919 γὰρ
487 3849 622 3920 πρὸς
668 3848 764 3905 τὴν
816 3845 1075 3919 Παρθένον
1145 3865 1158 3878 ο
1207 3850 1419 3918 Πνεῦμα
1483 3842 1632 3916 ἅγιον
1689 3841 1949 3897 ἐπελεύσε-

328 3953 423 3988 ται
495 3933 583 3988 ἐπὶ
667 3938 744 4008 σε,
832 3938 922 3987 καὶ
1003 3930 1227 4007 δύναμις
1302 3932 1556 4005 Ὑψίστου
1650 3930 1949 3986 ἐπισκιάσει

335 4042 425 4076 σοι
505 4044 517 4056 ·
590 4020 678 4078 διὸ
759 4027 849 4077 καὶ
926 4027 984 4077 τό
1049 4042 1361 4096 γεννωμενον
1419 4021 1568 4095 ἅγιον
1623 4020 1948 4081 κληθήσεται

332 4114 449 4174 Υἱὸς
501 4120 629 4168 Θειῦ
685 4134 698 4147 ·
759 4112 1048 4185 ἐπισυνῆψι
1106 4115 1314 4175 τούτοις
1370 4111 1523 4173 εὐθὺς
1584 4115 1671 4169 τὸν
1718 4107 1946 4186 προδρο-

323 4207 488 4277 μικὴν
521 4202 780 4275 σύλληψιν
833 4224 847 4238 ·
907 4208 1010 4257 Καὶ
1078 4198 1197 4256 ἰδού
1258 4200 1553 4268 Ἐλισάϐετ,
1593 4203 1622 4261 ἡ
1686 4205 1944 4274 συγγενής

327 4312 447 4362 σου,
533 4292 712 4363 εἰπὼν,
770 4297 860 4346 καὶ
911 4296 1045 4352 αὐτ-ὴ
1125 4291 1468 4365 συνειληφυία
1532 4293 1643 4344 υἱὸν
1700 4289 1748 4343 ἐν
1794 4296 1942 4366 γήρει

322 4383 510 4447 αὐτῆς.
575 4383 745 4446 Οὗτός
799 4381 941 4435 ἐστιν
996 4384 1026 4441 ἠ
1097 4386 1300 4456 τρυγών
1339 4384 1370 4441 ἠ
1427 4380 1705 4455 φιλερημος
1740 4419 1754 4435 .
1787 4381 1938 4444 οὗτος

320 4477 418 4533 τὴν
457 4477 624 4547 τομὴν
680 4471 889 4546 ἐγγίσαι
936 4469 1373 4547 διαμαρτύρεται,
1420 4474 1550 4525 ὅπου
1581 4476 1711 4546 φησί
1744 4492 1756 4505 ’
1790 4467 1931 4531 Ἦδη

322 4559 384 4617 δὲ
429 4567 521 4616 καὶ
572 4561 722 4627 ἀξίνη
774 4565 902 4638 πρὸς
940 4566 1033 4621 τήν
1088 4561 1244 4638 ῥίζαν
1298 4570 1400 4615 τῶν
1458 4557 1688 4637 δένδρων
1740 4568 1927 4618 κεῖται.

397 4741 478 4811 (4)
498 4743 578 4798 De
596 4755 747 4798 voce
768 4738 1122 4794 ἀνυπόστατον
1150 4738 1243 4813 ita
1264 4740 1505 4813 Henric.
1552 4739 1925 4813 Stephanus:

315 4814 732 4884 Hieronymus
748 4828 1059 4881 enarrans,
1082 4811 1244 4884 quod
1259 4811 1459 4884 Grzeci
1479 4811 1818 4869 Biblibrum
1838 4814 1929 4869 in-

318 4879 614 4955 terpretes
649 4879 1052 4958 reddiderunt
1072 4879 1217 4958 ύᾷῳρ
1250 4880 1619 4953 ἀνυπόστατον,
1651 4884 1928 4955 verbum,

314 4958 542 5028 inquit,
571 4955 738 5029 apud
760 4955 1377 5029 Grmcos_ambiguum
1396 4958 1508 5029 est,
1525 4959 1583 5029 et
1608 4959 1808 5029 potest
1832 4971 1926 5029 so-

314 5025 670 5102 nare,quod
695 5042 822 5084 non
841 5025 1154 5102 subsistat,
1166 5025 1224 5083 et
1250 5025 1417 5100 quod
1432 5025 1807 5084 intolerabile
1830 5027 1923 5084 sit.

391 5100 472 5173 (5)
505 5097 619 5173 l'sa.
653 5115 785 5173 x_xv,
825 5101 856 5157 1
877 5113 994 5173 sec.
1018 5097 1171 5154 LXX.

392 5170 471 5239 (6)
500 5170 746 5229 Malach.
776 5186 856 5239 IV,
882 5172 937 5226 2.

389 5239 469 5312 (7)
499 5242 613 5300 Isa.
642 5258 718 5309 xx,
750 5246 805 5312 2,
828 5244 884 5312 et
914 5239 1113 5299 Matth.
1140 5256 1217 5295 iv.
1250 5241 1339 5296 16.

390 5309 471 5386 (8)
502 5309 821 5388 Spirituale
849 5311 1144 5388 diluvium
1169 5315 1272 5388 est
1287 5310 1464 5369 ruina
1483 5309 1554 5388 in
1578 5310 1928 5388 universum

314 5382 515 5456 genus
529 5382 637 5456 per
662 5384 855 5442 Adam
873 5383 1142 5456 inducta.
1169 5383 1352 5440 Porro
1364 5397 1466 5456 res
1479 5382 1924 5456 ipsapostulat,

313 5453 398 5535 ire
413 5472 486 5513 eo
504 5453 729 5514 diluvio
756 5455 1001 5535 periisse
1026 5458 1266 5535 putetur
1287 5453 1573 5535 columba
1601 5453 1703 5511 illa
1728 5458 1927 5535 puris-

317 5528 502 5595 sima,
527 5544 668 5602 quae
692 5525 1279 5602 nuntiacommunjs
1308 5525 1521 5602 salutis
1546 5525 1816 5599 apparet.

394 5597 654 5671 (9)Cant.
688 5616 748 5667 ιι,
773 5602 861 5656 10.
889 5599 1012 5655 Hoc
1027 5598 1206 5671 etiam
1223 5597 1358 5655 loco
1378 5597 1710 5671 Germanus
1759 5601 1930 5671 omit-

316 5671 390 5731 tit
406 5669 539 5746 μου,
571 5671 740 5747 quod
767 5686 841 5729 ex
862 5669 1174 5730 communi
1200 5684 1359 5728 vers.
1402 5671 1534 5728 LXX
1580 5669 1931 5743 adiungitur

2061 3399 2347 3455 orationis
2393 3403 2641 3456 texturae
2683 3398 3064 3467 inserantur;
3110 3398 3359 3467 Tempus
3386 3396 3720 3467 putationis

2059 3490 2344 3560 advenit;
2385 3504 2503 3545 vox
2536 3489 2794 3544 turturis
2822 3488 3037 3544 audita
3065 3492 3151 3543 est
3195 3487 3260 3542 in
3301 3493 3465 3543 terra
3511 3493 3721 3543 nostra

2061 3579 2196 3651 (14).
2221 3582 2285 3634 In
2306 3578 2399 3635 his
2427 3591 2674 3650 germen
2721 3591 2963 3650 quoque
3003 3575 3217 3631 sterilis
3233 3590 3574 3647 praecursor
3603 3575 3718 3631 vir-

2057 3668 2215 3738 ginei
2260 3672 2491 3740 partus,
2543 3666 2725 3722 simul
2769 3664 3143 3738 exprimitur.
3194 3667 3257 3720 Et
3282 3680 3425 3720 sane
3458 3664 3713 3735 angelus

2055 3756 2290 3814 faustus
2307 3756 2399 3812 ille
2421 3754 2666 3811 nuntius
2680 3758 3003 3827 utrumque
3020 3751 3198 3808 simul
3226 3753 3540 3809 connectit.
3567 3756 3716 3810 Nam

2045 3851 2382 3920 postquam
2395 3844 2616 3915 Virgini
2627 3842 2991 3913 dixitSpiril
3001 3858 3067 3897 us
3079 3847 3323 3899 sanctus
3335 3844 3714 3913 superveniet

2054 3938 2119 3995 in
2146 3942 2296 4005 te,et
2325 3934 2830 3993 virtusAltissimi
2865 3931 3244 3989 obumbrabit
3282 3931 3410 3997 tibi;
3464 3932 3712 4004 ideoque

2052 4027 2215 4099 quod
2241 4030 2524 4082 nascetur
2541 4029 2849 4081 sanectum
2880 4021 3194 4079 vocabitur
3210 4021 3401 4077 Filius
3432 4020 3545 4077 Dei
3566 4019 3705 4092 (t5);

2052 4114 2337 4172 continuo
2362 4113 2753 4185 praecursoris
2782 4109 3239 4187 conceptionem
3279 4109 3370 4165 his
3410 4108 3705 4180 adjunxit,

2048 4204 2433 4278 inquienert
2497 4217 2628 4259 ecce
2673 4200 2986 4257 Etisabeth
3046 4205 3306 4270 cognata
3359 4205 3462 4255 tua
3483 4204 3538 4256 et
3573 4200 3707 4269 ipsa

2048 4295 2316 4365 concepit
2346 4294 2541 4362 ﬁlium
2574 4293 2636 4347 in
2656 4295 2958 4347 senectute
2992 4304 3103 4345 sua
3132 4290 3244 4360 (16)
3275 4288 3373 4344 Hic
3403 4291 3706 4344 estturtur

2049 4383 2389 4441 solitudinis
2423 4382 2656 4439 amicus
2692 4380 2827 4437 :hic
2860 4383 3098 4451 tempus
3127 4378 3454 4452 putationis
3485 4394 3702 4451 appro-

2046 4474 2373 4547 pinquasse
2397 4476 2665 4539 testatur,
2696 4469 2801 4525 ubi
2832 4468 2915 4525 ait
2947 4486 2960 4525 :
2991 4470 3131 4525 Jam
3169 4470 3325 4525 enim
3346 4470 3568 4525 securis
3620 4469 3702 4523 ad

2042 4562 2299 4621 radicem
2331 4561 2617 4619 arborum
2641 4560 2842 4631 posita
2889 4563 2973 4616 est
3003 4556 3135 4632 (17).
3181 4560 3505 4632 Postquam
3536 4558 3698 4614 enim

2034 4759 2166 4800 VOCI
2191 4761 2469 4800 περιστερά
2482 4787 2494 4799 .

2106 4762 2166 4799 ’01
2191 4762 2494 4817 περιστερά,

2106 4816 2222 4879 (10)
2274 4813 2413 4870 Vibe
2456 4811 2597 4885 Deip
2617 4826 2747 4868 ram
2780 4809 3693 4885 antonomasticeﬁnemfine-

2035 4889 2212 4960 μένης.
2244 4889 2445 4960 gratia
2469 4881 2688 4960 plen/2,
2729 4882 3132 4958 appellatione
3156 4881 3567 4952 designatam'.

2106 4958 2218 5029 3'11)
2249 4956 2384 5013 Psal
2411 4971 2565 5023 XLIV,
2596 4958 2629 5011 8

2106 5023 2219 5098 (12)
2250 5030 2559 5096 Gen.v1,3
2618 5044 2743 5084 sec.
2800 5040 2985 5098 vers.
3038 5024 3190 5098 LXX,
3256 5023 3431 5094 cujus
3488 5025 3692 5079 tamen

2034 5094 2292 5171 Vulgata
2319 5094 2500 5156 editio
2534 5098 2717 5171 paulo
2760 5097 2927 5154 aliter
2971 5094 3175 5165 habet,
3221 5099 3293 5167 μὴ
3329 5098 3691 5171 καταμείνῃ...

2035 5165 2222 5246 ἐντοῖς
2250 5165 2553 5246 ανθροξποιςξ
2567 5173 2772 5246 τούτοις
2797 5187 2811 5224 :
2844 5182 3023 5246 voces
3078 5165 3282 5224 autem
3313 5165 3383 5229 εἰς
3412 5165 3499 5219 τὸν
3529 5165 3694 5220 αἰῶνα

2035 5242 2306 5302 etiamin
2336 5240 2456 5299 edit
2490 5241 2683 5299 Aldin.
2735 5240 2973 5299 desunt.

2106 5315 2223 5387 (13)
2255 5317 2392 5371 Luc.
2424 5330 2463 5382 ι,
2492 5316 2579 5370 35.

2104 5388 2221 5457 (14)
2251 5389 2413 5443 Cant.
2447 5400 2506 5451 ιι,
2525 5389 2609 5441 12.

2109 5458 2220 5531 (15)
2257 5459 2449 5531 Luc-1.
2483 5459 2573 5513 35-

2104 5528 2218 5600 (16)
2252 5528 2399 5585 Ibid.
2438 5530 2525 5585 36.

2109 5600 2224 5675 (t7)
2251 5602 2369 5658 Luc
2397 5615 2478 5670 ιιι,
2524 5603 2578 5655 9.
