4090 6380
496 271 599 326 723

1670 266 1981 324 GERMANI
2019 263 2064 320 ΙΙ
2086 266 2147 321 Cl

2265 267 2652 328 LTBIARCHE
3766 275 3857 328 724

495 394 689 452 hiems
709 391 1071 467 pertransiit,
1112 396 1170 449 et
1190 390 1463 449 viviﬁcus
1491 390 1587 449 Sol
1612 392 1850 463 justitiaa
1887 389 2147 462 resplen-

2266 397 2350 444 Δεῖ
2368 396 2493 468 γὰρ,
2525 392 2753 454 ἐπειδὴὸ
2818 400 3020 470 χειμὼν
3072 394 3325 470 παρῆλθε,
3378 394 3528 446 καὶὸ
3573 392 3713 457 ἣλιος
3771 403 3855 457 τῆς

498 482 648 553 duit,
696 482 992 556 ﬂosquee
1062 480 1265 537 radice
1320 482 1475 537 Iesse
1533 480 1906 551 germinavit,
1975 477 2152 552 plane

497 575 729 644 oportet
760 575 825 627 ut
844 586 1221 644 quaecunque
1251 568 1517 636 arbores,
1547 568 1729 641 hujus
1780 568 1920 624 solis
1968 566 2152 624 radiis

497 660 870 717 circumfotm
889 661 949 715 in
983 658 1231 731 pristina
1252 658 1571 724 sterilitate,
1595 656 1829 713 nullum
1854 656 2151 727 frugifera!

495 750 632 806 vitae
662 766 912 805 succum
950 749 1381 821 promittentes,
1407 752 1807 820 perseverant.
1839 750 1968 804 Jam
1999 748 2152 803 exci-

498 838 739 909 dantur,
788 843 846 895 et
885 840 945 894 in
977 838 1181 908 ignem
1235 836 1630 907 conjiciantur
1686 842 1743 894 et
1772 836 2146 893 comburan-

496 929 720 1000 turi19)
763 930 1035 999 Namque
1067 926 1482 1000 aequissimum
1531 931 1589 982 et
1633 926 1693 982 id
1751 926 1833 983 ita
1856 925 2150 998 judicavit

499 1016 597 1074 Sol
618 1016 877 1089 justitiae:
936 1018 1007 1073 Ut
1044 1016 1190 1088 quid
1235 1017 1410 1087 enim,
1462 1014 1676 1088 inquit,
1716 1017 1895 1073 etiam
1928 1021 2148 1072 terram

496 1113 750 1178 occupat
780 1108 890 1180 (20)
912 1110 940 1164 ?

570 1199 675 1252 XL.
707 1198 940 1262 Quanta
960 1212 1101 1251 vero
1130 1194 1273 1251 mihi
1297 1193 1709 1266 exemplorum
1738 1194 1911 1267 copia
1934 1210 2148 1265 suppe-

496 1285 583 1349 tit,
611 1285 833 1358 quibus
878 1283 1059 1340 veluti
1116 1283 1418 1340 coloribus
1469 1283 1776 1340 hodiernae
1817 1283 2147 1339 festivitatis

494 1375 846 1447 mysterium
868 1374 1100 1445 pridem
1110 1373 1236 1444 jam
1253 1372 1329 1428 ad
1344 1373 1545 1428 vivum
1567 1372 1949 1442 designatum
1978 1388 2145 1444 repe-

492 1464 640 1519 ritur
680 1463 693 1518 l
728 1463 938 1520 Mensis
968 1463 1100 1529 iste,
1134 1462 1496 1535 principium
1529 1462 1827 1518 mensium
1865 1466 1922 1518 et
1968 1462 2146 1518 totius

491 1553 675 1609 annui
716 1551 1233 1625 orbiscaput,ipse
1248 1556 1355 1621 est,
1370 1551 1550 1623 quiin
1574 1553 1828 1623 Egypto
1865 1549 2144 1607 lsraelem

489 1641 638 1698 vidit
656 1646 783 1698 tum
800 1642 861 1698 in
882 1641 1095 1698 mediis
1118 1640 1560 1697 calamitatibus
1597 1644 1926 1697 intuentem
1958 1656 2146 1696 suave

2266 477 2610 548 δικαιοσύνης
2644 487 2894 558 ζωογόνος
2943 486 3057 553 (18)
3116 483 3396 556 ἐπέλαμψε,
3452 487 3631 537 καὶτὸ
3679 482 3731 535 ἐκ
3769 493 3856 548 τῆς

2260 570 2414 645 ῥίζης
2486 573 2685 627 Ἰεσσαὶ
2723 576 2877 638 ἄνθος
2917 574 3253 642 ἐϐλάστησεν,
3306 575 3409 625 ὅσα
3462 581 3563 624 τῶν
3618 568 3852 646 δένδρων,

2260 663 2392 732 μετὰ
2429 666 2520 720 τὴν
2559 661 2614 715 ἐκ
2642 672 2735 716 τοῦ
2784 664 2935 723 ἡλίου
2987 663 3321 737 περίθαλψίν,
3387 661 3472 716 ἐπὶ
3514 670 3609 721 τῆν
3659 668 3856 736 πρώτης

2260 753 2505 821 μένουσιν
2557 750 2843 826 ἀκαρπίας,
2897 749 3165 826 μηδεμίαν
3244 747 3446 825 ἰκμάδα
3492 759 3586 812 τῆς
3652 751 3859 815 εύζωίας

2261 837 2696 915 ἐπαγγελλόμενα,
2726 840 3091 909 έκκόπτεσθαι,
3142 845 3232 895 καὶ
3289 841 3360 904 εἰς
3409 848 3513 913 πῦρ
3561 838 3855 913 βάλλεσθαι,

2259 933 2350 980 καὶ
2392 932 2660 987 καίεσθαι.
2721 935 2930 984 Δίκαιον
2976 934 3077 1007 γὰρ
3126 936 3216 984 καὶ
3268 938 3421 982 τοῦτο
3459 929 3595 982 οὕτω
3637 938 3734 992 τῆς
3787 926 3860 982 δι-

2257 1021 2537 1080 καιοσύνης
2567 1020 2593 1071 ὁ
2624 1020 2763 1083 ἣλιος
2791 1024 3021 1095 κέκρικεν
3056 1041 3070 1054 ο
3126 1019 3236 1073 Ἰνα
3282 1025 3335 1073 τί
3386 1021 3508 1094 γὰρ,
3570 1023 3728 1091 φησὶ,
3780 1023 3861 1072 καὶ

2256 1115 2356 1178 γῆν
2384 1116 2640 1183 καταργεῑ
2667 1127 2682 1176 ;

2326 1195 2410 1249 Μ’.
2442 1195 2511 1249 Ὠ
2558 1203 2736 1250 πόσων
2778 1217 2868 1271 μοι
2902 1206 3002 1250 τῶν
3041 1194 3510 1272 παραδειγμάτων,
3554 1199 3623 1259 ὡς
3648 1200 3863 1271 χρωμά-

2257 1304 2356 1337 των
2386 1289 2444 1336 τὸ
2470 1281 2713 1357 δαψιλὲς,
2742 1282 2815 1339 δι’
2845 1287 2912 1338 ὧν
2932 1290 2989 1339 τὸ
3021 1294 3116 1348 τῆς
3140 1290 3407 1360 παρούσης
3430 1285 3609 1361 ἑορτῆς
3634 1286 3862 1359 προεζω-

2255 1382 2502 1448 γραφεῖτο
2546 1380 2840 1450 μυστήριον
2900 1376 2913 1431 l
2973 1375 3030 1429 Ἠ
3086 1382 3473 1450 πρωτομηνῖτις
3526 1375 3658 1432 αὕτη
3719 1395 3862 1447 κορυ-

2257 1468 2402 1535 φαία,
2436 1469 2524 1516 καὶ
2548 1468 2739 1519 παντὸς
2768 1473 2857 1516 τοῦ
2907 1472 3161 1539 χρονικού
3206 1464 3672 1537 κυκλοφορήματος
3728 1462 3865 1535 ἔξαρ-

2255 1571 2372 1623 χος,
2403 1555 2609 1604 καὶτὸν
2668 1552 3094 1611 τληπαθέστατον
3153 1555 3268 1606 κατ’
3325 1554 3594 1624 Αἴγυπτον
3654 1552 3863 1627 Ἰσραὴλ

2257 1638 2390 1694 εἶδεν
2422 1639 2605 1695 ἰδόντα
2640 1653 2745 1716 φῶς
2771 1643 2937 1715 γλυκὺ
2977 1652 3071 1707 τῆς
3126 1644 3435 1718 ἐλευθερίας,
3494 1649 3585 1697 καὶ
3641 1650 3865 1716 φυγόντα

488 1730 777 1788 libertatis
797 1732 1023 1797 lumen,
1045 1736 1171 1787 tum
1191 1736 1537 1803 exemptum
1556 1746 1663 1803 per
1689 1730 2045 1800 sanguinem
2066 1731 2144 1788 ab

2265 1727 2578 1805 διἀῖματος
2604 1737 2690 1785 τὸν
2738 1733 3077 1807 ὁλοθρεύοντα
3133 1734 3351 1805 ἄγγελον
3408 1751 3419 1763 ·
3463 1736 3757 1809 μαρτύριον
3811 1729 3864 1787 δὲ

491 1819 708 1892 angelo
738 1821 1197 1877 exterminatore
1223 1837 1236 1888 ;
1267 1819 1439 1890 cujus
1469 1819 1553 1875 rei
1608 1820 1774 1876 testis
1813 1824 1940 1876 erat
1976 1837 2145 1877 sacer

489 1909 797 1984 paschalis
848 1910 1017 1967 ritus.
1063 1911 1276 1965 Verum
1332 1907 1413 1964 illi
1441 1908 1804 1980 temporaria
1842 1909 2140 1979 servitute,

493 2004 674 2073 atque
693 1997 1012 2055 laboriosis
1031 1998 1335 2062 mrumnis,
1359 2013 1496 2071 quae
1525 1995 1738 2054 saltem
1761 2014 1867 2071 per
1889 2006 2142 2056 mortem

492 2092 751 2154 cessant,
784 2102 855 2143 ea
892 2086 1209 2143 occasione
1228 2085 1461 2141 liberati
1488 2085 1745 2143 fuerunt.
1785 2092 1855 2141 At
1888 2085 1986 2157 illi,
2039 2088 2141 2159 qui

490 2177 570 2234 ab
593 2177 785 2232 Adam
817 2175 910 2233 vel
942 2191 1133 2245 usque
1162 2175 1238 2231 ad
1272 2175 1433 2230 hunc
1463 2175 1674 2229 Christi
1706 2174 2030 2231 adventum
2060 2176 2141 2232 vi-

490 2271 613 2323 tam
642 2265 943 2333 ﬁnierunt,
985 2264 1366 2337 tyrannidem
1391 2279 1534 2318 sane
1561 2263 1951 2331 acerbiorem,
1981 2266 2037 2319 in
2060 2271 2141 2321 te-

486 2355 835 2413 nebricosas
847 2354 1159 2411 inferorum
1178 2353 1350 2409 sedes
1363 2351 1793 2409 descendentes
1809 2354 1969 2426 passi
1983 2360 2139 2411 sunt.

486 2448 554 2502 Et
582 2449 737 2501 certe
764 2445 957 2516 aptius
985 2443 1097 2504 his.
1114 2440 1479 2515 quivinculis
1496 2441 1702 2497 mortis
1724 2447 1903 2515 atque
1925 2442 2145 2499 infero-

484 2550 620 2591 rum
652 2533 869 2607 captivi
898 2531 1339 2594 detinebantur,
1364 2530 1709 2587 convenerit
1741 2548 1875 2604 quae
1899 2531 1956 2587 in
1993 2531 2142 2588 Psal-

486 2624 602 2680 mis
629 2623 788 2680 dicta
818 2628 957 2679 sunt
985 2640 997 2677 :
1022 2623 1102 2678 Et
1131 2622 1543 2678 clamauerunt
1574 2621 1810 2694 (inquit)
1842 2622 1924 2678 ad
1952 2624 2145 2679 Domi-

486 2729 791 2777 num,cum
822 2712 1276 2781 tribularentur,
1309 2711 1452 2767 etde
1479 2713 1921 2768 necessitatibus
1944 2728 2145 2769 eorum

488 2803 757 2861 liberavit
779 2802 1070 2859 eoszMisit
1114 2802 1367 2858 Verbum
1397 2817 1592 2866 suum,
1618 2807 1669 2857 et
1688 2802 1931 2857 sanavit
1948 2818 2059 2865 eos,
2094 2806 2146 2858 et

487 2894 700 2963 eripuit
719 2908 813 2949 eos
831 2894 902 2948 de
921 2891 1316 2947 interionibus
1330 2906 1528 2947 eorum
1554 2889 1692 2962 (12).
1713 2891 1897 2946 Nemo
1916 2890 2144 2963 quippe

488 2981 642 3040 alius
664 2982 739 3038 de
752 2986 943 3038 morte
959 2987 1259 3054 tropaeum
1278 2978 1478 3048 erexit,
1494 2984 1549 3034 et
1570 2984 1850 3036 naturam
1874 2996 1909 3037 a
1941 2997 2148 3036 corru-

489 3069 1127 3143 ptioneliberavit,nisi
1143 3069 1331 3125 Patris
1349 3067 1680 3124 subsistens
1707 3075 1763 3123 et
1781 3074 2149 3124 coaeternum
2182 3100 2221 3155 ρ

491 3159 773 3225 Verbum,
796 3160 903 3232 qui
951 3158 1285 3215 secundum
1333 3163 1649 3229 paternum
1704 3157 2150 3230 beneplacitum

495 3265 631 3305 ecce
661 3249 925 3315 advenit,
956 3254 1021 3304 ut
1049 3248 1397 3303 incarnatus
1435 3262 1508 3301 ex
1539 3246 1806 3313 virgineo
1857 3247 2149 3317 sanguine

497 3338 571 3394 sit
594 3339 1026 3408 primogenitus
1052 3337 1114 3391 in
1136 3337 1341 3391 multis
1380 3334 1682 3404 fratribus
1701 3340 1833 3405 (22),
1860 3341 2151 3405 etcogna-

498 3430 592 3483 tos
617 3443 760 3481 suos
785 3426 1020 3483 invisat.
1070 3423 1372 3480 Manifeste
1426 3426 1582 3479 enim
1625 3430 1997 3497 compertum
2039 3431 2146 3484 est.

499 3516 875 3572 Dominume
905 3516 1061 3571 tribu
1100 3513 1267 3570 Judee
1333 3518 1530 3569 ortum
1562 3530 1709 3569 esse.
1748 3514 1863 3570 Erit
1926 3519 2150 3583 autem,

500 3605 751 3680 quando
782 3610 1027 3679 propter
1066 3604 1313 3660 fratrum
1369 3602 1657 3659 invidiam
1702 3605 1759 3659 in
1831 3606 2151 3677 Egyptum,

502 3694 564 3752 in
589 3695 906 3751 tenebrosa
944 3710 1163 3767 nempe
1188 3692 1404 3749 inferni
1424 3708 1631 3761 regna,
1664 3691 2006 3749 descendet.

576 3784 705 3841 XLI.
732 3784 883 3850 Quin
916 3784 1096 3839 etiam
1126 3780 1390 3838 vidithic
1416 3781 1672 3854 (primus
1698 3782 1942 3854 mensis)
1973 3799 2153 3855 opere

501 3874 864 3948 completum
891 3874 1003 3945 (23)
1035 3868 1483 3928 tabernaculum
1537 3869 1682 3927 illud
1722 3870 1950 3939 vectile,
1985 3873 2154 3944 cujus

501 3964 781 4037 princeps
822 3963 1029 4020 artifex
1082 3962 1190 4017 fuit
1234 3959 1512 4026 Beseleel,
1565 3960 1709 4016 nulli
1762 3960 1965 4033 utique
2015 3962 2153 4017 sub.

499 4053 708 4109 nixum
737 4051 1153 4117 fundamento,
1204 4050 1363 4105 intus
1419 4066 1561 4105 vero
1618 4049 1761 4105 nihil
1821 4051 2152 4120 continens,

501 4142 615 4197 nisi
645 4141 869 4211 ﬁguras
894 4140 1015 4195 veri
1037 4138 1427 4207 tabernaculi,
1451 4142 1508 4193 et
1532 4139 1813 4195 animatae
1834 4139 1990 4195 illius
2018 4157 2154 4198 vere

500 4231 998 4298 sanctiﬁcationis
1036 4231 1235 4292 Arae,
1267 4227 1341 4283 de
1372 4244 1496 4299 qua
1525 4227 1703 4283 etiam
1745 4233 2051 4284 cantatum
2093 4230 2151 4285 in

501 4318 753 4375 Psalmis
782 4317 923 4372 fuit:
955 4319 1110 4373 Deus
1137 4319 1196 4371 in
1234 4317 1626 4386 medioejuset
1647 4334 1762 4373 non
1777 4319 2155 4376 commovebi—

502 4405 878 4479 tur(2i)Tum
918 4405 1212 4462 dedicatio
1246 4405 1632 4477 tabernaculi,
1676 4406 1791 4462 hoc
1817 4407 1952 4479 ipso
1992 4424 2154 4463 men-

502 4513 564 4552 se
586 4495 664 4552 ab
689 4493 962 4550 lsraelitis
993 4493 1293 4550 celebrata
1314 4499 1409 4549 est
1440 4494 1574 4566 (35).
1627 4495 1786 4550 Adeo
1817 4511 2033 4567 nempe
2074 4497 2156 4552 di-

499 4602 685 4656 gnum
714 4584 979 4640 maxima
999 4600 1143 4639 cura
1177 4584 1428 4638 Domino
1487 4586 1607 4639 Deo
1637 4584 1827 4638 visum
1870 4589 1958 4639 est
2004 4585 2154 4641 divi-

495 4691 642 4731 num
675 4674 820 4729 illud
851 4689 921 4729 ac
947 4688 1233 4744 magnum
1277 4672 1830 4744 mysterium,quod
1862 4673 2155 4732 hodierna

492 4761 589 4819 die
632 4762 952 4835 perficitur,
997 4777 1067 4816 ac
1107 4767 1427 4833 propterea
1452 4760 1632 4816 variis
1677 4766 1813 4815 ante
1856 4760 2152 4834 symbolis

487 4851 857 4925 descriptum
900 4850 1026 4907 fuit.

556 4942 713 4999 XLII.
763 4944 930 4997 Nunc
972 4940 1153 4995 etiam
1193 4938 1520 5008 Sapientia
1569 4939 1681 4994 Dei
1719 4938 1941 4995 domus
1997 4958 2146 4998 con-

552 5124 664 5257 Ξίὸ)
698 5121 972 5192 ζωογόνον.

580 5195 667 5257 49)
701 5194 840 5247 Luc.
876 5208 955 5257 ui,

580 5195 667 5327 49;
701 5194 840 5247 Luc.
876 5208 955 5260 ui,
998 5193 1052 5247 9.

580 5267 638 5319 20
694 5265 828 5318 Luc.
856 5278 976 5325 xui,
1001 5268 1052 5315 7.

547 5265 662 5332 (20)
694 5265 828 5318 Luc.
856 5278 976 5325 xui,
1001 5268 1054 5315 7.

550 5333 662 5401 (2n
692 5333 840 5388 Psal.
879 5349 986 5395 cv1,
1019 5336 1085 5387 20
1115 5338 1172 5388 et
1202 5333 1291 5387 28.

547 5408 659 5475 (22)
698 5406 867 5459 Rom.
900 5419 1015 5471 vm,
1052 5407 1140 5458 29.

540 5474 655 5545 (⁷23)
688 5475 875 5530 Exod.
907 5491 992 5539 χι,
1026 5478 1058 5528 2
1081 5480 1136 5529 et
1173 5478 1253 5529 is:
1310 5474 1513 5529 Mense
1562 5474 1782 5543 primo,
1816 5477 2018 5545 prima
2047 5478 2138 5532 die

467 5550 702 5612 mensis,
730 5546 884 5616 erige
897 5545 1357 5606 tabernaculum
1371 5546 1714 5613 testimonii.
1726 5588 1738 5601 .
1751 5587 1765 5602 .
1791 5546 1855 5625 lg
1864 5548 1989 5602 itur
1995 5551 2134 5619 pri-

2255 1825 2440 1873 τούτου
2472 1829 2563 1873 τοῦ
2586 1824 2788 1894 Πάσχα
2812 1824 2841 1881 ἡ
2873 1822 3070 1880 τελετή.
3104 1822 3241 1877 Ἀλλ’
3264 1820 3444 1875 ἐκεῖνοι
3484 1825 3575 1895 μεν
3609 1826 3864 1898 προσκαί-

2251 1929 2346 1985 ρου
2402 1906 2655 1977 δουλείας,
2722 1916 2809 1963 καὶ
2866 1908 3219 1986 έργομοχθίας
3272 1914 3472 1985 θανάτῳ
3542 1911 3864 1984 ἀναπαυομέ-

2254 2019 2364 2066 νης,
2390 2000 2508 2051 κατ’
2556 1997 2716 2052 ἐκεῖνο
2745 2008 2931 2074 καιροῦ
2963 1999 3243 2054 ἀπελύοντο
3275 2017 3286 2028 ·
3322 2003 3371 2053 οἱ
3426 1996 3485 2053 δὲ
3535 1999 3636 2053 ἀπὸ
3699 1997 3865 2073 Ἀδὰμ

2254 2090 2343 2149 ἕως
2389 2093 2479 2141 καί
2534 2089 2605 2151 εἰς
2659 2090 2823 2148 αύτήν
2883 2094 2977 2149 τὴν
3031 2095 3325 2164 παρουσίαν
3378 2097 3615 2164 Χριστοῦ
3663 2094 3729 2143 τό
3779 2094 3864 2163 ζῇν

2254 2178 2661 2247 καταλύσαντες,
2712 2185 2807 2238 τὴν
2860 2184 3163 2254 πικροτέραν
3221 2181 3504 2252 ὑφίσταντο
3555 2177 3861 2256 τυραννίδα,

2257 2267 2340 2320 ἐπὶ
2397 2272 2492 2325 τὴν
2551 2273 2819 2327 σκοτεινὴν
2874 2274 3156 2342 παροικίαν
3199 2267 3520 2330 καταϐάντες
3567 2277 3664 2321 τοῦ
3714 2266 3862 2340 ᾁδου.

2258 2359 2449 2409 Καὶτά
2478 2355 2525 2409 ἓν
2558 2356 2783 2429 Ψαλμοῖς
2837 2358 3082 2433 εἰρημένα
3140 2365 3251 2421 τοῖς
3303 2368 3375 2429 τῷ
3417 2360 3617 2430 θανάτῳ
3661 2363 3751 2411 καὶ
3799 2365 3865 2428 τῷ

2255 2440 2361 2519 ᾅδῃ
2458 2452 2884 2520 τυραννουμένοις
2947 2446 3136 2520 μᾶλλον
3194 2447 3425 2521 ἀρόσειεν
3466 2469 3479 2480 ·
3538 2444 3867 2523 Ἐκέκραξαν,

2257 2540 2411 2609 φησι,
2467 2540 2598 2609 πρὸς
2650 2540 2735 2588 τὸν
2784 2540 2973 2609 Κύριον
3062 2535 3110 2588 ἐν
3163 2544 3236 2587 τῶ
3316 2535 3586 2589 θλιϐεσθαι
3664 2538 3867 2597 αύτούς,

2256 2628 2345 2676 καὶ
2410 2622 2464 2675 ix
2516 2634 2617 2676 τῶν
2677 2623 2915 2696 ἀναγκῶν
2969 2624 3137 2676 αὐτῶν
3214 2628 3405 2677 ἴσωσεν
3479 2625 3691 2686 αύτούς.
3763 2632 3871 2678 Απ-

2257 2712 2450 2765 έστειλε
2511 2718 2598 2765 τὸν
2672 2712 2835 2785 Δογον
2894 2714 3055 2766 αύτοῦ
3108 2718 3198 2766 καὶ
3252 2714 3435 2765 ἰάσατο
3478 2714 3671 2775 αύτούς
3719 2755 3733 2770 .
3781 2720 3870 2766 xui

2259 2798 2510 2877 έρρύσατο
2590 2805 2781 2865 αύτούς
2860 2799 2914 2854 ἐκ
2970 2811 3071 2854 τῶν
3136 2799 3430 2877 διαφθορῶν
3496 2802 3687 2856 αὐτῶν.
3766 2801 3867 2854 Ού-

2261 2886 2370 2953 δείς
2399 2893 2499 2963 γὰρ
2560 2892 2726 2964 ἔτερος
2782 2893 2919 2943 κατὰ
2961 2892 3182 2943 θανάτου
3241 2897 3487 2965 τρόπαιον
3526 2893 3743 2962 ἔστησε,
3780 2897 3869 2943 xui

2258 2987 2354 3041 τῆς
2402 2974 2692 3054 διαφθορᾶς
2764 2985 2857 3037 την
2940 2981 3096 3051 φύσιν
3148 2977 3459 3045 ἀπήλλαξεν,
3500 2978 3543 3032 εἰ
3595 2984 3721 3052 μήο
3781 2987 3868 3031 τοῦ

2260 3070 2468 3143 Πατρός
2514 3066 2864 3130 ὶνυπόστατος
2940 3073 3106 3140 Λόγος
3166 3072 3256 3120 καὶ
3310 3065 3597 3135 συναίδιος,
3670 3070 3720 3129 ὃς
3759 3069 3868 3120 κατ’

2260 3153 2501 3209 εὐδοκίαν
2572 3154 2688 3210 ἰδού
2775 3162 3035 3232 πατρικὴν
3107 3160 3418 3229 ἀφικνεῖται,
3503 3164 3587 3209 ῖνα
3663 3161 3864 3230 γένηται

2259 3251 2585 3320 πρωτότοκος
2644 3246 2692 3299 ἐν
2760 3247 2964 3308 πολλοῖς
3008 3242 3253 3319 ἀδελφοῖς
3320 3243 3355 3299 δ
3362 3250 3415 3299 ια
3462 3256 3558 3309 τῆς
3619 3246 3674 3298 ἐκ
3728 3264 3859 3319 παρ-

2263 3342 2470 3392 θενικῶν
2551 3341 2784 3411 αἱμάτων
2870 3345 3206 3412 σαρκώσεως,
3277 3346 3367 3391 xui
3436 3342 3527 3391 τοῦ
3614 3344 3867 3409 συγγενεῖς

2262 3427 2631 3499 ἐπισκέψηται.
2682 3425 2955 3501 Πρόδηλον
2985 3431 3085 3503 γὰρ
3144 3430 3225 3479 ὅτι
3266 3426 3318 3491 ἐξ
3375 3424 3555 3480 Ἰούδα
3604 3429 3629 3479 ὁ
3697 3431 3870 3500 Κύριος

2264 3516 2614 3571 ἀνατέταλκεν.
2683 3517 2873 3571 Ἔσται
2938 3513 3016 3586 δὲ,
3076 3519 3158 3569 ὅτε
3230 3519 3506 3589 φθονηθεὶς
3589 3517 3695 3569 ύπὸ
3779 3523 3871 3569 τῶν

2270 3603 2458 3678 ἀδελφν
2499 3605 2571 3668 εἰς
2638 3606 2902 3678 Αἴγυπτον
2933 3605 3312 3677 καταϐήσεται,
3365 3612 3454 3659 καὶ
3513 3608 3580 3658 τὰ
3634 3608 3872 3659 σκοτεινὰ

2253 3704 2354 3749 τοῦ
2374 3691 2446 3767 ᾆδ
2449 3715 2507 3748 ου
2537 3693 2800 3769 βασίλεια.

2332 3784 2463 3839 MA'.
2511 3787 2587 3837 Ού
2628 3790 2731 3858 μὴν
2787 3783 2913 3838 ἀλλά
2965 3790 3055 3837 καὶ
3116 3790 3210 3843 τὴν
3264 3789 3461 3844 σκηνὴν
3536 3784 3738 3846 ἐκείνην
3780 3790 3866 3843 τήν

2261 3880 2636 3948 μεταφόρητον,
2688 3875 2747 3934 ἧς
2803 3869 3191 3950 ἀρχιδομὴτωρ
3253 3872 3517 3944 Βεσελεὴλ,
3584 3880 3690 3933 τὴν
3744 3877 3874 3948 θεμε-

2262 3962 2400 4025 λίους
2421 3968 2510 4036 μεν
2542 3964 2635 4016 ούκ
2686 3967 2940 4035 ἔχουσαν,
2986 3966 3183 4026 τύπους
3230 3960 3289 4016 δε
3337 3968 3490 4036 μόνον
3535 3960 3750 4018 ἔνδοθεν
3800 3983 3878 4017 πε-

2262 4052 2592 4127 ρικλείουσαν
2639 4063 2737 4116 τῆς
2790 4052 3037 4114 ἀληθινῆς
3132 4061 3347 4123 σκηνῆς,
3443 4059 3533 4106 καὶ
3601 4052 3870 4128 ἐμψύχου,

2262 4148 2381 4215 περὶ
2433 4142 2497 4203 ἧς
2541 4148 2631 4195 xui
2683 4139 3077 4214 ἐψαλτῳδηται,
3134 4140 3193 4194 Ὀ
3240 4148 3364 4203 Θεος
3404 4141 3452 4194 ἐν
3519 4147 3671 4216 μέσῳ
3725 4142 3876 4202 αύτῆς

2263 4236 2353 4283 καὶ
2432 4231 2490 4283 ού
2576 4231 2975 4297 σαλευθήσεται,
3073 4240 3164 4292 τῆς
3258 4233 3413 4293 ὁντως
3479 4230 3713 4286 κιϐωτοῦ
3791 4239 3876 4285 τοῦ

2265 4320 2616 4393 ἀγιάσματος,
2668 4322 2692 4373 ὀ
2745 4325 2848 4393 μὴν
2905 4320 3049 4381 οὗτος
3125 4326 3219 4379 τὴν
3289 4320 3445 4384 πῆξιν
3484 4319 3756 4375 λαϐοῦσαν
3804 4340 3876 4373 τε-

2267 4410 2463 4463 θέαται.
2513 4414 2612 4461 Καὶ
2663 4410 2729 4460 τὰ
2777 4407 3011 4480 ἐγκαίνια
3058 4416 3161 4469 τοῖς
3211 4408 3563 4483 Ἰσραηλίταις
3618 4412 3671 4462 ἐν
3717 4413 3877 4479 τούτῳ

2266 4500 2743 4571 πεπανηγύρισται.
2801 4497 2952 4550 Οὕτω
3014 4503 3273 4571 μεγίστης
3350 4494 3628 4573 φροντίδος
3691 4499 3875 4562 ἠξίωτο

2269 4596 2339 4658 τῷ
2403 4593 2635 4659 Δεσπότη
2686 4595 2800 4659 Θεῷ
2852 4592 2911 4639 τό
2966 4591 3260 4660 τελούμενον
3314 4593 3540 4661 σήμερον
3604 4591 3878 4664 θεοπρεπὲς

2266 4683 2358 4730 καὶ
2405 4682 2542 4751 μέγα
2569 4683 2896 4752 μυστήριον,
2940 4682 3030 4730 xui
3081 4680 3222 4755 παρὰ
3281 4686 3433 4731 τοῦτο
3477 4679 3736 4740 ποικῦοις
3768 4697 3878 4752 τρο-

2263 4769 2587 4841 χαράγμασι
2615 4772 3015 4843 προϊστορηται.

2336 4944 2459 4999 ΜΒ’.
2534 4949 2808 5017 Πηγνυται
2847 4950 2937 4998 καὶ
2973 4953 3063 4997 νύν
3114 4953 3177 5018 τῇ
3228 4950 3387 5017 Σοφίᾳ
3430 4952 3521 4998 τοῦ
3574 4952 3714 4999 Θεοῦ
3769 4943 3879 4997 ἀθε-

2256 5137 2350 5175 mo
2373 5136 2572 5176 mense
2593 5121 2743 5175 anni
2772 5119 3041 5184 secundi,
3078 5122 3281 5190 prima
3310 5120 3407 5177 die
3434 5121 3674 5190 mensis,
3702 5120 3879 5176 coll0'

2255 5196 2465 5248 catum
2507 5199 2589 5247 est
2619 5191 3102 5249 tabernaculum.

2330 5265 2448 5336 (24)
2481 5263 2632 5319 Psal.
2665 5280 2789 5331 xw,
2820 5261 3881 5336 6.Particulamet,quaeetaVulgata

2252 5331 2494 5397 Latina,
2530 5340 2587 5389 et
2614 5349 2650 5390 a
2675 5334 2983 5390 communi
3019 5336 3217 5390 Grazca
3245 5331 3656 5391 LXX—lectione
3687 5331 3876 5397 abest,

2250 5406 2514 5475 retinent
2546 5409 2747 5462 tamen
2780 5422 2917 5462 cum
2952 5408 3251 5462 Germano
3268 5402 3560 5463 editiones
3583 5403 3802 5461 Aldina
3822 5407 3877 5458 et

2252 5476 2721 5531 Comnlutensis.

2252 5480 2394 5534 Com
2405 5477 2721 5534 nlutensis.

2319 5544 2437 5622 (24)
2469 5546 2639 5617 Copf.
2709 5544 2893 5605 Exod.
2926 5563 3021 5607 XL.
