4090 6430
345 279 451 332 725

1440 240 1525 337 ἸΝ
1562 276 2180 335 ANNUNTIATIONEM
2215 278 2277 334 Β.
2315 275 2580 336 nam.

3613 274 3721 330 726

344 400 595 474 μελίωτος
643 397 781 461 οἶκος
824 402 892 454 τά
946 423 1006 475 γε
1068 408 1136 465 είς
1210 402 1465 479 ἀνδρικὴν
1521 411 1794 480 συνεργίαν
1858 424 1925 456 κα

2057 404 2320 473 struitur,
2353 401 2744 476 eaque,quod
2761 400 2839 458 ad
2867 401 3206 459 humanam
3231 400 3721 475 cooperationem

345 493 542 563 φύσεως
599 488 928 546 ἀκολουθίαν.
1014 493 1269 546 Ἐνταῦθα
1317 498 1415 568 γὰρ
1471 497 1497 547 6
1546 497 1739 557 ἔνοικός
1833 497 1948 545 ἐστι

342 586 437 631 τοῦ
467 583 612 631 οἴκου
646 579 872 651 θεμέλιος
893 586 982 634 καὶ
1033 582 1119 635 ἐπὶ
1174 591 1248 653 τῷ
1315 581 1581 656 οἰκοδόμῳ
1637 580 1947 658 παραδόξως

343 670 370 720 6
405 664 547 731 οἶκος
573 667 903 741 ἐστήρικται.
930 668 991 723 Ἡ
1032 671 1162 730 αὕτη
1213 674 1314 747 γὰρ
1337 680 1429 725 τοῦ
1488 678 1658 745 Λόγου
1719 672 1947 725 ὖπόστα-

345 777 427 818 σις
455 762 549 810 καὶ
581 757 811 830 θεμέλιός
868 757 981 812 ἐστι
1034 768 1108 831 τῷ
1155 764 1300 834 οἴκῳ·
1353 765 1409 814 τό
1464 765 1564 835 γὰρ
1623 762 1947 837 πρόσλημμα

345 848 752 918 θεοῦπόστατον,
773 853 864 901 καὶ
913 852 1068 911 αὐτὸς
1114 850 1256 921 αὐτῷ
1312 847 1512 920 ἐνοικεῖ,
1566 852 1612 902 ἶν
1660 853 1672 873 ’
1726 853 1802 909 εἴη
1846 859 1944 903 τῶν

339 934 390 988 ἓν
418 944 493 1006 τῷ
520 935 591 988 ἐνι
620 941 838 1009 Χριστῷ
865 934 963 990 δύο
989 941 1188 1011 φύσεων
1240 943 1299 992 τὸ
1359 937 1608 1015 διάφορον
1657 936 1941 1010 πρόδηλον·

338 1022 545 1101 ἐπείπερ
577 1025 699 1078 ἄλλο
730 1030 788 1079 τό
821 1025 1048 1080 ἐνοικοῦν
1097 1048 1149 1080 τι
1201 1029 1337 1100 (‘26),
1385 1033 1475 1082 καὶ
1527 1029 1650 1082 ἄλλο
1697 1033 1757 1081 τό
1813 1033 1942 1082 ἐνοι-

336 1116 607 1187 κούμενον.
670 1117 817 1169 Κατά
866 1120 1062 1177 ταύτην
1112 1114 1200 1170 οὖν
1249 1123 1341 1177 τὴν
1402 1115 1638 1171 διάνοιαν
1700 1117 1944 1193 εἰρῆσθαι

331 1209 427 1257 καὶ
480 1206 539 1257 τὸ
596 1211 707 1266 τοῖς
760 1204 994 1279 Ψαλμοῖς
1031 1206 1388 1280 ἐμφερόμενον.
1444 1214 1608 1261 Εσται
1674 1213 1943 1282 στηριγμα

337 1291 469 1364 ἐντῇ
500 1300 565 1365 γῇ
593 1291 688 1345 ἐπ’
723 1294 895 1365 ἄκρων
953 1303 1051 1346 τῶν
1123 1297 1300 1370 ὁρέων,
1386 1295 1539 1357 αὐτός
1607 1295 1938 1361 εὑτθυϐολως,

337 1383 407 1442 ὡς
435 1378 604 1454 οἶμαι,
650 1386 888 1440 νενόηκα.
954 1388 1223 1459 Στὴριγμα
1270 1387 1372 1457 γὰρ
1427 1389 1519 1437 καὶ
1567 1387 1859 1445 ὑπόστασις
1914 1386 1941 1437 6

340 1474 632 1540 Μονογενὴς
662 1478 886 1543 γεγονὼς
924 1480 987 1546 τῇ
1040 1476 1194 1547 γηῐνῃ
1228 1478 1406 1550 σαρκὶ,
1461 1474 1524 1532 ἣν
1568 1472 1623 1525 ἐκ
1678 1482 1772 1536 τῆς
1799 1480 1939 1547 Παρ-

343 1560 487 1612 θένου
541 1560 901 1634 προσείληφεν,
959 1562 1270 1636 ὑπερύψωσε
1318 1566 1535 1633 ταύτην,
1594 1567 1683 1615 καὶ
1751 1582 1939 1638 σαρκο-

337 1652 497 1721 φόρος
523 1647 810 1723 ἐπ’ἄκρων
862 1657 963 1701 τῶν
1021 1650 1174 1725 ὀρέων
1225 1648 1524 1723 δοξάζεται,
1577 1659 1685 1714 τοῖς
1741 1671 1938 1725 χερου-

2059 497 2114 548 et
2143 492 2417 549 ordinem
2448 496 2677 547 naturas
2717 492 2963 563 spectat,
3021 505 3231 547 carens
3285 489 3715 547 fundamentis.

2059 580 2162 636 Hie
2191 581 2353 636 enim
2376 577 2743 635 inhabitator
2772 577 2901 650 ipse
2921 582 3010 633 est
3063 577 3453 636 habitationis
3506 577 3721 635 funda-

2057 673 2328 725 mentum
2363 673 2457 735 ;et
2498 665 2683 723 modo
2729 664 2910 740 plane
2956 664 3217 722 mirabili
3263 664 3485 735 domus
3536 681 3720 739 super

2056 759 2257 831 ipsum
2287 757 2715 814 aediﬁcatorem
2748 771 2929 811 suum
2967 755 3225 811 cernitur
3264 755 3535 814 fundata.
3570 756 3716 822 Quae

2056 847 2217 904 enim
2247 846 2419 903 Verbi
2450 850 2541 901 est
2569 843 2935 917 hypostasis,
3004 843 3219 900 eadem
3272 849 3330 901 et
3366 845 3579 901 domui
3623 847 3716 902 est

2054 936 2520 993 fundamentum
2552 952 2565 1002 ;
2593 932 2886 1006 quoniam
2912 933 3079 999 illud,
3108 932 3275 1007 quod
3327 938 3713 1007 assumptum

2053 1031 2161 1092 est,
2193 1027 2255 1081 in
2284 1028 2404 1081 Deo
2431 1023 2882 1080 subsistentiam
2910 1021 3116 1094 habet,
3150 1038 3220 1079 ac
3251 1025 3406 1079 Deus
3435 1021 3497 1079 in
3526 1038 3598 1079 eo
3627 1021 3714 1078 in-

2051 1100 2328 1183 habitat;
2358 1113 2512 1170 adeo
2540 1116 2603 1167 ut
2658 1110 2944 1180 duarum,
2993 1127 3129 1184 quae
3181 1112 3242 1167 in
3304 1127 3421 1167 uno
3481 1108 3711 1169 Christo

2054 1208 2213 1281 sunt,
2243 1211 2599 1259 naturarum
2638 1198 2967 1256 discrimen
3005 1199 3322 1257 manifeste
3388 1204 3707 1273 appareat:

2051 1293 2341 1367 quoniam
2368 1290 2533 1347 aliud
2554 1305 2697 1345 sane
2729 1293 2835 1357 est,
2868 1290 3034 1362 quod
3068 1289 3363 1347 inhabitat
3392 1289 3454 1346 in
3480 1288 3709 1362 aliquo,

2051 1381 2219 1438 aliud
2249 1397 2407 1450 vero,
2436 1376 2600 1453 quod
2631 1376 2999 1433 inhabitatur
3020 1377 3152 1449 (27).
3197 1379 3369 1434 Recte
3398 1378 3597 1449 igitur,
3645 1382 3712 1437 ut

2052 1471 2199 1527 mihi
2226 1470 2479 1534 videtur,
2513 1468 2574 1522 in
2605 1466 2886 1522 eamdem
2920 1467 3280 1523 sententiam
3319 1465 3436 1523 dici
3467 1471 3526 1523 et
3555 1465 3704 1523 illud

2048 1561 2179 1633 ipse
2208 1558 2436 1627 censui,
2462 1555 2629 1629 quod
2659 1555 2994 1612 continetur
3017 1555 3078 1611 in
3102 1555 3356 1612 Psalmis
3391 1572 3404 1611 :
3436 1556 3574 1612 Erit
3600 1556 3705 1625 ﬁr-

2045 1652 2407 1704 mamentum
2436 1648 2499 1700 in
2563 1650 2726 1700 terra
2755 1659 2936 1714 super
2963 1644 3210 1699 summis
3227 1644 3520 1700 montium
3559 1641 3698 1717 (30).

336 1735 508 1799 ϐικοῐς
536 1736 888 1811 ὲποχοὺμενος
942 1745 1120 1801 νώτοις
1186 1742 1495 1815 θεοπρεπῶς·
1566 1761 1633 1803 εις
1683 1742 1777 1815 όρη
1835 1743 1925 1815 γάρ

2048 1735 2393 1806 Unigenitus
2405 1733 2564 1789 enim
2586 1731 3049 1788 fundamentum
3071 1735 3127 1788 et
3142 1732 3486 1805 hypostasis
3506 1730 3701 1789 factus

334 1826 606 1897 πολλαχοῦ
659 1829 707 1879 οἱ
754 1828 965 1899 ἄγγελοι
1019 1828 1467 1903 ¹ἐκλαμϐάνονται,
1537 1838 1819 1903 Τετραχῶς
1878 1825 1940 1883 δέ

329 1933 457 1967 ποτε
486 1921 579 1966 τοῦ
607 1911 975 1989 δωδεκαφύλου
1012 1926 1111 1969 τῶν
1151 1919 1162 1937 ’
1187 1915 1441 1972 ἰουδαίων
1496 1918 1750 1979 εὐτάκτως
1799 1915 1834 1971 δ
1839 1939 1937 1972 ιαι-

329 2004 586 2076 ρεθέντος,
617 2009 708 2057 καὶ
757 2010 1156 2080 προηγουμένης
1210 2006 1328 2079 (‘28)
1380 2015 1475 2069 τῆς
1527 2007 1774 2072 κιϐωτοῦ,
1828 2009 1933 2060 ἓτε-

330 2091 502 2164 ρονέκ
552 2095 731 2145 τούτου
789 2100 1079 2170 μυστήριον
1136 2102 1573 2170 προεσημαίνετο.
1632 2098 1701 2158 ὠς
1756 2105 1818 2170 τῇ
1878 2100 1934 2149 ἐκ

330 2183 607 2252 πανάγνων
634 2185 959 2258 παρθενικῶν
1043 2184 1273 2257 αἱμάτων
1341 2188 1709 2258 θεοῡποστάτῳ
1765 2194 1928 2260 σκηνῇ

333 2270 613 2342 κάμψουσι
632 2275 758 2344 γόνυ
787 2275 854 2324 τά
885 2273 1121 2345 οὐράνια,
1154 2279 1243 2326 καὶ
1282 2276 1330 2326 οἱ
1380 2274 1463 2327 ἐπὶ
1519 2283 1612 2347 γῆς
1670 2274 1933 2348 ἄνθρωποι

333 2359 399 2420 εἰς
452 2359 677 2421 Ελληνας
718 2381 808 2413 και
860 2358 1154 2425 Ἰουδαίους
1221 2359 1530 2436 διῃρημένοι
1615 2365 1747 2434 (29),
1841 2369 1931 2417 καὶ

334 2449 467 2501 αὐτὰ
493 2445 667 2507 δήπου
698 2453 764 2502 τά
787 2454 1119 2523 καταχθόνια

2046 1824 2303 1882 terrestri
2333 1822 2518 1887 carni,
2541 1836 2729 1893 quam
2755 1838 2826 1877 ex
2851 1820 3088 1892 Virgine
3142 1819 3491 1894 assumpsit,
3539 1819 3699 1877 hanc

2046 1914 2357 1977 exaltavit;
2381 1915 2436 1968 et
2451 1911 2785 1966 humanam
2803 1925 3018 1980 gerens
3036 1925 3301 1977 carnem,
3334 1908 3701 1979 gloriﬁcatur

2046 2020 2230 2077 super
2253 2000 2509 2058 summis
2541 1998 2860 2067 montium,
2879 1999 3214 2056 cherubicis
3241 1998 3483 2069 scilicet,
3520 2000 3702 2073 prout

2047 2095 2233 2149 Deum
2272 2092 2461 2159 decet,
2490 2091 2759 2148 invectus
2813 2089 3104 2156 humeris,
3137 2104 3276 2144 eum
3333 2086 3533 2159 angeli
3588 2087 3701 2144 fre-

2041 2186 2294 2254 quenter
2309 2184 2605 2239 montium
2624 2178 2869 2237 nomine
2888 2176 3276 2250 accipiantur.
3300 2177 3413 2233 Sed
3438 2180 3495 2233 et
3536 2176 3701 2234 aliud

2043 2271 2397 2344 mysterium
2428 2272 2488 2327 in
2519 2289 2587 2328 eo
2617 2267 3121 2345 prmsignahatur,
3156 2265 3323 2339 quod
3371 2264 3701 2339 aliquando

2041 2360 2366 2417 duodecim
2394 2360 2742 2417 Iudaeorum
2766 2355 2956 2413 tribus
2985 2354 3242 2429 pulchro
3288 2354 3500 2411 ordine
3549 2369 3701 2428 qua-

2041 2450 2350 2507 drifariam
2416 2450 2750 2507 distributae
2796 2447 2945 2515 sint;
2988 2460 3130 2501 arca
3184 2459 3326 2501 vero
3409 2442 3705 2517 praecede-

330 2542 423 2594 ret
450 2538 591 2610 (3i);
624 2540 1106 2612 praesignabatur
1130 2557 1349 2615 nempe
1378 2542 1668 2605 futurum.
1710 2548 1775 2599 ut
1798 2540 2210 2608 tabernaculo,
2238 2556 2312 2596 ex
2338 2540 2665 2612 purissimo
2691 2536 2985 2606 sanguine
3021 2534 3273 2605 Virginis
3326 2533 3625 2592 aediﬁcato
3650 2538 3708 2591 et

327 2626 391 2682 in
426 2628 544 2682 Deo
575 2626 1027 2685 subsistentiam
1053 2630 1333 2699 habente,
1362 2635 1487 2686 tum
1519 2631 1849 2686 caelestium
1888 2636 2014 2686 tum
2049 2628 2435 2699 terrestrium,
2460 2628 2778 2684 hominum
2792 2622 3155 2697 nempe,qui
3182 2622 3707 2694 distinguebantur

331 2715 396 2768 in
428 2715 669 2771 Judteos
710 2721 766 2772 et
807 2720 1063 2784 Graecos,
1103 2723 1158 2774 et
1197 2718 1469 2792 ipsorum
1500 2720 1706 2791 utique
1734 2719 2064 2775 inferorum
2111 2733 2310 2790 genua
2347 2716 2742 2772 ﬂecterentur.

401 2805 516 2858 ΜΓ.
565 2806 689 2866 Αλις
731 2805 910 2858 λοιπόν
960 2816 1059 2859 τῶν
1115 2805 1356 2859 σκιωδὼν
1387 2805 1788 2881 ὑποδειγμάτων
1846 2813 1937 2859 καὶ

331 2902 584 2945 τυπικῶν·
642 2894 752 2955 α’λις
817 2903 918 2947 τῶν
984 2892 1267 2949 Δαυῖδείων
1324 2892 1760 2969 ψαλτῳδημάτων
1845 2900 1937 2948 καὶ

330 2989 436 3032 τῶν
480 2981 856 3055 Σολομωντείων
911 2982 1183 3057 ᾀσμάτων.
1236 2986 1388 3038 Ἰτέον
1454 2992 1517 3038 ἐπ
1546 2985 1558 3006 ’
1613 2984 1780 3038 ἐκεῖνα
1830 3006 1934 3038 τοι-

324 3073 452 3146 γὰρ,
523 3070 556 3123 ἃ
625 3071 797 3124 πολλοὶ
878 3082 1143 3145 προφῆται
1212 3078 1302 3126 καὶ
1387 3072 1624 3147 βασιλεῖς
1681 3073 1935 3148 ἐπεθύμη-

325 3180 426 3213 σαν
453 3158 603 3226 ἰδεῐν,
627 3162 718 3215 καί
746 3162 839 3216 οὐκ
871 3159 1031 3217 εἶδον.
1376 3174 1382 3179 ’

397 3428 409 3447 ’
442 3436 485 3481 Ο
537 3431 920 3502 παριστάμενος
981 3431 1085 3482 ἀνω
1133 3433 1264 3503 μετά
1322 3428 1475 3492 δέους
1520 3441 1594 3503 τῷ
1644 3436 1933 3506 παντοκρά-

323 3536 443 3593 τορι
506 3524 721 3590 γυναικὶ
802 3524 1125 3593 παρίσταται
1198 3525 1423 3593 σήμερον
1502 3523 1631 3593 μετὰ
1685 3521 1930 3584 πλείστης

318 3616 415 3668 τῆς
446 3606 713 3668 εὐλαϐείας
762 3611 893 3680 πρὸς
947 3611 1144 3669 ταύτης
1196 3609 1221 3659 6
1270 3614 1594 3683 πυρίμορφος
1642 3609 1930 3686 ἀνταστρά-

314 3716 525 3749 πτεται·
579 3697 604 3747 6
658 3695 815 3758 οῖϋλος
866 3702 959 3755 τὴν
1038 3696 1208 3748 ἔνυλον
1273 3694 1501 3750 δέδοικε·
1574 3704 1849 3771 Ζαχαρίας
1901 3703 1927 3753 6

314 3783 601 3858 ἀρχιερεὺς
648 3788 726 3838 ἔτι
767 3794 859 3846 τῆς
911 3784 1224 3859 ἀμφιϐολίας
1272 3785 1509 3859 ἐπιτίμια
1549 3796 1790 3861 καρτερεῖ
1832 3795 1926 3848 τὴν

312 3872 564 3946 ἀφωνίαν⁹
644 3880 739 3934 τὴν
788 3881 1067 3948 κώφευσιν.
1130 3872 1261 3928 Οἱδε
1311 3885 1463 3928 τοῦτο
1511 3879 1541 3935 ἡ
1592 3880 1843 3950 Παρθένος
1889 3882 1919 3938 ἡ

316 3969 593 4034 συγγενὴς,
623 3968 709 4016 xui
738 3961 933 4034 εἰδυῖα,
967 3965 1105 4036 ὅμως
1152 3962 1401 4037 ἀντιλέγει
1454 3976 1535 4037 πῲ
1586 3966 1917 4041 ἀρχαγγέλῳ.

323 4058 441 4112 Πῶς
493 4054 640 4105 ἔσται
705 4074 796 4126 μοι
866 4063 1039 4124 τοῦτο,
1117 4053 1227 4107 ἐπει
1292 4052 1461 4129 ἀνδρα
1518 4055 1577 4107 οὐ
1654 4064 1916 4128 γινωσκω;

309 4148 354 4193 Ο
414 4137 472 4194 δὲ
535 4144 629 4195 οὐκ
681 4142 911 4216 ἐπιτιμᾷ,
977 4140 1104 4196 ἀλλά
1163 4147 1220 4196 τὸ
1275 4142 1742 4218 ἀμφισϐητήσιμον
1802 4144 1917 4200 δια-

301 4230 433 4299 λύει,
468 4232 580 4304 μεθ’
609 4234 724 4295 οἰας
772 4233 831 4284 οἷν
876 4253 955 4293 τις
1014 4238 1139 4304 φαίη
1207 4228 1453 4294 δουλικῆς
1502 4235 1781 4297 συστολῆς⁸
1839 4237 1915 4288 Οὔ

299 4323 405 4395 γὰρ
438 4326 599 4393 μόνου
623 4332 714 4373 του
758 4319 1044 4397 ἀρχιερέως
1095 4322 1309 4395 μείζονα
1365 4328 1558 4381 ταυτην
1614 4323 1911 4395 ἐγίνωσκεν,

300 4408 442 4482 ἀλλά
481 4416 572 4461 καὶ
628 4418 720 4462 τοῦ
785 4409 833 4462 ἐν
872 4420 976 4471 τοῖς
1039 4410 1206 4481 ἁγίοις
1263 4420 1363 4462 τῶν
1407 4412 1567 4482 ἀγίων
1604 4414 1910 4489 ἱλαστηρίου

298 4499 422 4551 ἔνθα
472 4501 498 4550 6
551 4497 827 4572 ἀρχιερεὺς
876 4502 1072 4571 θυμιῶν
1116 4506 1422 4573 πεπήρωται
1451 4505 1516 4554 τὰ
1564 4503 1908 4580 αἰσθητήρια,

299 4589 386 4640 ἶνα
429 4593 502 4661 μὴ
554 4593 681 4661 πρὸς
738 4592 801 4640 τά
849 4592 964 4641 κατ’
1016 4590 1268 4647 αἴσθησιν
1329 4592 1464 4662 ἔχων
1516 4595 1601 4644 τὸν
1640 4601 1756 4644 νουν
1802 4602 1909 4656 τοῖς

296 4678 427 4749 ὑπὲρ
484 4676 782 4748 κατάληψιν
832 4684 1054 4750 απιττῃ.
1114 4684 1155 4730 Η
1222 4675 1281 4731 δε
1342 4682 1604 4754 Παρθένος
1664 4683 1730 4733 τὰ
1809 4683 1908 4735 ὑπὸ

292 4770 392 4824 τὴν
452 4769 704 4826 αἴσθησιν
758 4764 1113 4825 διαϐεϐηκότα
1167 4765 1280 4838 εἶχε
1322 4772 1408 4820 τόν
1455 4778 1593 4835 νουν,
1626 4775 1711 4822 καὶ
1781 4773 1911 4843 μετὰ

290 4864 398 4907 τῶν
427 4855 596 4907 ἀῦλων
648 4862 775 4907 νόων
827 4864 940 4927 Θεῷ
984 4858 1390 4931 παριστάμενον.
1443 4854 1573 4910 Οἵδε
1622 4855 1770 4911 τοῦτο
1818 4866 1907 4913 καὶ

366 5032 481 5096 (26)
512 5031 654 5088 Cod.
681 5034 981 5084 ἓνοικοῦντι.

364 5102 484 5175 (27)
506 5102 756 5159 Adverte
779 5103 1109 5175 discrimen,
1125 5103 1537 5159 Nestorianam
1561 5104 1712 5160 inter
1733 5108 1790 5160 et
1811 5123 1904 5162 ea-

290 5173 577 5247 tholieam
595 5178 974 5247 sententiam.
997 5174 1273 5247 Utrisque
1288 5176 1470 5247 enim,
1493 5175 1805 5232 Catholieis
1833 5195 1902 5233 ac

288 5245 679 5313 Nestorianis,
714 5245 1002 5301 familiare
1028 5245 1139 5300 fuit
1167 5245 1324 5300 hanc
1353 5245 1679 5316 imaginem
1734 5264 1901 5304 usur—

292 5332 457 5399 pare.
480 5322 537 5399 et
560 5317 629 5399 in
654 5318 889 5399 Christo
915 5316 1613 5399 Domino_habitaeulum
1648 5318 1826 5399 simul
1848 5326 1904 5375 et

290 5387 734 5444 inhabitantem
757 5389 1047 5443 contueri.
1076 5393 1147 5443 At
1172 5389 1518 5453 Nestoriani,
1538 5390 1685 5445 dum
1713 5391 1773 5445 in
1796 5391 1901 5446 ha-

292 5459 562 5515 bitaculo
619 5470 676 5515 et
726 5459 1036 5515 habitante
1086 5460 1273 5515 altum
1334 5465 1389 5516 et
1433 5462 1624 5518 alium
1676 5461 1899 5528 vident,

295 5530 454 5603 duas
481 5531 542 5603 in
569 5531 798 5603 Christo
828 5546 1116 5602 personas
1140 5529 1323 5603 impie
1345 5531 1724 5602 distinguunt
1756 5550 1768 5588 :
1803 5534 1903 5590 Ca-

295 5600 501 5658 tholici
539 5618 683 5659 vero
712 5600 861 5659 dum
900 5617 1063 5673 mere
1092 5600 1266 5658 aliud
1296 5608 1348 5659 et
1380 5600 1556 5661 aliud
1578 5603 1786 5661 dicunt
1813 5605 1901 5661 in-

2118 2805 2298 2860 XLlII.
2351 2808 2632 2862 Caeterum
2702 2802 2830 2875 jam
2886 2801 3031 2857 satis
3088 2799 3505 2872 symbolorum
3556 2804 3706 2874 typo

2041 2911 2299 2968 rumque
2330 2890 2899 2951 adumbrationibus
2924 2889 3362 2964 persequendis
3401 2890 3731 2948 immorati-

2044 3001 2256 3039 sumus
2288 3003 2306 3049 ;
2338 2983 2481 3040 satis
2499 2999 2569 3039 ex
2597 2979 3027 3054 multiplicibus
3046 2978 3350 3051 variisque
3381 2979 3704 3052 propheta-

2042 3090 2176 3130 rum
2208 3073 2466 3129 oraculis
2501 3070 2832 3128 attulimus.
2904 3068 3054 3127 Satis
3099 3066 3522 3125 Davidieorum
3550 3069 3707 3142 psal-

2045 3179 2307 3231 morum,
2330 3167 2387 3218 et
2410 3161 2748 3220 Salomonis
2765 3160 3136 3217 canticorum
3159 3157 3580 3215 delibavimus.
3615 3158 3707 3216 Ad

2044 3252 2144 3308 illa
2172 3257 2374 3325 itaque
2405 3250 2801 3324 pergendum,
2830 3265 2966 3322 quae
2986 3248 3167 3304 multi
3192 3247 3502 3317 propheta:
3531 3253 3586 3304 et
3614 3262 3706 3305 re-

2043 3358 2143 3413 ges
2175 3342 2529 3412 cupiverunt
2557 3339 2779 3405 videre,
2812 3344 3007 3395 etnon
3040 3337 3324 3394 viderunt
3361 3338 3498 3409 (32).

2118 3430 2212 3486 Ille
2246 3430 2351 3502 qui
2392 3429 2451 3485 in
2482 3429 2647 3485 caelis
2672 3444 2810 3484 eum
2831 3428 3043 3483 timore
3083 3429 3238 3482 astat
3257 3440 3462 3482 coram
3506 3426 3708 3483 Omni-

2041 3521 2301 3590 potente,
2332 3519 2600 3573 maxima
2647 3532 2785 3571 cum
2816 3513 3148 3570 reverentia
3197 3512 3379 3569 hodie
3401 3516 3556 3570 astat
3609 3529 3706 3570 eo-

2039 3623 2169 3663 ram
2202 3606 2450 3662 muliere
2481 3621 2493 3671 ;
2527 3605 2605 3661 ab
2624 3605 2807 3676 hujus
2838 3602 3176 3675 splendore,
3214 3605 3346 3657 utut
3369 3601 3547 3672 ignea
3574 3602 3702 3674 ipse

2040 3696 2273 3768 fulgens
2300 3695 2515 3762 forma,
2539 3692 2878 3767 percellitur
2900 3711 2913 3753 :
2943 3690 3207 3748 materiae
3219 3706 3433 3763 expers
3452 3707 3702 3764 corpore

2037 3791 2413 3841 constantem
2444 3788 2697 3840 veretur.
2733 3782 3017 3840 Summus
3047 3779 3329 3838 sacerdos
3384 3781 3700 3839 Zacharias

2035 3875 2234 3931 adhuc
2263 3874 2610 3930 difﬁdentia;
2642 3890 2764 3929 suae
2787 3887 3034 3946 poenam
3059 3874 3280 3942 mutus,
3307 3869 3562 3941 elinguis
3589 3871 3698 3929 luit

2033 3967 2157 4021 Non
2199 3964 2389 4020 nescit
2418 3963 2477 4019 id
2506 3968 2764 4032 cognata
2783 3962 2967 4029 Virgo
3004 3979 3017 4030 ;
3050 3975 3310 4032 eumque
3338 3960 3397 4015 id
3437 3961 3692 4029 noverit,

2031 4051 2393 4121 arehangelo
2412 4049 2775 4109 tamenillud
2796 4049 3000 4120 objicit
3029 4068 3041 4105 :
3075 4049 3375 4117 Quomodo
3395 4049 3515 4106 erit
3543 4050 3697 4106 mihi

2027 4142 2207 4212 istud,
2234 4144 2517 4212 quoniam
2544 4141 2741 4196 virum
2774 4155 2895 4194 non
2927 4153 3213 4209 cognosco
3243 4139 3353 4207 (33)
3378 4139 3407 4193 ?
3444 4140 3555 4196 Ast
3590 4139 3688 4196 hic

2026 4247 2148 4286 non
2179 4246 2425 4303 prenam
2440 4231 2710 4296 intentat,
2741 4228 2849 4284 sed
2878 4244 3017 4283 eum
3048 4243 3120 4283 ea
3136 4226 3521 4298 demissione,
3564 4243 3689 4301 qua

2025 4321 2297 4377 servulus
2314 4324 2587 4387 uteretur,
2610 4319 2982 4392 propositam
3014 4317 3453 4375 dubitationem
3484 4317 3682 4376 solvit.

2028 4414 2190 4468 Hane
2219 4411 2448 4483 quippe
2478 4415 2730 4465 noverat
2754 4423 2878 4464 non
2902 4407 3085 4464 modo
3110 4422 3354 4463 summo
3385 4407 3684 4466 sacerdoti

1948 4482 1992 4534 D
2022 4482 2380 4575 praecellere,
2414 4501 2519 4556 sed
2549 4500 2644 4555 vel
2665 4497 3054 4572 ipsi,quodin
3068 4498 3300 4555 Sanctis
3332 4504 3681 4557 sanctorum

2021 4592 2262 4661 latebat,
2278 4589 2707 4662 propitiatorio,
2724 4588 2829 4643 ubi
2850 4586 3154 4652 sacerdos,
3168 4587 3317 4643 dum
3340 4587 3681 4661 thymiama

2020 4679 2537 4748 adoleret,exstasi
2559 4696 2595 4735 a
2616 4677 2891 4734 sensibus
2917 4676 3251 4735 abstractus
3281 4682 3388 4745 est,
3413 4692 3488 4734 ne
3518 4679 3677 4736 scili-

2019 4775 2110 4826 cet
2139 4768 2523 4826 sensibilibus
2546 4773 2810 4824 mentem
2850 4767 3170 4838 adhibens,
3203 4766 3281 4824 ab
3317 4767 3391 4823 iis
3432 4769 3680 4828 creden-

2017 4860 2133 4930 dis,
2166 4874 2301 4931 quae
2331 4857 2547 4913 mentis
2576 4861 2821 4930 captum
2873 4861 3248 4928 superarent,
3297 4864 3671 4916 avocaretur.

2014 5036 2416 5093 habitatorem
2448 5038 2503 5090 et
2554 5033 2993 5099 habitaculum,
3044 5032 3198 5089 duas
3226 5036 3499 5102 naturas,
3552 5051 3672 5092 ser-

2013 5113 2154 5164 vata
2188 5122 2465 5178 personae
2495 5108 2743 5172 unitate,
2776 5104 3149 5178 proﬁtentur.

2087 5173 2205 5251 (28f
2249 5177 2392 5234 Cod.
2477 5173 2891 5251 προηγουμένου,
2978 5175 3084 5232 sed
3160 5173 3668 5251 mendose,_nam

2013 5249 2214 5319 (Num.
2248 5266 2301 5317 x,
2336 5253 2424 5320 35)
2459 5249 2763 5320 Scriptura
2794 5252 3060 5311 testatur,
3122 5261 3326 5303 aream
3363 5249 3669 5320 praaivisse

2112 5267 2214 5333 un.
2248 5266 2301 5317 x,
2336 5254 2430 5372 εἰδὲ
2459 5254 2732 5333 Scriptum

2112 5320 2366 5393 '29)C0d_.
2437 5339 2732 5393 ιῃρημενον.

2109 5393 2197 5456 30)
2225 5390 2375 5447 Psal.
2406 5390 2546 5456 ιω,
2564 5390 2662 5446 ⁷16.

2085 5465 2198 5528 (31)
2225 5465 2398 5520 Num.
2432 5478 2489 5528 χ,
2521 5466 2611 5519 33.

2085 5529 2199 5601 (32)
2229 5536 2366 5590 Luc.
2403 5551 2455 5600 x,
2486 5536 2575 5588 24.

2091 5607 2207 5677 (33)
2239 5607 2375 5661 Luc.
2402 5624 2442 5678 ι,
2478 5607 2566 5662 34.
