4090 6422
237 332 348 391 729

311 459 411 516 Kal
467 449 689 528 δύναμις
726 455 820 505 τοῦ
882 449 1138 524 Ὑψίστου
1214 447 1517 504 ἐπισκιάσει
1548 466 1634 503 σοι
1665 468 1680 482 ο
1738 449 1850 509 ἣτις
1883 449 1934 504 Α

236 549 383 605 ἰστὶν
412 545 439 600 ό
463 550 557 600 τοῦ
574 541 828 615 Ὑψίστου
858 542 1000 605 Υἱός·
1034 534 1205 596 Δαυὶδ
1238 559 1251 574 ·
1280 541 1372 614 μὶν
1405 534 1494 593 οὖν
1519 539 1545 591 ό
1600 536 1853 612 βασιλεὺς

238 632 538 705 Ἰουδαίων,
586 638 718 699 Ποῦ,
804 635 956 706 φησὶ,
1001 630 1239 706 πορευθῶ
1291 626 1393 683 ἀπὸ
1459 623 1550 682 τοῦ
1618 629 1851 701 Πνεῦμα-

238 728 332 790 τὸς
384 743 502 790 σου,
569 725 661 776 καὶ
711 719 813 774 ἀπὸ
870 726 964 775 τοῦ
1018 723 1304 795 προσώπου
1356 736 1452 771 σου
1507 723 1610 771 ποῦ
1656 719 1850 790 φύγω;

242 816 372 890 πρὸς
426 814 516 868 τὸν
586 814 793 888 Πατέρα
850 813 939 864 τὸν
995 808 1147 882 λόγον
1192 809 1518 881 ποιούμενος,
1583 805 1645 860 οὗ
1689 810 1856 880 πρόσ-

244 924 386 958 ωπον
434 903 461 955 6
512 903 656 973 Υἱός,
698 904 790 954 καὶ⁸
835 897 1232 976 ἀπαράλλακτος
1282 900 1565 973 χαρακτήρ
1617 917 1631 931 ο
1675 898 1702 951 ὁ
1749 898 1851 973 γὰρ

245 992 494 1066 ἑωρακὼς
521 992 608 1043 τόν
645 991 766 1044 Υὶόν
795 988 988 1064 ἑώρακε
1031 989 1119 1040 τὸν
1170 989 1380 1061 Πατέρα
1426 1007 1440 1022 ο
1499 988 1591 1039 καὶ
1652 987 1855 1048 τούτοις

243 1086 355 1143 τοίς
422 1079 601 1153 λόγοις
648 1081 709 1133 τό
759 1084 856 1139 τῆς
928 1071 1155 1153 Τριάδος
1245 1073 1470 1148 ἄκφαίνει
1537 1080 1850 1152 μυστήριον.

244 1170 559 1245 Ἀνθρωπος
634 1164 694 1223 δε
758 1167 846 1237 ὢν,
909 1171 1000 1220 καὶ
1071 1169 1316 1240 στραφεὶς
1374 1165 1445 1229 εἰς
1499 1165 1854 1241 ταλαιπωρίαν

245 1259 298 1314 ἕν
371 1268 446 1332 τῷ
505 1258 805 1332 ἐμπαγῆναι
885 1258 1055 1329 τούτῳ
1111 1264 1201 1317 τῆς
1256 1255 1511 1329 ἁμαρτίας
1558 1259 1652 1316 τὴν
1698 1257 1854 1308 οἶκαν-

247 1351 366 1417 θαν,
425 1346 739 1422 φοϐούμενος
799 1349 895 1404 τὴν
944 1349 1263 1405 Δεσποτικήν
1330 1343 1669 1416 ἕπεξέλευσιν,
1721 1341 1853 1421 δρα-

248 1441 383 1513 σμόν
412 1436 595 1513 μελετᾴ
627 1458 640 1471 ·
679 1440 771 1490 καὶ
799 1434 1114 1497 ὑποσκάζων
1152 1437 1228 1488 ἔτι
1255 1436 1342 1488 τόν
1378 1430 1523 1489 πόδα
1565 1442 1629 1509 τῇ
1674 1434 1849 1509 πληγῇ

244 1534 342 1590 τῆς
392 1525 640 1596 ἀκάνθης,
703 1524 906 1600 ἀπορεῖ,
959 1531 1062 1579 ποῦ
1118 1524 1234 1578 ποτ’
1297 1522 1357 1576 ἂν
1403 1527 1493 1577 καὶ
1555 1520 1854 1599 ἀποδράσοι

244 1619 452 1671 καὶτὸν
507 1614 760 1673 ἀλάθητον
822 1612 1041 1672 λήσεται
1095 1611 1378 1686 ὀφθαλμόν.
1430 1611 1490 1665 Ὀ
1687 1607 1855 1666 Δαυῖδ

243 1712 418 1760 ταῦτα
484 1725 497 1740 ο
550 1706 581 1764 ἠ
645 1700 697 1759 δ’
751 1701 807 1757 ἐκ
852 1699 1022 1758 Δαυῖδ
1076 1704 1337 1776 Παρθένος
1382 1709 1856 1776 μυσταγωγοῦντος

242 1801 338 1848 τοῦ
385 1793 743 1870 ἀρχαγγέλου,
802 1796 861 1847 τὸ
919 1793 1285 1866 ὑπερουράνιον
1328 1793 1552 1866 μάθημα
1601 1791 1854 1866 ἕκμανθά-
1890 1806 1932 1862 Β

244 1904 322 1939 νει
349 1892 443 1946 τῆς
490 1889 617 1957 μιᾶς
654 1886 703 1937 εν
738 1878 935 1958 Τριάδι
985 1883 1245 1952 θεότητος,
1305 1888 1515 1956 Πνεῦμα
1563 1881 1709 1955 ἅγιον
1764 1886 1856 1936 καὶ

248 1971 476 2047 δύναμιν
504 1980 599 2026 τοῦ
625 1972 899 2044 Ὑψίστου,
955 1970 1010 2036 ἐξ
1064 1968 1263 2034 οὗτινος
1312 1970 1563 2043 Ὑψίστου
1615 1974 1646 2031 ἡ
1699 1968 1855 2025 δῦνα-

245 2083 340 2137 μις
361 2066 455 2116 καὶ
483 2065 543 2115 τὸ
578 2068 789 2134 Πνεῦμα
832 2064 892 2114 τὸ
957 2060 1106 2132 ἅγιον
1157 2065 1482 2135 προαιωνίως
1525 2062 1851 2120 ὑπέστησαν.

246 2151 391 2211 Πλὴν
438 2151 572 2224 οὐχὶ
622 2147 864 2225 δρασμόν
920 2146 1207 2203 διανοεῖται
1249 2154 1340 2203 καὶ
1397 2150 1525 2209 αὕτη
1552 2172 1565 2185 ·
1611 2149 1740 2203 ἀλλά
1801 2155 1854 2204 τί

248 2262 380 2317 φησι
429 2246 565 2318 πρὸς
623 2244 712 2295 τόν
770 2244 1039 2314 μηνυτήν;
1102 2236 1242 2294 Ἰδοὺ
1302 2242 1334 2300 ἡ
1404 2237 1564 2301 δούλη
1635 2248 1851 2318 Κυριου,

243 2336 441 2406 γένοιτό
522 2350 615 2405 μοι
679 2332 815 2384 κατά
842 2334 901 2384 τό
929 2331 1076 2406 ῥῆμά
1116 2349 1231 2388 σου.
1288 2329 1401 2388 Οὐκ
1459 2330 1649 2404 ἀγνοῶ,
1698 2335 1850 2404 φησὶ,

243 2426 340 2482 τὴν
412 2421 576 2475 πάλαι
633 2422 1033 2495 προωρισμένην
1109 2419 1194 2473 ἐπὶ
1243 2428 1340 2492 γῆς
1410 2419 1704 2475 κατάϐασιν
1761 2427 1853 2474 τοῦ

246 2518 402 2567 Θεοῦ.
431 2513 499 2563 Οἱ
525 2512 626 2585 γὰρ
675 2517 965 2585 προφῆται,
1014 2508 1195 2582 χεῖλος
1241 2511 1416 2585 ὥσπερ
1470 2510 1520 2563 ἓν
1566 2515 1851 2583 γεγονότες,

242 2604 334 2656 τὸν
380 2604 553 2673 Λόγον
590 2606 684 2653 τοῦ
749 2606 883 2653 Θεοῦ
928 2598 1124 2672 μέλλειν
1181 2598 1237 2653 ἕκ
1286 2604 1536 2673 γυναικὸς
1582 2608 1858 2676 σεσαρκῶ-

250 2693 376 2746 σθαι
422 2690 760 2766 πολυτρόπως
788 2689 1042 2766 ἐκήρυξαν
1075 2712 1088 2725 ο
1119 2695 1210 2745 καὶ
1263 2696 1442 2767 χαίρω
1495 2700 1559 2765 τῇ
1620 2695 1857 2766 σωτηρίᾳ

244 2790 349 2837 τῶν
378 2783 658 2853 ὁμογενῶν,
698 2784 788 2833 καὶ
836 2788 1117 2852 προσκυνῶ
1170 2783 1256 2833 τὸν
1312 2779 1587 2853 Ὕψιστον,
1639 2785 1728 2834 τόν
1762 2777 1857 2835 διὰ

249 2879 352 2934 τῆς
402 2869 525 2944 ἐμῆς
578 2875 935 2931 ταπεινώσεως
992 2865 1359 2929 εὐδοκήσαντοι
1426 2874 1520 2930 τὴν
1583 2872 1855 2944 φθονηθεῖ-

256 2979 360 3014 σαν
391 2962 542 3033 φύσιν
573 2958 797 3032 ἀφθόνου
848 2978 1073 3035 χάριτος
1121 2959 1465 3031 καταξιῶσαι,
1507 2964 1598 3013 καὶ
1649 2964 1855 3034 μεσῖτίν

256 3068 326 3124 με
357 3045 526 3112 δεῖξαι
558 3056 652 3112 τῆς
673 3054 764 3102 τοῦ
789 3053 990 3122 κόσμου
1020 3053 1281 3124 σωτηρίας
1307 3052 1398 3102 καί
1429 3050 1677 3112 θεὼσεως.

324 3244 460 3312 Μ’ςί.
503 3245 636 3318 Ἐγὼ
695 3241 747 3299 δ’
796 3242 903 3297 ἀλλ’
933 3243 1156 3298 ἐνταῦθα
1216 3252 1307 3299 τοῦ
1363 3244 1518 3318 λόγου
1570 3249 1855 3320 γενόμενος,

254 3341 348 3389 καὶ
404 3335 491 3388 ὑπ’
569 3333 857 3398 ἐκπλήξεως
899 3336 1076 3397 ἔνθους
1129 3339 1462 3409 γεγενημένος
1539 3332 1856 3411 διαπρύσιον

252 3425 533 3500 ἀνακράζω
593 3445 606 3459 υ
643 3423 728 3486 Ὠς
789 3423 1105 3498 ἑμεγαλύνθη
1172 3427 1239 3478 τά
1296 3427 1423 3498 ῆογα
1480 3445 1605 3492 σου,
1656 3428 1855 3499 Κύριε·

252 3512 464 3589 σφόδρα
534 3511 893 3572 ἒϐαθύνθησαν
994 3515 1044 3566 οἱ
1124 3509 1468 3588 διαλογισμοί
1538 3533 1654 3570 σου.
1701 3515 1857 3591 Ἀνὴρ

248 3606 448 3679 ἄφρων,
489 3600 769 3673 Ἰουδαῖος,
838 3603 897 3657 οὗ
958 3608 1235 3676 γνώσεται,
1289 3608 1377 3655 καὶ
1442 3601 1702 3672 ἀσύνετος,
1761 3611 1859 3657 Νε-

251 3697 477 3769 στόριος,
561 3693 623 3745 οὗ
700 3697 916 3752 συνήσει
1006 3699 1194 3747 ταῦτα.
1267 3697 1367 3746 Καὶ
1423 3696 1579 3756 ὄντως
1653 3696 1713 3746 τὸ
1768 3700 1860 3755 τῆς

248 3781 689 3858 ἕνανθρωπήσεως
723 3790 813 3836 τοῦ
852 3789 986 3837 Θεοῦ
1026 3785 1198 3855 Λόγου
1235 3787 1525 3858 μυστήριον
1589 3786 1689 3859 πρὸ
1764 3790 1860 3845 τῆς

248 3871 544 3935 καταϐολῆς
604 3880 698 3926 τοῦ
737 3876 940 3946 κόσμου
981 3878 1308 3948 προώρισται

248 3982 370 4015 νακι
410 3960 570 4034 ἀῦλῳ,
610 3967 683 4033 τῷ
725 3964 847 4033 θείῳ
907 3960 1328 4038 ἀρχιστρατήγῳ
1368 3958 1464 4014 διὰ
1498 3968 1590 4014 τοῦ
1632 3963 1863 4035 Πνεῦμα-

246 4071 335 4114 τος
360 4052 856 4126 προεζωγράφηται.
914 4053 983 4104 T6
1039 4051 1141 4126 γὰρ
1202 4049 1434 4125 Γαϐριὴλ
1486 4049 1539 4114 ἐξ
1587 4048 1861 4126 Ἐϐραίδος

248 4141 322 4205 εἰς
407 4136 637 4195 Ἐλλάδα
716 4144 1119 4215 μεταφερόμενον
1225 4139 1458 4212 γλῶτταν
1544 4137 1862 4214 θεανδρικῶς

247 4227 665 4306 διερμηνεύεται,
763 4229 904 4282 τοῦτ’
997 4232 1137 4283 ἔστιν
1230 4229 1445 4302 ἄγγελος
1533 4226 1858 4305 θεανδρικός.

247 4322 359 4374 Λιά
412 4326 568 4372 τοῦτο
621 4322 710 4371 καὶ
756 4318 984 4394 πρέσϐυς
1043 4319 1156 4390 (ΞΗ)
1222 4327 1314 4380 τῆς
1361 4322 1493 4395 πρὸς
1557 4318 1861 4394 ἀνθρώπους

240 4407 579 4481 καταλλαγῆς
617 4414 708 4461 τοῦ
740 4415 873 4462 Θεοῦ
911 4409 936 4461 ό
989 4407 1220 4484 Γαϐριὴλ
1284 4412 1714 4483 κεχενροτόνηται
1770 4407 1861 4463 ἀπ’

1365 3894 1377 3907 ο
1421 3877 1529 3944 καὶ,
1572 3874 1642 3935 ὡς
1680 3871 1729 3924 ἓν
1765 3876 1860 3926 πί-

1403 321 1475 380 IN
1512 316 2139 380 ANNUNTIATIONEM
2177 320 2240 379 B.
2271 322 2536 386 ΜΑΒΙΛΕ.

3526 332 3632 391 730

2032 448 2113 505 Et
2141 448 2334 507 virtus
2357 449 2652 509 Altissimi
2679 451 3064 513 obumbrabit
3088 453 3201 513 tibi
3218 470 3244 514 .·
3271 470 3411 531 quae
3435 455 3628 514 virtus

1962 536 2143 611 plane
2173 537 2352 595 Filius
2372 543 2462 597 est
2489 539 2794 600 Altissimi.
2828 546 2897 601 Et
2943 560 3090 603 sane
3135 544 3482 603 Iudaeorum
3519 559 3627 602 rex

1964 626 2174 698 David,
2190 626 2336 698 Quo,
2349 627 2542 703 inquit
2552 630 2665 702 (45)
2675 673 2690 699 ,
2712 631 2808 688 ibo
2821 635 3091 704 aspiritu
3105 640 3205 692 tuo
3222 640 3278 693 et
3291 650 3407 707 quo
3421 650 3456 691 a
3466 635 3630 705 facie

1965 721 2072 774 tua
2097 717 2327 789 fugiam
2339 717 2368 772 ‘l
2412 720 2648 778 Patrem
2661 719 2883 780 scilicet
2896 722 3238 797 alloquitur,
3253 725 3427 796 cujus
3446 723 3629 781 facies

1963 809 2021 863 et
2039 820 2146 880 per
2172 806 2381 865 omnia
2406 806 2617 866 similis
2641 810 2846 883 imago
2872 814 2963 869 est
2988 812 3201 879 Filius;
3228 812 3335 885 qui
3361 813 3524 870 enim
3542 813 3629 869 vi-

1963 893 2026 951 di
2058 893 2448 965 Filium,vidit
2466 899 2703 956 Patrem
2729 899 2867 973 (£6);
2898 904 2956 958 et
2983 900 3068 957 sic
3094 899 3394 958 Trinitatis
3407 905 3628 974 myste-

1962 981 2122 1039 rium
2152 982 2215 1040 in
2234 983 2348 1041 illis
2375 984 2576 1042 verbis
2604 987 2883 1045 ostendit.
2916 990 3068 1046 Cum
3086 1003 3270 1062 porro
3298 987 3630 1059 homo(hic)

1963 1075 2144 1143 esset,
2163 1077 2221 1130 et
2250 1088 2572 1132 conversus
2598 1077 2663 1133 in
2688 1079 3145 1150 arumna,dum
3165 1079 3491 1150 conﬁgitur
3517 1077 3633 1151 ipsi

1961 1162 2194 1236 peccati
2213 1164 2384 1234 spina
2414 1164 2555 1237 (48),
2576 1165 2796 1224 timens
2816 1167 3105 1225 ultionem
3130 1167 3388 1235 Domini,
3420 1166 3631 1239 fugam

1962 1251 2321 1321 meditatur;
2356 1256 2412 1311 et
2435 1268 2466 1309 e
2495 1253 2686 1328 spinas
2723 1254 2969 1314 vulnere
2999 1257 3200 1315 adhuc
3227 1256 3383 1330 pede
3407 1255 3631 1314 claudi-

1962 1356 2130 1409 cans,
2161 1342 2346 1399 haeret
2373 1342 2658 1413 incertus,
2681 1360 2805 1419 quo
2836 1346 3083 1404 tandem
3108 1346 3451 1420 etaufugiat
3472 1351 3532 1404 et
3547 1345 3630 1404 la-

1962 1432 2084 1489 teat
2111 1431 2380 1503 oculum,
2412 1448 2597 1506 quem
2624 1434 2772 1491 nihil
2798 1435 2957 1494 latet.
2992 1440 3080 1493 Ita
3103 1436 3351 1510 quidem
3399 1435 3626 1494 David:

1964 1523 2027 1577 at
2082 1519 2258 1590 Virgo
2288 1535 2321 1577 e
2382 1521 2609 1579 Davide
2656 1528 2865 1582 exorta
2914 1524 3281 1597 archangelo
3348 1524 3632 1583 sublimia

1963 1609 2269 1682 edocente,
2294 1612 2716 1685 supercmleste
2743 1615 2919 1671 unius
2948 1615 3013 1672 in
3048 1615 3328 1673 Trinitate
3385 1614 3628 1672 Deitatis

1963 1701 2319 1774 mysterium
2341 1701 2422 1767 (et
2463 1702 2626 1776 ipsa)
2679 1703 2876 1775 discit,
2899 1720 3120 1779 nempe
3162 1705 3449 1780 Spiritum
3484 1720 3629 1762 san-

1964 1793 2150 1861 ctum,
2182 1795 2239 1848 et
2267 1791 2552 1850 Virtutem
2579 1792 2885 1863 Altissimi,
2915 1811 2947 1853 e
3002 1811 3126 1869 quo
3154 1794 3462 1852 Altissimo
3504 1795 3629 1852 Vir-

1962 1883 2060 1937 tus
2098 1879 2300 1950 (Filius
2347 1884 2405 1938 et
2456 1882 2707 1955 Spiritus
2767 1888 3009 1942 sanctus
3063 1884 3177 1957 (48)
3228 1889 3365 1942 ante
3422 1883 3630 1942 omnia

1963 1968 2180 2025 saecula
2213 1967 2664 2028 subsistentiam
2684 1971 3048 2031 habuerunt.
3077 1974 3505 2030 Verumtamen
3529 1987 3630 2028 ne-

1962 2071 2274 2130 quaquam
2310 2061 2369 2114 et
2390 2057 2526 2131 ipsa
2574 2059 2785 2132 fugam
2831 2062 3072 2132 cogitat,
3106 2061 3213 2118 sed
3240 2060 3390 2134 quid
3417 2061 3629 2118 nuntio

1959 2145 2245 2219 reponit?
2273 2147 2429 2204 Ecce
2452 2149 2687 2206 ancilla
2716 2151 2978 2218 Domini,
2996 2152 3119 2222 fiat
3143 2150 3630 2208 mihisecundum

1963 2235 2204 2293 verbum
2238 2240 2409 2293 tuum
2435 2237 2572 2310 (47).
2605 2239 2733 2296 Non
2752 2239 2988 2310 ignoro,
3019 2239 3232 2314 inquit,
3252 2239 3381 2312 jam
3407 2239 3630 2313 praesti-

1961 2328 2157 2382 tutum
2180 2325 2258 2383 ab
2288 2327 2540 2401 antiquo
2565 2327 2772 2395 fuisse,
2804 2332 2868 2386 ut
2888 2328 3045 2387 Deus
3057 2329 3118 2387 in
3142 2335 3362 2386 terram
3381 2328 3631 2386 descen-

1962 2413 2148 2472 deret.
2176 2415 2483 2489 Propbetas
2503 2417 2666 2475 enim
2685 2417 2867 2475 veluti
2898 2434 3023 2476 uno
3072 2418 3236 2476 labio
3290 2417 3625 2491 loquentes,

1964 2504 2067 2562 Dei
2097 2503 2358 2563 Verbum
2386 2521 2632 2565 carnem
2657 2523 2689 2565 e
2715 2508 2965 2566 muliere
2991 2513 3446 2583 assumpturum
3476 2508 3631 2566 mul-

1962 2592 2224 2651 tifariam
2244 2596 2798 2668 prtenuntiaverunt
2829 2614 2844 2665 ;
2874 2597 3043 2656 laetor
3075 2602 3279 2656 autem
3312 2597 3387 2655 de
3416 2613 3629 2655 eorum

1965 2680 2179 2752 salute,
2205 2682 2313 2755 qui
2338 2699 2732 2742 communem
2756 2701 2999 2744 mecum
3050 2686 3277 2744 habent
3320 2690 3625 2757 naturam,

1967 2770 2455 2846 Altissimumque
2475 2773 2686 2846 adoro,
2713 2774 2808 2830 cui
2836 2789 2945 2848 per
2985 2775 3390 2833 humilitatem
3423 2790 3626 2833 meam

1965 2860 2349 2934 complacuit,
2375 2866 2677 2929 naturam,
2706 2863 2935 2922 invidia
2970 2864 3291 2938 perditam,
3322 2863 3628 2922 uberrima

1966 2950 2159 3022 gratia
2187 2950 2440 3022 dignam
2468 2951 2723 3021 efﬁcere,
2755 2968 2972 3027 meque
3007 2954 3232 3025 salutis,
3268 2954 3392 3011 imo
3418 2956 3475 3011 et
3499 2953 3628 3011 dei-

1962 3038 2262 3097 ﬁcationis
2285 3041 2519 3100 mundo
2540 3042 2932 3102 conciliandae
2966 3043 3378 3102 mediatricem
3409 3042 3627 3101 consti—

1964 3133 2131 3188 tuere
2143 3174 2157 3189 .

2039 3238 2213 3295 XLVI.
2256 3241 2380 3309 Ego
2431 3255 2573 3298 vero
2627 3241 2895 3299 oratione
2948 3257 3088 3299 mea
3145 3241 3266 3300 huc
3318 3242 3628 3316 appellens

1966 3331 2147 3401 atque
2157 3328 2379 3386 exstasi
2389 3330 2657 3403 quadam
2675 3330 2880 3389 divina
2889 3347 3015 3406 prae
3028 3335 3270 3405 stupore
3297 3336 3625 3406 correptus,

1968 3417 2049 3475 ad
2075 3418 2459 3477 vehementer
2475 3420 2944 3480 exclamandum
2974 3422 3132 3479 feror
3154 3439 3168 3478 :
3190 3424 3379 3492 Quam
3392 3423 3630 3495 magni-

1965 3509 2150 3578 ﬁcata
2178 3513 2319 3565 sunt
2347 3524 2530 3579 opera
2548 3513 2966 3576 tua,Domine!
2999 3512 3188 3569 Nimis
3199 3513 3521 3583 pro/undae
3534 3514 3629 3583 fa-

1968 3604 2079 3658 cta
2106 3603 2249 3655 sunt
2311 3599 2701 3669 cogitationes
2732 3606 2851 3658 tua?
2883 3602 2896 3658 ι
2936 3602 3031 3659 Vir
3048 3602 3362 3672 insipiens,
3384 3601 3629 3657 Iudaeus

1968 3703 2089 3745 non
2118 3693 2449 3759 cognoscet,
2477 3694 2533 3745 et
2558 3690 2804 3758 stultus,
2831 3690 3150 3758 Nestorius,
3179 3706 3302 3747 non
3333 3691 3630 3762 intelliget

1970 3777 2096 3835 haec
2117 3777 2232 3849 (50)
2249 3818 2262 3832 .
2281 3779 2349 3833 Et
2363 3792 2493 3833 vere
2510 3778 2940 3836 incarnationis
2956 3779 3135 3837 Verbi
3150 3780 3251 3836 Dei
3271 3779 3628 3852 mysterium

1968 3871 2107 3924 ante
2139 3865 2351 3922 mundi
2404 3868 2889 3926 constitutionem
2933 3868 3431 3942 praedestinatum
3478 3868 3626 3937 fuit;

1968 3960 2149 4030 atque
2166 3954 2233 4011 in
2260 3953 2468 4012 divino
2488 3956 2590 4014 illo
2620 3958 2914 4015 exercitus
2938 3957 3112 4026 duce,
3143 3958 3307 4015 velut
3333 3958 3394 4015 in
3417 3957 3629 4016 tabula

1968 4044 2240 4120 quadam
2268 4044 2644 4119 incorporea,
2675 4050 2855 4105 antea
2868 4063 2978 4120 per
3006 4047 3289 4121 Spiritum
3311 4047 3389 4104 ad
3417 4047 3628 4104 vivum

1969 4136 2078 4193 fuit
2103 4149 2477 4208 expressum.
2506 4137 2632 4192 Vox
2656 4136 2818 4193 enim
2840 4136 3093 4208 Gabriel,
3146 4153 3219 4194 ex
3276 4136 3529 4194 Hebraea
3562 4137 3626 4194 in

1970 4227 2238 4283 Graecam
2265 4221 2537 4293 linguam
2550 4240 2842 4282 conversa
2853 4224 3273 4282 theandricum
3287 4225 3434 4299 quid
3453 4230 3628 4282 sonat

1968 4313 2033 4374 id
2059 4317 2149 4370 est
2174 4319 2425 4393 angelus
2451 4316 2863 4373 theandricus.
2890 4315 3118 4372 Idcirco
3151 4314 3384 4372 Gabriel
3428 4314 3525 4372 vel
3553 4330 3627 4372 ex

1968 4409 2103 4483 ipso
2131 4409 2377 4466 nomine
2388 4405 2737 4477 designatus
2754 4402 3514 4477 apparetreconciliationis
3526 4405 3629 4462 Dei

244 4500 412 4561 αὐτῆς
448 4507 543 4560 τῆς
602 4498 849 4562 κλήσεως,
905 4499 1078 4572 ὥσπερ
1133 4497 1234 4551 ἀπὸ
1285 4503 1513 4572 σημείων
1569 4498 1858 4573 βασιλικῶν

1971 4515 2110 4556 cum
2133 4496 2484 4556 hominibus
2506 4493 2930 4562 internuntius,
2960 4508 3086 4550 non
3111 4508 3284 4550 secus
3313 4509 3385 4551 ac
3413 4493 3464 4550 si
3491 4493 3628 4567 quis

241 4594 337 4644 τόν
370 4593 567 4643 σκοπὸν
604 4590 941 4665 παριστάνων
985 4596 1077 4642 τοῦ
1127 4587 1531 4663 ἀμοστείλαντος
1576 4588 1857 4664 βασιλέως,

245 4684 398 4743 ὃυτις
422 4683 477 4734 τί
501 4678 635 4752 ἐστι,
664 4699 754 4733 και
783 4680 810 4733 ὃ
847 4699 900 4733 τι
939 4677 1211 4754 βούλεται.

320 4861 567 4912 Βούλεται
597 4855 657 4912 δὲ
713 4858 970 4914 συνελθεῖν
1026 4864 1132 4920 τοῖς
1189 4857 1476 4932 ἀνθρώποις
1527 4858 1599 4921 εἰς
1627 4859 1808 4912 ἕνωσιν
1842 4881 1855 4894 ·

245 4948 378 5021 οὐχ,
413 4951 483 5012 ὡς
504 4950 566 5001 οἶν
596 4968 678 5013 τες
710 4952 825 5023 εἴπῃ
859 4951 1139 5025 αἱρετικός,
1202 4947 1409 5022 φιλικὴν
1460 4968 1517 5003 τε
1571 4952 1662 5001 καὶ
1722 4967 1860 5020 σχε-

242 5044 401 5099 τικὴν
446 5043 537 5094 καὶ
583 5042 717 5094 κατά
762 5043 926 5114 μόνης
981 5038 1353 5095 ταυτοϐουλίαν
1420 5042 1803 5116 συνερχόμενος
1842 5060 1855 5075 ·

316 5254 433 5326 (45)
468 5252 617 5310 Psal.
646 5270 886 5310 cxxxvu.
920 5259 972 5310 7.

346 5323 440 5386 46)
461 5326 633 5382 Joan.
655 5341 772 5392 xw,
805 5330 851 5382 9.
894 5325 1011 5395 Qui
1036 5323 1195 5382 videt
1209 5340 1318 5393 me,
1344 5325 1501 5383 videt
1529 5325 1858 5385 etPatrem.

344 5396 441 5469 47)
468 5396 626 5474 Psal.
649 5412 798 5474 xxxi,
829 5401 864 5453 4
892 5413 1010 5453 sec.
1043 5397 1226 5474 I_JXX_:
1286 5396 1582 5474 Ἐστράιρην
1636 5395 1707 5461 εἰς
1761 5416 1857 5451 ταο

241 5466 699 5543 λαιξπωρίανᾳίντῷ,
720 5466 1018 5543 ἐμπαγῆναι
1037 5470 1285 5543 ἄκανθαν.

320 5538 433 5615 (48)
460 5538 669 5597 Habes
686 5538 1229 5615 bi‘cmancamﬁdei
1253 5540 1856 5615 confessionemque;

249 5612 505 5686 Spiritus
530 5611 742 5686 sancti,
761 5624 933 5686 mque
943 5628 1015 5670 ac
1027 5611 1173 5685 Filii,
1188 5613 1483 5686 originem
1496 5629 1530 5669 a
1545 5612 1676 5670 solo
1687 5611 1856 5670 Patre

244 5682 479 5756 repetit.
510 5682 601 5742 Nil
626 5682 853 5744 mirum'
874 5700 1016 5745 cum
1055 5682 1405 5744 noverimus
1446 5684 1565 5745 hoc
1608 5687 1855 5760 quoque

1967 4589 2146 4660 regis,
2177 4589 2285 4662 qui
2310 4603 2450 4643 eum
2480 4584 2727 4653 miserit,
2776 4582 3097 4640 consilium
3145 4583 3208 4640 in
3254 4583 3435 4654 regiis
3488 4582 3630 4640 insi-

1969 4678 2189 4749 gnibus
2212 4676 2507 4752 praeferat,
2537 4677 2595 4732 et
2620 4673 2908 4748 quisnam
2966 4687 3187 4748 nempe
3242 4673 3335 4747 sit,
3382 4676 3439 4731 et
3479 4673 3629 4748 quid

1965 4767 2178 4914 velltilt
2201 4872 2385 4931 porro
2415 4855 2802 4927 (rex)arctam
2828 4868 2970 4911 eum
2998 4851 3351 4909 hominibus
3376 4852 3628 4924 conjun-

1967 4945 2229 5002 ctionem
2256 4944 2424 5016 inire,
2452 4959 2577 5001 non
2606 4941 2875 5017 quidem,
2897 4944 2964 4998 ut
2985 4940 3298 4997 haereticus
3319 4941 3625 5014 quispiam

1967 5035 2115 5095 forte
2142 5036 2385 5105 diceret,
2417 5039 2475 5093 et
2502 5033 2764 5093 amicitia
2792 5033 2989 5091 solum
3036 5034 3094 5088 et
3139 5030 3371 5117 habitu,
3422 5034 3481 5089 et
3523 5046 3628 5089 vo-

1966 5254 2253 5329 doctrinae
2285 5254 2469 5329 caput
2486 5251 2755 5329 in_cau‘sa
2774 5248 2980 5329 fuisse,
3009 5246 3176 5321 quod
3194 5245 3460 5329 lcgatisa
3491 5246 3629 5304 Gre-

1967 5326 2138 5397 gorio
2168 5328 2233 5382 lx
2262 5317 2460 5397 missis
2489 5323 2568 5380 ad
2597 5327 2861 5380 extorres
2918 5317 3178 5397 Graecos
3203 5317 3626 5397 Ecclesite__re-

1966 5389 2376 5455 conciliandos
2401 5398 2734 5453 Germanus
2762 5408 2902 5449 cum
2946 5391 3071 5450 suis
3121 5390 3433 5451 obstiterit.
3493 5389 3625 5448 Vid.

1963 5468 2242 5543 Raynald
2290 5468 2369 5526 ad
2397 5483 2497 5523 an.
2531 5469 2665 5523 1233
2695 5470 2795 5523 n.6
2817 5469 2873 5524 et
2899 5468 2983 5522 l3.

2037 5542 2158 5611 (49)
2184 5544 2322 5598 Luc.
2350 5557 2390 5607 ι,
2418 5543 2508 5597 38.

2034 5615 2128 5685 (50

2035 5687 2116 5758 (δι

2181 5612 2335 5670 Psal.
2362 5626 2471 5676 xci,
2501 5613 2572 5680 ,6,
2590 5613 2646 5668 7.

2179 5683 2324 5743 Cod.
2356 5670 2595 5759 πρέσϐιξ.
