4090 6396
415 227 514 284 731
1550 230 1865 289 GERMANI
1896 227 1945 284 II
1983 225 2069 284 CP

2188 225 2603 289 ATBIARCHIE
2620 274 2635 288 .
3680 234 3793 290 732

413 349 658 408 luntatis
686 355 1108 412 tantummodo
1137 356 1535 413 consensione
1565 358 1754 411 semet
1782 369 1921 409 cum
1958 351 2073 407 illis

2188 349 2314 404 ἀλλὰ
2348 356 2476 427 πρὸς
2513 356 2693 407 ἕνωσιν
2747 356 2911 428 ἄκραν
2954 360 3044 408 καὶ
3101 360 3288 430 κρᾶσιν
3343 354 3649 427 ἁσύγχυτον
3699 359 3797 408 καί

416 440 549 511 conj
560 455 788 511 ungens
807 458 822 509 ;
850 442 957 499 sed
1013 459 1318 501 summam
1344 445 1509 516 (inire
1530 445 1675 516 vuit)
1696 441 2005 510 unionem,
2019 444 2074 496 et

2188 444 2275 499 τὴν
2306 442 2378 504 εἰς
2405 448 2529 516 μίαν
2569 445 2862 497 ὑπόστασιν
2895 440 3197 520 συνδρομήν
3232 465 3244 478 ·
3287 448 3355 508 ὡς
3419 449 3509 497 καὶ
3557 444 3631 497 ἐνὶ
3672 444 3797 497 ὀνό-

414 529 751 602 quamdam
781 531 910 588 sine
975 533 1326 590 confusione
1391 532 1863 608 permistionem,
1890 534 2074 602 utque

2188 549 2313 602 ματι
2350 534 2418 584 τὰ
2456 535 2693 606 ἡνωμένα
2717 533 2990 587 καλεῖσθαι
3021 529 3116 587 διὰ
3165 537 3223 588 τό
3255 535 3672 607 ὀμοῦπόστατον,
3703 539 3799 587 xui

412 615 475 672 in
497 632 684 674 unam
704 617 1082 692 hypostasim
1113 637 1475 679 concursum
1505 640 1518 678 :
1558 621 1709 678 adeo
1742 625 1807 675 ut
1832 621 2074 691 propter

2188 623 2280 689 μιᾷ
2318 628 2674 693 προσκυνήσει
2711 624 2971 696 τιμᾶσθαι
3011 618 3105 676 διὰ
3141 626 3200 676 τό
3237 632 3331 676 τοῦ
3368 629 3654 696 προσώπου
3698 643 3798 696 μο-

412 721 692 780 personae
764 710 1134 769 identitatem
1165 729 1239 769 ea
1274 729 1411 786 quae
1444 714 1754 781 uniuntur,
1813 725 1935 765 uno
1980 723 2074 763 eo-

2188 703 2421 779 ναδικόν,
2454 709 2497 762 εἰ
2527 716 2616 764 καὶ
2664 715 2728 764 τὰ
2774 714 3009 783 ἡνωμένα
3051 720 3147 775 τῆς
3193 715 3329 765 κατὰ
3385 715 3541 784 φύσιν
3608 707 3799 785 διαφο-

414 794 675 869 demque
702 801 947 858 nomine
976 801 1372 874 appellentur,
1403 808 1459 860 et
1490 803 1667 859 unica
1724 796 2074 857 adoratione

2188 801 2274 869 ρᾶς
2302 798 2397 850 οὐκ
2427 798 2710 863 ἐξέστησαν
2735 805 2825 854 καὶ
2852 802 2911 853 τό
2945 797 3203 854 δυαδικόν
3233 820 3327 854 οκκ
3356 801 3668 875 ἠρνήσαντο.

412 890 658 958 propter
684 903 959 960 personae
1009 890 1297 947 unitatem
1346 893 1736 958 honorentur,
1780 888 1887 946 etsi
1932 900 2068 959 quaa
2097 883 2404 955 uniuntur,
2440 888 2646 961 quoad
2668 894 2969 957 naturam,
3015 904 3213 963 neque
3247 888 3574 947 discrimen
3609 887 3801 945 amit-

414 976 565 1041 tant,
594 990 792 1048 neque
820 977 1231 1051 duplicitatem
1270 985 1582 1037 recussent

488 1064 874 1122 Consimilem
904 1067 1045 1125 huic
1074 1067 1429 1141 dignitatem
1462 1074 1524 1125 tu
1555 1083 1821 1143 quoque,
1853 1081 1889 1123 ο
1921 1062 2074 1122 Chri'

2255 1064 2359 1117 Τοῦ
2410 1064 2528 1118 ἴσου
2589 1064 2880 1138 ἀξιώματος
2935 1072 3027 1120 καὶ
3081 1071 3147 1119 σὺ
3195 1072 3448 1139 μετέχεις,
3487 1069 3800 1142 Χριστιανὲ,

418 1150 627 1220 stiane,
650 1155 996 1229 participas,
1025 1157 1075 1213 si
1123 1163 1325 1214 tamen
1381 1159 1522 1214 huic
1583 1154 1973 1230 appellationi
2024 1156 2074 1208 et

2188 1150 2229 1204 εἰ
2263 1157 2352 1205 καὶ
2382 1163 2444 1227 τῇ
2486 1154 2667 1215 κλήσει
2710 1159 2869 1230 ταύτῃ
2920 1157 3242 1230 προσθήσεις
3298 1161 3388 1209 καὶ
3434 1159 3492 1208 τό
3543 1151 3639 1209 διὰ
3694 1162 3805 1208 τῶν

416 1238 777 1312 obsequium
798 1259 905 1316 per
930 1261 1114 1318 opera
1136 1262 1280 1316 erga
1319 1245 1711 1315 Altissimum,
1745 1251 1802 1300 et
1831 1240 2074 1298 manda-

2188 1243 2347 1315 ἔργων
2399 1245 2692 1318 θεραπεύειν
2748 1246 2857 1317 τὸνξ
2881 1245 3156 1317 Ὕψιστον,
3213 1250 3446 1305 καὶτοῖς
3500 1245 3663 1297 αὑτοῦ
3712 1263 3806 1298 κε-

414 1331 613 1384 torum
644 1328 834 1402 ipsius
882 1333 1217 1390 custodiam
1252 1340 1543 1408 praeterea
1586 1333 1859 1403 adjicias.
1917 1333 2074 1386 Tunc

2188 1330 2449 1404 λεύσμασι
2488 1336 2780 1388 πείθεσθαι.
2832 1340 2961 1387 Τότε
3018 1338 3120 1409 γὰρ
3151 1340 3240 1387 καὶ
3284 1333 3441 1396 αὐτὸς
3489 1331 3807 1409 θεανδρικός

416 1415 579 1473 enim
608 1422 666 1475 et
686 1420 814 1492 ipse
837 1421 1222 1479 theandricus
1248 1424 1520 1479 minister
1540 1429 1597 1479 et
1642 1426 1866 1478 astator
1922 1418 2074 1488 regis

2189 1422 2454 1493 ὑπηρέτης
2481 1428 2674 1497 κυρίως
2728 1424 2991 1497 κληθήσῃ,
3033 1428 3121 1476 xui
3174 1425 3520 1499 παραστάτης
3574 1430 3666 1475 τοῦ
3698 1426 3807 1475 σοῦ

417 1505 627 1563 Christi
657 1511 898 1583 proprie
927 1512 1265 1570 vocaberis.
1317 1516 1466 1569 Nam
1513 1513 1561 1568 si
1614 1511 1877 1568 Christus
1931 1508 2074 1564 Deus

2192 1515 2454 1563 Δεσπότου
2503 1514 2751 1584 Χριστοῦ,
2811 1512 2871 1566 Εἰ
2929 1515 3030 1586 γὰρ
3085 1514 3110 1565 6
3182 1517 3410 1587 Χριστὸς
3465 1513 3802 1586 θεάνθρωπος

414 1592 601 1652 homo
638 1601 746 1665 est,
775 1614 917 1671 ergo
950 1602 1320 1659 Christianus
1351 1602 1465 1675 ipsi
1494 1601 1927 1658 administrans
1962 1597 2060 1653 the

2191 1604 2281 1652 xui
2328 1601 2354 1651 6
2394 1606 2707 1673 Χριστιανός
2739 1603 2970 1675 θεράπων
3026 1598 3345 1675 θεανδρικός,
3386 1603 3454 1665 ὡς
3486 1603 3511 1653 6
3559 1608 3653 1654 τοῦ
3685 1599 3802 1674 βα-

417 1682 701 1741 andricus
722 1688 1143 1761 appellabitur,
1173 1706 1298 1746 non
1325 1707 1498 1747 secus
1522 1705 1592 1746 ac
1618 1690 1820 1759 regius
1866 1686 2074 1743 dicitur

2197 1689 2373 1750 σιλέως
2431 1691 2689 1764 ὑπηρέτης
2760 1689 3037 1763 βασιλικός
3103 1692 3435 1764 ονομάζεται.
3493 1690 3672 1765 Ὁρᾷς,
3721 1689 3806 1752 εἰς

414 1771 574 1841 regis
597 1775 1000 1835 administrer.
1029 1779 1301 1848 Videsne,
1323 1779 1401 1836 ad
1433 1778 1674 1852 qualem
1707 1781 1762 1833 et
1785 1790 1968 1850 quam
1994 1790 2074 1830 su-

2195 1780 2299 1831 οἷον
2327 1778 2531 1852 ἀξίωμα
2552 1784 2713 1855 φέρων
2738 1782 2877 1850 ἡμᾶς
2908 1782 2933 1832 ό
2957 1780 3109 1851 λόγος
3167 1779 3397 1853 ἀνήγαγε
3454 1798 3468 1845 ;
3517 1783 3609 1832 xui
3655 1782 3805 1843 ὅπως

418 1859 666 1919 blimem
695 1864 1050 1935 dignitatem
1081 1883 1192 1925 nos
1222 1868 1482 1925 Verbum
1534 1867 1775 1924 evexit?
1822 1873 1877 1922 et
1936 1879 2074 1937 quo-

2193 1876 2266 1939 τῷ
2293 1867 2607 1943 ἀρχαγγέλῳ
2636 1872 2804 1942 τούτῳ
2823 1870 2941 1922 καθ’
2966 1871 3265 1943 ὁμωνυμίαν
3290 1868 3491 1941 συνῆψε
3513 1885 3529 1936 ;

418 1950 604 2007 modo
624 1952 738 2025 ipsi
764 1954 1128 2026 archangelo
1156 1973 1271 2013 nos
1295 1972 1401 2029 per
1422 1956 1681 2012 nominis
1706 1954 2087 2012 communio'

416 2051 558 2095 nem
595 2042 908 2113 conjunxit
953 2045 1068 2118 (52)
1090 2048 1118 2102 ‘P

488 2128 690 2186 XLVII.
718 2132 999 2189 Immensi
1040 2134 1222 2206 hujus
1263 2133 1541 2192 beneﬁcii
1583 2132 1952 2190 conciliatrix
1977 2147 2074 2188 no-

2264 2129 2391 2185 MZ'.
2448 2136 2552 2183 Τοῦ
2641 2132 3023 2204 ὑπερμεγέθους
3126 2131 3313 2183 τούτου
3390 2129 3805 2203 εὐεργετήματος

419 2215 515 2273 bis
540 2214 644 2275 illa
666 2224 760 2276 est
786 2222 1025 2296 (Virgo),
1050 2239 1189 2295 qua;
1217 2223 1394 2281 caelos
1422 2224 1785 2280 sublimitate
1813 2226 2074 2294 superat.

2190 2218 2433 2294 πρόξενος
2490 2222 2616 2292 ἡμῖν
2690 2223 2719 2279 ἡ
2790 2218 3087 2295 ὑψηλοτέρα
3140 2226 3241 2270 τῶν
3303 2218 3550 2292 οὐρανῶν.
3608 2222 3707 2271 Καὶ
3743 2224 3803 2271 τί

420 2308 487 2363 Et
509 2307 653 2379 quid
686 2308 842 2377 dico,
874 2312 1004 2384 pari
1035 2328 1173 2369 cum
1224 2313 1454 2385 angelis
1505 2313 1733 2370 honore
1787 2326 1895 2384 per
1945 2326 2074 2366 eam

2189 2309 2320 2379 λέγω
2378 2307 2662 2381 ἀγγελικῆς
2729 2309 2995 2382 ἰσοτιμίας
3078 2307 3365 2371 ἀξιωθῆναι
3432 2304 3527 2361 διὰ
3599 2311 3805 2370 ταύτης

418 2410 530 2453 nos
559 2395 777 2468 dignos
798 2398 1042 2457 effectos
1069 2401 1279 2467 fuisse,
1310 2401 1560 2475 quando
1585 2401 1921 2457 humanam
1942 2399 2074 2455 sub-

2189 2400 2349 2471 ἡμᾶς,
2379 2398 2529 2461 εἰδὼς
2568 2404 2662 2456 τὴν
2702 2396 2754 2462 ἐξ
2819 2399 2978 2458 αὐτῆς
3026 2400 3332 2450 ὑποστᾶσαν
3382 2406 3455 2468 τῷ
3487 2404 3602 2467 Θεῷ
3642 2402 3802 2468 Λόγῳ

418 2485 721 2556 stantiam,
756 2503 893 2560 quae
915 2505 988 2546 ex
1012 2490 1150 2563 ipsa
1174 2496 1283 2557 est,
1335 2490 1761 2547 subsistentem
1799 2488 1906 2559 (in)
1962 2490 2074 2543 Deo

2191 2487 2517 2563 ἀνθρωπίνην
2570 2489 2774 2549 οὐσίαν,
2829 2490 3106 2561 σύνθρονον
3164 2491 3335 2560 Πατρί
3387 2505 3441 2539 τε
3478 2492 3568 2539 καὶ
3637 2491 3803 2539 Πνεῦ-

419 2572 637 2641 Verbo,
671 2575 732 2632 in
754 2578 967 2635 eodem
996 2580 1210 2636 throno
1240 2597 1380 2636 cum
1414 2583 1578 2637 Patre
1601 2584 1657 2635 et
1689 2577 1905 2651 Spiritu
1937 2592 2074 2631 san-

2190 2597 2337 2650 ματι,
2378 2582 2469 2630 καὶ
2494 2579 2594 2630 ὑπὸ
2641 2580 2816 2638 πάσης
2870 2581 3273 2649 ταγματαρχίας
3335 2574 3609 2646 ἀγγελικῆς
3641 2572 3803 2638 δοξα-

419 2664 516 2718 cto
541 2664 870 2735 sedentem,
898 2674 955 2723 et
1000 2684 1036 2724 a
1085 2670 1317 2725 cunctis
1367 2668 1717 2740 angelorum
1769 2665 2074 2723 ordinibus

2192 2667 2411 2739 ξομένην
2441 2686 2496 2719 τε
2546 2667 2636 2719 καὶ
2686 2670 3144 2740 προσκυνουμένην
3188 2682 3201 2732 ;
3259 2672 3341 2735 Τῷ
3392 2664 3462 2715 ἐνὶ
3510 2667 3614 2736 γὰρ
3668 2673 3802 2739 Χρι-

420 2750 815 2821 gloriﬁcatam
838 2760 1016 2829 atque
1037 2757 1349 2815 adoratam
1372 2774 1551 2814 cerno
1566 2758 1593 2813 ?
1616 2761 1885 2829 Namque
1902 2756 2074 2811 unico

2194 2765 2300 2827 στῷ
2366 2760 2711 2829 προσφέρεται
2772 2759 2801 2815 1';
2855 2756 3061 2828 λατρεία
3128 2758 3258 2827 μετὰ
3326 2757 3527 2824 Πατρός
3580 2771 3637 2804 τε
3705 2758 3806 2806 καὶ

420 2840 671 2909 Christo,
698 2843 797 2916 qui
830 2847 981 2901 Deus
1011 2852 1099 2903 est
1145 2851 1201 2903 et
1254 2847 1461 2915 homo,
1527 2846 1828 2919 perfectus
1876 2843 2074 2917 quoad

2194 2848 2511 2918 Πνεύματος,
2544 2842 2633 2897 ὁδε
2680 2845 2793 2897 ἐστὶ
2833 2849 2964 2907 Θεὸς
3015 2848 3105 2895 καὶ
3150 2845 3436 2916 ἄνθρωπος,
3469 2840 3519 2893 ἐν
3569 2840 3804 2914 ἀμφοτέ-

420 2930 742 3004 utramque
792 2939 1075 2992 naturam
1128 2936 1444 2997 exsistens,
1497 2935 1677 2991 simul
1726 2950 1866 2989 cum
1917 2935 2074 2989 Patre

2192 2954 2304 3009 ροις
2334 2939 2391 2986 τὸ
2417 2937 2553 2986 κατά
2578 2937 2732 3006 φύσιν
2763 2933 2949 2986 τέλειον
2971 2932 3134 3005 ἒχων.

422 3020 480 3073 et
498 3025 710 3077 sancto
742 3023 960 3095 Spiritu
980 3025 1240 3081 honores
1265 3024 1449 3081 divisi
1478 3024 1846 3080 deferuntur.

492 3107 719 3177 XLVIII,
762 3117 865 3167 Ast
909 3118 972 3168 tu
1014 3129 1052 3169 o
1098 3114 1305 3180 homo,
1364 3129 1501 3186 quae
1551 3129 1659 3185 per
1697 3113 1959 3184 primum
2006 3111 2074 3168 hc

2266 3113 2398 3169 ΜΗ.
2460 3114 2614 3181 Ἀλλ’,
2670 3115 2709 3165 ὡ
2753 3115 3009 3185 οἶνθρωπε,
3045 3109 3139 3165 διὰ
3184 3116 3273 3164 τόν
3352 3119 3555 3185 πρῶτον
3599 3111 3799 3184 ἄνθρω-

420 3194 647 3252 minem
682 3215 745 3254 es
774 3215 807 3256 e
844 3206 1051 3269 terra;
1106 3207 1166 3258 et
1210 3202 1410 3270 simul,
1472 3203 1747 3273 Deipara,
1790 3217 1927 3272 quae
1979 3216 2074 3273 pel

2194 3222 2290 3256 πον
2317 3204 2375 3256 ἐκ
2404 3212 2498 3274 γῆς
2531 3244 2544 3258 .
2603 3206 2712 3267 καὶ,
2764 3203 2804 3252 ὠ
2856 3204 3074 3267 θεοποιὶ,
3139 3197 3236 3253 διὰ
3277 3202 3365 3252 τόν
3406 3196 3638 3272 δεύτερον
3692 3202 3786 3248 καὶ

422 3285 756 3344 secundum
785 3288 1094 3347 hominem
1115 3308 1179 3347 es
1203 3291 1409 3347 itidem
1437 3308 1469 3347 e
1489 3290 1643 3346 creto
1667 3291 1680 3345 !
1716 3292 1759 3348 0
1818 3290 1944 3348 tilia
1978 3306 2074 3363 pa-

2196 3290 2249 3354 ἐξ
2291 3294 2511 3364 οὐρανοῦ
2579 3293 2591 3347 !
2644 3294 2884 3365 Θύγατερ
2941 3299 3032 3342 τοῦ
3092 3292 3303 3357 θνητοῦ,
3355 3294 3448 3340 καὶ
3497 3295 3655 3361 μῆτερ
3701 3292 3799 3338 τοῦ

423 3372 529 3428 tris
556 3377 848 3447 mortalis,
903 3384 960 3435 et
1010 3382 1190 3437 Mater
1239 3381 1362 3437 Filii
1427 3379 1822 3437 immortalis!
1868 3382 1910 3437 0
1951 3395 2074 3453 qua

2198 3383 2457 3437 ἀθανάτου
2493 3383 2589 3438 ῘὪ
2619 3384 2747 3435 Θεὸν
2805 3386 3196 3452 σωματώσασα,
3256 3383 3348 3432 καὶ
3398 3382 3520 3438 τοὺς
3568 3376 3806 3448 ἐνσωμά-

422 3463 613 3521 Deum
654 3482 905 3540 corpore
953 3470 1222 3535 induisti,
1280 3486 1383 3527 eos
1430 3485 1596 3537 vero,
1648 3471 1751 3543 qui
1815 3469 2074 3526 constanl

2196 3491 2314 3533 τους
2360 3470 2642 3525 θεώσασαι
2676 3469 2745 3522 Ὢ.
2778 3474 2923 3526 κοινὸ
2967 3472 3204 3544 σωτηρία
3249 3474 3343 3519 τοῦ
3372 3476 3473 3518 τῶν
3520 3463 3806 3539 ἀνθρώπων

421 3568 692 3626 corpore,
716 3557 776 3613 in
801 3560 953 3614 Deos
977 3560 1225 3616 evexisti
1251 3560 1263 3615 ι
1293 3561 1337 3617 0
1361 3559 1622 3616 universi
1654 3559 1970 3615 hominum
1995 3565 2074 3628 ge'

2197 3563 2539 3635 πληρώματος
2607 3560 2618 3613 !
2701 3559 2769 3611 Ὦ.
2834 3555 3094 3630 σύνδεσμε
3141 3556 3368 3631 οἶρῥηκτε
3422 3564 3523 3607 τῶν
3570 3557 3801 3626 ὑπερκο-

420 3644 582 3701 neris
622 3645 783 3701 salus
817 3648 1197 3704 communis!
1225 3650 1268 3705 0
1324 3647 1738 3705 indissolubile
1760 3647 2074 3703 caelestium

2199 3657 2364 3724 σμίων
2420 3670 2473 3703 τε
2528 3654 2618 3701 xui
2676 3648 2965 3720 ἔγκοσμίων
3012 3646 3024 3701 l
3082 3651 3210 3701 Θεὸν
3270 3647 3401 3718 μετὰ
3453 3653 3556 3697 τῶν
3612 3645 3807 3717 ὑπηρε-

421 3748 562 3790 cum
583 3736 960 3793 terrestribus
987 3738 1320 3809 vinculum,
1351 3755 1489 3811 quae
1554 3740 1741 3794 Deum
1800 3752 1938 3793 cum
1981 3737 2074 3793 mi-

2193 3743 2412 3793 τούντων
2468 3738 2694 3810 ἀγγέλων
2733 3738 2804 3799 εὶς
2855 3745 2955 3808 γῆν
2994 3736 3289 3807 ἀγαγοῦσα,
3351 3753 3440 3787 και
3497 3731 3807 3805 ἀνθρώπους

420 3822 812 3881 nistrantibus
851 3826 1082 3898 angelis
1141 3828 1199 3883 in
1244 3833 1463 3884 terram
1509 3826 1825 3893 attraxisti,
1874 3831 1929 3881 et
1978 3826 2074 3881 ho-

2196 3830 2327 3899 μετά
2366 3836 2456 3887 τῆς
2524 3829 2796 3899 συμφύτου
2853 3833 2949 3896 γῆς
3002 3824 3069 3884 εἰς
3134 3824 3380 3898 οὐρανούς
3431 3820 3802 3890 ἀνυψωσασαε

421 3912 617 3970 mines
647 3929 789 3972 cum
816 3917 1136 3988 congenita
1162 3915 1277 3972 sibi
1310 3921 1465 3973 terra
1492 3917 1568 3972 ad
1598 3915 1774 3971 caelos
1804 3914 2074 3971 elevastii

2196 3916 2265 3969 Ὦ.
2292 3922 2421 3988 μόνη
2456 3915 2509 3977 ἐξ
2546 3915 2725 3975 αἰῶνος
2772 3920 2862 3965 και
2913 3913 3101 3987 κυρίως
3140 3920 3411 3986 Θεομῆτορ
3456 3909 3671 3981 ῑΤαύτη
3704 3912 3805 3981 γὰρ

423 4003 469 4060 0
499 4004 633 4061 sola
664 4021 697 4061 ο
736 4007 956 4063 sweulo
984 4013 1042 4064 et
1097 4009 1338 4080 proprie
1408 4009 1509 4064 Dei
1567 4006 1828 4064 Genitrix
1888 4007 1900 4061 l
1971 4013 2074 4062 Har

2197 4013 2258 4078 τῇ
2294 4005 2498 4073 κλήσει,
2531 4008 2600 4064 ὡς
2640 4000 2899 4077 σφραγῖδι
2930 3999 3239 4073 δεσποινικῇ
3296 3999 3660 4073 ἐπισφραγίζω
3718 4002 3809 4049 τόν

421 4092 583 4148 enim
610 4094 1017 4165 appellatione
1034 4095 1195 4152 velut
1223 4096 1493 4167 quodam
1524 4096 1793 4151 Dominae
1820 4095 2011 4164 sigillo
2034 4108 2074 4149 e‘

2196 4093 2346 4165 λόγον
2377 4114 2478 4166 μου
2504 4102 2565 4165 τῇ
2607 4100 2788 4167 χρυσῇ
2832 4111 2884 4144 τε
2906 4097 2994 4143 καὶ
3034 4092 3299 4162 ὑπερτίμῳ
3364 4111 3376 4121 ·
3433 4098 3494 4147 ῆν
3543 4092 3634 4139 καὶ
3688 4093 3813 4139 στό-

422 4195 609 4238 aureo
645 4187 702 4238 et
729 4182 1336 4240 honorificentissimo
1369 4200 1710 4240 sermonem
1744 4200 1948 4238 meum
1978 4184 2074 4239 ob-

2198 4204 2326 4255 ματι
2356 4189 2445 4236 xui
2491 4180 2690 4257 καρδίᾳ
2746 4186 2835 4233 xui
2862 4181 3018 4251 ψυχῇ
3052 4180 3466 4250 κατασπάζομαι
3516 4198 3528 4209 ·

425 4268 619 4339 signo.
655 4273 774 4326 Hoc
803 4287 1028 4328 nomen
1057 4277 1113 4327 et
1132 4288 1235 4328 ore
1265 4276 1323 4327 et
1351 4272 1531 4327 corde
1582 4278 1637 4327 et
1695 4273 1902 4328 anima
1965 4277 2074 4328 tota

2197 4276 2393 4331 ταύτην
2460 4272 2543 4325 ἐπὶ
2598 4272 2832 4342 γλώττης
2886 4279 3052 4344 φορῶν
3110 4271 3387 4342 εὑρεθείην,
3446 4272 3537 4320 καὶ
3579 4268 3663 4319 ὅτε
3712 4270 3810 4328 τὰς

423 4358 791 4429 amplector:
825 4367 882 4417 et
909 4361 1135 4418 utinam
1171 4362 1286 4418 hoc
1310 4361 1470 4418 idem
1502 4367 1626 4417 tum
1667 4362 1846 4418 etiam
1877 4362 1939 4418 in
1991 4364 2074 4418 or‘

2197 4364 2424 4423 ὑστάτας
2452 4365 2612 4421 πνοὰς
2650 4366 2814 4414 πνέειν
2878 4380 2940 4432 με
2996 4364 3052 4411 τό
3106 4363 3247 4419 τέλος
3294 4366 3390 4419 τῆς
3457 4358 3593 4417 ζωῆς
3648 4354 3808 4407 ἀπαι-

420 4447 657 4504 habens
680 4448 1120 4521 deprehendar,
1153 4468 1293 4507 cum
1323 4452 1555 4507 instans
1583 4453 1714 4508 vitae
1734 4453 1871 4508 ﬁnis
1884 4452 1957 4507 ad
1974 4470 2074 4524 po-

2193 4457 2406 4510 τησεται
2474 4456 2612 4523 (53).
2690 4455 3017 4502 Πεπίστευκα
3066 4451 3168 4521 γὰρ
3254 4450 3322 4507 ὡς
3386 4443 3807 4502 αἰδεσθήσονται

422 4541 679 4593 stremos
720 4538 1031 4595 ducendos
1081 4540 1323 4612 spiritus
1373 4557 1470 4597 me
1526 4540 1762 4610 adiget!
1816 4542 2074 4597 Firmiter

2191 4544 2387 4598 ταύτην
2453 4548 2546 4593 τοῦ
2611 4540 2757 4611 ἀέρος
2830 4542 2879 4590 οὶ
2961 4540 3250 4611 πράκτορες
3336 4538 3386 4588 οὶ
3460 4540 3646 4608 πικροὶ
3709 4538 3804 4586 xui

420 4626 583 4683 enim
608 4626 813 4692 credo,
843 4628 1116 4685 crudeles
1143 4629 1536 4703 humanoque
1560 4631 1760 4699 generi
1813 4631 2074 4686 infensos

2190 4632 2570 4703 μισάνθρωποι,
2630 4635 2719 4681 xui
2771 4648 2861 4700 μοι
2932 4636 3024 4689 τῆς
3107 4623 3399 4686 διαϐάσεως
3475 4622 3805 4699 ἀφορολογή-

422 4715 577 4771 aeris
606 4720 911 4772 exactores
932 4717 1077 4773 illud
1099 4718 1550 4789 formidaturos,
1573 4736 1643 4775 ac
1667 4720 1979 4775 transitum
2002 4720 2074 4775 ab

2189 4740 2280 4772 του
2334 4725 2846 4792 παραχωρήσουσιν.
2916 4718 3056 4774 Αὕτη
3122 4735 3213 4787 μοι
3250 4718 3384 4767 ἔστω
3422 4717 3452 4772 ἡ
3511 4718 3576 4771 σὴ
3632 4715 3808 4766 θεοτό-

423 4806 732 4862 exactione
760 4805 1014 4862 liberum
1049 4808 1197 4864 mihi
1227 4809 1649 4880 permissuros.
1707 4809 1829 4865 Hoc
1876 4809 2074 4881 ipsum

2189 4829 2325 4871 κειος
2394 4810 2580 4869 κλῆσις
2654 4808 2858 4877 alar/or
2939 4806 3176 4877 γλώττης
3239 4809 3436 4876 κίνημα
3486 4802 3805 4869 τελευταῖον,

420 4897 593 4950 tuum
620 4894 718 4951 Dei
746 4896 1052 4953 Genitricis
1085 4912 1309 4953 nomen
1337 4898 1410 4953 sit
1432 4898 1577 4953 mihi
1604 4897 2074 4967 ultimuslinguee

2193 4898 2253 4950 ἶν’
2304 4902 2373 4959 ὡς
2420 4900 2610 4971 κάρφος
2668 4896 2843 4957 ἐλαίας
2903 4900 3099 4953 ταύτην
3152 4894 3235 4946 ἐπὶ
3310 4899 3566 4966 στόματος
3638 4896 3805 4966 φέρων

416 4982 718 5056 loquentis
747 4990 966 5052 motus,
996 4990 1061 5042 ut
1080 4985 1228 5042 illud
1258 4985 1418 5041 velut
1438 4986 1609 5042 olivae
1634 5002 1875 5042 ramum
1900 4986 2074 5042 inore

2190 4989 2614 5059 πετασθὴσομαι,
2693 4991 2784 5037 xui
2847 4986 3173 5035 καταπαύσω
3270 4978 3422 5038 δίκην
3494 4987 3808 5053 περιστερᾶς

417 5071 634 5141 ferens,
664 5074 855 5131 instar
878 5074 1176 5131 columbae
1208 5075 1461 5141 avolem,
1494 5076 1631 5130 etin
1683 5075 1926 5131 salutari
1980 5091 2074 5145 pa-

2192 5076 2259 5136 εἰς
2288 5081 2381 5134 την
2424 5083 2515 5127 τοῦ
2572 5070 2901 5147 παραδείσου
2953 5075 3220 5128 σωστικην
3285 5068 3522 5121 κιϐωτόν.
3581 5067 3809 5121 Φιλυπο-

415 5162 601 5220 radisi
632 5178 773 5219 arca
799 5164 1172 5236 requiescam
1195 5165 1330 5235 (Si).
1364 5163 1889 5219 Vehementissime
1918 5164 2074 5219 enim

2193 5173 2399 5236 στροφῶ
2447 5167 2545 5236 γαρ
2623 5158 2833 5234 σφόδρα
2897 5157 3103 5234 σφοδρα
3156 5180 3168 5192 ·
3231 5158 3419 5211 ἐκεῖθεν
3478 5160 3579 5229 γὰρ
3637 5157 3663 5208 6
3710 5166 3810 5209 τοῦ

3583 4179 3653 4237 ὡς
3702 4178 3810 4228 εἴθε

2193 5173 2399 5239 στροφῶ
2447 5167 2545 5237 γαρ
2623 5158 2833 5234 σφόδρα
2897 5157 3103 5234 σφοδρα
3156 5180 3168 5192 ⁵

490 5350 601 5420 (52)
628 5351 1024 5406 Communem
1046 5366 1185 5407 cum
1197 5348 1466 5421 Gabriele
1478 5348 1841 5418 aruhangelo
1869 5349 2074 5421 appel-

418 5419 704 5493 lationem
735 5437 808 5476 ex
836 5423 1112 5493 Germani
1148 5420 1443 5493 sententia
1473 5421 1775 5493 sortimur,
1813 5419 1977 5493 quia
2018 5422 2071 5477 vi

420 5492 683 5547 nominis
712 5493 946 5547 Gabriel
974 5492 1547 5549 dicitt’ieandmcum
1565 5505 1588 5562 ;
1607 5491 1935 5547 theandrici
1969 5509 2070 5549 au-

420 5566 541 5631 tem
561 5567 620 5619 et
644 5578 757 5620 nos
781 5564 994 5620 merito
1012 5578 1459 5639 nuncupamur,
1493 5568 1697 5637 utpote
1731 5563 2071 5639 administri

2188 5351 2547 5408 famulantes
2578 5350 2827 5412 Christo.
2852 5348 2956 5422 qui
2985 5342 3232 5420 θέανδρος
3283 5361 3389 5401 seu
3440 5346 3802 5418 θεάνθρωπος,

2189 5423 2345 5477 Deus
2373 5429 2429 5478 et
2458 5423 2643 5477 homo
2667 5428 2776 5475 est.

2252 5494 2371 5564 (53)
2398 5492 2520 5549 Cod
2561 5492 2757 5550 ἀπαιτη
2767 5511 2898 5547 σετε.

2239 5568 2350 5639 (54)
2390 5564 2542 5623 Psal.
2585 5581 2697 5631 LIV,
2767 5570 2821 5618 7.
2866 5570 2869 5573 ’

1218 6348 1299 6361 )_"
1330 6358 1339 6361 '
1412 6356 1451 6363 ,Γ-
1908 6340 3747 6368 Μμψ-ῤ,μμηοι-“ΜΨ-υ-Ἥ
3834 6342 3837 6343 ⁷

2990 6365 3240 6374 .___.__-—__
