4090 6382
246 286 355 340 733

243 414 455 484 πρώτου
485 414 688 482 κόσμου
743 418 925 490 Πατὴρ
983 415 1278 478 ἀποστῆναί
1306 438 1371 492 με
1418 421 1703 493 ἠνάγκασε,
1765 425 1854 473 καὶ
1882 425 1928 478 Α

244 500 383 572 πρὸς
460 503 549 552 τὸν
614 504 821 576 ἕνυγρον
894 523 1077 559 τουτον
1134 505 1250 579 βίον
1309 510 1555 582 φέρεσθαι
1621 514 1856 585 προετρέ-

245 586 411 659 φατο.

324 692 462 751 ΜΘ’.
492 699 597 748 Ναὶ
623 693 715 769 δὴ,
755 707 1159 776 κοσμοσώτειρα
1211 704 1422 768 κιϐωτὶι,
1472 707 1709 780 κύρωσον
1752 725 1852 778 μου

247 788 349 843 τὴν
380 782 587 856 δέησιν,
636 792 728 842 καὶ
760 792 847 841 τὸν
884 797 1135 865 πενιχρὸν
1195 814 1297 867 μον
1344 802 1526 847 τοῦτον
1568 795 1716 858 λόγον
1762 795 1850 839 διαὶ

246 871 528 928 οὐτιδανὸδ
557 874 870 949 πρόσδεξαι.
925 885 1027 934 Καὶ
1068 884 1134 942 ὡς
1184 882 1360 955 νεφέλη
1394 885 1556 948 κούφη
1610 880 1701 929 καὶ
1739 896 1850 947 φω-

244 968 388 1023 τεινὴ
462 963 772 1020 ἕπισκίασον
834 967 920 1022 ἰπὶ
966 973 1060 1029 τὴν
1113 970 1340 1036 κεψσιλήν
1421 984 1522 1037 μου
1576 964 1625 1017 ἓν
1681 966 1853 1037 ἡμέρᾳ

243 1052 498 1125 πολέμου.
558 1054 747 1108 Πολλοὶ
800 1058 904 1132 γάρ
960 1058 1092 1106 εἰσιν
1156 1055 1207 1106 οἱ
1267 1052 1355 1126 ἀφ’
1398 1054 1565 1125 ὕψους
1620 1071 1683 1126 με
1735 1052 1851 1106 πλε·

241 1150 478 1216 μοῦντες,
541 1149 632 1197 καὶ
681 1145 963 1215 πυγρόροις
1019 1140 1289 1216 βάλλοντες
1352 1142 1555 1216 βέλεσιν
1622 1142 1851 1215 Ἔπαρον

241 1236 338 1295 τάς
395 1234 583 1304 χεῖράς
626 1249 721 1282 σου
760 1229 846 1284 ἐπὶ
909 1235 1001 1293 τὰς
1053 1235 1298 1303 ἑπάρσεις
1353 1238 1444 1286 καὶ
1504 1234 1852 1307 ὑπερηφανίας

238 1321 429 1384 αὐτῶν,
487 1322 579 1371 καὶ
638 1318 921 1394 σύντριειων
972 1318 1023 1373 ἕν
1078 1323 1237 1394 τάχει
1302 1325 1517 1383 τούτους
1563 1323 1664 1374 ὑπὸ
1738 1325 1852 1383 τοὺς

240 1405 417 1471 πόδας
435 1409 603 1479 ἡμῶν.
636 1408 699 1460 Εἰ
728 1404 789 1463 δε
817 1414 908 1463 καὶ
956 1417 1089 1482 χοῦς
1133 1415 1214 1474 τίς
1242 1408 1385 1464 ἔστιν
1442 1410 1491 1462 ἐν
1551 1417 1656 1471 τοῖς
1695 1415 1851 1463 ποσὶν

244 1499 414 1563 ἠπῶν,
485 1495 540 1549 ἐκ
618 1504 719 1549 τῶν
803 1496 1185 1572 ἕπιτηρούντων
1271 1502 1368 1561 τὰς
1429 1504 1644 1572 πτέρνας
1694 1499 1850 1572 ὄφεων

240 1583 540 1658 ἕπιτριϐεἱς,
614 1585 932 1648 λειξάτωσαν
1015 1595 1196 1640 τοῦτον
1278 1588 1429 1640 αὐτοὶ
1497 1587 1546 1639 ἐν
1610 1596 1683 1659 τῷ
1744 1586 1850 1640 ἐπι-

242 1672 474 1746 στρέψαι
540 1676 631 1726 τὸν
688 1678 843 1727 πόνον
924 1675 1092 1728 αὐτῶν
1177 1676 1245 1738 εἰς
1300 1681 1393 1736 τὴν
1462 1676 1684 1749 κεφαλὴν
1757 1677 1853 1729 αὐ-

242 1772 368 1834 τῶν,
435 1768 525 1816 καὶ
598 1761 683 1816 ἐπὶ
738 1769 969 1840 κορυφὴν
1036 1764 1202 1818 αὐτῶν
1256 1770 1348 1825 τὴν
1419 1762 1633 1819 ἀδικίαν
1692 1785 1854 1819 κατα·
1889 1778 1926 1830 Β

248 1853 429 1912 ϐῆναι.

311 1939 392 1994 Ν.
450 1940 681 1994 ’Ῑλέωσον
711 1942 837 2014 ἡμῖν
901 1946 987 1995 τόν
1032 1942 1088 1995 ἐκ
1144 1950 1240 1997 σοῦ
1291 1947 1599 2016 γεννηθέντα
1662 1947 1783 1996 Θεόν
1835 1965 1849 1977 ο

239 2029 578 2105 χρεωλυσίαν
647 2039 748 2083 τῶν
800 2030 1108 2105 ὀφλημάτων
1178 2036 1399 2092 αῖτησαι
1457 2033 1582 2106 παρ’
1666 2032 1846 2087 αὐτοῦ.

238 2118 417 2191 Ὀρᾷς,
466 2121 588 2171 ὅσον
643 2123 702 2171 τὸ
760 2123 1069 2194 κατάχρεων
1117 2124 1283 2195 ἡμῶν·
1339 2120 1699 2196 ὴχειρίζομέν
1767 2142 1851 2175 σοι

244 2208 508 2260 λοιπόντό
573 2213 925 2283 χειρόγραφον
962 2231 974 2243 ·
1002 2215 1074 2283 μὴ
1126 2214 1254 2284 πρὸς
1303 2214 1390 2263 τὸν
1439 2210 1593 2283 ὃφκον
1652 2208 1852 2285 ἀπίδῃς

243 2296 427 2367 αὐτοῦ,
486 2301 576 2349 καὶ
628 2301 687 2349 τό
748 2296 944 2359 πλῆθος
994 2306 1094 2350 τῶν
1147 2298 1472 2371 ὀφλημάτων.
1525 2298 1609 2360 Ὠς
1670 2302 1772 2373 γὰρ
1825 2301 1851 2353 ὁ

240 2391 440 2459 χρόνος
475 2388 623 2458 ἡμῶν
674 2387 1046 2461 εὐπερίληπτός
1084 2387 1202 2441 ἐστι
1244 2395 1336 2442 καὶ
1363 2391 1393 2447 η
1426 2392 1562 2441 κατά
1589 2398 1684 2461 γῆν
1738 2386 1855 2443 δια-

236 2474 411 2549 τριϐὴ,
445 2476 582 2528 οὖτω
629 2481 720 2528 καὶ
742 2479 812 2529 τὰ
861 2481 1000 2551 χρέα
1029 2476 1392 2551 ἀπεριόριστα.
1434 2477 1540 2531 Κάν
1595 2481 1653 2531 τὸ
1712 2475 1852 2531 δυσ-

242 2566 538 2637 αρίθμητον
587 2566 779 2636 ἔχουσι
837 2567 964 2641 παρ’
1027 2568 1174 2639 ἡμῖν,
1218 2568 1248 2624 ἡ
1308 2564 1366 2619 δὲ
1418 2575 1508 2620 τοῦ
1574 2575 1668 2619 σοῦ
1724 2568 1850 2620 Υὶοῡ

238 2651 503 2723 aquom;
543 2652 655 2706 οὗθ’
702 2654 789 2705 ὑπ’
831 2652 1006 2729 ἀρχὴν
1035 2659 1235 2720 πίπτει,
1282 2658 1400 2708 οὔτε
1447 2655 1579 2708 τέλει
1626 2660 1852 2731 περιορί-

238 2743 389 2803 ζεται
468 2762 482 2776 ·

237 2834 389 2905 ἡμῖν,
442 2827 583 2904 and“:
633 2835 769 2884 κατά
840 2836 929 2894 τὰς
998 2833 1261 2907 ἁμαρτίας
1309 2837 1455 2907 ημῶν
1512 2831 1852 2888 ἀνταποδότω

240 2924 395 2994 ἡμῖν.
431 2927 530 2975 Καὶ
552 2924 656 2995 γὰρ
700 2924 835 2974 κατά
889 2927 948 2975 τὸ
998 2922 1131 2994 ὕψος
1184 2931 1275 2975 τοῦ
1325 2924 1546 2998 οὐρανοῦ
1591 2923 1692 2976 ἀπὸ
1758 2931 1855 2985 τῆς

236 3016 344 3083 γῆς
408 3007 722 3083 ἔκραταίωσε
769 3014 825 3063 τό
899 3011 1035 3074 ἔλεος
1104 3010 1266 3065 αὐτοῦ
1335 3012 1419 3066 ἐπὶ
1485 3016 1542 3065 τό
1616 3011 1854 3088 βρότειον

243 3098 523 3173 πλήρωμα,
580 3099 756 3162 κλίνας
817 3100 1084 3176 οὐρανοὺς,
1151 3106 1243 3154 καὶ
1302 3101 1540 3165 καταϐὰς
1607 3108 1693 3155 επὶ
1757 3111 1857 3174 γῆν

247 3183 342 3241 διὰ
440 3188 825 3262 φιλανθρωπίας
928 3191 1271 3265 ὑπεράπειρον
1380 3191 1634 3247 ἄϐυσσον.
1729 3184 1858 3245 Καθ’

238 3279 361 3329 ὅσον
435 3276 551 3349 (62)
609 3274 902 3349 ἀπέχουσιν
960 3276 1204 3332 ἀνατολαὶ
1274 3277 1375 3333 ἀπὸ
1431 3276 1669 3352 δυσμῶν,
1731 3279 1856 3353 ἐμά-

246 3384 429 3438 κρυνεν
508 3363 591 3437 ἀφ’
660 3367 805 3437 ἡμῶν
891 3368 986 3429 τὰς
1070 3366 1332 3441 ἁμαρτίας
1398 3370 1564 3440 ἡμῶν,
1637 3367 1854 3427 ἀνατολὴ

238 3456 331 3527 μὲν
383 3452 634 3525 ἀείφωτος
689 3458 780 3506 καὶ
840 3455 906 3506 ὢν
968 3459 1058 3507 καὶ
1108 3454 1481 3529 ὀνομαζόμενος
1528 3478 1540 3489 ·
1590 3453 1747 3518 ὃύνας
1800 3454 1859 3510 δὲ

246 3541 283 3597 δ
288 3544 327 3596 ι’
356 3542 749 3616 εὖσπλαγχνίαν
780 3548 893 3615 (63)
923 3543 1221 3597 ἀνείκαστον
1252 3544 1333 3598 ἐπὶ
1363 3551 1456 3605 την
1490 3550 1704 3599 σκοτίαν
1742 3547 1862 3620 (64)

249 3640 346 3686 τοῦ
381 3632 501 3686 καθ’
555 3635 696 3705 ἡμᾶς
726 3632 849 3706 βίου
904 3638 994 3686 καὶ
1041 3640 1133 3686 τοῦ
1186 3639 1406 3710 σαρκίον

250 3721 537 3775 κατέλαϐεν
612 3722 764 3775 αὐτὸν
836 3724 866 3780 ἡ
952 3728 1142 3776 σκοτία
1215 3745 1227 3757 ο

560 2745 647 2801 Μὴ
714 2745 851 2795 κατά
921 2746 1012 2804 τάς
1071 2742 1289 2816 ἀνομίας
1353 2746 1498 2816 ἡμῶν
1574 2747 1852 2803 ποιησάτω

1488 3655 1500 3668 ·
1555 3635 1600 3688 εἰ
1650 3640 1740 3688 καὶ
1800 3636 1859 3688 οὗ

1319 3723 1509 3797 μᾶλλον
1593 3721 1680 3777 οὖν
1770 3730 1861 3777 καὶ

252 3808 576 3865 διεσκέδασε
620 3816 680 3865 τό
721 3808 956 3885 ζοφῶδες
1002 3818 1094 3865 καὶ
1148 3819 1584 3886 μςτεστοιχείωσε
1638 3818 1764 3889 πρὸς
1801 3818 1859 3866 τό

268 3897 569 3972 φωτοειδές,
620 3906 818 3955 Λοιπὸν
872 3901 1025 3973 ὀλίγα
1076 3904 1143 3955 τὰ
1193 3905 1471 3977 τραύματα
1524 3906 1590 3955 τὰ
1634 3905 1862 3977 ἡμέτερα

260 3991 390 4062 πρὸς
443 3995 535 4049 τὴν
612 3989 976 4064 ἀπεριόριστον
1042 3991 1389 4065 ἒμπλαστρον,
1458 3990 1517 4050 ἣν
1574 4001 1645 4064 τῷ
1701 3999 1857 4046 παντὶ

256 4078 611 4148 συνεξέτεινεν,
693 4082 775 4132 ἵνα
844 4082 1137 4154 θεραπεύσῃ
1199 4084 1266 4133 τὰ
1328 4083 1518 4136 πάντα.
1590 4080 1858 4152 Ἔγκειται

251 4165 311 4221 δὲ
370 4176 434 4241 τῇ
499 4169 813 4242 ἑμπλάστρῳ
886 4172 945 4221 τὸ
1006 4166 1437 4242 δραστικώτατον
1476 4172 1765 4243 φάρμακον,
1799 4177 1857 4225 τό

245 4258 381 4344 αἷμα
450 4259 612 4310 αὐτοῦ
660 4261 720 4311 τὸ
762 4256 1054 4333 θεόρρυτον,
1106 4260 1484 4311 καταναλίσκον
1524 4269 1623 4311 τῶν
1675 4261 1856 4333 ἡμετέ-

234 4367 343 4424 ρων
392 4351 706 4421 τραυμάτων
753 4353 847 4406 την
897 4350 1233 4414 κακοήθειαν,
1288 4351 1356 4412 ὡς
1430 4355 1520 4401 καὶ
1566 4352 1655 4410 τὰς
1703 4350 1857 4413 οὐλὰς

238 4436 545 4509 ἐξαλείφειν,
587 4441 677 4489 καὶ
705 4439 829 4511 πρὸς
860 4441 955 4495 τὴν
1012 4442 1265 4513 προτέραν
1322 4439 1499 4510 ὑγείαν
1537 4442 1674 4510 (68")
1727 4438 1855 4493 ἀπο-

237 4527 341 4583 καθ
350 4531 527 4596 ιστᾲν,

1887 4486 1928 4539 D

315 4737 430 4806 (35)
441 4735 640 4818 Mundi
644 4736 877 4818 pristini
888 4780 903 4806 ,
915 4735 976 4793 id
993 4736 1363 4818 estcorrupti
1378 4738 1483 4818 qui
1497 4737 1853 4818 redemptio-

240 4825 385 4865 nem
414 4808 730 4873 antecedit,
761 4815 933 4880 pater
958 4808 1417 4880 estAd_am,fqui
1439 4815 1626 4864 totum
1661 4808 1851 4879 genus

240 4879 583 4953 humanum
612 4877 1100 4953 quodam_ve_lut_i
1130 4877 1352 4935 diluvio
1373 4877 1850 4953 demersiticum

241 4967 387 5007 vero
414 4949 596 5022 paulo
619 4949 754 5022 post
768 4950 948 5006 Maria
960 4949 1310 5022 designetur
1326 4966 1435 5006 ceu
1447 4965 1587 5022 arca
1610 4950 1852 5009 Noetica

238 5023 385 5095 hinc
417 5021 596 5094 plane
623 5021 953 5095 Concludas
979 5021 1145 5095 licet,
1184 5022 1300 5095 hoc
1326 5021 1694 5095 symbolum,
1725 5038 1849 5095 quo

239 5092 464 5165 saepius
477 5109 661 5164 penes
674 5095 873 5165 Patres
891 5092 1148 5165 Deipara
1159 5092 1513 5159 celebratur,
1529 5092 1608 5148 ad
1631 5092 1849 5165 pra-Tro-

284 5163 504 5222 ativam
524 5180 770 5237 quoque
791 5163 1069 5221 devitatae
1092 5164 1171 5220 ab
1198 5180 1269 5221 ea
1294 5163 1646 5220 communis
1659 5166 1848 5222 ruinae

288 5238 656 5307 enotandam
683 5238 974 5307 spectare.

313 5306 428 5377 (56)
460 5305 582 5377 lsa.
596 5305 797 5372 x1x,'i.

315 5372 426 5447 (57)
457 5372 611 5433 Psal.
639 5393 881 5449 cxxxix,
913 5380 965 5432 8.

310 5450 427 5519 (58)
443 5465 635 5519 Lxxul,
659 5453 713 5505 3.

312 5520 429 5587 (59)
450 5521 593 5576 Gen.
612 5536 688 5583 ut,
717 5520 804 5577 15.

312 5588 422 5667 (60)
452 5591 606 5667 bsal.
638 5607 795 5673 Lm,
821 5594 922 5661 καὶ
950 5592 1001 5643 οἰ
1026 5588 1214 5666 ἐχθροὶ
1235 5590 1395 5643 αὐτοῦ
1412 5597 1549 5667 χοῦν
1580 5589 1843 5653 λείξουσι;

1393 294 1464 352 ΙΝ
1494 295 2112 355 ANNUNTIATIONEM
2150 297 2228 355 B.
2264 300 2500 358 MARIJE

3505 286 3613 342 734

1958 420 2099 477 illuc
2126 437 2395 480 remeare
2425 427 2600 498 cupio
2633 445 2648 495 ;
2699 425 2986 484 amatam
3014 408 3156 466 inde
3215 408 3458 498 evolare
3514 425 3612 466 me

1960 510 2193 581 pristini
2216 513 2427 567 mundi
2446 497 2611 572 paler
2628 499 2819 571 coegit
2840 500 2971 568 (55),
3003 514 3231 571 perque
3251 497 3409 554 hanc
3429 498 3613 555 vitam

1957 596 2235 655 ﬂuctibm
2259 588 2466 644 diluvii
2486 587 2828 644 demersam
2840 586 3195 659 jactandum
3227 586 3493 643 tradidit.

2024 695 2198 751 XLIX.
2227 695 2318 750 Tu
2364 695 2586 767 itaque,
2618 711 2654 751 o
2681 711 2822 751 arca
2874 693 3087 750 mundi
3135 694 3445 761 servatrix,
3475 709 3612 766 pre-

1956 799 2056 840 ces
2084 799 2275 851 meas,
2307 784 2578 855 obsecro,
2609 790 2770 841 ratas
2796 784 2969 849 habe,
3002 789 3060 840 et
3088 799 3293 839 meum
3320 783 3482 839 hunc
3502 781 3613 838 mi-

1958 872 2174 929 sellum
2194 889 2266 930 ac
2288 873 2512 929 nullius
2534 873 2705 945 pretii
2728 888 3069 930 sermonem
3089 872 3314 943 excipe.
3339 876 3420 927 Ac
3453 870 3617 927 velut

1954 962 2100 1019 levis
2128 979 2197 1019 ac
2218 962 2419 1020 lucida
2469 963 2662 1019 nubes
2690 963 2829 1036 (56),
2860 962 3150 1019 obumbra
3207 966 3391 1029 caput
3420 974 3615 1017 meum

1956 1053 2021 1108 in
2050 1052 2146 1109 die
2175 1051 2343 1109 belli.
2401 1053 2516 1123 (57)
2547 1052 2711 1109 Multi
2738 1052 2897 1108 enim
2932 1054 3093 1117 sunt,
3125 1049 3229 1123 qui
3262 1049 3340 1106 ab
3369 1048 3487 1104 alto
3517 1063 3615 1104 me

1956 1146 2334 1212 oppugnant,
2358 1147 2414 1196 et
2434 1141 2664 1210 sagittis
2687 1140 2886 1210 ignitis
2910 1139 3278 1212 jaculantur.
3302 1139 3462 1195 Leva
3486 1151 3614 1193 ma-

1957 1246 2070 1286 nus
2104 1237 2240 1286 tuas
2265 1232 2329 1286 in
2361 1231 2673 1300 superbius
2706 1237 3125 1302 tumoremque
3154 1244 3359 1285 eorum
3394 1228 3529 1296 (58),
3559 1228 3617 1282 et

1955 1320 2076 1376 cito
2104 1325 2343 1376 contere
2395 1336 2497 1376 eos
2525 1322 2637 1374 sub
2670 1318 2926 1391 pedibus
2952 1318 3190 1374 nostris.
3224 1317 3399 1383 Quod
3442 1318 3491 1373 si
3523 1332 3619 1388 pe-

1957 1408 2137 1463 dibus
2168 1409 2384 1464 nostris
2414 1409 2746 1464 etiamnum
2774 1407 2970 1480 pulvis
3011 1407 3227 1479 aliquis
3248 1423 3353 1478 per
3377 1421 3618 1478 serpen-

1959 1504 2047 1555 tes
2093 1498 2379 1555 calcaneo
2410 1499 2761 1555 insidiantes
2814 1498 2927 1567 (59)
2982 1496 3259 1567 injectus,
3308 1497 3612 1553 adhaeret:

1957 1588 2121 1644 huuc
2136 1590 2252 1658 ipsi
2269 1590 2508 1659 lingunt
2521 1588 2613 1657 (60
2622 1601 2659 1653 ),
2682 1603 2811 1641 cum
2827 1592 3208 1642 convertetur
3227 1586 3402 1641 dolor
3414 1598 3613 1640 eorum

1957 1677 2023 1733 in
2052 1684 2231 1747 caput
2262 1678 2528 1744 illorum,
2548 1685 2599 1731 et
2628 1677 2692 1732 in
2728 1676 3005 1732 verticem
3038 1676 3302 1744 ipsorum
3331 1673 3614 1745 iniquitas

1960 1781 2165 1823 eorum
2186 1764 2497 1823 descendet
2527 1765 2660 1836 (61),

2033 1944 2091 1998 L.
2111 1940 2312 1998 Redde
2333 1940 2507 1997 nobis
2534 1939 2863 2013 propitium
2887 1939 3094 2007 Deum,
3123 1937 3229 2010 qui
3253 1953 3326 1993 ex
3357 1941 3411 1994 te
3437 1942 3615 1995 natus

1956 2036 2253 2097 est;exora
2264 2029 2343 2086 ab
2354 2030 2487 2102 ipso
2500 2028 2830 2085 debitorum
2845 2032 3178 2084 nostrorum
3190 2026 3615 2083 remissionem.

1963 2120 2161 2190 Vides,
2191 2136 2377 2193 quam
2438 2119 2652 2190 ingens
2703 2117 2779 2174 sit
2831 2116 3104 2173 debitum
3151 2120 3469 2173 nostrum:
3500 2115 3618 2172 hoc

1960 2226 2149 2266 unum
2181 2208 2356 2266 nobis
2381 2214 2674 2281 superest,
2703 2214 2766 2263 ut
2788 2205 3258 2278 chirographum
3280 2204 3383 2261 tibi
3399 2206 3460 2260 in
3492 2220 3617 2260 ma-

1958 2314 2073 2354 nus
2094 2297 2410 2355 tradamus
2437 2315 2451 2352 :
2485 2313 2583 2363 ne,
2614 2312 2844 2369 quaeso,
2878 2300 3122 2367 propter
3149 2294 3281 2366 ejus
3302 2294 3542 2367 pondus
3563 2297 3619 2349 et

1958 2393 2204 2460 propter
2228 2387 2570 2443 debitorum
2600 2384 2908 2453 cumulum
2931 2383 3139 2440 oculos
3168 2388 3305 2439 tuos
3334 2387 3569 2441 avertas
3600 2398 3615 2438 :

1960 2476 2284 2532 sicutenim
2297 2476 2574 2546 exiguum
2589 2474 2764 2530 nobis
2778 2480 3023 2545 tempus,
3043 2489 3113 2528 ac
3124 2473 3308 2529 breve
3329 2472 3618 2545 reliquum

1958 2570 2049 2620 est
2079 2564 2390 2636 praesentis
2411 2564 2545 2620 vitae
2591 2564 2877 2635 spatium,
2910 2563 2996 2617 sic
3024 2562 3325 2618 immensa
3375 2576 3619 2635 quoque

1962 2661 2101 2710 sunt
2131 2654 2333 2709 debita
2356 2658 2578 2708 nostra.
2600 2653 2962 2723 Quanquam
2999 2650 3114 2706 ista
3143 2666 3178 2706 a
3196 2650 3370 2707 nobis
3395 2651 3489 2706 vix
3512 2667 3618 2705 nu-

1959 2743 2176 2800 merari
2202 2743 2450 2815 possint,
2482 2745 2543 2797 at
2573 2739 2693 2797 Filii
2728 2739 2810 2796 tui
2839 2738 3157 2795 clementia
3214 2740 3617 2812 quemadmo-

1961 2834 2107 2888 dum
2140 2848 2352 2904 expers
2372 2838 2461 2888 est
2490 2830 2783 2902 principii,
2809 2830 2891 2886 sic
2915 2828 3090 2884 nullis
3117 2828 3342 2885 ﬁnibus
3368 2829 3617 2886 circum-

1963 2920 2258 2977 scribitur.
2279 2920 2415 2976 Non
2434 2917 2757 2976 secundum
2784 2924 3033 2988 peccata
3070 2924 3279 2974 nostra
3303 2916 3481 2974 faciat
3508 2933 3615 2973 no-

1966 3011 2071 3076 bis,
2096 3024 2284 3080 neque
2310 3008 2633 3064 secundum
2676 3007 3023 3080 iniquitates
3067 3013 3301 3067 nostras
3328 3006 3619 3063 retribuat

1964 3098 2132 3156 nobis
2160 3099 2295 3168 (65).
2340 3097 2632 3164 Quoniam
2654 3098 2978 3154 secundum
3003 3098 3387 3156 altitudinem
3417 3097 3554 3154 caeli
3580 3110 3618 3152 a

1967 3194 2133 3244 terra
2169 3186 2581 3242 corroboravit
2610 3187 3080 3244 misericordiam
3101 3202 3271 3243 suam
3289 3199 3469 3254 super
3489 3180 3620 3236 uni-

1968 3293 2201 3333 versum
2214 3274 2559 3330 mortalium
2574 3288 2782 3344 genus,
2797 3276 3411 3346 propterimmensam
3446 3285 3620 3326 amo-

1968 3366 2049 3421 ris
2076 3365 2169 3420 sui
2185 3362 2617 3435 ergahomines
2641 3361 2931 3433 abyssum
2960 3367 3135 3421 crelos
3164 3365 3465 3421 inclinans
3478 3366 3534 3416 et
3558 3359 3621 3414 in

1969 3461 2187 3511 terram
2221 3452 2592 3509 descendens
2624 3453 2756 3522 (66).
2787 3451 3091 3519 Quantum
3144 3455 3326 3511 distat
3353 3457 3521 3509 ortus
3546 3448 3620 3505 ab

1968 3543 2472 3612 occidente,longe
2480 3542 2618 3611 fecit
2634 3556 2671 3596 a
2684 3539 2852 3597 nobis
2866 3544 3214 3614 iniquitates
3227 3549 3465 3598 nostras
3486 3538 3618 3609 (67),

1966 3635 2166 3690 oriens
2202 3631 2448 3704 quidem
2491 3644 2730 3700 semper
2762 3629 2990 3687 lumine
3014 3632 3371 3705 splendidus
3395 3635 3451 3685 et
3471 3627 3622 3684 exsi-

1968 3728 2129 3777 stens
2158 3728 2214 3776 et
2236 3718 2576 3792 appellatus
2608 3733 2620 3782 ;
2650 3720 2925 3777 occidens
2955 3737 3089 3777 vero
3120 3725 3362 3793 propter
3403 3717 3622 3774 inaesti-

1966 3810 2206 3866 mabilis
2226 3806 2649 3864 misericordias
2672 3822 2796 3862 suae
2823 3808 3050 3867 viscera
3070 3810 3149 3866 ad
3170 3810 3304 3865 vitae
3326 3812 3543 3863 nostra:
3563 3810 3623 3861 et

1967 3899 2045 3955 ad
2070 3896 2356 3954 humanae
2405 3895 2601 3950 carnis
2648 3895 2928 3952 tenebras
2963 3914 3029 3954 se
3057 3898 3393 3954 demittens.
3425 3897 3619 3960 Quan-

1967 4004 2154 4061 quam
2185 3986 2438 4042 tenebrae
2469 3999 2598 4040 eum
2664 3998 2786 4039 non
2840 3986 3423 4055 comprehenderunt
3456 3987 3567 4054 (68)
3604 4000 3617 4050 ;

1966 4076 2240 4149 quinimo
2266 4083 2322 4130 et
2350 4070 2645 4147 quidquid
2676 4073 3120 4131 tenebricosum
3179 4080 3323 4141 erat,
3373 4072 3622 4145 dispulit

1965 4173 2022 4221 et
2050 4167 2112 4221 in
2143 4164 2409 4220 lucidum
2459 4160 2925 4221 transformavit.
2986 4163 3279 4220 Caeterum
3306 4163 3458 4219 levia
3486 4177 3621 4218 cen-

1965 4257 2079 4311 seri
2125 4260 2383 4328 possunt
2434 4254 2704 4321 vulnera,
2738 4258 2964 4319 nostra,
2995 4253 3205 4310 sicum
3250 4252 3349 4309 illo
3375 4252 3620 4308 inﬁnitae

1964 4344 2195 4401 virtutis
2224 4345 2552 4417 pharmaco
2583 4346 3204 4416 comparentur,quod
3232 4341 3515 4398 omnibus
3546 4357 3618 4395 ex

1962 4451 2137 4507 aequo
2168 4435 2445 4502 porrexit,
2470 4438 2535 4489 ut
2557 4434 2764 4489 omnia
2797 4437 3060 4489 sanaret.
3103 4433 3257 4488 Inest
3288 4431 3449 4488 enim
3478 4430 3617 4485 huic

1961 4523 2293 4597 pharmaco
2313 4521 2793 4579 efﬁcacicissimte
2813 4520 3048 4577 virtutis
3081 4520 3467 4587 elementum,
3486 4518 3617 4589 ejus

1959 4736 2038 4791 Et
2051 4736 2285 4792 inimici
2293 4738 2423 4804 ejus
2436 4741 2664 4791 terram
2682 4735 2936 4803 lingent.
2953 4734 3238 4790 Eamdem
3259 4733 3617 4789 sententiam

1959 4806 2153 4875 legere
2175 4815 2266 4861 est
2294 4809 2402 4862 lsa.
2426 4822 2581 4873 χιιι,
2605 4812 2664 4862 et
2683 4805 2859 4861 Mich.
2885 4822 2981 4873 vu,
3012 4811 3094 4861 17.

2056 4878 2148 4951 61)
2189 4877 2344 4951 Psal.
2380 4894 2472 4933 vn.
2499 4878 2562 4930 17

2056 4948 2149 5014 6‘2)
2182 4948 2324 5006 Cod.
2353 4950 2599 5003 καθόσον,

2031 5017 2146 5091 (63)
2185 5019 2327 5076 COd'
2353 5017 2734 5089 ἓσπλαγχνίαν.

2031 5094 2145 5160 (64)
2185 5091 2304 5147 Cod
2315 5132 2328 5146 .
2360 5095 2619 5144 σκοτείαν.

2030 5164 2144 5233 (65)
2186 5164 2338 5218 Psal.
2364 5178 2457 5229 cu,
2489 5166 2572 5226 10,
2602 5160 2685 5215 11.

2032 5233 2143 5303 (66)
2183 5233 2332 5289 Psal.
2364 5249 2503 5301 xvn,
2531 5235 2622 5287 10.

2054 5304 2144 5365 67)
2187 5304 2339 5363 Psal.
2372 5318 2465 5365 cu,
2498 5304 2582 5358 12.

2054 5375 2143 5439 63)
2182 5377 2352 5432 Joan.
2391 5390 2430 5439 ι,
2455 5375 2512 5432 5.

2030 5441 2169 5515 (68")
2209 5447 2294 5503 Ita
2319 5446 2434 5502 cod
2462 5460 2601 5500 cum
2631 5441 2891 5499 dialecto
2920 5441 3170 5514 vulgari,
3204 5446 3266 5499 ut
3297 5442 3619 5505 Hedericus

1957 5523 2182 5587 censet,
2210 5533 2325 5603 pro
2345 5520 2576 5590 ὑγίειαν.
