4090 6384
540 304 644 361 735

1708 308 2021 369 CERMANI
2052 311 2099 366 II
2129 308 2232 366 ΟΡ.
2257 306 2686 367 PATRIACHE

3802 309 3904 366 736

537 441 759 500 nempe
803 425 1048 501 sanguis
1113 423 1398 486 divinitus
1445 439 1654 505 ιιωηε,
1712 437 1817 510 qui
1891 435 2194 494 vulnerum

2304 437 2562 493 strorum
2611 435 2696 493 ita
2774 432 3213 506 malignitatem
3283 429 3571 503 absumit,
3637 433 3702 492 ut
3761 433 3904 508 ipsis

537 531 780 590 (Ιιιοειιιθ
795 515 1095 573 Cicatrices
1108 515 1518 584 abstergeatet
1541 513 1602 568 in
1630 524 1942 584 Pri-stiriam
1970 525 2286 583 sanitatem
2316 525 2614 597 integram
2643 523 2936 582 restituat.

607 604 696 661 LI.
721 605 826 662 Tui
851 605 1054 678 itaque
1081 605 1143 678 (ο
1188 603 1480 676 Deipara),
1514 616 1683 658 sume
1703 602 2192 681 chirographum,
2221 617 2266 671 Α

536 709 658 767 quo
679 699 803 751 tam
832 695 1022 752 multa
1050 693 1251 750 debita
1283 695 1490 749 nostra
1537 690 1933 758 continentur,
1966 696 2023 749 et
2051 691 2199 749 illud

2372 614 2504 671 NA'.
2550 613 2702 668 Ὅθεν
2765 612 3004 667 λαϐοῦσα
3059 616 3118 666 τὸ
3183 611 3511 685 πολύστιχον
3559 619 3902 693 χειρόγραφον

2301 712 2401 756 τῶν
2449 706 2709 779 ἡμετέρων
2747 711 2942 779 χρεῶν,
2986 698 3274 778 διάρρηξον
3310 710 3429 766 ταῖς
3483 711 3600 765 σαῖς
3636 710 3903 782 πανάγνοις

535 783 798 840 dilacera
821 783 1229 841 immaculatis
1254 781 1370 839 illis
1388 780 1508 838 tuis
1537 779 1845 853 manibus,
1870 781 2093 854 quibus
2115 781 2194 839 uti

2305 797 2516 859 χερσὶν,
2547 793 2624 854 αἶς
2674 795 2762 845 τὸν
2848 792 2897 846 ἐν
2931 797 3078 866 χειρὶ
3116 792 3279 845 αὐτοῦ
3349 795 3438 845 τὸν
3464 796 3662 867 κόσμον
3703 796 3904 869 βαστά-

536 877 730 929 mater
757 888 917 942 eum,
969 873 1074 946 qui
1104 876 1306 946 portat
1333 871 1394 928 in
1452 885 1643 927 manu
1695 885 1808 928 sua
1849 871 2197 928 universum

535 963 852 1034 mundum,
917 963 1133 1034 gestati
1178 979 1194 1029 ;
1247 962 1362 1018 hac
1455 959 1620 1017 enim
1674 959 1751 1016 de
1828 975 2015 1018 causa
2056 977 2198 1017 eum

536 1051 800 1124 gestasti,
824 1067 948 1125 quo
979 1051 1179 1108 sicicet
1203 1051 1477 1108 humano
1526 1049 1732 1120 generi
1777 1049 1984 1108 debita
2012 1049 2196 1106 solve-

533 1145 756 1198 rentur.
791 1143 977 1198 Etiam
1006 1140 1182 1197 nobis
1211 1140 1388 1212 igitur
1434 1141 1624 1196 Deum
1657 1154 1731 1194 ex
1751 1142 1806 1194 te
1827 1143 2040 1197 natum
2065 1155 2198 1212 pro-

533 1231 750 1306 pitium
774 1231 977 1297 redde,
999 1231 1324 1303 ipsumque
1356 1245 1394 1286 a
1422 1228 1604 1286 veteri
1649 1231 1794 1302 (quo
1836 1228 1944 1285 tibi
1989 1229 2198 1286 obstri-

536 1326 666 1377 ctus
688 1313 938 1391 ten'etur)
986 1319 1192 1377 debito
1251 1319 1459 1376 libera.
1505 1319 1749 1375 Fenoris
1799 1319 1982 1388 enim,
2031 1318 2201 1392 quod

531 1410 668 1483 ipsa
688 1409 1104 1466 universorum
1128 1409 1381 1466 Domino
1405 1407 1812 1465 commodasti
1840 1408 1977 1480 (69),
2000 1408 2198 1465 carnis

536 1499 756 1555 scilicet
797 1499 1173 1573 hypostatice
1221 1515 1258 1556 a
1329 1501 1450 1555 Deo
1499 1501 1848 1570 assumpta,
1901 1499 2199 1556 rationem

531 1589 658 1662 ipse
677 1589 879 1657 habet,
911 1593 969 1646 et.
988 1590 1245 1662 gratiam
1275 1588 1383 1644 tibi
1435 1587 1641 1655 gratiis
1685 1587 1970 1644 omnibus
2009 1589 2198 1661 potio—

531 1693 660 1735 rem
685 1678 880 1749 debet,
905 1678 1073 1751 quod
1101 1678 1217 1735 hoc
1239 1677 1402 1735 idem
1441 1677 1636 1746 fenus,
1686 1692 1910 1750 purum
1951 1693 2198 1750 prorsus

533 1784 719 1842 supra
747 1783 935 1840 quam
965 1767 1082 1824 dici
1107 1767 1318 1840 possit,
1345 1771 1403 1823 et
1431 1765 1598 1823 omni
1626 1780 1776 1822 auro
1819 1765 2198 1838 splendidius

531 1874 603 1914 ac
627 1857 914 1914 sincerius
935 1871 1182 1925 sonans,
1207 1860 1266 1912 et
1286 1855 1567 1926 dignum,
1600 1871 1726 1928 quo
1760 1855 1890 1928 ipse
1917 1859 2200 1924 uteretur,

531 1946 586 2004 ei
611 1946 960 2003 servaveris.
985 1945 1157 2012 Quod
1187 1945 1432 2018 quidem
1462 1960 1576 2001 nos
1627 1948 1996 2001 contrectare
2037 1944 2205 2017 digni
2234 1982 2274 2037 Β

531 2037 667 2093 facti
691 2053 903 2093 sumus
931 2036 1082 2093 inter
1109 2051 1283 2092 sacra
1323 2035 1636 2108 mysteria,
1683 2051 1752 2092 ac
1784 2035 1967 2092 veluti
2020 2034 2206 2108 colly-

529 2126 702 2183 bistae
751 2125 1019 2200 mysticae
1049 2141 1121 2182 ac
1141 2129 1363 2182 sanctis
1385 2139 1610 2182 mensae
1637 2125 1903 2182 minutas
1928 2124 1990 2181 in
2005 2128 2205 2196 partes

530 2215 870 2286 tribuimus,
888 2219 1061 2289 etper
1081 2215 1340 2287 gratiam
1362 2215 1554 2288 ipsius
1571 2229 1870 2288 pauperes
1897 2215 2108 2288 spiritu
2125 2214 2204 2271 ab

528 2306 794 2380 antiquis
822 2305 1057 2372 debitis,
1079 2306 1165 2363 uti
1192 2304 1515 2372 credimus,
1547 2305 1768 2362 liberos
1817 2305 2201 2363 dimittimus.

597 2395 898 2463 Introduc,
957 2395 1307 2453 o.Domina
1359 2395 1806 2462 universorum,
1839 2394 1902 2451 in
1964 2394 2202 2452 cceleste

526 2501 741 2557 regum
763 2501 975 2543 omnes
999 2485 1104 2558 qui
1134 2485 1240 2541 tibi
1263 2501 1328 2540 se
1390 2483 1641 2552 dedunt,
1699 2489 1875 2558 teque
1936 2500 2073 2542 vere
2129 2499 2201 2541 ac

526 2575 772 2650 proprie
797 2575 896 2632 Dei
927 2575 1279 2633 Genitricem
1309 2574 1580 2646 credunt,
1624 2578 1684 2632 et
1712 2574 1902 2631 corda
1932 2574 2047 2632 hac
2079 2573 2199 2630 ﬁde

525 2665 922 2738 sanctificant,
942 2671 999 2723 et
1015 2666 1289 2739 linguam
1308 2665 1421 2722 hac
1443 2680 1590 2722 voce
1609 2663 1954 2738 puriﬁcant,
1968 2665 2198 2738 quique

526 2755 747 2813 auxilio
776 2761 875 2812 tuo
902 2755 1234 2826 gloriantur
1259 2771 1329 2810 ac
1359 2755 1486 2827 spei
1519 2753 1854 2810 anchoram
1903 2759 2021 2811 tuae
2073 2770 2196 2812 me-

524 2846 796 2904 ditationi
814 2845 1142 2903 adnectunt
1191 2851 1332 2918 post
1362 2848 1569 2916 Deum,
1619 2859 1804 2917 quem
1836 2844 1898 2901 iu
1923 2847 2092 2902 Patre
2141 2849 2198 2904 et

526 2935 669 2992 Filio
700 2941 756 2992 et
779 2940 988 2992 sancto
1021 2935 1241 3008 Spiritu
1271 2934 1604 2991 adoramus
1651 2938 1708 2990 et
1762 2934 2191 3005 gloriﬁcamus;

524 3025 618 3081 cui
640 3023 752 3081 soli
777 3024 966 3082 latrize
997 3023 1226 3080 cultum
1280 3022 1629 3090 deferimus,
1659 3027 1715 3079 et
1745 3039 1930 3096 quem
1989 3024 2194 3080 solum

524 3114 800 3172 omnium
827 3118 1106 3170 nostrum
1136 3113 1512 3170 conditorem
1543 3113 1846 3183 novimus,
1886 3118 1943 3170 et
1974 3129 2011 3172 a
2070 3131 2192 3188 quo

526 3215 725 3267 creata
752 3210 959 3267 omnia
987 3209 1270 3282 pendent,
1307 3216 1372 3266 ut
1400 3208 1731 3266 consistant
1751 3214 1808 3266 et
1833 3225 2193 3267 conserven-

525 3303 662 3365 tur;
692 3298 802 3354 soli
830 3299 1107 3356 increatae
1142 3314 1210 3355 ac
1247 3297 1628 3370 sempiternae
1687 3303 1939 3366 naturae,
1981 3299 2075 3355 cui
2093 3299 2191 3356 de-

526 3392 618 3444 cet
638 3387 836 3444 omnis
867 3387 1077 3458 gloria,
1108 3388 1304 3444 honor
1365 3391 1422 3443 et
1450 3386 1744 3455 adoratio,
1779 3387 2090 3462 decusque
2123 3405 2192 3447 ac

523 3476 974 3548 magniﬁcentia
987 3492 1150 3535 nunc
1165 3481 1222 3535 et
1236 3477 1299 3534 in
1319 3476 1555 3535 inﬁnita
1569 3491 1683 3534 saec
1693 3477 1790 3535 uia
1804 3477 2188 3550 saeculorum,

523 3571 734 3625 Amen.

2225 3353 2263 3408 C

1279 3746 1400 3802 νη.

523 3870 593 3926 In
605 3875 952 3928 sanctorum
970 3871 1387 3929 Innocentium
1404 3871 1774 3942 occisionem,
1796 3872 1923 3928 etin
1943 3872 2187 3930 initium

591 3944 788 3999 sancti
795 3943 1117 4014 Evangelii
1124 3943 1469 4000 secumdum
1482 3942 1780 4002 Marcum.
1795 3943 1973 4001 Lecta
1985 3946 2185 4002 Domi-

592 4016 734 4070 m'ca
761 4021 902 4071 ante
936 4016 1210 4072 Lumina.

2311 877 2466 936 ζοντα
2495 875 2563 935 ὡς
2592 885 2762 948 μήτηρ
2805 880 3100 942 ἐϐάστασας
3156 903 3170 916 ι
3217 880 3520 946 ἐϐάστασας
3578 881 3638 938 δὲ
3686 883 3779 940 διὰ
3817 895 3902 950 τὴν

2308 961 2480 1016 αἰτίαν
2518 965 2714 1022 ταύτην
2739 971 2835 1027 τῆς
2870 980 2970 1016 τῶν
3023 969 3304 1045 ἀνθρώπων
3353 972 3709 1046 χρεωλυσίας.
3757 976 3904 1032 Ἰλέω-

2311 1069 2400 1104 σον
2431 1047 2518 1104 οὖν
2548 1057 2637 1105 καὶ
2659 1054 2784 1125 ἡμῖν
2806 1056 2892 1105 τὸν
2919 1051 2975 1105 ἐκ
3043 1061 3140 1107 σοῦ
3182 1061 3438 1127 τεχθέντα
3479 1064 3633 1131 Θεὸν,
3692 1070 3783 1119 καὶ
3823 1075 3906 1130 τῆς

2307 1140 2660 1216 πολυχρονίου
2731 1140 3021 1206 ἀπάλλαξον
3086 1143 3309 1216 ὀφειλῆς.
3374 1146 3612 1205 Λίδεῖται
3680 1156 3786 1230 γὰρ
3855 1161 3907 1211 τὸ

2308 1232 2483 1304 χρέος,
2525 1232 2646 1306 ὅπερ
2700 1230 2832 1290 αὐτὴ
2872 1239 2946 1304 τῷ
2997 1239 3088 1286 τοῦ
3135 1236 3330 1296 παντὸς
3369 1240 3614 1312 Λεσπὸτῃ
3681 1240 3908 1300 δεδάνει.

2308 1339 2425 1388 κας,
2458 1324 2552 1380 τὴν
2594 1322 2767 1396 σάρκα
2816 1319 2948 1393 λέγω
2999 1326 3094 1381 τὴν
3150 1325 3530 1378 θεοῦπόστατον
3568 1347 3581 1360 ·
3623 1334 3718 1383 καὶ
3761 1334 3909 1409 χάριν

2312 1427 2396 1462 σοι
2427 1409 2613 1484 ὀφείλει
2650 1418 2832 1464 πασῶν
2871 1416 3108 1485 χαρίτων
3152 1417 3247 1472 τὴν
3296 1414 3533 1484 μείζονα,
3583 1419 3666 1470 ὅτι
3704 1423 3764 1474 τὸ
3827 1419 3910 1476 δά-

2308 1517 2438 1551 νειον
2483 1506 2636 1552 τοῦτο
2705 1503 3170 1575 πανυπερκάθαρον
3212 1497 3556 1577 διετήρησας,
3621 1513 3716 1562 καὶ
3782 1531 3909 1587 χρυ.

2312 1592 2429 1640 σίου
2478 1591 2670 1650 παντὸς
2721 1586 3132 1664 ἡλιοειδέστερόν
3189 1611 3244 1644 τε
3289 1597 3379 1645 καὶ
3427 1592 3772 1673 ὁϐρυζότερον
3826 1586 3908 1653 xai

2310 1675 2453 1740 ἄξιον
2501 1685 2592 1739 τῆς
2649 1677 2810 1731 αὐτοῦ
2866 1683 3138 1752 χρήσεως.
3222 1679 3385 1756 Ὅπερ
3450 1691 3911 1760 μεταχειρίζεσθαι

2311 1764 2611 1830 ἀξιωθέντες
2702 1769 2850 1841 ἡμεῖς
2945 1771 3300 1844 ἱερουργικῶς,
3403 1778 3911 1850 κατακερματίζομεν

2311 1860 2360 1910 οἱ
2433 1858 2743 1932 τραπεζῖται
2803 1867 2901 1922 τῆς
2957 1869 3221 1933 μυστικῆς
3273 1867 3362 1916 καὶ
3424 1863 3574 1937 ἁγίας
3633 1871 3907 1944 τραπέζης,

2311 1952 2546 2010 καὶτοὺς
2591 1953 2842 2022 πτωχοὺς
2881 1958 2954 2022 τῷ
2987 1954 3244 2024 πνεύματι
3282 1953 3646 2030 πολυχρονίων
3705 1959 3910 2034 λυτρού-

2313 2039 2445 2111 μεθα
2497 2046 2596 2090 τῶν
2651 2038 2862 2113 ὀφειλὼν
2924 2037 3019 2094 διὰ
3058 2049 3150 2106 τῆς
3193 2043 3356 2096 αὑτοῦ
3394 2046 3641 2120 χάριτος,
3695 2051 3764 2117 ὡς
3829 2070 3910 2107 πι-

2317 2145 2581 2200 στενομεν.

2386 2397 2584 2458 Πάντας
2633 2398 2886 2470 εἰσάγαγε
2953 2401 3086 2472 πρὸς
3152 2403 3246 2458 τὴν
3321 2401 3554 2478 οὐράνιον
3631 2405 3918 2479 βασιλείαν,

2310 2489 2340 2546 ἠ
2367 2491 2622 2541 Δέσποινα
2644 2495 2744 2540 τῶν
2801 2488 3060 2561 ἁπάντων,
3128 2493 3250 2552 τοὺς
3294 2491 3676 2566 ὁμολογοῦντάς
3725 2517 3782 2550 σε
3836 2503 3919 2551 καὶ

2311 2583 2616 2651 φρονοῦντας
2663 2581 2856 2654 κυρίως
2911 2583 3001 2631 καὶ
3050 2577 3257 2643 ἀληθῶς
3315 2586 3586 2651 Θεοτόκον,
3646 2590 3736 2638 καὶ
3791 2606 3922 2662 καρ-

2310 2662 2430 2719 δίαν
2505 2666 2818 2739 ἁγιάζοντας
2863 2675 2936 2738 τῷ
2994 2673 3307 2742 φρονήματι,
3360 2676 3449 2724 καὶ
3492 2672 3740 2743 γλῶσσαν
3773 2674 3919 2746 ἁγνί-

2309 2755 2491 2818 ζοντας
2537 2765 2610 2828 τῷ
2679 2761 2970 2831 φωνήματι,
3051 2757 3182 2812 κάπὶ
3223 2766 3338 2820 ταῖς
3407 2768 3523 2824 σαῖς
3607 2760 3915 2836 ἀντιλήψεσι

2305 2850 2700 2919 καυχωμένους,
2727 2852 2818 2900 καὶ
2846 2851 2942 2905 τὴν
2990 2846 3225 2923 ἄγκυραν
3273 2857 3364 2911 τῆς
3411 2848 3615 2912 ἐλπίδος
3662 2860 3760 2915 τῆς
3813 2861 3913 2922 σῆος

2305 2935 2594 3007 ἐξάψαντας
2650 2942 2932 3009 μεσιτείας,
2980 2941 3112 3011 μετὰ
3176 2943 3306 2993 Θεὸν
3357 2945 3447 2994 τὸν
3495 2941 3542 2994 ἐν
3590 2949 3762 3018 Πατρί
3827 2949 3910 2996 καὶ

2305 3027 2408 3097 Υἱῷ
2439 3031 2528 3079 καὶ
2577 3026 2708 3099 ἁγίῳ
2761 3030 3023 3100 Πνεῦματι
3078 3031 3528 3104 προσκυνούμενον
3581 3051 3637 3085 τε
3670 3038 3774 3086 xui
3824 3031 3906 3087 δο-

2305 3114 2583 3186 ξαζόμενον
2631 3137 2643 3149 ·

2303 3209 2553 3280 μιουργόν
2607 3207 2752 3278 ἡμῶν
2814 3205 3158 3280 ἐπιστάμεθα,
3225 3213 3315 3262 καὶ
3399 3210 3462 3263 οὔ
3501 3213 3567 3264 τὰ
3649 3218 3906 3286 κτίσματα

2301 3297 2473 3348 πάντα
2510 3293 2745 3367 ἐξέχεται
2794 3299 2923 3371 πρὸς
2964 3302 3198 3370 συνοχὴν
3251 3318 3307 3352 τε
3357 3304 3448 3353 καὶ
3505 3304 3784 3370 σύστασιν,
3845 3310 3899 3375 τῇ

2301 3389 2432 3458 μόνῃ
2466 3385 2697 3456 ἁκτίστῳ
2736 3387 2886 3458 φύσει
2916 3391 3006 3439 καὶ
3049 3390 3390 3463 προανάρχῳ,
3525 3395 3709 3466 πρέπει
3770 3398 3905 3445 πᾶσα

2304 3470 2456 3540 δόξα,
2507 3478 2659 3546 τιμὴ,
2722 3479 2813 3528 καὶ
2881 3478 3264 3550 προσκύνησις,
3315 3478 3661 3551 μεγαλωσύνη
3721 3499 3773 3535 τε
3821 3484 3902 3532 καὶ

2706 3114 2745 3188 ᾧ
2798 3121 2937 3190 μόνῳ
2982 3117 3315 3192 λατρεύομεν,
3373 3126 3462 3174 καὶ
3509 3122 3563 3174 ὃν
3611 3126 3765 3195 μόνον
3816 3119 3905 3180 δη·

2300 3563 2734 3639 μεγαλοπρέπεια,
2789 3573 2877 3617 νῦν
2927 3569 3018 3619 καὶ
3053 3565 3123 3629 εἰς
3189 3571 3311 3630 τοὺς
3366 3567 3738 3634 ἀτελευτήτους
3779 3569 3902 3623 αἰῶ-

2299 3673 2388 3716 νας
2413 3662 2510 3708 τῶν
2533 3654 2748 3711 αἰώνων.
2776 3654 2962 3728 Ἀμήν.

3081 3746 3152 3802 Ζ’.

2296 3873 2390 3956 Εἰς,
2433 3876 2526 3931 τὴν
2578 3875 2783 3956 σφαγὴν
2834 3878 2934 3924 τῶν
2986 3871 3147 3944 ἁγίων
3226 3877 3446 3940 νηπίων,
3504 3879 3598 3928 καὶ
3676 3877 3746 3938 εἰς
3817 3879 3900 3933 τὴν

2368 3943 2543 4023 ᾁρχὴν
2620 3943 2714 3997 τοῦ
2778 3947 2929 4023 ’κατὰ
3006 3943 3240 4023 Μάρκον
3307 3947 3460 4018 ἁγίου
3566 3948 3898 4023 Εὗαγγελίου.

2367 4017 2846 4088 Ἀναγινωσκομένη
2882 4017 3115 4090 κυριακῇ
3149 4021 3249 4090 πρὸ
3287 4017 3388 4071 τῶν
3415 4024 3630 4077 eam».

928 4104 1106 4173 (Inter
1135 4102 1424 4160 Homilies
1457 4102 1758 4160 variorum
1786 4105 2025 4161 Patrum
2052 4104 2146 4162 ed.
2180 4104 2578 4165 Hmschelius.
2618 4109 2902 4177 Augustae
2931 4105 3223 4163 Vindelic.
3278 4108 3435 4175 1586,
3467 4108 3574 4179 4ο.)

593 4191 633 4245 Ι.
661 4191 851 4257 «Quis
883 4194 1038 4247 Deus
1063 4197 1278 4264 praeter
1325 4195 1513 4249 Deum
1558 4195 1856 4263 nostrum,
1900 4195 2054 4250 Deus
2085 4196 2180 4254 ille

518 4279 626 4352 qui
654 4280 966 4352 praecingit
1019 4297 1116 4337 me
1146 4281 1360 4338 virtute
1387 4286 1444 4338 et
1495 4281 1735 4338 instruit
1774 4282 1960 4354 pedes
2015 4301 2186 4344 meos

518 4373 816 4440 tanquam
842 4385 1179 4437 cervorum,
1213 4371 1354 4427 etin
1384 4370 1621 4427 excelsa
1651 4375 1916 4428 statuens
1945 4378 2076 4431 me1
2102 4378 2130 4433 ?
2152 4399 2179 4428 »

519 4459 778 4513 Rursum
812 4458 999 4515 David
1025 4461 1281 4516 orationi
1321 4465 1648 4533 praecurrat
1684 4476 1822 4517 cum
1854 4461 2027 4520 solito
2083 4465 2185 4522 de-

519 4545 889 4618 cachordojet
901 4548 1069 4604 suavi
1086 4548 1348 4606 melodia
1361 4551 1631 4606 animam
1654 4565 1855 4606 meam
1867 4552 2184 4612 remissam

517 4639 574 4691 et
597 4635 994 4694 dormientem
1027 4639 1204 4712 quasi
1262 4640 1564 4710 inungens
1617 4639 1695 4696 ad
1750 4638 2036 4698 doctrinae
2070 4649 2185 4704 sta-

517 4723 686 4780 dium
716 4740 973 4799 eamque
1004 4727 1082 4783 ad
1110 4729 1209 4784 Dei
1239 4728 1450 4786 laudes
1480 4727 1771 4798 excitans,
1801 4729 1907 4801 qui
1932 4747 2029 4788 me
2072 4734 2185 4791 vir-

515 4817 638 4870 tute
662 4816 972 4888 praecingit
1001 4817 1282 4888 scientiae,
1332 4817 1716 4892 sterilemque
1773 4834 1974 4878 meam
2020 4839 2184 4882 men-

514 4908 635 4960 tem
663 4904 999 4963 inhabitare
1029 4907 1168 4964 facit
1194 4908 1256 4964 in
1287 4924 1462 4966 sacra
1507 4909 1622 4964 hac
1680 4907 1887 4976 domo,
1929 4917 2182 4972 matrem

512 4992 772 5050 filiorum
800 4994 1122 5068 laetantem;
1156 4997 1302 5070 ipsis
1327 4997 1467 5054 inde
1495 4997 1709 5068 genitis
1739 4996 2031 5058 doctrinae
2065 5019 2183 5060 ser-

512 5083 818 5142 monibus.
841 5085 970 5142 Non
999 5086 1162 5143 enim
1185 5102 1358 5143 meus
1380 5091 1467 5144 est
1487 5086 1584 5144 ille
1613 5086 1858 5158 fructus,
1893 5089 2000 5146 sed
2021 5095 2180 5150 totus

514 5187 550 5227 a
577 5173 769 5242 gratia
800 5174 901 5230 Dei
956 5176 1228 5247 procedit
1281 5195 1293 5245 ;
1325 5193 1447 5235 non
1476 5180 1644 5253 quod
1674 5183 1790 5240 sim
1821 5197 1934 5252 ego
1968 5181 2067 5241 illa
2095 5183 2181 5240 di—

513 5275 688 5331 gnus,
722 5262 830 5318 sed
857 5264 1023 5336 quod
1054 5265 1308 5322 dilectus
1339 5272 1429 5325 est
1453 5271 1574 5327 Deo
1600 5273 1863 5345 populus
1891 5288 2064 5330 meus
2090 5290 2102 5330 :
2127 5277 2184 5332 et

513 5355 754 5423 propter
779 5366 891 5407 nos
912 5368 1010 5409 me
1030 5353 1275 5413 roborat
1295 5360 1353 5414 et
1379 5357 1484 5416 dat
1501 5359 1755 5420 verbum
1783 5362 1846 5420 in
1877 5363 2182 5436 apertione

589 5494 602 5528 ¹
633 5492 788 5550 Psal.
815 5511 955 5562 xvu,
1007 5500 1188 5558 32-34.

583 5634 702 5709 (69)
723 5636 931 5697 Conf.l
963 5640 1107 5713 Reg.
1134 5656 1191 5714 ιι,
1215 5642 1305 5698 20.

2367 4196 2441 4252 A'.
2497 4217 2526 4248 «
2573 4200 2661 4257 Τίς
2718 4197 2848 4259 Θεὸς
2876 4195 3010 4255 πλὴν
3039 4203 3130 4249 τοῦ
3160 4199 3326 4270 ἡμῶν,
3367 4199 3392 4251 ὁ
3421 4201 3547 4260 Θεὸς
3591 4203 3624 4254 ὁ
3665 4201 3902 4276 περιζων‹

2293 4290 2424 4342 νύων
2453 4305 2516 4359 με
2570 4282 2816 4359 δύναμιν,
2869 4287 2894 4338 ὁ
2939 4286 3374 4359 καταρτιζὸμενος
3430 4293 3552 4351 τοὺς
3580 4287 3898 4363 πόδαςιιμου

2295 4377 2419 4428 ὡσεὶ
2450 4374 2659 4448 ἐλάφου,
2691 4379 2781 4427 καὶ
2811 4372 2893 4428 ἐπὶ
2923 4379 2988 4428 τὰ
3017 4374 3197 4446 ὑψηλὰ
3240 4378 3400 4430 ἱστῶν
3433 4397 3495 4451 με
3526 4395 3539 4445 ;
3599 4403 3623 4432 ι
3664 4380 3819 4434 Πάλιν
3877 4378 3900 4430 ὃ

2296 4460 2475 4519 Λαυῖδ
2512 4468 2848 4539 προτρεχίτω
2902 4472 2994 4518 τοῦ
3051 4464 3204 4537 λόγου
3244 4469 3374 4539 μετὰ
3403 4476 3496 4530 τῆς
3540 4473 3799 4530 συνήθους
3823 4487 3896 4520 xt-

2294 4556 2448 4626 νύρας
2504 4557 2594 4606 καὶ
2641 4561 2740 4606 τῶν
2813 4550 3165 4627 ἠδυφοόγγων
3229 4555 3553 4632 μελουργιῶν
3627 4560 3896 4632 ἐπαλείφων

2295 4645 2469 4717 ὥσπερ
2523 4646 2582 4695 τὸ
2639 4651 2735 4705 τῆς
2793 4641 2977 4714 ψυχῆς
3033 4641 3291 4717 ἀνειμένον
3358 4647 3726 4713 καθυπτιάζον
3782 4649 3896 4722 πρὸς

2293 4734 2352 4784 τὸ
2387 4728 2606 4785 στάδιον
2635 4740 2726 4795 τῆς
2757 4727 3118 4794 διδασκαλίας
3145 4738 3234 4786 καὶ
3253 4737 3383 4810 πρὸς
3411 4731 3725 4810 δοξολογίαν
3747 4734 3896 4810 διερε-

2297 4821 2441 4882 θίζον
2469 4827 2624 4888 Θεοῦ,
2666 4827 2758 4875 τοῦ
2804 4822 3206 4897 περιζωννύντος
3235 4842 3298 4896 με
3350 4820 3576 4897 δύναμιν
3641 4833 3891 4899 γνώσεως,

2293 4914 2685 4974 κατοικίζοντος
2747 4915 2842 4970 τὴν
2916 4916 3120 4987 στείραν
3185 4932 3287 4986 μου
3350 4909 3588 4967 διάνοιαν
3659 4915 3707 4969 ἐν
3779 4918 3893 4983 οἴκῳ

2293 5003 2460 5072 τούτῳ
2503 5000 2640 5076 ἱερῷ,
2699 5005 2901 5076 μητέρα
2934 4999 3018 5055 ἐπὶ
3061 5005 3259 5064 τέκνοις
3315 5002 3742 5078 εῦφραινομένην,
3795 5010 3893 5063 τοῖς

2294 5089 2506 5143 αὐτόθεν
2557 5093 2978 5164 ὰποτικτομίνοις
3027 5090 3203 5163 λόγοις
3261 5088 3619 5157 διδακτικοίς.
3674 5094 3750 5147 Οὐ
3800 5095 3893 5166 γὰρ

2294 5178 2414 5252 ἐμὸν
2469 5186 2622 5233 τοῦτο
2680 5181 3015 5255 κατόρθωμα,
3069 5179 3176 5233 ἀλλ’
3230 5181 3342 5234 ὅλον
3394 5190 3489 5246 τῆς
3531 5186 3756 5259 χάρίτος
3810 5186 3892 5233 τοῦ

2294 5274 2428 5323 Θεοῦ
2454 5290 2467 5304 ·
2502 5269 2608 5342 οὐχ
2635 5271 2717 5323 ὃτι
2745 5269 2887 5334 ἄξιος
2915 5273 3108 5332 ταύτης
3156 5269 3278 5345 ἐγὼ,
3329 5269 3438 5324 ἁλλ’
3491 5273 3571 5325 ὅτι
3633 5271 3892 5346 ἀγαπητὸς

2292 5359 2318 5411 ὁ
2345 5357 2468 5432 ἐμὸς
2492 5358 2614 5423 λαός
2640 5367 2714 5432 τῷ
2747 5366 2882 5432 Θεῷ,
2931 5364 3022 5414 καὶ
3080 5357 3157 5415 δι’
3209 5362 3350 5434 ἡμᾶς
3397 5359 3484 5435 ἐμὲ
3529 5357 3780 5434 δυναμοί,
3809 5361 3891 5411 καὶ
