4090 6382
203 316 312 379 ’73⁸7

1372 312 1662 378 HOMILIA
1698 316 1771 376 IN
1808 317 1906 377 SS.
1940 312 2403 376 INNOCENTES.

3474 317 3589 382 738

203 439 410 500 δίδωσι
434 440 587 513 λόγον
616 436 666 494 ἒν
718 434 910 506 άνοίξει
956 444 1050 495 τοῦ
1106 444 1389 517 στόματος,
1437 447 1528 496 καὶ
1555 449 1657 517 μοῦ
1696 462 1821 498 κατ-

1937 442 2050 501 oris
2080 440 2224 513 mei,
2246 443 2304 499 et
2322 438 2494 513 erigit
2518 438 2704 514 pedes
2728 456 2897 500 meos
2924 443 3003 503 ad
3051 444 3588 518 evangelizandum

198 534 408 608 αρτίζει
472 535 591 593 τοὺς
662 527 831 592 πόδας
907 530 1369 606 εὐαγγελιζομένου
1446 532 1655 608 εἰρήνην
1727 536 1819 587 καὶ

201 623 398 697 ἀγαθά·
435 626 528 676 καὶ
575 621 661 675 ἐπὶ
725 623 784 674 τὸ
850 619 1051 694 ὑψηλὸν
1109 628 1260 677 τοῦτο
1327 624 1453 694 ἱστᾷ
1519 621 1818 697 ξυλολὸφιον

204 719 419 789 κήρυκα
442 710 699 774 εὐσεϐείας
724 716 815 765 καὶ
872 707 1200 766 διδάσκαλον
1234 710 1440 786 ἀρετῆς.
1510 718 1612 766 Καὶ
1666 712 1820 766 πάλιν

202 803 366 866 αὐτὸς
392 805 465 866 ὡς
503 805 710 874 σημαία
736 799 822 855 ἐπὶ
850 799 1065 874 βουνοῦ,
1104 806 1194 856 καὶ
1222 804 1290 866 ὡς
1338 803 1481 863 ἱστός
1519 799 1595 855 ἐπ’
1644 804 1818 877 ὅρους,

201 891 565 966 συναθροίζων
593 893 653 944 τὸ
687 892 820 965 ἱερὸν
851 891 1242 965 στρατολόγιον.
1305 890 1382 945 Οῦ
1436 893 1539 965 γὰρ
1592 891 1653 944 ἂν
1701 891 1820 946 τολ-

200 986 362 1055 μήσω
388 979 548 1034 εἰπεῖν
575 980 653 1033 ὅτι
681 982 746 1041 ὡς
795 978 936 1041 πόλις
992 977 1161 1033 ἐπάνω
1215 980 1388 1055 ὅρους,
1446 983 1538 1033 καί
1606 982 1676 1043 ὡς
1731 979 1818 1032 λύ-

198 1090 332 1145 χνος
363 1072 448 1124 ἑπὶ
501 1068 747 1142 λυχνίας·
814 1075 984 1123 ταῦτα
1038 1072 1141 1144 γὰρ
1199 1077 1300 1122 τῶν
1366 1066 1643 1131 ἀναϐάσεις
1701 1076 1817 1133 ταῖς

202 1169 349 1233 σφῶν
413 1153 662 1233 καρδίαις
722 1159 997 1232 τιθεμένων
1047 1161 1139 1212 καὶ
1194 1160 1285 1220 τὰς
1345 1165 1448 1211 τῶν
1506 1155 1817 1232 ἀναϐαθμῶν

199 1247 499 1321 ψαλλόντων
529 1243 694 1320 ᾠδὰς,
735 1244 803 1298 ὧν
858 1251 950 1301 καὶ
999 1248 1059 1300 τὸ
1108 1254 1212 1321 φῶς
1275 1254 1375 1300 τῶν
1423 1248 1583 1321 ἔργων
1629 1249 1818 1322 ἔμπρο-

204 1340 327 1393 σθεν
390 1345 490 1391 τῶν
553 1334 833 1411 ἀνθρώπων
888 1335 1101 1409 λάμπει,
1169 1337 1307 1389 κατά
1361 1337 1422 1389 τὸ
1478 1335 1816 1409 Εὐαγγέλιον.

205 1431 333 1503 Φέρε
359 1430 529 1481 τοίνυν
557 1423 612 1489 εξ
663 1424 842 1499 ἑορτῆς
891 1424 1319 1499 μετελωσὼμεθα
1372 1424 1444 1488 εἰς
1494 1424 1678 1499 ἑορτὴν
1728 1433 1821 1487 τῆς

214 1517 611 1593 παρῳχημένης
684 1518 780 1573 την
854 1513 1156 1589 με’λλουσον,
1227 1511 1283 1566 ἐκ
1342 1521 1439 1575 τῆς
1504 1520 1825 1578 Δεσποτικῆς

204 1607 348 1659 κατὰ
412 1606 586 1680 σάρκα
634 1607 921 1677 γεννήσεως
978 1601 1063 1658 ἐπὶ
1112 1606 1205 1662 τὴν
1260 1609 1360 1656 τῶν
1416 1599 1615 1657 δούλων
1674 1604 1821 1677 ἡμῶν

201 1691 569 1769 ἀναγὲννησιν·
601 1695 658 1747 ἐκ
686 1700 778 1747 τοῦ
819 1690 1031 1769 ἀστέρο5
1078 1695 1206 1767 πρὸς
1255 1694 1341 1746 τὸν
1397 1696 1560 1767 μέγαν
1604 1692 1821 1765 λύχνον,

1929 548 2146 607 pacem
2176 535 2234 589 et
2257 530 2443 597 bona;
2471 535 2529 588 et
2546 546 2645 588 me
2673 547 2854 606 super
2880 533 3039 593 hanc
3063 535 3362 594 excelsam
3392 535 3592 593 cathe-

1930 622 2106 680 dram
2137 620 2342 679 statuit
2377 619 2616 694 pietatis
2644 636 2988 694 praeconem
3021 628 3078 681 et
3115 625 3348 685 virtutis
3392 624 3590 697 magi-

1931 716 2140 769 strum.
2173 713 2238 767 Et
2263 725 2507 767 rursum
2534 709 2664 782 ipse
2692 713 2988 785 tanquam
3041 713 3322 771 vexillum
3349 713 3413 770 in
3442 713 3590 771 colle

1930 804 1989 857 et
2013 804 2308 875 tanquam
2336 798 2535 856 malus
2566 798 2630 855 in
2657 806 2883 870 monte,
2917 816 3296 873 congregans
3348 817 3590 859 sacrum

1929 889 2277 946 exercitum.
2306 890 2435 946 Non
2457 888 2621 946 enim
2653 888 2896 947 audebo
2926 890 3123 949 dicere
3153 906 3250 948 me
3275 906 3412 948 esse
3465 895 3593 948 tan-

1927 992 2116 1052 quam
2144 978 2358 1035 urbem
2384 993 2572 1051 supra
2600 982 2871 1036 montem
2896 984 3002 1036 aut
3026 984 3317 1054 tanquam
3363 980 3593 1053 lampa.

1927 1067 2070 1125 dem
2097 1083 2281 1140 supra
2306 1067 2742 1126 candelabrum
2768 1084 2781 1124 :
2809 1067 2941 1126 hac
2970 1069 3133 1126 enim
3187 1086 3398 1128 eorum
3450 1069 3596 1125 sunt

1927 1156 2111 1231 quiin
2138 1156 2355 1215 vestris
2389 1156 2675 1215 cordibus
2690 1173 3048 1231 progressus
3070 1162 3350 1232 statuere,
3379 1163 3439 1216 et
3462 1174 3595 1230 gra-

1928 1247 2121 1304 duum
2149 1246 2536 1321 psallentium
2556 1251 2770 1304 cantus
2801 1262 3083 1321 posuere,
3101 1264 3364 1321 quorum
3389 1248 3496 1305 lux
3516 1263 3592 1305 ex

1930 1335 2214 1410 operibus
2236 1344 2445 1394 coram
2469 1334 2821 1393 hominibus
2847 1336 3004 1394 lucet
3048 1337 3384 1394 secundum
3403 1339 3595 1394 Evan-

1931 1425 2178 1497 gelium.
2200 1423 2304 1483 Eia
2330 1425 2512 1497 igitur
2528 1440 2560 1481 e
2576 1425 2732 1483 festo
2760 1429 3140 1484 transeamus
3152 1426 3231 1483 ad
3250 1425 3494 1497 festum,
3520 1442 3593 1484 ex

1933 1513 2235 1571 celebrato
2266 1512 2340 1571 ad
2371 1513 2663 1584 futurum,
2686 1528 2759 1570 ex
2785 1513 3024 1570 Domini
3073 1513 3411 1571 secundum
3459 1528 3595 1572 car-

1930 1618 2074 1661 nem
2099 1601 2484 1673 generatione
2509 1601 2589 1658 ad
2611 1606 2882 1659 nostram
2913 1618 3226 1660 servorum
3280 1617 3596 1674 regenera-

1929 1690 2199 1761 tionem;
2230 1706 2306 1748 ex
2336 1689 2507 1748 stella
2531 1690 2612 1748 ad
2634 1706 2926 1763 magnam
2953 1690 3324 1765 lampadem,
3348 1707 3425 1749 ex
3455 1691 3594 1749 stel-

196 1793 296 1840 τοῦ
362 1781 668 1861 προρδόμου
738 1791 836 1837 τῶν
877 1781 1242 1858 ἀστρολατρῶν
1309 1786 1394 1836 ἐπὶ
1449 1785 1536 1836 τόν
1597 1779 1824 1859 πρόδρο-

1937 1781 2128 1840 larum
2156 1781 2547 1838 adoratorum
2571 1779 2780 1837 itinere
2810 1780 2890 1837 ad
2919 1780 3098 1838 totius
3143 1780 3389 1852 justitiaa
3441 1779 3593 1839 Solis

203 1894 309 1950 μον
343 1882 436 1929 τοῦ
464 1873 640 1929 Ἡλίου
678 1879 771 1935 τῆς
827 1869 1187 1944 δικαιοσύνης,
1241 1871 1301 1926 οῦ
1356 1873 1542 1949 τριττά
1600 1876 1828 1948 προσφέ-

203 1983 381 2041 ροντες
411 1961 581 2038 δῶρα,
610 1967 793 2016 πίστιν
820 1956 881 2015 δι
944 1960 1134 2035 μᾶλλον
1191 1967 1287 2022 τὴν
1344 1962 1415 2023 εἰς
1468 1965 1677 2037 Πατέρα
1731 1962 1823 2016 καὶ

202 2056 328 2109 Υἱόν
353 2057 445 2106 καὶ
470 2051 620 2125 ἅγιον
647 2057 858 2124 Πνεῦμα
887 2053 948 2110 ἦν
979 2049 1349 2128 ἄπισφραγίξει
1400 2054 1461 2104 τό
1511 2049 1817 2125 βάπτισμα.

214 2142 348 2198 Μετ’
422 2139 650 2214 ἀγγέλων
712 2133 1035 2212 ἕδοξάσαμεν
1098 2144 1358 2214 πρότριτα
1414 2143 1510 2199 τὴν
1576 2138 1825 2216 ἐνανθρώ-

200 2250 366 2291 πησιν
396 2238 491 2285 τοῦ
520 2236 679 2298 Θεοῦ,
712 2233 805 2283 καὶ
836 2229 966 2306 ὑπερ
1014 2228 1268 2302 ἀγγέλους
1321 2225 1681 2303 εδοξάσθημεν
1733 2226 1830 2283 διὰ

203 2324 425 2381 ταὺτην·
460 2342 489 2372 ‹‹
531 2318 607 2373 Οῦ
660 2320 764 2392 γὰρ
824 2315 1054 2392 ἀγγελων
1114 2316 1406 2387 ἐπελάϐετο,
1467 2320 1636 2381 καθὼς
1686 2320 1748 2372 ἄν
1799 2320 1827 2373 6

208 2410 414 2473 Παῦλος
471 2407 594 2486 ἐρεῖ·
664 2407 795 2461 ἀλλά
850 2413 1157 2484 σπέρματος
1206 2407 1466 2483 Ἀϐραὰμ,
1526 2410 1640 2463 ὅθεν
1695 2410 1830 2462 κατὰ

215 2500 393 2556 πάντα
415 2500 543 2573 ἡμῖν
580 2498 824 2572 ὡμοιώθη
865 2503 1037 2574 χωρὶς
1076 2496 1357 2573 ἁμαρτίας.
1399 2519 1427 2547 ι)
1469 2500 1616 2552 Μετὰ
1650 2502 1831 2571 ποιμέ-

217 2610 317 2643 νων
383 2586 836 2663 περιελάμφθημεν
891 2594 954 2659 τῇ
1018 2583 1145 2660 δόξῃ
1205 2594 1295 2640 τοῦ
1341 2589 1680 2660 γεννηθέντος,
1738 2592 1830 2641 καὶ

217 2680 342 2754 όπὶρ
415 2680 666 2750 ποιμένας
728 2680 788 2729 τὸ
855 2673 1151 2749 ἀφάταστον
1215 2684 1312 2739 τῆς
1378 2682 1685 2751 σαρκώσεως
1745 2674 1830 2730 ἒπ-

216 2773 522 2842 εγνὼκειμεν
591 2765 684 2820 οὐκ
751 2764 1032 2839 ὀφθαλμοῖς
1089 2769 1244 2839 μόνον
1295 2765 1672 2841 παραλαϐόντες
1727 2769 1832 2819 κεί-

215 2878 366 2933 μενον
397 2857 445 2910 ἑν
477 2858 639 2931 φάτνῃ
671 2863 734 2929 τῇ
767 2863 1026 2929 μυστικῇ,
1094 2853 1224 2908 ἀλλά
1284 2861 1374 2909 καὶ
1433 2861 1659 2929 στόματι
1714 2853 1832 2908 δια-

212 2948 623 3021 ψηλαφήσαντες
681 2948 770 2999 τὸν
826 2944 1065 3019 οὐράνιον
1127 2946 1284 3020 ἄρτον
1348 2944 1421 3009 εἰς
1488 2944 1829 3021 βεϐαιοτέραν

212 3044 309 3100 τὴν
337 3040 621 3093 πίστωσιν.
647 3034 959 3109 Ὀφθαλμῶν
989 3037 1080 3109 μὲν
1131 3038 1233 3109 γάρ
1292 3035 1453 3089 ὠτίων
1505 3040 1826 3111 πιστότεροι,

217 3126 491 3202 ὀφθαλμῶν
518 3122 578 3180 δι
614 3125 716 3199 ἀφή
769 3121 1099 3198 βεϐαιότερα,
1157 3128 1331 3199 στόμα
1386 3121 1447 3179 δὲ
1502 3130 1593 3179 καὶ
1663 3122 1828 3199 ἀμφο-

214 3222 374 3294 τέρων
403 3219 731 3291 πιστότερον.

285 3305 354 3365 Β’.
397 3307 611 3361 Πάντων
650 3300 739 3358 οὖν
789 3312 890 3358 τῶν
948 3302 999 3357 ἓν
1051 3302 1279 3379 Βηθλεὲμ
1330 3306 1642 3381 ἱεροπρεπῶς
1695 3303 1831 3360 τελε-

215 3399 441 3452 σθέντων
502 3394 840 3470 χαρμονικῶν
904 3396 1057 3447 ὄντων
1123 3398 1212 3448 καὶ
1275 3394 1543 3469 τερπωλῆς
1598 3392 1827 3471 ἐμφορη-

212 3495 374 3541 τικῶν
414 3480 798 3546 διαϐαινούσης
828 3483 896 3545 εἰς
920 3487 1015 3543 τὴν
1044 3483 1252 3557 ψυχὴν,
1295 3484 1344 3538 ἓν
1385 3481 1446 3544 ἦν
1491 3488 1551 3538 τό
1609 3487 1829 3538 ἀνιάσαν

213 3582 307 3630 καὶ
339 3578 577 3649 πγχέαν
606 3575 700 3636 τὰς
753 3570 991 3634 διανοίας
1045 3581 1146 3625 τῶν
1214 3572 1592 3649 φιλοχρίστων,
1650 3576 1680 3634 ἡ
1737 3583 1831 3637 τῆς

215 3663 569 3742 ἀπειροκάκου
592 3661 823 3724 νεολαίας
880 3662 1164 3738 ἀναίρεσις.
1207 3664 1234 3715 6
1284 3664 1530 3737 θερισμός
1584 3672 1675 3725 τῆς
1728 3662 1829 3717 ἀώ-

213 3773 305 3830 ρον
335 3754 507 3827 χλόης
540 3756 633 3806 καὶ
672 3750 974 3827 ἀρτιφυοῦς.
1041 3750 1181 3810 Πλὴν
1241 3756 1332 3804 καὶ
1391 3755 1510 3805 τότε
1572 3759 1682 3814 τοῖς
1737 3756 1828 3826 μὲν

218 3844 491 3920 θερίζουσι
510 3841 701 3917 μᾶλλον
760 3837 1209 3914 ἔπεδακρύσαμεν,
1270 3848 1378 3903 τοῖς
1445 3837 1505 3894 δε
1554 3842 1828 3917 θεριζομέ-

217 3953 328 3994 νοις
352 3930 709 4006 ἐφηδύνθημεν
740 3927 1065 4004 δράγμασιν·
1114 3931 1196 3983 ὅτι
1251 3929 1301 3983 ἐν
1331 3929 1537 4004 μαλακῇ
1605 3938 1667 4004 τῇ
1722 3950 1829 4005 ποᾳ

224 4027 319 4076 καὶ
346 4022 567 4076 νεοθαλεῖ
603 4017 766 4097 ἀδρόν
818 4023 905 4073 τόν
954 4020 1162 4092 στάχυν
1214 4016 1642 4087 ἁποδεδωκασιν,
1698 4019 1827 4074 ἀπο-

225 4114 395 4172 θηκῶν
424 4120 522 4165 τῶν
562 4110 669 4164 ἄνω
720 4109 953 4173 ἐπάξιον.
1025 4114 1125 4163 Καὶ
1177 4109 1271 4162 οὐκ
1329 4112 1554 4182 εἴπομεν,
1606 4108 1831 4182 Εῦλογία

220 4206 418 4278 Κυρίου
450 4199 535 4256 ἐπὶ
565 4205 687 4265 τοὺς
728 4200 1040 4276 θερίζοντας·
1092 4197 1221 4253 ἀλλά
1274 4205 1369 4260 τὴν
1431 4200 1672 4276 εὐφορίαν
1727 4208 1827 4253 τῶν

220 4287 544 4368 δραγμάτων
609 4289 1018 4366 ἐμακαρίσαμεν.
1097 4288 1157 4343 Εἰ
1228 4291 1330 4364 γάρ
1387 4293 1478 4342 καὶ
1543 4288 1829 4366 παραπλη-

219 4386 351 4446 σίως
378 4390 491 4444 τοῖς
515 4380 599 4434 ἐπί
626 4388 726 4434 τῶν
760 4376 1016 4454 δωμάτων
1056 4376 1329 4452 ἐσχήκασι
1379 4381 1438 4432 τό
1488 4379 1827 4455 εὐμάραντον,

217 4470 450 4545 ἐνὸλίγῳ
482 4469 784 4530 ἀνθήσαντά
811 4490 867 4524 τε
930 4474 1022 4522 καί
1083 4467 1480 4528 ἀπανθήσαντα·
1550 4468 1680 4523 ἀλλά
1742 4474 1830 4524 τὸν

380 4527 394 4545 ,
422 4531 432 4544 ,
597 4527 606 4530 _
1274 4527 1277 4528 ,

216 4561 413 4616 κόλπον
481 4560 787 4634 ἐπλήρωσαν
815 4567 909 4613 τοῦ
940 4558 1180 4634 Ἀϐραὰμ
1204 4565 1297 4611 τοῦ
1334 4561 1402 4612 τά
1442 4566 1662 4612 τοιαῦτα
1712 4559 1833 4613 συλ-
1864 4527 1908 4582 D

216 4651 455 4715 λέξαντος
482 4647 768 4725 δράγματα
813 4653 904 4702 καὶ
959 4646 1384 4721 συγκλείσαντος.
1446 4647 1602 4702 Ἀλλά
1655 4648 1831 4702 ἔλαθεν

219 4740 463 4796 ἐαυτὸνό
510 4743 755 4813 μεμηνὼς
818 4733 1046 4815 Ηρώδης
1109 4742 1200 4790 καὶ
1256 4738 1450 4807 ἔκνους,
1512 4738 1538 4790 ό
1595 4745 1666 4791 τῶ
1723 4742 1832 4791 ὄντι

219 4830 557 4906 δερμάτινος,
613 4828 702 4891 Εἰς
773 4836 925 4881 τοῦτο
979 4829 1082 4901 γάρ
1132 4828 1162 4886 ἠ
1240 4825 1429 4889 κλῆσις
1477 4826 1638 4879 αὐτοῦ
1713 4847 1831 4899 μετ-

215 4918 592 4981 ηλώττισται.
662 4914 847 4972 Ἔλαϐε
917 4920 977 4970 τό
1077 4911 1571 4992 ἠρυθροδανωμένον
1674 4913 1834 4970 ἐκεῖνο

219 5009 399 5085 δέρμα
421 5008 475 5072 ἐξ
496 5008 676 5062 ἀθὼων
722 5009 980 5082 αἱμάτων,
1035 5008 1094 5059 τὸ
1145 5003 1416 5059 συντελοῦν
1467 5005 1539 5067 εἰς
1581 5007 1646 5058 τά
1707 5022 1834 5065 σκη-

218 5108 443 5175 νώματα
478 5107 569 5160 τῆς
596 5092 805 5173 Κηδάρ,
836 5099 957 5151 ἔνθα
1012 5097 1039 5148 6
1089 5103 1182 5149 τοῦ
1235 5100 1453 5157 σκότους
1504 5095 1687 5168 ἄρχων
1742 5100 1834 5148 καὶ

220 5190 315 5245 ἀπ³
346 5189 521 5265 ἀρχῆς
547 5186 967 5264 ἀνθρωποκτόνος
1013 5188 1421 5243 επαναπαύεται.
1474 5188 1576 5239 Καί
1616 5203 1676 5256 γε
1723 5192 1832 5248 πῶς

220 5274 438 5341 ἐλπίδος
500 5276 719 5351 ἔσφάλη,
787 5281 879 5330 καὶ
942 5277 1068 5350 ὑπὲρ
1120 5274 1225 5337 ἐνὸς
1301 5269 1493 5338 δεδιὼς
1553 5272 1830 5349 βασιλέως,

217 5369 443 5431 πνλλοὺς
480 5366 629 5429 αὐτὸς
686 5364 1004 5436 ἀπετέλεσεν,
1056 5363 1142 5426 οῦς
1191 5366 1285 5423 τὴν
1347 5362 1402 5427 ἐξ
1454 5364 1688 5437 αἱμάτων
1732 5362 1833 5435 ἠμ-

220 5464 384 5536 ᾳὲασε
406 5453 732 5533 πορφυρίδα.
761 5453 828 5511 Oi.
857 5452 917 5511 δὲ
958 5452 1408 5530 συμϐασιλεύουσι
1462 5460 1535 5526 τῷ
1592 5450 1832 5527 ἀθανάτῳ

297 5672 325 5718 ³
360 5671 542 5736 Hebr.
581 5688 623 5732 ιι
659 5676 742 5732 16.

1932 1885 2343 1945 progressum,
2374 1885 2501 1927 non
2521 1869 2633 1927 tria
2660 1868 2978 1927 afferentes
3005 1869 3187 1941 dona,
3240 1869 3347 1926 sed
3393 1870 3596 1942 potius

1931 1959 2120 2017 fidem
2146 1958 2211 2015 in
2240 1961 2475 2016 Patrem
2516 1962 2575 2015 et
2618 1957 2827 2016 Filium
2876 1963 2933 2016 et
2989 1958 3275 2032 Spiritum
3318 1962 3596 2016 sanctum

1933 2064 2121 2122 quam
2152 2047 2469 2118 consignat
2490 2046 2817 2121 baptisma.
2849 2046 3065 2104 Triduo
3095 2051 3234 2104 ante
3259 2063 3398 2105 cum
3419 2063 3599 2119 ange-

1933 2134 2005 2194 lis
2031 2135 2504 2209 gloriﬁcavimus
2530 2135 2633 2193 Dei
2653 2136 3154 2205 incarnationem,
3189 2151 3260 2194 ac
3301 2152 3411 2210 per
3459 2152 3598 2194 eam

1937 2241 2123 2300 super
2148 2225 2397 2298 angelos
2429 2240 2641 2282 sumus
2668 2225 3006 2298 gloriﬁcati.
3041 2248 3062 2276 ι
3088 2228 3218 2284 Non
3236 2225 3397 2283 enim
3419 2241 3600 2298 ange-

1935 2316 2028 2375 los
2057 2315 2340 2389 suscepit,
2372 2320 2440 2372 ut
2461 2314 2658 2389 inquit
2687 2314 2934 2383 Paulus,
2964 2315 3070 2372 sed
3102 2329 3311 2372 semen
3341 2315 3597 2373 Abrahae

1936 2406 2101 2464 unde
2120 2406 2182 2463 in
2203 2404 2493 2462 omnibus
2518 2404 2696 2462 nobis
2726 2404 2936 2462 similis
2975 2404 3172 2461 factus
3222 2408 3312 2462 est
3365 2404 3599 2479 absque

1938 2500 2187 2570 peccato
2206 2497 2248 2531 ³·
2279 2517 2310 2547 ››
2343 2498 2490 2555 Cum
2515 2494 2862 2569 pastoribus
2894 2493 3085 2566 gloria
3112 2495 3238 2553 nati
3277 2494 3599 2553 Salvatoris

1942 2584 2258 2659 splendide
2270 2583 2874 2655 circumdatisumus,
2892 2589 2950 2641 et
2968 2584 3163 2656 magis
3183 2599 3374 2658 quam
3394 2588 3598 2657 pasto-

1938 2690 2036 2732 res
2067 2674 2319 2748 quodin
2347 2673 2764 2731 incarnatione
2793 2673 3087 2731 invisibile
3135 2678 3262 2732 erat
3320 2673 3599 2743 cognovi-

1945 2781 2100 2834 mus,
2126 2779 2251 2821 non
2271 2763 2463 2821 oculis
2483 2761 2667 2820 modo
2687 2778 2828 2820 eum
2852 2761 2959 2836 qui
2981 2762 3043 2819 in
3073 2762 3331 2837 mystico
3359 2761 3598 2820 stabulo

1933 2852 2180 2926 jacebat
2206 2853 2623 2927 percipientes,
2647 2853 2753 2911 sed
2774 2857 2833 2910 et
2864 2868 2967 2909 ore
2996 2856 3434 2911 contrectantes
3478 2868 3599 2909 cce-

1937 2944 2152 3001 lestem
2177 2957 2402 3017 panem
2431 2943 2494 2999 in
2521 2941 2853 3000 ﬁrmiorem
2872 2941 3081 3001 ﬁdem.
3109 2940 3276 3000 Oculi
3306 2941 3471 2999 enim
3495 2956 3599 2998 au-

1937 3031 2105 3088 ribus
2124 3030 2422 3088 ﬁdeliores
2452 3034 2608 3103 sunt,
2642 3029 2832 3088 oculis
2863 3034 3068 3089 autem
3095 3034 3290 3089 tactus
3311 3028 3601 3088 sincerior

1939 3137 2011 3179 os
2040 3136 2181 3179 vero
2213 3124 2270 3179 et
2302 3118 2606 3179 ambobus
2631 3119 2895 3178 ﬁdelius.

2012 3299 2079 3356 II.
2111 3298 2326 3357 Omnia
2355 3298 2537 3372 igitur
2564 3312 2701 3372 quae
2751 3297 3055 3357 Bethleem
3109 3297 3313 3357 divine
3354 3303 3602 3374 peracta

1942 3394 2102 3456 sunt.
2127 3388 2403 3462 jucunda
2432 3393 2572 3447 sunt
2598 3388 2902 3462 plenaque
2924 3388 3131 3447 laetitia
3155 3405 3290 3463 quae
3335 3394 3603 3449 mentem

1937 3481 2214 3553 penetrat
2240 3494 2467 3548 ;unum
2498 3481 2700 3536 autem
2745 3476 2856 3535 fuit
2900 3477 3070 3552 quod
3127 3477 3602 3537 Christianorum

1940 3569 2176 3626 animas
2203 3582 2460 3623 maerore
2478 3566 2661 3624 aﬁicit
2679 3582 2750 3624 ac
2771 3567 2992 3639 turbat,
3020 3567 3432 3625 innocentium
3452 3584 3599 3642 par-

1936 3657 2217 3713 vulorum
2231 3655 2475 3727 ablatio,
2500 3656 2841 3713 immaturae
2867 3655 3185 3713 etrecentis
3204 3656 3409 3713 herbae
3439 3673 3597 3714 mes-

1938 3747 2042 3803 sis.
2077 3748 2440 3818 Quanquam
2461 3751 2519 3802 et
2542 3749 2683 3802 tunc
2709 3746 3073 3802 metentibus
3124 3747 3325 3819 potius
3355 3746 3598 3820 illacry-

1937 3834 2262 3903 mavimus,
2275 3833 2571 3890 demessis
2582 3837 2787 3891 autem
2801 3833 2983 3892 laetati
3008 3850 3221 3892 sumus
3250 3835 3594 3908 manipulis.

1938 3930 2004 3983 In
2032 3930 2235 3982 tenera
2263 3924 2422 3980 enim
2447 3928 2503 3980 et
2530 3923 2781 3981 ﬂorente
2830 3923 3023 3982 herba
3068 3924 3313 3998 plenam
3365 3925 3598 3998 spicam

1936 4013 2329 4081 tradiderunt,
2351 4012 2583 4071 horreis
2615 4012 2960 4070 caelestibus
2984 4013 3254 4085 dignam.
3279 4017 3345 4072 Et
3363 4029 3489 4071 non
3508 4014 3599 4071 di-

1937 4104 2170 4160 ximus:
2202 4102 2544 4159 Benedictio
2570 4101 2807 4159 Domini
2862 4118 3044 4176 super
3088 4107 3379 4160 metentes
3422 4119 3436 4172 ;
3492 4103 3600 4162 sed

1937 4191 2393 4266 manipulorum
2405 4191 2742 4249 ubertatem
2753 4192 2995 4249 beatam
3007 4192 3282 4250 diximus.
3298 4195 3363 4250 Et
3376 4193 3424 4250 si
3445 4194 3601 4250 enim

1942 4281 2465 4357 quemadmodum
2490 4285 2547 4338 et
2572 4280 2613 4337 ii
2640 4281 2746 4355 qui
2774 4282 2837 4338 in
2867 4281 3153 4339 domibus
3179 4286 3320 4340 sunt
3365 4298 3602 4341 marce-

1941 4388 2104 4452 scere
2123 4377 2390 4445 possent,
2421 4370 2590 4428 brevi
2614 4369 2896 4428 ﬂorentes
2926 4387 2997 4428 ac
3025 4370 3384 4429 deﬂorentes
3413 4389 3426 4428 :
3489 4371 3601 4430 sed

1942 4460 2400 4518 sinumAbrahaa
2419 4459 2948 4534 impleverunt,qui
2967 4460 3116 4518 tales
3137 4460 3527 4533 congregavit
3545 4464 3604 4519 et

1942 4551 2238 4609 conclusit
2260 4550 2629 4624 manipulos.
2653 4549 2772 4606 Sed
2794 4551 3065 4623 seipsum
3080 4550 3250 4608 latuit
3269 4550 3474 4607 furens
3487 4551 3601 4607 He-

1940 4641 2120 4698 rodes
2147 4646 2201 4699 et
2223 4640 2475 4697 demens
2496 4654 2564 4697 ac
2582 4655 2794 4697 revera
2823 4639 3149 4698 coriaceus.
3172 4640 3265 4698 Sic
3284 4640 3445 4698 enim
3470 4640 3602 4712 ejus

1941 4745 2164 4787 nomen
2192 4728 2558 4802 interpretati
2586 4734 2747 4786 sunt.
2777 4729 3018 4803 Accepit
3041 4728 3188 4786 illud
3214 4728 3469 4787 rubrum
3493 4744 3601 4787 co-

1940 4820 2100 4877 rium
2125 4819 2429 4876 innocenti
2461 4818 2755 4887 sanguine
2802 4817 3100 4886 effectum,
3158 4818 3466 4890 pertinens
3518 4818 3602 4875 ad

1941 4908 2335 4968 tabernacula
2357 4908 2673 4979 Cedar,ubi
2690 4908 2972 4982 princeps
3002 4907 3389 4964 tenebrarum
3419 4912 3477 4965 et
3493 4908 3601 4980 qui

1942 4999 2022 5057 ab
2051 4999 2218 5056 initio
2246 4998 2554 5056 homicida
2601 5002 2710 5067 est,
2730 4996 3066 5070 requiescit.
3132 4996 3247 5053 Sed
3295 5011 3406 5053 sua
3458 5011 3599 5053 eum

1943 5105 2081 5163 spes
2093 5087 2315 5156 fefellit,
2330 5086 2574 5144 etunius
2587 5101 2775 5143 causa
2786 5085 3005 5142 timens
3025 5083 3202 5156 regis,
3226 5083 3450 5142 multos
3469 5083 3600 5157 ipse

1938 5176 2247 5245 interfecit,
2270 5191 2424 5250 quos
2455 5175 2788 5248 sanguinea
2816 5172 3013 5231 induit
3037 5188 3326 5247 purpura.
3351 5172 3438 5230 Illi
3458 5188 3600 5231 cum

1940 5266 2267 5325 immortali
2285 5280 2425 5337 rege
2446 5268 2703 5337 regnant
2734 5268 2915 5338 atque
2943 5262 3006 5321 in
3034 5266 3325 5320 aeternum
3367 5262 3597 5321 vivunt.

1941 5361 2312 5416 lnsecutores
2326 5360 2529 5412 autem
2539 5397 2552 5424 ,
2568 5358 2816 5427 prOpter
2827 5367 2971 5410 suas
3010 5351 3302 5411 adversus
3316 5351 3602 5410 innocen-

1940 5452 2028 5508 tes
2067 5445 2340 5521 injurias,
2371 5443 2721 5504 occidentur
2753 5446 2849 5516 ;et
2885 5441 3045 5501 zelus
3087 5442 3298 5518 perdet
3353 5441 3596 5519 impios,
