4090 6386
532 342 639 415 7‘39

1675 348 1991 413 GERMANI
2028 338 2077 412 II
2116 354 2220 412 cr.
2260 340 2756 415 PATRIARCILE.

3784 350 3880 422 7L0

529 506 597 561 ut
615 499 842 573 optime
870 496 1016 557 dicit
1044 495 1331 563 Salomon
1361 500 1425 571 3;
1450 498 1712 557 violenta
1745 499 1963 558 etenim
2001 502 2178 565 morti

2304 478 2516 553 βασιλεί
2543 487 2632 537 καὶ
2664 484 2897 546 συζῶσιν
2936 484 3137 539 αἰώνια.
3173 485 3240 538 οἱ
3271 479 3330 539 δὲ
3368 481 3613 567 διῶκται,
3666 485 3770 542 ἀνθ’
3822 489 3880 543 ὧν

530 589 836 647 crudelem
849 592 906 645 et
920 586 1293 645 homicidam
1307 589 1577 651 animam
1592 590 1786 663 erupit
1799 589 2022 662 impius
2036 593 2195 662 post-

528 695 618 736 ea.
648 682 714 735 Et
745 683 809 733 ut
831 676 1060 748 largius
1086 676 1146 730 in
1187 692 1369 735 scena
1414 693 1556 735 eum
1608 679 1947 747 cohibeam,
2001 677 2190 735 coria-

528 784 670 829 ceus
697 766 793 827 ille
825 771 953 825 uter
979 770 1238 823 etvetus
1262 772 1531 839 tempore
1570 784 1642 824 ac
1672 768 1920 830 malitia,
1968 772 2031 823 ut
2080 783 2189 823 no-

526 872 673 912 vum
697 856 927 925 vinum,
969 860 1239 910 recenter
1262 854 1523 913 effusum
1550 856 1873 914 infantium
1939 857 2189 927 sangui-

528 961 671 1002 nem
693 944 1016 1016 accipiens,
1040 943 1325 1000 discissus
1347 950 1433 1000 est
1459 962 1530 1001 ac
1570 946 1914 1009 distractus,
1944 952 2001 1002 et
2030 950 2187 1019 post-

527 1049 716 1107 quam
740 1032 854 1089 has
867 1032 1224 1089 immaturas
1240 1049 1387 1095 uvas
1403 1034 1683 1104 comedit,
1699 1034 1888 1107 ipsius
1908 1034 2186 1090 immani-

528 1127 711 1179 tatem
761 1122 1000 1177 subiere
1050 1121 1274 1192 proprii
1318 1120 1440 1191 ﬁlii,
1476 1122 1554 1178 ab
1574 1123 1709 1196 ipso
1748 1122 2060 1189 interfecti,
2119 1128 2183 1181 ut

528 1215 731 1267 narrat
756 1210 1072 1283 Josephus.
1103 1210 1424 1266 Videbatur
1456 1211 1617 1267 enim
1638 1212 1839 1267 furens
1860 1211 1955 1267 ille
2005 1227 2077 1267 ac
2118 1211 2182 1267 in

529 1304 716 1356 Deum
751 1314 1032 1372 pugnans
1064 1298 1446 1356 Hebraeorum
1476 1300 1792 1357 dementiae
1826 1301 2178 1373 prieludere,

498 1448 499 1451 η
524 1404 629 1444 rex
659 1387 957 1445 malorum
978 1387 1410 1457 subjectorum,
1442 1404 1513 1444 ac
1542 1388 1690 1447 illud
1720 1390 1992 1445 ommino
2024 1389 2182 1445 voci-

526 1477 716 1534 ferare
745 1476 819 1532 de
848 1476 1293 1547 innocentibus,
1322 1479 1488 1549 quod
1514 1484 1726 1550 postea
1744 1478 1822 1534 ab
1874 1495 1944 1533 eo
1963 1478 2179 1534 consti-

525 1571 685 1623 tutus
714 1565 974 1638 populus
1004 1564 1078 1621 de
1105 1566 1372 1622 Christo:
1409 1588 1437 1617 ‹‹
1470 1567 1727 1636 Sanguis
1760 1584 1968 1624 eorum
2002 1583 2185 1640 super

526 1671 637 1712 nos
666 1660 917 1727 etsuper
944 1654 1098 1710 ﬁlios
1126 1660 1364 1713 nostros
1390 1657 1464 1723 ⁴;››
1488 1657 1573 1715 sic
1601 1656 1852 1713 rabidus
1881 1657 1975 1713 ille
1996 1674 2066 1712 ac
2097 1659 2183 1713 in-

523 1743 813 1801 satiabilis
835 1743 1038 1816 lupus,
1065 1752 1340 1800 assuetus
1366 1744 1429 1800 in
1460 1749 1693 1801 teneros
1721 1760 1911 1816 agnos
1935 1746 2177 1816 irruere,

2301 567 2521 629 ὴδίκουν
2550 578 2787 641 νηπίους,
2849 577 3276 647 φονευθὴσονται·
3317 580 3408 628 καὶ
3460 574 3681 648 ἑτασμός
3734 578 3882 633 ὀλέσει

2299 663 2418 719 τούς
2490 659 2712 728 ἀσεϐεῖς,
2791 661 3075 738 ἐπικαίρως
3149 665 3305 737 φάναι
3378 668 3437 715 τὸ
3513 664 3876 739 Σολομώντειον·

2300 746 2461 821 βιαίῳ
2486 755 2576 802 καὶ
2622 754 2724 824 γὰρ
2784 753 2987 824 θανάτῳ
3034 756 3127 811 τὴν
3186 751 3435 828 ἀνήμερον
3486 758 3574 805 καὶ
3631 761 3879 829 μιαιφόνον

2291 836 2482 910 ,ψυχὴν
2522 838 2782 915 ἐξέρρηξεν
2821 843 2846 893 6
2875 839 3079 903 ἀνόσιος
3115 841 3351 916 ὕστερον.
3396 847 3516 914 Καὶ,
3573 843 3656 895 ἵνα
3707 845 3881 897 πλατύ-

2296 945 2438 1000 τερον
2467 925 2782 1001 κωμῳδήσω
2830 933 2916 983 τὸν
2965 938 3057 991 τῆς
3086 926 3392 1006 τραγῳδίας
3443 934 3638 994 ταύτης
3695 929 3878 1008 δραμα-

2294 1019 2531 1089 τουργὸν,
2602 1019 2628 1069 6
2694 1014 3005 1094 δερμάτινος
3061 1017 3245 1079 ἐκεῖνος
3303 1017 3466 1082 ἀσκὸς
3530 1026 3621 1073 καὶ
3683 1022 3879 1083 παλαιὸς

2292 1113 2365 1175 τῷ
2397 1110 2572 1180 χρόνῳ
2597 1112 2686 1159 καὶ
2715 1115 2776 1179 τῇ
2833 1112 3012 1181 κακίᾳ,
3072 1110 3136 1168 ὡς
3195 1104 3326 1161 οἶνον
3377 1113 3484 1161 νέον
3536 1113 3595 1163 τὸ
3651 1111 3883 1175 νεοθλιϐες

2293 1204 2391 1245 τῶν
2421 1203 2635 1266 νεογνῶν
2676 1191 2954 1269 δεξάμενος
3004 1197 3138 1269 αἷμα
3194 1193 3511 1269 διέσχισται
3554 1203 3641 1251 καὶ
3695 1197 3881 1276 διέρρη-

2293 1303 2434 1354 κται,
2470 1288 2559 1335 καὶ
2590 1288 2828 1357 ὅμφακας
2854 1289 3071 1348 τούτους
3124 1290 3372 1359 φαγόντος
3428 1287 3612 1356 αύτοῦ,
3667 1292 3732 1342 τὰ
3782 1287 3884 1344 ἴδια

2292 1374 2446 1423 τέκνα
2513 1369 2775 1443 αἰμωδίαν
2842 1374 3172 1442 ὑπέστησαν,
3226 1374 3315 1426 ὑπ’
3380 1375 3540 1428 αὐτοῦ
3605 1382 3693 1429 καὶ
3738 1386 3885 1432 ταῦτα

2295 1459 2644 1534 ἀναιρεθέντα,
2714 1464 2883 1523 καθὼς
2952 1462 3247 1524 Ἰὡσηππος
3302 1465 3520 1540 ἱστορεῖ.
3584 1464 3749 1520 Ἐοικε
3795 1471 3881 1543 γὰρ

2294 1551 2320 1602 6
2383 1551 2607 1622 ἐκμανὴς
2665 1550 2853 1612 ἐκεῖνος
2917 1557 3007 1605 καὶ
3076 1554 3341 1625 θεομάχος
3402 1555 3777 1629 προλαμϐάνειν
3804 1564 3884 1616 τὴν

2300 1650 2399 1692 τῶν
2428 1639 2677 1713 Ἐϐραίων
2718 1639 2983 1712 ἀπόνοιαν,
3012 1643 3039 1693 ὁ
3106 1641 3364 1715 βασεϐεύς
3427 1652 3529 1697 τῶν
3589 1655 3751 1707 κακῶς
3801 1645 3883 1721 βα-

2295 1729 2659 1803 σιλευομένων,
2686 1729 2890 1784 κάκεῖνο
2943 1732 3259 1804 φθέγγεσθαι
3323 1732 3566 1809 ἄντικρυς
3623 1742 3735 1810 περὶ
3796 1746 3881 1790 τῶν

523 1834 659 1889 etin
679 1832 955 1905 proprios
975 1832 1204 1888 catulos
1217 1834 1396 1909 quasi
1418 1833 1620 1890 furens
1645 1834 1809 1899 rabie
1832 1836 2173 1891 excanduit.

2294 1816 2517 1894 βρεφῶν,
2573 1819 2694 1894 ὅπερ
2739 1818 2955 1893 ὕστερον
3012 1821 3038 1872 6
3085 1819 3172 1872 ὑπ’
3230 1820 3388 1873 αὐτὸν
3454 1822 3577 1887 λαός
3637 1829 3753 1900 περί
3801 1834 3880 1879 τοῦ

526 1923 641 1980 Sed
656 1924 877 1993 gratias
891 1923 1008 1978 Deo
1024 1921 1128 1995 qui
1140 1923 1219 1995 inj
1231 1929 1394 1979 ustos
1409 1939 1531 1979 non
1544 1924 1681 1980 sinit
1686 1924 1708 1995 j
1720 1924 1831 1979 usti
1840 1925 1929 1979 tia;
1962 1938 2179 1980 manus

524 2011 747 2069 diutius
768 2010 1048 2080 effugere,
1083 2010 1188 2067 sed
1218 2010 1585 2082 gloriﬁcatur
1604 2012 1666 2066 in
1719 2012 2056 2080 Pharaone,
2122 2015 2181 2068 et

524 2102 585 2156 in
614 2099 687 2156 iis
717 2100 840 2173 qui,
874 2099 1395 2173 quemadmodum
1420 2100 1537 2165 ille,
1555 2105 1942 2158 contumaces
1963 2104 2104 2156 sunt
2123 2104 2181 2155 et

525 2189 732 2249 divina
759 2187 1049 2244 mandata
1078 2193 1474 2247 contemnunt
1502 2193 1558 2245 et
1586 2189 1877 2247 humilem
1936 2188 2177 2262 plebem

524 2277 879 2350 despiciunt.
910 2277 1026 2335 Sed
1054 2282 1111 2333 et
1139 2292 1302 2341 nunc
1332 2277 1541 2334 audire
1571 2277 1717 2334 mihi
1746 2277 1954 2334 videor
1986 2281 2174 2334 Deum

525 2366 860 2423 dicentem:
896 2387 924 2416 ‹‹
946 2367 1209 2438 Loquere
1234 2365 1370 2421 ﬁliis
1391 2366 1533 2423 novi
1561 2365 1764 2433 Israel,
1794 2371 1849 2423 et
1879 2370 2092 2439 parent
2117 2382 2180 2421 se

526 2471 649 2511 non
679 2471 752 2511 ex
788 2457 1043 2527 Egypto
1072 2455 1150 2510 ad
1180 2470 1348 2511 mare
1379 2455 1667 2522 Rubrum,
1702 2455 1810 2511 sed
1838 2471 1910 2511 ex
1941 2454 2179 2525 sangui-

524 2545 620 2601 nis
653 2560 922 2618 purpura
949 2560 1086 2615 quaa
1116 2559 1345 2603 novum
1374 2544 1746 2605 Pharaonem
1774 2548 1831 2599 et
1858 2559 2183 2616 puerorum

525 2635 861 2689 occisorum
926 2632 1184 2704 perdidit
1233 2634 1587 2700 (innocentis
1651 2634 1811 2689 enim
1869 2632 2182 2704 sanguinis

523 2721 735 2778 effusio
766 2736 930 2779 mors
963 2725 1051 2779 est
1081 2720 1135 2776 ei
1163 2721 1267 2794 qui
1298 2738 1436 2779 eum
1469 2720 1723 2791 effudit),
1753 2720 1832 2778 ad
1862 2721 2183 2794 pulchrum

520 2810 866 2880 Jordanem,
887 2808 1121 2869 facilem
1153 2809 1315 2867 illam
1348 2816 1402 2867 et
1435 2810 1661 2869 laboris
1694 2816 1997 2884 expertem
2017 2809 2181 2883 puri-

521 2900 884 2956 ﬁcationem.
911 2901 1062 2955 Dum
1093 2898 1253 2959 enim
1277 2900 1387 2957 tria
1407 2904 1701 2973 suntquae
1730 2898 2051 2973 puriﬁcant
2070 2915 2175 2955 eos

522 2988 624 3061 qui
650 2986 979 3059 procedunt
1009 2985 1089 3043 ad
1118 2986 1491 3047 ablutionem
1530 2993 1586 3044 et
1618 2987 2055 3043 abstersionem
2087 3003 2182 3041 ve-

523 3084 716 3133 terum
756 3074 1154 3146 macularum,
1200 3091 1417 3149 nempe
1450 3076 1778 3149 baptisma,
1813 3076 2100 3149 lacrymaa
2130 3082 2188 3132 et

522 3182 631 3238 per
641 3164 997 3235 sanguinem
1014 3164 1660 3235 martyrium,ostendit
1671 3166 2018 3221 incarnatus
2032 3169 2185 3222 Deus

524 3254 602 3310 ab
629 3252 794 3309 initio
822 3252 913 3306 sui
942 3252 1237 3308 adventus
1262 3252 1375 3308 has
1415 3269 1617 3308 sacras
1651 3252 1988 3309 oblationes
2029 3254 2187 3309 victi-

524 3356 803 3414 masque,
830 3339 1131 3413 accipiens
1153 3341 1539 3397 excelsiorem
1578 3358 1707 3398 esse
1736 3359 1871 3399 eam
1910 3359 2043 3415 quae
2072 3359 2180 3416 per

524 3430 880 3501 sanguinem
904 3434 1010 3501 est,
1033 3429 1532 3502 puriﬁcationem,
1563 3447 1681 3486 non
1707 3433 1890 3487 modo
1916 3433 2061 3506 quia
2093 3449 2182 3487 se-

524 3519 737 3577 cundis
768 3517 1018 3574 maculis
1044 3534 1167 3574 non
1192 3518 1560 3592 inquinatur,
1585 3520 1691 3576 sed
1721 3520 1865 3593 quia
1885 3532 1941 3577 et
1985 3521 2178 3595 lacry-

522 3610 637 3665 mis
659 3608 803 3680 ipsis
830 3608 1304 3679 perseverantior
1331 3614 1435 3665 est.
1462 3609 1800 3666 Puriﬁcatio
1858 3610 2018 3666 enim
2073 3627 2179 3683 per

522 3696 892 3770 baptismum
921 3694 1037 3751 alia
1058 3699 1167 3762 est,
1196 3712 1334 3752 cum
1364 3697 1571 3767 gratiae
1595 3701 1651 3753 et
1683 3697 1935 3770 Spiritus
1986 3700 2174 3754 sancti

522 3786 789 3842 muneris
822 3785 915 3840 sit.
939 3783 1249 3841 Charitatis
1275 3790 1478 3843 autem
1503 3785 1564 3841 in
1620 3789 1805 3841 Deum
1862 3787 2177 3843 immensae

521 3875 1077 3931 manifestissimum
1093 3873 1501 3930 testimonium
1514 3890 1636 3931 non
1648 3874 1813 3930 aliud
1836 3881 2067 3932 tantum
2088 3881 2178 3933 est

519 3970 818 4037 quantum
856 3979 964 4035 pro
994 3979 1065 4018 eo
1090 3962 1193 4034 qui
1224 3978 1335 4018 nos
1392 3963 1582 4033 diligit
1611 3964 1832 4035 proprii
1862 3967 2176 4034 sanguinis

521 4053 733 4111 eﬂusio
788 4076 815 4103 «
850 4053 1134 4124 Majorem
1175 4053 1334 4107 enim
1390 4053 1505 4108 hac
1558 4052 1938 4110 dilectionem
1998 4071 2176 4112 nemo

519 4142 703 4199 habet
729 4157 916 4213 quam
944 4146 1007 4197 ut
1037 4141 1086 4196 si
1115 4141 1252 4213 quis
1293 4140 1560 4197 animam
1598 4158 1772 4197 suam
1826 4149 2011 4216 ponat
2068 4160 2176 4217 pro

522 4231 733 4286 amicis
765 4230 886 4284 suis
908 4230 967 4297 5;
1001 4249 1030 4281 ›
1063 4230 1111 4284 si
1148 4245 1258 4302 pro
1289 4230 1499 4285 amicis
1532 4247 1692 4298 vero,
1723 4237 1953 4303 quanto
1984 4234 2178 4305 magis

519 4344 631 4400 pro
664 4327 916 4383 Domino
956 4342 1027 4382 ac
1049 4327 1323 4383 Creatore
1343 4327 1371 4383 ’ἲ
1400 4327 1655 4398 Sanguis
1682 4328 1844 4386 enim
1865 4330 2175 4387 ardentem

518 4416 902 4474 dilectionem
931 4414 1158 4472 indicat
1186 4434 1199 4484 ;
1227 4415 1513 4489 lacrymae
1535 4423 1760 4485 autem,
1781 4424 1838 4475 ut
1858 4418 2007 4476 solet
2024 4420 2173 4487 ﬁeri,

2294 1915 2547 1980 Χριστοῦ,
2582 1930 2608 1959 ι(
2642 1910 2712 1960 T6
2746 1909 2877 1981 αἷμα
2908 1908 3069 1960 αὐτοῦ
3099 1906 3156 1982 ἐφ
3218 1910 3375 1982 ἡμᾶς,
3422 1931 3514 1965 και
3570 1912 3655 1966 ἐπί
3701 1918 3763 1967 τά
3812 1919 3877 1968 τί·

2287 2016 2384 2048 κνα
2413 2000 2580 2071 ἡμῶνυ
2620 2019 2647 2047 »ι
2696 1997 2861 2060 οὕτως
2915 1999 2941 2049 6
2998 1995 3289 2061 λυσσώδης
3338 1998 3535 2063 ἐκεῖνος
3581 2023 3670 2057 και
3723 2003 3875 2063 ἄπλη-

2289 2105 2411 2146 στος
2483 2084 2637 2146 λύκος
2709 2084 2982 2147 ένεθισθείς
3055 2086 3273 2150 ἁπαλοῖς
3349 2088 3549 2162 ἀρνίοις
3612 2090 3876 2169 ἔπιπηδᾲν,

2286 2194 2376 2227 και
2404 2181 2514 2235 τοῖς
2554 2175 2760 2237 οἰκείοις
2806 2173 3074 2230 λυκιδέσιν
3127 2178 3192 2238 ὡς
3241 2184 3483 2251 μεμηνὼς
3537 2180 3873 2242 ἐπελύττησεν.

2287 2262 2445 2316 Ἀλλά
2471 2266 2631 2340 χάρις
2660 2272 2732 2335 τῷ
2773 2272 2906 2337 Θεῷ,
2966 2274 3039 2337 τῷ
3107 2271 3180 2339 μὴ
3240 2278 3612 2345 συγχωροῦντι
3633 2276 3749 2335 τοὺς
3773 2268 3876 2326 ἀδι-

2287 2362 2507 2415 κοῦντας
2573 2358 2662 2415 τὰς
2709 2363 2804 2418 τῆς
2864 2352 3021 2419 δίκης
3078 2364 3262 2432 χεῖρας
3330 2356 3743 2438 ἀποδιδράσκειν
3803 2360 3877 2417 ἐπὶ

2286 2441 2439 2508 πολὺ,
2473 2441 2579 2494 ἀλλ’
2620 2439 3005 2517 ἐνδοξαζομένῳ
3063 2443 3110 2496 ἕν
3166 2451 3374 2522 Φαραὼ,
3430 2470 3523 2503 και
3561 2454 3717 2513 εἴτις
3773 2452 3878 2505 κατ’

2290 2526 2477 2584 ἐκεῖνον
2510 2530 2948 2608 σκληροκάρδιος,
3014 2555 3104 2587 και
3166 2537 3312 2588 θείων
3376 2539 3733 2615 κατολιγωρῶν
3794 2561 3876 2595 κε-

2290 2622 2615 2695 λευσμάτων,
2692 2642 2783 2674 και
2882 2630 3312 2700 κατοφρυώμενος
3403 2625 3530 2681 λαοῦ
3628 2638 3876 2699 ταπεινοῦ,

2292 2711 2427 2765 Ἀλλ’
2455 2710 2647 2765 ἐπαῖειν
2678 2713 2800 2785 ἄρτι
2840 2708 2981 2764 δοκῶ
3040 2713 3279 2785 λέγοντος
3343 2725 3436 2769 τοῦ
3497 2726 3647 2771 Θεοῦ·
3713 2720 3879 2778 Λάλη-

2295 2820 2382 2852 σον
2403 2808 2508 2861 τοῖς
2534 2804 2666 2863 υἱοῖς
2696 2809 2787 2854 τοῦ
2832 2806 2947 2854 νέου
2998 2801 3231 2877 Ἰσραὴλ,
3289 2810 3380 2857 καὶ
3439 2805 3873 2873 ἀναζευξάτωσαν,

2292 2890 2385 2942 οὐκ
2411 2890 2466 2952 ἐξ
2496 2882 2764 2962 Αἰγύπτου
2811 2895 2937 2967 πρὸς
2963 2895 3051 2950 τὴν
3084 2891 3356 2967 Ἐρυθρὰν,
3387 2894 3492 2949 ἀλλ’
3542 2895 3593 2949 ἐκ
3642 2906 3734 2958 τῆς
3782 2906 3874 2957 τῶν

2293 2980 2525 3051 αἱμάτων
2565 2978 2779 3055 ἐρυθρᾶς
2816 2983 2932 3042 ἣτις
2999 2984 3087 3033 τὸν
3142 2986 3250 3034 νέον
3311 2990 3501 3058 Φαραὼ
3564 3006 3650 3038 και
3701 2983 3872 3040 παιδο-

2292 3073 2466 3120 κτόνον
2523 3067 2761 3131 ἐξώλεσεν
2812 3068 3012 3143 (ἀθώου
3074 3073 3175 3147 γὰρ
3243 3073 3472 3145 αἵματος
3534 3078 3687 3148 χύσις
3735 3078 3869 3131 θάνοι-

2293 3178 2375 3219 τος
2422 3166 2495 3210 τῶ
2552 3157 2816 3230 ἐκχέαντι)
2882 3165 3011 3233 πρός
3082 3165 3169 3213 τόν
3220 3161 3374 3215 καλόν
3433 3162 3708 3240 Ἰορδάνην,
3781 3170 3866 3224 τὴν

2294 3248 2481 3300 ἄπονον
2511 3250 2770 3322 κάθαρσιν
2795 3258 2894 3300 τῶν
2934 3248 3214 3323 ἀνθρώπων
3266 3271 3358 3303 και
3410 3256 3659 3328 οἶμοχθον,
3712 3260 3860 3327 Τριῶν

2292 3339 2394 3412 γὰρ
2426 3342 2581 3389 ὄντων
2620 3340 2984 3413 καθαρτηρίων
3038 3348 3137 3391 τῶν
3193 3336 3611 3405 διαϐιϐαζόντων
3662 3343 3727 3405 εἰς
3781 3346 3865 3402 τὴν

2292 3424 2585 3493 ἕκπλευσιν,
2644 3445 2734 3477 και
2791 3428 2855 3477 τὰ
2902 3424 3260 3502 ἐπιτρίμριατα
3304 3438 3407 3481 τῶν
3466 3432 3688 3485 παλαιῶν
3735 3430 3871 3505 μολυ-

2293 3523 2435 3587 σμῶν
2496 3515 2661 3567 τέλεον
2719 3513 3121 3583 ἀπονιπτόντων,
3180 3516 3577 3593 βαπτίσματος,
3631 3518 3871 3597 δακρύων,

2287 3624 2376 3655 και
2405 3612 2496 3657 τοῦ
2530 3601 2604 3657 δι’
2633 3606 2849 3676 αἳματος
2887 3611 3198 3680 μαρτυρίου,
3255 3604 3453 3672 ἔδειξεν
3502 3614 3527 3664 6
3577 3612 3869 3687 ἒνανθρωπή-

2289 3713 2386 3756 σας
2417 3698 2545 3755 Θεός
2575 3693 2629 3746 ἐκ
2667 3699 2956 3770 προοιμίων
3012 3695 3178 3748 αὐτῶν
3224 3706 3321 3760 τῆς
3379 3701 3548 3754 αὐτοῦ
3602 3704 3871 3775 παρουσίας

2283 3780 2698 3859 προσδεξάμενος
2726 3786 2791 3835 τὰ
2821 3785 2932 3858 ίερά
2977 3792 3143 3838 ταῦτα
3177 3789 3536 3861 προσθύματα
3587 3811 3675 3843 και
3731 3806 3875 3863 προσ-

2286 3877 2450 3947 φάγια
2468 3879 2524 3927 τό
2553 3871 2629 3926 δι’
2680 3876 2899 3948 αἳματος
2962 3870 3091 3928 εἶναι
3155 3895 3215 3929 το
3290 3879 3758 3958 ὑπεροχικώτιρον,
3820 3876 3869 3929 ού

2285 3969 2437 4037 μόνον
2477 3964 2556 4017 ὅτι
2616 3960 2876 4037 δευτέροις
2926 3965 3108 4039 ῥύποις
3156 3966 3215 4018 ού
3279 3966 3581 4041 μολύνεται,
3647 3969 3747 4023 ἀλλ’
3803 3969 3870 4021 ὅτι

2285 4074 2376 4106 και
2396 4063 2493 4107 τῶν
2526 4049 2767 4127 δακρύων
2823 4052 2991 4105 αὐτῶν
3049 4055 3259 4118 πολλοῖς
3330 4065 3444 4121 τοῖς
3498 4066 3670 4134 μετοῖς
3716 4057 3872 4131 ἐπίμο-

2616 4148 2686 4199 Τό
2746 4146 2847 4219 γὰρ
2924 4139 3018 4198 διὰ
3099 4144 3479 4220 βαπτίσματος
3542 4152 3870 4223 καθαρτήσιον

2286 4233 2451 4297 ἄλλως
2482 4238 2616 4309 ἔχει,
2640 4233 2754 4288 ὅλον
2777 4240 2873 4296 τῆς
2910 4237 3129 4311 χάριτος
3169 4232 3222 4286 ὃν
3261 4254 3351 4288 και
3421 4247 3514 4301 τῆς
3575 4236 3761 4313 δωρεᾶς
3788 4240 3867 4287 τοῦ

2285 4151 2516 4219 νώτερον.

2287 4328 2585 4399 Πνεῦματος
2625 4336 2718 4380 τοῦ
2784 4328 2959 4401 ἁγίου.
3016 4328 3250 4400 Ἀγάπος
3310 4323 3371 4381 δὲ
3428 4329 3737 4404 ἀκραιφνοῦς
3785 4331 3867 4384 τῆς

2283 4420 2414 4489 πρὸς
2475 4420 2596 4472 Θεὸν
2662 4424 2939 4495 τεκμήριον
3006 4415 3377 4489 ἐκδαλότατον,
3447 4419 3555 4491 οὐχ
3615 4418 3773 4490 ἕτερον
3822 4431 3867 4463 τι

519 4505 599 4565 ob
613 4521 932 4578 poenarum
946 4505 1221 4561 timorem
1234 4504 1646 4565 effunduntur.
1664 4510 1997 4564 Paucorum
2013 4509 2173 4566 enim

2288 4506 2443 4567 οὕτως
2472 4510 2536 4567 ὡς
2563 4511 2622 4559 τό
2653 4508 2781 4582 ὑπὲρ
2812 4516 2904 4560 τοῦ
2958 4506 3258 4580 ἀγαπῶντος
3312 4515 3406 4559 τοῦ
3476 4503 3618 4560 ἰδίου
3674 4506 3868 4578 αἳματος

519 4600 576 4652 et
599 4594 813 4652 virtute
842 4593 1243 4667 perfectorum
1266 4600 1358 4652 est
1381 4612 1454 4652 ex
1499 4595 1814 4653 dilectione
1869 4597 2170 4670 lacrymas

518 4683 825 4740 effundere
850 4702 866 4752 ;
896 4684 1000 4756 qui
1031 4684 1132 4740 Dei
1161 4683 1457 4742 desiderio
1484 4684 1764 4756 ﬂagrant,
1786 4701 2168 4762 quorumque

515 4773 733 4830 animae
764 4789 951 4846 quam
981 4772 1264 4830 citissime
1311 4789 1450 4830 cum
1488 4772 1705 4830 dilecto
1735 4776 2075 4832 conversari
2112 4782 2169 4834 et

520 4862 672 4920 uniri
702 4866 1042 4935 peroptant.
1074 4862 1277 4929 Qualis
1309 4866 1436 4920 erat
1458 4861 1553 4919 ille
1576 4862 1750 4919 dulce
1774 4881 2001 4921 sonans
2031 4882 2167 4939 pro-

514 4951 819 5026 topsaltes,
847 4951 1088 5008 citharas
1115 4950 1373 5009 chordas
1394 4952 1535 5008 scite
1560 4957 1936 5010 contrectans
1961 4959 2017 5010 et
2028 4970 2165 5010 can-

513 5045 641 5098 tum
652 5040 949 5100 blandum
964 5041 1246 5097 accinens
1257 5044 1315 5096 et
1342 5055 1547 5097 amore
1568 5039 1835 5114 plenum.
1865 5043 2165 5107 «Quando

504 5124 772 5194 "veniam,
806 5130 905 5202 ait,
938 5133 997 5187 et
1024 5128 1335 5201 apparebo
1365 5134 1501 5186 ante
1530 5129 1746 5187 faciem
1774 5133 1874 5188 Dei
1899 5131 1928 5186 ?
1975 5134 2166 5190 Facta:

515 5224 654 5276 sunt
681 5218 831 5275 mihi
856 5219 1143 5291 lacrymaa
1167 5235 1316 5275 meae
1346 5234 1536 5292 panes
1555 5219 1652 5275 die
1690 5235 1762 5276 ac
1800 5227 1992 5291 nocte,
2018 5220 2166 5278 dum

514 5307 728 5375 dicitur
742 5306 885 5368 mihi
898 5307 1195 5380 quotidie:
1226 5307 1603 5367 UbiestDeus
1635 5313 1771 5365 tuus
1796 5311 1894 5366 6?«
1914 5310 2167 5367 Perinde

512 5412 584 5453 ac
606 5396 656 5453 si
683 5396 935 5470 quidam
971 5396 1395 5455 obtrectatores
1423 5397 1785 5455 venerandae
1815 5414 1886 5456 ac
1912 5400 2167 5473 sapienti

514 5484 686 5541 uxori
712 5501 850 5557 quae
869 5484 1055 5543 modo
1086 5486 1295 5559 sponsi
1333 5486 1680 5544 societatem
1739 5489 2022 5560 gustavit,
2062 5490 2167 5547 ab-

636 5691 811 5747 Prov.
840 5703 916 5746 v1.
947 5691 1044 5747 34.
1163 5689 1185 5724 ’⁸
1209 5688 1409 5747 Matth.
1435 5706 1611 5763 xxvu,
1640 5695 1738 5749 25.

2202 4555 2249 4609 D

1855 5693 1877 5729 ⁵
1900 5694 2073 5751 Joan.
2101 5709 2198 5766 xv,
2232 5697 2325 5754 13.

2282 4592 2592 4669 ἀφειδῇσαι.
2649 4621 2673 4651 ε
2742 4598 2973 4659 Μείζονα
3035 4599 3138 4671 γὰρ
3199 4598 3398 4659 ταύτης
3448 4594 3657 4668 ἀγάπην
3712 4588 3866 4652 οὐδεὶς

2278 4688 2412 4757 ἔχει,
2444 4687 2525 4739 ἱνα
2575 4707 2653 4748 τις
2681 4692 2775 4746 τὴν
2813 4686 3000 4759 ψυχὴν
3068 4686 3230 4739 αὐτοῦ
3263 4687 3325 4759 θῇ
3404 4688 3536 4761 ύπὶρ
3566 4692 3665 4737 τῶν
3728 4679 3864 4756 φίλων

2276 4776 2457 4828 αύτοῦο
2515 4777 2595 4830 »εἰ
2642 4772 2701 4830 δὲ
2758 4776 2934 4851 φίλων,
2996 4775 3165 4848 πολλῷ
3221 4775 3412 4849 μᾶλλον
3481 4778 3738 4827 Δεσπὸτου
3788 4770 3866 4820 καὶ

2276 4872 2525 4925 Ποιητοῦ.
2557 4870 2627 4919 T6
2652 4869 2743 4940 μὶν
2779 4868 2881 4940 γὰρ
2935 4866 3085 4940 αἷμα,
3407 4862 3653 4939 ἒνθέρμου
3716 4855 3866 4917 δηλω-

2274 4960 2441 5024 τικὸν,
2464 4960 2522 5010 τὸ
2552 4954 2611 5009 δε
2642 4953 2892 5031 δάκρυον,
2927 4959 2991 5017 ὡς
3021 4954 3105 5009 επὶ
3126 4959 3185 5008 τὸ
3223 4954 3354 5008 πολὺ
3415 4951 3513 5007 διὰ
3571 4957 3678 5021 τὸν,
3729 4944 3865 5022 φόϐον

2276 5054 2370 5108 τῆς
2391 5051 2667 5121 τιμωρίαςο
2710 5046 2895 5118 ὀλίγων
2932 5048 3032 5120 γὰρ
3085 5046 3176 5097 κάὶ
3230 5047 3426 5099 τούτων
3484 5053 3586 5096 τῶν
3637 5034 3866 5093 τελειοτά-

2277 5153 2370 5194 την
2410 5140 2503 5195 τὴν
2528 5140 2587 5189 τὸ
2627 5135 2681 5199 ἐξ
2742 5135 2928 5212 ἀρετὴν
2981 5135 3193 5207 ἀγάπης
3249 5130 3521 5207 δακρύειν,
3574 5135 3665 5185 καὶ
3720 5126 3865 5180 πόθου

2274 5232 2367 5276 τοῦ
2397 5229 2529 5301 πρὸς
2558 5230 2710 5297 Θεὸν,
2760 5225 3103 5299 ὀριγνωμένης
3158 5232 3256 5287 τῆς
3314 5222 3506 5296 ψυχῆς
3566 5228 3639 5294 τῷ
3696 5216 3863 5271 ποθουι

2274 5319 2410 5388 μένῳ
2484 5319 2675 5390 τάχιον
2748 5315 3146 5390 προσομιλῆσαι
3206 5318 3297 5367 καὶ
3359 5311 3748 5387 προσενωθῆναι
3800 5305 3864 5369 τῷ

2276 5403 2531 5481 ἐρωμένῳ.
2592 5404 2737 5467 Οἶοςι
2782 5401 2844 5465 ἦν
2912 5403 3096 5467 έκεῖνος
3156 5406 3182 5457 6
3242 5397 3612 5461 καλλικέλαδος
3673 5408 3861 5481 πρωτο-

2273 5479 2475 5565 Illamne
2515 5495 2714 5567 εὐφυῶς
2765 5497 3095 5568 ἓπαφὼμενος
3157 5501 3254 5556 τῆς
3317 5496 3503 5565 νευρᾶς
3563 5495 3656 5549 τῆς
3710 5479 3860 5536 κιννύ·

2445 5697 2468 5731 ⁸
2499 5693 2659 5765 Psal,
2699 5710 2818 5753 xm.
2847 5698 2905 5767 2,
2931 5698 2986 5767 3,
