4090 6400
118 393 235 451 741

1360 374 1646 449 nouum
1672 387 1744 442 1N
1776 384 1874 441 ss.
1920 368 2372 448 INNOCENTES.

3407 393 3514 450 742

116 539 252 595 ρας,
306 523 398 573 καὶ
463 537 516 575 τι
579 515 929 593 προσεπᾴδων
987 518 1257 591 ἐπαγωγὸν
1313 522 1405 571 καὶ
1477 515 1750 590 ἐράσμιον,

1896 516 2029 573 ente
2054 514 2372 587 paululum
2384 516 2672 589 temporis
2704 518 2981 589 conjuge,
3014 517 3251 583 dicant;
3287 518 3397 576 Ubi
3421 521 3515 576 est

122 630 157 660 «
206 612 341 663 Πότε
368 606 498 676 ἣξω,
528 607 705 678 λέγων,
748 612 838 660 καὶ
891 606 1193 681 ὀφθήσομαι
1242 616 1313 679 τῷ
1358 610 1623 680 προσώπῳ
1661 609 1753 655 τοῦ

125 706 316 763 Θεοῦ;
349 696 599 767 Ἐγενήοη
661 700 725 749 τὰ
786 692 995 772 δάκρυά
1033 717 1133 768 μου
1191 696 1305 769 ἐμοὶ
1356 698 1510 768 οἷρτος
1566 695 1755 766 ἡμέρας

123 805 188 839 τε
245 790 339 837 καὶ
391 788 598 852 νυκτός,
654 784 702 838 ἐν
759 794 831 857 τῷ
896 786 1137 857 λέγεσθαί
1196 804 1287 859 μοι
1350 784 1464 836 καθ’
1529 782 1753 838 ἑκάστην

127 876 344 946 ἡμέραν
399 895 412 906 ·
448 881 557 927 Ποῦ
588 872 730 929 ἐστιν
762 876 787 926 6
838 880 963 935 Θεὸς
1006 893 1134 942 σου;
1190 897 1218 924 ››
1271 874 1469 947 Ὠσπερ
1519 874 1563 923 εἶ
1624 888 1757 931 τινες

133 971 245 1017 τῶν
308 962 590 1037 βασκάνων
624 965 911 1037 σεμνοτάτῇ
970 968 1074 1017 τινὶ
1131 968 1222 1015 καὶ
1282 968 1507 1036 σώφρονι
1558 954 1755 1030 νύμφῇν

75 1045 85 1055 ’
128 1054 266 1127 ἄρτι
304 1056 601 1125 γευσαμένη
642 1060 737 1114 τῆς
793 1062 885 1105 του
936 1056 1158 1124 νυμφίου
1216 1051 1439 1124 ὁμιλίας,
1498 1045 1757 1107 διαστάν-

129 1162 223 1205 τος
300 1141 495 1195 ἐκείνου
554 1140 640 1194 ἐπὶ
709 1146 895 1217 μικρὸν
953 1140 1336 1213 ἐπεμϐαίνοντες
1395 1137 1561 1210 ἔλεγον
1595 1158 1608 1170 ·
1650 1143 1759 1193 Ποῦ

135 1231 290 1285 ἐστιν
328 1232 354 1282 6
405 1229 635 1302 ἐραστὴς
676 1250 769 1283 σου
805 1248 818 1296 ;
852 1229 1023 1302 ᾤχετο
1080 1229 1378 1282 καταλιπων
1438 1246 1495 1280 σε
1533 1245 1760 1299 μεμονω-

1862 607 2099 661 amator
2120 605 2292 661 tuus?
2321 604 2478 667 Abiit
2506 605 2851 680 relinquens
2880 612 2956 664 te.
2983 609 3281 674 Quoniam
3309 612 3515 665 autem

1860 706 1983 749 non
1998 694 2373 764 suscepimus
2386 700 2722 767 martyrum
2750 710 2977 767 agones
2992 697 3190 754 verbis
3216 697 3515 765 celebrare

1864 781 1969 837 sed
1997 781 2282 853 baptismi
2301 784 2558 854 gratiam
2583 784 2867 841 laudibus
2898 784 3127 853 efferre,
3159 787 3237 843 ad
3287 785 3516 843 ﬂumen

1863 873 2102 926 nostros
2128 878 2651 939 cursus,nostrum
2681 873 2961 929 ardorem
2992 873 3345 944 dirigamus,
3368 874 3520 930 etin-

1863 956 2119 1015 fantium
2147 960 2433 1030 injuriam
2470 961 2588 1019 alio
2632 961 2817 1021 modo
2846 961 3219 1019 vindicatam
3248 962 3523 1036 exquira-

1867 1062 2026 1107 mus.
2058 1048 2383 1107 Jordanica
2410 1050 2570 1106 enim
2599 1049 2828 1109 ablutio
2867 1051 2929 1107 in
2960 1051 3288 1125 mysticum
3320 1051 3524 1108 sinum

1866 1137 2189 1208 perﬁcitur,
2204 1143 2262 1195 et
2285 1139 2477 1197 sancti
2493 1139 2747 1213 Spiritus
2763 1141 3109 1213 operatione
3132 1140 3524 1215 multiplicem

1866 1225 2311 1300 pulchrumque
2338 1233 2575 1300 partum
2605 1227 2855 1300 profert.

131 1326 317 1394 μένην.
382 1318 504 1371 Ὀτι
713 1315 801 1372 οὖν
852 1320 911 1372 ού
974 1324 1244 1392 πρόκειται
1301 1320 1422 1391 ἄρτι
1466 1324 1537 1386 τῷ
1584 1314 1719 1386 λόγῳ
1780 1316 1840 1365 τὸ
1925 1320 2282 1390 μαρτυρικούς
2339 1316 2539 1388 ἀγῶνας
2623 1315 2964 1389 ἐγκωμάζειν,
3031 1317 3162 1371 ἀλλά
3218 1324 3310 1378 τὴν
3359 1322 3524 1392 χάριν

138 1418 240 1463 τοῦ
300 1407 670 1481 βαπτίσματος
727 1407 937 1469 ἐκθειάζ
940 1427 1010 1460 ειν

1072 1430 1083 1441 ο
1127 1406 1210 1460 ἐπὶ
1261 1415 1354 1459 τοὺ
1431 1412 1670 1475 ποταμοῦ
1721 1404 1788 1454 τὰ
1844 1404 2145 1477 ὁρμήματα,
2190 1410 2283 1463 τὴν
2327 1407 2493 1480 ὁρμὴν
2556 1414 2648 1457 τοὺ
2695 1405 2850 1477 λόγου
2919 1412 3230 1480 κινήσωμεν,
3299 1412 3391 1460 καὶ
3465 1410 3525 1460 τὸ

144 1508 255 1550 τῶν
319 1502 512 1555 νηπίων
570 1493 816 1569 ἀδίκημα
864 1501 1051 1572 τρόπον
1114 1496 1280 1568 ἓτερον
1340 1490 1764 1563 διεκδικούμενον
1812 1492 2185 1564 κατοψώμεθα.
2262 1494 2320 1547 Ἠ
2400 1514 2501 1569 γαρ
2558 1491 2863 1569 Ἰορδάνιιος
2915 1498 3083 1567 χύσις
3138 1497 3209 1558 εἰς
3262 1501 3526 1569 μυστικήν

141 1586 478 1641 ἀποτελεῖται
507 1591 759 1659 γαστέρα,
802 1590 892 1638 καὶ
920 1582 954 1638 δ
960 1589 1012 1638 ιά
1064 1595 1159 1647 τῆς
1189 1591 1280 1636 τοῦ
1322 1584 1474 1654 ἁγίου
1509 1584 1801 1652 Πνεύματος
1849 1585 2134 1653 μαιεύσεως
2159 1582 2496 1637 πολυτεκνίαν
2517 1586 2646 1653 όμού
2673 1589 2757 1636 καὶ
2795 1583 3146 1637 καλλιτεκνίαν
3177 1591 3433 1660 προφέρει.

222 1683 265 1729 Γ
270 1676 303 1731 ’.
366 1680 465 1729 Καὶ
503 1682 565 1746 τῇ
621 1678 711 1747 μὲν
774 1675 997 1747 Βηθλεὲμ
1074 1672 1413 1745 ἀτεκνονμένη
1491 1669 1765 1744 βαρυηχες

151 1770 218 1819 τὸ
300 1760 634 1840 τραγῴδημα
688 1766 714 1815 6
789 1760 1125 1838 πολύδακρυς
1203 1763 1447 1835 Ἱερεμίας
1508 1758 1765 1824 ἐπέπλεκε,

1952 1672 2037 1726 Ill.
2071 1674 2136 1728 Et
2157 1672 2406 1744 quidem
2440 1673 2732 1729 Bethleem
2766 1672 2903 1729 ﬁliis
2923 1673 3149 1731 orbatae
3177 1673 3527 1733 lamentabi-

1876 1758 1994 1815 lem
2037 1761 2395 1832 tragcediam
2445 1762 2827 1833 lacrymosus
2866 1762 3151 1819 Jeremias
3180 1763 3526 1820 contexuit:

156 1878 183 1905 ‹‹
223 1858 398 1927 φωνην
466 1852 515 1904 ἐν
563 1852 727 1924 Ῥαμᾶ
767 1853 927 1925 λέγων
985 1851 1381 1917 ἀκουτισθῆναι,
1441 1853 1528 1901 καὶ
1587 1850 1770 1920 θρῆνον

1892 1851 2040 1940 κγοχ
2068 1850 2130 1905 in
2152 1850 2383 1940 Rhama
2410 1851 2617 1907 audita
2639 1854 2746 1921 est,
2785 1851 3000 1940 inquit,
3053 1856 3111 1909 et
3154 1851 3426 1940 ploratus
3474 1855 3533 1907 et

150 1948 248 1996 καὶ
286 1939 524 2017 ὀδυρμόν
554 1941 730 1996 πολύν.
774 1963 791 1993 ι
831 1943 945 1995 Ἐπὶ
977 1938 1036 1994 δὲ
1065 1950 1159 2002 τῆς
1194 1948 1553 2012 πνευματικῆς
1580 1940 1773 1997 ταύτης

1396 2028 1620 2088 Ἠσαίας
1711 2039 1778 2088 τά

1522 2115 1777 2168 ·ιιΕύ-

156 2212 443 2285 φράνθητι,
476 2216 676 2284 στεῖρα,
710 2211 739 2268 ἡ
787 2208 845 2260 ού
892 2214 1162 2274 τίκτουσα,
1212 2207 1370 2281 ῥῆξον
1432 2211 1523 2258 καὶ
1577 2203 1776 2278 βόησον

144 2033 391 2085 εὔτεκνον
470 2039 626 2103 γονῆς
706 2032 732 2082 ό
818 2035 1307 2104 μεγαγοφωνότατος

158 2122 395 2192 γενέθλια
433 2117 792 2193 μελῳδὴματα
846 2125 1165 2195 χαρμόσυνα
1199 2118 1457 2191 ἐξυφαίνει

149 2302 181 2358 ἡ
240 2300 336 2351 ούκ
373 2295 642 2351 ὠδίνουσα
703 2320 714 2331 ·
759 2299 840 2350 ὃτι
896 2297 1061 2350 πο).λά
1114 2300 1177 2348 τά
1230 2301 1382 2348 τέκνα
1434 2303 1529 2356 τῆς
1578 2294 1774 2366 ἐρήμου

162 2388 357 2460 μᾶλλον
387 2388 417 2447 ἢ
463 2395 561 2450 τῆς
598 2386 833 2459 ἐχούσης
868 2390 953 2439 τόν
1011 2381 1201 2458 ἄνδρα.
1240 2408 1265 2433 ))
1320 2384 1388 2437 ⁴Ω
1432 2393 1523 2444 τῆς
1577 2402 1776 2454 παγκο-

162 2482 327 2549 σμίου
376 2496 591 2550 χορείας
629 2475 641 2529 ι
684 2476 724 2527 ὢ
779 2484 871 2536 τῆς
945 2474 1333 2548 μεγαλοφωνίας
1386 2483 1484 2525 τῶν
1534 2474 1776 2547 κηρύκων

160 2573 257 2618 τοῦ
319 2570 642 2639 μυστηρίου,
707 2567 1036 2635 πανταχόθεν
1121 2584 1210 2635 μοι
1264 2561 1644 2614 καταυλούνται
1712 2564 1777 2612 τά

158 2656 272 2709 ὦτα
331 2676 344 2688 ·
411 2654 465 2718 ἐξ
502 2655 740 2729 ούρανοῦ,
793 2653 846 2717 ἐξ
900 2650 1128 2726 ἀνύδρου
1187 2655 1402 2728 ἐρήμου,
1462 2651 1517 2714 ἐξ
1572 2646 1776 2702 ὑδάτων

161 2746 355 2800 αὐτῶν.
389 2745 679 2820 Ούρανόθεν
716 2745 741 2796 6
776 2747 954 2816 Πατὴρ
986 2751 1085 2794 τῶν
1118 2748 1292 2814 φώτων
1333 2740 1438 2814 βοᾷ
1482 2762 1494 2773 ·
1540 2762 1567 2789 ‹‹
1614 2739 1778 2800 Οὗτος

162 2837 301 2887 ἔστω
336 2837 459 2895 Υἱὸς
485 2836 510 2885 6
542 2838 808 2905 ἀγαπητός
837 2852 959 2903 μου,
993 2830 1039 2882 ἐν
1142 2828 1421 2888 ηὑδόκησα
1454 2851 1466 2862 ·
1501 2852 1529 2878 ››
1564 2827 1647 2880 ἐπι
1676 2836 1776 2899 γῆς

163 2947 191 2973 ‹‹
217 2927 365 2980 Φωνὴ
404 2921 632 2995 βοῶντος
661 2921 708 2973 ἐν
760 2929 821 2993 τῇ
868 2919 1042 2995 ἐρὴμῳ
1068 2941 1081 2952 ·
1117 2920 1453 2992 Ἑτοιμάσατε
1510 2922 1602 2975 τὴν
1654 2914 1776 2969 ὀδόν

165 3018 369 3089 Κυρίου
406 3033 416 3043 ·
445 3032 473 3061 ›ι
510 3010 562 3075 ἐξ
588 3006 815 3074 ὑδάτων,
851 3031 879 3058 ‹‹
907 3009 1136 3083 Ἐπῆραν
1164 3011 1211 3060 οἱ
1239 3012 1465 3079 ποταμοὶ
1492 3009 1661 3079 φωνὰς
1688 3005 1778 3057 αύ-

164 3113 287 3171 τῶν,
322 3099 540 3175 ἀροῦσιν
567 3102 614 3152 οἱ
658 3104 906 3172 ποταμοὶ,
961 3097 1243 3173 ἐπιτρίψεις
1295 3097 1462 3148 αὐτῶν
1516 3095 1619 3149 ἀπὸ
1673 3117 1776 3168 φω-

166 3202 262 3244 νῶν
294 3188 507 3243 ὑδάτων
538 3189 756 3245 πολλῶν,
790 3211 817 3237 ››
869 3189 987 3240 Ἐπὶ
1016 3193 1163 3262 τρισὶ
1200 3190 1405 3247 τούτοις
1463 3188 1721 3261 μάρτυσιν
1753 3187 1778 3236 6

170 3282 436 3354 ἐπιφανεὶς
493 3278 542 3330 ἐν
595 3287 666 3349 τῷ
741 3274 977 3351 Ἰορδάνῃ
1042 3278 1367 3351 θεάνθρωπος
1418 3283 1509 3327 τοῦ
1576 3280 1779 3348 κόσμου

174 3375 523 3444 μαρτυρεῖται
568 3364 828 3428 δεσπότης
876 3372 966 3418 καὶ
994 3371 1206 3426 πνιητής
1238 3387 1249 3399 σ
1284 3368 1427 3417 καὶὸ
1485 3367 1553 3417 τά
1612 3372 1784 3417 πάντα

174 3460 387 3532 πληρῶν
427 3459 563 3509 κατά
608 3455 793 3507 κύκλον
834 3452 982 3508 δοκεῖ
1017 3451 1335 3530 περιοδεύειν
1407 3457 1492 3506 τόν
1530 3459 1727 3527 κόσμον
1768 3475 1779 3486 ·

177 3552 260 3600 ἱνα
310 3550 399 3597 τόν
449 3544 501 3608 ἐξ
536 3544 756 3619 ούρανοῦ
808 3548 1033 3596 πεσόντα
1089 3543 1367 3616 ἑωσφόρον,
1405 3551 1495 3595 καὶ
1520 3553 1639 3615 γῆν,
1696 3549 1786 3595 καὶ

181 3636 439 3690 θάλατταν
492 3633 766 3706 ἐξαλείφειν
820 3638 1159 3705 καυχώμενον
1232 3634 1478 3685 πάντοθεν
1536 3629 1782 3705 ἐκδιωξῃ,

177 3731 272 3785 την
299 3725 461 3777 αὑτοῦ
510 3722 737 3775 καθελὼν
779 3718 1085 3797 τυραννίδα.
1112 3727 1249 3795 Ὀρα
1306 3723 1429 3794 γὰρ,
1468 3721 1523 3784 ἐξ
1568 3721 1788 3795 ούρανοῦ

177 3813 734 3888 κατῆλθενόῐίύριος,
790 3810 873 3863 ἐπὶ
906 3819 1003 3882 γῆς
1075 3815 1395 3884 σαρκοφόρος
1460 3810 1677 3882 ἐτέχθη,
1740 3809 1788 3862 ἐν

179 3900 376 3955 ὕδασιν
433 3900 704 3970 ἐπιϐαίνει,
758 3898 810 3962 ἐξ
862 3894 1066 3951 ὑδάτων
1122 3897 1451 3973 ἀνερχομένῳ
1516 3901 1565 3951 οἱ
1637 3899 1789 3971 ούρα-

183 3996 267 4043 νοὶ
303 3989 455 4041 πάλιν
485 3989 620 4060 αύτῷ
679 3989 1071 4059 ὑπανοίγονται,
1115 3984 1529 4060 ἀπεκδεχόμενοι
1564 3992 1650 4040 τόν
1707 3987 1791 4039 ού-

186 4080 368 4154 ράνιον
414 4080 539 4149 μετά
591 4085 689 4138 τῆς
740 4080 928 4148 γηὶνης
969 4079 1164 4150 σαρκός
1225 4075 1637 4148 ἀνελευσόμενον,
1698 4080 1792 4134 τὴν

183 4171 310 4241 ὑπὲρ
343 4168 485 4240 ἡμῶν
521 4167 819 4239 οἰκονομίαν
873 4165 1245 4237 πληρώσαντα.
1300 4164 1394 4217 “Ov
1449 4169 1547 4239 γὰρ
1606 4169 1793 4238 τρόπον

183 4257 379 4331 ἀγαθός
408 4275 484 4318 τις
531 4261 729 4328 ποιμην
760 4259 850 4307 καὶ
905 4250 1244 4325 κηδεμονικὸς
1273 4253 1536 4329 προϐάτου
1590 4252 1794 4306 ἀπολω-

182 4349 332 4408 λότος
369 4350 459 4398 καὶ
508 4352 610 4396 τῶν
662 4348 926 4417 συννόμων
986 4347 1419 4416 μεμακρυσμένου
1476 4344 1592 4395 κατ’
1644 4347 1798 4416 ἴχνια

185 4440 373 4489 τούτου
404 4434 647 4506 ἑπόμενος
698 4438 927 4508 πρόεισι,
986 4430 1415 4505 φιλοπραγμονῶν
1471 4435 1559 4493 τὰς
1614 4433 1794 4502 ὁπλὰς,

187 4525 280 4578 κάν
330 4524 404 4586 εἰς
453 4524 705 4598 φάραγγα
765 4526 887 4594 φέρῃ
949 4524 1015 4572 τά
1058 4524 1211 4593 ἴχνη,
1275 4523 1529 4585 κάτεισιν,
1584 4521 1799 4597 ἐρευνῶν

1882 1936 2147 1993 ululatus
2199 1939 2488 1995 multusl.
2526 1961 2553 1988 »
2600 1940 2679 1994 De
2727 1936 3017 2011 spii‘ituali
3051 1943 3273 2011 autem,
3318 1938 3421 1995 illa
3476 1941 3534 1996 et

1885 2026 2142 2082 fecunda
2170 2027 2552 2097 generatione
2568 2027 3095 2100 eloquentissimus
3120 2028 3537 2085 lsaiasnatalia

1883 2115 2450 2190 canticalaetitiaque
2463 2117 2639 2190 plena
2656 2118 2973 2184 connectit;
2987 2140 3017 2167 »
3036 2118 3283 2186 Laetare,
3297 2117 3532 2184 sterilis,

1883 2220 2019 2276 quae
2031 2220 2152 2260 non
2169 2205 2616 2278 paris;erumpe
2629 2206 2915 2276 etclama,
2945 2222 3082 2279 quae
3103 2221 3225 2263 non
3248 2206 3533 2279 parturis;

1882 2293 2027 2365 quia
2054 2293 2227 2351 multi
2241 2294 2601 2350 ﬁliidesertae
2614 2296 3004 2368 magisquam
3033 2296 3163 2367 ejus
3204 2310 3342 2369 quae
3355 2295 3540 2353 habet

1882 2381 2077 2437 virum
2101 2384 2143 2437 ³.
2174 2405 2203 2433 ››
2236 2385 2278 2439 0
2320 2383 2724 2440 universalem
2756 2384 3157 2440 saltationem!
3189 2385 3234 2438 Ο
3268 2383 3540 2457 mysterii

1882 2486 2236 2542 praeconum
2290 2471 2694 2544 eloquentiam
2746 2472 2759 2528 ι
2822 2472 3092 2545 Undique
3149 2472 3299 2530 mihi
3363 2487 3540 2530 aures

1884 2564 2312 2632 personantze
2341 2560 2514 2627 coelo,
2568 2576 2642 2616 ex
2694 2560 2995 2634 inaquosa
3049 2560 3386 2630 solitudine,
3466 2577 3542 2617 ex

1885 2648 2061 2720 aquis
2090 2648 2255 2720 ipsis.
2293 2651 2333 2707 Ε
2362 2648 2511 2704 coelo
2540 2649 2857 2706 hominum
2885 2652 3051 2705 Pater
3079 2650 3303 2708 clamat
3329 2667 3342 2706 :
3376 2672 3405 2701 «
3438 2650 3540 2707 Hic

1886 2736 1960 2792 sit
1990 2736 2165 2793 Filius
2196 2752 2368 2793 meus
2399 2737 2668 2803 dilectus,
2700 2737 2761 2794 in
2792 2738 3078 2810 quobene
3091 2738 3433 2813 complacui
3457 2741 3537 2809 9;»

1886 2825 1948 2882 in
1977 2827 2141 2885 terra
2172 2844 2184 2881 :
2220 2824 2349 2881 Vox
2376 2826 2692 2883 clamantis
2713 2826 2773 2883 in
2814 2827 3085 2884 deserto:
3131 2831 3339 2884 Parate
3374 2828 3540 2887 viam

1891 2914 2126 2971 Domini
2160 2916 2205 2950 ¹⁰
2244 2933 2258 2984 ;
2286 2932 2318 2968 ›
2353 2920 2407 2970 et
2447 2915 2621 2987 aquis
2655 2932 2668 2970 :
2729 2915 3122 2972 Elevaverunt
3147 2915 3405 2973 ﬂumina
3438 2932 3542 2973 vo-

1886 3020 2019 3060 cem
2051 3020 2247 3066 suam.
2275 3003 2595 3060 elevabunt
2628 3003 2885 3061 ﬂumina
2923 3004 3140 3061 ﬂuctus
3172 3022 3316 3062 suos
3349 3005 3545 3062 avoci-

1887 3096 2003 3151 bus
2024 3110 2323 3167 aquarum
2363 3094 2689 3151 multarum
2714 3097 2784 3149 ¹¹.
2823 3117 2851 3144 ››
2882 3100 2929 3150 Α
2949 3094 3137 3152 tribus
3164 3096 3258 3152 his
3294 3095 3545 3152 testibus

1888 3189 2255 3241 monstratus
2272 3185 2333 3239 in
2344 3183 2604 3241 Jordane
2617 3186 2772 3240 Deus
2784 3185 2967 3241 homo
2982 3185 3322 3242 declaratur
3332 3186 3548 3243 mundi

1894 3274 2178 3331 Dominus
2203 3280 2259 3329 et
2279 3274 2568 3330 conditor.
2604 3276 2671 3329 Et
2699 3273 2803 3346 qui
2840 3273 3046 3331 omnia
3081 3274 3289 3347 replet,
3319 3276 3547 3348 percir-

1891 3363 2118 3419 cuitum
2146 3362 2383 3419 videtur
2401 3362 2704 3418 mundum
2730 3362 2938 3433 obire;
2963 3368 3027 3419 ut
3055 3379 3196 3419 eum
3222 3364 3326 3438 qui
3346 3380 3378 3420 e
3399 3365 3550 3421 caelo

1892 3453 2132 3522 decidit,
2152 3452 2487 3519 luciferum,
2521 3456 2864 3525 terramque
2884 3456 2941 3509 et
2962 3468 3127 3511 mare
3138 3468 3202 3508 se
3213 3452 3551 3511 delaturum

1890 3542 2265 3613 jactitantem
2306 3541 2575 3614 undique
2614 3540 2892 3613 expellat,
2937 3541 3067 3612 ejus
3113 3542 3430 3598 destruens
3460 3547 3552 3615 ty-

1895 3630 2235 3691 rannidem.
2281 3629 2422 3685 Vide
2460 3629 2640 3696 enim,
2670 3644 2703 3685 e
2732 3629 2882 3685 ccelo
2906 3629 3217 3686 descendit
3262 3631 3553 3687 Dominus

1896 3735 2076 3778 carne
2106 3718 2351 3774 indutus
2375 3722 2552 3774 natus
2567 3722 2679 3787 est,
2706 3718 2768 3773 in
2800 3718 2974 3790 aquis
2995 3718 3237 3788 incedit,
3269 3735 3343 3775 ex
3383 3719 3554 3792 aquis

1900 3824 2140 3877 egresso
2202 3806 2335 3863 cceli
2392 3822 2633 3863 rursum
2679 3805 2761 3861 illi
2827 3807 3198 3879 aperiuntur,
3252 3808 3556 3881 accepturi

1902 3897 2203 3954 caelestem
2233 3911 2372 3951 cum
2398 3895 2655 3951 terrestri
2682 3910 2861 3951 carne
2874 3896 3557 3970 rediturum,postquam

1901 3992 2124 4043 nostrae
2136 3990 2366 4041 naturae
2378 3982 2607 4039 damna
2618 3984 3000 4055 reparaverit.
3027 3985 3558 4047 Quemadmodum

1903 4077 2064 4132 enim
2083 4074 2281 4130 bonus
2307 4078 2512 4146 pastor
2545 4077 2602 4127 et
2629 4072 2985 4140 misericors,
3001 4073 3050 4128 si
3069 4074 3201 4129 ovis
3226 4074 3461 4146 perdita
3484 4075 3561 4132 sit

1906 4170 1963 4221 et
1990 4164 2170 4232 longe
2197 4162 2275 4218 ab
2306 4162 2437 4218 aliis
2468 4161 2768 4231 erraverit,
2808 4161 2938 4233 ejus
2992 4161 3230 4233 vestigia
3279 4178 3558 4235 sequens,

1906 4252 2175 4328 procedit
2195 4251 2453 4322 ungulas
2485 4250 2833 4311 observans.
2865 4256 2923 4307 et
2953 4250 3004 4306 si
3056 4250 3117 4306 in
3170 4252 3561 4325 pracipitium

1906 4343 2133 4399 ducant
2155 4340 2418 4410 vestigia,
2449 4338 2760 4395 descendit
2779 4338 3172 4408 investigans,
3191 4344 3249 4396 et
3278 4340 3327 4397 si
3343 4340 3407 4398 in
3426 4357 3563 4414 spe-

1902 4432 2148 4490 luncam
2177 4429 2482 4496 introierit,
2509 4427 2690 4484 intrat
2723 4433 2778 4483 et
2802 4428 2930 4500 ipse
2951 4433 3007 4484 et
3044 4428 3094 4484 si
3120 4444 3226 4500 per
3255 4445 3449 4502 aquas
3476 4430 3565 4487 in-

1908 4520 2167 4587 cesserit,
2197 4518 2407 4575 transit
2435 4522 2493 4573 et
2521 4517 2644 4589 ipse
2674 4533 2919 4590 aquam,
2946 4516 3141 4574 donec
3155 4524 3454 4576 errantem
3478 4535 3568 4576 re-

194 4615 286 4668 κᾶν
313 4614 388 4674 εἰς
417 4611 674 4670 σπήλαιον
700 4607 942 4683 εἰσδύνη,
999 4606 1346 4677 συνεισδύνει,
1404 4610 1499 4662 κᾶν
1557 4607 1629 4664 δι’
1670 4608 1781 4663 ὑδα·

1908 4608 2128 4682 ceperit
2153 4587 2577 4680 receptamque
2607 4606 2668 4663 in
2688 4587 2957 4663 humeris
2979 4611 3175 4680 portet
3215 4613 3566 4679 congreget-

195 4724 281 4766 τος
347 4702 624 4777 ἐπορεύθη,
701 4699 996 4753 ἀκολουθῶν
1038 4696 1298 4752 διαϐαίνει
1356 4704 1544 4776 μέχρις
1627 4699 1688 4753 ἀν
1741 4705 1800 4754 τό

195 4793 583 4865 πεπλανημένον
675 4788 942 4863 καταλάϐῃ
955 4832 968 4855 ,

195 4885 348 4957 ὤμων
404 4879 655 4955 βαστάση
710 4883 798 4930 καὶ
859 4877 1185 4951 συναγελάση
1290 4886 1400 4940 τοῖς
1457 4877 1757 4931 εύπλανέσιν
1787 4901 1800 4913 ο

194 4973 332 5026 οὕτω
367 4966 434 5029 δὴ
469 4975 561 5024 καὶ
609 4970 635 5022 6
670 4972 866 5041 ποιμὴν
904 4969 929 5019 6
982 4967 1159 5036 καλὸς,
1212 4967 1237 5018 6
1276 4968 1438 5028 τιθεὶς
1479 4972 1573 5026 τὴν
1623 4966 1803 5041 ψυχὴν

194 5064 322 5134 ὑπὲρ
349 5069 449 5113 τῶν
506 5057 799 5133 προϐάτων,
858 5064 950 5109 τοῦ
1004 5054 1277 5130 ἀνθρώπου
1330 5061 1713 5118 καταπεσόντος
1752 5056 1805 5120 ἐξ

193 5150 362 5222 ὕψους
391 5157 488 5211 τῆς
534 5146 762 5222 ἀρχαίας
791 5146 1037 5211 εὐκλείας,
1077 5146 1151 5207 εὶς
1182 5153 1282 5217 γῆν
1337 5147 1690 5221 πορευθέντος,
1728 5143 1805 5198 δι’

193 5236 393 5300 ὕδατος
429 5236 879 5298 κατακλυσθέντος
906 5240 993 5287 καὶ
1055 5234 1127 5296 εἰς
1193 5234 1427 5308 ἐσχάτην
1480 5238 1803 5311 παρασυρέν-

193 5334 283 5392 τός
311 5327 588 5394 ἀπώλειαν,
623 5322 719 5379 διὰ
746 5334 843 5387 τῆς
903 5324 1033 5384 αύτῆ
1045 5344 1067 5385 ς
1094 5331 1166 5396 τῷ
1228 5324 1598 5398 πεπλανημένῳ
1656 5326 1805 5398 ἔρχε-

194 5439 284 5472 ται
332 5416 570 5492 ἀτραποῦ
607 5415 863 5478 ἑκουσίως
921 5418 1012 5467 καὶ⁵
1057 5411 1433 5488 ἀναμαρτήτως
1464 5437 1477 5448 ·
1534 5413 1589 5478 ἐξ
1641 5412 1804 5491 ὕψους

271 5669 294 5705 τ
316 5670 541 5724 Jerem.
568 5681 731 5738 xm,
761 5669 847 5722 15.
925 5665 947 5701 ⁸
970 5668 1081 5722 lsa.
1102 5677 1219 5736 LIV,
1244 5666 1295 5721 1.

1047 4794 1137 4841 καὶ
1196 4788 1500 4841 καταλάϐὼν
1557 4788 1641 4843 ἐπὶ
1702 4799 1802 4843 τῶν

1373 5665 1397 5701 ⁹
1421 5663 1620 5723 Matth.
1642 5679 1723 5722 ιιι.
1752 5664 1843 5735 17;
1870 5676 2017 5723 xm.
2046 5664 2101 5734 5,

1909 4714 2029 4772 que
2058 4699 2284 4753 caeteris
2313 4696 2557 4753 feliciter
2594 4696 2973 4766 vagantibus;
2998 4695 3081 4753 ita
3109 4711 3257 4754 sane
3277 4702 3336 4754 et
3369 4698 3569 4756 bonus

1910 4790 2115 4843 Pastor
2142 4784 2247 4858 qui
2276 4784 2544 4842 animam
2557 4801 2734 4840 suam
2754 4800 2865 4858 pro
2876 4784 3092 4841 ovibus
3103 4786 3293 4857 ponit,
3325 4786 3571 4844 homine

1912 4893 1949 4932 a
1972 4874 2237 4948 pristinae
2266 4873 2469 4946 gloriae
2491 4873 2834 4929 summitate
2860 4873 3092 4943 dejecto
3111 4873 3175 4929 in
3204 4880 3448 4945 terram,
3464 4890 3572 4948 per

1912 4981 2106 5038 aquas
2128 4964 2493 5020 inundantes
2516 4962 2829 5019 incedente
2848 4967 2905 5018 et
2930 4962 3008 5017 ad
3033 4966 3365 5020 extremam
3398 4965 3574 5021 mise-

1911 5057 2063 5112 riam
2088 5053 2352 5110 adducto
2373 5052 2589 5109 eadem
2619 5052 2833 5109 semita
2861 5068 2932 5107 ac
2957 5051 3143 5109 homo
3192 5053 3573 5112 errabundus

1910 5144 2162 5212 libenter
2186 5142 2498 5216 etabsque
2548 5146 2798 5215 peccato
2859 5140 3036 5196 venit.
3094 5144 3174 5211 De
3250 5142 3490 5201 excelso
3510 5143 3573 5205 in

1909 5233 2134 5289 terram
2156 5231 2335 5303 venit,
2367 5230 2720 5304 speluncam
2760 5229 3115 5303 ingreditur,
3152 5236 3452 5289 errantem
3487 5232 3576 5291 in-

1912 5323 2182 5394 quirens;
2196 5336 2469 5395 praesepe
2481 5324 2778 5376 scrutatur
2787 5323 3032 5393 propter
3060 5336 3201 5376 eum
3212 5321 3317 5395 qui
3330 5321 3575 5395 jumen.

1912 5412 1989 5470 tis
2020 5414 2410 5484 comparatus
2440 5412 2547 5479 est;
2576 5409 2645 5465 in
2669 5423 2897 5482 aquam
2919 5407 3229 5469 descendit
3265 5409 3577 5475 ﬂuvialem

2176 5660 2223 5701 ιο
2251 5659 2372 5721 ιω,
2405 5673 2501 5729 ιι,
2531 5660 2563 5716 3
2596 5675 2614 5730 ;
2639 5657 2937 5728 Matthun,
2967 5663 3022 5719 3.
3099 5662 3145 5701 ίί
3175 5662 3314 5725 P881
3337 5677 3488 5735 mn,
3520 5667 3583 5729 3o
