4090 6418
566 316 671 381 743

1767 309 2086 373 GERMANI
2122 313 2172 374 ῐῐ

2319 307 2782 375 ΡΑἸἮῙΑΠΟΠΕ
3814 317 3907 385 ιιι

561 449 802 521 propter
819 460 956 505 eam
980 460 1155 504 ovem
1178 423 1504 519 quas'aquis
1520 439 1840 499 submersa
1855 443 1969 499 est.
1991 439 2198 499 Inveni

2329 441 2583 510 κάτεισιν,
2620 439 2704 495 ἐπὶ
2756 448 2859 514 γῆς
2909 442 3146 515 ἔρχεται,
3204 440 3462 502 σπήλαιον
3496 440 3806 520 εἰσέρχεται,
3857 437 3908 504 τό

561 537 730 611 quod
757 539 1081 607 erraverat,
1102 538 1161 593 et
1187 534 1387 592 statim
1417 531 1904 604 coelestesjanuaa
1942 530 2220 605 aperiun-

561 629 677 696 tur,
710 626 835 684 imo
867 640 1028 697 vero,
1058 629 1125 682 ut
1147 624 1467 697 Scriptura;
1487 621 1674 679 verbo
1694 620 2219 694 utar“,patefactaa

562 718 1031 773 suntcataractee
1060 713 1215 783 caeli,
1237 711 1399 769 unde
1420 715 1478 769 et
1500 710 1668 783 prius
1688 712 2017 783 eruperunt
2046 709 2220 767 inun-

558 803 773 862 dantes
801 803 1043 877 pluvite,
1065 807 1124 860 et
1141 801 1454 860 hominem
1477 815 1588 874 per
1640 814 1832 873 aquas
1891 798 2215 869 salvatum,

559 893 667 967 qui
694 893 860 966 prius
889 908 997 967 per
1026 907 1219 965 aquas
1247 890 1525 965 perierat,
1582 887 1940 962 suscipiunt,
1961 903 2087 946 non
2114 904 2219 946 au-

560 987 701 1056 tem,
734 998 842 1057 per
869 999 1064 1057 aquas
1089 986 1345 1050 tantum,
1386 979 1493 1037 sed
1522 983 1581 1037 et
1605 994 1715 1053 per
1734 979 2009 1035 divinum
2036 977 2217 1051 Spiri-

560 1076 713 1129 tum.
739 1074 929 1145 Atque
948 1071 1011 1128 id
1033 1086 1139 1146 per
1162 1069 1541 1143 ingeniosam
1557 1066 2074 1141 consequentiam.
2094 1070 2214 1123 Au-

559 1160 688 1230 diit;
719 1161 882 1218 enim
902 1164 1039 1218 ante
1063 1158 1273 1216 diluvii
1301 1157 1746 1215 immissionem
1772 1156 2093 1213 hominum
2113 1170 2215 1227 ge-

558 1265 733 1306 nus:»
765 1249 894 1307 Non
920 1248 1256 1307 remanebit
1275 1247 1526 1321 Spiritus
1554 1260 1727 1303 meus
1755 1246 1818 1303 in
1852 1245 1967 1302 illis
2021 1244 2217 1302 homi-

557 1339 757 1410 nibus,
786 1339 931 1412 quia
960 1354 1100 1395 caro
1127 1341 1270 1395 sunt
1299 1337 1402 1404 ¹³;››
1429 1335 1592 1393 unde
1617 1335 1672 1392 ei
1711 1337 2042 1408 postquam
2086 1333 2213 1407 Spi-

555 1428 704 1485 ritus
725 1426 844 1495 ille,
877 1431 1169 1501 tanquam
1206 1425 1513 1492 columba,
1562 1424 1817 1482 evolavit
1853 1425 2001 1497 (non
2051 1423 2213 1479 enim

556 1519 787 1574 tantam
816 1520 1240 1590 corruptorum
1277 1515 1597 1572 hominum
1619 1511 2021 1587 pestilentiam
2041 1511 2215 1569 susti-

554 1604 780 1679 nebat),
810 1605 1053 1680 spiritus
1081 1603 1360 1679 procellas
1388 1604 1519 1676 ejus
1546 1603 1608 1660 in
1664 1603 1867 1660 locum
1912 1601 2212 1660 adductus

555 1699 667 1762 est,
700 1698 756 1752 et
783 1708 891 1767 per
910 1708 1105 1767 aquas
1127 1692 1474 1762 destructio;
1501 1696 1683 1765 atque
1710 1689 1795 1748 ita
1826 1693 1945 1747 Deo
1988 1687 2211 1747 odibile

2327 530 2711 605 πεπλανημένον
2773 529 3064 600 ἀναζητῶν,
3140 534 3235 594 τὰς
3293 533 3485 606 φάτνας
3537 528 3772 608 διερευνᾴ
3827 533 3909 591 διὰ

2326 623 2413 674 τόν
2472 619 2872 694 παραϐληθέντα
2906 628 3018 684 τοῖς
3072 626 3316 681 κτήνεσιν
3379 642 3393 656 ·
3452 621 3526 684 εἰς
3577 618 3722 697 ὕδωρ
3770 644 3910 681 κατα-

2326 707 2491 763 ϐαίνει
2566 712 2820 783 ποτάμιον
2882 705 2918 763 δ
2924 712 2979 764 ιά
3040 714 3099 764 τὸ
3174 710 3533 765 κατακλυσθεν
3586 719 3693 774 τοῖς
3761 711 3909 768 ὕδασι

2323 799 2585 873 πρόϐατον
2618 821 2631 835 ·
2665 801 2894 865 εὑρίσκει
2918 803 2977 854 τό
3030 799 3306 873 πλανηθεν,
3344 806 3436 855 καὶ
3492 801 3640 863 εύθύς
3689 804 3745 855 αἱ
3774 803 3909 880 οὐρά-

2323 908 2431 941 νιαι
2466 892 2668 962 πτύχες
2717 888 3116 963 ἀναξυγοῦνταε,
3166 890 3356 965 μᾶλλον
3387 888 3448 946 δε
3512 892 3670 965 φάναι
3723 895 3780 945 τό
3827 900 3908 957 τῆς

2324 982 2549 1052 Γραφῆς,
2619 976 2913 1051 ἀνοίγονται
2983 980 3034 1032 οί
3107 979 3468 1057 καταρρακται
3511 986 3605 1034 τοῦ
3687 980 3910 1057 ούρανοῦ,

2323 1070 2438 1123 ὅθεν
2474 1072 2566 1122 καὶ
2620 1069 2648 1121 ὁ
2684 1068 3021 1131 κατακλύσας
3090 1070 3235 1134 ὑετὸς
3295 1075 3543 1147 πρότερον
3608 1070 3908 1148 κατερράγη,

2323 1162 2416 1212 καὶ
2443 1154 2516 1213 δι’
2542 1153 2740 1221 ὕδατος
2776 1158 3090 1233 σωζόμενον,
3124 1163 3213 1214 τόν
3269 1158 3323 1224 ἐξ
3378 1156 3575 1223 ὕδατος
3629 1158 3915 1214 ἀπολωλότα

2322 1252 2503 1325 πρώην
2546 1248 2817 1322 ἄνθρωπον
2865 1244 3246 1321 ὑποδέχονται,
3298 1247 3432 1309 πλην
3487 1246 3548 1302 ού
3602 1245 3680 1303 δι’
3742 1247 3915 1313 ὑδατός

2322 1342 2499 1411 μόνον,
2553 1335 2683 1390 ἀλλά
2730 1342 2820 1390 καὶ
2875 1339 3168 1411 Πνεύματος
3229 1340 3388 1393 θείου.
3451 1342 3555 1393 Καὶ
3610 1346 3769 1393 τοῦτο
3810 1338 3916 1393 κατ’

2324 1425 2631 1480 ἀκολουθίαν
2689 1426 2988 1499 εὐμήχανον
3018 1448 3032 1461 ο
3071 1430 3266 1487 ἤκουσε
3294 1431 3396 1504 γὰρ
3457 1431 3560 1504 πρό
3613 1436 3717 1491 τῆς
3751 1427 3912 1502 ἕπιφοο

2320 1522 2416 1589 ρᾶς
2448 1522 2540 1569 τοῦ
2591 1515 2965 1590 κατακλυσμοῦ
3032 1520 3122 1570 τὸν
3181 1515 3497 1593 ἀνθρώπινον
3547 1519 3613 1579 ὡς
3669 1540 3692 1569 ε
3739 1518 3813 1572 Οὑ
3847 1522 3909 1591 μὴ

2321 1609 2600 1679 καταμείνῃ
2632 1608 2692 1658 τό
2725 1607 2932 1679 Πνεῦμά
2965 1622 3066 1679 μου
3116 1603 3166 1659 ίν
3214 1613 3326 1669 τοῖς
3382 1603 3682 1680 ἀνθρώποις
3728 1610 3913 1671 τούτοις

2324 1689 2359 1747 δ
2364 1697 2418 1747 ιά
2444 1698 2504 1747 τό
2530 1691 2659 1748 εἶναι
2685 1693 2876 1756 αύτούς
2916 1697 3089 1769 σάρκα
3116 1712 3128 1729 ·
3168 1718 3190 1745 ι
3230 1695 3344 1749 ὃθεν
3368 1700 3459 1748 καὶ
3486 1703 3580 1750 τοῦ
3636 1699 3915 1771 Πνεύματος

555 1782 748 1841 scelus
768 1782 1089 1840 hominum
1111 1780 1332 1839 diluvio
1359 1780 1733 1855 perditorum
1764 1784 1912 1849 erat,
1943 1783 2009 1836 ut
2035 1793 2203 1835 rena-

2321 1787 2439 1837 τότε
2497 1780 2653 1843 δίκην
2704 1791 3015 1860 περιστερᾶς
3059 1781 3388 1848 ἀποπτάντος
3436 1790 3454 1853 (
3507 1784 3603 1838 οὑκ
3639 1788 3782 1860 ἔφερε
3822 1788 3915 1861 γὰρ

555 1875 818 1929 sceretur
842 1887 955 1946 pro
983 1886 1158 1944 aquae
1180 1875 1418 1931 natura.
1442 1871 1574 1927 Non
1595 1869 1755 1927 enim
1776 1874 1921 1926 tunc
1961 1867 2211 1941 Spiritus

554 1961 659 2018 Dei
688 1976 870 2034 super
893 1975 1087 2034 aquas
1118 1958 1441 2018 ferebatur.
1464 1961 1619 2016 Dum
1639 1959 1802 2016 enim
1818 1957 2019 2015 adhuc
2036 1972 2211 2031 aqua;

553 2051 973 2113 tumescerent,
998 2047 1418 2121 cadaveraque
1431 2052 1497 2104 ut
1520 2046 1842 2103 verisimile
1854 2050 1961 2113 est,
1975 2045 2211 2103 innata-

553 2142 707 2207 rent,
735 2152 952 2193 corvus
978 2136 1229 2210 quidem
1259 2152 1334 2193 ex
1360 2152 1431 2194 ea
1454 2152 1591 2210 quae
1611 2135 1818 2192 omnia
1844 2134 2207 2203 continebat,

553 2242 697 2284 arca
717 2225 1187 2295 evolans,redire
1210 2225 1421 2295 noluit,
1454 2224 1707 2283 mortuis
1734 2223 2091 2297 corporibus
2116 2223 2208 2279 in-

553 2316 781 2386 sidens,
813 2320 874 2373 et
912 2315 1209 2389 corruptis
1239 2315 1531 2386 gaudens,
1566 2313 1914 2388 symbolum
1962 2312 2209 2370 effectus

549 2405 847 2462 daemonis
874 2405 982 2478 qui
1002 2405 1322 2462 hominum
1358 2405 1599 2462 casibus
1637 2403 1891 2471 laetatur,
1912 2402 2209 2475 sanguine

552 2494 779 2565 gaudet
793 2494 1088 2567 nobisque
1099 2494 1439 2566 jacentibus
1454 2493 1678 2551 irridet.
1693 2492 1989 2551 Columba
2006 2497 2207 2549 autem

556 2599 681 2641 non
709 2583 1130 2658 reperiensubi
1158 2583 1341 2657 pedes
1362 2583 1607 2650 sisteret,
1632 2582 1710 2640 ad
1758 2599 1899 2639 eum
1945 2582 2051 2655 qui
2099 2582 2208 2639 mi-

553 2677 713 2731 serat
729 2672 923 2731 rcdiit.
962 2674 1215 2731 Sanctus
1239 2673 1400 2729 enim
1435 2672 1686 2746 Spiritus
1734 2687 1858 2729 non
1911 2670 2209 2729 habitabit

547 2762 608 2818 in
631 2777 881 2835 corpore
909 2762 1171 2836 peccatis
1212 2761 1825 2819 serviente.Columba
1852 2775 2033 2835 porro
2059 2760 2208 2818 solet

545 2851 818 2909 adhiberi
842 2855 909 2909 ut
939 2852 1192 2924 Spiritus
1235 2850 1423 2908 sancti
1452 2850 1824 2924 symbolum.
1878 2853 1965 2907 Ita
2013 2866 2110 2907 res
2141 2866 2205 2907 se

545 2939 1297 3009 tunchabebant,etvitalis
1320 2956 1486 3013 aqua
1504 2939 1852 2996 hominibus
1877 2939 2204 3012 perniciem

547 3030 763 3089 attulit.
796 3029 966 3086 Nunc
987 3036 1210 3101 autem,
1247 3029 1534 3101 secunda,
1566 3034 1631 3087 ut
1659 3030 1849 3100 aiunt,
1872 3029 2201 3099 navigatio,

545 3122 602 3177 et
630 3119 891 3193 puppim
918 3122 1139 3176 nostrae
1165 3122 1395 3176 naturae
1426 3117 1740 3191 impellens
1763 3117 2103 3175 substantia
2122 3117 2202 3176 ab

544 3224 617 3266 eo
647 3208 755 3282 qui
775 3208 952 3264 nobis
974 3208 1247 3279 invigilat
1266 3212 1594 3281 nostraque
1620 3212 1809 3280 curat,
1823 3207 2085 3265 reﬂuens
2107 3224 2200 3265 ve-

547 3299 634 3354 nit
662 3302 721 3355 et
747 3297 848 3354 via
871 3297 983 3354 vias
1006 3298 1191 3370 priori
1216 3297 1513 3355 contraria
1536 3297 1773 3355 incedit.
1820 3300 1900 3354 Ex
1935 3298 2110 3371 aquis
2138 3298 2201 3355 in

549 3385 855 3459 Spiritum,
880 3403 917 3443 a
945 3386 1166 3459 Spiritu
1196 3386 1258 3442 in
1287 3386 1528 3457 caelum,
1560 3391 1615 3444 et
1651 3387 2053 3445 desideratam
2082 3387 2204 3444 dei-

544 3475 913 3535 ﬁcationem.
937 3478 1131 3543 Quam
1160 3474 1578 3549 intempestive
1607 3476 1751 3533 olim
1785 3476 2067 3534 invadere
2104 3492 2203 3534 co-

539 3570 684 3624 nata
709 3565 944 3633 mulier,
974 3566 1321 3624 extensione
1357 3566 1638 3637 dexteris,
1667 3566 1928 3639 perdidit
1978 3572 2034 3623 et
2062 3582 2199 3640 quae

538 3656 601 3713 in
632 3656 918 3714 manibus
941 3656 1227 3723 habebat,
1263 3662 1320 3713 et
1368 3672 1507 3713 cum
1564 3658 1722 3713 Deus
1750 3656 1878 3713 fieri
1924 3660 2195 3715 tentaret-

538 3747 751 3818 homo,
774 3763 993 3821 parum
1024 3746 1218 3805 abfuit
1245 3747 1393 3821 quin
1414 3751 1471 3805 et
1497 3746 1684 3804 homo
1713 3762 1842 3803 esse
1897 3747 2202 3806 desineret

539 3838 732 3894 Homo
764 3837 927 3894 enim
940 3841 1172 3895 constat
1192 3838 1397 3894 anima
1416 3824 1754 3909 etcorpore;
1783 3852 1965 3909 quem
1984 3838 2196 3894 mortis

539 3924 777 3997 gladius
834 3923 1072 3995 scindit,
1142 3925 1549 3997 unionemque
1596 3923 1886 3997 dissolvit,
1929 3940 2198 3997 quacum

538 4013 787 4071 solvitur
806 4018 864 4072 et
879 4013 1223 4087 appellatio,
1244 4018 1301 4070 et
1318 4017 1475 4070 terra
1495 4012 1692 4069 solum
1716 4013 1902 4070 modo
1920 4016 2200 4074 nomina-

535 4109 651 4160 tur.
685 4103 779 4160 Ait
808 4104 970 4161 enim
1002 4122 1015 4160 :
1046 4124 1075 4153 »
1115 4104 1293 4160 Terra
1345 4118 1428 4174 es,
1471 4106 1529 4159 et
1578 4102 1640 4159 in
1670 4107 1889 4160 terram
1942 4111 2198 4163 reverteo

532 4191 704 4248 ris”.
738 4214 769 4243 »
795 4195 945 4249 Cum
975 4191 1138 4248 enim
1183 4207 1307 4248 uno
1363 4191 1595 4264 impetu
1647 4197 1704 4250 et
1751 4192 2073 4250 confestim
2132 4195 2195 4252 in

534 4279 756 4336 caelum
769 4280 1092 4338 ascendere
1109 4280 1415 4353 cogitaret,
1431 4281 1641 4338 fraude
1660 4281 1944 4339 seductus
1983 4282 2194 4356 lapsus

531 4372 641 4438 est,
673 4372 731 4426 et
759 4369 1000 4441 decidit,
1026 4374 1084 4428 et
1108 4374 1397 4444 tanquam
1418 4371 1597 4443 gleba
1648 4375 1864 4445 ruptus
1893 4377 1983 4429 est
2010 4388 2192 4446 super

530 4463 777 4532 terram,
812 4464 870 4517 et
896 4460 958 4517 in
985 4460 1285 4517 infernum
1299 4460 1593 4535 dissipata
1608 4477 1751 4519 ossa
1777 4462 1928 4533 ejus.
1945 4462 2191 4520 Accinat

531 4547 695 4605 enim
721 4549 910 4606 David
931 4565 1107 4606 suum
1143 4551 1186 4586 ιδ
1218 4551 1414 4623 primo
1434 4550 1666 4608 homini
1688 4550 1921 4624 dejecto
1970 4567 2188 4625 oppor-

530 4640 746 4694 tunum
774 4636 1165 4712 epitaphium.
1187 4639 1513 4713 Oportebat
1532 4645 1736 4697 autem
1780 4654 1905 4697 non
1953 4640 2056 4711 ita,
2083 4641 2189 4697 sed

528 4726 801 4800 quodam
821 4727 1030 4785 ordine
1057 4732 1116 4785 et
1143 4730 1573 4801 consequentia
1601 4744 1741 4786 eum
1772 4730 2188 4789 ascensionem

530 4832 709 4874 suam
753 4833 964 4876 curare
992 4817 1303 4876 excellenti
1329 4817 1664 4876 humilitate
1693 4823 1987 4893 tanquam
2033 4820 2187 4878 duce

526 4911 819 4965 utentem.

2266 1894 2272 1899 '
2320 1876 2415 1932 τὴν
2473 1870 2699 1932 τοσήνδε
2754 1882 2853 1925 τῶν
2925 1872 3261 1948 ἀκαθαρσιών
3323 1870 3596 1928 δυσωδίαν
3658 1877 3680 1946 )
3730 1882 3919 1948 πνεῦμα

2320 1958 2632 2034 καταιγίδος
2675 1959 3059 2035 ἀντεπηνίχθη,
3114 1965 3205 2016 καὶ
3256 1964 3287 2021 ἡ
3330 1961 3383 2026 ἕξ
3448 1959 3659 2016 ὑδάτων
3704 1960 3918 2017 πανωλε-

2323 2051 2446 2124 θρία
2473 2053 2560 2102 καὶ
2587 2050 2722 2103 οὑτω
2753 2051 3029 2122 θεοστυγες
3074 2053 3131 2103 τό
3185 2058 3355 2122 μῦσος
3399 2047 3462 2110 ’ἦν
3512 2058 3614 2103 τῶν
3676 2049 3917 2104 κατακλυ·

2322 2141 2542 2193 σθέντων
2579 2137 2859 2213 ἀνθρώπων
2908 2140 2973 2200 ὡς
3031 2135 3422 2199 ἀναϐλαστῆναι
3479 2146 3635 2192 τοῦτο
3687 2144 3777 2193 καὶ
3830 2144 3918 2198 τὴν

2320 2233 2474 2303 φύσιν
2529 2238 2622 2283 τοῦ
2679 2226 2895 2291 ὕδατος.
2922 2229 2999 2283 Ού
3058 2232 3160 2306 γὰρ
3228 2229 3493 2304 ἐπεφέρετο
3547 2235 3668 2286 τότε
3722 2238 3918 2304 Πνεῦμα

2320 2326 2454 2373 Θεοῦ
2484 2316 2652 2373 ἐπάνω
2678 2327 2769 2371 τοῦ
2805 2315 3001 2382 ὕδατος
3035 2338 3047 2353 ο
3081 2324 3361 2393 τεκμήριον
3415 2317 3493 2381 δὲ,
3547 2324 3641 2374 καὶ
3690 2323 3793 2396 γὰρ
3848 2321 3919 2373 ἔτι

2316 2410 2503 2461 τούτου
2548 2407 2976 2482 ἕπικυμαίνοντος
3027 2413 3118 2461 καὶ
3171 2416 3273 2461 τῶν
3332 2410 3627 2483 πτωμάτων
3679 2412 3745 2471 ὡς
3789 2408 3917 2469 εἰκός

2317 2494 2727 2571 ἓπινηχομίνων,
2785 2499 2812 2550 ό
2882 2500 2972 2571 μεν
3046 2497 3210 2573 κόραξ
3289 2494 3769 2575 ἀποπτερυξὶμενος
3833 2504 3918 2558 τῆς

2314 2583 2736 2660 παντοδίγμονος
2779 2585 3005 2640 κιϐωτοῦ
3060 2591 3156 2647 τὴν
3217 2589 3546 2664 ὑποστροφὴν
3599 2585 3913 2662 ἀηνῄνατο,

2318 2674 2566 2749 ἔφιζάνων
2601 2685 2707 2739 τοῖς
2752 2684 2950 2752 νεκροῖς
3005 2683 3219 2751 σώμασι
3271 2683 3361 2732 καὶ
3415 2685 3526 2739 τοῖς
3591 2680 3921 2751 θνησιμαίοις

2316 2764 2656 2840 ἐπεντρυφῶν,
2709 2765 2967 2840 σύμϐολον
2998 2765 3065 2819 ὧν
3103 2775 3196 2822 τοῦ
3242 2771 3517 2841 χαίροντος
3554 2775 3667 2829 τοῖς
3720 2766 3921 2835 ἀνθρω-

2313 2860 2482 2919 πίνοις
2520 2861 2773 2931 πτώμασι
2829 2853 3075 2930 δαίμονος
3136 2862 3228 2911 καὶ
3266 2858 3590 2933 αἱμοχαροῦς
3633 2860 3729 2909 καὶ
3777 2854 3925 2928 ἐπεγ-

2313 2944 2564 3018 γελῶντος
2589 2950 2842 3018 κειμένοις
2876 2946 3002 3019 ἠμίν
3027 2968 3040 2981 ·
3076 2944 3107 3006 ἢ
3148 2965 3209 3019 γε
3255 2951 3359 3020 μὴν
3399 2947 3680 3022 περιστερά
3728 2949 3802 3019 μὴ
3848 2947 3923 2998 εὑ·

2313 3042 2483 3110 ροῦσα
2508 3042 2613 3097 τοῖς
2642 3039 2797 3089 ποσὶν
2846 3035 3011 3097 αὐτῆς
3055 3034 3349 3089 ἀνάπαυσιν
3400 3035 3763 3109 παλίμπτερος
3802 3033 3919 3087 ἀνθ-

2314 3128 2628 3198 υποστρέφει
2673 3132 2745 3195 τῷ
2818 3122 3205 3181 ἀποστείλαντι.
3272 3130 3483 3200 Πνεῦμα
3537 3128 3640 3201 γὰρ
3674 3124 3819 3198 οἷγιον
3856 3122 3911 3176 οὑ

2313 3219 2618 3273 κατοικήσει
2648 3212 2695 3265 ἐν
2742 3219 2949 3287 σώματι
3004 3216 3288 3289 κατάχρεῳ
3343 3214 3627 3290 ἁμαρτίαις
3658 3236 3673 3249 ·
3709 3214 3911 3287 ἐπείπερ

2313 3301 2756 3379 συμϐολογραφεῖν
2786 3298 2900 3357 οἶδε
2956 3306 3239 3381 περιστερά
3289 3307 3348 3357 τό
3408 3310 3617 3378 Πνεῦμα
3657 3306 3716 3356 τό
3746 3300 3915 3374 ἅγιον.

2309 3391 2406 3446 Ἦν
2436 3395 2526 3466 μὶν
2553 3400 2718 3446 ταῦτα
2753 3396 2811 3446 τό
2839 3389 3112 3463 τηνικάδε,
3138 3398 3229 3447 καὶ
3259 3397 3318 3446 τὸ
3350 3394 3573 3454 ζωτικὸν
3609 3390 3752 3469 ὕδωρ
3814 3390 3919 3443 ὀλέ-

2312 3482 2454 3555 θριον
2479 3486 2657 3554 γέγονε
2694 3489 2805 3545 τοῖς
2858 3480 3165 3557 ἀνθρώποις.
3210 3485 3288 3537 Τά
3339 3490 3427 3535 νῦν
3485 3480 3544 3536 δὲ
3597 3480 3860 3556 δεύτερος,
3894 3480 3919 3530 ὃ

2310 3591 2460 3644 φασι,
2519 3571 2695 3643 πλοῦς,
2752 3575 2841 3624 καὶ
2897 3575 3134 3647 πρύμναν
3215 3576 3545 3647 κρουσαμένη
3629 3580 3724 3634 τῆς
3784 3573 3917 3643 ἡμῶν

2310 3663 2512 3733 φύσεως
2571 3661 2601 3719 ἡ
2669 3661 2963 3722 ὑπόστασις
3041 3662 3185 3737 παρά
3266 3667 3361 3714 τοῦ
3417 3666 3774 3739 συμφερόντος
3835 3661 3920 3711 καὶ

2307 3748 2649 3824 κυϐερνῶντος
2730 3752 2790 3802 τά
2839 3749 2958 3803 καθ’
3018 3752 3159 3823 ἡμᾶς
3220 3748 3472 3826 ἀνάρρους
3514 3751 3636 3809 ἣκει
3696 3748 3789 3803 καί
3832 3752 3919 3805 τήν

2313 3838 2541 3893 ἐναντίαν
2587 3847 2650 3912 τῇ
2702 3842 2928 3915 προτέρᾳ
2982 3838 3273 3893 καταϐάσει
3328 3842 3636 3915 πορεύεται,
3694 3840 3750 3904 ἐξ
3801 3833 3921 3891 ὑδα-

2311 3949 2399 3992 τος
2428 3928 2499 3990 εἰς
2524 3931 2580 3981 τὸ
2613 3935 2823 4000 Πνεῦμα
2858 3926 2961 3981 ἀπὸ
3010 3936 3103 3982 τοῦ
3152 3932 3452 4003 Πνεύματος
3503 3929 3581 3992 εἰς
3632 3948 3725 3984 τον
3778 3927 3923 4004 ούρα-

2309 4022 2395 4071 νόν
2449 4022 2540 4071 καὶ
2603 4022 2698 4077 τὴν
2760 4015 3176 4091 ἕπιθυμουμένην
3235 4020 3443 4075 θέωσιν.
3509 4018 3621 4083 Ἤς
3703 4018 3925 4091 ἀκαίρως

2309 4112 2488 4183 πρώην
2533 4100 2926 4179 ἐπιδράξασθαι
2972 4109 3282 4181 πειραθεῖσά
3327 4115 3391 4181 τῇ
3439 4105 3662 4162 ἐκτάσει
3716 4113 3809 4168 τῆς
3854 4100 3925 4158 δε-

2309 4194 2423 4259 ξιᾶς
2458 4194 2688 4249 ἀπώλεσε
2747 4200 2839 4249 καὶ
2873 4200 2937 4249 τά
2989 4194 3038 4248 ἐν
3093 4202 3277 4272 χερσὶ,
3344 4201 3434 4250 καὶ
3491 4200 3629 4262 Θεὸς
3689 4196 3927 4270 γενέσθαι

2304 4281 2684 4359 προσδοκήσας
2715 4286 2740 4338 ό
2789 4286 3055 4359 ἄνθρωπος
3106 4282 3465 4339 κεκινδύνευκε
3522 4285 3670 4358 μηδ’
3735 4286 3904 4359 ἄνθρω

2301 4394 2397 4437 πος
2428 4370 2577 4430 εἶναι.
2604 4372 2909 4449 Ἀνθρωπος
2959 4377 3060 4449 γὰρ
3114 4378 3174 4427 τό
3231 4377 3476 4429 σύνθετον
3518 4373 3582 4430 ἐκ
3638 4376 3836 4450 ψυχῆς
3877 4392 3928 4430 τε

2301 4468 2389 4517 καὶ
2431 4469 2671 4537 σώματος
2699 4485 2711 4497 ·
2745 4466 2833 4516 τὸν
2862 4460 2921 4517 δε
2952 4467 3010 4516 τό
3040 4472 3133 4516 τοῦ
3165 4466 3387 4518 θανάτου
3418 4464 3570 4537 ξίφος
3613 4463 3919 4539 διχοτομεί,

2300 4558 2390 4607 καὶ
2432 4557 2527 4612 τὴν
2578 4552 2885 4627 συμπλοκὴν
2944 4550 3171 4621 ἀναλύει,
3217 4558 3308 4607 καὶ
3358 4556 3389 4613 ἠ
3444 4554 3644 4617 κλῆσις
3703 4571 3922 4609 συνανα-

2297 4642 2493 4711 λύεται,
2523 4648 2613 4695 καὶ
2636 4650 2704 4715 γῆ
2738 4641 3044 4715 ὀνομάζεται
3073 4647 3246 4715 μόνον.
3278 4664 3308 4694 ‹‹
3359 4648 3428 4702 Γῆ
3481 4646 3587 4719 γὰρ
3639 4644 3711 4712 εἰ,
3769 4646 3915 4717 φησὶ,

2297 4738 2388 4786 καὶ
2429 4732 2498 4794 εἰς
2548 4739 2647 4805 γῆν
2693 4731 2976 4806 ἀπελεύση.
3039 4755 3068 4785 ››
3133 4732 3275 4788 Ἐπεὶ
3330 4735 3434 4808 γὰρ
3499 4734 3576 4788 ἑνὶ
3632 4731 3919 4808 πηδήματι

2297 4828 2387 4877 καὶ
2417 4822 2603 4897 ἀθρόον
2649 4825 2780 4898 πρὸς
2829 4822 3043 4896 οὐρανόν
3093 4821 3351 4883 ἀναϐῆναν
3404 4827 3532 4896 ᾤετο
3569 4846 3584 4859 ·
3619 4833 3686 4899 τῇ
3749 4823 3916 4892 ἀπάτῃ

2275 4916 2645 4986 συναρπαγεὶς
2698 4910 2990 4974 ὀλισθήσας
3052 4916 3325 4985 κατέπεσε,

3407 4919 3499 4966 καὶ
3557 4918 3697 4968 ὡσεὶ
3749 4914 3923 4986 πάχος

524 5005 627 5070 γῆς
897 4996 983 5051 ἐπὶ
1012 5005 1129 5066 τῆς,
1170 5004 1271 5070 γῆς
1326 4990 1712 5072 διεσκορπίσθη
1745 5000 1812 5052 τά
1850 4997 1982 5052 ὀστᾶ
2033 4999 2190 5054 αὑτοῦ
2269 5006 2414 5078 παρά
2458 5005 2547 5055 τόν
2574 4998 2733 5073 ᾅδην.
2779 5000 3137 5074 Ἐπιψαλλέτω
3183 5005 3283 5077 γὰρ
3320 5004 3347 5055 ό
3385 5000 3558 5057 Δαϐίδ
3614 5012 3694 5076 τῷ
3748 5003 3924 5076 γενάρ-

524 5101 601 5159 χη
633 5092 848 5160 κειμένῳ
897 5090 984 5140 τὸν
1033 5086 1305 5160 ἐπιτάφιον
1352 5092 1645 5163 πρόσφορον

524 5175 810 5251 μελετῆσαι
835 5174 1019 5251 ὁδηγῷ
1051 5176 1240 5253 ἀρίστῃ
1274 5181 1718 5254 ταπεινοφροσύνῃ
1759 5183 2051 5253 χρώμενον.

597 5267 686 5323 ιν.
708 5266 823 5323 Sed
852 5266 1117 5340 agedum
1138 5271 1197 5324 et
1218 5267 1577 5325 conabimur
1599 5266 2060 5340 explicationem
2082 5283 2183 5341 ag-

525 5353 1027 5424 grediverborum
1056 5355 1359 5429 Evangelii
1384 5372 1522 5430 quae
1547 5355 1727 5414 hodie
1751 5355 2005 5428 legenda
2022 5364 2179 5416 sunt.

526 5443 667 5509 Quae
685 5443 935 5518 quidem
959 5445 1407 5505 divinissimum
1421 5447 1684 5505 Marcum
1713 5444 2018 5521 extollunt,
2048 5464 2183 5522 par-

528 5697 546 5721 .
596 5661 644 5701 ¹²
673 5662 817 5725 Gen.
848 5664 951 5738 v'u,
974 5662 1068 5723 tt.
1143 5663 1190 5707 '3
1216 5664 1362 5724 Gen.
1386 5676 1463 5739 Vl,
1490 5665 1543 5724 3.
1624 5663 1670 5703 tt
1701 5664 1932 5731 Genm,
1962 5666 2047 5724 19.

1700 5105 1713 5119 ’
1771 5084 1881 5141 ἔδει
1930 5084 1989 5142 δὲ
2047 5089 2153 5162 οὑχ
2202 5093 2389 5163 οὕτως,
2465 5089 2594 5145 ἀλλά
2654 5090 2798 5155 τάξει
2861 5096 2964 5145 τινὶ
3008 5095 3098 5145 καὶ
3169 5091 3456 5165 ἀκολουθίᾳ
3500 5096 3604 5152 τὴν
3667 5090 3923 5146 ἀνάϐασιν

2363 5271 2437 5328 Δ’.
2492 5268 2651 5325 Ἀλλά
2695 5272 2810 5345 φέρε
2854 5276 2945 5325 καὶ
2988 5271 3349 5345 πειρασόμεθα
3389 5278 3453 5344 τῇ
3505 5269 3777 5345 ἐξηγήσει
3819 5267 3923 5323 ἔπιε

2291 5357 2541 5415 ϐαλέσθαι
2564 5368 2663 5415 τῶν
2692 5368 2785 5415 τοῦ
2846 5360 3165 5435 Εύαγφελίου
3202 5360 3453 5437 ῥημάτων
3512 5370 3623 5414 τῶν
3693 5367 3920 5435 σήμερον

2291 5449 2860 5525 ἀναγνωσθησομένων.
2912 5448 2990 5506 Τὰ
3052 5447 3111 5505 δε
3147 5451 3458 5527 συγγραφέα
3512 5454 3612 5504 τὸν
3654 5453 3917 5506 θειότατον

2123 5665 2174 5707 ⁸⁵
2202 5662 2336 5725 Psal
2360 5678 2452 5736 LII,
2480 5667 2536 5726 6.
