4090 6390
186 302 306 368 743

1369 304 1660 367 HOMILIA
1697 309 1766 367 IN
1805 308 1903 368 SS.
1943 300 2402 375 INNOCEN'I‘ES;

3469 314 3577 380 746

182 438 413 512 Μάρκον
460 435 717 509 αὐχοῦσι,
795 438 983 512 μικρὸν
1186 437 1312 487 ὄντα
1346 438 1526 507 πρώην
1583 433 1633 486 ἄν
1699 439 1809 498 τοῖς

1920 449 2060 491 vum
2077 433 2244 507 prius
2263 434 2418 492 inter
2431 430 2974 511 fratresChristi(ex
3002 438 3384 511 septuaginta
3411 442 3575 500 enim

188 522 450 598 ἀδελφοῖς
509 530 670 579 αὐτοῦ
712 532 834 595 (τῆς
889 528 987 601 γὰρ
1042 531 1140 577 τῶν
1207 519 1567 596 ἑϐδομήκοντα
1621 542 1811 576 συναυ-

187 614 367 676 λίαςὸ
397 613 577 691 ἀνὴρ),
608 614 716 668 ἀλλ’
759 618 842 669 ὅτι
879 617 934 668 αἱ
978 621 1155 687 χεῖρες
1208 613 1366 666 αύτού
1418 611 1671 671 ἐποίησαν
1727 616 1811 688 ὄρ·

189 722 361 776 γανον
391 709 680 778 σωτηρίας,
707 709 798 758 καὶ
836 706 886 757 οἱ
925 699 1176 758 δάκτυλοι
1212 702 1372 755 αύτού
1410 703 1711 775 ἡρμόσαντο
1749 705 1808 755 τό

187 804 296 858 τῆς
365 794 642 867 βασιλείας
704 795 994 871 γράψαντες
1050 793 1381 867 Biar/046w
1442 791 1514 855 εἰς
1561 797 1809 867 μέγιστον

190 884 348 947 κλέος
376 884 581 960 ἐπήρθη
629 890 720 939 καὶ
775 888 907 960 πρὸς
964 885 1231 958 ἰσοτιμίαν
1286 883 1439 943 ἀνέϐη
1496 893 1596 937 τῶν
1652 903 1809 959 κορυ-

192 979 387 1049 φαίων·
444 975 819 1049 εὐηγγελίσατο
873 978 974 1050 γὰρ
1027 972 1370 1033 δικαιοσύνην
1417 974 1466 1027 ἓν
1523 973 1811 1047 Ἐκκλησία

190 1065 400 1139 μεγάλη
433 1067 614 1128 πάσης
640 1074 736 1127 τῆς
763 1065 1086 1138 οἰκουμένης,
1117 1069 1207 1117 καὶ
1234 1064 1304 1126 εἰς
1344 1071 1515 1118 πᾶσαν
1558 1068 1660 1138 γὰρ
1714 1070 1808 1125 τὴν

187 1164 298 1228 γῆν
328 1153 539 1219 ἐξῆλθεν
570 1157 597 1207 6
628 1156 851 1228 φθόγγος
875 1154 1058 1209 αὐτοῦ.
1097 1159 1198 1208 Καὶ
1253 1156 1398 1207 ενίων
1458 1157 1549 1226 μὲν
1605 1154 1707 1206 τῶν
1755 1154 1809 1207 ἐν

194 1253 311 1308 τοίς
339 1240 553 1297 δώδεκα
574 1247 642 1298 τά
665 1244 895 1318 ὀνόματα
930 1244 1058 1317 τάχ’
1111 1242 1172 1296 ἂν
1226 1252 1335 1305 τοῖς
1382 1243 1592 1305 πολλοίς
1645 1244 1808 1315 οἰγνω-

196 1353 326 1387 στα·
360 1340 453 1387 τού
474 1331 535 1387 δι
566 1336 634 1397 ὡς
667 1336 968 1407 θαυμαστὸν
997 1337 1057 1386 τὸ
1110 1336 1272 1406 ὄνομα
1317 1330 1367 1384 ἐν
1420 1334 1565 1405 πάσῃ
1597 1340 1657 1405 τῇ
1711 1339 1804 1404 γῇ,

197 1427 297 1476 καὶ
362 1422 410 1475 ἰν
475 1422 662 1495 ὑψηλῴ
727 1432 800 1495 τῷ
855 1425 1160 1499 κηρύγματι
1225 1424 1251 1474 6
1310 1421 1680 1494 εύαγγελιστὴς
1744 1430 1808 1493 τῷ

196 1512 503 1586 Edric/alio.»
608 1513 1150 1587 συμμεγαληγορεῖται
1253 1516 1343 1565 καὶ
1410 1518 1810 1584 συνεκιρωνείται

195 1613 400 1676 τρανῶς
428 1601 512 1656 ἐπὶ
539 1611 632 1656 τού
660 1602 797 1678 ἱεροῦ
821 1611 917 1665 τῆς
948 1601 1257 1663 Ἐκκλησίας
1314 1600 1640 1676 ὀκρίϐαντος.
1700 1600 1808 1655 Κᾶν

193 1694 269 1754 εἰς
321 1697 418 1751 τὴν
457 1689 788 1768 βαρϐαρικὴν
855 1691 1133 1750 ἐκκλησίαν
1185 1690 1440 1764 εἰσέλθῃς,
1499 1699 1808 1766 Χριστιανι-

1917 521 2225 596 discipulis
2246 524 2413 593 eral),
2448 522 2555 580 sed
2583 524 2713 595 ejus
2737 540 2957 583 manus
2987 526 3196 584 salutis
3214 529 3578 587 instrumen-

1918 616 2046 668 tum
2077 610 2387 668 confecere
2412 616 2469 668 et
2491 611 2663 683 digiti
2683 613 2814 684 ejus
2838 614 3193 672 ordinavere
3241 617 3572 676 scribentes

1918 701 2306 772 Evangelium
2323 702 2509 772 regni'
2535 702 2625 758 Ad
2644 704 2972 760 maximam
2991 704 3247 775 gloriam
3262 706 3455 764 elatus
3487 713 3576 766 est

1916 794 1975 847 et
1988 806 2181 864 usque
2197 789 2277 848 ad
2287 790 2749 863 coryphaeorum
2766 793 3055 850 honorem
3072 795 3358 851 ascendit.
3391 800 3573 854 Evan-

1918 879 2190 950 gelizavit
2214 879 2377 935 enim
2410 880 2704 951 justitiam
2733 881 2797 937 in
2820 897 3048 954 magna
3074 883 3253 940 totius
3280 884 3443 941 orbis
3473 889 3576 943 Ec-

1916 968 2100 1027 clesia
2126 968 2269 1025 etin
2298 984 2545 1026 omnem
2575 974 2793 1027 terram
2824 972 3003 1029 exivit
3054 988 3245 1030 sonus
3300 974 3455 1046 ejus.
3509 979 3577 1033 Et
3658 1006 3664 1014 ι

1916 1058 2327 1131 quorumdam
2349 1058 2598 1130 quidem
2626 1075 2699 1115 ex
2724 1059 3047 1117 duodecim
3072 1062 3325 1120 nomina
3373 1062 3576 1121 multis

1915 1147 2066 1205 forte
2090 1148 2452 1218 suntignota
2474 1165 2488 1215 ;
2517 1148 2701 1220 hujus
2717 1155 2923 1207 autem
2941 1149 3216 1208 mirabile
3230 1156 3321 1208 est
3348 1168 3574 1210 nomen

1915 1236 1977 1293 in
1997 1238 2277 1294 universa
2305 1242 2478 1307 terra,
2507 1242 2565 1295 et
2593 1238 2825 1296 excelso
2866 1241 3171 1313 praeconio
3208 1242 3576 1314 evangelista

1918 1341 2040 1382 una
2055 1342 2195 1382 cum
2207 1329 2367 1383 Evan
2375 1326 2530 1397 gelio
2546 1326 2703 1384 clare
2715 1327 3141 1400 magniﬁcatur
3154 1334 3211 1386 et
3231 1331 3572 1402 proclama-

1918 1414 2085 1470 turin
2107 1429 2278 1470 sacro
2297 1414 2569 1471 Ecclesiae
2591 1420 2901 1487 suggestu.
2925 1419 2993 1472 Et
3018 1416 3068 1472 si
3086 1418 3148 1473 in
3168 1416 3572 1476 barbarorum

1916 1502 2229 1560 ecclesiam
2245 1503 2453 1573 intres,
2477 1503 2876 1561 Christianam
2894 1509 3120 1571 tamen,
3142 1506 3272 1563 ﬁeri
3297 1512 3493 1579 potest
3509 1513 3572 1564 ut

1916 1592 2292 1664 evangelicas
2308 1609 2486 1649 voces
2502 1609 2625 1648 non
2641 1593 2936 1666 intelligas
2955 1600 3199 1667 propter
3212 1594 3435 1665 linguae
3473 1596 3570 1652 di-

1915 1682 2257 1738 versitatem
2291 1699 2305 1749 ;
2334 1684 2564 1739 Marcus
2594 1688 2796 1739 autem
2835 1698 2961 1739 non
3016 1683 3384 1740 adulteratus
3432 1689 3569 1742 tuas

188 1786 297 1841 κίῖν
320 1778 374 1835 δ’
403 1783 558 1854 ὅμως»
612 1790 712 1833 τῶν
766 1784 857 1853 μὲν
909 1781 1253 1853 εὖκγγελικῶν
1308 1781 1555 1855 ῥημάτων
1610 1779 1801 1853 ἑστήξῃ

1920 1786 2094 1827 aures
2107 1770 2527 1855 penetrabit,et
2537 1787 2690 1827 evan
2699 1771 3024 1841 gelicorum
3037 1773 3360 1829 verborum
3373 1773 3571 1831 lectio-

190 1872 450 1934 ἀσύνετος
475 1868 570 1924 διὰ
596 1875 656 1924 τὸ
713 1870 1082 1943 ἀλλόγλωττον·
1134 1872 1160 1923 6
1216 1873 1431 1946 Μάρκος
1487 1867 1546 1923 δὲ
1599 1870 1803 1945 ἀπαρα-

189 1966 418 2022 ποίητος
473 1957 780 2014 εἰσδύσεταί
846 1978 942 2013 σου
989 1963 1082 2022 τὰς
1139 1957 1316 2028 ἀκοὰς,
1368 1963 1458 2012 καὶ
1516 1957 1806 2031 ἀνάγνωσιν

192 2049 545 2123 εὐαγγελικῶν
607 2049 857 2124 ῥημάτων
921 2055 1207 2122 τεκμήραιο
1263 2053 1352 2101 καὶ
1412 2045 1657 2112 δοξάσεις
1720 2052 1809 2102 τὸν

197 2144 416 2214 Κύριον·
452 2138 616 2200 Οὗτος
645 2144 818 2192 τοίνυν
869 2140 895 2191 6
960 2137 1266 2200 τηλικοῦτος
1333 2137 1727 2210 ώαγγε).ιστής,
1782 2139 1808 2190 6

194 2235 294 2289 τήν
324 2231 515 2305 φράσιν
544 2227 808 2301 ἆπίτομος,
857 2233 952 2287 τὴν
1009 2225 1069 2281 δι
1119 2237 1310 2300 γνῶσιν
1363 2228 1579 2294 πλατύς,
1633 2225 1810 2301 ἀρχὴν

197 2327 299 2372 τού
327 2318 444 2371 κατ’
473 2317 631 2371 αὐτὸν
660 2318 976 2391 Εύαγγελίου
1015 2326 1238 2371 ποιεῖται
1293 2322 1387 2377 τήν
1443 2316 1491 2370 ἐν
1544 2326 1617 2389 τῷ
1682 2317 1812 2390 Ἰορ-

204 2405 345 2481 δάνῃ
389 2412 674 2484 φανέρωσιν
740 2414 832 2460 τού
889 2410 1015 2460 Υἱοῦ
1074 2415 1166 2461 τού
1207 2414 1360 2463 Θεοῦ.
1417 2413 1672 2484 Πρότερον
1723 2404 1811 2461 οὖν

204 2497 311 2574 ἐρῶ
336 2500 463 2572 πρὸς
490 2499 645 2570 ὑμᾶς,
670 2498 792 2572 ὅπερ
823 2502 925 2550 τινὶ
950 2506 1050 2550 τῶν
1110 2504 1202 2550 τοῦ
1266 2497 1582 2570 Εὖαγγελίου
1641 2516 1810 2571 σοφω-

199 2589 373 2641 τάτων
414 2586 677 2660 ἕξηἹητῶν
743 2590 1032 2661 χαριάιτως
1081 2591 1312 2645 νενόηταί
1366 2606 1421 2640 τε
1475 2591 1565 2640 καὶ
1624 2591 1815 2662 γήρα.

202 2696 357 2731 πται.
412 2683 520 2739 Τῆς
583 2684 684 2729 τῶν
758 2676 1136 2748 days/tlte?er
1205 2679 1352 2729 ἕνεκα
1413 2679 1725 2749 τετρακτύος
1786 2678 1812 2729 6

201 2767 294 2821 ἐπὶ
334 2775 435 2819 τῶν
490 2765 775 2843 Χερουϐὶμ,
836 2771 988 2839 φησι,
1046 2767 1332 2839 καθήμενος
1383 2770 1528 2833 Θεὸς,
1560 2765 1595 2818 ἂ
1637 2785 1813 2839 τετραε-

197 2861 469 2932 πρὸσωπα
496 2858 528 2915 ἠ
563 2861 737 2931 Γραφὴ
777 2855 934 2929 λέγει,
998 2851 1298 2930 παρέδωκεν
1354 2858 1480 2930 ἡμῖν
1532 2857 1813 2932 τετράμορ-

199 2965 297 3020 φον
357 2949 420 2999 τὸ
494 2945 806 3018 Εύαγγῦιον
872 2944 921 2999 ἐν
986 2946 1059 2998 ἑνὶ
1124 2948 1377 3019 πνεύματι
1444 2950 1809 3019 συνεχόμενον.

195 3045 389 3109 Ωσπερ
432 3031 519 3088 οὖν
542 3044 643 3088 τῶν
707 3033 975 3109 Χερουϐὶμ
1032 3036 1248 3088 ἕκαστον
1314 3035 1364 3089 ἓν
1414 3038 1505 3109 μὲν
1533 3039 1812 3110 πρόσωπον

197 3127 347 3199 εἶχεν
378 3127 555 3199 ὅμοιον
583 3124 767 3193 λέοντι,
828 3124 995 3200 ἕτερον
1063 3121 1123 3178 δι
1190 3124 1441 3199 ἀνθρώπῳ
1492 3130 1582 3179 καὶ
1644 3126 1811 3201 ἕτερον

197 3214 356 3289 ἀει-ᾧ,
392 3222 485 3271 καὶ
519 3216 686 3291 ἕτερον
729 3221 943 3289 μόσχῳ·
1006 3216 1141 3269 οὕτω
1192 3221 1282 3269 καὶ
1330 3218 1359 3275 ἡ
1410 3224 1503 3269 τοῦ
1552 3215 1813 3289 εὐαγγελι-

193 3315 294 3360 κού
358 3308 700 3382 κηρύγματος
771 3310 1125 3381 πραγματεία.
1204 3311 1306 3359 Καὶ
1379 3309 1439 3359 τὸ
1513 3309 1604 3380 μὲν
1676 3309 1815 3360 κατά

197 3396 447 3455 Ἰωάννην
514 3393 826 3467 Plinys/{Atos
903 3395 1016 3467 ἐχει
1088 3394 1258 3448 λεοντο
1294 3400 1594 3471 πρόσωπον,
1653 3393 1813 3468 βασι-

192 3485 344 3540 λαὸν
381 3487 485 3560 γὰρ
526 3485 552 3536 6
603 3483 727 3537 λέων
792 3489 882 3537 καὶ
947 3485 1276 3557 ἡγεμονικὸν
1338 3486 1528 3557 ὁμοίως
1577 3481 1663 3537 οὖν
1722 3488 1812 3536 καὶ

194 3577 222 3629 ὁ
250 3571 498 3635 Ἰωάννης
529 3571 630 3625 ἀπό
661 3580 754 3626 τού
782 3572 1064 3646 βασιλικοῦ
1121 3578 1212 3625 καὶ
1280 3570 1593 3627 δεσποτικοῦ
1654 3571 1811 3635 ἀξιώ-

195 3681 361 3739 ματος
388 3671 488 3725 τῆς
519 3665 758 3723 θεότητος
782 3670 873 3715 τοῦ
929 3667 1103 3734 Λόγου
1172 3661 1386 3734 ἤρξατο,
1451 3663 1623 3716 εἰπών·
1650 3684 1679 3715 ι(
1732 3663 1813 3715 Ἐν

198 3752 349 3828 ἀρχῇ
384 3750 447 3811 ἦν
476 3753 501 3805 6
525 3757 717 3824 Λόγος,
750 3757 840 3805 καὶ
880 3755 999 3813 Θεὸς
1020 3748 1080 3811 ἧν
1110 3754 1137 3804 6
1170 3756 1357 3824 Λόγος·
1389 3774 1416 3803 ››
1439 3756 1497 3805 τὸ
1564 3749 1624 3805 δὲ
1679 3754 1814 3805 κατά

194 3846 471 3899 Ματθαίον
500 3841 961 3918 ἀνθρωπόμορφον·
992 3840 1092 3894 ἀπὸ
1146 3844 1248 3918 γὰρ
1302 3851 1396 3905 τῆς
1448 3844 1585 3894 κατά
1642 3844 1815 3917 σάρκα

194 3937 486 4006 γεννήσεως
528 3938 620 3985 καὶ
694 3930 1128 4005 ἐνανθρωπνήσεως
1192 3939 1285 3984 τού
1352 3937 1528 4004 Λόγου
1596 3931 1811 4007 ἤρξατο.

200 4025 276 4075 Τὸ
305 4017 365 4073 δὲ
408 4024 537 4074 κατά
583 4022 797 4095 Μάρκον
847 4021 979 4091 ἀετῴ
1033 4022 1491 4095 παρεικαζόμενον·
1554 4021 1654 4073 ἀπὸ
1710 4024 1813 4095 γὰρ

1227 4130 1240 4144 ·
1296 4112 1326 4168 ἡ
1393 4107 1454 4163 δέ
1503 4114 1813 4186 προφητεία,

192 4203 363 4277 χάρις
414 4204 737 4276 προορατικη
788 4197 940 4271 οὖσα,
987 4199 1140 4263 ὀξέως
1194 4202 1262 4253 τά
1321 4199 1497 4274 πόρρω
1547 4198 1818 4273 βλέπουσα

195 4286 347 4351 ἀετός
394 4288 533 4343 ἐστιν
573 4285 1013 4363 ὀξυδερκέστατος
1050 4292 1148 4363 γὰρ
1217 4289 1242 4340 6
1297 4287 1462 4352 ἀετός.
1518 4292 1727 4361 Μόσχῳ
1759 4285 1818 4343 δέ

194 4381 344 4453 ὅμιον
375 4382 433 4432 τὸ
465 4381 604 4431 κατά
660 4384 890 4448 Λουκᾶν,
959 4374 1100 4431 διότι
1130 4377 1233 4431 ἀπὸ
1285 4385 1377 4440 τῆς
1440 4376 1818 4453 ἀρχιερατικῆς

196 4466 345 4533 ἀξίας
369 4475 461 4521 τοί
490 4472 761 4544 Ζαχαρίον
799 4466 996 4542 ἤρξατο
1034 4467 1161 4543 ὑπὲρ
1228 4474 1327 4520 τῶν
1396 4465 1661 4541 ἁμαρτιῶν
1726 4475 1819 4521 τοῦ

188 4558 318 4612 λαοῦ
347 4559 655 4631 θυμιῶντος·
684 4562 775 4610 καὶ
799 4561 1012 4630 μόσχος
1067 4553 1126 4610 δὲ
1183 4553 1245 4615 ἦν
1294 4559 1320 4609 6
1374 4559 1620 4630 θυόμενος
1677 4562 1814 4611 τότε*

195 4653 300 4703 Καὶ
339 4655 510 4701 ταῦτα
547 4650 638 4721 μὲν
704 4645 839 4700 οὕτω
870 4646 985 4699 κατ’
1022 4644 1234 4699 ἀστείαν
1260 4649 1375 4699 τινὰ
1423 4652 1518 4705 τὴν
1574 4646 1816 4705 ἐπιϐολήν

198 4116 296 4172 τῆς
334 4115 650 4184 προφητείας
680 4110 876 4184 ἧρξατο
926 4110 1165 4164 Ἰωάννου

193 4736 566 4810 ὑφαλογεῖται.
634 4738 747 4793 Τῶν
808 4745 964 4812 τριῶν
1025 4740 1197 4789 τοίνυν
1240 4737 1596 4811 παρεαθέντων
1652 4755 1815 4812 προσ-

192 4828 405 4881 ώπωνό
453 4825 604 4889 ἀετὸς
655 4826 779 4901 ἄρτι
832 4825 1299 4901 παρρησιαζέσθω,
1359 4828 1417 4878 τὸ
1481 4826 1599 4877 κατ’
1656 4826 1814 4879 αὐτὸν

190 4916 367 4977 λύσας
407 4919 610 4990 πτερὸν,
644 4920 735 4968 καὶ
767 4917 1071 4989 ἐφιπτάσθω
1114 4920 1234 4988 ἡμῖν
1277 4922 1390 4977 τοῖς
1433 4922 1672 4971 νεοσσοῖς
1713 4914 1814 4967 αύ-

192 5015 313 5063 τού·
367 5003 460 5060 διὰ
494 5009 595 5081 γὰρ
641 5013 735 5059 τοῦ
782 5005 1102 5078 Εὗαγγελίου
1154 5011 1265 5067 τοῖς
1307 5003 1619 5068 ἀποστόλοις
1662 5007 1815 5079 ἡμεῖς

195 5098 570 5170 γεγεννήμεθα.
646 5099 748 5150 Καὶ
830 5091 959 5157 διεὶς
1023 5096 1111 5158 τὰς
1178 5098 1437 5169 πτέρυγας
1496 5099 1658 5148 αὐτοῦ
1705 5094 1812 5148 ἐπι-

201 5190 463 5251 σκιαζίτω
512 5182 609 5239 διὰ
656 5192 753 5238 τοῦ
801 5189 852 5238 ἓν
899 5184 1042 5256 αύτῷ
1082 5187 1399 5258 Πνεύματοςο
1453 5189 1544 5238 καὶ
1591 5181 1812 5260 ὀξυδερ-

196 5280 339 5338 κεὶας
375 5270 712 5349 μεταδιδότω
744 5279 817 5338 εὶς
858 5279 917 5328 1'6
956 5282 1311 5329 κατοπτεῦσαι
1356 5277 1424 5328 τὰ
1462 5273 1511 5327 ἓν
1553 5281 1626 5346 τῷ
1656 5272 1813 5348 βάθει

197 5374 299 5420 τῶν
359 5367 509 5420 θείων
572 5364 740 5440 λόγων
816 5363 1207 5441 ἐγκεκρυμμένοι
1278 5369 1536 5439 νοήματα.
1588 5364 1811 5418 Ἐπαινῶ

200 5460 290 5531 μεν
336 5458 427 5509 τὸν
467 5454 613 5510 ἀετὸν
663 5458 723 5510 τὸ
757 5457 897 5510 κατὰ
940 5458 1155 5531 Μάρκον
1205 5457 1600 5534 παρεικάσαντα
1645 5453 1814 5531 Εὐαγ-

272 5636 320 5677 ¹⁶
348 5636 522 5695 Joan.
550 5647 589 5709 1,
626 5637 676 5694 l.

423 5751 678 5815 ΡΑτιιοι.
715 5753 818 5815 Gn.
842 5751 993 5817 CXL.

1854 3146 1893 3202 C

1854 4507 1896 4561 D

1915 1866 2058 1908 nem
2078 1850 2463 1907 meditaberis
2502 1857 2558 1907 et
2581 1851 2862 1908 laudabis
2887 1853 3231 1909 Dominum.
3266 1854 3364 1909 llic
3393 1854 3572 1925 igitur

1920 1945 2120 1998 tantus
2139 1940 2506 2012 evangelista
2529 1940 2789 1997 dictione
2809 1940 3033 2012 brevis,
3081 1940 3330 1998 scientia
3368 1947 3572 2000 autem

1915 2030 2336 2101 latus,initium
2360 2030 2450 2087 sui
2472 2030 2779 2102 Evangelii
2799 2031 2941 2088 facit
2962 2032 3084 2088 Filii
3111 2033 3210 2089 Dei
3230 2032 3290 2088 in
3310 2033 3574 2090 Jordane

1916 2119 2486 2177 manifestationem.
2509 2120 2676 2176 Prius
2699 2120 2877 2191 igitur
2897 2121 3067 2177 vobis
3090 2120 3292 2178 dicam
3313 2122 3480 2195 quod
3493 2122 3574 2181 ab

1918 2226 2042 2267 uno
2063 2227 2136 2267 ex
2165 2209 2624 2283 sapientissimis
2663 2210 2970 2281 Evangelii
3006 2210 3430 2284 interpretibus
3478 2227 3576 2268 ex-

1919 2299 2248 2370 cogitatum
2268 2304 2326 2356 et
2357 2299 2647 2372 scriptum
2677 2305 2766 2357 est
2794 2299 2870 2355 de
2891 2305 3154 2373 quatuor
3178 2300 3575 2371 evangelista-

1917 2404 2056 2446 rum
2084 2405 2339 2446 numero
2381 2408 2393 2445 :
2421 2391 2532 2456 Qui
2564 2404 2747 2462 super
2776 2389 3108 2461 cherubim,
3140 2389 3357 2463 inquit,
3411 2390 3578 2447 sedet

1923 2483 2096 2545 Deus,
2120 2479 2342 2552 quibus
2378 2484 2639 2551 quatuor
2659 2478 2856 2535 vultus
2889 2480 3193 2552 Scriptura
3209 2479 3431 2551 tribuit,
3459 2484 3577 2536 tra-

1921 2568 2072 2625 didit
2108 2568 2282 2624 nobis
2312 2567 2693 2640 quadruplici
2721 2568 2872 2625 facie
2900 2568 3312 2638 Evangelium,
3360 2569 3422 2625 in
3452 2584 3576 2625 uno

1923 2657 2133 2731 spiritu
2153 2656 2679 2729 comprehensum.
2700 2656 3229 2723 Quemadmodum
3250 2658 3413 2714 enim
3434 2658 3578 2715 che-

1918 2746 2119 2803 rubim
2134 2745 2617 2819 unumquodque
2632 2762 2814 2803 unam
2826 2745 3074 2819 quidem
3086 2746 3300 2802 faciem
3313 2746 3581 2804 habebat

1919 2836 2077 2893 leoni
2090 2835 2364 2902 similem,
2385 2835 2565 2891 aliam
2578 2850 2721 2892 vero
2735 2834 2988 2902 homini,
3004 2839 3061 2892 et
3078 2835 3312 2892 tertiam
3335 2836 3572 2909 aquilas,

1921 2932 1980 2984 et
1996 2933 2275 3000 quartam
2295 2925 2482 2983 vitulo
2509 2945 2521 2995 ;
2543 2925 2627 2983 ita
2655 2930 2712 2982 et
2730 2925 3062 2997 evangelici
3091 2925 3377 2999 praeconii
3398 2926 3577 2985 actio.

1922 3020 1990 3073 Et
2007 3016 2255 3090 quidem
2286 3014 2677 3085 Evangelium
2700 3015 3036 3072 secundum
3064 3015 3364 3073 Joannem
3393 3015 3580 3073 habet

1924 3106 2116 3163 Iconis
2136 3105 2381 3174 faciem;
2405 3104 2634 3162 animal
2651 3104 2812 3162 enim
2829 3106 3061 3176 regium
3076 3110 3164 3162 est
3183 3110 3240 3161 et
3256 3106 3579 3177 imperato-

1921 3197 2077 3253 rium
2107 3195 2202 3251 leo
2237 3210 2249 3261 ;
2273 3194 2541 3251 similiter
2569 3194 2747 3265 igitur
2767 3198 2823 3251 et
2850 3196 3111 3251 Joannes
3137 3211 3174 3251 a
3199 3194 3362 3265 regia
3381 3198 3441 3252 et
3470 3197 3583 3252 Do.

1921 3286 2144 3342 minica
2172 3283 2499 3341 divinitatis
2522 3283 2816 3355 dignitate
2868 3298 3213 3340 sermonem
3270 3284 3448 3358 cepit,
3478 3282 3583 3341 'di-

1922 3390 2064 3432 cens
2087 3393 2100 3430 :
2134 3396 2162 3425 «
2184 3377 2246 3429 In
2269 3373 2563 3447 principio
2592 3377 2721 3430 erat
2738 3371 3019 3440 Verbum,
3043 3378 3101 3430 et
3123 3376 3278 3429 Deus
3298 3376 3428 3430 erat
3446 3375 3586 3431 Ver-

1920 3465 2072 3521 bum
2094 3466 2162 3518 ι’.
2187 3486 2208 3512 ι
2240 3463 2633 3533 Evangelium
2660 3466 2864 3520 autem
2886 3462 3224 3519 secundum
3241 3462 3584 3520 Matthmum

1920 3553 2137 3611 faciem
2156 3552 2420 3609 hominis
2441 3552 2625 3608 habet
2646 3569 2660 3608 :
2688 3567 2725 3608 a
2740 3551 3047 3610 nativitate
3063 3551 3225 3608 enim
3247 3550 3585 3609 secundum

1923 3660 2168 3701 carnem
2200 3648 2258 3700 et
2278 3642 2452 3700 Verbi
2475 3642 2888 3700 incarnatione
2922 3642 3329 3700 narrationem
3354 3642 3584 3715 incipit.

1924 3732 2309 3805 Evangelium
2353 3747 2497 3788 vero
2525 3731 2861 3788 secundum
2889 3734 3151 3789 Marcum
3189 3730 3406 3805 aquilas
3423 3746 3586 3788 como

1922 3829 2170 3897 paratur
2191 3840 2205 3890 ;
2225 3839 2262 3879 a
2279 3822 2525 3878 Joannis
2541 3821 2701 3877 enim
2717 3820 3035 3893 prophetia
3048 3821 3272 3893 incepit
3291 3837 3307 3886 ;
3329 3820 3587 3895 prophe‘

1922 3916 2005 3971 tia
2032 3929 2234 3987 porro,
2268 3928 2408 3968 cum
2447 3927 2540 3967 res
2570 3910 3129 3983 prmvideat,rapide
3151 3926 3223 3966 ea
3241 3926 3378 3983 quas
3405 3910 3586 3982 longe

1925 4008 2063 4059 sunt
2082 4000 2476 4075 prospiciens,
2492 4000 2698 4072 aquila
2719 3987 2807 4056 es‘l
2830 4020 2844 4065 ;
2872 3999 3221 4056 acutissime
3241 3999 3402 4056 enim
3422 4000 3588 4057 videt

1926 4092 2148 4166 aquila.
2190 4090 2384 4147 Vitulo
2424 4090 2617 4146 simile
2666 4094 2753 4146 est
2802 4088 3191 4160 Evangelium
3249 4088 3587 4146 secundum

1928 4184 2169 4245 Lucam,
2202 4195 2275 4236 eo
2303 4179 2468 4251 quod
2497 4178 2745 4252 incipiat
2791 4194 2822 4232 ιι
2875 4177 3231 4235 sacerdotali
3288 4179 3586 4235 Zacharite

1926 4270 2213 4343 dignitate
2234 4284 2344 4341 pro
2365 4269 2625 4341 peccatis
2646 4267 2854 4341 populi
2877 4267 3241 4324 sacriﬁcium
3262 4267 3585 4335 offerentis,

1927 4365 1987 4417 et
2010 4365 2149 4417 tunc
2177 4358 2465 4431 temporis
2486 4357 2704 4413 vitulus
2726 4356 3177 4415 immolabatur.
3200 4360 3268 4413 Et
3289 4357 3420 4414 haec
3450 4358 3589 4430 qui-

1927 4448 2069 4506 dem
2095 4448 2354 4519 eleganti
2383 4451 2680 4519 eoneeptu
2706 4446 2989 4503 celebrat.
3020 4446 3232 4503 Tribus
3257 4446 3438 4519 igitur
3454 4446 3588 4503 aliis

1927 4538 2191 4595 vultibus
2211 4537 2474 4603 omissis,
2496 4536 2699 4610 aquila
2723 4536 2850 4608 jam
2866 4536 3183 4610 eloquatur
3206 4536 3336 4594 alas
3352 4537 3589 4595 solvens

1926 4634 1984 4686 et
2012 4628 2190 4686 nobis
2218 4628 2341 4683 suis
2369 4626 2548 4700 pullis
2583 4626 2990 4699 supervolitet,
3046 4642 3153 4699 per
3198 4626 3588 4698 Evangelium

1925 4719 2084 4775 enim
2114 4716 2194 4773 ab
2224 4715 2511 4789 apostolis
2543 4716 2728 4788 geniti
2758 4731 2973 4772 sumus
3017 4721 3111 4785 ;et
3139 4715 3269 4773 alas
3296 4732 3440 4773 suas
3491 4732 3590 4773 exe

1923 4805 2177 4864 tendens
2198 4820 2310 4862 nos
2329 4804 2654 4862 obumbret
2674 4820 2781 4877 per
2803 4805 3084 4877 Spiritum
3102 4805 3202 4877 qui
3226 4805 3287 4861 in
3319 4808 3451 4878 ipsa
3466 4810 3584 4875 est;

1923 4900 1980 4952 et
1995 4895 2314 4969 participes
2349 4909 2463 4950 nos
2485 4893 2667 4951 faciat
2696 4893 2791 4949 sui
2842 4893 3139 4950 acuminis
3178 4898 3244 4949 ut
3282 4894 3588 4966 possimus

1921 4984 2138 5043 intueri
2164 5000 2238 5041 ea
2261 4999 2398 5056 quae
2429 4983 2491 5039 in
2515 4982 2861 5040 divinorum
2884 4998 3235 5039 sermonum
3280 4982 3590 5056 profundi-

1923 5079 2041 5133 tate
2070 5071 2430 5132 abscondita
2457 5077 2618 5128 sunt.
2643 5070 2849 5129 Laudo
2868 5071 3117 5145 quidem
3147 5086 3283 5128 eam
3309 5074 3586 5143 Evange-

1920 5163 1984 5221 lii
2004 5162 2341 5221 secnndum
2367 5164 2632 5221 Marcum
2649 5176 2790 5219 cum
2811 5159 3017 5234 aquila
3044 5159 3581 5233 comparationem.

1919 5256 2218 5310 Aecurata
2248 5251 2411 5309 enim
2439 5257 2532 5307 est
2556 5249 2933 5324 comparatio
2960 5264 3088 5306 non
3123 5248 3309 5306 modo
3337 5253 3585 5323 propter

1918 5343 2168 5401 Joannis
2188 5340 2598 5416 prophetiam,
2632 5338 2739 5395 sed
2758 5338 2905 5413 quia
2929 5338 3229 5396 sermonis
3247 5339 3435 5396 facies
3467 5344 3587 5396 sta-

1920 5433 2029 5494 tim
2056 5431 2381 5493 Jordancm
2396 5429 2628 5506 aspicit,
2651 5428 2759 5488 ubi
2777 5428 3120 5502 soljustitize
3140 5443 3350 5489 recens
3371 5429 3581 5489 oritur.

2973 5747 3045 5812 ει
