2045 3191
257 157 310 185 747

834 150 991 179 GERMANI
1010 150 1033 176 ll
1051 149 1103 177 (ΞΡ.

1123 146 1371 176 ΡΑἸἮΙΛΚΟΗΒ.
1893 144 1943 174 748

259 217 368 255 Aquila
382 217 484 245 autem
499 214 565 243 sola
579 221 616 242 ex
634 213 778 242 omnibus
792 213 976 241 animalibus
993 212 1091 247 potest

1148 209 1239 246 γέλιον·
1255 211 1384 246 εὔστοχος
1393 210 1445 247 γὰρ
1460 209 1476 237 ἡ
1492 208 1655 244 παρεαασια
1668 206 1698 232 οὐ
1727 186 1804 242 μόνον
1830 203 1876 231 διὰ
1898 207 1942 235 τήν

258 261 379 291 intentis
390 259 485 289 oculis
495 262 523 287 et
538 258 655 295 absque
668 257 772 286 dolore
781 257 851 285 solis
859 256 961 285 radios
970 255 1088 283 intueri.

260 305 394 336 Ostendit
404 303 577 339 evangelica
589 302 691 339 aquila
702 305 732 331 et
754 302 786 330 in
812 302 936 330 ﬂumine
961 300 1090 328 Jordane

260 350 445 379 celebratum
459 348 597 376 divinum
613 347 801 383 mysterium.
825 344 1090 379 Quemadmodum

260 395 340 424 enim
350 395 487 423 humana
494 392 585 420 facies
591 391 742 426 Evangelii
749 390 918 419 secundum
925 389 1090 417 Matthmum

260 439 428 468 festivitatis
442 437 620 473 mysterium
634 435 816 470 designavit,
831 435 873 463 ita
887 437 916 463 et
941 432 1091 468 Evangelii

261 482 428 512 secundum
440 483 570 510 Marcum
581 480 683 516 aquila
689 480 867 515 mysterium
878 478 989 506 revelat
998 477 1091 505 divini

262 526 453 564 baptismatis
459 533 520 562 quo
527 528 733 557 renovatur,ut
741 532 799 560 aqu
805 524 859 557 ilze,
867 523 975 550 veteris
984 521 1091 549 Adami

260 573 416 608 juventus,
434 570 538 598 abluta
553 569 643 597 hodie
658 569 689 596 in
704 569 836 596 Jordane
848 572 876 595 et
889 576 956 595 eam
972 575 1040 603 quae
1054 574 1090 593 ex

263 615 499 651 transgressione
511 614 674 650 prodierat,
690 613 913 648 corruptionem
929 611 1089 639 excutiens.

265 663 298 690 Et
310 661 430 689 aliunde
443 659 543 695 aquila
554 658 618 686 sola
633 658 709 685 inter
724 657 859 684 volucres
871 665 907 684 ex
926 656 1013 691 aquis
1041 663 1090 689 ge—

265 705 450 733 nerationem
461 703 567 731 habuit
586 703 732 730 Creatoris
745 702 888 729 mandato
904 710 910 734 ;
927 704 955 728 et
966 701 1022 727 hoc
1047 707 1092 727 se-

265 750 398 778 cundum
415 749 545 775 Marcum
557 747 752 781 Evangelium
769 746 896 773 adivino
912 745 1092 780 baptismate

264 793 376 829 incipit,
392 792 460 820 etin
471 791 566 819 altum
579 791 787 818 conscendens
804 790 833 816 in
859 789 934 816 caelo
963 788 1091 824 requies-

265 838 313 872 cit,
322 837 483 865 Dominicm
498 836 698 871 asumptionis
717 834 844 862 modum
860 834 1000 865 edocens,
1012 832 1092 860 vola-

265 886 389 918 tumque
397 880 580 909 concludens
592 887 645 915 per
659 878 819 907 Salvatoris
832 878 934 905 Christi
950 878 989 905 ad
1000 879 1092 904 Deum

265 930 295 956 et
307 929 424 955 Palrem
439 926 657 954 ascensionem.
673 928 715 951 Ac
730 924 785 951 nisi
800 924 918 958 longior
933 923 1025 950 videri
1041 923 1094 949 de-

266 972 379 1004 berem,
387 971 416 998 in
423 970 557 998 medium
564 977 686 1006 quoque
693 968 829 996 aﬂ‘errem
838 968 954 996 aetitem
962 967 1094 1003 lapidem

267 1017 342 1044 mire
357 1015 462 1051 aquilae
473 1014 542 1042 huic
552 1014 583 1041 in
602 1013 701 1049 pullos
728 1013 841 1040 utilem.
870 1013 973 1040 Petrus
993 1015 1094 1040 autem

267 1061 346 1089 hanc
353 1060 459 1088 faciem
466 1058 718 1095 aquilmpraabens
726 1057 918 1092 Evangelium
931 1056 1094 1092 plurimum

264 1104 498 1141 juvitdictando,
507 1103 583 1131 bene
590 1103 629 1130 ad
635 1102 765 1130 volandu
771 1111 800 1129 ω
808 1110 932 1129 movens
941 1101 1093 1128 historiam

268 1149 307 1178 ad
315 1150 395 1177 hunc
406 1148 568 1177 salutarem
587 1150 741 1175 conatum.
760 1147 816 1175 Sed
827 1147 889 1174 haec
905 1146 1095 1173 ambitiosius

266 1195 347 1222 dicta
385 1196 464 1227 sunt,
500 1201 569 1220 cum
609 1195 724 1219 erectus
762 1192 834 1219 mihi
868 1199 966 1218 sermo
991 1191 1026 1218 sit
1055 1191 1093 1218 ad

267 1246 412 1273 magnam
424 1238 499 1265 hanc
513 1236 656 1272 aquilam.
679 1236 770 1271 Hujus
791 1236 879 1270 igitur
906 1236 1022 1262 initium
1049 1239 1094 1263 est

266 1283 465 1311 evolvendum
472 1281 688 1310 abundantius.
696 1282 737 1308 lni
743 1281 814 1308 tium
822 1280 954 1316 corporis
971 1280 1017 1314 cuj
1025 1280 1092 1307 usli-

265 1327 446 1356 betomnino
453 1329 497 1353 est
512 1328 612 1362 caput.
630 1327 831 1361 Caputautem
843 1324 1023 1359 evangelica:
1039 1325 1093 1351 hu-

262 1372 313 1408 jus
326 1370 504 1399 narrationis
514 1372 559 1397 est
573 1369 712 1402 Christus,
730 1370 783 1396 etsi
798 1372 889 1404 caput
910 1369 939 1396 in
966 1368 1091 1396 modum

265 1416 342 1444 servi
353 1418 421 1443 ante
436 1414 597 1450 Baptistam
613 1413 746 1441 inclinet.

268 1460 374 1497 ἐγχείρη
379 1469 430 1487 σιν.

267 1504 345 1540 ἀετῷ.
385 1506 438 1533 Τὴν
476 1503 564 1540 ἀρχὴν
603 1505 688 1529 τοίνυν

727 1504 820 1528 τούτου
847 1504 1046 1538 περιεργαστέον
1076 1502 1307 1538 ἐξηγητιχωτερον.

1144 257 1303 291 προφητείαν
1338 254 1467 287 Ἰωάννου,
1501 252 1555 279 ἁλλ”
1588 252 1629 278 ὅτι
1661 253 1706 278 καὶ
1744 252 1774 277 τὸ
1810 252 1943 287 πρόσωπον

1145 299 1219 329 εὐθὺς
1230 302 1276 325 τοῦ
1287 299 1366 335 λόγου
1387 298 1501 325 κατι-υθύ
1524 300 1571 323 τοῦ
1598 294 1732 333 Ἰορδάνου
1758 295 1817 332 ὁρᾷ,
1843 295 1905 321 ὃπου
1930 296 1942 321 ὁ

1145 347 1193 374 τῆς
1207 342 1380 374 δικαιοσύνης
1400 342 1473 373 ἣλιος
1497 342 1559 378 ἄρτι
1581 341 1698 376 ἀνίσχιι-
1720 339 1796 366 ἀετοῦ
1825 337 1854 365 δὲ
1872 349 1942 375 μονον

1145 392 1195 413 τῶν
1214 388 1335 414 ἁπάντων
1366 387 1439 418 ζώων
1469 388 1499 413 τὸ
1529 384 1717 422 ἀπιντρανίζιιν
1744 382 1943 420 ἀσκαρδαμυκτὶ

1144 435 1190 458 καὶ
1205 430 1276 468 δίχα
1289 433 1461 468 καταμύσιως
1489 434 1545 462 τοῖς
1570 429 1690 460 ἡλιακόῖς
1714 427 1942 464 ἁκτινοϐολήμασι.

1146 477 1223 506 Δηλοῖ
1239 476 1294 503 δὶό
1311 476 1474 512 εὖαγγιλικὸς
1495 475 1567 506 ἀετὸς
1585 477 1631 501 καὶ
1657 476 1687 500 τὸ
1713 473 1737 500 ἐν
1767 471 1886 510 Ἰορδάνῃ
1911 476 1944 508 τῷ

1146 526 1254 557 ποταμῷ
1275 523 1485 558 ὶερουργούμενον
1501 521 1567 546 θεῖον
1582 522 1737 555 μυστήριον.
1768 517 1811 548 Ὠς
1841 518 1892 556 γὰρ
1918 519 1944 544 τὸ

1146 566 1365 603 ἀνθρωπόμορφον
1397 569 1442 591 τοῦ
1475 567 1542 591 κατὰ
1572 564 1706 590 Ματθαῖον
1736 561 1896 598 Εὐαγγσλίου
1918 564 1945 588 τὸ

1145 615 1193 639 τῆς
1218 611 1306 647 ἑορτῆς
1339 612 1486 646 μυστήριον
1515 610 1689 645 ὑπεσήμαινε,
1717 611 1764 633 τοῦ
1790 609 1857 634 Θεοῦ
1886 606 1947 643 λήθω

1145 658 1191 683 τὴν
1212 654 1415 692 ἐνανθρὼπησιν·
1446 654 1514 680 οὕτω
1543 656 1588 679 καὶ
1613 654 1626 678 ο
1654 653 1723 678 κατὰ
1747 652 1858 688 Μάρκον
1883 650 1948 682 ἀετὸς

1146 702 1192 728 τήν
1212 699 1312 728 τελετὴν
1332 700 1485 734 ὑπςμφαίνει
1509 702 1555 724 τοῦ
1590 698 1658 724 θείου
1689 695 1884 732 βαπτίσματος,
1913 693 1946 722 δι’

1147 744 1176 769 οὗ
1192 744 1385 773 ἀνακαινίζεται
1417 745 1448 773 ὡς
1482 744 1556 768 mea
1590 743 1605 770 ἡ
1639 743 1728 772 νεότης
1760 745 1807 766 τοῦ
1841 740 1947 767 παλαιοῦ

1148 787 1385 823 Ἀὃάμ,)ουομένη
1406 790 1518 824 σήμερον
1549 786 1573 812 ἰν
1606 790 1643 821 τῷ
1671 783 1804 822 Ἰορδάνη,
1836 787 1878 811 καὶ
1904 786 1947 813 τὴν

1148 832 1173 858 ἐκ
1194 832 1363 869 παραϐάσεως
1387 831 1558 867 ἀποσειομένη
1591 832 1698 867 φθοράν.
1732 832 1782 856 Καὶ
1812 829 1895 859 ἄλλως
1921 827 1948 854 δὲ

1112 887 1133 912 Β
1148 879 1160 903 ο
1174 877 1248 908 ἀετὸς
1267 878 1309 903 οἶα
1322 876 1356 905 δὴ
1378 879 1472 905 πτηνὸν
1502 876 1528 907 ἐξ
1555 874 1658 902 ὑδάτων
1686 876 1751 910 ἔσχε
1781 877 1831 903 τήν
1854 875 1948 909 γένεσιν

1148 922 1303 957 κελεύσματι
1331 920 1524 958 ὃημιουργικῴ·
1547 923 1592 946 καὶ
1611 922 1640 946 τό
1660 921 1728 945 κατὰ
1751 920 1860 955 Μάρκον
1882 920 1950 944 τουτὶ

1150 967 1302 1003 Εὑαγγέλιον
1318 967 1344 993 ἐκ
1373 972 1417 993 του
1448 968 1516 993 θείου
1546 965 1730 1002 βαπτίσματος
1754 963 1878 1001 ἄρχεται,
1906 965 1949 990 καὶ

1149 1015 1238 1048 προιον
1257 1013 1291 1042 si;
1307 1014 1335 1037 τὸ
1355 1011 1422 1047 ὕψος
1441 1011 1583 1046 καταλήγει
1610 1014 1655 1035 τοῦ
1683 1009 1804 1047 οὐρανοῦ,
1837 1012 1883 1040 τῆς
1910 1011 1948 1034 Δι-

1150 1062 1278 1087 σποτικῆς
1315 1056 1465 1091 ἀναλήψεως
1498 1053 1659 1081 ἐκδιδάσκω
1693 1056 1736 1080 τὸν
1782 1056 1880 1090 τρόπον
1907 1054 1950 1078 καὶ

1150 1105 1323 1137 συμπεραῐνον
1338 1103 1384 1129 τήν
1399 1105 1495 1129 πτῆσιν
1526 1103 1557 1135 τῇ
1586 1101 1652 1135 πρὸς
1679 1100 1721 1124 τὸν
1751 1099 1817 1125 Θεὸν
1828 1100 1874 1124 καὶ
1900 1100 1948 1124 [Ια-

1149 1149 1209 1182 τέρα
1222 1146 1346 1171 ἀναϐάσει
1364 1155 1410 1171 του
1430 1148 1548 1180 Σωτῆρος
1565 1147 1693 1181 Χριστοῦ.
1723 1143 1754 1169 Εἰ
1783 1140 1814 1169 δὲ
1907 1151 1949 1168 πίε

1148 1193 1308 1227 ριεργοτερος
1324 1190 1424 1225 ἔμελλον
1445 1188 1522 1220 δόξαι
1542 1188 1614 1214 πλέον
1629 1192 1674 1214 του
1691 1186 1804 1221 δέοντος,
1834 1189 1879 1213 καὶ
1908 1187 1948 1212 τὸν

1150 1234 1252 1263 ἀετὶτην
1273 1235 1342 1260 λίθον
1363 1235 1396 1264 εἰς
1415 1236 1494 1269 μέσον
1514 1233 1543 1258 ἀν
1576 1241 1732 1270 παρηγαγον
1764 1231 1884 1262 ὶπιιικῶς
1914 1234 1948 1265 τῷ

1149 1284 1237 1314 πτηνῴ
1263 1281 1345 1314 τούτῳ
1378 1281 1442 1315 πρὸς
1472 1280 1530 1308 τους
1559 1280 1650 1307 τόκους
1666 1278 1840 1312 συμφέροντα.
1855 1277 1949 1311 Πέτρος

1149 1323 1178 1350 δε
1211 1335 1247 1359 τῳ
1281 1324 1429 1359 αετομορφῳ
1462 1325 1545 1357 τούτῳ
1579 1321 1724 1357 Εὑαγγιλίῳ
1756 1323 1786 1347 τό
1829 1319 1949 1346 πλιίοτον

1151 1368 1312 1401 συνεϐάλετο,
1327 1370 1503 1404 ὑπαγορευτής
1523 1367 1602 1392 αὑτοῦ
1631 1368 1750 1402 γεγονὼς,
1781 1362 1808 1390 εὖ
1838 1363 1949 1390 ἀναπτε-

1149 1423 1236 1449 ρωσας
1255 1423 1297 1439 τον
1319 1414 1471 1448 συγγραφέα
1495 1414 1560 1448 πρὸς
1588 1413 1636 1440 τὴν
1665 1407 1818 1446 σωτηροώδη
1851 1410 1950 1437 ταύτην

473 1458 551 1485 Ἀλλὰ
573 1462 658 1484 ταῦτα
683 1460 728 1493 μὲν
758 1458 951 1493 φιλοτιμοτερον
981 1459 1082 1490 εἴρηται
1112 1459 1381 1495 συμμετεωρισθέντος
1413 1467 1458 1492 μοι
1490 1461 1535 1482 του
1568 1456 1646 1491 λόγου
1677 1458 1713 1490 τῷ
1738 1453 1842 1490 μεγάλῳ
1868 1454 1949 1488 τούτῳ

1353 1502 1438 1538 Ἀρχὴ
1474 1499 1504 1527 δὲ
1536 1504 1657 1536 σώματος
1690 1499 1774 1528 πάντη
1805 1499 1908 1529 πάντως
1932 1497 1946 1526 ii

265 1549 374 1585 κεφαλή.
417 1547 518 1584 κεφαλὴ
547 1546 577 1574 δὲ
608 1551 656 1577 τῆς
683 1547 855 1582 εὐαγγελικὼς
874 1549 986 1574 ταυτησὶ
1005 1550 1187 1582 πραγματείας
1232 1551 1358 1583 Χριστος,
1389 1545 1436 1571 κᾶν
1472 1548 1519 1574 τὴν
1561 1544 1673 1580 κεφαλὴν
1716 1541 1847 1574 δουλικῶς
1885 1544 1948 1568 ὺπο-

264 1593 338 1629 κλίνῃ
353 1597 390 1628 τῷ
409 1596 543 1627 Βαπτιστῇ
552 1613 559 1619 .

300 1637 332 1664 ν,
351 1647 363 1662 ι
380 1636 499 1664 Initium
512 1635 663 1670 Evangelii
674 1631 747 1663 Jesu'
759 1634 875 1665 Christi,
900 1634 960 1662 Filii
977 1634 1037 1668 Dei,
1063 1637 1094 1662 ut

267 1681 413 1717 scriptum
423 1680 506 1708 estin
516 1679 669 1715 prophetis
681 1689 687 1707 :
701 1681 773 1707 Ecce
784 1687 839 1713 ego
851 1679 935 1707 mitto
952 1679 1093 1714 angelum

265 1733 367 1754 meum
375 1728 443 1753 ante
453 1725 559 1752 faciem
569 1727 651 1752 tuam
660 1724 711 1760 qui
723 1723 904 1759 praeparabit
919 1724 998 1751 viam
1010 1727 1093 1752 tuam

266 1773 335 1798 ante
354 1772 393 1798 te.
408 1771 471 1797 Vox
486 1769 622 1797 clamatis
656 1769 686 1796 in
713 1769 831 1796 deserto
849 1778 854 1796 :
889 1771 988 1796 l’arate
1013 1768 1094 1796 viam

266 1815 386 1843 Domini
399 1816 431 1850 Π,
443 1826 457 1839 »
468 1817 497 1842 et
506 1814 631 1850 reliqua.
649 1815 781 1841 Granum
796 1813 936 1840 frumenti
953 1813 983 1840 in
1011 1816 1094 1840 terrm

266 1860 334 1887 sinu
346 1859 559 1888 absconditum
571 1861 599 1886 et
606 1858 738 1886 solutum
746 1858 927 1893 principium
940 1858 972 1885 tit
1001 1857 1094 1885 abun-

265 1904 364 1932 dantis
378 1903 483 1932 messis
499 1906 526 1931 et
539 1903 653 1939 spicam
687 1903 798 1939 profert
827 1902 927 1929 multis
952 1910 1006 1938 pro
1036 1910 1095 1929 uno

265 1949 366 1984 granis
374 1948 524 1976 referiam.
537 1948 630 1975 Veteri
640 1947 706 1982 lege
722 1947 849 1975 nimium
864 1950 947 1974 arcta
959 1947 1022 1981 jam
1036 1955 1096 1973 ces-

265 1995 350 2021 sante
359 1995 388 2020 et.
395 1992 493 2020 soluta
502 1994 619 2026 (omnes
628 1990 708 2019 enim
723 1991 877 2027 prophetae
889 1994 916 2019 et
941 1991 987 2019 lex
999 1999 1097 2026 usque

263 2037 305 2066 ad
318 2037 469 2065 Joannem
492 2036 769 2072 prophetaverunt),
795 2035 912 2063 initium
940 2035 1097 2071 quoddam

266 2080 529 2110 alterumetaltera
541 2079 798 2115 germinatioinde
817 2083 952 2116 apparet,
972 2080 1031 2107 vita
1056 2088 1098 2106 se-

265 2126 401 2156 cundum
416 2125 567 2154 Christum
586 2127 615 2152 et
626 2123 819 2159 Evangelium
846 2125 940 2159 regni.
951 2124 1098 2157 Quemad-

265 2170 391 2199 modum
403 2170 493 2206 igitur
500 2170 531 2197 in
544 2172 654 2197 terram
665 2170 810 2205 injectum
819 2170 1003 2197 frumentum
1028 2168 1098 2196 ﬁnis

266 2216 390 2253 quidem
405 2218 450 2243 est
463 2215 615 2251 spicarum
629 2215 710 2242 unde
724 2217 824 2242 ortum
837 2218 891 2245 est,
905 2214 1021 2242 initium
1049 2223 1100 2242 au-

266 2264 327 2289 tem
343 2260 377 2288 fit
390 2260 518 2288 aliarum
527 2268 594 2296 quae
611 2259 682 2288 inde
696 2260 780 2288 nasci
794 2259 905 2287 debent
926 2260 1079 2295 spicarum
1091 2268 1098 2293 ;

267 2306 310 2334 sic
323 2308 352 2334 et
364 2305 413 2333 tibi
421 2305 575 2342 baptisma
588 2308 616 2333 et
629 2306 798 2333 Praecursor
808 2305 1099 2341 venitutsitquidem

267 2350 336 2378 ﬁnis
351 2350 424 2385 legis
439 2353 468 2378 et
484 2351 700 2386 prophetarum
742 2349 873 2384 sigillum
903 2349 1098 2384 concludens,

268 2394 449 2431 principium
461 2397 561 2422 autem
572 2397 600 2422 et
610 2393 697 2422 radix
709 2393 783 2421 Novi
790 2393 971 2421 Testamenti
991 2396 1019 2421 et
1034 2401 1100 2428 gra-

267 2439 314 2467 tia:
328 2439 535 2475 plenitudinis.
555 2440 588 2466 Et
602 2442 768 2474 pestquam
784 2438 965 2474 principium
985 2438 1058 2466 illud
1072 2441 1100 2466 et

267 2492 370 2512 semen
385 2487 561 2519 corruptum
577 2486 633 2518 est,
644 2483 692 2510 ille
706 2483 758 2519 qui
770 2491 874 2510 semen
886 2483 1015 2511 Abrahae
1035 2492 1100 2511 sus-

266 2529 344 2566 cepit
359 2529 512 2563 Dominus,
529 2528 645 2564 spicam
661 2527 759 2555 emisit
782 2527 860 2558 vitte,
891 2527 1099 2562 evangelicum

266 2574 335 2602 dico
343 2572 538 2610 praeconium,
554 2571 634 2600 unde
649 2572 805 2600 coniicitur
815 2579 910 2607 purus
921 2572 1098 2606 angelorum

267 2618 365 2654 panis,
377 2617 465 2654 panis
474 2617 609 2653 quidem,
620 2616 673 2644 sed
680 2616 895 2649 immaterialis,
907 2624 960 2651 per
968 2624 1037 2644 eum
1047 2617 1099 2652 qui

268 2662 299 2690 in
310 2661 390 2696 ignis
399 2661 496 2696 ﬁgura
502 2663 609 2697 sponte
615 2660 782 2693 descendit,
791 2660 929 2688 sanctissi
934 2669 962 2687 ω
968 2668 1017 2687 um
1035 2661 1098 2696 Spi-

267 2705 359 2734 ritum
373 2715 382 2741 ;
397 2713 507 2741 panem
526 2705 704 2741 angelorum
720 2705 800 2736 dico,
814 2704 982 2740 angelicam
1007 2705 1098 2734 vitam

305 2813 329 2830 ⁴“¹
342 2813 429 2841 Marc.
452 2819 472 2847 ι,
490 2812 518 2840 1.

1115 1639 1134 1665 C
1186 1639 1221 1662 E.
1238 1647 1248 1659 ι
1271 1636 1356 1671 Ἀρχὴ
1373 1639 1418 1660 του
1439 1633 1597 1669 Εὐαγγελίου
1617 1633 1707 1661 Ἰησοῦ
1738 1634 1864 1668 Χριστοῦ,
1887 1630 1946 1655 Υἱοῦ

1149 1684 1194 1705 του
1219 1684 1296 1712 Θεού,
1323 1681 1355 1709 ὡς
1383 1682 1531 1715 γέγραπται
1558 1677 1581 1703 ἐν
1608 1680 1662 1708 τοῖς
1692 1676 1848 1714 προφήτάις”
1881 1672 1948 1701 ’ἰδοὺ

1149 1724 1199 1760 ἐγώ
1214 1724 1362 1750 ἀποστέλλω
1377 1726 1419 1749 τὸν
1440 1722 1547 1759 ἄγγελόν
1562 1731 1612 1758 μου
1640 1723 1689 1759 πρὸ
1717 1723 1862 1758 προσώπου
1894 1728 1949 1752 σου,

1150 1769 1176 1799 ὃς
1196 1770 1390 1794 κατασκευάσει
1406 1771 1449 1796 τήν
1469 1766 1531 1793 ὁδον
1553 1776 1600 1793 σου
1627 1766 1771 1802 ἔμπροσθέν
1793 1775 1854 1792 σου.
1882 1764 1948 1791 Qui!)

1151 1813 1264 1849 βοῶντος
1295 1813 1318 1839 ἐν
1346 1817 1377 1849 τῇ
1406 1814 1502 1849 ἐρήμῳ·
1534 1811 1705 1846 Ἑτοιμάσατε
1730 1812 1778 1839 τήν
1810 1807 1872 1836 ὀδόν
1902 1811 1950 1835 Κυ-

1149 1868 1217 1895 ριου,
1238 1869 1250 1881 ›ι
1279 1861 1323 1883 καὶ
1356 1859 1389 1883 τὰ
1413 1857 1479 1888 ἑξῆς.
1514 1860 1543 1882 '0
1567 1858 1660 1886 κόκκος
1693 1859 1737 1881 τοῦ
1765 1856 1856 1888 σίτου,
1882 1851 1952 1889 ίγιιιο

1150 1902 1288 1939 ταχρυϐεις
1309 1906 1366 1932 ταῖς
1391 1901 1486 1937 λαγόσι
1512 1905 1560 1930 τῆς
1583 1905 1631 1936 γῆς
1656 1902 1701 1926 καὶ
1722 1898 1862 1935 λυόμινος,
1885 1897 1951 1934 ἀρχῆ

1150 1950 1248 1983 γίνεται
1273 1947 1419 1984 πολυφορου
1449 1944 1610 1978 σιτοδοσιας,
1640 1947 1684 1971 καὶ
1707 1945 1816 1980 στάχυν
1840 1944 1954 1981 προφὲρίι

1151 1992 1254 2022 πολλοῖς
1268 1991 1322 2017 ἀνθ’
1339 1992 1392 2021 suo;
1413 1990 1540 2028 βρίθοντα
1567 1992 1683 2023 κόκκοις,
1710 1992 1762 2015 Τοῦ
1791 1991 1881 2015 τοίνυν
1911 1996 1954 2014 πα-

1151 2036 1225 2062 λαιον
1240 2046 1320 2072 νομου
1336 2039 1380 2062 καὶ
1395 2035 1452 2061 λίαν
1472 2035 1644 2070 ἐστενωμένον
1674 2032 1728 2063 ἤδη
1763 2032 1893 2070 λήγοντος
1915 2032 1956 2057 καὶ

1152 2082 1275 2116 λυομένου
1292 2082 1396 2115 (πάντες
1412 2082 1462 2117 γὰρ
1479 2081 1504 2105 οὶ
1535 2083 1668 2116 προφῆται
1697 2080 1742 2104 καὶ
1767 2078 1780 2104 ὀ
1812 2080 1890 2115 νόμος
1915 2076 1957 2106 ἓως

1161 2127 1269 2152 Ιωιίννου
1289 2124 1494 2162 προεφήτευσαν)
1510 2123 1582 2160 ἀρχή
1604 2133 1642 2154 τις
1675 2123 1749 2160 ἑτέρα
1778 2125 1830 2149 καὶ

1154 2170 1247 2196 ἐκεῖθεν
1263 2172 1432 2206 προφαίνεται
1445 2170 1460 2198 ἠ
1481 2170 1548 2194 κατὰ
1568 2169 1682 2205 Χριστὸν
1711 2166 1834 2194 πολιτεία
1860 2161 1906 2194 imi.
1930 2165 1957 2191 τὸ

1155 2214 1309 2250 Εὑαγγέλιον
1337 2219 1384 2244 τῆς
1414 2213 1560 2249 βασιλείας,
1590 2212 1691 2249 Ὠσπερ
1719 2213 1811 2238 τοίνυν
1842 2212 1856 2238 ὁ
1881 2218 1956 2237 κατι-

1155 2259 1308 2294 ϐαλλομενος
1324 2258 1349 2284 ἐν
1365 2262 1395 2294 τῇ
1416 2262 1450 2294 γῇ
1482 2261 1554 2288 σῖτος
1586 2256 1657 2287 τέλος
1688 2258 1734 2293 μέν
1766 2261 1818 2283 τῶν
1836 2255 1956 2293 σταχύων

1155 2304 1210 2329 ὅθεν
1226 2303 1310 2339 ἐξέφυ,
1331 2302 1403 2339 ἀρχή
1439 2300 1468 2328 δὲ
1497 2304 1594 2337 γίνεται
1627 2299 1704 2332 αὖθις
1734 2304 1786 2332 τῶν
1821 2299 1850 2332 RE
1881 2299 1956 2327 αὐτοῦ

1155 2348 1372 2384 ἀναφυησομένων
1404 2346 1548 2382 ἀσταχύων
1580 2346 1680 2383 ἐτέρων·
1715 2345 1785 2371 οὕτω
1820 2354 1865 2372 σοι
1896 2352 1955 2371 σνν-

1154 2393 1215 2422 ῆλοε
1228 2392 1293 2418 κάπὶ
1308 2396 1353 2418 τοῦ
1369 2391 1552 2428 βαπτίσματος
1564 2393 1609 2416 καὶ
1625 2387 1797 2427 Προδρὸμου,
1829 2390 1866 2420 ὡς
1896 2387 1956 2414 εἶναι

1154 2438 1231 2464 αὐτὸν
1246 2440 1326 2475 πέρας
1345 2438 1389 2473 μὲν
1409 2440 1454 2462 τοῦ
1473 2438 1552 2472 νόμου
1586 2437 1631 2461 καὶ
1664 2439 1715 2460 τῶν
1747 2437 1892 2473 προφητῶν
1905 2430 1956 2459 επι-

1155 2484 1320 2520 σφράγισμα,
1339 2481 1427 2519 ἀρχὴν
1443 2479 1473 2508 δε
1485 2483 1529 2507 καὶ
1551 2480 1628 2518 ῥίζαν
1657 2483 1702 2510 τῆς
1730 2481 1802 2510 Νέας
1831 2478 1957 2508 Audin;

1153 2530 1198 2554 καὶ
1224 2532 1269 2554 τοῦ
1301 2531 1349 2557 τῆς
1365 2528 1479 2563 χάριτος
1507 2525 1700 2563 πληρώματος·
1717 2526 1763 2550 καὶ
1791 2525 1889 2554 ταύτης
1912 2524 1956 2551 τῆς

1154 2572 1242 2608 ἀρχῆς
1256 2574 1301 2598 καὶ
1320 2575 1365 2597 τοῦ
1396 2573 1543 2608 σπέρματος
1576 2571 1670 2595 τούτου
1704 2569 1847 2605 φθινόντων
1876 2567 1890 2594 ὃ
1913 2567 1956 2592 TW

1155 2619 1303 2653 σπέρματος
1329 2615 1450 2654 Ἀϐραὰμ
1475 2614 1657 2650 ἐπιλαϐόμενος
1692 2615 1800 2650 Κύριος,
1829 2614 1874 2639 τὸν
1898 2609 1956 2637 στά-

1152 2672 1205 2697 χυν
1218 2661 1343 2693 ἐξήνθησε
1355 2665 1399 2691 τῆς
1417 2661 1498 2693 ζωῆς,
1512 2661 1541 2686 τό
1570 2658 1737 2695 εὐαγγελιχον
1765 2667 1837 2695 φημι
1863 2659 1957 2692 κήρυτ-

1152 2716 1199 2742 μα,
1243 2706 1298 2732 ὅθεν
1337 2707 1515 2742 ὰρτοποιιίται
1557 2705 1571 2730 ὁ
1609 2704 1724 2740 καθαρὸς
1751 2706 1804 2729 τῶν
1847 2699 1955 2738 ἀγγέλων
