4090 6386
554 102 635 139 ,
658 108 669 143 ἡ

108 160 111 163 λ
204 144 327 163 -κμλνη

738 302 739 305 ‘
1376 267 1666 375 ιιοιίιιῖΑ
1706 313 1778 372 IN

1977 315 2416 380 ‘NNOCENTES.
3486 334 3592 394 ’754

199 445 610 521 συνειλημμένος
647 450 736 500 καὶ
789 447 977 522 μικρὸν
1028 447 1197 518 φανείς
1254 440 1546 518 ἀπεκρύϐη,
1605 447 1695 496 καὶ
1742 440 1814 515 ἐφ’

1971 449 2129 502 ierat
2151 446 2541 519 etpaululum
2568 449 2737 509 visus
2768 467 2831 511 se
2863 453 3181 517 abscondit
3209 462 3266 518 et
3294 461 3374 519 ad
3395 477 3586 536 usque

195 535 325 596 ὅλην
379 539 800 610 τριακονταετίαν
852 535 1143 611 πατρὼζων
1200 530 1262 592 ἧν
1313 536 1379 586 τά
1433 532 1504 594 si!
1567 532 1810 606 ἀφωνίαν,

1969 532 2172 603 εἱεὶιιίδ,
2194 549 2388 592 annos
2426 540 2611 609 patris
2651 541 2954 602 silentium
2997 548 3262 607 imitatus
3307 556 3419 623 est;
3461 530 3584 611 non

192 626 260 680 οῦ
314 633 638 701 κωλυομενης
673 634 771 688 τῆς
814 628 1013 700 φύσεως
1046 623 1101 678 ἐκ
1158 625 1362 687 πάθους
1394 626 1553 689 τινὸς,
1587 620 1694 675 ἀλλ’
1751 624 1807 685 ὡς

1973 622 2096 679 uod
2128 624 2577 697 impediebatur
2604 632 2875 702 quodam
2925 637 3138 694 morbo
3185 620 3436 711 naturai,
3478 645 3584 700 sed

194 719 274 789 μὴ
308 720 449 778 ὄντος
496 723 588 769 τοῦ
635 714 964 793 ἀκροωμένου
1016 713 1289 790 ἀνθρώπου
1336 733 1350 748 ο
1411 712 1437 764 ὃ
1495 708 1556 766 δέ
1611 711 1809 785 ὡμίλει,

1973 711 2098 769 uod
2128 728 2253 771 non
2278 721 2450 774 erant
2476 718 2752 778 homines
2781 724 2884 797 qui
2914 726 3206 786 audirent.
3286 708 3434 789 Cum
3462 735 3582 790 Deo

192 812 272 877 τῷ
321 813 438 878 Θεῷ
518 805 718 880 ὡμίλει,
779 805 833 869 ὃς
890 809 981 859 καὶ
1035 809 1347 858 σιωπώντων
1396 801 1595 860 ἀκούει.
1645 799 1807 863 Οὗτος

1962 805 2129 859 utem
2159 807 2649 878 conversabatur,
2706 812 2894 885 quiet
2933 819 3197 876 tacentes
3234 820 3421 878 audit.
3478 824 3577 879 Ille

187 899 366 949 τοίνυν
412 894 626 968 ἅγγελος
663 898 756 948 καὶ
814 898 952 968 φωνὴ
1008 892 1058 948 ἓν
1101 898 1372 968 παρουσίᾳ
1427 899 1522 945 τοῦ
1571 899 1802 967 Χριστοῦ

1964 891 2104 959 gitur
2130 894 2381 964 angelus
2402 899 2459 953 et
2484 897 2587 956 illa
2614 915 2721 958 vos
2748 902 2810 957 in
2839 902 3088 969 EChristi
3134 910 3458 979 praesentia
3494 927 3579 968 rc-

189 982 533 1058 ἀναφαίνεται
574 1005 589 1019 ο
620 984 858 1058 ἅγγελος,
902 980 997 1037 διὰ
1057 986 1151 1036 τόν
1205 985 1396 1059 Κύριον
1454 980 1670 1035 Σαϐαὼθ
1728 980 1804 1035 ἐλ‹

1966 979 2174 1038 elatur.
2203 984 2485 1055 Angelus,
2513 989 2656 1061 quia
2687 991 2974 1049 Dominus
3019 994 3283 1053 Sabaoth
3336 1004 3581 1057 venerat

184 1075 350 1127 θόντα
395 1073 674 1147 πληρῶσαι
727 1077 824 1133 τὴν
875 1080 976 1146 γῆν
1041 1078 1110 1135 ὡς
1175 1076 1266 1125 καὶ
1316 1074 1404 1124 τόν
1457 1070 1674 1147 οὐρανὸν
1717 1078 1799 1131 τῆς

1966 1069 2172 1142 nplere
2193 1075 2413 1131 terram
2462 1080 2519 1132 et
2538 1076 2757 1135 caelum
2785 1096 2896 1136 sua
2918 1081 3126 1154 gloria;
3158 1101 3298 1152 vox,
3338 1091 3581 1160 propter

178 1160 376 1216 ἑαυτοῦ
409 1158 607 1226 δόξης·
667 1166 831 1236 φωνὴ,
882 1158 978 1216 διά
1019 1164 1109 1214 τὸν
1159 1162 1332 1234 Λόγον
1388 1167 1482 1214 τοῦ
1531 1167 1667 1215 Θεοῦ
1724 1164 1793 1213 τότ

1964 1173 2133 1216 ocem
2164 1161 2266 1218 Dei
2295 1162 2373 1219 ad
2394 1179 2533 1221 eum
2558 1167 2664 1239 qui
2697 1173 2823 1226 erat
2844 1172 3000 1227 Deus
3014 1172 3288 1233 ethomo.
3316 1158 3436 1234 Hoc
3452 1158 3579 1235 “au-

176 1255 321 1328 πρὸς
346 1271 434 1306 τον
463 1255 594 1305 Θεὸν
623 1252 748 1306 ὄντα
780 1257 871 1305 καὶ
897 1255 1049 1310 Θεὸν.
1092 1258 1256 1305 Τοῦτο
1314 1246 1374 1304 δὲ
1442 1248 1791 1327 παραδραμεῖ

1961 1262 2045 1304 3m
2082 1265 2192 1306 vos
2220 1253 2519 1324 praeterire
2549 1255 2709 1326 nolo,
2742 1258 2896 1315 duas
2927 1262 3274 1336 prophetias
3294 1269 3359 1322 ut
3387 1282 3576 1324 unam

176 1343 321 1416 ὑμᾶς
375 1342 434 1396 οὗ
494 1340 753 1416 βούλομαι
813 1343 895 1395 ὅτι
948 1337 1047 1395 δύο
1089 1345 1406 1415 προφητείας
1461 1341 1489 1394 6
1527 1340 1791 1414 Εῦοιγσγελι⁴

1960 1336 2236 1396 .'adidisse
2260 1343 2642 1415 prophetam;
2665 1348 2833 1419 quod
2857 1365 2930 1406 ex
2959 1350 3134 1408 solita
3171 1355 3343 1410 Marci
3377 1355 3575 1413 brevi-

184 1435 319 1503 στή,
350 1431 419 1495 ὠς
470 1432 962 1505 μίαν,απαρίθηκε.
1029 1437 1196 1484 Τοῦτο
1253 1427 1314 1484 δὲ
1370 1429 1485 1484 ἔστι
1542 1438 1635 1493 τῆς
1685 1432 1799 1484 κατ¹

1959 1430 2034 1482 ite
2059 1429 2345 1500 procedit.
2376 1431 2525 1488 illud
2555 1435 2772 1493 enimm
2804 1440 2951 1497 Ecce
2976 1455 3089 1511 ego
3137 1444 3310 1500 mitto
3384 1460 3574 1516 ange-

184 1519 447 1595 ἒξαίρετον
513 1525 797 1595 συντομίας
871 1528 963 1574 τοῦ
1025 1522 1271 1594 Μάρκου.
1346 1524 1416 1574 T6
1498 1523 1591 1594 μὶν
1677 1524 1799 1598 γὰρ,

1957 1531 2044 1573 1m
2074 1533 2279 1576 meum
2297 1525 2434 1578 ante
2464 1522 2679 1582 faciem
2698 1530 3281 1592 tuam.»eMalachiae
3316 1534 3572 1607 prophe-

185 1631 211 1660 ε
258 1606 409 1664 Ἰδοὺ
455 1610 558 1683 ἑγὼ
628 1608 926 1664 ἀποστέλλω
986 1612 1075 1662 τὸν
1129 1608 1342 1683 ἄγγελόν
1373 1629 1474 1683 μου
1504 1613 1607 1684 πρὸ
1640 1629 1800 1684 προσ-

1950 1605 2289 1678 iasumitur,
2315 1611 2418 1684 qui
2436 1614 2687 1685 angelus
2732 1616 3172 1692 interpretatur.
3243 1605 3565 1681 ldiautem:

177 1703 353 1770 ὡπου,
416 1719 446 1750 »
481 1707 580 1764 τῆς
643 1699 928 1772 Μαλαχίου
968 1697 1081 1753 ἐστὶ
1136 1704 1477 1775 προφητείας,
1537 1700 1589 1762 ὃς
1644 1701 1792 1776 ἑρμη·

1954 1697 2078 1753 Vox
2106 1696 2424 1758 clamantis
2447 1701 2510 1760 in
2532 1703 2820 1775 deserto,»
2856 1710 3416 1769 convenientissime
3467 1714 3569 1770 ab-

174 1792 383 1844 νεύεται
413 1789 632 1863 ἄγγελος
672 1811 686 1825 ο
722 1792 782 1843 τὸ
811 1785 891 1860 δὲ,
949 1810 973 1840 ε
1017 1792 1161 1848 ψωνή
1214 1788 1439 1863 βοῶντος
1479 1788 1527 1842 ἓν
1570 1797 1634 1862 τῇ
1690 1789 1789 1867 ἒρή’

1953 1783 2408 1858 loquentissimo
2437 1791 2593 1849 Isaia
2620 1792 2848 1852 dictum
2892 1802 3019 1856 est:
3056 1802 3211 1857 «Vox
3252 1800 3568 1859 clamantis

171 1899 279 1951 μῳ,
343 1900 373 1931 n
428 1885 522 1932 τοῦ
566 1879 1064 1953 μεγαλοφωνατάτου
1101 1877 1322 1932 Ἠσαίου
1386 1884 1786 1955 προσφορὼτατι

1955 1888 1976 1930 ι
2003 1875 2259 1949 deserto,
2289 1880 2498 1938 Parate
2527 1882 2690 1940 viam
2720 1885 3024 1944 Domini.»
3058 1891 3363 1946 Desertum
3395 1889 3570 1949 fuerit

172 1967 446 2044 εἶρημένον
495 1989 509 2002 ο
545 1989 575 2019 ι(
606 1973 747 2027 Φωνή
798 1967 1031 2042 βοῶντος
1082 1966 1132 2020 ἰν
1180 1974 1245 2041 τῇ
1300 1966 1499 2042 ἐρήμῳ,
1556 1967 1787 2043 Ἑτοιμά⁴

1955 1964 2112 2022 muis
2137 1966 2357 2025 Judeem
2386 1971 2550 2041 regio
2588 1976 2646 2030 et
2683 1973 2816 2046 ejus
2837 1976 3081 2034 urbium
3110 1980 3455 2054 metropolis
3478 1982 3566 2038 Je-

175 2076 304 2111 σατε
334 2061 431 2117 τὴν
457 2054 582 2111 ὁδὸν
625 2062 845 2134 Κυρίου.
906 2080 934 2108 ››
1004 2057 1239 2132 Ἔρημος
1268 2054 1320 2111 δ’
1388 2059 1451 2110 ἄν
1504 2061 1581 2117 εἴη
1631 2064 1723 2112 καὶ
1763 2061 1790 2119 ἡ

1950 2054 2174 2113 usalem
2205 2061 2262 2113 et
2285 2057 2347 2114 in
2372 2061 2654 2131 praesenti
2683 2067 2740 2119 et
2763 2063 2825 2120 in
2860 2064 3082 2125 futuro.
3115 2069 3391 2126 Praesenti
3431 2071 3565 2144 qui-

171 2156 272 2210 τῆς
304 2143 576 2211 Ἰουδαίας
603 2146 792 2202 ἅπασα
829 2152 985 2222 χώρα
1006 2153 1096 2201 καὶ
1122 2149 1152 2206 ἡ
1201 2154 1302 2200 τῶν
1355 2147 1548 2201 πόλεων
1599 2151 1786 2210 ταύτης

1954 2157 2050 2199 em
2081 2148 2373 2219 tempore,
2403 2149 2547 2223 quia
2570 2151 2813 2222 justitiee
2840 2153 3069 2211 fructus
3090 2158 3256 2230 apud
3277 2173 3383 2215 eos
3440 2140 3564 2217 non

173 2236 502 2311 μητρόπολις
531 2237 880 2311 Ἰερουσαλὴμ
916 2239 1169 2290 καὶκατὰ
1230 2240 1288 2289 τό
1329 2235 1544 2299 ἐνεστὼς
1600 2243 1690 2291 καὶ
1737 2242 1788 2291 τέ

1948 2239 2053 2290 rat.
2082 2237 2259 2294 Terra
2282 2241 2445 2297 enim
2466 2247 2636 2298 erant
2671 2242 2834 2301 invia
2881 2248 2940 2302 et
2996 2245 3296 2319 inaqnosa
3345 2250 3563 2308 “uideo

171 2324 355 2398 μέλλον
388 2342 403 2356 ⁸
452 2327 590 2378 κατά
627 2328 686 2378 τό
739 2324 955 2388 ἐνεστὼς
992 2330 1106 2399 μὲν,
1159 2326 1237 2377 ὅτι
1284 2329 1484 2398 καρπός
1519 2322 1786 2380 δικαιοσύ·

1947 2324 2245 2384 tJoannes
2287 2328 2652 2388 sterilitatem
2677 2348 2888 2390 eorum
2942 2337 3249 2407 corrigens
3303 2339 3558 2399 dicebat:

171 2434 271 2476 νης
307 2415 403 2467 οὐκ
433 2412 497 2474 ἧν
521 2414 572 2468 ἓν
614 2414 811 2483 αὐτοῖς,
847 2424 915 2488 γῆ
942 2411 1002 2469 δὲ
1036 2412 1171 2474 ἦσαν
1202 2413 1395 2479 ἄϐατος
1432 2419 1523 2468 καὶ
1551 2413 1786 2491 ἄνυδρος.

1949 2413 2138 2470 Facite
2167 2415 2397 2474 fructus
2426 2418 2644 2490 dignos
2661 2423 3025 2494 paenitentiae
3044 2426 3113 2480 ’⁸.
3159 2449 3186 2477 ››
3210 2428 3438 2486 Animae
3458 2446 3562 2489 au-

170 2506 353 2576 Ταῦτῃ
391 2522 474 2556 τοι
497 2507 589 2556 καὶ
613 2504 640 2556 6
668 2505 916 2566 Ἰωάννης
958 2507 1053 2563 τὴν
1111 2501 1373 2579 ἀκαρπίαν
1427 2503 1596 2557 αὐτῶν
1652 2501 1785 2579 διορ

1944 2515 2028 2558 3m
2054 2518 2265 2562 eorum
2285 2506 2531 2565 desertae
2556 2513 2614 2567 et
2632 2512 2732 2568 Dei
2771 2514 3099 2584 cognitioni
3150 2516 3328 2574 inviae
3354 2523 3411 2577 et
3454 2536 3559 2577 nu-

172 2593 423 2666 θοῦμενος
469 2591 609 2664 ἔλεγε
663 2614 676 2627 ε
731 2614 761 2644 ‹‹
812 2596 1079 2653 Ποιήσατε
1161 2597 1393 2670 καρποὺς
1457 2593 1628 2658 ἀξίους
1701 2603 1787 2657 τῆς

1945 2590 2086 2648 ibus
2116 2595 2481 2668 propheticis
2509 2598 2844 2674 inaquosae.
2876 2603 3180 2662 Mandavit
3234 2608 3396 2665 enim
3446 2609 3560 2667 illis

171 2687 472 2754 μετανοίας.
512 2699 544 2736 ›
577 2682 642 2736 Αἰ
669 2679 729 2736 δέ
754 2682 937 2756 ψυχαὶ
990 2685 1161 2738 αὐτῶν
1204 2683 1453 2761 ἓρημικαὶ
1499 2684 1689 2739 ἄϐατοί
1740 2707 1786 2744 τι

2003 2699 2064 2738 us
2094 2699 2171 2740 ne
2200 2685 2661 2763 pluerentsuper
2677 2705 2802 2748 eos.
2822 2697 3013 2766 Atque
3041 2696 3290 2753 omnino
3301 2701 3562 2773 prophe-
3615 2718 3618 2722 ‘

168 2778 236 2844 τῇ
271 2773 563 2845 θεογνωσίᾳ
590 2777 681 2825 καὶ
734 2768 956 2846 ἄνυδροι
981 2772 1083 2826 ἀπὸ
1136 2782 1236 2827 τῶν
1285 2782 1618 2850 προφητικῶν
1655 2796 1783 2849 νεφε-

1949 2787 1998 2827 ω
2029 2773 2223 2843 gratia
2250 2778 2528 2835 cessavit.
2546 2779 2733 2835 David
2749 2781 2843 2837 cui
2856 2781 3118 2840 obscura
3138 2768 3558 2848 etabscondita

166 2859 273 2932 λῶν
301 2878 316 2892 ο
350 2860 644 2916 ἐντέταλται
685 2865 790 2936 γὰρ
835 2863 1026 2926 αὑταῖς
1076 2867 1222 2940 παρά
1265 2871 1399 2919 Θεοῦ
1450 2867 1508 2918 τό
1546 2870 1617 2939 μὴ
1667 2865 1781 2941 βρέ-

1941 2863 2213 2934 apientiae
2228 2880 2350 2921 suae
2365 2866 2834 2938 revelavitDeus,
2867 2874 3316 2932 conversionem
3331 2876 3394 2933 in
3431 2893 3556 2935 me-

161 2968 293 3022 χειν
350 2950 428 3002 ἐπ’
471 2950 682 3013 αὐτούς.
736 2955 839 3006 Καὶ
885 2951 1148 3016 παντελῶς
1197 2956 1257 3006 τὸ
1314 2963 1407 3017 τῆς
1473 2960 1776 3029 προφητείας

1946 2967 2015 3006 us
2053 2952 2451 3022 (terrmmotus
2507 2958 2668 3014 enim
2709 2958 2772 3015 in
2831 2961 3132 3035 Scriptura
3187 2965 3556 3036 neminatur)

158 3043 379 3114 ἤργησε
401 3041 669 3116 χάρισμα.
700 3037 871 3095 Δαϐιδ
895 3038 974 3110 δὲ,
1017 3040 1058 3115 ᾧ
1077 3045 1141 3096 τὰ
1178 3040 1355 3098 ἄδηλα
1379 3049 1469 3099 καὶ
1496 3047 1565 3098 τὰ
1592 3048 1773 3121 κρύφια

1939 3041 2157 3113 thujus
2185 3043 2329 3101 invii
2353 3045 2569 3105 deserti
2599 3048 3027 3109 fecunditatem
3039 3057 3096 3109 et
3124 3055 3554 3114 correctionem

158 3135 266 3191 τῆς
321 3133 507 3201 σοφίας
552 3128 716 3183 αὐτοῦ
767 3130 794 3182 ό
823 3132 950 3193 θεός
992 3128 1310 3204 ἀπεκάλυψε,
1342 3137 1438 3193 τὴν
1503 3132 1773 3207 ἐναλλαγήι

1935 3132 2266 3204 ιὀριιθῐειιιε
2307 3134 2521 3193 cecinit
2554 3155 2568 3193 :
2603 3160 2632 3188 (ς
2665 3137 2816 3195 Cum
2855 3143 3010 3197 Deus
3054 3144 3445 3215 pertransiret
3489 3147 3550 3204 in

155 3226 264 3271 τῶν
291 3220 615 3292 πραγμτων
642 3217 726 3273 ἰπὶ
762 3222 820 3272 τὸ
848 3226 1081 3297 κρεῖττον
1125 3220 1173 3292 (ὃ
1227 3227 1315 3275 καὶ
1373 3226 1592 3297 σεισμός
1640 3227 1770 3299 παρέ

1938 3225 2151 3291 eserto,
2180 3227 2341 3280 terra
2369 3227 2536 3282 mota
2590 3231 2697 3284 est.
2751 3229 2978 3286 Etenim
3039 3232 3169 3288 creti
3229 3233 3551 3292 distillave-

155 3314 223 3380 τῇ
278 3313 458 3382 Γραφῇ
497 3307 830 3382 ὀνομάζεται)
884 3314 977 3363 καὶ
1042 3314 1138 3370 τὴν
1190 3320 1284 3373 τῆς
1330 3309 1527 3367 ἀϐάτου
1587 3317 1770 3373 ταύτης

1939 3315 2035 3367 unt
2053 3326 2090 3368 a
2114 3311 2266 3370 facie
2296 3314 2399 3371 Dei
2428 3316 2610 3375 Sinai.
2634 3317 2904 3375 Pluviam
2934 3320 3335 3380 voluntariam
3362 3341 3554 3398 segre-

162 3396 368 3473 ἐρήμου
399 3395 719 3473 ἕξημέρωσιν
753 3403 844 3451 καὶ
890 3394 1176 3473 διόρθωσιν
1236 3401 1567 3476 προεξνμνῶν
1623 3402 1777 3475 ἔψαλ-

1938 3402 2070 3459 abis
2087 3404 3276 3481 Deus,hzereditatituae,etintirmataest;
3305 3420 3372 3472 tu
3408 3394 3551 3475 vero

162 3486 249 3540 λεν
272 3507 287 3521 ο
319 3507 348 3536 ‹‹
377 3485 438 3538 Ὀ
477 3490 628 3554 Θεὸς,
657 3486 708 3540 ἐν
737 3494 812 3559 τῷ
848 3484 883 3541 δ
889 3487 1137 3542 ιαϐαίνειν
1195 3509 1252 3543 σε
1301 3489 1349 3543 ἐν
1391 3499 1454 3566 τῇ
1507 3491 1675 3567 ἐρήμῳ
1714 3501 1777 3566 γῆ

1938 3491 2194 3549 erfecisti
2223 3509 2360 3551 eam
2394 3497 2501 3552 ²⁷.ι‹
2529 3498 2998 3557 Manifestissime
3037 3503 3217 3572 igitur
3247 3505 3374 3562 Filii
3402 3523 3549 3579 prm-

166 3576 414 3636 ἔσείσθη.
452 3580 556 3630 Καὶ
591 3579 695 3652 γὰρ
739 3579 789 3631 οἱ
815 3577 1025 3652 οὐρανοὶ
1077 3580 1298 3644 ἔσταξαν
1342 3580 1444 3634 ἀπὸ
1495 3588 1781 3657 προσώπου

1935 3580 2149 3637 entiam
2177 3582 2403 3654 etlegis
2429 3584 2507 3641 ad
2554 3587 2810 3656 gratiam
2861 3591 3179 3647 transitum
3233 3576 3550 3667 propbetia

164 3674 263 3721 τοῦ
296 3674 434 3720 Θεοῦ
460 3674 554 3721 τοῦ
574 3674 715 3724 Σινᾶ.
757 3674 968 3743 Βροχὴν
1006 3668 1243 3724 ἑκούσιον
1289 3669 1537 3744 ἀφοριεῖς,
1570 3674 1596 3725 ό
1629 3676 1779 3742 Θεὸς,

1938 3669 2179 3741 stendit,
2213 3673 2550 3731 secundum
2581 3676 2682 3731 Dei
2706 3676 2867 3734 Sinai
2897 3677 3380 3740 benevolentiam
3421 3700 3547 3757 per-

164 3764 233 3831 τῇ
274 3755 600 3833 κληρονομίᾳ
632 3775 750 3827 σου,
781 3763 871 3811 καὶ
913 3759 1173 3819 ἠσθένησε
1218 3782 1232 3795 ·
1267 3765 1341 3837 σὺν
1374 3758 1435 3815 δὲ
1474 3767 1779 3838 κατηρτίσω

1933 3764 2136 3817 actum.
2178 3764 2365 3819 Deum
2392 3768 2593 3821 autem
2616 3765 2775 3824 Sinai
2790 3768 3026 3826 Patrem
3054 3771 3379 3844 appellavit
3414 3755 3548 3847 pro-

165 3845 356 3906 αὗτὰν,
388 3868 418 3897 ››
439 3844 802 3906 Ἐκδηλότατα
831 3854 922 3901 οῦν
950 3852 1045 3908 τὴν
1074 3855 1167 3903 τοῦ
1210 3852 1336 3902 Υἱοῦ
1367 3856 1660 3925 παρουσίαν
1690 3858 1780 3906 καὶ

1937 3854 2022 3906 ter
2037 3849 2233 3920 legem
2261 3851 2323 3908 in
2352 3852 2468 3909 hoc
2497 3859 2701 3911 monte
2726 3855 3251 3924 datam;donatam
3283 3844 3485 3921 autem
3512 3882 3548 3923 a

164 3941 268 3995 τὴν
311 3942 402 3990 τοῦ
443 3940 602 4011 νόμου
645 3940 773 4013 πρὸς
823 3942 918 3998 τὴν
961 3941 1124 4014 χάριν
1167 3942 1443 4013 μετάθεσιν
1493 3943 1524 4000 ἡ
1580 3961 1779 4016 προφη-

1929 3938 2037 3995 'ilio
2058 3939 2499 3999 abundantiam
2529 3942 2873 4002 divinorum
2901 3963 3226 4005 munerum
3257 3955 3313 4008 et
3334 3953 3544 4023 gratim

168 4028 291 4079 τεία
332 4022 504 4095 δηλοῖ,
542 4027 661 4080 κατ’
698 4023 942 4081 εὐδοκίαν
993 4036 1086 4081 τοῦ
1127 4036 1260 4083 Θεοῦ
1312 4037 1405 4083 τοῦ
1434 4028 1483 4084 ἓν
1531 4039 1603 4102 τῷ
1659 4038 1780 4086 Σινᾶ

1928 4029 2295 4103 .vangelium,
2312 4031 2581 4104 pluviam
2601 4022 3400 4112 voluntariam,segregatam
3415 4042 3543 4114 ejus

166 4115 711 4192 τελεσιουργηθείσαν.
771 4120 901 4170 Θεὸν
946 4114 1006 4172 δὲ
1054 4125 1148 4172 τοῦ
1220 4125 1341 4173 Σινᾶ
1411 4123 1499 4174 τόν
1576 4125 1780 4196 Πατέρα

1930 4119 2240 4180 aereditati.
2288 4121 2556 4192 gentium
2613 4124 2898 4192 ecclesize,
2957 4127 3260 4203 David,'ut
3306 4132 3541 4204 opiuor,

164 4205 380 4259 ἐκάλεσε
411 4202 506 4260 διὰ
533 4210 628 4266 τήν
686 4205 850 4260 ἐκεῖσε
895 4204 1237 4281 νομοδοσίαν.
1291 4215 1396 4269 Τήν
1433 4231 1492 4283 γε
1547 4214 1650 4284 μὴν
1690 4207 1777 4265 δε-

1931 4208 2239 4266 ominavit.
2267 4212 2443 4267 Vetus
2467 4213 2628 4269 enim
2650 4212 2744 4270 lex
2767 4231 2889 4271 non
2912 4202 3246 4275 secundum
3272 4202 3543 4279 volunta-

164 4292 480 4370 δωρημένην
500 4298 645 4369 παρά
685 4303 777 4349 τοῦ
827 4298 952 4350 Υἱοῦ
1013 4294 1285 4369 δαψίλειαν
1327 4308 1428 4352 τῶν
1477 4301 1627 4353 θείων
1678 4296 1777 4353 δω-

1928 4313 2027 4368 am,
2055 4312 2251 4373 neque
2277 4301 2616 4359 secundum
2652 4304 3021 4378 praecipuam
3060 4307 3543 4370 benevolentiam

163 4393 296 4461 ρεῶν
338 4389 428 4438 καὶ
471 4388 530 4438 τό
569 4392 661 4448 τῆς
712 4388 934 4461 χάριτος
986 4387 1318 4461 Εὖαγγέλιον,
1380 4388 1592 4465 βροχὴν
1630 4391 1776 4445 ἑκού-

1925 4387 2157 4460 xposita
2186 4392 2295 4457 est;
2346 4390 2454 4446 sed
2508 4391 2844 4449 secundum
2891 4398 3540 4468 accommodationem,

166 4494 303 4544 σιον,
362 4473 727 4549 ἀφωρισμένην
779 4483 841 4548 τῇ
886 4475 1209 4553 κληρονομίᾳ
1237 4479 1398 4533 αὐτοῦ
1433 4488 1495 4554 τῇ
1547 4479 1601 4545 ἐξ
1624 4478 1777 4534 ἐθνῶν

1927 4478 2410 4536 ιιθωαάιιῑιοάιιιιι
2425 4484 2594 4554 pater
2622 4498 2761 4539 cum
2782 4482 2918 4540 ﬁliis
2933 4484 3418 4558 ludit,retrahens
3440 4505 3542 4547 eos

166 4564 447 4638 ἐκκλησίᾳ,
479 4566 506 4618 ό
532 4560 731 4632 Λαϐἱδ,
759 4567 824 4627 ὡς
844 4567 946 4639 ἐγὼ
968 4564 1136 4641 οἶμαι,
1167 4570 1517 4643 κατονομάζει
1542 4591 1554 4604 ·
1610 4572 1640 4630 ἠ
1675 4574 1775 4646 γὰρ

1958 4568 2311 4643 periculosis
2345 4569 2503 4627 ludis
2530 4576 2586 4628 et
2617 4572 2990 4644 perditorum
3037 4577 3335 4635 societate.
3389 4581 3542 4647 Quid

167 4653 373 4707 παλαιά
398 4656 683 4729 νομοθεσία
727 4654 787 4708 οῦ
836 4654 956 4709 καθ’
1008 4656 1246 4711 ἑκούσιον
1297 4655 1423 4714 οὐδὲ
1465 4663 1602 4714 κατά
1638 4680 1778 4735 προ-

1925 4660 2052 4716 nim
2085 4659 2370 4733 Deoopus
2391 4666 2517 4719 erat
2537 4664 2810 4719 carnium
2837 4667 3199 4725 mactatione
3260 4674 3318 4726 et
3363 4671 3540 4745 adipe

168 4748 468 4819 ηγουμένην
540 4739 783 4799 εὐδοκίαν
852 4744 1155 4818 ἐκτίθηται,
1222 4747 1351 4802 ἀλλὰ
1396 4753 1533 4804 κατά
1584 4769 1782 4824 συγκα-

1929 4749 2029 4806 1de
2054 4748 2470 4822 provenienti?
2499 4767 2686 4824 quam
2725 4753 2907 4812 etiam
2958 4761 3022 4813 ut
3048 4739 3544 4830 iniucundam-et

164 4835 414 4905 τάϐασιν,
491 4837 665 4910 ὥσπερ
714 4836 775 4888 ἄν
829 4835 872 4890 εἱ
923 4840 1013 4891 καὶ
1062 4842 1236 4914 πατὴρ
1300 4840 1623 4913 προσπαίζει
1669 4848 1779 4905 τοῖς

1928 4838 2175 4895 dibilem
2197 4838 3100 4913 hominesaspernantur.Quod
3131 4848 3406 4905 autemid
3457 4850 3543 4906 in-

163 4930 388 4993 τίκνοις,
449 4923 700 4979 ἀνθελκων
754 4924 888 4978 αὐτὰ
942 4934 1040 4979 τῶν
1122 4925 1388 5002 βλαϐερῶν
1463 4927 1776 5003 ἀθυρμάτων

1926 4928 2043 4985 itus
2070 4929 2291 4996 fecerit,
2319 4928 2448 5001 ipse
2474 4931 2578 5005 qui
2608 4931 2687 4988 ad
2713 4932 2775 4988 id
2797 4949 2858 4990 se
2875 4936 3539 5011 accommodabat,pro-

163 5021 257 5070 καὶ
286 5025 385 5078 τῆς
411 5018 543 5090 μετὰ
594 5024 695 5070 τῶν
746 5014 1105 5080 ἕξωλεστάτων
1139 5015 1488 5094 συνδιατριϐῆ
1501 5039 1541 5081 ς.
1574 5025 1639 5074 Τί
1667 5023 1769 5095 γὰρ

1922 5018 2083 5076 ιιιὶαιιι
2105 5019 2323 5077 deinde
2353 5020 2752 5079 manifestavit
2792 5023 3182 5092 voluntatem,
3237 5027 3381 5093 Quis
3436 5044 3537 5084 ex-

165 5102 276 5160 ἑδει
329 5113 403 5178 τῷ
460 5112 573 5178 Θεῷ
629 5112 724 5169 τῆς
766 5104 957 5168 πολλῆς
1039 5112 1446 5185 κρεωμαγειρίας
1511 5114 1602 5163 καὶ
1677 5119 1775 5175 τῆς

1924 5109 2145 5179 uisivit,
2185 5109 2400 5183 inquit.
2438 5110 2568 5166 haec
2589 5110 2664 5167 de
2730 5112 3014 5169 manibus
3069 5116 3280 5172 vestris
3318 5117 3366 5153 ²⁸
3406 5118 3539 5177 ?»Et

163 5194 391 5250 ἐντεῦθεν
408 5200 636 5258 κνίσσης
668 5214 682 5262 ;
710 5195 772 5256 ἧς
796 5199 855 5248 τό
895 5191 1055 5259 ἀηδὲς
1085 5200 1176 5250 καὶ
1204 5200 1263 5250 τό
1295 5195 1654 5273 δυσπρόσιτον
1682 5205 1772 5254 καὶ

1921 5198 2091 5256 lavid:
2112 5198 2415 5257 «Hostiam
2445 5203 2503 5256 et
2526 5199 2896 5258 oblationem
2926 5202 3169 5260 noluisti
3244 5207 3312 5260 ’9.
3350 5229 3379 5257 »
3407 5209 3536 5266 Non

161 5288 430 5360 ἄνθρωποι
477 5284 914 5361 ἀποστέργουσιν.
949 5284 1070 5339 ’Ὁτι
1122 5282 1183 5340 δὲ
1238 5285 1507 5357 ἀκούσιος,
1563 5289 1714 5352 αὐτὸς
1744 5292 1770 5342 6

1919 5288 2066 5346 modo
2097 5293 2298 5348 autem
2327 5292 2572 5363 propter
2595 5288 2899 5348 bonorum
2928 5297 3175 5351 actuum
3192 5294 3534 5356 absentiam

160 5379 288 5452 πρὸς
325 5382 480 5429 τοῦτο
518 5374 854 5449 συγκαταϐὰς
892 5376 1108 5451 ὕστερον
1154 5380 1214 5430 τό
1252 5376 1438 5432 οἰκεῖον
1483 5377 1772 5453 ἀνεκάλυψε

1924 5382 2116 5436 eserta
2141 5378 2349 5436 Judzea
2376 5378 2690 5435 nominata
2711 5384 2818 5448 est,
2845 5382 2953 5438 sed
3006 5387 3063 5439 et
3093 5388 3338 5458 propter
3381 5388 3537 5446 futu-

164 5465 432 5541 βούλημα,
484 5486 513 5516 ιι
533 5469 626 5529 Τίς
668 5463 951 5530 ἐξεζήτησε
979 5473 1165 5539 ταῦτα,
1221 5488 1249 5517 ››
1297 5466 1477 5542 λέγων,
1508 5487 1538 5524 ‹
1577 5467 1632 5523 ἐκ
1670 5478 1771 5524 τῶν

1925 5484 2016 5526 nn
2040 5468 2341 5526 excidium
2370 5472 2427 5527 et
2464 5468 2885 5526 vastationem.
2915 5470 2980 5529 Id
3011 5473 3172 5532 enim
3191 5479 3248 5534 et
3275 5475 3410 5549 ipsa
3439 5495 3540 5536 ve--

231 5682 281 5717 ’³
321 5680 465 5739 Gen.
500 5697 536 5754 ι,
567 5684 622 5739 2.
700 5682 748 5719 ³⁸
790 5681 927 5739 Luc.
957 5696 1040 5753 ιιι,
1069 5685 1122 5747 8,
1202 5683 1251 5719 ³⁷
1278 5682 1436 5747 Psal.
1465 5701 1637 5754 vau,
1687 5689 1741 5755 8,
1763 5687 1836 5760 9,-

1465 5701 1637 5754 vau,
1687 5689 1741 5755 8,
1763 5684 1942 5760 9,10.
2016 5677 2066 5724 ’⁸
2101 5685 2218 5746 Isa.
2248 5700 2284 5759 ι,
2322 5689 2407 5744 12.
2484 5686 2533 5722 ²⁹
2555 5683 2712 5754 Psal,
2740 5695 2982 5763 XXXVIII,
3016 5680 3070 5747 '7.
