4090 6392
469 309 575 362 755

1718 293 2030 350 GERMANI
2058 291 2107 344 Π
2137 289 2248 346 GP.
2282 288 2698 349 PATRIARCE

3741 288 3847 344 756

469 429 616 486 ritas
649 425 911 482 Christus
943 422 1256 495 praedixit:
1289 443 1317 471 ‹‹
1349 424 1498 477 Ecce
1523 417 1879 491 relinquitur
1909 415 2131 471 domus

2265 425 2438 490 εειρῶν
2469 419 2609 488 ὑμῶν
2633 434 2646 484 ;
2675 438 2705 467 ››
2739 421 2841 470 Καὶ
2858 417 2884 468 6
2917 412 3109 486 Δαϐίδ,
3132 436 3160 465 ‹‹
3193 418 3400 468 Θυσίαν
3425 418 3516 466 καὶ
3541 415 3852 488 προσφορὰν

469 522 671 574 vestra
691 516 926 570 deserta
955 514 1026 568 3°.
1081 535 1108 562 »
1165 514 1228 566 Et
1257 512 1406 566 dum
1439 515 1594 565 esset
1621 510 1682 564 in
1705 523 1880 564 cruce
1911 509 1966 561 et
1995 520 2134 578 pas-

475 609 640 664 sione
668 609 723 662 et
752 602 1145 659 descenderet
1175 601 1254 656 ad
1286 600 1531 664 inferos,
1565 605 1724 654 terra
1747 601 1914 654 mota
1942 601 2049 664 est,
2076 599 2135 650 et

473 700 656 770 petrae
681 695 882 750 scissae
913 699 1076 759 sunt,
1108 696 1166 748 et
1195 690 1331 746 coeli
1369 689 1805 746 distillaverunt
1831 686 2135 756 lacrymas

473 801 585 859 pro
610 799 763 839 rore.

2243 505 2337 556 οὐκ
2363 505 2648 567 ἠθέλησας.
2697 529 2724 557 ››
2759 507 2833 558 Ού
2859 511 3013 578 μόνον
3064 502 3123 558 δὲ
3163 502 3257 557 διὰ
3308 509 3402 562 την
3451 503 3716 577 ἀκαρπίαν
3753 513 3854 556 τῶν

2244 592 2489 666 ἐναρέτων
2566 595 2798 670 πράξεων
2878 598 3072 668 ἔρημος
3123 597 3152 652 ἡ
3221 589 3458 646 Ἰουδαία
3543 593 3853 665 ὠνομάσθη,

2246 681 2373 735 ἀλλὰ
2401 689 2490 735 καὶ
2524 680 2618 736 διὰ
2647 689 2741 742 την
2772 689 2987 759 χρόνιον
3041 686 3408 757 καταστροφὴν
3437 687 3526 734 καὶ
3597 684 3857 762 ἐκπορθη-

2249 791 2352 826 σιν.
2385 779 2548 825 Τοῦτο
2587 776 2688 848 γὰρ
2722 779 2814 826 καὶ
2847 776 2873 833 ἱ)
2927 773 3272 831 αύτοαλὴθεια
3327 779 3541 846 προεῖπε
3597 779 3853 845 Χριστος

546 896 575 925 ι(
613 869 752 926 Ἰδού
787 869 991 942 ἀφίεται
1017 871 1042 920 6
1073 865 1212 930 οἶκος
1243 870 1388 941 ἡμῶν
1441 871 1647 942 ἕρημος.
1680 887 1708 915 ››
1746 869 1846 917 Καὶ
1876 863 1925 916 ἐν
1976 872 2049 935 τῷ
2090 859 2377 914 διαϐαίνειν
2407 860 2462 913 ἐκ
2490 869 2583 914 τοῦ
2635 882 2691 915 τε
2757 860 2851 915 διὰ
2909 870 3139 937 σταύρου
3201 866 3291 914 καὶ
3356 868 3449 913 τοῦ
3511 862 3716 922 πάθους
3768 855 3861 913 καὶ

477 961 806 1016 καταϐαίνειν
866 962 997 1034 πρὸς
1048 954 1204 1029 ᾅδην,
1255 965 1320 1028 γῆ
1379 957 1616 1022 ἐσείσθη,
1659 958 1750 1006 καὶ
1809 957 1995 1027 πέτραι
2061 947 2439 1024 διερῥάγησαν,
2493 956 2583 1004 καὶ
2641 955 2690 1005 οἱ
2741 952 2949 1026 ούρανοὶ
3001 953 3219 1014 ἔσταξαν
3271 948 3498 1025 δάκρυον
3553 948 3668 1004 ἀντὶ
3725 948 3860 1024 δρό-

481 1072 601 1107 σου.

552 1143 690 1195 VIII.
729 1161 751 1188 ‹
785 1141 998 1194 Rectas
1031 1136 1202 1192 facite
1235 1136 1479 1191 semitas
1511 1135 1665 1205 ejus.
1701 1155 1728 1184 »
1760 1133 1823 1187 Si
1861 1132 2019 1186 enim
2048 1146 2139 1185 re-

479 1229 729 1301 jecerint
758 1225 1216 1282 similitudinem
1241 1241 1379 1280 cum
1411 1223 1626 1295 genitis
1657 1221 1900 1294 viperis,
1935 1226 1992 1276 et
2037 1220 2142 1292 qui

484 1318 738 1390 decepit,
755 1316 1046 1388 serpentis
1074 1315 1202 1370 vias
1231 1315 1559 1384 omiserint,
1577 1317 1769 1368 rectas
1789 1310 2033 1367 semitas
2057 1309 2144 1364 fa-

487 1409 662 1465 cient.
693 1407 785 1463 Sic
806 1405 966 1460 enim
991 1405 1061 1460 iis
1085 1404 1594 1474 transgressiones
1611 1401 1906 1472 corrigere
1919 1399 2139 1468 licebit,

488 1503 545 1554 et
560 1513 663 1553 eos
679 1511 815 1569 quae
831 1495 893 1550 in
914 1494 1152 1550 Cantico
1169 1493 1451 1549 laudatur
1464 1492 1696 1564 justitia
1713 1490 1962 1558 amabit,
1983 1493 2040 1544 et
2053 1504 2142 1544 re-

489 1583 939 1656 generationem
958 1599 1095 1655 quie
1111 1598 1218 1654 per
1248 1581 1622 1654 baptismum
1651 1585 1739 1636 est
1761 1578 2138 1648 obtinebunt,

2323 1130 2384 1182 11'
2653 1135 2662 1147 '
2896 1139 2945 1164 *η
3069 1133 3078 1145 ‘
3237 1135 3247 1146 '
3461 1128 3510 1160 ‘-
3552 1136 3572 1144 “
3741 1128 3754 1147 ’
3811 1130 3822 1143 ‘

2393 1172 2406 1185 .
2436 1153 2464 1181 ι(
2510 1133 2727 1193 Εαθειας
2777 1151 2971 1183 ποιει.ε
3025 1151 3120 1193 τας
3164 1129 3375 1205 τρίϐους
3412 1149 3593 1181 αυιου.
3649 1151 3678 1180 ››
3755 1134 3864 1181 Εαν

2248 1221 2349 1294 γὰρ
2400 1225 2492 1278 τὴν
2541 1224 2672 1294 πρὸς
2729 1222 2822 1283 τὰς
2873 1224 3237 1292 γεγεννηκυίας
3293 1215 3516 1290 ἐχίδνας
3573 1219 3867 1290 ὁμοιότητα

2251 1304 2597 1361 διαπτύσαιεν
2653 1314 2742 1362 καὶ
2799 1317 2892 1362 τοῦ
2955 1308 3322 1370 ἀπατήσαντος
3377 1311 3535 1378 ὄφεως
3584 1305 3863 1359 ἐκκλίνοιεν

2248 1399 2340 1459 τὰς
2405 1394 2580 1466 ὁδούς,
2648 1398 2844 1458 εὐθείας
2897 1400 2985 1458 τὰς
3042 1397 3251 1470 τριϐούς
3305 1401 3645 1454 ποιήσουσιν.
3707 1396 3866 1448 Οὕτω

2247 1490 2348 1560 γὰρ
2377 1487 2553 1550 αὐτοῖς
2594 1492 2684 1539 καὶ
2742 1490 2809 1540 τά
2866 1484 3176 1559 διαϐηματα
3231 1487 3646 1544 κατευθυνθῆναι
3697 1505 3869 1558 προσ-

2248 1581 2419 1646 έσται,
2451 1582 2541 1630 καὶ
2561 1579 2590 1636 η
2621 1577 2670 1629 ἐν
2701 1585 2773 1648 τῷ
2797 1576 2818 1590 ”
2850 1583 3061 1650 ᾼσματι
3091 1576 3308 1638 εὐθύτης
3335 1575 3524 1637 αὐτοὺς
3547 1573 3866 1646 ἀγαπήσειε,

487 1679 546 1731 et
576 1673 760 1729 Patris
792 1650 1046 1728 caelestis
1079 1650 1213 1727 vere
1241 1650 1352 1725 ﬁlii
1376 1673 1565 1726 erunt.
1600 1669 1658 1726 Si
1685 1684 1825 1724 vero
1856 1669 1917 1724 in
1942 1667 2140 1740 priore

2265 1672 2337 1718 ιαὶ
2368 1674 2462 1728 τῆς
2510 1662 2604 1718 διὰ
2655 1665 3028 1738 βαπτίσματος
3091 1671 3431 1726 νεοποιησεως
3490 1662 3868 1733 ἐπιτεύξονται,

486 1763 590 1820 via
616 1756 1886 1834 permanserintrursumqueinveterationis
1910 1753 2141 1811 etclau-

490 1848 1123 1906 dicationisincessum
1146 1851 1440 1919 tanquam
1457 1845 1724 1918 perversi
1745 1849 1801 1900 et
1833 1840 2144 1916 depravati

490 1939 618 2006 ﬁlii,
653 1939 1021 2011 serpentium
1072 1953 1239 1993 more
1287 1935 1744 2003 circumvolunt,
1794 1939 2033 2008 pectore
2089 1936 2147 1988 et

491 2032 699 2086 ventre
750 2027 1117 2096 incedentes,
1187 2025 1615 2098 cupiditatibus
1682 2029 1738 2080 et
1783 2023 2146 2079 helluatione

497 2118 782 2183 fruentes,
823 2116 1089 2172 futuram
1121 2117 1272 2171 iram
1296 2130 1420 2170 non
1445 2114 1762 2184 effugient:
1795 2113 1960 2168 furor
1985 2111 2145 2167 enim

492 2206 626 2277 illis,
662 2209 727 2261 ut
773 2205 854 2261 ait
885 2204 1096 2273 David,
1132 2204 1469 2260 secundum
1525 2202 1974 2258 similitudinem
2032 2216 2149 2255 ser-

492 2294 688 2368 pentis
712 2294 819 2366 qui
849 2293 927 2350 ab
966 2293 1134 2349 initio
1158 2291 1467 2349 homicida
1504 2296 1633 2359 est;
1668 2291 1886 2347 ventris
1945 2294 2149 2346 autem

492 2384 818 2457 cupiditate
867 2388 924 2440 et
974 2387 1246 2439 cetaceos
1281 2387 1518 2438 ventres
1571 2381 2148 2454 supergrediuntur:

493 2474 712 2529 domos
730 2473 891 2528 enim
903 2473 1222 2528 viduarum
1241 2471 1649 2536 comederunt,
1666 2474 1722 2526 et
1736 2471 2151 2543 orphanorum

492 2561 752 2618 miseriis
787 2561 972 2620 laatati
1001 2565 1141 2617 sunt
1177 2560 1705 2616 immisericordes.

564 2833 686 2888 1Χ.‹‹
705 2829 872 2886 Venit
894 2832 1154 2886 Joannes
1177 2829 1493 2902 baptizans
1513 2828 1575 2884 in
1596 2828 1830 2884 deserto
1857 2832 1914 2884 et
1938 2825 2155 2900 praedi-

493 2935 638 2976 cans
656 2919 1029 2992 baptismum
1051 2918 1415 2990 poenitentia:
1434 2919 1497 2973 in
1528 2918 1948 2973 remissionem
1973 2933 2154 2990 peca-

2249 1761 2340 1807 καὶ
2366 1760 2519 1807 τέκνα
2545 1760 2740 1824 γνήσια
2767 1764 2858 1808 τοῦ
2909 1754 3215 1828 ἐπουρανίου
3266 1756 3468 1820 Πατρός
3509 1755 3736 1807 ἔσονται.
3803 1752 3871 1804 Εἰ

2254 1841 2304 1896 δ’
2337 1843 2420 1896 ἐπὶ
2456 1851 2551 1906 τῆς
2605 1849 2858 1919 προτέρας
2898 1851 3135 1916 μενοῦσι,
3194 1847 3282 1895 καὶ
3334 1838 3482 1903 αὖθις
3528 1840 3873 1904 παλαιώσεως

2253 1937 2342 1984 καὶ
2365 1933 2702 2005 χωλάνσεως.
2735 1935 2802 1995 ὡς
2835 1932 3094 2005 ἀλλότριοι
3141 1935 3248 1984 υἱοὶ
3302 1935 3392 1983 καὶ
3457 1934 3524 1993 ὡς
3572 1933 3720 2002 γενεὰ
3747 1949 3876 1983 σκο-

2253 2022 2342 2075 λιά
2371 2027 2460 2076 καὶ
2491 2019 2901 2098 διεστραμμένη,
2954 2019 3190 2088 ὀφιωδῶς
3222 2021 3452 2084 ἑλιξουσι
3481 2025 3575 2080 τὴν
3630 2025 3872 2095 πορείαν,

2257 2112 2341 2165 ἐπὶ
2365 2120 2438 2183 τῷ
2471 2114 2654 2170 στήθει
2703 2118 2793 2164 καὶ
2841 2120 2903 2184 τῇ
2938 2110 3110 2183 κοιλίᾳ
3162 2115 3518 2184 πορευόμενοι,
3583 2112 3730 2182 θυμῷ
3777 2114 3877 2162 καὶ

2256 2221 2656 2276 γαστριμαργίᾳ
2695 2206 2968 2276 χαίροντες
3001 2223 3013 2234 '
3076 2199 3176 2253 ἀπὸ
3247 2209 3344 2262 τῆς
3376 2199 3663 2273 μελλούσης
3711 2199 3877 2272 ὀργῆς

2258 2291 2317 2342 ού
2373 2287 2772 2362 διαφευξούνται
2822 2312 2836 2324 ο
2877 2292 2904 2342 6
2960 2294 3050 2363 μὲν
3087 2294 3184 2363 γάρ
3242 2292 3400 2362 θυμός
3457 2291 3656 2350 αὐτοῖς,
3694 2290 3877 2351 καθώς

2261 2400 2419 2452 φησιν
2451 2382 2475 2432 6
2504 2377 2690 2451 Δαϐὶδ,
2723 2381 2982 2438 κατατην
3022 2382 3272 2452 ὁμοίωσιν
3301 2387 3395 2432 τοῦ
3434 2383 3587 2452 ὄφεως
3623 2385 3718 2431 τοῦ
3779 2376 3873 2430 ἀπ’

2966 2491 2977 2503 '
3029 2478 3090 2543 τῇ
3149 2465 3208 2522 δὲ
3261 2469 3591 2542 κοιλιομανίᾳ

3059 2560 3504 2633 ύπερπιπαίκασι.
3586 2549 3700 2620 Τὰς

2266 2649 2435 2710 οἰκίας
2466 2656 2564 2700 τῶν
2620 2656 2805 2721 χηρῶν
2837 2650 3194 2710 κατεσθίοντες
3243 2643 3398 2716 ἦσαν,
3457 2651 3546 2700 καὶ
3599 2653 3716 2708 ταῖς
3769 2653 3877 2698 τῶν

2263 2470 2436 2543 ἀρχῆς
2484 2469 2544 2522 ἀν
2552 2472 2912 2543 θρωποκτόνου

2265 2565 2395 2620 τώας
2445 2562 2622 2622 πάσας
2701 2563 2963 2630 γαστέρας

2267 2738 2497 2811 ὀρφανῶν
2519 2744 2812 2812 συμφοραῖς
2841 2745 3183 2810 εντρυφώψτες
3213 2738 3264 2790 οἱ
3317 2735 3658 2808 ἀνελεήμονες.

2339 2827 2422 2881 Θ’.
2478 2848 2506 2874 ιι
2563 2829 2795 2899 Ἐγένετο
2857 2827 3098 2889 Ἰωάννης
3146 2825 3416 2900 βαπτίζων
3470 2823 3516 2876 ἐν
3689 2820 3881 2898 ἐρήμῳ

2265 2921 2355 2968 καὶ
2400 2919 2683 2991 κηρύσσων
2717 2915 3000 2990 βάπτισμα
3045 2921 3312 2989 μετανοίας
3351 2915 3422 2977 εἰς
3473 2916 3655 2987 ἄφεσιν
3706 2913 3882 2987 ἁμαρ-

495 3013 717 3066 torum.
740 3011 807 3077 Et
830 3007 1202 3064 accedebant
1249 3007 1329 3063 ad
1354 3022 1494 3062 eum
1522 3007 1721 3062 omnis
1743 3005 1966 3062 Jubaeae
1989 3007 2150 3076 regio

2265 3015 2408 3063 τιῶν.
2447 3011 2545 3059 Καὶ
2584 3005 2938 3080 ἐξεπορεύοντο
2977 3009 3108 3080 πρὸς
3159 3005 3314 3057 αὑτὸν
3344 3011 3495 3058 πᾶσα
3543 3006 3574 3062 ἡ
3635 3000 3882 3056 Ἰουδαία

493 3101 551 3153 et
576 3095 1082 3168 Jerosolymitani,
1115 3102 1172 3151 et
1201 3095 1668 3166 baptizabantur
1697 3110 1910 3150 omnes
1937 3094 1999 3149 in
2023 3094 2153 3151 Jor-

495 3185 675 3253 dane,
704 3184 1056 3240 conﬁtentes
1079 3188 1326 3255 peccata
1346 3200 1456 3239 sua
1477 3184 1548 3240 ⁸³.
1581 3206 1608 3233 ››
1645 3186 1903 3239 Rursum
1925 3186 2154 3239 Marcus

495 3289 602 3345 per
629 3272 966 3328 breviorem
991 3273 1155 3328 viam
1194 3271 1482 3343 procedit,
1520 3277 1576 3328 et
1605 3272 1888 3328 distantia
1933 3272 2156 3342 colligit

495 3367 554 3418 et
577 3363 637 3416 in
660 3377 845 3417 unam
867 3361 1085 3416 vallem
1098 3361 1369 3417 derivare
1383 3361 1615 3417 videtur
1639 3362 1762 3416 duo
1781 3361 2155 3434 baptismata

497 3455 554 3506 et
569 3450 696 3523 pari
718 3449 1501 3505 efﬁcaciaintroductorium
1525 3456 1582 3506 et
1600 3449 1934 3522 perfectum
1956 3457 2154 3507 osten—

497 3541 652 3595 dere.
672 3541 879 3596 Forsan
898 3539 1106 3609 aliquis
1123 3541 1323 3595 credot
1340 3541 1444 3594 Eva
1456 3539 1759 3612 ngelistam
1775 3539 1966 3596 dicere
1979 3543 2155 3596 Joan-

496 3629 591 3684 nis
614 3628 989 3700 baptismum
1005 3632 1394 3700 peccatorum
1411 3629 1829 3684 remissionem
1848 3634 2151 3701 praestare.

500 3717 615 3774 Sed
630 3734 752 3773 non
766 3719 845 3774 ita
866 3723 973 3785 est,
998 3733 1121 3773 non
1144 3718 1251 3774 ita.
1274 3720 1475 3773 Tantae
1489 3719 1648 3773 enim
1671 3717 1807 3773 fons
1826 3719 2030 3789 gratiae
2055 3735 2156 3774 so-

496 3807 590 3862 lus
604 3812 690 3863 est
703 3807 931 3862 domini
944 3807 1203 3879 baptism
1212 3823 1280 3862 us
1291 3806 1501 3862 .Verba
1513 3812 1712 3862 autem
1732 3807 1816 3862 sic
1833 3807 2154 3864 cohaerent:

504 3897 701 3952 «Venit
722 3899 986 3952 Joannes
1008 3896 1328 3968 baptizans
1351 3897 1411 3951 in
1438 3896 1728 3952 deserto.»
1752 3899 1816 3952 Et
1836 3897 1932 3952 hic
1953 3897 2158 3954 distin—

499 3985 760 4041 ctionem
784 3985 1071 4056 interjice,
1090 3984 1293 4051 lector,
1314 3989 1603 4058 tanquam
1620 3985 1968 4057 baptismati
1987 3989 2160 4042 Joan-

500 4075 593 4130 nis
620 4074 880 4130 solidum
920 4091 1160 4130 murum
1194 4090 1469 4145 opponas
1495 4074 1763 4146 illudque
1791 4091 1828 4130 a
1855 4075 2160 4132 dominico

499 4165 863 4236 baptismate
886 4164 1190 4234 sejungas,
1224 4164 1442 4218 deinde
1467 4165 1611 4219 dicit
1639 4182 1651 4219 :
1689 4185 1716 4213 »
1741 4167 1808 4219 Et
1822 4167 2160 4236 praedicans

501 4252 878 4324 baptismum
936 4252 1301 4323 poenitentiae
1351 4253 1411 4307 in
1443 4253 1860 4309 remissionem
1895 4260 2160 4326 peccato-

2262 3103 2420 3169 χώρα
2444 3099 2531 3148 καὶ
2575 3098 2622 3147 οἱ
2669 3094 3099 3168 Ἱεροσολυμῖται,
3145 3099 3235 3147 καὶ
3286 3093 3632 3154 ἐϐαπτίζοντο
3688 3095 3881 3155 πάντες

2264 3186 2312 3237 ἐν
2381 3193 2454 3256 τῷ
2510 3182 2772 3258 Ἰορδάνῃ,
2828 3184 3282 3258 ἐξομολογούμενοι
3333 3186 3428 3246 τὰς
3476 3184 3726 3258 ἁμαρτίας
3782 3182 3879 3233 αύ-

2263 3283 2383 3329 τών.
2441 3298 2470 3324 ››
2529 3273 2690 3326 Πάλιν
2746 3276 2771 3325 ό
2820 3277 3035 3348 Μάρκος
3080 3278 3173 3332 τὴν
3229 3273 3614 3346 ἐπιτομωτέραν
3657 3267 3872 3344 βαδίζει

2263 3368 2447 3416 καὶτὰ
2499 3360 2820 3421 διεστηκότα
2869 3365 3137 3426 συνάπτει,
3207 3367 3298 3414 καὶ
3353 3362 3420 3423 εἰς
3461 3366 3588 3434 μίαν
3642 3361 3876 3433 μισγάγ-

2262 3473 2405 3506 κειαν
2457 3449 2602 3504 δοκεῖ
2657 3455 3014 3524 μετοχετεύειν
3059 3455 3125 3504 τὰ
3197 3447 3295 3504 δύο
3352 3450 3726 3523 βαπτίσματα,
3782 3454 3880 3502 καὶ

2268 3539 2586 3614 ἰσοδύναμον
2635 3546 2828 3613 φαίνειν
2883 3545 2941 3592 τὸ
2991 3540 3336 3612 εἰσαγωγικὸν
3387 3547 3460 3612 τῷ
3498 3539 3811 3608 τελειωτικῷ
3864 3560 3878 3572 ·

2264 3636 2395 3693 ἴσως
2442 3634 2543 3704 γὰρ
2596 3636 2676 3692 τίς
2744 3631 3053 3689 οἰηθησεται
3125 3631 3287 3702 λέγειν
3339 3632 3426 3682 τὸν
3502 3627 3882 3701 εὐαγγελιστην

2266 3723 2448 3794 οἶφεσιν
2503 3721 2766 3796 ἁμαρτιῶν
2825 3725 3076 3794 παρέχειν
3130 3723 3188 3772 τό
3231 3727 3322 3772 τού
3379 3719 3619 3772 Ἰωάννου
3682 3716 3884 3790 βάπτι-

2270 3831 2397 3883 σμα.
2443 3809 2578 3862 Ἀλλ’
2611 3810 2704 3862 ούκ
2735 3812 2847 3862 ἔστι
2901 3818 3076 3878 τοῦτο,
3106 3809 3200 3861 ούκ
3257 3811 3423 3866 ἔστιν,
3471 3815 3578 3870 Τῆς
3624 3810 3727 3880 γὰρ
3775 3827 3887 3860 τοι-

2267 3904 2430 3962 αύτης
2492 3903 2821 3971 πηγαστικόν
2912 3901 3150 3972 χάριτος,
3217 3903 3368 3968 μόνον
3424 3898 3482 3947 τὸ
3538 3902 3888 3952 Δεσποτικόν.

2268 3987 2424 4060 Ἐχει
2457 3985 2515 4040 δὲ
2559 3989 2723 4050 οὕτως
2776 3989 2805 4046 ἡ
2841 3996 2931 4040 τοῦ
2985 3987 3136 4059 λόγου
3171 3985 3450 4038 ἀκολουθία
3483 4005 3495 4017 ο
3532 4006 3559 4032 ‹(
3592 3985 3826 4055 Ἐγένετο
3861 3988 3887 4037 6

2270 4077 2512 4139 Ἰωάννης
2554 4077 2826 4150 βαπτίζων
2854 4080 2901 4129 ἐν
2928 4085 2986 4148 τῇ
3018 4075 3192 4150 ἐρήμῳ
3227 4098 3239 4108 ·
3279 4097 3306 4126 ››
3352 4079 3442 4126 καὶ
3470 4073 3644 4137 στίξον
3704 4071 3836 4141 ὦδε,
3862 4077 3888 4126 6

2273 4165 2662 4238 ἀναγινώσκων,
2722 4171 2815 4224 τὴν
2904 4171 3131 4239 στιγμὴν
3183 4169 3247 4226 ὡς
3301 4167 3467 4240 ἔρυμα
3511 4167 3761 4236 κραταιὸν
3812 4174 3890 4236 τῷ

2272 4265 2362 4307 τού
2398 4257 2631 4308 Ἰωάννου
2691 4254 2986 4316 ἐπιστήσας
3053 4254 3406 4328 βαπτίσματι,
3459 4257 3548 4304 καὶ
3605 4254 3892 4325 ἀποτειχί-

502 4356 671 4405 rum;
696 4362 723 4390 ››
755 4341 920 4412 quod
939 4346 1026 4396 est
1049 4340 1255 4396 Christi
1277 4341 1601 4413 baptisma.
1629 4345 1691 4397 Et
1708 4343 2150 4414 patetaliunde:

2273 4366 2365 4406 σας
2396 4354 2486 4398 τοῦ
2518 4353 2836 4398 Δεσποτικοῡ
2871 4367 2882 4378 ·
2919 4343 3030 4398 εἶτα
3058 4345 3211 4417 λέγει,
3250 4367 3277 4394 ‹‹
3302 4348 3403 4397 Καί
3449 4345 3737 4416 κηρύσσων
3783 4342 3889 4416 βά-

501 4428 618 4484 illic
643 4429 802 4484 enim
825 4429 1051 4483 dictum
1075 4434 1181 4496 est,
1205 4430 1536 4502 Baptizans,
1561 4431 1623 4486 id
1645 4437 1735 4486 est
1754 4437 1954 4487 actum
1976 4432 2162 4505 bapti-

503 4517 679 4572 zandi
703 4533 961 4588 operans
987 4534 1001 4583 ;
1028 4518 1123 4573 hic
1157 4533 1297 4574 vero
1330 4518 1434 4574 ubi
1462 4519 1735 4575 remissio
1775 4524 1863 4575 est
1891 4527 2160 4592 peecato-

502 4622 660 4674 rum,
687 4605 1040 4673 Praedicans,
1066 4611 1130 4662 ut
1147 4607 1222 4662 de
1237 4606 1437 4662 futuro
1459 4607 1645 4663 altero
1661 4607 2042 4678 baptismate,
2061 4628 2159 4666 cu-

499 4697 600 4767 jus
631 4712 829 4768 przeco
873 4701 1018 4763 erat,
1078 4712 1200 4752 non
1241 4701 1538 4768 operator.
1586 4699 1942 4769 Prmparatio
1996 4703 2154 4757 enim

505 4791 631 4842 erat
657 4788 902 4842 Joannis
929 4787 1236 4859 baptisma
1280 4787 1560 4843 Dominici
1598 4788 1974 4859 baptismatis
2005 4798 2063 4848 et
2096 4798 2157 4848 ut

503 4878 776 4948 quaedam
832 4879 1197 4950 praecursio;
1251 4882 1315 4933 ut
1357 4893 1478 4932 non
1533 4879 1719 4934 modo
1752 4897 1868 4936 vox
1897 4898 2155 4953 praecur-

503 4967 895 5030 reretVerbo,
933 4967 1039 5022 sed
1072 4971 1130 5023 et
1167 4966 1520 5038 baptismati
1553 4967 1883 5040 baptisma.

501 5059 590 5109 κόν
648 5062 738 5109 καὶ
796 5058 902 5108 οἷόν
959 5076 1039 5117 τις
1090 5052 1505 5131 προοδοποίησις
1563 5079 1574 5090 ·

505 5167 637 5217 σμα.

573 5239 630 5291 Χ.
660 5259 688 5286 ‹‹
719 5239 853 5291 Erat
885 5241 1085 5292 autem
1104 5238 1363 5292 Joannes
1412 5237 1665 5292 vestitus
1694 5237 1829 5310 pilis
1862 5240 2075 5296 cameli
2104 5245 2159 5297 et

502 5339 656 5379 zona
678 5323 923 5396 pellicea
949 5326 1105 5380 circa
1125 5325 1368 5381 lumbos
1393 5327 1523 5397 ejus
1546 5327 1615 5384 ³³.
1641 5348 1668 5375 ››
1693 5327 1984 5384 Volebam
2001 5329 2155 5386 bene

504 5413 766 5469 cinctum
803 5413 968 5468 illum
1004 5419 1059 5471 et
1098 5415 1454 5471 instructum
1495 5416 1786 5472 viatorem
1837 5417 2152 5488 paululum

575 5628 622 5666 ³ο
653 5629 791 5685 Luc.
823 5644 944 5696 xui,
972 5634 1058 5687 35.
1152 5633 1197 5668 ³¹
1232 5635 1408 5691 Marc.
1433 5647 1474 5704 1,
1499 5635 1554 5701 4,
1587 5636 1639 5716 5.
1735 5635 1781 5710 ξ’
1813 5632 1964 5708 Ibid,
1993 5639 2050 5691 6.

2270 4456 2478 4509 πτισμα
2505 4440 2776 4508 μετανοίας
2824 4435 2896 4497 εἰς
2953 4437 3135 4508 ἄφεσιν
3188 4435 3536 4509 ἁμαρτιῶν,»
3570 4434 3595 4484 ὅ
3649 4431 3765 4484 ἐστι
3824 4438 3888 4487 τό

2269 4534 2361 4578 τοῦ
2387 4534 2644 4600 Χριστοῦ.
2673 4526 2831 4585 Δῆλον
2865 4522 3032 4578 δὲκαὶ
3072 4524 3256 4592 ἄλλως,
3316 4523 3399 4575 ὃτι
3444 4521 3548 4574 ἐκεῖ
3593 4525 3684 4594 μὲν
3736 4525 3888 4598 εἴρη-

2270 4632 2355 4666 ται
2411 4619 2466 4668 τὸ
2527 4614 2820 4688 βαπτίζων,
2870 4619 3158 4680 τουτέστιν,
3209 4617 3422 4686 ἐνεργῶν
3464 4615 3522 4664 τὸ
3574 4609 3888 4682 βαπτιζειν,
3939 4627 3942 4631 ’

2267 4702 2487 4756 ἐνταῦθα
2519 4701 2577 4756 δὲ
2607 4706 2733 4756 ὅπου
2767 4707 2796 4762 η
2856 4712 2957 4755 τῶν
3005 4704 3268 4777 ἁμαρτιῶν
3319 4703 3500 4774 ἄφεσις
3560 4703 3619 4750 τὸ
3668 4705 3886 4776 κηρύσ-

2268 4814 2370 4846 σων
2402 4797 2466 4854 ὡς
2496 4792 2579 4845 ἐπὶ
2608 4793 2880 4865 μελλοντος
2917 4792 3092 4868 ἑτέρου
3152 4789 3545 4864 βαπτίσματος,
3602 4809 3662 4840 ου
3711 4791 3890 4866 κῆρυξ

2266 4880 2347 4950 ἦν,
2376 4883 2503 4955 οὐχὶ
2534 4882 2794 4944 τελεστὴς.
2859 4887 3222 4956 Προτοιμασία
3253 4883 3353 4956 γὰρ
3413 4877 3474 4939 ἦν
3548 4884 3638 4931 καὶ
3677 4899 3888 4953 προπα-

2263 4977 2495 5047 ρασκευὴ
2540 4976 2594 5024 τὸ
2635 4981 2725 5024 τού
2760 4972 2995 5025 Ἰωάννόυ
3045 4971 3329 5044 βάπτισμα
3358 4973 3487 5044 πρὸς
3519 4972 3575 5021 τὸ
3623 4976 3886 5022 Δεσποτι-

1635 5061 1720 5109 ἵνα
1779 5064 1850 5131 μὴ
1912 5064 2063 5131 μόνον
2105 5067 2240 5135 φωνή
2277 5067 2544 5137 προτρέχη
2603 5071 2691 5114 τοῦ
2725 5067 2917 5134 Λόγου,
2957 5061 3085 5113 ἀλλὰ
3130 5066 3219 5112 καὶ
3251 5059 3623 5133 βαπτίσματος
3684 5057 3886 5131 βάπτι-

2340 5243 2400 5296 Ι“.
2439 5265 2458 5291 α
2489 5242 2586 5294 Ἦν
2621 5237 2680 5294 δε
2710 5243 2734 5293 6
2769 5243 3003 5301 Ἰωάννης
3041 5237 3376 5312 ἐνδεδυμένος
3432 5243 3624 5312 τρίχας
3698 5244 3885 5311 κοιμη-

2263 5331 2353 5383 λου
2386 5337 2474 5383 καὶ
2507 5332 2673 5392 ζώνην
2720 5328 3034 5404 δερματίνην
3091 5335 3208 5404 περί
3256 5333 3349 5387 τὴν
3400 5328 3562 5400 ὀσφὺν
3625 5329 3814 5385 αὐτοῦ,
3854 5349 3875 5376 ν

2264 5419 2578 5491 Ἐϐουλόμην
2611 5424 2696 5472 τὸν
2730 5424 2946 5483 εὔζωνον
3003 5439 3183 5472 τουτον
3227 5423 3317 5470 καί
3371 5415 3595 5474 εὐσταλῆ
3659 5412 3881 5468 ὁδοιπό-

3705 6297 3716 6320 ;
3743 6293 3756 6320 ἶ
3993 6309 4001 6314 .

3717 6323 3770 6340 φιτ

3582 6375 3634 6382 __
3710 6369 3758 6382 μὴ
3812 6371 3856 6378 -η
