4090 6420
267 325 372 377 757

1492 326 1785 385 HOMILIA
1822 325 1898 380 IN
1936 327 2035 383 SS.
2078 328 2537 388 INNOCENTES.

3537 338 3642 390 758

263 466 355 520 ρον
385 454 480 507 τῆς
528 455 705 507 στενῆς
751 467 806 500 τε
857 452 948 500 καὶ
1002 448 1338 521 τεθλιμμένης
1393 451 1580 521 μικρὸν
1631 448 1857 520 ἔπίσχείπ

1988 449 2050 504 in
2080 450 2195 505 hac
2226 455 2391 508 arcta
2420 456 2478 508 et
2504 454 2824 510 constricta
2855 454 2955 509 via
2984 453 3225 510 tardare
3255 455 3507 528 ejusque
3545 473 3644 513 ve—

263 541 356 589 καὶ
385 538 444 588 τὸ
477 535 636 588 αὐτοῦ
667 539 1116 611 περιεργάσασθαι
1145 534 1366 610 ἔνδυμα,
1414 543 1503 590 καὶ
1533 541 1620 589 τὸν
1659 540 1876 611 ἱστουρ-

263 631 506 698 γὴσαντα
534 624 830 686 ἐπιζητῆσαι
863 633 952 679 καὶ
984 625 1079 679 διὰ
1107 632 1158 679 τί
1210 636 1411 702 τριχῶν
1466 627 1704 700 καμήλου
1760 626 1873 690 ἐξυ-

263 715 432 785 φάνθὴ
468 713 607 774 ζὼου
637 712 958 789 ἀκαθάρτου,
990 721 1080 768 καὶ
1132 715 1258 788 οὐχὶ
1309 715 1498 788 μᾶλλον
1556 714 1696 790 ἐρίου
1751 735 1876 789 προ-

261 800 559 870 ϐατικοῦ,ἣ
609 802 850 875 μηλωτῆς
884 803 1188 881 ὁλοκλήρου,
1243 805 1351 857 οἷον
1401 801 1462 863 ἧν
1519 810 1609 856 καὶ
1666 808 1723 857 τὸ
1780 811 1872 856 τοῦ

260 889 530 951 Θεσϐἧθεν
561 891 759 946 Ἠλιοῦ.
815 891 950 944 Ἀλλ’
1004 889 1186 950 ἐπειδὴ
1221 889 1482 966 διακορεῖς
1531 894 1728 967 ὁρῶμεν
1778 899 1872 946 τοῦ

254 980 416 1051 λόγου
447 985 723 1052 γεγονότας
750 983 883 1054 ὑμᾶς
907 986 999 1034 καὶ
1027 986 1156 1056 πρὸς
1187 985 1244 1034 τὸ
1271 991 1435 1054 μῆκος
1477 989 1572 1043 τῆς
1603 978 1638 1034 δ
1643 978 1699 1034 ιδ
1703 1001 1870 1034 ασκα-

251 1069 366 1131 λίας
399 1070 816 1142 ἰλιγγιάσαντας,
845 1070 1069 1124 ἐνταῦθα
1095 1073 1224 1124 ὅπου
1263 1075 1322 1123 τὸ
1377 1070 1663 1128 ἀσκητικὸν
1711 1067 1868 1125 ἔνδυ-

250 1180 329 1233 μα
357 1166 451 1213 τοῦ
480 1161 741 1230 Ἰωάννου,
768 1167 862 1220 τὴν
915 1158 1482 1236 ὑφὴνκδιοπερανοῦμεν
1539 1168 1633 1212 τοῦ
1680 1161 1862 1232 λόγου.

254 1253 359 1303 Καὶ
387 1249 493 1321 οὐχ
528 1251 940 1323 ὐπωπτεύσαμεν
989 1250 1057 1311 εἰς
1112 1258 1230 1303 νοῦν
1277 1252 1409 1322 ὑμᾶς
1459 1249 1741 1322 συμϐαλεῖν
1795 1253 1864 1312 ὡς

249 1338 304 1400 ἐξ
357 1338 580 1412 ἀπορίας
630 1337 1000 1413 ἀνερμήνευτον
1056 1342 1117 1391 τὸ
1174 1346 1266 1390 τοῦ
1317 1339 1553 1392 Ἰωάννου
1598 1335 1864 1414 παρεδρά-

250 1447 412 1499 μομεν
444 1424 662 1499 ἔνδυμα,
710 1431 842 1500 μόνα
870 1430 936 1480 τὰ
965 1434 1074 1489 τοῖς
1125 1434 1286 1480 πᾶσιν
1345 1427 1575 1485 εὔληπτα
1629 1424 1860 1480 διαλύειν

253 1513 618 1589 δεδυνημένοι,
677 1522 769 1568 καὶ
835 1520 1327 1590 χαριεντιζομὲνους
1375 1516 1560 1588 λέγειν,
1618 1518 1698 1568 ὅτι
1754 1519 1860 1576 Τὴν

242 1604 477 1678 κάμηλον
513 1610 773 1672 κατέπιες,
842 1609 966 1666 τούς
1026 1615 1122 1666 τῆς
1173 1610 1451 1676 ἀναγωγῆς
1504 1609 1624 1680 περὶ
1694 1605 1859 1667 αὐτῆς

239 1698 313 1767 μὴ
342 1700 664 1768 προενεγκών
696 1701 788 1747 τοῦ
821 1698 1078 1767 στόματος
1105 1693 1313 1766 λόγους,
1376 1690 1621 1754 διΰλισας
1678 1690 1738 1746 δὲ
1792 1695 1860 1746 τὰ

1987 539 2333 595 stimentum
2363 541 2704 611 observare,
2735 548 2790 598 et
2808 559 2947 597 eum
2973 543 3077 614 qui
3092 543 3240 598 illud
3257 549 3641 602 contexuerat

1984 627 2371 697 interrogare,
2401 647 2508 686 eur
2546 647 2619 687 ex
2658 631 2792 703 pilis
2837 632 3048 687 cameli
3094 639 3442 690 contextum
3486 640 3636 706 erat,

1984 717 2262 773 animalis
2286 719 2608 788 immundi,
2637 735 2741 776 nec
2770 719 2974 792 potius
3005 736 3077 776 ex
3104 720 3248 777 lana
3287 723 3486 790 ovina,
3533 730 3638 781 aut

1981 806 2214 878 integra
2240 809 2420 865 ovina
2436 808 2609 880 pelle,
2637 809 3159 881 quemadmodum
3191 815 3317 865 erat
3345 811 3635 868 Thesbitae

1981 895 2120 952 Elite
2150 897 2357 954 vestis.
2385 898 2499 953 Sed
2529 898 2820 970 quoniam
2843 897 3115 954 videmus
3136 914 3245 954 vos
3277 901 3494 956 nostris
3529 917 3636 957 ver

1978 983 2072 1039 bis
2097 985 2363 1056 satiatos,
2407 986 2590 1058 hujus
2633 985 3081 1058 praedicationis
3141 988 3491 1044 extensione
3547 988 3634 1045 fa-

1977 1073 2214 1143 tigatos,
2249 1075 2343 1130 hic
2366 1075 2463 1131 ubi
2481 1076 2555 1131 de
2577 1075 2836 1132 ascetico
2861 1076 3107 1132 Joannis
3131 1075 3490 1134 vestimento
3506 1079 3630 1148 agi-

1977 1166 2092 1231 tur,
2118 1164 2432 1232 sermonis,
2455 1165 2648 1220 ordini
2667 1165 2853 1220 ﬁnem
2869 1165 3280 1237 imponemus.
3303 1168 3506 1238 Neque
3525 1181 3632 1224 no-

1974 1250 2067 1306 bis
2086 1251 2348 1324 suspicio
2407 1256 2496 1308 est
2524 1269 2634 1308 vos
2663 1254 2726 1308 in
2747 1257 3014 1308 mentem
3040 1253 3212 1310 vobis
3236 1253 3477 1325 injicere
3514 1271 3630 1312 nos

1972 1355 2046 1394 ex
2060 1339 2393 1410 indigentia
2411 1356 2534 1396 non
2555 1341 2918 1413 explicatum
2938 1342 3185 1398 Joannis
3199 1343 3628 1400 vestimentum

1970 1429 2443 1501 praetermisisse,
2465 1434 2756 1502 tanquam
2782 1447 2856 1486 ea
2888 1434 3124 1486 tantum
3158 1447 3297 1504 quae
3319 1431 3398 1488 ab
3427 1435 3626 1488 omni-

1967 1517 2084 1573 bus
2104 1517 2278 1574 facile
2297 1518 2638 1590 capiuntur,
2661 1519 3036 1592 interpretari
3058 1520 3362 1591 possimus
3380 1539 3398 1592 ;
3425 1535 3624 1593 neque
3670 1572 3676 1577 .

1968 1606 2282 1662 irridentes
2310 1606 2540 1662 dicere:
2575 1606 2886 1664 Camelum
2915 1606 3259 1678 deglutiisti,
3284 1607 3520 1664 nullum
3549 1625 3623 1666 ea

1967 1694 2043 1750 de
2064 1710 2126 1750 re
2154 1695 2539 1751 institutionis
2565 1696 2818 1752 verbum
2852 1710 2956 1752 ore
3011 1695 3344 1767 proferens,
3401 1697 3620 1769 despu-

237 1785 379 1835 κατὰ
427 1789 680 1845 κώνωπας
729 1790 1090 1856 σμικροπρεπῆ
1151 1788 1242 1835 καὶ
1295 1783 1513 1840 εὐνόητα
1565 1787 1804 1855 νοήματα
1839 1804 1852 1816 ο

1966 1784 2143 1840 masti
2172 1789 2376 1840 autem
2398 1785 2664 1853 sordida,
2691 1789 2757 1840 ut
2783 1784 3022 1852 culices,
3055 1789 3113 1840 et
3134 1784 3339 1842 faciles
3359 1786 3621 1856 cogitatu

240 1875 492 1944 οὐμενουν
543 1874 674 1926 οὕτω
727 1876 1067 1945 ταχύποπτος
1120 1871 1220 1944 ἐγὼ
1280 1877 1370 1924 καὶ
1418 1869 1857 1933 εὐσκανδάλιστος

239 1964 308 2025 ὡς
348 1962 418 2023 εἰς
447 1970 566 2014 νοῦν
621 1970 774 2015 τοῦτο
808 1970 1168 2036 περιαγαγεῖν.
1207 1964 1441 2014 Πέποιθα
1471 1958 1530 2014 δὲ
1557 1964 1620 2022 ὡς
1677 1963 1708 2019 ἡ
1761 1966 1870 2014 τοῦ

241 2059 378 2105 Θεοῦ
433 2054 597 2125 χάρις
647 2054 941 2125 χαρίσαιτο
1020 2053 1146 2124 ἡμῖν
1209 2051 1372 2122 ἰσχὺν
1432 2056 1694 2121 γνώσεως,
1762 2055 1853 2102 καὶ

238 2139 406 2212 λόγων
433 2144 640 2215 εὔροιαν
687 2140 760 2203 εἰς
811 2140 1054 2212 ὧφίλιιαν
1113 2147 1210 2202 τῆς
1261 2138 1473 2212 ἀγάπης
1533 2140 1700 2211 ὑμῶν,
1765 2143 1854 2191 καὶ

235 2233 332 2291 τὰς
389 2232 651 2303 Γραφικὰς
717 2229 940 2305 ἀπορίας
993 2231 1114 2302 ὑμῖν
1174 2226 1489 2302 διαλύσομεν
1542 2231 1666 2281 ὅσαι
1730 2233 1853 2290 τέως

235 2317 652 2392 διέφυγον-τοὺς
705 2320 1075 2380 θεοπνεύστους
1155 2321 1390 2391 Πατέρας
1443 2322 1530 2369 καὶ
1586 2314 1621 2369 δ
1627 2314 1852 2370 ιδασκά-

232 2409 350 2471 λους
383 2431 396 2442 ·
443 2413 598 2482 μόνον
637 2410 708 2481 μή
770 2404 1154 2481 διαλιμπάνητε
1203 2411 1400 2470 πάσαις
1451 2416 1568 2470 ταῖς
1599 2411 1852 2481 κυριωνύ-

232 2519 355 2572 μοις
431 2506 533 2550 τῶν
592 2500 795 2570 ἡμερῶν
855 2498 1080 2550 ἐνταῦθα
1139 2496 1604 2569 ἐκκλησιαζόμενοι
1652 2502 1743 2550 καὶ
1800 2497 1849 2550 ἐν

234 2592 360 2661 οἴκῳ
413 2590 583 2659 τούτῳ
634 2596 731 2649 τῆς
802 2595 894 2640 τοῦ
978 2594 1112 2641 Θεοῦ
1176 2592 1364 2660 σοφίας
1392 2587 1723 2659 αὐλιζόμενοι
1758 2593 1850 2641 καὶ

237 2685 338 2730 τῶν
401 2678 645 2750 θυμάτων
703 2676 863 2737 αὐτῆς
917 2684 1368 2751 κατατρυφῶντες,
1423 2680 1512 2728 καὶ
1558 2683 1650 2727 τοῦ
1723 2695 1850 2750 κρα-

233 2777 394 2840 τῆρος
437 2766 750 2830 ἐκπίνοντες.
783 2772 884 2820 Καὶ
937 2769 1040 2839 γὰρ
1093 2765 1206 2839 μεθ’
1262 2765 1467 2838 ὑψηλοῦ
1522 2772 1615 2818 τοῦ
1649 2767 1849 2839 κηρύγ-

234 2876 402 2929 ματος
460 2876 486 2908 ο
539 2854 755 2930 ἀχρεῖος
808 2855 971 2916 αὐτῆς
1050 2852 1235 2917 δοῦλος
1287 2853 1387 2926 ἐγὼ
1449 2855 1566 2906 καθ’
1619 2853 1846 2911 ἑκάστην

241 2950 511 3020 Κυριακήν
566 2945 875 3016 συγκαλέσω
923 2946 1056 3017 ὑμᾶς
1117 2943 1201 2997 ἐπὶ
1267 2948 1355 3002 τὴν
1431 2944 1689 2997 ἑστίασιν.
1746 2948 1848 2995 Καὶ

236 3031 363 3092 δοίη
413 3036 596 3108 Κύριος
664 3053 690 3085 ο
735 3037 866 3095 Θεὸς
894 3035 1026 3106 ὑμᾶς
1069 3037 1162 3085 σὺν
1217 3031 1324 3104 ἐμοὶ
1365 3029 1682 3104 δαιτυμόνας
1715 3035 1848 3103 γενέ-

1966 1888 2366 1940 sensus;non
2396 1873 2549 1930 adeo
2579 1866 2737 1930 male
2777 1875 3073 1946 suspicor,
3113 1889 3225 1930 nec
3266 1877 3390 1930 tam
3443 1874 3617 1930 facile

1965 1961 2338 2018 scandalizor
2369 1966 2434 2017 ut
2462 1962 2522 2017 id
2543 1963 2602 2018 in
2635 1962 2910 2018 animum
2929 1962 3240 2020 inducam.
3285 1965 3472 2036 Spero
3491 1964 3616 2022 imo

1961 2049 2089 2106 fore
2118 2056 2183 2106 ut
2203 2051 2302 2106 Dei
2329 2050 2524 2120 gratia
2549 2051 2837 2121 largiatur
2855 2051 3034 2109 nobis
3059 2051 3178 2108 vim
3207 2052 3617 2122 cognoscendi

1962 2145 2020 2196 et
2043 2139 2367 2212 eloquendi
2386 2139 2728 2196 facultatem
2755 2141 2817 2197 in
2846 2141 3054 2200 vestras
3105 2140 3412 2198 charitatis
3459 2142 3616 2199 utili-
3696 2170 3698 2173 -

1937 2210 2179 2291 'tatem;
2199 2232 2258 2284 et
2279 2229 2597 2302 Scriptura:
2631 2227 3014 2286 difﬁcultates
3065 2229 3236 2286 vobis
3284 2229 3612 2302 solvemus,

1959 2334 2098 2390 quas
2119 2333 2310 2390 usque
2328 2317 2512 2373 modo
2536 2334 2573 2374 a
2601 2321 2720 2374 Deo
2747 2318 3076 2391 inspiratos
3104 2318 3310 2376 Patres
3337 2323 3394 2375 et
3422 2321 3613 2390 magi-

1961 2410 2113 2462 stros
2145 2405 2466 2462 latuerunt.
2499 2407 2756 2464 Tantum
2789 2423 2865 2462 ne
2896 2406 3140 2463 cessetis
3171 2406 3455 2464 omnibus
3503 2410 3611 2466 Do-

1959 2494 2198 2550 minicis
2215 2495 2430 2551 diebus
2456 2495 2576 2552 huc
2598 2497 2939 2560 convenire,
2954 2495 3086 2552 etin
3095 2496 3281 2553 haece
3301 2497 3610 2570 sapientiae

1959 2583 2062 2640 Dei
2084 2584 2270 2640 domo
2308 2585 2693 2654 commorari,
2749 2589 2808 2641 et
2835 2586 2967 2656 ejus
3018 2585 3272 2642 victimis
3329 2585 3612 2643 delectari

1957 2673 2208 2745 ejusque
2235 2673 2522 2744 poculum
2537 2673 2769 2730 bibere.
2803 2677 2924 2745 Ego
2945 2675 3108 2730 enim
3126 2674 3363 2731 excelso
3383 2691 3609 2748 praeco-

1957 2761 2059 2818 nio
2078 2760 2303 2818 inutilis
2321 2762 2370 2834 ej
2382 2778 2451 2818 us
2464 2777 2672 2819 servus
2691 2762 2942 2833 singulis
2959 2763 3285 2822 Dominicis
3309 2763 3389 2821 ad
3413 2765 3610 2822 convi-

1956 2851 2120 2906 vium
2149 2866 2256 2906 vos
2285 2851 2692 2921 congregabo.
2745 2855 2851 2909 Det
2895 2857 3098 2909 autem
3157 2853 3448 2909 Dominus
3495 2870 3605 2910 vos

1955 2956 2195 2996 mecum
2217 2939 2469 2996 caelestis
2491 2944 2548 2996 et
2577 2945 2813 2996 aeternas
2842 2957 3069 2998 mensae
3091 2941 3374 2998 convivas
3396 2941 3524 2998 ﬁeri
3550 2948 3608 3000 et

1954 3029 2120 3101 regni
2161 3029 2451 3086 ccelorum
2483 3029 2700 3100 dignos
2731 3047 2865 3086 esse
2888 3047 2902 3097 ;
2924 3030 3093 3104 quod
3118 3031 3350 3087 utinam
3389 3047 3604 3088 omnes

234 3125 364 3178 σθαι
393 3131 488 3185 τῆς
526 3123 768 3198 οὐρανίου
797 3128 888 3175 καὶ
947 3119 1254 3194 ἀδιαδόχου
1293 3121 1556 3196 τραπέζης
1606 3125 1696 3172 καὶ
1750 3129 1846 3183 τῆς

1965 3134 2063 3174 vos
2088 3119 2502 3191 assequamini
2533 3120 2724 3190 gratia
2753 3125 2809 3177 et
2839 3119 3108 3177 bonitate
3133 3119 3319 3176 Patris
3368 3125 3426 3176 et
3478 3121 3606 3178 Filii

231 3213 506 3288 βασιλείας
554 3211 841 3275 ἀξιωθῆναι
877 3219 978 3264 τῶν
1013 3212 1243 3286 οὐρανῶν
1292 3233 1304 3244 ·
1362 3212 1426 3272 ἧς
1459 3215 1658 3282 γένοιτο
1715 3213 1840 3263 πάνυ

227 3323 322 3363 τας
404 3304 544 3375 ὑμᾶς
603 3300 872 3373 ἐπιτυχεῖν
952 3303 1144 3373 χάριτι
1198 3306 1288 3353 καὶ
1340 3299 1702 3373 φιλανθρωπίᾳ
1750 3307 1842 3352 τοῦ

225 3394 458 3466 Πατρός,
487 3395 578 3443 καὶ
611 3398 704 3442 τοῦ
732 3392 876 3460 Υὶοῦ,
913 3395 1004 3443 καὶ
1031 3397 1124 3443 τοῦ
1184 3390 1338 3461 ἁγίου
1396 3392 1695 3462 ῐΙνεύματος
1746 3397 1844 3451 τῆς

1955 3213 2013 3264 et
2044 3208 2297 3280 Spiritus
2339 3209 2549 3278 sancti,
2583 3208 2803 3280 quibus
2836 3223 2959 3264 una
2984 3209 3272 3266 Divinitas
3300 3213 3359 3266 et
3388 3225 3605 3267 unum-

1952 3313 2230 3368 regnum,
2262 3297 2359 3354 cui
2383 3298 2662 3355 convenit
2687 3299 2886 3354 omnis
2918 3298 3129 3369 gloria,
3152 3300 3348 3356 honor
3371 3305 3430 3357 et
3456 3300 3604 3358 ado-

1949 3388 2103 3444 ratio
2131 3403 2295 3444 nunc
2319 3393 2376 3444 et
2393 3388 2456 3444 in
2474 3388 2708 3446 inﬁnita
2729 3388 2968 3446 saecula.
2998 3393 3210 3446 Amen.

217 3488 342 3554 μιᾶς
404 3484 657 3541 Θεότητός
714 3499 768 3532 τε
805 3484 896 3532 καὶ
964 3477 1254 3552 βασιλείας,
1286 3481 1534 3552 πρέπει
1601 3483 1749 3530 πᾶσα
1788 3475 1940 3548 δόξα⁹
1992 3482 2120 3550 τιμὴ
2180 3482 2271 3531 καὶ
2320 3480 2678 3552 προσκύνησις
2705 3486 2795 3531 νῦν
2844 3482 2936 3532 καὶ
2980 3478 3054 3539 εἰς
3123 3482 3247 3540 τοὺς
3331 3478 3603 3540 ἀτελευτή-

221 3590 346 3632 τους
377 3570 589 3632 αἰῶνας.
623 3571 808 3643 Ἀμήν.

748 3987 1038 4044 Germani
1062 3987 1304 4044 decreta
1326 3987 1598 4059 quaedam
1625 3988 1942 4058 synodalia
1973 3988 2108 4044 vide
2132 3988 2196 4043 in
2227 3993 2383 4043 tomo
2411 3986 2631 4055 CXIX,
2663 3987 2781 4042 col.
2821 3989 2926 4044 795
2953 4000 3080 4056 sqq.

1448 4532 1646 4581 ANNO
1693 4531 1952 4581 DOMINI
2000 4531 2369 4582 MCCXLVIII

434 4839 1320 4992 MANUEL
1397 4839 1545 4990 ΙΙ
1629 4837 1921 4996 GP.
2008 4835 3408 5081 PATRIARGHA‘

206 5176 410 5236 Pater
468 5173 558 5234 Le
615 5174 817 5248 Quien
872 5174 934 5233 in
1005 5173 1268 5234 Orientis
1311 5171 1650 5234 Christiani
1700 5179 1855 5232 tom.
1914 5171 1961 5234 Ι.
2009 5191 2071 5249 p.
2116 5173 2262 5243 286,
2309 5172 2453 5232 huic
2513 5171 2797 5233 Manueli
2855 5171 3114 5234 decreta
3166 5169 3388 5238 tribuit
3439 5189 3585 5249 quas

209 5261 217 5277 Ἴ
1140 5271 1563 5332 Leunclavius
1609 5270 1908 5333 Manueli-
1941 5269 2354 5349 Charitopulo
2399 5270 2680 5332 ascribit.

1727 5463 2097 5479 .————
