4090 6400
254 299 363 357 761
1461 293 1553 351 DE
1583 288 1840 350 DIVIle
1864 286 2263 349 NOMINIBUS.
2292 316 2361 332 -
2389 288 2706 347 MONITUM
3525 291 3631 347 762

258 423 550 498 Ejusdem
570 421 905 487 οἰακισι-ὶκῆς
921 421 1116 496 ψυχῶν
1144 418 1514 483 ὐποτυπὼίιως
1554 417 1738 493 βιϐλία
1788 420 1873 492 τρί

2013 414 2043 469 9'
2093 414 2384 490 ἑρμηνείας,
2415 412 2863 486 gubernatricis
2909 413 3255 473 animarum
3300 413 3628 486 hypotypo-

258 530 389 574 seos
404 514 548 571 libri
566 519 829 572 trescum
845 512 1233 584 expositione.
1256 513 1394 568 Puts
1409 512 1612 568 tamen
1629 506 1868 566 titulum
1897 504 2280 577 mendosum,
2295 507 2353 562 et
2371 504 2540 578 quod
2562 504 2773 561 Leonis
2793 503 3175 578 imperatoris
3187 507 3296 574 est,
3316 503 3628 562 Theodoro

257 602 447 662 tribui
464 602 752 675 Ejusdem
773 601 1032 676 ἕγκῶμιον
1056 603 1124 663 είς
1148 604 1235 655 τὸν
1265 601 1415 673 ἅγιον
1462 600 1707 674 μάρτυρα
1747 598 1872 671 Τρύε

2013 634 2022 658 γ
2073 595 2345 653 laudatio
2401 594 2465 651 in
2521 599 2798 651 sanctum
2841 599 3170 666 martyrem
3225 594 3628 665 Tryphonem.

262 697 332 750 in
355 693 667 750 Vaticana.
706 691 996 765 Ejusdem
1049 691 1118 753 si;
1162 694 1251 744 τὸν
1308 688 1683 762 ιῦαγγελισμον
1725 693 1823 750 τῆς

2015 688 2162 751 όκου,
2182 689 2273 738 καὶ
2315 687 2436 757 περὶ
2465 690 2560 746 τῆς
2605 681 3042 756 ἐδανθρωπήσεως
3101 689 3195 736 τοῦ
3244 687 3438 756 Κυρίου
3481 684 3629 756 ἡμῶν

262 784 445 843 Ἰησοῦ
471 788 706 860 Χριστοῦ
733 783 800 840 in
823 781 1348 840 annuntiationem
1367 780 1663 851 Deiparce,
1693 782 1749 835 et
1778 776 1852 834 de

2009 775 2301 832 :rnatione
2327 773 2572 832 Domini
2594 774 2790 830 nostri
2814 773 2958 830 Jesu
2977 771 3294 829 Christi.P.
3309 779 3444 834 Νοῦς
3455 776 3624 846 μέντοι

258 893 320 947 γε
350 859 573 950 βροτῶν,
616 874 708 926 καὶ
731 868 943 926 διάνοια
964 880 1039 944 τῷ
1067 870 1185 926 καθ’
1208 871 1345 944 ἡμᾶς
1370 870 1657 944 μιγνύμενά
1684 887 1739 921 τι
1757 871 1873 939 κᾶὶλ

2016 863 2229 939 ζόμινα.
2275 861 2533 921 Scoriaci
2561 866 2619 919 et
2672 862 2737 919 in
2790 861 3097 918 Vaticana.
3158 859 3444 932 Ejusdem
3498 881 3628 935 χαι-

260 947 509 1036 ρετισμός
556 961 629 1026 εἰς
670 965 761 1021 τήν
813 965 1083 1032 Θιοτόκον,
1121 965 1289 1014 κανών
1344 958 1659 1032 ψαλλόμενος
1707 956 1780 1019 εἰς
1826 959 1916 1015 τὴν
1952 957 2459 1030 θαυματουργοῦσαν
2513 952 2685 1006 εἰκόνα
2767 958 2864 1014 τῆς
2937 954 3194 1005 Θιοτόκου
3250 953 3300 1004 ἓν
3348 947 3510 1023 ᾠδαῖς
3561 971 3628 1010 η.

258 1059 468 1128 Ἕτερος
515 1056 681 1105 κανών
724 1050 1037 1125 ψαλλόμενος
1083 1069 1156 1112 εις
1199 1050 1308 1122 [τὸν
1350 1047 1632 1103 ἆκὰθιστον
1652 1048 1810 1120 ὕμνον
1862 1065 1873 1097 π

2013 1048 2287 1111 Θεοτόκου,
2318 1043 2607 1101 salutatio
2638 1042 2704 1099 in
2733 1041 3072 1112 Deiparam,
3131 1055 3328 1098 canon
3359 1041 3468 1113 qui
3492 1055 3628 1097 con-

261 1141 557 1200 ciniturin
579 1141 903 1213 imaginem
928 1141 1208 1211 Deiparce
1230 1137 1545 1196 miraculis
1569 1135 2109 1206 conspicuam,odis
2133 1139 2284 1191 octo.
2301 1132 2506 1190 Canon
2528 1132 2635 1205 qui
2654 1131 2901 1188 canitur
2917 1131 2983 1187 in
3003 1128 3323 1187 acathisto.
3348 1128 3628 1203 Ejusdem

258 1231 635 1302 processione
666 1230 933 1301 Spiritus
978 1230 1179 1287 sancti
1226 1232 1440 1286 contra
1491 1227 1739 1284 Latinos
1797 1243 1873 1299 πε,

2014 1232 2068 1286 ῆς
2123 1222 2468 1298 ἕκποριύςεως
2516 1227 2609 1275 τοῦ
2651 1220 2806 1293 ἁγίου
2858 1221 3160 1293 Πνεάματος
3196 1221 3335 1272 κατὰ
3397 1223 3629 1273 Λατίνων

264 1320 523 1379 Scoriaci
548 1320 611 1376 in
630 1319 817 1391 regia.
847 1318 1067 1390 legitur
1090 1323 1382 1392 praeterea
1409 1316 1683 1389 ejusdem
1711 1315 1774 1372 in
1793 1313 1879 1370 bit

2014 1313 2173 1371 hecis
2222 1312 2436 1370 Italicis
2487 1312 2841 1386 χαιρετισμὸς
2884 1314 2956 1373 είς
3002 1313 3098 1369 τὴν
3145 1308 3434 1383 ὐπεραγίαν
3498 1316 3629 1362 Θεο-

262 1414 435 1480 τόκον,
463 1409 751 1469 salutatio
779 1410 843 1468 in
887 1409 1317 1468 sanctissimam
1341 1408 1693 1478 Deiparam.
1747 1412 1806 1475 P,
1843 1411 1877 1459 Χ

2049 1403 2353 1479 ἱλαστήριον
2382 1409 2599 1477 χυχῶν,
2619 1401 3038 1475 παρθωομῆτορ,
3083 1400 3259 1475 χαράν
3289 1401 3319 1460 ἠ
3353 1402 3625 1458 κυὴσασα.

1393 1601 3627 1626 W

1344 1770 1882 1864 NOTITIA
1992 1767 2558 1860 ALTERA.

1608 1953 1784 2029 (Cave
1821 1952 1920 2011 ad.
1961 1965 2061 2011 an.
2104 1951 2283 2023 1255).

330 2219 681 2279 Theodorus
706 2216 997 2287 Lascaris,
1019 2215 1242 2289 junior,
1273 2215 1470 2273 Ducas
1497 2217 1679 2271 etiam
1708 2211 1926 2283 dictus,
1956 2214 2092 2269 ortu
2124 2212 2424 2281 Nicmnus,
2453 2208 2747 2269 Theodori
2777 2206 3050 2278 senioris,
3077 2205 3183 2280 qui
3211 2206 3391 2278 capta
3421 2219 3457 2262 a
3486 2204 3633 2264 Lati-

257 2310 354 2368 nis
373 2306 892 2382 Constantinopoli
921 2304 1156 2379 imperii
1189 2304 1396 2362 sedem
1418 2303 1679 2361 Nicaeam
1712 2301 2114 2371 transtulerat,
2147 2318 2221 2359 ex
2273 2300 2441 2358 lrene
2487 2300 2613 2358 ﬁlia
2662 2314 2878 2373 nepos,
2933 2295 3184 2354 Joannis
3214 2297 3391 2352 Ducm
3439 2297 3637 2353 Irenes

260 2400 541 2471 conjugis
558 2402 615 2454 et
628 2396 924 2455 Theodori
953 2393 1319 2452 successoris
1339 2392 1500 2450 ﬁlius
1529 2396 1678 2450 natu
1708 2392 1925 2464 major,
1964 2393 2123 2466 patri
2146 2391 2208 2449 in
2241 2390 2494 2465 imperio
2515 2388 2805 2447 successit
2846 2403 2952 2446 an.
2982 2391 3138 2443 4255.
3161 2388 3309 2442 Rem
3353 2384 3635 2443 adversus

262 2486 918 2561 Bulgaros,Thessalos,
948 2484 1222 2559 aliosque
1243 2483 1480 2556 imperii
1498 2482 1700 2539 hostes
1721 2481 1838 2538 fere
1863 2497 1972 2556 per
1995 2482 2290 2539 tiennium
2318 2480 2564 2538 feliciter
2593 2478 2732 2551 egit,
2761 2493 2975 2535 verum
3003 2474 3245 2533 inﬁrma
3292 2473 3636 2532 valetudine

260 2579 617 2650 morbisque
635 2576 878 2642 fractus,
899 2573 1169 2631 habitum
1195 2572 1617 2630 monachalem
1641 2569 1857 2642 induit,
1875 2575 1933 2629 et
1960 2571 2022 2628 in
2044 2570 2516 2646 Sydandronum
2546 2567 3007 2634 monasterium,
3026 2570 3094 2622 ut
3120 2580 3233 2622 nos
3261 2563 3436 2621 docet
3456 2564 3640 2620 Doro-

261 2669 436 2728 theus
466 2663 1012 2723 Monembasiensis
1035 2663 1123 2737 (a)
1153 2663 1236 2734 (in
1258 2661 1559 2733 Magnesia
1577 2661 1641 2717 id
1669 2661 1850 2718 situm
1898 2661 2050 2733 erat)
2114 2659 2383 2729 secessit,
2422 2658 2629 2732 ibique
2675 2657 2857 2713 breve
2903 2653 3072 2728 quod
3136 2653 3267 2711 vitae
3327 2651 3635 2719 remansit,

260 2764 506 2832 tempus
536 2754 1037 2814 consummandm
1070 2752 1435 2827 poenitentiae
1465 2754 1521 2808 et
1549 2750 1671 2808 otio
1690 2749 1793 2823 pio
1821 2765 1895 2807 ac
1921 2749 2206 2808 litterario
2236 2748 2624 2806 consecravit.
2657 2745 2947 2817 Regnavit
2975 2758 3170 2801 annos
3221 2746 3275 2811 3,
3315 2740 3639 2797 defunctus

265 2864 428 2907 anno
460 2850 620 2910 1259,
647 2845 837 2902 (etatis
866 2849 954 2901 36.
989 2843 1268 2915 Princeps
1296 2841 1547 2898 omnino
1595 2841 1885 2911 eruditus,
1943 2839 2174 2896 meliori
2225 2841 2383 2895 sorte
2424 2835 2768 2909 smeuloque
2813 2834 3059 2904 dignus.
3106 2833 3270 2889 Certe
3330 2843 3641 2886 summum

267 2939 401 3011 ejus
424 2940 551 2994 tum
582 2936 647 2992 in
670 2934 979 3008 pietatem,
1010 2936 1139 2989 tum
1160 2932 1221 2988 in
1250 2946 1380 2987 rem
1408 2929 1757 2987 litterariam
1789 2928 2055 2986 studium
2076 2944 2149 2986 ex
2179 2927 2372 3003 ipsius
2392 2926 2662 2984 nummis
2696 2923 3053 2997 imperiique
3094 2919 3432 2992 insignibus
3475 2918 3642 2975 lucu-

268 3007 462 3087 l(aliter
488 3007 737 3094 constat,
766 3026 827 3082 in
853 3016 1078 3099 quibus
1108 3022 1320 3080 dextra
1347 3036 1610 3079 crucem.
1633 3019 1869 3077 sinistra
1898 3019 2183 3075 volumen
2205 3022 2416 3075 tenens
2439 3015 2818 3082 describitur,
2849 3011 2978 3070 Vid.
3028 3011 3101 3069 cl.
3156 3013 3212 3067 et
3246 3007 3453 3067 litteris
3521 3023 3645 3099 non

273 3119 476 3178 minus
502 3132 688 3191 quam
721 3097 1008 3187 dignitate
1036 3112 1327 3169 illustrem
1351 3115 1415 3168 D.
1443 3111 1525 3166 du
1554 3112 1767 3167 Fresne
1785 3110 2008 3167 Famil.
2042 3110 2280 3180 byzant.
2322 3122 2447 3182 pag
2499 3111 2627 3163 223.
2698 3103 2945 3176 Scripsit
2992 3103 3124 3174 jam
3170 3099 3508 3191 monacbus
3540 3097 3645 3191 ‘ad

268 3187 569 3267 Joannem
593 3206 950 3279 episcopum
975 3205 1378 3261 Coronensem
1406 3200 1709 3274 prolixum
1739 3199 1884 3256 satis
1917 3204 2243 3256 tractatum
2283 3197 2563 3254 adversus
2592 3195 2839 3252 Latinos
2884 3191 2958 3248 de
2987 3189 3364 3261 processione
3390 3187 3644 3256 Spiritus

266 3301 487 3358 sancti.
520 3276 723 3353 Exstat
754 3276 869 3363 ms,
899 3292 1009 3351 sed
1033 3291 1324 3348 mendose
1355 3295 1657 3361 exaratus,
1685 3294 1744 3346 et
1765 3289 1828 3346 in
1846 3288 1968 3346 ﬁne
1996 3287 2268 3346 multilus
2293 3287 2358 3344 in
2398 3284 2765 3344 bibliotheca
2820 3280 2957 3339 coll.
3005 3281 3192 3337 Gonv.
3242 3281 3301 3335 et
3354 3276 3478 3335 Caii
3498 3277 3648 3333 Can-

270 3389 396 3447 tab.
437 3386 699 3444 Titulum
759 3388 817 3441 et
879 3382 1223 3456 prologum,
1283 3396 1438 3453 quos
1486 3381 1548 3436 in
1600 3395 1779 3436 usum
1838 3395 2047 3435 meum
2100 3377 2418 3451 descripsit
2459 3380 2524 3434 D.
2583 3374 2980 3441 Whartonus,
3036 3372 3234 3426 Graece
3312 3366 3410 3423 hic
3500 3365 3645 3422 sub-

264 3480 550 3552 jungam:
615 3470 895 3547 Θεοδώρου
976 3478 1215 3545 μοναχοῠ
1280 3478 1371 3523 τοῦ
1428 3471 1675 3543 Λασκαρι
1773 3467 1920 3540 λόγος
1992 3467 2369 3529 ἁπολολητικὸς
2428 3468 2580 3541 ,πρὸς
2670 3466 2758 3516 τόν
2828 3461 3111 3515 ἐπίσκοπον
3193 3461 3432 3530 Κορώνης
3516 3456 3650 3507 κατὰ

267 3577 372 3622 τῶν
427 3566 655 3633 Ἰταλῶν,
705 3568 867 3636 ἤγουν
917 3565 1055 3615 κατὰ
1125 3568 1226 3614 τῶν
1302 3564 1540 3613 Λατίνων
1628 3562 1751 3633 περί
1839 3564 1932 3610 τοῦ
2002 3560 2303 3631 Πνεύματος
2378 3562 2472 3608 τοῦ
2552 3553 2725 3626 ἁγίου.
2814 3544 3029 3607 Ἐπειδὴ
3123 3545 3382 3619 ἐρώτησιν
3457 3545 3646 3615 ὑπογά-

271 3658 391 3712 ϐιτο
421 3659 454 3715 ἠ
487 3654 735 3729 βασιλεία
759 3673 861 3727 μου
881 3655 1009 3727 πρὸς
1040 3653 1119 3721 σε,
1148 3647 1450 3723 ὦὶερὼτατε
1498 3647 1749 3701 ἐπίσκοπε
1790 3652 2053 3722 Κορώνης,
2105 3646 2544 3718 ἀπολογήσασθαι
2597 3651 2660 3716 τῇ
2714 3639 2961 3717 βασιλείᾳ
3015 3655 3140 3709 μου,
3190 3637 3330 3697 ὃπως
3386 3636 3417 3693 ἡ
3470 3634 3651 3705 ἁγιω-

272 3750 407 3805 τάτη
467 3752 560 3798 τοῦ
620 3743 787 3797 Θεοῦ
813 3741 1011 3815 μεγάλη
1051 3738 1342 3797 Ἐκκλησία
1383 3740 1414 3796 ἠ
1464 3735 1795 3810 πρεσϐυτέρα
1849 3742 2022 3810 ⁸Ρὼμη
2083 3734 2391 3808 δογματιζει
2442 3738 2560 3806 περὶ
2611 3741 2708 3794 τῆς
2755 3731 3101 3807 ἐκπορεύσεως
3145 3734 3238 3780 τοῦ
3291 3725 3443 3799 ἁγίου
3493 3724 3651 3775 Πνεύ-

275 3856 439 3914 ματος
458 3856 551 3889 και
606 3833 886 3905 ἀπολογίαν
942 3834 1060 3886 ἔθου
1116 3832 1261 3905 παρά
1300 3833 1389 3887 τὴν
1449 3826 1723 3902 βασιλείαν
1770 3846 1892 3901 μου,
1949 3828 2032 3879 ὅτε
2083 3828 2113 3884 ἡ
2173 3824 2438 3897 ἀγίωτάτη
2490 3828 2582 3876 τοῦ
2655 3828 2789 3875 Θεοῦ
2868 3821 3065 3894 μεγάλη
3095 3821 3107 3843 ’
3162 3818 3434 3876 Εκκλησία
3485 3812 3651 3873 οὕτως

280 3930 494 3983 σούεται
526 3923 811 3999 [συνίει-αι]
854 3926 973 3997 περὶ
1029 3929 1126 3983 τῆς
1174 3918 1529 3992 ἐκπορεύσεως
1577 3924 1669 3970 τοῦ
1737 3915 1891 3988 ἁγίου
1942 3918 2256 3987 Πνεύματος,
2315 3916 2384 3975 ὡς
2433 3912 2492 3966 οὐ
2545 3916 2697 3985 μόνον
2737 3909 2793 3963 ἐκ
2840 3917 2932 3965 τοῦ
2982 3913 3186 3986 Πατρός
3237 3912 3352 3979 ἔχει
3425 3907 3513 3961 τὴν
3570 3898 3650 3952 ἑκ-

281 4036 554 4092 πορινσιν,
585 4013 716 4068 ἀλλὰ
733 4017 823 4065 καί
852 4011 906 4065 ἐκ
931 4018 1025 4064 τοῦ
1058 4011 1201 4075 Υἰοῦ,
1235 4008 1572 4080 ἀπολογεῖταί
1599 4027 1684 4061 σοι
1713 4008 1744 4065 ἡ
1804 4005 2051 4079 βασιλεία
2087 4024 2188 4078 μου
2258 4005 2337 4057 ὅτι
2404 4004 2434 4062 ἡ
2501 4001 2619 4055 καθ’
2686 4002 2822 4074 ἠμᾷς
2884 3998 3146 4073 ἁγιωτάτῃ
3238 4002 3331 4050 τοῦ
3390 3991 3524 4048 Θεοὺ
3561 4009 3648 4063 με·

283 4106 415 4180 γάλη
453 4104 758 4170 Ἐκκλησία,
785 4103 959 4165 καθώς
1025 4100 1221 4173 μέλλεις
1269 4102 1526 4170 γνωρίσαι
1586 4095 1640 4150 ἐκ
1706 4104 1808 4148 τῶν
1872 4099 2142 4170 κατωτέρω
2189 4094 2559 4166 ῥηθησομένων
2612 4090 2877 4164 ἐγγράφων
2949 4095 3248 4164 μαρτυριῶν
3322 4088 3412 4137 καί
3445 4084 3648 4157 ῥήσεων

281 4195 649 4269 εὐαγγελικὼν,
743 4196 802 4246 τὸ
919 4198 1130 4263 Πνεῦμα
1179 4192 1236 4241 τό
1335 4187 1482 4260 ἆγιον
1573 4186 1628 4239 ἐκ
1666 4193 1758 4241 τοῦ
1798 4189 2005 4259 Πατρός
2047 4189 2137 4237 καί
2165 4188 2324 4256 μόνον
2351 4181 2723 4255 ἐκπορεύεσθαι
2754 4176 3084 4253 δογματίζει,
3118 4177 3174 4230 ἐκ
3197 4184 3289 4230 τοῦ
3317 4174 3443 4228 Υἰοῦ
3474 4167 3534 4223 δέ
3556 4169 3650 4222 οὐκ

279 4286 660 4361 ἐκπορεύεσθαι
706 4287 796 4356 μέν
845 4285 1028 4355 φαμεν,
1093 4276 1189 4332 διὰ
1224 4286 1317 4332 τοῦ
1365 4278 1488 4331 Υἱοῦ
1552 4275 1612 4331 δὲ
1660 4276 2018 4353 χορηγεῖσθαι
2070 4276 2196 4343 ἡμῖν
2261 4276 2387 4348 πρὸς
2451 4273 2710 4346 κάθαρσιν
2759 4274 2851 4321 καί
2901 4268 3184 4341 ἁγιασμόν,
3224 4269 3314 4319 καί
3342 4262 3651 4333 πιστεύομεν

277 4382 371 4431 καί
403 4373 713 4447 δοξάζομεν
739 4372 797 4433 ἃς
843 4368 911 4429 δὴ
979 4374 1212 4443 χρήσεις
1268 4365 1612 4439 ἀναλεξαμένη
1670 4368 1701 4425 ἡ
1756 4364 2003 4439 βασιλεία
2057 4384 2156 4438 μου
2209 4366 2500 4435 συντόμως,
2558 4368 2622 4433 τῇ
2685 4367 2751 4432 σῇ
2815 4360 3171 4435 παρατιθησιν
3222 4356 3468 4432 ἱερότητι·
3526 4348 3655 4422 ’Ἃρ-

277 4485 440 4540 χεται
471 4462 531 4517 δὲ
551 4463 606 4515 ἐκ
636 4468 731 4524 τῆς
771 4460 1143 4519 αὖτοαληθείας
1173 4458 1355 4518 αὐτῆς·
1418 4456 1572 4510 καλὸν
1633 4476 1732 4529 γαρ
1785 4458 1837 4508 ἐκ
1887 4460 2022 4507 Θεοῦ
2091 4453 2139 4506 τ’
2183 4452 2472 4527 ἄρχεσθαι,
2522 4453 2613 4503 καί
2675 4453 2743 4511 είς
2792 4451 2921 4502 Θεὸν
2975 4447 3336 4501 ἀναπαύεσθαι
3394 4440 3446 4495 ‹‹”
3514 4450 3652 4496 Οταν

280 4554 343 4610 δε
364 4554 487 4612 ἢθη
512 4555 537 4606 ό
559 4551 902 4626 Παρακλητος
929 4551 983 4603 ὃν
1012 4551 1114 4620 εγὼ
1136 4547 1327 4621 πέμψω
1347 4547 1468 4620 ὑμῖν
1502 4568 1530 4597 η
1589 4545 1783 4616 Pergit
1841 4543 1895 4601 d1

2037 4559 2126 4616 ips
2182 4539 2628 4599 illustrissimus
2686 4541 2896 4596 auctor
2946 4537 3117 4595 varia
3165 4550 3353 4593 sacrae
3394 4535 3652 4608 Scriptu-

278 4661 364 4703 rae
394 4644 531 4701 loca
556 4624 937 4716 plurimaque
963 4638 1065 4696 SS.
1100 4641 1339 4694 Patrum
1371 4636 1714 4693 testimonia
1741 4634 2029 4708 proferre,
2054 4646 2193 4706 quas
2222 4629 2470 4704 quidem
2499 4631 2673 4686 acute
2699 4627 2848 4685 satis
2869 4641 3083 4700 urgere
3121 4624 3288 4684 solet.
3340 4626 3452 4698 (De
3512 4624 3654 4682 aliis

281 4738 472 4793 Ducce
499 4733 742 4803 scriptis
768 4730 899 4787 vide
923 4729 1204 4786 notitiam
1225 4726 1463 4792 Allatii,
1496 4724 1727 4797 supra.)

355 4860 440 4935 (tt)
479 4857 646 4931 Συνοψ
678 4853 889 4932 ὃιαφορ·
919 4854 1112 4930 Ἰστορ.
1140 4860 1196 4909 Ρ.
1232 4850 1354 4926 φκέ.

1959 5017 3662 5047 ..η-..Μ

283 5033 1956 5063 ____________.___._____......_____.__.

934 5203 1079 5291 DE
1163 5197 1731 5305 SEQUENTE
1813 5142 2421 5284 OPUSCULO‘
2475 5186 3017 5280 MONITUM.

1362 5380 1494 5450 Mai,
1537 5377 1680 5436 Bibl.
1713 5392 1851 5435 nov.
1894 5376 2158 5449 Patrum,
2193 5376 2288 5444 VI,
2331 5373 2400 5442 II,
2441 5373 2589 5444 258).

306 5721 315 5730 .
362 5645 814 5719 Suprascriptis
833 5642 1241 5723 episcoporum
1265 5642 1579 5701 Heraclea
1596 5645 1653 5698 et
1670 5639 1843 5729 Tarsi
1858 5634 2502 5730 commentariis.breve
2514 5631 2685 5690 aliud
2702 5630 2858 5703 regii
2875 5629 3141 5688 auctoris
3159 5629 3336 5699 longe
3358 5624 3658 5730 recentius

288 5711 946 5811 proximesubteximus
958 5711 1427 5821 liancprwcipue
1441 5729 1512 5788 ob
1524 5722 1789 5797 causam,
1807 5716 1951 5800 q'ut'a
1979 5718 2274 5798 ejusmodi
2290 5724 2582 5795 scriptum
2603 5726 2686 5780 cst
2699 5726 2765 5779 ut
2777 5719 3016 5779 nonnisi
3033 5731 3233 5792 graece
3255 5711 3661 5774 exhibendum

76 6270 129 6293 17:
230 6278 241 6297 λ
284 6300 411 6323 νένᾟιι,

24 6240 411 6400 m3“:

268 6368 355 6400 ρει-δη
370 6388 381 6391 .,
