4090 6400
485 280 592 336 763
1873 281 2234 341 THEODORI
2269 284 2318 338 II
2353 285 2491 340 IMP.
3753 280 3860 335 764

483 403 942 475 videatur;quia
951 405 1293 462 nominibus
1307 407 1537 464 scilicet
1551 408 1886 477 praesertim
1899 409 2235 477 compositis
2249 412 2438 464 totum
2458 412 2692 464 constat
2704 421 2837 476 quae
2852 405 3044 461 latine
3071 418 3342 472 expressa
3353 418 3475 460 non
3501 404 3861 474 elegantiam

489 493 921 559 tantummodo,
944 507 1152 549 verum
1163 498 1342 551 etiam
1355 497 1472 552 vim
1501 511 1655 565 saepe
1683 510 1847 552 suam
1868 497 2217 553 viderentur
2247 498 2521 554 amittere
2537 503 2644 552 aut
2657 495 2994 565 infringere
3009 494 3108 563 (a).
3133 495 3390 550 Locutus
3402 497 3484 549 est
3511 491 3561 548 Α
3575 493 3860 550 llatiusin

481 581 852 651 praecedente
863 581 1280 640 dissertatione
1297 602 1354 639 η.
1375 584 1669 641 CXXXII
1679 586 1750 642 de
1773 585 1992 641 inedito
2004 601 2171 655 Opere
2193 586 2486 643 Theodori
2485 586 2753 656 junioris
2766 585 2952 640 Ducas
2979 584 3254 640 Lascaris
3265 584 3432 652 imp.,
3457 583 3521 638 id
3533 587 3618 640 est
3635 582 3708 638 de
3732 585 3862 652 ejus

485 670 798 740 theologia:
827 669 1196 729 Christianas
1217 673 1387 729 libris
1419 680 1658 744 septem;
1681 675 1788 745 qui
1811 680 2009 732 tamen
2040 690 2248 745 reapse
2273 681 2403 731 octo
2429 681 2591 744 sunt,
2622 680 2689 729 ut
2709 673 2864 729 idem
2894 673 3152 729 Allatius
3175 674 3240 728 in
3261 687 3434 740 opere
3453 671 3529 728 de
3567 686 3861 728 consensu

486 758 1062 816 col.722correctius
1100 763 1362 832 scripsit.
1396 765 1565 819 Dixit
1594 765 1775 820 etiam
1788 764 1862 820 de
1889 763 2090 820 codice
2120 767 2246 821 Vat.
2279 765 2436 821 1113.
2469 779 2639 836 quem
2662 778 2764 833 ego
2793 777 2991 830 nuper
3017 761 3358 832 observans,
3389 761 3538 818 satis
3584 762 3859 818 lacerum

483 848 746 918 comperi
758 854 816 904 et
843 849 1093 907 madore
1115 858 1488 922 corruptum.
1506 854 1694 909 Porro
1717 853 1902 924 hujus
1917 856 2067 925 regii
2093 853 2354 924 theologi
2373 854 2503 925 (qui
2519 853 2836 922 imperavit
2870 852 3094 908 Niccete
3113 851 3184 906 ab
3217 865 3380 908 anno
3408 850 3539 906 t255
3576 850 3659 906 ad
3693 850 3862 924 1259)

487 952 675 993 unum
687 938 895 994 saltem
907 953 983 995 ea:
1003 944 1132 995 octo
1146 941 1313 996 libris
1325 940 1490 999 edere
1499 943 1824 1008 constituit,
1856 958 1892 1014 q
1904 944 1968 997 ui
1979 958 2112 1012 pro?
2134 945 2366 1000 cteteris
2383 934 2732 1011 censpicuus
2746 955 3046 1011 sanusque
3057 941 3121 995 in
3150 939 3350 996 codice
3373 945 3482 1004 est;
3502 945 3558 996 et
3575 939 3683 1010 qui
3699 938 3860 996 hanc

490 1031 650 1082 certe
659 1027 985 1084 utilitatem
994 1029 1238 1096 prabet,
1253 1036 1320 1085 ut
1335 1031 1604 1087 Pollucis
1627 1031 2040 1087 Onomasticon
2055 1045 2126 1087 ac
2140 1032 2495 1102 Dionysium
2515 1032 2602 1088 De
2612 1030 2831 1086 divinis
2847 1028 3204 1092 nominibus,
3216 1033 3273 1085 et
3298 1042 3498 1099 graeca
3529 1028 3860 1098 generatim

492 1115 1032 1185 lexica,permultis
1048 1118 1352 1174 vocabulis
1367 1120 1841 1191 locupletet,quae
1851 1122 2235 1190 grammatici
2249 1121 2483 1176 curiose
2493 1118 2887 1176 adnotabant.
2917 1118 3151 1174 Titulus
3168 1117 3436 1174 universi
3446 1117 3641 1187 operis
3657 1122 3742 1174 est
3754 1121 3861 1170 Τοῦ

492 1206 798 1276 σογιιτάτου
857 1203 1117 1278 βασιλέως
1175 1214 1340 1283 κυροᾶ
1396 1205 1674 1281 Θεοδώρου
1730 1212 1900 1262 Δούκα
1943 1217 2036 1262 τοῦ
2091 1210 2337 1282 Λοξσκαρι
2412 1216 2794 1283 Χριστιανικῆς
2855 1206 3121 1278 θεολογίας
3201 1205 3344 1278 λόγοι
3409 1206 3570 1259 ὐκτώ.
3651 1206 3866 1266 Quarti

489 1299 690 1351 autem
723 1294 866 1352 libri
882 1296 989 1352 ille
1019 1301 1106 1352 est
1139 1298 1375 1363 titulus,
1403 1313 1577 1369 quem
1598 1300 1662 1356 in
1702 1305 1911 1354 nostra
1939 1299 2196 1356 editione
2223 1313 2360 1354 mox
2383 1299 2769 1368 proferimus.

558 1419 638 1490 (α)
667 1417 995 1491 Prologum
1023 1425 1231 1478 tamen
1264 1421 1465 1478 Latine
1491 1423 1796 1480 vertimus.
1842 1425 1994 1479 Eon.
2038 1427 2206 1480 Pun.

1539 1743 1716 1808 ΤΟΥ
1769 1742 2311 1808 ΣΟΦΩΤΑΤΟΥ
2365 1741 2821 1808 ΒΑΣΙΛΕΩΣ

691 1923 1455 2098 ΚΥΡΟΥ
1529 1919 2772 2100 ΘΕΟΔΩΡΟΥ
2860 1921 3640 2096 ΔΟΥΚΑ

1538 2227 1879 2346 ΤΟΥ
2021 2225 2820 2346 ΛΑΣΚΑΡΙ

1095 2473 1487 2563 ΛΟΓΟΣ
1562 2476 2144 2564 ΤΕΤΑΡΤΟΣ
2220 2475 2491 2563 ΠΕΡΙ
2567 2473 3262 2567 ΘΕΩΝΥΜΙΑΣο

1789 2764 2046 2834 REGIS
2094 2762 2576 2833 DOCTISSIMI

955 2978 1646 3118 DOMINI
1736 2980 2708 3120 THEODORI
2805 2973 3377 3116 DUGXE

893 3258 1320 3354 SERMO
1389 3260 1988 3372 QUARTUS
2045 3259 2210 3354 DE
2278 3259 2990 3356 NOMINIBUS
3059 3257 3541 3353 DIVINIS

555 3555 788 3610 Numen
816 3553 1086 3612 divinum
1117 3573 1254 3613 cum
1276 3557 1550 3630 diversis,
1580 3562 1708 3614 tum
1746 3574 1869 3615 non
1891 3557 2138 3631 explici-

2315 3556 2463 3610 ’Ππεὶ
2521 3553 2580 3609 δὲ
2635 3560 2694 3608 τὸ
2746 3564 2897 3611 Θιῖον
2949 3546 3080 3628 μετὰ
3131 3563 3231 3608 τῶν
3284 3553 3447 3606 ἄλλων
3495 3552 3858 3624 πολυωνύμως

485 3642 558 3698 tis
575 3643 924 3700 nominibus
955 3647 1310 3720 appellatur,
1349 3648 1517 3721 quod
1548 3648 1793 3720 quidem
1824 3649 1981 3704 illius
2009 3663 2137 3704 ma-

2247 3648 2336 3697 καὶ
2399 3647 2664 3718 άνονύμως
2729 3646 3059 3719 ὀνομάζεται·
3119 3653 3272 3697 τοῦτο
3321 3645 3424 3717 γὰρ
3491 3649 3584 3702 τῆς
3660 3645 3864 3694 ἐκείνου

479 3731 683 3803 jestati
713 3736 770 3788 et
795 3738 1027 3791 naturae
1067 3737 1336 3810 mysticae
1367 3753 1437 3793 ac
1459 3737 1794 3794 celsitudini
1824 3737 2136 3810 proprium

2248 3735 2638 3807 μεγαλειότητος
2677 3741 2766 3788 καὶ
2812 3743 2908 3798 τῆς
2963 3738 3258 3809 ὑπερφυοῦς
3307 3749 3730 3807 κρυφιομυστιας
3767 3735 3864 3784 καὶ

485 3823 593 3877 est.
616 3823 694 3878 Ea
727 3823 888 3880 enim
915 3840 1011 3880 res
1031 3826 1108 3882 ad
1134 3828 1343 3884 omnia
1369 3843 1507 3899 quae
1539 3833 1680 3884 sunt
1719 3832 1966 3900 spectat,
2026 3841 2136 3881 nec

483 3912 690 3966 tamen
719 3927 930 3969 eorum
949 3929 1086 3986 quae
1126 3921 1284 3980 sunt,
1312 3916 1391 3971 ‘in
1441 3932 1696 3972 numero
1752 3921 1857 3972 est.
1896 3918 2138 3987 Oportet

483 4000 662 4071 igitur
689 4017 803 4058 nos
829 4003 902 4058 de
934 4003 1060 4075 ejus
1089 4005 1438 4062 nominibus
1467 4021 1576 4078 pro
1610 4005 1758 4061 virili
1801 4011 1969 4077 parte
2019 4004 2136 4060 dis-

485 4105 700 4161 serere,
727 4105 850 4147 non
879 4091 958 4148 ad
979 4108 1246 4162 unguem
1268 4109 1431 4164 vero,
1463 4093 1578 4152 hoc
1625 4095 1784 4150 enim
1837 4094 1965 4150 ﬁeri
2013 4109 2137 4149 non

483 4182 700 4250 potest;
764 4195 876 4235 nec
920 4180 1088 4252 prius
1136 4182 1297 4238 dicta
1361 4183 1688 4254 repetenda
1737 4190 1896 4248 sunt,
1970 4183 2136 4256 quod

483 4265 865 4323 fastidiosum
884 4269 1053 4334 foret;
1078 4286 1187 4326 nec
1212 4270 1634 4343 diversimode,
1669 4272 1774 4328 sed
1799 4272 2136 4328 secundum

486 4354 1037 4428 ejuspraascriptum
1049 4374 1119 4414 ac
1133 4358 1520 4416 voluntatem.
1538 4361 1718 4430 Igitur
1747 4377 1818 4416 ex
1848 4360 2135 4433 operibus

486 4446 620 4513 ejus
659 4443 877 4500 divinis
920 4447 1021 4502 Dei
1071 4448 1387 4520 qualitates
1432 4449 1886 4506 abstrahamus.
1948 4453 2138 4507 Omne

487 4531 646 4587 enim
664 4532 828 4604 quod
849 4534 994 4590 ﬁtin
1025 4537 1256 4593 mundo
1286 4553 1323 4593 a
1345 4541 1462 4594 Deo
1499 4540 1680 4608 venit,
1731 4545 1788 4596 et
1841 4540 2136 4614 quidquid

485 4619 562 4676 de
593 4623 713 4678 Deo
733 4623 911 4686 venit,
945 4625 1302 4683 miraculum
1329 4634 1440 4695 est;
1469 4645 1649 4684 omne
1672 4635 1874 4685 autem
1915 4630 2137 4686 mirum

486 4709 688 4766 divino
705 4712 932 4769 honore
959 4714 1253 4773 afﬁciatur
1277 4733 1519 4772 necesse
1540 4723 1644 4773 est.
1696 4721 1979 4788 Magnum
2032 4720 2138 4789 igi-
2167 4725 2205 4778 Β

487 4803 582 4854 tur
612 4802 800 4857 Deum
832 4804 1165 4860 secundum
1216 4805 1730 4862 manifestationes
1781 4809 1910 4879 ejus
1946 4810 2136 4865 nomi-

485 4889 790 4957 nabimus,
818 4908 943 4948 non
971 4898 1176 4950 tamen
1206 4911 1237 4950 e
1261 4895 1611 4951 nominibus
1633 4903 1914 4953 naturam
1965 4916 2138 4956 mon-

485 4985 761 5048 strantes,
786 4986 892 5038 aut
917 4999 990 5038 ex
1018 4984 1394 5040 innominato
1423 4985 1544 5040 vim
1579 4987 1985 5058 praedicando.
2031 4990 2139 5046 sed

483 5086 653 5127 mera
681 5071 931 5128 nomina
956 5079 1347 5144 exponentes.
1381 5074 1440 5129 id
1483 5080 1713 5131 tantum
1775 5084 2021 5145 agentes
2078 5085 2140 5136 ut

484 5175 624 5215 eum
652 5176 792 5216 cum
823 5161 1010 5217 Paulo
1061 5163 1336 5234 apostolo
1385 5165 1657 5221 omnium
1707 5169 2024 5224 Dominum
2068 5186 2139 5226 ac

479 5248 708 5303 nemini
732 5248 1074 5318 subjectum
1106 5249 1511 5306 declaremus.

2246 3832 2340 3887 τῆς
2417 3827 2734 3900 ὑπερφιροῦς
2795 3843 2849 3877 τε
2929 3824 3315 3897 λαμπαότητος,
3389 3817 3570 3879 ἐπειδή
3641 3823 3865 3893 μετ-εχει

2246 3915 2451 3966 πάντων
2515 3923 2615 3966 τῶν
2685 3917 2862 3983 ὄντων,
2925 3918 3016 3966 καὶ
3086 3909 3238 3966 οὐδὲν
3302 3920 3402 3964 τῶν
3459 3914 3620 3962 ὄντων
3687 3913 3860 3963 ἐστίν·

2247 4005 2448 4075 ἀνάγκη
2498 4008 2646 4056 πᾶσα
2691 4008 2782 4055 καὶ
2828 4008 2947 4077 περὶ
2985 4011 3085 4055 τῶν
3133 4002 3294 4054 αὐτοῦ
3342 4001 3606 4073 ὀνομάτων
3664 3996 3864 4053 διαλα-

2247 4091 2353 4145 ϐεῖν
2408 4094 2549 4165 ἡμᾶς
2595 4095 2716 4144 ὅσον
2776 4112 2834 4164 γε
2877 4089 3115 4163 δυνατόν,
3168 4091 3227 4143 οὐ
3281 4093 3450 4147 πάντη
3515 4085 3575 4141 δε
3621 4089 3861 4143 πάντων,

2244 4188 2399 4233 τοῦτο
2452 4183 2554 4254 γὰρ
2594 4185 2684 4232 καὶ
2734 4177 3006 4233 ἀδύνατον·
3059 4177 3301 4252 οὐδαμῶς
3343 4175 3402 4231 δὲ
3458 4186 3558 4230 τῶν
3602 4173 3863 4249 μηδενός,

2245 4278 2398 4323 τοῦτο
2427 4272 2529 4345 γὰρ
2560 4274 2776 4342 ὀκνηρόν
2824 4269 2951 4321 ἀλλὰ
2993 4272 3051 4322 τό
3099 4272 3189 4342 μὲν
3221 4273 3308 4335 ὥς,
3337 4273 3396 4320 τό
3432 4265 3482 4320 δ’
3514 4269 3578 4328 ὡς
3603 4270 3685 4318 οὔ*
3717 4271 3867 4320 κατὰ

2245 4365 2341 4418 τήν
2369 4360 2556 4411 ἐκείνου
2589 4359 2876 4434 πρόσταξιν
2903 4378 2956 4411 τε
2989 4363 3080 4410 καὶ
3117 4358 3342 4416 θέλησιν·
3377 4353 3464 4409 διό
3490 4360 3581 4407 καὶ
3629 4357 3726 4417 τοὶς
3806 4357 3864 4409 ἐκ

2247 4458 2346 4500 τῶν
2401 4448 2760 4521 ἐνεργημάτων
2810 4446 3002 4499 ἐκείνου
3057 4449 3348 4520 θεοσημιων
3423 4444 3692 4520 ἁνεργείας
3727 4443 3864 4498 ἁνα-

2245 4536 2543 4609 λαϐομενοςο
2573 4543 2674 4589 πᾶν
2698 4539 2801 4611 γὰρ
2862 4540 2922 4589 τό
2981 4540 3245 4608 ’γινόμενον
3298 4536 3434 4587 κατά
3494 4538 3693 4606 κόσμον
3747 4536 3864 4588 θεό-

2250 4630 2330 4680 θεν
2358 4626 2611 4688 ἐστίοκριὶ
2638 4633 2740 4679 πᾶν
2788 4629 2847 4678 τὸ
2904 4628 3093 4694 Θεόθεν,
3168 4627 3346 4698 θαῦμὰ
3396 4623 3530 4676 ἐστι’
3596 4628 3688 4676 καὶ
3750 4631 3860 4678 πᾶν

2251 4718 2427 4788 θαῦμα
2453 4712 2800 4778 θεοδόξαστον
2857 4718 3092 4789 ὑπάρχει
3142 4734 3196 4768 τε
3247 4719 3338 4766 καὶ
3397 4712 3707 4786 σεϐάσμιον·
3766 4719 3858 4766 τόν

2248 4810 2409 4878 μέγαν
2441 4809 2568 4858 Θεὸν
2598 4810 2687 4857 καὶ
2747 4805 3031 4877 σεϐάσμιον
3079 4804 3133 4856 ἐκ
3202 4813 3295 4866 τῆς
3354 4812 3452 4855 τῶν
3492 4805 3857 4878 ἐνεργημάτων

2248 4898 2432 4947 τούτου
2498 4897 2783 4966 θεοσημὶας
2856 4894 3176 4966 ὀνομάσομεν
3256 4896 3380 4945 ὡσεὶ
3466 4889 3716 4964 δύναμις,
3795 4892 3856 4944 οὐ

2250 4983 2540 5046 δεικνύντες
2570 4984 2624 5037 ἐκ
2653 4994 2750 5038 τῶν
2801 4985 3063 5056 ὀνομάτων
3124 4989 3217 5041 τὴν
3271 4986 3427 5055 φύσιν
3478 4983 3608 5055 οὐχὶ
3660 4985 3858 5058 κηρύτ-

2248 5095 2412 5136 τοντες
2449 5075 2501 5126 ἐκ
2532 5083 2622 5127 τοῦ
2673 5073 2938 5146 ἀνωνύμου
2992 5078 3085 5131 τὴν
3142 5070 3389 5144 δύναμιν,
3450 5070 3555 5124 ἀλλ’
3627 5071 3856 5133 εἰπόντες

2246 5167 2313 5218 τὰ
2371 5165 2620 5238 ὀνόματα,
2683 5163 2777 5226 ἔξω
2861 5172 2962 5215 τῶν
3017 5163 3279 5235 ὀνομάτων
3371 5161 3852 5234 χαταλιμπάνομεν·

2248 5261 2338 5307 καὶ
2399 5253 2740 5326 συστέλλομεν
2768 5253 2816 5305 ἐν
2873 5261 2988 5316 ταῖς
3038 5253 3234 5315 λέξεσιν
3299 5249 3456 5326 ἕδραν
3545 5251 3855 5309 σὀνεκτιδὲὴν

484 5334 576 5389 τοῦ
629 5341 822 5398 παντὸς
870 5342 1046 5410 αὐτόν,
1087 5342 1155 5401 ὡς
1205 5342 1604 5414 ἀποφαινόμενοι
1648 5345 1817 5396 πάντα
1855 5344 1903 5396 ἐν
1943 5353 2100 5419 πᾶσι,
2156 5345 2294 5400 κατὰ
2333 5349 2420 5397 τόν
2452 5343 2674 5404 Παῦλον,
2715 5348 2838 5396 ὄντα
2865 5347 2950 5396 τόν
2999 5346 3207 5417 Κύριον,
3267 5347 3356 5394 καὶ
3422 5337 3704 5394 οὐδὲντῶν
3776 5345 3853 5392 ὅν-

485 5433 584 5476 τῶν
607 5427 870 5500 ὑπάρχον.

495 5503 502 5508 ’
546 5515 740 5585 Igitur
765 5520 1026 5584 centum,
1057 5518 1180 5573 imo
1241 5519 1401 5574 mille
1467 5525 1570 5577 aut
1625 5523 1825 5594 potius
1872 5524 2146 5581 innume-

2318 5527 2406 5577 Δτό
2441 5520 2790 5585 ἑκατοντάδας
2817 5542 2872 5575 τε
2920 5527 3011 5575 καὶ
3039 5516 3406 5594 χιλιοντάὸας,
3475 5522 3506 5578 ἢ
3543 5525 3633 5573 καὶ
3660 5522 3850 5592 μυριά-

483 5603 700 5692 rabilia
733 5605 987 5665 nomina
1029 5607 1430 5682 philosophia
1480 5615 1760 5670 strenuus
1802 5613 2141 5687 discipulus

2254 5627 2344 5676 κις·
2377 5609 2651 5687 μυριάδων
2705 5617 3006 5686 περιουσίας
3077 5612 3412 5685 ὀνομασμοὺς
3462 5611 3584 5686 εὕρῃ
3643 5631 3723 5674 τις
3769 5630 3848 5680 φι-
