2045 3199
117 148 169 176 7οό
176 152 178 154 ’

752 144 798 172 DE
809 142 942 172 DIVINTS
956 143 1160 172 NOMINIBUS.

1753 141 1807 171 7M

115 210 254 247 λομνήμων
275 212 321 236 καὶ
343 208 548 247 πεπαιδευμένος
580 210 729 246 φιλοσοφίᾳ,
758 209 827 245 εἴπερ
863 206 921 233 ἐπι-

981 206 1179 241 enumerabit,
1205 206 1379 235 mundanas
1411 205 1578 235 nativitates
1607 203 1806 233 recensendo.

118 258 250 286 στα-ταῶς
270 256 305 281 τὰ
323 254 348 281 ἰν
375 257 467 291 κόσμῳ
498 254 658 292 ἑξερςυνήσει
684 254 854 291 ἐνεργήματα·
871 251 921 287 ἐγὼ

118 298 149 326 δὲ
182 301 234 326 εἴτε
259 301 305 336 μὲν
329 299 466 336 ἐρευνήσας
494 300 607 337 εὑρήσω,
642 300 693 326 εἴτε
725 297 756 325 6":
781 298 850 324 κατὰ
873 299 921 325 τὴν

116 343 214 371 ἐκείνου
231 342 343 380 δύναμιν
367 344 391 370 ἐν
426 343 521 375 ἀνοίξει
552 348 598 370 τοῦ
631 346 760 380 στόματός
782 353 840 379 μου.
857 342 921 367 κατὰ

115 390 162 416 τὸν
181 388 283 415 Παῦλον
308 390 342 415 τὰ
367 390 402 420 ὡς
428 389 495 420 εἰκὸς
522 389 659 426 ἐρεύξομαι
679 388 800 421 εὐσεϐῶς,
823 387 852 412 οὐ
885 390 921 420 τῷ

117 433 222 471 ἀριθμῷ
240 433 376 470 μεγαλύνω
403 437 450 463 τὴν
475 434 586 471 εὕρεσιν,
612 436 670 460 οὔτε
699 435 743 469 μὲν
768 437 803 468 τῷ
828 431 924 459 ἐλλιπεῖ

117 477 257 511 δειλιάσω,
278 481 323 505 καὶ
356 480 400 505 τὸν
431 481 504 505 ὄκνον
534 479 587 510 ἄξω
614 477 749 514 ἐμπόθιον,
787 477 850 503 ἀλλὰ
875 478 922 505 τὴν

115 523 220 560 ἀγαθὴν
234 525 280 549 καὶ
295 524 455 559 μεσαιτάτην
482 521 544 549 ὁδὸν
567 521 694 560 βαδίσας)
718 524 750 553 ὡς
779 522 829 554 δεῖ,
855 523 923 548 κατὰ

114 571 164 598 τὴν
185 567 294 595 ἐνοῦσάν
311 578 356 604 μοι
371 570 452 605 χάριν
467 570 514 598 τὴν
530 568 557 600 ἐξ
583 567 690 601 ἐκείνου,
715 569 777 594 ὡσεὶ
799 566 920 602 δύναμις,

115 612 144 639 ἐκ
163 613 254 644 πάσης
273 617 405 651 γραφικῆς
428 617 518 648 πηγῆς
543 618 589 644 τῆς
619 612 688 643 ἐντος
711 622 737 638 τε
760 615 804 638 καὶ
824 616 870 640 τῆν
884 611 922 637 ἐκ-

114 659 169 691 τὸς,
206 658 220 688 ἦ
246 660 293 684 καὶ
321 659 354 684 τὰ
380 658 458 684 πλείω
489 657 620 693 ἐπιστήμη
649 657 759 687 εὐσεϐῶς
775 657 923 692 συντιθέμε-

115 712 170 735 νος,
185 701 355 739 τὰςρανίδας
384 704 492 738 σπόγγῳ
521 703 667 738 Πνεῦματος
692 703 759 728 θείου
789 701 922 736 ἀνιμησά-

117 755 206 782 pinos,
237 746 427 777 κατασταλάξω
457 745 504 772 διὰ
523 747 640 782 γλώττης
665 749 694 772 τὸ
716 746 820 782 γλύκιον
850 757 855 762 -
879 748 923 771 καὶ

117 791 335 827 ονοματοθετήσω
359 793 403 817 τὸν
427 791 584 827 ἀθεώρητον,
611 793 654 817 τὸν
687 793 770 819 πάντη
798 791 865 821 ξένον
882 790 923 815 ἀν-

118 837 241 873 θρωπίνῳ
253 839 290 870 τῷ
301 835 430 872 λογισμῷ,
463 838 506 861 τὸν
531 834 632 862 ἀνίὸεον
660 840 691 872 τῇ
719 836 852 867 αἰσθήσει,
880 836 923 860 τὸν

116 879 267 909 ἀνεννόητον
293 881 379 916 φύσει,
409 882 452 906 τὸν
483 881 612 917 ὑπερφυῆ,
641 881 684 906 τὸν
713 880 834 916 ὑπερθεον
853 889 859 895 ·
878 881 923 904 καὶ

115 928 193 951 τοῦτο
213 925 314 955 πάντως
330 925 367 955 εἰς
381 926 424 950 τὸν
438 924 518 950 αὐτοῦ
546 923 678 960 δοξασμόν
713 935 719 941 ·
746 924 858 949 ἐντεῦθεν
876 926 922 952 τὴν

115 971 161 1006 μὲν
176 969 274 1006 τόλμαν
306 968 436 1005 ἀμϐλύνας
457 968 503 995 ὃιά
521 973 567 995 τοῦ
585 969 703 1006 θάρρους,
727 971 754 994 τὸ
780 967 809 994 6";
829 969 923 1005 θάρρος

115 1017 303 1051 παρακινήσας
331 1013 363 1042 τῆ
402 1016 553 1050 προαιρέσει
589 1017 648 1050 περὶ
679 1015 817 1049 θεωννμίας
856 1013 923 1038 οὕτω

117 1058 183 1095 βοῶ,
206 1060 250 1085 τὸν
278 1063 324 1089 τῆς
362 1058 489 1089 εὐσεϐείας
515 1060 614 1095 καρπὸν
645 1062 699 1088 τοῖς
728 1057 858 1084 εὖσεϐέσιν
890 1059 924 1087 ὡς

116 1103 229 1141 ἀρίστην
258 1101 420 1129 πανδαισίαν
452 1104 616 1140 προθέμενος,
645 1104 692 1129 Διά
721 1106 796 1128 τοῦτο
826 1104 861 1138 μή
892 1106 922 1138 τῇ

975 251 1123 287 Equidem
1137 254 1188 280 aut
1200 260 1269 280 cum
1282 251 1362 279 illius
1376 250 1515 279 facultate
1529 251 1581 278 aut
1595 249 1626 278 in
1645 249 1707 277 oris
1720 256 1807 285 aper-

976 296 1065 329 tione,
1079 296 1155 324 sicut
1165 296 1285 330 Paulus,
1295 295 1401 324 laudes
1414 295 1535 323 meritas
1550 293 1766 331 pronuntiabo,
1779 295 1808 321 et

975 340 1197 376 impedimentis
1221 341 1336 369 evitatis
1365 340 1508 373 mediam,
1537 339 1665 374 ideoque
1691 338 1806 366 bonam

977 385 1056 413 viam
1069 393 1187 421 sequar,
1205 385 1370 413 secundum
1387 384 1605 412 inhabitantem
1621 376 1762 417 gratiam,
1776 383 1806 410 et

978 438 1064 459 sacra
1084 430 1235 466 Scriptura
1250 430 1326 457 duce
1341 431 1369 457 et
1390 429 1515 456 scientia
1541 429 1674 463 auspice,
1707 434 1805 455 rorem

977 478 1005 503 et
1018 477 1116 510 guttas
1128 475 1252 511 Spiritus
1264 474 1358 502 divini
1368 481 1425 509 ope
1437 481 1489 509 per
1497 473 1632 507 linguam
1641 471 1806 503 distillabo,

977 523 1006 548 et
1019 520 1134 547 vocabo
1148 528 1217 547 eum
1228 519 1280 555 qui
1295 518 1451 546 invisibilis
1464 520 1509 545 est
1521 519 1549 545 et
1572 515 1733 544 intellectui
1754 515 1808 543 hu-

976 573 1069 592 mano
1082 565 1278 598 inaccessum,
1296 572 1314 591 a
1327 563 1464 591 sensibus
1489 562 1632 594 alienum,
1663 567 1809 596 suprana-

976 610 1114 641 turalem,
1131 617 1196 636 vere
1213 608 1415 643 l)eum,idque
1430 606 1564 634 unicead
1574 606 1638 641 ejus
1659 605 1784 641 gloriam
1800 613 1806 638 ;

977 657 1005 682 et
1020 655 1062 682 sic
1077 654 1247 681 divinorum
1257 653 1414 680 nominum
1423 650 1600 679 celsitudine
1611 650 1686 678 ﬁsus
1699 657 1805 677 vocem

978 707 1077 726 meam
1090 698 1171 732 tollo,
1188 701 1216 725 et
1228 697 1343 733 pietatis
1367 696 1496 724 fructum
1509 695 1567 731 piis
1589 694 1684 730 dapes
1705 693 1804 722 lautas

978 743 1080 771 offero.
1096 743 1177 770 Hanc
1193 742 1232 770 ob
1248 749 1371 769 causam
1392 741 1443 777 qui
1465 739 1546 774 legit,
1575 747 1637 767 non
1653 738 1752 767 solum
1765 738 1809 765 in-

979 788 1057 823 genii
1071 795 1199 815 acumen
1215 786 1378 821 augebit,ai
1392 785 1435 812 rei
1446 784 1677 819 profunditatem
1697 784 1807 810 scrute-

978 836 1026 860 tur
1037 835 1064 860 et
1075 831 1242 860 secundum
1258 831 1332 858 vires
1346 831 1485 865 exponat.
1499 828 1556 857 Sed
1570 827 1729 856 nominum
1743 825 1807 854 illo-

944 885 963 911 B
977 886 1045 905 rum
1058 876 1242 911 signiﬁcatus
1256 875 1346 903 aliam
1362 875 1451 902 etiam
1463 874 1525 901 vim
1535 873 1635 901 habet.
1649 873 1713 900 Non
1726 870 1806 899 enim

979 922 1098 951 fortuito
1112 921 1253 956 imposita
1266 922 1343 951 sunt,
1357 919 1410 946 sed
1424 918 1583 954 qualitates
1593 916 1703 944 divinae
1716 916 1807 950 maje—

979 967 1046 994 stati
1064 966 1243 993 inhaerentes
1254 964 1398 991 indicant.
1412 963 1483 989 Hinc
1496 969 1573 997 opus
1587 963 1735 991 uestrum,
1747 967 1809 986 ma-

978 1012 1060 1039 xima
1067 1018 1136 1037 cum
1143 1009 1250 1045 pietate
1259 1004 1627 1039 inchoatum,hominibus
1635 1003 1691 1040 piis
1707 1011 1742 1031 ac
1751 1005 1810 1031 stu-

979 1055 1073 1083 diosis
1090 1054 1228 1088 oblaturi,
1238 1053 1362 1089 Spiritus
1369 1051 1464 1079 sancti
1475 1049 1586 1078 auxilio
1594 1057 1629 1076 ac
1645 1047 1742 1083 gratia
1756 1047 1809 1075 rite

979 1100 1126 1128 invocatis
1146 1107 1215 1126 cum
1229 1097 1340 1125 ﬁducia
1350 1097 1430 1124 hunc
1440 1095 1471 1123 in
1483 1094 1607 1122 modum
1623 1093 1807 1121 exordimur.

116 1147 182 1180 λέξει
200 1150 278 1183 μόνον
307 1149 319 1173 6
345 1147 530 1183 ἀναγινώσκων
553 1152 598 1174 τοῦ
624 1149 681 1178 νοὸς
708 1147 817 1184 ἀργήσει
853 1150 899 1176 τὴν
927 1145 1050 1182 δύναμιν,
1085 1144 1138 1169 ἀλλ’
1163 1143 1288 1180 ἐρευνάτω
1310 1143 1338 1167 τὸ
1370 1140 1463 1177 βάθος,
1493 1140 1505 1168 ἡ
1541 1141 1586 1164 καὶ
1612 1137 1756 1173 ἐξηγείσθω
1780 1138 1810 1162 τὸ

117 1194 188 1219 κατὰ
210 1191 324 1228 δύναμιν

117 1237 235 1274 ὀνόματα
266 1238 404 1272 ἔγκεινται,
454 1237 509 1262 ἀλλ’
546 1237 674 1274 ἐνεργείας
708 1235 886 1265 ὑποδηλοῦσιν

354 1203 360 1209 ι
387 1194 444 1228 ἔχει
465 1191 494 1218 δὲ
521 1194 535 1221 ἡ
566 1197 615 1217 τῶν
645 1192 776 1228 ὀνομάτων
807 1193 928 1228 σημασία
945 1192 1032 1227 ἑτέραν
1057 1191 1115 1214 τινά
1139 1189 1273 1216 θειοτάτην

459 1237 509 1262 ἀλλ’
546 1237 674 1267 ἐνεργείας
708 1235 886 1265 ὑποδηλοῦσιν
928 1234 1115 1264 ύποὸεικτικὰς
1141 1237 1187 1263 τῆς
1223 1233 1293 1263 θείας
1320 1230 1517 1267 μεγαλειότητος
1544 1239 1549 1244 ·

1300 1197 1306 1203 ι
1327 1186 1356 1211 οὐ
1383 1187 1433 1221 γὰρ
1458 1184 1542 1214 ἁπλῶς
1571 1185 1616 1209 καί
1642 1183 1762 1217 τυχότως
1779 1181 1812 1206 τὰ

1581 1226 1628 1253 διὰ
1650 1230 1727 1252 τοῦτο
1753 1225 1812 1262 φιλ-

121 1281 241 1318 ευσιϐιίᾳ
268 1281 348 1318 πολλῇ
380 1283 408 1308 τὸ
451 1283 588 1317 σύνταγμα
617 1283 727 1317 θέμενοι,
756 1282 819 1317 πρὸς
862 1283 922 1311 τοὺς
961 1280 1138 1315 ἐπιστήμονας
1174 1280 1220 1303 καὶ
1259 1276 1390 1312 φιλοθέους
1417 1276 1463 1303 τὴν
1490 1275 1578 1310 κρίσιν
1605 1271 1813 1300 ἐπανατείναντες

119 1329 167 1356 τὴν
178 1330 226 1353 τοῦ
240 1327 389 1362 Πνεύματος
400 1325 481 1362 χάριν
499 1327 615 1357 ἰκετικώς
631 1325 864 1363 προσκαλούμενοι,
876 1326 941 1361 μετὰ
957 1324 1069 1361 θάρρους
1081 1326 1126 1349 καὶ
1138 1323 1287 1360 προθυμίας
1302 1321 1400 1346 οὑτωσὶ
1416 1318 1606 1356 ἀπαρχόμεθα.

155 1416 188 1442 θο
205 1417 270 1446 Θεὸς

121 1461 134 1486 6
152 1462 239 1497 πατὴρ
255 1464 305 1486 τῶν
317 1460 457 1495 οἰκτιρμῶν
473 1471 479 1476 -
495 1461 506 1485 6
533 1459 666 1495 φιλόκαλος
682 1470 687 1475 ·

294 1426 300 1432 ·
317 1417 330 1441 6
346 1415 486 1451 οἰκτίρμων
513 1427 519 1432 ·
531 1416 543 1441 ὁ
554 1417 614 1446 τοὺς
628 1415 794 1452 οἱκτίρμονας
809 1414 927 1450 ἀγαπῶν.

715 1460 727 1484 6
757 1458 899 1494 φιλάγαθος
921 1469 926 1474 ·

124 1506 138 1531 6
149 1504 359 1541 φιλόσπλαγχνος
374 1515 380 1520 -
398 1504 498 1535 ὀκαλὸς
513 1515 518 1520 ο
535 1505 547 1530 6
564 1503 660 1539 ἀγαθός
677 1515 683 1520 -
699 1505 711 1529 6
726 1503 906 1538 εὔσπλαγχνος
922 1513 928 1518 -

121 1550 135 1575 6
159 1549 232 1575 ἂεὼν
249 1559 255 1565 -
271 1550 283 1575 ὁ
299 1549 426 1579 ἐλεοποιός
442 1550 473 1574 -ο
502 1547 655 1584 ἐλεοὸοχεύς
678 1557 683 1563 ·
713 1549 725 1573 6
745 1550 860 1584 χορηγὸς
885 1551 929 1573 τοῦ

121 1586 227 1624 ἐλέουςσ
240 1594 253 1619 6
268 1592 341 1619 ἐλεῶν
364 1595 425 1624 τοὺς
439 1593 527 1625 ἀξίους
541 1605 546 1609 ·
560 1593 617 1619 καθ’
639 1594 665 1618 ὃν
686 1594 698 1618 6
724 1592 790 1622 ἑλεος
810 1603 816 1608 ·
844 1590 881 1618 δι’
903 1592 929 1617 ὃν

120 1638 212 1669 ὁέλεος
227 1649 233 1654 -
246 1636 283 1664 δι’
300 1638 330 1664 οὗ
344 1639 356 1663 6
371 1638 436 1668 ἕλεος
454 1649 460 1654 ε
481 1639 505 1664 ἐν
563 1639 575 1663 6
593 1637 660 1668 ἕλεος
678 1649 683 1654 ~
712 1639 724 1663 6
755 1636 858 1667 δίκαιος
884 1648 890 1652 -
917 1638 929 1662 6

122 1682 300 1715 δικαιοδότης
316 1685 347 1710 ·ό
363 1682 479 1715 δικάζων
493 1695 498 1700 “
512 1685 524 1709 6
541 1682 617 1713 δίκας
634 1685 702 1718 ᾱγων
716 1704 721 1710 .
748 1684 760 1708 6
785 1681 930 1712 καταδίκας

121 1729 226 1765 ἐπάγων
244 1740 250 1746 ·
267 1730 280 1755 6
307 1731 424 1765 φωτεινὸς
437 1740 442 1745 ·
469 1729 481 1754 ὀ
496 1727 648 1765 φωτοδότης
661 1739 666 1745 ⁸
679 1730 692 1753 6
719 1730 860 1764 φωτοποιος
887 1738 892 1743 ·
917 1728 929 1753 6

122 1775 267 1811 φωτάρχης
281 1784 288 1790 ·
305 1774 318 1799 6
333 1777 523 1810 φωταυγαστης

120 1820 182 1854 γεύς
196 1840 203 1846 .
225 1820 237 1845 6
252 1819 395 1854 τηλεφανὴς
417 1830 422 1834 -

120 1866 187 1900 μίας
198 1867 249 1889 τῶν
265 1863 370 1899 ἀγαθῶν
387 1861 550 1899 ὃωρημάτων
569 1874 574 1879 ·
592 1863 604 1888 6
627 1862 748 1893 ἀνίκητος
764 1873 768 1878 -
796 1863 808 1886 6

552 1784 558 1789 '
583 1775 594 1799 ὁ
623 1778 671 1799 τῶν
697 1783 786 1808 φωτων
802 1782 929 1809 παραγω-

441 1820 453 1844 6
467 1820 589 1855 πρύτανις
613 1829 619 1834 -
642 1819 654 1843 6
679 1819 819 1854 προνομεῦς
832 1828 837 1832 -
856 1819 868 1842 6
886 1826 930 1842 τα-

833 1871 931 1890 νικητι-

119 1910 164 1939 κός
182 1918 189 1924 ⁸
205 1909 361 1939 ὁνικοποιός
377 1919 383 1924 ι
399 1909 411 1933 6
426 1909 558 1945 νικάρχης
574 1918 579 1924 ’
597 1909 609 1933 6
623 1906 810 1937 vtxo6éaroro;
823 1917 828 1922 ·
850 1907 862 1931 6
885 1910 930 1936 τῆς

121 1951 204 1984 δόξης
216 1950 348 1983 δεσπότης
364 1961 370 1967 ³
384 1953 396 1978 6
412 1954 500 1990 κύριος
514 1957 562 1978 τῶν
579 1954 747 1989 κυριευόντων
772 1962 778 1967 ·

118 1996 178 2028 In);
205 2001 256 2023 τῶν
281 1996 472 2033 βασιλευόντων
506 2007 511 2013 ο
541 1997 553 2022 6
578 1999 640 2026 Θεος

809 1952 820 1976 6
850 1950 930 1986 βασι-

680 2000 728 2021 των
756 1995 930 2031 νομιζομένων

122 2043 184 2069 θεῶν
197 2053 203 2059 -
216 2043 229 2068 6
244 2043 351 2079 ὒεγχος
372 2047 421 2068 τῶν
445 2041 554 2070 δοκήσει
576 2052 582 2057 ”
602 2043 614 2067 6
641 2043 770 2077 συνίστωρ
799 2045 845 2070 τῆς
870 2039 931 2068 ἀλη-

121 2087 192 2117 θείαις
203 2098 210 2103 ·
225 2087 238 2113 6
250 2089 344 2124 κριτὴς
358 2088 370 2112 6
382 2086 623 2124 ἀπροσωποληπτος
640 2097 645 2102 ·

118 2141 191 2158 καστ
193 2141 220 2158 ον
245 2142 251 2148 ·

662 2088 690 2112 τὸ
717 2084 792 2121 βῆμα
810 2087 837 2110 τὸ
873 2083 932 2110 ἀὸεη

277 2132 289 2157 6
313 2131 439 2161 ἀλάθητος
460 2131 589 2167 ὀφθαλμὸς
615 2142 620 2147 ·
638 2132 665 2156 τὸ
676 2129 816 2166 πανδερκές
834 2131 906 2165 ὄμμα
923 2133 928 2138 ’

119 2176 133 2202 ὁ
148 2178 185 2202 ὧν
202 2195 209 2202 .
227 2177 240 2202 6
255 2177 373 2213 ἄναρχος
392 2197 397 2203 .
410 2177 422 2201 6
434 2175 552 2206 ἀναίτιος
568 2186 573 2191 ·
607 2176 620 2200 6
644 2175 788 2211 ἀθεώρητος
806 2185 811 2190 ·
835 2175 846 2199 6
869 2173 929 2208 ῦψι-
950 2173 971 2198 D
987 2171 1105 2200 ἀσώτους
1127 2169 1331 2204 ἀνακαλούμενος

121 2230 184 2251 στος
197 2231 203 2237 '
220 2221 233 2246 6
249 2220 434 2250 ἀκατάληπτος
451 2231 456 2236 ·
474 2221 487 2245 6
501 2219 695 2257 ἀπερίγραπτος
722 2230 726 2235 -
749 2220 761 2244 6
776 2220 907 2254 ἄγνωστος
922 2229 927 2233 ·

120 2267 135 2292 6
162 2265 269 2302 ἀσαφής
284 2276 290 2282 ·
306 2266 318 2291 6
336 2267 429 2296 σκότος
445 2267 514 2301 ἔχων
530 2265 676 2302 περικύκλῳ
698 2265 778 2290 αὐτοῦ
801 2276 806 2280 -
833 2266 861 2290 τὸ
884 2269 932 2294 τῆς

122 2310 301 2347 ἀγαθωσύνης
313 2310 397 2347 βάθος
414 2322 419 2326 ·
437 2312 451 2339 ἡ
473 2313 545 2346 πηγὴ
562 2314 611 2336 τῶν
635 2309 797 2346 δωρημάτων
814 2318 820 2324 “
850 2310 864 2337 η
882 2309 931 2334 αὑ-

121 2355 211 2386 τοζωή
225 2366 231 2372 ι
244 2356 259 2384 ἡ
275 2355 329 2385 ζωή
347 2366 352 2371 ·
369 2353 405 2381 δι’
424 2355 450 2381 ὃν
467 2356 493 2380 αἱ
508 2355 574 2385 ζωαί
592 2365 597 2370 ⁴
617 2353 652 2380 δι’
669 2354 698 2380 οὗ
712 2356 738 2379 αἰ
753 2354 818 2384 ζωαί
836 2365 841 2369 ·

121 2401 158 2427 τὰ
171 2401 258 2427 πάντα
269 2411 275 2416 ·
291 2401 303 2426 6
317 2399 497 2436 ἀμετάπτωτος
511 2401 587 2435 φύσει
599 2398 631 2426 .’ὁ
646 2400 772 2435 οἶτρεπτος
784 2402 815 2434 τῇ
831 2398 909 2434 οὐσίᾳ
925 2420 930 2425 .

680 2444 692 2468 6
708 2443 802 2473 τέλειος
818 2454 822 2458 -
840 2443 852 2468 6
866 2442 933 2468 τελε-

858 2353 891 2383 εἱς
905 2353 931 2379 ὃν

122 2446 136 2471 ὁ
163 2443 336 2475 ἀναλλοίωτος
364 2445 440 2480 φύσει
455 2455 461 2460 -
478 2445 490 2470 6
507 2444 639 2480 αὐτάρκης
656 2454 662 2459 ε

121 2490 306 2526 ταρχικόςιὸ
332 2490 486 2526 ὑπερούσιος
514 2499 521 2505 ο
546 2489 558 2514 6
583 2489 706 2525 ῦπέρθεος
731 2498 736 2504 ι
763 2489 775 2513 6
804 2488 933 2524 ὑπεράγα-

121 2535 169 2565 θος
187 2544 193 2551 ·
211 2535 223 2560 6
245 2535 390 2570 ὑπέρφωτος
407 2545 413 2550 ·
432 2535 444 2559 6
459 2533 622 2571 τηλεπρεπης
652 2544 657 2548 ·
684 2533 696 2558 6
727 2533 857 2569 ζωογορος
884 2542 890 2548 ·
920 2533 930 2558 6

120 2578 225 2609 ἐντελής
251 2590 257 2595 ·
293 2578 439 2609 ὁπλάστης
455 2589 461 2594 ·
484 2579 496 2604 6
521 2577 685 2614 δημιουργὸς
702 2588 707 2593 ·
725 2578 737 2602 6
768 2577 862 2612 γλυκὺς
891 2575 931 2602 ὃε-

684 2533 696 2558 6
727 2533 857 2569 ζωογορος
884 2542 890 2548 ·
920 2533 932 2558 6

122 2626 222 2659 σπότης
237 2634 243 2640 ·
260 2624 273 2650 6
303 2621 499 2660 πωλοὸομὴτωρ
526 2634 531 2638 -
551 2624 563 2648 6
577 2620 713 2658 ὑψιμέδων
730 2633 735 2638 -
753 2623 765 2647 6
790 2621 866 2652 ξένιος
884 2632 889 2637 ~
918 2622 929 2646 6

121 2661 207 2698 ἰκανός
224 2679 230 2684 -
244 2668 257 2693 6
271 2670 352 2704 μέγας
366 2678 373 2683 ·
393 2668 406 2693 ὁ
425 2667 538 2704 ἰσχυρός
556 2677 561 2682 ·
579 2667 591 2692 6
606 2666 780 2702 ίσχνροποιὸς
802 2677 806 2681 -
834 2666 846 2690 6
867 2664 931 2690 ἀθά-

120 2722 195 2745 νατος
213 2721 219 2728 ⁵
237 2713 309 2739 ὁτῶν
325 2714 402 2738 ὄντων
417 2712 589 2749 παραγωγεύς
604 2722 610 2727 ·
631 2712 643 2736 6
659 2715 707 2741 τῆς
730 2711 791 2741 ὕλης
819 2712 863 2735 καὶ
886 2714 931 2735 τοῦ

122 2754 209 2788 αδους
235 2757 348 2787 ἐνοποιός
373 2777 380 2785 .
404 2758 433 2782 τὸ
463 2755 605 2794 ἀρχέγονον
627 2756 690 2791 φάος
715 2766 721 2771 -
755 2756 769 2783 ἡ
786 2757 856 2790 πηγὴ
886 2758 931 2784 τῆς

122 2800 299 2842 ἀγαθωσύνης
322 2812 329 2818 ·
354 2802 369 2831 ἡ
399 2800 544 2837 πλημμύρα
568 2804 617 2825 τῶν
643 2797 806 2837 δωρημάτων
833 2810 838 2815 ·
855 2799 929 2824 οπο-

985 1414 1064 1449 ταμος
1090 1416 1135 1442 τῆς
1158 1411 1319 1448 εὐφροσύνης
1335 1420 1341 1425 ·
1370 1409 1382 1434 6
1408 1407 1469 1445 ῥοῦς
1493 1407 1506 1432 6
1535 1405 1639 1436 ἀένναος
1660 1408 1706 1434 τῆς
1745 1403 1814 1440 εὔερ-

985 1460 1075 1493 γεσίας
1093 1468 1098 1473 ·
1117 1458 1131 1486 ἡ
1154 1455 1225 1486 ἀκτὶς
1245 1456 1259 1484 ἡ
1281 1454 1352 1485 ἐκτός
1383 1451 1594 1480 ἀντανακλήσεως
1619 1449 1748 1484 θέλγουσα
1766 1458 1772 1464 ·
1794 1449 1809 1476 ἠ

1421 1499 1448 1523 τὸ
1473 1496 1583 1530 πέλαγος
1601 1498 1646 1524 τῆς
1675 1493 1811 1529 μακροθυ-

1496 1552 1501 1557 ·
1529 1540 1679 1570 ἀνεξίκακος
1699 1549 1705 1554 ·
1729 1539 1742 1563 6
1771 1547 1814 1573 με-

988 1504 1090 1537 σταγων
1112 1505 1159 1532 τῆς
1184 1499 1361 1535 ἀγαλλιάσεως
1389 1509 1394 1513 ·

986 1550 1049 1582 μίας
1067 1558 1072 1563 ·
1091 1548 1103 1572 6
1120 1546 1286 1582 μακροθνμος
1313 1555 1318 1560 ·
1350 1544 1362 1568 6
1383 1542 1465 1579 πραΰς

984 1596 1081 1617 τανοῶν
1094 1593 1136 1617 ἐπὶ
1164 1593 1270 1620 κακίαις
1292 1588 1451 1625 ἀνθρώπων·
1477 1587 1489 1611 6
1504 1587 1661 1621 πρωταίτιος
1678 1594 1683 1599 ·
1710 1584 1723 1611 ἡ
1745 1582 1814 1617 λάμ-

984 1637 1030 1672 ψις
1046 1639 1060 1665 ἡ
1077 1637 1170 1666 άσκιος
1196 1646 1201 1651 -
1227 1636 1239 1660 6
1253 1635 1399 1670 προνοητης
1414 1642 1419 1647 ·
1437 1632 1449 1656 6
1465 1633 1552 1667 ἔφορος
1572 1651 1577 1657 .
1601 1630 1613 1654 6
1629 1628 1787 1664 κυϐερνήτης
1805 1637 1810 1642 ·

985 1682 1085 1717 ὸλιμήν
1109 1685 1158 1706 τῶν
1185 1681 1381 1715 χειμαζομένων
1404 1685 1409 1691 ·
1440 1677 1454 1704 ἡ
1483 1675 1581 1710 γαληνη
1609 1677 1659 1699 τῶν
1687 1670 1816 1698 κλυδωνι-

1598 1729 1604 1734 ·
1626 1719 1640 1747 ἡ
1670 1717 1814 1752 ἐπιστροφὴ

1621 1763 1635 1791 ἡ
1666 1761 1770 1797 λαμπὰς
1799 1761 1814 1788 ἡ

1622 1817 1628 1823 ε
1651 1808 1679 1832 τὸ
1706 1805 1815 1831 ἀνέσπε-

1151 1727 1166 1754 in
1193 1724 1318 1759 ἀναψυχὴ
1346 1726 1396 1748 τῶν
1410 1719 1571 1756 ὁὸννομένων

1321 1768 1333 1793 6
1363 1764 1460 1796 οῖὸυτος
1482 1764 1554 1794 ἣλιος
1579 1771 1586 1778 ⁸

987 1728 1098 1762 ζομένων
1115 1737 1120 1741 ·

985 1776 1034 1798 τῶν
1071 1771 1267 1807 ἁμαρτανόντων
1290 1779 1295 1784 ·

985 1815 1111 1845 ἄσϐεστος
1127 1816 1157 1840 ὀ
1184 1812 1275 1842 διδοὺς
1303 1815 1353 1847 φῶς
1378 1814 1432 1841 τοῖς
1456 1809 1480 1835 ἐν
1507 1811 1594 1834 σκότει

1348 1855 1360 1880 6
1386 1853 1558 1889 γαληνοποιός
1588 1862 1594 1867 ”
1615 1852 1630 1879 ἡ
1658 1851 1813 1885 παγκρατὴς

984 1893 1091 1939 παλάμη
1109 1903 1144 1929 .6
1173 1899 1342 1935 παιδαγωγὸς
1367 1902 1415 1924 τῶν
1441 1897 1588 1925 αἰσθήσεων
1611 1906 1616 1911 ·
1640 1895 1655 1923 ἡ
1680 1893 1814 1930 βακτηρία

1451 1946 1497 1971 τῆς
1526 1940 1619 1977 ἀρετῆς
1646 1940 1658 1964 6
1684 1936 1814 1964 διδάσκαε

1634 1994 1639 1999 -
1662 1984 1674 2008 6
1701 1980 1816 2018 νομοδὸ-

985 1869 1028 1896 ρον
1046 1858 1118 1889 σέλας
1132 1869 1137 1874 ·
1163 1859 1175 1883 6
1191 1856 1301 1893 γαληνὸς
1319 1864 1325 1869 ’

985 1953 1032 1978 τῆς
1061 1947 1192 1977 ἀσθενείας
1218 1950 1264 1975 τῆς
1294 1946 1393 1979 φύσεως
1415 1953 1420 1958 ·

985 1992 1027 2022 λος
1044 2003 1049 2007 ”
1067 1996 1113 2021 τῆς
1127 1993 1218 2020 κακίας
1234 1991 1245 2014 6
1263 1988 1371 2023 ἔλεγχος
1402 1998 1408 2002 ·
1435 1987 1447 2011 6
1467 1985 1607 2021 νομοθέτης

985 2047 1029 2066 της
1043 2048 1048 2052 ~
1066 2038 1078 2062 6
1094 2035 1258 2072 νομοῖνῦλαξ-
1272 2034 1284 2058 6
1300 2032 1424 2061 σεϐαστός
1449 2039 1455 2046 ·
1485 2031 1497 2056 6
1524 2029 1639 2060 σεϐαζων
1671 2038 1677 2044 η
1706 2028 1718 2052 6
1742 2026 1817 2052 σεϐά-

987 2091 1061 2117 σμιος
1090 2092 1095 2097 ·
1124 2082 1138 2109 ἡ
1172 2078 1233 2110 ὁδὸς
1250 2083 1296 2109 τῆς
1318 2078 1404 2107 ζωῆς·
1424 2077 1437 2104 ἡ
1463 2074 1631 2103 ἀνεκλάλητος
1648 2071 1813 2108 θυμηδία-ὁ

988 2131 1035 2152 των
1062 2130 1182 2163 κρυπτῶν
1209 2127 1325 2159 γλωστης
1351 2130 1357 2136 ’
1386 2125 1431 2151 τῆς
1456 2119 1574 2149 διανοίας
1603 2119 1614 2143 6
1640 2117 1745 2153 ἐλεγχος
1768 2126 1773 2132 ”
1803 2116 1816 2140 6

1355 2177 1361 2182 “
1392 2167 1404 2191 6
1428 2163 1558 2190 παιδεύων
1590 2165 1634 2188 καὶ
1672 2165 1701 2190 τὴ
1741 2162 1815 2186 θανα-

987 2220 1036 2241 τὼν
1054 2226 1059 2231 ι
1077 2216 1089 2240 6
1105 2215 1224 2249 κατάγων
1241 2213 1273 2242 εἰς
1293 2210 1359 2247 ᾅδου
1383 2212 1427 2235 καὶ
1444 2209 1543 2244 ἀνάγων
1575 2218 1580 2223 ·
1604 2208 1616 2232 6
1637 2205 1770 2243 δεσμεύων
1790 2204 1814 2230 ἐν

1538 2263 1542 2268 -
1564 2253 1576 2277 6
1595 2252 1785 2288 τροπαιοφόρος
1806 2260 1812 2265 ι

1574 2298 1586 2322 6
1613 2297 1762 2331 θαυμαστός
1778 2305 1783 2310 ·
1802 2294 1814 2319 6

988 2259 1107 2285 ἀσθενεία
1128 2269 1133 2274 ⁵
1155 2259 1168 2283 6
1189 2257 1305 2283 ἀπολύων
1327 2255 1350 2281 ἐν
1372 2253 1515 2289 δυναστεία

987 2305 999 2330 6
1020 2307 1197 2341 τροπαιοῦχος
1213 2313 1218 2317 -
1241 2303 1253 2327 6
1279 2299 1425 2335 διοσημίας
1445 2302 1524 2324 ποιῶν
1541 2308 1547 2313 ·

987 2354 1068 2384 τιμῶν
1096 2350 1156 2378 τοὺς
1192 2347 1281 2378 ἀξίους
1309 2356 1315 2361 ·
1346 2345 1358 2370 6
1392 2344 1477 2380 ἰατρός
1507 2347 1556 2368 τὼν
1584 2341 1680 2377 ψυχῶν
1695 2342 1739 2365 καὶ¹
1766 2343 1816 2365 τῶν

989 2395 1115 2430 σωμάτων
1140 2393 1212 2428 ἡμῶν
1241 2402 1247 2407 ·
1282 2391 1295 2416 6
1321 2391 1460 2424 πανταχοῦ
1484 2390 1572 2424 παρὼν
1601 2397 1606 2402 ·
1638 2387 1650 2411 6
1675 2386 1708 2411 τά
1733 2385 1817 2411 πάντα

1138 2438 1150 2462 6
1167 2437 1300 2473 θησαυρὸς
1310 2439 1359 2460 τῶν
1373 2433 1477 2469 ἀγαθῶν
1494 2443 1500 2448 ·
1516 2433 1528 2457 6
1563 2431 1631 2461 ζωῆς
1656 2432 1776 2466 χορηγός
1810 2439 1815 2445 ι

1516 2477 1527 2502 6
1557 2475 1762 2511 ἀσχημάτιστος
1782 2484 1789 2489 -
1806 2474 1819 2498 6

987 2438 1092 2475 πληρῶν
1109 2448 1115 2453 ·

988 2484 1003 2512 ἡ
1020 2485 1138 2518 γέννησις
1155 2486 1205 2507 τῶν
1223 2479 1298 2507 ἰδεῶν
1315 2489 1320 2494 ·
1339 2480 1350 2504 6
1364 2480 1462 2508 οἶποσος
1482 2487 1488 2493 δ

1476 2522 1488 2547 6
1515 2520 1602 2557 πόρρω
1632 2518 1678 2545 διὰ
1704 2520 1750 2546 τὴν
1774 2518 1820 2553 φύ-

1492 2568 1504 2592 6
1525 2568 1599 2602 μονος
1624 2565 1738 2599 καθαρὸς
1767 2573 1773 2578 ·
1804 2563 1817 2588 6

989 2526 1090 2557 ἀνίὸεος
1108 2548 1112 2554 .
1130 2528 1142 2552 6
1170 2526 1246 2562 ἐγγὺς
1262 2529 1292 2561 τῇ
1311 2524 1420 2559 δυνάμει
1437 2533 1442 2538 ·

990 2582 1030 2598 σιν
1043 2583 1048 2588 ·
1067 2573 1078 2598 6
1092 2574 1167 2609 μόνος
1182 2571 1257 2606 ἁγνός
1272 2581 1277 2586 ·
1293 2570 1306 2595 6
1322 2568 1434 2604 ἁγνίζων
1460 2578 1465 2583 ·

987 2620 1047 2648 τοὺς
1067 2619 1196 2654 καθαροὺς
1211 2617 1379 2652 προσιέμενος
1407 2623 1413 2628 ·
1444 2613 1473 2638 τὸ
1502 2612 1660 2647 καθαρτικὸν
1685 2612 1735 2645 πῦρ
1771 2619 1776 2624 ·
1799 2608 1814 2636 ἡ

1260 2671 1265 2676 -
1296 2661 1324 2684 τὸ
1341 2655 1413 2693 ὕδωρ
1442 2658 1470 2682 τὸ
1497 2657 1620 2692 καθαῖρον
1652 2655 1710 2684 τούς
1742 2652 1818 2689 μολυ-

1713 2700 1727 2728 ἡ
1755 2698 1819 2735 ῥίζα

1616 2747 1645 2771 τὸ
1672 2743 1817 2781 ἀμέτρητον

988 2661 1049 2698 φλὸξ
1065 2663 1079 2690 ἡ
1104 2662 1229 2690 οῖστεκτος

988 2709 1070 2744 σμούς
1087 2718 1092 2723 -
1108 2709 1136 2733 τὸ
1157 2708 1300 2742 ἀκρότατον
1322 2702 1407 2739 ἐφετὸν
1425 2712 1430 2717 “
1453 2701 1465 2726 6
1486 2702 1649 2738 παντουργός
1677 2710 1682 2715 “

987 2754 1074 2782 πάσης
1090 2752 1244 2781 ἀντοτητοςε
1262 2751 1291 2775 τὸ
1317 2748 1463 2784 ἀθεώρητον
1490 2745 1555 2781 ὕψος
1584 2756 1590 2761 -

987 2797 1072 2834 βάθος
1088 2818 1095 2825 .
1111 2798 1124 2822 6
1138 2796 1252 2832 ἀναφὴς.
1267 2795 1280 2820 ὁ
1292 2793 1460 2829 πηγαστικός
1477 2800 1483 2807 ⁸
1512 2791 1524 2816 6
1548 2790 1625 2826 λόγου
1657 2790 1796 2827 παραίτιος
1809 2800 1816 2807 ·
