2045 3195
253 140 307 168 767

940 137 1119 168 THEODORI
1131 138 1156 167 II
1171 139 1244 169 1MP.

1871 145 1922 173 768

254 202 268 229 6
281 202 341 232 τοὺς
356 203 451 238 σοφοὺς
474 200 499 229 ἓν
527 203 607 239 σοφίᾳ
626 199 806 239 δρασσόμενος
834 210 841 220 ⁸
866 201 882 230 ἡ
907 199 979 239 ἀρχὴ
1009 205 1056 232 τῆς
1072 203 1095 229 Α
1110 204 1207 234 παντός
1229 210 1236 218 ⁸
1261 203 1275 229 6
1294 201 1506 237 άπιλινώδητος
1527 215 1533 223 -
1561 205 1574 232 ό
1597 203 1736 236 εὐθύδιαος
1758 213 1766 223 ⁸
1787 206 1800 232 ό
1814 205 1925 233 εὐθυδι-

254 249 348 284 σοφίας
364 257 371 264 ·
387 250 438 273 τῶν
457 245 597 284 δογμάτων
623 247 639 276 ἠ
663 248 746 284 πέτρα
775 256 782 263 ·
814 246 827 272 6
853 245 987 278 παντάναξ
1013 256 1020 263 ·
1041 247 1054 272 ό

253 293 402 322 παντόπτης
417 302 425 308 ·
446 292 460 318 6
472 292 653 329 παντεργάτης
673 301 680 309 ⁸
696 291 710 317 6
724 289 924 329 παντοδύναμος
943 301 951 308 ⁸
974 291 987 321 ἦ
1004 295 1054 318 τῶν

254 335 456 373 ἀπεγνωσμένων
489 336 560 368 ἰλπίς
582 347 590 354 ·
620 337 635 366 ἡ
660 341 710 363 τῶν
743 338 913 364 πεπτωκότων
942 336 1054 363 ἀνάστα-

254 391 296 413 σις
308 392 314 399 -
332 381 460 418 όβοτάνας
474 381 595 414 ποικίλας
613 384 756 419 χρώμασιν
777 392 784 399 ·
799 382 813 408 ό
831 383 864 409 τὰ
879 384 925 420 ὄρη
952 384 1055 414 στήσας

253 426 350 463 βαθμῷ
360 434 366 440 ⁸
383 426 396 452 ό
408 428 541 457 παναίτιος
553 437 559 443 ·
572 427 585 453 6
599 425 723 463 ἀρίζηλος
736 437 743 443 ⁸
760 427 773 453 6
788 425 934 463 ἀριδείκετο
947 437 967 458 ς·
984 427 997 452 6
1013 428 1055 463 μί-

252 470 363 506 γακλεής
383 479 390 486 ⁸
410 471 423 496 ό
436 470 622 509 ἁριστόϐουλος
645 479 651 486 ⁸

253 514 352 551 ἆκχέων
371 524 377 531 ⁸

674 473 686 498 6
716 471 880 508 ἀσύμϐουλος
912 480 919 487 ⁸
941 472 1055 507 ὀπηγὰς

395 516 407 541 6
423 515 514 552 λίμνας
530 515 672 548 ἀναδιδούς
693 518 724 543 '6
740 517 919 554 κυριοκράτωρ
940 525 946 531 ⁸
972 517 985 542 6
1012 519 1054 543 τόν

253 560 376 587 ἄκτιστον
396 562 464 596 ἔχων
479 561 552 596 λόγον
567 569 574 577 ⁸
591 563 604 587 ό
617 560 738 598 κηδεμών
754 571 760 577 ⁸
776 563 789 587 ό
802 563 987 598 κοσμορύστης
1006 570 1013 576 ⁸
1042 563 1054 587 6

253 605 425 642 ψυχοτρόφος
441 614 446 620 ⁸
463 607 476 632 ό
491 606 661 644 ψυχοτιρπής
678 616 685 622 ⁸
702 607 884 645 ὸλογοτερπής

254 649 328 686 λόγος
340 658 346 664 ⁸
364 651 376 676 6
390 650 534 686 φιλολόγιος
551 660 557 666 ⁸
575 652 587 677 6
604 651 746 687 φιλαλήθης
773 661 779 667 ⁸

254 697 368 732 πανυπέρ
373 705 450 731 σοφος
466 704 473 711 ⁸

255 739 426 776 ἀρκτοπόλιος
442 750 448 757 ⁸

913 616 920 623 ⁸
948 608 960 634 6
982 607 1054 644 φιλο-

810 652 822 677 6
845 651 976 688 αὐτοφυής
1004 661 1011 668 ⁸
1043 653 1055 677 ό

491 696 689 732 όμωρελεήμων
714 704 721 711 ⁸
747 697 759 722 ό
791 699 974 734 πονηρομανής
1007 705 1013 712 ⁸
1043 697 1055 722 ὁ

474 741 486 766 ό
520 741 853 778 ἀνταρκτικοπολόστροφος
880 751 886 757 ⁸
914 743 927 768 ό
951 751 1055 778 μεσημ-

255 784 403 821 ϐρινόσκιος
421 793 428 800 ⁸
455 786 468 811 ὁ
484 785 656 818 ἐωανατολεύς
676 795 682 801 ⁸
707 787 719 813 6
743 784 982 823 βλεπομενοξώδιος
1013 794 1019 801 ⁸
1043 788 1055 813 6

254 831 289 865 μή
304 828 631 868 ορωμενοζωδιοστροφεύς
653 838 660 846 ⁸
687 832 699 857 ό
725 834 892 868 νηνιμοποιός
916 839 924 846 ⁸

253 873 369 906 ἀσθενεῖς
396 877 440 901 καὶ
469 878 700 912 συντετριμμένους

254 928 329 956 μενος
344 927 351 934 ⁸
367 920 380 945 6
392 921 519 956 φυτεύσας
533 919 695 957 παράδεισον
711 928 718 936 ⁸

957 833 970 857 ό
998 833 1057 862 τοὺς

740 876 887 914 βραχίονας
915 875 1057 903 ἀνακαλού-

751 922 764 947 ό
790 919 991 959 ἀνδριιονύκτης
1016 929 1023 936 ⁸
1045 922 1057 947 6

255 962 332 994 δίκης
343 963 470 996 ἑξισωτής
481 974 488 981 ⁸
505 966 519 994 ἡ
537 968 623 1001 γενικὴ
639 968 711 1002 πηγὴ
728 970 777 1002 τῶν
792 966 876 992 καλῶν
903 974 910 981 ⁸
938 968 952 996 ἡ
983 966 1055 996 ἰδικὴ

255 1009 357 1035 πάντων
369 1010 479 1046 πρόνοια
495 1016 502 1024 ⁸
517 1012 560 1036 καὶ
570 1012 642 1040 κοινὴ
659 1000 892 1049 πάντων“πρόνοια
917 1019 926 1027 ⁸
945 1012 958 1037 6
979 1013 1055 1048 μόνος

255 1054 384 1090 ὑπάρχων
397 1052 534 1085 οὗσιωδῶς
550 1054 673 1091 βασιλεύς
688 1065 694 1071 ⁸
712 1057 724 1082 6
749 1058 816 1082 κατὰ
840 1057 924 1082 πάντα
947 1056 1027 1087 πολύς
1047 1064 1054 1070 ⁸

255 1098 268 1123 6
281 1102 336 1128 τοῖς
357 1099 497 1135 ὑπερφυέσι
525 1098 665 1135 βασιλικός
686 1101 819 1137 θησαυρός
847 1099 1000 1139 δωρήμασιν
1017 1109 1026 1117 ⁸
1044 1103 1056 1127 6

255 1141 372 1180 ἀρρήτως
395 1143 545 1179 ξυναγαγὼν
568 1146 600 1170 τὰ
632 1145 719 1182 πόρρω
732 1150 767 1181 τῲ
782 1145 885 1181 ἐναντίῳ
904 1155 909 1161 ⁸

937 1147 949 1172 6
979 1146 1057 1183 μίξας

254 1190 354 1224 καιροῖς
370 1185 447 1218 ἰδίοις
461 1189 491 1214 τα
508 1189 607 1224 ἄμικτα
623 1198 627 1203 ⁸
646 1190 658 1214 6
677 1191 708 1215 τά
738 1189 773 1215 ἀπ
794 1188 891 1226 ’ἀρχῆς
916 1192 983 1226 ἄχρι
1011 1194 1055 1217 τέ-

255 1231 316 1263 λους
329 1233 393 1269 ῥιπῆ
410 1237 456 1259 τοῦ
487 1235 587 1270 κόσμου
618 1232 694 1266 ειδώς
723 1243 729 1249 ⁸
758 1236 770 1260 ό
786 1238 905 1265 τακτικός
927 1243 935 1250 ⁸
955 1238 1032 1272 ταγός
1048 1248 1054 1253 ·

256 1277 269 1303 6
286 1281 332 1307 τῆς
360 1277 495 1313 φερεσίῗίου
518 1279 702 1316 οἰακοστρόφος
728 1300 735 1306 .

257 1322 270 1347 6
281 1323 523 1360 τρικυμιοθραύστη
531 1334 540 1354 ς

764 1281 776 1306 6
794 1280 1025 1317 τυφωνοκωλυμίας
1049 1290 1055 1296 “

562 1332 568 1338 ⁸
585 1325 597 1349 ό
620 1324 725 1360 ἰώμενος
749 1333 756 1340 ⁸
788 1327 800 1351 6
822 1325 1055 1362 ἐπισκεπτόμενος·

257 1367 411 1403 όφερανγής
428 1377 434 1383 ⁸
449 1368 462 1393 6
485 1367 637 1404 αὶωναρχης
652 1377 658 1384 ⁸
676 1370 688 1395 ό
716 1370 873 1407 χρονάρχης
894 1379 900 1385 “

256 1421 310 1447 χης
330 1418 336 1425 ⁸
356 1412 369 1437 6
392 1413 547 1449 ἡμεραρχης
565 1424 570 1429 ⁸
599 1414 611 1439 6
631 1415 756 1451 ὠραρχης
770 1424 776 1430 ⁸
791 1425 803 1440 6
820 1415 1001 1451 ἀγαθεργάτης
1021 1424 1027 1430 ⁸
1045 1416 1057 1441 ό

256 1455 467 1493 ἀγαθεργοδοτης
482 1466 487 1471 ⁸
505 1458 518 1483 6
545 1468 715 1494 καινεργατης
733 1467 739 1474 ⁸
761 1460 773 1485 ό
794 1459 1005 1496 παραδοξοποιός
1021 1469 1029 1477 ⁸
1045 1461 1057 1486 6

256 1503 425 1538 τερατουργός
442 1502 477 1527 ⁸ό
503 1506 583 1528 ποιῶν
610 1504 745 1539 Θαυμάσια
764 1506 841 1540 μόνος

255 1547 300 1581 γός
314 1556 320 1562 ·
337 1547 349 1571 6
375 1548 472 1582 ποιμὴν
487 1547 500 1572 ό
514 1547 591 1578 καλός
605 1556 611 1562 ⁸

927 1371 939 1396 6
954 1372 1057 1408 μηναρ-

867 1513 874 1519 ⁸
891 1505 903 1530 6
927 1503 1057 1542 δημιουρ-

633 1549 806 1584 όποιμενικός
827 1557 833 1563 “
855 1550 868 1575 6
885 1551 959 1586 φύσει
980 1550 1058 1585 βασι-

255 1589 311 1620 λεύς
329 1598 335 1605 ⁸
357 1591 369 1616 6
385 1589 542 1622 ἀταύτιστος
560 1600 566 1606 ⁸
588 1593 600 1618 6
621 1592 800 1630 ἀπαράλληλος
813 1601 819 1608 ⁸
835 1595 847 1619 6
861 1592 1027 1632 δυσόργητος
1048 1603 1054 1610 ⁸

257 1635 270 1660 6
290 1633 418 1671 ἀόργητος
431 1644 436 1649 ⁸
457 1636 469 1661 6
488 1636 598 1672 ἄφθονος
619 1645 625 1652 ⁸
643 1638 655 1663 6
673 1637 771 1673 ἄχολος
792 1646 798 1653 ⁸
827 1638 928 1670 όπολυς
960 1642 1055 1670 ὅντως·

258 1679 270 1704 6
295 1679 419 1716 ᾶπειρος⁴
440 1680 453 1706 6
477 1680 602 1710 πλὴσσων
624 1684 684 1712 τοὺς
706 1680 833 1718 δαίμονας

257 1725 316 1753 τοὺς
344 1725 454 1760 ἄφρονας
483 1733 490 1740 ⁸

859 1691 866 1698 ⁸
889 1685 901 1709 6
921 1685 1057 1720 μαστίζων

514 1727 526 1751 ὅ
551 1726 650 1758 πλάσας
677 1729 744 1753 κατά
771 1730 849 1764 μόνας
874 1730 919 1760 τὰς
946 1728 1058 1766 καρδίας

257 1769 329 1804 ἡμῶν
346 1777 352 1783 ⁸
370 1770 382 1794 6
398 1768 494 1800 ἐτάζων
509 1769 622 1807 καρδίας
648 1775 692 1798 καὶ
719 1774 825 1809 νεφρούς
852 1782 858 1788 ⁸

892 1775 904 1799 ό
927 1774 1057 1811 πειράζων

256 1815 317 1843 τοὺς
332 1812 462 1845 ἐκλεκτούς
491 1826 497 1832 ⁸
526 1816 538 1841 ό
564 1814 715 1845 δοκιιιαζων
735 1819 793 1845 τοὺς
817 1817 904 1845 ἁγίους
924 1818 1003 1844 αὑτοῦ
1020 1827 1026 1833 ⁸
1044 1819 1055 1844 6

526 1816 538 1841 6
564 1814 715 1852 δοκιμάζων
735 1819 793 1848 τοὺς
817 1817 904 1854 ἁγίους
924 1818 1003 1844 αὑτοῦ
1020 1827 1026 1833 ⁸
1044 1819 1056 1844 6

257 1859 324 1894 ἔχων
343 1859 431 1895 θρόνον
459 1862 502 1886 τόν
524 1860 630 1898 οὐρανόν
658 1869 665 1876 ⁸
694 1863 706 1888 6
730 1862 874 1889 ὑποπόδιον
901 1865 1057 1899 κεκτημένος

256 1905 303 1931 τὴν
317 1907 367 1939 γῆν
381 1912 387 1918 ⁸
405 1905 417 1930 6
433 1903 533 1941 δόμοισι
561 1906 758 1944 μεγαλοπρεπής
785 1916 792 1923 ⁸

258 1950 317 1978 στός
332 1955 339 1963 ⁸
361 1949 374 1974 6
399 1949 600 1986 εὖσνμπάοητος
615 1958 622 1966 ⁸
640 1952 652 1977 ό
668 1954 727 1989 περὶ
741 1953 787 1982 τὰς
807 1951 914 1984 ἀπειλὰς
928 1952 1032 1990 φοϐερός
1048 1960 1054 1968 ⁸

257 1993 270 2018 6
287 2003 332 2030 περ
349 1995 392 2019 τὸν
419 1993 504 2020 οἶκτον
527 1993 643 2031 δαψιλής
665 2005 672 2013 ⁸
689 1997 701 2022 6
719 1995 835 2034 ἐνέδραις
869 1998 974 2028 ἄθικτος
995 2009 1001 2014 ⁸
1027 1999 1057 2024 76

257 2036 426 2075 ὶκδειματοῦν
443 2043 496 2076 πῦρ
513 2050 519 2056 ·
535 2040 549 2069 ἡ
563 2049 613 2066 των
640 2042 664 2066 ἐν
691 2045 835 2079 συμφοραῖς
865 2043 1020 2079 παραμυθία
1049 2050 1056 2057 ⁸

258 2083 270 2109 6
298 2083 398 2118 ἕτοιμος
425 2081 554 2119 δεομένοις
580 2092 586 2099 ⁸

824 1909 836 1933 6
860 1911 940 1934 πᾶσιν
962 1908 1056 1945 ὁνομα‹

611 2085 623 2109 ό
645 2084 761 2111 ἐκτείνων
787 2088 831 2112 τόν
868 2087 975 2124 οὐρανόν
996 2088 1059 2114 ὡσεὶ

259 2124 346 2165 δέῤῥιν
362 2135 368 2142 '
386 2128 399 2153 6
431 2128 564 2164 στεγάζων
582 2129 607 2155 ἑν
627 2128 710 2156 ὕδασι
731 2131 763 2157 τὰ
777 2131 882 2169 ὑπερῷα
910 2132 990 2158 αὐτοῦ
1009 2139 1015 2147 ⁸
1047 2133 1060 2157 ό

258 2170 337 2202 τιθεὶς
352 2173 481 2207 νέφειτὴν
503 2172 632 2199 ὑπόϐασιν
659 2174 739 2201 αὐτοῦ
769 2183 775 2190 ⁸
804 2176 815 2201 6

257 2216 392 2252 πτερύγων
420 2215 518 2252 ἀνέμων
543 2225 550 2232 ⁸

258 2260 304 2291 τὰς
320 2260 408 2296 φύσεις
427 2268 433 2275 ⁸

769 2183 775 2190 ⁸
804 2176 817 2201 6
843 2180 990 2213 περιπατῶν
1020 2175 1061 2204 ἐπὶ

576 2218 588 2243 6
617 2222 799 2250 παντεπόπτης
827 2229 833 2236 ⁸

450 2261 462 2286 6
490 2260 658 2299 ὀϐριμοεργός
682 2272 688 2279 ⁸

863 2221 876 2246 6
901 2225 1061 2257 καινοτομῶν

720 2265 732 2290 6
747 2265 853 2301 ἴφθιμος
882 2272 889 2279 ⁸

258 2307 368 2335 ποιητής
385 2313 391 2319 ⁸
407 2305 419 2331 6
435 2306 505 2338 ἣλιος
532 2311 577 2338 τῆς
598 2307 772 2340 δικαιοσύνης
794 2318 800 2325 ⁸

258 2350 419 2387 μηθοὺμενος
436 2360 443 2366 ⁸
461 2352 473 2377 ό
495 2353 596 2379 πάντων
621 2352 763 2390 κηδόμενος
787 2363 794 2370 ⁸

258 2395 271 2421 6
292 2394 429 2431 εὐλογητός
452 2404 458 2411 ⁸

923 2266 935 2291 6
956 2264 1061 2303 ἀστερο-

827 2311 840 2335 6
865 2310 967 2336 πάντων
993 2321 1060 2348 προ-

819 2355 832 2381 ό
857 2353 1026 2392 ύπερένδοξος
1050 2367 1058 2375 ο

483 2397 495 2422 6
512 2398 682 2436 σθεναρόχειρ
696 2407 703 2414 ⁸
719 2400 732 2425 6
748 2398 905 2437 βριαρόχειρ
935 2409 943 2417 ⁸
973 2402 985 2426 6
1005 2405 1059 2433 τοῖς

257 2439 387 2477 χιρουϐὶμ
402 2439 548 2479 ἀθεώρητος
569 2451 575 2458 ⁸
596 2443 609 2469 6
622 2447 676 2474 τοῖς
701 2446 814 2481 σεραφὶμ
830 2443 971 2481 ἀπρόσιτος
1001 2454 1008 2461 ⁸
1041 2447 1056 2475 ἡ

258 2484 472 2523 δυναμοδύναμις
486 2491 535 2514 τῶν
550 2485 683 2524 δυνάμεων
697 2495 705 2503 ⁸
722 2490 734 2514 ό
760 2488 895 2525 ἀπειράκις
927 2491 1034 2528 ἄπειρος
1050 2512 1058 2520 .

258 2531 271 2556 6
285 2530 393 2562 παλαιός
404 2533 506 2568 ἡμερῶν
533 2540 540 2547 ⁸
564 2533 578 2561 ἡ
601 2532 740 2570 ἐτοιμασία
761 2538 810 2560 τῶν
832 2535 926 2572 ορόνων
951 2543 957 2550 ⁸
974 2536 989 2564 ἡ
1014 2546 1059 2562 κυ-

257 2577 346 2611 ριότης
368 2580 419 2602 τῶν
445 2579 606 2614 κυριοτήτων
633 2584 640 2592 ⁸
666 2578 678 2604 6
699 2578 764 2610 οῖναξ
783 2579 898 2606 ἀνάκτων
925 2588 933 2595 ⁸
960 2580 973 2605 6
996 2579 1059 2616 ἁμό-

257 2619 343 2650 λυντος
368 2625 375 2635 ⁵
398 2621 411 2646 6
443 2620 603 2659 ὁροφουργός
634 2622 755 2659 οὐρανίας
784 2622 882 2659 ἁψῖδος
901 2631 909 2639 ⁸
937 2624 950 2650 6
970 2623 1058 2650 κλείων

257 2665 317 2694 τοὺς
331 2668 483 2701 χασματίας
508 2673 516 2681 ⁸
543 2667 556 2692 6
579 2669 686 2701 πέμπων
710 2670 797 2700 ὥστας
824 2677 830 2684 ⁸
861 2669 873 2694 ό
899 2666 1057 2695 διαστέλλων

256 2707 378 2739 κλείστας
392 2717 398 2724 ⁸
415 2710 429 2735 6
444 2710 546 2740 ζώντων
570 2711 628 2748 ὃρος
652 2711 722 2744 ζωῆς
737 2721 744 2728 ⁸
768 2713 780 2738 6
800 2712 867 2744 ζωῆς
882 2715 928 2739 καὶ
947 2714 1057 2740 Θανάτου

257 2755 378 2788 γνώστης
388 2751 496 2785 διέσεως
510 2761 518 2770 ⁸
532 2755 545 2781 6
564 2757 653 2791 χύσας
673 2758 717 2783 τόν
740 2756 850 2794 ἀριθμόν
868 2765 876 2774 ⁸

258 2801 332 2833 μενος
352 2797 375 2824 ἓν
400 2797 498 2835 μονάδι
517 2806 524 2815 ⁸

543 2667 556 2692 ό
579 2669 686 2703 πέμπων
710 2670 797 2700 ὥστας
824 2677 830 2684 ⁸

895 2758 908 2784 6
933 2757 1058 2788 εἰκονιζό-

542 2800 671 2828 ἁπάντων
700 2804 839 2839 ἁρμονικός
863 2807 869 2820 ⁸
903 2803 918 2831 ἠ
946 2802 1057 2839 ἁρμονία

1079 882 1098 910 Β
1114 874 1176 900 αἰὼν
1190 878 1239 900 τῶν
1255 876 1331 901 ὄντων
1346 883 1352 890 ⁸
1374 876 1387 901 6
1400 878 1498 912 χρόνος
1510 880 1561 903 τῶν
1579 879 1718 913 γινομένων

1080 1558 1099 1586 C
1114 1547 1205 1582 ἄρχων
1222 1554 1228 1561 ⁸

1110 249 1212 284 κόφρων
1227 256 1235 264 ⁸
1252 247 1265 273 ό
1292 248 1368 284 μεμψ
1378 250 1466 286 ίμορος
1495 257 1503 267 ⁸
1527 251 1590 287 όμή
1617 248 1752 281 ὀνειδίζων
1776 259 1784 268 ⁸
1807 252 1820 278 6
1838 252 1925 288 πραῢς

1110 291 1219 328 ἔλεγχος
1234 302 1240 309 ·
1258 291 1271 318 ὃ
1289 291 1480 326 ἀστασίαστος
1494 302 1502 310 ⁸
1529 296 1542 322 6
1568 295 1778 327 ἀνεπιϐούλευτος
1798 304 1805 312 ⁸
1833 297 1848 323 6
1862 295 1925 323 ἀτά-

1110 346 1194 374 ραχος
1208 345 1214 351 ⁸
1230 337 1243 363 6
1269 336 1366 369 ἁπλοῦς
1382 346 1390 353 ⁸
1408 339 1421 365 6
1436 338 1578 372 ἁτύπωτος
1604 348 1612 356 ⁸
1635 341 1650 370 ἠ
1681 340 1735 371 ένάς
1765 341 1781 370 ἡ
1806 340 1908 368 ἑνοποιό

1113 379 1219 412 ἀπάσης
1250 380 1369 418 μονάδος
1396 390 1403 398 ⁸
1421 384 1434 410 6
1453 388 1512 416 νοῦς
1531 395 1545 411 ο
1565 384 1673 417 ἀνόητος

1109 425 1189 462 ῥητος
1204 433 1211 441 ⁸
1229 425 1320 452 ὁκατά
1344 425 1429 463 μηδεν
1443 432 1493 455 τῶν
1513 431 1590 455 ὄντων
1617 431 1650 455 ὦν
1675 438 1684 447 ⁸
1708 430 1722 456 6
1740 430 1843 456 πάντων
1863 429 1924 467 ἄξῃ-

1110 472 1220 508 ρημένος
1237 478 1243 485 ⁸
1273 471 1285 496 6
1314 471 1411 504 ἄϐατος
1437 481 1443 488 ⁸
1474 474 1646 511 όθεαρχικός
1669 483 1676 490 ⁸
1703 473 1924 511 όόιναμορφωτὴς

1110 520 1160 543 τῶν
1185 514 1418 545 ἀπολισθησιὶντων
1438 522 1484 549 τῆς
1502 517 1638 545 θεοειδείαε
1652 526 1659 534 ⁸
1677 520 1692 548 ἠ
1709 521 1832 548 συνετική
1856 518 1924 556 ἀγα-

1112 561 1190 591 θότης
1204 568 1211 575 ⁸
1232 561 1244 586 6
1266 560 1443 599 ἀνετεροίωτος
1458 571 1465 578 ⁸
1496 562 1624 601 όάγήρως
1646 572 1654 580 ⁸
1682 564 1695 590 6
1724 563 1863 600 ἀγαπητός
1879 572 1886 580 ⁸
1909 565 1924 591 6

1112 604 1135 631 ἐν
1161 607 1229 642 αὔρα
1258 606 1335 643 λιπτῇ
1371 614 1379 622 ⁸
1408 608 1420 633 6
1447 608 1593 644 ὑπερφανὴς
1618 617 1624 624 ⁸
1652 609 1665 634 6
1690 608 1847 645 ἕτερόηνμος
1875 617 1883 624 ⁸
1910 609 1924 635 ὁ

1111 649 1233 688 λαμπτὴρ
1256 656 1306 678 τῶν
1330 651 1426 687 ψυχῶν
1450 661 1457 667 ⁸
1484 653 1497 678 6
1517 651 1668 691 σοφόδωρος
1689 662 1696 668 ⁸
1722 654 1735 680 6
1758 651 1859 684 ἀνίδεος
1881 661 1888 669 ⁸
1909 654 1923 680 6

1114 693 1244 732 ἰδεάρχης
1263 704 1270 711 ⁸
1291 697 1303 722 ό
1318 699 1525 728 παντεπίσκοπος
1542 706 1548 713 ⁸
1566 697 1751 736 όάγαθάρχης
1769 706 1776 714 ⁸
1795 699 1808 725 ό
1820 698 1923 735 ζωογο-

1112 749 1151 770 νος
1168 749 1174 756 ⁸
1192 741 1204 766 6
1222 740 1367 778 ζωοτρόφος
1380 751 1387 758 ο
1403 743 1415 767 ό
1436 742 1667 779 ιῦθυϐολογνώμων
1691 751 1698 759 ⁸
1720 744 1736 772 ἡ
1763 742 1844 780 βάσις
1867 747 1920 771 τῶν

1113 786 1190 809 ὄντων
1207 793 1213 799 ⁸
1236 785 1250 813 ἡ
1275 786 1369 816 στάσις
1399 790 1449 811 τῶν
1464 788 1619 823 κινουμένων
1641 795 1648 802 ⁸
1665 787 1680 816 ἡ
1706 786 1777 825 ἀρχὴ
1792 791 1842 814 τῶν
1857 787 1922 814 αἰώ-

1113 838 1161 854 νων
1191 837 1196 842 ·
1217 831 1245 855 τὸ
1260 832 1352 866 μέτρον
1368 834 1417 856 τῶν
1440 830 1538 857 αἰώνων
1560 839 1566 846 ⁸
1586 832 1601 860 ἡ
1629 833 1732 869 χρόνων
1747 832 1854 864 ὀντότης
1874 841 1882 848 ⁸
1906 833 1922 859 ὁ

1746 885 1754 892 ⁸
1780 878 1796 907 ἡ
1819 878 1922 914 γένεσις

1114 923 1163 945 τῶν
1177 923 1297 945 οπωσοῦν
1311 921 1450 956 γινομένων
1466 929 1471 935 ⁸
1495 921 1508 947 6
1524 921 1586 947 αἰὼν
1598 926 1647 948 τῶν
1663 921 1761 948 αἰώνων
1780 929 1787 937 ⁸
1803 922 1816 947 ὁ
1831 922 1922 960 ὑπείρ-

1113 974 1170 1000 χων
1186 966 1234 1000 πρό
1248 968 1297 990 τῶν
1321 964 1418 991 αἰώνων
1434 973 1440 979 ⁸
1455 966 1467 991 6
1484 968 1568 1002 προὼν
1583 967 1591 980 ‘
1607 967 1620 992 6
1632 966 1732 1003 ὑπερὼν
1753 988 1760 994 .
1776 967 1790 992 6
1809 969 1845 1003 μὴ
1857 965 1922 994 τόδε

1113 1010 1158 1045 μὲν
1179 1009 1223 1041 ὡν,
1251 1007 1312 1035 τόδε
1338 1008 1368 1035 δε
1394 1012 1429 1045 μὴ
1456 1012 1490 1035 ὤν
1519 1018 1524 1025 ⁸
1550 1011 1563 1036 6
1581 1012 1616 1046 μὴ
1638 1015 1673 1040 πῆ
1698 1011 1743 1047 μὶν
1757 1011 1802 1043 ὢν,
1832 1009 1863 1038 δε
1880 1014 1919 1048 μὸ

1113 1055 1147 1078 ὧν
1162 1060 1168 1068 ⁸
1186 1055 1198 1079 ό
1210 1053 1382 1090 πολύσχημος
1398 1062 1406 1070 ⁸
1423 1053 1589 1085 όποὶυειδής
1616 1064 1622 1070 ⁸
1649 1056 1662 1081 6
1683 1057 1844 1092 πάνσχημος
1877 1065 1883 1072 ⁸
1904 1058 1919 1083 6

1113 1096 1236 1129 πανίδεος
1252 1105 1258 1113 ⁸
1276 1100 1288 1124 ό
1304 1100 1419 1135 ἄμορφος
1439 1107 1444 1114 ⁸
1469 1100 1482 1125 6
1498 1098 1608 1130 ἀκαλλής
1624 1109 1630 1115 ⁸
1648 1101 1677 1126 76
1693 1100 1761 1131 τέλος
1788 1102 1891 1127 παντων
1909 1130 1919 1139 .

1112 1144 1140 1168 τό
1155 1145 1229 1179 τέρας
1249 1144 1351 1169 πάντων
1375 1152 1380 1159 ⁸
1408 1145 1423 1173 ἡ
1450 1143 1556 1180 ἀπειρία
1584 1154 1591 1161 ⁸
1623 1146 1635 1171 6
1662 1143 1871 1182 ἀπειροδὺναμος
1887 1153 1920 1172 ⁸ο

1488 1190 1501 1214 6
1521 1188 1562 1215 ἐπὶ
1586 1188 1672 1215 πάντα
1693 1192 1791 1226 προῖὼν
1814 1192 1859 1216 καὶ
1873 1192 1920 1227 μί-

1389 1234 1402 1258 ό
1428 1233 1507 1264 ἑστώς
1534 1242 1540 1248 ⁸
1566 1235 1578 1260 ό
1602 1235 1751 1271 κινούμενος
1779 1242 1787 1250 ⁸
1817 1235 1830 1261 6
1851 1238 1920 1271 μήτε

1843 1280 1918 1317 ὁμὴ

1113 1324 1196 1358 μέσην
1212 1323 1279 1358 ἔχων
1291 1331 1297 1337 ⁸
1315 1323 1327 1348 ό
1347 1325 1383 1359 μὴ
1404 1322 1521 1352 τελευτήν
1535 1324 1604 1359 ἔχων
1618 1332 1624 1339 ⁸
1640 1325 1652 1350 6
1671 1327 1790 1360 γνώστης
1813 1332 1822 1340 ⁸
1838 1325 1852 1351 ὃ
1866 1326 1917 1352 πά-

1116 1376 1163 1398 σης
1200 1367 1348 1398 αἰσθήσεως
1384 1366 1588 1405 ὑπεριδρυμένος
1613 1377 1621 1386 ⁸
1651 1370 1664 1395 6
1692 1368 1827 1400 αὐτοτελὲς
1855 1378 1864 1386 ⁸
1902 1371 1917 1396 ὁ

1507 1414 1592 1443 όῖσος
1608 1421 1614 1429 ⁸
1642 1414 1654 1440 6
1679 1412 1844 1447 πολυώνυμος
1868 1421 1876 1429 ⁸
1903 1415 1916 1440 6

1414 1458 1426 1483 6
1450 1457 1538 1489 πολιός
1553 1467 1559 1473 ⁸

1114 1502 1127 1527 6
1147 1504 1235 1530 νοήσει
1251 1502 1454 1538 αὐτεπάγγελτος

1695 364 1735 412 ξ”ἑ
1757 364 1924 423 άὲγὲζξὲῥῗ

1408 1145 1423 1173 ἡ
1450 1143 1556 1180 ἀπειρία
1584 1154 1591 1161 ⁸

1114 1187 1177 1224 ὑπὲρ
1197 1190 1285 1213 πᾶσαν
1310 1187 1428 1224 ἀπειρίαν
1455 1195 1461 1202 ⁸

1112 1243 1160 1258 νων
1177 1231 1213 1268 ἐφ’
1236 1232 1329 1259 ἑαυτοῦ
1351 1240 1358 1247 ⁸
1389 1234 1402 1258 6
1428 1233 1507 1264 ἑστώς
1534 1242 1540 1248 ⁸
1566 1235 1578 1260 6
1602 1235 1751 1271 κινούμενος
1779 1242 1787 1250 ⁸

1114 1277 1192 1307 ἑστώς
1209 1285 1215 1292 ⁸
1232 1278 1244 1303 6
1258 1280 1323 1313 μήτε
1333 1279 1479 1313 κινούμενος
1499 1287 1504 1293 ⁸
1520 1279 1533 1305 6
1546 1281 1581 1314 μὴ
1604 1278 1691 1316 ἀρχὴν
1707 1280 1775 1316 ἔχων
1805 1287 1812 1295 ⁸

1115 1411 1207 1442 ἐνιαῖος
1219 1411 1466 1448 πολλαπλασιασμός
1483 1421 1489 1428 ⁸

1113 1459 1194 1483 πᾶσιν
1210 1456 1347 1494 ἐπέραστος
1375 1465 1381 1472 ⁸
1414 1458 1426 1483 6
1450 1457 1538 1489 πολιός
1553 1467 1559 1473 ⁸
1583 1459 1596 1484 6
1610 1460 1665 1490 νέος
1685 1466 1693 1475 ·
1708 1459 1723 1487 ἠ
1739 1458 1890 1496 αὖτοειρὴνη
1911 1468 1917 1474 ⁸

1485 1511 1491 1518 ⁸
1513 1503 1525 1528 ό
1557 1504 1729 1540 στιγμάρχης
1752 1511 1760 1519 ⁸
1781 1504 1795 1529 6
1810 1507 1856 1530 τοῦ
1872 1507 1918 1530 νῦν

1258 1547 1270 1572 6
1292 1550 1338 1573 τοῦ
1358 1549 1550 1584 παρῳχηκότος
1576 1545 1710 1578 δεσπότης
1731 1556 1738 1564 ⁸
1762 1548 1776 1574 6
1799 1551 1846 1575 τοῦ
1869 1547 1921 1576 ἕνέ-

1116 1594 1214 1622 στώτος
1230 1590 1356 1627 βασιλεύς
1374 1599 1380 1606 ⁸
1399 1593 1411 1617 6
1427 1596 1473 1618 τοῦ
1488 1592 1620 1628 μέλλοντος
1643 1594 1734 1630 κύριος
1764 1601 1771 1608 ⁸
1799 1593 1812 1619 6
1842 1594 1921 1630 φθογ-

1561 1638 1576 1666 ἠ
1602 1638 1694 1668 στάσις
1719 1637 1837 1664 ἁπάντων
1871 1645 1878 1653 ⁸
1907 1639 1921 1664 6

1348 1689 1355 1697 ⁸
1378 1681 1390 1707 6
1419 1680 1442 1707 ἐν
1472 1681 1559 1717 ἁγίοις
1588 1681 1783 1718 ἀναπαυόμενος
1813 1689 1821 1697 ⁸
1845 1682 1859 1708 6
1881 1684 1924 1709 τέ-

1114 1735 1180 1750 κτων
1195 1725 1305 1761 οὐρανοῦ
1316 1728 1360 1751 καὶ
1379 1730 1429 1761 γῆς
1446 1727 1482 1752 ’ό
1509 1727 1610 1752 πάντων
1641 1724 1765 1765 δομὴτωρ
1792 1735 1799 1743 ⁸
1831 1727 1845 1753 6
1872 1729 1923 1757 τὴν

1113 1772 1250 1806 πραότητα
1284 1769 1465 1806 ἀσπαζόμενος
1487 1778 1495 1786 ⁸
1519 1772 1531 1797 ό
1567 1771 1708 1808 συντρίϐων
1737 1771 1864 1808 πολέμους
1897 1771 1924 1799 ἄν

1115 1814 1219 1850 ἰσχυρῷ
1236 1814 1347 1851 βαχίονι
1362 1823 1368 1830 ⁸
1384 1816 1396 1841 6
1413 1815 1491 1846 άϋλος
1507 1824 1515 1833 ⁸
1544 1817 1557 1842 6
1586 1814 1688 1846 ἀνίδεος
1710 1823 1718 1831 ⁸
1747 1817 1761 1842 6
1782 1826 1924 1854 προνοητι-

1112 1861 1157 1890 κός
1173 1868 1179 1874 ⁸
1195 1860 1207 1885 ό
1222 1858 1360 1895 ἀσώματος
1378 1869 1384 1875 ⁸
1409 1861 1422 1886 ό
1446 1859 1574 1892 ἀλάθητος
1604 1869 1611 1876 ⁸
1641 1862 1654 1887 6
1679 1860 1886 1899 ἀπεριόριστος⁸
1907 1863 1920 1888 6

1350 1904 1573 1940 όάνεξιχνίαστος
1595 1914 1601 1921 ⁸
1617 1906 1753 1943 όοίχρονος
1783 1914 1790 1921 ⁸
1817 1907 1830 1932 6
1857 1905 1925 1943 ἀμε-

1113 1953 1161 1986 γὴς
1179 1958 1185 1964 ⁸
1198 1951 1212 1979 ὴ
1228 1952 1346 1986 ταχύτης
1361 1959 1367 1965 ⁸
1383 1952 1412 1977 τὸ
1426 1951 1576 1987 αὑτό-ταχος
1600 1958 1608 1966 '
1625 1951 1638 1977 6
1664 1952 1798 1989 ὑπερφυής
1814 1959 1822 1967 ⁸
1842 1952 1856 1978 6
1872 1951 1928 1989 βα·

1116 1995 1202 2025 σιλεὺς
1225 2005 1274 2020 τευν
1290 1994 1404 2031 ἀγγελων
1416 2003 1422 2010 ⁸
1441 1997 1520 2026 ότοῖς
1540 1994 1651 2033 δαίμοσι
1666 1995 1772 2034 φοϐερός
1792 2017 1800 2025 .
1828 1997 1842 2023 6
1865 2007 1928 2036 φρι·

1399 1593 1411 1617 ό
1427 1596 1473 1618 τοῦ
1488 1592 1620 1628 μέλλοντος
1643 1594 1734 1630 κύριος

1114 1637 1216 1670 γαίτιος
1231 1643 1237 1650 ⁸
1253 1636 1386 1667 ὁνικητὴς
1402 1638 1503 1663 πάντων
1525 1645 1531 1652 ⁸

1114 1680 1323 1717 όπερυπέροπλος

1114 1904 1305 1940 ἀνεξερεύνητος
1326 1912 1332 1919 ⁸

1383 1952 1412 1977 τὸ
1426 1951 1576 1987 αὑτό-ταχος

1114 2042 1172 2070 κτός
1182 2041 1307 2069 νοηθῆναι
1322 2048 1329 2055 ⁸
1347 2041 1359 2066 ό
1386 2042 1451 2077 ἱερός
1467 2050 1473 2056 ⁸
1500 2042 1512 2067 6
1540 2042 1605 2073 θεῖος
1626 2050 1632 2056 ⁸
1656 2043 1669 2068 ό
1690 2041 1864 2079 ἱεροτελεστής
1886 2051 1893 2057 ⁸
1912 2043 1926 2070 6

1116 2083 1232 2120 ποδηγός
1244 2093 1249 2100 ⁸
1267 2086 1280 2111 6
1292 2083 1450 2122 δημαγωγός
1463 2087 1492 2112 ⁸ό
1508 2087 1560 2112 ἄνω
1578 2095 1583 2101 ⁸
1599 2087 1612 2112 ό
1625 2087 1696 2113 κάτω
1707 2094 1715 2103 ⁸
1742 2087 1754 2112 6
1769 2088 1849 2123 μέσος
1876 2096 1885 2104 ⁸
1912 2089 1926 2115 6

1116 2130 1246 2166 περὶὸλον
1274 2138 1280 2145 ⁸
1306 2131 1319 2156 ό
1344 2130 1518 2167 δοξαζόμένος
1543 2139 1549 2146 ⁸
1577 2132 1589 2157 ό
1616 2132 1773 2168 ὑμνούμενος
1791 2139 1798 2147 ⁸
1826 2133 1840 2158 6
1861 2135 1926 2165 τοὺς

1117 2175 1214 2211 ὕμνους
1250 2173 1392 2211 δεχόμενος
1420 2176 1432 2201 ό
1463 2174 1658 2212 χρησμοδότης
1684 2185 1691 2192 ⁸
1717 2177 1730 2202 6
1759 2175 1928 2215 καρδιογνώ-

1306 2131 1319 2156 ό
1344 2128 1518 2167 δοξαζόμένος
1543 2139 1549 2146 ⁸

1078 2238 1100 2265 D
1120 2229 1185 2250 στης
1207 2227 1215 2236 ⁸
1232 2221 1244 2246 6
1264 2218 1454 2257 καρδιεταστὴς
1478 2229 1484 2236 ⁸
1500 2222 1512 2247 ό
1534 2221 1766 2258 χρησμοτελεστής
1782 2229 1788 2236 ⁸
1806 2222 1819 2248 6
1833 2221 1926 2259 ψυχο-

1727 2267 1740 2292 ό
1756 2266 1849 2298 ἄποιος
1875 2275 1883 2282 ⁸
1911 2268 1926 2294 6

1584 2318 1591 2325 '
1616 2311 1629 2337 6
1655 2313 1692 2348 μὴ
1718 2312 1787 2347 ῖχων
1813 2313 1882 2348 1796;
1898 2321 1926 2339 71

1117 2353 1289 2392 ἀντιστροφὴν
1305 2363 1311 2370 ⁸
1326 2356 1339 2381 6
1356 2357 1391 2391 μὴ
1411 2357 1473 2393 πρὸς
1500 2365 1526 2381 τι
1545 2355 1678 2392 λεγόμενος
1698 2362 1706 2371 ⁸
1727 2357 1740 2382 6
1763 2355 1900 2393 ἀκάματος
1914 2363 1924 2374 ⁸

1114 2407 1127 2432 ὁ
1145 2400 1268 2436 ἀόριστος
1282 2408 1288 2415 ⁸
1305 2401 1318 2426 6
1334 2399 1484 2431 ἀτλαντικός
1507 2410 1514 2417 ·
1529 2401 1542 2426 ό
1558 2401 1736 2438 ὑπεραιθέριος
1754 2408 1762 2416 ⁸
1786 2401 1800 2427 6
1826 2400 1925 2439 ὀμϐρο-

1115 2446 1189 2476 ποιός
1205 2453 1212 2460 ⁸
1226 2446 1239 2470 6
1269 2446 1468 2482 σκηπτεργάτης
1496 2453 1503 2460 ⁸
1527 2446 1540 2471 6
1561 2445 1704 2472 ἐπιϐλέπων
1730 2445 1770 2472 ἐπὶ
1798 2447 1847 2476 τὴν
1869 2449 1922 2483 γῆν

1115 2492 1160 2516 καὶ
1174 2493 1255 2516 ποιῶν
1285 2489 1365 2518 αὐτὴν
1389 2491 1489 2526 τρέμειν
1514 2497 1522 2505 ⁸
1562 2491 1576 2516 6
1599 2494 1708 2527 στερεῶν
1733 2489 1846 2527 βροντήν
1873 2497 1883 2506 ⁸
1908 2491 1922 2517 6

1115 2536 1210 2565 κτίζων
1225 2538 1326 2570 πνεῦμα
1349 2542 1355 2549 ⁸
1382 2535 1394 2560 ό
1412 2533 1526 2565 ἐξαπλῶν
1543 2533 1607 2571 ἀέρα
1629 2543 1636 2550 ⁸
1663 2535 1676 2561 6
1695 2533 1896 2572 χθονεδραστής
1911 2543 1920 2552 ⁸

1115 2580 1127 2604 ό
1142 2580 1220 2615 ὥραις
1244 2578 1402 2616 ἀσύγκριτος
1425 2587 1433 2596 ⁸
1459 2579 1471 2605 6
1491 2578 1696 2616 βροντάντιπνός
1718 2587 1726 2596 ⁸
1748 2580 1762 2606 ό
1786 2579 1922 2617 616796736-

1114 2626 1186 2654 ποιός
1200 2631 1206 2638 ⁸
1220 2624 1232 2650 6
1247 2623 1410 2660 κλωθοῳόρος
1429 2632 1434 2639 ⁸
1458 2625 1472 2650 6
1495 2625 1558 2661 ὑπερ
1575 2627 1623 2654 τὴν
1646 2625 1803 2663 εἱμαρμένην
1825 2629 1919 2652 ποιῶν·

1114 2670 1126 2695 ό
1152 2670 1241 2705 τύχης
1270 2668 1395 2706 ἀνώτερος
1418 2676 1425 2684 ⁸
1451 2669 1464 2695 6
1490 2671 1616 2706 νεμέσεως
1641 2671 1725 2701 αἴτιος
1749 2678 1756 2685 ⁸
1785 2671 1798 2697 6
1819 2669 1919 2706 λάχεσι

1112 2715 1277 2752 πρυτανεύων
1292 2721 1299 2729 ⁸
1330 2715 1342 2740 ό
1369 2715 1402 2740 ὡν
1425 2715 1511 2746 κοινὸς
1537 2717 1618 2741 πᾶσιν
1645 2723 1652 2731 ⁸
1682 2714 1759 2746 ἄλλος
1785 2714 1810 2742 ἓν
1839 2715 1918 2742 καθε-

1112 2760 1240 2790 κάστοις·
1263 2759 1278 2788 ἡ
1304 2761 1405 2796 γέφυρα
1423 2763 1473 2786 τῶν
1494 2759 1547 2785 ἄνω
1573 2761 1617 2786 καὶ
1642 2761 1714 2787 κάτω
1738 2766 1747 2776 ⁸
1775 2760 1788 2786 6
1818 2757 1916 2796 δεσμὸς

1111 2805 1161 2830 τῶθ
1173 2801 1243 2840 δίχα
1257 2806 1411 2840 φρονεόντων
1435 2811 1442 2821 ⁸
1470 2804 1483 2831 6
1509 2808 1560 2832 τῶν
1577 2803 1664 2843 πόρρω
1692 2806 1849 2837 συνακτικὸς
1869 2810 1878 2820 ⁸
1898 2803 1916 2837 ῥ

1120 2267 1223 2296 σωστης
1237 2285 1242 2290 .
1255 2266 1268 2291 ό
1284 2266 1455 2303 Θυμοκροέτωρ
1470 2273 1477 2281 ⁸
1503 2267 1516 2292 6
1536 2264 1687 2302 ὀμφοδότης
1703 2274 1711 2282 ⁸

1118 2308 1316 2346 ἀκατηγόρητος
1328 2319 1334 2325 ⁸
1351 2311 1363 2336 6
1389 2309 1554 2341 ἀτελεύτητος

1451 2669 1464 2695 6
1490 2671 1616 2706 νεμέσεως
1641 2671 1725 2701 αἴτιος
1749 2678 1756 2685 ⁸
