4090 6388
216 318 323 377 769

215 552 317 584 νων
355 537 431 602 τῷ
458 528 562 605 βίῳ
592 547 607 561 ⁸
641 532 669 583 6
699 537 918 605 γνώμων
946 537 1038 591 τῆς
1092 527 1331 590 ἀληθείας
1363 544 1377 557 ⁸
1438 528 1464 580 6
1504 534 1671 581 κανὼν
1735 539 1830 594 τῆς

217 621 506 684 εύθύτητος
550 637 566 652 ⁸
624 622 655 680 ἠ
732 622 938 694 στάθμη
975 621 1005 678 ἡ
1045 617 1423 693 ἀπαρέγκλίτος
1482 634 1497 648 ⁸
1562 622 1621 673 τὸ
1682 616 1827 693 ὕδωρ

215 716 311 763 τού
339 708 558 783 ἑλεγμοῦ
590 727 604 741 ⁸
639 712 664 763 6
694 718 857 764 ποιῶν
882 712 1004 771 τοὺς
1075 707 1324 781 ἀγγέλους
1368 708 1528 761 αὐτοῦ
1596 711 1827 782 πνεύμα-

214 820 284 853 τα
314 817 331 834 ⁸
361 801 389 852 6
416 802 537 861 τούς
560 799 894 875 λειτουργούς
929 798 1092 853 αὐτοῦ
1137 801 1303 874 πυρός
1341 797 1504 871 φλόγα
1535 819 1548 832 ⁸
1605 801 1631 851 6
1686 800 1828 873 θεμε-

211 888 337 941 λιῶν
365 892 462 948 τὴν
520 896 620 962 γῆν
673 887 757 943 ἐπὶ
789 892 887 947 τὴν
937 886 1218 961 ἀσφάλειαν
1271 886 1435 948 αὐτῆς
1489 908 1501 921 ⁸
1566 888 1592 939 6
1647 887 1827 950 ἐξανα-

211 976 403 1031 τελλων
426 981 624 1053 χόρτον
647 983 759 1039 τοῖς
816 980 1057 1036 κτήνεσιν
1112 993 1126 1007 ⁸
1177 977 1205 1029 6
1264 974 1432 1049 χλόην
1495 983 1557 1049 τῇ
1616 972 1828 1051 δουλείᾳ

211 1075 316 1121 τῶν
347 1065 632 1143 ἀνθρώπων
672 1082 686 1097 ⁸
720 1068 746 1118 6
802 1066 1088 1141 ἁπτόμενος
1143 1072 1245 1119 τῶν
1300 1064 1454 1140 ὁρέων
1510 1070 1601 1119 καὶ
1648 1072 1827 1120 καπνί-

213 1157 406 1219 ζοντας
437 1173 449 1187 ⁸
479 1156 506 1207 6
537 1151 726 1218 διδούς
752 1158 898 1230 πάσῃ
936 1160 1094 1229 σαρκὶ
1122 1159 1314 1229 τροφὴν
1368 1169 1384 1185 ⁸
1416 1156 1441 1207 6
1500 1151 1777 1219 σιτοδότης
1806 1172 1820 1187 ⁸

212 1264 240 1298 ο
272 1240 641 1318 νομοδοτήσας
676 1248 765 1298 τὸν
814 1243 1029 1321 Ἰσραήλ
1056 1259 1071 1275 ⁸
1131 1245 1158 1296 6
1195 1245 1439 1319 ὑπέρθεος
1499 1260 1512 1274 ⁸
1548 1245 1574 1296 6
1637 1243 1825 1321 κλῆρος

210 1344 314 1388 τῶν
372 1331 702 1407 φοϐουμένων
757 1334 909 1388 αὐτόν
961 1349 976 1365 ⁸
1033 1334 1063 1392 ἡ
1130 1333 1315 1386 αἰωνία
1358 1337 1461 1397 ζωή
1509 1354 1521 1367 ⁸
1556 1335 1582 1386 6
1626 1333 1822 1398 ἄσυλος

215 1426 478 1499 θησαυρός
518 1440 531 1454 ⁸
586 1424 613 1475 6
646 1421 949 1497 έπιστημων
1004 1439 1017 1454 ⁸
1072 1424 1099 1475 6
1145 1426 1446 1496 προτρέπων
1496 1429 1766 1499 προφήτας
1804 1441 1817 1455 ⁸

212 1514 241 1565 6
275 1511 474 1566 τελειῶν
516 1513 707 1585 ἱερεῖς·
737 1531 764 1565 ο
833 1514 1118 1586 ἱερωσύνην
1180 1513 1538 1585 νομοθετήσας
1588 1528 1602 1542 ⁸
1656 1532 1681 1566 6
1735 1514 1823 1565 θυ-

211 1607 337 1666 σίας
395 1600 766 1676 ἀναλαμϐάνων
802 1618 815 1633 ⁸
854 1604 879 1655 6
904 1608 1174 1673 γινώσκων
1210 1605 1277 1656 τά
1328 1604 1497 1656 πάντα
1528 1605 1597 1666 ὡς
1649 1599 1823 1665 οὐδεὶς

209 1693 261 1746 ἕν
293 1708 306 1722 ⁸
348 1693 374 1744 6
400 1694 605 1764 ἀνάγων
663 1687 809 1765 ὕδωρ
863 1689 912 1744 έν
949 1699 1091 1753 ταίς-
1121 1691 1344 1765 νεφελαξ
1380 1710 1395 1726 ⁸
1450 1694 1476 1745 6
1530 1695 1623 1756 τας
1663 1691 1821 1769 έπάρ-

206 1799 315 1843 σεις
348 1788 442 1842 τῆς
476 1779 863 1854 πολυφλοίσϐου
934 1779 1221 1857 συντρίϐων
1282 1780 1331 1834 ἐν
1360 1780 1524 1853 ἐαυτῷ
1565 1799 1578 1813 ⁸

202 1875 463 1944 τειχίζων
490 1874 586 1929 τήν
618 1869 887 1924 θάλασσαν
916 1869 1123 1944 ψάμμῳ
1158 1888 1176 1905 ⁸
1213 1872 1239 1923 6
1276 1868 1566 1945 θυμόδοξος
1596 1889 1609 1903 ⁸
1643 1873 1669 1924 6
1728 1875 1821 1927 θυ-

203 1958 536 2035 μοδόξαστος
559 1976 573 1991 ⁸
611 1979 637 2013 ο
662 1956 956 2036 κυδοφόρος
990 1982 1003 1994 ·
1046 1981 1074 2014 ο
1140 1959 1397 2038 ἀκίστωρ⁸
1430 1981 1456 2015 ο
1520 1967 1689 2037 σωτὴρ
1731 1971 1823 2018 τοῦ

204 2056 411 2125 κόσμου
446 2067 461 2081 ⁸
496 2051 522 2102 6
554 2057 659 2121 φῶς
690 2050 842 2103 οἰκῶν
890 2066 902 2079 ⁸
938 2052 963 2102 6
993 2048 1279 2126 ἀπρόσιτος
1309 2068 1320 2081 ⁸
1377 2053 1402 2103 6
1441 2056 1671 2127 γεωργός
1722 2062 1823 2120 τῶν

206 2149 398 2217 φρενῶν
424 2156 439 2170 ⁸
472 2141 497 2192 6
549 2136 725 2202 ἀίδιος
755 2157 769 2171 ⁸
816 2142 842 2192 6
874 2138 1155 2214 ἀνώλεθρος
1209 2156 1222 2171 ⁸
1279 2142 1305 2193 6
1367 2140 1700 2218 ἀπροσκορής
1741 2158 1755 2171 ⁸
1796 2146 1822 2196 6

204 2226 448 2291 ἀνενδεὴς
482 2246 495 2259 ⁸
547 2230 573 2281 6
603 2226 982 2304 ἀνυπέρϐλητος
1037 2244 1052 2259 ⁸
1124 2231 1150 2282 6
1209 2228 1528 2305 ἀσύγκριτος
1559 2248 1571 2263 ⁸
1606 2233 1633 2284 6
1666 2230 1822 2298 ἀσύν,⁵

204 2337 453 2381 απτος⁸ο
507 2316 923 2392 ἀκαταμάχητος
987 2338 1001 2353 ⁸
1051 2339 1077 2371 ο
1131 2322 1413 2394 προνομεύς
1471 2342 1483 2354 ·
1543 2340 1570 2373 ο
1622 2323 1687 2375 τά
1719 2322 1818 2376 λει-

200 2410 453 2485 τουργικὰ
502 2408 693 2469 κτίζων
771 2411 1041 2482 πνεύματα
1094 2426 1108 2441 ⁸
1175 2411 1201 2461 6
1252 2405 1658 2484 ἀδωροδόκητος
1716 2427 1730 2442 ⁸
1787 2413 1813 2463 6

202 2497 683 2576 ἀπροσωπόληπτος
711 2513 725 2527 ⁸
766 2499 792 2550 6
844 2496 1108 2574 λυτρωτὴς
1160 2506 1252 2552 τοῦ
1290 2503 1491 2573 κόσμου
1526 2515 1539 2529 ⁸
1581 2501 1607 2553 6
1648 2498 1814 2574 βυθός

201 2597 291 2651 τῆς
322 2593 512 2661 σοφίας
545 2603 560 2619 ⁸
597 2588 625 2640 6
673 2589 844 2641 πάντα
898 2590 1029 2662 πρός
1077 2590 1137 2640 76
1179 2591 1437 2663 συμφέρον
1488 2588 1766 2663 οἰκονομῶν
1795 2604 1811 2621 ⁸

202 2681 231 2738 ἡ
287 2677 429 2740 έλπὶς
498 2679 702 2731 πάντων
738 2685 837 2730 τῶν
893 2678 1130 2753 περάτων
1181 2687 1274 2739 τῆς
1336 2687 1433 2751 γῆς
1491 2694 1506 2710 ⁸
1538 2681 1565 2731 6
1616 2689 1815 2756 μετρῶν

202 2771 289 2822 τόν
318 2767 537 2843 ούρανόν
595 2768 836 2840 σπιθαμῇ
879 2783 891 2797 ⁸
923 2768 949 2818 6
983 2763 1143 2842 δρακὶ
1180 2771 1420 2840 κατέχων
1465 2771 1558 2827 τὴν
1608 2776 1707 2840 γῆν
1738 2786 1750 2798 ⁸
1789 2770 1815 2821 6

204 2859 360 2932 ἄρτος
401 2866 495 2920 τῆς
529 2858 671 2920 ζωῆς
699 2873 713 2887 ⁸
744 2858 770 2909 6
798 2860 958 2931 αἴρων
991 2861 1084 2916 τὴν
1129 2857 1389 2931 ἁμαρτίαν
1426 2866 1519 2911 τοῦ
1554 2862 1755 2932 κόσμου
1793 2875 1807 2890 ⁸

210 2950 236 3000 6
270 2948 571 3022 προμηθεύς
608 2964 621 2976 ⁸
660 2948 686 2999 6
714 2946 1187 3020 καταλαμπτίφρων
1236 2963 1249 2977 ⁸
1298 2948 1324 2998 6
1374 2944 1659 3020 ἀμόλυντος
1708 2963 1721 2978 ⁸
1790 2950 1815 3001 6

211 3037 431 3099 ἄσπιλος
465 3054 477 3067 ⁸
508 3038 535 3089 6
566 3034 775 3098 ἀπαθής
819 3050 834 3067 ⁸
868 3037 894 3088 6
958 3041 1261 3099 σκεπαστὴς
1292 3052 1306 3067 ⁸
1342 3038 1368 3089 ὃ
1399 3035 1593 3109 βοηθός
1614 3053 1627 3068 ⁸
1660 3038 1687 3090 6
1715 3037 1811 3091 ἐνο·

206 3131 355 3190 ποιός
397 3140 412 3157 ⁸
447 3127 474 3178 ό
521 3130 677 3201 μόνος
702 3125 968 3203 λυτρωτὴς

204 3237 292 3281 τος
318 3220 453 3293 πρός
478 3220 667 3269 κακίαν
721 3229 738 3247 ⁸
793 3216 819 3268 6
872 3215 1070 3278 αἰνετός
1122 3231 1135 3246 ⁸
1173 3216 1199 3267 6
1252 3215 1669 3291 ύπερυψούμενος
1721 3234 1734 3248 ⁸

200 3307 396 3380 λύχνος
428 3313 523 3360 τοῦ
561 3309 729 3379 φωτός
782 3320 796 3335 ⁸
855 3306 882 3358 6
916 3305 1283 3380 πλαστουργός
1311 3322 1323 3336 ⁸
1365 3308 1391 3358 6
1446 3310 1665 3381 φρουρός
1718 3323 1734 3340 ⁸
1788 3308 1815 3359 6

198 3398 508 3474 προστάτης
545 3411 559 3426 ⁸
591 3397 617 3448 6
643 3394 807 3468 φύλαξ
835 3411 848 3425 ⁸
883 3396 910 3447 6
955 3400 1470 3457 συνουσιοουσιωτὴς
1503 3412 1516 3426 ⁸
1547 3396 1573 3448 6
1601 3395 1762 3468 φίλιος
1792 3412 1805 3427 ⁸

198 3490 224 3540 6
251 3488 579 3560 νικαγωγεύς
604 3501 618 3517 ⁸
653 3486 680 3537 6
708 3482 1191 3559 λαμπαδιανάπτης
1242 3502 1258 3518 ⁸
1292 3487 1319 3537 6
1384 3481 1745 3549 τεινοδοκίὸας
1798 3504 1811 3520 ⁸

195 3580 221 3632 6
258 3576 604 3653 βόθυνοποιός
634 3590 649 3606 ⁸
712 3576 738 3627 6
772 3570 1138 3637 πιθιοδείκτης
1172 3590 1185 3604 ⁸
1218 3576 1246 3627 ὅ
1298 3580 1681 3649 κεντροπήκτης
1714 3592 1727 3606 ⁸
1786 3578 1812 3630 6

198 3668 631 3742 σφαιρεργατής⁸
673 3665 699 3717 6
739 3662 1081 3740 ἠλιοκινητωρ
1117 3680 1130 3694 ⁸
1191 3665 1217 3716 6
1270 3670 1645 3737 μηναυγαστής
1704 3681 1719 3695 ⁸
1785 3667 1810 3717 6

194 3757 470 3815 πλανήτων
497 3751 745 3816 όδοποιός
772 3770 785 3785 ⁸
816 3754 842 3805 6
896 3754 999 3815 ζῶν
1036 3769 1050 3782 ⁸
1088 3754 1116 3805 6
1167 3751 1249 3806 ἀεὶ
1303 3753 1405 3814 ζῶν
1438 3772 1450 3785 ⁸
1509 3755 1535 3806 6
1591 3758 1811 3816 ποιητὴς

195 3856 298 3900 τῶν
342 3844 572 3917 ἀγγέλων
604 3859 618 3874 ⁸
659 3845 685 3895 6
735 3842 1383 3916 ζωνοαφανοληγοτροπεύς
1435 3859 1449 3873 ⁸
1506 3844 1532 3895 6
1580 3840 1813 3903 ἡλδανο-

196 3938 333 4009 χεύς
358 3938 485 4007 (ita
519 3932 692 4005 cod.)
723 3950 735 3962 .
767 3933 793 3984 6
817 3934 1505 4008 χθονερπιτονεμετεργάτης
1543 3948 1556 3962 .

195 4044 356 4098 Ἦμος
386 4041 399 4054 .
430 4025 457 4077 ὁ
485 4022 822 4096 πολυώνυμος
865 4039 878 4051 ⁸
913 4023 939 4074 6
977 4028 1314 4095 παντώνυμος
1348 4037 1360 4051 ⁸
1396 4023 1422 4073 6
1453 4024 1645 4094 ἑποχος
1676 4024 1696 4093 (
1723 4023 1812 4079 ita

195 4115 368 4187 ιὀάι)
401 4115 744 4188 σώφροσύνης
775 4128 788 4143 ⁸
831 4113 857 4164 6
888 4109 1127 4186 ἀνόμοιος
1170 4130 1183 4145 ⁸
1212 4112 1237 4163 6
1286 4111 1522 4173 ζωννύων
1571 4119 1684 4174 τοῖς
1714 4110 1813 4185 βα-

194 4203 434 4258 σιλεϋσιν
463 4203 626 4276 ἰσχύν
659 4217 672 4229 ⁸
714 4203 741 4254 6
770 4203 1147 4277 ύπερκέραυνος
1176 4217 1189 4230 ⁸
1241 4201 1267 4252 6
1301 4202 1433 4255 θίτιν
1489 4205 1677 4275 κρίνων
1728 4215 1744 4231 ⁸
1784 4202 1811 4252 6

191 4289 535 4367 ἀνδρομέδων
569 4307 584 4322 ⁸
621 4293 648 4344 6
678 4292 823 4354 ὅσιος
856 4307 868 4321 ⁸
903 4292 930 4343 6
962 4289 1198 4352 ζηλωτής
1227 4307 1239 4320 ⁸
1270 4292 1295 4342 6
1326 4289 1542 4343 Σαϐαὼθ
1575 4306 1588 4320 ⁸
1625 4291 1651 4342 6
1683 4288 1815 4343 ἀπα-

185 4382 503 4456 ραλόγιστος
536 4401 548 4415 ⁸
599 4382 626 4434 6
654 4385 727 4455 μή
788 4382 926 4453 ἔχων
996 4378 1275 4452 ἀναλογίαν
1334 4395 1349 4411 ⁸
1412 4381 1438 4431 6
1487 4379 1813 4453 ἐτεροιότησι

184 4476 470 4534 ποιητικός
501 4487 515 4501 ⁸
545 4474 571 4524 6
601 4471 674 4532 εἷς
704 4469 752 4523 ἐν
781 4478 844 4542 τῇ
875 4472 1027 4542 φύσει
1062 4487 1073 4498 ·
1107 4471 1134 4520 6
1188 4470 1261 4531 εἷς
1312 4467 1362 4522 έν
1393 4476 1455 4542 τῇ
1513 4466 1761 4542 βασιλεία
1794 4485 1807 4500 ⁸

184 4564 214 4616 6
244 4565 315 4625 εἷς
346 4561 396 4615 ἐν
431 4570 493 4635 τῇ
529 4557 814 4632 δεσποτεία
852 4576 867 4592 ⁸
923 4560 950 4611 6
984 4560 1053 4620 εἷς
1080 4556 1129 4610 έν
1158 4565 1221 4631 τῇ
1263 4562 1537 4631 κυριότητι
1586 4575 1600 4589 ⁸
1660 4559 1688 4610 6
1741 4559 1810 4621 εἷς

182 4651 237 4707 6.:
266 4659 335 4722 τῇ
370 4648 594 4724 δυνάμει
622 4669 635 4683 ⁸
665 4651 691 4702 6
746 4654 899 4722 μόνος
939 4647 1191 4710 πλούσιος
1249 4663 1263 4677 ⁸
1325 4666 1352 4699 ο
1407 4651 1559 4721 μόνος
1614 4646 1807 4724 ἀγαθοέ

182 4738 355 4803 δότης
385 4758 398 4772 ⁸
428 4743 454 4794 6
484 4723 771 4812 ’ὀλύμπιος
798 4756 812 4771 ⁸
844 4740 871 4790 6
891 4738 1108 4810 χθόνιος
1140 4753 1153 4768 ⁸
1184 4738 1210 4788 6
1241 4737 1519 4809 ὑφηγητής
1538 4745 1638 4789 τῶν
1665 4723 1809 4789 δεόνξ

178 4852 289 4887 των
351 4848 365 4862 ⁸
422 4831 449 4882 6
505 4833 755 4904 κραταιός
814 4844 829 4858 ⁸
870 4829 899 4880 6
944 4829 1341 4902 τερπικέραυνος
1371 4842 1386 4856 ⁸
1421 4827 1448 4877 6
1477 4824 1806 4902 νεφεληγερέ-

175 4941 277 4983 711;
306 4936 325 4955 ⁸
356 4922 383 4973 6
412 4918 765 4997 ὑψιϐρεμέτης
803 4933 816 4948 ⁸
848 4917 876 4969 6
906 4916 1171 4990 ὑπέρτατα
1216 4911 1442 4988 δώματα
1490 4918 1646 4967 ναίων
1699 4928 1716 4947 ⁸
1777 4916 1804 4968 6

181 5012 484 5088 σεισίχθων
525 5026 539 5042 ⁸
608 5011 634 5063 6
683 5006 1124 5083 ἀσκληπιαρωγός
1177 5019 1193 5038 ⁸
1244 5006 1269 5060 6
1328 5006 1645 5082 θαρσοποιός
1700 5018 1716 5036 ⁸
1778 5006 1805 5057 6

1088 3754 1116 3805 6
1167 3750 1249 3806 ἀεὶ
1303 3753 1405 3814 ζῶν
1438 3772 1450 3785 ⁸

1611 3934 1638 3985 6
1679 3931 1811 3985 ἀνώ-

1480 310 1572 371 DE
1609 312 1860 373 DleNlS
1898 307 2304 376 NOMINIBUS.

216 441 402 518 χάραξ
428 448 532 495 τῶν
568 440 712 519 παρά
735 441 897 516 φύσιν
921 453 937 473 ⁸
994 438 1024 499 ἡ
1059 430 1307 500 διάϐασις
1354 444 1452 492 τῶν
1500 441 1834 513 μετατιθεμί-
1862 446 1910 501 Α
1938 460 1966 494 ο
2003 440 2329 518 εἰρηνάρχης
2397 457 2411 473 ⁸

1619 1802 1646 1836 ο
1680 1802 1823 1859 περι-
1860 1804 1905 1858 Β
1932 1783 2085 1854 ρανόν
2108 1796 2122 1810 ⁸
2156 1781 2181 1832 6
2212 1777 2503 1834 ὑποπόδιον
2536 1783 2720 1856 αύχῶν
2747 1789 2840 1844 τὴν
2863 1794 2963 1859 γῆν
3006 1805 3018 1816 ⁸

3467 340 3575 396 770

2467 444 2494 496 6
2547 444 2895 522 εἰρηνώνυμος
2962 468 2977 483 ⁸
3030 455 3061 512 ἡ
3130 455 3404 529 αὐτοπάγη
3448 473 3463 489 ⁸
3513 463 3540 512 ὀ

1938 528 2361 605 άμϐροσιοδὸτης
2393 550 2406 564 ⁸
2441 534 2468 586 6
2498 543 2589 589 τοῦ
2616 540 2858 614 νέκταρος
2898 547 3169 617 παροχεύς
3221 562 3233 575 ⁸
3267 548 3293 600 6
3339 528 3544 622 κοσμη-

1939 639 2033 682 σας
2061 624 2148 674 τὸν
2187 620 2402 695 ούρανόν
2453 640 2468 656 ⁸
2525 624 2552 677 6
2605 645 2845 700 καταγων
2897 633 3078 695 ύετούς
3131 650 3145 665 ⁸

1936 709 2082 781 ὑψῶν
2120 726 2133 742 ⁸
2167 712 2193 764 6
2224 712 2512 788 συντρίϐων
2540 718 2663 779 τούς
2709 715 3024 794 έπηρμίνους
3076 742 3090 757 ⁸
3143 724 3169 776 6
3217 722 3423 797 ἀνυψῶν
3461 732 3540 782 κέι

1934 818 2030 873 ρας
2056 808 2157 852 τῶν
2186 810 2441 875 χρηστῶν
2470 803 2632 858 αὑτοῦ
2675 821 2690 835 ⁸
2751 807 2778 859 6
2814 806 3050 881 βασιλεῖς
3094 816 3359 887 κρατύνων
3408 831 3422 847 ⁸
3479 820 3539 870 76

1935 888 2314 943 καταναλίσκον
2346 899 2450 965 πῦρ
2490 892 2752 969 ἁμαρτίας
2810 912 2823 926 ⁸
2868 901 2925 951 1'6
2976 897 3298 956 ἀνύστακτον
3338 908 3482 978 ὄμμα
3520 922 3534 936 ⁸

1935 980 1962 1031 6
2011 982 2105 1037 τὴν
2136 984 2447 1033 ταπείνωσιν
2506 988 2838 1058 προσιέμενος
2896 1004 2909 1019 ⁸
2965 989 2991 1041 6
3048 987 3376 1045 ἀντιτάσσων
3432 1001 3542 1057 τοίς

1936 1066 2278 1141 ὑπερηφάνοις
2308 1084 2322 1100 ⁸
2354 1070 2380 1121 6
2410 1070 2794 1147 καταρῥάσσων
2822 1078 2938 1138 τούς
2976 1076 3228 1143 ἀλαζόνας
3275 1098 3289 1113 ⁸
3347 1083 3373 1134 6
3407 1089 3541 1138 πᾶσι

1933 1161 2072 1229 χέων
2102 1161 2189 1211 τόν
2214 1157 2347 1212 ἔλεον
2379 1176 2392 1191 ⁸
2425 1162 2451 1213 6
2484 1159 2561 1215 ἐπὶ
2592 1169 2848 1239 πονηρούς
2876 1172 2966 1220 καί
3014 1167 3241 1242 ἀγαθούς
3277 1171 3488 1245 βρέχων
3519 1187 3535 1205 ⁸

1935 1247 1962 1298 6
1995 1245 2272 1300 ἀνατέλλων
2311 1252 2399 1301 τόν
2425 1249 2570 1308 ἣλιον
2611 1252 2698 1306 ἐπὶ
2750 1250 2989 1318 δικαίους
3025 1263 3116 1312 καὶ
3172 1257 3389 1323 ἀδίκους
3436 1276 3449 1289 ⁸
3513 1264 3540 1315 6

1932 1338 2101 1390 πάντα
2124 1340 2278 1390 ποιάν
2316 1344 2405 1392 καὶ
2441 1341 2845 1413 μετάσκευάζων
2916 1362 2929 1377 ⁸

1932 1423 1987 1478 16
1995 1433 2082 1478 ιῶν
2117 1444 2128 1456 ⁸

3198 636 3224 688 6
3268 642 3509 692 ταπεινοῦ
3520 660 3541 701 ς

2989 1349 3015 1399 6
3069 1357 3170 1410 τῶς
3223 1353 3403 1423 φύσεις
3455 1351 3539 1405 ἀλ-

2173 1426 2199 1479 6
2228 1423 2382 1490 εἰδὼς
2409 1430 2475 1481 τά
2504 1431 2673 1485 πάντα
2722 1437 2806 1486 καὶ
2840 1438 2941 1509 πρό
2992 1442 3233 1509 γενέσεως
3289 1455 3302 1470 ⁸
3335 1444 3394 1493 1'6
3445 1450 3542 1505 τῆς

1934 1514 2328 1588 εὐσπλαγχνίας
2378 1516 2777 1591 ἀτεξιχνίαστον
2859 1522 3079 1596 πέλαγος
3137 1543 3151 1558 ⁸

1930 1608 2030 1653 τῶν
2059 1599 2264 1673 ἀγαθῶν
2294 1617 2311 1634 ⁸
2339 1603 2369 1661 ἠ
2403 1602 2694 1680 πλημμύρα
2718 1614 2819 1658 τῶν
2867 1608 3034 1661 καλῶν
3066 1625 3079 1640 ⁸

1932 1690 2179 1764 πρύτανις
2210 1706 2223 1721 ⁸
2253 1690 2279 1742 6
2309 1693 2463 1764 μόνος
2494 1691 2706 1768 φοϐερός
2753 1712 2769 1727 ⁸

3207 1529 3237 1586 ἡ
3296 1529 3540 1584 θάλασσα

3135 1611 3161 1662 6
3190 1620 3290 1665 τῶν
3345 1612 3537 1667 ἐσθλῶν

2810 1696 2836 1748 6
2902 1699 3038 1769 ἔχων
3090 1700 3266 1774 θρόνον
3320 1705 3408 1755 τὸν
3442 1704 3537 1757 ού·-

3069 1789 3096 1840 6
3132 1789 3363 1861 χαλινῶν
3391 1792 3537 1867 φάμα

1933 1888 2015 1940 μῳ
2043 1872 2138 1929 τὴν
2169 1869 2438 1923 θάλασσαν
2471 1887 2484 1900 ⁸
2532 1873 2559 1924 6
2588 1878 2682 1932 τὴν
2721 1873 3006 1949 ἀγριότητα
3058 1886 3150 1931 τοῦ
3188 1883 3378 1933 πόντου
3418 1881 3537 1936 ἀνα·

1932 1959 2195 2030 χαιτίζων
2236 1976 2250 1989 ⁸
2304 1961 2329 2012 6
2377 1960 2683 2036 λειοκύμονα
2747 1968 2945 2024 ταύτην
2995 1966 3414 2044 ἀπεργαζόμενος
3462 1990 3473 2002 ⁸
3511 1975 3537 2026 6

1933 2051 1992 2101 τὸ
2024 2047 2250 2102 εύπλοεῖν
2280 2055 2393 2111 ταῖς
2419 2056 2575 2104 ναυσὶ
2630 2058 2989 2129 παρεχόμενος
3029 2072 3042 2086 ⁸
3104 2059 3130 2110 6
3185 2061 3356 2114 πάντα
3407 2066 3538 2138 πρὸς

1932 2140 1991 2189 76
2029 2143 2288 2214 συμφέρον
2314 2139 2596 2213 οἰκονομῶν
2628 2162 2641 2176 ⁸
2670 2144 2700 2202 ἡ
2755 2145 3005 2220 μάχαιρα
3055 2155 3149 2210 τῆς
3193 2154 3378 2212 κακίας
3431 2165 3447 2182 ⁸
3503 2152 3533 2212 ἡ

1932 2224 2079 2290 ἀξίνη
2112 2236 2175 2286 τῆ
2187 2247 2208 2290 ς
2239 2224 2457 2293 ἀδικίας
2489 2246 2501 2259 ⁸
2544 2232 2574 2289 ἠ
2601 2231 2837 2305 ῥομφαία
2864 2241 2958 2286 τοῦ
3017 2238 3180 2289 σατάν
3213 2253 3226 2268 ⁸
3259 2240 3290 2297 ἡ
3358 2242 3534 2300 σπάθη

1928 2323 2025 2378 τῆς
2053 2321 2311 2393 πονηρίας
2341 2334 2359 2352 ⁸
2400 2320 2430 2379 η
2458 2328 2554 2381 τῆς
2585 2316 2890 2382 δολιότητος
2919 2325 3142 2398 θραῦσις
3173 2342 3186 2358 ⁸
3225 2328 3251 2380 6
3277 2332 3371 2388 τὴν
3403 2326 3534 2385 δια-

1927 2404 2081 2464 ϐολὴν
2119 2415 2289 2479 μισῶν
2327 2422 2340 2437 ⁸
2400 2409 2427 2460 6
2475 2414 2699 2471 ποιητὴς
2750 2420 2850 2463 τῶν
2906 2414 3104 2486 ὁρατῶν
3150 2432 3163 2448 ⁸
3217 2418 3243 2468 6
3300 2417 3538 2480 πλάστης

1921 2503 2022 2552 τῶν
2055 2503 2253 2554 νοητῶν
2285 2510 2299 2527 ⁸
2376 2497 2403 2550 6
2434 2503 2773 2571 παραγωγεύς
2819 2509 2920 2554 τῶν
2966 2502 3232 2562 αἰσθητῶν
3283 2523 3296 2538 ⁸
3358 2509 3383 2561 6
3443 2507 3538 2571 δη-

1922 2588 2179 2661 μιουργός
2213 2593 2313 2638 τῶν
2352 2591 2425 2660 μὴ
2464 2592 2780 2661 φαινομένων
2811 2605 2826 2621 ⁸
2861 2593 2887 2644 6
2918 2597 3142 2657 κτίστης
3169 2604 3271 2648 τῶν
3323 2596 3489 2652 ἀύλων
3515 2614 3533 2633 ⁸

1924 2678 1950 2729 6
1980 2678 2235 2749 συνοχευς
2261 2684 2362 2728 τῶν
2391 2673 2576 2729 ἔνύλων
2605 2692 2618 2707 ⁸
2649 2679 2675 2730 6
2722 2677 2907 2743 ἐσθλός
2963 2699 2976 2713 ⁸
3008 2684 3039 2741 ἡ
3098 2684 3485 2759 ούτοαγαθότης
3517 2707 3531 2722 ⁸

1925 2768 1951 2819 6
1984 2763 2205 2838 ἐλεήμων
2264 2783 2278 2797 ⁸
2312 2783 2338 2817 ο
2370 2763 2633 2841 ἐλεουργός

2691 2784 2708 2802 ⁸
2745 2786 2772 2820 ο
2819 2769 3135 2835 αύτόνυκτος
3198 2791 3210 2805 ⁸
3263 2794 3289 2828 6
3342 2778 3532 2831 οἰκτεί-

1924 2876 2025 2930 ρων
2061 2870 2072 2883 ⁸
2101 2856 2128 2907 ό
2157 2853 2271 2927 μεθ’
2310 2850 2507 2918 ἡδονῆς
2541 2855 2660 2929 ἐλέῳ
2708 2866 2856 2931 χρῶν
2898 2880 2912 2893 ο
2967 2861 2994 2913 6
3046 2865 3169 2924 τούς
3221 2857 3531 2929 δικάζοντας

1927 2942 2160 3006 δικάζων
2190 2960 2205 2976 ⁸
2242 2946 2268 2997 6
2294 2948 2411 3005 τόύς
2450 2944 2712 3010 έλεοῦντας
2736 2946 2882 3001 ἐλεῶν
2909 2963 2924 2979 ⁸
2962 2950 2989 3004 6
3043 2955 3165 3015 τούς
3222 2952 3530 3027 ἀγαπῶντας

1925 3034 2141 3107 ἀγαπῶν
2180 3051 2195 3065 ⁸

2233 3035 2259 3087 6
2306 3042 2406 3087 τῶν
2443 3034 2722 3107 μελλόντων
2772 3044 3010 3109 γνὼστης
3063 3055 3079 3072 ⁸
3137 3043 3163 3094 6
3220 3044 3530 3117 ἓφαπλῶσας

1029 3142 1044 3157 ⁸
1081 3127 1108 3178 6
1160 3127 1482 3202 ύπεράρχιος
1518 3142 1531 3157 ⁸
1565 3127 1591 3178 6
1644 3125 1818 3187 ἀκίνη-
1846 3168 1886 3225 C
1928 3124 2111 3199 αἰθέρα
2139 3142 2148 3154 ⁸
2178 3124 2215 3215 9;
2238 3127 2296 3210 τό
2355 3122 2638 3198 ἀρχέγονον
2698 3122 2987 3202 διατμήξας
3040 3139 3145 3204 φῶς
3187 3149 3199 3163 '
3242 3135 3268 3186 ὁ
3323 3155 3530 3208 φωτοει⁸

1790 3210 2028 3277 όυδὴς

2067 3229 2080 3244 ⁸
2115 3214 2141 3267 6
2166 3211 2265 3267 τῶν
2294 3219 2468 3287 φώτων
2509 3211 2674 3289 δοτὴρ
2735 3233 2748 3246 ⁸
2813 3218 2839 3271 6
2890 3224 3037 3294 χειρὶ
3087 3226 3324 3296 κατέχων
3356 3231 3532 3280 πᾶσαν

1928 3304 2068 3365 ζωήν
2102 3320 2115 3334 ⁸
2149 3305 2175 3356 6
2207 3307 2266 3357 76
2317 3306 2405 3379 ἔαρ
2443 3309 2719 3378 κοσμήσας
2752 3323 2763 3335 ⁸
2806 3317 2832 3360 ο
2898 3317 2991 3362 τοῦ
3044 3312 3222 3385 θέρους
3287 3334 3532 3390 παραγω-

1922 3396 2046 3465 γεύς
2076 3411 2087 3424 ⁸
2130 3394 2156 3446 6
2182 3396 2240 3447 76
2273 3394 2593 3471 φθινόπωρον
2650 3398 3025 3470 τεκτηνάμενος
3084 3416 3097 3430 ⁸
3150 3403 3176 3454 6
3202 3410 3274 3475 τῷ
3309 3415 3533 3479 χειμῶνι

1923 3484 2181 3557 ἀφορίσας
2207 3486 2264 3536 τό
2284 3482 2460 3555 ψύχος
2493 3501 2506 3515 ⁸
2534 3486 2560 3536 6
2604 3485 2931 3562 χειμάρρους
2987 3487 3269 3545 ἀνατελλων
3338 3511 3357 3524 ⁸
3386 3497 3411 3547 6
3441 3516 3533 3550 πο·

1922 3576 2118 3646 ταμοὺς
2150 3572 2406 3646 ξηραίνων
2444 3590 2457 3605 ⁸
2498 3574 2524 3625 6
2590 3574 2921 3651 κυκλοφορῶν
2986 3581 3104 3641 τούς
3156 3578 3375 3656 ἀστέρας
3433 3601 3447 3615 ⁸
3505 3587 3531 3639 6

1922 3660 2212 3723 ἀήττητος⁸
2246 3664 2272 3714 ό
2325 3660 2644 3736 ἀπολέμητος
2672 3678 2688 3694 ⁸
2751 3667 2776 3717 6
2831 3665 3102 3737 ἄψαυστος
3152 3687 3166 3700 ⁸

1920 3753 1947 3804 ὁ
1978 3751 2274 3826 ἀμερίστως
2301 3751 2472 3804 πάντα
2499 3754 2631 3826 ὁρῶν
2674 3770 2686 3784 ⁸
2721 3755 2748 3806 6
2796 3761 3085 3828 χαροποιός
3116 3774 3130 3789 ⁸
3191 3761 3217 3812 6
3275 3759 3532 3835 θυμηὸιοο

1922 3837 2126 3903 δότηςο
2154 3842 2181 3892 6
2215 3837 2562 3914 σοφριοδότης
2606 3859 2618 3872 ⁸
2650 3844 2676 3895 6
2736 3850 2997 3920 νημερτής
3058 3863 3072 3877 ⁸
3114 3849 3140 3900 6
3187 3849 3385 3914 ὕπατος
3433 3868 3447 3883 ⁸
3503 3856 3530 3907 6

1919 3929 2252 4002 παντὸφυλαξ
2290 3947 2308 3964 ⁸
2340 3931 2365 3982 6
2395 3928 2803 4005 παντοθρέμμων
2831 3948 2846 3964 ⁸
2902 3936 2928 3987 6
2960 3937 3130 3990 πάντα
3185 3940 3250 4000 ὡς
3306 3941 3356 3993 ἓν
3408 3940 3530 4015 βλέ-

1922 4039 2031 4072 πων
2062 4037 2074 4051 ο
2111 4020 2136 4071 ὁ
2165 4016 2460 4083 ἀδέκαστος
2487 4036 2501 4049 ⁸
2535 4022 2561 4073 6
2601 4024 2935 4100 πνοοκράτωρ
2989 4042 3003 4057 ⁸
3038 4028 3064 4078 6
3120 4026 3427 4100 ὑγειοὸὀτης
3455 4048 3466 4060 ·
3503 4033 3529 4086 ὁ

1925 4105 2242 4170 ἀδιάϐλητος
2284 4126 2295 4138 ⁸
2331 4110 2357 4161 6
2384 4108 2594 4173 ἀπαθής
2625 4126 2638 4139 ⁸
2664 4112 2689 4163 6
2723 4110 3029 4177 ἀνείκαστος
3086 4114 3135 4168 ἐν
3188 4117 3480 4191 ἀγαθότητι
3512 4137 3527 4153 ⁸

1923 4199 1949 4252 ὁ
1978 4198 2226 4260 αύτονοῦς
2266 4216 2280 4229 ⁸
2311 4200 2341 4258 η
2390 4199 2713 4272 αύτογνῶσις
2742 4218 2755 4233 ⁸
2789 4204 2820 4261 ἡ
2875 4203 3189 4270 αύτονόησις
3248 4223 3261 4237 ⁸
3317 4213 3346 4267 ὴ
3382 4210 3532 4264 αύτο-

1921 4287 2179 4351 τελειότης
2217 4301 2232 4318 ⁸
2265 4290 2290 4341 6
2329 4291 2397 4342 τά
2443 4288 2633 4350 ἀσθενῆ
2688 4287 2990 4366 ἔνδυναμῶν
3042 4311 3057 4325 ⁸
3114 4297 3145 4355 ἡ
3208 4296 3532 4374 μεγαλόϐρυ-

1920 4396 2005 4439 τος
2034 4374 2259 4451 δύναμις
2301 4396 2315 4411 ⁸
2348 4379 2375 4431 6
2403 4376 2730 4455 βροτουργός
2758 4397 2771 4411 ⁸
2811 4384 2871 4435 76
2918 4381 3073 4457 βῆμα
3099 4389 3158 4438 τό
3211 4384 3469 4446 ἀλάθητον
3508 4401 3521 4419 ⁸

1921 4466 2229 4541 ὁάμεγέθης
2280 4488 2293 4502 ⁸
2327 4471 2385 4521 τό
2436 4472 2509 4541 μὴ
2564 4468 2840 4545 ἰσόρροπον
2893 4475 3111 4545 μέγεθος
3164 4491 3178 4506 ⁸
3234 4478 3264 4535 ἠ
3321 4477 3437 4541 ἐνάς
3495 4477 3525 4539 ἡ

1920 4556 2148 4620 ἑνοποιός
2176 4566 2278 4610 τῶν
2308 4554 2504 4611 ἐνάδων
2567 4577 2581 4591 ⁸
2615 4560 2641 4611 6
2684 4561 2889 4613 πάντων
2941 4560 3076 4624 έντός
3132 4581 3146 4596 ⁸
3205 4566 3231 4617 6
3282 4569 3530 4641 νοσοφθό-

1916 4665 2014 4721 ρας
2051 4662 2065 4676 ⁸
2099 4648 2130 4706 ἡ
2162 4649 2387 4721 τρυτάνη
2415 4656 2507 4709 τῆς
2534 4645 2744 4717 θέμιδος
2773 4667 2787 4682 ⁸
2844 4653 2870 4704 6
2896 4653 3250 4724 χιονοϐλήτης
3310 4671 3324 4687 ⁸
3376 4658 3402 4708 6
3449 4677 3531 4729 γι-

1915 4734 2372 4811 γαντορραίστης⁸
2434 4738 2460 4789 6
2508 4739 2712 4801 οἶαπτος
2771 4756 2784 4769 ⁸
2843 4742 2869 4792 6
2927 4740 3360 4817 ἀπροσπέλαστος
3425 4762 3440 4777 ⁸
3501 4748 3527 4800 6

1917 4822 2177 4901 ἀκήρατος
2217 4841 2230 4857 ⁸
2265 4823 2313 4877 έν
2340 4823 2380 4898 ᾧ
2412 4826 2543 4888 ζωαί
2573 4842 2588 4857 ⁸
2625 4829 2656 4886 ἠ
2685 4828 2944 4889 αύτοπνοὴ
2981 4846 2996 4861 ⁸
3027 4828 3062 4884 δ
3067 4831 3100 4884 ι’
3132 4832 3187 4884 ὂν
3243 4836 3298 4886 αἱ
3350 4840 3524 4889 πνοαί·

1916 4910 1992 4968 δι’
2017 4910 2076 4967 οὗ
2106 4916 2160 4967 αἰ
2185 4917 2340 4968 πνοαί
2369 4933 2381 4945 ⁸
2415 4914 2472 4980 ἐξ
2503 4916 2565 4968 οὗ
2599 4919 2655 4970 αἰ
2692 4923 2845 4973 πνοαί
2877 4934 2890 4950 ⁸
2925 4919 2951 4973 6
2980 4919 3218 4985 ἄπλητος
3249 4939 3265 4955 ⁸
3299 4923 3324 4977 ὁ
3355 4924 3422 4977 ῶν
3454 4925 3526 4991 εἰς

1914 5009 2036 5068 τοὺς
2066 5004 2257 5068 αἰῶνας
2279 5014 2380 5059 τῶν
2403 5005 2619 5063 αἰώνων.

3218 3673 3244 3723 ό
3277 3671 3439 3751 ἀμερῆ
3452 3695 3474 3736 ς
3516 3691 3528 3707 ⁸

2567 4577 2581 4591 ⁸
2615 4560 2641 4611 6
2684 4561 2889 4613 πάντων
2941 4560 3076 4624 έντός
3132 4581 3146 4596 ⁸
