4090 6382
519 308 620 371 774
1895 303 2260 371 THEODORI
2297 315 2345 370 II
2383 317 2522 373 IMP.
3781 326 3886 379 772

1503 583 1894 672 ΚΑΝΩΝ
1981 584 2896 673 ΠΑΡΑΚΛΗΤΙΚΟΣ

911 807 1162 920 ΕΙΣ
1261 804 1585 919 ΤΗΝ
1682 800 2562 917 ΥΠΕΡΑΓΙΑΝ
2653 800 3477 920 ΘΕΟΤΟΚΟΝ

1780 1042 2050 1089 ΠοΙιιΜΑ
2115 1042 2245 1088 ΤΟΥ
2313 1012 2638 1091 Binum):

961 1225 1338 1314 ΚΥΡΟΥ
1394 1223 2005 1314 ΘΕΟΔΩΡΟΥ
2081 1220 2458 1308 ΔΟΥΚΑ
2529 1222 2754 1308 ΤΟΥ
2816 1222 3468 1310 ΛΑΣΚΛΡΕΩΣ

1504 1593 1867 1727 (‘ANON
1985 1636 2936 1725 EXHURTATOBIUS

1090 1880 1290 1998 AD
1370 1872 2438 1997 SANCTISSIMAM
2527 1873 3342 2020 DEIPARAM,

2120 2139 2299 2194 OPUS

516 2343 1205 2488 DOMINI
1368 2337 2051 2477 THEOD.
2195 2334 2766 2473 DUGZE
2922 2336 3869 2480 LASCARIS

600 2612 678 2665 Ex
707 2607 1069 2666 Paracletice
1100 2608 1443 2663 Graecorum
1473 2619 1614 2658 cum
1642 2599 2132 2672 interpretatione
2163 2602 2388 2654 nostra.
2421 2597 2613 2654 Aliam
2642 2599 2984 2654 versionem
3014 2599 3286 2657 ediderat
3308 2605 3369 2658 P.
3405 2603 3778 2675 Raynaudus

512 2702 574 2756 S.
635 2702 682 2754 J.
726 2700 884 2772 Opp.
941 2702 1086 2754 tom.
1130 2697 1240 2765 Vll,
1274 2694 1352 2750 ab
1398 2691 1717 2765 Hippolyto
1747 2690 2035 2747 Maraccio
2069 2692 2404 2758 acceptam,
2438 2687 2542 2758 qui
2586 2703 2722 2743 eam
2752 2704 2784 2743 e
2819 2688 3025 2745 Graeco
3057 2689 3264 2746 codice
3295 2691 3507 2748 Leonis
3537 2692 3730 2748 Allatii
3768 2709 3876 2765 per

545 2789 789 2846 fratrem
822 2803 1003 2844 suum
1035 2783 1403 2842 Ludovicum
1428 2781 1788 2840 Maraccium
1816 2779 1945 2835 ﬁeri
1975 2780 2310 2834 curaverat.
2331 2781 2404 2833 At
2427 2777 2679 2833 omnino
2707 2776 2941 2834 abludit
2959 2795 2997 2836 a
3018 2783 3181 2836 textu
3208 2782 3409 2837 Graeco
3429 2780 3832 2838 Paracletices.

1186 3034 1236 3088 1.
1265 3034 1536 3087 Hirmus.
2197 3033 2244 3084 A

2197 3033 2244 3084 A
2889 3029 2958 3082 α’.
2985 3027 3046 3081 Ὀ
3072 3031 3263 3102 εἰρμός.

506 3147 886 3202 Pharaonem
939 3141 1216 3211 aurigam
1274 3139 1446 3208 virga
1469 3135 1642 3194 Mosis
1687 3134 1748 3190 vi
1799 3133 2121 3190 miraculos

2339 3131 2739 3208 Ἀρματὴλάτην
2834 3141 3021 3209 Φαραὼ
3147 3136 3358 3190 ἐϐύθισε
3461 3140 3872 3213 τερατουργοῦσά

506 3235 721 3291 diebus
749 3232 864 3288 illis
907 3229 1248 3287 submersit.
1303 3231 1634 3300 Postquam
1693 3225 1855 3279 enim
1905 3223 2119 3279 marei

2268 3242 2392 3274 ποτε
2456 3227 2712 3281 Μωσαῑκὴ
2761 3221 2974 3298 ῥάϐδος,
3045 3229 3421 3301 σταυροτύπως
3467 3227 3737 3296 πλήξασα,
3794 3233 3873 3281 καὶ

506 3323 698 3378 crucis
736 3320 999 3376 formam
1052 3317 1367 3387 divisisset,
1420 3313 1719 3370 Israelitas
1776 3328 1850 3368 ex
1895 3313 2121 3384 IEgypt

2271 3308 2522 3363 διελοῦσα
2547 3311 2840 3383 θάλασσαν,
2883 3314 3096 3387 Ἰσραὴλ
3124 3312 3183 3368 δὲ
3214 3313 3450 3388 φυγάδα,
3485 3318 3642 3378 πεζὸν
3698 3315 3872 3375 ὁδίτην

505 3398 1239 3472 migrantes,pedibusque
1269 3397 1379 3452 iter
1405 3395 1692 3451 facientes
1727 3392 2020 3458 salvavit;
2055 3408 2120 3464 ιιι

1753 3392 1981 3450 alvavit
2007 3407 2020 3458 ;
2055 3393 2162 3464 qui
2269 3397 2543 3472 διέσωσεν,
2577 3396 2724 3474 ᾆσμα
2747 3411 2820 3474 τῷ
2848 3410 2962 3474 Θεῷ
2993 3403 3368 3477 ἀναμέλποντα.

504 3495 624 3548 Deo
648 3493 949 3563 hymnum
969 3487 1328 3544 cecinerunt.

576 3577 1015 3636 Adversitatum
1042 3576 1302 3649 impetus
1333 3573 1604 3630 animam
1634 3587 1835 3627 meam
1865 3569 2158 3626 humilem

2338 3587 2448 3633 Τῶν
2488 3580 2732 3655 λυπηρῶν
2785 3580 3054 3655 ἐπαγωγαὶ
3106 3585 3434 3656 χειμάζουσι
3485 3592 3575 3645 τὴν
3633 3592 3874 3645 ταπεινήν

506 3674 721 3726 vexant
747 3667 1192 3734 ;calamitatum
1219 3664 1414 3720 nubes
1440 3679 1544 3719 cor
1573 3677 1778 3718 meum
1800 3660 2121 3716 obscuram

2265 3688 2365 3741 μου
2396 3669 2603 3740 ψυχὴν,
2638 3675 2727 3722 καὶ
2753 3679 3031 3745 συμφορῶν
3070 3675 3190 3745 νέφη
3223 3679 3317 3731 τὴν
3369 3673 3497 3746 ἐμὴν
3549 3676 3877 3731 καλύπτουσι

500 3764 584 3816 Tu
613 3765 834 3827 autem,
861 3762 1042 3814 Mater
1071 3756 1192 3826 Dei,
1223 3772 1360 3827 quae
1411 3754 1610 3809 lucem
1661 3751 1929 3807 divinam
1978 3755 2115 3822 atqu

2265 3756 2508 3832 καρδίαν,
2545 3761 2899 3833 θεονύμφευτε,
2934 3759 3042 3813 ἀλλ’
3099 3763 3129 3819 ἡ
3165 3771 3266 3834 φῶς
3314 3772 3574 3830 τετοκυῖα,
3631 3771 3697 3818 τὸ
3753 3768 3877 3819 θεῖον

500 3855 786 3908 aeternam
811 3849 1090 3921 genuisti,
1119 3848 1444 3908 ilustrame
1459 3842 1688 3898 lumine
1710 3841 1941 3898 salutis.

2263 3854 2354 3900 καὶ
2383 3854 2716 3922 προαιὼνιον,
2755 3849 2960 3922 λάμψον
3026 3871 3116 3923 μοι
3146 3855 3201 3904 τὸ
3234 3861 3338 3924 φῶς
3392 3858 3450 3906 τὸ
3510 3860 3874 3930 χαρμόσυνον.

572 3941 658 3996 Ex
690 3939 986 4010 angustiis
1015 3938 1152 3993 vitae
1186 3941 1244 3992 et
1278 3932 1759 3990 tribulationibus
1792 3931 1870 3988 ab
1901 3930 2157 3987 inimicis

2340 3937 2428 4000 Ἐξ
2486 3937 2784 4012 ἀμετρήτων
2870 3939 3106 4013 ἀναγκῶν
3186 3947 3276 3994 καὶ
3331 3942 3574 4014 θλίψεων,
3667 3951 3761 3998 καὶ
3829 3943 3877 4007 ἐξ

496 4029 675 4086 illatis
702 4029 839 4084 forti
870 4033 972 4084 tuo
1005 4025 1272 4094 brachio,
1299 4039 1335 4078 ο
1370 4021 1784 4087 immaculata,
1840 4019 2111 4101 liberatu:

2263 4024 2468 4100 ἐχθρῶν
2520 4023 2810 4100 δυσμενῶν,
2877 4033 2965 4080 καὶ
3042 4039 3320 4103 συμφορῶν
3377 4030 3520 4104 βίου,
3571 4033 3875 4109 λυτρωθείς,

497 4117 974 4174 misericordiam
1000 4119 1170 4170 tuam
1198 4112 1492 4168 inﬁnitam
1520 4115 1576 4167 et
1606 4125 1750 4182 erga
1780 4126 1875 4166 me
1902 4110 2112 4166 charita

2266 4118 2620 4189 πανάχραντε,
2662 4124 2724 4189 τῇ
2781 4124 3011 4191 κραταιᾷ
3054 4114 3276 4191 δυνάμει
3325 4139 3441 4192 σου,
3506 4120 3746 4196 ἀνυμνῶ,
3798 4142 3881 4196 με·

498 4214 619 4264 tem
645 4207 912 4264 carmine
944 4203 1203 4260 celebro.
1987 4260 1994 4265 ,
2260 4203 2465 4275 γαλύνω
2518 4209 2612 4263 τὴν
2674 4207 2885 4281 ἄκετρόν
2956 4227 3050 4260 σου
3117 4210 3466 4280 συμπάθειαν,
3520 4215 3611 4263 καὶ
3675 4217 3772 4272 τὴν
3817 4212 3879 4271 εἰς

2261 4293 2351 4364 ἐμέ
2383 4312 2478 4344 σου
2509 4293 2861 4366 παράκλησιν,

567 4385 750 4456 Igitur
770 4383 991 4440 ﬁducia
1005 4382 1220 4456 plenus
1241 4382 1304 4438 in
1323 4381 1622 4454 gremium
1647 4384 1820 4436 tuum
1845 4377 2152 4452 confugio,

2330 4389 2438 4434 Νύν
2478 4385 2758 4452 πεποιθὼς,
2825 4383 2909 4437 ἐπὶ
2956 4390 3050 4444 τὴν
3115 4391 3212 4446 σὴν
3263 4392 3548 4461 κατέφυγον
3599 4389 3875 4462 ἀντίληψιν

495 4480 554 4532 et
580 4475 746 4546 apud
773 4479 828 4530 te
859 4472 1332 4530 consolationem
1350 4487 1629 4544 quaerens
1661 4468 1880 4525 adsum
1907 4471 1962 4523 et
1981 4467 2110 4522 hun

2258 4472 2513 4548 κραταιὰν
2543 4477 2633 4524 καὶ
2688 4477 2820 4546 πρὸς
2875 4478 2969 4532 τὴν
3031 4480 3226 4536 σκέπην
3279 4477 3560 4551 ὁλοψύχως
3623 4478 3870 4556 ἔδραμον,

493 4569 844 4637 prostratus,
860 4579 896 4620 ο
919 4564 1191 4631 Domina,
1222 4559 1720 4618 lacrimabundus
1732 4574 1802 4614 ac
1814 4557 2108 4629 gemebun

2256 4566 2346 4613 καὶ
2384 4567 2510 4633 γόνυ
2555 4561 2732 4632 κλίνω,
2766 4567 3042 4634 Δέσποινα,
3103 4572 3192 4619 καὶ
3242 4569 3412 4640 θρηνῶ
3465 4573 3555 4621 καὶ
3616 4571 3871 4632 στενάζω,

492 4655 609 4710 dus
641 4669 855 4726 precor
876 4669 952 4709 ne
980 4669 1077 4709 me
1107 4653 1400 4708 miserum
1430 4664 1705 4721 spernas,
1759 4652 1821 4702 tu
1851 4647 1956 4718 qui
1985 4647 2107 4703 Chri

2255 4655 2326 4723 μή
2359 4670 2422 4723 με
2461 4647 2695 4726 παρίδῃς
2725 4656 2812 4704 τὸν
2889 4654 3087 4721 ἄθλιον,
3159 4663 3259 4707 τῶν
3325 4664 3666 4732 Χριστιανῶν
3715 4678 3870 4712 κατα-

494 4743 828 4800 stianorum
850 4759 913 4799 es
941 4743 1266 4813 refugium.

850 4759 913 4799 es
941 4743 1266 4813 refugium.
2255 4742 2456 4812 φύγιον.

562 4832 730 4889 Absit
752 4837 819 4889 ut
845 4831 1153 4904 magnalia
1198 4835 1304 4886 tua
1349 4826 1581 4884 silentio
1626 4830 1996 4899 praeteream.
2025 4825 2146 4882 Nisi

2315 4830 2392 4882 Ού
2427 4835 2684 4889 σιωπήσω
2709 4839 2806 4884 τοῦ
2854 4830 2984 4904 βοᾷν
3033 4839 3340 4908 τρανώτατα
3390 4838 3458 4888 τὰ
3509 4839 3766 4910 μεγαλεῖα
3806 4839 3869 4890 τὰ

490 4922 652 4978 enim
682 4927 766 4991 tu,
790 4921 992 4992 Virgo,
1017 4920 1184 4992 apud
1232 4917 1446 4974 Filium
1487 4921 1661 4972 tuum
1702 4915 1968 4971 divinum
2003 4931 2105 4971 cau

2254 4921 2322 4971 σά
2355 4938 2368 4953 ⁸
2411 4920 2455 4971 εἰ
2475 4924 2546 4991 μὴ
2573 4923 2674 4995 γὰρ
2729 4924 2818 4989 σὺ,
2854 4926 3019 4997 Κόρη,
3076 4925 3297 4976 πάντοτε
3357 4929 3680 5000 προίστασο,
3742 4929 3866 5000 ὑπὲρ

488 5027 622 5068 sam
673 5028 874 5068 meam
896 5011 1147 5080 egisses,
1187 5007 1324 5080 quis
1348 5023 1445 5062 me
1474 5022 1506 5062 e
1533 5010 1698 5062 tanta
1717 5005 2018 5062 malorum
2038 5019 2103 5060 vc

2254 5005 2374 5078 ἐμοῦ
2405 5007 2772 5081 πρεσϐεύουσα
2807 5018 2882 5081 τῷ
2909 5013 3014 5082 Υἱῷ
3043 5016 3132 5064 καὶ
3165 5019 3279 5084 Θεῷ
3307 5033 3423 5081 σου,
3465 5019 3547 5076 τίς
3581 5014 3638 5067 ἑκ
3683 5018 3869 5069 τοσού⁴

484 5101 693 5172 ragine
711 5101 1070 5157 liberasset?
1242 5099 1249 5106 '

2246 5115 2337 5147 του
2363 5116 2426 5169 με
2454 5094 2721 5159 κλύδωνος
2746 5104 2834 5151 καὶ
2875 5095 3055 5152 δεινῶν
3086 5098 3343 5154 κινδύνων
3383 5102 3642 5178 ἐρρύσατο
3671 5123 3684 5173 ;

556 5191 727 5264 Eripe
756 5205 892 5255 nos,
927 5202 1134 5244 servos
1178 5190 1337 5255 tuos,
1364 5201 1401 5241 ο
1457 5185 1728 5257 Deipara,
1764 5200 1796 5240 e
1824 5183 2130 5256 periculis.

2317 5189 2586 5238 Διάσωσον
2615 5188 2716 5239 ἀπὸ
2747 5185 3002 5241 κινδύνων
3041 5194 3160 5253 τοὺς
3195 5187 3418 5254 δούλους
3447 5213 3564 5264 σου,
3616 5199 3865 5248 Θεοτὸκει

487 5280 832 5336 Secundum
873 5281 1058 5334 Deum
1097 5276 1258 5332 enim
1306 5274 1386 5332 ad
1417 5279 1470 5332 te
1509 5281 1576 5330 ut
1619 5289 1864 5329 murum
1893 5273 2102 5346 inexpu

2246 5275 2324 5326 ὅτι
2352 5276 2554 5336 πάντως
2581 5278 2713 5348 μετὰ
2744 5281 2895 5347 Θεὸν,
2943 5278 3012 5339 εἰς
3071 5283 3128 5332 σε
3184 5285 3575 5355 καταφεύγομεν
3631 5285 3705 5346 ὡς
3763 5281 3861 5357 ἄῤ·-

483 5367 790 5438 gnabilem
820 5366 1226 5437 confugimus.

2242 5364 2430 5437 ῥηκτον
2462 5369 2642 5435 τεῖχος
2671 5370 2760 5417 καὶ
2789 5372 3140 5442 προστασίαν.

555 5456 822 5528 Respice,
845 5454 1254 5512 illustrissima
1276 5456 1552 5526 Deipara,
1577 5467 1686 5524 pro
1716 5450 2138 5508 misericordia

2312 5451 2618 5524 Ἐπίϐλεψον
2701 5453 2750 5506 ἐν
2797 5455 3051 5529 εὐμενείᾳ,
3109 5460 3412 5532 πανύμνητε
3470 5464 3714 5534 Θεοτὸκε,
3775 5458 3857 5512 ἐπὶ
3891 5438 3903 5449 ε

481 5550 612 5601 tua.
649 5545 730 5601 ad
751 5543 1026 5601 miserias
1056 5543 1280 5617 quibus
1300 5558 1522 5615 corpus
1548 5556 1756 5597 meum
1775 5544 2047 5611 vexatur,
2077 5556 2096 5597 ε

2241 5546 2334 5600 τὴν
2360 5541 2490 5614 ἐμὴν
2519 5541 2759 5615 χαλεπὴν
2797 5553 2890 5598 τοῦ
2947 5551 3187 5620 σώματος
3237 5549 3493 5620 κάκωσιν,
3548 5553 3643 5604 καὶ
3701 5552 3856 5605 ἴασαι

481 5631 701 5694 animm
736 5631 1048 5696 doloribus
1081 5632 1348 5693 medere.

2238 5638 2336 5697 τῆς
2359 5628 2550 5706 ψυχῆς
2573 5649 2678 5709 μου
2705 5634 2768 5689 τὸ
2795 5633 2969 5709 ἄλγος.
