4090 6392
235 317 344 380 7'13

867 471 900 521 γ
918 491 933 506 .
957 449 1017 503 Ὀ
1046 445 1238 525 είρμὸς.

313 538 575 612 οὐρανίας
607 535 797 609 ἀψίδος
827 540 1117 614 ὁροφουργὲ
1146 544 1345 614 Χριστὲ
1394 547 1482 594 καὶ
1535 541 1848 604 Ἐκκλησίας

241 625 502 702 δομῆτορ,
537 631 604 679 σύ
642 647 705 700 με
738 634 1046 703 στερέωσον,
1077 631 1127 682 ἐν
1157 638 1219 702 τῇ
1270 629 1448 704 ἀγάπῃ
1497 641 1559 704 τῇ
1624 640 1713 704 σῇ,
1747 641 1848 684 τῶν

239 715 425 788 ἐφετῶν
477 717 509 775 ἠ
572 713 819 790 ἀκρότης,
871 726 970 770 τῶν
1026 728 1227 770 πιστῶν
1276 723 1334 770 τὸ
1391 725 1682 793 στήριγμα,
1726 725 1848 793 μὸνε

240 805 586 878 φιλάνθρωπε.

910 900 1121 972 Τροπάρ
1131 918 1226 952 ιον.

314 983 642 1058 Ἀπορρήξας
689 983 744 1036 ix
782 988 1005 1051 πάντων,
1042 983 1307 1060 ὀδυνηρῶς
1357 988 1537 1056 κράζω
1595 1008 1680 1040 σοι
1717 993 1847 1062 πρό-

239 1075 461 1145 φθασον,
499 1075 660 1147 θερμή
715 1080 1039 1146 προστασία,
1071 1081 1160 1128 καὶ
1192 1081 1289 1134 σὴν
1349 1075 1597 1149 βοήθειαν
1629 1073 1722 1139 δός
1759 1098 1850 1149 μοι

237 1170 314 1232 τῷ
344 1158 519 1233 δούλῳ
551 1182 670 1228 σο,υ
695 1171 769 1233 τῷ
805 1173 1030 1234 ταπεινῷ
1079 1169 1167 1217 καὶ
1234 1165 1412 1238 ἀθλίῳ,
1471 1174 1544 1237 τῷ
1595 1171 1690 1225 τὴν
1751 1172 1849 1225 σὴν

239 1250 520 1322 ἀντίληψιν
549 1250 887 1312 ἐπιζητοῦντι
928 1255 1152 1328 θερμῶς.

311 1342 761 1413 Ἐθαυμάστωσας
830 1345 991 1405 ὅντως
1068 1352 1157 1395 νῦν
1223 1343 1301 1396 ἐπ’
1373 1343 1504 1416 ἐμοὶ,
1572 1349 1846 1411 Δέσποινα,

239 1433 339 1491 τὰς
412 1431 709 1505 εὐεργεσίας
757 1451 873 1498 σου,
939 1436 1098 1506 Κόρη,
1150 1438 1240 1485 καὶ
1288 1436 1354 1485 τὰ
1396 1432 1507 1491 ἑλέη
1571 1453 1690 1504 σου,
1734 1436 1847 1486 ὅθεν

244 1516 453 1582 δοξάζω
479 1539 556 1586 σε,
585 1524 676 1572 καὶ
704 1518 911 1592 ἀνυμνώ
953 1525 1042 1573 καὶ
1090 1526 1317 1597 γεραίρω
1373 1527 1467 1580 τὴν
1513 1522 1706 1582 πολλὴν
1758 1528 1848 1575 καὶ

241 1611 466 1681 ἄμετρον
485 1605 804 1680 κηδεμονίαν
839 1629 957 1667 σου.

314 1703 572 1768 Καταιγίς
617 1718 680 1770 με
731 1699 980 1771 χειμάζει
1033 1708 1132 1751 τῶν
1213 1709 1512 1774 συμφορῶν,
1570 1705 1842 1769 Δέσποινα,

235 1791 457 1838 καὶτῶν
511 1785 754 1860 λυπηρῶν
800 1792 1074 1859 τρικυμίαι
1130 1792 1598 1851 καταποντίζουσιν
1649 1811 1662 1822 ·

234 1877 598 1948 προφθάσασα
625 1876 784 1947 χεῖρά
812 1895 904 1946 μοι
935 1872 1024 1936 δὸς
1078 1875 1348 1948 βοηθείας,
1417 1878 1445 1933 η
1505 1880 1665 1950 θερμή
1708 1877 1846 1931 ἀντί-

231 1964 393 2036 ληψις
422 1969 513 2016 καὶ
541 1969 847 2039 προστασία
864 1984 988 2036 μου.

311 2053 495 2111 Δληθῆ
557 2057 812 2108 Θεοτόκον
855 2053 1113 2126 ὁμολογῶ,
1167 2059 1444 2116 Δέσποινα,
1501 2060 1560 2109 σέ
1604 2056 1698 2114 τὴν
1747 2063 1840 2110 τοῦ

239 2144 468 2196 θανάτου
517 2146 577 2194 τὸ
633 2142 1283 2218 κράτοςβξαφανίσασαν,
1330 2147 1396 2205 ὡς
1442 2150 1532 2198 καὶ
1576 2145 1842 2217 φυσίζωος

234 2233 292 2284 ἐκ
348 2241 452 2284 τῶν
507 2227 715 2304 δεσμῶν
777 2239 875 2284 τῶν
953 2229 1089 2302 ᾁδου
1155 2236 1282 2306 πρὸς
1366 2235 1506 2295 ζωὴν
1585 2233 1841 2308 ἀνήγαγες

233 2321 306 2384 εἰς
337 2329 439 2393 γῆν
461 2339 524 2393 με
556 2322 837 2394 ῥεύσαντα.

307 2413 580 2462 Διάσωσον
619 2408 719 2461 ἀπὸ
763 2406 1016 2462 κινδύνων
1072 2417 1190 2472 τούς
1246 2408 1470 2475 δούλους
1526 2431 1642 2483 σου,
1703 2421 1839 2466 Θεο-

233 2505 374 2570 τὸκε,
410 2502 494 2553 ὅτι
520 2503 703 2560 πάντες
745 2503 874 2573 μετὰ
927 2505 1056 2553 Θεὸν
1088 2501 1156 2562 εἰς
1214 2505 1272 2555 σε
1322 2505 1708 2575 καταφεύγομεν
1769 2506 1839 2565 ὡς

233 2591 498 2666 ᾶρῥηκτον
516 2599 694 2663 τεῖχος
724 2595 816 2643 καὶ
846 2595 1195 2661 προστασίαν.

311 2679 618 2752 Ἐπίϐλεψον
677 2680 724 2732 ἐν
793 2681 1044 2753 εὐμενείᾳ,
1091 2684 1391 2753 πανύμνητε
1441 2687 1682 2745 Θεοτὸκε,
1750 2681 1836 2736 ἐπὶ

231 2775 328 2828 τὴν
350 2773 478 2843 ἐμὴν
524 2769 764 2842 χαλεπὴν
816 2777 909 2821 τοῦ
955 2775 1195 2841 σώματος
1255 2773 1488 2824 κάκωσιν
1544 2776 1632 2823 καὶ
1683 2774 1834 2824 ἴασον

235 2867 334 2920 τῆς
362 2859 548 2930 ψυχῆς
577 2877 678 2930 μου
711 2861 771 2910 τὸ
792 2857 945 2930 αλγος

829 2945 880 3000 δ’
886 2988 900 3002 .
932 2947 991 3000 Ὁ
1021 2950 1210 3020 εἱρμός.

311 3038 380 3088 Σύ
407 3055 527 3108 μου,
559 3040 776 3110 Χριστε,
808 3039 996 3110 Κύριός
1043 3056 1142 3108 μου
1199 3041 1289 3090 καὶ
1337 3033 1582 3108 δύναμις,
1618 3041 1684 3090 σύ
1715 3041 1834 3107 Θεε,

234 3129 304 3178 σύ
333 3146 435 3198 μου
460 3125 777 3198 ἀγαλλίαμα,
811 3127 837 3177 ὁ
880 3131 999 3198 περὶ
1047 3131 1259 3200 κυρίους
1287 3126 1507 3188 κόλπους
1543 3132 1616 3199 μὴ
1674 3127 1836 3180 λιπὼν

227 3221 322 3269 καὶ
345 3220 440 3274 τὴν
491 3218 738 3291 ἡμετέραν
791 3219 1056 3286 πτωχείαν
1110 3214 1572 3288 ἐπιστκεψάμενος,
1630 3213 1717 3268 διὸ
1744 3221 1836 3268 σὺν

227 3314 305 3377 τῷ
359 3310 603 3379 προφήτῃ
657 3303 975 3376 Ἀϐϐακωύμ
1032 3323 1117 3356 σοι
1163 3308 1468 3376 κραυγαζω,
1509 3311 1582 3378 Τῇ
1619 3301 1839 3378 δυνάμει

229 3415 332 3449 σου
359 3392 396 3448 δ
399 3395 514 3464 ὁξα,
543 3394 889 3467 φιλάνθρωπε.

874 3483 1187 3556 Τροπάριον.

306 3579 407 3628 Καὶ
477 3579 582 3625 ποῦ
635 3572 812 3624 λοιπὸν
870 3570 1029 3630 ἄλλην
1083 3572 1292 3644 εὑρήσω
1334 3571 1606 3650 ,ἀτίληψιν
1667 3589 1680 3640 ;
1736 3581 1840 3627 ποῦ

225 3666 524 3740 προσφύγω
583 3671 733 3725 ςποῦ
793 3657 852 3714 δε
899 3665 988 3712 καὶ
1047 3663 1360 3733 σωθήσομαι
1411 3680 1424 3728 ;
1473 3667 1592 3714 τίνα
1646 3664 1838 3736 θερμήν

225 3754 330 3817 ἔξω
356 3751 553 3826 βοηθὸν
587 3750 794 3822 θλίψεσι
833 3759 925 3802 τού
984 3748 1107 3822 βίου
1137 3756 1228 3802 καὶ
1280 3750 1483 3816 ζάλαις,
1508 3755 1650 3824 οἶμοι
1679 3752 1690 3805 !
1717 3751 1839 3805 κλο-

223 3846 524 3916 μούμενος;
555 3841 640 3900 Εἰς
666 3843 724 3892 σε
753 3844 915 3912 μόνην
943 3837 1158 3907 ἐλπίζω,
1199 3845 1289 3892 καὶ
1320 3839 1516 3913 θαρρῶ,
1562 3846 1652 3893 καὶ
1703 3860 1837 3893 καυ-

223 3942 436 4006 χῶμαι,
458 3936 550 3983 καὶ
577 3933 894 4005 προστρέχω
917 3936 981 4000 τῇ
1013 3931 1176 4000 σκέπῃ
1200 3947 1317 3996 σου,
1343 3932 1527 3980 σὼσόνη
1546 3948 1628 4001 με.

294 4026 400 4075 Τὸν
473 4023 709 4092 ποταμὸν
781 4022 870 4070 τὸν
923 4018 1172 4089 γλυκερὸν
1224 4026 1316 4070 τοῦ
1365 4016 1503 4070 ἐλέου
1564 4021 1682 4086 σου,
1747 4022 1835 4072 τὸν

221 4113 509 4172 πλουσίαις
537 4106 756 4180 δωρεαῖς
785 4104 1115 4182 δροσίσαντα
1140 4111 1233 4165 τὴν
1280 4108 1568 4161 παναθλίαν
1605 4111 1698 4160 καὶ
1745 4127 1836 4160 τα-

217 4205 425 4267 πεινὴν,
456 4201 704 4270 πάναγνε,
760 4196 947 4268 ψυχήν
979 4215 1100 4268 μου,
1156 4203 1257 4247 τῶν
1311 4205 1588 4269 συμφορῶν
1615 4201 1704 4250 καὶ
1733 4204 1835 4250 τῶν

220 4290 450 4362 θλίψεων
523 4273 725 4360 κάμίνῳ
773 4286 1168 4359 φλογωθεῖσαν,
1245 4284 1536 4357 μεγαλύνω,
1592 4289 1835 4360 κηρύττω

213 4386 313 4433 καὶ
342 4382 662 4454 προστρέχω
685 4384 748 4448 τῇ
786 4379 950 4446 σκέπη
972 4393 1091 4436 σου,
1120 4378 1291 4427 σῶσόν
1321 4393 1406 4447 με.

292 4473 358 4522 Σὲ
381 4472 476 4528 τὴν
497 4467 681 4538 ἁγνὴν,
735 4469 793 4518 σε
821 4469 916 4522 τὴν
980 4465 1235 4537 Παρθένον
1288 4469 1380 4516 καὶ
1419 4463 1663 4534 ἄσπιλον,
1733 4468 1831 4537 μό-

294 4518 355 4522 _-
504 4518 555 4538 ,,
615 4518 626 4524 -
669 4518 681 4534 ,
871 4518 881 4522 _
1062 4518 1070 4537 ι
1648 4518 1663 4534 ι
1733 4518 1743 4537 ι

213 4580 314 4620 νην
347 4562 502 4633 φέρω,
547 4563 726 4628 τεῖχος
762 4553 1203 4629 ἀπροσμάχητον,
1250 4557 1573 4625 καταφυγὴν,
1635 4557 1833 4612 σκέπην
1869 4518 1912 4572 D

215 4651 506 4723 κραταιὰν,
565 4644 800 4717 ὅπλισμα
853 4643 1148 4715 σωτηρίας,
1197 4647 1268 4713 μή
1344 4661 1406 4714 με
1458 4639 1691 4716 παρίδῃς
1744 4647 1831 4696 τὸν

218 4741 456 4805 ἄσωτον,
507 4735 652 4796 ἐλπὶς
716 4732 1129 4803 ἀπελπισμένων,
1223 4728 1450 4783 ἀσθενῶν
1517 4737 1829 4804 συμμαχία,

219 4826 539 4898 θλιϐομένων
567 4825 717 4898 χαρὰ
730 4827 822 4874 καὶ
851 4818 1142 4890 ἀντίληψις.

296 4924 417 4978 Πῶς
465 4913 678 4976 ἐξειπεῖν
710 4930 805 4964 σου
851 4909 966 4963 κατ’
1007 4907 1156 4972 ἀξίαν
1187 4903 1491 4980 δυνήσομαι
1539 4911 1662 4970 τοὺς
1701 4905 1832 4981 ἀμέ-

216 5009 350 5069 λους
378 5006 705 5078 οἰκτιρμούς,
732 5011 772 5054 ὦ
803 5005 1074 5067 Δέσποινα,
1129 5002 1247 5060 τοὺς
1292 5002 1388 5058 τὴν
1430 4997 1557 5071 ἐμὴν
1615 5001 1834 5052 πάντοτε

215 5097 412 5170 ψυχὴν
489 5091 671 5154 δεινῶς
725 5089 1028 5162 θλιϐομένην
1085 5091 1155 5149 ὡς
1206 5085 1352 5162 ὕδωρ
1412 5085 1832 5161 περικυκλώσαν-

217 5203 355 5252 Tag;
393 5183 532 5239 Ἀλλ’
577 5183 618 5234 ὡ
642 5189 736 5242 τῆς
769 5188 870 5242 σῆς
922 5183 1165 5254 προνοίας
1221 5182 1311 5230 καὶ
1367 5184 1461 5240 τῆς
1509 5175 1828 5251 εὐεργεσίας,

219 5272 285 5337 ἧς
312 5274 547 5348 ἀφρόνως
575 5273 602 5324 ὁ
627 5270 785 5333 τάλας
811 5268 1080 5325 ἀπώλεσα.

297 5367 568 5419 Διάσωσον
600 5360 702 5414 ἀπὸ
721 5356 978 5412 κινδύνων
1006 5361 1130 5419 τοὺς
1159 5353 1381 5419 δούλους
1421 5375 1539 5426 σου,
1585 5357 1830 5419 Θεοτόκε,

223 5459 308 5510 ὃτι
333 5455 540 5515 πάντως
577 5452 709 5524 μετὰ
755 5451 888 5504 Θεὸν
941 5449 1017 5508 εἰς
1075 5448 1133 5500 σε
1183 5448 1576 5518 καταφεύγομεν
1625 5445 1698 5506 ὡς
1735 5442 1831 5517 ἄῤ-

222 5547 417 5623 ῥηκτον
443 5549 622 5614 τεῖχος
643 5544 735 5593 καὶ
761 5540 1114 5615 προστασίαν·

300 5629 610 5706 Ἐπίϐλεψον
662 5628 712 5682 ἄν
762 5628 1017 5702 εὐμενείᾳ,
1072 5626 1371 5699 πανύμνητε
1431 5626 1672 5693 Θεοτόκε,
1747 5619 1832 5678 ἐπὶ

1421 323 1702 386 HYMNUS
1726 328 1822 385 AD
1848 325 1951 387 SS.
1977 325 2362 390 DEIPARAM.

1873 457 1922 509 Α

3503 341 3612 402 774

2555 463 2609 516 3.
2634 455 2909 518 Hirmus.

2022 545 2259 616 Apsidis
2288 545 2543 602 caelestis
2574 553 2969 621 constructor,
2996 555 3053 608 et
3082 553 3356 611 Ecclesiae
3402 552 3609 614 mode-

1952 639 2134 703 rator,
2159 635 2401 697 Christe,
2429 642 2491 691 tu
2512 653 2609 693 me
2633 636 2812 694 ﬁrma
2835 640 2895 695 in
2918 657 3124 698 amore
3141 647 3264 715 tuo,
3299 662 3610 702 summum

1953 725 2171 780 animae
2197 723 2584 793 desiderium,
2613 727 2884 785 ﬁdelium
2913 730 3171 788 fulcrum
3197 737 3253 790 et
3270 734 3606 792 adminicu-

1952 812 2100 879 lum,
2126 816 2280 869 Deus
2306 815 2668 871 misericors.

2527 907 2909 975 Troparz'um.

2023 989 2112 1045 Ab
2142 991 2309 1047 omni
2360 993 2542 1060 malo,
2561 995 2842 1064 praesidio
2865 1002 2967 1054 tuo
2992 998 3279 1070 benigno,
3310 1017 3409 1058 me
3424 1003 3606 1076 eripe,

1953 1083 2011 1134 et
2056 1080 2343 1136 auxilium
2394 1081 2483 1137 fer
2512 1099 2686 1138 servo
2717 1089 2821 1141 tuo
2873 1085 3086 1143 humili
3132 1093 3190 1145 et
3215 1091 3604 1161 infortunato,

1952 1168 2058 1241 qui
2088 1168 2297 1226 salutis
2328 1186 2499 1242 spem
2528 1172 2592 1228 in
2620 1177 2677 1229 te
2706 1190 2829 1231 uno
2849 1176 3038 1246 ponit,

2022 1350 2228 1405 Miram
2273 1353 2326 1404 te
2381 1350 2527 1406 mihi
2571 1352 2908 1422 prmstitisti,
2961 1355 3235 1423 Domina,
3288 1358 3491 1428 Virgo,
3544 1360 3606 1416 in

1952 1436 2258 1492 beneﬁciis
2278 1453 2415 1509 quae
2440 1438 2502 1494 in
2523 1455 2620 1494 me
2643 1441 2941 1498 contulisti
2962 1459 2976 1509 ;
3009 1459 3198 1515 quare
3218 1447 3608 1516 magniﬁcen-

1952 1526 2098 1583 tiam
2129 1532 2296 1603 tu_am
2321 1526 2604 1584 laudibus
2636 1535 2816 1603 atque
2835 1532 3081 1603 hymnis
3103 1534 3405 1593 celebrare
3449 1553 3605 1595 nun-

1950 1613 2140 1670 quam
2165 1598 2390 1654 desisto
2414 1641 2427 1654 .

2022 1689 2446 1758 Tempestates,
2477 1690 2748 1762 Domina,
2781 1691 2844 1748 in
2872 1709 2969 1748 me
3006 1693 3241 1751 irruunt
3281 1702 3341 1752 et
3386 1714 3606 1756 aerum-

1720 1788 1847 1843 ἀλλά
1882 1821 1922 1873 Β
1950 1791 2169 1873 narum
2191 1791 2410 1873 gurges
2439 1794 2537 1834 me
2561 1779 2870 1873 devorat,
2897 1783 3036 1873 “sed
3067 1787 3130 1840 tu
3171 1801 3427 1842 manum
3455 1789 3606 1845 mihi

1951 1864 2383 1922 auxiliatricem
2413 1867 2670 1940 porrige,
2695 1869 3048 1941 praesidium
3073 1876 3131 1929 et
3153 1873 3250 1946 adj
3261 1875 3416 1931 utrix
3442 1893 3603 1935 mea.

2021 2035 2235 2091 Veram
2263 2039 2318 2091 te
2345 2034 2664 2110 Deiparam
2693 2038 3147 2114 conﬁteorque:
3173 2043 3384 2100 mortis
3414 2044 3606 2118 impe-

1948 2123 2106 2179 rium
2136 2124 2470 2193 abolevisti,
2502 2132 2560 2184 et
2615 2143 2751 2200 quae
2785 2129 2837 2184 vi
2883 2133 2988 2188 tua
3015 2131 3258 2190 viviﬁca
3285 2149 3358 2190 ex
3389 2134 3606 2193 inferni

1947 2212 2204 2270 vinculis
2237 2213 2316 2270 ad
2344 2215 2530 2272 vitam
2553 2216 2671 2274 hac
2698 2217 2761 2273 in
2786 2223 2942 2276 terra
2969 2236 3069 2276 me
3095 2223 3411 2280 revocasti.

2019 2391 2188 2464 Eripe
2217 2408 2330 2449 nos
2360 2409 2564 2451 servos
2593 2401 2749 2463 tuos,
2815 2413 2851 2454 o
2909 2398 3180 2472 Deipara,
3209 2417 3242 2457 e
3288 2401 3594 2474 periculis.

1950 2481 2294 2538 Secundum
2326 2484 2513 2540 Deum
2541 2485 2701 2541 enim
2754 2487 2832 2543 ad
2862 2492 2916 2543 te
2947 2493 3010 2543 ut
3056 2505 3301 2547 murum
3355 2491 3606 2566 inexpu-

1947 2569 2255 2640 gnabilem
2287 2577 2344 2627 et
2363 2573 2460 2644 adj
2472 2574 2718 2631 utricem
2751 2576 3159 2650 confugimus.

2017 2659 2291 2731 Respice,
2320 2661 2723 2721 illustrismma
2751 2665 3026 2739 Deipara,
3057 2684 3168 2740 pro
3192 2669 3608 2730 misericordia

1943 2753 2047 2806 tua
2075 2749 2155 2807 ad
2187 2751 2442 2824 miseria,
2471 2752 2694 2824 quibus
2750 2771 2970 2828 corpus
3004 2773 3209 2814 meum
3263 2760 3600 2834 tribulatur,

1943 2845 2002 2898 et
2023 2842 2241 2898 animae
2251 2842 2566 2901 doloribus
2581 2843 2818 2902 medica
2841 2845 3031 2916 adsis,

2582 2933 2637 2988 4.
2661 2935 2934 2992 Hirmus.

2017 3021 2259 3092 Christe,
2295 3022 2545 3079 Domine
2574 3027 2633 3080 et
2680 3022 2860 3093 Deus,
2919 3026 3235 3085 exsultatio
3289 3045 3447 3098 mea,
3498 3031 3604 3105 qui

1946 3126 2057 3184 pro
2078 3110 2280 3167 divina
2317 3115 2423 3167 tua
2463 3111 2875 3171 misericordia
2926 3121 3345 3188 paupertatem
3401 3136 3606 3178 meam

1947 3216 2041 3256 res
2070 3199 2241 3256 existi
2267 3217 2280 3252 :
2315 3215 2457 3271 ergo
2489 3217 2628 3257 cum
2684 3203 3027 3261 Ambacum
3057 3206 3368 3265 exclamo:
3399 3208 3606 3267 Virtuti

1949 3298 2069 3346 tute
2097 3289 2307 3360 gloria,
2332 3290 2703 3347 misericors!

2633 3469 3018 3539 Troparium.

2022 3557 2131 3614 Ubi
2163 3557 2404 3613 tandem
2436 3555 2603 3614 aliud
2630 3557 2936 3616 inveniam
2954 3559 3254 3632 refugium
3273 3562 3303 3617 ?
3321 3578 3445 3636 quo
3464 3580 3606 3622 con-

1949 3647 2178 3718 fugiam
2200 3645 2229 3700 ?
2256 3645 2505 3702 ubinam
2539 3646 2744 3702 salvus
2773 3663 2873 3703 ero
2893 3648 2922 3702 ?
2951 3649 3267 3722 quodnam
3306 3653 3604 3711 auxilium

1949 3737 2009 3791 in
2035 3736 2171 3792 vitae
2221 3736 2502 3791 aerumnis
2533 3740 2591 3792 et
2644 3736 3133 3795 tribulationibus
3161 3740 3404 3799 habebo
3428 3744 3457 3799 ‘I
3478 3743 3605 3799 Tibi

1951 3825 2062 3882 soli
2100 3824 2376 3893 conﬁdo;
2412 3825 2474 3880 in
2490 3830 2547 3881 te
2559 3824 2807 3896 glorior;
2829 3826 2944 3882 sub
2970 3827 3100 3883 alas
3131 3833 3266 3886 tuas
3296 3830 3603 3902 confugio.

1949 3917 2128 3973 Serva
2153 3914 2281 3970 me!

2018 4003 2196 4060 Dulce
2255 4001 2485 4059 ﬂumen
2536 4003 2960 4060 misericordiae
3003 4008 3144 4072 tuae,
3176 4022 3301 4080 quo
3331 4008 3603 4066 animam

1944 4109 2144 4149 meam
2175 4109 2586 4149 aerumnosam
2615 4109 2685 4148 ac
2714 4093 3007 4150 humilem
3030 4095 3336 4153 beneﬁciis
3365 4113 3603 4155 recrea-

1943 4183 2060 4248 vit;
2094 4183 2361 4239 animam
2393 4182 2528 4238 dico
2557 4182 2620 4238 in
2682 4181 2984 4240 malorum
3016 4200 3084 4240 ac
3140 4185 3602 4245 tribulationum

1945 4273 2184 4329 camino
2205 4272 2629 4346 puriﬁcatam;
2677 4277 2732 4328 te
2760 4272 3106 4346 magniﬁco,
3153 4278 3209 4331 te
3229 4276 3601 4334 carminibus

1945 4361 2202 4420 celebro.
2237 4361 2414 4419 Salva
2463 4377 2561 4417 me
2595 4361 2609 4416 ι

2015 4455 2091 4510 Te
2123 4452 2420 4523 Virginem
2455 4456 2755 4523 sanctam,
2787 4451 3242 4511 immaculatam
3271 4455 3466 4513 solam
3493 4456 3603 4514 ha-

1941 4541 2078 4614 beo,
2102 4559 2347 4599 murum
2360 4541 2915 4615 inexpugnabilem,
2940 4543 3240 4616 refugium
3258 4545 3502 4616 salutis;
3525 4563 3602 4604 ne

1943 4638 1996 4689 te
2027 4636 2265 4689 avertas
2295 4649 2331 4688 a
2359 4649 2456 4688 me
2507 4631 2752 4699 misero,
2787 4632 3108 4690 hominum
3147 4634 3604 4708 desperantium

1944 4737 2086 4795 spes
2109 4727 2166 4777 et
2181 4720 2730 4794 propugnaculum,
2750 4735 3048 4794 aegrorum
3070 4723 3364 4794 gaudium
3379 4729 3438 4782 et
3456 4741 3601 4782 con-

1940 4811 2170 4868 solatio.

2013 4899 2353 4972 Quomodo,
2386 4917 2424 4957 o
2481 4900 2758 4968 Domina,
2812 4900 3255 4958 misericordias
3302 4906 3438 4959 tuas
3488 4919 3600 4975 pro

1939 4990 2232 5061 dignitate
2259 4989 2624 5063 praedicabo,
2654 5005 2789 5062 quae
2810 4990 3079 5046 animam
3099 5005 3302 5046 meam
3332 4991 3601 5064 undique

1943 5085 2242 5150 vexatam,
2294 5084 2360 5136 ut
2412 5095 2587 5151 aquae
2639 5078 2926 5144 insulam,
2954 5079 3537 5137 circumdederunt?
3561 5097 3600 5138 o

1944 5169 2400 5240 sollicitudines,
2422 5185 2458 5225 o
2475 5167 2788 5237 beneﬁcia,
2806 5183 3070 5240 quorum
3092 5183 3204 5239 ego
3217 5169 3398 5225 miser
3405 5168 3602 5241 jactu-

1942 5276 2076 5316 ram
2100 5259 2211 5316 feci
2236 5259 2249 5314 l

2015 5349 2185 5422 Eripe
2215 5363 2328 5405 nos
2353 5363 2556 5403 servos
2585 5351 2744 5418 tuos,
2778 5361 2815 5401 ο
2849 5344 3124 5419 Deipara,
3172 5363 3204 5403 e
3283 5347 3591 5421 periculis.

1944 5437 2291 5497 Secundum
2335 5438 2524 5494 Deum
2552 5436 2714 5493 enim
2752 5435 2832 5494 ad
2859 5439 2916 5493 te
2943 5439 3010 5492 ut
3038 5452 3285 5495 murum
3339 5438 3600 5514 inexpu-

1940 5528 2248 5602 gnabilem
2275 5526 2680 5597 confugimus.
3373 5602 3380 5610 ‘

2011 5617 2280 5691 Respice,
2318 5614 2722 5674 illustrissima
2746 5613 3025 5690 Deipara,
3051 5630 3168 5692 pro
3189 5616 3602 5678 misericordia
