4090 6378
496 294 620 354 Ἶπθ
1888 271 2111 331 ΜΕΤΗο

2272 268 2468 327 NONA
2475 270 2586 327 CH]
2597 314 2610 327 .
3772 266 3875 324 780

505 422 727 478 factus.
752 418 918 472 Hanc
941 408 1022 466 ob
1054 421 1305 464 causam
1336 402 1695 473 angelorum
1742 406 1800 456 et
1849 399 2120 456 hominm

2273 404 2374 447 τῶν
2399 396 2627 471 οὐρανῶν
2659 417 2672 429 ο
2707 392 2795 449 διὸ
2823 415 2899 461 σε,
2969 395 3210 457 Θεοτὸκε,
3255 388 3482 464 ἀγγέλων
3535 394 3630 442 καὶ
3686 389 3877 464 ἀνθρὼ-

506 508 676 568 ehori
706 510 762 561 te
787 497 1201 571 magniﬁcam.

2272 504 2381 537 πων
2399 484 2711 559 ταξιαρχίαι
2721 484 3012 557 μεγαλύνου
3020 502 3120 537 σιν.

1129 603 1510 690 Troparium.
2026 598 2031 601 '

2026 598 2031 601 ’
2884 590 3094 663 Τροπὰρ
3104 607 3196 641 ιον.

578 701 673 758 Ad
697 715 908 773 quam,
938 707 1173 767 quaeso,
1207 690 1389 746 aliam
1422 674 1518 744 me
1546 681 2169 746 convertam,sanctis-

2351 683 2483 753 Πρὸς
2518 684 2635 732 τίνα
2703 683 2986 751 καταφύγω
3050 677 3226 747 ἀλλην,
3298 674 3500 746 Ἀγνής
3544 683 3643 727 ποῦ
3712 695 3880 749 προσ·-

510 794 671 850 sima
683 761 862 861 ‘fquo
884 761 1235 852 confugiam
1252 784 1318 834 ut
1339 778 1546 834 salvus
1568 776 1713 830 ﬁam
1730 775 1756 828 ?
1779 788 1902 845 quo
1932 770 2122 843 proﬁc

2280 764 2467 840 δράμω
2488 768 2666 820 λοιπὸν
2685 774 2775 821 καὶ
2798 770 3112 839 σωθήσομαι
3137 783 3150 831 ;
3188 772 3289 817 ποῦ
3307 765 3550 838 παρευθώ
3575 781 3589 830 ;
3623 769 3778 816 ποίαν
3825 761 3882 818 δέ

509 881 680 939 scari
741 851 938 944 Quam
991 851 1489 931 consolationem,
1537 881 1724 937 quam
1783 862 2124 919 auxiliares:

2280 854 2472 930 ἐφεύρω
2526 862 2852 929 καταφυγὴν,
2912 861 3064 909 ποίαν
3132 857 3323 927 θερμὴν
3377 851 3675 924 ἀντίληψιν,
3729 859 3881 905 ποίαν

508 940 814 1045 reperiam
842 966 874 1021 ?
904 969 966 1020 In
996 968 1053 1017 te
1082 974 1272 1016 unam
1300 973 1503 1029 spero,
1528 955 1604 1010 de
1634 960 1691 1009 te
1748 952 1879 1008 sola
1929 950 2117 1021 glorio

2281 944 2330 996 ἐν
2357 954 2473 1007 ταῖς
2502 946 2711 1018 θλίψεσι
2742 944 2937 1019 βοηθόν
2973 962 2988 1009 ;
3020 945 3090 1006 εἰς
3119 946 3177 996 σὲ
3212 947 3374 1016 μόνην
3426 940 3641 1006 amca,
3692 947 3765 1004 εἱς
3830 947 3883 995 σὲ

512 1064 572 1117 et
583 1032 674 1116 ad
693 1062 750 1113 te
778 1070 919 1110 cum
940 1050 1166 1106 ﬁducia
1184 1045 1492 1116 confugio.

2282 1040 2443 1107 μόνην
2501 1044 2810 1107 καυχῶμαι,
2865 1040 2954 1087 καὶ
3005 1035 3088 1086 ἐπὶ
3157 1037 3216 1086 σε
3277 1032 3478 1106 θαρῥών
3572 1035 3881 1104 κατέφυγον.

587 1151 776 1205 Nemo
843 1157 1008 1205 sane,
1069 1155 1106 1195 ο
1161 1139 1399 1210 Sponsa
1451 1133 1570 1199 Dei,
1610 1129 1914 1201 magnalia
1960 1133 2066 1182 tua
2119 1131 2177 1181 et

2355 1125 2466 1175 Οὐκ
2493 1127 2631 1176 ἔστιν
2658 1124 3063 1199 ἀριθμήσασθαι
3100 1120 3343 1189 δυνατὸν,
3398 1120 3643 1192 μεγαλεῖα
3699 1124 3768 1172 τὰ
3821 1124 3886 1173 σὰ

519 1240 817 1311 abyssum
848 1209 1434 1303 imperscrutabilem
1464 1222 1896 1278 miraculorum
1934 1224 2134 1273 tuorum

2286 1217 2661 1286 Θεονύμᾳευτε,
2749 1219 2838 1266 καὶ
2932 1217 3018 1265 τὸν
3105 1211 3268 1284 βυθὸν
3360 1215 3447 1263 τὸν
3501 1209 3887 1285 ἀνεξερεύνητον

514 1299 901 1390 enarraverit,
933 1299 1013 1377 ob
1037 1334 1176 1391 quae
1198 1316 1476 1372 ardenter
1502 1318 1559 1368 te
1580 1314 1945 1366 venerantur
1964 1311 2021 1362 et
2045 1322 2129 1361 on

2286 1301 2498 1364 ἐξειπεῖν
2532 1312 2633 1354 τῶν
2673 1305 2798 1377 ὑπέρ
2858 1310 2977 1354 νοῦν
3040 1303 3317 1373 θαυμάτων
3383 1318 3502 1367 σου,
3558 1307 3660 1350 τῶν
3698 1299 3889 1352 τετελε-

514 1432 626 1475 nes
653 1422 719 1471 ut
746 1388 955 1470 veram
982 1388 1087 1463 Dei
1116 1404 1474 1463 Genitricem
1506 1402 1784 1456 adorant.
1837 1399 1901 1452 In
1931 1398 2121 1467 hymn

2289 1396 2484 1462 σμένων
2518 1388 2772 1453 διηνεκῶς
2808 1398 2919 1453 τοῖς
2967 1392 3112 1461 πόθῳ
3172 1409 3230 1442 σε
3287 1396 3505 1461 τιμῶσι,
3566 1393 3654 1441 καὶ
3713 1392 3891 1441 πίστει

517 1506 849 1580 gratiarum
859 1496 1312 1557 referendarum
1325 1491 1591 1548 ofﬁcium
1605 1487 1995 1561 implentibus
2008 1486 2132 1539 misc

1880 1487 1995 1541 bus
2008 1486 2179 1539 mise-
2285 1491 2672 1557 προσκυνοῦσιν
2698 1484 2767 1543 ὡς
2803 1480 2968 1539 ἀληθῆ
3000 1488 3134 1534 Θεοῦ
3159 1479 3491 1551 λοχεύτρίαν.

514 1565 839 1655 ἷὶοοεάὶαω
856 1589 1154 1646 inﬁnitam
1186 1582 1444 1645 celebro,
1473 1586 1530 1635 et
1551 1592 1843 1646 magnam
1873 1581 2041 1630 tuam
2064 1573 2129 1627 vi

2359 1572 2445 1625 Ἑν
2476 1571 2656 1643 ὒμνοις
2683 1570 3025 1642 εὐχαρίστως
3074 1565 3359 1639 δοξολογώ,
3411 1572 3502 1618 καὶ
3548 1570 3779 1641 γεραίρω
3805 1570 3891 1618 τὸν

512 1652 708 1744 tutam
738 1688 795 1738 et
817 1676 1115 1737 beneﬁcia
1137 1674 1200 1730 in
1231 1687 1329 1728 me
1358 1676 1462 1726 tua
1483 1666 1771 1723 omnibus
1817 1664 2076 1737 praedico
2124 1690 2127 1709 ‹

2286 1662 2507 1733 οἷμετρον
2532 1659 2687 1725 ἔλεος,
2745 1664 2836 1710 καὶ
2895 1663 2988 1716 τὴν
3050 1657 3241 1714 πολλὴν
3300 1652 3523 1726 δύναμίν
3578 1672 3674 1706 σου
3727 1660 3893 1708 πᾶσιν

515 1786 593 1832 ex
612 1775 832 1841 mente,
865 1767 1069 1833 corde,
1094 1763 1301 1820 animo
1330 1766 1389 1816 et
1414 1772 1562 1814 voce
1578 1755 1890 1813 annuntio.

2286 1748 2538 1821 ὁμολογῶ,
2589 1768 2679 1800 και
2733 1750 2829 1809 τὰς
2881 1746 3181 1821 εὐεργεσίας
3237 1763 3332 1797 σου
3388 1742 3453 1805 ἃς
3502 1746 3892 1816 ύπερεκὶνωσας

2208 1824 2247 1876 Β
2287 1838 2359 1900 εἰς
2386 1837 2491 1911 ἐμὲ,
2526 1841 2789 1910 κηρύττω,
2822 1837 3088 1909 μεγαλύνω
3122 1834 3278 1908 ψυχῇ
3318 1852 3372 1888 τε
3419 1837 3511 1885 καὶ
3558 1830 3767 1907 καρδίᾳ
3805 1840 3892 1887 καί

2283 1927 2521 2000 λογισμῷ
2557 1933 2647 1979 καὶ
2671 1926 2889 1999 γλώσσῃ
2927 1928 3167 1980 πάντοτε.

589 2040 837 2113 Suscipe
861 2049 1070 2110 preces
1091 2046 1260 2088 meas
1279 2027 1671 2092 humillimas,
1695 2028 1752 2080 et
1772 2021 2021 2079 clamori
2042 2036 2177 2076 meo

2354 2023 2460 2076 Τὴν
2488 2014 2672 2075 δέησίν
2694 2037 2794 2088 μου
2822 2013 2971 2079 δέξαι
2990 2020 3085 2074 τὴν
3110 2017 3390 2087 πενιχρὰν,
3412 2020 3502 2067 καὶ
3521 2012 3795 2087 κλαυθμὸν
3815 2018 3884 2087 μὴ

519 2144 699 2188 aures
726 2102 953 2201 praebe,
983 2127 1041 2179 et
1068 2120 1393 2192 lacrymas,
1424 2115 1560 2171 vide
1592 2119 1649 2169 et
1673 2127 1812 2185 quae
1870 2116 1925 2165 te
1951 2123 2134 2201 pprecc

2284 2103 2537 2178 παρίδης,
2566 2111 2657 2158 καί
2688 2102 2897 2180 δάκρυα
2924 2110 3012 2156 καὶ
3081 2107 3387 2175 στεναγμὸν,
3442 2102 3553 2155 ἀλλ’
3608 2102 3887 2155 ἁντιλαϐοῦ

523 2189 763 2281 annue‘;
781 2213 1163 2285 omnipotens
1182 2189 1345 2264 enim
1364 2221 1428 2260 es
1443 2210 1509 2261 ut
1530 2202 1762 2259 Domini
1798 2198 2138 2270 omnipoten

2285 2215 2386 2268 μου
2414 2198 2482 2256 ὡς
2504 2194 2675 2266 ἀγαθὴ
2711 2200 2801 2247 καὶ
2850 2196 2943 2256 τὰς
3005 2194 3245 2253 αἰτὴσεις
3294 2192 3610 2267 πλήρωσον·
3657 2189 3887 2244 δύνασαι

523 2307 599 2365 tis
637 2308 859 2385 Hater,_
890 2280 1228 2358 dummodo
1280 2293 1678 2351 humilitatem
1728 2304 1926 2345 meam
1985 2302 2138 2358 respt

2283 2287 2384 2356 γὰρ
2406 2286 2576 2336 πάντα
2593 2287 2658 2344 ὡς
2717 2284 3036 2344 πανσθενοῦς
3087 2285 3349 2334 Δεσπότου
3407 2288 3542 2334 Θεοῦ
3596 2286 3799 2355 μήτηρ,
3847 2280 3889 2333 εἰ

521 2395 700 2453 χει-ᾖε,
850 2378 859 2385 ’
2282 2377 2482 2434 νεύσεις
2510 2374 2587 2426 ἔτι
2620 2376 2772 2445 μόνον
2801 2375 2928 2445 πρὸς
2958 2377 3052 2429 τὴν
3105 2370 3233 2442 ἐμὴν
3286 2370 3500 2446 οἰκτρὰν
3547 2375 3887 2424 ταπείνωσιν.

593 2484 808 2539 Libera
825 2494 960 2547 nos,
990 2491 1195 2533 servos
1216 2479 1371 2539 tuos,
1400 2488 1438 2529 o
1477 2469 1752 2541 Deipara,
1784 2483 1817 2523 e
1874 2465 2175 2539 periculis.

2356 2466 2625 2516 Διάσωσον
2661 2461 2762 2515 ἀπὸ
2798 2457 3052 2513 κινδύνων
3078 2463 3202 2522 τοὺς
3232 2456 3455 2520 δούλους
3485 2479 3604 2525 σου,
3642 2464 3885 2523 Θεοτόκε,

524 2570 871 2632 Secundum
902 2568 1094 2623 Deum
1118 2564 1279 2621 enim
1307 2561 1386 2617 ad
1405 2566 1463 2616 te
1501 2563 1564 2613 ut
1626 2572 1870 2613 murum
1925 2556 2139 2626 inexpu

2284 2555 2364 2605 ὃτι
2392 2555 2599 2614 παντως
2623 2554 2754 2624 μετὰ
2789 2559 2917 2604 Θεον
2978 2549 3049 2611 εἰς
3106 2553 3165 2603 σε
3229 2552 3618 2621 καταφεύγομεν
3670 2552 3742 2609 ὡς
3791 2547 3880 2623 ἄῤ-

520 2659 829 2734 gnabilem
844 2661 902 2713 et
921 2652 1118 2713 antisti
1127 2657 1247 2709 tam
1269 2647 1674 2719 confugimus.
1950 2733 1956 2734 ν

1553 2664 1674 2703 nus.
2282 2642 2473 2716 ῥηκτον
2502 2648 2678 2712 τεῖχος
2705 2645 2796 2692 καὶ
2819 2642 3168 2712 προστασίαν.

590 2750 859 2823 Respice,
891 2743 1300 2802 illustrissima
1330 2740 1431 2795 Dei
1461 2736 1741 2803 Genitrix,
1772 2751 1883 2808 pro
1913 2733 2174 2789 clemen-

2373 2728 2663 2800 Επίϐλεψον
2724 2727 2774 2779 ἐν
2831 2727 3085 2801 εύμενεὶᾳ,
3147 2730 3446 2799 πανὺμνητε
3496 2728 3735 2790 Θεοτόκε,
3800 2725 3889 2777 ἐπὶ

520 2842 607 2899 tia
634 2815 740 2896 tua
770 2836 851 2894 ad
880 2833 1171 2899 miserias,
1204 2829 1427 2903 quibus
1469 2842 1690 2899 corpus
1723 2839 1928 2881 meum
1994 2838 2135 2878 vexa

2283 2825 2377 2877 τὴν
2413 2820 2541 2891 ἐμήν
2570 2817 2808 2890 χαλεπὴν
2860 2824 2953 2869 τοῦ
3009 2820 3249 2889 σώματος
3307 2817 3551 2881 κάκωσιν,
3591 2818 3683 2866 καὶ
3725 2815 3887 2865 ἴασαι

520 2937 638 2998 tur,
665 2931 724 2985 et
750 2925 971 2982 animae
992 2918 1289 2978 tribulatio
1307 2915 1618 2974 doloribus
1642 2912 1976 2969 remedium
2005 2909 2135 2967 aﬁ‘ei

1375 2915 1618 2974 iloribus
1642 2912 1976 2969 remedium
2005 2909 2174 2967 affer.
2284 2916 2380 2969 τῆς
2396 2907 2583 2979 ψυχῆς
2605 2927 2705 2979 μου
2731 2910 2788 2959 τὸ
2814 2905 2990 2977 ἄλγος.

838 3100 1132 3161 Theodori
1168 3098 1387 3154 librum
1427 3094 1500 3151 de
1527 3091 2059 3151 communicatione
2093 3088 2373 3146 naturali
2406 3101 2483 3144 ea:
2518 3101 2656 3143 mss.
2694 3084 3084 3154 producimus
3120 3083 3186 3139 in
3223 3081 3554 3139 Addendis.

515 3290 3881 3348 Μ

1789 3483 1987 3533 ΔΝΝο
2034 3480 2296 3530 DOMINI
2339 3478 2607 3529 MCCLXI

835 3682 2173 3862 METHODIUS
2297 3675 3558 3845 MONACHUS

1936 4127 2460 4225 NOTITIA

1507 4348 1762 4425 (Angela
1790 4346 1918 4420 Mai,
1953 4345 2164 4419 Script.
2195 4348 2314 4402 vet.
2342 4347 2489 4421 tom.
2516 4344 2610 4410 Ill,
2641 4358 2705 4415 p.
2732 4341 2885 4412 246.)

576 4569 736 4623 Dum
749 4559 1084 4633 Ephrtemii
1095 4557 1455 4626 Catalogum
1461 4553 1959 4623 patriarcharum
1971 4550 2443 4620 Byzantinorum
2457 4548 2738 4603 Latinum
2748 4545 3010 4614 facerem
3021 4543 3895 4615 typisqueexcuderem,mutta

512 4657 662 4715 mihi
670 4653 1042 4711 inVaticams
1054 4646 1355 4705 codicibus
1363 4645 1592 4712 scripta
1603 4642 2029 4712 praedictorum
2044 4637 2538 4710 patriarcharum
2552 4634 2941 4691 occurrebant
2956 4633 3088 4688 luce
3096 4647 3250 4702 sepe
3258 4633 3527 4704 digna,et
3537 4650 3673 4707 qua;
3681 4639 3895 4710 είησα,

515 4748 710 4803 lorum
719 4741 1048 4814 praestitum
1064 4743 1511 4804 temporumque
1523 4732 1836 4788 historiam
1849 4731 2385 4801 augebant,resque
2396 4726 2665 4795 apprime
2677 4725 3102 4780 ecclesiasticas
3114 4723 3586 4780 illustrabant.A
3595 4740 3627 4782 c
3640 4731 3889 4785 tantum

511 4850 656 4894 sane
664 4813 979 4891 numerum
991 4829 1056 4883 in
1069 4825 1343 4882 manibus
1358 4823 1438 4878 ha
1445 4821 1545 4878 beo
1557 4822 1945 4889 epistolarum
1959 4834 2298 4876 sermonum
2309 4817 2681 4872 decretorum
2697 4819 3071 4869 tractatuum
3080 4813 3463 4886 synodomm,
3480 4821 3547 4869 ut
3555 4818 3888 4886 peculiaris

497 4941 588 4984 ea:
599 4926 690 4982 his
702 4921 944 4992 scriptis
959 4924 1152 4973 tomus
1164 4916 1229 4969 in
1243 4915 1357 4969 hac
1366 4926 1500 4968 mea
1511 4911 1856 4967 collectione
1865 4910 2151 4976 conficien
2158 4906 2270 4962 dus
2277 4913 2483 4976 postea
2496 4906 2797 4962 videatur.
2812 4905 3008 4973 Nunc,
3030 4903 3122 4958 his
3133 4903 3407 4961 omnibus
3426 4911 3883 4978 praetermissis,

510 5032 698 5073 unum
710 5010 905 5080 delegi
926 5007 995 5063 Μ
994 5004 1217 5060 ethodii
1234 5001 1516 5058 monachi
1533 5000 1803 5056 libellum
1830 4999 2143 5062 ineditum,
2156 5012 2271 5066 quo
2293 4996 2431 5051 null
2438 5012 2535 5050 um
2548 4995 2679 5064 fere
2695 4992 2815 5049 vidi
2842 4995 3042 5062 aptius
3054 4992 3135 5047 ad
3154 4993 3520 5062 Byzantina
3538 4994 3691 5052 sedis
3726 5000 3886 5055 vices

500 5106 715 5162 ,υανίαε
725 5100 914 5157 oculis
924 5090 1669 5162 subjiciendas.Scribendt
1683 5096 1881 5145 autem
1892 5086 2169 5156 opusculi
2180 5085 2306 5141 hac
2325 5099 2508 5141 causa
2516 5085 2667 5154 fuit;
2691 5082 2955 5139 Michael
2980 5081 3127 5137 VIII
3139 5083 3471 5151 imperator
3493 5085 3884 5159 Palaeologus

509 5208 670 5250 anno
684 5189 917 5247 Christi
929 5184 1071 5243 I264
1087 5223 1097 5240 .
1115 5187 1246 5251 post
1258 5187 1673 5248 recuperatam
1700 5179 1922 5233 Latinis
1934 5176 2134 5245 ejectis
2149 5175 2745 5245 Constantinopolim.
2760 5176 3054 5230 Joannem
3070 5173 3173 5229 III
3184 5174 3514 5230 Ducamum
3540 5175 3882 5255 Lascarim,

509 5283 614 5353 qui
626 5279 897 5348 pupillus
914 5289 951 5328 (ι
967 5278 1141 5341 patre
1153 5270 1397 5325 relictus
1411 5270 1471 5321 in
1484 5267 1795 5322 Michaelis
1811 5266 2024 5320 velutit
2033 5264 2193 5319 utela
2206 5264 2596 5331 adolescebat,
2606 5278 2856 5333 cumque
2872 5265 2993 5332 ipso
3000 5268 3210 5331 postea
3223 5270 3585 5333 regnaturus
3604 5272 3765 5334 erat,
3780 5269 3884 5323 im-

508 5370 675 5424 mani
689 5368 904 5420 scelere
916 5361 1232 5417 arcte/favit
1245 5399 1257 5413 .
1272 5362 1452 5427 atque
1463 5358 1549 5411 ita
1563 5373 1695 5409 omn
1708 5358 1722 5403 ἱ
1737 5370 1838 5421 spe
1857 5354 2029 5422 regni
2037 5369 2123 5421 pri

2265 5354 2553 5409 bavitJtei
2577 5354 2954 5408 atrocitatem
2978 5353 3114 5407 tulit
3143 5354 3450 5421 aegerrime
3472 5355 3750 5410 Arsenius
3771 5372 3880 5426 pa-

506 5458 779 5512 [mare/1n
800 5452 1091 5519 Ity/sanun
1103 5463 1167 5501 us
1184 5465 1195 5507 ς
1216 5462 1395 5515 coque
1403 5446 1679 5513 processit
1691 5486 1703 5499 .
1718 5451 1779 5498 ut
1802 5446 2157 5510 imperatore
2171 5459 2217 5497 τι
2233 5444 2299 5498 Μ
2297 5444 2581 5498 ichaelem
2597 5443 2671 5497 ab
2683 5443 3084 5498 ecclesiastica
3097 5444 3508 5499 communione
3529 5438 3873 5502 removeret:

506 5548 611 5618 qui
632 5560 771 5599 muJ,‘
789 5545 1028 5608 culpam
1043 5553 1232 5601 suam,
1254 5543 1314 5590 ut
1336 5552 1448 5605 par
1464 5540 1591 5590 crat
1603 5575 1616 5597 ,
1631 5535 1934 5603 proﬁteris,
1956 5534 2303 5589 canonicam
2325 5533 2757 5588 absolutionem
2773 5530 3160 5599 implorabat.
3191 5531 3379 5598 Quam
3393 5531 3497 5587 ubi
3511 5546 3730 5601 parum
3751 5549 3876 5590 cre-

503 5638 549 5692 d
558 5636 686 5689 atus
694 5629 1054 5701 patriarcha
1074 5624 1678 5694 indignabunduqu
1689 5625 1950 5693 negavit,
1970 5629 2176 5679 coacta
2190 5624 2599 5692 episcoporum
2621 5621 2848 5693 synodo
2859 5621 3026 5675 dedit
3042 5635 3288 5689 operam
3307 5621 3592 5689 Michael,
3617 5628 3682 5678 ut
3694 5623 3876 5679 Arse-
