4090 6402
153 328 261 400 im
1407 337 1500 398 DE
1539 315 1926 400 SCHISMATE
1962 342 2290 404 vmnoo.
3435 367 3541 421 782

153 469 300 524 nius
321 463 892 535 sededepelleretur,
905 465 1072 535 eique
1098 463 1434 521 Germanus
1453 467 1558 522 ῙῙῙ
1566 483 1632 521 su
1641 469 2044 524 astitueretur.
2072 470 2214 526 Rem
2229 471 2467 539 plenius
2488 488 2828 547 cognoscere
2853 477 2993 536 licet
3011 482 3144 538 ezA
3156 486 3343 540 rsenii
3358 491 3539 545 testa-

153 561 360 614 mento
387 554 549 627 quod
568 553 899 610 Cotelerius
917 555 1177 644 Monum.
1212 553 1356 644 eccl.
1381 556 1476 610 Gr.
1505 555 1617 610 t.Il
1630 572 1694 625 p.
1723 561 1841 624 168,
1866 559 2159 627 vulgavit.
2211 560 2507 618 Germano
2555 565 2694 621 item
2722 566 2964 638 Josephi
2997 571 3229 628 abbatis
3263 577 3539 644 artiﬁciis

155 647 434 716 expulso,
461 643 757 713 Josephus
785 644 913 712 ipse
936 642 1412 711 patriarchalem
1437 645 1654 716 sedem,
1678 646 1986 703 adnitente
2008 650 2266 715 Caesare,
2298 652 2572 708 obtinuit.
2601 655 2854 711 Interim
2888 658 3234 728 Byzantina
3262 642 3538 723 Ecclesia

155 736 342 807 gravi
361 733 682 790 schismate
704 732 1022 796 laboravit,
1057 731 1200 786 dum
1229 733 1342 788 alii
1360 735 1614 824 {nenia
1649 741 1714 789 ut
1746 735 1959 806 inique
2005 745 2396 795 exauctorato
2433 743 2761 798 studerent:
2797 746 2925 812 alii,
2971 753 3034 802 ut
3086 752 3176 818 ﬁt.
3216 754 3538 824 Josephum

152 822 578 894 patriarcham
609 821 912 876 novellum
933 826 1326 876 sectarentur.
1359 822 1490 878 Hoc
1519 823 1858 878 animorum
1875 824 2150 892 fervente
2175 834 2344 894 testu,
2381 834 2564 901 atque
2609 834 2672 886 in
2705 831 2797 887 his
2823 837 3231 895 ecclesiasticis
3259 821 3536 910 motibus,

153 911 499 968 Hethodius
525 911 875 973 monachus,
899 916 967 964 ut
995 909 1304 965 schismati
1325 911 1508 982 (quod
1536 926 1682 968 sane
1697 914 2039 981 pessimum.
2067 917 2352 974 Ecclesia;-
2379 921 2609 976 malum
2641 926 2724 977 est
2748 921 2768 992 )
2789 923 3019 981 obviam
3069 928 3203 994 iret,
3269 909 3538 988 libellum

157 1000 545 1058 scribendum
599 1002 850 1062 censuit,
910 1013 1024 1069 quo
1073 997 1513 1056 demonstraret
1565 1002 1966 1070 Byzantinam
2000 1005 2344 1076 Ecclesiam,
2402 1023 2751 1079 quanquam
2815 1026 2969 1082 saepe
3021 1031 3059 1071 a
3129 1022 3536 1087 ρνωροιθηεία

159 1091 475 1147 Caesarum
503 1088 598 1151 (de
621 1103 742 1160 qua
771 1087 1052 1157 legendus
1072 1092 1156 1143 est
1192 1088 1520 1160 Lequinius
1553 1090 1656 1146 0r.
1689 1089 1802 1147 Ch.
1833 1097 1874 1145 t.
1911 1094 1962 1159 Ι,
2007 1093 2242 1150 dissert.
2260 1111 2454 1164 prcev.
2513 1113 2648 1168 cap.
2688 1100 2773 1169 l7)
2803 1107 3016 1159 contra
3061 1109 3432 1178 cequissimas
3485 1116 3543 1166 et

155 1179 570 1236 sanctissimas
593 1191 894 1234 canonum
918 1191 1184 1269 normas,
1209 1183 1483 1269 pastores
1512 1179 1707 1269 invita
1727 1182 2064 1250 accepisset,
2098 1183 2294 1239 nihilo
2326 1191 2526 1242 tamen
2571 1189 2768 1244 minus
2824 1199 3114 1262 perpetuo
3169 1198 3414 1269 cavisse,
3465 1215 3541 1256 ne

157 1268 416 1326 schisma
435 1267 500 1322 in
528 1267 753 1336 populo
783 1267 974 1335 ﬁeret;
995 1265 1315 1321 dummodo
1337 1266 1402 1321 hi
1435 1268 1727 1336 praesules
1759 1271 2152 1328 orthodoxam
2185 1273 2361 1340 ﬁdem
2389 1277 2733 1334 retinerent.
2766 1281 2837 1334 1n
2872 1280 2982 1337 hoc
3005 1284 3234 1340 scilicet
3279 1265 3542 1343 vertitur

161 1359 342 1414 totius
363 1371 597 1412 summa
623 1356 914 1424 opusculi;
945 1356 1118 1446 cujus
1144 1356 1427 1446 notitiam
1451 1371 1554 1446 seu
1577 1358 1821 1414 titulum
1854 1359 2109 1414 tradidit
2135 1361 2563 1419 olimAllatius
2590 1366 2653 1421 in
2680 1368 2954 1426 Diatribe
2980 1371 3054 1426 de
3099 1373 3438 1443 Methodiis,
3473 1392 3539 1446 p.

163 1448 296 1515 383,
323 1461 514 1519 neque
535 1451 734 1501 tamen
764 1445 1013 1500 ubinam
1042 1444 1108 1498 id
1135 1444 1408 1500 latitaret
1430 1445 1598 1500 nobis
1631 1446 1936 1503 indicavit:
1972 1449 2125 1504 mihi
2147 1465 2284 1506 vero
2309 1453 2372 1506 in
2405 1453 2710 1510 Vaticanis
2756 1459 3056 1514 codicibus
3101 1444 3536 1531 deprehensum

162 1543 274 1602 est.
297 1541 351 1592 et
371 1539 525 1605 typis
555 1535 806 1605 dignum
831 1539 1013 1606 atque
1032 1535 1181 1589 utile
1211 1536 1426 1590 visum.
1449 1535 1588 1592 Etsi
1604 1536 1759 1592 enim
1791 1537 1945 1592 idem
1972 1544 2396 1607 argumentum
2450 1557 2749 1613 anoymus
2805 1547 2964 1602 alius
3003 1555 3220 1606 auctor
3255 1555 3537 1620 versavit,

160 1641 335 1698 quem
357 1640 388 1680 e
410 1624 612 1681 codice
641 1624 1017 1678 Barocciano
1048 1637 1208 1678 anno
1235 1623 1382 1681 4691
1409 1625 1684 1694 vulgavit
1717 1625 1931 1681 Oxonii
1957 1627 2386 1696 Humphredus
2415 1631 2648 1687 Hodius
2697 1635 2800 1704 (a),
2845 1637 3291 1697 Baroccianum
3339 1647 3539 1699 tamen

159 1715 516 1785 opusculum
537 1723 590 1769 et
606 1713 843 1768 brevius
871 1715 976 1779 est,
999 1717 1056 1767 et
1081 1711 1158 1767 ab
1189 1712 1300 1768 hoc
1332 1712 1624 1768 Vaticano
1643 1715 1794 1770 satis
1819 1715 2142 1782 diversum,
2166 1722 2232 1772 ut
2269 1719 2460 1788 legens
2488 1725 2767 1792 comperi.

235 1856 320 1927 (a)
360 1852 648 1927 Opusculi
670 1852 750 1908 ab
779 1851 1105 1909 Humfredo
1133 1851 1276 1910 editi
1314 1852 1521 1910 titulus
1555 1853 1654 1912 hic
1693 1860 1782 1912 est
1809 1873 1822 1909 :
1855 1858 2179 1927 Anglicani
2205 1861 2347 1916 novi
2372 1862 2709 1920 schismatis
2737 1867 3090 1939 redargutio
3121 1885 3219 1928 seu
3245 1875 3543 1931 tractatus

160 1959 242 2004 ea:
288 1943 551 2002 historiis
588 1941 1026 2010 ecclesiasticis,
1066 1957 1178 2012 quo
1227 1942 1582 2012 ostenditur,
1632 1945 1955 2018 episcopos,
2003 1947 2226 2018 injuste
2264 1949 2401 2006 licet
2449 1951 2764 2023 depositas,
2814 1958 3141 2016 orthodoxi
3187 1966 3544 2020 successoris

161 2032 636 2092 communionem
664 2045 977 2102 nunquam
1003 2031 1315 2102 refugisse.
1353 2031 1510 2088 EDIT.

175 2213 3157 2248 __.____.___—_.______________________

3164 2233 3534 2259 -ῄ--ι

648 2366 898 2503 DE
1003 2365 2088 2510 SGHISMATE
2191 2373 3066 2522 VITANDO

1612 2647 2178 2738 LIBELLUS.

245 2985 602 3040 ΜΕΘΟΔῙΟΥ
673 2988 1010 3037 ΜΟΝΔΧΟΥ
1078 2981 1304 3056 Συλλογὴ
1377 2985 1435 3035 ἐκ
1513 2979 1776 3060 διαφόρων

1907 2985 1999 3044 ΜΕ
2007 2989 2120 3047 ΤΗ
2118 2992 2259 3049 ODI
2256 2993 2292 3048 Ι
2295 2991 2364 3050 Μ
2364 2993 2524 3052 ΟΝΑ
2535 2995 2759 3054 CHIex
2769 2997 3019 3055 diversis
3034 3000 3204 3056 libris
3217 3000 3548 3070 synopticis

254 3082 572 3126 συνοπτιιιῶν
632 3071 869 3145 βιϐλίων,
934 3071 1014 3124 ὃτι
1044 3071 1103 3124 ού
1163 3068 1245 3124 δεῖ
1303 3072 1597 3144 σχὶζεσθαι
1657 3076 1782 3138 τοὺς

249 3163 401 3224 λαοὺς
458 3165 560 3216 οἱπό
637 3170 737 3214 τῶν
822 3158 1107 3236 ἀρχιερέων
1209 3157 1504 3235 ὀρθοδὸξων
1600 3161 1778 3235 ὄντων,

246 3253 290 3306 εἰ
313 3255 449 3306 κατά
501 3271 621 3304 τινα
686 3249 1074 3322 ἄγκληματικὴν
1152 3255 1462 3328 περίστασιν
1553 3254 1582 3310 ἡ
1667 3272 1783 3324 χει-

243 3347 457 3418 ροτονία
486 3340 656 3393 αὐτῶν
682 3338 852 3414 προϐῇ
864 3381 877 3394 .

249 3450 319 3505 α’.
348 3453 525 3504 Ιστέον
570 3450 640 3509 ὡς
687 3450 1151 3520 παραιτησαμένου
1199 3446 1427 3520 μεγάλου
1490 3453 1783 3524 Γρηγορίου

179 3547 269 3593 τοῦ
325 3538 584 3612 Θιολόγου
636 3541 724 3589 τὸν
778 3538 956 3611 θρόνον
1053 3536 1638 3598 Κωνσταντινουπὸλεως
1694 3544 1785 3592 καὶ

182 3627 646 3706 ἀναχωρήσαντος,
712 3627 992 3702 Νικτάριος
1065 3629 1409 3700 πατριάρχης
1489 3632 1786 3703 κεχειροτό-

181 3737 355 3788 νηται,
387 3723 478 3771 καὶ
523 3716 632 3791 μετ’
686 3715 841 3768 αὐτὸν
868 3717 894 3767 ὁ
946 3719 1109 3790 μέγας
1165 3720 1548 3791 Χρυσὸστόμος
1597 3719 1784 3769 τούτου

179 3807 515 3870 ἐκϐληθέντος
558 3803 776 3871 ἀδίκως,
830 3804 1113 3880 Ἀρσάκιος
1159 3806 1185 3856 ὁ
1229 3813 1319 3857 τοῦ
1375 3806 1643 3882 εἰρημένου
1687 3813 1786 3859 Νε-

176 3899 394 3974 κταρὶου
421 3892 642 3968 ἁδελφὸς
673 3897 746 3958 si;
772 3897 860 3946 τὸν
908 3895 1084 3968 θρόνον
1141 3895 1352 3966 ἀνήχθη
1410 3897 1553 3969 παρά
1608 3903 1784 3948 πᾶσαν

177 3992 452 4046 κωονικήν
487 3990 860 4061 παρατήρησιν
906 3984 967 4036 ού
1013 3989 1167 4058 μόνον
1225 3981 1318 4036 διά
1347 3990 1441 4044 τὴν
1496 3992 1587 4038 τοῦ
1647 3989 1784 4060 ἱεροῦ

176 4081 562 4154 Χρυσοστόμου
615 4071 802 4128 ἄδικον
843 4072 1066 4150 ὶξορίαν,
1121 4073 1227 4126 ἀλλ’
1291 4074 1392 4136 ὃτι,
1443 4079 1511 4137 ὡς
1557 4074 1780 4148 λέγεται,

174 4173 264 4222 καὶ
290 4166 742 4239 ζηλοτυπούμενος
772 4167 904 4240 πρὸς
943 4171 1034 4216 τοῦ
1097 4160 1236 4216 ἰδίου
1304 4161 1530 4238 ἀδελφοῦ
1586 4172 1785 4218 Νεκτα-

172 4263 312 4332 ρίου,
347 4261 546 4332 ὤμοσαν
573 4255 714 4326 αύτῷ
743 4257 830 4306 τὸν
874 4261 972 4316 τῆς
1023 4250 1318 4327 βασιλίδος
1386 4257 1562 4331 θρόνον
1619 4251 1787 4330 μηδέ-

1946 3081 2202 3153 Sylloge,
2218 3099 2338 3154 qua
2355 3085 2806 3144 demonstratur
2830 3089 2998 3144 haud
3011 3090 3548 3159 oporterepopulos

1964 3171 2038 3226 ab
2073 3174 2425 3232 orthodoxis
2459 3178 2748 3248 episcopis
2777 3184 2956 3236 semet
3005 3182 3344 3251 sejungere,
3383 3193 3550 3253 quan

1963 3276 2144 3330 quam
2171 3277 2248 3320 ea:
2261 3265 2472 3337 aliqua
2501 3268 2824 3324 criminosa
2850 3270 3085 3326 ratione
3114 3270 3319 3326 electio
3341 3285 3548 3328 eorum

1958 3355 2335 3419 processerit.

1969 3442 2016 3494 1.
2042 3439 2326 3514 Postqam
2357 3459 2618 3514 magnus
2651 3447 2970 3518 Gregorius
3000 3447 3341 3520 Theologus
3403 3450 3553 3506 Con-

1897 3529 2490 3601 stantinopolitanam
2506 3534 2712 3591 sedem
2727 3535 2837 3591 abs
2868 3553 2932 3592 se
2954 3536 3294 3593 abdicatam
3327 3536 3556 3592 dimisit

1895 3623 2129 3673 creatus
2187 3625 2275 3676 est
2319 3623 2664 3694 patriarcha
2710 3624 3055 3694 Nectarius;
3111 3630 3167 3682 et
3213 3631 3351 3699 post
3389 3627 3553 3682 hunc

1897 3706 2394 3782 Chrysostomus;
2419 3728 2542 3785 quo
2572 3713 2775 3786 inique
2807 3715 3076 3788 expulso,
3101 3716 3379 3772 Arsacius
3401 3732 3552 3789 prte-

1894 3795 2034 3852 dicti
2060 3801 2288 3855 Nectari
2308 3799 2488 3856 frater
2541 3802 2619 3858 ad
2671 3803 2877 3859 sedem
2935 3810 3178 3861 evectus
3231 3812 3338 3876 est,
3405 3822 3552 3862 sane

1895 3892 2102 3943 contra
2122 3904 2365 3945 omnem
2406 3891 3208 3963 canonicamregulamznon
3245 3894 3440 3950 solum
3471 3896 3552 3952 ob

1893 3977 1974 4047 inj
1987 3983 2185 4034 ustum
2209 3979 2622 4053 Chrysostomi
2646 3981 2944 4051 exsilium,
2961 3998 3173 4039 verum
3202 3984 3383 4040 etiam
3407 3985 3554 4058 quia

1896 4073 1958 4123 ut
2012 4068 2295 4124 traditum
2348 4075 2452 4138 est,
2496 4070 2747 4128 sollicito
2786 4071 2865 4127 ob
2905 4073 3352 4129 mmulationem
3386 4072 3553 4129 fratri

1893 4157 2168 4214 Nectario
2182 4158 2487 4229 juraverat
2509 4160 2790 4217 Arsacius
2812 4177 3130 4234 nunquam
3154 4179 3217 4218 se
3243 4162 3422 4234 regis:
3457 4178 3552 4218 ur-

1894 4248 1987 4304 bis
2009 4247 2228 4305 infulas
2253 4248 2379 4306 fore
2399 4255 2801 4322 recepturum.
2837 4252 3081 4308 Arsacio
3105 4252 3412 4320 successit,
3457 4268 3556 4307 su-

172 4366 300 4402 ποτι
343 4341 760 4410 καταδέξασθαι.
817 4345 962 4397 Merci
1009 4351 1190 4396 τοῦτον
1248 4342 1496 4416 ἀνάσγέται
1555 4345 1786 4406 Ἀττικὸς

1907 4337 2136 4411 perstite
2159 4336 2358 4394 adhuc
2390 4339 2838 4412 Chrysostomo,
2877 4344 3122 4408 Atticus,
3165 4341 3269 4414 qui
3315 4341 3558 4397 nonnisi

176 4439 248 4502 εἰς
276 4442 365 4489 τὸν
394 4438 590 4512 θρόνον,
642 4433 718 4486 ἐτι
760 4440 853 4486 τοῦ
909 4437 1295 4506 Χρυσοστόμου
1354 4436 1558 4497 ζῶντος·
1616 4438 1786 4487 εἴκοσι

173 4529 278 4601 γάρ
332 4526 484 4590 οὗτος
530 4522 789 4588 ἕπιζὴσας
840 4525 1069 4596 χρόνους
1115 4531 1186 4593 τῷ
1267 4525 1449 4596 θρόνῳ,
1542 4525 1784 4582 θνήσκει.

177 4617 368 4674 Ἐλύθη
415 4611 475 4668 δὲ
526 4617 593 4667 τὰ
643 4617 920 4685 σχίσματα
960 4620 1051 4672 τῆς
1115 4611 1434 4673 Ἐκκλησίας
1472 4615 1548 4666 ἔτι
1603 4616 1790 4676 ζῶντος

177 4707 424 4762 Ἀττικοῦ
479 4712 552 4776 τῷ
630 4701 878 4764 συντάξαι
949 4700 1106 4754 αὐτὸν
1152 4705 1238 4754 τὸν
1303 4703 1433 4754 θεῖον
1486 4707 1793 4775 Χρυσὸστο-

176 4817 274 4866 μον
299 4797 434 4871 μετὰ
462 4802 562 4846 τῶν
580 4786 872 4866 ὀρθοδοξων
920 4799 1264 4866 πατριαρχῶν
1339 4811 1387 4843 εν
1458 4799 1562 4851 τοίς
1637 4794 1792 4867 ἱεροῖς

179 4883 492 4958 διπτύχοις.
520 4885 666 4936 Μετά
713 4880 949 4935 Ἀττικὸν
992 4884 1235 4941 Σισίνιοςο
1275 4881 1407 4954 μετά
1448 4887 1630 4933 τοῦτον
1694 4888 1790 4934 Ns-

180 4983 400 5052 στόριος.
453 4976 652 5026 Τούτου
705 4972 1067 5044 καθαιρεθένος
1109 4970 1159 5022 ἐν
1213 4978 1276 5044 τῇ
1332 4975 1486 5045 τρίτῃ
1549 4967 1786 5044 συνόδῳ³

179 5066 506 5140 Μαξιμιανὸς
565 5071 658 5123 τῆς
733 5059 1318 5124 Κωνσταντινονπὸλεως
1407 5067 1791 5133 χειροτονεῖται

182 5154 483 5214 ἔπισκοπος,
512 5155 711 5206 Τούτου
757 5149 1180 5218 τελευτήσαντος,
1247 5151 1272 5201 ὁ
1337 5149 1470 5224 ἱερὸς
1515 5147 1570 5200 ἐκ
1630 5149 1791 5209 Κυζί-

183 5265 274 5299 κου
352 5245 690 5319 μιτατιθιτὰι
761 5239 993 5313 Πρόκλος
1101 5239 1172 5301 εἰς
1253 5238 1792 5292 Κωνσταντινοὺπολιν

184 5332 386 5395 ιίδήσει
423 5337 513 5387 καὶ
559 5332 850 5384 συναινέσει
895 5335 988 5380 τοῦ
1038 5336 1331 5386 τηνικαῦτα
1376 5333 1580 5402 Ῥώμης
1605 5331 1792 5402 ἀρχιε-

184 5429 329 5499 ρέως,
387 5425 452 5488 ὡς
508 5424 534 5476 ὀ
593 5425 836 5496 Ζωναρᾶς
895 5420 1092 5493 ἱστοριί
1156 5417 1205 5472 ἐν
1267 5426 1340 5481 τῷ
1413 5426 1650 5494 Χρονικῷ
1705 5418 1794 5470 αύ-

187 5523 275 5566 τοῦ
453 5514 546 5566 καῖ
591 5509 829 5581 ἀλλαχοῦ
895 5503 956 5560 δὲ
1001 5509 1229 5581 φὲρεται.
1285 5515 1330 5560 Ο
1397 5503 1460 5560 δὲ
1499 5509 1631 5570 θεῖος
1660 5513 1792 5580 Προ-

1895 4434 2033 4502 post
2057 4428 2412 4485 vicesimum
2443 4429 2828 4502 episcopatus
2865 4446 3096 4486 annum
3144 4436 3419 4487 mortuus
3447 4435 3552 4487 est.

1898 4518 2176 4576 Ecclesiae
2199 4534 2339 4574 vero
2357 4519 2622 4575 schisma
2652 4519 2957 4576 sublatum
2980 4526 3086 4588 est,
3113 4537 3252 4577 cum
3279 4521 3556 4577 nondum

1899 4610 2189 4666 exstincto
2213 4608 2399 4664 Attico
2425 4607 2547 4663 divi
2572 4608 2986 4681 Chrysostomi
3022 4626 3245 4666 nomen
3273 4611 3334 4666 in
3383 4625 3560 4666 sacra

1901 4697 2464 4770 Diptycharelatum
2509 4695 2635 4752 fuit.
2692 4698 2882 4753 Attico
2937 4700 3227 4754 successit
3280 4699 3555 4767 Sisinius,

1899 4787 2038 4843 huic
2063 4785 2389 4842 Nestorius:
2418 4801 2540 4858 quo
2565 4785 2816 4842 decretis
2872 4787 3057 4842 tertiae
3110 4788 3324 4860 synodi
3367 4787 3559 4860 depo-

1901 4879 2032 4945 sito,
2057 4877 2455 4933 Maximianus
2482 4876 3082 4949 Constantinopoleos
3102 4877 3169 4933 fit
3215 4878 3557 4950 episcopus.

1899 4973 2090 5041 Atque
2119 4967 2234 5022 hoc
2256 4970 2514 5034 mortuo,
2531 4966 2880 5023 transfertur
2911 4967 3122 5040 Cyzico
3145 4968 3560 5022 Constantino-

1900 5057 2086 5131 polim
2110 5062 2354 5113 sanctus
2385 5055 2646 5125 Proclus,
2681 5055 2904 5111 sciente
2942 5055 3442 5129 etcomprobante
3455 5055 3558 5128 qui

1901 5163 2009 5221 per
2031 5145 2180 5202 illud
2215 5150 2453 5216 tempus
2500 5149 2638 5200 erat
2656 5147 2859 5200 Romus
2889 5145 3223 5216 hierarcha,
3257 5151 3323 5200 ut
3359 5151 3416 5200 et
3459 5148 3560 5200 Zo-

1901 5252 2082 5293 naras
2101 5236 2162 5290 in
2189 5233 2483 5290 Chronico
2513 5238 2737 5302 narrat,
2762 5238 2817 5288 et
2849 5233 3094 5290 aliunde
3143 5236 3326 5290 etiam
3394 5250 3560 5290 com-

1903 5331 2138 5398 pertum
2163 5327 2456 5380 θεῖ.Ροηο
2487 5322 2664 5378 divus
2687 5321 2927 5377 Proclus
2958 5340 3098 5378 cum
3116 5330 3324 5380 sancto
3355 5323 3562 5380 Proclo

1905 5415 2307 5473 Alexandrino
2338 5413 3051 5485 communicabat;neque
3071 5414 3118 5468 is
3136 5415 3561 5470 tantummodo

1903 5521 2115 5562 verum
2144 5504 2328 5560 etiam
2354 5518 2687 5576 praecessor
2711 5502 2843 5572 ejus
2856 5501 3271 5568 Maximianus,
3305 5520 3416 5560 nec
3436 5519 3563 5560 non

255 5641 334 5712 (l)
375 5637 502 5694 Lib.
535 5652 660 5714 xm,
687 5638 777 5692 22.
818 5631 1049 5690 Notitias
1079 5637 1282 5690 tamen
1325 5632 1510 5706 hujus
1548 5615 1782 5712 partem
1813 5629 2057 5687 aliunde
2101 5629 2285 5686 sumit
2328 5626 2678 5696 Methodius,
2727 5631 2795 5683 ut
2830 5627 3090 5700 ipsemet
3118 5627 3356 5700 innuit;
3416 5643 3564 5705 nam,

188 5731 448 5790 Zonaras
464 5725 544 5782 de
569 5723 827 5783 Romani
847 5719 1146 5796 pontiﬁcis
1176 5720 1470 5794 suffragio
1497 5719 1647 5778 nihil
1673 5720 1842 5778 dicit.
