4090 6396
567 300 673 357 783

1833 361 1847 376 ,
1900 291 2236 355 METRODII
2262 291 2605 355 numam.

3839 306 3941 367 ’184

571 422 822 481 Sisinius
854 427 911 481 et
949 421 1195 479 Atticus.
1252 416 1486 476 Nemini
1542 414 1705 474 enim
1744 416 2214 477 adversabantur

2341 418 2458 482 κλος
2507 419 2804 479 κοινωνικὸς
2856 417 2919 478 ἦν
2969 424 3041 490 τῷ
3099 416 3236 493 ἁγίῳ
3305 419 3520 496 Πρόκλῳ
3605 429 3683 494 τῷ
3717 421 3937 488 Ἀλεξαν-

570 514 694 571 sive
732 513 985 585 Cyrillus
1014 509 1138 567 sive
1201 505 1414 580 reliqui
1464 505 1822 580 patriarcha:
1842 510 2087 581 propter
2130 506 2227 566 vel

569 602 729 658 sedis
758 600 1235 669 translationem,
1259 596 1355 653 vel
1382 595 1645 652 alienam
1699 611 1739 652 a
1794 611 2039 654 summo
2091 596 2227 669 jure

572 690 864 747 canonico
886 688 1259 746 electionem.
1288 686 1493 758 Neque
1513 700 1655 741 vero
1677 684 2103 759 episcoporum
2121 686 2229 744 ho-

568 796 707 836 rum
735 778 1144 836 ordinationes
1176 792 1214 833 a
1235 774 1529 848 quopiam
1559 774 2060 846 repudiabantur.
2115 775 2230 842 Qui

572 868 817 925 enimid
844 867 976 923 ﬁeri
1011 868 1262 940 poterat,
1293 862 1593 937 praedictis
1639 863 2042 923 summatibus
2089 880 2231 923 con-

576 955 1004 1015 sentientibus?

646 1140 701 1192 2.
731 1134 902 1202 Quod
930 1149 1072 1191 vero
1110 1148 1206 1190 res
1231 1133 1312 1189 ita
1335 1148 1399 1189 se
1423 1130 1721 1202 habuerit,
1778 1147 1920 1192 cum
1984 1132 2230 1190 aliunde

578 1228 835 1290 constat,
859 1228 986 1280 tum
1016 1222 1194 1279 etiam
1211 1237 1285 1278 ex
1300 1220 1552 1295 epistola
1568 1221 1647 1278 ad
1665 1221 1998 1279 Nestorium
2039 1221 2232 1279 sancti

577 1313 1059 1386 Ctelestinipapae
1091 1312 1344 1369 Romani
1398 1310 1604 1384 palam
1659 1309 1746 1381 fit,
1817 1326 1955 1384 quae
1998 1311 2229 1385 inciptt:

578 1423 607 1457 α
634 1402 966 1476 Aliquantis
986 1400 1202 1458 diebus
1229 1400 1361 1456 vitae
1387 1403 1634 1458 nostrae.
1663 1420 1693 1449 ι»
1732 1402 1802 1456 Et
1838 1399 2020 1473 paulo
2068 1406 2228 1473 post:

578 1514 606 1542 ‹‹
641 1494 872 1550 Sancta:
900 1488 1334 1546 recordationis
1362 1488 1588 1546 Atticus
1617 1486 1924 1547 catholicae
1946 1490 2233 1562 magister

571 1580 650 1652 (2)
682 1580 841 1648 ﬁdei,
883 1586 940 1637 et
960 1594 1092 1635 vere
1113 1577 1292 1634 beato
1314 1576 1532 1634 Joanni
1551 1577 1731 1634 etiam
1752 1578 1832 1634 ad
1849 1577 1967 1635 ista
1997 1596 2234 1637 succes-

574 1686 693 1728 sor.
722 1693 750 1721 ››
783 1673 850 1726 Et
875 1668 1079 1725 multis
1116 1667 1458 1738 interjectis:
1486 1689 1513 1721 ι
1540 1666 1658 1723 Cur
1715 1672 1922 1724 tamen
1973 1684 2046 1725 ea
2090 1685 2229 1743 quae

2339 505 2540 584 δρείας
2570 506 2630 560 οὐ
2679 510 2833 580 μόνον
2895 502 2948 560 δ’
2996 506 3170 577 οὗτος,
3220 507 3348 564 ἀλλά
3390 514 3482 564 καὶ
3541 510 3569 563 ό
3622 516 3723 585 πρὸ
3779 512 3929 568 αὐτοῦ

2336 596 2681 670 Μαξιμιανὸς,
2708 600 2800 649 καὶ
2842 591 3027 655 δήκαὶ
3079 601 3327 668 Σισίνιος,
3370 604 3462 653 καὶ
3512 603 3750 666 Δττικός.
3802 606 3928 678 Πρὸς

2337 682 2528 740 οὐδένα
2578 689 2669 738 καὶ
2717 687 2821 760 γὰρ
2871 681 3174 762 διεφέροντο
3241 691 3360 742 οὔτε
3441 688 3688 763 Κύριλλος
3763 692 3929 746 οὗτεοί

2336 774 2512 829 λοιποὶ
2555 775 2891 849 πατριάρχαι
2942 776 3087 828 ἕνεκα
3131 784 3224 838 τῆς
3288 779 3613 850 μεταθέσεως
3682 785 3771 833 καὶ
3834 790 3925 835 τῶν

2338 866 2486 939 παρὰ
2511 869 2607 924 τὴν
2626 883 2852 917 κανονων
2907 862 3173 941 ἀκριϐειαν
3240 876 3598 942 χειροτονιῶν·
3658 868 3772 922 Λλλ’
3814 867 3925 925 οὐδὶ

2340 957 2397 1007 αἱ
2469 956 2665 1007 τούτων
2739 958 3062 1029 χειροτονίαι
3134 950 3354 1009 ἆδεκτοί
3431 976 3536 1010 τινι
3611 956 3923 1031 ἐγεγόνεισαν

2339 1051 2450 1104 πῶς
2476 1046 2600 1117 γὰρ,
2624 1045 2793 1095 αὐτῶν
2823 1042 3217 1117 ἕπαινουμένωνς

2415 1130 2491 1205 β’.
2519 1135 2619 1185 Καὶ
2643 1134 2722 1185 ὅτι
2762 1129 2958 1194 ἀλὴθὴς
2999 1133 3027 1184 6
3074 1131 3248 1206 λόγος,
3298 1130 3459 1194 δῆλον
3653 1135 3708 1201 ἐξ
3752 1136 3925 1207 ἄλλων,

2344 1218 2503 1281 δῆλον
2535 1217 2594 1274 δε
2623 1220 2681 1274 ἐκ
2705 1229 2802 1284 τῆς
2843 1224 2975 1294 πρὸς
3010 1227 3290 1299 Νεστόριον
3340 1223 3616 1287 ἐπιστολῆς
3667 1234 3760 1281 τοῦ
3790 1226 3926 1299 ἁγίου

2344 1311 2669 1380 Κελεστίνου,
2757 1311 2949 1363 πάππα
3007 1310 3228 1385 Ῥώμης,
3299 1313 3364 1375 ἧς
3437 1316 3467 1373 ἡ
3547 1313 3722 1391 ἀρχή,
3792 1315 3926 1389 «Ἐγ,

2341 1402 2535 1474 ἡμέρας
2571 1400 2715 1461 τινάς
2782 1408 2878 1462 τῆς
2938 1399 3077 1463 ζωῆς
3148 1403 3314 1474 ἡμῶν.
3387 1424 3417 1454 »
3478 1408 3573 1457 καὶ
3655 1404 3923 1478 μετ’όλὶγα·

2342 1512 2372 1540 ι(
2395 1489 2597 1544 Αὐτίκα
2624 1491 2651 1540 6
2680 1497 2776 1552 τῆς
2813 1489 2962 1556 ἁγίας
2984 1495 3195 1563 μνήμης
3215 1491 3227 1513 ’
3272 1495 3513 1562 Λττικὸς,
3541 1494 3570 1546 6
3622 1489 3925 1558 διδάσκαλος

2339 1588 2434 1641 τῆς
2487 1578 2766 1641 καθολικῆς
2814 1583 3063 1647 πίστεως,
3118 1584 3209 1633 καὶ
3266 1578 3473 1646 ἀληθῶς
3527 1590 3625 1636 τοῦ
3682 1590 3922 1659 μακαρίου

2343 1669 2578 1722 Ἰωάννου
2607 1674 2695 1723 καί
2726 1668 2798 1729 εἰς
2826 1676 2995 1721 ταῦτα
3020 1664 3305 1742 διάδοχος.
3358 1691 3389 1724 κ
3437 1676 3528 1725 καὶ
3581 1676 3714 1745 μετὰ
3755 1670 3919 1727 πολλὼ

569 1759 866 1817 adversus
897 1757 1009 1814 hos
1039 1761 1182 1813 tunc
1212 1759 1522 1825 suntacta,
1544 1760 1920 1828 quaeruntur,
1944 1772 2084 1814 cum
2107 1774 2214 1817 cer-

2338 1780 2366 1810 ‹‹
2396 1757 2417 1772 ’⁸
2456 1766 2613 1832 Opim;
2643 1754 2738 1811 διὰ
2767 1762 2826 1811 τί
2865 1760 2934 1811 τὰ
2969 1757 3081 1811 κατ’
3135 1757 3337 1812 ἐκείνων
3377 1767 3722 1835 πεπραγμένα
3766 1763 3921 1825 ζητεῖ·

570 1853 701 1904 tum
730 1848 803 1903 sit
824 1845 985 1902 illinc
1006 1845 1231 1904 ad.nos
1275 1860 1314 1902 a
1351 1843 1646 1901 catholico
1700 1845 1987 1920 episcOpo
2037 1849 2228 1907 Attico

570 1941 715 1993 tunc
734 1934 1201 1993 commentarios
1230 1949 1362 1990 esse
1387 1933 1647 1992 directos
1678 1938 1707 1991 ?
1726 1952 1757 1989 ν
1802 1934 1967 1993 ldem
1996 1937 2078 1994 ad
2114 1939 2228 1997 cle-

569 2042 707 2083 rum
734 2023 1356 2097 Constantinopoleos,
1389 2027 1569 2096 atque
1598 2023 1678 2081 ad
1724 2029 1867 2081 tunc
1916 2035 2225 2087 versantes

568 2114 818 2178 ibidem,
897 2112 1239 2187 episcopos,
1337 2111 1728 2185 presbyteros
1810 2114 2222 2192 diaconosque

570 2204 838 2262 scribens
860 2208 1068 2260 contra
1098 2201 1458 2271 Nestorium,
1488 2203 1573 2260 sic
1600 2202 1885 2277 loquitur:
1916 2209 2110 2264 «Nam
2157 2212 2225 2267 ut

569 2310 607 2351 a
618 2292 1046 2351 recentioribus
1058 2290 1333 2349 inchoem
1343 2308 1433 2362 us,
1445 2293 1593 2365 quid
1605 2308 1728 2349 non
1742 2296 1979 2352 animos
1991 2302 2218 2356 vestros

569 2384 990 2455 magisterium
1090 2381 1331 2440 edocuit
1444 2386 1666 2440 sancte
1784 2385 2221 2447 recordationis

562 2474 810 2531 Joannis
840 2473 1129 2546 episcopi,
1159 2473 1333 2545 cujus
1364 2473 1557 2531 oratio
1569 2472 1923 2533 catholicam
1944 2483 2221 2537 astruens

561 2565 747 2623 ﬁdem
785 2569 911 2623 toto
957 2563 1104 2622 orbe
1142 2563 1364 2621 diffusa
1419 2566 1548 2622 est?
1589 2565 1694 2638 qui
1762 2581 2067 2640 nusquam
2114 2585 2222 2643 per

560 2656 900 2713 doctrinam
929 2671 1104 2713 suam
1123 2654 1332 2722 defuit,
1360 2654 1506 2728 quia
1530 2654 1876 2730 ubicunque
1896 2657 2087 2716 lectus
2106 2665 2217 2729 est,

566 2746 931 2819 prmdicavit.
963 2745 1123 2802 Illius
1179 2744 1450 2815 diligenti
1496 2745 1832 2818 prudentiae
1879 2750 2222 2808 constantia

559 2834 859 2893 celebrata
871 2835 1181 2893 successit.
1195 2834 1361 2891 Rexit
1371 2834 1533 2891 enim
1546 2839 1768 2893 sanctas
1781 2838 1992 2895 record
1999 2826 2223 2896 ationis'

557 2925 879 2999 episcopus
898 2924 1123 2982 Atticus
1145 2923 1547 2981 Christianum
1560 2925 1859 2998 populum
1879 2926 2219 2986 decessoris

557 3015 858 3088 exemplo,
878 3019 936 3071 et
958 3012 1286 3085 sacrilegos
1312 3018 1661 3086 persecutus
1683 3021 1772 3072 est
1798 3016 2217 3075 haereticorum

2336 1867 2446 1920 ται,
2474 1850 2629 1902 ὁπότε
2659 1844 2818 1908 δῆλόν
2848 1846 2990 1902 ἐστιν
3024 1849 3104 1902 ὅτι
3155 1846 3343 1903 ἐκεῖθεν
3402 1855 3535 1927 πρὸς
3596 1853 3737 1926 ἡμᾶς
3795 1855 3921 1928 παρὰ

2335 1946 2428 1992 τοῦ
2459 1942 2573 1992 τότε
2597 1936 2886 1992 ἐπισκόπου
2929 1945 3023 1991 τοῦ
3078 1938 3359 1992 καθολικοῦ
3392 1939 3640 1995 ’Δττικοῦ
3692 1944 3759 1996 τὰ
3807 1943 3921 1995 ὁποι

2333 2032 2582 2101 μνήματα
2612 2025 2927 2093 ἀπεστνοίλης
2967 2049 2998 2079 ››
3036 2025 3095 2080 Ὀ
3143 2027 3296 2091 αὐτὸς
3351 2033 3443 2083 καὶ
3507 2029 3581 2104 ii;
3630 2035 3716 2084 τὸν
3752 2030 3920 2106 κλῆρον

2336 2116 2923 2179 Κωνσταντινουπόλεως
2979 2119 3193 2192 γράφων
3253 2122 3344 2172 καὶ
3408 2118 3482 2182 εἰς
3548 2123 3678 2184 τοὺς
3756 2120 3919 2174 αὐτόθι

2330 2212 2444 2260 τότε
2517 2201 2793 2280 διάγοντας
2841 2203 3180 2276 ἐπισκόπους,
3235 2205 3625 2283 πρεσϐυτέρους
3675 2214 3762 2264 καὶ
3815 2203 3917 2263 δια·

2330 2301 2516 2358 κόνους
2538 2298 2676 2350 κατὰ
2706 2300 3015 2369 Νεστορίου,
3046 2293 3175 2350 τάδε
3222 2316 3401 2370 φησιν’
3453 2320 3483 2350 ι(
3531 2297 3648 2353 ’Ἱνα
3692 2302 3785 2376 γάρ
3826 2298 3915 2352 ἀπὸ

2330 2396 2431 2440 τῶν
2475 2392 2684 2460 Νεαρῶν
2732 2384 3028 2459 ἀρξώμεθα,
3078 2390 3130 2439 τί
3185 2385 3279 2439 οὐκ
3342 2384 3569 2442 ἐνέϐαλεν
3632 2390 3769 2463 ἡμῶν
3810 2394 3913 2449 ταῖς

2329 2475 2538 2548 ψυχαῖς
2562 2477 2591 2534 ἡ
2625 2470 2904 2537 παίδευσις
2940 2482 3034 2528 τοῦ
3068 2482 3164 2537 τῆς
3216 2470 3369 2548 ἁγίας
3421 2483 3635 2551 μνήμης
3698 2478 3911 2533 Ἰωάννου

2330 2564 2641 2632 ίπισκόπου;
2667 2560 2726 2617 οὗ
2770 2563 2916 2637 λόγος
2966 2563 3033 2626 εἰς
3083 2566 3255 2619 πάντα
3305 2568 3392 2618 τὸν
3439 2585 3638 2640 κόσμον
3685 2565 3910 2640 ἕξεχύθη’

2329 2651 2621 2727 οἰκοδομῶν
2660 2658 2756 2713 τὴν
2808 2652 3092 2713 καθολικὴν
3146 2658 3347 2707 πίστιν·
3399 2654 3456 2718 ὃς
3510 2652 3744 2729 οὐδαμοῦ
3789 2657 3913 2709 κατὰ

2327 2749 2420 2804 τὴν
2453 2741 2807 2797 διδασκαλίαν
2839 2741 2998 2804 ἀπῆν
3023 2745 3153 2797 ὃπόυ
3202 2746 3305 2820 γὰρ
3349 2740 3542 2805 δήποτε
3602 2743 3909 2817 ἀνεγνώσθη,

2293 2825 2564 2909 ’ἐκὴρυξι
2597 2840 2702 2893 Τήν
2760 2830 2820 2888 δε
2849 2832 3043 2886 ἐκείνου
3100 2832 3315 2907 ἐπιμελῆ
3394 2836 3596 2887 σὺνεσιν
3645 2832 3909 2909 στερρότης

2330 2920 2710 2997 διαϐεϐοημένη
2781 2918 3076 2987 διεδέξατό·
3180 2920 3490 2998 ἐκυϐέρνησε
3572 2925 3666 3001 γὰρ
3742 2924 3768 2975 6
3825 2930 3908 2984 τῆς

2329 3011 2481 3085 ἁγίας
2526 3017 2739 3086 μνήμης
2784 3010 3065 3074 ἇπίσκοπος
3117 3010 3357 3076 Ἀττικός
3410 3017 3498 3066 τόν
3552 3016 3906 3089 Χριστιανικόν

556 3102 815 3162 furores.
874 3103 1182 3176 »Cyrillus
1236 3103 1379 3160 item
1431 3103 1494 3160 in
1545 3120 1660 3161 sua
1708 3105 1787 3162 ad
1882 3107 2214 3165 Nestorium

2326 3094 2447 3156 λαόν
2477 3111 2550 3174 τῷ
2580 3110 2669 3156 τοῦ
2700 3106 3140 3176 προηγησαμένου
3194 3099 3577 3177 ὑποδείγματι,
3606 3108 3694 3157 καὶ
3740 3099 3906 3165 ἐδίωξε

558 3192 811 3268 epistola
876 3192 995 3250 ait:
1066 3215 1093 3244 «
1135 3194 1360 3262 Testor,
1426 3191 1665 3250 vivente
1729 3193 1930 3252 adhuc
2023 3194 2216 3255 beatae

559 3280 991 3339 recordationis
1021 3281 1234 3353 Attico,
1261 3280 1573 3355 scripsisse
1612 3299 1710 3340 me
1749 3282 1825 3341 de
1887 3289 2096 3344 sancta
2160 3290 2217 3344 et

559 3369 1056 3429 consubstantiali
1076 3370 1359 3427 Trinitate
1383 3370 1674 3430 libellum.
1710 3394 1738 3423 »
1788 3372 1880 3430 Sic
1934 3390 2078 3447 ergo
2120 3374 2215 3434 isti

558 3476 622 3519 se
642 3465 955 3533 gesserunt
977 3459 1281 3534 locutique
1304 3464 1464 3519 sunt.

626 3645 681 3698 3.
708 3640 850 3708 Quis
869 3655 1013 3698 vero
1036 3640 1293 3713 ignorat,
1310 3638 1477 3714 quod
1488 3640 1621 3713 jam
1641 3655 1754 3713 ego
1769 3640 2038 3701 dicturus
2050 3660 2209 3715 sum,

553 3745 774 3804 nempe
786 3730 1025 3788 illorum
1036 3730 1141 3804 qui
1152 3728 1618 3808 iniustissimam
1634 3730 2211 3808 sclestissimamque

554 3820 763 3891 magni
777 3819 1189 3893 Chrysostomi
1200 3807 1643 3893 depositionem
1656 3807 2210 3896 curaverunt,prin-

554 3909 747 3983 cipem
767 3909 951 3966 fuisse
975 3908 1446 3966 Alexandrinum
1458 3908 1876 3982 Theophilum,
1891 3913 2203 3985 proximos

555 4006 756 4058 autem
776 3999 916 4056 huic
933 3998 1348 4067 Severianum,
1367 3997 1879 4071 Gabalitanum,et
1894 4003 2211 4060 Berrhoen-

553 4105 681 4145 sem
704 4089 987 4146 Acacium
1011 4088 1040 4145 ?
1068 4092 1343 4144 Attamen
1379 4087 1441 4143 hi
1457 4093 1592 4160 post
1621 4088 2037 4162 Chrysostomi
2073 4091 2210 4150 obi-

550 4184 1066 4252 tum,quanquam
1080 4176 1247 4250 apud
1259 4177 1673 4235 innocentium
1691 4195 1910 4253 papam
1925 4182 2210 4254 postulati

550 4266 811 4338 fuerunt,
842 4273 1045 4326 tamen
1072 4283 1270 4341 neque
1295 4266 1553 4342 depositi
1595 4273 1736 4326 sunt
1779 4286 1978 4344 neque
2018 4271 2208 4329 incre-

550 4356 676 4430 piti;
709 4358 853 4427 quia
876 4373 1090 4431 poenas
1119 4360 1365 4431 propter
1404 4357 1903 4430 Chrysostomum
1952 4360 2027 4417 de
2058 4361 2204 4435 ipsis

2328 3197 2417 3255 τὰς
2458 3192 2754 3266 ἱεροσύλους
2812 3201 2908 3245 τῶν
2962 3197 3235 3269 αίρετικῶν
3282 3197 3492 3266 μανίας.
3559 3215 3587 3246 »
3616 3198 3715 3249 Kal.
3744 3191 3905 3267 Κύριλ-

2325 3284 2406 3346 λος
2466 3283 2518 3337 ἓν
2561 3292 2623 3357 τῇ
2676 3287 2806 3358 πρός
2873 3288 3157 3358 Νεστόριον
3214 3284 3365 3357 λέγει’
3431 3284 3478 3335 ε’
3553 3286 3651 3341 En“
3714 3283 3903 3344 ἀληθεία

2326 3371 2387 3429 δε
2430 3373 2562 3446 λέγω
2606 3374 2688 3426 ὅτι
2734 3377 2822 3426 καὶ
2874 3376 3142 3448 περιόντος
3208 3375 3285 3426 ἔτι
3357 3380 3458 3434 τῆῦ
3509 3375 3609 3438 τῆς
3673 3376 3903 3449 μακαρίας

2325 3467 2536 3537 μνήμης
2583 3461 2827 3516 Ἀττικοῦ
2874 3463 3195 3516 συντίθειταί
3248 3481 3339 3535 μοι
3396 3459 3590 3536 βίϐλος
3640 3468 3753 3538 περὶ
3822 3468 3902 3523 τῆς

2323 3552 2477 3627 ἁγίας
2501 3555 2592 3605 καὶ
2622 3552 2904 3626 ὁμοουσίου
2935 3548 3182 3626 Τριάδος.
3214 3572 3243 3603 ››
3273 3555 3374 3605 Καὶ
3402 3547 3553 3607 οὗτοι
3600 3556 3690 3628 μέν
3736 3559 3903 3606 ταῦτα,

2391 3639 2439 3715 γ’
2462 3683 2479 3699 .
2508 3640 2703 3695 Ἐκεῖνο
2733 3636 2794 3694 δι
2821 3645 2901 3704 τίς
2923 3640 3016 3693 οὐκ
3042 3637 3182 3694 οἶδεν
3231 3638 3258 3693 ὃ
3308 3659 3360 3695 τι
3437 3647 3601 3715 φημίς
3682 3650 3774 3696 τῶν
3823 3642 3903 3698 τὴν

2324 3728 2656 3791 ἆδικωτάτην
2718 3734 2810 3784 καὶ
2862 3732 3311 3807 παρανομωτδπην
3353 3737 3447 3784 τοῦ
3500 3731 3735 3805 μεγάλου
3778 3737 3903 3806 Χρυ-

2324 3826 2589 3895 σοστόμου
2627 3822 2933 3894 καθαίρεσιν
2999 3819 3363 3897 ἕργασαμενων
3446 3830 3661 3897 πρῶτος
3723 3824 3807 3896 μὶν
3851 3819 3904 3878 ἦν

2322 3912 2537 3974 αἵτιοςό
2591 3906 2984 3986 Ἀλεξανδρεὶας
3044 3907 3313 3984 Θεόφιλος·
3387 3906 3497 3983 μετ’
3576 3912 3727 3965 αὐτόν
3779 3905 3833 3962 δέ
3883 3907 3905 3958 ό

2322 3999 2565 4055 Γαϐάλων
2631 4002 2958 4076 Σευηριανὸς,
3045 4004 3139 4052 καὶ
3219 4000 3246 4051 6
3340 3998 3592 4075 Βερῥοίας
3666 4001 3903 4059 Ἀκαῖκιος.

2319 4089 2438 4144 Αλλ⁹
2466 4094 2604 4164 ὅμως
2632 4085 2779 4143 οὖτοι
2828 4092 2958 4162 μετὰ
3002 4093 3098 4149 τὴν
3145 4096 3238 4143 τοῦ
3290 4094 3684 4166 Χρυσοστόμου
3741 4093 3907 4163 κοίμη-

2321 4200 2404 4234 σιν
2453 4178 2879 4254 ἔμφανισθεντες’
2930 4183 3194 4252 Ινοκεντίῳ
3244 4186 3318 4251 τῷ
3383 4179 3605 4256 πάππα,
3657 4180 3771 4235 οὒτε
3796 4179 3904 4233 καθ-

2319 4272 2603 4346 ῃρέθησαν,
2662 4267 2768 4322 οὔτ’
2830 4270 3234 4342 ἐπετιμήθησαν,
3283 4273 3380 4329 τὴν
3433 4268 3527 4323 ἀπ’
3566 4271 3733 4326 αὐτῶν
3820 4272 3899 4321 τοῦ

2316 4364 2701 4434 Χρυσοστόμου
2740 4356 3015 4417 ἐκδίκησιν
3061 4366 3135 4430 τῷ
3183 4364 3300 4429 Θεῷ
3357 4365 3451 4411 τοῦ
3500 4363 3695 4414 πάππα
3743 4357 3899 4411 ἀναθε-

548 4447 873 4506 sumendas
902 4448 1000 4504 Dei
1023 4447 1252 4519 judicio
1277 4463 1440 4521 papa
1487 4448 1779 4521 permisit.
1813 4451 2016 4522 ipsum
2058 4467 2203 4510 vero

2325 4452 2466 4501 ιιένου
2636 4448 2801 4501 Αὐτὸν
2833 4444 2892 4501 δέ
2921 4450 3009 4501 τόν
3059 4446 3308 4521 Θεόφιλον
3358 4450 3433 4511 τίς
3480 4447 3779 4517 ἀπεϐάλετῆ
3822 4447 3898 4498 τόν

545 4535 939 4611 Theophilum
963 4536 1099 4611 quis
1120 4553 1156 4593 a
1176 4538 1424 4611 propria
1462 4537 1890 4595 communione
1924 4541 2198 4609 removit,

543 4626 651 4700 qui
678 4625 950 4684 omnium
964 4627 1376 4700 Chrysostomi
1399 4626 1811 4685 calamitatum
1839 4629 2024 4686 verbo
2062 4644 2201 4703 ope-

541 4733 731 4792 raque
752 4723 959 4776 auctor
975 4717 1085 4775 fuit
1105 4723 1348 4792 propter
1371 4715 1663 4774 invidiam
1699 4719 1995 4777 adversus
2034 4720 2199 4779 hunc

541 4813 891 4883 susceptum
911 4807 939 4865 ?
962 4810 1117 4865 Sane
1138 4812 1196 4864 et
1223 4808 1283 4863 in
1319 4809 1562 4864 Patrum
1610 4807 1755 4865 Vitis
1786 4809 1870 4866 sic
1920 4809 2196 4883 legimus:

539 4922 568 4950 ‹‹
587 4898 738 4956 Dixit
757 4903 1000 4956 sanctus
1028 4896 1390 4971 Theophilus
1410 4896 1732 4972 episcopus
1756 4899 2198 4959 Alexandriae.»

538 4989 712 5055 Quod
741 4994 944 5047 autem
962 4987 1077 5045 hos
1099 4987 1359 5045 Ecclesia
1382 4987 1445 5044 in
1490 4988 1921 5047 venerabilium
1971 4989 2198 5051 habeat

534 5078 1016 5152 patriarcharum
1037 5080 1219 5150 atque
1247 5081 1556 5151 pastorum
1602 5094 1878 5145 numero,
1935 5080 2197 5141 testimo-

602 5272 680 5345 (2)
708 5273 774 5348 In
795 5272 1143 5348 Appendice
1158 5273 1354 5346 prima
1374 5274 1453 5332 ad
1477 5276 1608 5348 jur.
1651 5274 1763 5331 civ.
1835 5275 2193 5348 Vat.,ip._144

528 5343 674 5427 jum;
705 5343 1135 5427 demonstravi,
1160 5343 1396 5427 textum
1433 5343 1761 5427 genuinum
1789 5343 2053 5427 epistolae
2082 5346 2191 5405 hu-

527 5414 628 5486 jus
658 5414 721 5492 in
746 5416 951 5492 codice
981 5417 1229 5489 antiquo
1251 5414 1531 5492 Bobiensi
1568 5415 1791 5492 habere
1813 5414 2052 5492 amator
2078 5434 2189 5492 pro

531 5488 838 5562 magister,
864 5487 962 5562 Hic
987 5487 1189 5562 tamen
1237 5488 1407 5562 sequi
1430 5488 1624 5562 debeo
1667 5488 1942 5562 Methodii
1986 5487 2188 5548 lectio-

529 5554 672 5641 nem
705 5554 1015 5641 dignam,
1039 5554 1383 5635 cujusmodi
1414 5565 1504 5620 est
1548 5560 1612 5621 in
1661 5560 1921 5641 vulgatis
1962 5562 2184 5622 Graecis

530 5626 915 5690 editionibus.

2311 4539 2514 4591 παντων
2570 4542 2675 4591 τῶν
2721 4540 2859 4590 κατά
2908 4538 3296 4611 Χρυσοστόμου
3361 4556 3537 4591 κακων
3613 4539 3776 4592 αἰτιον
3827 4533 3898 4608 (4)

2309 4632 2401 4680 καὶ
2430 4625 2567 4701 λόγῳ
2616 4630 2707 4680 καὶ
2744 4625 2876 4701 ἔργῳ
2915 4628 3247 4699 γεγηημενον
3293 4621 3388 4680 δια
3434 4630 3525 4681 τὸν
3574 4632 3706 4703 πρὸς
3759 4624 3895 4678 αὐτὸν

2311 4718 2519 4789 φθόνον·
2576 4718 2731 4771 ὁπότε
2799 4721 2891 4770 καὶ
2947 4715 3013 4777 εἰς
3070 4717 3137 4769 τὰ
3186 4717 3448 4790 Πατερικὰ
3495 4716 3894 4790 ἀναγινώσκομεν

2308 4806 2489 4869 οὕτως⁶
2523 4830 2545 4857 ε
2588 4813 2719 4862 Επιν
2768 4807 2795 4859 ό
2846 4805 2993 4881 ἅγιος
3052 4805 3303 4878 Θεόφιλος
3350 4804 3636 4869 ίπίσκοπος
3675 4802 3892 4867 Ἀλεξαν-

2309 4889 2508 4969 δρείας.
2538 4917 2567 4947 ››
2592 4893 2717 4949 Ὀτι
2744 4891 2803 4948 δὲ
2828 4894 2973 4968 ἅγιοι
2998 4900 3061 4968 τῇ
3113 4892 3402 4967 Ἐκκλησία
3458 4895 3595 4950 εἰσὶν
3643 4896 3691 4948 οἱ
3736 4908 3888 4966 προει-

2303 4989 2520 5060 ρημένοι
2560 4987 2653 5038 καὶ
2701 4983 2969 5061 ἀρχιερεῖς
3022 4987 3115 5037 καὶ
3171 4988 3427 5058 ποιμένες,
3486 4982 3890 5057 ἁναγινὼσκομε)

2304 5078 2394 5128 καὶ
2424 5075 2495 5139 εἰς
2521 5077 2589 5129 τὰ
2614 5073 2906 5151 συναξοίρια
2944 5071 3233 5135 ἓκκλησιῶν
3291 5073 3476 5139 οὕτως·
3544 5095 3577 5125 ιι
3632 5079 3705 5146 Τῇ
3762 5063 3891 5123 ὶνδυ

2371 5273 2623 5348 (3),Ετεο
2647 5271 2807 5348 falsa
2832 5269 3325 5348 narrarevidetur
3345 5271 3714 5348 Nicephogus
3731 5258 3886 5348 Gali~

2300 5331 2726 5418 διιίὲἨὶεῗζχηι,
2742 5331 2829 5408 34,
2845 5342 3011 5418 apud
3023 5361 3205 5418 quem
3218 5331 3601 5418 Innocentius
3612 5331 3877 5418 Theoph;

2294 5398 2423 5495 itii;
2437 5398 3430 5495 ῖδιῶέῆρξεῑξβέιεῑιᾱδξῖῄξέξέέ
3439 5398 3883 5495 ιιίηροειτο

2295 5489 2554 5564 epistola
2580 5505 2618 5547 a
2646 5486 3095 5548 Callisto—relata
3117 5487 3273 5546 inter
3291 5486 3532 5563 s'purias
3558 5486 3812 5561 ponitur.

2366 5633 2448 5714 (4)
2476 5637 2522 5700 Ν
2527 5650 2607 5697 on
2635 5632 2851 5710 legitur
2869 5631 2951 5695 ob
2970 5648 3251 5698 rasuram
3278 5634 3465 5696 αἴτιον.

3992 5798 3993 5851 ι

3988 5874 3991 5977 l

3988 5986 3989 6079 ι
