4090 6394
205 343 318 398 785

1469 340 1563 400 DE
1602 338 1987 400 SCRISMLTE
2025 339 2357 400 VITANDO.

3490 352 3596 408 786

203 469 339 541 κάτῃ
360 471 456 520 τοῦ
491 465 814 543 Ὀκτωϐρίου
869 472 1049 542 μνήμη
1096 475 1197 523 τῶν
1253 467 1302 521 έν
1360 465 1534 541 ἁγίοις
1578 471 1808 544 Πατέρωι

1929 467 2099 524 nium
2127 468 2280 525 dant
2305 468 2697 527 ecclesiarum
2739 472 3082 545 synaxaria,
3127 471 3190 530 in
3229 473 3456 548 quibus
3504 478 3591 532 sic

205 559 354 630 ἡμῶν
423 555 859 632 ἁρχιεπισκὸπων
945 557 1553 626 Κωνσταντινουπόλεως,
1629 560 1823 614 Νεκτα-

204 651 346 722 ρὶου,
384 646 696 719 Ἀρσακὶου,
756 646 1016 719 Ἀττικοῦ,
1073 653 1163 702 καὶ
1221 651 1479 705 Σισινίοῦ,
1535 668 1565 698 »
1619 653 1822 721 Τροπα-

202 741 322 812 ρίου
345 743 483 809 ῆχος
514 731 559 789 ὃν
619 757 633 771 ·
677 736 782 790 »Ὤ
834 740 1072 812 θεοφόροι
1135 737 1449 813 κυϐερνῆται
1506 737 1663 804 λαῶν,
1718 746 1820 791 τῶν

205 825 334 880 ὅλων
416 824 706 901 κυϐερνήτῃ
755 834 871 899 Θεῷ
923 827 1133 891 έκτενῶς
1194 825 1572 904 πρεσϐεύσατε,
1645 829 1820 903 ἱεραρ-

203 923 376 988 χικῶς
406 911 721 987 ὁδηγοῦντες
759 921 850 969 καὶ
899 923 988 969 νῦν
1050 922 1144 976 τὴν
1193 922 1417 990 ποίμνην
1484 919 1626 990 ὑμῶν
1679 915 1818 969 ἂνω-

207 1007 309 1059 θεν·
348 1003 559 1082 εἰρήνην
593 1005 884 1064 αἰτήσασθε
908 1013 1018 1068 ταῖς
1046 1006 1256 1080 ψυχαῖς
1284 1009 1449 1080 ἡμῶν.
1486 1030 1506 1056 ι

275 1270 322 1326 δ’
352 1317 364 1328 .
394 1275 540 1326 Μετὰ
572 1272 801 1348 Πρόκλον
831 1275 856 1326 ὁ
886 1279 1051 1347 μέγας
1108 1273 1410 1341 ψλαϐιανὸς,
1444 1275 1470 1326 ὁ
1527 1277 1614 1327 τὸν
1657 1271 1816 1347 ἀρχι-

200 1361 496 1438 μανδρίτην
530 1363 758 1416 καθελὼν
787 1363 1031 1436 Εὐτυχῆ,
1062 1372 1156 1426 τῆς
1201 1360 1522 1428 Βυζαντίδπ
1583 1369 1810 1423 κατέστη

201 1453 511 1517 έπίσκοποςο
577 1449 638 1506 οὗ
693 1455 1084 1527 καθαιρεθέντος
1149 1453 1198 1506 ἐν
1273 1454 1468 1527 Ἐφέσῳ
1564 1459 1808 1528 γενομένῃ

200 1542 458 1616 λῃστρικῇ
507 1539 736 1614 συνόδῳ,
795 1540 976 1602 έπειδὴ
1037 1543 1240 1598 καθεῖλε
1286 1547 1372 1596 τὸν
1440 1543 1654 1616 Εὐτυχῆ
1692 1545 1814 1616 ὁμό-

200 1650 364 1706 φρονα
407 1636 672 1706 Διοσκόρῳ
733 1633 876 1702 ὄντα,
929 1637 1020 1685 καὶ
1081 1634 1422 1705 φονευθέντος,
1481 1631 1577 1695 λὰξ
1631 1631 1808 1684 ίναλα-

196 1726 354 1795 μένου
404 1720 545 1792 αὐτῷ
607 1725 916 1796 Διοσκόρου,
975 1721 1005 1780 ἢ
1064 1723 1137 1782 ὡς
1173 1722 1338 1796 ἕτεροι
1377 1721 1612 1794 λέγουσι,
1679 1727 1810 1794 Βαρ-

1927 558 2516 629 legimus:«0ctobris
2545 559 2642 616 die
2677 559 3021 631 undecima,
3081 566 3584 622 commemoratio

1930 653 2280 706 sanctorum
2309 651 2551 707 Patrum
2574 654 2918 708 nostrorum
2972 654 3582 726 Constantinopoleos

1928 739 2282 810 antistitum,
2305 740 2844 810 Nectarii,Arsacii,
2875 741 3069 804 Attici,
3103 747 3282 816 atque
3327 744 3586 800 Sisinii.»

1928 833 2074 886 ltem
2104 829 2438 902 troparium
2459 834 2601 886 tono
2633 833 2908 902 quartom
2971 833 3015 887 Ο
3039 831 3161 887 divi
3213 833 3584 903 gubernato-

1926 933 2022 976 res
2048 918 2436 992 populorum,
2469 919 2634 991 apud
2663 935 3054 977 communem
3116 921 3583 991 gubernatorem

1925 1010 2115 1065 Deum
2143 1012 2331 1065 estote
2355 1008 2798 1075 intercessores,
2826 1024 2936 1082 pro
2966 1013 3168 1066 vestro
3200 1009 3399 1067 ofﬁcio
3419 1027 3581 1068 nunc

1924 1099 2106 1156 etiam
2133 1113 2378 1169 gregem
2403 1102 2669 1155 vestrum
2694 1098 2926 1156 ccelitus
2963 1099 3286 1171 dirigentes
3318 1118 3330 1157 :
3363 1115 3580 1174 pacem

1923 1188 2249 1246 animabus
2279 1189 2498 1246 nostris
2537 1188 2859 1261 postulate.
2886 1212 2915 1240 »

1991 1283 2045 1335 4.
2080 1282 2214 1335 Post
2236 1277 2511 1335 Proclum
2545 1293 2806 1348 magnus
2838 1279 3174 1337 Flavianus:
3203 1281 3251 1336 is
3272 1281 3377 1354 qui
3399 1285 3576 1355 Euty-

1921 1367 2094 1425 chcm
2122 1368 2655 1424 archimandritam
2668 1367 3028 1440 proﬂigavit,
3045 1371 3381 1442 Byzantinae
3406 1371 3576 1428 urbis

1919 1458 2241 1530 episcopus
2261 1456 2497 1512 exstitit.
2527 1459 2580 1512 ls
2641 1460 2842 1514 tamen
2873 1458 2933 1513 in
2985 1457 3316 1514 latrocinali
3360 1460 3576 1531 Ephesi

1918 1547 2179 1620 synodo,
2209 1550 2529 1618 propterea
2557 1545 2724 1618 quod
2756 1546 3061 1618 Eutychen
3092 1563 3230 1602 cum
3290 1547 3574 1604 Dioscoro

1916 1636 2386 1694 consentientem
2405 1635 2826 1705 damnaverat,
2859 1636 3254 1709 interemptus
3283 1637 3413 1704 fuit;
3448 1638 3572 1694 sive

1916 1724 2180 1782 calcibus
2204 1723 2497 1781 insiliente
2531 1726 2836 1790 Dioscoro.
2880 1725 3096 1787 sive,ut
3122 1725 3219 1781 alii
3277 1725 3506 1796 dicunt,
3535 1742 3573 1782 a

201 1815 379 1882 σουμᾶ
426 1809 805 1886 παρειληφότος
846 1810 1001 1863 αὐτόν
1051 1811 1124 1874 εἰς
1178 1813 1474 1884 ὑπερορίαν,
1531 1817 1620 1865 καὶ
1675 1813 1808 1864 κατά

1922 1817 2214 1872 Barsuma
2242 1815 2303 1870 in
2333 1805 2610 1870 exsilium
2638 1815 3008 1887 compulsus,
3043 1819 3222 1887 atque
3252 1814 3406 1870 inter
3430 1831 3574 1871 eun-

197 1904 294 1959 τήν
346 1895 472 1952 ὁδόν
537 1907 803 1972 σφαγῆναι
856 1901 1011 1954 αὐτόν
1075 1903 1598 1974 παρασκευάσαντος,
1659 1900 1811 1955 Ἀνα-

192 1989 362 2050 τὸλιος
389 1987 498 2042 ἀντ’
531 1996 692 2042 αυτοῦ
717 1989 788 2051 εἰς
825 1993 913 2042 τὸν
951 1989 1113 2044 αὐτοῦ
1167 1991 1343 2065 θρόνον
1401 1989 1611 2064 ἀνήχθη
1688 1997 1814 2066 πρὸς

203 2083 514 2154 Διοσκόρου⁶
544 2079 600 2142 ὃς
628 2084 719 2132 καὶ
749 2082 1008 2154 αἱρετικὸς
1035 2077 1280 2158 ἤηῇπερ
1308 2083 1533 2154 εἴρηται,
1569 2085 1658 2134 καὶ
1725 2087 1813 2155 φό-

200 2189 290 2222 νου
323 2172 490 2231 αἴτιος
527 2176 599 2240 τῷ
628 2169 762 2241 ἁγίῳ
819 2174 994 2242 γέγονε
1046 2169 1333 2241 Φλαϐιανῷ·
1385 2172 1581 2224 Τούτου
1649 2170 1696 2224 έν
1744 2181 1806 2246 τῆ

200 2260 421 2334 τετάρτῃ
481 2254 690 2312 συνόδὼ
744 2260 1158 2333 καθαιρεθέντος,
1199 2260 1316 2313 οὔτε
1384 2259 1719 2323 Ἰουϐενὰλιος
1783 2264 1808 2316 ὁ

195 2347 737 2424 Ἰεροσολὺμων,,οὕτε
776 2368 858 2411 τις
909 2349 1056 2410 ἄλλος
1125 2357 1225 2402 τῶν
1290 2349 1704 2424 συμπραξάντων
1759 2350 1808 2404 έν

196 2437 392 2510 Ἐφέσῳ
446 2439 715 2512 Διοσκόρῳ
769 2437 820 2489 ἐν
865 2446 930 2511 τῆ
995 2435 1165 2510 ἀδίκῳ
1211 2444 1302 2512 μέν
1361 2441 1662 2514 καθαιρέσει
1716 2450 1808 2495 τοῦ

198 2527 352 2599 ἁγίου
379 2525 693 2594 Φλαϐιανοῦ,
714 2526 1010 2581 ’Λνατολιου
1043 2525 1103 2581 δε
1149 2528 1244 2581 οὐκ
1293 2527 1621 2602 ἀνεπιλήπτῳ
1683 2551 1810 2606 προ-

199 2613 442 2688 ϐιϐασιᾳ,
497 2617 778 2689 κατεκρίθη
827 2616 856 2675 ἦ
917 2615 1201 2690 έπετιμήθη
1260 2621 1319 2670 τὸ
1387 2617 1616 2672 σύνολονο
1699 2618 1806 2672 ἀλλ’

200 2702 317 2759 οὐδ’
345 2707 506 2768 αυτὸς
555 2703 867 2774 Ἀνατὸλιος,
916 2707 1102 2776 οὕτως,
1170 2709 1242 2770 ὡς
1297 2709 1520 2784 εἱρηται,
1570 2728 1809 2785 χειροτο-

200 2797 392 2857 νηθείς.
415 2800 688 2870 Μαρτυρεί
705 2803 858 2850 τοῦτο
887 2801 979 2850 καὶ
1004 2798 1035 2856 ἠ
1075 2800 1202 2873 πρὸς
1246 2801 1334 2851 τὸν
1389 2797 1615 2871 βασιλέα
1661 2801 1808 2873 Μαρ-

201 2888 380 2938 κιανόν
427 2883 672 2944 ἐπιστολὴ
730 2893 824 2938 τοῦ
869 2905 1060 2940 παππα
1112 2891 1346 2958 Λέοντος,
1400 2895 1660 2963 γραφεῖσα
1716 2885 1810 2942 διά

205 2979 305 3032 τήν
355 2979 471 3028 τότε
523 2981 794 3048 γεγονυῖαν
841 2981 1194 3052 παρακίνησιν
1241 2986 1342 3030 τῶν
1393 2975 1618 3054 ένοριῶνο
1679 2984 1810 3052 φησὶ

205 3065 310 3138 γὰρ
360 3061 410 3116 έν
465 3064 594 3138 αὐτῇ
641 3065 667 3116 ὁ
703 3065 924 3127 πάππας
973 3070 1111 3120 Λέων
1181 3069 1360 3128 οὕτως·
1409 3089 1438 3119 (ι
1495 3070 1592 3121 Διὰ
1637 3065 1697 3122 δὲ
1751 3071 1809 3122 τὸ

1917 1903 2065 1960 dum
2096 1918 2134 1959 a
2163 1901 2389 1959 sicariis
2420 1902 2669 1960 interﬁci
2694 1904 2921 1973 jussus.
2952 1907 3102 1960 Tum
3161 1903 3470 1960 Anatolius
3508 1904 3572 1961 in

1919 1992 2184 2049 Flaviani
2213 1992 2418 2048 sedem
2441 2007 2477 2048 a
2504 1993 2784 2049 Dioscoro
2814 1993 3206 2062 substituitur,
3225 1993 3494 2065 homine,
3511 1998 3574 2050 ut

1918 2081 2065 2150 dixi,
2097 2081 2398 2148 lueretico,
2430 2085 2488 2138 et
2514 2082 2619 2155 qui
2651 2086 2860 2139 sancto
2879 2082 3159 2140 Flaviano
3177 2098 3388 2140 necem
3417 2089 3576 2138 attu-

1917 2172 2086 2230 lerat.
2127 2172 2246 2228 Etsi
2276 2175 2477 2228 autem
2501 2173 3100 2245 Dioscorusaquarta
3117 2173 3357 2245 synodo
3387 2172 3573 2244 depo-

1920 2262 2070 2318 situs
2103 2261 2230 2330 fuit,
2261 2265 2526 2317 attamen
2546 2275 2744 2334 neque
2771 2261 3074 2317 Iuvenalis
3090 2260 3577 2333 Hierosolymita-

1916 2365 2052 2416 nus,
2083 2365 2282 2423 neque
2312 2349 2466 2405 alius
2491 2351 2818 2422 quisquam
2840 2364 2913 2405 ex
2933 2350 3004 2405 iis
3035 2350 3138 2422 qui
3185 2350 3464 2406 Dioscoro
3495 2347 3575 2405 ad

1915 2441 2204 2511 injustam
2219 2439 2407 2497 sancti
2429 2438 2692 2496 Flaviani
2720 2439 3577 2513 depositionem,culpabilem-

1915 2544 2035 2603 que
2062 2528 2320 2586 Anatolii
2339 2529 2805 2602 promotionem,
2826 2528 3041 2602 Ephesi
3070 2529 3574 2600 faverant,nemo,

1917 2620 2190 2692 inquam,
2223 2617 2667 2674 veldamnatus
2695 2621 2782 2674 est
2827 2618 3574 2690 velomninoobjurgatus;

1917 2724 1994 2765 ne
2023 2709 2156 2781 ipse
2185 2707 2433 2781 quidem
2450 2722 2542 2778 ea,
2555 2723 2743 2780 quam
2761 2707 3047 2776 diximus,
3070 2708 3303 2764 ratione
3324 2708 3578 2765 ordina-

1919 2803 2014 2856 tus
2035 2797 2647 2854 Anatolius.Testatur
2665 2797 2782 2853 hoc
2807 2795 3061 2869 epistola
3089 2811 3333 2870 quoque
3367 2797 3577 2854 Leonis

1918 2903 2097 2961 papae
2126 2886 2207 2944 ad
2237 2887 2602 2943 Marcianum
2640 2887 3068 2959 imperatorem
3081 2886 3301 2958 scripta
3347 2885 3423 2941 de
3436 2885 3580 2942 dim-

1921 2977 2150 3034 cesium
2168 2990 2277 3049 per
2305 2975 2456 3032 illud
2482 2979 2723 3048 tempus
2752 2975 3182 3045 commotione,
3214 2975 3320 3030 ubi
3340 2975 3470 3031 hinc
3497 2974 3579 3031 le-

1923 3071 2146 3138 guntur
2174 3083 2188 3122 :
2220 3087 2248 3117 «
2275 3065 2571 3132 Quoniam
2601 3080 2742 3121 vero
2791 3067 2921 3138 ipse
2961 3069 3203 3137 (nempe
3243 3063 3575 3134 Anatolius)

199 3155 560 3226 προστεθῆναι
608 3153 784 3222 αὑτὸν,
842 3159 1003 3228 ἤγουν
1055 3159 1142 3209 τὸν
1189 3155 1500 3226 Ἀνατὸλιον,
1546 3165 1608 3232 τῆ
1665 3157 1808 3232 ὀρθο-

1922 3155 2320 3214 orthodoxam
2348 3153 2534 3211 ﬁdem
2572 3154 2884 3228 amplexus
2917 3158 3022 3226 est,
3070 3154 3146 3210 de
3202 3154 3580 3211 ordinatione

202 3240 345 3317 δοξῳ
371 3247 572 3310 πίστει,
599 3245 844 3318 εἰάσαμεν
873 3248 940 3299 τὰ
968 3250 1088 3320 περὶ
1127 3255 1224 3308 τῆς
1271 3252 1602 3321 χειροτονίας
1647 3248 1811 3302 αὐτοῦ

197 3332 539 3398 ἀνεξέταστα.
589 3332 918 3402 Ἀρκεσθὴτω
973 3341 1099 3408 γοῦν
1152 3333 1201 3389 ἐν
1254 3339 1443 3410 τούτῳ,
1497 3342 1588 3391 καὶ
1631 3357 1811 3414 περαι-

193 3428 331 3496 τέρω
359 3427 434 3496 μή
463 3421 785 3498 προϐαινέτω

271 3549 310 3602 ε’
341 3588 356 3604 .
409 3546 562 3602 Ἀλλά
611 3552 729 3624 περὶ
784 3552 876 3621 μὲν
921 3553 1118 3602 τουτων
1157 3553 1287 3614 ἴσως
1337 3552 1397 3604 οἶν
1454 3571 1534 3615 τις
1571 3552 1659 3628 ἑρῆ
1711 3561 1809 3606 τῶν

195 3643 430 3713 σήμερον
469 3640 642 3690 πάντα
721 3635 924 3712 ῥᾳδίως
980 3640 1356 3712 φθεγγομὲνων,
1405 3645 1664 3716 προφάσει
1717 3651 1810 3696 τοῦ

191 3736 360 3802 κυροῦ
416 3727 683 3802 Ἀρσενὶου
737 3727 930 3781 ἐκείνου
997 3730 1093 3799 (ὅ),
1153 3729 1201 3782 οἳ
1285 3750 1344 3802 γε
1409 3737 1499 3784 καὶ
1554 3734 1680 3807 ὑπέρ
1744 3737 1811 3786 τὰ

191 3816 502 3892 έσκαμμὲνα
550 3813 824 3880 πηδῶντες
867 3825 1046 3873 πᾶσαν
1087 3823 1181 3878 τὴν
1233 3829 1326 3874 τοῦ
1377 3829 1511 3875 Θεοῦ
1585 3822 1808 3883 Ἐκκλη-

194 3913 322 3960 σίαν
368 3904 686 3982 διέφθειραν,
745 3911 833 3960 καὶ
878 3915 1054 3962 πᾶσαν
1100 3913 1195 3967 τήν
1241 3910 1546 3984 οἰκούμένην
1593 3911 1808 3967 ἀνεστά-

189 4015 372 4050 τωσαν
403 3995 524 4050 ὅσον
571 4001 630 4049 τὸ
683 3999 796 4050 κατ’
850 3998 1055 4069 αὐτοὺς,
1109 4004 1199 4052 καὶ
1247 4004 1422 4064 πάσας
1483 4002 1668 4074 ἀγυιὰς
1717 4009 1802 4057 καὶ

189 4085 369 4148 οἰκίας
435 4083 795 4158 έμφιλονείκων
861 4092 952 4141 καὶ⁵
1008 4094 1220 4161 μαχίων
1285 4090 1626 4152 συζητῆσεων
1679 4096 1807 4146 καθ-

185 4177 426 4233 εκάστην
474 4173 919 4249 διναπιμπλῶντες⁹
951 4175 1017 4229 ὧν
1067 4181 1115 4231 οἱ
1179 4178 1382 4241 πλείους
1430 4177 1554 4234 οῦδὲ
1613 4179 1807 4235 εἰδέναι

185 4261 447 4318 δύνανται
496 4271 614 4342 περὶ
665 4265 732 4317 ὧν
789 4269 922 4320 οὕτω
977 4270 1263 4341 μάχονται·
1335 4271 1414 4322 ὄτι
1478 4291 1530 4323 τι
1603 4280 1802 4340 ταῦτα;

182 4354 361 4408 ἄλλων
389 4351 766 4427 ἀδικουμένων,
796 4357 939 4410 ἄλλοι
973 4361 1064 4421 τὰς
1122 4366 1217 4421 τῆς
1267 4356 1418 4422 δίκης
1471 4359 1651 4433 ἐξῆγον
1709 4361 1805 4433 ,μὴ-

183 4464 324 4518 φους
487 4444 671 4498 οὐκοῦν
700 4447 781 4498 ὅτι
821 4446 850 4504 ἣ
905 4446 1074 4519 ὀλίγον
1107 4449 1136 4506 ἦ
1170 4445 1321 4502 οὐδὲν
1381 4454 1558 4513 αὐτοῖς
1611 4452 1800 4524 ἔμελλε·

1923 3245 2054 3316 ejus
2074 3245 2472 3317 quaastionem
2492 3242 2799 3298 instituere
2819 3241 3344 3314 praetermisimus.
3370 3245 3434 3297 In
3465 3241 3581 3298 hoc

1922 3349 2067 3405 ergo
2090 3349 2294 3390 rerum
2324 3335 2479 3390 statu
2491 3337 2962 3405 maneat,neque
2976 3331 3221 3390 ulterius
3242 3331 3580 3404 quidquam

1922 3423 2246 3480 moliatur»

1996 3555 2048 3605 5.
2082 3551 2298 3605 Verum
2333 3547 2412 3604 ad
2440 3547 2570 3604 haec
2613 3549 2865 3604 fortasse
2918 3546 3311 3620 respondebit
3358 3547 3578 3619 aliquis

1922 3654 2133 3696 eorum
2159 3639 2262 3712 qui
2288 3643 2409 3694 tam
2440 3638 2908 3711 intemperanter
2935 3653 3098 3694 nunc
3141 3637 3580 3710 obloquuntur,

1922 3729 2239 3787 dominum
2260 3727 2429 3784 illum
2467 3728 2783 3785 Arsenium
2815 3727 3087 3783 obtentui
3120 3733 3447 3783 sumentes:
3473 3729 3580 3800 qui

1921 3835 2165 3877 omnem
2195 3819 2416 3888 egressi
2438 3816 2743 3873 modestiae
2766 3816 3037 3885 limitem,
3067 3817 3414 3872 universam
3477 3818 3577 3872 Dei

1919 3908 2248 3965 Ecclesiam
2269 3923 2518 3980 pessum
2539 3905 2852 3976 dederunt,
2884 3905 3106 3978 quique
3131 3910 3318 3962 totum
3333 3922 3577 3978 quoque

1918 4003 2212 4056 terrarum
2243 3997 2476 4063 orbem,
2508 3996 2876 4069 quantumin
2901 3995 3050 4067 ipsis
3073 3999 3180 4064 est,
3199 3996 3578 4067 permiscue-

1917 4092 2075 4156 runt;
2109 4087 2212 4161 qui
2227 4087 2352 4143 fora
2365 4086 2571 4142 omnia
2586 4085 2923 4157 domosque
2939 4084 3327 4140 contentiosis
3344 4101 3580 4156 pugna-

1917 4177 2208 4250 cibusque
2238 4174 2673 4249 quaestionibus
2711 4173 2978 4248 quotidie
3009 4178 3281 4242 onerant,
3317 4174 3465 4246 quin
3494 4180 3576 4228 ta-

1916 4283 2054 4323 men
2089 4266 2355 4340 plerique
2378 4280 2585 4320 eorum
2617 4263 2697 4328 id,
2724 4279 2831 4336 pro
2854 4279 2976 4336 quo
3007 4263 3378 4335 depugnant,
3410 4263 3575 4319 intel-

1913 4357 2095 4428 ligere
2125 4360 2366 4429 queant;
2398 4354 2479 4421 hi,
2506 4353 2777 4423 inquam,
2811 4353 3031 4409 dicent:
3091 4354 3360 4419 Quorsus
3387 4352 3516 4409 haec
3546 4353 3574 4408 ‘I

1915 4447 2016 4503 alii
2039 4462 2202 4502 nunc
2245 4443 2506 4517 suntqui
2525 4444 2808 4516 injuriam
2859 4442 3232 4516 pertulerunt
3290 4442 3389 4499 alii
3429 4443 3573 4499 item

178 4533 370 4594 καθὼς
400 4533 640 4609 εὕρισκον
671 4538 792 4596 τοὺς
821 4539 1056 4608 καιροὺς,
1090 4538 1238 4609 τάχα
1273 4533 1334 4591 δέ
1379 4540 1468 4591 κάὶ
1516 4543 1581 4593 τὰ
1638 4544 1805 4614 πράγο

1922 4537 2020 4610 qui
2041 4552 2234 4610 poenae
2261 4535 2620 4592 sententiam
2651 4533 3033 4607 scripserunt:
3058 4549 3151 4590 res
3209 4537 3411 4589 autem
3468 4550 3573 4606 pa-

182 4642 338 4697 ματα
392 4624 608 4698 ἔκρινον·
667 4632 760 4685 τῆς
817 4626 1013 4688 οἰκείας
1062 4624 1328 4699 ἐπιτιμίας
1379 4627 1640 4702 ἐπιμονήν,
1718 4638 1807 4685 καὶ

184 4709 262 4771 δὴ
303 4717 398 4764 καὶ
452 4715 540 4765 τὸν
591 4717 721 4784 πρὸς
762 4734 910 4766 τινων
961 4713 1164 4768 ἔπαινον
1220 4715 1424 4780 ἑαυτοῖς
1478 4727 1613 4772 οῦτω
1665 4740 1808 4791 περι-

183 4804 518 4874 ποιούμενοι.
575 4807 678 4856 Καὶ
727 4808 846 4877 περὶ
907 4811 1008 4857 τῶν
1066 4805 1342 4878 ἐίρημένων
1410 4807 1535 4880 τάχ’
1593 4810 1655 4860 ἄν
1731 4831 1808 4872 τις

183 4899 367 4944 ταῦτα
404 4889 516 4967 έρῆ·
551 4897 668 4948 πετὶ
725 4888 783 4945 δὲ
833 4900 927 4946 τοῦ
985 4902 1080 4955 τῆς
1137 4896 1438 4967 οἰκουμένης
1509 4896 1806 4974 λαμπτῆρος

187 4983 421 5035 Ιωάννου
477 4989 570 5035 τοῦ
634 4985 728 5040 τὴν
792 4982 1022 5054 γλῶτταν
1083 4992 1296 5058 χρυσοῦ
1345 4989 1396 5037 τί
1452 4984 1512 5036 ἄν
1567 5006 1641 5049 τις
1713 4994 1803 5042 καὶ

186 5071 353 5138 εἴποις
411 5070 556 5143 Οὗχὶ
622 5071 778 5134 αὐτὸς
835 5071 974 5125 ἐστιν
1031 5075 1058 5125 ὁ
1111 5075 1398 5146 φθονηθείς;
1468 5075 1596 5148 ουχὶ
1648 5080 1805 5142 αὑτός

186 5159 336 5214 ἔστιν
372 5160 398 5211 ὁ
429 5156 726 5226 ἀδικηθείςς
779 5161 913 5214 Ἀλλ’
981 5161 1116 5236 ὅμως
1156 5165 1365 5236 στάθμη
1412 5173 1503 5227 τῆς
1561 5165 1804 5232 ἀλῆθείας

185 5250 277 5319 ὧν,
312 5253 407 5307 την
437 5252 528 5321 μεν
557 5245 770 5302 ἀδικίαν
804 5255 866 5309 ῆν
910 5253 1084 5322 ἔπαθε,⁵
1147 5260 1218 5324 τῷ
1277 5261 1390 5326 Θεῷ
1448 5253 1672 5322 ἀνέθετο,
1729 5266 1801 5329 τῷ

185 5345 371 5412 κρῖναι
389 5337 626 5410 μέλλοντι
671 5345 846 5393 πᾶσαν
885 5346 980 5400 τῆν
1022 5349 1142 5412 γῆνο
1203 5342 1361 5406 αὐτὸς
1400 5339 1480 5412 δέ,
1527 5346 1654 5421 ὑπὲρ
1709 5355 1800 5408 τῆς

189 5425 532 5493 Ἐκκλησὶας,
573 5433 664 5481 καὶ
718 5436 811 5482 τοῦ
858 5433 930 5502 μὴ
1016 5433 1312 5503 σχισθῆναι
1385 5435 1666 5510 φροντιξων
1742 5441 1801 5490 τό

266 5645 349 5716 (5)
379 5647 462 5702 De
484 5644 732 5724 Ampio
768 5648 826 5724 _et
855 5645 1178 5724 schismate
1201 5649 1282 5724 ob
1325 5647 1452 5722 ejus
1479 5649 1802 5724 depositio-

189 5721 340 5774 nem
371 5720 578 5777 coorto
606 5716 730 5774 dixi
765 5716 827 5775 in
851 5716 1076 5791 praevia
1103 5719 1314 5779 notitia
1341 5716 1635 5794 opusculi.

1915 4642 2048 4683 rum
2083 4626 2176 4684 vel
2196 4625 2342 4682 nihil
2361 4626 2582 4682 horum
2617 4624 2918 4680 intererat:
2972 4640 3082 4696 pro
3134 4639 3197 4680 re
3247 4623 3573 4693 natajudi-

1917 4715 2411 4773 caruntzfortasse
2433 4715 2612 4772 etiam
2636 4713 2751 4770 hoc
2773 4713 3000 4785 judicio
3033 4712 3328 4786 tequitatis
3340 4713 3569 4769 famam

1917 4806 2336 4864 stabiliendam
2357 4805 2470 4861 sibi
2497 4810 2802 4878 putarunt,
2823 4820 3006 4876 seque
3051 4803 3271 4859 alicubi
3324 4803 3569 4859 laudem

1915 4899 2346 4952 consecuturos
2370 4895 2802 4952 existimarunt.
2820 4895 2973 4949 Sane
2993 4892 3053 4947 in
3075 4891 3361 4963 praedicto
3382 4907 3568 4961 nego-

1916 4983 1995 5040 tio
2030 4984 2114 5040 sie
2151 4983 2457 5057 quispiam
2505 4981 2805 5054 loquatur.
2865 4983 3083 5035 Verum
3130 4979 3436 5034 enimvero
3491 4979 3566 5034 de

1913 5075 2126 5131 mundi
2148 5074 2280 5130 luce
2308 5076 2556 5141 Joanne,
2586 5073 2792 5142 lingua
2822 5085 3006 5128 aurea
3036 5067 3459 5142 prmdito,quis
3484 5069 3566 5125 ita

1911 5165 2108 5222 dicere
2135 5164 2322 5222 ausit?
2353 5167 2559 5221 Nonne
2593 5163 2720 5235 ipse
2750 5159 2992 5218 invidim
3014 5158 3564 5231 atqueinjuriarum

1912 5255 2026 5312 tela
2056 5254 2497 5328 perpetiebatur
2518 5251 2745 5308 ?nihilo
2767 5255 2970 5307 tamen
2995 5249 3219 5316 minus,
3242 5263 3381 5303 cum
3411 5253 3566 5304 esset

1911 5344 2173 5401 veritatis
2201 5341 2694 5415 exploratissimm
2741 5337 3069 5411 exemplar,
3129 5337 3396 5394 inficiam
3452 5338 3564 5394 sibi

1909 5434 2194 5506 injuriam
2220 5437 2338 5491 Deo
2367 5431 2767 5508 permittebat,
2793 5429 2898 5503 qui
2926 5427 3561 5500 universiorbisjudex

1980 5634 2058 5704 (9)
2098 5633 2372 5704 Intelligit
2413 5631 2646 5706 judices
2675 5628 2780 5704 qui
2804 5628 3119 5688 Arsenium
3158 5627 3567 5704 patriarchatu

1909 5727 2472 5784 exauctoraverunt.
