4090 6382
494 309 603 376 787

1834 307 2178 370 METHODII
2212 310 2554 372 IONACHI.

3770 317 3882 371 788

501 442 741 499 futurus
764 441 871 497 est:
886 439 1083 512 deque
1103 438 1378 496 Ecclesite
1401 454 1553 512 pace
1573 437 1887 507 sollicitus,
1911 451 2161 492 cavens-

2298 445 2428 510 πῶμα
2467 443 2720 512 Χριστοῦ,
2768 441 2877 496 τοῖς
2934 433 3046 509 μετ’
3095 436 3261 488 αὑτοῦ
3305 436 3434 490 οὖσί
3484 440 3887 513 τεσσαράκοντα

504 547 624 605 que
651 547 727 587 ne
752 529 970 587 Christi
999 544 1221 601 corpus
1258 528 1645 596 laceraretur,
1666 528 2069 596 interrogatus
2127 541 2166 582 a

505 619 912 692 quadraginta
941 633 1189 674 suarum
1211 618 1475 689 partium
1505 617 1832 690 episcopis,
1865 615 2163 688 quidnam

506 709 593 766 eis
624 709 686 764 in
718 713 883 765 tanta
912 707 1269 777 injuriarum
1303 707 2052 780 nequitiacontemptuque
2069 719 2166 760 ca-

505 814 741 854 nonum
764 796 1070 865 agendum
1101 796 1398 864 suaderet,
1425 796 1737 870 respondit
1766 811 1947 851 orans
1984 793 2166 850 simul

509 892 689 960 atque
721 885 1071 955 adhortans,
1098 886 1614 942 communicarent
1647 901 1787 942 cum
1809 883 2166 941 adversariis

511 977 660 1044 suis,
684 992 758 1033 ne
788 975 1143 1040 schismatis,
1175 977 1261 1031 rei
1283 975 1766 1032 ﬁerent.Reatum
1789 989 1969 1047 porro
1997 972 2166 1029 haud

510 1067 574 1124 in
598 1081 704 1122 eos
726 1063 971 1121 contulit
997 1065 1104 1136 qui
1132 1080 1196 1121 se
1232 1065 1437 1137 inique
1453 1069 1737 1138 etpraater
1747 1079 2010 1120 canones
2027 1078 2168 1119 con-

513 1156 966 1219 demnaverant,
994 1169 1204 1209 verum
1233 1154 1326 1209 his
1371 1153 1550 1210 veluti
1577 1153 1872 1226 ascripsit,
1907 1152 2013 1224 qui
2051 1151 2166 1208 sibi

514 1243 818 1312 favebant,
851 1243 1068 1298 sanctis
1091 1243 1410 1316 episcopis,
1443 1243 1556 1300 nisi
1587 1259 1727 1300 cum
1744 1241 1972 1298 caeteris
2004 1257 2165 1296 com-

515 1334 896 1390 municarent
946 1333 1465 1406 concordiamque
1508 1337 1838 1400 servarent,
1877 1331 2168 1396 videlicet,

516 1425 661 1497 quia
675 1423 1003 1480 adversarii
1067 1424 1288 1496 pariter
1351 1424 1753 1481 orhodoxiam
1811 1422 2168 1480 retinebant.

515 1514 679 1570 idem
711 1517 935 1569 sanctae
965 1529 1213 1586 quoque
1279 1513 1622 1586 Olympiadi
1677 1517 1741 1570 in
1792 1511 2168 1576 allocutione,

516 1619 703 1677 quam
725 1602 950 1674 templo
981 1617 1338 1672 egressurus
1366 1608 1545 1676 atque
1572 1604 1635 1659 in
1662 1602 1945 1660 exsilium
1973 1599 2173 1674 profe-

519 1694 720 1746 cturus
739 1687 970 1753 habuit,
992 1687 1125 1744 hinc
1173 1689 1307 1744 aitz¢
1368 1689 1513 1744 Fieri
1567 1704 1692 1746 non
1741 1692 1959 1760 potest,
1983 1692 2049 1743 ut
2075 1688 2175 1742 Ec-

2273 526 2587 590 ἐπισκόποις
2613 526 2940 600 ἐρωτήσασι,
2973 529 3096 600 περὶ
3126 521 3219 578 τοῦ
3267 531 3322 578 τί
3373 531 3485 599 χρὴ
3539 535 3766 587 ποιῆσαι
3794 529 3887 581 αὑ-

2271 621 2395 679 τοὺς
2425 616 2475 669 ἐν
2524 625 2632 678 τοῖς
2683 617 2819 669 οὕτω
2861 613 2974 667 κατ’
3034 615 3200 668 αὐτοῦ
3245 618 3570 690 πραχθεῖσιν
3619 615 3883 691 ἆθέσμως,

2272 711 2362 758 καὶ
2409 709 2554 781 παρὰ
2609 712 2784 759 πᾶσαν
2847 709 3123 763 κανονικὴν
3195 701 3465 773 διάταξιν,
3549 705 3884 782 ἀπεκρίνατο,

2271 795 2585 870 παρακαλων
2637 794 2748 868 ἅμα
2814 798 2904 847 καὶ
2984 797 3420 868 προτρεπόμενος,
3498 801 3886 864 Κοινωνὴσατε,

2274 889 2456 956 φησὶν,
2485 885 2685 956 αὐτοῖς,
2725 881 2810 937 ἶνα
2829 887 2901 956 μὴ
2946 884 3108 935 αἳτιοι
3169 885 3489 956 σχισμάτων
3535 887 3739 939 ἔσεσθεο
3797 887 3888 940 καὶ

2271 979 2364 1032 τήν
2388 974 2558 1027 αἰτίαν
2589 975 2649 1027 οὐ
2689 981 2801 1035 τοὶς
2855 969 3055 1034 ἀδίκως
3113 977 3202 1025 καὶ
3250 976 3398 1048 παρά
3459 977 3680 1037 κανόνας
3729 976 3889 1030 αὐτόν

2275 1068 2648 1137 κατακρίνασιν
2681 1061 2987 1134 ἐπέγραψεν,
3015 1060 3143 1114 ἀλλὰ
3175 1070 3282 1122 τοῖς
3338 1063 3459 1115 οὖσι
3535 1063 3647 1136 μετ’
3728 1066 3888 1118 αὑτοῦ

2274 1158 2363 1205 καὶ
2395 1152 2520 1224 ὑπέρ
2571 1153 2728 1204 αὑτοῦ
2769 1151 2937 1222 ἁγίοις
2988 1153 3347 1224 ἀρχιερεῦσιν,
3406 1153 3466 1203 ἄν
3530 1158 3602 1226 μὴ
3677 1153 3890 1218 ἐκείνοις

2279 1241 2682 1295 συνελθωσικαὶ
2737 1245 3226 1312 συγκοινωνὴσωσι.
3282 1245 3384 1294 Καὶ
3430 1238 3698 1314 πρόδηλον
3754 1248 3891 1297 πάν-

2278 1351 2375 1391 τως
2406 1327 2502 1384 διὰ
2529 1334 2588 1383 τὸ
2617 1329 2887 1392 κάκείνους
2937 1337 3030 1392 τῆς
3097 1326 3415 1402 ὀρθοδοξίας
3475 1329 3892 1393 ἀντιποιεῖσθαι.

2350 1421 2409 1473 Ὁ
2431 1421 2588 1483 αὐτὸς
2615 1423 2860 1494 καὶπρὸς
2893 1422 2986 1481 τὰς
3036 1424 3158 1492 περὶ
3214 1425 3309 1478 τήν
3356 1420 3515 1491 ἁγίαν
3551 1419 3896 1495 Ὀλυμπίείδα

2283 1508 2391 1570 ἤδη
2421 1518 2510 1562 τοῦ
2543 1514 2636 1563 νεὼ
2675 1509 3014 1585 ἐξερχόμενος
3071 1513 3162 1561 καὶ
3209 1513 3341 1584 πρὸς
3393 1508 3596 1585 ἄξορίαν
3655 1510 3893 1586 ἀποπεμι

2282 1606 2498 1674 πὸμενος
2570 1598 2702 1652 οὕτω
2757 1603 2938 1671 φησίν.
2995 1617 3027 1653 ‹
3053 1595 3348 1651 Ἀδύνατον
3394 1599 3552 1660 οὕτως
3605 1597 3738 1654 εἶναι
3796 1608 3894 1662 τήν

2375 1688 2688 1747 Ἐκκλησίαν
2719 1695 2811 1741 τοῦ
2833 1694 2990 1745 Θεοῦ.
3019 1690 3081 1740 Εἴ
3108 1705 3189 1749 τις
3214 1683 3303 1739 οὖν
3344 1687 3538 1762 προϐῇ,
3600 1692 3671 1752 ὡς
3731 1697 3894 1767 πατρὶ

519 1779 702 1836 clesia
721 1778 823 1833 Dei
842 1777 926 1832 sic
966 1777 1214 1834 viduata
1236 1776 1611 1851 permaneat.
1646 1779 1704 1835 Si
1741 1778 1880 1850 quis
1913 1791 2058 1847 ergo
2083 1791 2177 1831 or-

2298 1779 2426 1850 ιιύτῷ
2459 1780 2778 1850 ὑποτάγητε,
2799 1781 2890 1830 καὶ
2939 1779 3009 1836 ὡς
3075 1775 3191 1848 ἐμοὶ
3252 1781 3346 1836 τὴν
3393 1776 3619 1849 κεφαλὴν
3675 1780 3894 1832 ὑποκλέ-

520 1868 764 1924 dinatus
790 1865 984 1935 fuerit,
1006 1870 1066 1922 et
1093 1871 1386 1940 tanquam
1439 1867 1594 1940 patri
1663 1867 1924 1924 subeste.
1977 1881 2176 1938 neque

523 1973 696 2014 secus
715 1973 786 2013 ac
812 1957 959 2013 mihi
987 1963 1170 2029 caput
1189 1958 1380 2014 docile
1403 1959 1700 2015 inclinate.
1736 1980 1763 2008 ››
1796 1961 1930 2015 Haec
1976 1957 2178 2027 legeno

523 2047 683 2104 tibus
704 2047 1112 2118 Chrysostomi
1141 2047 1334 2104 Vitam
1364 2048 1674 2121 explorata
1687 2052 1844 2105 sunt.
1873 2047 1989 2106 Sed
2009 2047 2085 2105 de
2107 2059 2178 2108 ea

525 2153 590 2193 re
609 2137 920 2193 hactenus.

596 2231 651 2284 6.
682 2226 1012 2298 Imperator
1047 2228 1423 2296 Anastasius,
1446 2236 1624 2302 prout
1649 2229 1711 2285 in
1743 2228 1917 2287 Sabae
1970 2230 2179 2300 magni

525 2316 657 2372 Vita
692 2315 1062 2387 descriptum
1083 2322 1188 2384 est,
1218 2318 1539 2390 Euthymio
1569 2319 1710 2375 sede
1749 2319 1982 2389 dejecto
2012 2337 2025 2385 ;
2074 2319 2181 2392 qui

527 2403 968 2478 Acephalorum
997 2405 1296 2474 haeresim,
1328 2409 1502 2479 cujus
1527 2409 1655 2480 ipse
1686 2407 1997 2464 studiosus
2029 2413 2178 2477 erat,

526 2511 650 2552 non
679 2495 1023 2568 recipiebat,
1056 2496 1479 2554 Macedonium
1495 2498 1636 2554 huic
1652 2498 1977 2566 substituit,
1993 2515 2180 2571 quem

528 2589 979 2641 consectaneum
993 2601 1160 2641 suum
1169 2587 1191 2658 j
1201 2586 1501 2643 udicabat.
1518 2587 1637 2644 Sed
1648 2587 1792 2660 quia
1806 2588 2019 2644 orthod
2028 2605 2181 2644 oxus

526 2675 620 2731 vir
646 2675 947 2747 apparuit,
992 2675 1121 2747 ipse
1163 2675 1412 2748 quidem
1461 2676 1775 2733 confestim
1809 2677 1951 2733 sede
1999 2683 2182 2751 atque

527 2764 675 2821 urbe
705 2764 978 2837 pellitur;
1033 2765 1349 2822 ordinatur
1412 2772 1616 2824 autem
1646 2767 1990 2824 Timotheus
2023 2788 2036 2824 :
2079 2770 2184 2841 qui

526 2855 749 2927 pariter
769 2855 938 2911 brevi
967 2855 1282 2926 expellitur
1313 2857 1391 2913 ab
1420 2857 1608 2930 impio
1641 2859 1892 2926 Caesare,
1919 2859 2068 2930 quia
2089 2875 2184 2915 or-

528 2944 830 3001 thodoxus
861 2945 1272 3017 deprehensus
1299 2951 1404 3002 est.
1424 2953 1615 3019 Atque
1633 2947 1696 3002 hi
1723 2947 2026 3004 fortunam
2055 2949 2184 3019 ejus

528 3035 697 3091 modi
721 3035 946 3106 experti
977 3040 1136 3094 sunt.
1171 3036 1407 3092 Interim
1431 3053 1575 3093 vero
1604 3043 1827 3094 sancta)
1877 3037 2042 3094 urbis
2073 3054 2184 3110 pa-

2283 1887 2418 1923 νατε.
2479 1874 2694 1924 »Τηῦτα
2757 1869 2807 1918 οἱ
2886 1863 3324 1936 ἀναγινώσκοντες
3408 1867 3495 1927 τόν
3553 1867 3720 1930 αὐτοῦ
3778 1867 3893 1951 βίον

2287 1960 2442 2018 ἴσασι
2464 1958 2566 2033 (7).
2595 1960 2697 2018 Καὶ
2719 1959 2840 2039 περὶ
2869 1957 2959 2038 μὶν
2997 1957 3191 2017 τούτων
3216 1953 3349 2028 ἅλις.

2360 2252 2416 2295 ς’.
2440 2230 2454 2248 ’
2487 2228 2611 2285 Οδ“ε
2659 2231 2908 2305 βασιλεὺς
2955 2235 3320 2305 ’Λναστοξσιος,
3368 2237 3438 2296 ὡς
3468 2234 3519 2287 ἓν
3547 2243 3621 2307 τῷ
3663 2243 3758 2288 τοῦ
3807 2255 3896 2310 με·

2285 2320 2450 2392 γάλου
2499 2323 2640 2374 Σάὸα
2699 2320 3089 2397 ἀνα-γέγραπται
3145 2321 3267 2396 βίω,
3321 2326 3410 2376 τὸν
3491 2326 3755 2398 Εὑθύμιον
3816 2326 3896 2397 (8)

2287 2418 2378 2462 τοῦ
2403 2412 2584 2485 θρόνου
2623 2417 2959 2484 καταγαγὼν,
3018 2417 3115 2472 τὴν
3166 2422 3266 2466 τῶν
3295 2411 3605 2486 Ἀκεφοὲλων
3665 2420 3736 2488 μὴ
3791 2433 3897 2468 πα-

2288 2496 2645 2574 ραδεχόμενον
2685 2503 2906 2574 αἰρεσιν,
2935 2505 3021 2555 τὸν
3051 2499 3374 2555 Μακεδόνων
3407 2501 3514 2555 ἀντ’
3569 2504 3733 2556 αὐτοῦ
3786 2523 3902 2576 χειο

2289 2591 2634 2665 ροτονηθῆναι
2681 2594 3089 2666 παρεσκεύασεν,
3145 2593 3410 2668 ὁμόφρονα
3484 2593 3644 2646 αὐτοῦ
3715 2600 3901 2645 τοῦτον

2290 2675 2421 2731 εἶναι
2445 2679 2693 2752 οἰόμενος.
2723 2678 2884 2733 Ἐπεὶ
2923 2677 2985 2733 δέ
3028 2677 3309 2753 ὀρθόδοξος
3355 2677 3417 2740 ἧν
3461 2683 3488 2732 6
3535 2684 3686 2753 ἀνὴρ,
3739 2682 3905 2744 αὐτὸς

2291 2771 2382 2841 μὲν
2407 2769 2600 2822 αὐτίκα
2633 2776 2724 2822 τοῦ
2777 2774 2974 2844 χρόνον
3043 2775 3131 2822 καὶ
3180 2779 3279 2832 τῆς
3331 2769 3524 2831 πόλεως
3581 2767 3900 2842 ἄξορίζεται.

2290 2861 2540 2932 Τιμόθεος
2603 2855 2663 2912 δε
2707 2857 2830 2911 ἀντ’
2854 2859 3016 2912 αὐτοῦ
3076 2859 3442 2932 προϐάλλεται·
3506 2857 3636 2912 ἀλλὰ
3703 2861 3907 2931 tam»

2292 2953 2383 3000 καὶ
2420 2944 2571 3010 οὗτος
2597 2947 3029 3022 ἕξοστρακίζεται
3057 2952 3204 3024 παρὰ
3239 2957 3332 3002 τοῦ
3377 2946 3675 3011 δυσσεϐοῦς
3731 2947 3902 3023 βασι-

2293 3037 2434 3099 λέως·
2472 3036 2754 3112 ὀρθόδοξος
2799 3041 2899 3112 γὰρ
2963 3035 3092 3090 εἶναι
3141 3039 3378 3112 εὕρηταιο
3450 3043 3555 3092 Καὶ
3605 3039 3750 3091 οὗτοι

530 3124 792 3180 triarcha
846 3129 1092 3179 sanctus
1145 3124 1362 3194 Helias,
1392 3126 1486 3181 his
1557 3126 1798 3192 auditis,
1853 3127 2185 3198 angebatur

2298 3129 2475 3189 οὕτως’
2530 3130 2557 3180 6
2597 3124 2657 3180 δὲ
2717 3136 2814 3189 τῆς
2865 3128 3025 3200 ἁγίας
3066 3127 3261 3191 πόλεως
3323 3126 3626 3203 ἀρχιερεὺς,
3673 3129 3702 3179 6
3753 3127 3905 3200 ἅγιος

529 3214 778 3285 quidem
806 3214 1010 3268 animo
1030 3218 1275 3285 propter
1297 3215 1580 3283 injustam
1612 3215 2036 3287 praedictorum
2084 3232 2186 3290 pa-

533 3302 928 3358 triarcharum
957 3301 1430 3374 depositionem:
1481 3304 1668 3361 nihilo
1728 3311 1935 3362 tamen
1985 3307 2188 3363 minus

535 3390 1029 3447 communicabat
1053 3407 1192 3447 cum
1222 3408 1414 3465 nuper
1441 3393 1626 3450 electo
1651 3399 1786 3467 post
1804 3397 2186 3468 princessoris

536 3479 973 3552 expulsionem,
1002 3481 1294 3555 quoniam
1321 3487 1568 3557 uterque
1612 3485 1984 3541 orthodoxus
2041 3491 2184 3542 erat.

538 3569 692 3635 Quin
731 3569 883 3626 adeo
900 3570 978 3626 ab
999 3571 1251 3643 hujusce
1276 3571 1573 3629 haereseos
1600 3573 1829 3630 viribus
1843 3574 2022 3630 divus
2042 3591 2188 3647 quo-

536 3675 653 3732 que
684 3659 779 3714 hic
803 3659 996 3716 Helias
1051 3661 1298 3734 propria
1362 3663 1501 3718 sede
1523 3663 1899 3720 detractusin
1951 3664 2192 3722 vincula

537 3748 844 3819 conjectus
877 3754 981 3806 est:
1012 3750 1130 3822 ipsi
1151 3757 1354 3807 autem
1387 3752 1742 3809 substitutus
1771 3755 2031 3810 Joannes
2089 3755 2191 3827 qui

535 3837 748 3894 haeresi
777 3840 1210 3910 consentiebat,
1263 3841 1418 3898 etab
1461 3842 1840 3915 imperatoris
1899 3843 2192 3900 sententia

537 3943 660 3982 non
673 3927 1037 3985 discededat.
1057 3931 1482 3986 Verumtamen
1496 3931 1592 3986 hic
1605 3931 1868 3987 Joannes
1887 3932 2192 3988 diVISabaa

537 4016 846 4073 familiaris
877 4019 1227 4091 amicusque
1248 4024 1393 4085 erat;
1421 4021 1592 4090 cujus
1636 4020 2058 4094 obtemperans
2090 4023 2193 4078 ad-

536 4105 968 4161 monitionibus
991 4107 1068 4162 ab
1086 4107 1364 4163 haeretica
1385 4109 1682 4164 sententia
1698 4115 1979 4182 sectaque
1993 4111 2195 4167 statim

537 4197 804 4260 recessit,
829 4196 1137 4268 ﬁdemque
1195 4197 1369 4252 Heliae
1431 4203 1898 4272 sanctorumque
1956 4203 2196 4260 Patrum

546 4285 718 4341 Sabae
749 4301 821 4341 ac
840 4286 1157 4342 Theodosii
1174 4291 1295 4343 toto
1325 4287 1529 4343 animo
1554 4288 1871 4360 amplexus
1920 4295 2024 4348 est.

616 4465 670 4516 7.
713 4461 944 4517 Etenim
991 4479 1132 4518 cum
1169 4463 1500 4536 aliquando
1562 4465 1858 4540 imperiali
1910 4470 2200 4528 mandato

545 4555 797 4606 cunctus
825 4549 900 4606 de
931 4566 1097 4607 more
1130 4552 1412 4625 populus,
1443 4557 2003 4631 monachorumque
2032 4561 2204 4616 innu-

545 4655 715 4696 mera
742 4639 1061 4696 multitudo
1093 4641 1155 4697 in
1215 4642 1407 4699 sancti
1462 4647 1920 4719 protomartyris
1979 4649 2202 4722 templo

549 4728 848 4799 coivisset;
878 4733 1169 4802 tanquam
1184 4731 1232 4787 si
1243 4733 1582 4804 patriarcha
1606 4736 1864 4792 Joannes
1878 4738 2206 4795 anathema

545 4818 617 4874 iis
643 4818 908 4876 dicturus
942 4827 1098 4877 esset
1124 4823 1227 4895 qui
1253 4824 1552 4896 synodum
1584 4832 1863 4898 quartam
1928 4827 2203 4884 admitte-

549 4913 703 4977 rent,
745 4911 1030 4966 Severum
1059 4911 1430 4984 Acephalum
1455 4914 1860 4987 repudiarent;
1879 4915 1940 4971 id
1954 4917 2112 4973 enim
2145 4936 2204 4973 se

550 4997 847 5055 facturum
877 5001 1234 5072 promiserat
1258 5002 1544 5059 ministris
1566 5004 1744 5076 regiis
1771 5007 2050 5075 Joannes;
2081 5023 2205 5063 am-

624 5176 981 5250 (7)1ntellige
1011 5177 1256 5250 Palladii
1282 5177 1597 5250 Dialogum
1621 5179 1696 5237 de
1725 5183 1853 5238 Vita
1875 5184 1929 5239 S.
1957 5185 2205 5241 Joannis

553 5247 1090 5323 Chrysostomied,
1123 5250 1319 5306 Montf.
1369 5247 1513 5323 tom.
1566 5255 1703 5323 Xlll,
1755 5255 1928 5323 cujus
1990 5255 2204 5312 videsis

552 5332 689 5389 pag.
715 5322 784 5373 28
795 5321 1572 5397 et36._Qaeterum_l’alladi_us
1587 5321 1692 5387 ait,
1705 5321 2203 5397 Chrysostomum

548 5390 911 5470 praecepisse
937 5390 1372 5470 Olympiadiut
1412 5395 1691 5452 subesset
1737 5390 1936 5470 futuro
1975 5407 2106 5470 post
2141 5417 2203 5456 se

550 5464 858 5530 episcopo,
879 5464 959 5515 ita
981 5467 1182 5519 tamen
1197 5464 1350 5520 siille
1373 5483 1670 5522 consensu
1692 5464 2204 5527 omnium-electus

551 5535 815 5604 esset,_et
843 5531 1138 5589 reluctans
1164 5536 1390 5593 nedum
1429 5538 1725 5604 ambiens,
1761 5545 1860 5592 Καὶ
1890 5540 1944 5601 ὃς
1975 5540 2033 5592 ἂν
2066 5544 2203 5595 οἴκων

549 5600 694 5673 ἀχθῇ
725 5599 813 5688 ἐπί
846 5607 938 5659 τὴν
993 5613 1340 5690 χειροτονίαν,
1395 5614 1468 5681 μὴ
1539 5599 1859 5683 apeiria”;
1922 5599 1980 5664 τὸ
2038 5621 2204 5690 «p01?-

547 5692 643 5756 μα,
691 5680 827 5736 κατὰ
873 5680 1170 5740 συναίνεσιν
1220 5688 1319 5741 τῷν
1370 5680 1599 5740 πάντων.
1657 5684 1822 5749 Quas
1871 5680 2197 5758 recipiendi

2295 3216 2308 3235 ’
2337 3219 2516 3286 Ηλίας,
2545 3225 2714 3270 ταῦτα
2749 3216 2951 3270 ἀκούων
2988 3220 3189 3290 ἤχθετο
3236 3221 3347 3290 μὲν,
3375 3223 3532 3289 φησὶ,
3575 3222 3670 3275 τήν
3695 3217 3904 3288 ψυχὴν,

2297 3312 2392 3366 τὴν
2426 3303 2616 3360 ἄδικον
2674 3303 3063 3380 ἀποδεχόμενος
3119 3315 3219 3359 τῶν
3277 3307 3560 3381 εἰρημένων
3621 3305 3907 3382 ἀρχιερέων

2298 3395 2530 3454 ἐκϐολήν·
2578 3393 2794 3468 ἐδέχετο
2844 3401 3019 3470 μέντοι
3095 3401 3182 3448 τὸν
3273 3399 3736 3470 χειροτονούμενον
3780 3399 3913 3468 μετὰ

2297 3492 2385 3539 τόν
2415 3490 2516 3560 πρὸ
2576 3487 2736 3538 αὐτοῦ
2785 3485 3118 3550 ἐκϐληθέντα,
3168 3493 3242 3557 τῷ
3287 3490 3377 3538 καὶ
3422 3485 3579 3538 αὐτὸν
3629 3481 3911 3558 ὄρθόδοξον

2300 3569 2447 3644 εἶναι,
2505 3578 2569 3636 ὡς
2612 3580 2702 3628 καὶ
2769 3579 2856 3628 τὸν
2901 3580 3170 3649 πρότερον.
3242 3577 3446 3636 Ταύτης
3499 3583 3596 3638 τῆς
3664 3577 3914 3649 αἱρέσεως

2300 3663 2445 3719 ἓνεκα
2485 3671 2575 3718 καὶ
2619 3665 2645 3716 ὁ
2707 3667 2838 3727 θεῖος
2893 3663 3044 3726 οὗτος
3088 3663 3264 3726 Ἠλίας
3305 3672 3395 3718 τοῦ
3450 3665 3637 3716 οἰκείου
3693 3663 3916 3716 καταϐι-

2302 3753 2511 3815 ϐασθεὶς
2561 3757 2763 3827 θρόνου,
2823 3754 2896 3816 εἰς
2938 3752 3169 3827 φυλακὴν
3218 3753 3582 3811 κατεκλείσθη·
3631 3749 3739 3805 ἀντ’
3826 3753 3919 3805 αὐ-

2303 3853 2394 3897 τοῦ
2429 3839 2487 3896 δὲ
2516 3842 2810 3920 προεϐλήθη
2875 3842 3135 3911 Ἰωάννης,
3190 3845 3498 3916 συνθέμενος
3547 3851 3611 3916 τῇ
3678 3844 3916 3916 αἰροίσει,

2303 3939 2394 3986 καὶ
2427 3936 2674 4008 σύμφρων
2721 3937 2990 4006 γενόμενος
3039 3943 3112 4005 τῷ
3167 3931 3399 4006 βασιλεῖ.
3456 3927 3623 3995 Οὗτος
3668 3933 3695 3984 ὁ
3743 3931 3919 3986 Ἰωάν-

2303 4026 2391 4085 νής
2419 4025 2652 4084 συνήθης
2678 4019 2737 4081 ἦν
2760 4029 2848 4075 καὶ
2879 4023 3017 4096 φίλος
3048 4022 3188 4096 Σάϐᾳ
3220 4031 3292 4094 τῷ
3351 4024 3490 4094 θείῳ’
3560 4021 3622 4074 οὗ
3669 4025 3762 4074 καὶ
3824 4025 3922 4084 τὰς

2306 4115 2577 4174 ὑποθήκας
2611 4107 2905 4186 δεξάμενος,
2963 4119 3055 4164 τοῦ
3113 4111 3376 4187 αἱρετιχοῦ
3441 4113 3532 4185 μὲν
3595 4114 3921 4186 φρονήματος

2307 4208 2398 4255 καὶ
2462 4201 2787 4274 σεϐάσματος
2861 4199 3040 4254 ἑάυτόν
3111 4206 3382 4274 συντόμως
3461 4199 3751 4258 ἀπέστησεο
3852 4209 3917 4274 τῇ

2305 4290 2480 4345 Ἡλίου
2509 4287 2569 4343 δέ
2597 4295 2776 4343 πίστει
2813 4295 2902 4344 καὶ
2953 4299 3054 4342 τῶν
3105 4291 3252 4343 θείων
3317 4294 3560 4365 Πατέρων
3614 4287 3758 4341 Σάϐα
3833 4294 3923 4342 καὶ

2311 4379 2602 4435 Θεοδοσίοῦ
2623 4381 2736 4433 ὅλον
2758 4379 2938 4433 ἑαυτὸν
2969 4378 3058 4454 ὃλῃ
3090 4377 3244 4452 ψυχῇ
3281 4373 3552 4434 ἐδεδώκει.

2385 4469 2427 4532 ζ
2463 4516 2469 4524 .
2505 4475 2606 4524 Καὶ
2653 4466 2721 4529 δὴ
2771 4469 2819 4522 ἐν
2879 4475 2979 4544 μιᾷ
3035 4477 3312 4545 προσταγῇ
3374 4467 3628 4543 βασιλικῇ
3682 4471 3924 4531 συνήθως

2310 4567 2410 4622 πᾶς
2439 4560 2463 4612 ὀ
2490 4560 2613 4622 λαός
2636 4564 2850 4612 καὶτῶν
2880 4567 3128 4632 μοναχῶν
3169 4557 3344 4618 πληθη
3384 4557 3576 4632 ἄπειρα
3609 4555 3658 4611 ἐν
3708 4567 3783 4630 τῷ
3831 4566 3925 4611 τοῦ

2313 4649 2466 4722 ἁγίου
2516 4657 2766 4723 Στεφανου
2823 4657 2916 4702 τοῦ
2964 4654 3172 4722 πρώτου
3227 4646 3276 4699 ἐν
3303 4649 3566 4722 μάρτυσιν
3614 4648 3733 4724 ἱερῷ
3775 4655 3924 4719 σηκῷ

2313 4742 2584 4813 ἤθροιστο,
2615 4742 2679 4801 ὡς
2703 4738 2967 4813 μέλλοντος
3019 4733 3177 4796 δῆθεν
3235 4736 3618 4810 ἁναθεματίσαι
3682 4745 3776 4790 τοῦ
3822 4756 3924 4790 πα-

2310 4833 2573 4906 τριάρχου
2596 4827 2830 4882 Ἰωάννου
2874 4831 2996 4890 τοὺς
3034 4831 3128 4885 τήν
3179 4829 3423 4901 τετάρτην
3478 4822 3700 4880 σύνοδον
3764 4821 3926 4899 δεχοο

2313 4921 2515 4990 μένους,
2569 4923 2789 4990 Σευῆρον
2839 4911 2898 4969 δὲ
2944 4920 3031 4968 τὸν
3081 4915 3358 4988 Ἀκέφαλον
3405 4919 3478 4988 μὴ
3546 4911 3927 4988 παραδεχομ-

2313 5027 2446 5068 νους·
2475 5014 2628 5059 τοῦτο
2654 5007 2754 5080 γὰρ
2784 5001 2844 5064 ἦν
2871 4999 2978 5064 ἤδη
3007 5013 3231 5064 ποιῆσαι
3299 5012 3406 5066 τοῖς
3462 5011 3554 5056 τοῦ
3584 4997 3854 5077 βασιλέως
3899 5003 3926 5056 ὁ

2315 5185 2578 5268 episcopi
2600 5183 2973 5268 conditiones
2985 5183 3184 5268 nescio
3197 5198 3314 5268 cur
3326 5179 3656 5268 hipthodius
3668 5182 3928 5268 retinue-

2313 5251 2407 5314 rit.
2435 5251 2679 5313 Palladii
2701 5255 2903 5311 locum
2925 5256 3130 5312 recitat
3157 5255 3339 5310 etiam
3354 5251 3647 5310 Baronius
3668 5251 3922 5324 tom.Vl,

2313 5329 2392 5384 ad
2429 5343 2529 5384 an.
2569 5331 2786 5384 404.11.
2825 5329 2952 5383 XLI.

2517 5371 2529 5383 .
2569 5341 2676 5384 MM-
2708 5341 2786 5389 ,l'l.
2825 5341 2952 5383 XLI.

2313 5343 2392 5384 au
2429 5343 2529 5384 an.
2569 5343 2676 5384 ws
2708 5343 2786 5389 ,n.
2825 5343 2952 5383 au.

2387 5401 2462 5472 (8)
2478 5399 2931 5472 CumMethodio
2944 5398 3145 5472 scribit
3157 5397 3547 5472 Euthymium
3560 5395 3744 5472 etiam
3770 5407 3925 5472 ano-

2313 5468 2531 5549 nybius
2560 5469 3090 5549 Baroccianus;s_ed
3137 5468 3456 5549 dicendum
3505 5483 3637 5549 esse
3675 5468 3925 5549 Euphe-

2313 5540 2520 5613 miam,
2558 5559 2808 5614 prorsus
2841 5547 3079 5614 constat
3115 5556 3187 5596 ex
3213 5540 3459 5614 historia
3493 5557 3506 5604 ;
3555 5543 3612 5594 et
3641 5540 3727 5594 sic
3765 5545 3926 5595 recte

2311 5614 2496 5681 habet
2521 5613 3078 5686 e’tamEphraemius
3105 5627 3159 5672 v.
3185 5613 3324 5675 1060
3356 5616 3416 5668 et
3435 5614 3596 5679 9756,
