4090 6380
243 315 357 370 789

1494 311 1587 369 DE
1625 310 2010 369 SCHISMATE
2050 313 2371 379 VITANDO.

3509 321 3626 385 7.90

246 440 495 499 Ἰωάννης
540 439 860 510 ὑποσχεθείς
889 455 903 469 ‘
939 437 1151 511 ἀνήχθη
1210 437 1298 492 οὖν
1335 440 1361 490 6
1418 438 1577 498 αὐτὸς
1628 434 1714 489 ἐπὶ
1762 443 1848 487 τοῦ

1962 436 2188 495 bouem
2209 437 2555 510 patriarcha
2568 438 2938 507 conscendit,
2960 454 3101 496 cum
3114 455 3314 514 eoque
3340 444 3534 502 Sabas
3550 461 3631 503 ao

241 526 485 600 ἄμϐωνος
515 545 528 558 ·
560 532 654 580 σὺν
684 527 824 599 αὐτῷ
853 524 914 581 δὲ
961 534 1052 581 καὶ
1108 529 1275 590 Σάϐας
1334 533 1423 580 καὶ
1477 522 1762 586 Θεοδόσιος
1807 526 1857 576 οὶ

241 627 346 671 τῶν
397 626 648 691 μοναχῶν
701 618 937 691 ἕξαρχοι,
992 624 1083 671 καὶ
1135 627 1232 680 τῆς
1290 614 1574 692 ὀρθοδόξου
1628 620 1856 674 πίστεως

242 714 524 783 πρόμαχοι
550 725 562 737 ”
618 706 844 765 ἐστήτην
887 705 975 760 οὖν
1006 710 1163 781 οἰμφω
1206 715 1300 760 τοῦ
1346 709 1685 782 πατριάρχου
1731 699 1854 775 παρ’

242 798 486 870 ἑκάτεραο
518 804 700 872 Παρῆν
730 793 791 850 δε
819 805 892 867 τῷ
920 803 1013 869 νεῲ
1060 803 1151 850 καὶ
1192 805 1283 850 τοῦ
1343 795 1599 868 βασιλέως
1648 793 1860 865 ἀνεψιός

243 888 526 949 ’Υπατικὸς
634 894 730 948 τῆς
822 886 1193 958 αἰχμαλωσίας
1273 886 1379 940 τότ’
1484 884 1854 946 ἑπανασωθείς.

243 976 540 1046 Ἐψεύσατο
590 977 682 1036 τὰς
736 976 1057 1046 ὑποσχέσεις
1092 977 1120 1027 6
1156 976 1396 1036 Ἰωάννης
1450 973 1510 1035 ἃς
1543 975 1673 1047 πρὸς
1706 971 1857 1025 Ἀνα-

242 1065 466 1117 στάσιον
527 1061 808 1120 ἐποιήσατο
871 1070 983 1124 ταῖς
1044 1066 1474 1136 ὑποθημοσύναις
1561 1055 1859 1113 Θεοδοσίου

236 1159 334 1207 καὶ
358 1152 503 1207 Σάϐα
529 1169 542 1181 ⁸
575 1151 859 1225 ἕξεφώνησε
894 1153 1063 1214 καλῶς
1122 1162 1282 1207 ποιῶν
1344 1156 1404 1207 1'6
1435 1151 1665 1222 ἀνάθεμα
1723 1152 1859 1202 κατὰ

235 1251 341 1294 τῶν
375 1247 448 1315 μὴ
505 1239 802 1313 δεχομένων
836 1246 931 1299 τὴν
985 1244 1234 1316 τετάρτην
1299 1242 1661 1312 οἰκουμενικὴν
1732 1241 1855 1290 σύν-

237 1328 366 1387 οδον
394 1334 527 1404 μετὰ
564 1339 662 1382 τῶν
712 1336 813 1404 πρό
853 1330 1020 1393 αὐτῆς
1069 1339 1225 1405 τριῶν
1289 1348 1301 1359 ·
1362 1328 1645 1382 ἀπεϐάλετο
1704 1335 1853 1385 Σευῆ-

240 1441 354 1497 ρον,
385 1419 666 1474 ἁπεϐάλετο
716 1419 1047 1491 Ἀκεφάλους,
1110 1424 1200 1472 καὶ
1267 1421 1470 1480 πάντας
1524 1416 1699 1477 ἁπλῶς
1739 1420 1856 1476 τοὺς

240 1513 311 1562 τὰ
360 1517 461 1562 τῶν
511 1512 782 1582 αἱρετικῶν
841 1517 1185 1581 φρονοῦντας.
1256 1509 1637 1581 ᾙσχυνθησαν
1688 1506 1738 1557 οἱ
1786 1507 1859 1557 ,τὰ

234 1608 331 1652 τοῦ
361 1597 617 1671 βασιᾙως
670 1606 972 1672 φρονοῦντες
1009 1602 1100 1650 καὶ
1168 1605 1239 1668 τῷ
1282 1599 1400 1667 θείῳ
1438 1600 1687 1669 παρόντες
1724 1600 1857 1664 νεῲ·ἶ

239 1685 609 1762 ἠνδρίσθησαν
645 1688 696 1739 οἱ
728 1683 1028 1762 ὀρθόδοξοι,
1059 1695 1148 1739 καί
1178 1694 1251 1757 τῷ
1314 1686 1623 1759 πατριάρχη
1668 1683 1858 1735 αὐτίκα

1961 526 2330 583 Theodosius
2360 527 2802 595 monachorum
2831 534 3164 586 summates
3208 531 3479 605 ﬁdeique
3525 551 3626 592 or-

1963 615 2246 672 thodoxae
2269 621 2774 689 propugnatores,
2802 616 2907 687 qui
2929 632 3002 672 ex
3028 623 3285 691 utroque
3302 620 3490 679 latere
3519 639 3629 696 pa-

1964 704 2232 760 triarchee
2254 706 2584 767 astiterunt.
2606 704 2827 760 Aderat
2851 704 2915 760 in
2928 705 3150 778 templo
3171 723 3359 781 nepos
3379 727 3627 784 quoque

1964 793 2342 865 imperatoris
2406 794 2729 866 Hypaticus
2771 794 3113 866 captivitate
3156 812 3349 869 nuper
3412 801 3624 857 redux.

1965 883 2113 939 Tum
2137 898 2279 937 vero
2302 882 2504 938 fefellit
2530 898 2778 954 prorsus
2806 883 3073 939 Joannes
3088 885 3451 956 promissam
3474 895 3630 947 Ana-

1967 971 2153 1027 stasio
2180 970 2385 1039 ﬁdem,
2415 971 2679 1027 consiliis
2699 971 3018 1029 Theodosii
3060 973 3488 1048 obtemperans
3543 983 3632 1035 at-

1966 1077 2086 1132 que
2108 1061 2299 1117 Sabte.
2326 1062 2554 1117 Etenim
2577 1060 2817 1116 sublata
2834 1077 2983 1117 voce
3009 1062 3341 1120 anathema
3392 1066 3629 1138 egregie

1966 1149 2116 1206 dixit
2143 1149 2212 1205 iis
2237 1151 2342 1222 qui
2373 1152 2814 1207 mcumenicam
2833 1155 3116 1223 quartam
3147 1153 3454 1224 synodum
3487 1171 3628 1213 cum

1964 1238 2266 1311 prioribus
2288 1239 2475 1294 tribus
2493 1254 2615 1295 non
2626 1239 2995 1312 reciperent;
3021 1241 3330 1310 Severum,
3359 1244 3641 1316 Acephag

1961 1327 2196 1399 losque,
2220 1333 2402 1400 atque
2423 1343 2636 1384 omnes
2652 1328 2902 1384 omnino
2930 1328 3245 1387 haereticos
3282 1336 3627 1389 exsecratus

1963 1423 2069 1472 est.
2093 1419 2240 1473 Tum
2272 1417 2580 1473 enimvero
2608 1416 2840 1491 pudore
2880 1415 3092 1473 suffusi
3145 1423 3286 1476 sunt
3330 1426 3631 1494 quotquot

1962 1506 2265 1575 regiarum
2286 1506 2551 1577 partium
2584 1502 2841 1561 studiosi
2864 1505 2926 1561 in
2959 1505 3183 1579 templo
3203 1507 3494 1579 aderant;
3532 1525 3625 1566 or-

1962 1595 2209 1655 thodoxi
2235 1600 2436 1653 autem
2460 1595 2749 1651 ﬁduciam
2782 1601 3154 1667 receperunt,
3179 1601 3238 1652 et
3262 1598 3621 1669 patriarcha

1961 1699 2174 1740 omnes
2189 1683 2596 1752 adhaeserunt,
2618 1683 2866 1755 insuper
2886 1683 3179 1740 habentes
3200 1686 3370 1757 quod
3405 1692 3624 1760 praeter

239 1773 514 1848 πανδημεὶ
568 1777 983 1851 προσετέθησαν,
1040 1784 1131 1836 τῆς
1188 1780 1263 1847 μη
1313 1777 1451 1828 κατὰ
1512 1778 1633 1836 τοὺς
1693 1766 1848 1846 ἱεροὺς

1962 1788 2223 1831 canones
2253 1788 2459 1828 sacros
2481 1773 2792 1829 ordinatus
2817 1771 3047 1831 fuisset.
3073 1776 3159 1830 Ex
3182 1789 3253 1831 eo
3278 1775 3459 1846 igitur
3478 1781 3624 1833 tem-

237 1872 459 1928 κανόνας
523 1870 850 1938 χειροτονίας
916 1865 1078 1918 αὐτοῦ
1160 1870 1228 1937 μη
1320 1869 1700 1937 φροντίσαντες.
1755 1861 1852 1915 Ἦν

238 1952 351 2023 οὖν,
385 1960 566 2028 φησὶν,
594 1957 767 2007 ἔκτοτε
793 1953 960 2016 Σάϐας
1007 1956 1034 2006 6
1074 1958 1371 2028 μακαρίτης
1418 1958 1508 2004 καὶ
1562 1948 1852 2015 Θεοδόσιος

236 2051 297 2099 τό
330 2043 487 2108 σέϐας
524 2045 861 2117 ἀπονέμοντες
922 2049 1011 2096 καὶ
1053 2048 1147 2101 τὴν
1204 2048 1359 2115 τιμὴν
1416 2050 1488 2113 τῷ
1539 2044 1844 2113 πατριάρχῃ

239 2136 452 2206 Ἰωάννη
643 2132 693 2186 ἐν
726 2142 800 2203 τῷ
856 2135 1020 2207 θρόνῳ
1072 2132 1398 2205 καθεζομένῳ
1452 2134 1516 2192 ὡς
1582 2127 1861 2203 ὁρθοδόξῳ»

235 2229 496 2296 γεγονότι,
558 2222 709 2295 Ἠλίᾳ
764 2219 825 2274 δέ
858 2222 1010 2275 πάλιν
1041 2225 1289 2281 ὡσαύτως
1341 2220 1698 2290 κατακὶείστῳ
1739 2223 1863 2272 ὄντι.

234 2313 284 2366 ἕν
342 2312 547 2386 φυλακῇ
587 2321 682 2374 τῆς
721 2312 880 2386 ὀρθῆς
929 2313 1073 2365 ἕνεκα
1130 2316 1377 2375 πίστεως,
1428 2314 1515 2362 τόν
1548 2311 1680 2383 ἱερὸν
1720 2310 1846 2361 πάνυ

232 2424 334 2466 τως
386 2401 563 2455 Ἠλίαν
619 2400 1036 2473 ἐκμιμησάμενοι
1066 2422 1078 2433 '
1107 2401 1243 2453 οὕτω
1299 2402 1401 2472 γὰρ
1456 2399 1609 2459 αὐτὸς
1663 2417 1844 2472 προτε-

231 2513 322 2568 ρον
368 2497 503 2565 πρὸς
560 2490 1144 2552 Κωνσταντινουπόλεως
1196 2490 1458 2561 Εὐθύμιόν
1517 2490 1595 2558 (9)
1659 2507 1713 2541 τε
1756 2492 1846 2539 καὶ

234 2578 584 2646 Μακεδόνων,
646 2586 737 2633 καὶ
794 2585 882 2632 τὸν
937 2580 1037 2633 ἀπὸ
1093 2579 1460 2651 σχολαπικών
1520 2578 1847 2647 Ἀντιοχείας

235 2676 359 2725 ὄντα
386 2671 790 2743 ἀποκρισιάριον
844 2674 935 2722 καὶ
984 2672 1116 2743 πρὸς
1168 2671 1373 2730 τούτοις
1425 2664 1630 2723 διετέθη
1688 2668 1847 2737 Τιμό-

237 2763 349 2815 θεον
385 2763 526 2832 (ιο).

310 2853 384 2909 η’.
416 2849 573 2903 Ἀλλὰ
610 2854 701 2902 καὶ
764 2848 1131 2908 Ἰουστινιανός
1170 2847 1195 2898 6
1250 2844 1495 2918 βασιλεὺς
1551 2846 1638 2896 τὸν
1698 2841 1846 2912 ἅγιον

244 2941 506 3011 Εὐτύχιον
567 2947 661 2992 τοῦ
703 2941 885 3013 θρόνου
939 2940 1274 3008 καταγαγὼν,
1343 2933 1608 3007 ἐξόριστον
1674 2930 1848 2989 ἐποιή-

249 3048 381 3083 σατο
413 3028 548 3101 ἐντῇ
606 3027 676 3090 εἰς
710 3033 805 3087 τήν
870 3028 1150 3099 Ἀμάσειαν
1210 3024 1369 3077 αὐτοῦ
1426 3030 1554 3095 μονῇ
1591 3043 1603 3054 '
1659 3023 1745 3073 καὶ
1776 3020 1849 3082 εἰς

240 3122 327 3171 τόν
352 3117 511 3172 αὐτοῦ
543 3115 602 3171 δε
632 3119 810 3190 θρόνον
840 3115 1103 3187 ἀνήγαγεν
1167 3114 1405 3171 Ἰωάννην
1463 3133 1475 3145 ·
1510 3110 1565 3173 ὃς
1613 3115 1703 3163 καὶ
1760 3109 1848 3160 αὖ·

237 3211 325 3279 τὸς
363 3204 543 3268 δεκτός
575 3214 637 3279 τῇ
672 3205 960 3278 Ἐκκλησία
992 3202 1152 3271 ἐστιν,
1212 3198 1492 3276 ὀρθόδοξος
1549 3203 1635 3254 ὤν.
1691 3197 1848 3252 Ἀλλὰ

236 3302 328 3349 καὶ
357 3297 607 3368 Ἀνθίμου
651 3303 742 3348 τοῦ
798 3294 856 3347 ἐκ
910 3294 1300 3368 Τραπεζοῦντος
1364 3291 1722 3363 μετατεθέντος
1779 3286 1847 3347 εἰς

234 3405 324 3438 τον
363 3394 461 3448 τῆς
501 3380 786 3458 βασιλίδος
839 3384 1014 3455 θρόνον
1070 3384 1214 3454 παρὰ
1273 3387 1365 3432 τοῦ
1419 3377 1700 3452 βασιλέως,
1739 3373 1846 3429 εἶτα

232 3476 629 3549 καθαιρεθέντος
682 3476 813 3549 πρὸς
868 3479 961 3525 τοῦ
1015 3473 1208 3524 πάππα
1261 3469 1564 3541 Ἀγαπητού
1613 3462 1709 3518 διὰ
1785 3469 1843 3518 τό

231 3570 304 3638 μὴ
350 3563 510 3617 θεἏειν
567 3562 723 3616 αὐτόν
775 3559 1081 3634 μεταϐαλεῖν
1146 3564 1238 3617 τὴν
1292 3561 1521 3624 αἰρεσιν,
1580 3561 1760 3615 Μηνᾶς
1817 3556 1843 3607 6

233 3657 371 3716 θεῖος
420 3657 891 3725 κεχειροτόνηταιυ
952 3652 1002 3702 οἱ
1054 3645 1113 3701 δὲ
1141 3647 1264 3723 παρ’
1322 3648 1481 3699 αὐτοῦ
1535 3664 1841 3718 χειροτονη-

233 3746 403 3806 θέντες
430 3739 755 3814 ἰδεχθησαν,
808 3745 902 3798 τὴν
933 3741 1134 3813 αἰρεσιν
1187 3737 1491 3809 ἀποθέμενοι
1526 3755 1537 3767 ·
1569 3737 1636 3786 τὰ
1689 3740 1841 3791 Σευη-

231 3853 329 3907 ρου
355 3836 457 3907 γὰρ
488 3829 549 3891 ἦν
586 3840 779 3906 φρονῶν
820 3832 845 3882 6
876 3828 1144 3901 Ἀνθιμος.
1202 3828 1340 3880 Ἐπεὶ
1394 3822 1453 3877 δὲ
1509 3828 1599 3876 καὶ
1654 3825 1684 3881 ἡ
1739 3831 1839 3874 τῶν

230 3921 602 3980 Μονοθελητῶν
654 3925 880 3977 κακίστη
937 3918 1137 3992 αἵρεσις
1186 3914 1521 3989 ἐπεκράτησε,
1575 3916 1657 3972 τίς
1709 3912 1840 3983 μετὰ

230 4020 403 4065 ταῦτα
473 4021 571 4064 τῶν
629 4009 682 4073 ἐξ
735 4009 902 4061 αὐτῶν
984 4010 1312 4079 χειροτονίαν
1398 4000 1685 4074 δεξαμένων
1746 3999 1839 4052 οὐκ

230 4099 432 4174 ἐδέχθη
494 4099 542 4152 ἓν
595 4107 659 4172 τῇ
728 4100 847 4171 ἕκτη
921 4093 1147 4166 συνόδῳ,
1204 4097 1264 4154 ἧς

228 4193 451 4253 πάππας
538 4189 737 4261 Ῥώμης
768 4233 784 4256 ,
872 4192 1123 4260 Γεώργιος
1231 4179 1836 4245 Κωνσταντινουπόλεως,

227 4285 323 4333 καὶ
401 4280 665 4352 Θεοφάνης
736 4277 1082 4347 Ἀντιοχείας,
1166 4278 1319 4346 μόνον
1377 4271 1420 4324 εἰ
1491 4275 1583 4328 τὴν
1641 4270 1839 4341 αἰρεσιν

231 4370 594 4442 ἀνεθεμάτισε,
677 4372 769 4419 καὶ
840 4374 901 4425 τῆ
960 4360 1224 4437 ὀρθοδόξῳ
1275 4362 1561 4438 προσετέθη
1616 4364 1840 4425 πίστει;

230 4459 395 4512 Ἀλλὰ
425 4463 516 4511 καὶ
566 4457 939 4515 Ἰουστινιανός
970 4456 995 4505 6
1028 4454 1360 4525 Ῥινότμητος
1416 4450 1700 4504 Κάλλιστον
1733 4447 1841 4519 (Η)

1337 4096 1559 4164 ἡγοῦντο
1604 4090 1839 4161 Ἀγάθων

1960 1878 2106 1934 pore
2127 1860 2344 1918 beatus
2363 1861 2553 1917 Sabas
2574 1877 2645 1918 ac
2665 1860 3034 1917 Theodosius
3048 1862 3346 1919 honorem
3370 1880 3621 1922 venera—

1960 1952 2305 2022 tionemque
2333 1950 2694 2022 patriarchae
2736 1950 2955 2006 Joanni
2999 1950 3368 2008 exhibebant
3413 1953 3621 2010 sedem

1957 2040 2301 2112 occupanti,
2332 2040 2477 2111 quia
2499 2039 2630 2109 jam
2678 2038 3051 2095 orthodoxus
3103 2045 3265 2096 erat:
3322 2039 3621 2114 simulque

1958 2129 2129 2186 Heliae.
2142 2128 2247 2202 qui
2268 2135 2441 2185 rectae
2461 2128 2599 2184 ﬁdei
2622 2129 2815 2198 gratia
2828 2144 3066 2184 carcere
3088 2129 3430 2187 tenebatur.
3486 2132 3631 2196 Qua

1953 2222 2017 2297 in
2032 2236 2094 2274 re
2118 2218 2317 2291 ipsum
2342 2234 2589 2290 prorsus
2612 2222 2888 2273 sanctum
2910 2217 3139 2274 Heliam
3172 2218 3577 2278 imitabantur
3600 2237 3616 2276 :

1955 2308 2038 2363 sic
2066 2306 2225 2362 enim
2260 2313 2314 2361 et
2343 2307 2469 2379 ipse
2497 2307 2803 2378 superiore
2828 2311 3097 2379 tempore
3128 2323 3268 2363 cum
3318 2308 3616 2365 Constan-

1954 2396 2360 2469 tinopolitanis
2392 2395 2707 2467 Euthymio
2736 2395 3202 2467 Macedonioque
3220 2413 3287 2452 se
3308 2402 3572 2468 gesserat
3598 2414 3616 2466 ;

1956 2492 2166 2559 postea
2188 2502 2327 2542 vero
2350 2502 2490 2541 cum
2509 2484 3213 2552 Timotheo,scholastico
3244 2485 3389 2545 olim
3420 2486 3617 2543 Antio--

1956 2577 2149 2634 cheno
2180 2582 2238 2633 et
2264 2575 2681 2649 apocrisiario,
2709 2591 2880 2647 aeque
2902 2576 3476 2635 communicaverat.

2028 2849 2078 2901 8.
2101 2841 2470 2899 Justinianus
2495 2857 2740 2915 quoque
2776 2840 3105 2914 imperator
3133 2847 3409 2901 sanctum
3439 2845 3615 2919 Euty:

1956 2935 2158 2990 chium
2207 2932 2347 2989 sede
2399 2932 2698 3002 dejectum
2742 2930 2822 2987 ad
2861 2937 3132 2988 Amaseaa
3177 2934 3615 2990 monasterium

1955 3019 2258 3090 relegavit,
2283 3020 2457 3092 eique
2486 3022 2780 3076 Joannem
2812 3017 3160 3089 subrogavit
3189 3039 3202 3088 ;
3244 3036 3428 3095 quem
3470 3020 3615 3077 item

1958 3109 2239 3180 Ecclesia,
2269 3109 2414 3181 quia
2430 3100 2802 3165 orthodoxus
2831 3113 2976 3175 erat,
3001 3108 3278 3177 admisit;
3301 3115 3611 3182 praeterea-

1955 3215 2073 3273 que
2098 3198 2449 3254 Anthimum
2492 3214 2522 3253 e
2570 3197 2953 3269 Trapezuntis
2996 3197 3260 3254 Ecclesia
3312 3197 3393 3255 ad
3431 3198 3612 3270 regiae

1956 3287 2120 3344 urbis
2141 3287 2360 3347 infulas
2382 3285 2739 3343 translatum
2773 3286 2851 3342 ab
2877 3286 3094 3344 eodem
3125 3287 3511 3365 imperatore.
3548 3291 3615 3346 Et

1954 3393 2312 3451 quanquam
2340 3375 2558 3432 deinde
2587 3374 2906 3432 Anthimus
2937 3375 3015 3432 ab
3035 3381 3304 3449 Agapeto
3330 3376 3614 3451 papade—

1954 3466 2185 3540 positus
2223 3464 2351 3530 fuit,
2400 3469 2720 3537 propterea
2775 3464 2941 3538 quod
2988 3463 3271 3522 haeresim
3315 3465 3613 3529 retineret,

1953 3556 2254 3629 divusque
2286 3557 2527 3611 Mennas
2551 3555 2913 3624 subrogatus
2942 3574 2956 3621 ;
2981 3553 3242 3611 ordinati
3277 3559 3480 3611 tamen
3531 3554 3611 3612 ab

1951 3644 2231 3717 Anthimo
2255 3644 2406 3699 sacri
2422 3643 2550 3708 viri,
2586 3643 2665 3698 ad
2685 3642 3181 3699 'communionem
3201 3643 3451 3700 admissi
3469 3650 3611 3700 sunt

1950 3740 2138 3806 quotq
2148 3733 2539 3789 uothaeretico
2562 3732 2746 3787 errori
2761 3730 3203 3788 valedixerunt:
3232 3733 3431 3789 Severi
3448 3731 3610 3789 enim

1950 3823 2225 3879 haeresim
2253 3821 2499 3877 fovebat
2516 3821 2854 3878 Anthimus.
2882 3822 3209 3893 Postquam
3239 3836 3378 3877 vero
3404 3824 3611 3878 Mono-

1948 3912 2288 3967 thelitarum
2322 3909 2589 3982 pessima
2617 3909 2856 3965 haeresis
2887 3914 3094 3966 exorta
3123 3914 3230 3975 est,
3277 3925 3609 3983 quemnam

1948 4001 2028 4076 ab
2053 4001 2144 4056 his
2170 4000 2515 4056 ordinatum
2547 4006 2708 4054 sexta
2740 3997 3013 4071 synodus
3043 4014 3169 4055 non
3194 3998 3440 4055 admisit
3489 3998 3611 4071 (cui

1948 4089 2268 4160 casteroqui
2300 4092 2598 4160 praeerant
2617 4087 2850 4157 Agatho
2881 4089 3185 4143 Romanus
3213 4103 3395 4160 papa,
3439 4089 3612 4145 Geor-

1950 4179 2084 4249 gius
2108 4175 2826 4249 Constantinopolitanus,
2858 4191 2928 4231 ac
2969 4176 3364 4250 Theophanes
3411 4175 3611 4233 Antio-

1950 4269 2176 4327 chenus
2182 4279 2197 4339 )
2212 4268 2258 4322 si
2271 4266 2455 4324 modo
2490 4267 2768 4323 haeresim
2784 4266 3058 4337 ejuravit,
3086 4266 3610 4340 orthodoxamque

1950 4356 2133 4411 ﬁdem
2166 4355 2475 4428 professus
2507 4359 2595 4410 est
2626 4355 2655 4410 ἲ)
2680 4360 2824 4412 Item
2872 4354 3285 4412 Rhinotmetus
3332 4354 3612 4427 Justinia-~

1952 4462 2066 4501 nus
2082 4444 2391 4501 Callistum
2405 4443 2850 4500 sanctissimum
2864 4444 3466 4518 Constantinopoleos
3486 4445 3611 4518 epi-

227 4553 325 4623 μεν
382 4552 468 4601 τόν
524 4547 812 4619 ἁγιώτατον
896 4541 1483 4602 Κωνσταντινουπολεως
1562 4538 1843 4591 ἐπίσκοπον

1959 4551 2207 4607 scopum
2229 4534 2445 4604 injuste
2470 4532 2700 4606 depulit
2721 4533 2883 4605 sede,
2928 4535 3214 4608 regiaque
3256 4533 3406 4591 urbe
3444 4533 3614 4604 fuga-

229 4634 435 4699 ἀδίκως
461 4635 663 4689 καθεῖλε
690 4642 781 4686 του
818 4636 1022 4707 θρόνου.
1058 4636 1147 4683 καὶ
1177 4640 1268 4691 τῆς
1323 4629 1516 4691 πόλεως
1579 4628 1844 4701 ἐξόριστον

229 4728 308 4789 εὶς
358 4731 454 4783 τὴν
543 4722 899 4797 πρεσϐυτέραν
976 4720 1177 4793 Ῥώμην
1238 4724 1484 4794 πρότερον
1542 4715 1844 4788 ἀποτυφλώ-

232 4836 336 4878 σας
373 4816 567 4867 τέθεικε
598 4834 611 4846 ·
640 4817 728 4865 τὸν
760 4809 819 4864 δὲ
848 4810 1141 4882 ἔγκλειστον
1197 4815 1363 4882 Κῦρον
1419 4805 1473 4857 ὲκ
1524 4814 1619 4867 τῆς
1654 4803 1845 4865 πόλεως

229 4897 600 4976 Ἀμάστριδος
630 4900 862 4972 ἐνεγκὼν,
916 4898 983 4959 εἰς
1034 4901 1120 4949 τόν
1174 4896 1364 4948 ἐκείνου
1420 4897 1595 4970 θρόνον
1642 4884 1844 4957 ἆνῆξεν,

228 4989 415 5050 ἐπειδὴ
500 4997 738 5065 προεῖπεν
822 4989 963 5057 αὐτῷ
1044 4991 1133 5045 τὴν
1186 4985 1254 5047 εἰς
1314 4990 1407 5042 τὴν
1465 4982 1612 5035 πόλιν
1690 4981 1844 5032 πάλιν

228 5078 506 5146 ἐπάνοδον,
564 5084 654 5132 καὶ
729 5084 822 5137 τήν
876 5085 966 5137 τῆς
1026 5074 1296 5150 βασιλείας
1361 5069 1512 5134 αὖθις
1561 5070 1840 5141 ἀνάληψιν.

228 5170 547 5231 Φιλιππικὸς
574 5164 632 5220 δε
680 5169 710 5225 ἡ
745 5172 835 5218 καὶ
890 5162 1165 5239 Βαρδάνης
1220 5171 1313 5225 τῆς
1366 5160 1639 5236 βασιλείας
1691 5179 1842 5212 τετυ-

227 5265 439 5333 χηκὼς,
472 5264 562 5310 καὶ
601 5262 693 5315 την
742 5257 893 5313 ἕκτην
944 5254 1305 5326 οἰκουμενικὴν
1363 5248 1583 5304 σύνοδον
1642 5248 1843 5322 ἀκυρώ-

231 5369 353 5416 σας,
382 5351 451 5408 ὡς
481 5343 646 5413 ἔδοξε,
686 5340 905 5397 σύνοδον
938 5340 1190 5416 ἀθροίσας
1238 5342 1263 5393 6
1314 5344 1535 5413 μάταιος
1585 5338 1699 5389 κατ’
1755 5337 1843 5389 αὐ-

306 5493 382 5562 (9)
415 5494 639 5561 Nempe
668 5487 1089 5562 Euplzemium,
1122 5491 1184 5541 ut
1217 5485 1347 5562 jam
1408 5483 1551 5562 dl_xi_.

306 5553 419 5634 (10)
449 5562 550 5618 Hic
568 5553 783 5618 tamen
803 5557 1146 5614 Timotheus
1167 5553 1427 5615 creditur
1453 5554 1635 5611 fuisse
1654 5553 1843 5610 haere-

234 5635 405 5691 ticus.

1957 4633 2081 4682 tum
2113 4632 2167 4681 et
2197 4630 2565 4680 excaecatum
2588 4625 2667 4680 ad
2692 4630 2954 4681 veterem
2985 4627 3241 4682 Romam
3266 4624 3566 4695 ablegavit
3591 4642 3607 4685 :

1956 4716 2175 4787 Cyrum
2206 4721 2407 4771 autem
2423 4713 2792 4771 monachum
2812 4714 3136 4783 inclusum,
3164 4731 3239 4772 ex
3274 4715 3611 4773 Amastride

1956 4803 2101 4859 urbe
2132 4805 2411 4871 accitum,
2440 4805 2501 4859 in
2530 4804 2791 4876 praedicti
2823 4805 3077 4861 statione
3105 4804 3437 4874 collocavit,
3463 4806 3611 4879 quia

1954 4893 2310 4967 praedixerat
2334 4893 2450 4965 ipsi
2468 4892 2727 4949 reditum
2765 4894 2828 4950 in
2868 4894 3098 4965 regiam
3144 4895 3378 4961 urbem,
3428 4901 3611 4969 atque

1953 4983 2186 5054 imperii
2200 4982 2736 5055 recuperationem.
2751 4982 3114 5054 Philippicus
3133 4999 3275 5038 vero
3306 4983 3611 5041 Bardanes

1953 5071 2275 5144 imperium
2301 5072 2575 5143 adeptus,
2604 5077 2661 5127 et
2681 5077 2911 5128 sextam
2933 5070 3233 5143 synodum
3253 5071 3611 5144 antiquavit,

1953 5166 2018 5217 ut
2038 5162 2165 5233 ipse
2186 5160 2459 5233 putabat,
2489 5159 2787 5216 celebrato
2809 5160 2985 5216 stulte
3001 5158 3291 5216 adversus
3313 5176 3446 5217 eam
3466 5177 3609 5217 con-

1952 5249 2088 5306 cilio
2116 5250 2199 5320 (id
2221 5249 2381 5306 enim
2415 5267 2479 5305 se
2499 5249 2797 5305 facturum
2834 5249 3195 5322 promiserat
3240 5250 3609 5308 Callistratici

1953 5339 2209 5396 coenobii
2235 5340 2539 5395 monacho
2567 5339 2673 5411 qui
2702 5338 2755 5393 ei
2780 5338 3101 5412 imperium
3140 5339 3448 5397 eminutus
3486 5339 3610 5397 fue—

2021 5482 2136 5555 (tt)
2168 5485 2294 5539 Imo
2322 5482 2420 5538 hic
2473 5481 2688 5557 dicitur
2727 5482 3067 5557 ζῆᾳιιίηίσυε
3109 5482 3189 5541 ab
3245 5483 3606 5557 Ephraamio,

1949 5552 2260 5631 anonymo
2291 5552 2676 5623 Barocciano,
2707 5552 2981 5632 aliisque.
