4090 6376
460 323 559 379 ’791

1783 311 2120 374 ΠΕΤΗΟΒῙΙ
2155 311 2487 372 ΙΟΝΑΟΗΙ.

3723 315 3825 368 792

461 446 611 520 rat);
639 448 698 504 et
711 444 1054 520 patriarcha
1071 447 1484 504 exauctorato.
1502 446 1798 502 Joannem
1825 442 2130 499 consecta-

2247 445 2326 500 τῆς
2353 439 2537 511 (τοῦτο
2563 439 2664 513 γὰρ
2697 435 2760 498 ἧν
2788 438 3106 511 ύποσχεθεὶς
3163 441 3235 508 τῷ
3266 434 3314 490 έν
3376 443 3439 510 τῇ
3505 441 3600 490 τοῦ
3651 435 3836 491 Καλλι-

460 551 647 594 neum
669 551 849 593 suum
878 534 1074 606 elegit,
1096 535 1202 609 qui
1227 533 1491 591 fervidus
1535 531 1780 590 nefarius
1823 528 2127 588 Monothe-

457 626 702 683 litarum
731 625 1027 682 haereseos
1073 627 1311 681 amator
1351 627 1499 680 erat.
1553 622 1850 680 Artemius
1901 623 2126 689 autem,

462 715 562 788 qui
577 717 635 771 et
651 713 1000 772 Anastasius
1024 712 1363 778 dicebatur,
1385 727 1525 768 cum
1547 711 1782 781 regium
1821 713 2124 782 sceptrum

461 803 879 870 aﬂ‘ectavisset,
913 803 1123 875 Cyzico
1152 801 1452 859 transtulit
1471 801 1549 859 ad
1593 800 1771 871 regite
1819 797 1988 855 urbis
2038 811 2126 852 se-

461 894 603 951 dem
631 898 910 950 sanctum
941 895 1329 960 Germanum,
1359 893 1589 949 Joanne
1620 892 1831 962 ejecto,
1869 887 1974 963 qui
2011 887 2125 944 ad-

461 1000 676 1042 versus
717 998 952 1040 sacram
1012 987 1243 1040 sextam
1299 981 1626 1056 synodum,
1671 985 1737 1038 ut
1777 979 1920 1048 dixi,
1961 978 2123 1036 fure-

459 1073 589 1131 bat.

462 1164 610 1236 ἅγιον
650 1165 918 1239 Γερμαμόν
955 1165 1224 1237 μετέθηκε,
1265 1164 1614 1224 κατασπάσας
1657 1165 1744 1215 τὸν
1801 1161 2065 1228 Ἰωάννην,
2122 1157 2208 1208 τὸν

461 1257 522 1312 τη
532 1272 720 1309 σαντα.

535 1347 593 1398 9.
627 1345 709 1398 Ex
734 1357 856 1414 quo
874 1345 1076 1399 autem
1108 1341 1347 1398 arcanis
1378 1343 1476 1398 Dei
1502 1339 1746 1413 judiciis
1803 1341 1918 1396 Leo
1967 1337 2124 1395 lsan-

461 1431 621 1490 ricus
649 1431 1174 1504 imperiihabenas
1221 1431 1526 1505 corripuit,
1581 1434 1844 1504 postque
1892 1443 2124 1486 nonum

461 1521 628 1591 regni
659 1522 752 1576 sui
783 1536 1012 1577 annum
1032 1521 1515 1578 iconomachiam
1548 1520 1894 1585 commovit,
1919 1519 1968 1576 is
1990 1533 2126 1575 san-

461 1615 626 1667 ctum
647 1609 891 1682 quidem
913 1613 1299 1682 Germanum,
1324 1610 1819 1682 objurgationum
1841 1609 1972 1680 ejus
2020 1608 2127 1663 im-

461 1700 718 1773 patiens,
771 1703 1064 1757 extorrem
1121 1700 1279 1764 fecit,
1338 1699 1666 1773 sedemque
1723 1696 2124 1771 metropoleos

461 1789 780 1846 Anastasio
799 1789 1112 1846 concessit.
1143 1792 1273 1846 iam
1297 1789 1742 1863 quinquaginta
1788 1793 1844 1846 et
1896 1791 2125 1862 septem

464 1893 766 1935 annorum
794 1877 1129 1946 intervallo,
1163 1894 1286 1951 quo
1308 1878 1727 1936 iconomachia
1755 1877 2128 1934 debacchata

465 1965 1075 2039 est,complurium,ut
1095 1982 1342 2024 necesse
1360 1973 1506 2036 erat,
1526 1967 1706 2038 hujus
1720 1965 2126 2039 metropoleos

465 2055 946 2129 patriarcharum
969 2057 1270 2113 successio
1299 2057 1438 2113 fuit:
1465 2057 1658 2112 donec
1679 2061 1850 2113 aetate
1878 2055 2128 2128 patriar-

463 2145 593 2201 chas
623 2144 870 2214 Tarasii,
906 2144 1302 2216 regnantibus
1335 2148 1499 2202 irene
1541 2161 1769 2215 magna
1817 2161 1957 2202 cum
2003 2143 2126 2201 filio

462 2233 874 2301 Constantino,
889 2234 1146 2306 septima
1158 2235 1432 2307 synodus
1456 2234 1678 2292 coaluit
1701 2235 1904 2306 ;cujus
1924 2239 2125 2290 tamen

455 2323 630 2393 jussu
653 2337 832 2379 nemo
855 2322 1165 2396 depositus
1196 2327 1301 2390 est,
1335 2325 1440 2396 qui
1461 2325 1540 2381 ab
1580 2323 1998 2381 lconomachis
2035 2338 2126 2379 or-

460 2410 832 2468 dinationem
859 2413 1212 2486 accepisset,
1239 2413 1289 2469 si
1319 2413 1504 2470 modo
1559 2418 1785 2470 sectam
1825 2413 2080 2486 ejuravit
2108 2429 2123 2479 ;

464 2501 733 2573 exceptis
753 2501 1050 2558 haereseos
1065 2502 1409 2559 auctoribus
1427 2508 1482 2560 et
1499 2504 1929 2574 antesignanis,
1948 2502 2042 2559 vel
2075 2501 2126 2558 si

465 2590 602 2663 quis
623 2589 700 2646 ad
721 2589 903 2647 ﬁnem
935 2607 1127 2664 usque
1157 2592 1550 2665 pertinaciam
1571 2592 1952 2650 retinuit.Sed
1964 2607 2123 2666 ecce,

461 2681 603 2751 post
629 2677 1150 2748 religiosissimum
1201 2680 1627 2754 Curopalatam
1676 2681 2123 2754 imperatorem,

471 2769 584 2824 Leo
607 2769 924 2824 Armenius
937 2775 1230 2843 occupata
1243 2771 1580 2844 tyrannide.
1595 2771 1974 2845 consopitam
2005 2771 2126 2828 ico-

461 2858 850 2914 nomachiam
900 2859 1227 2931 suscitavit,
1279 2865 1678 2935 sanctumque
1725 2861 2126 2934 Nicephorum

465 2951 669 3020 erepto
700 2947 857 3020 pedo
889 2948 949 3005 in
980 2949 1262 3006 exsilium
1298 2951 1548 3025 pepulit.
1609 2951 1785 3008 Leoni
1843 2950 2130 3008 successit

467 3035 712 3094 Michael
748 3037 986 3103 Balbus,
1008 3038 1148 3095 huic
1171 3039 1328 3096 ﬁlius
1347 3041 1737 3113 Theophilus.
1765 3041 2000 3096 Cunctis
2021 3056 2127 3097 au-

475 3130 594 3182 tem
627 3142 734 3182 sex
761 3132 816 3183 et
840 3127 1041 3197 viginti
1102 3129 1301 3198 annis,
1359 3129 1582 3202 quibus
1629 3130 1692 3185 hi
1741 3129 2001 3186 hmretici
2043 3135 2132 3202 ty-

467 3214 785 3270 rannidem
809 3221 1222 3288 exercuerunt,
1244 3233 1424 3274 nemo
1444 3217 1562 3274 fere
1575 3217 1946 3274 orthodoxus
1959 3218 2135 3274 exsti-

469 3301 540 3359 tit
558 3302 918 3376 patriarcha.
953 3307 1373 3362 Verumtamen
1394 3311 1532 3380 post
1559 3307 1866 3380 Theophili
1899 3307 2132 3365 obitum

475 3393 1020 3462 magna'l‘heodora
1032 3395 1441 3466 patriarcham
1458 3395 1593 3452 fecit
1608 3395 1969 3452 Methodium
1994 3412 2134 3453 san-

473 3481 841 3551 ctissimum;
873 3484 978 3556 qui
999 3484 1268 3558 quidem,
1305 3485 1698 3557 suffragatore
1718 3487 1870 3543 inter
1889 3489 2139 3543 caeteros

473 3570 825 3644 consiliique
847 3577 1090 3629 auctore
1108 3589 1334 3645 magno
1357 3575 1614 3632 ascetico
1628 3575 1960 3642 Joannicio,
1997 3576 2139 3633 utin

473 3660 656 3731 hujus
697 3661 822 3717 Vita
854 3663 1048 3734 legere
1079 3669 1186 3735 est,
1237 3670 1485 3722 cunctos
1533 3665 1612 3722 ab
1662 3665 1877 3724 hmresi
1927 3666 2138 3741 resipi-

446 3756 708 3824 ,scentes
737 3750 797 3806 iu
820 3754 1315 3812 communionem
1338 3755 1580 3829 recepit.

557 4023 642 4076 10.
674 4022 841 4076 Nunc
871 4020 1144 4077 animum
1176 4021 1413 4078 attende
1442 4023 1520 4079 ad
1552 4038 1624 4080 ea
1673 4039 1918 4097 quoque
1967 4039 2142 4082 scan-

478 4107 620 4164 dala
644 4123 780 4180 qum
809 4109 1081 4164 Ecclesiae
1113 4115 1358 4182 propter
1388 4110 1911 4184 improbissimum
1933 4118 2145 4169 contu-

481 4211 838 4269 macemque
859 4198 1210 4270 Josephum,
1234 4199 1423 4271 ipsius
1445 4200 1716 4256 Ecclesim
1735 4218 2142 4269 mconomum,

481 4285 847 4352 acciderunt,
903 4287 1129 4342 'l‘arasii
1189 4292 1246 4343 et
1294 4289 1612 4361 Nicephori
1665 4291 2148 4362 patriarcharum

2239 531 2466 603 στράτου
2509 537 2636 603 μονῇ
2693 531 2801 582 ὄντι
2853 526 3151 601 έγκλείστῳ,
3199 527 3282 580 ὅτε
3335 525 3492 598 αὐτῷ
3533 530 3622 586 την
3667 526 3836 601 βασι-

2234 617 2374 672 λείαν
2407 614 2852 694 ἔχρησμοδότησε
2879 621 2920 691 ),
2956 637 3043 671 τον
3066 620 3156 691 μὶν
3186 618 3526 693 πατριάρχην
3556 616 3832 686 igneum,

2235 707 2474 766 Ἰωάννην
2534 705 2594 762 δι
2651 705 2904 782 ὁμόδοξον
2996 707 3138 778 αύτῷ
3189 705 3522 782 προεϐάλετο,
3575 703 3835 780 διάπυρον

2233 799 2356 850 ὄντα
2383 803 2478 858 τῆς
2505 804 2604 850 τῶν
2657 795 3022 854 Μονοθελητῶν
3059 791 3237 858 δεινῆς
3300 796 3542 868 αἱρέσεως
3588 793 3830 868 έραστὴν.

2234 885 2500 961 Ἀρτέμιος
2570 881 2630 939 δι
2715 886 2741 939 ό
2799 889 2888 938 καὶ
2967 885 3316 948 ’Λναστάσεος
3385 884 3676 958 λεγόμενος,
3738 893 3838 939 τῶν

2235 980 2508 1049 σκήπτρων
2565 983 2658 1036 τῆς
2749 973 3022 1048 βασιλείας
3100 971 3324 1048 έραστής
3381 978 3665 1046 γενόμενος,
3736 973 3841 1029 ἀπὸ

2234 1064 2466 1126 Κυζίκου
2540 1067 2668 1138 πρὸς
2733 1067 2820 1116 τὸν
2877 1071 2972 1126 τῆς
3029 1061 3414 1136 βασιλευούσης
3495 1065 3672 1140 θρόνον
3753 1068 3843 1116 τὸν

2256 1157 2392 1206 κατὰ
2455 1160 2551 1216 τῆς
2610 1156 2750 1227 ἱερᾶς
2813 1154 2965 1214 ἕκτης
3024 1149 3273 1222 συνόδου,
3326 1156 3398 1216 ὡς
3454 1156 3679 1230 εἴρηται,
3748 1153 3845 1207 λυτ-

2308 1333 2374 1388 θ’.
2409 1337 2533 1386 Επεὶ
2563 1329 2623 1386 δε
2647 1337 2900 1407 κρίμασιν
2929 1333 3006 1395 οἷς
3045 1329 3158 1386 οἰδε
3195 1334 3348 1402 Θεὸς,
3401 1337 3544 1387 Λέων
3573 1352 3601 1387 ο
3655 1332 3849 1387 Ἰσαυ-

2233 1441 2319 1494 ρος
2343 1431 2432 1484 τῆς
2477 1419 2752 1495 βασιλείας
2807 1425 3095 1494 ἓγκατέστη
3127 1426 3327 1496 κύριος,
3378 1427 3468 1476 καὶ
3521 1425 3650 1496 μετὰ
3705 1428 3848 1498 χρό-

2233 1530 2316 1564 νον
2343 1513 2544 1564 ἔννατον
2574 1519 2636 1570 τῆ
2650 1533 2671 1574 ς
2710 1510 2989 1584 βασιλείας
3043 1517 3138 1570 τήν
3203 1512 3573 1584 εἰκονομαχίαν
3613 1511 3845 1584 ἐκίνησε,

2235 1604 2323 1654 τόν
2383 1604 2474 1674 μεν
2526 1600 2672 1673 ἅγιον
2740 1605 2998 1676 Γερμανόν
3076 1600 3339 1676 ἐξόριστον
3406 1601 3714 1668 ἐποιήσατο,
3767 1609 3844 1678 μὴ

2237 1694 2398 1764 φέρων
2428 1693 2550 1750 τούς
2580 1690 2705 1764 παρ’
2734 1690 2895 1744 αὐτοῦ
2925 1689 3196 1762 ὶλέγχους,
3260 1692 3590 1764 Ἀναστασίῳ
3628 1689 3691 1748 δε
3755 1699 3848 1748 τόν

2236 1787 2328 1840 τῆς
2357 1778 2550 1841 πόλεως
2590 1777 2876 1854 ἐνεχείρισε
2906 1781 3085 1854 θρόνον
3118 1801 3131 1815 ·
3180 1785 3270 1834 καὶ
3325 1789 3416 1842 τῆς
3468 1782 3850 1856 εἰκονομαχὶας

2237 1871 2432 1930 ταύτης
2480 1873 2799 1926 πεντήκοντα
2845 1873 2935 1922 καὶ
2989 1869 3118 1922 ἑπτὰ
3162 1866 3845 1942 διαμεινάσης·ένιαυτοὺς,

2235 1957 2466 2026 πλείους,
2493 1961 2562 2020 ὡς
2598 1957 2750 2029 εἰκός,
2793 1959 2928 2010 κατὰ
2983 1955 3255 2031 διαδοχὴν
3303 1959 3530 2031 ἐγίνοντο
3588 1965 3851 2037 πατριάρ-

2237 2067 2339 2121 χαι
2367 2057 2464 2107 τῆς
2492 2046 2686 2109 πόλεως
2724 2066 2919 2109 ταύτης
2953 2065 2965 2078 ·
3000 2049 3214 2124 ὕστερον
3265 2045 3326 2104 δε
3371 2047 3455 2103 ἐπὶ
3501 2052 3707 2126 ἡμερῶν
3755 2057 3850 2126 μὲν

2237 2142 2504 2212 Ταρασίου
2542 2138 2903 2211 πατριάρχου,
2939 2135 3199 2210 βασιλέων
3231 2133 3292 2192 δε
3344 2139 3566 2214 Εἰρήνης
3607 2149 3706 2203 τῆς
3758 2161 3851 2214 με-

2235 2227 2400 2299 γάλης
2429 2231 2519 2279 καὶ
2547 2232 2938 2279 Κωνσταντίνου
2975 2234 3067 2280 τοῦ
3109 2230 3307 2291 ταύτης
3363 2230 3500 2296 υἱοῦ,
3557 2233 3586 2289 η
3645 2227 3845 2305 ἑϐδόμη

2241 2317 2598 2389 συνεκροτήθη
2633 2312 2857 2378 σύνοδος
2895 2333 2909 2347 ’
2956 2321 3046 2369 καὶ
3077 2313 3249 2380 οὐδεὶς
3300 2315 3595 2382 ἀπόϐλητος
3641 2325 3846 2392 γέγονεν

2236 2408 2306 2468 ὡς
2347 2407 2492 2480 παρὰ
2519 2412 2622 2457 τῶν
2679 2405 3052 2478 Εἰκονομάχων
3104 2411 3200 2464 την
3245 2413 3576 2480 χειροτονίαν
3625 2406 3847 2483 δεξάμε-

2234 2513 2339 2564 νος,
2399 2499 2552 2568 μόνον
2607 2494 2650 2548 εἰ
2700 2498 2794 2554 τὴν
2846 2496 3048 2571 αἰρεσιν
3118 2497 3315 2554 ταύτην
3355 2495 3680 2552 ἁπεϐάλετο’
3709 2499 3846 2559 πλὴν

2233 2591 2333 2637 τῶν
2372 2588 2697 2658 πρωταιτίων
2742 2589 2833 2637 καὶ
2881 2582 3137 2659 ἁρχηγῶν
3191 2594 3288 2647 τῆς
3333 2588 3598 2660 αἱρέσεως,
3657 2592 3746 2640 καὶ
3803 2589 3851 2641 εἶ

2234 2679 2311 2734 τίς
2378 2693 2480 2726 που
2555 2669 2804 2746 διέμεινεν
2871 2673 2941 2737 εἰς
3016 2673 3158 2736 τέλος
3227 2671 3510 2736 ἀνένδοτος.
3552 2675 3715 2728 Πάλιν
3785 2675 3850 2732 δ⁸ε

2235 2765 2452 2837 ὕστερον
2481 2765 2613 2836 μετὰ
2662 2767 2750 2816 τόν
2806 2763 3213 2840 Κουροπαλάτην
3264 2763 3626 2819 εὐσεϐέστατον
3679 2764 3845 2838 βασι-

2235 2853 2325 2908 λέα
2385 2858 2527 2910 Λέων
2586 2874 2612 2906 ο
2671 2853 2958 2928 Ἀρμένιος,
3027 2858 3121 2913 τήν
3202 2853 3478 2928 βασιλείαν
3531 2864 3851 2929 τυραννικῶς

2241 2939 2538 3017 δεξάμενος,
2569 2946 2664 3001 τὴν
2694 2943 3066 3016 εἰκονομαχίαν
3122 2945 3415 2997 παυθεῖσαν
3466 2941 3573 3003 ἤδη
3639 2942 3854 3018 ἀνήγει-

2241 3052 2296 3107 ρε
2327 3037 2455 3085 ’καὶ
2499 3035 2587 3084 τὸν
2643 3032 2792 3104 ἅγιον
2850 3037 3149 3107 Νικηφόρον
3223 3040 3317 3086 τοῦ
3375 3035 3559 3106 θρόνου
3614 3054 3854 3107 καταγα-

2241 3128 2365 3195 γὼν,
2415 3121 2650 3197 ἐξώρισε.
2683 3129 2874 3175 Τοῦτον
2932 3119 3202 3186 διεδέξατο
3249 3123 3474 3196 Μιχαὴλ
3518 3144 3544 3178 ο
3596 3125 3852 3199 Τραυλὸς,

2241 3217 2332 3264 καὶ
2361 3231 2387 3264 ο
2417 3214 2604 3264 τούτου
2647 3214 2757 3272 υἱός
2813 3211 3081 3284 Θεόφιλος.
3116 3212 3196 3266 Ἐν
3251 3211 3386 3274 ὅλοις
3441 3210 3501 3267 δε
3546 3217 3714 3267 εἴκοσι
3764 3219 3853 3267 καὶ

2244 3301 2506 3367 ἐξέτισεν,
2541 3302 2618 3363 οἱς
2656 3303 2704 3352 οἰ
2749 3301 2990 3374 ῥηθέντες
3036 3297 3143 3360 ἤδη
3190 3304 3443 3378 αἱρετικοὶ
3499 3309 3855 3378 τυραννήσανο

2245 3411 2322 3452 τες
2367 3389 2768 3464 ἁναγράφονται,
2827 3387 3001 3453 οὐδεὶς
3059 3387 3258 3464 σχεδόν
3313 3389 3690 3465 διαμεμένηκεν
3754 3392 3855 3469 ἀρ·-

2245 3483 2456 3554 χιερεύς
2506 3477 2806 3554 ὀρθόδοξος.
2868 3481 3012 3533 Μετὰ
3063 3477 3122 3534 δὲ
3178 3483 3265 3533 τόν
3322 3483 3538 3534 θάνατον
3598 3482 3853 3556 Θεοφίλου

2245 3575 2334 3622 τὸν
2381 3570 2668 3641 ἁγιώτατον
2712 3565 2970 3624 Μεθόδιον
3013 3573 3353 3646 πατριάρχην
3383 3573 3413 3630 ἠ
3456 3571 3656 3645 μεγάλη
3718 3581 3855 3627 Θεο-

2249 3655 2398 3732 δώρα
2421 3657 2846 3717 ἀποκατέστησεν
2875 3659 2990 3730 (12)
3021 3675 3032 3688 ·
3068 3659 3122 3720 ὃς
3151 3661 3347 3721 πάντας
3399 3657 3613 3724 ἐδέξατο
3675 3681 3857 3715 συναι-

2247 3752 2383 3802 νέσει
2429 3753 2519 3801 καὶ
2578 3746 2854 3821 συμϐουλῇ
2910 3767 3000 3801 και
3051 3756 3142 3802 τοῦ
3197 3751 3424 3822 μεγάλου
3487 3748 3535 3802 έν
3591 3751 3858 3813 ἀσκηταῐς

2251 3837 2590 3906 Ἰωαννικίου,
2621 3841 2692 3900 ὡς
2720 3839 2870 3891 ἴσμεν
2923 3839 2979 3889 ἑκ
3030 3846 3130 3890 τῶν
3158 3835 3206 3889 ἒν
3255 3847 3326 3909 τῷ
3377 3837 3480 3911 βίῳ
3537 3839 3700 3892 αὐτοῦ
3739 3846 3862 3916 περὶ

2249 3930 2445 3980 τούτων
2477 3932 2782 4002 φερομένων,
2811 3929 2928 3980 ὁσοι
2982 3923 3192 3986 δηλαδὴ
3249 3929 3448 4000 αἰρεσιν
3506 3927 3862 4002 ἐξωμόσαντο.

2327 4018 2384 4070 ι’.
2441 4022 2680 4076 Ζήτησον
2710 4022 2799 4070 καὶ
2845 4019 2911 4069 τὰ
2977 4021 3096 4090 περὶ
3146 4020 3234 4069 τὸν
3291 4024 3733 4092 παρανομώτατον
3776 4025 3871 4072 καὶ

2254 4105 2580 4178 ἀφηνιαστην
2642 4107 2856 4178 Ἰωσὴφ,
2897 4110 2982 4159 τὸν
3039 4114 3134 4168 τῆς
3191 4105 3506 4169 Ἐκκλησίας
3562 4111 3678 4161 τότε
3731 4111 3871 4162 οἰκο-

2256 4201 2430 4270 νόμον,
2493 4200 2807 4268 γεγενημένα
2879 4191 3153 4249 σκάνδαλα
3226 4195 3276 4248 ἑν
3332 4204 3394 4269 τῇ
3461 4196 3718 4272 ἐφημερίσι
3769 4199 3876 4253 Τα-

2259 4289 2447 4359 ρασίου
2487 4288 2577 4337 καὶ
2628 4288 2930 4358 Νικηφόρον
2993 4293 3091 4336 τῶν
3149 4283 3452 4356 ἁγιωτάτων
3497 4295 3872 4361 πατριαρχῶν,

482 4374 1020 4441 sanctissimorum,
1051 4391 1163 4432 nec
1195 4391 1318 4433 non
1357 4378 1656 4435 Theodori
1691 4381 1956 4447 Studitte,
2001 4385 2134 4437 tem‘

2259 4380 2350 4428 xui.
2376 4371 2653 4449 Θεοδώρου
2684 4382 2775 4427 τοῦ
2807 4371 3090 4426 Στουδίτου
3133 4380 3224 4427 καὶ
3277 4374 3598 4447 ὁμολογητου
3635 4397 3648 4410 ο
3683 4374 3869 4437 ἐπειδὴ

483 4463 752 4536 poribus.
773 4464 875 4518 Hic
897 4464 1385 4538 enimlosephus,
1411 4482 1550 4523 cum
1575 4468 1998 4525 Constantinus
2020 4485 2147 4524 ma-

486 4567 620 4624 gnae
670 4555 864 4607 lrcnes
914 4552 1072 4608 filius
1114 4555 1428 4627 repudiata
1497 4573 1680 4613 uxore
1752 4557 2151 4614 adulterinam

485 4641 668 4698 aliam
686 4657 792 4713 per
821 4641 992 4698 nefas
1021 4647 1149 4700 toro
1179 4645 1486 4718 reciperet,
1519 4647 1847 4718 Josephus,
1872 4646 2148 4720 inquam,

484 4731 710 4804 nuptiis
751 4730 1054 4788 benedixit
1093 4739 1300 4791 contra
1347 4737 1538 4791 sancti
1581 4736 1805 4792 Tarasii
1843 4736 2101 4792 vetitum
2134 4754 2149 4792 :

488 4837 655 4894 aquo
672 4821 1295 4896 Josephusimprobus
1315 4826 1872 4882 excommunicatus
1900 4831 2009 4893 est,
2029 4841 2154 4882 non

489 4916 688 4968 tamen
719 4913 777 4967 in
810 4919 1202 4984 perpetuum:
1241 4915 1458 4971 etenim
1497 4916 1720 4971 invitus
1750 4916 1886 4972 licet
1934 4915 2150 4988 plane-

485 5016 604 5072 que
631 5001 841 5057 nolens
869 5003 1143 5058 'l‘arasius
1169 5009 1414 5060 coactus
1476 5010 1563 5060 est
1618 5003 1786 5060 illum
1832 5020 2040 5060 rursus
2093 5005 2153 5060 in

490 5092 984 5147 communionem
1015 5091 1276 5164 recipere
1295 5108 1328 5149 a
1350 5093 1738 5149 Constantino
1760 5094 2149 5166 imperatore;

489 5179 593 5250 qui
623 5179 872 5251 impiam
903 5179 1384 5237 iconomachiam
1427 5180 1672 5237 feliciter
1715 5197 2147 5254 compressam,

491 5269 918 5323 suscitaturum
940 5284 1004 5322 se
1035 5268 1279 5326 sceleste
1313 5270 1676 5338 minabatur,
1707 5271 1822 5326 nisi
1849 5270 1952 5343 qui
1999 5270 2152 5328 bene

492 5355 723 5411 dixerat
760 5356 984 5428 nuptiis
1013 5358 1136 5414 suis
1165 5359 1501 5432 Josephum
1540 5359 1884 5433 patriarcha
1931 5359 2152 5434 recipe-

2261 4463 2448 4526 ἐκεῖνος
2495 4468 2582 4516 τὸν
2646 4472 2742 4526 τῆς
2805 4464 3035 4536 μεγάλης
3090 4464 3315 4538 Εἰρήνης
3368 4467 3480 4517 υἱόν
3536 4472 3874 4520 Κωνσταντί-

2260 4571 2343 4607 νον
2383 4552 2659 4606 ἕκϐαλόντα
2708 4557 2802 4612 τὴν
2841 4553 3033 4606 οἰκείαν
3088 4559 3339 4626 γαμετὴν,
3394 4559 3481 4606 καὶ
3527 4554 3686 4614 ἄλλην
3757 4577 3874 4629 μοι-

2261 4652 2432 4717 χικῶς
2471 4641 2887 4716 έπεισαγαγόντα
2932 4650 2993 4715 τῇ
3077 4647 3298 4718 σφετέρᾳ
3354 4648 3502 4717 κοίτη
3557 4652 3875 4719 παρανόμως

2263 4733 2561 4806 εὐλόγησεν,
2605 4730 2955 4805 ἀπειπαμένου
3014 4735 3200 4784 τούτου
3238 4737 3505 4808 Ταρασίου
3558 4741 3648 4786 τοῦ
3710 4737 3871 4806 ἰεροῡο

2263 4823 2337 4890 ὃς,
2387 4827 2478 4876 καί
2531 4824 2832 4896 καθαιρέσει
2883 4825 2970 4874 τόν
3019 4823 3246 4896 ἄθεσμον
3321 4821 3592 4876 ὑποϐαλὼν
3651 4824 3871 4898 Ἰωσὴφ,

2263 4912 2322 4964 ού
2353 4915 2505 4984 μόνον
2537 4911 2609 4973 εἰς
2634 4910 2772 4972 τέλος
2802 4911 2896 4963 οὐκ
2944 4914 3190 4983 ἴσχυσεν,
3247 4910 3374 4964 ἀλλὰ
3430 4917 3519 4964 καὶ
3578 4913 3644 4974 εἰς
3687 4933 3874 4966 κοινω-

2262 5006 2374 5053 νίαν
2405 4997 2552 5061 αὖθις
2581 5007 2812 5053 τοιοῦτον
2865 4995 3076 5063 έδέξατο

2263 5094 2334 5164 μὴ
2371 5089 2678 5164 βουλόμενος
2705 5107 2716 5120 ⁸
2744 5089 2876 5148 πλὴν
2907 5086 3115 5153 ἐδέξατο
3171 5089 3413 5162 βιασθεὶς
3455 5095 3581 5164 πρὸς
3631 5100 3727 5145 τοῦ
3777 5091 3875 5166 βα-

3141 5022 3153 5034 ο
3203 5001 3340 5052 οἴκων
3383 5005 3474 5074 μὲν
3529 5004 3735 5064 πάντως
3785 5008 3876 5055 καὶ

2266 5180 2441 5240 σιλέως
2519 5183 2929 5245 Κωνσταντίνου,
2989 5181 3250 5253 ἀνεγεῖραι
3320 5178 3692 5254 ἁπειλουμένου
3783 5202 3876 5235 κα-

2261 5278 2366 5330 κῶς
2406 5270 2496 5328 τὴν
2562 5265 2669 5327 ἤδη
2727 5267 2893 5328 καλῶς
2948 5270 3236 5321 παυθεῖσαν
3305 5266 3541 5328 δυσσεϐῆ
3605 5270 3873 5344 εἰκονομα-

2261 5363 2408 5432 χίαν,
2445 5359 2487 5412 εἰ
2514 5358 2586 5421 εἰς
2614 5357 2750 5419 τελος
2815 5354 3034 5420 άδεκτος
3107 5364 3253 5432 μείνῃ
3324 5359 3396 5430 τῷ
3461 5363 3773 5434 πατριάρχῃ
3846 5361 3871 5413 ὁ

569 5595 680 5667 (12)
714 5597 886 5672 _llunc
939 5595 1140 5655 locum
1183 5597 1259 5655 de
1307 5599 1604 5671 Michaele,
1643 5587 1972 5672 'l‘heo'philo
2022 5590 2082 5657 et
2129 5593 2463 5669 Theo'do'ra,
2505 5598 2647 5656 citat
2692 5613 2765 5655 ex
2817 5597 3110 5658 Methodio
3151 5611 3262 5656 ms;
3311 5598 3579 5658 Allatius.
3633 5595 3864 5658 Contra

498 5665 760 5738 Creyy/z.
794 5683 854 5740 p.
887 5671 1012 5728 344.
