4090 6388
522 325 630 384 795

1850 319 2194 380 ΠΕΤΗοοΠ
2227 317 2572 376 ΠΟΝΑΟΗῙ.

3783 323 3888 377 796

525 467 646 523 sar,
661 463 884 506 nurum
896 461 1070 504 suam
1077 445 1375 517 ﬂagitiose
1386 447 1906 520 deperiens,uxori
1918 446 2176 520 propriae

2289 463 2386 517 σαρ
2409 446 2498 515 ὧν,
2555 450 2646 497 καὶ
2705 452 2768 517 τῇ
2835 447 3053 518 σφετέρᾳ
3121 441 3458 512 πανασελγῶς
3517 443 3894 516 συμφθειρόμε-

524 542 712 598 misso
726 537 998 610 repudio,
1021 551 1161 592 cum
1174 536 1477 593 incestum
1496 552 1767 594 amorem
1789 538 1957 593 illum
1974 553 2004 592 ε
2041 551 2176 592 san-

524 635 618 686 cto
647 627 876 700 lgnatio
903 627 1175 682 omittere
1198 626 1529 697 juberetur,
1562 626 1642 684 ob
1665 626 1946 684 vitandas
1976 625 2178 697 objur-

523 718 795 790 gationes
812 721 992 788 atque
1004 731 1077 772 ex
1088 716 1182 771 his
1195 731 1308 772 con
1316 721 1666 789 sequentem
1681 716 1993 772 infamiam
2011 719 2176 786 (nam

522 807 704 864 etiam
741 806 994 862 ecclesia
1037 805 1368 862 secluserat
1418 821 1558 862 eum
1615 807 1979 878 patriarcha)
2037 803 2178 860 sede

521 895 819 968 Ignatium
839 894 1201 966 deturbavit,
1231 895 1486 951 abutens
1515 895 1736 951 scilicet
1754 895 2048 953 Michaelis
2090 893 2177 948 le-

523 984 722 1052 vitate,
753 983 831 1039 ad
861 982 1226 1054 explendam
1267 997 1442 1039 suam
1475 982 1889 1055 cupiditatem.
1926 984 2054 1047 Quo
2083 997 2179 1036 ex-

521 1077 727 1146 pulso,
751 1071 951 1128 studio
967 1071 1214 1142 quidem
1236 1071 1606 1144 consilioque
1625 1071 1848 1136 Bardae,
1882 1069 2177 1127 Michaelis

523 1167 726 1220 autem
771 1161 1152 1225 auctoritate,
1211 1160 1538 1216 collocatur
1591 1161 1652 1216 in
1722 1159 1863 1216 sede
1911 1160 2176 1216 Photius.

520 1255 945 1307 Verumtamen
974 1250 1212 1307 Macedo
1237 1250 1484 1306 Basilius
1520 1249 1798 1306 Michaele
1823 1251 2179 1320 interempto

526 1343 607 1398 ad
631 1357 884 1412 regnum
914 1340 1222 1397 connisus.
1255 1340 1526 1396 Photium
1551 1339 1979 1407 exauctoravit,
2009 1343 2179 1409 lgna-

523 1431 795 1502 tiumque
828 1429 1098 1486 restituit.
1132 1429 1329 1485 Causa
1357 1445 1498 1486 vero
1536 1429 1620 1484 rei
1670 1429 1850 1484 fuisse
1905 1429 2178 1491 traditur,

522 1519 690 1594 quod
705 1518 973 1586 Photius,
991 1518 1178 1574 misso
1193 1517 1425 1588 nuntio,
1455 1534 1641 1574 sacrm
1659 1534 1884 1575 mensae
1915 1534 2049 1574 com
2059 1534 2183 1573 mu-

521 1609 702 1665 nione
719 1606 935 1664 Basilio
953 1607 1359 1675 interdixerat,
1382 1623 1631 1664 manum
1652 1608 1851 1664 adhuc
1871 1612 2183 1663 cruentam

524 1697 749 1769 gerenti
779 1696 1078 1753 Michaelis
1102 1697 1283 1752 caede.
1317 1697 1431 1753 Sed
1461 1698 1622 1753 enim
1645 1698 1875 1766 lgnatio
1921 1703 2181 1768 mortuo,

2283 553 2370 595 νος
2396 537 2592 607 νύμφη,
2625 539 2720 593 τὴν
2789 530 2930 586 ἰδίαν
2983 532 3226 592 ἀναιτίως
3283 530 3728 604 ἀποπεμψάμενος
3791 553 3892 604 γα-

2285 629 2466 694 μετήν,
2493 622 2602 676 ἐπεὶ
2645 622 2949 682 ἀποστῆσαι
3001 622 3182 674 ἑαυτόν
3223 630 3318 682 τῆς
3367 627 3613 695 μυσαροῖς
3667 627 3895 680 ταυτησὶ

2285 713 2473 786 μίξεως
2524 718 2654 786 πρός
2711 720 2803 765 τοῦ
2883 712 3036 784 ἁγίου

2287 801 2442 855 θελων
2472 802 2708 874 ἐκφυγεῖν
2729 805 2845 862 τοὺς
2900 800 3148 872 ἐλέγχους
3209 805 3300 852 καὶ
3365 804 3460 858 τήν
3509 799 3736 853 ὄντευθεν
3785 800 3894 854 ἐπι-

2285 890 2591 966 τριϐομένην
2673 892 2813 962 αὐτῷ
2889 891 3154 962 αἰσχύνην
3231 887 3587 941 ἀποϐαλέσθαι
3661 888 3894 964 (ἀπεῖρξε

3123 712 3374 782 Ἱγνατιου
3439 711 3889 782 κατηναγκάξετο,

2285 983 2384 1055 γὰρ
2416 983 2571 1033 αὑτὸν
2619 986 2708 1032 καὶ
2759 989 2850 1040 τῆς
2907 980 3224 1040 Ἐκκλησίας
3283 980 3310 1030 ό
3354 979 3746 1052 πατριάρχης),
3801 987 3891 1030 τοῦ

2289 1072 2471 1142 θρόνου
2497 1073 2714 1141 κατάγει
2742 1070 2918 1138 αὐτόν,
2947 1075 3037 1121 καὶ
3076 1077 3138 1140 τῇ
3190 1067 3363 1141 ὶξορίᾳ
3411 1063 3631 1133 δίδωσι,
3688 1076 3752 1140 τῇ
3804 1077 3892 1121 τοῦ

2289 1159 2510 1230 Μιχαὴλ
2569 1164 2854 1232 κουφότητι
2914 1161 3250 1232 χρησάμενος
3305 1177 3378 1219 εις
3429 1162 3525 1215 τὴν
3587 1165 3680 1209 τοῦ
3751 1155 3893 1211 ἰδίου

2291 1249 2574 1320 θελήματος
2675 1248 3068 1320 ἀποπλήρωσιν.
3144 1251 3341 1300 Τούτου
3401 1243 3460 1299 δέ
3539 1245 3892 1319 ἐκϐληθέντος⁹

2291 1335 2499 1410 σπουδῇ
2522 1342 2613 1410 μεν
2635 1343 2722 1390 καὶ
2751 1342 3041 1390 συναινέσει
3081 1346 3173 1389 τοῦ
3228 1333 3426 1411 Βάρδα,
3489 1334 3779 1408 προϐλὴσει
3840 1334 3896 1389 δε

3772 1432 3898 1479 Επεὶ

2293 1513 2351 1568 δε
2410 1517 2673 1577 Βασιλειος
2728 1518 2754 1567 ό
2819 1513 3097 1582 Μακεδὼν,
3144 1519 3232 1567 τόν
3290 1514 3514 1586 Μιχαὴλ
3563 1513 3894 1582 ἀποκτείνας,

2291 1610 2522 1676 κατέσχε
2547 1612 2634 1663 τὴν
2668 1604 2961 1678 βασιλειαν,
3018 1609 3104 1656 τόν
3163 1611 3356 1658 Φωτιον
3414 1607 3504 1676 μὲν
3561 1612 3654 1655 τον
3710 1606 3895 1677 θρόνου

2675 1248 2875 1305 ἀποπλὴ
2885 1267 3045 1322 ρωσιν
3055 1289 3068 1302 .

2290 1435 2381 1479 του
2408 1427 2625 1499 Μιχαὴλ
2665 1427 2729 1487 εἰς
2797 1431 2883 1478 τόν
2933 1428 3110 1498 θρόνον
3171 1425 3418 1497 ἀνάγεται
3461 1432 3674 1485 Φωτιος.
3709 1426 3722 1443 ’

2294 1697 2531 1765 κατάγει,
2557 1699 2642 1746 τόν
2684 1691 2743 1746 δέ
2782 1694 2930 1764 ἆγιον
2969 1693 3215 1764 Ἰγνὰτιον
3247 1694 3401 1754 αὖθις
3447 1691 3648 1764 ἀνάγει.
3718 1693 3783 1746 Ἠ
3843 1691 3897 1746 δέ

522 1802 734 1843 rursus
757 1785 838 1841 ad
865 1785 1140 1842 Photium
1169 1786 1430 1856 dignitas
1459 1785 1537 1843 ab
1566 1787 1782 1842 eodem
1824 1787 2179 1860 imperatore

2294 1783 2460 1849 αἰτία,
2493 1790 2670 1854 φασιν,
2711 1785 2791 1834 ὁτι
2833 1782 3044 1855 πέμψας
3105 1783 3260 1834 αὐτόν
3327 1789 3541 1844 Φώτιος,
3607 1790 3702 1842 τῆς
3777 1784 3899 1843 ζωο-

525 1873 791 1930 defertur
818 1891 835 1927 :
860 1875 1032 1944 cujus
1061 1873 1218 1928 ﬁlius
1241 1877 1354 1930 Leo
1384 1874 1722 1946 philosophi
1769 1876 2015 1932 nomine
2067 1875 2185 1932 cla-

527 1979 632 2019 rus
659 1962 937 2018 Photium
956 1963 1160 2019 denuo
1181 1963 1324 2018 sede
1339 1964 1592 2020 removit
1609 1983 1622 2028 ;
1637 1966 1873 2028 timens,
1916 1971 1977 2020 ut
1993 1966 2180 2032 aiunt,

525 2069 604 2110 ne
613 2053 1011 2109 Santarenum
1022 2052 1368 2109 defenderet
1383 2053 1445 2109 in
1463 2069 1649 2110 causa
1658 2054 1974 2110 calumniae
1994 2071 2182 2126 quam

523 2142 624 2199 iile
652 2141 796 2197 olim
817 2146 1027 2198 contra
1052 2157 1115 2197 se
1136 2141 1300 2213 apud
1323 2148 1558 2214 patrem
1583 2143 2006 2216 imperatorem
2029 2150 2182 2199 stru-

521 2235 711 2288 xerat.
741 2233 860 2287 Hoc
888 2231 1051 2286 enim
1079 2230 1507 2288 obvertebatur
1534 2232 1741 2288 Leonis
1780 2233 1964 2288 menti
1993 2248 2187 2305 nuper

522 2335 780 2390 regnum
811 2319 1036 2392 adepti.
1062 2323 1214 2390 Ergo
1238 2321 1611 2392 Stephanum
1628 2321 1872 2378 fratrem
1924 2339 2103 2379 suum
2126 2329 2186 2384 vi

521 2409 693 2480 regia
711 2409 1118 2480 patriarcham
1146 2411 1391 2466 creavit.
1422 2411 1598 2481 Atqui
1625 2426 1803 2466 nemo
1842 2428 1916 2467 ex
1941 2411 2034 2467 his
2081 2430 2187 2485 pa-

525 2499 796 2556 triarchis
816 2499 1169 2572 repudiatus
1191 2500 1301 2555 fuit
1333 2519 1346 2567 ;
1372 2500 1477 2556 sed
1500 2500 1748 2556 admissi
1775 2517 1987 2557 omnes
2005 2510 2186 2576 atque

520 2588 585 2644 in
607 2587 832 2644 honore
852 2587 1040 2644 habiti
1066 2588 1232 2660 apud
1262 2589 1531 2645 ﬁdelium
1576 2589 1901 2646 Ecclesiam
1944 2591 2187 2648 fuerunt

522 2682 581 2733 et
605 2676 804 2733 adhuc
839 2683 978 2733 sunt
1005 2682 1186 2750 atque
1215 2678 1652 2734 existimantur.
1675 2678 1858 2751 quue
1880 2679 1948 2735 ﬁt
1979 2681 2182 2753 palam

523 2773 597 2813 ex
623 2757 776 2814 libro
807 2758 1122 2830 synodico,
1146 2758 1249 2814 ubi
1279 2759 1407 2815 haec
1439 2759 1738 2816 habentur
1795 2777 1808 2814 :
1873 2785 1893 2809 ι
1949 2762 2176 2832 lgnatii,

523 2847 726 2914 Photii,
779 2847 1083 2920 Stephani,
1128 2853 1309 2920 atque
1352 2849 1592 2904 Antonii
1659 2849 2180 2907 sanctissimorum

519 2936 1003 3008 patriarcharum
1033 2941 1260 2994 aeterna
1289 2939 1582 2994 memoria
1611 2939 1705 2994 sit.
1739 2961 1767 2990 »
1789 2942 1857 2994 Et
1902 2956 2111 2996 rursus
2163 2959 2175 2996 :

523 3046 552 3074 «
581 3025 920 3081 Anathema
947 3026 1038 3092 iis,
1068 3041 1206 3098 quae
1233 3026 1393 3082 dicta
1426 3028 1726 3099 scriptave
1780 3028 2020 3084 fuerunt
2076 3030 2178 3086 ad-

518 3129 726 3170 versus
766 3113 1179 3170 sanctissimos
1223 3116 1598 3187 patriarchas
1653 3115 1950 3187 lgnatium
1996 3125 2176 3192 atque

521 3203 819 3260 Photium.
847 3221 878 3256 ν

2292 1878 2730 1934 ποιουκοινωνίας
2781 1872 2838 1924 οὐ
2890 1868 3171 1944 μετεδίδου
3239 1871 3402 1941 αὐτῷ,
3469 1874 3785 1943 ᾑμαγμένην
3828 1875 3899 1924 ἔτι

2294 1965 2469 2033 ἔχοντι
2491 1967 2583 2020 τὴν
2610 1970 2859 2035 χεῖρατῷ
2913 1970 3003 2013 τοῦ
3070 1959 3292 2031 Μιχαὴλ
3346 1967 3501 2032 φόνῳ.
3577 1963 3738 2016 Ἀλλὰ
3813 1970 3896 2014 τοῦ

2295 2056 2551 2122 Ἰγνατίου
2578 2057 2661 2103 τόν
2689 2050 2806 2123 βίον
2846 2049 3207 2115 ἀπολιπόντος,
3258 2051 3410 2110 αὖθις
3464 2051 3536 2114 εἰς
3573 2055 3661 2103 τόν
3722 2055 3898 2126 θρόνον

2292 2139 2497 2212 ἀνήχθη
2527 2146 2722 2201 Φωτιος
2758 2143 2903 2213 παρά
2922 2147 3012 2192 τοῦ
3061 2139 3218 2191 αὐτοῦ
3269 2137 3548 2210 βασιλέως
3609 2138 3669 2193 οὗ
3711 2143 3740 2193 ό
3796 2143 3899 2201 υἱός

2296 2233 2458 2296 Λέων,
2498 2232 2524 2281 ὁ
2554 2229 2713 2292 πολὺς
2740 2234 2831 2287 τὴν
2871 2229 3197 2301 φιλοσοφίαν,
3228 2232 3315 2280 τόν
3347 2235 3541 2281 Φὼτιον
3599 2231 3751 2292 αὖθις
3812 2238 3898 2282 τοῦ

2297 2321 2477 2392 θρόνου
2534 2325 2959 2394 παρακεκινηκὼς
3011 2315 3236 2384 (δείσας,
3286 2320 3356 2380 ὥς
3425 2339 3574 2391 φασι⁹
3653 2325 3726 2392 μὴ
3808 2321 3899 2372 οὐκ

2294 2408 2420 2481 ἐάσῃ
2456 2411 2743 2461 ἀνήνασθαι
2787 2409 3174 2482 Σανταϐαρηνόν
3252 2416 3347 2468 τῆς
3405 2409 3478 2469 εὶς
3547 2413 3636 2460 τόν
3697 2414 3899 2482 πατέρα

2293 2504 2382 2550 καὶ
2438 2497 2661 2570 βασιλέα
2710 2495 2958 2558 διαϐολῆς
3012 2497 3294 2549 κατάύτού
3355 2499 3518 2550 ἕνεκα·
3580 2507 3734 2552 τοῦτο
3796 2503 3895 2570 γὰρ

2293 2590 2486 2640 όΛέων
2509 2590 2782 2662 αὑτάρχης
2812 2584 2918 2646 ἠδη
2976 2583 3308 2657 ἀναδειχθεὶς
3365 2590 3500 2639 κατὰ
3551 2596 3668 2639 νοῦν
3726 2588 3902 2661 ἔστρε-

2293 2679 2389 2750 φε),
2418 2681 2666 2748 Στέφανον
2708 2682 2793 2728 τόν
2833 2673 2970 2728 ἴδιον
3017 2673 3238 2748 ἀδελφόν
3276 2677 3502 2746 καθιστᾴ
3553 2679 3898 2750 πατριάρχην

2289 2766 2715 2828 ἐξουσιαστικώς.
2751 2771 2852 2818 Καὶ
2919 2768 3109 2817 τούτων
3162 2767 3368 2817 πάντων
3423 2760 3590 2826 οὐδεὶς
3647 2763 3894 2822 ἀπόϐλη-

2288 2876 2374 2919 τος
2400 2862 2623 2928 γέγονεν.
2657 2855 2765 2907 ἁλλ’
2812 2855 2919 2908 ὃλοι
2963 2852 3138 2907 δέκτοι
3183 2859 3273 2907 καὶ
3333 2853 3608 2926 σεϐάσμιοι
3667 2862 3728 2926 τῇ
3791 2863 3896 2905 τῶν

3796 2950 3898 2996 Καὶ

2286 3043 2435 3087 τοῦτο
2467 3031 2502 3087 δ
2506 3035 2625 3093 ἧλον
2655 3033 2711 3086 ἐκ
2743 3043 2836 3086 του
2923 3029 3204 3085 συνοδικοῡ
3256 3035 3384 3102 (14)·
3441 3037 3737 3106 γέγραπται
3793 3035 3894 3103 γάρ

2285 3122 2333 3174 ἐν
2395 3123 2535 3194 αὐτῴ
2595 3124 2729 3174 οὕτω
2793 3130 2974 3174 ταῦτα·
3033 3123 3347 3191 «Ἰγνατίου,
3409 3126 3629 3186 Φωτίου,
3699 3123 3891 3193 Στεφά-

2287 2955 2486 2998 πιστὼν
2544 2943 2829 3017 Ἐκκλησία
2889 2949 2980 2996 καὶ
3027 2943 3129 2996 εἰσὶ
3183 2948 3272 2995 καὶ
3346 2945 3714 3018 γνωρίζονται.

2282 3231 2390 3277 νου,
2455 3218 2544 3265 καὶ
2606 3216 2880 3264 Ἀντωνίου
2954 3219 3052 3263 τῶν
3147 3212 3450 3282 ἁγιωτάτων
3542 3220 3895 3286 πατριαρχών

523 3296 709 3345 αίωνία
756 3294 786 3350 ἡ
841 3298 1018 3365 μνήμη
1055 3314 1067 3325 ·
1126 3315 1145 3341 ι
1193 3298 1283 3346 καὶ
1317 3293 1468 3346 πάλιν
1503 3312 1514 3322 ’
1552 3317 1578 3344 ‹‹
1633 3298 1710 3348 Td:
1763 3295 2046 3354 λαληθέντα
2097 3305 2187 3352 καί
2241 3307 2498 3375 γραφέντα
2549 3305 2685 3354 κατὰ
2741 3301 2998 3372 Ἰγνατίου
3052 3305 3143 3352 καὶ
3196 3305 3378 3352 Φοτίου
3437 3309 3536 3352 τῶν
3588 3299 3895 3372 ἁγιωτάτων

521 3400 750 3456 πατριαρ
754 3389 870 3453 χῶν
900 3380 1149 3454 ἀνάθεμα.
1193 3405 1221 3432 ››

596 3474 680 3526 13.
707 3472 828 3540 Ego
857 3486 1001 3526 vero
1022 3487 1160 3526 cum
1201 3472 1476 3543 synodici
1501 3473 1867 3530 mentionem
1911 3475 2173 3543 fecerim,

520 3559 746 3618 addam
776 3564 832 3616 et
865 3560 985 3617 alia
1012 3560 1219 3628 verba,
1246 3577 1506 3634 quorum
1537 3578 1689 3636 pene
1719 3564 1938 3620 oblitus
1985 3583 2171 3638 eram,

525 3649 618 3706 Sic
643 3648 804 3705 enim
828 3649 1053 3706 ibidem
1083 3656 1368 3723 praeterea
1387 3650 1639 3721 legitur:
1670 3675 1697 3702 «
1732 3653 1957 3709 Tarasii
1980 3660 2038 3711 et
2087 3655 2177 3710 Ni-

519 3739 767 3811 cephori
796 3739 1319 3796 sanctissimorum
1354 3747 1596 3814 patrum
1628 3748 1851 3798 aeterna
1885 3745 2179 3800 memoria

522 3829 615 3885 sit.
642 3851 662 3877 ι
686 3831 1034 3903 Rursusque
1067 3847 1080 3884 :
1111 3853 1130 3878 ι
1169 3830 1242 3885 lis
1267 3847 1405 3902 quae
1437 3831 1597 3887 dicta
1618 3833 1910 3903 scriptave
1941 3833 2180 3889 fuerunt

519 3915 811 3975 adversus
837 3917 1176 3975 laudabiles
1224 3920 1597 3992 patriarchas
1645 3923 1953 3977 Tarasium
1999 3928 2178 3995 atque

521 4007 947 4080 Nicephorum,
980 4009 1325 4064 anathema.
1360 4032 1388 4059 »
1426 4009 1624 4065 Videte
1671 4017 1901 4067 rectum
1941 4015 2178 4084 Deoque

521 4101 760 4165 gratum
783 4101 1003 4152 sanctis
1019 4102 1077 4152 et
1095 4097 1402 4152 catholicae
1419 4098 1689 4154 Ecclesiae
1698 4101 1716 4170 j
1730 4101 2016 4169 udicium,
2045 4116 2181 4157 san-

523 4189 756 4242 ctorum
787 4183 1087 4254 Evangelii
1105 4201 1454 4258 praeconum
1472 4187 1907 4259 apostolorum,
1941 4194 2177 4245 sancto-

521 4289 779 4346 rumque
805 4275 1041 4329 Patrum
1068 4281 1435 4341 nostrorum,
1465 4293 1594 4342 vos,
1627 4277 1899 4349 inquam,
1933 4280 2036 4350 qui
2079 4293 2176 4348 ge-

522 4363 711 4422 nerali
730 4363 1205 4420 orthodoxorum
1231 4366 1406 4421 οωιυὶ
1426 4367 1718 4424 resistitis.
1752 4371 1827 4423 Ex
1838 4369 2174 4437 horrescite,

2353 3478 2439 3551 ιγ’.
2494 3481 2625 3550 Ἐγώ
2677 3476 2736 3531 δὲ
2791 3498 2884 3530 του
2940 3474 3223 3530 συνοδικοῡ
3273 3476 3465 3552 ἁρτιως
3534 3477 3899 3549 ἐπιμνησθεὶς,

2280 3574 2370 3620 καὶ
2409 3567 2474 3619 ὧν
2532 3565 2639 3626 ἤδη
2696 3567 3038 3639 ἐπιλέλησμαι
3095 3566 3473 3638 ἐμνημόνευσαν
3539 3572 3752 3638 φέρεται
3805 3570 3900 3642 γὰρ

2283 3655 2330 3707 ἐν
2370 3656 2509 3727 αυτῲ
2539 3651 2686 3708 τάδε·
2722 3660 3035 3728 «Ταρασίου
3081 3660 3170 3706 καὶ
3217 3658 3518 3726 Νικηφόρον
3574 3662 3678 3706 τῶν
3747 3655 3902 3726 ἁγιω-

3727 3745 3900 3804 αὐθις.

2289 3857 2310 3884 ε
2353 3836 2430 3886 Τὰ
2481 3833 2767 3892 λαληθέντα
2823 3839 2914 3884 καὶ
2970 3837 3233 3905 γραφέντα
3291 3835 3427 3884 κατὰ
3484 3841 3582 3884 τῶν
3635 3831 3901 3905 ἀοιδίμων

2282 3747 2448 3798 τάτων
2518 3753 2859 3818 πατριαρχών
2912 3744 3098 3795 αἰωνία
3165 3747 3368 3815 μνήμη·
3456 3767 3482 3792 ››
3537 3749 3628 3796 καὶ

2283 3932 2627 3998 πατριαρχών
2684 3927 2951 3996 Ταρασίον
3005 3927 3095 3973 καὶ
3173 3927 3475 3996 Νικηφόρον
3553 3920 3817 3996 ἀνάθεμα,
3875 3944 3900 3970 ››

2281 4011 2466 4085 Ὀρᾱτε
2504 4019 2598 4070 την
2669 4012 2830 4084 ὀρθὴν
2884 4018 2974 4063 καὶ
3028 4021 3100 4082 τῷ
3156 4019 3270 4064 Θεὼ
3327 4007 3672 4064 ευαποδεκτόν
3733 4019 3906 4088 κρίσιν

2283 4111 2373 4161 τῆς
2405 4102 2561 4172 ἁγίας
2601 4106 2693 4152 καὶ
2751 4099 2999 4158 καθολικῆ
3016 4121 3034 4161 ς
3093 4099 3421 4165 Ἐκκλησίας,
3476 4104 3566 4151 καὶ
3609 4108 3719 4151 τῶν
3783 4105 3905 4174 ἱερο-

2281 4193 2522 4264 κηρύκων
2554 4190 2712 4262 ἁγίων
2762 4188 3080 4258 ἀποστόλων,
3137 4195 3225 4240 καὶ
3286 4197 3386 4240 τῶν
3436 4189 3593 4260 ἁγίων
3654 4195 3903 4266 Πατέρων

2283 4284 2449 4353 ἡμῶν,
2491 4281 2540 4332 οὶ
2577 4289 2663 4332 νῦν
2723 4279 3066 4350 ἀντιλέγοντες
3121 4287 3192 4350 τῷ
3247 4287 3400 4350 κοινῷ
3439 4287 3538 4330 τῶν
3597 4277 3901 4352 ὀρθοδόξων

3878 4370 3901 4384 ⁸7

2283 4369 2613 4442 πληρώματι.
2717 4369 2955 4440 Φρίξατε,
3055 4368 3360 4439 παρακαλῶ,
3456 4367 3802 4431 ἐννοήσαντες
3872 4370 3900 4426 ἦ

523 4465 653 4520 oro,
686 4452 748 4508 in
767 4457 1066 4523 quantum
1095 4454 1390 4510 malorum
1421 4455 1776 4511 barathrum
1808 4473 1915 4529 per
1952 4458 2177 4514 discor-

2289 4466 2446 4510 κακοῦ
2477 4461 2707 4532 φέρεσθε,
2755 4477 2844 4508 και
2891 4461 3017 4530 πρός
3065 4453 3351 4528 διόρθωσιν
3400 4457 3590 4508 ἑαυτῶν
3643 4457 3902 4529 mazon-

523 4542 689 4599 diam
700 4547 966 4598 vestram
977 4545 1715 4618 ruatis,emendationique
1729 4563 1933 4602 curam
1950 4549 2179 4621 impen-

526 4632 668 4688 dite.
690 4632 839 4687 Nam
871 4631 1138 4704 praedicti
1158 4650 1372 4690 omnes
1404 4633 1625 4707 quibus
1658 4651 1827 4691 sacer
1850 4635 2047 4693 honor
2075 4639 2179 4695 ha-

523 4720 720 4792 betur,
745 4725 1036 4794 quoniam
1074 4724 1349 4780 homines
1397 4731 1584 4793 erant,
1640 4725 1892 4781 humani
1950 4725 2179 4798 aliquid

524 4812 694 4883 passi
720 4817 858 4868 sunt
889 4829 902 4867 :
936 4812 1126 4868 nostis
1151 4814 1313 4868 enim
1333 4813 1554 4886 quibus
1587 4813 1843 4870 invicem
1866 4815 2062 4870 verbis
2091 4820 2178 4869 at-

523 4915 642 4974 que
671 4900 902 4974 scriptis
936 4901 1232 4957 adversati
1263 4903 1419 4958 sint:
1454 4902 1601 4974 quia
1648 4902 1922 4960 videlicet
1965 4903 2182 4977 proba-

523 4989 674 5047 biles
688 4991 749 5046 in
763 4990 1025 5062 speciem
1041 5005 1258 5045 causas
1270 4991 1812 5047 controversiarum
1837 4994 1992 5048 nacti
2011 4997 2184 5048 erant

525 5084 583 5137 et
612 5096 789 5137 suum
811 5081 1070 5152 quisque
1113 5082 1394 5153 persequi
1435 5082 1534 5150 jus
1585 5081 1910 5137 credebant
1950 5099 1962 5135 :
2014 5081 2182 5152 quod

523 5170 728 5242 ipsum
759 5170 932 5226 vestri
996 5184 1240 5242 quoque
1288 5170 1558 5226 nonnulli
1614 5172 1890 5226 homines
1938 5172 2184 5243 nuperis

524 5258 899 5330 temporibus
917 5259 1111 5327 egisse
1145 5259 1442 5314 videntur.
1489 5261 1715 5314 Etenim
1737 5275 1872 5331 quas
1903 5260 2068 5314 multi
2098 5261 2182 5317 fa-

524 5347 707 5419 ciunt,
738 5363 811 5403 ex
835 5346 905 5403 iis
925 5347 1032 5420 qui
1052 5356 1313 5405 vestrum
1350 5366 1604 5405 summae
1650 5350 2015 5404 rectitudinis
2065 5355 2182 5406 stu-

525 5439 690 5496 dium
715 5439 1018 5503 simulant,
1037 5439 1268 5496 silentio
1290 5440 1483 5510 magis
1506 5439 1932 5496 commendare
1949 5446 2182 5513 oportet

2284 4567 2337 4600 τε
2371 4569 2383 4580 ·
2418 4551 2466 4598 οἱ
2489 4549 2591 4620 γάρ
2646 4548 2904 4620 εἰρημένοι
2955 4545 3140 4619 μικρὸν
3200 4546 3435 4618 ἀνωτέρω
3488 4550 3677 4607 πάντες
3735 4549 3900 4620 ἅγιοι,

2285 4639 2429 4690 οὗτοι
2459 4640 2639 4697 πάντες
2671 4638 2934 4710 οἶνθρωποι
2987 4641 3125 4698 ὄντες
3179 4638 3366 4688 ἔπαθόν
3421 4658 3472 4688 τι
3525 4636 3853 4710 ἀνθρώπινον
3888 4659 3899 4669 ·

2285 4732 2370 4778 καὶ
2400 4724 2577 4779 οῖδατε
2607 4729 2791 4788 πάντες
2833 4728 2934 4778 ὅσα
2983 4731 3072 4778 καὶ
3123 4724 3260 4778 εἶπον
3312 4731 3402 4778 καὶ
3458 4727 3696 4799 ἔγραψαν
3756 4729 3901 4780 ἄλλοι

2285 4817 2398 4868 κατ’
2431 4816 2592 4868 αλλων
2626 4838 2638 4848 ·
2705 4812 2885 4873 ἐπειδὴ
2947 4815 3180 4885 εὐλόγοις
3234 4811 3390 4872 δῆθεν
3446 4813 3682 4866 ἐνέπεσον
3745 4816 3901 4888 ἀφορο

2287 4913 2430 4978 μαῖς,
2488 4910 2576 4957 καὶ
2650 4911 2741 4965 τῆς
2823 4902 3092 4976 ἀκριϐείας
3164 4902 3545 4955 ἀντιποιεῖσθαι
3599 4902 3850 4977 ἐνόμισαν
3883 4924 3894 4936 ·

2287 4997 2408 5067 ὅπερ
2466 5015 2555 5046 και
2608 5013 2740 5053 τινες
2788 4991 2840 5054 ἐξ
2897 4993 3038 5064 ὑμῶν
3126 4995 3261 5043 κατὰ
3315 4995 3434 5054 τοὺς
3492 4993 3612 5067 ἄρτι
3669 4999 3898 5067 χρόνους

2285 5087 2466 5137 παθεῖν
2498 5081 2700 5145 ἔδοξαν.
2737 5086 2814 5134 Τὰ
2841 5085 2941 5154 γὰρ
2982 5091 3080 5132 τῶν
3138 5081 3333 5134 πολλῶν
3379 5081 3414 5133 ἃ
3457 5087 3547 5134 καὶ
3599 5085 3894 5156 πράττουσι

2287 5178 2376 5225 καὶ
2459 5169 2814 5225 διδάσκουσιν
2876 5173 2925 5222 οι
2979 5175 3073 5228 τὴν
3125 5173 3372 5244 ὑμετέραν
3427 5167 3584 5230 δῆθεν
3628 5172 3762 5244 ὕπερ
3809 5178 3897 5228 τῆς

2288 5262 2555 5338 ἀκριϐείας
2618 5260 2879 5313 εὐλάϐειαν
2950 5262 3363 5332 ὑποκρινόμενοι,

3447 5268 3616 5333 σιωπῇ
3707 5259 3896 5332 μᾶλλον

2287 5356 2544 5424 προσήκει
2576 5347 2760 5402 δοῦναι
2815 5350 2843 5407 ἡ
2895 5356 3066 5421 γραφῇ
3107 5370 3118 5381 ·
3190 5351 3255 5400 τὰ
3283 5352 3384 5423 γὰρ
3447 5358 3641 5422 κρυφῆ,
3680 5347 3894 5420 φησὶνὸ

2292 5443 2424 5501 θεῖος
2451 5438 2783 5506 Ἀπόστολος,
2823 5441 3067 5510 γινόμενα
3125 5439 3224 5490 ὑπό
3281 5457 3430 5489 τινων
3495 5441 3722 5511 αἰσχρόν
3783 5436 3894 5488 ἐστι

596 5592 706 5665 (tt)
740 5595 827 5676 pe
856 5594 1151 5676 synodico
1163 5593 1300 5676 Alegi
1325 5595 1495 5652 solito
1524 5593 1848 5673 quotannis
1874 5593 2391 5676 Constantinopoli
2418 5598 2476 5650 et
2499 5593 2562 5654 in
2587 5597 2805 5658 cuncta
2834 5591 3059 5654 Graecia
3093 5589 3360 5672 loquitur
3385 5591 3634 5647 Allatius
3661 5589 3888 5645 Contra

529 5664 1000 5736 Creyghtonum,
1029 5680 1094 5737 p.
1125 5667 1254 5722 533.
