4090 6404
257 326 373 382 797

1507 326 1604 390 DE
1643 329 2032 392 SCHISIATE
2065 335 2400 397 VITANDO.

3530 344 3640 404 τοο

259 452 360 501 καὶ
377 448 564 522 λέγειν.
621 451 777 506 una
829 455 897 506 τὰ
935 461 1039 506 τῶν
1064 458 1311 509 τοιούτων
1358 460 1409 511 οἱ
1435 444 1532 512 καὶ
1577 461 1704 532 ἡμῖν
1745 461 1869 512 ὑπο-

1980 477 2170 534 quam
2197 464 2456 538 scriptis.
2489 469 2637 528 Nam
2667 482 2805 540 qua
2833 466 2897 524 in
2924 465 3180 538 occulto,
3210 467 3406 542 inquit
3459 468 3637 526 divus

269 538 584 611 στρέψαντες
645 539 746 594 ἀπὸ
794 549 886 604 τῆς
933 542 1052 596 καθ’
1108 546 1244 618 ὑμᾶς
1303 546 1499 610 πλάνης
1556 545 1872 620 ἐκδιηγοῦν-

262 647 376 696 ται,
438 630 712 694 κατανύξει
760 631 955 706 ποαλλῇ
984 639 1075 686 καὶ
1124 631 1358 710 δάκρυσι
1420 640 1718 710 ποιούμενοι
1779 643 1872 697 τὴν

264 715 640 791 ἐξομολόγησιν
669 741 682 755 ο
738 719 839 793 ἐγὼ
888 719 948 774 δέ
997 724 1119 799 ὅπερ
1181 724 1376 798 ἔλεγον,
1451 725 1772 800 ἀνθρώπινόν
1822 747 1872 779 τι

265 808 517 869 παθόντες
565 809 616 861 οἱ
671 809 930 884 εἰρημενοι
980 811 1146 882 οἶγιοι,
1208 811 1347 866 εἶπον
1383 819 1472 867 xui.
1531 815 1765 888 ἔγραψαν
1838 817 1874 868 οἱ

268 896 527 971 ἔγραψαν.
557 897 617 952 Ἠ
644 895 704 952 δε
737 909 833 962 τῆς
868 899 1176 965 Ἐκκλησίας
1219 903 1382 966 ἔνθεος
1434 911 1609 980 κρίσις
1658 908 1724 958 τά
1781 909 1871 979 μὲν

269 985 520 1059 εἰρημένα
587 993 679 1044 καί
751 995 1085 1064 γεγραμμένα
1155 991 1205 1045 ἓν
1274 1001 1348 1065 τῷ
1395 1003 1490 1054 τῆν
1559 994 1873 1068 φιλονεικίας

267 1081 438 1148 καιρῷ
486 1081 579 1128 καί
623 1079 779 1131 πάθει
824 1087 898 1150 τῷ
958 1078 1244 1154 ἀναθεματι
1299 1080 1588 1145 συνοδικῶς
1639 1087 1869 1139 καθυπε-

268 1161 393 1216 ϐαλε
420 1185 435 1198 ο
465 1169 590 1228 τοὺς
615 1162 666 1218 δ’
691 1167 924 1230 εἰπόντας
970 1174 1058 1222 καὶ
1099 1171 1404 1244 γράψαντας
1446 1175 1644 1235 πάντας
1700 1173 1868 1227 ἀσπα-

270 1257 397 1314 σίως
421 1251 634 1317 ἐδέξατο
660 1277 670 1288 ·
699 1262 791 1309 καὶ
819 1262 900 1330 τό,
927 1259 1122 1314 Δίωνία
1157 1263 1188 1320 ἡ
1247 1267 1450 1336 μνημη,
1500 1268 1619 1337 περὶ
1663 1265 1866 1317 πάντων

264 1341 452 1405 ἐπίσης
491 1342 761 1420 ἀναγωνεῖ.

341 1609 432 1671 ιδ’.
461 1619 526 1668 Τί
555 1613 781 1669 ἕντεῦθεν
809 1619 946 1690 ἡμᾶς
967 1616 1359 1675 ἕκπαιδεύουσα
1380 1639 1394 1690 ;
1413 1621 1535 1675 ⁴Ὀτι
1562 1643 1644 1676 τοι
1686 1625 1869 1698 κρεῖσ-

269 1709 364 1756 σόν
396 1701 588 1764 ἐστινή
639 1707 822 1778 όμόνια
877 1712 965 1761 καὶ
1003 1708 1174 1782 εἰρηνη
1232 1720 1332 1764 τῶν
1381 1709 1677 1786 ὀρθοδόξων
1730 1721 1868 1788 Χρι-

1980 553 2310 624 apostolus,
2334 571 2372 611 a
2401 557 2707 613 nonnullis
2736 557 2907 627 ﬁunt,
2929 574 3003 614 ea
3033 557 3199 614 dictu
3227 575 3474 632 quoque
3505 564 3632 615 tur-

1981 641 2079 714 pia
2105 649 2262 699 sunt.
2300 645 2415 702 Sed
2444 647 2604 702 enim
2629 647 2758 702 haec
2787 652 3126 703 vestrarum
3153 647 3419 720 partium
3444 646 3636 704 homi-

1978 745 2089 786 nes
2118 735 2381 791 maxime
2406 741 2648 805 norunt,
2679 736 2785 809 qui
2813 735 3032 793 deinde
3085 752 3123 792 a
3174 740 3370 793 vestro
3432 752 3634 793 errore

1977 822 2414 898 resipiscentes,
2465 825 2642 883 nobis
2672 825 3099 899 patefecerunt,
3133 841 3257 882 non
3283 827 3410 882 sine
3439 826 3633 882 multo

1978 908 2187 968 dolore
2213 929 2283 970 ac
2302 913 2734 988 lacrymis_rem
2758 913 3130 971 conﬁtentes.
3155 916 3282 984 Age
3301 930 3446 972 vero
3467 915 3635 987 quod

1971 997 2104 1068 jam
2131 1000 2274 1068 dixi,
2300 1003 2668 1060 venerabiles
2697 1003 2782 1059 illi
2810 1003 2921 1060 viri
2945 1003 3159 1074 lingua
3187 1009 3245 1060 et
3277 1003 3513 1075 scriptis
3548 1003 3634 1058 in-

1979 1093 2378 1161 temperanter
2408 1109 2553 1149 sane
2578 1093 2669 1148 usi
2700 1097 2840 1149 sunt
2866 1111 2879 1147 :
2909 1092 3184 1148 divinum
3211 1098 3414 1148 autem
3442 1091 3632 1148 Eccle-

1978 1177 2081 1232 sia
2103 1179 2422 1249 judicium,
2463 1181 2758 1254 quidquid
2791 1181 3240 1238 inimicitiarum
3279 1186 3547 1253 tempore
3580 1186 3638 1237 et

1976 1272 2128 1322 astu
2155 1267 2384 1325 dictum
2407 1270 2769 1342 scriptumve
2794 1270 2922 1336 fuit,
2942 1269 3327 1326 anathemate
3350 1269 3630 1341 synodali

1976 1355 2229 1428 perculit
2267 1377 2281 1414 :
2327 1359 2649 1416 verborum
2675 1375 2818 1414 vero
2849 1358 3332 1431 scriptorumque
3357 1363 3634 1415 auctores

1977 1452 2360 1517 peramanter
2382 1463 2593 1504 omnes
2645 1448 2870 1520 recipit,
2921 1454 3280 1520 aeternaque
3324 1448 3634 1504 memoria

1976 1533 2270 1592 honorem
2285 1538 2515 1594 cunctis
2535 1555 2708 1610 aque
2724 1553 2830 1610 per
2851 1553 3091 1592 sacrum
3112 1536 3291 1592 ritum
3312 1539 3630 1593 acclamat.

2053 1628 2138 1683 14.
2167 1626 2320 1692 Quid
2348 1632 2548 1684 autem
2578 1627 2718 1684 hinc
2755 1627 3046 1683 docemur
3072 1626 3100 1681 ?
3129 1630 3354 1700 Nempe
3414 1627 3633 1682 rectius

1977 1715 2105 1772 ﬁeri
2130 1717 2179 1772 si
2204 1719 2519 1774 consensio
2549 1724 2606 1774 et
2633 1734 2754 1790 pax
2780 1717 2932 1774 inter
2956 1715 3325 1773 orthodoxos
3355 1716 3633 1772 Christia-

269 1801 517 1861 στιανῶν,
573 1796 951 1860 ἀστασιάστως
1005 1803 1095 1851 καὶ
1147 1801 1500 1873 ὁμονοητικῶς
1574 1808 1865 1877 τηρουμένη

1980 1822 2089 1862 nos
2108 1805 2357 1863 ﬁrmiter
2384 1807 2878 1880 concorditerque
2899 1823 3038 1862 cum
3064 1806 3164 1861 Dei
3180 1806 3388 1862 timore
3413 1810 3470 1861 et
3491 1804 3629 1861 cha-

265 1885 402 1955 μετά
439 1882 598 1956 φόϐου
639 1892 775 1938 Θεοῦ
819 1891 910 1938 καὶ
960 1886 1190 1959 ἀγάπης,
1254 1893 1284 1949 ἧ
1338 1900 1409 1962 τῷ
1455 1895 1549 1950 τὴν
1603 1890 1868 1967 ἀκρίϐειαν

268 1968 444 2024 δοκεῖν
472 1969 704 2044 διώκειν,
724 1980 815 2028 καὶ
843 1979 902 2029 τὸ
931 1975 1086 2030 καλὸν
1132 1983 1341 2050 σχίζειν
1386 1989 1541 2053 σῶμα
1598 1989 1694 2040 τῆν
1748 1980 1868 2034 Ἐκ-

263 2060 489 2124 κλησίας
526 2070 764 2137 Χριστοῦ
793 2086 807 2098 ο
857 2087 888 2115 ιι
923 2065 1008 2122 Ἐν
1051 2071 1219 2139 τούτῳ
1265 2072 1391 2142 γάρ,
1443 2091 1472 2120 ››
1524 2089 1654 2143 φησι
1710 2075 1802 2123 καὶ
1843 2073 1868 2124 6

268 2153 482 2225 Κύριος,
507 2174 537 2203 κ
563 2159 876 2223 γνώσονται,
928 2157 1008 2208 ὅτι
1054 2159 1290 2230 μαθηταί
1337 2162 1437 2232 μού
1495 2157 1629 2230 ἐστε,
1660 2182 1689 2210 »
1739 2159 1868 2233 οὐχὶ

265 2249 340 2311 τῷ
369 2249 467 2304 τῆς
495 2240 763 2317 ἀκριϐείας
803 2241 978 2298 δοκεῖν
1033 2245 1333 2318 ἐξέχεσθαι,
1385 2249 1491 2302 ἀλλ’
1519 2273 1540 2300 ι
1598 2249 1683 2301 ἒάν
1737 2249 1866 2322 ἀγα-

263 2337 395 2384 πᾶτε
427 2330 696 2395 ἀλληλους.
726 2353 757 2383 ν
777 2334 836 2387 Ὀ
864 2343 986 2407 γοῦν
1020 2331 1095 2388 δί’
1117 2335 1382 2410 ἀκρίϐειαν
1441 2336 1600 2398 δῆθεν
1658 2344 1870 2401 κανόνος

264 2424 400 2482 τινός
436 2421 684 2497 ταραχὰς
728 2433 909 2491 ποιῶν,
971 2425 1186 2489 στάσεις
1232 2436 1408 2498 κινῶν,
1457 2435 1547 2482 καὶ
1596 2434 1653 2482 τό
1718 2439 1871 2502 σῶμα

267 2510 476 2581 σχίζων
529 2519 628 2573 τῆς
699 2511 1030 2583 Ἐκκλησίας,
1088 2513 1370 2590 ὀρθοδοξὶᾳ
1433 2527 1530 2581 τῆς
1607 2517 1871 2582 εὐσεϐείας

266 2605 712 2675 συντηρουμένης,
741 2604 768 2654 6
796 2607 1050 2674 τοιοῦτος,
1080 2605 1124 2657 εἰ
1170 2611 1261 2658 καὶ
1315 2606 1416 2659 ἀπό
1465 2605 1733 2672 εὐλαϐείας
1785 2631 1869 2663 κι-

265 2691 473 2742 νεῖσθαι
551 2694 740 2761 οἴεται,
803 2692 1008 2751 λέληθεν
1078 2694 1258 2748 ἑαυτὸν
1305 2701 1595 2770 (εἰρήσεται
1640 2701 1765 2774 γὰρ,
1827 2701 1872 2753 εἰ

263 2784 355 2832 καὶ
383 2778 641 2852 ἐπαχθὲς)
676 2779 833 2844 λύκος
888 2784 956 2834 ῶν
1008 2783 1192 2846 ἔξωθεν
1243 2788 1334 2858 μεν
1392 2785 1440 2838 ἐν
1496 2783 1629 2860 δορᾲ
1675 2788 1871 2862 προϐά-

265 2887 366 2921 των
413 2868 717 2942 ἕρχόμενος,
777 2874 964 2926 ἔσωθεν
1026 2869 1087 2926 δε
1115 2878 1286 2946 γέμων
1346 2872 1502 2929 δόλου
1545 2883 1636 2930 καὶ
1707 2879 1873 2953 ἀρπα-

270 2964 397 3027 γῆς.
418 2964 520 3012 Καὶ
545 2964 618 3032 μὴ
651 2961 768 3012 ταθ’
814 2963 961 3032 ημῶν
1015 2960 1389 3037 ἀγανακτήσῃς
1451 2963 1650 3018 ἀκούων
1682 2989 1694 3000 ·
1747 2965 1872 3021 οὐδὲ

274 3049 376 3119 γάρ
408 3049 656 3123 ἡμέτερος
713 3045 864 3113 οὗτος
904 3051 930 3102 6
982 3049 1154 3123 λόγος,
1216 3051 1346 3106 ἀλλά
1404 3062 1498 3117 τῆς
1549 3061 1726 3108 πᾶσαν
1778 3061 1872 3117 τὴν

1975 1896 2147 1952 ritate
2177 1903 2466 1966 servetur,
2494 1913 2679 1970 quam
2707 1898 2775 1963 si,
2808 1897 2954 1952 dum
3000 1899 3105 1967 jus
3129 1911 3440 1951 summum
3468 1894 3633 1950 vide-

1975 1986 2426 2058 murpersequi,
2447 1985 2788 2042 formosum
2815 1983 3084 2041 Ecclesia
3126 1984 3469 2040 Christiana
3507 1998 3631 2040 cor-

1977 2089 2093 2146 pus
2114 2073 2552 2148 discerpamus.
2578 2097 2607 2124 ‹‹
2631 2077 2697 2131 In
2713 2074 2828 2131 hoc
2853 2074 3037 2143 enim,
3061 2096 3089 2124 »
3105 2073 3299 2146 inquit
3319 2071 3629 2143 Dominus,

1980 2184 2009 2213 ιι
2041 2168 2364 2232 cognoscet
2383 2163 2823 2236 mundusquod
2835 2161 3112 2236 discipuli
3124 2163 3239 2218 mei
3252 2161 3567 2232 estis,(non
3584 2159 3634 2216 si

1978 2268 2220 2309 summo
2235 2253 2355 2325 juri
2383 2254 2690 2310 mordicus
2719 2252 3132 2319 adhaseritus,
3158 2255 3392 2323 verum)
3420 2251 3469 2306 si
3489 2251 3636 2307 invi-

1979 2359 2111 2399 cem
2141 2342 2481 2400 dilexeritis.
2519 2364 2547 2392 ››
2575 2343 2688 2409 Qui
2709 2343 2890 2414 igitur
2940 2342 3020 2398 ob
3076 2341 3331 2412 alicujus
3387 2339 3636 2398 tutelam

1977 2433 2225 2489 canonis
2247 2433 2454 2490 turbas
2473 2433 2586 2490 ciet
2606 2433 3049 2504 seditionesque
3071 2436 3432 2497 commovet,
3456 2435 3636 2502 atque

1978 2521 2250 2578 Ecclesia
2276 2537 2494 2595 corpus
2525 2521 2826 2587 discindit,
2859 2521 2931 2593 (si
2956 2519 3141 2577 modo
3167 2537 3239 2576 ea
3258 2520 3398 2576 ﬁdei
3421 2519 3636 2591 purita-

1976 2615 2097 2668 tem
2109 2610 2401 2682 retineat),
2423 2611 2542 2678 hic,
2565 2610 2837 2682 inquam,
2857 2609 3252 2682 quantumvis
3272 2625 3333 2665 se
3351 2608 3637 2680 religione

1974 2704 2319 2773 permotum
2351 2704 2638 2770 autumet,
2674 2699 2858 2755 nescit
2879 2704 3081 2755 tamen
3117 2698 3355 2768 (fremat
3373 2697 3636 2770 quisque

1975 2788 2131 2855 licet,
2157 2788 2359 2844 dicam
2389 2787 2557 2860 quod
2569 2787 3313 2860 sentio),nescit,inquam,
3339 2803 3402 2843 se
3422 2787 3637 2859 lupum

1979 2894 2109 2936 esse
2133 2878 2262 2934 ovis
2291 2878 2444 2950 pelle
2473 2877 2837 2940 confectum,
2863 2878 3199 2950 rapinaque
3238 2882 3294 2933 et
3332 2877 3472 2932 dolo
3499 2892 3638 2934 con-

1980 2974 2228 3024 cretum.
2263 2970 2464 3040 Neque
2496 2983 2635 3024 vero
2665 2967 2811 3023 mihi
2849 2966 3177 3039 quisquam
3231 2971 3581 3022 succenseat
3619 2983 3636 3032 ;

1980 3073 2104 3113 non
2133 3056 2292 3112 enim
2316 3073 2487 3113 meus
2507 3056 2603 3112 hic
2624 3071 2822 3111 sermo
2882 3061 2990 3125 est,
3067 3056 3172 3110 sed
3219 3055 3482 3111 duorum
3529 3054 3636 3128 qui

270 3135 485 3209 ύφηλιον
523 3137 869 3210 αὐγαζούσης
896 3144 987 3192 καὶ
1010 3138 1149 3213 λόγῳ
1192 3147 1282 3194 καὶ
1313 3141 1417 3216 βίῳ
1469 3153 1657 3206 σεπτῆς
1715 3145 1869 3208 ξυνω-

1980 3151 2202 3204 terram
2221 3147 2568 3202 universum
2584 3145 2763 3202 verbo
2773 3161 2844 3202 ac
2857 3145 3128 3201 moribus
3159 3143 3527 3201 illustravere
3554 3142 3636 3200 vi-

265 3224 442 3304 ρίδος,
484 3229 742 3301 Ἰγνατίου
782 3238 875 3282 τοῦ
939 3233 1205 3305 θεὸφόρου,
1259 3239 1415 3305 φημὶ,
1458 3240 1547 3287 καὶ
1630 3237 1871 3288 Ἰωάννου

265 3324 357 3370 τοῦ
387 3318 828 3393 χρυσοῤῥὴμονος
858 3340 870 3352 ·
896 3321 923 3371 6
952 3323 1042 3392 μέν
1063 3323 1185 3396 γὰρ,
1216 3343 1244 3370 ι(
1269 3321 1328 3374 Ὀ
1358 3331 1614 3392 τοιοῦτος,
1647 3346 1674 3374 ››
1717 3331 1869 3398 φησὶ,

267 3427 294 3456 (ι
317 3406 474 3469 λύκος
499 3427 584 3459 σοι
612 3407 787 3481 ἅρπαξ
813 3410 970 3479 ἔστω,
1011 3409 1277 3483 προϐάτου
1335 3413 1529 3485 φθορὰν
1580 3412 1628 3465 ἐν
1667 3413 1871 3487 προϐά-

263 3515 354 3548 του
393 3491 533 3570 δορᾷ
573 3496 1018 3571 κατεργαζόμενος
1044 3519 1056 3532 ·
1093 3500 1148 3552 ὃν
1195 3493 1335 3572 μηδὲ
1377 3501 1669 3576 μαρτυρίου
1739 3503 1873 3576 αζαα

262 3586 453 3640 πλῦναι
532 3586 779 3658 ἰσχύσειν
840 3594 1034 3660 τρανῶς
1109 3586 1450 3662 ἀποφαίνεται
1479 3611 1493 3624 ο
1530 3614 1557 3641 ››
1588 3587 1696 3644 ὁδὶ
1775 3598 1870 3652 τὴν

261 3674 496 3748 γλῶτταν
591 3684 837 3749 χρυσοῦς
919 3681 1009 3729 καὶ
1085 3685 1184 3730 τῶν
1241 3680 1479 3754 αἱρετικά
1553 3683 1869 3755 φρονούντων

266 3762 516 3838 δόγματα
534 3771 755 3840 χείρονα
782 3769 870 3818 τὸν
914 3771 1008 3826 τὴν
1056 3765 1371 3826 Ἐκκλησίαν
1417 3771 1681 3842 σχίζοντα
1741 3769 1869 3824 εἶναι

266 3849 689 3928 διαμαρτύρεται
717 3874 730 3887 ·
785 3857 875 3907 καὶ
923 3853 1029 3927 ούχ
1073 3852 1246 3918 ἁπλῶς
1290 3862 1528 3930 χείρονα,
1579 3857 1706 3912 ἀλλά
1778 3865 1869 3912 καί

247 4007 250 4010 ,
264 3945 397 4017 μετὰ
439 3942 691 4005 πλείστης
743 3944 872 4006 ὅσης
931 3950 1022 4005 τῆς
1075 3943 1362 4008 ἕπιτάσεως
1429 3946 1601 4019 πολλῷ
1679 3947 1868 4021 μᾶλλον

261 4036 446 4105 χεῖρόν
478 4051 638 4106 φησιν
659 4030 794 4106 (15).
837 4032 1020 4095 ’Ἄλλος
1063 4028 1125 4086 δέ
1152 4055 1233 4098 τις
1282 4044 1383 4087 τῶν
1435 4035 1617 4108 ἀγὶων,
1656 4037 1715 4090 Ὀ
1749 4041 1870 4108 σχί-

264 4122 369 4184 ζων
422 4126 510 4180 τὴν
557 4120 885 4193 Ἐκκλησίαν,
910 4145 940 4173 ››
993 4129 1145 4197 φησὶ,
1180 4147 1209 4176 ‹‹
1261 4121 1504 4184 δηλονότι
1563 4122 1870 4200 ὀρθοδοξίας

263 4214 452 4279 οὔσης,
481 4214 674 4263 ταυτὸν
728 4217 869 4265 ποιεῖ
915 4218 1026 4275 τοῖς
1061 4211 1232 4287 λόγχη
1286 4211 1642 4289 διατρήσασιν
1699 4215 1747 4268 ἐν
1796 4225 1869 4288 τῷ

264 4301 423 4352 πάθει
452 4302 512 4352 τό
541 4305 635 4351 τοῦ
665 4305 861 4372 Κυρίου
913 4309 1084 4374 σῶμα.
1119 4323 1149 4352 ››
1200 4300 1461 4362 Ὀπηνίκα
1518 4301 1578 4356 δέ
1628 4323 1710 4366 τις
1754 4304 1869 4357 ἐπι-

263 4393 450 4465 κρατεῖ
500 4389 724 4463 αῖρεσις,
769 4395 1062 4448 τηνικαῦτα
1111 4391 1138 4442 ὁ
1192 4388 1467 4464 ἀντιλὶγων
1513 4392 1572 4444 ού
1656 4398 1871 4468 σχίσμα

263 4479 580 4553 παρεισάγει
627 4485 690 4550 τῇ
757 4475 1045 4552 Ἐκκλησία
1095 4477 1206 4532 ἀλλ’
1254 4478 1354 4533 ἀπὸ
1405 4484 1721 4555 σχισμάτων
1776 4483 1870 4536 αύ-

264 4571 363 4626 τὴν
389 4565 675 4642 λυτροῦται
708 4588 721 4600 ·
754 4569 818 4628 ὥς
843 4585 942 4620 που
1004 4573 1114 4630 τοῖς
1167 4571 1319 4642 ἱεροῖς
1365 4571 1454 4621 καὶ
1509 4570 1663 4633 θείοις
1712 4575 1871 4622 κανό-

265 4676 352 4709 σιν
411 4656 684 4728 εύστόχως
737 4659 961 4731 εἴρηται.
1016 4655 1154 4710 Ἀλλ’
1198 4655 1458 4711 ἐπανιτέον
1511 4659 1624 4712 ὅθεν
1697 4659 1873 4723 ἐξέϐη-

260 4765 376 4820 μεν,
405 4751 497 4800 xui
528 4748 596 4800 τά
643 4743 800 4819 ὅμοια
852 4753 959 4808 τοῖς
1008 4741 1117 4804 ἤδη
1171 4743 1384 4820 ῥηθεῖσι
1431 4749 1744 4821 προσθετεον
1796 4757 1870 4821 τῷ

266 4833 406 4908 λόγῳ
415 4880 427 4892 .

344 4923 418 4982 ιε’.
453 4928 594 4980 Λέων
626 4926 651 4978 ό
691 4927 864 4998 Σοφὸς,
899 4923 961 4977 οὗ
997 4929 1088 4979 καὶ
1138 4929 1386 5000 πρότερον
1431 4924 1716 4999 ἐμνήσθην,
1775 4933 1872 4981 Νι-

265 5015 453 5070 κόλαον
473 5019 561 5068 τόν
589 5017 862 5068 Μυστικὸν
891 5021 984 5067 τοῦ
1033 5016 1215 5090 θρόνου
1273 5012 1468 5076 ἀδίκως
1521 5015 1738 5085 ἐξώσας,
1789 5019 1870 5070 ὅτι

265 5111 340 5182 μὴ
398 5113 734 5179 παραχωρῶν
783 5095 844 5163 ἦν
893 5103 1034 5176 αὐτῷ
1095 5109 1189 5163 τὴν
1249 5110 1630 5181 τετραγαμίαν,
1705 5107 1869 5160 Εύθύ·

267 5215 385 5271 μιον
423 5199 512 5248 τόν
563 5192 840 5267 σύγκελλον
885 5195 1227 5268 πατριάρχην
1280 5193 1554 5258 ἀνέδειξεν,
1601 5195 1738 5248 Ἀλλ’
1787 5199 1870 5251 ὅτε

267 5290 358 5361 μὲν
387 5287 414 5339 6
447 5288 588 5340 Λέων
628 5283 778 5346 οὗτος
823 5281 1040 5351 ἀπεϐίω,
1091 5281 1426 5360 Ἀλέξανδρος
1475 5283 1534 5338 δε
1577 5287 1604 5338 6
1654 5283 1870 5361 ἀδελφός

269 5377 434 5430 αὐτοῦ
477 5380 572 5434 τὴν
624 5373 891 5448 βασίλειον
940 5371 1116 5446 ἀρχὴν
1169 5373 1468 5445 ᾠκειώσατο
1528 5375 1715 5447 ἐαυτῷ,
1782 5381 1868 5429 τὸν

336 5555 454 5638 (εδ)
483 5555 816 5638 ιριτιιφιξιεο
836 5551 1066 5638 dictum
1091 5555 1215 5638 καφ
1237 5553 1445 5638 Isaae
1471 5569 1660 5638 quem
1681 5555 1869 5638 9m-

266 5623 517 5684 sostomi
541 5623 742 5696 exstat
767 5624 831 5696 ln
854 5623 1036 5696 hujus
1065 5625 1352 5696 postremi
1379 5623 1630 5683 hemina
1678 5627 1744 5683 XI
1797 5623 1864 5684 in

269 5699 440 5784 epist.
463 5696 545 5768 ad
564 5695 779 5770 Ephes.
809 5691 990 5764 Porro
1012 5691 1225 5768 lgnatii
1253 5696 1484 5768 dictum
1510 5698 1653 5765 citat
1681 5700 1863 5768 etiam

1980 3252 2208 3303 rorum,
2233 3236 2464 3306 lgnatii,
2477 3235 2748 3308 inquam,
2769 3234 3083 3306 theophori
3101 3239 3160 3290 et
3178 3235 3425 3290 Joannis
3458 3233 3638 3306 Chry-

1983 3325 2255 3382 sostomi.
2287 3325 2382 3380 Ait
2410 3325 2571 3380 enim
2601 3324 2840 3380 disertis
2867 3323 3064 3380 verbis
3092 3323 3361 3394 Ignatius
3423 3343 3436 3379 :
3472 3345 3500 3374 (ι
3533 3321 3636 3378 Hic

1980 3415 2087 3472 tibi
2115 3415 2238 3487 lupi
2270 3415 2456 3470 instar
2484 3414 2722 3486 rapacis
2750 3415 2842 3481 sit,
2874 3414 2978 3488 qui
3007 3414 3173 3486 gregi
3221 3414 3466 3470 exitium
3521 3413 3635 3469 sub

1980 3503 2106 3560 ovis
2135 3503 2288 3576 pelle
2315 3501 2575 3559 molitur.
2599 3505 2766 3558 Hunc
2794 3517 2870 3559 ne
2901 3502 3173 3575 martyrii
3202 3501 3444 3575 quidem
3501 3517 3637 3558 san-

1980 3593 2112 3663 guis
2143 3590 2480 3648 mundabit.
2516 3614 2544 3642 ιι
2565 3592 3034 3664 Chrysostomus
3065 3596 3268 3649 autem
3322 3591 3634 3648 hominem

1979 3683 2085 3755 qui
2113 3680 2376 3738 schisma
2401 3683 2462 3737 in
2502 3681 2762 3737 Ecclesia
2817 3679 2976 3747 facit,
3031 3681 3302 3753 pejorem
3356 3680 3636 3736 haretico

1977 3785 2108 3827 esse
2137 3775 2429 3840 testatur;
2459 3784 2655 3842 neque
2687 3768 3108 3826 tantummodo
3152 3768 3422 3841 pejorem
3469 3768 3635 3838 dicit,

1975 3875 2187 3915 verum
2217 3873 2356 3914 cum
2387 3873 2630 3914 summa
2668 3859 2943 3931 emphasi
2966 3857 3156 3914 multo
3178 3857 3448 3931 pejorem
3505 3873 3636 3915 esse

1976 3949 2346 4021 pronuntiat.
2378 3947 2538 4003 Alius
2559 3964 2702 4004 vero
2727 3953 2970 4004 sanctus
2997 3947 3090 4002 vir
3116 3946 3407 4020 quidam:
3446 3969 3466 3996 ι
3525 3948 3635 4013 Qui

1979 4035 2322 4103 Ecclesium,
2336 4036 2530 4108 inquit
2541 4035 2900 4108 (dummodo
2913 4036 2986 4092 sit
2995 4035 3382 4105 orthodoxa),
3395 4035 3632 4105 scindit,

1977 4126 2193 4182 eodem
2250 4141 2312 4181 se
2378 4124 2693 4196 obstringit
2747 4125 2986 4188 scelere,
3047 4131 3227 4198 atque
3249 4124 3332 4181 illi
3358 4124 3500 4180 olim
3532 4125 3635 4198 qui

1982 4215 2349 4272 Dominicum
2364 4230 2583 4286 corpus
2595 4214 2806 4271 lancea
2816 4212 3264 4270 transfoderunt
3283 4238 3312 4265 ››
3327 4214 3636 4272 Verumta-

1979 4319 2120 4362 men
2147 4305 2194 4360 si
2221 4319 2344 4377 qua
2373 4304 2619 4360 haresis
2654 4305 2804 4360 forte
2833 4303 3126 4372 inciderit,
3155 4309 3297 4360 tunc
3314 4303 3562 4361 demum
3587 4304 3637 4360 is

1978 4394 2083 4469 qui
2103 4393 2472 4462 adversatur,
2495 4393 2656 4449 haud
2677 4393 2942 4450 schisma
2969 4394 3030 4451 in
3055 4393 3376 4451 Ecclesiam
3393 4393 3636 4464 invehit,

1981 4483 2092 4540 sed
2142 4483 2300 4540 hanc
2330 4498 2367 4538 a
2399 4482 2722 4539 schismate
2752 4483 3029 4556 prohibet
3062 4501 3075 4552 ;
3129 4482 3308 4540 veluti
3357 4483 3419 4539 in
3453 4482 3639 4539 sacris

1980 4572 2319 4645 divinisque
2341 4571 2676 4629 canonibus
2701 4573 3000 4646 sapienter
3013 4573 3506 4630 animadversum
3524 4577 3634 4628 est.

1981 4663 2096 4720 Sed
2120 4661 2280 4725 illuc,
2313 4661 2473 4717 unde
2528 4661 2938 4729 discessimus,
2990 4661 3370 4719 redeundum
3428 4667 3540 4729 est,
3581 4666 3640 4718 et

1979 4761 2272 4824 susceptae
2301 4751 2564 4807 materia
2603 4755 2773 4808 tenor
2809 4752 3279 4809 continuandus.

2055 4933 2138 4986 t5.
2165 4932 2278 4986 Leo
2299 4929 2769 5004 Sapiens,quem
2791 4930 2918 5003 jam
2932 4936 3111 4987 antea
3141 4929 3638 4997 commemoravi,

1977 5019 2218 5077 Nicolao
2249 5019 2492 5092 Mystico
2521 5033 2627 5091 per
2667 5020 2787 5075 vim
2829 5019 3114 5090 injustam
3159 5019 3436 5091 depulso,
3491 5018 3639 5090 quia

1977 5111 2221 5182 nuptias
2247 5110 2299 5165 ei
2331 5113 2578 5181 quartas
2608 5125 2730 5165 non
2747 5107 3470 5179 annuebat,Euthymium
3496 5121 3638 5178 syn-

1979 5199 2195 5257 cellum
2226 5199 2628 5271 patriarcham
2658 5199 2813 5254 fecit.
2835 5195 2953 5254 Sed
2975 5198 3136 5254 enim
3161 5201 3398 5253 mortuo
3423 5199 3636 5268 Leone,

1979 5287 2314 5345 Alexander
2343 5286 2522 5344 frater
2547 5287 2700 5358 ejus,
2720 5287 2973 5358 imperio
3004 5285 3082 5342 ad
3111 5303 3174 5341 se
3199 5285 3511 5342 translato.
3533 5288 3640 5342 Eu-

1977 5376 2280 5450 thymium
2309 5375 2606 5448 deposuit,
2637 5374 3016 5449 propriaque
3046 5375 3172 5431 sedi
3189 5376 3442 5432 restituit
3470 5375 3640 5432 Nico-

1976 5555 2238 5611 Joannes
2291 5552 2696 5626 Antiochenus
2743 5552 2909 5626 apud
2965 5552 3317 5626 Cotelerium
3371 5555 3635 5626 Monum.

2165 5628 2259 5682 Gr.
2292 5629 2332 5682 t.
2360 5625 2404 5697 Ι,
2435 5641 2575 5698 pag.
2612 5625 2872 5696 176.,ut
2913 5627 3045 5695 jam
3099 5625 3443 5685 observavit
3498 5627 3638 5684 Gra-
