4090 6386
510 329 618 393 799

1841 316 2184 391 ΜΕτΗοῡιῐ-
2209 324 2550 388 MONACHL
2629 308 2635 318 '
3761 318 3854 380 suo

513 459 698 518 laum.
713 461 843 517 Iam
863 458 977 516 hos
998 459 1213 518 ambos
1238 459 1500 519 Ecclesia
1519 459 1761 534 recepit,
1786 459 1932 533 quia
1952 456 2166 515 scilicet

2282 458 2373 529 μεν
2399 455 2660 528 Εὐθύμιον
2685 459 2779 506 τοῦ
2829 450 3010 526 θρόνου
3056 445 3279 519 καθεῖλε,
3329 435 3582 500 Νικόλᾶον
3603 442 3660 501 δὲ
3720 444 3858 514 αὖθις

514 549 831 607 orthodoxi
859 552 1052 620 erant,
1081 554 1139 606 et
1163 549 1310 624 quia
1335 565 1540 608 sacras
1565 549 1728 621 leges
1757 547 2171 623 protegebant:

511 655 658 696 nam
688 639 1110 712 etEuthymius
1137 640 1466 713 plurimum
1495 638 1835 697 laborrasse
1855 637 2072 694 dicitur
2097 652 2174 693 ne

511 731 760 800 quartas
789 729 1034 801 nuptias
1070 731 1184 786 Leo
1211 729 1536 803 imperator
1561 729 1686 786 lata
1709 728 1840 798 lege
1871 727 2126 785 sanciret
2157 743 2170 782 :

511 816 680 891 quod
708 832 923 890 reapse
953 819 1315 892 impetravit.
1360 819 1473 876 Sed
1505 818 1583 876 ad
1637 817 1994 876 recentiores
2043 816 2176 888 jam

511 906 890 963 accedamus.
924 908 1159 965 Manuel
1177 908 1504 981 imperator
1529 909 1869 965 Comnenus
1896 909 2174 963 sanctum

511 995 919 1068 patriarcham
945 997 1222 1053 Cosmam
1249 1000 1650 1069 cognomento
1676 997 1935 1054 Atticum
1957 995 2174 1066 injuste

515 1084 658 1141 sede
678 1083 950 1158 detraxit,
986 1087 1101 1144 alio
1134 1087 1493 1156 substituto;
1531 1102 1720 1160 quam
1749 1101 1878 1142 rem
1896 1085 2048 1142 sacri
2081 1100 2175 1142 ca-

511 1189 701 1231 nones
734 1178 958 1234 vetant.
995 1176 1108 1233 Sed
1138 1180 1341 1233 tamen
1392 1175 1654 1234 Ecclesia
1706 1176 1870 1232 hunc
1929 1189 2173 1249 quoque

511 1263 952 1337 recepit,neque
983 1265 1291 1322 ordinatos
1324 1266 1402 1323 ab
1452 1282 1524 1324 eo
1581 1264 1942 1339 repudiavit,
1999 1263 2172 1330 Quod

511 1366 654 1408 vero
666 1352 984 1426 praedictus
996 1355 1244 1413 Cosmas
1255 1356 1599 1429 patriarcha
1615 1355 1805 1411 multa
1817 1369 1962 1424 erga
1985 1355 2172 1408 Deum

510 1438 734 1498 ﬁducia
771 1443 1040 1516 polleret,
1065 1443 1205 1502 hinc
1235 1445 1530 1514 innotuit;
1561 1460 1822 1501 mcerens
1856 1443 2017 1500 enim
2071 1444 2174 1498 Ec-

510 1531 704 1588 clesiae
737 1533 934 1600 malis,
959 1549 1148 1607 quam
1172 1536 1554 1606 regnantium
1583 1533 1901 1607 tyrannide
1922 1547 2174 1606 oppres-

511 1637 642 1678 sam
667 1622 1053 1696 videbat,jam
1078 1625 1219 1681 sede
1239 1625 1906 1695 decessurus,Augustee
1934 1625 2171 1679 uterum

509 1712 936 1785 imprecatione
967 1713 1278 1779 conclusit,
1311 1731 1387 1772 ne
1419 1713 1755 1771 masculam
1779 1711 2013 1787 prolem
2064 1727 2172 1768 un-

2282 556 2354 620 τῷ
2381 547 2554 618 οἰκείῳ
2587 547 2748 618 θρόνῳ
2796 540 3244 597 ἀποκατέστησεν.
3287 537 3450 590 Οὗτοι
3504 533 3562 590 δὲ
3608 541 3692 590 καὶ
3711 537 3858 612 ἀμφίς

2281 656 2418 711 τεροι
2474 633 2652 688 δεκτοὶ
2704 634 2911 693 πάντως
2955 637 3017 702 τῇ
3079 626 3370 700 Ἐκκλησία
3421 626 3551 679 εἰσὶν
3603 629 3669 689 ὡς
3721 628 3857 700 ὀρθό-

2285 722 2433 789 δοξοί
2465 728 2624 786 ὄντες,
2656 726 2746 774 καὶ
2771 721 2898 793 ὑπὲρ
2945 726 3044 772 τῶν
3087 719 3235 770 θείων
3285 719 3452 789 νόμων
3492 716 3822 788 ἠγωνισμένοι
3847 737 3857 752 ·

2282 816 2502 888 καὶγὰρ
2539 814 2746 864 καὶτὸν
2795 808 3056 881 Εὖθύμιον
3098 806 3262 859 πολλά
3311 823 3469 878 φασιν
3522 804 3859 877 ἁγωνισασθαι

2281 903 2516 957 κωλῦσαι
2577 905 2666 955 τὸν
2716 897 2943 975 βασιλέα
2991 901 3187 950 Λέοντα
3220 899 3292 968 μὴ
3351 898 3506 967 νόμον
3556 899 3650 953 τὴν
3696 913 3858 969 τετρα-

2280 998 2477 1066 γαμὶαν
2509 990 2717 1066 γράψαι
2747 993 2835 1042 οιαὶ
2872 985 3205 1057 καταλεῖψαι.
3238 987 3338 1039 Καὶ
3367 980 3437 1043 δὴ
3478 987 3568 1036 καὶ
3607 982 3856 1041 ἐκώλυσεν.

2280 1082 2537 1155 Ἓλθωμεν
2587 1077 2647 1133 δέ
2699 1077 2784 1132 ἐπὶ
2821 1085 2923 1131 τῶν
2985 1080 3262 1150 νεωτέρων.
3302 1103 3304 1105 >
3347 1080 3406 1126 Ὁ
3480 1071 3536 1125 ἐκ
3605 1079 3859 1145 Κομνηνῶν

2283 1171 2531 1245 βασιλεὺς
2584 1167 2853 1236 Μανουὴλ,
2897 1169 2986 1219 τὸν
3010 1166 3158 1239 ἅγιον
3207 1162 3256 1216 ἓν
3281 1165 3637 1238 πατριάρχαις
3667 1169 3859 1234 Κοσμᾶν

2279 1264 2364 1315 τόν
2413 1261 2651 1314 Ἀττικόν
2697 1255 2896 1319 ἀδίκως
2951 1261 3044 1309 τοῦ
3098 1256 3281 1330 θρόνου
3330 1257 3664 1324 καταγαγὼν,
3712 1252 3860 1326 ἕτερον

2282 1351 2462 1414 ανῆξεν
2488 1371 2500 1384 ·
2534 1351 2657 1425 ὅπερ
2684 1355 2796 1411 τοῖς
2817 1351 3002 1400 κανόσι
3047 1353 3155 1408 τοῖς
3207 1347 3358 1418 ἱεροῖς
3404 1344 3465 1396 οὐ
3517 1339 3679 1397 δοκεῖ.
3737 1341 3859 1395 Ἀλλ’

2280 1442 2415 1514 ὅμως
2437 1439 2726 1498 Ἐκκλησία
2745 1442 2836 1491 καὶ
2865 1443 3046 1490 τοῦτον
3078 1432 3289 1499 ὶδίξατο
3310 1456 3322 1468 ·
3352 1437 3445 1486 καί
3481 1435 3600 1494 τοὺς
3621 1427 3656 1485 ὃ
3661 1432 3694 1484 ι’
3718 1431 3860 1484 αὐτοῦ

2279 1531 2741 1606 χειροτονηθέντας
2783 1526 2876 1580 οὐκ
2920 1525 3224 1582 ἁπεϐάλετο,
3273 1523 3394 1576 Ὀτι
3449 1519 3510 1576 δὲ
3550 1521 3735 1580 πολλὴν
3776 1521 3858 1578 τήν

2278 1619 2578 1695 παρρησίαν
2604 1623 2698 1676 τὴν
2745 1620 2876 1691 πρὸς
2928 1619 3017 1668 τὸν
3075 1617 3204 1668 Θεὸν
3253 1612 3490 1666 ἐπλούτει
3541 1613 3567 1665 ό
3615 1611 3858 1687 εἰρημένος

2281 1715 2496 1782 Κοσμᾶς
2553 1710 2579 1761 ό
2626 1708 2986 1781 πατριάρχης,
3046 1704 3273 1758 ἐντεῦθεν
3319 1699 3482 1762 δῆλον
3517 1723 3530 1737 ·
3591 1705 3718 1774 φασὶ
3770 1703 3857 1773 γὰρ

509 1817 699 1875 quam
728 1807 980 1874 pareret.
1014 1805 1160 1860 Tum
1195 1805 1715 1878 Cantostephanus
1752 1802 2008 1877 tempori
2033 1801 2166 1860 veli-

2279 1801 2360 1852 ὃτι
2411 1797 2780 1874 ὑπεραλγήσας
2829 1803 2926 1858 τῆς
2979 1794 3290 1856 Ἐκκλησίας
3328 1797 3420 1846 καὶ
3475 1799 3572 1855 τῆς
3615 1789 3727 1844 κατ’
3781 1788 3862 1842 an}-

510 1889 721 1960 ﬁcans,
749 1907 888 1948 cum
918 1891 1181 1950 dominae
1212 1898 1459 1966 astaret,
1491 1909 1740 1951 manum
1799 1892 2055 1949 intendit
2107 1896 2173 1949 ut

511 1978 920 2051 patriarcham
954 1980 1513 2055 alapapercuteret:
1544 1981 1883 2055 prohibitus
1914 1985 2171 2038 tamena

507 2068 906 2141 praesentibus
934 2073 1040 2127 est.
1065 2073 1214 2127 Tum
1240 2071 1581 2144 patriarcha
1608 2085 1956 2136 conversus,
1990 2069 2170 2127 Sinite

510 2155 692 2225 hunc,
724 2158 960 2232 inquitt,
989 2161 1174 2233 paulo
1195 2166 1332 2235 post
1347 2162 1507 2218 enim
1528 2163 1797 2218 Petream
1827 2176 1998 2217 suam
2018 2160 2170 2216 exci-

509 2246 633 2318 piet
665 2264 679 2313 ;
711 2246 772 2303 id
802 2249 968 2320 quod
999 2265 1213 2322 reapse
1245 2251 1476 2307 accidit.
1521 2251 1688 2307 Brevi
1745 2250 1905 2306 enim
1964 2249 2169 2321 elapso

509 2339 778 2408 tempore
807 2336 963 2403 bello
993 2339 1304 2412 Corcyraeo
1336 2339 1852 2413 Contostephanus
1879 2339 2070 2412 periit,
2086 2338 2170 2396 la-

509 2425 649 2498 pide
679 2426 830 2483 ictus
855 2441 892 2483 a
927 2429 1129 2486 nescio
1159 2445 1281 2502 quo
1307 2429 1384 2487 de
1414 2429 1718 2503 superiore
1748 2428 1914 2485 urbis
1943 2443 2120 2484 muro
2153 2445 2166 2494 ;

511 2530 633 2588 quo
659 2516 781 2572 ictu
810 2517 994 2574 vitam
1034 2518 1190 2576 foede
1222 2521 1560 2593 misereque
1609 2519 1827 2586 amisit,
1857 2522 2035 2592 prout
2057 2533 2168 2590 pa-

511 2605 771 2662 triarcha
790 2607 1167 2680 praedixerat.
1202 2614 1480 2681 Augustae
1508 2625 1753 2683 quoque
1784 2613 1987 2665 uterus
2034 2623 2167 2666 ma-

511 2693 676 2750 sculo
705 2694 899 2751 fructu
927 2712 1138 2770 expers
1163 2698 1288 2766 fuii,
1327 2703 1464 2771 post
1495 2697 1850 2772 patriarchae
1870 2713 2058 2770 quam
2080 2695 2166 2753 di-

507 2781 708 2839 ximus
741 2783 1258 2858 imprecationem.
1279 2788 1395 2844 Etsi
1430 2789 1588 2844 enim
1613 2792 1890 2844 natusest
1912 2785 2166 2843 Manueli

508 2870 666 2928 ﬁlius
692 2872 929 2931 Alexius
957 2875 1122 2934 haud
1154 2893 1228 2935 ex
1265 2877 1365 2934 illo
1417 2880 1641 2945 tamen,
1697 2876 1802 2933 sed
1860 2891 1932 2932 ex
1985 2875 2166 2934 Maria

511 2962 736 3028 Latina,
771 2970 1084 3039 susceptus
1115 2967 1243 3024 fuit.

2277 1896 2373 1951 τῆς
2400 1884 2709 1950 δυναστείας
2743 1895 2844 1939 τῶν
2884 1885 2977 1938 οὐκ
3016 1884 3207 1956 εὖαγῶς
3256 1889 3320 1955 τῇ
3376 1880 3625 1954 βασιλείᾳ
3669 1882 3859 1955 χρωμέ-

2276 2001 2393 2049 νων,
2447 1978 2639 2052 μέλλων
2687 1975 2795 2036 ἤδη
2843 1974 3173 2051 ἓξέρχεσθαι,
3231 1978 3326 2032 τήν
3375 1969 3686 2045 Λύγοῦσταν
3737 1971 3858 2022 κατά

2276 2071 2500 2143 γαστρός
2550 2071 2873 2140 σφραγίσας,
2922 2063 3201 2138 ἐπετίμησε
3255 2067 3450 2136 μηκέτι
3491 2069 3652 2116 τεκεῖν
3703 2056 3858 2114 παῖδα

2276 2157 2481 2233 ἄρρενα.
2534 2156 2594 2209 Ὀ
2643 2153 2703 2208 δὲ
2759 2157 3189 2227 Κοντοστεφανος,
3255 2160 3327 2221 τῷ
3365 2159 3538 2228 καιρῷ
3595 2153 3859 2226 χαριζόμε-

2275 2266 2380 2312 νος,
2437 2245 2547 2298 ἐπεί
2604 2249 2874 2318 παρεστὼς
2937 2240 2999 2301 ἧν
3057 2250 3120 2316 τῇ
3178 2238 3468 2315 δεσποίνῃ,
3523 2240 3724 2304 ἐξέτεινε
3775 2240 3858 2295 τὴν

2276 2343 2437 2411 χεῖρα
2463 2336 2690 2410 ῥαπίσαι
2730 2336 2816 2386 τόν
2862 2334 3204 2408 πατριάρχην
3232 2351 3246 2365 ⁸
3303 2328 3417 2383 ἀλλ’
3478 2329 3704 2387 ἐκωλύθη
3742 2328 3858 2401 πρὸς

2276 2434 2376 2479 τῶν
2413 2429 2892 2500 συμπαρεστὼτων.
2948 2422 3008 2475 Ὀ
3053 2428 3179 2494 γοῦν
3225 2423 3580 2498 πατριάρχης
3634 2419 3861 2491 ἐπιστρα-

2277 2520 2404 2588 φείς,
2437 2513 2620 2587 ’Ἄφετε
2661 2513 2835 2582 αὐτόν,
2891 2515 3006 2586 ἔφη,
3075 2510 3185 2584 μετ’
3235 2510 3295 2562 οὗ
3358 2510 3499 2564 πολὺ
3542 2515 3632 2568 τὴν
3683 2507 3856 2560 οἰκείαν

2275 2608 2496 2680 Πετρὶαν
2531 2602 2818 2676 ληψόμενον
2851 2602 2912 2654 ’ὃ
2949 2606 3040 2654 καὶ
3086 2603 3290 2674 γέγονεν
3343 2600 3465 2673 (16)
3489 2616 3502 2632 ⁸
3543 2598 3707 2670 ὀλίγον
3761 2595 3853 2668 γὰρ

2274 2691 2564 2754 δειλθόντος
2611 2700 2818 2768 καιροῦ,
2871 2696 3050 2745 πίπτει
3100 2692 3126 2743 ό
3183 2693 3593 2763 Κοντοστίφανος
3652 2686 3720 2747 είς
3769 2686 3852 2736 τὸν

2271 2785 2407 2836 κατά
2467 2787 2731 2857 Κέρκυραν
2782 2780 3024 2854 πόλεμον,
3084 2777 3214 2850 λίθῳ
3274 2776 3488 2851 βληθείς
3554 2777 3677 2850 πρός
3719 2789 3850 2832 τινος

2271 2881 2371 2925 τῶν
2391 2879 2484 2924 τοῦ
2510 2872 2696 2933 ἄστεος
2720 2869 2910 2924 ἄνωθεν
2938 2890 2951 2903 ’
2995 2869 3062 2941 ὑφ
3093 2866 3171 2921 οὐ’
3208 2867 3359 2920 λίθου
3418 2871 3506 2920 καὶ
3547 2867 3635 2922 τήν
3677 2861 3852 2933 ψυχὴν

2274 2963 2512 3035 αἰσχρῶς
2538 2959 2759 3014 ἀπέϐαλε
2776 2965 2867 3012 καὶ
2893 2958 3137 3024 ἐλεεινῶς,
3177 2958 3316 3010 κατὰ
3375 2962 3474 3017 τὴν
3535 2961 3623 3008 τοῦ
3683 2969 3856 3025 πατριι

509 3049 682 3126 ἄρχου
728 3053 1057 3131 πρόρρησιν·
1107 3055 1235 3108 ἀλλά
1277 3060 1366 3109 καὶ
1412 3058 1442 3115 ἡ
1499 3064 1590 3117 τῆς
1632 3056 1943 3128 Αὐγούστης
2007 3056 2215 3128 γαστὴρ
2279 3054 2508 3125 ἄκαρπος
2547 3049 2601 3114 ἐξ
2656 3048 2925 3125 ἀρῥενικῆς
2971 3054 3126 3121 γονῆς
3168 3049 3330 3120 ἔμεινε
3380 3051 3477 3106 τήν
3524 3043 3646 3119 παρ’
3710 3040 3856 3131 αὐτοῦ

509 3138 833 3214 ἔπιτίμησιν,
888 3147 958 3209 ὡς
1014 3148 1239 3218 εἴρηται,
1288 3143 1582 3219 δεξαμένη·
1639 3146 1683 3198 εἰ
1746 3146 1848 3220 γὰρ
1906 3148 1996 3196 καὶ
2047 3148 2226 3217 γέγονε
2281 3149 2354 3215 τῷ
2411 3139 2662 3200 Μανουὴλ
2712 3141 2827 3203 υἰός
2872 3137 3113 3208 Ἀλέξιος,
3187 3135 3298 3189 ἀλλ’
3362 3137 3462 3191 οὐκ
3530 3133 3583 3188 ἐκ
3652 3139 3739 3194 τῆς
3797 3127 3857 3184 εἰ·

508 3235 732 3304 ρημένης
761 3232 915 3286 αὐτόν
947 3233 1193 3307 ἐγείνατο,
1226 3234 1453 3290 ἁλλ’ἁπὸ
1473 3239 1676 3309 Μαρίας
1699 3242 1788 3296 τῆς
1815 3234 1866 3288 ἐκ
1895 3237 2156 3289 Λατίνων.

586 3447 670 3502 t6.
701 3445 853 3512 Quid
882 3463 1025 3506 vero
1052 3451 1318 3508 Isaacius
1348 3450 1614 3523 Angelus
1636 3451 1664 3507 ?
1688 3452 1894 3507 Nonne
1949 3451 2165 3522 praeter
2193 3449 2235 3503 C

508 3548 750 3592 omnem
775 3536 1000 3608 justam
1032 3555 1284 3598 causam
1314 3541 1628 3599 titulumve
1647 3540 2028 3603 canonicum,
2059 3541 2163 3596 Ca-

504 3627 736 3682 matero
761 3626 1053 3700 deposito,
1088 3630 1352 3688 Nicetam
1415 3630 1790 3689 sacellarium
1851 3627 2163 3686 oblrusit?

506 3713 713 3770 Nonne
741 3715 904 3773 hunc
935 3723 999 3775 ut
1030 3719 1420 3788 imbecillum,
1454 3735 1616 3776 anno
1656 3735 1777 3776 uno
1794 3722 2024 3783 exacto,
2064 3733 2163 3774 re—

504 3817 777 3876 movens,
811 3807 1119 3865 Leontium
1148 3810 1554 3882 patriarcham
1587 3809 1720 3866 fecit
1744 3824 1927 3881 quem
1983 3807 2163 3864 etiam

504 3893 832 3951 Marianum
860 3897 1162 3966 vocitavit,
1195 3904 1440 3965 testans,
1481 3899 1644 3956 hunc
1683 3899 1795 3955 sibi
1832 3913 1870 3954 a
1907 3897 2164 3970 Deipara

505 3985 816 4040 ostensum
846 4001 986 4042 cum
1017 3987 1326 4053 mandato,
1363 3993 1428 4044 ut
1455 3987 1687 4060 dejecto
1722 3987 1920 4044 Niceta
1977 3989 2162 4042 Leon-

505 4071 652 4128 tium
688 4073 750 4128 in
782 4074 923 4131 sede
961 4078 1265 4149 poneret?
1322 4081 1528 4134 Nonne
1581 4081 1789 4149 postea
1848 4077 2161 4133 Leontium

504 4162 931 4232 exauctoravit,
963 4164 1273 4221 afﬁrmans
1298 4166 1518 4238 pariter
1555 4166 1615 4222 id
1657 4166 1771 4222 sibi
1825 4181 1863 4222 a
1911 4165 2164 4238 Deipara

502 4248 888 4320 imperatum,
917 4255 972 4308 et
1002 4253 1347 4311 Dositheum
1377 4255 1988 4327 Hierosolymitanum
2015 4254 2161 4310 Con-

506 4337 960 4410 stantinopolim
992 4342 1286 4400 transtulit
1310 4344 1716 4415 patriarcham
1744 4345 1772 4401 ?
1790 4343 2162 4416 Obloquente

504 4429 706 4484 autem
719 4443 1086 4502 magnopere
1099 4431 1177 4488 ob
1188 4432 1346 4488 hanc
1358 4449 1485 4489 rem
1497 4436 1750 4506 populo,
1764 4447 1967 4488 nonne
1979 4432 2161 4489 etiam

505 4516 821 4573 Dositheus
853 4519 995 4577 sede
1021 4522 1254 4592 excidit,
1282 4523 1399 4580 alio
1440 4523 1762 4581 substituto
1810 4524 1836 4578 ‘I
1886 4522 2161 4596 Quinque

498 4603 679 4676 igitur
701 4605 1072 4677 patriarchas
1110 4591 1438 4683 Byzantina
1460 4612 1522 4668 in
1565 4611 1711 4668 urbe
1739 4611 1895 4668 intra
1925 4591 2156 4667 noven-
2195 4591 2238 4646 Β

503 4694 675 4750 nium
712 4698 1014 4754 constituit
1044 4702 1327 4772 lsaacius,
1368 4706 1596 4774 quanto
1635 4700 1858 4757 scilicet
1891 4705 2158 4773 tempore

502 4783 631 4855 ipse
653 4787 924 4857 regnavit
953 4805 964 4855 ;
992 4789 1286 4847 rationem
1308 4791 1557 4862 quidem
1579 4789 1672 4847 vel
1683 4790 2005 4848 canonicas
2019 4807 2158 4848 cau-

503 4889 600 4930 sas
628 4875 824 4931 nullas
853 4883 1112 4948 secutus,
1156 4879 1263 4936 sed
1297 4879 1542 4953 propria
1581 4883 1815 4936 tantum
1856 4879 2158 4937 voluntate

502 4968 561 5020 et
586 4963 828 5021 arbitrio
847 4966 1016 5023 illum
1042 4968 1307 5039 ejiciens,
1335 4969 1496 5025 hunc
1521 4984 1840 5040 oggerens.
1861 4973 1927 5026 Et
1949 4974 2154 5026 tamen

501 5051 719 5109 borum
748 5056 1075 5125 neminem,
1102 5057 1198 5113 vel
1221 5074 1327 5114 eos
1356 5058 1461 5131 qui
1495 5058 1574 5114 ab
1603 5059 1697 5115 his
1717 5063 1856 5115 sunt
1877 5057 2154 5129 ordinati,

503 5143 763 5199 Ecclesia
791 5144 1041 5201 exclusit
1071 5163 1084 5200 :
1113 5147 1401 5220 quodque
1427 5148 1697 5204 festivius
1735 5148 1865 5216 fuit,
1916 5147 2007 5204 vel
2054 5165 2158 5222 po-

504 5229 617 5286 tius
650 5232 904 5304 turpius,
937 5248 1149 5290 omnes
1183 5235 1246 5292 hi
1272 5240 1562 5307 regnante
1602 5236 1820 5293 lsaacio
1859 5235 2154 5306 vivebant,

575 5452 690 5524 (16)
716 5455 849 5510 Haac
872 5461 1048 5534 erant
1075 5457 1241 5531 apud
1268 5459 1673 5534 Ephraemium
1704 5477 1760 5534 vi
1795 5462 1966 5516 10165
1989 5476 2154 5534 ssqq.

504 5523 736 5605 absque
782 5527 988 5605 notitia
1007 5523 1208 5587 tamen
1227 5523 1395 5604 quod
1423 5531 1946 5605 Contostephanus
1973 5523 2159 5604 per'ié-

504 5595 762 5673 ηερξηερ
796 5598 1125 5673 Corcyrmo.

577 5668 693 5741 (t7)
709 5670 875 5727 Hunc
901 5662 1105 5731 locum
1117 5671 1190 5731 de
1208 5662 1414 5733 Isaacii
1441 5674 1649 5746 Angeli
1669 5662 2157 5750 promotionibus

2349 3445 2518 3511 ις’.Τί
2540 3441 2599 3499 δε
2627 3448 2717 3498 καὶ
2748 3443 3014 3506 Ἰσαάκιος
3043 3444 3068 3496 ό
3096 3441 3345 3514 Ἀγγελος
3398 3440 3552 3515 (17);
3599 3438 3657 3492 οὗ
3711 3437 3860 3510 χωρὶς

2273 3538 2450 3598 πάσης
2472 3535 2644 3596 αἰτίας
2670 3533 2882 3606 εὐλόγου
2931 3538 3021 3586 καὶ
3079 3540 3356 3594 κανονικῆς
3430 3531 3598 3592 αἰτίας
3640 3530 3723 3582 τὸν
3765 3531 3861 3580 Κα-

2273 3629 2507 3701 ματηρόν
2537 3632 2628 3678 τοῦ
2676 3626 2858 3699 θρόνον
2912 3627 3300 3698 παρακινήσας,
3351 3625 3598 3681 Νικὴταν
3648 3620 3730 3671 τόν
3781 3633 3861 3667 σα-

2273 3716 2533 3790 κελλάριον
2561 3717 2737 3784 ἔθετο;
2786 3713 2932 3786 Οὐχί
2977 3720 3158 3766 τοῦτον
3217 3708 3373 3773 αὖθις
3423 3716 3493 3774 ὡς
3546 3709 3697 3784 ἀφελῆ
3759 3724 3862 3780 μετ,

2273 3803 2505 3858 ἐνιαυτὸν
2562 3804 2660 3856 ἀνα
2710 3808 3042 3875 καταγαγὼν,
3097 3804 3182 3854 τόν
3259 3802 3565 3860 θεοτοκίτην
3639 3801 3860 3853 Λεόντιον

2271 3897 2612 3969 πατριάρχην
2655 3897 2981 3957 πεποίηκεν;
3027 3893 3081 3944 ὃν
3132 3895 3222 3943 καὶ
3284 3891 3588 3949 θεοτοκίτην
3645 3886 3858 3948 ἐκάλεσε,

2274 3982 2732 4056 διαϐεϐαιούμενος
2783 3986 2878 4041 τὴν
2922 3983 3175 4035 Θεοτόκον
3211 3979 3602 4053 ἐμφανισθῆναί
3658 3979 3726 4044 οἱ,
3781 3975 3862 4025 καὶ

2271 4073 2568 4148 προστάξαι
2625 4077 2858 4130 Νικήταν
2906 4073 2996 4144 μὲν
3043 4069 3297 4138 καθελεῖν,
3342 4074 3587 4124 Λεόντιον
3629 4063 3688 4121 δὲ
3764 4060 3860 4115 ἀντ’

2273 4163 2432 4216 αὐτοῦ
2463 4171 2535 4234 τῷ
2569 4165 2731 4236 θρόνῳ
2753 4160 3188 4232 symmetriam;
3241 4158 3390 4231 Οὐχί
3450 4156 3604 4221 αὖθις
3645 4160 3729 4210 τόν
3782 4155 3862 4225 μέν

2273 4256 2512 4306 Λεόντιον
2552 4259 2644 4304 τοῦ
2683 4253 2863 4327 θρόνου
2904 4250 3105 4316 ἐξέωσε,
3153 4257 3243 4310 τῆς
3283 4253 3551 4302 Θεοτόκου
3607 4247 3745 4317 αὐτῷ
3783 4244 3864 4294 καὶ

2271 4341 2424 4394 πάλιν
2487 4349 2639 4394 τοῦτο
2692 4348 2916 4400 ποιῆσαι
2978 4336 3362 4412 ὃιαταξαμένης
3453 4337 3861 4413 ἰσχυριζόμένος.

2270 4433 2357 4482 τόν
2410 4429 2776 4505 Ἱεροσολύμων
2858 4425 2918 4482 δέ
3001 4428 3241 4480 Δοσίθεον
3326 4435 3427 4488 τῆς
3489 4426 3861 4480 Κωνσταντίνου

2275 4523 2527 4595 ἱεράρχην
2572 4515 2875 4586 (instituisti;
2950 4517 3088 4572 Ἐπεί
3127 4514 3187 4570 δὲ
3264 4518 3290 4570 ό
3351 4520 3664 4589 γογγυσμὸς
3719 4510 3865 4570 πολὺς

2271 4615 2388 4684 περί
2435 4613 2622 4663 τούτου
2674 4611 2968 4681 γεγένηται,
3019 4607 3148 4679 οὐχὶ
3207 4611 3297 4660 καὶ
3357 4609 3628 4674 Δοσίθεος,
3689 4605 3862 4656 τούτου

2269 4702 2414 4754 ἕνεκα
2486 4706 2577 4753 τοῦ
2656 4700 2838 4772 θρόνου
2916 4696 3210 4769 ἀποπεσὼν,
3300 4696 3476 4770 ἔτερος
3570 4693 3860 4757 ποεϐλ.ἡθη;

2269 4795 2424 4844 Πέντε
2465 4799 2589 4864 γοῦν
2637 4789 2772 4842 οὕτω
2815 4790 3156 4864 πατριάρχας
3212 4794 3307 4850 τῆς
3371 4791 3766 4841 Κωνσταντίνου
3838 4779 3862 4830 ὁ

2264 4882 2522 4941 ³Ισαάκιος
2585 4883 2906 4938 κατέστησεν
2951 4876 2999 4930 ἐν
3039 4880 3254 4951 χρόνοις
3288 4875 3451 4942 ἐννέα,
3509 4877 3600 4939 οὖς
3648 4879 3736 4928 καὶ
3809 4866 3862 4928 ἦν

2267 4969 2593 5044 βασιλεύσας
2619 4969 2812 5030 αὐτός’
2859 4967 2996 5040 λόγῳ
3039 4970 3129 5040 μὲν
3179 4971 3269 5020 καὶ
3333 4962 3634 5028 κωονικοῖς
3691 4961 3860 5035 ἐγκλή-

2266 5079 2427 5133 μασιν
2467 5055 2713 5131 οὐδαμῶς
2760 5055 2932 5118 ἁπλῶς
2991 5052 3050 5110 δὲ
3092 5056 3264 5127 οἰκείῳ
3314 5055 3574 5128 θελήματι
3625 5057 3715 5106 καὶ
3764 5048 3864 5123 ὀρέ-

2268 5149 2363 5216 ξει,
2418 5151 2504 5201 τόν
2549 5150 2638 5220 μὲν
2685 5148 2948 5218 κατάγων,
2999 5145 3084 5198 τόν
3134 5142 3184 5198 δ’
3241 5143 3469 5216 ἀνάγων,
3553 5148 3656 5198 Καὶ
3736 5144 3862 5212 ὅμως

2267 5235 2443 5301 οὐδείς
2494 5240 2710 5308 τούτων,
2758 5240 2787 5296 ἤ
2841 5244 2940 5288 τῶν
3009 5231 3086 5287 δι’
3157 5233 3324 5288 αὐτῶν
3400 5232 3860 5308 χειροτονηθέντων

2269 5476 2375 5518 seu
2395 5459 2596 5533 potius
2619 5457 3173 5532 perturbationibus
3198 5455 3623 5514 ecclesiasticis
3650 5447 3860 5526 profert

2271 5531 2857 5560 ,ηιιηειυυκιιηιιηε-ν.
2884 5532 2909 5560 Δ
2924 5530 3120 5560 Ila“..-
3136 5531 3364 5560 [τι-...εικῆ
3388 5527 3631 5560 [νηουηιι
3675 5535 3853 5560 avum.

2269 5527 2640 5592 exMethodio
2652 5534 2859 5588 nostro
2874 5530 3121 5587 Allatius
3135 5531 3367 5587 Contra
3388 5527 3655 5598 Creygh.
3674 5535 3855 5580 exere.

2267 5621 2400 5666 xvu,
2420 5619 2479 5677 p.
2503 5607 2628 5661 330.
2647 5605 2793 5660 Rem
2813 5605 3021 5661 narrat
3042 5602 3224 5661 etiam
3249 5599 3634 5672 Ephremius
3657 5613 3706 5655 γ.
3729 5591 3858 5651 60m

2265 5690 2404 5750 sqq.
