4090 6386
245 284 355 340 801

1449 279 1557 365 ns.
1579 277 1967 371 sculsultru
1998 278 2327 338 vxrmno.

3514 286 3621 347 802

244 402 470 467 άδεκτος
498 412 562 479 τῇ
615 403 901 480 Ἐκκλησιᾳ
938 407 1234 480 γεγένηται.
1266 403 1348 461 T6
1402 402 1462 460 δε
1492 401 1560 465 δὴ
1594 404 1851 460 ἀστειότε-

1965 408 2199 479 prepter
2220 404 2469 463 brevem
2500 405 2733 479 imperii
2749 405 2880 479 ejus
2903 406 3246 481 periodum.
3283 410 3398 469 Sed
3416 410 3492 470 de
3519 413 3617 471 his

241 514 358 572 ρον,
407 494 598 569 μᾶλλον
643 491 703 550 δε
744 494 1069 572 ἀτιμότερον,
1111 496 1188 549 ὅτι
1234 497 1417 557 πάντες
1465 494 1594 557 ἕξων
1641 498 1691 548 ἓν
1739 501 1850 557 ταῖς

1957 494 2270 553 hactenus.
2301 497 2472 552 Nunc
2503 495 2622 553 alia
2651 494 2964 553 subtexere
2993 497 3207 571 placet.

239 587 467 661 ἡμέραις
514 584 806 653 Ἰσαακίου,
883 583 978 640 διὰ
1020 588 1078 639 τὸ
1133 584 1495 659 ὀλιγοχρόνιον
1576 586 1724 657 τάχα
1773 583 1822 637 ἐν
1877 592 1941 658 τῇ
2002 582 2146 660 ἀρχῇ
2221 584 2377 638 αὐτόν
2448 587 2786 658 γεγενῆσθαι.
2846 590 2948 640 Καὶ
2981 593 3100 663 περὶ
3140 591 3231 662 μεν
3284 593 3482 644 τούτων
3530 589 3616 646 ἐπὶ

239 681 515 729 τοσοῦτον.
548 670 682 728 Ὧδε
712 670 773 729 δε
796 679 886 728 καὶ
909 682 1077 729 ταῦτα
1102 676 1450 751 προστίθημι.

317 762 405 825 ιζ’.
464 763 706 838 Μάξιμος
761 766 790 817 6
844 774 944 817 τῶν
993 763 1359 841 Ἱεροσολύμων
1410 766 1543 839 ἱερὸς
1593 758 1851 839 πρόεδρος

244 857 339 905 καὶ
368 852 721 927 όμολογητὴς,
766 851 946 914 έπειδή
994 849 1215 908 σύνοδον
1260 856 1569 930 συνήθροισε
1608 858 1847 918 τοπικὴν,

241 945 336 994 καὶ
389 945 479 994 τὸν
535 947 699 1015 μέγαν
754 940 1091 998 Ἀθανάσνιον
1149 944 1220 1006 εἰς
1266 948 1507 997 κοινωίαν
1560 939 1771 1006 ἑδέξατο
1800 940 1854 1006 ἓξ

238 1028 569 1103 Ἀντιοχείας
614 1029 915 1109 ἐρχόμενον,
965 1038 1056 1087 καὶ
1106 1038 1201 1092 τὴν
1259 1033 1440 1087 ἑαυτοῦ
1490 1032 1638 1087 πόλιν
1693 1051 1851 1085 κατα·

234 1114 412 1173 λαϐεῖν
459 1118 774 1195 σπεύδοντα,
821 1118 1095 1197 δεξάμενον
1119 1119 1227 1183 ἤδη
1274 1122 1323 1176 ἓν
1376 1122 1677 1196 Ἀντιοχείᾳ
1721 1122 1852 1196 πρὸς

237 1217 331 1263 τοῦ
385 1207 644 1284 βασιλέως
709 1218 1072 1267 Κωνσταντίου
1127 1217 1222 1272 τήν
1268 1221 1360 1266 τοῦ
1417 1212 1606 1267 οἰκείου
1670 1214 1851 1287 θρόνου

235 1296 563 1373 ἐκχώρησιν,
624 1297 895 1364 διαϐολαῖς
963 1310 1056 1356 τοῦ
1111 1308 1423 1379 Καισαρείας
1502 1300 1854 1361 Παλαιστίνης

240 1386 495 1442 Εύσεϐίου
568 1390 702 1463 (18),
779 1399 872 1444 τοῦ
957 1391 1148 1445 οἰκείου
1231 1394 1413 1468 θρόνου
1489 1389 1849 1456 ἕκπεπτωκώς,

244 1474 490 1551 ἀνάγεται
538 1479 607 1542 εἰς
665 1480 822 1534 αύτόν
874 1475 1084 1555 σπουδῇ
1145 1488 1237 1535 τοῦ
1290 1482 1450 1535 αὐτοῦ
1507 1484 1850 1556 Καισαρείας,

243 1568 492 1642 Κύριλλος
535 1570 563 1623 6
601 1571 911 1644 θαυμάσιος,
959 1571 1013 1634 ὃς
1060 1575 1148 1625 καὶ
1194 1578 1292 1635 τῆς
1343 1572 1547 1647 Ἀρείου
1606 1573 1855 1645 αἱρέσεως

238 1661 301 1712 τὸ
334 1663 581 1733 πρότερον
622 1655 879 1735 διάπυρος
914 1659 1139 1735 ἐραστὴς
1184 1660 1273 1734 ᾖν.
1334 1665 1435 1715 Καὶ
1480 1668 1633 1713 τοῦτο
1695 1657 1853 1720 δῆλον

237 1752 330 1801 καὶ
360 1747 414 1812 ἐξ
440 1748 603 1802 ἄλλων
632 1753 723 1823 μὲν
782 1749 1004 1822 πόλλῶν,
1038 1750 1145 1823 ούχ
1175 1746 1330 1809 ἧττον
1367 1746 1426 1804 δὲ
1478 1756 1568 1804 καὶ
1611 1757 1703 1804 τοῦ
1740 1751 1855 1805 Μά-

240 1835 393 1911 ξιμον
422 1840 513 1911 μέν
551 1841 611 1891 τό
649 1841 927 1912 όμοούσιον
982 1838 1335 1916 πρεσϐεύοντα
1390 1848 1482 1893 τοῦ
1537 1842 1720 1914 θρόνου
1772 1837 1856 1897 ἐκ,

235 1934 438 1998 πεσεῖν,
499 1927 748 2003 Κύριλλον
808 1925 868 1983 δε
922 1933 1054 2005 πρὸς
1101 1930 1377 2004 Ἀρειανῶν
1433 1933 1543 1983 ἀντὶ
1606 1929 1853 2004 Μαξίμου

234 2025 570 2077 καταστῆναι
630 2014 885 2093 πρόεδρον
929 2027 1026 2082 τῆς
1080 2017 1231 2092 ἁγίας
1289 2026 1437 2076 Σιών,
1497 2023 1652 2092 Λέγει
1712 2016 1772 2073 δὲ
1827 2020 1854 2071 6

237 2110 468 2171 Νύσσης
510 2108 639 2170 θεῖος
684 2112 970 2181 Γρηγὸριος
1020 2107 1068 2161 ἐν
1118 2117 1192 2180 τῷ
1214 2109 1322 2171 ἐἰς
1372 2114 1468 2169 τηρ.
1527 2104 1854 2182 ἀνακομιδήν

236 2199 494 2270 Στεφάνου
576 2204 669 2250 τοῦ
736 2200 1182 2273 πρωτομάρτυρος
1232 2197 1370 2271 λόγῳ
1454 2199 1569 2272 (l9)
1625 2199 1782 2259 οὕτως
1835 2218 1852 2232 ο

238 2309 269 2339 ι(
310 2286 408 2340 Ἦν
463 2281 524 2340 δὲ
596 2288 622 2340 ὁ
654 2286 900 2363 Κύριλλος
947 2287 1003 2340 ἐκ
1061 2287 1401 2361 μεταμελείας
1450 2296 1523 2359 τῷ
1583 2290 1852 2362 όμοουσίῳ

234 2377 600 2453 προσθέμενος.
665 2397 688 2427 ι
741 2371 909 2438 Οὗτος
987 2381 1077 2430 καὶ
1131 2376 1180 2429 ἐν
1236 2385 1300 2451 τῇ
1362 2374 1583 2451 δευτέρᾳ
1646 2374 1852 2451 συνόδῳ

238 2475 416 2542 παρῆν
464 2467 592 2543 ὑπὲρ
644 2475 739 2520 τοῦ
788 2465 945 2541 ὀρθοῦ
1001 2464 1376 2541 ἀγωνιζόμενος
1430 2464 1733 2542 δόγματος
1762 2471 1852 2521 καὶ

241 2558 645 2631 συγγράμματα
718 2551 778 2609 δε
818 2554 1040 2610 πλεῖστα
1097 2562 1188 2609 καὶ
1247 2559 1427 2620 πάσης
1473 2557 1715 2631 ὡφελείας
1770 2560 1849 2629 γέ-

234 2653 477 2720 μονταῇ
559 2654 660 2698 τῶν
733 2641 1027 2721 ὄρθοδόξων
1105 2643 1468 2701 καταλέλοιπεν
1539 2645 1847 2711 Ἐκκλησία.

236 2736 409 2798 Οὗτος
450 2733 511 2788 ού
555 2739 709 2808 μόνον
761 2735 854 2788 ούκ
921 2733 1214 2799 ἀπόϐλητος
1274 2740 1451 2809 γέγονε
1489 2744 1561 2808 τῷ
1609 2735 1852 2796 ἐπιϐῆναι

234 2833 330 2880 τοῦ
412 2827 619 2899 θρόνου,
678 2827 753 2878 ἔτι
818 2824 1101 2888 ζῶντόςτοῦ
1163 2828 1299 2901 ἱεροῦ
1369 2825 1613 2900 Μαξίμου
1658 2832 1747 2879 καὶ
1800 2825 1849 2878 ἕν

238 2914 415 2990 ἐξορίᾳ
468 2917 598 2990 ὑπερ
665 2922 757 2969 τοῦ
825 2914 982 2990 ὀρθοῦ
1034 2913 1312 2987 διάγοντος
1356 2915 1537 2988 λόγου,
1588 2914 1715 2970 ἀλλὰ
1760 2920 1852 2970 καὶ

1892 1619 1934 1675 Β

2040 767 2123 819 17.
2179 761 2744 837 Hierosolymorum
2799 764 3144 838 patriarcha
3192 771 3251 825 et
3306 768 3619 828 confessor

1961 851 2273 918 Maximus,
2287 856 2633 925 postquam,
2647 858 3011 926 congregata
3022 853 3333 912 Palaestina
3354 858 3590 929 synodo
3601 901 3615 926 ,

1960 954 2255 1012 magnum
2276 940 2678 998 Athanasium
2704 941 3022 1000 Antiochia
3048 943 3384 1016 profectum
3436 950 3619 1020 atque

1960 1027 2041 1086 ad
2073 1044 2247 1086 suam
2276 1029 2490 1087 urbem
2512 1030 2900 1089 accedentem
2924 1032 2987 1089 in
3016 1034 3509 1091 communionem
3522 1050 3620 1093 ac-

1961 1118 2138 1189 cepit,
2169 1118 2274 1190 qui
2295 1117 2423 1189 jam
2479 1119 2788 1176 decretum
2856 1121 3183 1179 Constantii
3239 1122 3618 1196 imperatoris

1962 1210 2176 1263 nactus
2198 1211 2325 1264 erat
2351 1207 2700 1276 Antiochia,
2729 1225 2852 1282 quo
2874 1210 3016 1267 sede
3048 1227 3161 1269 sua
3180 1211 3617 1285 deponebatur,

1963 1300 2204 1369 propter
2229 1296 2468 1355 Eusebii
2505 1298 2883 1355 Caesariensis
2909 1299 2972 1356 in
3001 1300 3316 1360 Palaestina
3341 1302 3616 1376 episcopi

1962 1383 2317 1455 calumnias,
2342 1386 2471 1460 ipse
2496 1402 2741 1461 quoque
2761 1387 3050 1445 Maximus
3098 1390 3239 1447 sede
3261 1408 3373 1449 sua
3425 1392 3623 1450 detra-

1960 1472 2141 1547 hitur;
2203 1474 2505 1549 habetque
2536 1492 2974 1545 successorem,
3035 1477 3340 1537 adnitente
3400 1482 3617 1540 eodem

1964 1563 2330 1632 Casariensi,
2362 1564 2644 1639 Cyrillum
2687 1565 2858 1623 illum
2887 1565 3228 1636 miriﬁcum,
3295 1570 3401 1643 qui
3439 1576 3619 1630 antea

1962 1652 2229 1711 fervidus
2257 1654 2378 1711 Arii
2406 1655 2636 1713 assecla
2664 1654 2875 1714 fuerat:
2903 1672 3040 1729 qua
3063 1673 3158 1713 res
3188 1674 3329 1715 cum
3375 1660 3619 1721 aliunde

1964 1748 2218 1813 constat,
2242 1748 2370 1801 tum
2401 1744 2541 1802 inde
2566 1745 2767 1817 etiam,
2812 1746 2981 1820 quod
3028 1747 3317 1805 Maximus
3364 1750 3596 1809 homou

1963 1833 2174 1891 sianus
2204 1833 2435 1892 honore
2464 1833 2682 1892 excidit
2711 1834 2969 1909 Cyrillus
3000 1840 3202 1894 autem
3252 1837 3331 1895 ab
3386 1839 3619 1898 Arianis

1965 1922 2048 1980 ad
2072 1928 2292 1981 sancta
2313 1922 2481 1980 urbis
2519 1923 2937 1997 pontiﬁcatum
2989 1930 3306 1998 promotus
3352 1934 3445 1985 est
3506 1945 3620 2003 pro

1965 2013 2238 2070 Maximo.
2272 2016 2450 2071 Porro
2489 2013 2665 2070 divus
2687 2015 3002 2086 Gregorius
3033 2019 3338 2088 Nyssenus
3379 2017 3443 2075 in
3490 2035 3622 2078 ora-

1963 2103 2125 2159 tione
2151 2102 2226 2160 de
2240 2102 2628 2177 reliquiarum
2646 2103 2932 2178 Stephani
2951 2107 3409 2181 protomarytris
3431 2113 3617 2168 trans-

1963 2189 2203 2265 latione,
2268 2191 2353 2249 sic
2410 2194 2537 2250 ait:
2581 2215 2602 2243 ι
2648 2193 2898 2265 Cyrillus
2953 2200 3095 2267 post
3144 2196 3618 2269 resipiscentiam

1962 2280 2332 2339 vocabulum
2356 2281 2703 2340 homousion
2730 2283 3106 2342 admittebat.
3133 2308 3154 2336 ι
3181 2285 3285 2342 Hic
3338 2288 3618 2346 secunda

1964 2368 2145 2426 etiam
2167 2386 2438 2443 prasens
2468 2372 2706 2445 synodo
2744 2377 2908 2430 recto
2970 2373 3254 2445 dogmate
3302 2378 3613 2449 pugnavit:

1962 2461 2020 2514 et
2040 2457 2303 2531 plurima
2329 2465 2511 2535 atque
2539 2461 2855 2518 utilissima
2876 2462 3099 2536 scripta
3123 2462 3473 2523 orthodoxa
3514 2469 3617 2523 Ec-

1962 2545 2157 2604 clesia
2187 2548 2442 2623 reliquit.
2470 2551 2602 2607 Jam
2631 2566 2777 2608 vero
2794 2550 2892 2607 hic
2948 2552 3199 2626 Cyrillus
3251 2570 3376 2611 non
3421 2556 3619 2613 solum

1960 2635 2226 2694 Ecclesia
2250 2639 2477 2710 ejectus
2516 2654 2641 2697 non
2669 2644 2782 2707 est,
2815 2646 3136 2715 propterea
3186 2642 3349 2717 quod
3408 2644 3617 2702 sedem

1960 2729 2395 2800 occupavisset,
2423 2729 2659 2786 vivente
2688 2728 2887 2788 adhuc
2930 2731 3187 2790 Maximo
3235 2738 3293 2790 et
3313 2734 3454 2791 recti
3515 2736 3620 2793 do-

1960 2816 2179 2887 gmatis
2208 2832 2395 2875 causa
2407 2817 3141 2886 exsulante,verumetiam
3167 2819 3619 2881 laudatissimus

1960 2901 2267 2978 fuitatque
2297 2911 2633 2979 pergratus:
2666 2923 2931 2982 namque
2944 2908 3248 2967 ethuncin
3268 2916 3617 2971 sanctorum

241 3003 508 3068 ἐπαινετὸς
563 3006 700 3058 πάνυ
757 3009 848 3058 καὶ
885 3001 1193 3067 ἀπόδεκτος·
1257 3005 1344 3059 ἕνα
1390 3008 1493 3081 γὰρ
1534 3014 1631 3059 τῶν
1690 3005 1851 3079 ἁγίων

1965 3008 2217 3053 numero
2247 2978 2508 3055 Ecclesia
2530 2978 2856 3055 recensere
2880 2996 3188 3070 gloriatur.

248 3095 279 3152 ἠ
316 3094 605 3153 Ἐκκλησία
632 3098 723 3147 καὶ
742 3101 924 3148 τοῦτον
952 3094 1255 3148 πλουτοῦσα
1280 3098 1601 3169 σεμνύνεται,

310 3182 404 3243 ιη’.
455 3188 520 3238 Τί
566 3180 626 3238 δε
676 3188 766 3238 καὶ
798 3183 1039 3247 Μελέτιος
1076 3185 1102 3237 ό
1144 3187 1305 3258 μέγας
1334 3182 1383 3238 ἐν
1432 3183 1785 3259 ὁμολογηταῖς
1834 3205 1848 3257 ;

240 3272 300 3328 ού
346 3271 659 3337 Σεϐαστείας
713 3277 805 3328 καὶ
852 3270 1093 3351 Βεῤῥοίας
1149 3283 1246 3336 τῆς
1304 3277 1441 3328 κατά
1498 3279 1704 3351 Συρίαν,
1762 3280 1853 3329 καὶ

239 3362 536 3418 τελευταῖον
582 3361 906 3437 Ἀντιοχείας
961 3370 1052 3425 τῆς
1115 3364 1347 3437 μεγάλης
1394 3367 1482 3417 τόν
1541 3366 1718 3438 θρόνον
1770 3384 1852 3418 πι-

244 3456 483 3508 στεύεται
556 3455 688 3529 πρὸς
758 3452 1032 3528 Ἀρειανῶν
1080 3470 1096 3523 ;
1138 3453 1198 3506 ού
1258 3455 1616 3532 συμπράκτωρ
1675 3454 1856 3517 αὐτοῖς

239 3545 332 3595 καὶ
373 3544 768 3613 συναγωνιστὴς
807 3535 890 3608 ἧν,
929 3545 1019 3594 καὶ
1073 3543 1139 3595 τά
1195 3536 1454 3597 δοκοῦντα
1504 3541 1683 3606 αὐτοῖς
1724 3562 1853 3617 κρα-

241 3633 412 3684 τύνειν
461 3628 727 3703 ἠπείγετο,
782 3629 855 3692 οἷς
911 3635 1001 3683 καὶ
1050 3633 1137 3683 τόν
1192 3630 1392 3703 ὑψηλόν
1439 3640 1620 3685 τοῦτον
1678 3634 1853 3706 θρόνον

248 3716 455 3784 δίκαιος
516 3719 695 3795 ἰκριθη
749 3719 964 3793 λαϐεῖν;
1005 3726 1103 3776 Καὶ
1153 3724 1257 3798 γάρ
1291 3742 1423 3786 τινες
1474 3730 1567 3776 τοῦ
1604 3725 1851 3797 ὑμετέρου

162 3840 165 3843 π
241 3814 569 3884 φρονήματός
606 3829 731 3864 ποτε
801 3810 871 3874 εἰς
933 3810 1119 3884 λόγους
1190 3808 1413 3874 ἐλθόντες
1450 3810 1597 3887 ἐμοὶ,
1667 3809 1853 3866 διαϐε-

242 3896 545 3974 ϐαιούμενοι
574 3902 798 3973 ἕφασκον
835 3898 948 3974 μεθ’
974 3901 1101 3963 ὅσης
1138 3902 1199 3954 ἄν
1252 3922 1329 3964 τις
1385 3906 1520 3956 εἴποι
1576 3909 1672 3965 τῆς
1727 3901 1854 3956 ἀπο-

238 3996 403 4058 νοίας,
472 3991 555 4044 ὅτι
622 3988 863 4044 Μελέτιον
915 3991 1002 4043 τόν
1054 3989 1404 4064 Ἀντιοχείας,
1461 3995 1718 4067 Γερμανὸν
1765 3995 1853 4045 τόν

241 4079 593 4153 όμολογητὴν,
638 4084 727 4132 καὶ
778 4078 1008 4154 Πρόκλον
1061 4082 1149 4133 τόν
1231 4078 1286 4133 ἐκ
1352 4084 1584 4144 Κυζίκου
1634 4100 1853 4154 μετατε-

242 4170 396 4223 θέντα
441 4166 512 4231 εἰς
549 4167 698 4223 πόλιν
744 4173 840 4228 τὴν
889 4167 1299 4243 βασιλεύουσαν,
1365 4174 1456 4223 καὶ
1506 4173 1601 4223 σὺν
1653 4172 1855 4232 τούτοις

240 4265 279 4314 Γ
279 4262 533 4333 ρηγόρίον
602 4262 691 4312 τόν
768 4257 1014 4331 Θεολόγον
1070 4264 1261 4331 φωνὴν,
1329 4261 1462 4333 μετὰ
1536 4256 1852 4335 διακρίσεως

2037 3176 2120 3230 18.
2156 3171 2310 3241 Quid
2330 3189 2510 3250 porro
2540 3188 2804 3247 magnus
2833 3171 2986 3233 inter
3036 3181 3409 3241 confessores
3451 3182 3618 3242 Mele—

1961 3268 2110 3326 tius?
2136 3270 2342 3325 Nonne
2394 3265 2700 3337 Sebastia,
2749 3275 2807 3329 et
2851 3289 2997 3332 mox
3081 3276 3374 3334 Berrhaa
3431 3277 3615 3350 Syra,

1960 3365 2268 3441 postremo
2298 3359 2625 3417 Antiochia
2637 3376 2880 3433 magna
2893 3381 3099 3424 sacras
3124 3365 3348 3423 infulas
3360 3364 3439 3424 ab
3453 3365 3620 3423 Aria-

1961 3451 2056 3509 nis
2067 3450 2335 3524 accepit?
2349 3465 2552 3508 nonne
2562 3450 2656 3507 his
2666 3451 2795 3524 ipse
2816 3453 3056 3515 favebat
3072 3456 3464 3529 navabatque
3479 3471 3621 3529 ope-

1961 3558 2096 3600 ram
2114 3542 2143 3598 ‘I
2155 3555 2357 3598 nonne
2380 3539 2603 3621 horum
2631 3541 2851 3613 placita
2859 3544 3103 3603 ﬁrmare
3116 3545 3451 3617 satagebat,
3472 3561 3618 3618 quo-

1961 3647 2100 3688 rum
2125 3629 2334 3687 favore
2385 3629 2771 3701 pontiﬁcatus
2826 3634 3061 3705 apicem
3133 3634 3388 3708 adeptus
3436 3639 3562 3691 erat
3591 3635 3620 3692 Ἰ

1961 3722 2382 3777 Verumtamen
2407 3717 2661 3791 quidam
2681 3724 2891 3778 vestra
2904 3728 3079 3780 secta
3090 3723 3365 3780 homines
3376 3738 3618 3780 mecum

1963 3808 2375 3883 colloquentes
2405 3824 2647 3865 summa
2671 3824 2813 3866 eum
2834 3810 3079 3869 stultitia
3121 3811 3529 3883 afﬁrmabant,
3554 3827 3619 3870 se

1963 3899 2213 3973 quidem
2233 3897 2525 3955 Meletium
2556 3898 2886 3957 Antiochia
2941 3901 3321 3975 episcopum,
3380 3904 3621 3959 Germa-

1962 4003 2113 4044 num
2189 3986 2616 4057 confessorem,
2686 3987 2968 4046 Proclum
3025 3990 3224 4063 Cyzico
3263 3990 3619 4047 translatum

1964 4073 2564 4148 Constantinopolim,
2580 4074 2879 4150 simulque
2892 4077 3621 4151 GregoriumTheologum

1963 4164 2318 4238 exceptione
2367 4165 2638 4238 quadam
2657 4169 2715 4223 et
2764 4168 2941 4240 quasi
2989 4169 3248 4239 gratiose
3304 4170 3620 4243 episcopos

1965 4269 2313 4327 agnoscere,
2344 4269 2471 4311 non
2496 4261 2700 4314 tamen
2729 4260 2794 4313 ut
2818 4257 3111 4328 genuinos
3123 4258 3433 4331 prasules.
3457 4261 3621 4318 Itane

239 4352 381 4404 κατά
420 4350 584 4424 χάριν
629 4343 919 4421 δεχόμεθα,
970 4344 1081 4400 ἀλλ’
1108 4347 1214 4420 οὐχ
1244 4350 1314 4410 ὡς
1341 4354 1570 4421 γνησίως
1601 4348 1851 4425 ἀρχιερα-

1965 4360 2073 4402 vos
2099 4344 2297 4401 cuncti
2321 4360 2535 4418 reapse
2550 4344 2858 4417 judicatis,
2880 4363 2961 4404 an
2990 4348 3189 4421 potius
3227 4365 3332 4406 eos
3388 4349 3495 4423 qui
3534 4350 3622 4408 sic

239 4440 549 4501 τεύσαντας.
580 4435 698 4510 Ἀρ⁹
733 4434 821 4490 οὖν
859 4444 1013 4492 τοῦτο
1043 4433 1191 4491 δοκεῖ
1230 4442 1322 4491 καὶ
1374 4445 1535 4492 πᾶσιν
1589 4440 1711 4513 ύμῖν
1741 4457 1755 4506 ;
1786 4437 1851 4494 ’Π

1965 4432 2296 4505 irreligiose
2323 4432 2674 4508 loquuntur,
2720 4451 2825 4493 vos
2886 4452 3132 4511 quoque
3196 4443 3495 4512 quotquot
3536 4438 3622 4513 pii

241 4531 365 4590 τούς
405 4525 638 4588 εἰπόντας
677 4522 950 4588 δυσσεϐῶς
1000 4532 1168 4579 ταῦτα
1220 4530 1312 4579 καὶ
1357 4527 1499 4600 ὑμῶν
1555 4527 1742 4581 ὀπόσοι
1791 4532 1851 4582 τὰ

1965 4524 2126 4594 estis,
2147 4524 2281 4597 pari
2308 4523 2629 4582 nobiscum
2655 4530 3006 4599 contemptu
3030 4528 3393 4586 aversamini
3424 4546 3439 4597 ;
3480 4544 3622 4588 san-

245 4617 360 4669 θεῖά
413 4613 528 4668 ἕστε
611 4610 990 4687 εύλαϐέστεροι,
1044 4617 1383 4684 καταπτύετε,
1441 4617 1511 4677 ὡς
1565 4616 1736 4688 ἡμεῖς,
1794 4619 1854 4670 τό

246 4704 407 4767 σέϐας
446 4711 553 4767 τοῖς
577 4703 747 4777 ἁγίοις
777 4707 1114 4779 προνέμοντες
1161 4701 1220 4756 ού
1266 4703 1381 4756 κατ’
1439 4707 1636 4757 οἰκείαν
1688 4706 1853 4780 χάριν

241 4784 371 4849 οὐδε
410 4791 700 4867 διάκρισιν,
746 4792 856 4846 ἄλλ’
888 4795 957 4856 ὡς
1008 4796 1248 4866 γνησίοις
1304 4800 1395 4854 τῆς
1451 4790 1693 4856 ἀληθείας
1723 4814 1853 4868 προ-

241 4885 484 4951 στάταις,
533 4887 624 4937 καὶ
668 4887 902 4956 νομίμως
927 4886 1022 4942 τήν
1082 4880 1391 4940 Ἐκκλησίαν
1450 4882 1846 4957 ἰερατεύσασιν;

243 4972 385 5045 ,ᾼλλν
441 4974 564 5047 ὅπερ
646 4972 737 5046 μὶν
802 4974 929 5047 πρὸς
977 4971 1123 5025 τοῦθ’
1177 4972 1325 5045 ὑμεῖς
1380 4973 1521 5044 ἕχειν
1576 4968 1845 5045 βούλεσθε,

240 5064 397 5119 αὐτοὶ
571 5059 749 5122 εἰδῆτε
788 5082 804 5098 ο
862 5063 891 5121 ἠ
924 5063 1027 5136 γὰρ
1084 5068 1178 5115 τοῦ
1235 5068 1371 5115 Θεοῦ
1422 5059 1709 5120 Ἐκκλησία
1730 5061 1848 5136 (20)

237 5158 497 5231 γνησίους
533 5152 833 5230 προστάτας
869 5153 960 5205 καὶ
1008 5146 1339 5215 διδασκάλος
1392 5155 1483 5205 καὶ
1532 5152 1849 5226 προμάχους

312 5353 428 5436 (18)
458 5352 586 5436 1mg
640 5349 884 5434 Αεᾳσίί..
899 5352 1275 5436 Anonymus-
1285 5363 1428 5436 yero
1448 5347 1847 5406 Baroccianus

238 5420 512 5499 episcopi
541 5420 919 5499 Caesariensis
946 5420 1168 5499 nomen
1192 5420 1414 5499 reticet.

312 5497 427 5569 (19)
454 5490 520 5553 In
549 5499 827 5569 sanctum
841 5491 1611 5569 Stephanumduaexstant
1637 5490 1848 5569 lauda-

239 5563 746 5641 tionesNysseni:
776 5580 902 5623 una
928 5563 996 5641 i'n_
1015 5563 1228 5641 priscis
1257 5563 1645 5641 editionibus,‘
1656 5563 1848 5641 altera

238 5657 315 5708 ex
339 5635 548 5704 codice
576 5638 860 5701 Vaticano
889 5652 928 5698 α
947 5635 1342 5712 οΙξΖιιοθιειιίο
1390 5635 1571 5699 edita.
1619 5635 1846 5739 ’βόωπα

1965 4617 2092 4671 ctos
2122 4619 2324 4671 autem
2342 4614 2455 4671 hos
2466 4613 2745 4672 homines
2755 4617 3139 4674 veneratione
3160 4618 3616 4693 prosequimini,

1962 4719 2088 4762 non
2110 4702 2457 4776 exceptione
2482 4702 2754 4777 quadam
2786 4709 2844 4762 et
2861 4706 3039 4780 quasi
3068 4707 3347 4778 gratiose,
3398 4707 3508 4766 sed
3554 4714 3621 4768 ut

1960 4808 2135 4851 veros
2163 4807 2376 4865 reapse
2412 4792 2676 4851 veritatis
2700 4798 3014 4867 patronos,
3046 4794 3465 4869 legitimosque
3512 4800 3618 4855 Ec-

1961 4882 2155 4940 clesia
2180 4880 2489 4939 ministros
2514 4881 2542 4937 ‘2
2569 4883 2993 4941 Verumtamen
3004 4883 3150 4957 quid
3161 4883 3350 4942 hacin
3360 4901 3423 4943 re
3439 4902 3618 4958 agerc

1957 4969 2171 5041 velitis,
2200 4969 2315 5045 ipsi
2337 4969 2589 5029 demum
2632 4971 2988 5029 constituite.
3017 4971 3119 5029 Dei
3148 4972 3398 5046 quidem
3427 4974 3619 5035 Eccle-

1958 5062 2051 5118 sia
2068 5058 2386 5135 pradictos
2417 5059 2576 5119 viros
2601 5076 2713 5118 ceu
2739 5060 3035 5133 genuinos
3065 5061 3379 5131 antistites,
3435 5069 3614 5122 recta

1955 5154 2176 5208 nostra
2195 5148 2337 5207 ﬁdei
2365 5148 2686 5223 magistros
2720 5164 2794 5208 ac
2826 5148 3177 5209 defensores
3211 5150 3437 5226 ubique
3457 5168 3614 5226 pra-

1956 5350 2160 5405 tamen
2186 5344 2453 5423 loquitur
2471 5344 2546 5405 de
2583 5343 2973 5423 translatione
3011 5345 3404 5423 reliquiarum
3442 5347 3608 5422 ejus:

2001 5434 2142 5477 uare
2157 5418 2289 5476 nec'
2302 5420 2485 5476 verba
2515 5435 2551 5475 a
2573 5418 2868 5495 Methodio
2893 5419 3075 5495 citata
3099 5418 3180 5495 iti_
3199 5421 3272 5477 iis
3301 5418 3608 5495 leguntur.

2001 5435 2142 5477 uare
2157 5435 2269 5476 nec
2302 5435 2485 5476 verba
2515 5435 2551 5475 a
2574 5435 2868 5477 metuoalo
2893 5435 3075 5477 Cltala
3099 5437 3159 5476 ιι]
3199 5436 3272 5477 us
3306 5435 3608 5494 leguntur.

1953 5435 2234 5565 ἔρροι-θείς
2262 5506 2404 5562 ergo
2434 5496 2500 5549 ut
2525 5490 2697 5549 tertia
2723 5492 2979 5565 Nysseni
3032 5490 3223 5556 oratio
3280 5492 3356 5553 de
3379 5496 3435 5553 S.
3457 5487 3465 5495 ’
3491 5496 3610 5558 Ste-

1953 5562 2175 5636 phano
2192 5562 2524 5636 detegatur.

2025 5636 2142 5717 (20)
2168 5634 2357 5699 Deest’
2368 5636 2656 5701 Ἐκκλησία
2680 5634 2746 5701 in
2782 5634 3008 5701 codice.
