4090 6380
485 324 586 378 803

1336 304 1671 367 METEODII
1708 299 2029 360 MONACHI
2066 295 2158 355 DE
2197 295 2584 356 SCHISMA’I’E
2619 297 2964 358 VITANDO.

3749 287 3853 358 80¢

483 445 661 507 dicat,
675 443 884 514 eisque
921 438 1226 510 gloriatur;
1247 437 1426 508 atque
1443 429 1719 490 itavincit
1756 441 1990 484 omnem
2021 424 2140 514 hae-

2249 432 2340 476 τοῦ
2385 423 2542 499 ὀρθοῦ
2592 432 2684 486 τῆς
2734 424 2852 477 καθ’
2903 426 3045 498 ἡμᾶς
3089 427 3318 486 πίστεως
3369 422 3531 497 λό’γου
3581 431 3854 496 πανταχοῦ

481 534 682 604 resim,
722 512 1024 588 etﬁhorum
1054 526 1203 583 freta
1230 521 1574 594 magisterio
1623 523 1802 589 atque
1849 512 2138 604 exemplis

483 600 774 678 malitiam
813 618 1053 675 illorum
1083 618 1394 672 aversatur
1419 627 1490 667 ac
1528 607 1741 681 procul
1776 604 2000 676 abjicit,
2031 600 2137 674 qui

483 712 597 769 sub
634 710 938 783 religionis
975 707 1225 764 obtentu
1262 702 1533 759 fidelium
1589 714 1807 772 corpus
1869 695 2138 752 nituntur

481 800 838 858 discindere.

559 984 644 1035 19.
679 976 858 1033 Divus
881 978 1036 1030 certe
1069 972 1532 1043 Chrysostomus
1553 966 1629 1022 de
1674 963 1882 1021 Meletii
1940 960 2138 1018 Antio-

2248 517 2465 577 τούτους
2523 513 2910 591 προϐαλλομένη
2965 517 3288 588 σεμνύνεται,
3348 517 3440 566 καὶ
3510 519 3632 584 νικᾷ
3680 519 3856 566 πᾶσαν

2248 604 2448 678 αἰρεσιν
2512 609 2603 656 καὶ
2671 610 2848 657 πᾶσαν
2903 608 3178 657 κακόνοιαν
3240 612 3340 657 τῶν
3393 603 3444 656 ἐν
3500 606 3856 678 προσχήματι

2248 691 2508 753 εὐλαϐείας
2560 698 2889 766 κατατέμνειν
2951 697 3009 746 τὸ
3063 701 3161 747 τῶν
3213 702 3410 746 πιστῶν
3476 701 3631 766 σῶμα
3684 713 3852 746 σπου-

2248 777 2347 840 δήν
2372 783 2668 855 τιθεμένων,
2699 790 2815 846 ταῖς
2854 786 3050 836 τούτων
3099 779 3366 856 διδαχαῖς
3392 802 3447 835 τε
3488 785 3579 834 καὶ
3603 782 3852 858 πράξεσιν

2248 868 2634 945 ἀποτρεπομένη
2667 878 2758 925 καί
2778 872 2951 948 πόρῤω
2983 870 3282 946 βάλλουσα.

2323 959 2408 1018 ιϐ’.
2438 960 2497 1013 Ὀ
2527 965 2702 1035 μέντοι
2743 982 2801 1034 γε
2851 965 2983 1024 θεῖος
3037 965 3420 1036 Χρυσόστομος
3462 967 3578 1024 ταῖς
3603 959 3854 1015 Μελετίου

2247 1056 2339 1101 τοῦ
2395 1049 2724 1124 Ἀντιοχείας
2786 1056 2975 1124 χιρσὶν
3030 1054 3189 1125 ἱεραῖς
3247 1055 3494 1128 πρότερον
3533 1053 3624 1125 μὲν
3663 1054 3724 1103 τό
3764 1059 3858 1113 τῆς

485 1066 659 1124 cheni
688 1063 954 1137 episcopi
983 1061 1166 1118 sacris
1197 1058 1478 1115 manibus
1508 1055 1704 1128 primo
1751 1051 2000 1126 quidem
2055 1065 2140 1105 re-

3220 1140 3436 1214 ὕστερον
3503 1136 3562 1193 δὲ
3614 1145 3712 1198 τὴν
3770 1149 3858 1200 τῆς

486 1153 886 1226 generationis
915 1167 1156 1207 sacrum
1181 1149 1515 1211 lavacrum,
1546 1149 1758 1217 postea
1786 1142 2140 1197 diaconatus

485 1238 1253 1318 quoqueaccepitordinem
1266 1249 1642 1309 quanquam,
1672 1230 1860 1304 probe
1892 1228 2140 1290 sciebat,

484 1315 775 1402 magnum
803 1327 1174 1385 Eustathium
1196 1326 1256 1380 in
1296 1323 1501 1380 exsilio
1521 1321 1674 1377 inter
1716 1319 2007 1392 plurimas
2032 1315 2142 1372 mi-

485 1421 666 1477 serias
687 1418 934 1481 versari,
967 1419 1141 1472 rectae
1171 1413 1312 1469 ﬁdei
1342 1427 1551 1468 causa.
1601 1414 1655 1465 Is
1687 1409 1867 1466 etiam
1911 1411 2142 1462 utrum-

2250 1138 2650 1212 παλιγγενεσίας
2713 1143 2843 1194 θεῖον
2897 1140 3134 1216 λουτρόν³

2253 1222 2524 1290 διακονίας
2601 1235 2928 1304 χειροτονίαν
2983 1232 3130 1302 ἱερῶς
3209 1227 3425 1301 δέχεται
3475 1250 3489 1263 ο
3544 1233 3634 1281 καὶ
3693 1237 3860 1281 ταῦτα

2253 1314 2400 1379 εἰδὼς
2459 1323 2546 1371 τόν
2593 1323 2756 1393 μέγαν
2804 1320 3092 1374 Εὐστάθιον
3149 1319 3197 1372 ἓν
3255 1318 3428 1394 ἐξορίᾳ
3456 1320 3733 1383 πλείσταις
3782 1323 3858 1372 ὃτι

2251 1414 2519 1461 κακώσεσι
2575 1410 3005 1483 προσπαλαίοντα
3051 1418 3143 1470 τῆς
3200 1409 3360 1482 ὀρθῆς
3407 1411 3551 1462 ἕνεκα
3605 1415 3858 1479 πίστεως,

485 1526 603 1583 que
645 1505 1103 1564 laudationibus
1147 1501 1478 1568 exornavit,
1508 1499 1823 1565 Meletium,
1868 1497 2141 1568 inquam,

485 1603 663 1670 atque
694 1595 1064 1652 Eustathium
1076 1593 1360 1658 ,rixarum
1372 1588 1780 1645 indecentium
1801 1584 2143 1641 stultarum-

485 1704 602 1762 que
618 1691 1073 1743 contentionum
1091 1686 1392 1739 amatores
1419 1678 1704 1753 praeclare
1725 1681 2138 1734 contemnens.

2251 1497 2307 1557 ὃς
2373 1503 2462 1550 καὶ
2545 1498 2859 1574 ἀμφοτέρους
2933 1499 3210 1572 ἐγκωμίοις
3291 1499 3526 1572 ἐτίμησε,

2254 1582 2464 1645 δηλαδὴ
2517 1593 2606 1640 καὶ
2659 1588 2971 1660 Εὐστάθιον,
3043 1588 3161 1650 τοῦς
3217 1587 3538 1663 ίρεσχελίαις
3611 1586 3860 1662 ἀσέμνοις

2251 1681 2341 1728 καὶ
2373 1681 2625 1750 ματαίαις
2651 1677 2958 1732 ἐνστάσεσιν
3012 1683 3221 1754 χαίρειν
3261 1678 3525 1740 ἐθέλοντας
3572 1679 3860 1754 θεοφρόνως

485 1793 595 1833 nec
615 1791 738 1832 non
766 1773 1130 1845 excogitatas
1168 1770 1247 1827 ab
1297 1767 1647 1826 hominibus
1706 1764 2139 1838 appellationes

2253 1763 2669 1840 ἀποῤῥιψάμενος
2719 1771 2813 1819 σὺν
2873 1775 2994 1828 ταῖς
3065 1766 3120 1830 ἐξ
3169 1765 3450 1842 ἀνθρώπων
3510 1765 3856 1840 ἐπωνυμίαις,

485 1870 693 1922 contra
720 1864 1010 1919 decorum
1041 1868 1221 1933 atque
1247 1858 1539 1915 ofﬁcium.
1587 1856 1818 1928 Quippe
1858 1853 1940 1909 illi
1971 1851 2140 1909 Mele-

487 1954 681 2011 tianos
697 1949 1084 2024 appellabant
1107 1947 1484 2004 adversarios
1514 1961 1679 2013 suos;
1710 1944 1771 1999 hi
1796 1959 2003 2000 rursus
2027 1944 2139 1997 Eu-

486 2042 817 2099 stathianos
830 2039 960 2095 illos
978 2037 1396 2102 vocitabant.Q
1406 2053 1494 2091 uas
1517 2033 1745 2100 ﬂagitia
1757 2031 2142 2089 doctissimus

485 2145 731 2205 quoque
748 2144 932 2185 sacrae
963 2127 1045 2183 rei
1059 2125 1305 2182 Basilius
1313 2123 1681 2196 jampridem
1693 2123 2019 2185 detestans,
2033 2120 2142 2176 ﬂa-

488 2220 731 2294 gitiosos
756 2216 1173 2275 miserebatur.
1203 2216 1395 2280 Quare
1413 2218 1468 2269 et
1482 2213 1560 2270 ad
1572 2226 1866 2282 magnum
1879 2210 2144 2266 Athana-

489 2311 648 2365 sium
679 2308 764 2364 sic
797 2305 1098 2363 scribebat
1136 2323 1148 2359 :
1181 2327 1201 2353 ι
1248 2302 1574 2359 Antiochiae
1606 2299 1856 2356 morbus
1915 2314 2142 2369 magno

489 2399 715 2456 medico
742 2396 990 2467 indiget:
1023 2399 1152 2467 ejus
1181 2394 1342 2450 enim
1373 2391 1644 2448 Ecclesia!
1659 2389 2144 2446 etsivitaliasana

488 2493 647 2558 sunt,
662 2486 863 2543 vultus
886 2491 1091 2542 tamen
1118 2483 1438 2540 laceratur.
1458 2501 1487 2532 »
1505 2479 1670 2537 ldem
1683 2479 1744 2535 in
1762 2478 1878 2534 alia
1891 2477 2143 2550 epistola

487 2577 611 2635 ait:
646 2598 674 2627 ‹‹
719 2578 840 2646 Ego
891 2572 1182 2630 Meletium
1223 2587 1348 2628 non
1380 2572 1636 2643 ignoro:
1677 2584 1788 2624 usa
1843 2571 1935 2624 est
1979 2567 2142 2623 enim

487 2666 913 2723 communione
939 2664 1069 2735 ejus
1097 2661 1358 2718 Ecclesia
1380 2676 1542 2728 mea,
1567 2658 1836 2715 etadhuc
1862 2657 2067 2727 utitur,
2085 2660 2143 2713 et

486 2772 627 2812 cum
653 2753 888 2811 Domini
916 2752 1108 2823 gratia
1131 2750 1414 2824 deinceps
1454 2754 1668 2805 utetur.
1703 2769 1732 2798 »
1791 2750 1858 2804 Et
1897 2747 1960 2803 in
1998 2745 2134 2802 alia:

511 2867 540 2895 ‹‹
571 2842 626 2900 Si
654 2857 886 2907 omnes,
919 2839 1163 2896 omissis
1193 2837 1696 2904 contentionibus,
1745 2835 1979 2892 homini
2035 2833 2139 2890 Dei

486 2931 710 2989 Meletio
741 2930 1130 2987 adhtererent.
1174 2950 1202 2978 »
1225 2926 1435 2982 Adhuc
1460 2927 1522 2982 in
1571 2925 1708 2983 alia:
1743 2948 1765 2975 ι
1797 2924 1900 2981 Illa
1947 2924 2136 2980 Eccle-

486 3023 588 3079 siae
600 3020 876 3078 membra
899 3035 1032 3074 esse
1066 3017 1582 3088 judicamus,quae
1601 3031 1762 3084 cum,
1775 3014 2020 3071 homine
2035 3014 2135 3070 Dei

2250 1854 2312 1916 ἃς
2349 1859 2532 1927 σφίσιν
2563 1857 2752 1922 ἔθεντο,
2793 1860 2857 1917 ὡς
2895 1861 2966 1930 μὴ
3009 1855 3197 1929 ὤφελον
3232 1877 3246 1890 ο
3296 1857 3345 1908 οἱ
3393 1859 3484 1930 μὲν
3534 1859 3637 1931 γὰρ
3691 1856 3858 1910 Μελε-

2248 1948 2450 2005 τιανούς
2512 1949 2630 2006 τοὺς
2696 1943 3205 2020 ἀντιδιατιθεμένους
3259 1946 3528 2021 ὠνόμαζον
3579 1966 3592 1980 ο
3640 1948 3862 2008 τούτούς

2253 2029 2462 2095 δἀὖθις
2489 2033 2672 2088 ἐκεῖνοι
2701 2035 3094 2121 Εὗστοξθιανοὺς
3137 2034 3347 2088 ἐκάλουν
3400 2057 3414 2069 ·
3458 2042 3626 2088 ταῦτα
3664 2032 3730 2088 δὲ
3773 2041 3860 2089 καὶ

2252 2125 2278 2174 ό
2329 2124 2489 2186 πολὺς
2540 2128 2606 2177 τὰ
2651 2128 2763 2178 θεῖα
2822 2126 3086 2188 Βασίλειος
3140 2131 3388 2201 πρότερον
3443 2130 3854 2200 μυσαττόμενος,

2251 2215 2370 2273 τοὺς
2433 2216 2737 2286 πάσχοντας
2789 2216 3026 2274 κατηλέει
3081 2238 3097 2250 ο
3144 2212 3230 2269 διὸ
3260 2220 3351 2269 καὶ
3395 2219 3526 2292 πρὸς
3574 2219 3663 2270 τόν
3692 2220 3856 2289 μεγαν

2253 2302 2476 2377 ἔγραψεν
2525 2305 2837 2359 Ἀθανάσιον
2891 2307 3090 2370 οὕτως⁸
3148 2330 3170 2357 ι
3230 2309 3310 2360 Τὰ
3357 2308 3460 2383 γὰρ
3514 2315 3611 2369 τῆς
3663 2307 3854 2361 Ἀντιο-

2252 2397 2408 2464 χείας
2459 2393 2849 2469 ἀρρωστήματα
2912 2396 3137 2470 μεγάλου
3192 2398 3334 2457 τινὸς
3388 2395 3572 2470 ἰατροῦ
3623 2392 3851 2449 δέονται·

2252 2483 2368 2544 ἣτις
2417 2488 2537 2559 περὶ
2568 2488 2633 2537 τὰ
2687 2491 2871 2561 καίρια
2923 2487 3255 2559 ὑγιαίνουσα,
3303 2489 3423 2562 περὶ
3475 2488 3542 2538 τὰ
3595 2490 3857 2559 πρόσαπτα

2253 2571 2523 2642 σχίζεται.
2557 2596 2586 2624 )›
2614 2573 2674 2627 '0
2713 2575 2866 2637 αὐτὸς
2892 2579 2983 2627 καὶ
3036 2574 3086 2626 ἓν
3131 2574 3259 2649 οἴλλῃ
3312 2578 3445 2649 φησί
3497 2582 3599 2628 τῶν
3645 2573 3856 2628 ἐπιστο-

2249 2658 2347 2711 λῶν
2417 2680 2432 2697 ο
2487 2684 2516 2712 ‹‹
2561 2663 2696 2735 Ἐγὼ
2746 2660 2807 2716 δι
2846 2663 3087 2717 Μελέτιον
3144 2663 3240 2716 οὐκ
3296 2661 3482 2736 ἀγνοῶ,
3530 2659 3639 2715 ἀλλ’
3691 2664 3854 2736 ἔσχεν

2248 2747 2403 2801 αὐτὸν
2450 2752 2481 2809 ἠ
2549 2750 2640 2824 ἐμὴ
2684 2751 2991 2820 Ἐκκλησία,
3047 2757 3136 2805 καὶ
3185 2755 3300 2825 ἔχει
3350 2753 3659 2819 κοινωνικὸν,
3716 2749 3849 2803 ἀλλά

2246 2844 2336 2892 καὶ
2375 2839 2447 2903 εἰς
2483 2845 2542 2894 τό
2609 2841 2722 2905 ἑξῆς
2755 2843 2855 2907 ἕξει
2904 2845 3095 2918 χάριτι
3142 2850 3237 2896 τοῦ
3280 2847 3474 2918 Κυρίου
3503 2861 3516 2878 ο
3565 2863 3596 2892 »
3651 2846 3746 2894 καὶ
3800 2839 3852 2895 ἄν

2245 2928 2371 3003 ἄλλῃ
2403 2953 2417 2964 ·
2447 2953 2476 2981 »
2525 2931 2588 2984 Εἰ
2643 2937 2700 2984 τὸ
2766 2933 3047 3007 φιλόνεικον
3101 2932 3340 3007 ἀφέμενοι
3387 2935 3570 2994 πάντες
3624 2949 3856 3005 προστε-

2245 3019 2372 3072 θεῖεν
2401 3029 2473 3091 τῷ
2503 3020 2755 3095 ἀνθρώπῳ
2780 3030 2872 3075 τοῦ
2901 3030 3035 3077 Θεοῦ
3063 3022 3288 3096 Μελετίῳ
3323 3042 3336 3056 ·
3360 3044 3390 3073 ››
3434 3027 3524 3073 καὶ
3573 3017 3622 3074 ἓν
3677 3019 3807 3096 ἄλλῃ
3841 3039 3854 3053 ·

486 3110 712 3168 Meletio
744 3108 1064 3165 cohaerent.
1098 3129 1127 3156 »
1153 3109 1216 3161 Et
1259 3121 1490 3161 rursus:
1538 3127 1567 3154 «
1625 3106 1868 3176 Oportet
1921 3119 2134 3160 omnes

2245 3131 2272 3161 ιι
2326 3115 2489 3185 Μέρος
2539 3111 2850 3175 Ἐκκληοίας
2900 3113 3060 3167 έκεῖνο
3119 3118 3378 3191 κρίνομεν,
3434 3117 3493 3165 τὸ
3539 3119 3859 3189 προσκείμε-

485 3199 565 3256 ad
594 3199 903 3255 hominem
944 3195 1045 3252 Dei
1075 3194 1367 3250 Meletium
1398 3210 1461 3249 se
1493 3193 1588 3264 adj
1600 3209 1840 3266 ungere.
1859 3215 1886 3242 ‹‹
1915 3195 2133 3266 Repre-

483 3288 708 3344 hensus
733 3289 934 3341 autem
961 3299 999 3339 a
1017 3283 1221 3339 nescio
1249 3298 1394 3354 quo,
1425 3282 1507 3338 ita
1536 3298 1598 3338 se
1633 3281 1918 3338 defendit:
1956 3305 1976 3331 ν
2012 3284 2135 3352 Ego

482 3374 811 3432 Antiochiae
836 3373 1186 3445 episcopum
1212 3371 1352 3427 novi
1363 3370 1667 3427 neminem
1687 3371 1800 3427 nisi
1817 3371 2132 3428 Meletium.

484 3468 686 3538 Neque
725 3462 974 3520 omnino
1000 3461 1087 3517 sic
1116 3460 1282 3522 dixit.
1305 3460 1471 3534 quod
1486 3460 1836 3517 Eustahium
1848 3460 2131 3533 rejiceret,

483 3554 592 3612 sed
608 3559 672 3611 ut
699 3568 804 3610 eos
831 3551 1122 3608 refelleret
1157 3550 1669 3623 confunderetque
1707 3551 1812 3622 qui
1842 3549 2134 3608 Meletium

481 3660 606 3702 non
634 3641 1020 3716 recipiebant:
1055 3639 1233 3696 simul
1257 3639 1459 3711 etiam,
1492 3641 1639 3712 quia
1667 3639 1716 3695 is
1763 3639 2000 3695 interim
2031 3643 2134 3696 Ec-

481 3733 729 3791 clesiam
754 3730 996 3788 tenebat
1018 3729 1570 3803 regebatque,dum
1586 3728 1927 3785 Eustathius
1951 3729 2012 3784 in
2033 3745 2132 3786 ex-

483 3823 613 3880 silio
634 3821 806 3879 otiari
832 3819 1182 3892 cogebatur.
1218 3821 1496 3876 Fortasse
1543 3819 1726 3875 etiam
1781 3818 1876 3874 his
1932 3819 2133 3876 verbis

479 3911 750 3969 dolorem
779 3910 1012 3967 Arianis
1037 3909 1272 3965 inurere
1291 3909 1506 3966 voluit.

550 4005 638 4061 20.
663 4005 804 4070 Hoc,
826 4000 1098 4073 inquam.
1127 3998 1341 4055 saltem
1364 3998 1709 4071 exemplum
1731 4003 1998 4072 spectare
2021 4015 2132 4056 vos

477 4094 798 4166 oporteret,
825 4104 1023 4162 neque
1041 4092 1210 4144 tanta
1241 4087 1753 4146 inconsiderantia
1817 4089 2132 4161 repudiare

478 4180 924 4237 sanctissimum
974 4177 1324 4250 Josephum,
1408 4177 1758 4250 praeclarum
1829 4177 2132 4251 religionis

477 4275 698 4326 nostras
727 4268 964 4336 ducem,
996 4282 1360 4338 sacrumque
1389 4272 1662 4323 nostrum
1700 4269 2126 4342 patriarcham.

478 4361 547 4414 Et
557 4357 731 4414 alium
745 4355 1058 4430 quemdam
1070 4372 1180 4428 per
1190 4355 1505 4428 epistolam
1519 4357 1857 4414 admonens
1869 4375 2132 4430 magnus

2241 3218 2324 3251 νον
2370 3209 2442 3272 τῷ
2501 3200 2754 3274 ἀνθρώπῳ
2805 3210 2898 3255 τοῦ
2947 3211 3080 3257 Θεοῦ
3133 3202 3382 3276 Μελετίῳ,
3433 3225 3464 3253 ››
3509 3202 3860 3277 Ἐγκαλούμε-

2241 3309 2326 3351 νος
2357 3285 2417 3342 δὲ
2471 3295 2602 3366 πρός
2646 3311 2801 3364 τινος,
2848 3291 3178 3365 ἀπολογεῖται
3238 3297 3329 3346 καί
3387 3307 3550 3365 φησιν
3593 3309 3608 3322 °
3661 3315 3693 3343 «
3747 3292 3856 3346 Οὐκ

2243 3375 2368 3431 οἴδα
2441 3379 2724 3433 ἐπίσκοπον
2786 3381 3113 3455 Ἀντιοχείάς
3185 3382 3350 3458 ἕτερον
3421 3382 3467 3435 εἰ
3551 3384 3625 3456 μὴ
3687 3382 3856 3437 Μελέ-

2240 3485 2350 3521 τιον
2368 3467 2508 3544 (21).
2536 3492 2564 3520 ›)
2621 3475 2722 3524 Καὶ
2763 3474 2964 3533 πάντως
3014 3472 3110 3525 οὐκ
3161 3471 3573 3546 ἀποϐαλλόμενος
3619 3475 3718 3524 τόν
3764 3471 3858 3526 Εὖ-

2245 3559 2454 3612 στάθιον
2509 3567 2663 3612 τοῦτο
2711 3563 2930 3638 εἴρηκεν,
2984 3561 3112 3614 ἀλλὰ
3165 3565 3571 3637 προτρεπόμενος
3608 3566 3707 3614 καὶ
3775 3565 3856 3615 ιν-

2241 3651 2436 3720 τρέπων
2469 3653 2588 3710 τοὺς
2623 3654 2696 3723 μὴ
2750 3647 3214 3726 παραδέχομένους
3263 3650 3510 3706 Μελέτιον
3565 3670 3576 3684 ο
3624 3649 3748 3724 ἅμα
3798 3647 3856 3706 δέ

2241 3742 2331 3790 καὶ
2369 3740 2440 3800 ὡς
2471 3741 2657 3792 τοὺτου
2695 3745 2790 3798 τήν
2840 3739 3154 3799 Ἐκκλησίαν
3215 3743 3341 3802 τέως
3392 3743 3715 3814 κατέχοντος
3766 3744 3856 3793 καὶ

2243 3825 2520 3898 ἰθύνοντος,
2578 3828 2875 3883 Εὐτσαθίου
2925 3827 3201 3904 ἀργοῦντος
3258 3828 3307 3882 ἓν
3364 3828 3539 3906 ἕξορίᾳ
3592 3850 3605 3865 ’
3672 3833 3760 3884 ἔτι
3799 3827 3859 3884 δέ

2239 3916 2427 3989 ἄγχων
2463 3922 2585 3981 τοὺς
2622 3917 2676 3982 ἐξ
2704 3919 2906 3995 Ἀρείου
2931 3928 3004 3992 τῷ
3033 3920 3254 3996 ῥήματι.

2309 4004 2377 4067 κ’,
2407 4005 2473 4060 Ὀ
2497 4004 2590 4076 δή,
2615 4009 2780 4062 καὶεί
2825 4013 2898 4084 μή
2935 4028 2983 4063 τι
3025 4008 3170 4077 ἄλλο,
3215 4006 3344 4063 ἀλλὰ
3394 4005 3490 4063 κᾶν
3546 4017 3712 4063 τοῦτο
3753 4005 3860 4064 ἔδει

2243 4103 2453 4149 σκοπεῖν
2523 4102 2614 4151 καὶ
2683 4101 2819 4172 ὑμᾶς
2880 4120 2894 4133 ο
2957 4104 3048 4153 καὶ
3113 4103 3182 4174 μὴ
3234 4097 3634 4173 ἀποπέμπεσθαι
3692 4101 3859 4162 οὕτως

2240 4184 2464 4262 ἀκρίτως
2509 4191 2595 4241 τὸν
2651 4197 2742 4249 τῆς
2797 4190 3050 4264 ἡμετέρας
3102 4189 3272 4252 καλῶς
3328 4191 3713 4264 προϊστάμενον
3773 4190 3856 4244 εὖ·

2242 4274 2440 4338 σεϐείας
2470 4274 2759 4350 ἁγιώτατον
2810 4276 3021 4353 Ἰωσὴφ,
3064 4283 3153 4333 τὸν
3205 4282 3336 4354 ἱερὸν
3393 4281 3538 4353 ἡμῶν
3587 4282 3852 4357 πατριάρ-

2236 4385 2365 4438 χην.
2428 4371 2528 4420 Καὶ
2585 4367 2722 4440 ἄλλῳ
2781 4365 2844 4422 δέ
2891 4389 2995 4421 τινι
3049 4375 3306 4444 παραινῆν
3365 4364 3441 4422 δι’
3496 4366 3792 4433 ἕπιστολῶς
3826 4370 3852 4422 ό

480 4446 749 4514 Basilius,
776 4447 1047 4502 hortatur
1072 4445 1783 4504 utomissaschismatum
1806 4447 2127 4519 discordia,

2245 4459 2395 4526 ιιέγας
2442 4455 2722 4525 Βασίλειος,
2776 4455 3019 4532 ἀφέμενον
3079 4462 3174 4516 τὴν
3231 4466 3331 4511 τῶν
3364 4458 3688 4532 σχισμάτων
3744 4460 3850 4534 ἔριν

476 4535 770 4593 Meletium
793 4539 1104 4608 sequatur.
1137 4535 1253 4591 Sed
1277 4552 1383 4592 cur
1407 4537 1582 4609 plura
1610 4536 1810 4592 dicam
1861 4538 1890 4592 Τ
1920 4541 2127 4594 Nonne

474 4625 573 4682 hic
600 4640 860 4696 magnus
882 4625 1130 4681 Basilius
1159 4625 1605 4698 presbyteratus
1639 4626 1911 4682 ordinem
1947 4643 1984 4684 a
2013 4630 2124 4684 Me-

474 4715 618 4771 Ietio
643 4713 953 4786 suscepit?
984 4715 1177 4786 Legite
1212 4715 1469 4771 Socratis
1519 4714 1986 4773 ecclesiasticam
2035 4719 2125 4774 Hi-

476 4804 744 4873 storiam,
766 4804 1028 4878 itemque
1049 4803 1257 4876 magni
1289 4803 1486 4860 Basilii
1510 4803 1700 4861 Vitam
1717 4806 1795 4862 ab
1819 4807 2126 4880 Amphilo-

473 4894 606 4952 chio
650 4894 941 4952 lconiensi
963 4894 1266 4968 scriptam,
1311 4899 1376 4950 ut
1427 4910 1555 4951 rem
1614 4898 2012 4968 cognoscatis.
2058 4903 2123 4955 In

471 4985 598 5041 Vita
621 5001 868 5058 quoque
894 4982 1082 5040 sancti
1111 4983 1352 5040 Antonii
1381 4985 1658 5044 scribitur
1685 5005 1697 5044 :
1731 4987 1871 5044 Fide
1921 4993 2124 5044 autem

472 5073 844 5131 admirabilis
869 5077 995 5130 erat
1017 5073 1308 5130 Antonius
1331 5077 1388 5130 et
1415 5089 1661 5149 prorsus
1704 5077 2076 5134 orthodoxus
2107 5098 2122 5136 :

541 5288 654 5373 (‘_’_O)
683 5288 860 5347 Aliter
884 5307 1029 5373 morr
1055 5286 1230 5373 divus
1261 5289 1576 5373 Antonius,
1599 5292 1696 5352 cui
1725 5291 2125 5373 Hieronymus

470 5363 672 5448 noster
684 5368 979 5448 consonat
996 5365 1056 5418 in
1071 5363 1331 5435 Epistola
1342 5366 1420 5448 ad
1433 5365 1780 5428 Damasum:
1823 5363 1964 5427 Non'
1985 5375 2127 5429 novi

470 5436 743 5509 Vitalem,
771 5435 1069 5509 Meletium
1093 5451 1336 5509 _respuo,
1364 5438 1568 5509 ignoro
1594 5441 1944 5497 Paulinum.
1975 5443 2122 5500 Con-

471 5507 599 5578 sule
629 5504 979 5577 Catalogum
1010 5504 1431 5578 episcoporum
1485 5510 1996 5571 Antiochenornm
2059 5516 2121 5572 in

471 5576 917 5658 collect.Va_t.’t.
948 5576 1172 5658 I,_part.
1196 5576 1252 5658 ii,
1285 5595 1345 5652 p.
1385 5585 1465 5658 15.
1509 5583 1642 5638 Haéc
1699 5587 1788 5658 est
1831 5584 2120 5643 nimirum

475 5647 914 5724 episcopalium
924 5647 1322 5708 schismatum
1330 5655 1547 5709 natura
1556 5658 1622 5710 ut
1630 5653 1848 5712 veritas
1865 5662 2120 5715 rectum-

2235 4547 2585 4620 προστεθῆναι
2654 4546 2882 4620 Μελετίῳ
2954 4547 3379 4622 παρακελεύεται.
3459 4551 3560 4600 Καὶ
3639 4553 3696 4601 τὶ
3767 4545 3852 4601 δεῖ

2231 4633 2476 4687 πλειόνων
2505 4637 2629 4709 ἡμῖν
2663 4637 2847 4710 ;Οὗχὶ
2887 4637 3044 4700 αὐτὸς
3088 4637 3238 4699 οὗτος
3284 4639 3310 4690 ό
3365 4641 3524 4711 μέγας
3570 4639 3848 4700 Βασίλειος

2231 4725 2376 4798 παρὰ
2416 4731 2510 4776 τοῦ
2556 4724 2799 4780 Μελετίου
2847 4731 2942 4784 τήν
3004 4735 3101 4778 τῶν
3147 4723 3508 4800 πρεσϐυτέρων
3557 4729 3672 4796 (22)
3729 4747 3846 4800 χει-

2231 4817 2464 4886 ροτονίαν
2514 4811 2726 4878 ἐδέξατο
2776 4831 2791 4884 ;
2858 4815 3144 4888 Ἀνάγνωτε
3211 4821 3306 4874 τήν
3388 4823 3481 4868 τοῦ
3537 4819 3845 4893 Σωκράτους

2233 4901 2677 4963 ἕκκλησιαστικὴν
2717 4910 2996 4982 Ἱστορίαν,
3048 4910 3139 4958 καὶ
3171 4905 3519 4980 Ἀμφιλοχίου
3577 4913 3671 4958 τοῦ
3714 4905 3843 4959 Ἰκο-

2232 5011 2343 5044 νιου
2370 4992 2441 5055 εἰς
2468 4997 2557 5045 τόν
2595 4997 2711 5047 Βίον
2749 5001 2843 5046 τοῦ
2904 4993 3129 5068 μεγάλου
3158 4994 3455 5061 Βασιλείου,
3503 4998 3595 5047 καὶ
3629 5003 3798 5066 γνῶτε
3825 5013 3839 5028 ο

2232 5084 2418 5156 γράφει
2445 5087 2536 5136 καὶ
2561 5082 2628 5144 εἰς
2655 5087 2742 5135 τὸν
2774 5088 2890 5136 Βίον
2917 5091 3011 5136 τοῦ
3052 5083 3205 5158 ἁγίου
3267 5083 3544 5137 ’Δντωνίου
3605 5105 3620 5118 ο
3677 5105 3708 5135 ι(
3763 5090 3839 5152 Τῇ

2233 5314 2352 5384 que
2380 5296 2480 5376 jus
2509 5317 2667 5377 agre
2698 5296 3106 5432 dignoscatur2
3135 5318 3247 5363 nec
3274 5298 3542 5386 nisifere
3566 5305 3840 5376 tempore

2233 5375 2604 5432 inclarescat.
2628 5393 2750 5432 auo
2811 5377 3034 5432 idcirco
3045 5377 3343 5432 Pmdarus
3355 5381 3436 5432 ait
3460 5377 3728 5432 omnium
3748 5389 3839 5431 re-

2231 5375 2604 5459 inclarescat',
2620 5375 2795 5459 quod
2811 5377 3034 5435 idcirco
3045 5377 3343 5436 Pindarus
3355 5375 3436 5435 ait
3460 5377 3728 5434 omnium
3748 5389 3839 5431 re-

2231 5462 2368 5502 rum
2396 5450 2922 5516 sapientissimum.

2275 5589 2288 5600 .
2302 5519 2432 5600 (.221
2445 5515 2573 5575 Imo
2592 5520 3187 5600 _dia_conum_factum
3212 5537 3250 5578 a
3277 5519 3501 5600 Eeletio
3524 5515 3834 5600 _Dasil_i_um

2225 5587 2672 5718 ﬂigtéocrates
2694 5591 2799 5651 lib.
2831 5609 2908 5664 iv,
2935 5592 3031 5660 26,
3079 5599 3150 5652 ut
3173 5598 3331 5652 certe
3354 5592 3420 5650 in
3470 5587 3833 5650 editionibus

2249 5675 2464 5732 egitur.

3612 1498 3859 1552 Μελέτιον
3945 1489 3948 1491 Δ
