4090 6378
179 291 285 347 805

1308 282 1754 346 NICEPHORUS
1793 284 1895 342 ΟΡ.
1936 282 2424 345 ΡΑΤΒῙΑΒΟΗΑυ

3443 297 3552 352 806

174 422 352 469 πίστει
400 411 460 467 δὲ
514 416 815 486 θαυμαστὸς
865 409 928 470 ἦν
980 415 1006 464 ὁ
1062 413 1340 475 Ἀντώνιος
1389 418 1479 465 καὶ
1532 409 1773 471 εὐσεϐής·

1901 425 2038 466 nam
2062 426 2260 484 neque
2281 426 2422 467 cum
2445 411 2765 468 Meletianis
2785 413 3184 472 sohismaticis
3214 422 3549 478 communi-

176 509 293 558 οὔτε
357 506 458 577 γὰρ
526 510 637 565 τοῖς
691 502 1014 563 Μελετιανοῖς
1061 510 1171 564 τοῖς
1221 499 1605 575 σχισματικοῖς
1657 519 1780 552 ποτε

178 595 538 660 ἐκοινώνησεν,
571 588 722 654 εἰδὼς
755 591 924 644 αὐτῶν
946 597 1040 649 τὴν
1069 597 1323 666 πονηρίαν
1354 597 1442 644 καὶ
1502 595 1596 649 τὴν
1649 589 1778 643 ἁπο-

181 688 426 747 στασίαν,
457 684 574 734 οὔτε
607 680 948 751 Μανιχαίοίς,
985 684 1016 737 ἣ
1077 678 1248 741 ἄλλοις
1308 685 1446 732 τισὶν
1499 681 1781 751 αἱρετικοῖς

176 771 362 844 ’ὡμᾶεε
413 771 722 842 φιλονείκως⁵
776 770 805 827 ἡ
853 774 1004 840 μόνον
1066 770 1201 842 ἄχρι
1257 771 1545 830 νουθεσίας.
1603 789 1630 818 υ
1681 773 1780 820 Καὶ

182 864 314 934 μετὰ
334 880 452 911 τινα
489 862 742 919 νουθετῶς
763 866 872 920 τοῖς
919 860 1205 930 μαθηταῐνς
1252 861 1319 910 τὰ
1338 858 1601 910 τελευταῖα
1646 853 1778 925 ἤδη,

182 949 460 1003 ἐνετέλλετο
493 949 668 1009 αὐτοῖς
704 952 775 1020 μὴ
828 948 1054 1019 ἐγγίζειν
1105 948 1434 1008 Μελετιανοίς
1483 965 1780 1018 σχισματι-

180 1047 289 1101 κοῖς
326 1061 339 1071 ·
371 1061 399 1087 ‹‹
441 1035 639 1090 Οἴδατε
666 1040 791 1111 γὰρ,
821 1057 850 1085 n
883 1043 1063 1108 φησιν,
1092 1057 1121 1084 ‹‹
1171 1037 1338 1088 αὐτῶν
1399 1040 1492 1094 τὴν
1529 1040 1780 1109 πονηρίαν

179 1133 269 1180 καὶ
331 1127 552 1199 βέϐηλον
587 1127 785 1200 αἰρεσιν
845 1147 857 1158 ·
909 1131 1042 1198 μήτε
1092 1131 1356 1178 κοινωνίαν
1431 1128 1570 1196 ἔχειν
1651 1127 1782 1196 πρὸς

181 1217 618 1289 τοὺςἈρειανούς
646 1235 712 1262 ο»
764 1220 855 1266 καὶ
905 1217 1036 1286 μετα
1080 1234 1215 1277 τινα,
1269 1237 1296 1263 ‹‹
1357 1216 1781 1286 Μνημονεύετε,››

181 1310 361 1380 φησὶν,
410 1328 438 1354 ‹‹
479 1306 547 1354 ὧν
593 1305 856 1362 ἠκούσατε
916 1303 1040 1377 παρ’
1089 1302 1213 1375 ἐμοῦ
1253 1307 1640 1376 παραινέσεων·
1692 1306 1782 1353 καί

179 1393 414 1468 μηδεμία
435 1395 831 1446 κοινωνία-ἔστω
869 1395 991 1464 ὑμῖν
1037 1397 1164 1466 πρὸς
1211 1396 1332 1454 τοὺς
1390 1396 1780 1464 σχισματικοὺς

178 1485 536 1550 Μελετιανούς,
567 1482 690 1554 μήθ’
724 1481 852 1542 ὂλως
877 1486 1006 1556 πρὸς
1058 1486 1181 1542 τοὺς
1228 1482 1518 1554 αἰρετικοὺς
1575 1481 1784 1552 Ἀρεια-

178 1577 299 1634 νούς
320 1575 437 1645 (23)
459 1594 472 1606 ·
502 1569 683 1623 οἴδατε
719 1573 840 1646 γὰρ,
873 1594 902 1620 ››
945 1577 1097 1642 φησὶ,
1126 1593 1155 1620 ‹‹
1212 1579 1323 1631 πῶς
1367 1571 1511 1641 κάγὼ
1568 1573 1782 1631 τούτους

178 1661 545 1733 ἐξετρεπὸμην.
583 1684 611 1710 ››
646 1656 954 1731 Διὸάχθητε
1003 1665 1094 1712 καὶ
1149 1663 1293 1733 παρὰ
1342 1667 1432 1712 τοῦ
1480 1665 1634 1730 αγίου
1672 1658 1784 1712 Ἀν-

1891 499 2047 556 cavit
2078 515 2368 572 unquam,
2418 516 2680 572 quorum
2728 508 2976 559 noverat
3004 504 3455 578 improbitatem
3493 513 3552 566 et

1891 589 2280 661 apostasiam,
2300 605 2498 661 neque
2515 605 2653 645 cum
2673 591 3027 663 Manichaeis,
3045 609 3241 667 neque
3257 613 3397 654 cum
3413 597 3547 655 aliis

1890 677 2208 750 quibusvis
2254 678 2546 734 haereticis
2595 679 2856 750 partium
2906 696 3113 739 amore
3164 687 3545 754 versabatur,

1892 766 2004 820 nisi
2021 765 2168 821 forte
2186 767 2516 839 aliquando
2538 770 2966 825 commonendi
2990 787 3194 828 causa.
3218 797 3248 825 »
3270 778 3337 831 Et
3362 777 3546 848 paulo

1891 855 2046 910 infra
2076 857 2157 912 ait
2179 856 2592 929 biographus:
2626 879 2656 908 ‹‹
2689 859 2836 914 Cum
2867 875 3152 931 suprema
3195 865 3426 922 monita
3452 865 3549 922 di-

1896 944 2140 1015 scipulis
2169 945 2358 1011 daret,
2392 946 2726 1003 mandabat
2752 947 2897 1020 ipsis
2925 965 3002 1004 ne
3031 966 3171 1006 cum
3219 952 3550 1010 Meletianis

1895 1035 2298 1090 schismaticis
2329 1041 2742 1093 versarentur:
2776 1038 2971 1094 Nostis
3002 1040 3183 1110 enim,
3217 1041 3430 1117 inquit,
3485 1043 3550 1099 il-

1893 1123 2088 1179 lorum
2117 1123 2566 1196 improbitatem
2591 1125 3035 1200 profanamque
3061 1129 3366 1187 haeresim.
3403 1133 3550 1188 Item

1894 1229 1969 1268 ne
2015 1229 2156 1268 cum
2209 1213 2444 1268 Arianis
2515 1216 3119 1273 communicarent.»
3171 1222 3551 1294 Rursumque

1891 1301 2074 1373 paulo
2106 1305 2278 1373 post:
2317 1324 2338 1351 ε
2369 1305 2740 1372 Mementote,
2784 1304 2999 1376 inquit,
3049 1322 3206 1378 quas
3231 1309 3483 1366 audistis
3514 1325 3551 1366 a

1893 1407 2009 1462 me,
2027 1391 2512 1447 admonitionum
2529 1409 2543 1446 :
2563 1392 2848 1464 nullaque
2870 1394 3044 1450 vobis
3061 1411 3201 1451 cum
3227 1397 3550 1454 Meletianis

1894 1479 2292 1535 schismaticis
2341 1480 2691 1535 communio
2746 1482 2838 1548 sit,
2871 1497 3070 1554 neque
3126 1485 3377 1541 omnino
3407 1501 3549 1542 cum

1893 1569 2127 1623 Arianis
2183 1568 2482 1624 haereticis
2519 1586 2531 1623 :
2565 1569 2729 1624 scitis
2759 1571 2919 1626 enim
2977 1573 3290 1643 quomodo
3341 1577 3399 1630 et
3435 1589 3549 1645 ego

1894 1656 2196 1728 ejusmodi
2216 1658 2520 1713 consortia
2537 1657 2872 1714 vitaverim.
2901 1682 2930 1708 δ)
2958 1665 3004 1716 Α
3025 1664 3234 1717 sancto
3263 1668 3408 1732 ergo
3429 1666 3549 1718 An-

177 1757 369 1804 τωνίου
427 1753 508 1802 ὅτι
558 1749 652 1812 ἔξω
704 1759 796 1808 τῆς
840 1749 1149 1809 Ἐκκλησίας
1197 1749 1313 1801 ἐστὶ
1370 1751 1517 1821 ὑμεῖς
1581 1751 1630 1801 οὶ
1654 1769 1783 1820 σχι-

1901 1747 2060 1802 tonio
2088 1747 2433 1816 cognoscite
2457 1752 2625 1803 extra
2645 1748 3003 1804 Eecclesiam
3032 1766 3142 1805 vos
3162 1766 3314 1820 esse,
3336 1766 3373 1807 o
3394 1751 3550 1808 schi-

184 1844 436 1914 σματικοί
461 1860 474 1874 ο
513 1844 603 1892 καὶ
632 1839 728 1890 οὐκ
754 1841 865 1890 ἔστι
896 1835 1104 1890 δικαιον
1149 1835 1408 1909 δέχεσθαι
1465 1837 1586 1912 παρ’
1639 1840 1786 1910 ἡμῶν

182 1932 249 1992 εἰς
302 1934 573 1982 κοινωνίαν
612 1930 770 2000 ὑμᾶς,
818 1929 879 1978 οἶν
971 1933 1042 2000 μὴ
1118 1933 1346 1999 γνησίως
1409 1932 1784 2001 μετανοήσητε,

180 2025 274 2073 καὶ
325 2023 480 2071 τέκνα
538 2025 634 2079 τῆς
701 2016 1016 2076 Ἐκκλησίας
1079 2018 1300 2087 ’γένησθε
1349 2013 1442 2068 διὰ
1489 2021 1784 2088 μετανοίας,

179 2111 354 2169 καθὼς
383 2112 474 2159 καὶ
512 2114 616 2166 τοῖς
650 2109 802 2178 ἱεροῖς
830 2110 1015 2157 κανόσι
1037 2101 1218 2159 δοκεῖῖ
1254 2103 1397 2177 Ἀμα
1436 2101 1495 2157 δὲ
1558 2111 1787 2176 σημειώ-

185 2200 352 2251 σασθε
373 2202 464 2249 καὶ
492 2201 571 2249 ὅτι
597 2201 715 2256 τοὺς
747 2195 1057 2248 Μελετιανού
1069 2217 1109 2263 ς,
1161 2199 1557 2267 σχισματικοὺς
1614 2199 1784 2263 ὄντας,

181 2290 479 2362 αἰρετικοὺς
514 2284 751 2337 ἐκάλεσεν
785 2306 798 2318 ο
824 2306 852 2334 ‹‹
909 2281 1106 2336 Οἴδατε
1155 2288 1280 2357 γὰρ,
1322 2306 1348 2334 ››
1395 2290 1574 2356 φησὶν,
1610 2307 1637 2334 ››
1696 2284 1787 2336 αὖ·

181 2386 283 2429 τῶν
315 2381 412 2434 τὴν
449 2377 678 2449 πονηρὰν
729 2379 819 2426 καὶ
865 2372 1084 2446 βέϐηλον
1146 2373 1366 2448 αἰρεσιν.
1397 2396 1425 2422 ››
1485 2376 1639 2430 Οὕτω
1695 2379 1786 2425 καὶ

184 2463 560 2525 ὁἈπὸστολος
579 2464 805 2535 αἱρέσεις
829 2465 901 2514 τὰ
950 2467 1235 2535 σχίσματα
1295 2465 1343 2514 ἓν
1397 2471 1459 2535 τῇ
1510 2467 1640 2535 πρὸς
1679 2468 1787 2516 Ko-

177 2557 410 2629 ρινθίους
435 2553 600 2622 καλεῖ,
617 2573 670 2608 κ.
689 2572 739 2608 τ.
763 2551 812 2607 λ.
834 2553 964 2622 (24).

249 2735 365 2804 (23)
395 2731 622 2804 Idcirco
649 2747 788 2786 cum
818 2729 1050 2804 Arianis
1083 2729 1372 2786 Meletiani
1408 2730 1787 2804 conjungun-

181 2801 298 2871 tur,
327 2804 476 2876 quia
501 2803 762 2876 Meletius
787 2801 865 2876 ab
892 2803 1126 2876 Arianis
1149 2806 1462 2876 promotus
1490 2802 1701 2866 fuerat,
1725 2807 1790 2858 ut

185 2877 285 2947 ait,
342 2873 570 2948 praeter,
606 2873 985 2948 Methodium,
1037 2873 1217 2928 etiam
1274 2873 1672 2948 Hieronymus
1727 2877 1790 2928 in

190 2945 504 3005 Chronico.
535 2945 904 3017 Caeteroquin
917 2945 966 3017 si
981 2959 1241 3012 magnus
1252 2945 1612 3017 Athanasius
1623 2945 1792 3017 (prae-

195 3025 284 3074 ter
302 3020 427 3073 Basi
436 3018 604 3078 lium)
617 3033 756 3072 cum
768 3015 991 3072 Meletio
1004 3018 1433 3070 communicare
1454 3015 1790 3086 optabat,ut

190 3106 267 3147 ex
291 3089 481 3145 Basilii
500 3088 766 3160 epistolis
795 3088 1123 3160 noscimus,
1142 3087 1204 3142 id
1227 3103 1470 3160 prorsus
1498 3087 1788 3160 meletium
1817 3091 1860 3149 C

190 3162 272 3220 ab
296 3157 641 3218 Arianismo
658 3158 912 3216 liberare
926 3157 1178 3215 videtur.
1201 3157 1267 3214 Et
1282 3158 1532 3231 quidem
1547 3158 1790 3214 delusos

1897 1835 2133 1892 smatici
2157 1853 2171 1903 ;
2201 1851 2400 1907 neque
2428 1851 2538 1891 vos
2584 1841 2859 1908 oportere
2885 1853 2923 1893 a
2949 1838 3127 1894 nobis
3177 1840 3380 1912 recipi,
3434 1840 3550 1896 nisi

1899 1925 2134 1980 sincera
2161 1924 2516 1997 paenitentia
2554 1926 2914 1995 tangamini,
2947 1926 3224 1999 ﬁatisque
3275 1928 3550 1985 Ecclesiae

1895 2013 1996 2069 ﬁlii
2042 2029 2150 2086 per
2178 2014 2654 2078 conversionem,
2686 2015 2850 2071 velut
2879 2016 3033 2072 sacri
3060 2033 3306 2090 quoque
3348 2017 3552 2074 decer-

1895 2108 2048 2158 nunt
2092 2119 2377 2159 canones.
2434 2103 2587 2160 Illud
2634 2105 2815 2161 etiam
2854 2105 3334 2176 animadvertite,
3383 2107 3551 2180 quod

1895 2207 2116 2264 nempe
2163 2193 2500 2249 Meletianos
2532 2194 2822 2250 Antonius
2867 2195 3179 2252 haereticos
3226 2196 3552 2269 appellavit

1895 2281 2100 2337 dicens
2117 2299 2129 2336 :
2155 2303 2182 2333 »
2195 2283 2388 2338 Nostis
2405 2283 2566 2338 enim
2581 2283 2820 2339 illorum
2838 2283 3182 2356 improbam
3203 2285 3553 2358 profanam-

1895 2387 2014 2443 que
2029 2371 2332 2430 haeresim.
2342 2393 2368 2420 »
2376 2372 2467 2428 Sic
2479 2373 2661 2428 etiam
2674 2373 2997 2445 Apostolus
3008 2373 3296 2432 haereseos
3306 2375 3553 2432 nomine

1898 2461 2224 2517 schismata
2252 2461 2532 2531 indigitat
2559 2461 2622 2517 in
2649 2461 2915 2534 Epistola
2942 2462 3022 2519 ad
3050 2462 3407 2537 Corinthios,
3437 2468 3549 2521 etc.

1898 2731 2079 2802 fuisse
2109 2729 2384 2802 Arianos,
2446 2730 2551 2802 qui
2608 2729 2903 2788 Meletium
2958 2732 3292 2790 consentire
3346 2750 3552 2791 secum

1898 2801 2212 2877 putabant,
2271 2801 2354 2857 ait
2382 2801 2593 2858 auctor
2621 2802 2886 2874 Calalogi
2914 2804 3340 2877 episcoporum
3370 2813 3553 2864 retro-

1897 2875 2130 2930 Citatus.

1968 2947 2079 3012 (24)
2127 2946 2425 3000 Hactenus
2479 2943 2809 3000 Methodius
2859 2946 3025 3003 visus
3072 2947 3220 3004 mihi
3249 2952 3342 3005 est
3395 2949 3554 3005 utilis

1940 3021 2141 3087 ropter
2161 3031 2234 3087 ea
2251 3031 2385 3087 quae
2406 3032 2476 3070 ex
2496 3016 2895 3073 ecclesiastica
2916 3017 3151 3074 sedium
3172 3019 3553 3077 orientalium

1940 3033 2141 3087 ropter
2161 3033 2234 3069 ea
2297 3033 2385 3070 uae
2406 3033 2476 3070 ex
2496 3033 2895 3073 ecclesmsnca
2916 3033 3151 3074 sedium
3172 3033 3553 3077 orientalium

1897 3033 2150 3164 flistoria
2177 3033 2508 3164 deaoravit.
2538 3087 2786 3160 Reliqua
2814 3095 2984 3146 erant
3006 3089 3070 3145 in
3099 3091 3304 3147 codice
3361 3107 3554 3164 usque

1899 3157 1980 3216 ad
2007 3157 2282 3230 opusculi
2310 3158 2496 3214 ﬁnem
2523 3157 2850 3231 perpauca.

202 3334 3563 3368 m

1565 3539 1716 3581 ANNO
1752 3539 1944 3581 DOMINI
1980 3539 2204 3580 HCCLXII

1433 3713 2311 3830 ΝΙΚΗΦΟΡΟΥ

813 3953 1503 4046 ΠΑΤΡΙΑΧΟΥ
1576 3956 1787 4044 ΚΩΒ

1901 3955 2933 4074 ΓΑΝΤΙΝΟΥΠΟΑΕΩΣ

1525 4167 1676 4217 ΠΕΡΙ
1705 4169 1843 4216 ΤΩΝ
1869 4167 2235 4216 ΛΕΓΟΝΤΘΝ

740 4291 851 4339 ΟΤΙ
890 4292 1024 4340 ΧΡΗ
1066 4291 1180 4340 ΚΑΙ
1219 4290 1398 4340 ΜΕΤΑ
1437 4293 1575 4340 TON
1610 4291 1938 4341 ΘΑΝΑΤΟΝ
1974 4292 2366 4341 ΕΥΧΕΛΑΙΟΝ
2404 4292 2639 4341 ΠΟΙΕΙΝ
2675 4293 2764 4342 ΕΝ
2794 4294 3018 4362 ΝΕΚΡῼ

1135 4445 2336 4695 Nluurﬁonl
2454 4551 2627 4694 ΙΙ·

1589 4804 1665 4854 CP
1676 4843 1688 4854 .
1731 4803 2167 4855 ΡΑΤΒΙΑΒΟΗΛΕ

671 4923 944 4979 CONTRA
986 4923 1118 4979 EOS
1158 4921 1277 4986 QUI
1319 4923 1573 4978 DlCUNT
1611 4922 1946 4978 MORTUOS
1987 4923 2210 4978 SACRO
2251 4923 2435 4980 OLEO
2477 4924 2849 4981 UNGENDOS
2887 4926 3076 4982 ESSE.

1175 5045 1328 5118 (Mai,
1362 5049 1527 5102 Nova
1546 5045 1694 5102 Bibl.
1733 5043 1839 5101 PP.
1872 5049 2020 5104 tom.
2050 5047 2138 5113 1V,
2171 5061 2231 5118 p.
2257 5049 2347 5116 61,
2372 5045 2435 5103 in
2460 5048 2611 5117 not.)

259 5299 373 5353 Οὐκ
430 5295 554 5351 οἶὸα
605 5296 758 5349 ποίαν
834 5295 1140 5370 ἀϐελτηρίαν
1201 5301 1291 5349 καὶ
1331 5295 1651 5348 ἀτασθαλίαν
1699 5316 1793 5368 με-

189 5393 320 5448 στὴν
371 5391 772 5461 πειριπίπτουσί
821 5405 954 5447 τινες
1013 5388 1162 5460 ἱερεῖς
1210 5385 1257 5437 ἐν
1325 5386 1538 5445 παλλοῖς
1586 5390 1791 5452 τόποις,

188 5481 253 5541 ὡς
285 5479 476 5551 ἔμαθον
506 5479 652 5551 παρὰ
675 5484 774 5527 τῶν
806 5471 1040 5530 εἰδότων.
1080 5478 1324 5546 Λαγουσι
1369 5478 1493 5548 γὰρ,
1540 5477 1621 5528 ὅτι
1661 5477 1796 5548 μετὰ

188 5573 244 5621 τὸ
290 5569 459 5621 θανεῖν
511 5565 726 5625 πολλοὺς
786 5569 987 5626 τοὺτοις
1029 5573 1290 5627 ποιοῡτοις
1357 5564 1649 5637 εὑχέλαιον,
1703 5570 1794 5618 καὶ

269 5767 286 5800 ¹
308 5763 397 5820 De
419 5777 498 5821 eo
519 5761 692 5820 Mich.
714 5761 999 5838 Lequien,
1028 5761 1251 5822 Orient.
1273 5761 1500 5823 Christ.
1530 5762 1577 5833 Ι,
1613 5762 1745 5820 281.

1974 5297 2182 5352 Pravae
2211 5297 2412 5353 nescio
2433 5296 2529 5352 cui
2554 5295 2974 5352 consuetudini
3003 5301 3060 5354 et
3088 5300 3410 5358 stoliditate
3434 5302 3553 5375 ple-

1904 5400 1998 5440 nae
2027 5385 2089 5440 in
2119 5385 2321 5441 multis
2340 5385 2485 5441 locis
2505 5384 2816 5442 adhaerent
2835 5385 3174 5443 sacerdotes
3193 5389 3466 5462 quidam,
3490 5396 3556 5448 ut

1903 5475 1981 5532 ab
2011 5475 2262 5533 oculatis
2285 5476 2536 5533 testibus
2565 5473 2789 5531 audivi.
2817 5474 2998 5532 Aiunt
3023 5476 3186 5535 enim
3214 5494 3320 5537 eos
3345 5480 3555 5540 defun-

1902 5564 2010 5621 ctis
2039 5565 2244 5622 oleum
2271 5569 2549 5623 sanctum
2571 5563 2894 5622 admovere
2923 5569 2982 5622 et
3008 5581 3229 5642 corpus
3245 5574 3556 5632 mortuum
