4090 6386
570 271 687 329 «807

1756 253 2191 329 οοΝετΑΝτιΝ
2198 261 2283 332 US
2319 248 2758 321 ACROPOLlTA

3813 258 3910 325 808

576 393 892 468 inungere.
924 398 968 455 Ο
992 408 1279 471 perversa
1306 396 1615 456 doctrina!
1647 395 1805 455 oeuli
1832 391 2080 453 omnino
2107 403 2233 447 non

2348 386 2718 461 ωναλείφουσι
2750 390 2810 440 τὸ
2867 387 3112 449 τεθνηκὸς
3162 392 3338 460 σῶμα.
3362 385 3434 440 Ὠ
3484 393 3670 459 γνῶσις
3708 392 3911 445 νενοθευ-

579 484 871 543 videntes!
888 488 1105 545 Sancta
1116 487 1278 545 enim
1290 487 1731 546 etoecumenica
1741 483 2010 560 synodus
2038 479 2236 554 prima

578 574 695 631 hoc
719 575 849 632 ﬁeri
871 575 1055 633 edixit
1082 591 1227 649 erga
1255 592 1359 635 eos
1399 577 1507 651 qui
1535 575 1747 633 anima
1775 579 1833 632 et
1862 584 2115 645 corpore
2143 568 2234 625 in-

578 661 921 734 iirmantur,
946 664 1285 722 secundum
1303 664 1571 738 Apostoli
1590 667 1991 738 praeceptum:
2026 682 2047 708 ι
2072 656 2235 715 lnﬁr-

577 756 781 808 matur
794 751 931 825 quis
950 752 1012 808 in
1028 752 1201 809 vobis
1219 754 1247 809 ?
1264 753 1513 810 lnducat
1538 752 1926 826 presbyteros
1939 745 2232 813 Ecclesiae,

579 843 641 896 et
658 844 831 897 orent
848 855 1029 913 super
1052 856 1217 912 eum,
1248 846 1544 914 ungentes
1566 858 1708 899 eum
1727 840 1857 898 oleo
1880 839 1943 896 in
1990 835 2235 894 nomine

579 929 839 987 Domini.
877 932 943 986 Et
956 930 1146 988 oratio
1160 930 1300 988 ﬁdei
1319 931 1578 989 salvabit
1600 930 1911 988 inﬁrmum
1928 931 1987 985 et
1999 923 2238 983 allevia-

577 1015 668 1074 bit
694 1033 835 1074 eum
865 1018 1191 1090 Dominus;
1221 1024 1278 1077 et
1305 1020 1354 1076 si
1378 1020 1441 1078 in
1470 1020 1732 1094 peccatis
1763 1015 2236 1083 sit,remittentur

578 1106 633 1164 ei
663 1110 679 1142 ί
720 1131 779 1165 .››
809 1107 988 1166 Vides
1012 1109 1372 1169 mandatum
1389 1111 1417 1167 ?
1444 1110 1611 1168 Disce
1638 1108 1893 1168 modum
1919 1110 1977 1163 et
2004 1102 2235 1162 irratio-

578 1196 857 1255 nabiliter
884 1212 1063 1269 agere
1088 1197 1233 1256 noli.
1277 1199 1557 1257 Similiter
1580 1204 1638 1257 et
1687 1201 1859 1255 Pater
1880 1198 2103 1264 noster,
2134 1196 2235 1249 Ar-

580 1287 816 1344 senium
844 1287 982 1344 dico
1012 1288 1383 1347 Constantini
1446 1289 1701 1362 egregias.
1752 1286 1922 1345 urbis
1987 1283 2235 1359 patriar-

580 1376 1212 1442 eham,caaremoniam
1239 1378 1400 1436 lianc
1411 1393 1518 1451 per
1530 1383 1759 1452 septem
1780 1375 2089 1435 ministros
2108 1373 2237 1430 ﬁeri

574 1465 754 1535 jussit
794 1465 1030 1523 etiamsi
1059 1468 1328 1541 episcopi
1358 1468 1478 1525 sint
1504 1468 1600 1525 vel
1627 1466 2022 1539 metropolitee
2060 1463 2237 1533 ;ideo

577 1569 785 1627 preces
803 1554 935 1629 ipse
950 1554 1281 1630 aliquando
1305 1557 1592 1630 praestitit.
1624 1556 1766 1614 Vide
1800 1570 2049 1626 precum
2070 1550 2238 1609 adhi-

577 1645 840 1703 bitarum
870 1649 1110 1714 metem,
1142 1652 1199 1704 et
1228 1647 1393 1705 disce
1430 1647 1597 1721 quod
1623 1646 1973 1719 ignorabas.
2008 1647 2239 1701 Rursus

2344 480 2493 549 μένη,
2525 482 2615 530 καὶ
2635 475 2890 550 ὀφθαλμοὶ
2919 476 3180 539 παντελῶς
3235 475 3342 549 οὐχ
3397 476 3645 550 ὀρῶντεςῐ
3695 482 3915 555 Καὶῂγὰρ

2343 574 2496 618 τοῦτο
2527 568 2557 625 ἡ
2598 565 2728 638 ἁγία
2782 570 2872 619 καὶ
2915 566 3194 639 οἰκουμεκὴ
3245 561 3463 628 σύνοδος
3521 568 3553 625 ἡ
3614 572 3782 643 πρώτη
3827 567 3917 622 ἕνο-

2342 656 2647 727 μοθέτησεν,
2680 653 2767 708 ἐπί
2796 655 2993 717 ζῶντας
3048 662 3303 718 νοσῦντας
3358 654 3513 729 ψυχῇ
3564 660 3656 709 καὶ
3710 662 3913 731 σώματι,

2342 750 2437 804 τήν
2488 743 2720 819 ἀφορμὴν
2760 744 3010 807 λαϐόντας
3074 748 3133 798 τὸ
3190 752 3285 799 τοῦ
3349 743 3671 799 Ἀποστόλου
3741 747 3914 821 ῥητόνο

2342 834 2475 907 λέγει
2506 830 2565 887 δε
2593 855 2606 868 -
2632 855 2663 886 ι(
2685 834 2917 889 Ἀσθενιῖ
2946 855 3026 896 τις
3055 838 3105 889 ἑν
3134 836 3257 909 ὑμῖν
3291 852 3307 904 ;
3335 835 3787 910 Προσκαλεσάσθω
3812 840 3915 901 τούς

2342 922 2726 999 πρεσϐυτέρους
2784 931 2879 987 τῆς
2934 923 3268 993 Ἐκκλησίας,
3327 929 3418 978 καὶ
3462 924 3913 999 προσευξάσθωσαν

2343 1014 2424 1067 ἐπ’
2447 1014 2603 1067 αὐτὸν
2635 1012 2924 1088 ἁλειφοντες
2959 1014 3114 1068 αὐτὸν
3166 1014 3317 1088 ἐλαίῳ
3347 1013 3396 1068 ἕν
3455 1024 3528 1087 τῷ
3582 1016 3791 1089 ὀνόματι
3838 1022 3914 1068 τοῦ

2346 1107 2540 1178 Κυρίου
2561 1124 2574 1137 ·
2607 1108 2697 1157 καὶ
2721 1105 2752 1163 ἡ
2790 1104 2926 1177 εὐχὴ
2950 1112 3041 1166 τῆς
3076 1109 3303 1166 πίστεως
3335 1108 3494 1158 σώσει
3517 1108 3604 1157 τὸν
3659 1111 3914 1178 κάμνοντα,

2343 1197 2436 1245 καὶ
2463 1191 2629 1268 ἐγερεῖ
2655 1195 2812 1246 αὐτὸν
2832 1194 2858 1246 ὁ
2891 1196 3084 1267 Κύριος
3105 1214 3117 1229 ·
3145 1195 3241 1247 κᾶν
3272 1193 3529 1270 ἁμαρτίας
3628 1198 3913 1261 πεποιηκὼς,

2345 1279 2661 1355 ἀφεθήσεται
2691 1281 2853 1354 αὐτῷ.
2884 1304 2913 1334 »ι
2934 1282 3087 1358 Ὁρᾷς
3123 1286 3183 1336 τὸ
3210 1283 3358 1358 ῥῆμα
3384 1298 3398 1351 ;
3450 1284 3619 1356 γνῶθι
3678 1287 3762 1335 τὸν
3811 1287 3917 1357 τρό-

2345 1392 2460 1444 πον,
2494 1378 2584 1426 καὶ
2625 1378 2697 1446 μὴ
2764 1371 2991 1436 ἀνοήτως
3038 1376 3099 1426 τὸ
3148 1379 3369 1449 πρᾶγμα
3415 1382 3600 1427 ποιῶν.
3622 1373 3834 1447 Ὁμοίως
3872 1368 3920 1425 δί

2346 1463 2506 1533 καὶ,ὀ
2536 1467 2737 1539 Πατὴρ,
2795 1465 2941 1536 ἡμῶν
2994 1462 3259 1537 Ἀρσένιον
3311 1462 3443 1536 λέγω
3489 1466 3580 1517 τὸν
3641 1464 3919 1538 πατριάχην

2348 1558 2439 1612 τῆς

2349 1644 2544 1700 ταύτην
2606 1640 2946 1715 ἕνομοθέτησε
3000 1643 3239 1715 γίνεσθαι
3287 1639 3362 1695 δι’
3416 1641 3556 1695 ἐπτά
3605 1644 3789 1717 ἱερέων,
3846 1640 3923 1693 κᾶν

2513 1551 2857 1615 καλλιπόλεως
2948 1557 3362 1622 Κωνσταντῖνου,
3457 1557 3556 1612 τὴν
3643 1551 3921 1605 ἀκολουθίαν

581 1733 666 1790 eis
685 1733 858 1791 dico:
891 1734 988 1791 Ait
1016 1734 1310 1793 Dominus
1334 1742 1537 1794 noster
1567 1753 1580 1793 :
1608 1758 1638 1786 «
1671 1735 1779 1792 Ubi
1829 1739 1969 1791 sunt
1995 1733 2118 1790 duo
2147 1731 2236 1788 vel

2352 1730 2631 1785 ἐπίσκοποι
2670 1728 2793 1800 ὦσι,
2842 1733 2938 1784 κᾶν
2987 1730 3371 1807 μητροπολῖται
3400 1752 3413 1764 ·
3471 1728 3564 1784 διὸ
3621 1736 3709 1785 καὶ
3750 1750 3796 1783 εν
3843 1734 3925 1799 ῖσῳ

583 1827 700 1880 tres
728 1824 1077 1895 congregati
1123 1824 1188 1881 in
1216 1826 1463 1882 nomine
1487 1841 1647 1895 meo,
1676 1824 1761 1882 ibi
1789 1840 1924 1881 sum
1956 1823 2017 1879 in
2041 1820 2243 1879 medio

582 1928 793 1969 eorum
824 1915 868 1967 ³.
904 1933 932 1964 ››
961 1915 1028 1969 Et
1054 1913 1272 1971 iterum
1300 1915 1429 1987 ipse
1451 1915 1744 1972 Dominus
1767 1918 1973 1972 noster
1992 1917 2050 1969 et
2086 1911 2244 1968 Deus

581 1999 647 2057 in
667 2000 987 2072 Evangelio
1009 2002 1350 2060 secundum
1374 2005 1595 2060 Lucam
1619 2019 1759 2060 cum
1787 2002 1862 2060 de
1887 2017 1959 2058 eo
1982 2000 2245 2074 loquitur

580 2090 686 2162 qui
716 2089 777 2145 in
806 2089 1071 2149 latrones
1099 2091 1411 2162 inciderat,
1439 2094 1570 2165 ejus
1590 2092 1840 2150 vulnera
1860 2091 1994 2150 oleo
2023 2095 2082 2148 et
2108 2089 2245 2147 vino

582 2178 707 2236 fota
733 2178 917 2235 fuisse
947 2179 1050 2236 ait.
1084 2183 1216 2238 Hrec
1237 2197 1381 2252 ergo
1406 2182 1486 2238 ad
1508 2181 1678 2238 vivos
1706 2185 1999 2254 spectant,
2022 2195 2146 2236 non
2167 2177 2247 2236 ad

580 2272 874 2325 mortuos.
905 2270 990 2325 Tu
1010 2286 1148 2326 vero
1171 2271 1276 2343 qui
1296 2270 1411 2328 hoc
1439 2270 1635 2328 facere
1681 2269 2025 2343 praesumis,
2057 2262 2249 2325 animi

582 2356 787 2413 nescio
809 2374 934 2431 qua
961 2359 1409 2417 insatiabilitate
1435 2360 1700 2418 laboras.
1740 2360 1882 2417 Dico
1902 2359 2081 2430 igitur
2105 2375 2117 2414 :
2142 2360 2248 2414 Νο-

584 2462 686 2503 mo
706 2446 823 2503 hoc
841 2445 1038 2504 facere
1061 2448 1341 2521 audebit;
1372 2450 1486 2522 sin,
1515 2454 1577 2506 ut
1601 2455 2011 2521 transgressor
2027 2447 2243 2522 prsidi-

584 2540 815 2592 ctorum
836 2535 1179 2594 habebitur.
1203 2539 1373 2602 Quod
1396 2539 1446 2595 si
1470 2538 1617 2597 mihi
1639 2538 1826 2610 dicas,
1860 2539 1975 2595 hoc
2007 2544 2073 2594 ut
2092 2553 2247 2610 opus

583 2626 756 2701 pium
786 2639 923 2697 erga
952 2632 1224 2684 mortuos
1250 2628 1437 2698 ﬁerit;
1474 2644 1667 2702 apage
1695 2627 1705 2681 !
1742 2631 1823 2684 Ex
1845 2626 2246 2700 eleemosynis

584 2717 747 2773 enim
776 2716 834 2770 et
859 2730 993 2788 quae
1022 2733 1061 2775 a
1092 2716 1441 2775 Christianis
1479 2717 1635 2775 ﬁunt
1675 2722 2054 2775 mortuorum
2085 2731 2244 2773 com-

582 2808 1125 2867 memorationibus
1154 2808 1416 2864 fructum
1446 2807 1818 2881 spiritualem
1847 2808 2012 2881 apud
2055 2809 2243 2863 Deum

582 2898 801 2957 animm
822 2899 1194 2973 percipiunt;
1229 2902 1293 2956 tu
1319 2903 1524 2955 autem
1551 2914 1770 2972 corpus
1814 2902 2124 2956 mortuum
2152 2897 2243 2954 in-

580 3004 818 3060 ungens
841 2995 897 3046 et
940 2988 1184 3046 dicens:
1220 2989 1634 3046 Commoretur
1684 2987 1935 3061 Spiritus
1986 2992 2123 3045 tuus
2178 2987 2242 3044 in

580 3093 754 3136 servo
786 3083 888 3135 tuo
914 3083 982 3135 ut
1022 3077 1317 3150 reliquum
1379 3083 1618 3151 tempus
1665 3078 1727 3134 in
1758 3077 2063 3135 mandatis
2122 3080 2241 3134 tuls
2269 3104 2310 3165 ο

578 3171 920 3240 perseveret
950 3184 965 3233 ;
1013 3172 1070 3224 et
1092 3183 1339 3225 rursus:
1368 3170 1522 3224 Leva
1542 3180 1687 3224 eum
1726 3182 1800 3223 ex
1829 3167 2053 3223 doloris
2089 3166 2239 3224 lecto

580 3261 638 3314 et
657 3273 694 3313 a
723 3260 1049 3314 stramento
1078 3257 1415 3314 aiﬂictionis
1442 3273 1455 3323 ;
1484 3274 1623 3314 cum
1650 3257 1780 3314 haec
1811 3258 2239 3331 profers,quod

579 3344 711 3417 agis
726 3360 850 3403 non
864 3342 1166 3416 intelligis.
1188 3345 1302 3403 Sed
1318 3345 1503 3403 ﬁnem
1521 3346 1763 3403 dicendi
1778 3345 2035 3404 facimus
2055 3346 2237 3405 allato

579 3450 653 3493 ex
680 3434 1001 3493 Salomone
1022 3435 1402 3494 testimonio:
1438 3456 1466 3488 ‹‹
1492 3441 1556 3493 In
1577 3436 1701 3493 viro
1733 3436 2095 3508 intelligente
2117 3453 2237 3493 ser-

578 3541 682 3583 mo
724 3524 980 3599 simplex
1022 3529 1080 3583 et
1121 3525 1321 3584 brevis
1364 3525 1565 3584 solerti
1594 3531 1650 3584 et
1678 3531 1962 3601 prompto
2002 3527 2238 3585 auditui

580 3615 818 3672 sufﬁcit.
852 3637 881 3667 ››

2351 1824 2441 1882 τὰς
2471 1821 2634 1894 εὐχὰς
2677 1821 2836 1884 αὐτὸς
2881 1822 2908 1873 ὁ
2949 1822 3129 1896 ῥηθείς
3182 1826 3497 1884 πεποιηκώς.
3562 1825 3664 1876 Καί
3729 1822 3819 1895 ὅρα
3854 1822 3924 1871 τὸν

2351 1918 2468 1963 νοῦν
2516 1919 2617 1963 τῶν
2667 1914 3025 1984 πεποιημένων
3067 1909 3262 1983 εὐχῶν,
3318 1912 3480 1983 γνῶθι
3534 1930 3561 1964 ο
3615 1915 3684 1984 μή
3755 1905 3922 1969 εἰδώς.

2354 2004 2456 2054 Καί
2486 1999 2641 2053 πάλιν
2688 2003 2819 2073 πρὸς
2865 2002 3071 2063 τούτοις
3125 1998 3259 2075 ἆρῶ·
3308 2004 3439 2072 φησί
3496 2002 3603 2075 γὰρ
3635 2001 3661 2052 ὀ
3713 2000 3924 2072 ἡμέτερος

2357 2092 2548 2165 Κύριος
2579 2087 2836 2143 ο‹‹”Οπου
2892 2088 2996 2142 εἰσί
3042 2085 3140 2142 δύο
3198 2090 3228 2148 ἦ
3290 2097 3428 2165 τρεῖς
3472 2088 3528 2141 ἐν
3575 2098 3646 2162 τῷ
3691 2088 3789 2163 ἐμῷ
3834 2086 3925 2138 ὀνό-

2354 2198 2503 2253 ματι,
2536 2177 2639 2232 ἐκεῖ
2656 2183 2746 2232 καὶ
2775 2184 2872 2252 εγὼ
2904 2178 3029 2252 εἰμι.
3059 2200 3088 2231 )ι
3131 2182 3234 2233 Καὶ
3283 2178 3436 2232 πάλιν
3482 2179 3640 2241 αὐτὸς
3692 2197 3718 2232 ο
3759 2179 3921 2252 Κύριος

2356 2270 2502 2341 ἡμῶν
2528 2272 2618 2321 καὶ
2642 2271 2772 2331 Θεὸς
2797 2286 2846 2321 εν
2892 2276 2964 2340 τῷ
3020 2270 3156 2321 κατὰ
3202 2274 3411 2321 Λουκοὶν
3458 2268 3602 2341 ἁγίῳ
3656 2264 3921 2340 Εὐαγγελίῳ

2355 2356 2491 2430 λέγει
2541 2363 2661 2431 περί
2716 2365 2808 2410 τοῦ
2880 2377 3187 2431 ιμπισοντος
3262 2358 3335 2421 εἰς
3412 2360 3543 2421 τούς
3608 2358 3793 2431 λῃστὰς
3843 2357 3922 2406 καὶ

2355 2449 2851 2520 τραυματισθέντος,
2929 2452 3153 2520 επιχέων
3217 2446 3383 2501 amor
3461 2451 3562 2501 καί
3628 2445 3773 2502 οἶνον.
3834 2445 3921 2498 Καί

2354 2544 2523 2590 ταῦτα
2543 2542 2627 2591 επί
2654 2539 2856 2599 ζώντων
2911 2539 3352 2611 νενομοθέτηνται,
3418 2537 3555 2611 οὐχί
3606 2543 3686 2592 επι
3736 2537 3923 2590 τεθνεώ-

2353 2645 2475 2683 των.
2507 2630 2572 2680 Σύ
2604 2624 2663 2680 δέ
2693 2646 2718 2680 ο
2760 2636 2913 2681 τοῦτο
2965 2627 3235 2700 τολμήσας
3281 2629 3383 2689 οἷος
3436 2635 3623 2696 ποιεῖν,
3679 2625 3767 2680 οὐχ
3818 2619 3925 2677 οἶδα

2353 2721 2506 2779 ποίας
2580 2716 2865 2792 ἀκορέστου
2920 2722 3128 2789 γνὼκης
3203 2722 3515 2780 νενοσηκὼς.
3599 2719 3682 2770 Διὸ
3758 2713 3879 2785 λέγω
3913 2730 3925 2745 ·

2352 2803 2554 2870 Μηδεὶς
2591 2807 2839 2881 τολμήσει
2865 2815 3019 2861 τοῦτο
3064 2814 3251 2878 ποιεῖν,
3302 2811 3441 2861 καὶο
3492 2806 3788 2881 παραϐάτης
3829 2808 3923 2853 τῶν

2350 2894 2669 2956 λαληθέντων
2718 2898 3049 2971 κριθήσεται.
3083 2897 3142 2950 Εἰ
3181 2892 3241 2950 δέ
3290 2916 3351 2970 ’γε
3394 2903 3555 2951 τοῦτο
3604 2899 3771 2965 φήσεις
3826 2908 3921 2965 μοι,

2350 2986 2430 3039 ὅτι
2460 2985 2809 3060 ελεημοσυνης
2837 2989 2983 3063 ἔργον
3013 2995 3086 3059 τῷ
3124 2988 3397 3046 τεθνηκότι
3451 2992 3676 3059 γίνεται,
3718 2983 3759 3039 εἰ
3792 2989 3919 3036 τοῦτο

2348 3081 2609 3143 ποιήσεις,
2641 3081 2710 3136 μὴ
2742 3082 2963 3149 γένοιτο.
2999 3080 3101 3131 Καὶ
3121 3079 3224 3153 γὰρ
3250 3079 3281 3137 ἠ
3343 3077 3685 3151 ελεημοσύνη,
3734 3078 3817 3127 καὶ
3870 3071 3916 3123 αἱ

2349 3174 2552 3239 μνῆμαι
2581 3174 2680 3218 τῶν
2704 3173 3051 3241 Χριστιανῶν,
3103 3168 3161 3219 αῖ
3207 3171 3438 3239 ’γίνονται
3485 3166 3567 3221 ἀεὶ
3610 3164 3727 3239 παρ’
3772 3165 3913 3236 ἡμῶν,

2347 3258 2696 3327 πνευματικὸν
2717 3259 2806 3308 κόν
2826 3259 3024 3333 καρπὸν
3074 3251 3412 3329 επιδέχονται
3479 3259 3537 3310 αἱ
3587 3254 3759 3328 ψυχαί
3796 3252 3915 3324 παρά

2347 3353 2420 3417 τῷ
2446 3354 2561 3416 Θεῷ
2586 3366 2599 3380 ·
2632 3348 2697 3398 σύ
2732 3338 2790 3399 δέ
2823 3351 2881 3400 τὸ
2919 3348 3166 3409 τεθνηκὸς
3215 3354 3369 3420 σῶμα
3418 3345 3805 3421 επισφροιγίζων
3843 3343 3915 3393 καὶ

2346 3435 2506 3508 λέγων
2535 3457 2547 3470 ·
2580 3443 2663 3508 Τῷ
2696 3440 2959 3510 Πνεύματί
2992 3456 3087 3490 σου
3136 3442 3407 3497 σκηνωσον
3468 3444 3556 3492 επῖ
3621 3441 3705 3491 τὸν
3758 3431 3915 3488 δοῦλον

2350 3546 2467 3598 σου,
2507 3526 2641 3587 ὁπως
2663 3530 2750 3579 τὸν
2781 3526 3060 3580 ὑπόλοιπον
3115 3530 3306 3601 χρὸνον
3354 3546 3404 3581 εν
3460 3536 3572 3591 τοῖς
3620 3522 3914 3597 δικαιώμασῖ

2350 3637 2445 3671 σου
2488 3619 2773 3691 πορεύηται
2804 3634 2817 3649 ⁶
2876 3622 2966 3694 καὶ
3019 3616 3205 3671 πὰλον⁶
3266 3616 3553 3694 Ἐξέγειρον
3621 3617 3768 3671 αὐτὸν
3834 3611 3916 3694 ἀπὸ

579 3687 758 3750 κλίνης
784 3683 1064 3764 ὁδυνηρᾶς,
1111 3692 1199 3741 καὶ
1230 3685 1368 3764 Δϐιττό
1428 3697 1700 3764 στρωμνῆς
1729 3694 2035 3764 ’κακώσεως
2064 3706 2076 3719 ³
2131 3690 2252 3743 ὅταν
2308 3697 2478 3744 ταῦτα
2534 3683 2819 3764 ιπιίρωνεῖς,
2880 3689 2939 3742 οὐ
2986 3695 3262 3761 γινώσκεις
3318 3683 3408 3741 τὸν
3458 3683 3587 3744 νοῦν
3644 3696 3731 3742 τοῦ
3773 3686 3918 3764 πράγ-

578 3778 757 3834 ματος.
822 3758 1004 3836 Τοίνυν
1052 3758 1148 3832 τῷ
1230 3759 1369 3836 λόγῳ
1414 3758 1500 3814 τὸ’
1529 3758 1676 3836 τέλος.
1715 3758 1906 3834 δῶμεν,
1966 3766 2057 3814 καὶ
2116 3769 2206 3814 τοῦ
2260 3762 2583 3836 Σολομῶντος
2627 3758 2796 3835 ῥητοῦ
2844 3758 3054 3836 μνήμην
3108 3767 3434 3835 ποιήσωμεν,
3494 3765 3577 3816 ὅτι
3624 3768 3706 3833 Τῷ
3766 3758 3919 3831 ἔχοντι

581 3831 789 3886 σύνεσιν
816 3831 1081 3907 αὐτάρκης
1100 3831 1191 3885 καὶ
1223 3831 1473 3904 εἷς’λὸγος
1500 3836 1633 3907 πρὸς
1655 3831 1814 3892 ἀκοήν
1838 3834 2037 3887 εὐθεῖαν
2062 3837 2153 3887 καὶ
2173 3831 2525 3891 συνετωτάτην
2551 3831 2805 3907 ὐπᾶρχει.

649 4010 667 4049 ¹
698 4010 819 4069 Jac.
858 4026 915 4082 ν,
950 4011 1029 4067 14.
1055 4011 1077 4047 ²
1106 4009 1309 4068 Matth.
1337 4025 1502 4080 xvm,
1538 4016 1624 4067 20.

580 4172 2122 4225 ω

2127 4184 3914 4229 W

1932 4396 2080 4439 ANNO
2120 4397 2310 4439 DOIINI
2349 4397 2586 4441 “CCLXX.

579 4583 2321 4756 CONSTANTINUS
2449 4587 3909 4761 ACROPOLITA.

1991 5025 2515 5123 NOTITIA

1593 5243 1772 5315 (Cave
1811 5242 1888 5301 ad
1929 5257 2028 5300 an.
2060 5242 2233 5315 1270;
2267 5241 2493 5303 Fabric.
2532 5242 2687 5302 Harl.
2712 5245 2753 5302 t.
2782 5242 2925 5316 VII.)

641 5484 1065 5550 Constantinus
1105 5491 1468 5566 Acropolita,
1522 5507 1783 5566 magnus
1811 5492 2133 5566 logotheta,
2162 5500 2270 5559 νέος
2295 5493 2645 5572 Μπαφρᾶστη
2657 5515 2699 5565 ς,
2727 5495 2853 5554 sive
2880 5496 3319 5571 Metaphrastes
3363 5496 3581 5570 ,ίαηίον
3611 5494 3815 5558 dictus,
3851 5483 3901 5541 in

569 5588 710 5652 aula
739 5589 1193 5670 Constantinop.
1225 5592 1317 5651 vir
1354 5607 1653 5660 summus,
1679 5592 1910 5666 claruit,
1941 5593 2278 5670 imperante
2305 5593 2585 5656 Michaele
2614 5594 2973 5670 Palasologo,
3006 5596 3166 5656 circa
3179 5613 3279 5658 an.
3306 5601 3463 5659 1270.
3479 5595 3733 5655 Causam
3766 5590 3901 5649 Grae-
