  <div class='ocr_page' id='page_1' title='image "/cluster/home/n/w/nwhite01/storage/ocr_20150623/140/coo.31924054870450/414.png"; bbox 0 0 4090 6380; ppageno 0'>
   <div class='ocr_carea' id='block_1_1' title="bbox 162 292 3580 362">
    <p class='ocr_par' dir='ltr' id='par_1_1' title="bbox 162 292 3580 362">
     <span class='ocr_line' id='line_1_1' title="bbox 162 292 3580 362; baseline 0.007 -24"><span class='ocrx_word' id='word_1_1' title='bbox 162 335 166 338; x_wconf 84' lang='grc'>,</span> <span class='ocrx_word' id='word_1_2' title='bbox 183 300 306 354; x_wconf 78' lang='lat'>309</span> <span class='ocrx_word' id='word_1_3' title='bbox 1598 349 1600 352; x_wconf 63' lang='grc'>,</span> <span class='ocrx_word' id='word_1_4' title='bbox 1944 292 2247 350; x_wconf 76' lang='grc' dir='ltr'>ΝΟΤΙΤΙΑ.</span> <span class='ocrx_word' id='word_1_5' title='bbox 3471 308 3580 362; x_wconf 87' lang='grc'>810</span> 
     </span>
    </p>
   </div>
   <div class='ocr_carea' id='block_1_2' title="bbox 191 418 3576 495">
    <p class='ocr_par' dir='ltr' id='par_1_2' title="bbox 191 418 3576 495">
     <span class='ocr_line' id='line_1_2' title="bbox 191 418 3576 495; baseline 0.002 -17"><span class='ocrx_word' id='word_1_6' title='bbox 191 437 416 479; x_wconf 91' lang='lat' dir='ltr'>corum</span> <span class='ocrx_word' id='word_1_7' title='bbox 449 423 740 480; x_wconf 82' lang='lat' dir='ltr'>adversus</span> <span class='ocrx_word' id='word_1_8' title='bbox 773 425 1010 482; x_wconf 90' lang='lat' dir='ltr'>Latinos</span> <span class='ocrx_word' id='word_1_9' title='bbox 1043 421 1287 480; x_wconf 83' lang='lat' dir='ltr'>fovebat</span> <span class='ocrx_word' id='word_1_10' title='bbox 1307 420 1592 488; x_wconf 85' lang='lat' dir='ltr'>maxime,</span> <span class='ocrx_word' id='word_1_11' title='bbox 1623 422 1832 477; x_wconf 87' lang='lat' dir='ltr'>contra</span> <span class='ocrx_word' id='word_1_12' title='bbox 1854 435 2011 493; x_wconf 87' lang='lat' dir='ltr'>quos</span> <span class='ocrx_word' id='word_1_13' title='bbox 2039 419 2240 492; x_wconf 88' lang='lat' dir='ltr'>plures</span> <span class='ocrx_word' id='word_1_14' title='bbox 2265 418 2340 474; x_wconf 89' lang='lat' dir='ltr'>de</span> <span class='ocrx_word' id='word_1_15' title='bbox 2373 419 2757 491; x_wconf 88' lang='lat' dir='ltr'>processione</span> <span class='ocrx_word' id='word_1_16' title='bbox 2789 421 3039 495; x_wconf 84' lang='lat' dir='ltr'>Spiritus</span> <span class='ocrx_word' id='word_1_17' title='bbox 3074 426 3262 484; x_wconf 79' lang='lat' dir='ltr'>sancti</span> <span class='ocrx_word' id='word_1_18' title='bbox 3293 429 3576 490; x_wconf 83' lang='lat' dir='ltr'>tractatus</span> 
     </span>
    </p>
   </div>
   <div class='ocr_carea' id='block_1_3' title="bbox 196 506 3575 589">
    <p class='ocr_par' dir='ltr' id='par_1_3' title="bbox 196 506 3575 589">
     <span class='ocr_line' id='line_1_3' title="bbox 196 506 3575 589; baseline 0.003 -22"><span class='ocrx_word' id='word_1_19' title='bbox 196 511 465 585; x_wconf 82' lang='lat' dir='ltr'>reliquit.</span> <span class='ocrx_word' id='word_1_20' title='bbox 489 515 646 569; x_wconf 90' lang='lat' dir='ltr'>Duos</span> <span class='ocrx_word' id='word_1_21' title='bbox 663 513 724 570; x_wconf 88' lang='lat' dir='ltr'>in</span> <span class='ocrx_word' id='word_1_22' title='bbox 747 513 980 588; x_wconf 76' lang='lat' dir='ltr'>scriptis</span> <span class='ocrx_word' id='word_1_23' title='bbox 1008 516 1347 571; x_wconf 65' lang='lat' dir='ltr'>Graecorum</span> <span class='ocrx_word' id='word_1_24' title='bbox 1377 510 1655 568; x_wconf 88' lang='lat' dir='ltr'>laudatos</span> <span class='ocrx_word' id='word_1_25' title='bbox 1679 524 1740 565; x_wconf 88' lang='lat' dir='ltr'>se</span> <span class='ocrx_word' id='word_1_26' title='bbox 1756 509 1976 565; x_wconf 82' lang='lat' dir='ltr'>vidisse</span> <span class='ocrx_word' id='word_1_27' title='bbox 1996 508 2174 565; x_wconf 81' lang='lat' dir='ltr'>refert</span> <span class='ocrx_word' id='word_1_28' title='bbox 2191 511 2248 564; x_wconf 93' lang='lat' dir='ltr'>L.</span> <span class='ocrx_word' id='word_1_29' title='bbox 2271 507 2516 566; x_wconf 86' lang='lat' dir='ltr'>Allatius</span> <span class='ocrx_word' id='word_1_30' title='bbox 2538 510 2624 566; x_wconf 90' lang='lat' dir='ltr'>De</span> <span class='ocrx_word' id='word_1_31' title='bbox 2642 510 2923 568; x_wconf 88' lang='lat' dir='ltr'>Consens.</span> <span class='ocrx_word' id='word_1_32' title='bbox 2943 506 3168 573; x_wconf 75' lang='lat' dir='ltr'>Orieni.</span> <span class='ocrx_word' id='word_1_33' title='bbox 3188 523 3242 574; x_wconf 89' lang='lat' dir='ltr'>et</span> <span class='ocrx_word' id='word_1_34' title='bbox 3271 517 3575 589; x_wconf 83' lang='lat' dir='ltr'>Occident,</span> 
     </span>
    </p>
   </div>
   <div class='ocr_carea' id='block_1_4' title="bbox 193 596 3576 679">
    <p class='ocr_par' dir='ltr' id='par_1_4' title="bbox 193 596 3576 679">
     <span class='ocr_line' id='line_1_4' title="bbox 193 596 3576 679; baseline 0.002 -23"><span class='ocrx_word' id='word_1_35' title='bbox 193 599 304 656; x_wconf 85' lang='lat' dir='ltr'>lib.</span> <span class='ocrx_word' id='word_1_36' title='bbox 342 616 398 668; x_wconf 86' lang='lat' dir='ltr'>ll,</span> <span class='ocrx_word' id='word_1_37' title='bbox 457 616 589 674; x_wconf 88' lang='lat' dir='ltr'>cap.</span> <span class='ocrx_word' id='word_1_38' title='bbox 644 608 726 667; x_wconf 81' lang='lat' dir='ltr'>t5,</span> <span class='ocrx_word' id='word_1_39' title='bbox 758 619 926 659; x_wconf 91' lang='lat' dir='ltr'>num.</span> <span class='ocrx_word' id='word_1_40' title='bbox 958 603 1093 672; x_wconf 88' lang='lat' dir='ltr'>XIV,</span> <span class='ocrx_word' id='word_1_41' title='bbox 1125 601 1218 658; x_wconf 87' lang='lat' dir='ltr'>col</span> <span class='ocrx_word' id='word_1_42' title='bbox 1242 605 1367 656; x_wconf 82' lang='lat'>780.</span> <span class='ocrx_word' id='word_1_43' title='bbox 1403 602 1622 664; x_wconf 86' lang='lat' dir='ltr'>Unum,</span> <span class='ocrx_word' id='word_1_44' title='bbox 1654 597 1828 669; x_wconf 87' lang='lat' dir='ltr'>cujus</span> <span class='ocrx_word' id='word_1_45' title='bbox 1878 596 2026 654; x_wconf 89' lang='lat' dir='ltr'>illud</span> <span class='ocrx_word' id='word_1_46' title='bbox 2064 596 2450 670; x_wconf 86' lang='lat' dir='ltr'>principium,</span> <span class='ocrx_word' id='word_1_47' title='bbox 2495 596 2713 674; x_wconf 72' lang='grc' dir='ltr'>Ἄνδρες</span> <span class='ocrx_word' id='word_1_48' title='bbox 2764 599 3008 674; x_wconf 80' lang='grc' dir='ltr'>Ῥωμαῖοι</span> <span class='ocrx_word' id='word_1_49' title='bbox 3059 603 3334 672; x_wconf 88' lang='lat' dir='ltr'>alterum,</span> <span class='ocrx_word' id='word_1_50' title='bbox 3399 609 3576 679; x_wconf 87' lang='lat' dir='ltr'>cujus</span> 
     </span>
    </p>
   </div>
   <div class='ocr_carea' id='block_1_5' title="bbox 196 687 1811 769">
    <p class='ocr_par' dir='ltr' id='par_1_5' title="bbox 196 688 1811 763">
     <span class='ocr_line' id='line_1_5' title="bbox 196 688 1811 763; baseline -0.004 -17"><span class='ocrx_word' id='word_1_51' title='bbox 196 689 376 759; x_wconf 88' lang='lat' dir='ltr'>illud,</span> <span class='ocrx_word' id='word_1_52' title='bbox 429 691 724 763; x_wconf 78' lang='grc' dir='ltr'>Ἐμνὴσθην</span> <span class='ocrx_word' id='word_1_53' title='bbox 754 698 843 746; x_wconf 79' lang='grc' dir='ltr'>καὶ</span> <span class='ocrx_word' id='word_1_54' title='bbox 883 692 1038 746; x_wconf 74' lang='grc' dir='ltr'>ἄλλου</span> <span class='ocrx_word' id='word_1_55' title='bbox 1085 691 1238 763; x_wconf 71' lang='grc' dir='ltr'>λόγου</span> <span class='ocrx_word' id='word_1_56' title='bbox 1269 698 1368 742; x_wconf 83' lang='grc' dir='ltr'>τῶν</span> <span class='ocrx_word' id='word_1_57' title='bbox 1400 688 1758 759; x_wconf 68' lang='grc' dir='ltr'>ἀντιλεγόντων</span> <span class='ocrx_word' id='word_1_58' title='bbox 1789 689 1811 745; x_wconf 74' lang='grc' dir='ltr'>ἡ</span> 
     </span>
    </p>
   </div>
   <div class='ocr_carea' id='block_1_6' title="bbox 1958 687 3573 769">
    <p class='ocr_par' dir='ltr' id='par_1_6' title="bbox 1978 687 3573 769">
     <span class='ocr_line' id='line_1_6' title="bbox 1978 687 3573 769; baseline 0.008 -28"><span class='ocrx_word' id='word_1_59' title='bbox 1978 688 2266 754; x_wconf 90' lang='lat' dir='ltr'>Quorum,</span> <span class='ocrx_word' id='word_1_60' title='bbox 2315 687 2527 761; x_wconf 85' lang='lat' dir='ltr'>inquit,</span> <span class='ocrx_word' id='word_1_61' title='bbox 2580 691 2789 759; x_wconf 82' lang='lat' dir='ltr'>frusta,</span> <span class='ocrx_word' id='word_1_62' title='bbox 2851 707 3044 764; x_wconf 90' lang='lat' dir='ltr'>eaque</span> <span class='ocrx_word' id='word_1_63' title='bbox 3101 694 3244 750; x_wconf 84' lang='lat' dir='ltr'>satis</span> <span class='ocrx_word' id='word_1_64' title='bbox 3272 695 3473 769; x_wconf 89' lang='lat' dir='ltr'>polita,</span> <span class='ocrx_word' id='word_1_65' title='bbox 3511 697 3573 753; x_wconf 89' lang='lat' dir='ltr'>in</span> 
     </span>
    </p>
   </div>
   <div class='ocr_carea' id='block_1_7' title="bbox 194 775 3574 856">
    <p class='ocr_par' dir='ltr' id='par_1_7' title="bbox 194 775 3574 856">
     <span class='ocr_line' id='line_1_7' title="bbox 194 775 3574 856; baseline 0.002 -22"><span class='ocrx_word' id='word_1_66' title='bbox 194 778 515 835; x_wconf 87' lang='lat' dir='ltr'>codicibus</span> <span class='ocrx_word' id='word_1_67' title='bbox 552 797 677 836; x_wconf 85' lang='lat' dir='ltr'>mss</span> <span class='ocrx_word' id='word_1_68' title='bbox 711 783 1106 856; x_wconf 81' lang='lat' dir='ltr'>reperiuntur.</span> <span class='ocrx_word' id='word_1_69' title='bbox 1149 782 1279 846; x_wconf 87' lang='lat' dir='ltr'>Qua</span> <span class='ocrx_word' id='word_1_70' title='bbox 1330 778 1670 846; x_wconf 84' lang='lat' dir='ltr'>occasione,</span> <span class='ocrx_word' id='word_1_71' title='bbox 1725 791 1845 849; x_wconf 91' lang='lat' dir='ltr'>quo</span> <span class='ocrx_word' id='word_1_72' title='bbox 1885 775 2092 834; x_wconf 87' lang='lat' dir='ltr'>animo</span> <span class='ocrx_word' id='word_1_73' title='bbox 2127 775 2447 847; x_wconf 75' lang='lat' dir='ltr'>logotbetae</span> <span class='ocrx_word' id='word_1_74' title='bbox 2500 778 2689 834; x_wconf 85' lang='lat' dir='ltr'>nostri</span> <span class='ocrx_word' id='word_1_75' title='bbox 2727 781 3231 838; x_wconf 83' lang='lat' dir='ltr'>commentarium</span> <span class='ocrx_word' id='word_1_76' title='bbox 3271 800 3394 841; x_wconf 89' lang='lat' dir='ltr'>una</span> <span class='ocrx_word' id='word_1_77' title='bbox 3431 801 3574 842; x_wconf 92' lang='lat' dir='ltr'>cum</span> 
     </span>
    </p>
   </div>
   <div class='ocr_carea' id='block_1_8' title="bbox 190 863 3573 942">
    <p class='ocr_par' dir='ltr' id='par_1_8' title="bbox 190 863 3573 942">
     <span class='ocr_line' id='line_1_8' title="bbox 190 863 3573 942; baseline 0.002 -19"><span class='ocrx_word' id='word_1_78' title='bbox 190 868 458 941; x_wconf 84' lang='lat' dir='ltr'>propriis</span> <span class='ocrx_word' id='word_1_79' title='bbox 483 870 968 928; x_wconf 87' lang='lat' dir='ltr'>comburendum</span> <span class='ocrx_word' id='word_1_80' title='bbox 989 870 1113 938; x_wconf 85' lang='lat' dir='ltr'>igni</span> <span class='ocrx_word' id='word_1_81' title='bbox 1143 868 1358 927; x_wconf 88' lang='lat' dir='ltr'>obtulit</span> <span class='ocrx_word' id='word_1_82' title='bbox 1377 866 1730 923; x_wconf 87' lang='lat' dir='ltr'>Theodorus</span> <span class='ocrx_word' id='word_1_83' title='bbox 1753 864 1993 932; x_wconf 86' lang='lat' dir='ltr'>Muzalo,</span> <span class='ocrx_word' id='word_1_84' title='bbox 2017 865 2079 921; x_wconf 89' lang='lat' dir='ltr'>in</span> <span class='ocrx_word' id='word_1_85' title='bbox 2105 863 2320 921; x_wconf 86' lang='lat' dir='ltr'>cadem</span> <span class='ocrx_word' id='word_1_86' title='bbox 2343 865 2632 935; x_wconf 81' lang='lat' dir='ltr'>dignitate</span> <span class='ocrx_word' id='word_1_87' title='bbox 2658 882 2974 925; x_wconf 83' lang='lat' dir='ltr'>successor</span> <span class='ocrx_word' id='word_1_88' title='bbox 2995 874 3053 925; x_wconf 89' lang='lat' dir='ltr'>et</span> <span class='ocrx_word' id='word_1_89' title='bbox 3081 873 3573 942; x_wconf 89' lang='lat' dir='ltr'>protovestiarius</span> 
     </span>
    </p>
   </div>
   <div class='ocr_carea' id='block_1_9' title="bbox 193 953 3576 1033">
    <p class='ocr_par' dir='ltr' id='par_1_9' title="bbox 193 953 3576 1033">
     <span class='ocr_line' id='line_1_9' title="bbox 193 953 3576 1033; baseline 0.002 -21"><span class='ocrx_word' id='word_1_90' title='bbox 193 956 374 1030; x_wconf 91' lang='lat' dir='ltr'>plene</span> <span class='ocrx_word' id='word_1_91' title='bbox 405 962 463 1013; x_wconf 89' lang='lat' dir='ltr'>te</span> <span class='ocrx_word' id='word_1_92' title='bbox 483 958 723 1016; x_wconf 86' lang='lat' dir='ltr'>docebit</span> <span class='ocrx_word' id='word_1_93' title='bbox 752 960 1152 1033; x_wconf 85' lang='lat' dir='ltr'>Pachymeres</span> <span class='ocrx_word' id='word_1_94' title='bbox 1179 959 1282 1015; x_wconf 89' lang='lat' dir='ltr'>lib.</span> <span class='ocrx_word' id='word_1_95' title='bbox 1307 974 1406 1021; x_wconf 83' lang='lat' dir='ltr'>vn,</span> <span class='ocrx_word' id='word_1_96' title='bbox 1441 971 1575 1028; x_wconf 87' lang='lat' dir='ltr'>cap.</span> <span class='ocrx_word' id='word_1_97' title='bbox 1605 957 1661 1013; x_wconf 90' lang='lat'>8.</span> <span class='ocrx_word' id='word_1_98' title='bbox 1688 954 1934 1026; x_wconf 79' lang='lat' dir='ltr'>Scripsit</span> <span class='ocrx_word' id='word_1_99' title='bbox 1971 953 2153 1010; x_wconf 86' lang='lat' dir='ltr'>etiam</span> <span class='ocrx_word' id='word_1_100' title='bbox 2199 954 2621 1012; x_wconf 86' lang='lat' dir='ltr'>Constantinus</span> <span class='ocrx_word' id='word_1_101' title='bbox 2646 957 2988 1015; x_wconf 75' lang='lat' dir='ltr'>Orationem</span> <span class='ocrx_word' id='word_1_102' title='bbox 3023 958 3085 1014; x_wconf 91' lang='lat' dir='ltr'>in</span> <span class='ocrx_word' id='word_1_103' title='bbox 3116 965 3390 1018; x_wconf 89' lang='lat' dir='ltr'>sanctam</span> <span class='ocrx_word' id='word_1_104' title='bbox 3418 978 3576 1019; x_wconf 82' lang='lat' dir='ltr'>mar-</span> 
     </span>
    </p>
   </div>
   <div class='ocr_carea' id='block_1_10' title="bbox 191 1043 3574 1123">
    <p class='ocr_par' dir='ltr' id='par_1_10' title="bbox 191 1043 3574 1123">
     <span class='ocr_line' id='line_1_10' title="bbox 191 1043 3574 1123; baseline 0.002 -22"><span class='ocrx_word' id='word_1_105' title='bbox 191 1051 394 1118; x_wconf 85' lang='lat' dir='ltr'>tyrem</span> <span class='ocrx_word' id='word_1_106' title='bbox 409 1047 830 1116; x_wconf 88' lang='lat' dir='ltr'>Theodosiam,</span> <span class='ocrx_word' id='word_1_107' title='bbox 851 1050 1074 1123; x_wconf 82' lang='lat' dir='ltr'>parti-ia</span> <span class='ocrx_word' id='word_1_108' title='bbox 1092 1044 1836 1118; x_wconf 84' lang='lat' dir='ltr'>Conslantinopolitanam,</span> <span class='ocrx_word' id='word_1_109' title='bbox 1857 1059 1994 1116; x_wconf 80' lang='lat' dir='ltr'>quae</span> <span class='ocrx_word' id='word_1_110' title='bbox 2017 1043 2130 1100; x_wconf 90' lang='lat' dir='ltr'>sub</span> <span class='ocrx_word' id='word_1_111' title='bbox 2149 1046 2340 1101; x_wconf 88' lang='lat' dir='ltr'>Leone</span> <span class='ocrx_word' id='word_1_112' title='bbox 2364 1047 2567 1101; x_wconf 87' lang='lat' dir='ltr'>Isauro</span> <span class='ocrx_word' id='word_1_113' title='bbox 2587 1061 2696 1118; x_wconf 89' lang='lat' dir='ltr'>pro</span> <span class='ocrx_word' id='word_1_114' title='bbox 2716 1047 2881 1104; x_wconf 85' lang='lat' dir='ltr'>cultu</span> <span class='ocrx_word' id='word_1_115' title='bbox 2903 1063 3213 1105; x_wconf 89' lang='lat' dir='ltr'>sacrarum</span> <span class='ocrx_word' id='word_1_116' title='bbox 3237 1049 3574 1122; x_wconf 81' lang='lat' dir='ltr'>imaginum</span> 
     </span>
    </p>
   </div>
   <div class='ocr_carea' id='block_1_11' title="bbox 194 1129 1809 1214">
    <p class='ocr_par' dir='ltr' id='par_1_11' title="bbox 194 1134 1809 1212">
     <span class='ocr_line' id='line_1_11' title="bbox 194 1134 1809 1212; baseline -0.006 -19"><span class='ocrx_word' id='word_1_117' title='bbox 194 1137 714 1210; x_wconf 87' lang='lat' dir='ltr'>Constantinopoli</span> <span class='ocrx_word' id='word_1_118' title='bbox 737 1155 922 1212; x_wconf 87' lang='lat' dir='ltr'>passa</span> <span class='ocrx_word' id='word_1_119' title='bbox 945 1145 1053 1196; x_wconf 92' lang='lat' dir='ltr'>est.</span> <span class='ocrx_word' id='word_1_120' title='bbox 1085 1138 1264 1210; x_wconf 90' lang='lat' dir='ltr'>Cujus</span> <span class='ocrx_word' id='word_1_121' title='bbox 1288 1137 1404 1192; x_wconf 88' lang='lat' dir='ltr'>hoc</span> <span class='ocrx_word' id='word_1_122' title='bbox 1434 1134 1688 1202; x_wconf 90' lang='lat' dir='ltr'>initium,</span> <span class='ocrx_word' id='word_1_123' title='bbox 1716 1140 1809 1185; x_wconf 82' lang='grc' dir='ltr'>Γυν</span> 
     </span>
    </p>
   </div>
   <div class='ocr_carea' id='block_1_12' title="bbox 1958 1129 3573 1214">
    <p class='ocr_par' dir='ltr' id='par_1_12' title="bbox 1986 1129 3573 1214">
     <span class='ocr_line' id='line_1_12' title="bbox 1986 1129 3573 1214; baseline 0.006 -30"><span class='ocrx_word' id='word_1_124' title='bbox 1986 1135 2075 1206; x_wconf 73' lang='grc' dir='ltr'>μὲν</span> <span class='ocrx_word' id='word_1_125' title='bbox 2126 1129 2367 1206; x_wconf 75' lang='grc' dir='ltr'>ἀνδρείαν</span> <span class='ocrx_word' id='word_1_126' title='bbox 2419 1141 2519 1186; x_wconf 77' lang='grc' dir='ltr'>ποῦ</span> <span class='ocrx_word' id='word_1_127' title='bbox 2547 1154 2625 1197; x_wconf 84' lang='grc' dir='ltr'><strong>τις</strong></span> <span class='ocrx_word' id='word_1_128' title='bbox 2657 1136 2718 1187; x_wconf 78' lang='grc' dir='ltr'>ἄν</span> <span class='ocrx_word' id='word_1_129' title='bbox 2788 1140 2878 1189; x_wconf 84' lang='grc' dir='ltr'>καὶ</span> <span class='ocrx_word' id='word_1_130' title='bbox 2934 1136 3075 1199; x_wconf 84' lang='grc' dir='ltr'>ὃπως</span> <span class='ocrx_word' id='word_1_131' title='bbox 3131 1139 3273 1214; x_wconf 76' lang='grc' dir='ltr'><strong>εὖροι</strong></span> <span class='ocrx_word' id='word_1_132' title='bbox 3324 1141 3350 1191; x_wconf 86' lang='grc' dir='ltr'><strong>ὁ</strong></span> <span class='ocrx_word' id='word_1_133' title='bbox 3415 1144 3573 1214; x_wconf 71' lang='grc' dir='ltr'>σοφὸς</span> 
     </span>
    </p>
   </div>
   <div class='ocr_carea' id='block_1_13' title="bbox 195 1224 1810 1302">
    <p class='ocr_par' dir='ltr' id='par_1_13' title="bbox 195 1225 1810 1302">
     <span class='ocr_line' id='line_1_13' title="bbox 195 1225 1810 1302; baseline -0.001 -26"><span class='ocrx_word' id='word_1_134' title='bbox 195 1225 438 1300; x_wconf 74' lang='grc' dir='ltr'>ἠπόρησε</span> <span class='ocrx_word' id='word_1_135' title='bbox 478 1225 732 1300; x_wconf 81' lang='grc' dir='ltr'>Σολομὼν,</span> <span class='ocrx_word' id='word_1_136' title='bbox 769 1234 860 1281; x_wconf 82' lang='grc' dir='ltr'>καὶ</span> <span class='ocrx_word' id='word_1_137' title='bbox 905 1229 1044 1302; x_wconf 73' lang='grc' dir='ltr'>μάλα</span> <span class='ocrx_word' id='word_1_138' title='bbox 1076 1247 1131 1300; x_wconf 75' lang='grc' dir='ltr'>γε</span> <span class='ocrx_word' id='word_1_139' title='bbox 1173 1227 1384 1288; x_wconf 80' lang='grc' dir='ltr'>εἰκότως</span> <span class='ocrx_word' id='word_1_140' title='bbox 1438 1225 1694 1296; x_wconf 77' lang='grc' dir='ltr'>ἠπόρησε.</span> <span class='ocrx_word' id='word_1_141' title='bbox 1750 1230 1810 1295; x_wconf 55' lang='lat' dir='ltr'>II;</span> 
     </span>
    </p>
   </div>
   <div class='ocr_carea' id='block_1_14' title="bbox 1956 1224 3571 1302">
    <p class='ocr_par' dir='ltr' id='par_1_14' title="bbox 1956 1224 3571 1296">
     <span class='ocr_line' id='line_1_14' title="bbox 1956 1224 3571 1296; baseline 0.008 -22"><span class='ocrx_word' id='word_1_142' title='bbox 1956 1224 2013 1295; x_wconf 69' lang='grc' dir='ltr'>ἀρ</span> <span class='ocrx_word' id='word_1_143' title='bbox 2067 1230 2158 1282; x_wconf 83' lang='grc' dir='ltr'>τῆς</span> <span class='ocrx_word' id='word_1_144' title='bbox 2221 1226 2462 1296; x_wconf 76' lang='grc' dir='ltr'>χάριτος,</span> <span class='ocrx_word' id='word_1_145' title='bbox 2513 1228 2622 1280; x_wconf 87' lang='lat' dir='ltr'>etc.</span> <span class='ocrx_word' id='word_1_146' title='bbox 2675 1226 2841 1281; x_wconf 86' lang='lat' dir='ltr'>Hanc</span> <span class='ocrx_word' id='word_1_147' title='bbox 2891 1227 3226 1284; x_wconf 88' lang='lat' dir='ltr'>orationem</span> <span class='ocrx_word' id='word_1_148' title='bbox 3275 1229 3458 1285; x_wconf 90' lang='lat' dir='ltr'>etiam</span> <span class='ocrx_word' id='word_1_149' title='bbox 3509 1230 3571 1287; x_wconf 89' lang='lat' dir='ltr'>in</span> 
     </span>
    </p>
   </div>
   <div class='ocr_carea' id='block_1_15' title="bbox 194 1311 3566 1388">
    <p class='ocr_par' dir='ltr' id='par_1_15' title="bbox 194 1311 3566 1388">
     <span class='ocr_line' id='line_1_15' title="bbox 194 1311 3566 1388; baseline 0.001 -20"><span class='ocrx_word' id='word_1_150' title='bbox 194 1329 377 1370; x_wconf 90' lang='lat' dir='ltr'>suum</span> <span class='ocrx_word' id='word_1_151' title='bbox 403 1314 662 1372; x_wconf 89' lang='lat' dir='ltr'>indicem</span> <span class='ocrx_word' id='word_1_152' title='bbox 692 1317 887 1375; x_wconf 90' lang='lat' dir='ltr'>retulit</span> <span class='ocrx_word' id='word_1_153' title='bbox 911 1320 968 1374; x_wconf 94' lang='lat' dir='ltr'>L.</span> <span class='ocrx_word' id='word_1_154' title='bbox 993 1317 1241 1373; x_wconf 83' lang='lat' dir='ltr'>Allatius</span> <span class='ocrx_word' id='word_1_155' title='bbox 1268 1317 1353 1372; x_wconf 91' lang='lat' dir='ltr'>De</span> <span class='ocrx_word' id='word_1_156' title='bbox 1376 1315 1582 1383; x_wconf 82' lang='lat' dir='ltr'>script.</span> <span class='ocrx_word' id='word_1_157' title='bbox 1603 1313 1860 1368; x_wconf 82' lang='lat' dir='ltr'>Simeon.</span> <span class='ocrx_word' id='word_1_158' title='bbox 1885 1326 2026 1384; x_wconf 86' lang='lat' dir='ltr'>pag.</span> <span class='ocrx_word' id='word_1_159' title='bbox 2052 1315 2140 1380; x_wconf 66' lang='grc'>84,</span> <span class='ocrx_word' id='word_1_160' title='bbox 2171 1311 2276 1384; x_wconf 87' lang='lat' dir='ltr'>qui</span> <span class='ocrx_word' id='word_1_161' title='bbox 2298 1316 2353 1367; x_wconf 90' lang='lat' dir='ltr'>et</span> <span class='ocrx_word' id='word_1_162' title='bbox 2382 1311 2522 1368; x_wconf 81' lang='lat' dir='ltr'>alibi</span> <span class='ocrx_word' id='word_1_163' title='bbox 2549 1312 2835 1385; x_wconf 68' lang='lat' dir='ltr'>quaedam</span> <span class='ocrx_word' id='word_1_164' title='bbox 2867 1330 2941 1371; x_wconf 80' lang='lat' dir='ltr'>ex</span> <span class='ocrx_word' id='word_1_165' title='bbox 2977 1330 3048 1371; x_wconf 88' lang='lat' dir='ltr'>ea</span> <span class='ocrx_word' id='word_1_166' title='bbox 3068 1315 3310 1388; x_wconf 86' lang='lat' dir='ltr'>profert.</span> <span class='ocrx_word' id='word_1_167' title='bbox 3333 1318 3566 1375; x_wconf 83' lang='lat' dir='ltr'>advers.</span> 
     </span>
    </p>
   </div>
   <div class='ocr_carea' id='block_1_16' title="bbox 192 1400 3568 1477">
    <p class='ocr_par' dir='ltr' id='par_1_16' title="bbox 192 1400 3568 1477">
     <span class='ocr_line' id='line_1_16' title="bbox 192 1400 3568 1477; baseline 0.001 -19"><span class='ocrx_word' id='word_1_168' title='bbox 192 1403 478 1474; x_wconf 76' lang='lat' dir='ltr'>Hotting,</span> <span class='ocrx_word' id='word_1_169' title='bbox 511 1420 572 1477; x_wconf 90' lang='lat' dir='ltr'>p.</span> <span class='ocrx_word' id='word_1_170' title='bbox 595 1409 718 1462; x_wconf 84' lang='lat'>200.</span> <span class='ocrx_word' id='word_1_171' title='bbox 750 1407 954 1464; x_wconf 83' lang='lat' dir='ltr'>Exstat</span> <span class='ocrx_word' id='word_1_172' title='bbox 983 1423 1096 1463; x_wconf 87' lang='lat' dir='ltr'>ms.</span> <span class='ocrx_word' id='word_1_173' title='bbox 1124 1407 1183 1462; x_wconf 89' lang='lat' dir='ltr'>in</span> <span class='ocrx_word' id='word_1_174' title='bbox 1213 1404 1487 1461; x_wconf 87' lang='lat' dir='ltr'>biblioth.</span> <span class='ocrx_word' id='word_1_175' title='bbox 1517 1400 1770 1458; x_wconf 91' lang='lat' dir='ltr'>Vindob.</span> <span class='ocrx_word' id='word_1_176' title='bbox 1795 1400 1911 1457; x_wconf 92' lang='lat' dir='ltr'>cod</span> <span class='ocrx_word' id='word_1_177' title='bbox 1937 1400 2114 1457; x_wconf 85' lang='lat' dir='ltr'>theol.</span> <span class='ocrx_word' id='word_1_178' title='bbox 2147 1401 2422 1457; x_wconf 83' lang='lat' dir='ltr'>Lambec.</span> <span class='ocrx_word' id='word_1_179' title='bbox 2467 1404 2594 1469; x_wconf 84' lang='lat' dir='ltr'>CXI,</span> <span class='ocrx_word' id='word_1_180' title='bbox 2627 1402 2828 1459; x_wconf 83' lang='lat' dir='ltr'>Nesse]</span> <span class='ocrx_word' id='word_1_181' title='bbox 2859 1405 3172 1474; x_wconf 81' lang='lat' dir='ltr'>CCLXXIX,</span> <span class='ocrx_word' id='word_1_182' title='bbox 3204 1420 3373 1462; x_wconf 91' lang='lat' dir='ltr'>num.</span> <span class='ocrx_word' id='word_1_183' title='bbox 3410 1409 3568 1477; x_wconf 84' lang='lat' dir='ltr'>XVII,</span> 
     </span>
    </p>
   </div>
   <div class='ocr_carea' id='block_1_17' title="bbox 194 1489 3566 1568">
    <p class='ocr_par' dir='ltr' id='par_1_17' title="bbox 194 1489 3566 1568">
     <span class='ocr_line' id='line_1_17' title="bbox 194 1489 3566 1568; baseline 0.002 -22"><span class='ocrx_word' id='word_1_184' title='bbox 194 1491 234 1546; x_wconf 85' lang='lat' dir='ltr'>f.</span> <span class='ocrx_word' id='word_1_185' title='bbox 265 1495 390 1559; x_wconf 85' lang='lat' dir='ltr'>2I7,</span> <span class='ocrx_word' id='word_1_186' title='bbox 423 1492 757 1568; x_wconf 87' lang='lat' dir='ltr'>iterumque</span> <span class='ocrx_word' id='word_1_187' title='bbox 784 1497 911 1552; x_wconf 86' lang='lat' dir='ltr'>cod.</span> <span class='ocrx_word' id='word_1_188' title='bbox 937 1497 1129 1554; x_wconf 82' lang='lat' dir='ltr'>histor</span> <span class='ocrx_word' id='word_1_189' title='bbox 1156 1538 1168 1551; x_wconf 95' lang='lat'>.</span> <span class='ocrx_word' id='word_1_190' title='bbox 1202 1496 1535 1560; x_wconf 85' lang='lat' dir='ltr'>CXV,num.</span> <span class='ocrx_word' id='word_1_191' title='bbox 1558 1489 1721 1557; x_wconf 84' lang='lat' dir='ltr'>ll,fol</span> <span class='ocrx_word' id='word_1_192' title='bbox 1750 1495 1839 1557; x_wconf 84' lang='lat'>73,</span> <span class='ocrx_word' id='word_1_193' title='bbox 1870 1503 2008 1562; x_wconf 86' lang='lat' dir='ltr'>pag.</span> <span class='ocrx_word' id='word_1_194' title='bbox 2040 1489 2344 1547; x_wconf 78' lang='lat' dir='ltr'>2.Confer.</span> <span class='ocrx_word' id='word_1_195' title='bbox 2384 1490 2664 1548; x_wconf 84' lang='lat' dir='ltr'>Lambec.</span> <span class='ocrx_word' id='word_1_196' title='bbox 2697 1491 3024 1560; x_wconf 85' lang='lat' dir='ltr'>Comment,</span> <span class='ocrx_word' id='word_1_197' title='bbox 3039 1493 3143 1549; x_wconf 89' lang='lat' dir='ltr'>lib.</span> <span class='ocrx_word' id='word_1_198' title='bbox 3177 1494 3272 1560; x_wconf 87' lang='lat' dir='ltr'>IV,</span> <span class='ocrx_word' id='word_1_199' title='bbox 3304 1510 3442 1566; x_wconf 87' lang='lat' dir='ltr'>pag.</span> <span class='ocrx_word' id='word_1_200' title='bbox 3477 1500 3566 1552; x_wconf 86' lang='lat'>63.</span> 
     </span>
    </p>
   </div>
   <div class='ocr_carea' id='block_1_18' title="bbox 191 1579 1806 1656">
    <p class='ocr_par' dir='ltr' id='par_1_18' title="bbox 191 1580 1806 1656">
     <span class='ocr_line' id='line_1_18' title="bbox 191 1580 1806 1656; baseline 0 -22"><span class='ocrx_word' id='word_1_201' title='bbox 191 1582 436 1638; x_wconf 80' lang='lat' dir='ltr'>Exstant</span> <span class='ocrx_word' id='word_1_202' title='bbox 465 1589 521 1639; x_wconf 89' lang='lat' dir='ltr'>et</span> <span class='ocrx_word' id='word_1_203' title='bbox 559 1583 689 1640; x_wconf 75' lang='lat' dir='ltr'>aliae</span> <span class='ocrx_word' id='word_1_204' title='bbox 719 1588 850 1656; x_wconf 88' lang='lat' dir='ltr'>ejus</span> <span class='ocrx_word' id='word_1_205' title='bbox 880 1582 1491 1654; x_wconf 86' lang='lat' dir='ltr'>historiciargumenti</span> <span class='ocrx_word' id='word_1_206' title='bbox 1507 1580 1806 1636; x_wconf 89' lang='lat' dir='ltr'>orationes</span> 
     </span>
    </p>
   </div>
   <div class='ocr_carea' id='block_1_19' title="bbox 1951 1579 3566 1656">
    <p class='ocr_par' dir='ltr' id='par_1_19' title="bbox 1951 1579 3566 1656">
     <span class='ocr_line' id='line_1_19' title="bbox 1951 1579 3566 1656; baseline 0.001 -22"><span class='ocrx_word' id='word_1_207' title='bbox 1951 1594 2084 1652; x_wconf 89' lang='lat' dir='ltr'>mpe</span> <span class='ocrx_word' id='word_1_208' title='bbox 2113 1579 2174 1635; x_wconf 90' lang='lat' dir='ltr'>in</span> <span class='ocrx_word' id='word_1_209' title='bbox 2188 1581 2244 1636; x_wconf 93' lang='lat' dir='ltr'>S.</span> <span class='ocrx_word' id='word_1_210' title='bbox 2258 1585 2587 1650; x_wconf 79' lang='lat' dir='ltr'>martyrem</span> <span class='ocrx_word' id='word_1_211' title='bbox 2601 1581 3002 1651; x_wconf 79' lang='lat' dir='ltr'>Neap/iytum.</span> <span class='ocrx_word' id='word_1_212' title='bbox 3017 1581 3230 1640; x_wconf 90' lang='lat' dir='ltr'>Princ.:</span> <span class='ocrx_word' id='word_1_213' title='bbox 3246 1579 3566 1656; x_wconf 78' lang='grc' dir='ltr'>Παραδόξων</span> 
     </span>
    </p>
   </div>
   <div class='ocr_carea' id='block_1_20' title="bbox 191 1669 1806 1750">
    <p class='ocr_par' dir='ltr' id='par_1_20' title="bbox 191 1669 1806 1750">
     <span class='ocr_line' id='line_1_20' title="bbox 191 1669 1806 1750; baseline 0 -29"><span class='ocrx_word' id='word_1_214' title='bbox 191 1673 516 1743; x_wconf 68' lang='grc' dir='ltr'>πραγμάτων</span> <span class='ocrx_word' id='word_1_215' title='bbox 575 1670 1012 1750; x_wconf 72' lang='grc' dir='ltr'>δυσπαράδεκτος</span> <span class='ocrx_word' id='word_1_216' title='bbox 1066 1677 1095 1734; x_wconf 76' lang='grc' dir='ltr'><strong>ἠ</strong></span> <span class='ocrx_word' id='word_1_217' title='bbox 1154 1671 1425 1746; x_wconf 74' lang='grc' dir='ltr'>διήγησις,</span> <span class='ocrx_word' id='word_1_218' title='bbox 1475 1670 1581 1723; x_wconf 76' lang='grc' dir='ltr'>ἀλλ’</span> <span class='ocrx_word' id='word_1_219' title='bbox 1644 1669 1702 1722; x_wconf 67' lang='grc' dir='ltr'>οὗ</span> <span class='ocrx_word' id='word_1_220' title='bbox 1727 1677 1806 1723; x_wconf 85' lang='grc' dir='ltr'>τοί</span> 
     </span>
    </p>
   </div>
   <div class='ocr_carea' id='block_1_21' title="bbox 1948 1669 3563 1750">
    <p class='ocr_par' dir='ltr' id='par_1_21' title="bbox 1948 1670 3563 1744">
     <span class='ocr_line' id='line_1_21' title="bbox 1948 1670 3563 1744; baseline 0.005 -25"><span class='ocrx_word' id='word_1_221' title='bbox 1948 1676 1964 1720; x_wconf 73' lang='lat'><em>3</em></span> <span class='ocrx_word' id='word_1_222' title='bbox 2022 1671 2270 1742; x_wconf 77' lang='grc' dir='ltr'>ἡμετέρου</span> <span class='ocrx_word' id='word_1_223' title='bbox 2317 1674 2403 1721; x_wconf 73' lang='lat' dir='ltr'>xei.</span> <span class='ocrx_word' id='word_1_224' title='bbox 2451 1671 2589 1722; x_wconf 81' lang='grc' dir='ltr'>θείου</span> <span class='ocrx_word' id='word_1_225' title='bbox 2642 1670 3007 1744; x_wconf 77' lang='grc' dir='ltr'>πληρώματος,</span> <span class='ocrx_word' id='word_1_226' title='bbox 3062 1671 3228 1743; x_wconf 90' lang='lat' dir='ltr'>apud</span> <span class='ocrx_word' id='word_1_227' title='bbox 3274 1673 3332 1727; x_wconf 90' lang='lat' dir='ltr'>L.</span> <span class='ocrx_word' id='word_1_228' title='bbox 3392 1671 3563 1729; x_wconf 75' lang='lat' dir='ltr'>Allat.</span> 
     </span>
    </p>
   </div>
   <div class='ocr_carea' id='block_1_22' title="bbox 187 1757 1802 1836">
    <p class='ocr_par' dir='ltr' id='par_1_22' title="bbox 187 1760 1802 1836">
     <span class='ocr_line' id='line_1_22' title="bbox 187 1760 1802 1836; baseline -0.002 -21"><span class='ocrx_word' id='word_1_229' title='bbox 187 1760 277 1816; x_wconf 85' lang='lat' dir='ltr'>De</span> <span class='ocrx_word' id='word_1_230' title='bbox 328 1762 536 1832; x_wconf 81' lang='lat' dir='ltr'>script.</span> <span class='ocrx_word' id='word_1_231' title='bbox 564 1763 843 1832; x_wconf 56' lang='lat' dir='ltr'>Simeon’.,</span> <span class='ocrx_word' id='word_1_232' title='bbox 877 1780 1019 1836; x_wconf 88' lang='lat' dir='ltr'>pag.</span> <span class='ocrx_word' id='word_1_233' title='bbox 1053 1767 1170 1821; x_wconf 77' lang='grc'>105.</span> <span class='ocrx_word' id='word_1_234' title='bbox 1193 1765 1266 1819; x_wconf 85' lang='lat' dir='ltr'>In</span> <span class='ocrx_word' id='word_1_235' title='bbox 1295 1764 1357 1820; x_wconf 90' lang='lat' dir='ltr'>S.</span> <span class='ocrx_word' id='word_1_236' title='bbox 1390 1761 1760 1818; x_wconf 83' lang='lat' dir='ltr'>Theodorum</span> <span class='ocrx_word' id='word_1_237' title='bbox 1799 1769 1802 1811; x_wconf 71' lang='grc' dir='ltr'><strong><em>τ</em></strong></span> 
     </span>
    </p>
   </div>
   <div class='ocr_carea' id='block_1_23' title="bbox 1952 1757 3567 1836">
    <p class='ocr_par' dir='ltr' id='par_1_23' title="bbox 1952 1757 3567 1832">
     <span class='ocr_line' id='line_1_23' title="bbox 1952 1757 3567 1832; baseline 0 -19"><span class='ocrx_word' id='word_1_238' title='bbox 1952 1773 2111 1816; x_wconf 73' lang='lat' dir='ltr'>mem.</span> <span class='ocrx_word' id='word_1_239' title='bbox 2160 1758 2348 1815; x_wconf 84' lang='lat' dir='ltr'>Princ.</span> <span class='ocrx_word' id='word_1_240' title='bbox 2382 1763 2448 1811; x_wconf 79' lang='grc' dir='ltr'>Συ</span> <span class='ocrx_word' id='word_1_241' title='bbox 2478 1762 2591 1830; x_wconf 64' lang='grc' dir='ltr'>μὲν,</span> <span class='ocrx_word' id='word_1_242' title='bbox 2631 1768 2671 1811; x_wconf 82' lang='grc' dir='ltr'><strong><em>ῶ</em></strong></span> <span class='ocrx_word' id='word_1_243' title='bbox 2718 1759 2880 1832; x_wconf 76' lang='grc' dir='ltr'>ἀγαθὲ</span> <span class='ocrx_word' id='word_1_244' title='bbox 2918 1767 3010 1812; x_wconf 76' lang='grc' dir='ltr'>τοῦ</span> <span class='ocrx_word' id='word_1_245' title='bbox 3040 1760 3373 1832; x_wconf 77' lang='grc' dir='ltr'>ὑπεραγὰθου</span> <span class='ocrx_word' id='word_1_246' title='bbox 3413 1757 3567 1814; x_wconf 72' lang='grc' dir='ltr'>δοῦλε</span> 
     </span>
    </p>
   </div>
   <div class='ocr_carea' id='block_1_24' title="bbox 190 1848 1805 1926">
    <p class='ocr_par' dir='ltr' id='par_1_24' title="bbox 190 1851 1805 1926">
     <span class='ocr_line' id='line_1_24' title="bbox 190 1851 1805 1926; baseline 0.002 -25"><span class='ocrx_word' id='word_1_247' title='bbox 190 1856 348 1905; x_wconf 78' lang='grc' dir='ltr'>Θεοῦ.</span> <span class='ocrx_word' id='word_1_248' title='bbox 381 1851 609 1909; x_wconf 78' lang='lat' dir='ltr'>Ibidem</span> <span class='ocrx_word' id='word_1_249' title='bbox 649 1870 788 1926; x_wconf 87' lang='lat' dir='ltr'>pag.</span> <span class='ocrx_word' id='word_1_250' title='bbox 848 1859 972 1912; x_wconf 82' lang='grc'>109.</span> <span class='ocrx_word' id='word_1_251' title='bbox 1002 1856 1075 1911; x_wconf 86' lang='lat' dir='ltr'>In</span> <span class='ocrx_word' id='word_1_252' title='bbox 1102 1855 1146 1912; x_wconf 90' lang='lat' dir='ltr'><em>S</em></span> <span class='ocrx_word' id='word_1_253' title='bbox 1194 1855 1479 1910; x_wconf 83' lang='lat' dir='ltr'>Joannem</span> <span class='ocrx_word' id='word_1_254' title='bbox 1507 1854 1805 1907; x_wconf 74' lang='lat' dir='ltr'>Damascez</span> 
     </span>
    </p>
   </div>
   <div class='ocr_carea' id='block_1_25' title="bbox 1952 1848 3567 1926">
    <p class='ocr_par' dir='ltr' id='par_1_25' title="bbox 1952 1848 3567 1922">
     <span class='ocr_line' id='line_1_25' title="bbox 1952 1848 3567 1922; baseline -0.001 -18"><span class='ocrx_word' id='word_1_255' title='bbox 1952 1889 1960 1904; x_wconf 89' lang='lat'>.</span> <span class='ocrx_word' id='word_1_256' title='bbox 1994 1848 2182 1904; x_wconf 85' lang='lat' dir='ltr'>Princ.</span> <span class='ocrx_word' id='word_1_257' title='bbox 2210 1864 2223 1902; x_wconf 88' lang='lat'>:</span> <span class='ocrx_word' id='word_1_258' title='bbox 2251 1854 2335 1918; x_wconf 78' lang='grc' dir='ltr'>Τῷ</span> <span class='ocrx_word' id='word_1_259' title='bbox 2395 1849 2602 1922; x_wconf 76' lang='grc' dir='ltr'>Ἰωάννῃ</span> <span class='ocrx_word' id='word_1_260' title='bbox 2655 1853 2742 1902; x_wconf 83' lang='grc' dir='ltr'>τὸν</span> <span class='ocrx_word' id='word_1_261' title='bbox 2789 1848 2940 1921; x_wconf 73' lang='grc' dir='ltr'>λόγον</span> <span class='ocrx_word' id='word_1_262' title='bbox 2988 1859 3058 1920; x_wconf 76' lang='grc' dir='ltr'>τῷ</span> <span class='ocrx_word' id='word_1_263' title='bbox 3089 1848 3144 1900; x_wconf 74' lang='grc' dir='ltr'>ἐκ</span> <span class='ocrx_word' id='word_1_264' title='bbox 3189 1856 3471 1922; x_wconf 77' lang='grc' dir='ltr'>Δαμασκοῦ</span> <span class='ocrx_word' id='word_1_265' title='bbox 3499 1852 3567 1903; x_wconf 77' lang='grc' dir='ltr'>τὰ</span> 
     </span>
    </p>
   </div>
   <div class='ocr_carea' id='block_1_26' title="bbox 185 1936 3566 2015">
    <p class='ocr_par' dir='ltr' id='par_1_26' title="bbox 185 1936 3566 2015">
     <span class='ocr_line' id='line_1_26' title="bbox 185 1936 3566 2015; baseline 0.002 -26"><span class='ocrx_word' id='word_1_266' title='bbox 185 1937 444 2012; x_wconf 73' lang='grc' dir='ltr'>ἐγκώμια,</span> <span class='ocrx_word' id='word_1_267' title='bbox 487 1942 703 1999; x_wconf 81' lang='lat' dir='ltr'>ibidem</span> <span class='ocrx_word' id='word_1_268' title='bbox 733 1959 876 2015; x_wconf 90' lang='lat' dir='ltr'>pag.</span> <span class='ocrx_word' id='word_1_269' title='bbox 913 1948 1034 2002; x_wconf 79' lang='grc'>112.</span> <span class='ocrx_word' id='word_1_270' title='bbox 1089 1950 1252 2000; x_wconf 81' lang='lat' dir='ltr'>Hunc</span> <span class='ocrx_word' id='word_1_271' title='bbox 1299 1955 1642 1999; x_wconf 87' lang='lat' dir='ltr'>sermonem</span> <span class='ocrx_word' id='word_1_272' title='bbox 1671 1955 1710 1994; x_wconf 88' lang='lat' dir='ltr'>a</span> <span class='ocrx_word' id='word_1_273' title='bbox 1737 1954 1800 1993; x_wconf 92' lang='lat' dir='ltr'>se</span> <span class='ocrx_word' id='word_1_274' title='bbox 1828 1936 2218 2010; x_wconf 80' lang='lat' dir='ltr'>descriptum,</span> <span class='ocrx_word' id='word_1_275' title='bbox 2276 1937 2564 1994; x_wconf 85' lang='lat' dir='ltr'>Lutetiam</span> <span class='ocrx_word' id='word_1_276' title='bbox 2593 1938 2674 1995; x_wconf 82' lang='lat' dir='ltr'>ad</span> <span class='ocrx_word' id='word_1_277' title='bbox 2731 1940 2781 1996; x_wconf 84' lang='lat' dir='ltr'>.l.</span> <span class='ocrx_word' id='word_1_278' title='bbox 2821 1938 3172 2010; x_wconf 82' lang='lat' dir='ltr'>Aubertum,</span> <span class='ocrx_word' id='word_1_279' title='bbox 3205 1939 3267 1994; x_wconf 87' lang='lat' dir='ltr'>in</span> <span class='ocrx_word' id='word_1_280' title='bbox 3297 1939 3566 1996; x_wconf 80' lang='lat' dir='ltr'>futurum</span> 
     </span>
    </p>
   </div>
   <div class='ocr_carea' id='block_1_27' title="bbox 183 2027 3555 2103">
    <p class='ocr_par' dir='ltr' id='par_1_27' title="bbox 183 2027 3555 2103">
     <span class='ocr_line' id='line_1_27' title="bbox 183 2027 3555 2103; baseline 0 -17"><span class='ocrx_word' id='word_1_281' title='bbox 183 2045 363 2086; x_wconf 79' lang='lat' dir='ltr'>novae</span> <span class='ocrx_word' id='word_1_282' title='bbox 393 2030 669 2088; x_wconf 88' lang='lat' dir='ltr'>editionis</span> <span class='ocrx_word' id='word_1_283' title='bbox 705 2035 1059 2091; x_wconf 87' lang='lat' dir='ltr'>Damasceni</span> <span class='ocrx_word' id='word_1_284' title='bbox 1088 2036 1511 2091; x_wconf 87' lang='lat' dir='ltr'>ornamentum</span> <span class='ocrx_word' id='word_1_285' title='bbox 1542 2031 1643 2103; x_wconf 80' lang='grc' dir='ltr'>(α),</span> <span class='ocrx_word' id='word_1_286' title='bbox 1697 2044 1759 2083; x_wconf 87' lang='lat' dir='ltr'>se</span> <span class='ocrx_word' id='word_1_287' title='bbox 1787 2044 1900 2083; x_wconf 92' lang='lat' dir='ltr'>ms.</span> <span class='ocrx_word' id='word_1_288' title='bbox 1943 2027 2180 2084; x_wconf 88' lang='lat' dir='ltr'>misisse</span> <span class='ocrx_word' id='word_1_289' title='bbox 2211 2028 2370 2084; x_wconf 88' lang='lat' dir='ltr'>testis</span> <span class='ocrx_word' id='word_1_290' title='bbox 2417 2033 2508 2084; x_wconf 90' lang='lat' dir='ltr'>est</span> <span class='ocrx_word' id='word_1_291' title='bbox 2551 2029 2713 2085; x_wconf 79' lang='lat' dir='ltr'>iliem</span> <span class='ocrx_word' id='word_1_292' title='bbox 2770 2027 3018 2085; x_wconf 86' lang='lat' dir='ltr'>Allatius</span> <span class='ocrx_word' id='word_1_293' title='bbox 3047 2030 3109 2084; x_wconf 83' lang='lat' dir='ltr'>in</span> <span class='ocrx_word' id='word_1_294' title='bbox 3141 2030 3321 2086; x_wconf 82' lang='lat' dir='ltr'>catat.</span> <span class='ocrx_word' id='word_1_295' title='bbox 3375 2029 3555 2099; x_wconf 83' lang='lat' dir='ltr'>Oper.</span> 
     </span>
    </p>
   </div>
   <div class='ocr_carea' id='block_1_28' title="bbox 182 2117 3562 2195">
    <p class='ocr_par' dir='ltr' id='par_1_28' title="bbox 182 2117 3562 2195">
     <span class='ocr_line' id='line_1_28' title="bbox 182 2117 3562 2195; baseline -0 -18"><span class='ocrx_word' id='word_1_296' title='bbox 182 2119 244 2177; x_wconf 90' lang='lat' dir='ltr'>S.</span> <span class='ocrx_word' id='word_1_297' title='bbox 272 2121 553 2178; x_wconf 86' lang='lat' dir='ltr'>Damasc.</span> <span class='ocrx_word' id='word_1_298' title='bbox 588 2122 666 2178; x_wconf 87' lang='lat' dir='ltr'>ad</span> <span class='ocrx_word' id='word_1_299' title='bbox 697 2121 844 2180; x_wconf 86' lang='lat' dir='ltr'>cale.</span> <span class='ocrx_word' id='word_1_300' title='bbox 869 2125 1182 2195; x_wconf 79' lang='lat' dir='ltr'>Symmiet.</span> <span class='ocrx_word' id='word_1_301' title='bbox 1211 2139 1378 2179; x_wconf 91' lang='lat' dir='ltr'>num.</span> <span class='ocrx_word' id='word_1_302' title='bbox 1413 2124 1502 2192; x_wconf 77' lang='lat'>&#39;28,</span> <span class='ocrx_word' id='word_1_303' title='bbox 1534 2135 1594 2192; x_wconf 91' lang='lat' dir='ltr'>p.</span> <span class='ocrx_word' id='word_1_304' title='bbox 1627 2122 1750 2174; x_wconf 73' lang='grc'>450.</span> <span class='ocrx_word' id='word_1_305' title='bbox 1784 2119 1864 2173; x_wconf 82' lang='lat' dir='ltr'>Ex</span> <span class='ocrx_word' id='word_1_306' title='bbox 1893 2132 1963 2173; x_wconf 90' lang='lat' dir='ltr'>eo</span> <span class='ocrx_word' id='word_1_307' title='bbox 1995 2117 2278 2190; x_wconf 83' lang='lat' dir='ltr'>quaedam</span> <span class='ocrx_word' id='word_1_308' title='bbox 2316 2117 2538 2191; x_wconf 86' lang='lat' dir='ltr'>profert</span> <span class='ocrx_word' id='word_1_309' title='bbox 2567 2117 2629 2174; x_wconf 94' lang='lat' dir='ltr'>in</span> <span class='ocrx_word' id='word_1_310' title='bbox 2660 2118 2942 2176; x_wconf 83' lang='lat' dir='ltr'>Consens.</span> <span class='ocrx_word' id='word_1_311' title='bbox 2973 2119 3047 2176; x_wconf 88' lang='lat' dir='ltr'>de</span> <span class='ocrx_word' id='word_1_312' title='bbox 3064 2124 3320 2190; x_wconf 78' lang='lat' dir='ltr'>purgat.</span> <span class='ocrx_word' id='word_1_313' title='bbox 3343 2133 3404 2191; x_wconf 91' lang='lat' dir='ltr'>p.</span> <span class='ocrx_word' id='word_1_314' title='bbox 3434 2122 3562 2177; x_wconf 87' lang='grc'>761.</span> 
     </span>
    </p>
   </div>
   <div class='ocr_carea' id='block_1_29' title="bbox 184 2210 359 2265">
    <p class='ocr_par' dir='ltr' id='par_1_29' title="bbox 184 2210 359 2265">
     <span class='ocr_line' id='line_1_29' title="bbox 184 2210 359 2265; baseline 0 0"><span class='ocrx_word' id='word_1_315' title='bbox 184 2210 359 2265; x_wconf 63' lang='lat' dir='ltr'>Cur.</span> 
     </span>
    </p>
   </div>
   <div class='ocr_carea' id='block_1_30' title="bbox 257 2296 3559 2373">
    <p class='ocr_par' dir='ltr' id='par_1_30' title="bbox 257 2296 3559 2373">
     <span class='ocr_line' id='line_1_30' title="bbox 257 2296 3559 2373; baseline -0 -20"><span class='ocrx_word' id='word_1_316' title='bbox 257 2300 344 2353; x_wconf 82' lang='lat' dir='ltr'><strong>Ex</strong></span> <span class='ocrx_word' id='word_1_317' title='bbox 395 2299 770 2356; x_wconf 85' lang='lat' dir='ltr'>orationibus</span> <span class='ocrx_word' id='word_1_318' title='bbox 826 2300 1202 2358; x_wconf 87' lang='lat' dir='ltr'>Constantini</span> <span class='ocrx_word' id='word_1_319' title='bbox 1258 2297 1614 2373; x_wconf 76' lang='lat' dir='ltr'>Acropolin</span> <span class='ocrx_word' id='word_1_320' title='bbox 1651 2297 1713 2354; x_wconf 87' lang='lat' dir='ltr'>in</span> <span class='ocrx_word' id='word_1_321' title='bbox 1749 2301 2008 2364; x_wconf 87' lang='lat' dir='ltr'>sanctos,</span> <span class='ocrx_word' id='word_1_322' title='bbox 2059 2311 2214 2370; x_wconf 85' lang='lat' dir='ltr'>quas</span> <span class='ocrx_word' id='word_1_323' title='bbox 2253 2312 2406 2352; x_wconf 91' lang='lat' dir='ltr'>mss.</span> <span class='ocrx_word' id='word_1_324' title='bbox 2457 2301 2797 2353; x_wconf 89' lang='lat' dir='ltr'>memorant</span> <span class='ocrx_word' id='word_1_325' title='bbox 2831 2296 3078 2353; x_wconf 78' lang='lat' dir='ltr'>Allatius</span> <span class='ocrx_word' id='word_1_326' title='bbox 3103 2299 3182 2353; x_wconf 85' lang='lat' dir='ltr'>De</span> <span class='ocrx_word' id='word_1_327' title='bbox 3210 2296 3559 2354; x_wconf 88' lang='lat' dir='ltr'>Simeonum</span> 
     </span>
    </p>
   </div>
   <div class='ocr_carea' id='block_1_31' title="bbox 185 2385 3558 2462">
    <p class='ocr_par' dir='ltr' id='par_1_31' title="bbox 185 2385 3558 2462">
     <span class='ocr_line' id='line_1_31' title="bbox 185 2385 3558 2462; baseline 0.001 -21"><span class='ocrx_word' id='word_1_328' title='bbox 185 2387 444 2459; x_wconf 83' lang='lat' dir='ltr'>scriptis,</span> <span class='ocrx_word' id='word_1_329' title='bbox 476 2404 536 2459; x_wconf 93' lang='lat' dir='ltr'>p.</span> <span class='ocrx_word' id='word_1_330' title='bbox 563 2392 628 2444; x_wconf 69' lang='grc'>84</span> <span class='ocrx_word' id='word_1_331' title='bbox 661 2395 716 2446; x_wconf 92' lang='lat' dir='ltr'>et</span> <span class='ocrx_word' id='word_1_332' title='bbox 749 2391 976 2446; x_wconf 79' lang='lat' dir='ltr'>Caveus</span> <span class='ocrx_word' id='word_1_333' title='bbox 1007 2395 1174 2462; x_wconf 91' lang='lat' dir='ltr'>parte</span> <span class='ocrx_word' id='word_1_334' title='bbox 1205 2389 1392 2445; x_wconf 85' lang='lat' dir='ltr'>altera</span> <span class='ocrx_word' id='word_1_335' title='bbox 1420 2387 1566 2444; x_wconf 85' lang='lat' dir='ltr'>Hist.</span> <span class='ocrx_word' id='word_1_336' title='bbox 1595 2386 1892 2443; x_wconf 66' lang='lat' dir='ltr'>litterariae</span> <span class='ocrx_word' id='word_1_337' title='bbox 1921 2385 2281 2458; x_wconf 89' lang='lat' dir='ltr'>scriptorum</span> <span class='ocrx_word' id='word_1_338' title='bbox 2313 2385 2522 2442; x_wconf 91' lang='lat' dir='ltr'>eccles.</span> <span class='ocrx_word' id='word_1_339' title='bbox 2555 2387 2631 2444; x_wconf 92' lang='lat' dir='ltr'>ad</span> <span class='ocrx_word' id='word_1_340' title='bbox 2656 2403 2712 2444; x_wconf 89' lang='lat' dir='ltr'>a.</span> <span class='ocrx_word' id='word_1_341' title='bbox 2746 2389 2806 2444; x_wconf 92' lang='lat' dir='ltr'>C.</span> <span class='ocrx_word' id='word_1_342' title='bbox 2826 2391 2981 2456; x_wconf 83' lang='grc'>1270,</span> <span class='ocrx_word' id='word_1_343' title='bbox 3009 2385 3110 2443; x_wconf 88' lang='lat' dir='ltr'>illa</span> <span class='ocrx_word' id='word_1_344' title='bbox 3136 2386 3198 2442; x_wconf 92' lang='lat' dir='ltr'>in</span> <span class='ocrx_word' id='word_1_345' title='bbox 3224 2391 3558 2457; x_wconf 79' lang='lat' dir='ltr'>martyrem</span> 
     </span>
    </p>
   </div>
   <div class='ocr_carea' id='block_1_32' title="bbox 187 2474 3558 2543">
    <p class='ocr_par' dir='ltr' id='par_1_32' title="bbox 187 2474 3558 2543">
     <span class='ocr_line' id='line_1_32' title="bbox 187 2474 3558 2543; baseline 0 -13"><span class='ocrx_word' id='word_1_346' title='bbox 187 2474 602 2543; x_wconf 76' lang='lat' dir='ltr'>Theodosium,</span> <span class='ocrx_word' id='word_1_347' title='bbox 633 2479 827 2534; x_wconf 72' lang='lat' dir='ltr'>Craice</span> <span class='ocrx_word' id='word_1_348' title='bbox 857 2494 929 2533; x_wconf 81' lang='lat' dir='ltr'>ex</span> <span class='ocrx_word' id='word_1_349' title='bbox 978 2494 1096 2534; x_wconf 90' lang='lat' dir='ltr'>ms.</span> <span class='ocrx_word' id='word_1_350' title='bbox 1134 2478 1415 2534; x_wconf 86' lang='lat' dir='ltr'>Vaticano</span> <span class='ocrx_word' id='word_1_351' title='bbox 1458 2492 1596 2534; x_wconf 92' lang='lat' dir='ltr'>cum</span> <span class='ocrx_word' id='word_1_352' title='bbox 1649 2479 1792 2531; x_wconf 87' lang='lat' dir='ltr'>Dan.</span> <span class='ocrx_word' id='word_1_353' title='bbox 1855 2475 2113 2531; x_wconf 88' lang='lat' dir='ltr'>Cardoni</span> <span class='ocrx_word' id='word_1_354' title='bbox 2145 2478 2201 2543; x_wconf 91' lang='lat' dir='ltr'>S,</span> <span class='ocrx_word' id='word_1_355' title='bbox 2242 2477 2292 2530; x_wconf 87' lang='lat' dir='ltr'>J.</span> <span class='ocrx_word' id='word_1_356' title='bbox 2335 2475 2606 2532; x_wconf 76' lang='lat' dir='ltr'>versione</span> <span class='ocrx_word' id='word_1_357' title='bbox 2657 2482 2849 2532; x_wconf 79' lang='lat' dir='ltr'>exstat</span> <span class='ocrx_word' id='word_1_358' title='bbox 2893 2475 2954 2532; x_wconf 88' lang='lat' dir='ltr'>in</span> <span class='ocrx_word' id='word_1_359' title='bbox 3001 2476 3161 2532; x_wconf 79' lang='lat' dir='ltr'>Actis</span> <span class='ocrx_word' id='word_1_360' title='bbox 3200 2476 3558 2532; x_wconf 87' lang='lat' dir='ltr'>Sanctorum</span> 
     </span>
    </p>
   </div>
   <div class='ocr_carea' id='block_1_33' title="bbox 184 2563 3558 2640">
    <p class='ocr_par' dir='ltr' id='par_1_33' title="bbox 184 2563 3558 2640">
     <span class='ocr_line' id='line_1_33' title="bbox 184 2563 3558 2640; baseline 0.001 -22"><span class='ocrx_word' id='word_1_361' title='bbox 184 2567 331 2619; x_wconf 87' lang='lat' dir='ltr'>tom.</span> <span class='ocrx_word' id='word_1_362' title='bbox 367 2567 459 2620; x_wconf 89' lang='lat' dir='ltr'>Vll</span> <span class='ocrx_word' id='word_1_363' title='bbox 493 2565 644 2636; x_wconf 85' lang='lat' dir='ltr'>Maii,</span> <span class='ocrx_word' id='word_1_364' title='bbox 677 2582 737 2640; x_wconf 93' lang='lat' dir='ltr'>p.</span> <span class='ocrx_word' id='word_1_365' title='bbox 781 2572 846 2624; x_wconf 85' lang='lat'><strong>69</strong></span> <span class='ocrx_word' id='word_1_366' title='bbox 876 2599 946 2609; x_wconf 84' lang='lat'>-—</span> <span class='ocrx_word' id='word_1_367' title='bbox 987 2571 1052 2623; x_wconf 89' lang='lat'>86</span> <span class='ocrx_word' id='word_1_368' title='bbox 1091 2585 1104 2622; x_wconf 93' lang='lat'>:</span> <span class='ocrx_word' id='word_1_369' title='bbox 1135 2573 1192 2622; x_wconf 91' lang='lat' dir='ltr'>et</span> <span class='ocrx_word' id='word_1_370' title='bbox 1219 2565 1404 2622; x_wconf 85' lang='lat' dir='ltr'>altera</span> <span class='ocrx_word' id='word_1_371' title='bbox 1435 2568 1499 2622; x_wconf 79' lang='lat' dir='ltr'>in</span> <span class='ocrx_word' id='word_1_372' title='bbox 1543 2565 1591 2621; x_wconf 91' lang='lat' dir='ltr'><em>S</em></span> <span class='ocrx_word' id='word_1_373' title='bbox 1613 2565 1902 2620; x_wconf 80' lang='lat' dir='ltr'>Joannem</span> <span class='ocrx_word' id='word_1_374' title='bbox 1941 2565 2399 2627; x_wconf 77' lang='lat' dir='ltr'>Damascenum.</span> <span class='ocrx_word' id='word_1_375' title='bbox 2434 2565 2639 2620; x_wconf 86' lang='lat' dir='ltr'>itidem</span> <span class='ocrx_word' id='word_1_376' title='bbox 2673 2582 2704 2621; x_wconf 90' lang='lat' dir='ltr'>e</span> <span class='ocrx_word' id='word_1_377' title='bbox 2745 2581 2838 2620; x_wconf 93' lang='lat' dir='ltr'>ms</span> <span class='ocrx_word' id='word_1_378' title='bbox 2870 2563 3158 2620; x_wconf 87' lang='lat' dir='ltr'>Vaticano</span> <span class='ocrx_word' id='word_1_379' title='bbox 3190 2569 3387 2621; x_wconf 69' lang='lat' dir='ltr'>Graece</span> <span class='ocrx_word' id='word_1_380' title='bbox 3417 2580 3558 2620; x_wconf 92' lang='lat' dir='ltr'>cum</span> 
     </span>
    </p>
   </div>
   <div class='ocr_carea' id='block_1_34' title="bbox 182 2651 3554 2726">
    <p class='ocr_par' dir='ltr' id='par_1_34' title="bbox 182 2651 3554 2726">
     <span class='ocr_line' id='line_1_34' title="bbox 182 2651 3554 2726; baseline 0.001 -21"><span class='ocrx_word' id='word_1_381' title='bbox 182 2652 476 2709; x_wconf 75' lang='lat' dir='ltr'>versione.</span> <span class='ocrx_word' id='word_1_382' title='bbox 514 2655 565 2710; x_wconf 91' lang='lat' dir='ltr'>J.</span> <span class='ocrx_word' id='word_1_383' title='bbox 609 2655 900 2712; x_wconf 87' lang='lat' dir='ltr'>Francisci</span> <span class='ocrx_word' id='word_1_384' title='bbox 926 2655 1000 2710; x_wconf 88' lang='lat' dir='ltr'>de</span> <span class='ocrx_word' id='word_1_385' title='bbox 1033 2655 1272 2711; x_wconf 77' lang='lat' dir='ltr'>Rubeis.</span> <span class='ocrx_word' id='word_1_386' title='bbox 1308 2655 1416 2712; x_wconf 90' lang='lat' dir='ltr'>IGti</span> <span class='ocrx_word' id='word_1_387' title='bbox 1446 2653 1718 2716; x_wconf 81' lang='lat' dir='ltr'>Romani,</span> <span class='ocrx_word' id='word_1_388' title='bbox 1749 2659 1894 2708; x_wconf 92' lang='lat' dir='ltr'>tom.</span> <span class='ocrx_word' id='word_1_389' title='bbox 1928 2654 1974 2706; x_wconf 91' lang='lat' dir='ltr'>II</span> <span class='ocrx_word' id='word_1_390' title='bbox 2001 2653 2149 2721; x_wconf 84' lang='lat' dir='ltr'>Maii,</span> <span class='ocrx_word' id='word_1_391' title='bbox 2182 2669 2322 2726; x_wconf 86' lang='lat' dir='ltr'>pag,</span> <span class='ocrx_word' id='word_1_392' title='bbox 2351 2658 2448 2710; x_wconf 88' lang='grc'>731</span> <span class='ocrx_word' id='word_1_393' title='bbox 2482 2685 2554 2694; x_wconf 90' lang='lat'>——</span> <span class='ocrx_word' id='word_1_394' title='bbox 2582 2658 2688 2710; x_wconf 83' lang='lat'>760</span> <span class='ocrx_word' id='word_1_395' title='bbox 2713 2657 2886 2710; x_wconf 72' lang='lat' dir='ltr'>FABB.</span> <span class='ocrx_word' id='word_1_396' title='bbox 2920 2653 3292 2711; x_wconf 72' lang='lat' dir='ltr'>Vindobonae</span> <span class='ocrx_word' id='word_1_397' title='bbox 3316 2653 3380 2709; x_wconf 92' lang='lat' dir='ltr'>in</span> <span class='ocrx_word' id='word_1_398' title='bbox 3419 2651 3554 2710; x_wconf 89' lang='lat' dir='ltr'>cod.</span> 
     </span>
    </p>
   </div>
   <div class='ocr_carea' id='block_1_35' title="bbox 182 2741 1797 2818">
    <p class='ocr_par' dir='ltr' id='par_1_35' title="bbox 182 2743 1797 2813">
     <span class='ocr_line' id='line_1_35' title="bbox 182 2743 1797 2813; baseline -0.002 -17"><span class='ocrx_word' id='word_1_399' title='bbox 182 2743 312 2808; x_wconf 88' lang='lat' dir='ltr'>CXI,</span> <span class='ocrx_word' id='word_1_400' title='bbox 378 2757 440 2797; x_wconf 92' lang='lat' dir='ltr'>n.</span> <span class='ocrx_word' id='word_1_401' title='bbox 499 2747 580 2813; x_wconf 89' lang='lat' dir='ltr'>I7,</span> <span class='ocrx_word' id='word_1_402' title='bbox 615 2749 671 2800; x_wconf 93' lang='lat' dir='ltr'>et</span> <span class='ocrx_word' id='word_1_403' title='bbox 731 2744 866 2800; x_wconf 62' lang='lat' dir='ltr'>cod.</span> <span class='ocrx_word' id='word_1_404' title='bbox 916 2745 1116 2810; x_wconf 83' lang='lat' dir='ltr'>XXXV,</span> <span class='ocrx_word' id='word_1_405' title='bbox 1190 2761 1250 2800; x_wconf 92' lang='lat' dir='ltr'>n.</span> <span class='ocrx_word' id='word_1_406' title='bbox 1323 2749 1377 2812; x_wconf 83' lang='lat'>2,</span> <span class='ocrx_word' id='word_1_407' title='bbox 1432 2749 1520 2800; x_wconf 90' lang='lat' dir='ltr'>est</span> <span class='ocrx_word' id='word_1_408' title='bbox 1573 2750 1676 2796; x_wconf 77' lang='grc' dir='ltr'>Τοῦ</span> <span class='ocrx_word' id='word_1_409' title='bbox 1750 2760 1797 2794; x_wconf 84' lang='grc' dir='ltr'><strong>σι</strong></span> 
     </span>
    </p>
   </div>
   <div class='ocr_carea' id='block_1_36' title="bbox 1942 2741 3557 2818">
    <p class='ocr_par' dir='ltr' id='par_1_36' title="bbox 1942 2741 3557 2818">
     <span class='ocr_line' id='line_1_36' title="bbox 1942 2741 3557 2818; baseline -0.001 -25"><span class='ocrx_word' id='word_1_410' title='bbox 1942 2743 2048 2794; x_wconf 79' lang='grc' dir='ltr'>ἑτου</span> <span class='ocrx_word' id='word_1_411' title='bbox 2123 2741 2349 2815; x_wconf 74' lang='grc' dir='ltr'>μεγάλου</span> <span class='ocrx_word' id='word_1_412' title='bbox 2410 2741 2684 2814; x_wconf 70' lang='grc' dir='ltr'>λογοθέτου</span> <span class='ocrx_word' id='word_1_413' title='bbox 2771 2751 2931 2818; x_wconf 80' lang='grc' dir='ltr'>κυροϋ</span> <span class='ocrx_word' id='word_1_414' title='bbox 3026 2746 3416 2796; x_wconf 80' lang='grc' dir='ltr'>Κωνσταντίνου</span> <span class='ocrx_word' id='word_1_415' title='bbox 3466 2749 3557 2794; x_wconf 79' lang='grc' dir='ltr'>τοῦ</span> 
     </span>
    </p>
   </div>
   <div class='ocr_carea' id='block_1_37' title="bbox 181 2829 3558 2907">
    <p class='ocr_par' dir='ltr' id='par_1_37' title="bbox 181 2829 3558 2907">
     <span class='ocr_line' id='line_1_37' title="bbox 181 2829 3558 2907; baseline 0.001 -24"><span class='ocrx_word' id='word_1_416' title='bbox 181 2829 558 2907; x_wconf 78' lang='grc' dir='ltr'>Ἀκροπολίτου</span> <span class='ocrx_word' id='word_1_417' title='bbox 591 2835 784 2890; x_wconf 83' lang='lat' dir='ltr'>oratio</span> <span class='ocrx_word' id='word_1_418' title='bbox 810 2835 874 2888; x_wconf 84' lang='lat' dir='ltr'>in</span> <span class='ocrx_word' id='word_1_419' title='bbox 901 2834 959 2889; x_wconf 91' lang='lat' dir='ltr'>S.</span> <span class='ocrx_word' id='word_1_420' title='bbox 989 2836 1314 2904; x_wconf 74' lang='lat' dir='ltr'>martyrem</span> <span class='ocrx_word' id='word_1_421' title='bbox 1350 2832 1755 2898; x_wconf 75' lang='lat' dir='ltr'>Theodosium,</span> <span class='ocrx_word' id='word_1_422' title='bbox 1789 2847 1922 2904; x_wconf 81' lang='lat' dir='ltr'>quae</span> <span class='ocrx_word' id='word_1_423' title='bbox 1951 2831 2064 2888; x_wconf 90' lang='lat' dir='ltr'>sub</span> <span class='ocrx_word' id='word_1_424' title='bbox 2093 2831 2240 2904; x_wconf 91' lang='lat' dir='ltr'>imp.</span> <span class='ocrx_word' id='word_1_425' title='bbox 2278 2833 2468 2887; x_wconf 85' lang='lat' dir='ltr'>Leone</span> <span class='ocrx_word' id='word_1_426' title='bbox 2494 2832 2702 2889; x_wconf 90' lang='lat' dir='ltr'>Isauro</span> <span class='ocrx_word' id='word_1_427' title='bbox 2736 2848 2848 2906; x_wconf 91' lang='lat' dir='ltr'>pro</span> <span class='ocrx_word' id='word_1_428' title='bbox 2876 2831 3039 2888; x_wconf 91' lang='lat' dir='ltr'>cultu</span> <span class='ocrx_word' id='word_1_429' title='bbox 3069 2847 3379 2888; x_wconf 85' lang='lat' dir='ltr'>sacrarum</span> <span class='ocrx_word' id='word_1_430' title='bbox 3405 2830 3558 2886; x_wconf 89' lang='lat' dir='ltr'>ima-</span> 
     </span>
    </p>
   </div>
   <div class='ocr_carea' id='block_1_38' title="bbox 181 2920 3559 2996">
    <p class='ocr_par' dir='ltr' id='par_1_38' title="bbox 181 2920 3559 2996">
     <span class='ocr_line' id='line_1_38' title="bbox 181 2920 3559 2996; baseline 0.001 -24"><span class='ocrx_word' id='word_1_431' title='bbox 181 2921 392 2988; x_wconf 86' lang='lat' dir='ltr'>ginum</span> <span class='ocrx_word' id='word_1_432' title='bbox 426 2937 605 2994; x_wconf 85' lang='lat' dir='ltr'>passa</span> <span class='ocrx_word' id='word_1_433' title='bbox 631 2928 736 2978; x_wconf 90' lang='lat' dir='ltr'>est.</span> <span class='ocrx_word' id='word_1_434' title='bbox 774 2926 850 2979; x_wconf 90' lang='lat' dir='ltr'>De</span> <span class='ocrx_word' id='word_1_435' title='bbox 899 2923 1094 2996; x_wconf 88' lang='lat' dir='ltr'>priore</span> <span class='ocrx_word' id='word_1_436' title='bbox 1136 2923 1277 2978; x_wconf 91' lang='lat' dir='ltr'>cod.</span> <span class='ocrx_word' id='word_1_437' title='bbox 1338 2921 1619 2978; x_wconf 76' lang='lat' dir='ltr'>Lambec.</span> <span class='ocrx_word' id='word_1_438' title='bbox 1677 2937 1904 2976; x_wconf 91' lang='lat' dir='ltr'>comm.</span> <span class='ocrx_word' id='word_1_439' title='bbox 1960 2924 2046 2984; x_wconf 89' lang='lat' dir='ltr'>IV,</span> <span class='ocrx_word' id='word_1_440' title='bbox 2105 2937 2168 2994; x_wconf 90' lang='lat' dir='ltr'>p.</span> <span class='ocrx_word' id='word_1_441' title='bbox 2222 2925 2343 2991; x_wconf 82' lang='grc'>140,</span> <span class='ocrx_word' id='word_1_442' title='bbox 2392 2922 2497 2978; x_wconf 91' lang='lat' dir='ltr'>ubi</span> <span class='ocrx_word' id='word_1_443' title='bbox 2551 2922 2847 2979; x_wconf 88' lang='lat' dir='ltr'>Kollarius</span> <span class='ocrx_word' id='word_1_444' title='bbox 2897 2921 3082 2978; x_wconf 84' lang='lat' dir='ltr'>verba</span> <span class='ocrx_word' id='word_1_445' title='bbox 3129 2920 3428 2978; x_wconf 85' lang='lat' dir='ltr'>Lambecii</span> <span class='ocrx_word' id='word_1_446' title='bbox 3485 2935 3559 2976; x_wconf 82' lang='lat' dir='ltr'>ex</span> 
     </span>
    </p>
   </div>
   <div class='ocr_carea' id='block_1_39' title="bbox 181 3009 3558 3085">
    <p class='ocr_par' dir='ltr' id='par_1_39' title="bbox 181 3009 3558 3085">
     <span class='ocr_line' id='line_1_39' title="bbox 181 3009 3558 3085; baseline 0 -22"><span class='ocrx_word' id='word_1_447' title='bbox 181 3009 383 3065; x_wconf 90' lang='lat' dir='ltr'>indice</span> <span class='ocrx_word' id='word_1_448' title='bbox 424 3027 564 3083; x_wconf 88' lang='lat' dir='ltr'>pag.</span> <span class='ocrx_word' id='word_1_449' title='bbox 607 3016 710 3068; x_wconf 77' lang='lat'>526</span> <span class='ocrx_word' id='word_1_450' title='bbox 750 3015 980 3085; x_wconf 89' lang='lat' dir='ltr'>repetit.</span> <span class='ocrx_word' id='word_1_451' title='bbox 1019 3013 1292 3068; x_wconf 78' lang='lat' dir='ltr'>Lamliec.</span> <span class='ocrx_word' id='word_1_452' title='bbox 1335 3027 1498 3078; x_wconf 83' lang='lat' dir='ltr'>vero,</span> <span class='ocrx_word' id='word_1_453' title='bbox 1535 3011 1811 3077; x_wconf 86' lang='lat' dir='ltr'>Meminit,</span> <span class='ocrx_word' id='word_1_454' title='bbox 1868 3011 1966 3078; x_wconf 89' lang='lat' dir='ltr'>ait,</span> <span class='ocrx_word' id='word_1_455' title='bbox 2013 3010 2193 3082; x_wconf 88' lang='lat' dir='ltr'>hujus</span> <span class='ocrx_word' id='word_1_456' title='bbox 2240 3013 2609 3067; x_wconf 86' lang='lat' dir='ltr'>Constantini</span> <span class='ocrx_word' id='word_1_457' title='bbox 2639 3011 2993 3084; x_wconf 78' lang='lat' dir='ltr'>Acropolitze</span> <span class='ocrx_word' id='word_1_458' title='bbox 3039 3014 3300 3067; x_wconf 88' lang='lat' dir='ltr'>Joannes</span> <span class='ocrx_word' id='word_1_459' title='bbox 3339 3011 3558 3064; x_wconf 83' lang='lat' dir='ltr'>Canta-</span> 
     </span>
    </p>
   </div>
   <div class='ocr_carea' id='block_1_40' title="bbox 181 3098 3558 3174">
    <p class='ocr_par' dir='ltr' id='par_1_40' title="bbox 181 3098 3558 3174">
     <span class='ocr_line' id='line_1_40' title="bbox 181 3098 3558 3174; baseline -0.001 -20"><span class='ocrx_word' id='word_1_460' title='bbox 181 3114 464 3171; x_wconf 88' lang='lat' dir='ltr'>cuzenus,</span> <span class='ocrx_word' id='word_1_461' title='bbox 495 3101 759 3158; x_wconf 66' lang='lat' dir='ltr'>Historiae</span> <span class='ocrx_word' id='word_1_462' title='bbox 792 3100 1128 3174; x_wconf 73' lang='lat' dir='ltr'>Byzantinie</span> <span class='ocrx_word' id='word_1_463' title='bbox 1159 3101 1260 3157; x_wconf 87' lang='lat' dir='ltr'>lib.</span> <span class='ocrx_word' id='word_1_464' title='bbox 1297 3117 1335 3171; x_wconf 83' lang='grc' dir='ltr'>ι,</span> <span class='ocrx_word' id='word_1_465' title='bbox 1366 3117 1501 3174; x_wconf 87' lang='lat' dir='ltr'>cap.</span> <span class='ocrx_word' id='word_1_466' title='bbox 1539 3103 1620 3170; x_wconf 76' lang='grc'>14,</span> <span class='ocrx_word' id='word_1_467' title='bbox 1644 3099 1750 3156; x_wconf 89' lang='lat' dir='ltr'>ubi</span> <span class='ocrx_word' id='word_1_468' title='bbox 1787 3099 1982 3171; x_wconf 80' lang='lat' dir='ltr'>refert,</span> <span class='ocrx_word' id='word_1_469' title='bbox 2026 3116 2163 3156; x_wconf 90' lang='lat' dir='ltr'>eum</span> <span class='ocrx_word' id='word_1_470' title='bbox 2206 3098 2394 3156; x_wconf 84' lang='lat' dir='ltr'>fuisse</span> <span class='ocrx_word' id='word_1_471' title='bbox 2433 3117 2624 3156; x_wconf 88' lang='lat' dir='ltr'>unum</span> <span class='ocrx_word' id='word_1_472' title='bbox 2659 3117 2730 3156; x_wconf 81' lang='lat' dir='ltr'>ex</span> <span class='ocrx_word' id='word_1_473' title='bbox 2761 3101 2907 3174; x_wconf 88' lang='lat' dir='ltr'>imp.</span> <span class='ocrx_word' id='word_1_474' title='bbox 2951 3098 3276 3156; x_wconf 79' lang='lat' dir='ltr'>Andronici</span> <span class='ocrx_word' id='word_1_475' title='bbox 3307 3098 3558 3154; x_wconf 89' lang='lat' dir='ltr'>senioris</span> 
     </span>
    </p>
   </div>
   <div class='ocr_carea' id='block_1_41' title="bbox 177 3186 3555 3263">
    <p class='ocr_par' dir='ltr' id='par_1_41' title="bbox 177 3186 3555 3263">
     <span class='ocr_line' id='line_1_41' title="bbox 177 3186 3555 3263; baseline -0.001 -20"><span class='ocrx_word' id='word_1_476' title='bbox 177 3189 594 3245; x_wconf 88' lang='lat' dir='ltr'>assessoribus</span> <span class='ocrx_word' id='word_1_477' title='bbox 619 3191 678 3246; x_wconf 92' lang='lat' dir='ltr'>in</span> <span class='ocrx_word' id='word_1_478' title='bbox 706 3191 936 3262; x_wconf 89' lang='lat' dir='ltr'>judicio</span> <span class='ocrx_word' id='word_1_479' title='bbox 961 3197 1166 3247; x_wconf 88' lang='lat' dir='ltr'>contra</span> <span class='ocrx_word' id='word_1_480' title='bbox 1195 3195 1476 3263; x_wconf 82' lang='lat' dir='ltr'>nepotem</span> <span class='ocrx_word' id='word_1_481' title='bbox 1503 3190 1708 3263; x_wconf 90' lang='lat' dir='ltr'>ipsius,</span> <span class='ocrx_word' id='word_1_482' title='bbox 1743 3189 2155 3245; x_wconf 87' lang='lat' dir='ltr'>Andronicum</span> <span class='ocrx_word' id='word_1_483' title='bbox 2189 3189 2523 3246; x_wconf 90' lang='lat' dir='ltr'>secundum</span> <span class='ocrx_word' id='word_1_484' title='bbox 2557 3207 2603 3245; x_wconf 90' lang='lat' dir='ltr'>s.</span> <span class='ocrx_word' id='word_1_485' title='bbox 2637 3191 2963 3261; x_wconf 89' lang='lat' dir='ltr'>juniorem.</span> <span class='ocrx_word' id='word_1_486' title='bbox 2994 3189 3128 3262; x_wconf 88' lang='lat' dir='ltr'>lpsa</span> <span class='ocrx_word' id='word_1_487' title='bbox 3159 3186 3555 3244; x_wconf 85' lang='lat' dir='ltr'>Cantacuzeni</span> 
     </span>
    </p>
   </div>
   <div class='ocr_carea' id='block_1_42' title="bbox 178 3274 3556 3355">
    <p class='ocr_par' dir='ltr' id='par_1_42' title="bbox 178 3274 3556 3355">
     <span class='ocr_line' id='line_1_42' title="bbox 178 3274 3556 3355; baseline -0.001 -24"><span class='ocrx_word' id='word_1_488' title='bbox 178 3277 369 3334; x_wconf 78' lang='lat' dir='ltr'>verba</span> <span class='ocrx_word' id='word_1_489' title='bbox 422 3279 756 3337; x_wconf 75' lang='lat' dir='ltr'>sunthaec:</span> <span class='ocrx_word' id='word_1_490' title='bbox 791 3283 926 3354; x_wconf 79' lang='grc' dir='ltr'>Πρὸς</span> <span class='ocrx_word' id='word_1_491' title='bbox 963 3283 1164 3343; x_wconf 80' lang='grc' dir='ltr'>τούτοις</span> <span class='ocrx_word' id='word_1_492' title='bbox 1197 3277 1255 3332; x_wconf 75' lang='grc' dir='ltr'>δὲ</span> <span class='ocrx_word' id='word_1_493' title='bbox 1285 3285 1376 3332; x_wconf 82' lang='grc' dir='ltr'>καὶ</span> <span class='ocrx_word' id='word_1_494' title='bbox 1402 3281 1428 3331; x_wconf 85' lang='grc' dir='ltr'><strong><em>ὁ</em></strong></span> <span class='ocrx_word' id='word_1_495' title='bbox 1472 3279 1845 3355; x_wconf 73' lang='grc' dir='ltr'>Ἀκροπολίτης</span> <span class='ocrx_word' id='word_1_496' title='bbox 1883 3276 1945 3338; x_wconf 72' lang='grc' dir='ltr'>ἦν</span> <span class='ocrx_word' id='word_1_497' title='bbox 1983 3285 2388 3346; x_wconf 80' lang='grc' dir='ltr'>Κωνσταντῖνος,</span> <span class='ocrx_word' id='word_1_498' title='bbox 2447 3283 2608 3352; x_wconf 71' lang='grc' dir='ltr'><strong>μέγας</strong></span> <span class='ocrx_word' id='word_1_499' title='bbox 2649 3279 2926 3352; x_wconf 67' lang='grc' dir='ltr'>λογοθέτης</span> <span class='ocrx_word' id='word_1_500' title='bbox 2977 3279 3046 3330; x_wconf 83' lang='grc' dir='ltr'>ὣν</span> <span class='ocrx_word' id='word_1_501' title='bbox 3087 3282 3178 3330; x_wconf 80' lang='grc' dir='ltr'>καὶ</span> <span class='ocrx_word' id='word_1_502' title='bbox 3229 3277 3403 3338; x_wconf 77' lang='grc' dir='ltr'>αὐτὸς.</span> <span class='ocrx_word' id='word_1_503' title='bbox 3474 3274 3556 3329; x_wconf 92' lang='lat' dir='ltr'>De</span> 
     </span>
    </p>
   </div>
   <div class='ocr_carea' id='block_1_43' title="bbox 178 3365 3557 3443">
    <p class='ocr_par' dir='ltr' id='par_1_43' title="bbox 178 3365 3557 3443">
     <span class='ocr_line' id='line_1_43' title="bbox 178 3365 3557 3443; baseline -0.001 -23"><span class='ocrx_word' id='word_1_504' title='bbox 178 3365 512 3437; x_wconf 88' lang='lat' dir='ltr'>posteriore</span> <span class='ocrx_word' id='word_1_505' title='bbox 533 3367 667 3423; x_wconf 93' lang='lat' dir='ltr'>cod.</span> <span class='ocrx_word' id='word_1_506' title='bbox 691 3369 822 3424; x_wconf 86' lang='lat' dir='ltr'>vide</span> <span class='ocrx_word' id='word_1_507' title='bbox 851 3368 1124 3426; x_wconf 80' lang='lat' dir='ltr'>Lambec.</span> <span class='ocrx_word' id='word_1_508' title='bbox 1155 3367 1292 3434; x_wconf 91' lang='lat' dir='ltr'>VIII,</span> <span class='ocrx_word' id='word_1_509' title='bbox 1325 3383 1467 3440; x_wconf 88' lang='lat' dir='ltr'>pag.</span> <span class='ocrx_word' id='word_1_510' title='bbox 1496 3371 1619 3436; x_wconf 87' lang='lat'><strong>789,</strong></span> <span class='ocrx_word' id='word_1_511' title='bbox 1648 3367 1850 3440; x_wconf 89' lang='lat' dir='ltr'>ibique</span> <span class='ocrx_word' id='word_1_512' title='bbox 1893 3367 2112 3424; x_wconf 83' lang='lat' dir='ltr'>Kollar.</span> <span class='ocrx_word' id='word_1_513' title='bbox 2135 3368 2401 3439; x_wconf 86' lang='lat' dir='ltr'>—Paris,</span> <span class='ocrx_word' id='word_1_514' title='bbox 2449 3369 2507 3424; x_wconf 92' lang='lat' dir='ltr'>in</span> <span class='ocrx_word' id='word_1_515' title='bbox 2533 3369 2686 3425; x_wconf 89' lang='lat' dir='ltr'>bibl.</span> <span class='ocrx_word' id='word_1_516' title='bbox 2722 3369 2890 3443; x_wconf 89' lang='lat' dir='ltr'>publ.</span> <span class='ocrx_word' id='word_1_517' title='bbox 2920 3374 3009 3425; x_wconf 90' lang='lat' dir='ltr'>est</span> <span class='ocrx_word' id='word_1_518' title='bbox 3047 3367 3107 3424; x_wconf 92' lang='lat' dir='ltr'>in</span> <span class='ocrx_word' id='word_1_519' title='bbox 3155 3367 3290 3423; x_wconf 91' lang='lat' dir='ltr'>cod.</span> <span class='ocrx_word' id='word_1_520' title='bbox 3325 3366 3557 3423; x_wconf 86' lang='lat' dir='ltr'>MCCXII</span> 
     </span>
    </p>
   </div>
   <div class='ocr_carea' id='block_1_44' title="bbox 180 3451 3558 3530">
    <p class='ocr_par' dir='ltr' id='par_1_44' title="bbox 180 3451 3558 3530">
     <span class='ocr_line' id='line_1_44' title="bbox 180 3451 3558 3530; baseline -0.001 -20"><span class='ocrx_word' id='word_1_521' title='bbox 180 3456 383 3511; x_wconf 87' lang='lat' dir='ltr'>Const.</span> <span class='ocrx_word' id='word_1_522' title='bbox 426 3460 641 3529; x_wconf 86' lang='lat' dir='ltr'>Acrop.</span> <span class='ocrx_word' id='word_1_523' title='bbox 701 3457 949 3514; x_wconf 88' lang='lat' dir='ltr'>bomilia</span> <span class='ocrx_word' id='word_1_524' title='bbox 979 3458 1039 3512; x_wconf 91' lang='lat' dir='ltr'>in</span> <span class='ocrx_word' id='word_1_525' title='bbox 1065 3455 1464 3513; x_wconf 85' lang='lat' dir='ltr'>Theodosiam</span> <span class='ocrx_word' id='word_1_526' title='bbox 1507 3462 1836 3530; x_wconf 78' lang='lat' dir='ltr'>martyrem</span> <span class='ocrx_word' id='word_1_527' title='bbox 1860 3491 1932 3500; x_wconf 87' lang='lat'>——</span> <span class='ocrx_word' id='word_1_528' title='bbox 1961 3460 2023 3513; x_wconf 89' lang='lat' dir='ltr'>In</span> <span class='ocrx_word' id='word_1_529' title='bbox 2057 3457 2191 3513; x_wconf 88' lang='lat' dir='ltr'>cod.</span> <span class='ocrx_word' id='word_1_530' title='bbox 2221 3459 2540 3529; x_wconf 80' lang='lat' dir='ltr'>CMI.XXVI,</span> <span class='ocrx_word' id='word_1_531' title='bbox 2586 3474 2645 3515; x_wconf 91' lang='lat' dir='ltr'>n.</span> <span class='ocrx_word' id='word_1_532' title='bbox 2683 3463 2766 3525; x_wconf 80' lang='grc'>14,</span> <span class='ocrx_word' id='word_1_533' title='bbox 2818 3459 2877 3514; x_wconf 88' lang='lat' dir='ltr'>in</span> <span class='ocrx_word' id='word_1_534' title='bbox 2909 3457 3151 3514; x_wconf 89' lang='lat' dir='ltr'>laudem</span> <span class='ocrx_word' id='word_1_535' title='bbox 3182 3451 3558 3512; x_wconf 88' lang='lat' dir='ltr'>Constantini</span> 
     </span>
    </p>
   </div>
   <div class='ocr_carea' id='block_1_45' title="bbox 179 3539 3552 3619">
    <p class='ocr_par' dir='ltr' id='par_1_45' title="bbox 179 3539 3552 3619">
     <span class='ocr_line' id='line_1_45' title="bbox 179 3539 3552 3619; baseline -0.001 -19"><span class='ocrx_word' id='word_1_536' title='bbox 179 3545 245 3600; x_wconf 81' lang='lat' dir='ltr'>III.</span> <span class='ocrx_word' id='word_1_537' title='bbox 299 3549 358 3600; x_wconf 90' lang='lat' dir='ltr'>et</span> <span class='ocrx_word' id='word_1_538' title='bbox 411 3543 638 3601; x_wconf 72' lang='lat' dir='ltr'>llelenre</span> <span class='ocrx_word' id='word_1_539' title='bbox 668 3546 799 3619; x_wconf 91' lang='lat' dir='ltr'>ejus</span> <span class='ocrx_word' id='word_1_540' title='bbox 831 3547 1058 3603; x_wconf 87' lang='lat' dir='ltr'>matris.</span> <span class='ocrx_word' id='word_1_541' title='bbox 1091 3578 1162 3586; x_wconf 95' lang='lat'><strong><em>—</em></strong></span> <span class='ocrx_word' id='word_1_542' title='bbox 1193 3549 1255 3601; x_wconf 90' lang='lat' dir='ltr'>In</span> <span class='ocrx_word' id='word_1_543' title='bbox 1285 3546 1420 3602; x_wconf 91' lang='lat' dir='ltr'>cod.</span> <span class='ocrx_word' id='word_1_544' title='bbox 1454 3546 1587 3603; x_wconf 91' lang='lat' dir='ltr'>eod.</span> <span class='ocrx_word' id='word_1_545' title='bbox 1617 3547 1677 3602; x_wconf 92' lang='lat' dir='ltr'>in</span> <span class='ocrx_word' id='word_1_546' title='bbox 1704 3563 1766 3603; x_wconf 90' lang='lat' dir='ltr'>n.</span> <span class='ocrx_word' id='word_1_547' title='bbox 1802 3552 1887 3612; x_wconf 90' lang='grc'>13,</span> <span class='ocrx_word' id='word_1_548' title='bbox 1922 3549 1980 3604; x_wconf 94' lang='lat' dir='ltr'>in</span> <span class='ocrx_word' id='word_1_549' title='bbox 2010 3546 2254 3603; x_wconf 91' lang='lat' dir='ltr'>luadem</span> <span class='ocrx_word' id='word_1_550' title='bbox 2288 3547 2518 3617; x_wconf 87' lang='lat' dir='ltr'>Georgii</span> <span class='ocrx_word' id='word_1_551' title='bbox 2549 3548 2849 3619; x_wconf 84' lang='lat' dir='ltr'>martyris.</span> <span class='ocrx_word' id='word_1_552' title='bbox 2877 3579 2949 3588; x_wconf 85' lang='lat'>—-</span> <span class='ocrx_word' id='word_1_553' title='bbox 2977 3543 3290 3604; x_wconf 85' lang='lat' dir='ltr'>Mediolani</span> <span class='ocrx_word' id='word_1_554' title='bbox 3316 3543 3377 3598; x_wconf 89' lang='lat' dir='ltr'>in</span> <span class='ocrx_word' id='word_1_555' title='bbox 3408 3539 3552 3597; x_wconf 90' lang='lat' dir='ltr'>bibl.</span> 
     </span>
    </p>
   </div>
   <div class='ocr_carea' id='block_1_46' title="bbox 177 3631 3556 3710">
    <p class='ocr_par' dir='ltr' id='par_1_46' title="bbox 177 3631 3556 3710">
     <span class='ocr_line' id='line_1_46' title="bbox 177 3631 3556 3710; baseline -0.001 -21"><span class='ocrx_word' id='word_1_556' title='bbox 177 3633 459 3690; x_wconf 83' lang='lat' dir='ltr'>Ambros.</span> <span class='ocrx_word' id='word_1_557' title='bbox 496 3638 697 3694; x_wconf 89' lang='lat' dir='ltr'>Const.</span> <span class='ocrx_word' id='word_1_558' title='bbox 730 3637 1028 3710; x_wconf 85' lang='lat' dir='ltr'>Acropol.,</span> <span class='ocrx_word' id='word_1_559' title='bbox 1057 3651 1365 3693; x_wconf 90' lang='lat' dir='ltr'>sermones</span> <span class='ocrx_word' id='word_1_560' title='bbox 1393 3641 1450 3692; x_wconf 92' lang='lat' dir='ltr'>et</span> <span class='ocrx_word' id='word_1_561' title='bbox 1486 3637 1774 3710; x_wconf 71' lang='lat' dir='ltr'>epistolae,</span> <span class='ocrx_word' id='word_1_562' title='bbox 1807 3641 1951 3694; x_wconf 90' lang='lat' dir='ltr'>teste</span> <span class='ocrx_word' id='word_1_563' title='bbox 1987 3635 2305 3692; x_wconf 81' lang='lat' dir='ltr'>Montfauc.</span> <span class='ocrx_word' id='word_1_564' title='bbox 2337 3636 2394 3690; x_wconf 90' lang='lat' dir='ltr'>in</span> <span class='ocrx_word' id='word_1_565' title='bbox 2417 3637 2497 3692; x_wconf 87' lang='grc' dir='ltr'>Β.</span> <span class='ocrx_word' id='word_1_566' title='bbox 2533 3635 2804 3693; x_wconf 77' lang='lat' dir='ltr'>biblioth.</span> <span class='ocrx_word' id='word_1_567' title='bbox 2836 3652 2973 3692; x_wconf 87' lang='lat' dir='ltr'>mss.</span> <span class='ocrx_word' id='word_1_568' title='bbox 3004 3639 3043 3696; x_wconf 89' lang='lat' dir='ltr'>I,</span> <span class='ocrx_word' id='word_1_569' title='bbox 3069 3650 3126 3706; x_wconf 89' lang='lat' dir='ltr'>p.</span> <span class='ocrx_word' id='word_1_570' title='bbox 3153 3636 3279 3702; x_wconf 69' lang='lat'>493,</span> <span class='ocrx_word' id='word_1_571' title='bbox 3302 3633 3372 3689; x_wconf 83' lang='lat' dir='ltr'>A.</span> <span class='ocrx_word' id='word_1_572' title='bbox 3402 3631 3556 3686; x_wconf 89' lang='lat' dir='ltr'>inter</span> 
     </span>
    </p>
   </div>
   <div class='ocr_carea' id='block_1_47' title="bbox 179 3717 3552 3800">
    <p class='ocr_par' dir='ltr' id='par_1_47' title="bbox 179 3717 3552 3800">
     <span class='ocr_line' id='line_1_47' title="bbox 179 3717 3552 3800; baseline -0.001 -21"><span class='ocrx_word' id='word_1_573' title='bbox 179 3724 465 3796; x_wconf 85' lang='lat' dir='ltr'>epistolas</span> <span class='ocrx_word' id='word_1_574' title='bbox 493 3726 723 3797; x_wconf 87' lang='lat' dir='ltr'>Georgii</span> <span class='ocrx_word' id='word_1_575' title='bbox 754 3725 950 3800; x_wconf 86' lang='lat' dir='ltr'>Cyprii</span> <span class='ocrx_word' id='word_1_576' title='bbox 997 3730 1137 3782; x_wconf 89' lang='lat' dir='ltr'>sunt</span> <span class='ocrx_word' id='word_1_577' title='bbox 1164 3724 1450 3798; x_wconf 75' lang='lat' dir='ltr'>quaedam</span> <span class='ocrx_word' id='word_1_578' title='bbox 1506 3725 1584 3782; x_wconf 88' lang='lat' dir='ltr'>ad</span> <span class='ocrx_word' id='word_1_579' title='bbox 1635 3726 2097 3783; x_wconf 86' lang='lat' dir='ltr'>Constantinum</span> <span class='ocrx_word' id='word_1_580' title='bbox 2126 3729 2182 3780; x_wconf 91' lang='lat' dir='ltr'>et</span> <span class='ocrx_word' id='word_1_581' title='bbox 2230 3725 2548 3796; x_wconf 86' lang='lat' dir='ltr'>Georgium</span> <span class='ocrx_word' id='word_1_582' title='bbox 2597 3725 2990 3798; x_wconf 83' lang='lat' dir='ltr'>Acropolitas,</span> <span class='ocrx_word' id='word_1_583' title='bbox 3025 3724 3082 3780; x_wconf 90' lang='lat' dir='ltr'>in</span> <span class='ocrx_word' id='word_1_584' title='bbox 3118 3721 3257 3778; x_wconf 90' lang='lat' dir='ltr'>cod.</span> <span class='ocrx_word' id='word_1_585' title='bbox 3296 3717 3552 3787; x_wconf 91' lang='lat' dir='ltr'>Vindob,</span> 
     </span>
    </p>
   </div>
   <div class='ocr_carea' id='block_1_48' title="bbox 178 3800 3521 3889">
    <p class='ocr_par' dir='ltr' id='par_1_48' title="bbox 178 3800 3521 3889">
     <span class='ocr_line' id='line_1_48' title="bbox 178 3800 3521 3889; baseline 0 -21"><span class='ocrx_word' id='word_1_586' title='bbox 178 3815 453 3869; x_wconf 68' lang='lat' dir='ltr'>Caesareo</span> <span class='ocrx_word' id='word_1_587' title='bbox 485 3815 730 3871; x_wconf 84' lang='lat' dir='ltr'>LXXVII.</span> <span class='ocrx_word' id='word_1_588' title='bbox 760 3818 821 3872; x_wconf 91' lang='lat' dir='ltr'>V.</span> <span class='ocrx_word' id='word_1_589' title='bbox 857 3813 1136 3872; x_wconf 88' lang='lat' dir='ltr'>Lambec.</span> <span class='ocrx_word' id='word_1_590' title='bbox 1160 3815 1388 3870; x_wconf 87' lang='lat' dir='ltr'>Comm.</span> <span class='ocrx_word' id='word_1_591' title='bbox 1424 3815 1562 3884; x_wconf 88' lang='lat' dir='ltr'>VIII,</span> <span class='ocrx_word' id='word_1_592' title='bbox 1584 3830 1645 3888; x_wconf 90' lang='lat' dir='ltr'>p.</span> <span class='ocrx_word' id='word_1_593' title='bbox 1674 3819 1808 3872; x_wconf 89' lang='grc'>1068</span> <span class='ocrx_word' id='word_1_594' title='bbox 1835 3831 1909 3889; x_wconf 88' lang='lat' dir='ltr'>sq</span> <span class='ocrx_word' id='word_1_595' title='bbox 1941 3856 1979 3884; x_wconf 93' lang='lat'>.,</span> <span class='ocrx_word' id='word_1_596' title='bbox 2003 3816 2140 3870; x_wconf 86' lang='grc'>1077</span> <span class='ocrx_word' id='word_1_597' title='bbox 2168 3828 2302 3886; x_wconf 85' lang='lat' dir='ltr'>sqq.</span> <span class='ocrx_word' id='word_1_598' title='bbox 2330 3813 2483 3869; x_wconf 73' lang='lat' dir='ltr'>“MU.</span> <span class='ocrx_word' id='word_1_599' title='bbox 3513 3800 3521 3818; x_wconf 48' lang='grc'>⁸</span> 
     </span>
    </p>
   </div>
   <div class='ocr_carea' id='block_1_49' title="bbox 248 3903 1621 3976">
    <p class='ocr_par' dir='ltr' id='par_1_49' title="bbox 248 3903 1621 3976">
     <span class='ocr_line' id='line_1_49' title="bbox 248 3903 1621 3976; baseline 0.001 -17"><span class='ocrx_word' id='word_1_600' title='bbox 248 3904 334 3975; x_wconf 83' lang='grc' dir='ltr'>(α)</span> <span class='ocrx_word' id='word_1_601' title='bbox 361 3903 638 3962; x_wconf 90' lang='lat' dir='ltr'>Omissus</span> <span class='ocrx_word' id='word_1_602' title='bbox 671 3910 758 3963; x_wconf 91' lang='lat' dir='ltr'>est</span> <span class='ocrx_word' id='word_1_603' title='bbox 777 3905 836 3962; x_wconf 90' lang='lat' dir='ltr'>in</span> <span class='ocrx_word' id='word_1_604' title='bbox 864 3905 1119 3962; x_wconf 91' lang='lat' dir='ltr'>editione</span> <span class='ocrx_word' id='word_1_605' title='bbox 1144 3903 1311 3961; x_wconf 82' lang='lat' dir='ltr'>Mich.</span> <span class='ocrx_word' id='word_1_606' title='bbox 1343 3905 1621 3976; x_wconf 88' lang='lat' dir='ltr'>Lequien.</span> 
     </span>
    </p>
   </div>
   <div class='ocr_carea' id='block_1_50' title="bbox 399 5731 3289 5803">
    <p class='ocr_par' dir='ltr' id='par_1_50' title="bbox 399 5731 3289 5803">
     <span class='ocr_line' id='line_1_50' title="bbox 399 5731 3289 5803; baseline -0.006 -1"><span class='ocrx_word' id='word_1_607' title='bbox 399 5736 658 5802; x_wconf 75' lang='lat' dir='ltr'>PATROL.</span> <span class='ocrx_word' id='word_1_608' title='bbox 694 5731 794 5793; x_wconf 77' lang='lat' dir='ltr'>Gn.</span> <span class='ocrx_word' id='word_1_609' title='bbox 816 5735 966 5803; x_wconf 86' lang='lat' dir='ltr'>CXL.</span> <span class='ocrx_word' id='word_1_610' title='bbox 3216 5731 3289 5790; x_wconf 75' lang='lat'>26</span> 
     </span>
    </p>
   </div>
  </div>
