4090 6376
528 313 627 379 811
1751 307 2213 369 CONSTANTINI

2256 308 2714 368 ACROPOLITA.
3809 313 3925 370 812

1667 603 1845 668 ΤΟΥ
1899 602 2441 668 ΣΟΦΩΤΑΤΟΥ
2493 601 2794 666 ΚΥΡΟΥ

1077 787 2300 906 ΚΩΝΣΤΑΝΤΙΝΟΥ
2400 781 3360 907 ΛΟΓΟΘΕΤΟΥ

1820 1006 2652 1094 ΑΚΡΟΠΟΛΙΤΟΥ

965 1197 1440 1317 ΛΟΓΟΣ
1531 1199 1774 1312 ΕΙΣ
1859 1199 2154 1311 ΤΟΝ

2241 1198 2692 1311 ΑΓΙΟΝ
2769 1199 3481 1316 ΙΩΑΝΝΗΝ

1659 1416 1900 1504 ΤΟΝ
1967 1413 2783 1504 ΔΑΜΑΣΚΗΝΟΝ.

1755 1751 2390 1816 SAPIENTISSIMI
2434 1752 2713 1815 DOMNI

691 1937 2230 2106 CONSTANTINI
2348 1895 3758 2107 LOGOTHETAE

1800 2247 2645 2343 ACROPOLITZE

890 2459 1367 2568 SERMO
1427 2457 1581 2564 IN
1643 2456 1754 2562 S.
1829 2454 2473 2562 JOANNEM
2531 2457 3541 2566 DAMASCENUM

605 2665 711 2737 (Ex
747 2681 860 2720 ms.
903 2661 1281 2720 bibliotheca
1320 2661 1618 2716 Vaticana;
1657 2663 2041 2730 lnterpretate
2079 2659 2308 2715 Joanne
2349 2660 2660 2716 Francisco
2697 2661 2773 2716 de
2813 2661 3030 2717 Rubeis
3063 2663 3494 2721 Jurisconsulto
3531 2665 3826 2722 Romano.

1622 2755 1768 2805 Acta
1808 2750 1907 2804 SS.
1953 2748 2216 2804 Bolland.
2259 2749 2340 2805 ad
2377 2750 2537 2805 diem
2576 2755 2608 2806 6
2646 2750 2822 2822 Maii.)

1036 3064 1320 3125 Benedic,
1352 3063 1620 3118 Domine.

611 3160 658 3211 1.
683 3153 901 3212 Joanni
925 3151 1292 3209 orationem!
1330 3154 1703 3206 Damasceno
1725 3150 2027 3205 encomia!
2062 3152 2189 3216 Quo

531 3245 692 3313 igtur
718 3248 893 3316 pacto
927 3242 990 3297 in
1020 3241 1152 3313 ipso
1181 3240 1386 3295 limine
1425 3255 1548 3295 non
1580 3239 1853 3310 torpebo,
1899 3243 1955 3293 et
1998 3240 2189 3311 prius-

532 3348 721 3404 quam
733 3331 813 3389 ad
825 3335 1129 3387 certamen
1143 3345 1328 3384 exuar
1345 3345 1466 3384 non
1485 3329 1797 3397 aufugiam
1817 3331 1843 3383 ‘?
1859 3327 1946 3382 Ad
1969 3328 2186 3384 immit-

533 3420 777 3478 tendam
790 3421 850 3475 in
863 3419 1222 3491 inexpletum
1236 3418 1542 3490 sapientiae
1557 3417 1915 3489 profundum
1933 3423 2184 3473 vastum—

529 3525 649 3582 que
671 3524 1023 3564 sermonum
1044 3506 1294 3579 pelagus
1323 3507 1610 3562 oratic-nis
1630 3505 1973 3562 naviculam
1997 3506 2186 3578 impe-

530 3601 662 3655 tum
691 3598 952 3670 arripui;
980 3602 1036 3652 et
1055 3596 1363 3669 quomodo
1403 3611 1526 3651 non
1572 3611 1710 3650 cum
1741 3595 1986 3650 horrore
2015 3596 2185 3651 navi-

533 3689 836 3760 gationem
854 3687 1524 3759 aggrediar?ingressus
1547 3701 1708 3751 vero,
1727 3685 2039 3757 quomodo
2062 3702 2186 3742 non

532 3778 728 3834 subito
749 3777 1009 3850 repletus
1031 3782 1272 3845 terrore,
1301 3774 1585 3844 neglectis
1620 3773 2045 3844 gubernaculis
2087 3775 2186 3831 de-

527 3867 846 3941 positoque
862 3866 1110 3923 ulterius
1134 3863 1558 3937 progrediendi
1584 3869 1826 3932 conatu,
1851 3879 1973 3918 non
2004 3864 2185 3936 proti-

528 3972 643 4013 nus
673 3957 752 4012 ad
781 3955 1221 4027 regressionem
1249 3953 1606 4008 convertar?
1646 3952 1856 4008 Fateor
1903 3953 2184 4024 equidem

528 4047 694 4120 quod
719 4061 843 4101 non
865 4044 1008 4100 satis
1030 4048 1262 4098 mature
1290 4041 1666 4097 consideravi
1706 4042 2182 4111 magnitudinem

528 4134 878 4206 argumenti,
891 4147 1090 4204 neque
1101 4136 1165 4185 ut
1177 4130 1259 4185 sic
1272 4131 1514 4186 dixerim
1529 4129 1790 4197 substiti,
1810 4131 2183 4202 speculando

527 4240 650 4296 quo
683 4239 779 4278 me
808 4221 1184 4294 propositum
1211 4235 1411 4275 meum
1444 4221 1812 4292 proveheret.
1843 4221 2181 4276 Circumde-

526 4313 614 4368 dit
643 4328 739 4366 me
768 4310 1062 4366 ﬂuctuum
1090 4309 1242 4365 inter
1273 4326 1336 4364 se
1368 4308 1710 4364 collisorum
1744 4312 1942 4377 aestus,
1973 4315 2029 4365 et
2058 4315 2181 4366 tan-

525 4417 716 4474 quam
744 4401 806 4456 in
836 4403 1190 4471 tempestate
1239 4399 1608 4455 conturbatus
1647 4398 1830 4453 menti
1859 4397 2051 4453 effusa
2091 4405 2183 4455 est

526 4490 756 4560 caligo;
784 4489 1041 4560 ideoque
1071 4488 1150 4543 ab
1196 4489 1342 4560 ipsis
1369 4487 1736 4556 carceribus,
1771 4491 1836 4541 ut
1859 4487 2179 4558 proverbio

523 4578 759 4647 dicitur,
789 4593 886 4633 me
934 4577 1116 4632 subiit
1145 4577 1514 4649 paenitentia,
1571 4591 1677 4630 seu
1729 4575 1926 4646 potius
1957 4575 2015 4630 in
2045 4576 2180 4648 ipsa

523 4667 698 4724 navis
725 4667 1015 4723 solutione
1043 4667 1373 4722 anchoram
1401 4663 1664 4720 tollendo
1689 4664 1986 4731 fatiscens,
2015 4666 2178 4737 peni-

520 4765 618 4812 tus
651 4756 838 4812 defeci
867 4761 1048 4829 atque
1088 4754 1411 4824 ambiguus
1451 4752 1706 4815 substiti,
1736 4752 1996 4809 incertus
2026 4771 2176 4826 quo-

517 4846 700 4902 modo
733 4845 1134 4916 gubernarem
1167 4850 1268 4898 aut
1308 4859 1430 4914 quo
1479 4841 1695 4897 mentis
1743 4842 2064 4913 dirigerem
2089 4844 2174 4900 in-

517 4937 865 4992 tentionem.
888 4937 1168 5003 Magnum
1194 4936 1283 4986 est
1320 4931 1604 5002 profecto,
1634 4931 1798 5004 quod
1831 4932 2172 4990 faciendum

515 5025 785 5097 suscepi:
811 5038 1045 5089 verum,
1069 5021 1225 5076 sicut
1249 5019 1308 5074 in
1332 5019 1612 5075 maximis
1635 5022 2008 5093 quandoque
2030 5027 2176 5077 tem-

513 5113 867 5186 pestatibus,
887 5110 987 5166 fax
1008 5113 1347 5181 opportune
1369 5109 1526 5165 elata
1545 5110 1844 5182 apparuit,
1868 5117 1924 5164 et
1941 5111 2171 5166 fausius

510 5202 761 5274 quidam
800 5198 1084 5271 splendor
1122 5199 1477 5270 pertransiit,
1507 5198 1610 5270 qui
1644 5198 1981 5254 illuminato
2011 5215 2174 5254 men-

508 5291 584 5345 tis
625 5287 802 5345 oculo
838 5294 896 5345 et
932 5292 1196 5343 mentem
1245 5287 1511 5360 implevit
1551 5286 1794 5355 ﬁducia,
1839 5291 1895 5341 et
1937 5289 2170 5343 univer-

509 5395 645 5434 sum
666 5377 1047 5448 gubernandi
1071 5376 1323 5432 modum
1347 5377 1653 5442 indicavit,
1681 5393 1752 5432 ac
1772 5376 1998 5431 bonam
2020 5393 2168 5449 quo-

506 5466 840 5524 dammodo
872 5483 1041 5538 spem
1070 5465 1254 5522 felicis
1276 5468 1337 5521 in
1370 5472 1612 5539 portum
1633 5465 1928 5538 appulsus
1961 5475 2160 5523 osten-

502 5556 607 5612 dit.
642 5555 844 5622 Qualis
867 5571 1008 5610 vero
1037 5554 1367 5628 splendor?
1399 5561 1503 5611 aut
1527 5572 1664 5627 quae
1688 5555 1788 5610 fax
1808 5555 1836 5608 ?
1864 5553 2028 5611 Beati
2049 5557 2168 5612 hu-

494 5643 600 5718 jus
618 5643 925 5719 divinique
949 5647 1008 5704 et
1023 5643 1326 5703 mundum
1348 5642 1698 5700 illustrantis
1724 5641 2038 5700 luminaris
2067 5661 2160 5702 ra-

2223 3066 2264 3116 Α
2763 3068 3017 3131 Δέσποτα,
3055 3063 3240 3136 εὐλόγη
3253 3083 3363 3122 σον.

2369 3150 2432 3206 α’.
2495 3157 2577 3221 Τῷ
2625 3151 2832 3224 Ἰωάννῃ
2881 3157 2966 3206 τόν
3020 3153 3206 3207 λοθονὲ
3264 3163 3337 3226 τῷ
3393 3153 3448 3206 ἐκ
3511 3163 3796 3228 Δαμασκοῦ
3842 3161 3908 3210 τὰ

2298 3241 2568 3312 εγκωμιαὶ
2605 3249 2716 3301 Πῶς
2747 3239 2807 3295 δέ
2834 3241 2937 3316 ἆρα
2965 3249 3035 3314 μὴ
3085 3242 3236 3304 εὐθὺς
3278 3243 3578 3302 ἀποκνήσω,
3632 3251 3725 3297 καὶ
3782 3252 3902 3319 πρίν

2297 3334 2327 3387 ἡ
2361 3334 2488 3402 πρὸς
2519 3334 2604 3382 τόν
2626 3325 2779 3382 ἆθλον
2836 3328 3216 3384 ἀποδύσασθαι
3275 3329 3556 3405 διαδράσω
3603 3338 3616 3388 f
3666 3341 3752 3405 Τῷ
3807 3345 3902 3397 τῆς

2300 3424 2484 3490 σοφίας
2514 3417 2714 3490 ἀπλέτῳ
2747 3418 2914 3493 βυθῷ,
2939 3429 3009 3490 τῷ
3030 3430 3126 3474 τῶν
3166 3420 3331 3493 λόγων
3401 3421 3593 3494 ἀχανεῖ
3662 3422 3897 3495 πελάγει,

2295 3511 2352 3559 τό
2417 3516 2506 3560 τοῦ
2550 3508 2702 3580 λόγου
2757 3517 3018 3583 επαφείναι
3071 3513 3430 3584 παρωρμήθην
3491 3510 3700 3564 ἀκάτιον
3731 3533 3743 3545 ο
3807 3521 3899 3567 καὶ

2295 3595 2562 3659 πῶςᾶνού
2587 3603 2774 3670 φρίκης
2819 3602 2905 3649 τόν
2955 3598 3114 3652 πλοῦν
3160 3599 3349 3666 εἰσίω;
3398 3605 3489 3653 καὶ
3541 3600 3741 3669 εἰσιὼν,
3789 3613 3900 3664 πῶς

2295 3687 2422 3760 οὐχί
2477 3684 2669 3748 δειλίας
2729 3691 2972 3763 παραυτά
3020 3689 3334 3762 πληρωθείς,
3390 3696 3479 3743 καὶ
3527 3700 3627 3742 τῶν
3704 3693 3896 3746 οἰάκων

2295 3779 2428 3830 ἔνθεν
2465 3777 2812 3849 ὀλιγωρήσας,
2858 3783 2947 3830 καὶ
2995 3787 3094 3829 τῶν
3139 3783 3323 3852 πρόσω
3375 3781 3669 3852 μεθέμενος,
3728 3785 3896 3836 καθὰ·-

2294 3885 2386 3940 περ
2435 3870 2558 3941 πρός
2609 3871 2701 3924 τὴν
2753 3865 3030 3938 ἀναγωγὴν
3075 3866 3423 3940 ἀναπέσοιμι;
3475 3867 3586 3921 Οὐκ
3630 3872 3789 3942 ἔφθην
3837 3876 3896 3924 τὸ

2292 3964 2386 4017 τῆς
2438 3957 2730 4017 ὑποθέσεως
2787 3959 3197 4029 συννοησάμενος
3245 3959 3482 4029 μέγεθος,
3537 3955 3654 4010 οὐδ’
3717 3963 3896 4031 ἔστην,

2296 4044 2358 4095 ἶν’
2390 4043 2524 4095 οὕτω
2564 4049 2739 4116 φαίην.
2793 4042 3226 4112 ἁποσκοπεύσων,
3281 4048 3382 4104 ὅπη
3434 4066 3498 4119 με
3552 4050 3773 4120 προάγει
3835 4053 3900 4102 τὰ

2292 4141 2382 4193 τῆς
2447 4135 2887 4207 προθέσεως-καὶ
2945 4136 3098 4186 οἱονεί
3155 4154 3218 4206 με
3269 4138 3513 4207 κυμάτων
3564 4135 3754 4209 εμϐολή
3807 4159 3893 4191 πε-

2217 4205 2254 4257 B
2290 4205 2598 4295 ριεκὺκὴσεν
2659 4221 3052 4293 ἁλλεπάλληλος,
3106 4205 3193 4275 καὶ
3253 4205 3413 4284 ὠςήέν
3471 4205 3598 4297 ζάλῇ
3649 4223 3895 4279 διατετά-

2289 4331 2510 4384 ραγμαι,
2544 4315 2632 4362 καὶ
2687 4315 2775 4372 τὰς
2823 4316 3007 4386 φρένας
3057 4309 3365 4384 σκοτοδίνίᾳ
3413 4319 3776 4386 συγκέχυμαι.
3813 4318 3898 4380 Ἐξ

2289 4397 2377 4451 οὖν
2435 4398 2710 4474 ἀφετηρίας
2786 4400 2969 4472 αὐτῆς,
3031 4405 3089 4452 τό
3164 4409 3255 4452 τοῦ
3306 4401 3484 4473 λόγου,
3552 4408 3892 4475 μετὲγνωκα·

2287 4489 2477 4562 μᾶλλον
2501 4486 2560 4541 δέ
2594 4487 2704 4561 ἁμα
2763 4499 2836 4561 τῷ
2889 4488 3159 4542 ἀνελὲσθαι
3220 4496 3348 4565 πρός
3401 4489 3665 4544 ἀπόπλουν
3722 4497 3893 4566 ἄγκυ-

2287 4599 2402 4653 ραν,
2472 4577 2729 4651 ἀπείρηκά
2785 4598 2860 4648 τε,
2920 4585 3009 4631 καὶ
3061 4579 3318 4641 παντελῶς
3369 4583 3730 4654 ἀπηγόρευκα,
3799 4591 3892 4638 καὶ

2285 4673 2470 4739 γέγονα
2544 4688 2591 4720 εν
2669 4666 2884 4744 ἀπόρῳ,
2963 4670 3098 4730 ὅπως
3189 4689 3242 4721 τε
3332 4668 3718 4744 κυϐερνήσαιμι
3800 4679 3892 4726 καὶ

2285 4760 2420 4808 κατὰ
2449 4761 2499 4808 τί
2532 4765 2622 4817 τῆς
2651 4756 2838 4828 ψυχῆς
2870 4754 3184 4830 διιθὺναιμι,
3224 4756 3490 4831 βούλημα,
3519 4764 3576 4811 τὸ
3605 4765 3747 4832 μέγα
3789 4759 3886 4819 δη-

2284 4842 2418 4904 λαδή
2453 4847 2593 4898 τοῦθ’
2646 4848 2860 4919 ὅρμημα
2911 4852 3000 4899 καὶ
3048 4851 3367 4922 εγχείρημα.
3417 4848 3574 4901 Ἀλλὰ
3623 4855 3892 4923 παρευθύς

2283 4938 2347 4994 ὡς
2400 4933 2460 4985 ἄν
2507 4940 2590 4986 επί
2633 4945 2731 4986 τῶν
2790 4940 3050 5007 μεγίστων
3103 4933 3380 4988 κλυδὼνων
3439 4942 3638 5011 πυρσὸς
3710 4942 3885 5011 ἔφανε,

2283 5029 2371 5076 καὶ
2401 5025 2550 5076 αἰσία
2570 5044 2645 5084 τις
2677 5027 2831 5095 αἱγλη
2866 5021 3043 5096 διῇξεν
3068 5047 3080 5058 ο
3118 5026 3145 5084 ἡ
3198 5031 3288 5077 καὶ
3329 5030 3742 5102 περιαυγάσασά
3803 5050 3893 5103 μοι

2282 5118 2339 5164 τό
2369 5121 2464 5173 τῆς
2501 5113 2685 5184 ψυχῆς
2721 5116 2884 5186 ὄμμα,
2930 5118 3015 5165 τόν
3065 5122 3181 5166 νοῦν
3243 5117 3466 5189 θάρσους
3517 5136 3571 5168 τε
3621 5117 3888 5188 ενέπλησε,

2283 5207 2370 5253 καὶ
2400 5208 2493 5260 τήν
2544 5199 2722 5254 διόλου
2777 5202 3086 5275 κυϐέρνησιν
3149 5206 3468 5276 ὑπεσήμηνε,
3527 5211 3616 5257 καὶ
3649 5227 3762 5271 πως
3824 5206 3890 5266 δὴ

2279 5296 2528 5364 χρηστήν
2580 5287 2769 5342 ελπίδα
2804 5287 2980 5353 δεξιᾶς
3021 5291 3247 5344 ὐπὲτεινι
3324 5295 3727 5368 καθορμήσεως.
3808 5304 3897 5358 Ti;

2281 5376 2341 5431 δὲ
2371 5382 2400 5437 ἠ
2432 5379 2586 5450 αἴγλη
2622 5385 2711 5431 καὶ
2759 5382 2784 5431 ὸ
2830 5385 3068 5456 πυρσός;
3136 5381 3194 5434 Ἡ
3255 5391 3348 5434 τοῦ
3399 5389 3665 5457 μακαρίου
3716 5384 3895 5451 τοῦδε,

2277 5477 2370 5520 τοῦ
2439 5471 2575 5521 θείου
2642 5474 2732 5521 καὶ
2798 5470 3209 5544 κοσμολαμποῡς
3263 5480 3565 5546 φωστῆρος,
3611 5475 3891 5547 προσϐολή

2277 5562 2367 5608 καὶ
2421 5563 2714 5630 επίφαυσις,
2782 5557 2869 5622 Ὠς
2919 5563 3021 5632 γὰρ
3075 5556 3142 5618 δή
3201 5569 3301 5612 τῶν
3375 5571 3709 5634 μνημονικών
3799 5585 3891 5638 μοι

2275 5645 2581 5720 ιξανασχων
2620 5654 2728 5711 τοῖς
2771 5647 3093 5722 λογιστικοῖς
3161 5650 3586 5728 εναπήστραψεν,
3661 5654 3764 5712 ὅση
3834 5671 3888 5710 τε
