4090 6376
140 391 247 448 813
974 441 984 448 ,
1359 382 1432 438 ΙΝ
1471 381 1529 438 S.
1568 381 1764 438 JOAN.

1917 374 2307 435 KASCENUM.
3413 378 3519 435 814

140 511 290 573 εὐθὺς
317 512 460 583 αὐτῷ
502 515 642 588 παρὰ
682 519 756 583 τῷ
805 519 919 582 Θεῷ
969 505 1243 582 παρρησία
1280 508 1601 580 παρέστησε,
1661 507 1750 555 καὶ
1783 507 1804 557 Ἀ

1917 517 1995 557 .us
2025 506 2204 573 atque
2242 506 2508 557 exortus.
2539 498 2645 556 Hic
2665 499 2825 556 enim
2865 501 3067 557 statim
3089 505 3270 573 atque
3295 486 3514 558 confir-

143 607 237 660 τήν
297 599 483 654 ἐκεῖθεν
530 601 691 674 ἰσχὺν
749 597 1040 658 διεδήλωσε
1076 619 1087 630 ·
1121 600 1211 648 καὶ
1266 595 1398 654 ὅπως
1453 594 1502 645 ἐν
1542 592 1753 667 ἀπόροις

1917 597 2024 648 .ata
2035 590 2328 646 memoria
2353 596 2614 646 mentem
2632 591 2708 646 ad
2721 590 3203 647 ratiocinandum
3218 591 3515 647 illumina-

1861 681 1958 747 vit,
2013 680 2413 736 manifestavit
2470 680 2654 736 etiam
2696 687 2928 752 quanta
2980 681 3145 753 apud
3199 683 3521 736 Dominum

1861 769 2261 841 valeatgratia
2283 788 2296 835 ;
2312 768 2614 840 simulque
2628 769 2894 824 ostendit
2911 769 3222 841 quomodo
3240 787 3346 842 per
3361 769 3524 825 invia

151 889 239 931 τος
289 875 384 928 τὴν
434 865 745 921 δυναστείαν
805 866 904 934 ἀεὶ,
954 870 1044 918 καὶ
1094 869 1560 938 τερατουργόῦντος
1617 865 1757 932 μόνῳ

1917 859 2050 914 assit
2074 858 2221 914 mihi
2250 859 2409 914 viam
2437 859 2667 929 aperire
2713 858 2835 913 Deo
2868 859 3178 930 proximus
3221 876 3290 914 ac
3343 859 3525 914 veluti

153 961 370 1030 νεύματι
400 959 465 1009 τά
497 953 796 1033 παράδοξα.

1917 947 2214 1013 eiﬁcatus;
2245 950 2383 1012 Deo,
2403 947 2674 1018 inquam,
2709 947 2813 1019 qui
2846 964 3020 1003 suam
3076 949 3136 1004 in
3185 947 3388 1003 arduis
3421 949 3527 1002 im-

154 1046 509 1120 plicatisque
547 1045 802 1117 negotiis
829 1044 1085 1100 libenter
1118 1043 1376 1096 ostentat
1403 1037 1752 1112 potentiam,
1785 1040 1842 1091 et
1872 1037 2000 1093 solo
2035 1042 2186 1093 nutu
2207 1042 2400 1109 patrat
2427 1037 2740 1106 miracula,
2771 1039 3120 1109 opinionem
3151 1053 3397 1094 omnem
3427 1054 3526 1094 ex-

154 1135 446 1192 cedentia.

228 1224 298 1299 β.
330 1225 568 1298 Ἀπαίρω
593 1229 651 1277 τὸ
683 1224 863 1276 λοιπὸν
913 1221 1023 1296 μετ’
1073 1221 1281 1286 αἰσίων,
1331 1220 1356 1271 ὅ
1417 1237 1566 1290 φασι,
1633 1236 1764 1288 συμ-

150 687 336 744 δοῦναι
385 696 542 763 πόρον
576 693 748 753 ἱκανός
807 689 972 757 ἐστιν,
1013 686 1102 739 ait:
1141 684 1294 756 ἐγγὺς
1332 683 1398 734 ὢν
1452 689 1543 734 τοῦ
1597 690 1751 749 Θεοῦ,

149 785 241 832 καὶ
281 783 414 841 θεῖος
443 777 555 842 ὅλος
591 784 880 852 γενόμενος,
934 783 1026 828 τοῦ
1079 775 1129 827 ἐν
1181 773 1482 845 ἀμηχάνοις
1529 767 1756 823 δεικνύν-

1947 1222 1997 1271 2.
2028 1215 2253 1272 Faustis
2283 1231 2426 1286 ergo
2453 1215 2734 1288 auspiciis
2757 1215 2943 1283 solvo,
2967 1221 3025 1272 et
3054 1217 3227 1272 claris
3249 1218 3310 1272 in
3342 1216 3531 1272 altum

1876 1305 2176 1376 provehor
2196 1303 2511 1376 plausibus
2537 1321 2549 1358 :
2584 1304 2824 1360 conﬁdo
2846 1307 3064 1360 etenim
3085 1306 3249 1377 quod
3274 1322 3532 1375 magnus

1875 1394 1972 1449 hic
1999 1394 2102 1463 vir,
2121 1393 2195 1448 de
2233 1409 2356 1465 quo
2388 1393 2990 1462 sermoneminstitui,
3017 1411 3322 1466 quemque
3367 1409 3531 1450 nunc

1878 1483 2392 1554 mihiproposuiin
2405 1482 2602 1538 nobile
2619 1483 2906 1538 orationis
2923 1489 3371 1553 argumentum,
3390 1483 3502 1538 sub
3519 1513 3530 1521 -

1878 1570 2106 1627 sistenti
2131 1571 2190 1626 in
2212 1587 2274 1626 se
2306 1571 2496 1626 Verbo
2520 1572 2916 1644 increataeque
2947 1572 3046 1628 Dei
3085 1573 3392 1644 sapientiae
3424 1571 3529 1627 ad—

159 1313 344 1382 ϐόλων,
393 1319 484 1365 καὶ
537 1317 630 1365 σὺν
691 1313 949 1389 λαμπροῖς
1002 1311 1260 1382 ἀνάγομαι
1305 1315 1414 1368 τοῖς
1465 1306 1762 1376 κελεύμασιο

156 1406 382 1456 πέποιθα
435 1407 527 1454 καὶ
580 1404 702 1476 γὰρ,
757 1406 825 1465 ὡς
879 1403 905 1453 6
957 1404 1115 1474 μέγας
1163 1395 1330 1468 οὗτος,
1392 1400 1508 1468 περὶ
1574 1393 1634 1446 οὗ
1681 1397 1767 1445 τὸν

154 1493 306 1564 λόγον
356 1497 664 1564 πεποίημαι,
715 1496 805 1544 xui
856 1492 910 1542 ὃν
958 1497 1045 1541 νῦν
1100 1489 1348 1540 ὑπόθεσιν
1389 1485 1631 1558 λαμπρὰν
1676 1490 1768 1534 τοῦ

157 1581 317 1652 λόγον
360 1577 741 1653 προϐέϐλημαι,
781 1588 854 1650 τῷ
902 1577 1042 1649 λόγῳ
1087 1575 1118 1634 ἢ
1169 1573 1456 1645 αὐτολὸγῳ,
1507 1580 1568 1644 τῇ
1615 1575 1772 1643 σοφία

161 1676 298 1724 Θεοῦ
365 1673 453 1720 καὶ
519 1668 828 1740 αὐτοσοφία,
890 1668 1233 1740 παρεστηκὼς
1287 1663 1350 1736 τῇ
1420 1665 1655 1734 μακαρία
1719 1679 1772 1710 τε

161 1763 251 1812 καὶ
306 1757 586 1829 αὐταγάτῳ
629 1754 825 1832 Τριάδι
883 1761 1069 1824 συνὼν,
1216 1758 1307 1804 xui
1351 1755 1537 1824 περιὼν
1591 1749 1762 1822 ἀκραι·

165 1856 302 1920 φνῶς
360 1843 654 1920 ἓλάτρευσε,
720 1850 809 1898 καὶ
870 1846 935 1904 ὠς
992 1841 1197 1915 ἐφικτόν
1263 1845 1560 1913 ἐμιμήσατο
1607 1859 1619 1870 ·

164 1939 303 1996 ὅπως
357 1933 587 1997 ἀνέξεται
652 1938 710 1986 τὸ
775 1932 892 1986 κατ’
959 1932 1084 2005 ἐμὴν
1151 1931 1472 2002 εὶσφέροντος
1529 1923 1771 1999 δύναμιν,

167 2025 298 2078 ἀλλὰ
345 2029 436 2075 xui
483 2022 746 2098 ἕπαρήξει,
801 2027 891 2074 καὶ
943 2028 1103 2096 χεῖρα
1152 2018 1398 2092 βοηθείας
1455 2015 1638 2090 ὀρέξει,
1687 2019 1778 2067 καὶ

167 2123 240 2185 τῷ
297 2114 436 2185 λόγῳ
482 2118 576 2171 τὴν
635 2109 918 2188 εὐδρομὶαν
961 2110 1257 2186 παρέξεται,
1315 2113 1406 2160 xui
1457 2107 1776 2180 ὁλοσχερῶς,

168 2205 232 2255 ἶν’
287 2206 441 2263 οὗτος
493 2204 640 2270 εἴπω,
698 2210 794 2261 τῆς
845 2204 1200 2274 ἐγχειρήσεως
1265 2217 1355 2270 μοι
1409 2194 1782 2265 συναντιλήψε-

168 2313 277 2346 ται,
349 2289 480 2361 Ἀγε
539 2286 632 2355 δή,
685 2286 725 2340 ὦ
781 2294 920 2362 μέγα
964 2297 1058 2346 τῆν
1108 2287 1354 2347 ἀληθείας
1405 2290 1642 2358 φωστὴρ,
1693 2289 1782 2336 καὶ

170 2384 341 2457 πυρσὲ
393 2381 754 2451 θεογνωσίας,
804 2377 1057 2451 ἐπίφαινε,
1141 2382 1231 2428 καὶ
1286 2371 1486 2428 διίθυνέ
1551 2393 1641 2446 μοι
1697 2378 1782 2427 τὸν

169 2472 346 2543 λόγον,
377 2474 467 2521 xui
498 2471 624 2540 πρὸς
657 2472 712 2520 τὸ
755 2464 869 2520 δέον
900 2467 1177 2520 κατεύθυνε
1232 2486 1245 2498 ι
1295 2466 1468 2537 ἔμοιγε
1521 2459 1571 2515 δ’
1622 2462 1784 2515 ἐντεῦ-

175 2564 253 2614 θεν
285 2559 502 2627 ἀρκτέον
545 2555 653 2617 ἤδη
706 2566 796 2610 τοῦ
840 2557 1246 2631 ἐγχειρήματος,
1277 2558 1364 2608 τὸν
1412 2557 1500 2606 σὸν
1558 2553 1785 2606 ἐπικαλε-

176 2654 384 2722 σαμένῳ
411 2653 563 2717 Θεὸν,
605 2651 674 2708 ὡς
704 2647 763 2699 ἀν
815 2645 881 2705 δή
933 2645 1084 2720 κάμὲ,
1135 2655 1228 2706 σῆς
1283 2645 1447 2697 εἵνεκα
1494 2648 1582 2695 xui
1637 2651 1787 2696 τοῦτο

184 2738 364 2804 δόξης,
393 2742 540 2813 παρά
585 2734 913 2811 προσδοκίαν
942 2742 1116 2790 πᾶσαν
1150 2740 1402 2808 σοφίσειε,
1433 2738 1523 2786 xui
1569 2741 1790 2806 συχνοῖς

183 2849 238 2882 σε
298 2833 528 2901 τιμήσας
598 2826 790 2898 ἄλλοις,
840 2831 929 2878 καὶ
1002 2835 1073 2896 τῷ
1132 2825 1207 2878 ἐπ’
1255 2823 1370 2897 ἐμοὶ
1426 2824 1532 2896 οὐχ
1595 2826 1793 2883 ἣκιστα

183 2917 346 2992 διάρη
394 2921 869 2992 τερατουργήματι.
931 2914 1063 2969 Ἀλλ’
1111 2915 1154 2967 εἰ
1195 2917 1265 2987 μὴ
1319 2911 1608 2986 προῦλαϐόν
1660 2932 1792 2973 τινες

183 3015 294 3068 τοῖς
315 3009 502 3079 ὁμοίως
536 3025 621 3059 σοι
655 3010 748 3064 τήν
776 3009 912 3058 κατὰ
957 3008 1085 3059 Θεὸν
1131 3000 1458 3080 διαπρέψασι
1506 3002 1793 3072 πολιτείαν,

185 3101 279 3149 xui
319 3104 414 3158 τῆς
440 3105 539 3148 τῶν
569 3097 798 3168 χθονίων
842 3095 1182 3169 ὐπεραρθείσι
1215 3094 1356 3154 ζωῆς
1403 3094 1478 3145 ἔτι
1526 3096 1651 3166 ὑπὲρ
1695 3099 1797 3163 γῆς

193 3183 338 3254 οὖσι,
395 3184 748 3237 καταλιποῦσι
801 3188 886 3243 τήν
926 3192 1046 3256 γῆν,
1106 3188 1192 3235 xui
1245 3181 1483 3255 ἀγγέλοις
1529 3186 1660 3252 μετά
1704 3194 1795 3238 τοῦ

185 3276 356 3334 πηλοῦ
415 3280 740 3327 καταστᾶσιν
798 3273 1139 3348 αὐτόχρημα,
1227 3274 1402 3349 ἑτέραν
1478 3274 1797 3347 ἐπιφημίσαι

187 3361 448 3441 πατρίδα,
478 3363 638 3422 ἄλλην
665 3382 718 3414 τε
760 3368 1012 3438 φρατρίαν
1053 3361 1436 3441 ἐναπογράψαι,
1485 3371 1575 3418 xui
1625 3365 1798 3428 ἁπλῶς

187 3454 396 3507 ἄλλοθεν
451 3452 661 3514 ἐκείνοις
729 3449 1118 3524 ἀνομολογῆσαι
1181 3460 1276 3513 τὴν
1329 3462 1526 3528 γένεσιν
1568 3478 1581 3491 ο
1643 3458 1799 3520 αὐτὸς

188 3545 248 3597 ἀν
275 3544 378 3617 ἐγὼ
409 3552 617 3617 πρῶτος
648 3540 733 3594 ἐπὶ
775 3546 862 3593 σοὶ
892 3541 1046 3594 ταυθ⁹
1085 3541 1374 3617 ἐθάρρησα,
1425 3548 1514 3594 xui
1569 3538 1802 3614 πατρίδα

193 3641 289 3695 σὴν
338 3638 428 3686 τὸν
468 3633 706 3708 οὐράνιον
762 3629 966 3684 ἀνεῖπον
1017 3641 1216 3708 χῶρον,
1258 3637 1344 3684 xui
1397 3632 1609 3705 φυλέτας
1651 3637 1802 3692 ὅντως

193 3731 283 3778 xui
354 3726 620 3800 φράτορας
697 3725 820 3782 τούς
893 3723 1056 3782 θείους
1135 3726 1274 3794 νόας,
1363 3725 1454 3782 τάς
1527 3723 1807 3796 ὑπερτέρας

196 3817 382 3888 φύσεις
424 3817 516 3865 xui
577 3809 829 3884 ἀνωτέρας
882 3819 978 3872 τῆς
1044 3810 1169 3874 ὐλης
1244 3817 1334 3864 xui
1403 3821 1502 3863 τῶν
1582 3811 1809 3864 ἐντεῦθεν

199 3903 524 3978 ὑψηλοτέρας
590 3903 763 3955 παθῶν
823 3921 835 3933 ·
889 3905 979 3952 xui
1045 3900 1171 3974 τάχ’
1226 3899 1286 3953 ἂν
1352 3901 1624 3974 εὐστόχως
1667 3901 1808 3953 ταῦτ’

203 3993 363 4046 εἰπεῖν
423 3991 787 4066 ἀπεθάρρησα,
857 3995 946 4042 xui
1002 3989 1303 4063 ἐπεφήμισα
1363 3995 1431 4043 τὰ
1495 3993 1810 4048 καθήκοντα.

204 4081 350 4136 Ἐπεὶ
408 4079 469 4134 δε
531 4081 817 4152 φθάσαντες
889 4078 966 4131 ἐπ’
1047 4079 1220 4142 ἄλλοις
1289 4081 1434 4134 ἄλλοι
1492 4087 1585 4139 τὴν
1632 4080 1817 4156 ἀρετὴν

212 4176 486 4246 ὁμοτίμοις
525 4171 692 4222 ταῦτά
743 4189 852 4229 πως
899 4169 1155 4243 εἰρηκότες
1210 4174 1593 4244 τυγχάνουσιν,
1649 4171 1821 4246 ἑτέραν

215 4266 381 4334 ἔγωγε
411 4256 732 4334 βαδιοῦμαι,
781 4263 875 4316 τήν
924 4263 1263 4334 τετριμμένην
1309 4264 1504 4319 ταύτην
1556 4265 1645 4313 xui
1699 4264 1826 4334 πρό-

212 4372 420 4427 χειρον,
455 4359 485 4410 ῆ
547 4352 678 4422 πρὸς
725 4351 818 4406 τήν
868 4356 958 4400 τοῦ
999 4347 1452 4424 ἐγκωμιαζομένου
1500 4351 1828 4422 γενεαλογίαν

213 4442 440 4517 προάγει
500 4443 587 4491 τὸν
620 4437 787 4509 λόγον,
847 4437 942 4490 κάν
984 4447 1084 4490 τῶν
1123 4442 1314 4492 ἄνωθεν
1365 4446 1456 4492 xui
1507 4444 1607 4514 πρὸ
1670 4441 1828 4493 αὐτοῦ

217 4531 516 4604 ἀρχομένη,
559 4527 630 4588 εἰς
661 4527 812 4578 αὐτόν
852 4545 906 4578 τε
955 4531 1042 4579 τὸν
1097 4527 1165 4589 εἰς
1203 4531 1407 4582 ἔπαινον
1464 4534 1832 4603 προσκείμενον

217 4623 480 4675 κάτεισιν.

293 4709 364 4783 γ’.
409 4707 496 4770 Ἐξ
558 4707 683 4779 ἑῴας
740 4702 828 4758 οὖν
876 4707 902 4758 6
963 4705 1257 4769 θεολαμπής
1328 4711 1598 4783 φωσφόρος
1648 4707 1836 4761 ἀνέτει-

221 4820 334 4875 γεν,
368 4799 480 4851 ὅθεν
535 4801 623 4850 xui
670 4798 696 4848 6
756 4799 934 4872 Σωτήρ
988 4795 1409 4872 ἐνανθρωπησας,
1458 4799 1484 4848 6
1534 4802 1714 4859 νοητὸς
1749 4803 1838 4849 καὶ

226 4893 562 4962 ὑπέρχρονος
599 4885 837 4959 ἐπέφανεν
897 4884 1060 4958 ἣλιος,
1119 4883 1354 4938 κάκεῖθεν
1404 4881 1470 4944 δή
1525 4890 1590 4939 τὰ
1641 4891 1842 4959 πέρατα

226 4987 342 5042 τοῖς
373 4978 532 5030 αὐτοῦ
563 4978 926 5038 θεοπνεύστοις
943 4975 1112 5048 λόγοις
1159 4976 1242 5028 οἷά
1296 4995 1436 5028 τισιν
1489 4975 1671 5028 ἀκτῖσι
1720 4994 1842 5028 κατ-

231 5073 460 5142 ηὐγασε,
529 5071 619 5118 xui
665 5069 749 5118 τὸν
804 5073 898 5127 τῆς
953 5065 1150 5128 πλάνης
1211 5065 1365 5138 ζόφον
1415 5064 1670 5136 ἀπήλασε,
1745 5068 1844 5117 θεο-

231 5163 465 5232 γνωσίας
515 5175 571 5208 τε
624 5160 682 5207 τὸ
736 5164 837 5229 φῶς
888 5151 1239 5223 ἐξεδίσκευσε,
1307 5161 1398 5209 καὶ
1423 5161 1516 5214 τὴν
1566 5155 1634 5216 εἱς
1681 5155 1848 5228 οὐρα-

237 5252 352 5308 νοὺς
411 5249 537 5318 ἡμῖν
594 5243 890 5317 ἀνάγουσαν
948 5243 1283 5318 ἐφανέρωσεν.
1326 5242 1469 5299 Ἒδει
1552 5248 1676 5318 γὰρ,
1760 5248 1850 5296 xui

237 5338 405 5397 καλῶς
450 5331 580 5402 ἔδει,
613 5342 704 5387 τοῦ
755 5342 890 5388 Θεοῦ
930 5339 1102 5406 Λόγου
1155 5333 1212 5386 ἐκ
1268 5344 1367 5386 τῶν
1424 5335 1559 5407 ἑῴων
1605 5341 1713 5396 τοίς
1769 5332 1851 5384 ἀν-

245 5430 469 5504 θρώποις
542 5423 876 5497 ἀναφανέντος
954 5433 1141 5498 μερῶν,
1223 5429 1314 5477 xui
1379 5428 1512 5499 πρὸς
1590 5429 1854 5499 σωτηρίαν

245 5505 718 5588 καθοδηγήσαντός
797 5509 998 5586 (ἐπειδή
1101 5532 1203 5576 πως
1303 5524 1688 5589 περιτραπῆναι
1767 5518 1857 5566 καὶ

249 5606 403 5671 αὖθις
448 5606 620 5682 ἔμελλε
677 5610 734 5658 τὸ
789 5604 1125 5679 εὐμετάϐολον
1185 5614 1286 5657 τῶν
1345 5604 1624 5682 ἀνθρώπων
1680 5605 1856 5678 φῦλον,

248 5701 315 5764 ὡς
370 5702 464 5753 xui
515 5695 784 5772 προκόψαι
837 5698 906 5750 τὰ
947 5695 1170 5769 μεγάλα,
1219 5701 1314 5749 καὶ
1365 5703 1460 5759 τῆς
1517 5694 1718 5758 εὐθείας
1767 5698 1860 5748 xui

1880 1665 2070 1731 stans,
2093 1666 2150 1717 et
2178 1677 2318 1716 cum
2337 1661 2517 1718 beata
2546 1677 2616 1716 ac
2641 1677 2747 1734 per
2773 1662 3035 1734 seipsam
3064 1662 3229 1718 bona
3252 1661 3531 1717 Trinitate

1882 1766 2264 1817 conversaris,
2306 1749 2402 1805 cui
2430 1750 2578 1806 dum
2607 1752 2834 1806 viveret
2863 1751 3090 1806 sincere
3121 1749 3362 1805 servivit
3403 1750 3534 1820 ejus

1669 1837 1774 1908 οὐχ
1811 1854 1848 1907 Β
1883 1839 2090 1913 quoad
2118 1840 2282 1896 licuit
2309 1840 2590 1909 imitator,
2619 1855 2742 1896 non
2773 1845 3005 1896 tantum
3048 1840 3322 1897 tolerabit
3369 1840 3538 1912 quod

1885 1946 1992 2002 pro
2023 1947 2160 1986 mea
2172 1931 2456 1986 tenuitate
2475 1929 2686 2000 offero,
2712 1947 2922 1986 verum
2940 1930 3122 1986 etiam
3148 1930 3247 2002 adj
3259 1929 3464 1985 uvabit
3483 1934 3540 1985 et

1888 2019 2239 2076 auxiliarem
2269 2019 2578 2075 dexteram
2601 2019 2883 2091 porriget,
2908 2018 3264 2092 felicemque
3291 2035 3538 2075 cursum

1889 2109 2181 2182 praebebit
2198 2109 2479 2177 sermoni,
2503 2115 2831 2176 etmecum,
2848 2110 3002 2166 utita
3013 2109 3232 2177 dicam,
3259 2109 3546 2180 suscipiet

1890 2203 2174 2255 conatum
2203 2197 2438 2254 effectui
2460 2198 2957 2272 mancipandam.
2983 2205 3106 2270 Age
3119 2215 3288 2270 ergo,
3319 2214 3547 2268 magna

1892 2288 1992 2344 fax
2024 2288 2284 2345 veritatis
2315 2292 2372 2344 et
2394 2287 2689 2344 luminare
2719 2288 3078 2359 cognitionis
3117 2289 3238 2356 Dei,
3297 2305 3545 2362 appare,

1894 2392 2216 2449 meamque
2261 2375 2596 2433 orationem
2650 2392 2813 2446 rege,
2857 2382 2916 2432 et
2972 2394 3096 2450 quo
3143 2377 3314 2433 decet
3353 2377 3547 2433 ﬂecte.

1893 2468 2040 2523 Hinc
2066 2483 2238 2522 meus
2267 2465 2396 2538 jam
2421 2466 2800 2539 incipiendus
2829 2472 2917 2522 est
2943 2466 3118 2524 labor
3146 2485 3158 2522 :
3186 2467 3308 2524 Deo
3348 2473 3553 2524 tamen

1896 2556 2062 2629 prius
2087 2557 2386 2623 invocato,
2420 2560 2484 2611 ut
2512 2572 2630 2624 me,
2663 2555 2869 2627 gloriae
2925 2561 3042 2612 tua:
3096 2573 3306 2622 causa,
3370 2573 3555 2630 supra

1897 2663 2070 2719 spem
2096 2661 2361 2712 omnem,
2394 2644 2644 2702 edoceat
2672 2646 3029 2717 sapientiam
3057 2665 3070 2715 ;
3125 2646 3379 2720 aliisque
3435 2647 3576 2710 fre-_

1897 2735 2224 2808 quentibus
2256 2734 2318 2790 in
2339 2739 2394 2790 te
2444 2733 2670 2790 collatis
2717 2735 3051 2790 honoribus
3081 2736 3324 2807 adjiciat
3373 2735 3556 2804 istud,

1899 2825 2065 2898 quod
2097 2823 2379 2880 ostendes
2395 2824 2457 2879 in
2474 2840 2571 2880 me
2589 2824 3355 2896 adjuvando,miraculum.
3385 2826 3560 2898 Equi-

1901 2915 2041 2970 dem
2068 2912 2202 2969 licet
2223 2918 2361 2970 ante
2391 2929 2488 2968 me
2517 2913 2616 2970 alii
2671 2913 2944 2970 nonnulli
3001 2913 3092 2979 iis,
3132 2915 3236 2987 qui
3292 2915 3562 2970 divinam

1905 3006 2057 3061 sicut
2093 3010 2156 3060 tu
2187 3004 2709 3060 conversationem
2735 3005 3142 3075 excoluerunt,
3164 3011 3222 3062 et
3251 3021 3435 3078 supra
3455 3006 3565 3062 hu-

1907 3111 2103 3152 manee
2123 3095 2258 3150 vitae
2292 3109 2575 3150 normam
2613 3093 2824 3150 elevati
2870 3099 3106 3150 terrena
3171 3095 3568 3151 deseruerunt

1906 3185 2106 3242 adhuc
2136 3184 2194 3241 in
2224 3184 2453 3239 mundo
2478 3185 2763 3250 viventes,
2834 3189 3130 3257 tanquam
3185 3185 3383 3256 angeli
3427 3202 3568 3242 cum

1905 3275 2032 3330 luto
2061 3273 2360 3345 compacti
2393 3273 2584 3342 ;licet,
2621 3273 2894 3346 inquam,
2920 3274 3020 3330 alii
3060 3275 3335 3330 nonnulli
3402 3273 3570 3330 haud

1909 3362 2434 3440 prtesumpsissent
2481 3361 2738 3434 patriam
2794 3363 3135 3420 istiusmodi
3218 3363 3571 3420 hominibus

1910 3454 2092 3510 aliam
2128 3452 2445 3522 ascribere,
2481 3451 2663 3508 aliam
2715 3467 3070 3524 nuncupare
3115 3453 3433 3520 civitatem,
3487 3453 3573 3524 ip-

1912 3557 2132 3614 sosque
2161 3541 2403 3596 aliunde
2432 3545 2608 3597 natos
2654 3540 2938 3612 proﬁteri,
3002 3543 3233 3614 primus
3288 3542 3351 3598 id
3402 3542 3477 3598 de
3517 3546 3574 3596 te

1914 3631 2222 3698 auderem,
2255 3635 2311 3686 et
2331 3629 2550 3686 coelum
2582 3630 2839 3701 patriam
2867 3636 3033 3686 tuam
3059 3647 3191 3687 esse
3221 3647 3570 3701 assererem,

1917 3719 2400 3791 contribulesque
2427 3735 2497 3774 ac
2521 3720 2681 3773 cives
2702 3724 2838 3774 tuos
2865 3719 3102 3776 divinas
3151 3721 3279 3776 istic
3343 3725 3575 3776 mentes

1918 3809 2486 3884 priestantioresque
2512 3813 2780 3874 naturas,
2814 3809 3064 3864 materia
3092 3814 3149 3864 et
3177 3808 3576 3881 perturbatio-

1919 3897 2101 3955 nibus
2130 3897 2349 3953 nostris
2380 3896 2719 3967 superiores
2754 3902 2971 3969 ;atque
2999 3898 3116 3953 hoc
3162 3898 3387 3954 faciens
3429 3899 3578 3953 forte

1926 3987 2279 4058 attingerem
2301 4001 2576 4057 scopum,
2598 3991 2753 4042 certe
2778 4002 2900 4042 non
2928 3988 3043 4042 nisi
3064 3987 3296 4044 veritati
3313 4003 3584 4057 congrua

1927 4075 2342 4150 praedicarem.
2363 4075 2661 4139 Quoniam
2677 4079 2876 4131 tamen
2903 4076 3325 4148 prmvenientes
3345 4092 3442 4132 me
3461 4075 3586 4144 alii,

1931 4168 2005 4223 de
2035 4165 2165 4222 aliis
2191 4164 2296 4220 tibi
2325 4165 2386 4220 in
2416 4164 2650 4220 virtutis
2682 4164 2910 4220 honore
2980 4165 3276 4221 similibus
3327 4169 3407 4222 ita
3449 4171 3590 4222 sunt

1933 4256 2113 4314 locuti
2134 4273 2146 4322 ;
2167 4269 2273 4327 per
2302 4253 2603 4310 diversam
2630 4269 2742 4324 ego
2769 4255 2927 4310 viam
2965 4255 3338 4328 progrediar,
3371 4255 3595 4310 scilicet

1935 4362 2043 4419 per
2077 4344 2274 4400 tritam
2321 4342 2502 4413 vulgo
2533 4343 3020 4416 expeditamque,
3050 4361 3186 4416 quas
3216 4344 3295 4402 ad
3326 4344 3456 4415 ejus
3487 4343 3595 4417 qui

1940 4432 2400 4491 commendatur
2429 4431 2845 4503 genealogiam
2879 4433 3169 4505 perducit,
3205 4439 3384 4506 atque
3406 4451 3444 4489 a
3472 4449 3598 4490 ma-

1936 4522 2170 4596 joribus
2190 4523 2510 4594 ipsumque
2540 4523 2891 4594 prmgressis
2942 4523 3251 4595 incipiens,
3314 4525 3377 4580 in
3443 4524 3595 4596 ejus,

1943 4630 2127 4686 quem
2154 4611 2268 4667 sibi
2301 4611 2632 4684 proposuit,
2660 4611 2874 4668 laudes
2905 4612 3233 4669 descendit.

2017 4716 2072 4768 3.
2101 4709 2191 4766 Ab
2222 4709 2456 4766 Oriente
2513 4715 2755 4766 exortus
2810 4715 2903 4766 est
2969 4711 3066 4767 hic
3117 4710 3341 4779 lucifer,
3396 4711 3603 4768 divino

1948 4799 2240 4869 effulgens
2276 4798 2526 4867 lumine,
2554 4797 2716 4854 unde
2745 4799 2925 4854 etiam
2953 4799 3225 4856 Salvator
3271 4801 3608 4856 humanam

1949 4889 2194 4946 indutus
2222 4903 2487 4952 carnem,
2510 4887 2694 4943 veluti
2716 4887 2806 4942 sol
2820 4893 3016 4944 mente
3035 4889 3432 4959 perceptibilis
3454 4895 3609 4943 tem-

1951 4993 2220 5052 poraque
2232 4975 2528 5032 excedens
2543 4977 2841 5049 apparuit,
2856 4976 3069 5032 exinde
3084 4977 3371 5032 terminos
3399 4975 3614 5031 mundi

1957 5069 2079 5125 suis
2109 5067 2328 5123 divinis
2362 5066 2746 5123 sermonibus
2775 5066 2951 5122 veluti
3002 5065 3186 5122 radiis
3243 5065 3615 5140 quibusdam

1958 5158 2282 5225 illustrans,
2310 5161 2368 5211 et
2391 5156 2610 5212 abacta
2633 5155 2852 5212 erroris
2917 5155 3194 5225 caligine,
3243 5155 3616 5211 luminosum

1960 5246 2318 5318 cognitionis
2358 5245 2578 5301 divinae
2607 5245 2817 5301 orbem
2855 5244 3181 5316 explicans,
3216 5261 3286 5300 ac
3330 5246 3492 5301 viam
3553 5244 3618 5298 in

1963 5336 2183 5391 cmlum
2196 5333 2539 5390 tendentem
2552 5333 2946 5389 manifestans
2960 5332 3155 5388 nobis.
3165 5334 3423 5390 Decebat
3436 5333 3596 5390 enim
3607 5375 3620 5399 ,

1963 5431 2022 5482 et
2047 5425 2224 5498 plane
2259 5423 2532 5492 decebat,
2562 5427 2628 5478 ut
2672 5439 2812 5479 cum
2871 5422 3146 5480 divinum
3225 5423 3486 5480 Verbum
3551 5421 3628 5480 ab

1968 5514 2365 5572 Orientalibus
2377 5513 2574 5586 plagis
2589 5512 2991 5584 apparuisset,
3007 5513 3087 5570 ad
3098 5514 3259 5570 viam
3271 5513 3479 5570 salutis
3492 5528 3629 5569 sese

1968 5604 2190 5661 ducem
2213 5602 2820 5676 praebens(quoniam
2840 5617 3051 5658 rursus
3081 5603 3346 5659 subverti
3366 5601 3634 5659 debebat

1969 5693 2292 5750 hominum
2317 5707 2508 5762 genus
2534 5689 2919 5750 mutabilitati
2941 5689 3299 5765 obnoxium,
3315 5691 3480 5753 itaut
3500 5705 3640 5766 mat
