4090 6406
518 341 623 395 815
1711 327 2154 421 ΟΟΝΞΤΑΝᾙΝΪ

2267 328 2699 391 CROPOLITIE.
3787 340 3891 401 816

518 462 654 533 guis
681 460 816 517 licet
841 460 1112 515 evectum
1156 449 1524 530 profectibus
1568 454 1796 527 aregio
1829 459 2033 512 tamen
2093 470 2154 513 re

2290 436 2579 528 βασιλικῆς
2622 453 2961 519 έξολισθῆσαί
3038 436 3292 533 μακρὰν),
3340 454 3532 513 έκείθέν
3586 462 3740 515 ποθεν
3801 468 3893 516 καὶ

517 554 731 623 ctoque
761 547 995 606 tramite
1025 546 1188 603 haud
1226 559 1447 618 parum
1495 542 1874 617 deﬂecteret),
1906 543 2154 601 decebat

2287 547 2374 599 τόν
2432 543 2638 619 ἀσφαλῆ
2693 549 2902 599 τουτονὶ
2957 544 3193 620 θεολόγον
3248 552 3500 624 gmde
3552 570 3671 605 τινα
3713 554 3894 607 eum:

516 639 788 712 inquam,
817 637 980 694 hunc
1010 633 1227 692 erroris
1260 639 1568 707 expertem
1602 632 1969 706 theologum,
2004 649 2154 707 quas

2288 654 2401 688 σιον
2460 632 2735 708 ἀνασχεῖν,
2783 639 2875 688 καὶ
2930 631 3196 701 διαδείξαι
3249 644 3345 699 τὴν
3396 638 3596 701 ἀπλανῆ
3637 649 3750 704 τοῖς
3798 650 3895 708 τῆς

516 728 789 786 divinum
807 727 1014 783 lumen
1040 724 1308 782 indidem
1338 738 1719 795 consurgere,
1759 737 1997 796 nosque
2044 738 2153 779 suc

2285 722 2529 787 ἀληθείας
2608 730 2957 798 φωταυγείαις
3005 728 3131 798 ἡμῖν
3191 730 3326 782 κατά
3365 733 3486 784 Θεὸν
3545 726 3755 791 δηλαδὴ
3791 752 3895 786 πο-

516 817 746 874 cessive
810 815 1109 872 deducere
1170 828 1276 886 per
1337 813 1464 880 iter,
1516 811 1843 869 infallibilis
1911 811 2154 870 veritati:

2281 818 2444 887 ρείαν,
2487 813 2577 867 εἶτ’
2630 810 2717 867 οὖν
2771 814 2930 888 ὀρθὴν
2976 824 3075 867 τῶν
3133 815 3385 876 ἀληθινῶν
3439 815 3719 894 δογμάτων
3774 823 3897 895 ὁμο-

2281 901 2478 974 λογίαν,
2585 905 2717 977 πρός
2752 908 2847 963 τὴν
2885 905 2991 957 οἶνω
3027 903 3174 968 λῆξιν
3230 905 3500 980 ἐπανάγειν
3556 911 3699 981 ἡμᾶς
3756 913 3897 983 ἔχει,

521 903 945 980 splendoribus
963 902 1347 974 illustratum,
1378 917 1486 975 per
1511 906 1740 959 rectam
1758 901 1980 958 scilicet
2011 917 2177 958 vero-

517 1011 654 1053 rum
683 995 1038 1065 dogmatum
1077 990 1533 1061 confessionem,
1556 1007 1678 1064 qua
1693 990 1772 1047 ad
1803 1005 1939 1048 eam
1968 1005 2175 1064 perve-

519 1086 789 1143 niremus
821 1088 1063 1149 sortem,
1093 1096 1230 1154 qure
1253 1096 1439 1154 supra
1472 1080 1652 1138 oculos
1690 1096 1804 1137 nos
1833 1084 2057 1144 manet,
2093 1084 2176 1137 at-

519 1189 638 1248 que
659 1173 735 1230 ad
765 1172 1146 1229 sublimiores
1170 1170 1302 1227 illas
1334 1169 1783 1244 divinioresque
1804 1172 2173 1240 mansiones,

2281 993 2373 1052 τάς
2424 991 2695 1067 οὐρανίους
2742 996 2833 1045 καὶ
2890 994 3149 1069 θειοτέρας
3197 991 3372 1054 δήπου
3428 1000 3612 1070 μονὰς,
3666 996 3730 1062 ἃς
3789 1004 3895 1076 πρὸ

2281 1087 2375 1133 τοῦ
2399 1085 2597 1153 χρόνου
2628 1088 2733 1143 τοῖς
2770 1082 2871 1134 ύπό
2909 1086 3101 1159 χρόνον
3158 1084 3184 1136 ό
3236 1093 3336 1138 τῶν
3390 1085 3517 1139 ὅλων
3567 1083 3898 1162 δημιουργός

2282 1172 2682 1239 κατεσκεύασεν,
2736 1169 2810 1244 ἔφ’
2871 1172 2949 1232 οἶς
3018 1178 3110 1226 καὶ
3178 1173 3362 1246 ἤμελλε
3435 1175 3757 1250 προσκόψειν
3836 1183 3896 1232 τό

2284 1258 2549 1312 εύόλισθον
2603 1267 2703 1312 τῶν
2774 1257 3055 1336 ἀνθρώπων
3118 1262 3273 1335 φῦλον
3326 1269 3418 1317 καὶ
3472 1265 3894 1340 εὐπερίτρεπτον.

2280 1347 2459 1410 Ὅπως
2505 1367 2561 1401 τε
2610 1355 2701 1401 τοῦ
2753 1348 2913 1422 ὀρθοῦ
2962 1350 3269 1425 παρεσφάλη
3327 1354 3464 1406 κατὰ
3537 1352 3749 1430 βραχύ,
3801 1362 3896 1411 καὶ

2281 1440 2409 1510 πρός
2460 1441 2557 1497 τὴν
2619 1435 2873 1491 ἀπώλειαν
2939 1436 3175 1513 ἀκρατῶς
3248 1444 3339 1493 καὶ
3408 1441 3561 1494 πάλιν
3632 1445 3889 1517 ύπήγετο,

2279 1524 2427 1598 λόγος
2478 1528 2614 1578 κατὰ
2662 1530 2844 1601 καιρόν
2893 1524 3233 1600 διηγήσεται,
3289 1529 3317 1588 ἦ
3372 1528 3565 1602 μᾶλλον
3618 1530 3789 1587 ἕκιῖσέ
3815 1555 3890 1595 πη

518 1279 674 1337 quas
708 1266 845 1319 ante
870 1267 1132 1333 tempus,
1158 1259 1371 1315 futuris
1399 1258 1515 1315 sub
1571 1263 1863 1333 tempore,
1912 1259 2175 1317 universi

519 1352 717 1426 opifex
747 1349 1123 1424 praeparavit,
1144 1348 1461 1405 intendens
1478 1352 1544 1405 ut
1562 1347 1641 1405 ad
1674 1347 1922 1405 easdem
1953 1349 2174 1421 pertin-

516 1446 679 1513 geret
709 1439 941 1497 lubrica
969 1443 1026 1495 et
1048 1437 1343 1494 versatilis
1368 1441 1589 1496 natura
1652 1438 1949 1495 humana.
2014 1440 2173 1505 Quo-

513 1530 696 1588 modo
718 1536 917 1586 autem
950 1544 988 1585 a
1013 1532 1175 1584 recto
1191 1527 1425 1583 tramite
1446 1527 1564 1583 cito
1585 1526 1977 1597 aberraverit,
2006 1533 2063 1583 et
2094 1526 2172 1584 ad

512 1619 839 1693 perniciem
868 1616 1238 1674 festinaverit
1257 1631 1364 1689 per
1394 1615 1940 1688 intemperantiam,
1974 1631 2087 1673 suo
2111 1616 2154 1672 ir

2279 1619 2541 1688 γενόμενος
2585 1614 2993 1687 ἀποκλαυσεται,
3037 1622 3128 1669 καὶ
3165 1622 3259 1676 τὴν
3317 1619 3571 1693 ἡμετέραν
3631 1623 3704 1685 ὡς
3757 1623 3897 1688 εἰκός

508 1708 642 1765 loco
663 1722 801 1765 mea
829 1704 1151 1779 explicabit
1182 1704 1449 1761 narratio
1488 1722 1501 1772 ;
1537 1719 1648 1761 seu
1675 1704 1896 1778 potius,
1929 1704 2154 1779 quandc

2282 1706 2525 1776 θρηνήσει
2570 1703 2839 1757 ἀσθένειαν
2873 1726 2886 1739 ·
2920 1705 3027 1777 οὐχ
3057 1706 3253 1765 ἣκιστα
3304 1702 3357 1759 δ’
3412 1705 3473 1760 ἂν
3511 1713 3601 1762 καὶ
3639 1715 3735 1769 την
3784 1709 3895 1785 βα-

511 1799 665 1854 istuc
689 1795 1045 1871 pervenerit,
1063 1792 1405 1866 deplorabit
1431 1812 1444 1863 ;
1469 1799 1860 1867 nostramque
1877 1797 2066 1867 utpar
2085 1809 2154 1850 es

2278 1800 2421 1867 ρεῖαν
2476 1793 2599 1846 καθ’
2642 1795 2788 1867 ἡμῶν
2855 1792 2935 1847 ἀεὶ
3001 1803 3092 1848 τοῦ
3172 1797 3336 1849 Σατάν
3398 1795 3632 1851 ἐπίθεσιν
3691 1798 3897 1855 ἀποδύ-

507 1886 724 1958 lugcns
758 1884 1189 1953 inﬁrmitatem,
1221 1897 1469 1953 gravem
1495 1886 1554 1938 et
1597 1881 1910 1939 assiduum
1961 1887 2154 1940 contra

2278 1901 2429 1959 ραιτο
2462 1903 2476 1917 ·
2531 1887 2638 1936 νυνὶ
2679 1880 2739 1936 δὲ
2786 1887 2875 1936 καὶ
2918 1880 3069 1948 αὖθις
3116 1883 3377 1939 ἐπανιτέον
3415 1890 3507 1940 καὶ
3564 1889 3633 1941 τά
3681 1899 3779 1954 τῆς
3806 1910 3897 1965 γε-

507 1991 619 2032 nos
641 1977 875 2031 Satanae
902 1973 1214 2029 incursum
1262 1969 1694 2027 lamentabitur
1756 1988 1770 2027 :
1816 1986 1979 2028 nunc
2024 1987 2154 2030 verc

2278 1977 2479 2036 νέσεως,
2556 1975 2622 2028 τά
2701 1992 2755 2027 τε
2823 1977 2925 2047 πρὸ
2991 1981 3088 2037 τῆς
3154 1980 3398 2048 γενέσεως
3458 1972 3743 2050 διηγητέον
3802 1990 3900 2035 τοῦ

506 2065 888 2123 redeundum
914 2062 1094 2120 nobis
1125 2061 1187 2118 in
1215 2061 1534 2119 materiam
1568 2065 1676 2125 est,
1724 2065 1782 2119 et
1815 2077 1951 2136 qum
2009 2062 2169 2121 beati
2277 2062 2529 2137 μάκαρος.

506 2159 875 2212 concernunt
897 2152 1212 2223 originem,
1240 2165 1499 2226 qumque
1536 2149 1735 2224 ipsam
1796 2150 2165 2226 praecedunt,

503 2244 634 2317 jam
668 2247 813 2301 sunt
830 2241 1188 2299 enarranda.

575 2337 628 2390 4.
662 2332 751 2389 Ab
792 2332 1026 2389 Oriente
1047 2336 1210 2401 ergo,
1248 2333 1315 2386 ut
1342 2345 1524 2403 supra
1548 2329 1693 2399 dixi,
1752 2345 2015 2403 magnus
2067 2330 2165 2389 hic

501 2422 589 2480 vir
616 2427 673 2479 et
692 2421 873 2495 plane
893 2420 1147 2478 caelestis
1176 2420 1461 2495 apparuit
1492 2436 1505 2475 :
1539 2419 1601 2476 in
1636 2418 2031 2477 vicinioribus
2062 2436 2154 2495 pa-

2274 2417 2425 2483 οὗτος
2474 2418 2693 2493 ἀνεφάνη
2752 2424 2839 2473 καὶ
2905 2421 3121 2496 ούράνος
3172 2420 3373 2485 ἀληθῶς
3434 2426 3709 2501 ἄνθρωπος
3759 2449 3773 2463 ·
3830 2427 3890 2482 ἔκ

500 2511 704 2569 radiso
732 2511 927 2584 plagis
955 2515 1013 2567 et
1039 2509 1363 2582 voluptatis
1402 2510 1577 2567 horto
1624 2509 2154 2583 propinquioribus

2270 2517 2371 2562 τῶν
2432 2511 2718 2586 ἑγγυτέρων
2756 2505 3085 2585 παραδείσου
3155 2516 3243 2565 καὶ
3297 2520 3360 2586 τῇ
3418 2514 3530 2587 θείᾳ
3575 2515 3886 2574 πλησιαιτέ-

499 2601 704 2658 divina
728 2602 857 2658 haec
888 2598 1095 2673 planta
1123 2597 1481 2671 germinavit
1512 2615 1527 2655 :
1559 2613 1632 2655 ex
1690 2612 1925 2655 aurorae
1978 2598 2154 2657 cubili

2268 2618 2370 2673 ρων
2412 2594 2570 2671 Ἐδεμ
2598 2602 2658 2651 τό
2704 2601 2837 2653 θεῖον
2886 2598 3181 2661 ἐϐλάστησε
3224 2594 3348 2655 τόδε
3396 2608 3550 2676 φυτόν
3597 2626 3611 2639 -
3678 2605 3738 2659 έκ
3785 2616 3887 2661 τῶν

499 2691 753 2747 surrexit
783 2689 1004 2747 nobilis
1036 2689 1144 2745 iste
1173 2689 1326 2744 inter
1371 2687 1643 2756 Orientis,
1692 2686 1921 2745 addam
1977 2689 2154 2746 etiam

2267 2687 2404 2758 έῴων
2443 2686 2637 2761 ἀνέσχε
2665 2707 2833 2763 μερων
2884 2690 2911 2741 ό
2966 2690 3178 2763 εύγενής
3227 2700 3326 2744 τῶν
3365 2689 3452 2766 ἀφ’
3489 2691 3637 2753 ἡλίου
3693 2695 3886 2751 ἀνατο-

497 2786 555 2837 et
580 2780 937 2849 Occidentis,
983 2781 1305 2852 Boreaaque
1358 2782 1417 2835 et
1460 2779 1589 2835 Noti
1646 2782 1829 2851 atque
1894 2777 2154 2836 universi

2267 2775 2383 2843 λῶν,
2423 2776 2711 2850 προσθείην
2789 2773 2840 2829 δ’
2893 2775 2954 2829 ἂν
3002 2783 3252 2832 καὶτῶν
3301 2777 3357 2832 ἐκ
3415 2775 3649 2853 δυσμῶν,
3703 2780 3885 2859 βορρᾶ

496 2869 915 2928 mediterranei
940 2867 1208 2938 incolas;
1242 2872 1307 2924 ut
1334 2867 1439 2940 qui
1472 2867 1776 2924 neminem
1811 2881 1934 2923 non
1987 2872 2154 2926 ante-

2267 2869 2354 2918 καὶ
2392 2870 2545 2918 νότου
2583 2870 2674 2919 καὶ
2724 2871 3002 2939 μεσογείου
3055 2870 3232 2931 πάσης
3287 2889 3300 2903 ·
3351 2874 3466 2922 τίνα
3519 2875 3608 2923 καὶ
3653 2873 3760 2947 γὰρ
3810 2880 3879 2947 τῇ

496 2961 828 3017 cessitvera
842 2959 1229 3031 ingenitaque
1250 2956 1576 3014 nobilitate.
1600 2956 1918 3023 Quomodo
1947 2961 2151 3015 autem

2267 2952 2372 3007 κατ’
2433 2952 2677 3013 ἀλήθειαν
2736 2954 2967 3029 εὐγενείᾳ
3016 2956 3122 3030 ούχ
3175 2957 3491 3033 ὑπερήλασεν
3532 2977 3546 3028 ;
3586 2967 3657 3021 Ως
3705 2959 3769 3013 ἆν
3824 2957 3887 3015 δε

494 3055 553 3107 et
582 3050 765 3121 unde,
803 3048 1180 3121 signiﬁcabo.
1213 3051 1397 3104 Natus
1446 3052 1534 3104 est
1587 3046 1878 3116 Damasci,
1932 3047 2151 3105 celebri

2267 3048 2349 3097 καὶ
2398 3045 2511 3097 ὅθεν
2565 3041 3040 3120 παραδηλώσαιμι.
3082 3046 3172 3099 Ἐκ
3244 3056 3341 3109 τῆς
3396 3050 3727 3123 περιωνύμου
3791 3056 3884 3123 γέ-

500 3155 689 3214 supra
731 3138 983 3197 modum
1012 3138 1266 3208 civitate,
1298 3153 1485 3212 quam
1512 3137 1666 3194 inter
1709 3135 1940 3210 primas
1970 3137 2150 3195 urbes

2267 3152 2378 3207 γονε
2419 3140 2723 3207 Δαμασκοῦ,
2779 3134 2842 3194 ἣν
2881 3134 2977 3187 οῦκ
3025 3131 3132 3189 οἶδ’
3162 3135 3305 3198 ὅστις
3347 3137 3441 3190 ούκ
3470 3136 3523 3190 ἐν
3568 3145 3686 3202 ταῖς
3735 3146 3881 3213 πρώ-

498 3228 804 3286 numerari
818 3230 1020 3285 nescio
1032 3227 1169 3301 quis
1186 3243 1310 3285 non
1330 3227 1650 3295 audiverit;
1668 3227 1895 3299 quique
1926 3242 1998 3285 ea
2019 3227 2153 3284 visa

2267 3243 2375 3284 ταις
2411 3226 2694 3296 τυγχάνειν
2738 3227 2932 3282 ἤκουσε
2986 3223 3198 3295 πόλεων,
3244 3230 3337 3279 καὶ
3368 3224 3429 3283 ἣν
3466 3232 3569 3290 πᾶς
3615 3247 3695 3291 τις
3751 3225 3880 3282 ἰδὼν

498 3335 623 3376 non
639 3323 777 3376 ante
803 3333 930 3374 rem
958 3318 1139 3375 aliam
1161 3332 1428 3382 omnem,
1459 3315 1710 3385 dignam
1764 3314 1978 3372 auditu
2019 3315 2154 3374 velit

2267 3311 2358 3367 ούκ
2387 3315 2525 3366 ἔστιν
2560 3314 2699 3374 ὅπως
2716 3312 2777 3366 οῦ
2807 3317 2909 3388 πρό
2947 3317 3140 3376 παντὸς
3196 3312 3257 3366 ἀν
3310 3313 3472 3368 ἄλλου
3529 3313 3880 3379 ἁξιάκουστον

499 3408 576 3465 de
608 3423 679 3465 ea
735 3408 1145 3465 narrationem
1199 3406 1527 3473 instituere,
1564 3402 2154 3479 descriptionemque

2267 3409 2467 3457 ποιοῖτο
2510 3398 2770 3476 διήγημα,
2810 3401 2906 3455 κάν
2960 3409 3071 3467 τοῖς
3105 3408 3178 3477 μὴ
3234 3405 3533 3477 πεφθακόσι
3583 3407 3879 3461 θεάσασθαι

501 3503 837 3567 contexere,
858 3498 928 3555 iis
944 3499 1147 3568 etiam,
1178 3497 1284 3571 qui
1302 3496 1500 3570 ipsam
1514 3495 1683 3569 prius
1724 3509 2041 3569 nunquam
2074 3494 2154 3553 vi-

2267 3493 2559 3565 θαυμάσιον
2614 3491 2969 3566 περιλάλημα.
3023 3498 3088 3546 Τί
3139 3497 3228 3546 καὶ
3285 3495 3388 3568 γὰρ
3426 3513 3508 3558 τις
3561 3502 3653 3556 τῆς
3683 3496 3879 3560 πόλεως

500 3587 720 3657 derint,
751 3585 1195 3645 admirabilem.
1231 3583 1384 3652 Quid
1405 3584 1565 3641 enim
1583 3584 1646 3641 in
1665 3584 1781 3642 hac
1799 3584 1946 3641 urbe
1995 3584 2154 3641 inve‘

2267 3581 2325 3635 ού
2357 3583 2643 3655 θαυμάσειε
2670 3597 2685 3649 ;
2713 3584 2807 3641 τὴν
2847 3583 2989 3635 θέσιν
3040 3598 3054 3649 ;
3116 3585 3207 3636 καὶ
3250 3587 3379 3636 ποὶα
3420 3586 3666 3646 τοιαύτης
3718 3588 3879 3659 ἔτυχε

498 3678 654 3743 nies,
683 3676 853 3751 quod
875 3692 999 3735 non
1028 3675 1327 3749 suscipias
1350 3673 1379 3729 ?
1411 3673 1671 3731 situmne
1700 3673 1731 3728 ?
1756 3678 1815 3730 et
1842 3673 2040 3748 qualis
2073 3678 2154 3731 ta-

2267 3673 2454 3735 θέσεως
2515 3687 2529 3738 ;
2583 3671 2647 3730 ἣν
2694 3675 2924 3744 ποταμοὶ
2973 3679 3259 3744 κοσμοῦσι,
3308 3677 3399 3725 καὶ
3449 3671 3688 3747 λειμῶνες
3749 3678 3878 3729 καθ-

500 3769 622 3825 lem
647 3771 830 3824 nacta
871 3770 961 3823 est
1005 3763 1367 3837 positionem
1396 3764 1424 3820 ?
1463 3777 1652 3836 quam
1707 3761 1791 3819 sic
1831 3766 2154 3820 venustant

2267 3763 2603 3835 ωραΐζουσιν,
2664 3763 2756 3835 dion
2807 3779 2861 3813 τε
2905 3758 3281 3833 ἀσφαλίζουσι,
3332 3766 3424 3814 καὶ
3461 3758 3718 3825 πεδιάδες
3752 3764 3877 3817 καλ-

498 3856 773 3928 ﬂumina,
806 3860 983 3929 prata
1006 3857 1243 3926 ornant,
1267 3856 1503 3910 montes
1531 3852 1831 3919 muniunt,
1864 3851 2154 3909 condeco-

2267 3849 2505 3903 λύνουσιν
2550 3870 2565 3884 ·
2651 3852 2681 3908 ἦ
2742 3848 3021 3908 πλήθουσα
3093 3851 3421 3926 θρεμμάτων,
3502 3852 3570 3915 ὡς
3636 3850 3875 3925 ἀφθόνως

497 3952 633 4004 rant
652 3945 963 4021 planities;
995 3959 1132 4018 quae
1162 3942 1486 4017 pecoribus
1514 3942 1730 4000 referta
1751 3945 1931 4015 atque
1982 3940 2154 3999 uber-

2267 3937 2609 4012 ἱκτρέφουσα,
2663 3935 2935 3992 κάντεῦθεν
2974 3934 3223 4000 ἀνενδεῶς
3277 3941 3505 4011 ἔχουσα,
3564 3945 3654 3993 καὶ
3694 3939 3868 4014 ἀγαθὴ

497 4037 604 4094 tim
640 4051 712 4093 ea
739 4035 905 4092 alens
936 4038 994 4091 et
1020 4033 1163 4090 hinc
1203 4031 1575 4108 afﬂuentiam
1627 4030 1862 4089 habens
1928 4046 2151 4097 rerum,

2267 4033 2608 4102 κουροτρόφος
2684 4030 3052 4104 καθέστηκεν,¹
3110 4030 3293 4082 ὁποίαν
3366 4048 3421 4083 τε
3494 4034 3589 4089 τὴν
3660 4031 3872 4107 εἰρήνην

497 4126 729 4200 optima
754 4129 845 4181 est
873 4122 1074 4180 nutrix
1097 4120 1464 4193 juventutis:
1492 4136 1678 4195 quam
1716 4120 1790 4187 is,
1816 4119 1893 4177 de
1920 4135 2043 4194 quo
2070 4118 2154 4177 lo-

2267 4117 2421 4176 αύτην
2469 4119 2496 4169 ό
2556 4119 2776 4191 φάμενος
2841 4116 3231 4192 ἔγνωμάτευσεν
3285 4118 3393 4191 (2).
3473 4116 3628 4173 Ἀλλά
3681 4127 3872 4199 καίπερ

494 4216 763 4289 quimur,
818 4228 1033 4287 pacem
1089 4211 1289 4284 ipsam
1345 4209 1561 4267 diserte
1605 4210 1955 4268 nominavit.
2036 4208 2153 4266 Sed

2267 4210 2508 4266 τοιαύτην
2576 4204 2737 4261 οὖσαν
2793 4207 2978 4279 αὐτὴν,
3050 4212 3140 4261 καὶ
3218 4211 3495 4271 τοσούτοις
3541 4209 3872 4268 εὐθηνοῦσαν

492 4303 777 4377 quamvis
802 4318 873 4359 ea
900 4299 1037 4358 talis
1070 4305 1246 4369 esset,
1278 4305 1485 4375 totque
1526 4299 1796 4358 afﬂueret
1851 4298 2049 4365 bonis,
2095 4301 2152 4355 et

2267 4304 2365 4358 τοῖς
2396 4294 2628 4369 ἀγαθοῖς,
2661 4301 2753 4350 καὶ
2801 4295 2937 4350 οὕτω
2966 4300 3130 4372 μέχρι
3172 4316 3230 4369 γε
3280 4302 3370 4350 καὶ
3426 4295 3608 4366 αὐτοῦ,
3667 4296 3724 4351 ἔκ
3772 4310 3870 4353 τῶν

493 4397 740 4467 propter
767 4391 880 4448 ista
910 4389 996 4448 sic
1045 4389 1225 4446 etiam
1277 4389 1357 4448 ab
1407 4388 1507 4447 illo
1561 4388 1931 4455 laudaretur,
1982 4386 2150 4445 nulla

2267 4388 2505 4440 τοιούτων
2585 4382 2968 4461 περιᾳδομένην
3032 4385 3342 4460 ἀπανταχῆ,
3413 4385 3468 4451 ἕξ
3540 4384 3666 4441 ούδέ
3733 4408 3871 4452 τινος

490 4487 698 4540 tamen
727 4496 790 4537 re
817 4479 937 4538 alia
960 4479 1230 4553 permisit
1249 4478 1536 4553 deinceps
1565 4478 1805 4550 gloriari
1825 4478 2024 4551 ipsam
2043 4491 2148 4534 na-

2267 4474 2412 4528 ἰλλου
2467 4476 2808 4550 σεμνύνεσθαι
2855 4479 3295 4552 παρακεχωρήκει
3343 4476 3393 4548 (ό
3458 4474 3512 4540 ἐξ
3554 4477 3719 4541 αὐτῆς
3765 4478 3871 4553 [3])

490 4577 586 4628 tus
609 4570 671 4628 in
702 4585 793 4643 ea,
822 4568 1106 4645 quialios,
1136 4586 1211 4627 ex
1230 4569 1360 4627 aliis
1389 4574 1563 4627 natos
1585 4568 1758 4639 locis,
1786 4567 2146 4629 antecellens

2267 4569 2524 4641 γενόμενος
2555 4587 2568 4601 ο
2606 4563 2718 4619 ἀλλ’
2770 4569 2839 4630 ὡς
2866 4566 2928 4619 ἄν
2970 4585 3088 4619 τινα
3122 4574 3222 4620 τῶν
3273 4565 3475 4639 φαύλων
3512 4585 3565 4621 τε
3601 4573 3695 4622 καὶ
3740 4567 3871 4630 ἀση-

2348 2327 2415 2387 δ’.
2469 2328 2601 2384 Ἀπὸ
2659 2332 2867 2404 Θαιμάν
2914 2329 3016 2405 (1),
3091 2332 3162 2396 ὡς
3204 2334 3361 2406 ἔφθην
3411 2333 3592 2403 εἰπὼν,
3653 2337 3682 2390 ὁ
3731 2343 3864 2413 μέγα

3836 2427 3851 2445 9

490 4666 550 4719 et
574 4676 761 4735 supra
780 4658 1033 4718 modum
1050 4658 1503 4717 celebrisfactus
1519 4657 1788 4715 eﬁ'ecitut
1833 4673 1869 4715 a
1912 4673 1974 4715 se
2014 4660 2145 4720 solo

489 4749 911 4820 celebraretur,
949 4755 1244 4824 tanquam
1270 4761 1599 4821 parvarum
1642 4750 1699 4803 et
1742 4745 2144 4810 obscurarum

486 4839 731 4898 urbium
763 4840 913 4898 alias
939 4855 1065 4897 una
1091 4837 1758 4908 foret.Cognomentum
1775 4836 1933 4894 enim
1947 4837 2027 4895 ab
2070 4855 2142 4899 ea

488 4930 730 4989 sortitus
764 4933 1046 4997 Joannes,
1082 4926 1370 4985 continuo
1399 4925 1705 4998 egregium
1760 4926 1909 5000 quid
1973 4927 2138 4985 visus

2253 4677 2362 4732 μων
2416 4660 2533 4718 τοὺς
2579 4654 2633 4719 ἐξ
2693 4655 2875 4734 ἐτέρων
2928 4661 3227 4731 γενομένους
3283 4655 3584 4731 ὑπερϐαλὼν
3630 4662 3731 4711 καί
3772 4679 3866 4713 πε-

2250 4750 2509 4822 ριώνυμος
2574 4748 2864 4812 καταστὰς,
2914 4744 2969 4810 ἐξ
3024 4743 3184 4800 αὐτοῦ
3239 4749 3329 4799 καὶ
3367 4750 3528 4819 μόνου
3584 4748 3864 4823 περιθρυλ-

2250 4834 2456 4890 λεῖσθαι
2484 4837 2881 4896 πεποίηκε.Τὴν
2917 4837 3020 4910 γάρ
3060 4854 3140 4889 τοι
3191 4834 3379 4897 κλῆσιν
3428 4833 3482 4901 ἐξ
3527 4834 3691 4899 αὐτῆς
3733 4837 3866 4898 εἰλη-

2248 4930 2382 4998 χὼς,
2436 4928 2586 4999 τάχα
2637 4945 2697 4999 γε
2753 4925 2821 4989 ὡς
2859 4923 3117 5002 ἐξαίρετόν
3159 4946 3212 4981 τι
3275 4935 3469 5001 χρῆμα
3524 4931 3728 5000 φανεὶς,
3774 4933 3863 4983 καὶ

2246 5019 2377 5089 πρός
2451 5034 2506 5069 τε
2562 5014 2785 5079 οἰκείους
2841 5020 2967 5091 πρός
3036 5013 3079 5070 τ’
3147 5012 3446 5091 ἀλλοτρίους
3523 5012 3863 5092 ἀναδειχθεὶς

2247 5104 2624 5180 ἀπαράμιλλος,
2707 5102 2980 5160 κάντεῦθεν
3084 5101 3144 5160 δε
3240 5108 3461 5180 γεγονὼς
3533 5105 3856 5182 περιϐόητος,

2245 5192 2340 5249 οῦκ
2364 5195 2506 5249 ἔστιν
2537 5193 2637 5255 ὅπη
2672 5199 2729 5249 τὸ
2762 5195 2877 5249 κατ’
2926 5192 3091 5255 αὐτὴν
3141 5193 3269 5269 ούχι
3327 5201 3417 5250 καὶ
3467 5196 3663 5256 ταύτην
3707 5218 3858 5274 περι-

480 5025 605 5091 est;
638 5018 1111 5091 domesticisque
1142 5032 1213 5073 ac
1252 5015 1581 5088 peregrinis
1644 5014 2138 5090 incomparabilis

477 5111 944 5178 demonstratus,
979 5114 1161 5181 atque
1187 5105 1325 5164 bino
1344 5105 1523 5178 longe
1541 5105 1781 5181 lateque
1822 5105 2140 5165 celeberri-

479 5217 638 5273 mus,
666 5198 862 5257 effecit
890 5202 952 5255 ut
979 5212 1296 5272 nunquam
1320 5195 1555 5254 laudari
1578 5200 1789 5271 posset
1816 5197 1963 5270 ipse,
1986 5196 2135 5271 quin

2242 5393 2328 5454 ita
2362 5395 2747 5471 Damascum
2776 5392 3062 5471 appellet.

2317 5463 2545 5553 (3)3100
2599 5465 2785 5553 modo
2816 5463 3234 5553 supplendum
3263 5467 3494 5553 censui,
3551 5475 3853 5553 expuncto

2243 5538 2484 5617 εξςίαιξθις
2513 5539 2680 5617 quod
2697 5556 2779 5599 sc.
2822 5538 3046 5601 ia'ms.
3084 5541 3395 5617 legebatur
3431 5538 3486 5607 ἕξ
3536 5538 3666 5599 οὐδέ
3719 5558 3851 5605 τινος

2243 5555 2311 5600 εις
2336 5555 2484 5599 unum;
2513 5555 2680 5666 quoa

2243 5613 2312 5674 εἰς
2337 5608 2489 5677 αὖθις
2506 5632 2543 5666 α
2566 5612 2690 5674 λου,

553 5394 1015 5469 (t)'l‘hemanitis
1049 5393 1215 5469 regio
1237 5393 1471 5453 Arabia:
1500 5393 1598 5454 hic
1654 5392 2133 5469 antonomastice

478 5481 591 5551 pro
613 5473 750 5551 totq
763 5467 1018 5540 Oriente,
1047 5467 1323 5551 adeoque
1351 5472 1408 5525 et
1423 5481 1547 5551 pro
1597 5468 1769 5542 Syria
1818 5467 2128 5542 accipitur,

475 5540 540 5598 in
559 5555 683 5612 qua
701 5542 1045 5613 Damascus
1070 5540 1317 5597 Joannis
1337 5540 1549 5613 patria.

544 5608 626 5687 (Ξ)
657 5611 715 5668 Si
743 5614 1177 5687 recte__sensum
1193 5608 1390 5685 capio,
1431 5613 1559 5687 ipse
1614 5611 1878 5670 Joannes
1921 5608 2133 5687 intelli-

474 5681 633 5762 gitur
656 5700 669 5743 :
693 5682 802 5747 sed
823 5682 1000 5768 velim
1031 5684 1260 5747 discere
1272 5681 1417 5761 'quo
1452 5681 1707 5760 operum
1725 5700 1977 5747 suorum
1996 5684 2135 5751 loco
