  <div class='ocr_page' id='page_1' title='image "/cluster/home/n/w/nwhite01/storage/ocr_20150623/140/coo.31924054870450/418.png"; bbox 0 0 4090 6392; ppageno 0'>
   <div class='ocr_carea' id='block_1_1' title="bbox 246 308 3633 376">
    <p class='ocr_par' dir='ltr' id='par_1_1' title="bbox 246 308 3633 376">
     <span class='ocr_line' id='line_1_1' title="bbox 246 308 3633 376; baseline 0.001 -3"><span class='ocrx_word' id='word_1_1' title='bbox 246 316 353 373; x_wconf 78' lang='grc'>817</span> <span class='ocrx_word' id='word_1_2' title='bbox 1467 309 1539 367; x_wconf 84' lang='grc' dir='ltr'>ΙΝ</span> <span class='ocrx_word' id='word_1_3' title='bbox 1576 308 1638 369; x_wconf 89' lang='lat' dir='ltr'>S.</span> <span class='ocrx_word' id='word_1_4' title='bbox 1679 309 1875 369; x_wconf 76' lang='lat' dir='ltr'>JOAN.</span> <span class='ocrx_word' id='word_1_5' title='bbox 1920 308 2419 370; x_wconf 69' lang='lat' dir='ltr'>DAMASCENUM.</span> <span class='ocrx_word' id='word_1_6' title='bbox 3527 317 3633 376; x_wconf 83' lang='lat' dir='ltr'>8l8</span> 
     </span>
    </p>
   </div>
   <div class='ocr_carea' id='block_1_2' title="bbox 236 430 1851 517">
    <p class='ocr_par' dir='ltr' id='par_1_2' title="bbox 236 435 1851 517">
     <span class='ocr_line' id='line_1_2' title="bbox 236 435 1851 517; baseline -0.002 -22"><span class='ocrx_word' id='word_1_7' title='bbox 236 440 514 496; x_wconf 71' lang='grc' dir='ltr'>λαλεῖσθαι</span> <span class='ocrx_word' id='word_1_8' title='bbox 550 438 891 517; x_wconf 76' lang='grc' dir='ltr'>προύξένησε,</span> <span class='ocrx_word' id='word_1_9' title='bbox 932 443 1022 494; x_wconf 86' lang='grc' dir='ltr'>καὶ</span> <span class='ocrx_word' id='word_1_10' title='bbox 1076 440 1210 517; x_wconf 81' lang='grc' dir='ltr'>πρὸς</span> <span class='ocrx_word' id='word_1_11' title='bbox 1257 442 1439 491; x_wconf 85' lang='grc' dir='ltr'>τοῦτον</span> <span class='ocrx_word' id='word_1_12' title='bbox 1494 435 1602 490; x_wconf 82' lang='grc' dir='ltr'>οἷον</span> <span class='ocrx_word' id='word_1_13' title='bbox 1658 435 1851 491; x_wconf 86' lang='grc' dir='ltr'>ἀντονο-</span> 
     </span>
    </p>
   </div>
   <div class='ocr_carea' id='block_1_3' title="bbox 2015 430 3630 517">
    <p class='ocr_par' dir='ltr' id='par_1_3' title="bbox 2015 430 3630 514">
     <span class='ocr_line' id='line_1_3' title="bbox 2015 430 3630 514; baseline 0.002 -19"><span class='ocrx_word' id='word_1_14' title='bbox 2015 436 2153 497; x_wconf 83' lang='lat' dir='ltr'>tiam</span> <span class='ocrx_word' id='word_1_15' title='bbox 2174 436 2303 510; x_wconf 86' lang='lat' dir='ltr'>ejus</span> <span class='ocrx_word' id='word_1_16' title='bbox 2324 436 2518 514; x_wconf 88' lang='lat' dir='ltr'>patria</span> <span class='ocrx_word' id='word_1_17' title='bbox 2541 435 2906 506; x_wconf 87' lang='lat' dir='ltr'>laudaretur,</span> <span class='ocrx_word' id='word_1_18' title='bbox 2941 439 2999 496; x_wconf 91' lang='lat' dir='ltr'>et</span> <span class='ocrx_word' id='word_1_19' title='bbox 3025 436 3202 513; x_wconf 89' lang='lat' dir='ltr'>quasi</span> <span class='ocrx_word' id='word_1_20' title='bbox 3230 452 3342 512; x_wconf 91' lang='lat' dir='ltr'>pro</span> <span class='ocrx_word' id='word_1_21' title='bbox 3362 430 3506 514; x_wconf 81' lang='lat' dir='ltr'>ipso</span> <span class='ocrx_word' id='word_1_22' title='bbox 3526 457 3630 498; x_wconf 83' lang='lat' dir='ltr'>no-</span> 
     </span>
    </p>
   </div>
   <div class='ocr_carea' id='block_1_4' title="bbox 238 524 1853 606">
    <p class='ocr_par' dir='ltr' id='par_1_4' title="bbox 238 524 1853 606">
     <span class='ocr_line' id='line_1_4' title="bbox 238 524 1853 606; baseline -0.002 -22"><span class='ocrx_word' id='word_1_23' title='bbox 238 531 541 606; x_wconf 72' lang='grc' dir='ltr'>μοίζεσθαι,</span> <span class='ocrx_word' id='word_1_24' title='bbox 602 531 631 589; x_wconf 69' lang='grc' dir='ltr'><strong><em>ἦ</em></strong></span> <span class='ocrx_word' id='word_1_25' title='bbox 685 528 790 584; x_wconf 85' lang='grc' dir='ltr'>κάκ</span> <span class='ocrx_word' id='word_1_26' title='bbox 837 531 1026 584; x_wconf 88' lang='grc' dir='ltr'>τούτου</span> <span class='ocrx_word' id='word_1_27' title='bbox 1079 526 1517 602; x_wconf 75' lang='grc' dir='ltr'>ἕπονομάζεσθαι.</span> <span class='ocrx_word' id='word_1_28' title='bbox 1563 524 1707 599; x_wconf 70' lang='grc' dir='ltr'>’Δμα</span> <span class='ocrx_word' id='word_1_29' title='bbox 1760 530 1853 605; x_wconf 81' lang='grc' dir='ltr'>γὰρ</span> 
     </span>
    </p>
   </div>
   <div class='ocr_carea' id='block_1_5' title="bbox 2014 524 3629 606">
    <p class='ocr_par' dir='ltr' id='par_1_5' title="bbox 2014 528 3629 604">
     <span class='ocr_line' id='line_1_5' title="bbox 2014 528 3629 604; baseline 0.003 -20"><span class='ocrx_word' id='word_1_30' title='bbox 2014 528 2302 585; x_wconf 71' lang='lat' dir='ltr'>linaretur</span> <span class='ocrx_word' id='word_1_31' title='bbox 2338 530 2443 584; x_wconf 92' lang='lat' dir='ltr'>aut</span> <span class='ocrx_word' id='word_1_32' title='bbox 2480 528 3011 600; x_wconf 82' lang='lat' dir='ltr'>cognominaretur</span> <span class='ocrx_word' id='word_1_33' title='bbox 3049 544 3122 586; x_wconf 84' lang='lat' dir='ltr'>ex</span> <span class='ocrx_word' id='word_1_34' title='bbox 3174 528 3332 604; x_wconf 89' lang='lat' dir='ltr'>ipso.</span> <span class='ocrx_word' id='word_1_35' title='bbox 3399 531 3479 587; x_wconf 80' lang='lat' dir='ltr'><strong>Ex</strong></span> <span class='ocrx_word' id='word_1_36' title='bbox 3529 531 3629 589; x_wconf 90' lang='lat' dir='ltr'>illo</span> 
     </span>
    </p>
   </div>
   <div class='ocr_carea' id='block_1_6' title="bbox 236 616 1851 693">
    <p class='ocr_par' dir='ltr' id='par_1_6' title="bbox 236 616 1851 689">
     <span class='ocr_line' id='line_1_6' title="bbox 236 616 1851 689; baseline -0.004 -14"><span class='ocrx_word' id='word_1_37' title='bbox 236 639 315 681; x_wconf 93' lang='grc' dir='ltr'>τις</span> <span class='ocrx_word' id='word_1_38' title='bbox 343 623 436 672; x_wconf 84' lang='grc' dir='ltr'>καὶ</span> <span class='ocrx_word' id='word_1_39' title='bbox 492 617 779 687; x_wconf 88' lang='grc' dir='ltr'>ἀκούσειεν,</span> <span class='ocrx_word' id='word_1_40' title='bbox 835 616 974 682; x_wconf 68' lang='grc' dir='ltr'>ἐξότε</span> <span class='ocrx_word' id='word_1_41' title='bbox 1023 618 1051 671; x_wconf 83' lang='grc' dir='ltr'><strong><em>ὁ</em></strong></span> <span class='ocrx_word' id='word_1_42' title='bbox 1112 617 1265 679; x_wconf 75' lang='grc' dir='ltr'>οὗτος</span> <span class='ocrx_word' id='word_1_43' title='bbox 1321 618 1521 689; x_wconf 79' lang='grc' dir='ltr'>γέγόνε,</span> <span class='ocrx_word' id='word_1_44' title='bbox 1582 618 1851 688; x_wconf 70' lang='grc' dir='ltr'>Δαμασκὸν</span> 
     </span>
    </p>
   </div>
   <div class='ocr_carea' id='block_1_7' title="bbox 2013 616 3628 693">
    <p class='ocr_par' dir='ltr' id='par_1_7' title="bbox 2013 618 3628 693">
     <span class='ocr_line' id='line_1_7' title="bbox 2013 618 3628 693; baseline 0.001 -17"><span class='ocrx_word' id='word_1_45' title='bbox 2013 633 2117 676; x_wconf 73' lang='lat' dir='ltr'>sne</span> <span class='ocrx_word' id='word_1_46' title='bbox 2137 622 2407 691; x_wconf 90' lang='lat' dir='ltr'>tempore</span> <span class='ocrx_word' id='word_1_47' title='bbox 2436 633 2561 693; x_wconf 90' lang='lat' dir='ltr'>quo</span> <span class='ocrx_word' id='word_1_48' title='bbox 2590 621 2769 676; x_wconf 91' lang='lat' dir='ltr'>natus</span> <span class='ocrx_word' id='word_1_49' title='bbox 2798 618 2877 675; x_wconf 90' lang='lat' dir='ltr'>ibi</span> <span class='ocrx_word' id='word_1_50' title='bbox 2908 621 3167 677; x_wconf 83' lang='lat' dir='ltr'>Joannes</span> <span class='ocrx_word' id='word_1_51' title='bbox 3195 624 3304 684; x_wconf 84' lang='lat' dir='ltr'>est,</span> <span class='ocrx_word' id='word_1_52' title='bbox 3338 620 3520 678; x_wconf 86' lang='lat' dir='ltr'>simul</span> <span class='ocrx_word' id='word_1_53' title='bbox 3557 638 3628 682; x_wconf 86' lang='lat' dir='ltr'>ac</span> 
     </span>
    </p>
   </div>
   <div class='ocr_carea' id='block_1_8' title="bbox 236 704 1851 782">
    <p class='ocr_par' dir='ltr' id='par_1_8' title="bbox 236 704 1851 780">
     <span class='ocr_line' id='line_1_8' title="bbox 236 704 1851 780; baseline -0.004 -17"><span class='ocrx_word' id='word_1_54' title='bbox 236 712 327 763; x_wconf 84' lang='grc' dir='ltr'>τὸν</span> <span class='ocrx_word' id='word_1_55' title='bbox 362 706 525 761; x_wconf 88' lang='grc' dir='ltr'>πολύν</span> <span class='ocrx_word' id='word_1_56' title='bbox 575 712 665 760; x_wconf 84' lang='grc' dir='ltr'>καὶ</span> <span class='ocrx_word' id='word_1_57' title='bbox 728 709 796 762; x_wconf 82' lang='grc' dir='ltr'>τὰ</span> <span class='ocrx_word' id='word_1_58' title='bbox 846 709 959 761; x_wconf 87' lang='grc' dir='ltr'>θεῖα</span> <span class='ocrx_word' id='word_1_59' title='bbox 1009 710 1101 759; x_wconf 82' lang='grc' dir='ltr'>καὶ</span> <span class='ocrx_word' id='word_1_60' title='bbox 1147 709 1215 759; x_wconf 85' lang='grc' dir='ltr'>τά</span> <span class='ocrx_word' id='word_1_61' title='bbox 1269 704 1570 780; x_wconf 78' lang='grc' dir='ltr'>ἀνθρώπινα</span> <span class='ocrx_word' id='word_1_62' title='bbox 1618 704 1851 763; x_wconf 82' lang='grc' dir='ltr'>Ἰωάννην</span> 
     </span>
    </p>
   </div>
   <div class='ocr_carea' id='block_1_9' title="bbox 2013 704 3628 782">
    <p class='ocr_par' dir='ltr' id='par_1_9' title="bbox 2013 705 3628 782">
     <span class='ocr_line' id='line_1_9' title="bbox 2013 705 3628 782; baseline 0.001 -19"><span class='ocrx_word' id='word_1_63' title='bbox 2013 705 2269 764; x_wconf 89' lang='lat' dir='ltr'>ominari</span> <span class='ocrx_word' id='word_1_64' title='bbox 2281 706 2498 782; x_wconf 86' lang='lat' dir='ltr'>aliquis</span> <span class='ocrx_word' id='word_1_65' title='bbox 2512 706 2681 763; x_wconf 84' lang='lat' dir='ltr'>audit</span> <span class='ocrx_word' id='word_1_66' title='bbox 2694 706 3078 777; x_wconf 85' lang='lat' dir='ltr'>Damascum,</span> <span class='ocrx_word' id='word_1_67' title='bbox 3092 707 3307 769; x_wconf 86' lang='lat' dir='ltr'>divinis</span> <span class='ocrx_word' id='word_1_68' title='bbox 3318 708 3628 768; x_wconf 85' lang='lat' dir='ltr'>humanis-</span> 
     </span>
    </p>
   </div>
   <div class='ocr_carea' id='block_1_10' title="bbox 238 791 1853 874">
    <p class='ocr_par' dir='ltr' id='par_1_10' title="bbox 238 791 1853 874">
     <span class='ocr_line' id='line_1_10' title="bbox 238 791 1853 874; baseline -0.003 -23"><span class='ocrx_word' id='word_1_69' title='bbox 238 800 416 874; x_wconf 80' lang='grc' dir='ltr'>ὥσπερ</span> <span class='ocrx_word' id='word_1_70' title='bbox 446 795 741 857; x_wconf 81' lang='grc' dir='ltr'>συνήκουσὲ</span> <span class='ocrx_word' id='word_1_71' title='bbox 772 819 784 833; x_wconf 95' lang='grc'><strong>·</strong></span> <span class='ocrx_word' id='word_1_72' title='bbox 844 799 1096 870; x_wconf 83' lang='grc' dir='ltr'>μέγιστὸν</span> <span class='ocrx_word' id='word_1_73' title='bbox 1143 815 1199 849; x_wconf 83' lang='grc' dir='ltr'>τε</span> <span class='ocrx_word' id='word_1_74' title='bbox 1249 794 1399 857; x_wconf 69' lang='grc' dir='ltr'>εὐθὺς</span> <span class='ocrx_word' id='word_1_75' title='bbox 1453 792 1506 858; x_wconf 73' lang='grc' dir='ltr'>ἐξ</span> <span class='ocrx_word' id='word_1_76' title='bbox 1558 791 1853 869; x_wconf 72' lang='grc' dir='ltr'>ἀμφοτέρων</span> 
     </span>
    </p>
   </div>
   <div class='ocr_carea' id='block_1_11' title="bbox 2010 791 3625 874">
    <p class='ocr_par' dir='ltr' id='par_1_11' title="bbox 2010 795 3625 871">
     <span class='ocr_line' id='line_1_11' title="bbox 2010 795 3625 871; baseline 0.002 -19"><span class='ocrx_word' id='word_1_77' title='bbox 2010 812 2083 853; x_wconf 89' lang='lat' dir='ltr'>ue</span> <span class='ocrx_word' id='word_1_78' title='bbox 2105 795 2287 854; x_wconf 84' lang='lat' dir='ltr'>rebus</span> <span class='ocrx_word' id='word_1_79' title='bbox 2315 795 2636 868; x_wconf 85' lang='lat' dir='ltr'>insignem,</span> <span class='ocrx_word' id='word_1_80' title='bbox 2661 796 2844 854; x_wconf 89' lang='lat' dir='ltr'>etiam</span> <span class='ocrx_word' id='word_1_81' title='bbox 2879 796 3065 870; x_wconf 87' lang='lat' dir='ltr'>ipsius</span> <span class='ocrx_word' id='word_1_82' title='bbox 3094 812 3318 854; x_wconf 90' lang='lat' dir='ltr'>nomen</span> <span class='ocrx_word' id='word_1_83' title='bbox 3348 797 3532 871; x_wconf 81' lang='lat' dir='ltr'>audit,</span> <span class='ocrx_word' id='word_1_84' title='bbox 3567 804 3625 856; x_wconf 89' lang='lat' dir='ltr'>et</span> 
     </span>
    </p>
   </div>
   <div class='ocr_carea' id='block_1_12' title="bbox 238 883 1853 963">
    <p class='ocr_par' dir='ltr' id='par_1_12' title="bbox 238 883 1853 963">
     <span class='ocr_line' id='line_1_12' title="bbox 238 883 1853 963; baseline -0.002 -20"><span class='ocrx_word' id='word_1_85' title='bbox 238 888 551 963; x_wconf 78' lang='grc' dir='ltr'>αἰσθόμενος</span> <span class='ocrx_word' id='word_1_86' title='bbox 617 888 931 963; x_wconf 69' lang='grc' dir='ltr'>φαντάζεται</span> <span class='ocrx_word' id='word_1_87' title='bbox 1008 887 1122 962; x_wconf 79' lang='grc' dir='ltr'>μετ’</span> <span class='ocrx_word' id='word_1_88' title='bbox 1203 886 1516 953; x_wconf 72' lang='grc' dir='ltr'>ἐκπλήξεως,</span> <span class='ocrx_word' id='word_1_89' title='bbox 1584 883 1853 940; x_wconf 87' lang='grc' dir='ltr'>κάντεῦθεν</span> 
     </span>
    </p>
   </div>
   <div class='ocr_carea' id='block_1_13' title="bbox 2006 883 3621 963">
    <p class='ocr_par' dir='ltr' id='par_1_13' title="bbox 2008 885 3621 961">
     <span class='ocr_line' id='line_1_13' title="bbox 2008 885 3621 961; baseline 0.001 -17"><span class='ocrx_word' id='word_1_90' title='bbox 2008 886 2245 961; x_wconf 88' lang='lat' dir='ltr'>trinque</span> <span class='ocrx_word' id='word_1_91' title='bbox 2271 886 2501 958; x_wconf 81' lang='lat' dir='ltr'>grande</span> <span class='ocrx_word' id='word_1_92' title='bbox 2535 885 2853 961; x_wconf 87' lang='lat' dir='ltr'>quidpiam</span> <span class='ocrx_word' id='word_1_93' title='bbox 2882 890 3064 960; x_wconf 88' lang='lat' dir='ltr'>atque</span> <span class='ocrx_word' id='word_1_94' title='bbox 3107 886 3461 944; x_wconf 89' lang='lat' dir='ltr'>admirabile</span> <span class='ocrx_word' id='word_1_95' title='bbox 3506 889 3621 947; x_wconf 87' lang='lat' dir='ltr'>sibi</span> 
     </span>
    </p>
   </div>
   <div class='ocr_carea' id='block_1_14' title="bbox 237 972 1852 1055">
    <p class='ocr_par' dir='ltr' id='par_1_14' title="bbox 237 972 1852 1055">
     <span class='ocr_line' id='line_1_14' title="bbox 237 972 1852 1055; baseline -0.002 -23"><span class='ocrx_word' id='word_1_96' title='bbox 237 977 626 1052; x_wconf 78' lang='grc' dir='ltr'>ἀναπεμπάζων</span> <span class='ocrx_word' id='word_1_97' title='bbox 683 986 756 1052; x_wconf 82' lang='grc' dir='ltr'>τῷ</span> <span class='ocrx_word' id='word_1_98' title='bbox 791 976 1031 1051; x_wconf 77' lang='grc' dir='ltr'>λοθισμῷ</span> <span class='ocrx_word' id='word_1_99' title='bbox 1088 976 1148 1031; x_wconf 80' lang='grc' dir='ltr'>οῦ</span> <span class='ocrx_word' id='word_1_100' title='bbox 1210 980 1426 1055; x_wconf 88' lang='grc' dir='ltr'>μετρίου</span> <span class='ocrx_word' id='word_1_101' title='bbox 1476 981 1569 1029; x_wconf 90' lang='grc' dir='ltr'>τοῦ</span> <span class='ocrx_word' id='word_1_102' title='bbox 1627 972 1852 1049; x_wconf 82' lang='grc' dir='ltr'>θάμϐους</span> 
     </span>
    </p>
   </div>
   <div class='ocr_carea' id='block_1_15' title="bbox 2006 972 3621 1055">
    <p class='ocr_par' dir='ltr' id='par_1_15' title="bbox 2006 976 3621 1050">
     <span class='ocr_line' id='line_1_15' title="bbox 2006 976 3621 1050; baseline 0.002 -16"><span class='ocrx_word' id='word_1_103' title='bbox 2006 981 2424 1050; x_wconf 72' lang='lat' dir='ltr'>spraesentans,</span> <span class='ocrx_word' id='word_1_104' title='bbox 2456 991 2758 1050; x_wconf 83' lang='lat' dir='ltr'>suamque</span> <span class='ocrx_word' id='word_1_105' title='bbox 2787 976 3214 1047; x_wconf 79' lang='lat' dir='ltr'>cogitationem</span> <span class='ocrx_word' id='word_1_106' title='bbox 3231 993 3418 1050; x_wconf 84' lang='lat' dir='ltr'>supra</span> <span class='ocrx_word' id='word_1_107' title='bbox 3446 994 3509 1036; x_wconf 91' lang='lat' dir='ltr'>se</span> <span class='ocrx_word' id='word_1_108' title='bbox 3533 994 3621 1037; x_wconf 88' lang='lat' dir='ltr'>re-</span> 
     </span>
    </p>
   </div>
   <div class='ocr_carea' id='block_1_16' title="bbox 234 1064 1849 1144">
    <p class='ocr_par' dir='ltr' id='par_1_16' title="bbox 234 1066 582 1144">
     <span class='ocr_line' id='line_1_16' title="bbox 234 1066 582 1144; baseline 0.003 -22"><span class='ocrx_word' id='word_1_109' title='bbox 234 1066 582 1144; x_wconf 78' lang='grc' dir='ltr'>ἓμπίπλαται.</span> 
     </span>
    </p>
   </div>
   <div class='ocr_carea' id='block_1_17' title="bbox 2000 1064 3615 1144">
    <p class='ocr_par' dir='ltr' id='par_1_17' title="bbox 2000 1066 3615 1142">
     <span class='ocr_line' id='line_1_17' title="bbox 2000 1066 3615 1142; baseline 0.004 -21"><span class='ocrx_word' id='word_1_110' title='bbox 2000 1070 2207 1124; x_wconf 74' lang='grc' dir='ltr'>εοῑθηε</span> <span class='ocrx_word' id='word_1_111' title='bbox 2242 1066 2682 1135; x_wconf 88' lang='lat' dir='ltr'>ratiocinando,</span> <span class='ocrx_word' id='word_1_112' title='bbox 2736 1068 2982 1142; x_wconf 84' lang='lat' dir='ltr'>stupore</span> <span class='ocrx_word' id='word_1_113' title='bbox 3025 1081 3278 1140; x_wconf 85' lang='lat' dir='ltr'>prorsus</span> <span class='ocrx_word' id='word_1_114' title='bbox 3326 1067 3615 1128; x_wconf 78' lang='lat' dir='ltr'>ineffabili</span> 
     </span>
    </p>
   </div>
   <div class='ocr_carea' id='block_1_18' title="bbox 1959 1154 2319 1230">
    <p class='ocr_par' dir='ltr' id='par_1_18' title="bbox 1959 1154 2319 1230">
     <span class='ocr_line' id='line_1_18' title="bbox 1959 1154 2319 1230; baseline 0 -19"><span class='ocrx_word' id='word_1_115' title='bbox 1959 1154 2319 1230; x_wconf 89' lang='lat' dir='ltr'>completur.</span> 
     </span>
    </p>
   </div>
   <div class='ocr_carea' id='block_1_19' title="bbox 308 1242 1923 1315">
    <p class='ocr_par' dir='ltr' id='par_1_19' title="bbox 308 1242 1853 1315">
     <span class='ocr_line' id='line_1_19' title="bbox 308 1242 1853 1315; baseline -0.005 -12"><span class='ocrx_word' id='word_1_116' title='bbox 308 1246 368 1303; x_wconf 85' lang='grc' dir='ltr'>ε’.</span> <span class='ocrx_word' id='word_1_117' title='bbox 435 1244 574 1301; x_wconf 80' lang='grc' dir='ltr'>Ἀλλ’</span> <span class='ocrx_word' id='word_1_118' title='bbox 646 1245 720 1309; x_wconf 80' lang='grc' dir='ltr'>εἰς</span> <span class='ocrx_word' id='word_1_119' title='bbox 802 1245 1016 1309; x_wconf 76' lang='grc' dir='ltr'>ἑαυτούς</span> <span class='ocrx_word' id='word_1_120' title='bbox 1104 1242 1333 1298; x_wconf 72' lang='grc' dir='ltr'>ἐντεῦθεν</span> <span class='ocrx_word' id='word_1_121' title='bbox 1390 1242 1440 1298; x_wconf 84' lang='grc' dir='ltr'>οἱ</span> <span class='ocrx_word' id='word_1_122' title='bbox 1492 1245 1853 1315; x_wconf 67' lang='grc' dir='ltr'>γεγεννηκότας</span> 
     </span>
    </p>
   </div>
   <div class='ocr_carea' id='block_1_20' title="bbox 2001 1242 3616 1315">
    <p class='ocr_par' dir='ltr' id='par_1_20' title="bbox 2031 1243 3616 1315">
     <span class='ocr_line' id='line_1_20' title="bbox 2031 1243 3616 1315; baseline 0.004 -15"><span class='ocrx_word' id='word_1_123' title='bbox 2031 1250 2085 1300; x_wconf 80' lang='lat'>5.</span> <span class='ocrx_word' id='word_1_124' title='bbox 2112 1247 2330 1302; x_wconf 88' lang='lat' dir='ltr'>Verum</span> <span class='ocrx_word' id='word_1_125' title='bbox 2367 1259 2481 1301; x_wconf 89' lang='lat' dir='ltr'>nos</span> <span class='ocrx_word' id='word_1_126' title='bbox 2509 1243 2648 1303; x_wconf 84' lang='lat' dir='ltr'>hinc</span> <span class='ocrx_word' id='word_1_127' title='bbox 2678 1243 2759 1301; x_wconf 89' lang='lat' dir='ltr'>ad</span> <span class='ocrx_word' id='word_1_128' title='bbox 2774 1259 2836 1304; x_wconf 90' lang='lat' dir='ltr'>se</span> <span class='ocrx_word' id='word_1_129' title='bbox 2856 1243 3155 1315; x_wconf 85' lang='lat' dir='ltr'>genitores</span> <span class='ocrx_word' id='word_1_130' title='bbox 3184 1245 3448 1304; x_wconf 89' lang='lat' dir='ltr'>trahunt.</span> <span class='ocrx_word' id='word_1_131' title='bbox 3463 1251 3521 1306; x_wconf 89' lang='lat' dir='ltr'>et</span> <span class='ocrx_word' id='word_1_132' title='bbox 3541 1263 3616 1307; x_wconf 90' lang='lat' dir='ltr'>ne</span> 
     </span>
    </p>
   </div>
   <div class='ocr_carea' id='block_1_21' title="bbox 231 1329 1846 1411">
    <p class='ocr_par' dir='ltr' id='par_1_21' title="bbox 231 1329 1846 1411">
     <span class='ocr_line' id='line_1_21' title="bbox 231 1329 1846 1411; baseline -0.004 -20"><span class='ocrx_word' id='word_1_133' title='bbox 231 1335 585 1411; x_wconf 72' lang='grc' dir='ltr'>μεθελκονται,</span> <span class='ocrx_word' id='word_1_134' title='bbox 616 1340 707 1390; x_wconf 82' lang='grc' dir='ltr'>καὶ</span> <span class='ocrx_word' id='word_1_135' title='bbox 734 1355 844 1399; x_wconf 82' lang='grc' dir='ltr'>πως</span> <span class='ocrx_word' id='word_1_136' title='bbox 876 1331 944 1395; x_wconf 78' lang='grc' dir='ltr'>δὴ</span> <span class='ocrx_word' id='word_1_137' title='bbox 988 1338 1061 1408; x_wconf 82' lang='grc' dir='ltr'>μὴ</span> <span class='ocrx_word' id='word_1_138' title='bbox 1094 1329 1339 1407; x_wconf 74' lang='grc' dir='ltr'>παριδεῖν</span> <span class='ocrx_word' id='word_1_139' title='bbox 1392 1332 1742 1406; x_wconf 86' lang='grc' dir='ltr'>ἀνιστορῆσαι</span> <span class='ocrx_word' id='word_1_140' title='bbox 1785 1336 1846 1386; x_wconf 81' lang='grc' dir='ltr'>τὰ</span> 
     </span>
    </p>
   </div>
   <div class='ocr_carea' id='block_1_22' title="bbox 1999 1329 3614 1411">
    <p class='ocr_par' dir='ltr' id='par_1_22' title="bbox 1999 1333 3614 1406">
     <span class='ocr_line' id='line_1_22' title="bbox 1999 1333 3614 1406; baseline 0.005 -17"><span class='ocrx_word' id='word_1_141' title='bbox 1999 1348 2050 1390; x_wconf 74' lang='lat' dir='ltr'>es</span> <span class='ocrx_word' id='word_1_142' title='bbox 2072 1349 2213 1390; x_wconf 91' lang='lat' dir='ltr'>suas</span> <span class='ocrx_word' id='word_1_143' title='bbox 2243 1333 2404 1391; x_wconf 86' lang='lat' dir='ltr'>taciti</span> <span class='ocrx_word' id='word_1_144' title='bbox 2436 1337 2867 1406; x_wconf 64' lang='lat' dir='ltr'>praetereamus</span> <span class='ocrx_word' id='word_1_145' title='bbox 2894 1339 3139 1405; x_wconf 89' lang='lat' dir='ltr'>cogunt:</span> <span class='ocrx_word' id='word_1_146' title='bbox 3172 1350 3297 1392; x_wconf 91' lang='lat' dir='ltr'>non</span> <span class='ocrx_word' id='word_1_147' title='bbox 3350 1336 3511 1394; x_wconf 90' lang='lat' dir='ltr'>enim</span> <span class='ocrx_word' id='word_1_148' title='bbox 3533 1338 3614 1397; x_wconf 85' lang='lat' dir='ltr'>ita</span> 
     </span>
    </p>
   </div>
   <div class='ocr_carea' id='block_1_23' title="bbox 233 1420 1848 1499">
    <p class='ocr_par' dir='ltr' id='par_1_23' title="bbox 233 1420 1848 1499">
     <span class='ocr_line' id='line_1_23' title="bbox 233 1420 1848 1499; baseline -0.002 -19"><span class='ocrx_word' id='word_1_149' title='bbox 233 1427 351 1480; x_wconf 80' lang='grc' dir='ltr'>κατ’</span> <span class='ocrx_word' id='word_1_150' title='bbox 369 1425 558 1488; x_wconf 76' lang='grc' dir='ltr'>αὐτοὺς</span> <span class='ocrx_word' id='word_1_151' title='bbox 602 1423 932 1488; x_wconf 77' lang='grc' dir='ltr'>έκϐιάξονται</span> <span class='ocrx_word' id='word_1_152' title='bbox 975 1445 989 1459; x_wconf 80' lang='grc' dir='ltr'>ο</span> <span class='ocrx_word' id='word_1_153' title='bbox 1022 1420 1147 1478; x_wconf 79' lang='grc' dir='ltr'>ούδὶ</span> <span class='ocrx_word' id='word_1_154' title='bbox 1192 1425 1295 1499; x_wconf 83' lang='grc' dir='ltr'>γὰρ</span> <span class='ocrx_word' id='word_1_155' title='bbox 1348 1422 1455 1498; x_wconf 69' lang='grc' dir='ltr'>οὐχ</span> <span class='ocrx_word' id='word_1_156' title='bbox 1500 1422 1636 1478; x_wconf 78' lang='grc' dir='ltr'>οὕτω</span> <span class='ocrx_word' id='word_1_157' title='bbox 1683 1429 1848 1476; x_wconf 87' lang='grc' dir='ltr'>ταῦτα</span> 
     </span>
    </p>
   </div>
   <div class='ocr_carea' id='block_1_24' title="bbox 2000 1420 3615 1499">
    <p class='ocr_par' dir='ltr' id='par_1_24' title="bbox 2000 1423 3615 1498">
     <span class='ocr_line' id='line_1_24' title="bbox 2000 1423 3615 1498; baseline 0.002 -18"><span class='ocrx_word' id='word_1_158' title='bbox 2000 1438 2161 1480; x_wconf 61' lang='lat' dir='ltr'>arva;</span> <span class='ocrx_word' id='word_1_159' title='bbox 2180 1423 2275 1480; x_wconf 63' lang='lat' dir='ltr'>hae</span> <span class='ocrx_word' id='word_1_160' title='bbox 2300 1429 2460 1494; x_wconf 88' lang='lat' dir='ltr'>sunt,</span> <span class='ocrx_word' id='word_1_161' title='bbox 2474 1427 2540 1480; x_wconf 87' lang='lat' dir='ltr'>ut</span> <span class='ocrx_word' id='word_1_162' title='bbox 2568 1428 2921 1482; x_wconf 88' lang='lat' dir='ltr'>transcursu</span> <span class='ocrx_word' id='word_1_163' title='bbox 2936 1428 3117 1498; x_wconf 90' lang='lat' dir='ltr'>atque</span> <span class='ocrx_word' id='word_1_164' title='bbox 3131 1424 3457 1483; x_wconf 81' lang='lat' dir='ltr'>amissione</span> <span class='ocrx_word' id='word_1_165' title='bbox 3481 1442 3615 1483; x_wconf 89' lang='lat' dir='ltr'>cen-</span> 
     </span>
    </p>
   </div>
   <div class='ocr_carea' id='block_1_25' title="bbox 231 1510 1846 1591">
    <p class='ocr_par' dir='ltr' id='par_1_25' title="bbox 231 1510 1845 1591">
     <span class='ocr_line' id='line_1_25' title="bbox 231 1510 1845 1591; baseline -0.002 -23"><span class='ocrx_word' id='word_1_166' title='bbox 231 1518 418 1590; x_wconf 80' lang='grc' dir='ltr'>μικρά,</span> <span class='ocrx_word' id='word_1_167' title='bbox 458 1517 530 1578; x_wconf 84' lang='grc' dir='ltr'>ὡς</span> <span class='ocrx_word' id='word_1_168' title='bbox 579 1510 931 1591; x_wconf 75' lang='grc' dir='ltr'>παραδρομῆς</span> <span class='ocrx_word' id='word_1_169' title='bbox 988 1511 1278 1578; x_wconf 84' lang='grc' dir='ltr'>ἀξιωθῆναι</span> <span class='ocrx_word' id='word_1_170' title='bbox 1316 1516 1407 1565; x_wconf 81' lang='grc' dir='ltr'>καὶ</span> <span class='ocrx_word' id='word_1_171' title='bbox 1463 1511 1845 1588; x_wconf 77' lang='grc' dir='ltr'>παραλείψεως,</span> 
     </span>
    </p>
   </div>
   <div class='ocr_carea' id='block_1_26' title="bbox 1998 1510 3613 1591">
    <p class='ocr_par' dir='ltr' id='par_1_26' title="bbox 1998 1511 3613 1587">
     <span class='ocr_line' id='line_1_26' title="bbox 1998 1511 3613 1587; baseline 0.004 -19"><span class='ocrx_word' id='word_1_172' title='bbox 1998 1512 2071 1568; x_wconf 77' lang='lat' dir='ltr'>eri</span> <span class='ocrx_word' id='word_1_173' title='bbox 2102 1513 2336 1586; x_wconf 85' lang='lat' dir='ltr'>possint</span> <span class='ocrx_word' id='word_1_174' title='bbox 2357 1511 2580 1583; x_wconf 79' lang='lat' dir='ltr'>dignae;</span> <span class='ocrx_word' id='word_1_175' title='bbox 2613 1511 2720 1570; x_wconf 88' lang='lat' dir='ltr'>sed</span> <span class='ocrx_word' id='word_1_176' title='bbox 2738 1511 2917 1571; x_wconf 85' lang='lat' dir='ltr'>valde</span> <span class='ocrx_word' id='word_1_177' title='bbox 2948 1512 3290 1587; x_wconf 68' lang='lat' dir='ltr'>conspicuae</span> <span class='ocrx_word' id='word_1_178' title='bbox 3342 1529 3413 1571; x_wconf 85' lang='lat' dir='ltr'>ac</span> <span class='ocrx_word' id='word_1_179' title='bbox 3433 1515 3613 1575; x_wconf 86' lang='lat' dir='ltr'>mira-</span> 
     </span>
    </p>
   </div>
   <div class='ocr_carea' id='block_1_27' title="bbox 229 1600 1844 1678">
    <p class='ocr_par' dir='ltr' id='par_1_27' title="bbox 229 1600 1844 1678">
     <span class='ocr_line' id='line_1_27' title="bbox 229 1600 1844 1678; baseline -0.002 -20"><span class='ocrx_word' id='word_1_180' title='bbox 229 1602 365 1659; x_wconf 83' lang='grc' dir='ltr'>ἀλλὰ</span> <span class='ocrx_word' id='word_1_181' title='bbox 387 1609 478 1657; x_wconf 79' lang='grc' dir='ltr'>καὶ</span> <span class='ocrx_word' id='word_1_182' title='bbox 499 1603 617 1657; x_wconf 92' lang='grc' dir='ltr'>λίαν</span> <span class='ocrx_word' id='word_1_183' title='bbox 642 1610 891 1678; x_wconf 68' lang='grc' dir='ltr'>περιφανῆ</span> <span class='ocrx_word' id='word_1_184' title='bbox 939 1622 993 1656; x_wconf 93' lang='grc' dir='ltr'>τε</span> <span class='ocrx_word' id='word_1_185' title='bbox 1042 1607 1134 1656; x_wconf 84' lang='grc' dir='ltr'>καὶ</span> <span class='ocrx_word' id='word_1_186' title='bbox 1178 1600 1506 1674; x_wconf 78' lang='grc' dir='ltr'>ἀξιάγαστα,</span> <span class='ocrx_word' id='word_1_187' title='bbox 1563 1606 1654 1654; x_wconf 86' lang='grc' dir='ltr'>καὶ</span> <span class='ocrx_word' id='word_1_188' title='bbox 1719 1619 1844 1675; x_wconf 83' lang='grc' dir='ltr'>συγ.</span> 
     </span>
    </p>
   </div>
   <div class='ocr_carea' id='block_1_28' title="bbox 1992 1600 3607 1678">
    <p class='ocr_par' dir='ltr' id='par_1_28' title="bbox 1992 1600 3607 1677">
     <span class='ocr_line' id='line_1_28' title="bbox 1992 1600 3607 1677; baseline 0.002 -19"><span class='ocrx_word' id='word_1_189' title='bbox 1992 1600 2105 1658; x_wconf 75' lang='grc' dir='ltr'>›ἱ1οε</span> <span class='ocrx_word' id='word_1_190' title='bbox 2134 1605 2481 1659; x_wconf 86' lang='lat' dir='ltr'>accuratam</span> <span class='ocrx_word' id='word_1_191' title='bbox 2506 1601 2893 1674; x_wconf 88' lang='lat' dir='ltr'>scriptionem</span> <span class='ocrx_word' id='word_1_192' title='bbox 2921 1602 3405 1677; x_wconf 87' lang='lat' dir='ltr'>memoriamque</span> <span class='ocrx_word' id='word_1_193' title='bbox 3449 1604 3607 1663; x_wconf 88' lang='lat' dir='ltr'>ordi-</span> 
     </span>
    </p>
   </div>
   <div class='ocr_carea' id='block_1_29' title="bbox 227 1686 1842 1769">
    <p class='ocr_par' dir='ltr' id='par_1_29' title="bbox 227 1686 1842 1769">
     <span class='ocr_line' id='line_1_29' title="bbox 227 1686 1842 1769; baseline -0.002 -22"><span class='ocrx_word' id='word_1_194' title='bbox 227 1701 436 1769; x_wconf 75' lang='grc' dir='ltr'>γραφῆς</span> <span class='ocrx_word' id='word_1_195' title='bbox 532 1691 778 1767; x_wconf 86' lang='grc' dir='ltr'>ἀκριϐοῦς</span> <span class='ocrx_word' id='word_1_196' title='bbox 879 1696 969 1746; x_wconf 80' lang='grc' dir='ltr'>καὶ</span> <span class='ocrx_word' id='word_1_197' title='bbox 1072 1695 1278 1766; x_wconf 80' lang='grc' dir='ltr'>μνήμης</span> <span class='ocrx_word' id='word_1_198' title='bbox 1385 1686 1842 1764; x_wconf 83' lang='grc' dir='ltr'>ἀλληλοδιαδόχου</span> 
     </span>
    </p>
   </div>
   <div class='ocr_carea' id='block_1_30' title="bbox 1994 1686 3609 1769">
    <p class='ocr_par' dir='ltr' id='par_1_30' title="bbox 1994 1690 3609 1765">
     <span class='ocr_line' id='line_1_30' title="bbox 1994 1690 3609 1765; baseline 0.002 -17"><span class='ocrx_word' id='word_1_199' title='bbox 1994 1694 2161 1749; x_wconf 76' lang='lat' dir='ltr'>,atam</span> <span class='ocrx_word' id='word_1_200' title='bbox 2192 1695 2500 1750; x_wconf 85' lang='lat' dir='ltr'>merentur</span> <span class='ocrx_word' id='word_1_201' title='bbox 2531 1690 2820 1749; x_wconf 66' lang='lat' dir='ltr'>:fortunae</span> <span class='ocrx_word' id='word_1_202' title='bbox 2862 1691 3163 1765; x_wconf 86' lang='lat' dir='ltr'>siquidem</span> <span class='ocrx_word' id='word_1_203' title='bbox 3183 1692 3381 1762; x_wconf 87' lang='lat' dir='ltr'>bonis,</span> <span class='ocrx_word' id='word_1_204' title='bbox 3431 1699 3490 1750; x_wconf 92' lang='lat' dir='ltr'>et</span> <span class='ocrx_word' id='word_1_205' title='bbox 3515 1693 3609 1752; x_wconf 89' lang='lat' dir='ltr'>his</span> 
     </span>
    </p>
   </div>
   <div class='ocr_carea' id='block_1_31' title="bbox 230 1779 1845 1857">
    <p class='ocr_par' dir='ltr' id='par_1_31' title="bbox 230 1779 1845 1857">
     <span class='ocr_line' id='line_1_31' title="bbox 230 1779 1845 1857; baseline -0.002 -20"><span class='ocrx_word' id='word_1_206' title='bbox 230 1780 456 1856; x_wconf 66' lang='grc' dir='ltr'>δεόμεθα</span> <span class='ocrx_word' id='word_1_207' title='bbox 497 1804 510 1817; x_wconf 91' lang='grc'><strong>·</strong></span> <span class='ocrx_word' id='word_1_208' title='bbox 545 1784 609 1836; x_wconf 88' lang='grc' dir='ltr'>τά</span> <span class='ocrx_word' id='word_1_209' title='bbox 637 1801 694 1836; x_wconf 90' lang='grc' dir='ltr'>τε</span> <span class='ocrx_word' id='word_1_210' title='bbox 718 1784 821 1857; x_wconf 81' lang='grc' dir='ltr'>γὰρ</span> <span class='ocrx_word' id='word_1_211' title='bbox 852 1783 989 1835; x_wconf 87' lang='grc' dir='ltr'>κατά</span> <span class='ocrx_word' id='word_1_212' title='bbox 1034 1784 1250 1854; x_wconf 80' lang='grc' dir='ltr'>κόσμον,</span> <span class='ocrx_word' id='word_1_213' title='bbox 1307 1786 1396 1833; x_wconf 88' lang='grc' dir='ltr'>καὶ</span> <span class='ocrx_word' id='word_1_214' title='bbox 1435 1781 1512 1844; x_wconf 85' lang='grc' dir='ltr'>οἷς</span> <span class='ocrx_word' id='word_1_215' title='bbox 1572 1779 1845 1855; x_wconf 79' lang='grc' dir='ltr'>ίπεικεχή-</span> 
     </span>
    </p>
   </div>
   <div class='ocr_carea' id='block_1_32' title="bbox 1991 1779 3606 1857">
    <p class='ocr_par' dir='ltr' id='par_1_32' title="bbox 1991 1780 3606 1856">
     <span class='ocr_line' id='line_1_32' title="bbox 1991 1780 3606 1856; baseline 0.002 -18"><span class='ocrx_word' id='word_1_216' title='bbox 1991 1781 2178 1839; x_wconf 78' lang='lat' dir='ltr'>&#39;uibus</span> <span class='ocrx_word' id='word_1_217' title='bbox 2200 1781 2477 1840; x_wconf 85' lang='lat' dir='ltr'>homines</span> <span class='ocrx_word' id='word_1_218' title='bbox 2509 1780 2745 1839; x_wconf 85' lang='lat' dir='ltr'>inhiant</span> <span class='ocrx_word' id='word_1_219' title='bbox 2781 1781 3121 1839; x_wconf 88' lang='lat' dir='ltr'>commodis</span> <span class='ocrx_word' id='word_1_220' title='bbox 3144 1781 3428 1856; x_wconf 72' lang='lat' dir='ltr'>praeclare</span> <span class='ocrx_word' id='word_1_221' title='bbox 3454 1782 3606 1855; x_wconf 77' lang='lat' dir='ltr'>fulti,</span> 
     </span>
    </p>
   </div>
   <div class='ocr_carea' id='block_1_33' title="bbox 226 1867 1841 1946">
    <p class='ocr_par' dir='ltr' id='par_1_33' title="bbox 226 1867 1841 1946">
     <span class='ocr_line' id='line_1_33' title="bbox 226 1867 1841 1946; baseline -0.001 -21"><span class='ocrx_word' id='word_1_222' title='bbox 226 1890 384 1926; x_wconf 86' lang='grc' dir='ltr'>νασιν</span> <span class='ocrx_word' id='word_1_223' title='bbox 431 1873 716 1946; x_wconf 80' lang='grc' dir='ltr'>ἄνθρωποι,</span> <span class='ocrx_word' id='word_1_224' title='bbox 767 1875 856 1924; x_wconf 78' lang='grc' dir='ltr'>καὶ</span> <span class='ocrx_word' id='word_1_225' title='bbox 911 1867 1173 1944; x_wconf 88' lang='grc' dir='ltr'>διάσημοι</span> <span class='ocrx_word' id='word_1_226' title='bbox 1224 1873 1309 1923; x_wconf 73' lang='grc' dir='ltr'>καὶ</span> <span class='ocrx_word' id='word_1_227' title='bbox 1349 1868 1704 1946; x_wconf 85' lang='grc' dir='ltr'>περίϐλεπτοι,</span> <span class='ocrx_word' id='word_1_228' title='bbox 1757 1873 1841 1923; x_wconf 73' lang='grc' dir='ltr'>καὶ</span> 
     </span>
    </p>
   </div>
   <div class='ocr_carea' id='block_1_34' title="bbox 1985 1867 3600 1946">
    <p class='ocr_par' dir='ltr' id='par_1_34' title="bbox 1985 1870 3600 1942">
     <span class='ocr_line' id='line_1_34' title="bbox 1985 1870 3600 1942; baseline 0.002 -15"><span class='ocrx_word' id='word_1_229' title='bbox 1985 1871 2136 1929; x_wconf 69' lang='grc' dir='ltr'>ιίὶιὶιο</span> <span class='ocrx_word' id='word_1_230' title='bbox 2166 1872 2369 1930; x_wconf 89' lang='lat' dir='ltr'>minus</span> <span class='ocrx_word' id='word_1_231' title='bbox 2398 1872 2669 1942; x_wconf 83' lang='lat' dir='ltr'>insignes</span> <span class='ocrx_word' id='word_1_232' title='bbox 2693 1870 2937 1928; x_wconf 88' lang='lat' dir='ltr'>fuerunt</span> <span class='ocrx_word' id='word_1_233' title='bbox 2955 1871 3173 1928; x_wconf 90' lang='lat' dir='ltr'>divinis</span> <span class='ocrx_word' id='word_1_234' title='bbox 3211 1872 3400 1930; x_wconf 88' lang='lat' dir='ltr'>animi</span> <span class='ocrx_word' id='word_1_235' title='bbox 3441 1873 3600 1931; x_wconf 88' lang='lat' dir='ltr'>doti-</span> 
     </span>
    </p>
   </div>
   <div class='ocr_carea' id='block_1_35' title="bbox 227 1960 1842 2035">
    <p class='ocr_par' dir='ltr' id='par_1_35' title="bbox 227 1960 1842 2035">
     <span class='ocr_line' id='line_1_35' title="bbox 227 1960 1842 2035; baseline -0.001 -20"><span class='ocrx_word' id='word_1_236' title='bbox 227 1965 369 2015; x_wconf 84' lang='grc' dir='ltr'>κατά</span> <span class='ocrx_word' id='word_1_237' title='bbox 458 1965 586 2016; x_wconf 86' lang='grc' dir='ltr'>Θεὸν</span> <span class='ocrx_word' id='word_1_238' title='bbox 645 1961 751 2035; x_wconf 70' lang='grc' dir='ltr'>οὐχ</span> <span class='ocrx_word' id='word_1_239' title='bbox 807 1962 962 2021; x_wconf 75' lang='grc' dir='ltr'>ἧττον</span> <span class='ocrx_word' id='word_1_240' title='bbox 1017 1966 1314 2035; x_wconf 62' lang='grc' dir='ltr'>περιφανεῖς</span> <span class='ocrx_word' id='word_1_241' title='bbox 1377 1964 1467 2013; x_wconf 84' lang='grc' dir='ltr'>καὶ</span> <span class='ocrx_word' id='word_1_242' title='bbox 1528 1960 1842 2033; x_wconf 79' lang='grc' dir='ltr'>θαυμάσιοι·</span> 
     </span>
    </p>
   </div>
   <div class='ocr_carea' id='block_1_36' title="bbox 1995 1960 3610 2035">
    <p class='ocr_par' dir='ltr' id='par_1_36' title="bbox 2003 1960 3610 2034">
     <span class='ocr_line' id='line_1_36' title="bbox 2003 1960 3610 2034; baseline 0.001 -15"><span class='ocrx_word' id='word_1_243' title='bbox 2003 1978 2100 2019; x_wconf 90' lang='lat' dir='ltr'>us.</span> <span class='ocrx_word' id='word_1_244' title='bbox 2138 1962 2273 2020; x_wconf 88' lang='lat' dir='ltr'>Jam</span> <span class='ocrx_word' id='word_1_245' title='bbox 2301 1961 2536 2034; x_wconf 85' lang='lat' dir='ltr'>pridem</span> <span class='ocrx_word' id='word_1_246' title='bbox 2566 1960 2729 2018; x_wconf 90' lang='lat' dir='ltr'>enim</span> <span class='ocrx_word' id='word_1_247' title='bbox 2756 1960 2940 2018; x_wconf 82' lang='lat' dir='ltr'>ﬁdem</span> <span class='ocrx_word' id='word_1_248' title='bbox 2968 1961 3030 2018; x_wconf 91' lang='lat' dir='ltr'>in</span> <span class='ocrx_word' id='word_1_249' title='bbox 3078 1961 3398 2034; x_wconf 80' lang='lat' dir='ltr'>Christum,</span> <span class='ocrx_word' id='word_1_250' title='bbox 3444 1962 3610 2021; x_wconf 91' lang='lat' dir='ltr'>velut</span> 
     </span>
    </p>
   </div>
   <div class='ocr_carea' id='block_1_37' title="bbox 228 2048 1843 2128">
    <p class='ocr_par' dir='ltr' id='par_1_37' title="bbox 228 2048 1843 2128">
     <span class='ocr_line' id='line_1_37' title="bbox 228 2048 1843 2128; baseline -0.004 -21"><span class='ocrx_word' id='word_1_251' title='bbox 228 2051 459 2107; x_wconf 78' lang='grc' dir='ltr'>’Δνωθεν</span> <span class='ocrx_word' id='word_1_252' title='bbox 506 2052 608 2128; x_wconf 83' lang='grc' dir='ltr'>γὰρ</span> <span class='ocrx_word' id='word_1_253' title='bbox 650 2056 738 2106; x_wconf 86' lang='grc' dir='ltr'>καὶ</span> <span class='ocrx_word' id='word_1_254' title='bbox 790 2048 845 2104; x_wconf 73' lang='grc' dir='ltr'>ἔκ</span> <span class='ocrx_word' id='word_1_255' title='bbox 894 2053 1159 2126; x_wconf 83' lang='grc' dir='ltr'>προγόνων</span> <span class='ocrx_word' id='word_1_256' title='bbox 1210 2053 1305 2108; x_wconf 81' lang='grc' dir='ltr'>τήν</span> <span class='ocrx_word' id='word_1_257' title='bbox 1345 2048 1418 2110; x_wconf 86' lang='grc' dir='ltr'>εἰς</span> <span class='ocrx_word' id='word_1_258' title='bbox 1472 2052 1706 2124; x_wconf 75' lang='grc' dir='ltr'>Χριστὸν</span> <span class='ocrx_word' id='word_1_259' title='bbox 1761 2053 1843 2108; x_wconf 74' lang='grc' dir='ltr'>πί,</span> 
     </span>
    </p>
   </div>
   <div class='ocr_carea' id='block_1_38' title="bbox 1992 2048 3607 2128">
    <p class='ocr_par' dir='ltr' id='par_1_38' title="bbox 1992 2050 3607 2126">
     <span class='ocr_line' id='line_1_38' title="bbox 1992 2050 3607 2126; baseline 0 -19"><span class='ocrx_word' id='word_1_260' title='bbox 1992 2051 2360 2111; x_wconf 59' lang='lat' dir='ltr'>nereditatem</span> <span class='ocrx_word' id='word_1_261' title='bbox 2379 2050 2716 2124; x_wconf 87' lang='lat' dir='ltr'>quamdam</span> <span class='ocrx_word' id='word_1_262' title='bbox 2753 2067 2790 2109; x_wconf 88' lang='lat' dir='ltr'>a</span> <span class='ocrx_word' id='word_1_263' title='bbox 2835 2050 3169 2122; x_wconf 87' lang='lat' dir='ltr'>majoribus</span> <span class='ocrx_word' id='word_1_264' title='bbox 3224 2067 3332 2126; x_wconf 88' lang='lat' dir='ltr'>per</span> <span class='ocrx_word' id='word_1_265' title='bbox 3389 2068 3607 2109; x_wconf 89' lang='lat' dir='ltr'>manus</span> 
     </span>
    </p>
   </div>
   <div class='ocr_carea' id='block_1_39' title="bbox 232 2135 1847 2216">
    <p class='ocr_par' dir='ltr' id='par_1_39' title="bbox 232 2135 1847 2216">
     <span class='ocr_line' id='line_1_39' title="bbox 232 2135 1847 2216; baseline -0.001 -21"><span class='ocrx_word' id='word_1_266' title='bbox 232 2159 351 2195; x_wconf 86' lang='grc' dir='ltr'>στιν</span> <span class='ocrx_word' id='word_1_267' title='bbox 380 2142 537 2194; x_wconf 84' lang='grc' dir='ltr'>οἱονεί</span> <span class='ocrx_word' id='word_1_268' title='bbox 565 2159 682 2194; x_wconf 91' lang='grc' dir='ltr'>τινα</span> <span class='ocrx_word' id='word_1_269' title='bbox 708 2139 898 2216; x_wconf 80' lang='grc' dir='ltr'>κλῆρον</span> <span class='ocrx_word' id='word_1_270' title='bbox 921 2139 976 2193; x_wconf 77' lang='grc' dir='ltr'>ἐκ</span> <span class='ocrx_word' id='word_1_271' title='bbox 1007 2135 1281 2212; x_wconf 74' lang='grc' dir='ltr'>διαδοχῆς</span> <span class='ocrx_word' id='word_1_272' title='bbox 1308 2138 1554 2206; x_wconf 80' lang='grc' dir='ltr'>ἕλκοντες,</span> <span class='ocrx_word' id='word_1_273' title='bbox 1606 2146 1678 2211; x_wconf 83' lang='grc' dir='ltr'>τῷ</span> <span class='ocrx_word' id='word_1_274' title='bbox 1716 2143 1847 2216; x_wconf 89' lang='grc' dir='ltr'>πρὸς</span> 
     </span>
    </p>
   </div>
   <div class='ocr_carea' id='block_1_40' title="bbox 1993 2135 3608 2216">
    <p class='ocr_par' dir='ltr' id='par_1_40' title="bbox 1993 2140 3608 2212">
     <span class='ocr_line' id='line_1_40' title="bbox 1993 2140 3608 2212; baseline 0 -15"><span class='ocrx_word' id='word_1_275' title='bbox 1993 2140 2236 2200; x_wconf 71' lang='lat' dir='ltr'>raditam</span> <span class='ocrx_word' id='word_1_276' title='bbox 2272 2144 2564 2208; x_wconf 86' lang='lat' dir='ltr'>tenentes,</span> <span class='ocrx_word' id='word_1_277' title='bbox 2609 2140 2788 2212; x_wconf 90' lang='lat' dir='ltr'>longe</span> <span class='ocrx_word' id='word_1_278' title='bbox 2840 2141 3217 2198; x_wconf 86' lang='lat' dir='ltr'>auteiverunt</span> <span class='ocrx_word' id='word_1_279' title='bbox 3262 2141 3608 2199; x_wconf 87' lang='lat' dir='ltr'>decessores</span> 
     </span>
    </p>
   </div>
   <div class='ocr_carea' id='block_1_41' title="bbox 228 2227 1843 2306">
    <p class='ocr_par' dir='ltr' id='par_1_41' title="bbox 228 2227 1836 2305">
     <span class='ocr_line' id='line_1_41' title="bbox 228 2227 1836 2305; baseline -0.001 -22"><span class='ocrx_word' id='word_1_280' title='bbox 228 2230 396 2289; x_wconf 69' lang='grc' dir='ltr'>αὐτὴν</span> <span class='ocrx_word' id='word_1_281' title='bbox 452 2228 594 2303; x_wconf 77' lang='grc' dir='ltr'>ζήλῳ</span> <span class='ocrx_word' id='word_1_282' title='bbox 650 2236 835 2305; x_wconf 85' lang='grc' dir='ltr'>μακρῷ</span> <span class='ocrx_word' id='word_1_283' title='bbox 892 2235 1002 2292; x_wconf 80' lang='grc' dir='ltr'>τοῖς</span> <span class='ocrx_word' id='word_1_284' title='bbox 1054 2231 1156 2303; x_wconf 84' lang='grc' dir='ltr'>πρὸ</span> <span class='ocrx_word' id='word_1_285' title='bbox 1223 2227 1392 2281; x_wconf 76' lang='grc' dir='ltr'>αὐτῶν</span> <span class='ocrx_word' id='word_1_286' title='bbox 1447 2227 1836 2302; x_wconf 82' lang='grc' dir='ltr'>ύπερήρλασαν·</span> 
     </span>
    </p>
   </div>
   <div class='ocr_carea' id='block_1_42' title="bbox 1994 2227 3609 2306">
    <p class='ocr_par' dir='ltr' id='par_1_42' title="bbox 1994 2228 3609 2306">
     <span class='ocr_line' id='line_1_42' title="bbox 1994 2228 3609 2306; baseline 0.001 -20"><span class='ocrx_word' id='word_1_287' title='bbox 1994 2246 2117 2298; x_wconf 91' lang='lat' dir='ltr'>uos,</span> <span class='ocrx_word' id='word_1_288' title='bbox 2143 2230 2411 2306; x_wconf 85' lang='lat' dir='ltr'>quodam</span> <span class='ocrx_word' id='word_1_289' title='bbox 2436 2229 2542 2287; x_wconf 90' lang='lat' dir='ltr'>zeli</span> <span class='ocrx_word' id='word_1_290' title='bbox 2556 2228 2785 2304; x_wconf 89' lang='lat' dir='ltr'>impetu</span> <span class='ocrx_word' id='word_1_291' title='bbox 2811 2229 3058 2286; x_wconf 89' lang='lat' dir='ltr'>ulterius</span> <span class='ocrx_word' id='word_1_292' title='bbox 3089 2229 3246 2288; x_wconf 85' lang='lat' dir='ltr'>elati.</span> <span class='ocrx_word' id='word_1_293' title='bbox 3273 2230 3505 2288; x_wconf 89' lang='lat' dir='ltr'>Scilicet</span> <span class='ocrx_word' id='word_1_294' title='bbox 3529 2230 3609 2288; x_wconf 89' lang='lat' dir='ltr'>ad</span> 
     </span>
    </p>
   </div>
   <div class='ocr_carea' id='block_1_43' title="bbox 176 2317 1791 2395">
    <p class='ocr_par' dir='ltr' id='par_1_43' title="bbox 176 2318 1791 2395">
     <span class='ocr_line' id='line_1_43' title="bbox 176 2318 1791 2395; baseline -0.001 -21"><span class='ocrx_word' id='word_1_295' title='bbox 176 2354 187 2365; x_wconf 61' lang='grc' dir='ltr'><strong>π</strong></span> <span class='ocrx_word' id='word_1_296' title='bbox 224 2324 453 2394; x_wconf 79' lang='grc' dir='ltr'>καὶγὰρ</span> <span class='ocrx_word' id='word_1_297' title='bbox 482 2326 584 2380; x_wconf 77' lang='grc' dir='ltr'>τοῖς</span> <span class='ocrx_word' id='word_1_298' title='bbox 612 2323 809 2395; x_wconf 80' lang='grc' dir='ltr'>μέχρις</span> <span class='ocrx_word' id='word_1_299' title='bbox 860 2318 1051 2387; x_wconf 71' lang='grc' dir='ltr'>αὐτῶν,</span> <span class='ocrx_word' id='word_1_300' title='bbox 1081 2319 1219 2371; x_wconf 87' lang='grc' dir='ltr'>καθά</span> <span class='ocrx_word' id='word_1_301' title='bbox 1260 2337 1339 2381; x_wconf 93' lang='grc' dir='ltr'>τις</span> <span class='ocrx_word' id='word_1_302' title='bbox 1393 2320 1422 2377; x_wconf 83' lang='grc' dir='ltr'>ἡ</span> <span class='ocrx_word' id='word_1_303' title='bbox 1477 2321 1657 2382; x_wconf 82' lang='grc' dir='ltr'>πίστις</span> <span class='ocrx_word' id='word_1_304' title='bbox 1717 2338 1791 2373; x_wconf 63' lang='grc' dir='ltr'>συί</span> 
     </span>
    </p>
   </div>
   <div class='ocr_carea' id='block_1_44' title="bbox 1994 2317 3609 2395">
    <p class='ocr_par' dir='ltr' id='par_1_44' title="bbox 1994 2317 3609 2393">
     <span class='ocr_line' id='line_1_44' title="bbox 1994 2317 3609 2393; baseline 0 -17"><span class='ocrx_word' id='word_1_305' title='bbox 1994 2335 2226 2392; x_wconf 61' lang='grc' dir='ltr'>οεοτυω</span> <span class='ocrx_word' id='word_1_306' title='bbox 2256 2336 2451 2393; x_wconf 90' lang='lat' dir='ltr'>usque</span> <span class='ocrx_word' id='word_1_307' title='bbox 2475 2322 2714 2377; x_wconf 69' lang='lat' dir='ltr'>aetatem</span> <span class='ocrx_word' id='word_1_308' title='bbox 2738 2317 2912 2386; x_wconf 85' lang='lat' dir='ltr'>ﬁdes,</span> <span class='ocrx_word' id='word_1_309' title='bbox 2936 2318 2998 2376; x_wconf 91' lang='lat' dir='ltr'>in</span> <span class='ocrx_word' id='word_1_310' title='bbox 3026 2318 3378 2377; x_wconf 80' lang='lat' dir='ltr'>hominibus</span> <span class='ocrx_word' id='word_1_311' title='bbox 3402 2335 3609 2393; x_wconf 65' lang='lat' dir='ltr'>parvae</span> 
     </span>
    </p>
   </div>
   <div class='ocr_carea' id='block_1_45' title="bbox 224 2406 1839 2486">
    <p class='ocr_par' dir='ltr' id='par_1_45' title="bbox 224 2406 1839 2486">
     <span class='ocr_line' id='line_1_45' title="bbox 224 2406 1839 2486; baseline -0.001 -23"><span class='ocrx_word' id='word_1_312' title='bbox 224 2411 562 2486; x_wconf 86' lang='grc' dir='ltr'>κρυπτομένη</span> <span class='ocrx_word' id='word_1_313' title='bbox 647 2409 898 2483; x_wconf 75' lang='grc' dir='ltr'>σπινθὴρ,</span> <span class='ocrx_word' id='word_1_314' title='bbox 934 2410 1137 2483; x_wconf 86' lang='grc' dir='ltr'>πυρσὸς</span> <span class='ocrx_word' id='word_1_315' title='bbox 1194 2406 1243 2460; x_wconf 75' lang='grc' dir='ltr'>ἓν</span> <span class='ocrx_word' id='word_1_316' title='bbox 1301 2407 1475 2469; x_wconf 66' lang='grc' dir='ltr'>αὐτοῖς</span> <span class='ocrx_word' id='word_1_317' title='bbox 1538 2426 1593 2461; x_wconf 89' lang='grc' dir='ltr'>τε</span> <span class='ocrx_word' id='word_1_318' title='bbox 1648 2413 1738 2461; x_wconf 85' lang='grc' dir='ltr'>καὶ</span> <span class='ocrx_word' id='word_1_319' title='bbox 1794 2407 1839 2472; x_wconf 76' lang='grc' dir='ltr'>ἕξ</span> 
     </span>
    </p>
   </div>
   <div class='ocr_carea' id='block_1_46' title="bbox 1997 2406 3612 2486">
    <p class='ocr_par' dir='ltr' id='par_1_46' title="bbox 1997 2407 3612 2484">
     <span class='ocr_line' id='line_1_46' title="bbox 1997 2407 3612 2484; baseline 0.001 -19"><span class='ocrx_word' id='word_1_320' title='bbox 1997 2408 2223 2466; x_wconf 87' lang='lat' dir='ltr'>dinstar</span> <span class='ocrx_word' id='word_1_321' title='bbox 2249 2408 2519 2467; x_wconf 71' lang='lat' dir='ltr'>scintillas</span> <span class='ocrx_word' id='word_1_322' title='bbox 2557 2407 2928 2473; x_wconf 87' lang='lat' dir='ltr'>delitescens,</span> <span class='ocrx_word' id='word_1_323' title='bbox 2992 2409 3055 2465; x_wconf 93' lang='lat' dir='ltr'>in</span> <span class='ocrx_word' id='word_1_324' title='bbox 3116 2408 3261 2484; x_wconf 88' lang='lat' dir='ltr'>ipsis</span> <span class='ocrx_word' id='word_1_325' title='bbox 3313 2415 3494 2483; x_wconf 87' lang='lat' dir='ltr'>atque</span> <span class='ocrx_word' id='word_1_326' title='bbox 3537 2424 3612 2467; x_wconf 80' lang='lat' dir='ltr'>ex</span> 
     </span>
    </p>
   </div>
   <div class='ocr_carea' id='block_1_47' title="bbox 230 2492 1845 2573">
    <p class='ocr_par' dir='ltr' id='par_1_47' title="bbox 230 2492 1842 2573">
     <span class='ocr_line' id='line_1_47' title="bbox 230 2492 1842 2573; baseline -0.001 -21"><span class='ocrx_word' id='word_1_327' title='bbox 230 2499 405 2553; x_wconf 72' lang='grc' dir='ltr'>αὐτῶν</span> <span class='ocrx_word' id='word_1_328' title='bbox 433 2497 661 2572; x_wconf 74' lang='grc' dir='ltr'>ἀνήφθη,</span> <span class='ocrx_word' id='word_1_329' title='bbox 716 2496 940 2570; x_wconf 75' lang='grc' dir='ltr'>ἐμφανὴς</span> <span class='ocrx_word' id='word_1_330' title='bbox 996 2501 1088 2550; x_wconf 82' lang='grc' dir='ltr'>καὶ</span> <span class='ocrx_word' id='word_1_331' title='bbox 1146 2492 1423 2560; x_wconf 86' lang='grc' dir='ltr'>διάδηλος.</span> <span class='ocrx_word' id='word_1_332' title='bbox 1463 2496 1550 2560; x_wconf 80' lang='grc' dir='ltr'>Ὦς</span> <span class='ocrx_word' id='word_1_333' title='bbox 1613 2500 1716 2573; x_wconf 83' lang='grc' dir='ltr'>γὰρ</span> <span class='ocrx_word' id='word_1_334' title='bbox 1774 2494 1842 2557; x_wconf 75' lang='grc' dir='ltr'>δὴ</span> 
     </span>
    </p>
   </div>
   <div class='ocr_carea' id='block_1_48' title="bbox 1995 2492 3610 2573">
    <p class='ocr_par' dir='ltr' id='par_1_48' title="bbox 1995 2495 3610 2569">
     <span class='ocr_line' id='line_1_48' title="bbox 1995 2495 3610 2569; baseline 0.001 -16"><span class='ocrx_word' id='word_1_335' title='bbox 1995 2498 2103 2569; x_wconf 57' lang='lat' dir='ltr'>esis</span> <span class='ocrx_word' id='word_1_336' title='bbox 2126 2512 2382 2555; x_wconf 84' lang='lat' dir='ltr'>accensa</span> <span class='ocrx_word' id='word_1_337' title='bbox 2411 2503 2501 2555; x_wconf 88' lang='lat' dir='ltr'>est</span> <span class='ocrx_word' id='word_1_338' title='bbox 2531 2497 2610 2555; x_wconf 89' lang='lat' dir='ltr'>ad</span> <span class='ocrx_word' id='word_1_339' title='bbox 2637 2495 2891 2555; x_wconf 90' lang='lat' dir='ltr'>modum</span> <span class='ocrx_word' id='word_1_340' title='bbox 2922 2496 3067 2556; x_wconf 79' lang='lat' dir='ltr'>facis</span> <span class='ocrx_word' id='word_1_341' title='bbox 3095 2496 3435 2557; x_wconf 78' lang='lat' dir='ltr'>luculentas.</span> <span class='ocrx_word' id='word_1_342' title='bbox 3464 2499 3610 2556; x_wconf 90' lang='lat' dir='ltr'>Cum</span> 
     </span>
    </p>
   </div>
   <div class='ocr_carea' id='block_1_49' title="bbox 225 2585 1840 2665">
    <p class='ocr_par' dir='ltr' id='par_1_49' title="bbox 225 2586 1840 2665">
     <span class='ocr_line' id='line_1_49' title="bbox 225 2586 1840 2665; baseline -0.002 -22"><span class='ocrx_word' id='word_1_343' title='bbox 225 2594 484 2665; x_wconf 80' lang='grc' dir='ltr'>κρίμασιν</span> <span class='ocrx_word' id='word_1_344' title='bbox 534 2586 919 2649; x_wconf 72' lang='grc' dir='ltr'>ἀκαταλήπτοις</span> <span class='ocrx_word' id='word_1_345' title='bbox 977 2594 1111 2640; x_wconf 86' lang='grc' dir='ltr'>Θεοῦ</span> <span class='ocrx_word' id='word_1_346' title='bbox 1160 2589 1227 2640; x_wconf 81' lang='grc' dir='ltr'>τὰ</span> <span class='ocrx_word' id='word_1_347' title='bbox 1280 2586 1382 2660; x_wconf 72' lang='grc' dir='ltr'>ἑῷα</span> <span class='ocrx_word' id='word_1_348' title='bbox 1435 2594 1627 2661; x_wconf 80' lang='grc' dir='ltr'>μικροῦ</span> <span class='ocrx_word' id='word_1_349' title='bbox 1678 2589 1840 2641; x_wconf 81' lang='grc' dir='ltr'>πάντα</span> 
     </span>
    </p>
   </div>
   <div class='ocr_carea' id='block_1_50' title="bbox 1992 2585 3607 2665">
    <p class='ocr_par' dir='ltr' id='par_1_50' title="bbox 1993 2585 3607 2662">
     <span class='ocr_line' id='line_1_50' title="bbox 1993 2585 3607 2662; baseline 0.001 -20"><span class='ocrx_word' id='word_1_350' title='bbox 1993 2587 2119 2644; x_wconf 90' lang='lat' dir='ltr'>nim</span> <span class='ocrx_word' id='word_1_351' title='bbox 2147 2586 2395 2644; x_wconf 86' lang='lat' dir='ltr'>occultis</span> <span class='ocrx_word' id='word_1_352' title='bbox 2430 2585 2533 2643; x_wconf 89' lang='lat' dir='ltr'>Dei</span> <span class='ocrx_word' id='word_1_353' title='bbox 2556 2585 2802 2658; x_wconf 90' lang='lat' dir='ltr'>judiciis</span> <span class='ocrx_word' id='word_1_354' title='bbox 2820 2601 3034 2643; x_wconf 90' lang='lat' dir='ltr'>omnes</span> <span class='ocrx_word' id='word_1_355' title='bbox 3054 2587 3175 2645; x_wconf 80' lang='lat' dir='ltr'>fere</span> <span class='ocrx_word' id='word_1_356' title='bbox 3201 2588 3452 2647; x_wconf 88' lang='lat' dir='ltr'>Orientis</span> <span class='ocrx_word' id='word_1_357' title='bbox 3476 2603 3607 2662; x_wconf 85' lang='lat' dir='ltr'>par-</span> 
     </span>
    </p>
   </div>
   <div class='ocr_carea' id='block_1_51' title="bbox 227 2672 1842 2752">
    <p class='ocr_par' dir='ltr' id='par_1_51' title="bbox 227 2672 1842 2752">
     <span class='ocr_line' id='line_1_51' title="bbox 227 2672 1842 2752; baseline -0.003 -18"><span class='ocrx_word' id='word_1_358' title='bbox 227 2688 329 2741; x_wconf 85' lang='grc' dir='ltr'>τῆς</span> <span class='ocrx_word' id='word_1_359' title='bbox 369 2686 474 2731; x_wconf 83' lang='grc' dir='ltr'>τῶν</span> <span class='ocrx_word' id='word_1_360' title='bbox 527 2676 792 2751; x_wconf 88' lang='grc' dir='ltr'>Ῥωμαίων</span> <span class='ocrx_word' id='word_1_361' title='bbox 833 2675 1011 2752; x_wconf 89' lang='grc' dir='ltr'>ἀρχῆς</span> <span class='ocrx_word' id='word_1_362' title='bbox 1074 2672 1407 2749; x_wconf 82' lang='grc' dir='ltr'>κατέδραμόν</span> <span class='ocrx_word' id='word_1_363' title='bbox 1462 2694 1519 2728; x_wconf 84' lang='grc' dir='ltr'>τε</span> <span class='ocrx_word' id='word_1_364' title='bbox 1559 2680 1650 2729; x_wconf 82' lang='grc' dir='ltr'>καὶ</span> <span class='ocrx_word' id='word_1_365' title='bbox 1706 2675 1842 2736; x_wconf 82' lang='grc' dir='ltr'>ἐληί-</span> 
     </span>
    </p>
   </div>
   <div class='ocr_carea' id='block_1_52' title="bbox 1997 2672 3612 2752">
    <p class='ocr_par' dir='ltr' id='par_1_52' title="bbox 1997 2674 3612 2749">
     <span class='ocr_line' id='line_1_52' title="bbox 1997 2674 3612 2749; baseline 0.001 -18"><span class='ocrx_word' id='word_1_366' title='bbox 1997 2692 2062 2746; x_wconf 67' lang='lat' dir='ltr'>:s,</span> <span class='ocrx_word' id='word_1_367' title='bbox 2108 2677 2381 2734; x_wconf 81' lang='lat' dir='ltr'>Romano</span> <span class='ocrx_word' id='word_1_368' title='bbox 2425 2676 2680 2749; x_wconf 88' lang='lat' dir='ltr'>imperio</span> <span class='ocrx_word' id='word_1_369' title='bbox 2748 2674 3041 2747; x_wconf 89' lang='lat' dir='ltr'>subditas,</span> <span class='ocrx_word' id='word_1_370' title='bbox 3098 2677 3324 2749; x_wconf 89' lang='lat' dir='ltr'>posteri</span> <span class='ocrx_word' id='word_1_371' title='bbox 3380 2676 3612 2734; x_wconf 76' lang='lat' dir='ltr'>ancillas</span> 
     </span>
    </p>
   </div>
   <div class='ocr_carea' id='block_1_53' title="bbox 233 2762 1848 2843">
    <p class='ocr_par' dir='ltr' id='par_1_53' title="bbox 233 2762 1847 2843">
     <span class='ocr_line' id='line_1_53' title="bbox 233 2762 1847 2843; baseline -0.002 -21"><span class='ocrx_word' id='word_1_372' title='bbox 233 2788 419 2837; x_wconf 85' lang='grc' dir='ltr'>σαντο,</span> <span class='ocrx_word' id='word_1_373' title='bbox 446 2771 538 2821; x_wconf 84' lang='grc' dir='ltr'>καὶ</span> <span class='ocrx_word' id='word_1_374' title='bbox 566 2769 661 2829; x_wconf 82' lang='grc' dir='ltr'>τὰς</span> <span class='ocrx_word' id='word_1_375' title='bbox 690 2766 857 2821; x_wconf 70' lang='grc' dir='ltr'>ἐκεῖσε</span> <span class='ocrx_word' id='word_1_376' title='bbox 912 2766 1086 2830; x_wconf 83' lang='grc' dir='ltr'>πόλεις</span> <span class='ocrx_word' id='word_1_377' title='bbox 1150 2769 1201 2820; x_wconf 82' lang='grc' dir='ltr'>οἱ</span> <span class='ocrx_word' id='word_1_378' title='bbox 1265 2774 1362 2827; x_wconf 91' lang='grc' dir='ltr'>τῆς</span> <span class='ocrx_word' id='word_1_379' title='bbox 1415 2762 1610 2829; x_wconf 82' lang='grc' dir='ltr'>δούλης</span> <span class='ocrx_word' id='word_1_380' title='bbox 1673 2765 1847 2843; x_wconf 73' lang='grc' dir='ltr'>Ἀγαρ</span> 
     </span>
    </p>
   </div>
   <div class='ocr_carea' id='block_1_54' title="bbox 1997 2762 3612 2843">
    <p class='ocr_par' dir='ltr' id='par_1_54' title="bbox 1997 2763 3612 2839">
     <span class='ocr_line' id='line_1_54' title="bbox 1997 2763 3612 2839; baseline 0.001 -20"><span class='ocrx_word' id='word_1_381' title='bbox 1997 2779 2117 2835; x_wconf 89' lang='lat' dir='ltr'>.gar</span> <span class='ocrx_word' id='word_1_382' title='bbox 2136 2764 2258 2821; x_wconf 89' lang='lat' dir='ltr'>suis</span> <span class='ocrx_word' id='word_1_383' title='bbox 2285 2763 2739 2822; x_wconf 86' lang='lat' dir='ltr'>excursionibus</span> <span class='ocrx_word' id='word_1_384' title='bbox 2752 2768 3059 2822; x_wconf 88' lang='lat' dir='ltr'>vastarent</span> <span class='ocrx_word' id='word_1_385' title='bbox 3071 2779 3142 2822; x_wconf 92' lang='lat' dir='ltr'>ac</span> <span class='ocrx_word' id='word_1_386' title='bbox 3166 2764 3612 2839; x_wconf 89' lang='lat' dir='ltr'>depopularen-</span> 
     </span>
    </p>
   </div>
   <div class='ocr_carea' id='block_1_55' title="bbox 234 2852 1849 2934">
    <p class='ocr_par' dir='ltr' id='par_1_55' title="bbox 234 2852 1849 2934">
     <span class='ocr_line' id='line_1_55' title="bbox 234 2852 1849 2934; baseline -0.001 -23"><span class='ocrx_word' id='word_1_387' title='bbox 234 2857 487 2931; x_wconf 79' lang='grc' dir='ltr'>ἀπόγονοι</span> <span class='ocrx_word' id='word_1_388' title='bbox 514 2862 936 2934; x_wconf 79' lang='grc' dir='ltr'>παρεστήσαντο,</span> <span class='ocrx_word' id='word_1_389' title='bbox 967 2860 1056 2909; x_wconf 84' lang='grc' dir='ltr'>καὶ</span> <span class='ocrx_word' id='word_1_390' title='bbox 1109 2857 1139 2915; x_wconf 78' lang='grc' dir='ltr'>ἡ</span> <span class='ocrx_word' id='word_1_391' title='bbox 1201 2852 1397 2933; x_wconf 79' lang='grc' dir='ltr'>ῥάϐδος</span> <span class='ocrx_word' id='word_1_392' title='bbox 1451 2863 1551 2909; x_wconf 87' lang='grc' dir='ltr'>τῶν</span> <span class='ocrx_word' id='word_1_393' title='bbox 1602 2855 1849 2930; x_wconf 88' lang='grc' dir='ltr'>ἀμαρτω-</span> 
     </span>
    </p>
   </div>
   <div class='ocr_carea' id='block_1_56' title="bbox 2002 2852 3617 2934">
    <p class='ocr_par' dir='ltr' id='par_1_56' title="bbox 2002 2852 3617 2928">
     <span class='ocr_line' id='line_1_56' title="bbox 2002 2852 3617 2928; baseline 0.002 -19"><span class='ocrx_word' id='word_1_394' title='bbox 2002 2868 2074 2922; x_wconf 81' lang='lat' dir='ltr'>1r,</span> <span class='ocrx_word' id='word_1_395' title='bbox 2143 2853 2322 2912; x_wconf 82' lang='lat' dir='ltr'>etiam</span> <span class='ocrx_word' id='word_1_396' title='bbox 2379 2853 2777 2927; x_wconf 88' lang='lat' dir='ltr'>subjugarent</span> <span class='ocrx_word' id='word_1_397' title='bbox 2836 2852 3103 2911; x_wconf 82' lang='lat' dir='ltr'>civitates</span> <span class='ocrx_word' id='word_1_398' title='bbox 3158 2853 3502 2928; x_wconf 86' lang='lat' dir='ltr'>plerasque,</span> <span class='ocrx_word' id='word_1_399' title='bbox 3559 2860 3617 2913; x_wconf 87' lang='lat' dir='ltr'>et</span> 
     </span>
    </p>
   </div>
   <div class='ocr_carea' id='block_1_57' title="bbox 233 2941 1848 3021">
    <p class='ocr_par' dir='ltr' id='par_1_57' title="bbox 233 2941 1848 3021">
     <span class='ocr_line' id='line_1_57' title="bbox 233 2941 1848 3021; baseline -0.002 -20"><span class='ocrx_word' id='word_1_400' title='bbox 233 2947 339 3001; x_wconf 81' lang='grc' dir='ltr'>λῶν</span> <span class='ocrx_word' id='word_1_401' title='bbox 375 2950 511 3001; x_wconf 82' lang='grc' dir='ltr'>κοιτά</span> <span class='ocrx_word' id='word_1_402' title='bbox 548 2953 641 3001; x_wconf 89' lang='grc' dir='ltr'>τοῦ</span> <span class='ocrx_word' id='word_1_403' title='bbox 696 2946 892 3021; x_wconf 77' lang='grc' dir='ltr'>κλήρου</span> <span class='ocrx_word' id='word_1_404' title='bbox 928 2953 1029 3000; x_wconf 85' lang='grc' dir='ltr'>τῶν</span> <span class='ocrx_word' id='word_1_405' title='bbox 1083 2941 1304 2999; x_wconf 83' lang='grc' dir='ltr'>δικαίῶν</span> <span class='ocrx_word' id='word_1_406' title='bbox 1364 2943 1615 3020; x_wconf 70' lang='grc' dir='ltr'>ἀφεθεῖσα</span> <span class='ocrx_word' id='word_1_407' title='bbox 1652 2942 1681 3004; x_wconf 70' lang='grc' dir='ltr'><strong>ἦ</strong></span> <span class='ocrx_word' id='word_1_408' title='bbox 1723 2947 1848 2999; x_wconf 87' lang='grc' dir='ltr'>πάν-</span> 
     </span>
    </p>
   </div>
   <div class='ocr_carea' id='block_1_58' title="bbox 2001 2941 3616 3021">
    <p class='ocr_par' dir='ltr' id='par_1_58' title="bbox 2003 2942 3616 3019">
     <span class='ocr_line' id='line_1_58' title="bbox 2003 2942 3616 3019; baseline 0.001 -20"><span class='ocrx_word' id='word_1_409' title='bbox 2003 2942 2134 3016; x_wconf 88' lang='lat' dir='ltr'>irga</span> <span class='ocrx_word' id='word_1_410' title='bbox 2157 2946 2543 3019; x_wconf 90' lang='lat' dir='ltr'>peccatorum</span> <span class='ocrx_word' id='word_1_411' title='bbox 2569 2942 3086 3013; x_wconf 86' lang='lat' dir='ltr'>contrajustornm</span> <span class='ocrx_word' id='word_1_412' title='bbox 3100 2950 3322 3002; x_wconf 88' lang='lat' dir='ltr'>sortem</span> <span class='ocrx_word' id='word_1_413' title='bbox 3341 2943 3616 3001; x_wconf 88' lang='lat' dir='ltr'>immissa</span> 
     </span>
    </p>
   </div>
   <div class='ocr_carea' id='block_1_59' title="bbox 240 3033 1855 3111">
    <p class='ocr_par' dir='ltr' id='par_1_59' title="bbox 240 3034 1855 3111">
     <span class='ocr_line' id='line_1_59' title="bbox 240 3034 1855 3111; baseline -0.001 -21"><span class='ocrx_word' id='word_1_414' title='bbox 240 3056 346 3099; x_wconf 86' lang='grc' dir='ltr'>τως</span> <span class='ocrx_word' id='word_1_415' title='bbox 379 3056 438 3109; x_wconf 87' lang='grc' dir='ltr'>γε</span> <span class='ocrx_word' id='word_1_416' title='bbox 464 3043 567 3091; x_wconf 84' lang='grc' dir='ltr'>τῶν</span> <span class='ocrx_word' id='word_1_417' title='bbox 619 3036 788 3098; x_wconf 80' lang='grc' dir='ltr'>καλῶς</span> <span class='ocrx_word' id='word_1_418' title='bbox 851 3034 1146 3109; x_wconf 77' lang='grc' dir='ltr'>έγνωκότων</span> <span class='ocrx_word' id='word_1_419' title='bbox 1205 3038 1333 3089; x_wconf 85' lang='grc' dir='ltr'>Θεὸν</span> <span class='ocrx_word' id='word_1_420' title='bbox 1406 3039 1498 3088; x_wconf 85' lang='grc' dir='ltr'>καὶ</span> <span class='ocrx_word' id='word_1_421' title='bbox 1566 3038 1704 3110; x_wconf 81' lang='grc' dir='ltr'>μόνῳ</span> <span class='ocrx_word' id='word_1_422' title='bbox 1763 3034 1855 3111; x_wconf 83' lang='grc' dir='ltr'>λα-</span> 
     </span>
    </p>
   </div>
   <div class='ocr_carea' id='block_1_60' title="bbox 2004 3033 3619 3111">
    <p class='ocr_par' dir='ltr' id='par_1_60' title="bbox 2004 3033 3619 3107">
     <span class='ocr_line' id='line_1_60' title="bbox 2004 3033 3619 3107; baseline -0.001 -17"><span class='ocrx_word' id='word_1_423' title='bbox 2004 3048 2175 3090; x_wconf 91' lang='lat' dir='ltr'>orum</span> <span class='ocrx_word' id='word_1_424' title='bbox 2199 3034 2305 3107; x_wconf 90' lang='lat' dir='ltr'>qui</span> <span class='ocrx_word' id='word_1_425' title='bbox 2337 3037 2493 3091; x_wconf 87' lang='lat' dir='ltr'>recte</span> <span class='ocrx_word' id='word_1_426' title='bbox 2528 3035 2716 3090; x_wconf 86' lang='lat' dir='ltr'>Deum</span> <span class='ocrx_word' id='word_1_427' title='bbox 2744 3037 3037 3091; x_wconf 85' lang='lat' dir='ltr'>noverant</span> <span class='ocrx_word' id='word_1_428' title='bbox 3061 3033 3235 3107; x_wconf 91' lang='lat' dir='ltr'>eique</span> <span class='ocrx_word' id='word_1_429' title='bbox 3264 3033 3377 3090; x_wconf 89' lang='lat' dir='ltr'>soli</span> <span class='ocrx_word' id='word_1_430' title='bbox 3408 3033 3619 3090; x_wconf 80' lang='lat' dir='ltr'>servie-</span> 
     </span>
    </p>
   </div>
   <div class='ocr_carea' id='block_1_61' title="bbox 234 3121 1849 3209">
    <p class='ocr_par' dir='ltr' id='par_1_61' title="bbox 234 3121 1849 3204">
     <span class='ocr_line' id='line_1_61' title="bbox 234 3121 1849 3204; baseline -0.003 -23"><span class='ocrx_word' id='word_1_431' title='bbox 234 3130 517 3204; x_wconf 84' lang='grc' dir='ltr'>τρευὸντων</span> <span class='ocrx_word' id='word_1_432' title='bbox 583 3125 726 3198; x_wconf 82' lang='grc' dir='ltr'>αύτῷ</span> <span class='ocrx_word' id='word_1_433' title='bbox 781 3128 848 3179; x_wconf 83' lang='grc' dir='ltr'>τὰ</span> <span class='ocrx_word' id='word_1_434' title='bbox 914 3128 1086 3179; x_wconf 84' lang='grc' dir='ltr'>πάντα</span> <span class='ocrx_word' id='word_1_435' title='bbox 1148 3121 1349 3199; x_wconf 85' lang='grc' dir='ltr'>σχεδὸν</span> <span class='ocrx_word' id='word_1_436' title='bbox 1424 3123 1772 3196; x_wconf 81' lang='grc' dir='ltr'>κατηλόησεν,</span> <span class='ocrx_word' id='word_1_437' title='bbox 1822 3125 1849 3186; x_wconf 76' lang='grc' dir='ltr'><strong>ἣ</strong></span> 
     </span>
    </p>
   </div>
   <div class='ocr_carea' id='block_1_62' title="bbox 2004 3121 3619 3209">
    <p class='ocr_par' dir='ltr' id='par_1_62' title="bbox 2004 3121 3619 3197">
     <span class='ocr_line' id='line_1_62' title="bbox 2004 3121 3619 3197; baseline -0.001 -17"><span class='ocrx_word' id='word_1_438' title='bbox 2004 3128 2116 3180; x_wconf 76' lang='lat' dir='ltr'>aut</span> <span class='ocrx_word' id='word_1_439' title='bbox 2143 3124 2350 3181; x_wconf 90' lang='lat' dir='ltr'>omnia</span> <span class='ocrx_word' id='word_1_440' title='bbox 2373 3122 2678 3197; x_wconf 89' lang='lat' dir='ltr'>diriperet,</span> <span class='ocrx_word' id='word_1_441' title='bbox 2703 3121 2800 3180; x_wconf 86' lang='lat' dir='ltr'>vel</span> <span class='ocrx_word' id='word_1_442' title='bbox 2854 3122 3057 3197; x_wconf 90' lang='lat' dir='ltr'>potius</span> <span class='ocrx_word' id='word_1_443' title='bbox 3101 3128 3401 3181; x_wconf 81' lang='lat' dir='ltr'>excuteret</span> <span class='ocrx_word' id='word_1_444' title='bbox 3453 3123 3619 3180; x_wconf 87' lang='lat' dir='ltr'>velut</span> 
     </span>
    </p>
   </div>
   <div class='ocr_carea' id='block_1_63' title="bbox 232 3211 1847 3291">
    <p class='ocr_par' dir='ltr' id='par_1_63' title="bbox 232 3211 1847 3291">
     <span class='ocr_line' id='line_1_63' title="bbox 232 3211 1847 3291; baseline -0.004 -20"><span class='ocrx_word' id='word_1_445' title='bbox 232 3216 428 3291; x_wconf 81' lang='grc' dir='ltr'>μᾶλλον</span> <span class='ocrx_word' id='word_1_446' title='bbox 462 3219 589 3270; x_wconf 82' lang='grc' dir='ltr'>ὡσεὶ</span> <span class='ocrx_word' id='word_1_447' title='bbox 640 3222 803 3289; x_wconf 82' lang='grc' dir='ltr'>χνοῦν</span> <span class='ocrx_word' id='word_1_448' title='bbox 870 3213 1222 3289; x_wconf 87' lang='grc' dir='ltr'>ἀπελίκμησεν</span> <span class='ocrx_word' id='word_1_449' title='bbox 1254 3236 1267 3250; x_wconf 70' lang='grc' dir='ltr'><strong><em>υ</em></strong></span> <span class='ocrx_word' id='word_1_450' title='bbox 1320 3214 1422 3268; x_wconf 74' lang='grc' dir='ltr'>ὑπὸ</span> <span class='ocrx_word' id='word_1_451' title='bbox 1469 3221 1581 3276; x_wconf 88' lang='grc' dir='ltr'>τοῖς</span> <span class='ocrx_word' id='word_1_452' title='bbox 1620 3211 1847 3281; x_wconf 69' lang='grc' dir='ltr'>ἀσεϐέσι,</span> 
     </span>
    </p>
   </div>
   <div class='ocr_carea' id='block_1_64' title="bbox 2000 3211 3615 3291">
    <p class='ocr_par' dir='ltr' id='par_1_64' title="bbox 2000 3211 3615 3287">
     <span class='ocr_line' id='line_1_64' title="bbox 2000 3211 3615 3287; baseline 0.002 -21"><span class='ocrx_word' id='word_1_453' title='bbox 2000 3211 2298 3282; x_wconf 60' lang='lat' dir='ltr'>iulverem;</span> <span class='ocrx_word' id='word_1_454' title='bbox 2330 3212 2584 3285; x_wconf 89' lang='lat' dir='ltr'>pulchra</span> <span class='ocrx_word' id='word_1_455' title='bbox 2611 3227 2858 3287; x_wconf 90' lang='lat' dir='ltr'>quoque</span> <span class='ocrx_word' id='word_1_456' title='bbox 2873 3211 3615 3282; x_wconf 88' lang='lat' dir='ltr'>Damascus(beucalami-</span> 
     </span>
    </p>
   </div>
   <div class='ocr_carea' id='block_1_65' title="bbox 233 3300 1848 3383">
    <p class='ocr_par' dir='ltr' id='par_1_65' title="bbox 233 3304 1848 3383">
     <span class='ocr_line' id='line_1_65' title="bbox 233 3304 1848 3383; baseline -0.002 -22"><span class='ocrx_word' id='word_1_457' title='bbox 233 3314 329 3383; x_wconf 71' lang='grc' dir='ltr'>φεῦ</span> <span class='ocrx_word' id='word_1_458' title='bbox 364 3306 786 3381; x_wconf 72' lang='grc' dir='ltr'>συμφορᾶςεκαὶ</span> <span class='ocrx_word' id='word_1_459' title='bbox 850 3307 880 3366; x_wconf 75' lang='grc' dir='ltr'>ἡ</span> <span class='ocrx_word' id='word_1_460' title='bbox 936 3304 1065 3365; x_wconf 75' lang='grc' dir='ltr'>καλὴ</span> <span class='ocrx_word' id='word_1_461' title='bbox 1138 3309 1318 3379; x_wconf 83' lang='grc' dir='ltr'>γέγονε</span> <span class='ocrx_word' id='word_1_462' title='bbox 1386 3307 1689 3378; x_wconf 84' lang='grc' dir='ltr'>Δαμασκός.</span> <span class='ocrx_word' id='word_1_463' title='bbox 1744 3310 1848 3358; x_wconf 62' lang='grc' dir='ltr'>Τῶν</span> 
     </span>
    </p>
   </div>
   <div class='ocr_carea' id='block_1_66' title="bbox 2001 3300 3616 3383">
    <p class='ocr_par' dir='ltr' id='par_1_66' title="bbox 2001 3300 3616 3376">
     <span class='ocr_line' id='line_1_66' title="bbox 2001 3300 3616 3376; baseline -0.001 -16"><span class='ocrx_word' id='word_1_464' title='bbox 2001 3302 2103 3374; x_wconf 79' lang='lat' dir='ltr'>as!)</span> <span class='ocrx_word' id='word_1_465' title='bbox 2134 3301 2248 3360; x_wconf 87' lang='lat' dir='ltr'>sub</span> <span class='ocrx_word' id='word_1_466' title='bbox 2277 3301 2607 3376; x_wconf 89' lang='lat' dir='ltr'>impiorum</span> <span class='ocrx_word' id='word_1_467' title='bbox 2658 3300 2897 3359; x_wconf 89' lang='lat' dir='ltr'>illorum</span> <span class='ocrx_word' id='word_1_468' title='bbox 2948 3306 3304 3375; x_wconf 87' lang='lat' dir='ltr'>potestatem</span> <span class='ocrx_word' id='word_1_469' title='bbox 3353 3302 3616 3360; x_wconf 84' lang='lat' dir='ltr'>devenit.</span> 
     </span>
    </p>
   </div>
   <div class='ocr_carea' id='block_1_67' title="bbox 229 3390 1844 3478">
    <p class='ocr_par' dir='ltr' id='par_1_67' title="bbox 229 3392 1844 3472">
     <span class='ocr_line' id='line_1_67' title="bbox 229 3392 1844 3472; baseline -0.003 -21"><span class='ocrx_word' id='word_1_470' title='bbox 229 3396 322 3451; x_wconf 78' lang='grc' dir='ltr'>οὖν</span> <span class='ocrx_word' id='word_1_471' title='bbox 377 3394 428 3448; x_wconf 76' lang='grc' dir='ltr'>ἓν</span> <span class='ocrx_word' id='word_1_472' title='bbox 462 3395 594 3469; x_wconf 73' lang='grc' dir='ltr'>αὐτῇ</span> <span class='ocrx_word' id='word_1_473' title='bbox 651 3396 877 3463; x_wconf 85' lang='grc' dir='ltr'>πάντων,</span> <span class='ocrx_word' id='word_1_474' title='bbox 933 3403 1029 3454; x_wconf 85' lang='grc' dir='ltr'>τῆν</span> <span class='ocrx_word' id='word_1_475' title='bbox 1225 3397 1413 3472; x_wconf 79' lang='grc' dir='ltr'>μικρὸν</span> <span class='ocrx_word' id='word_1_476' title='bbox 1470 3392 1844 3467; x_wconf 50' lang='grc' dir='ltr'>ἀντισχόντων</span> 
     </span>
    </p>
   </div>
   <div class='ocr_carea' id='block_1_68' title="bbox 2009 3390 3624 3478">
    <p class='ocr_par' dir='ltr' id='par_1_68' title="bbox 2009 3390 3624 3467">
     <span class='ocr_line' id='line_1_68' title="bbox 2009 3390 3624 3467; baseline -0.001 -16"><span class='ocrx_word' id='word_1_477' title='bbox 2009 3395 2060 3453; x_wconf 71' lang='lat' dir='ltr'>ix</span> <span class='ocrx_word' id='word_1_478' title='bbox 2085 3392 2372 3450; x_wconf 88' lang='lat' dir='ltr'>omnibus</span> <span class='ocrx_word' id='word_1_479' title='bbox 2400 3393 2604 3466; x_wconf 88' lang='lat' dir='ltr'>itaque</span> <span class='ocrx_word' id='word_1_480' title='bbox 2634 3390 2790 3449; x_wconf 89' lang='lat' dir='ltr'>illius</span> <span class='ocrx_word' id='word_1_481' title='bbox 2835 3392 3069 3459; x_wconf 88' lang='lat' dir='ltr'>incolis,</span> <span class='ocrx_word' id='word_1_482' title='bbox 3131 3392 3436 3467; x_wconf 83' lang='lat' dir='ltr'>aliquibus</span> <span class='ocrx_word' id='word_1_483' title='bbox 3476 3409 3624 3450; x_wconf 91' lang='lat' dir='ltr'>non-</span> 
     </span>
    </p>
   </div>
   <div class='ocr_carea' id='block_1_69' title="bbox 226 3480 1841 3559">
    <p class='ocr_par' dir='ltr' id='par_1_69' title="bbox 226 3481 1841 3559">
     <span class='ocr_line' id='line_1_69' title="bbox 226 3481 1841 3559; baseline -0.002 -20"><span class='ocrx_word' id='word_1_484' title='bbox 226 3493 335 3540; x_wconf 86' lang='grc' dir='ltr'>τῶν</span> <span class='ocrx_word' id='word_1_485' title='bbox 395 3481 457 3538; x_wconf 57' lang='grc' dir='ltr'>δε</span> <span class='ocrx_word' id='word_1_486' title='bbox 509 3482 564 3537; x_wconf 72' lang='grc' dir='ltr'>ἔκ</span> <span class='ocrx_word' id='word_1_487' title='bbox 638 3489 851 3559; x_wconf 81' lang='grc' dir='ltr'>πρώτης</span> <span class='ocrx_word' id='word_1_488' title='bbox 908 3488 1004 3544; x_wconf 79' lang='grc' dir='ltr'>τὴν</span> <span class='ocrx_word' id='word_1_489' title='bbox 1070 3482 1330 3537; x_wconf 71' lang='grc' dir='ltr'>εὐσέϐειαν</span> <span class='ocrx_word' id='word_1_490' title='bbox 1410 3482 1841 3558; x_wconf 46' lang='grc' dir='ltr'>ἀπομοσαμένωνε</span> 
     </span>
    </p>
   </div>
   <div class='ocr_carea' id='block_1_70' title="bbox 2008 3480 3623 3559">
    <p class='ocr_par' dir='ltr' id='par_1_70' title="bbox 2011 3480 3623 3555">
     <span class='ocr_line' id='line_1_70' title="bbox 2011 3480 3623 3555; baseline -0.001 -16"><span class='ocrx_word' id='word_1_491' title='bbox 2011 3482 2114 3539; x_wconf 89' lang='lat' dir='ltr'>ihil</span> <span class='ocrx_word' id='word_1_492' title='bbox 2130 3481 2581 3553; x_wconf 87' lang='lat' dir='ltr'>reluctantibus,</span> <span class='ocrx_word' id='word_1_493' title='bbox 2610 3480 2983 3555; x_wconf 82' lang='lat' dir='ltr'>quibusdam</span> <span class='ocrx_word' id='word_1_494' title='bbox 3017 3481 3116 3539; x_wconf 88' lang='lat' dir='ltr'>Dei</span> <span class='ocrx_word' id='word_1_495' title='bbox 3154 3482 3382 3539; x_wconf 88' lang='lat' dir='ltr'>cultum</span> <span class='ocrx_word' id='word_1_496' title='bbox 3408 3482 3486 3539; x_wconf 86' lang='lat' dir='ltr'>ab</span> <span class='ocrx_word' id='word_1_497' title='bbox 3515 3482 3623 3539; x_wconf 85' lang='lat' dir='ltr'>ini-</span> 
     </span>
    </p>
   </div>
   <div class='ocr_carea' id='block_1_71' title="bbox 229 3568 1844 3648">
    <p class='ocr_par' dir='ltr' id='par_1_71' title="bbox 229 3568 1844 3648">
     <span class='ocr_line' id='line_1_71' title="bbox 229 3568 1844 3648; baseline -0.004 -18"><span class='ocrx_word' id='word_1_498' title='bbox 229 3578 379 3630; x_wconf 73' lang='grc' dir='ltr'>ἑνίων</span> <span class='ocrx_word' id='word_1_499' title='bbox 408 3570 471 3628; x_wconf 69' lang='grc' dir='ltr'>δε</span> <span class='ocrx_word' id='word_1_500' title='bbox 498 3578 587 3626; x_wconf 82' lang='grc' dir='ltr'>καὶ</span> <span class='ocrx_word' id='word_1_501' title='bbox 616 3575 957 3648; x_wconf 86' lang='grc' dir='ltr'>τηρησάντων</span> <span class='ocrx_word' id='word_1_502' title='bbox 987 3573 1005 3646; x_wconf 87' lang='grc'>(</span> <span class='ocrx_word' id='word_1_503' title='bbox 1034 3574 1169 3626; x_wconf 86' lang='grc' dir='ltr'>πάνυ</span> <span class='ocrx_word' id='word_1_504' title='bbox 1198 3568 1257 3627; x_wconf 71' lang='grc' dir='ltr'>δε</span> <span class='ocrx_word' id='word_1_505' title='bbox 1291 3574 1484 3627; x_wconf 83' lang='grc' dir='ltr'>τούτων</span> <span class='ocrx_word' id='word_1_506' title='bbox 1538 3569 1788 3647; x_wconf 75' lang='grc' dir='ltr'>βραχέων</span> <span class='ocrx_word' id='word_1_507' title='bbox 1831 3572 1844 3637; x_wconf 59' lang='grc' dir='ltr'><em>λ</em></span> 
     </span>
    </p>
   </div>
   <div class='ocr_carea' id='block_1_72' title="bbox 2007 3568 3622 3648">
    <p class='ocr_par' dir='ltr' id='par_1_72' title="bbox 2011 3571 3622 3645">
     <span class='ocr_line' id='line_1_72' title="bbox 2011 3571 3622 3645; baseline -0.002 -15"><span class='ocrx_word' id='word_1_508' title='bbox 2011 3571 2462 3644; x_wconf 87' lang='lat' dir='ltr'>oejurantibus,</span> <span class='ocrx_word' id='word_1_509' title='bbox 2500 3571 2804 3629; x_wconf 89' lang='lat' dir='ltr'>nonnullis</span> <span class='ocrx_word' id='word_1_510' title='bbox 2830 3586 2972 3629; x_wconf 85' lang='lat' dir='ltr'>vero</span> <span class='ocrx_word' id='word_1_511' title='bbox 3029 3572 3157 3644; x_wconf 90' lang='lat' dir='ltr'>(qui</span> <span class='ocrx_word' id='word_1_512' title='bbox 3213 3572 3380 3628; x_wconf 75' lang='lat' dir='ltr'>valde</span> <span class='ocrx_word' id='word_1_513' title='bbox 3444 3571 3622 3645; x_wconf 89' lang='lat' dir='ltr'>pauci</span> 
     </span>
    </p>
   </div>
   <div class='ocr_carea' id='block_1_73' title="bbox 227 3660 1842 3737">
    <p class='ocr_par' dir='ltr' id='par_1_73' title="bbox 227 3660 1842 3737">
     <span class='ocr_line' id='line_1_73' title="bbox 227 3660 1842 3737; baseline -0.003 -18"><span class='ocrx_word' id='word_1_514' title='bbox 227 3669 294 3719; x_wconf 84' lang='grc' dir='ltr'>τὸ</span> <span class='ocrx_word' id='word_1_515' title='bbox 336 3662 490 3725; x_wconf 82' lang='grc' dir='ltr'>σέϐας</span> <span class='ocrx_word' id='word_1_516' title='bbox 520 3660 615 3719; x_wconf 79' lang='grc' dir='ltr'>διὰ</span> <span class='ocrx_word' id='word_1_517' title='bbox 660 3662 836 3727; x_wconf 85' lang='grc' dir='ltr'>τέλους</span> <span class='ocrx_word' id='word_1_518' title='bbox 889 3661 1192 3737; x_wconf 76' lang='grc' dir='ltr'>ἀμόλυντον,</span> <span class='ocrx_word' id='word_1_519' title='bbox 1252 3667 1345 3715; x_wconf 84' lang='grc' dir='ltr'>καὶ</span> <span class='ocrx_word' id='word_1_520' title='bbox 1405 3663 1455 3715; x_wconf 85' lang='grc' dir='ltr'>οἱ</span> <span class='ocrx_word' id='word_1_521' title='bbox 1492 3668 1584 3715; x_wconf 88' lang='grc' dir='ltr'>τοῦ</span> <span class='ocrx_word' id='word_1_522' title='bbox 1621 3660 1842 3735; x_wconf 68' lang='grc' dir='ltr'>μεγάλοι</span> 
     </span>
    </p>
   </div>
   <div class='ocr_carea' id='block_1_74' title="bbox 2005 3660 3620 3737">
    <p class='ocr_par' dir='ltr' id='par_1_74' title="bbox 2005 3660 3620 3736">
     <span class='ocr_line' id='line_1_74' title="bbox 2005 3660 3620 3736; baseline -0.001 -18"><span class='ocrx_word' id='word_1_523' title='bbox 2005 3660 2556 3736; x_wconf 85' lang='lat' dir='ltr'>rant)impollutam</span> <span class='ocrx_word' id='word_1_524' title='bbox 2619 3676 2818 3735; x_wconf 90' lang='lat' dir='ltr'>usque</span> <span class='ocrx_word' id='word_1_525' title='bbox 2861 3661 2941 3717; x_wconf 91' lang='lat' dir='ltr'>ad</span> <span class='ocrx_word' id='word_1_526' title='bbox 2987 3660 3173 3717; x_wconf 80' lang='lat' dir='ltr'>finem</span> <span class='ocrx_word' id='word_1_527' title='bbox 3236 3660 3620 3719; x_wconf 82' lang='lat' dir='ltr'>servantibus</span> 
     </span>
    </p>
   </div>
   <div class='ocr_carea' id='block_1_75' title="bbox 228 3748 1843 3827">
    <p class='ocr_par' dir='ltr' id='par_1_75' title="bbox 228 3748 1843 3827">
     <span class='ocr_line' id='line_1_75' title="bbox 228 3748 1843 3827; baseline -0.003 -19"><span class='ocrx_word' id='word_1_528' title='bbox 228 3756 423 3809; x_wconf 84' lang='grc' dir='ltr'>τούτου</span> <span class='ocrx_word' id='word_1_529' title='bbox 464 3759 560 3815; x_wconf 82' lang='grc' dir='ltr'>τῆς</span> <span class='ocrx_word' id='word_1_530' title='bbox 599 3750 858 3814; x_wconf 71' lang='grc' dir='ltr'>εὐσεϐείας</span> <span class='ocrx_word' id='word_1_531' title='bbox 906 3748 1241 3805; x_wconf 75' lang='grc' dir='ltr'>διδασκάλου</span> <span class='ocrx_word' id='word_1_532' title='bbox 1300 3754 1389 3804; x_wconf 85' lang='grc' dir='ltr'>καὶ</span> <span class='ocrx_word' id='word_1_533' title='bbox 1439 3754 1671 3827; x_wconf 76' lang='grc' dir='ltr'>κήρυκος</span> <span class='ocrx_word' id='word_1_534' title='bbox 1724 3755 1843 3823; x_wconf 87' lang='grc' dir='ltr'>πρό-</span> 
     </span>
    </p>
   </div>
   <div class='ocr_carea' id='block_1_76' title="bbox 2006 3748 3621 3827">
    <p class='ocr_par' dir='ltr' id='par_1_76' title="bbox 2006 3749 3621 3824">
     <span class='ocr_line' id='line_1_76' title="bbox 2006 3749 3621 3824; baseline 0 -16"><span class='ocrx_word' id='word_1_535' title='bbox 2006 3751 2336 3822; x_wconf 77' lang='lat' dir='ltr'>eligionem,</span> <span class='ocrx_word' id='word_1_536' title='bbox 2366 3751 2632 3821; x_wconf 85' lang='lat' dir='ltr'>majores</span> <span class='ocrx_word' id='word_1_537' title='bbox 2664 3749 2871 3821; x_wconf 89' lang='lat' dir='ltr'>magni</span> <span class='ocrx_word' id='word_1_538' title='bbox 2890 3749 3074 3821; x_wconf 86' lang='lat' dir='ltr'>hujus</span> <span class='ocrx_word' id='word_1_539' title='bbox 3112 3751 3386 3820; x_wconf 80' lang='lat' dir='ltr'>magistri</span> <span class='ocrx_word' id='word_1_540' title='bbox 3440 3753 3621 3824; x_wconf 86' lang='lat' dir='ltr'>atque</span> 
     </span>
    </p>
   </div>
   <div class='ocr_carea' id='block_1_77' title="bbox 228 3838 1843 3919">
    <p class='ocr_par' dir='ltr' id='par_1_77' title="bbox 228 3838 1843 3919">
     <span class='ocr_line' id='line_1_77' title="bbox 228 3838 1843 3919; baseline -0.003 -22"><span class='ocrx_word' id='word_1_541' title='bbox 228 3863 404 3917; x_wconf 86' lang='grc' dir='ltr'>γονοι,</span> <span class='ocrx_word' id='word_1_542' title='bbox 476 3839 698 3919; x_wconf 74' lang='grc' dir='ltr'>στερρῶς</span> <span class='ocrx_word' id='word_1_543' title='bbox 751 3860 805 3897; x_wconf 91' lang='grc' dir='ltr'>τε</span> <span class='ocrx_word' id='word_1_544' title='bbox 859 3844 986 3917; x_wconf 70' lang='grc' dir='ltr'>ὑπερ</span> <span class='ocrx_word' id='word_1_545' title='bbox 1043 3849 1134 3903; x_wconf 86' lang='grc' dir='ltr'>τῆς</span> <span class='ocrx_word' id='word_1_546' title='bbox 1192 3838 1455 3903; x_wconf 71' lang='grc' dir='ltr'>εὐσεϐείας</span> <span class='ocrx_word' id='word_1_547' title='bbox 1508 3838 1843 3910; x_wconf 64' lang='grc' dir='ltr'>ἀντέστησαν⁵</span> 
     </span>
    </p>
   </div>
   <div class='ocr_carea' id='block_1_78' title="bbox 2003 3838 3618 3919">
    <p class='ocr_par' dir='ltr' id='par_1_78' title="bbox 2006 3838 3618 3913">
     <span class='ocr_line' id='line_1_78' title="bbox 2006 3838 3618 3913; baseline 0 -16"><span class='ocrx_word' id='word_1_548' title='bbox 2006 3839 2260 3897; x_wconf 67' lang='grc' dir='ltr'>τωοοῑιίε</span> <span class='ocrx_word' id='word_1_549' title='bbox 2281 3839 2422 3895; x_wconf 82' lang='lat' dir='ltr'>ﬁdei</span> <span class='ocrx_word' id='word_1_550' title='bbox 2449 3838 2745 3913; x_wconf 89' lang='lat' dir='ltr'>intrepide</span> <span class='ocrx_word' id='word_1_551' title='bbox 2776 3843 3241 3912; x_wconf 86' lang='lat' dir='ltr'>constanterque</span> <span class='ocrx_word' id='word_1_552' title='bbox 3262 3855 3373 3913; x_wconf 86' lang='lat' dir='ltr'>pro</span> <span class='ocrx_word' id='word_1_553' title='bbox 3398 3839 3618 3897; x_wconf 87' lang='lat' dir='ltr'>eadem</span> 
     </span>
    </p>
   </div>
   <div class='ocr_carea' id='block_1_79' title="bbox 231 3929 1846 4007">
    <p class='ocr_par' dir='ltr' id='par_1_79' title="bbox 231 3929 1846 4007">
     <span class='ocr_line' id='line_1_79' title="bbox 231 3929 1846 4007; baseline -0.003 -19"><span class='ocrx_word' id='word_1_554' title='bbox 231 3938 326 3988; x_wconf 82' lang='grc' dir='ltr'>καὶ</span> <span class='ocrx_word' id='word_1_555' title='bbox 357 3929 455 3987; x_wconf 81' lang='grc' dir='ltr'>διὰ</span> <span class='ocrx_word' id='word_1_556' title='bbox 486 3929 608 4007; x_wconf 82' lang='grc' dir='ltr'>βίου</span> <span class='ocrx_word' id='word_1_557' title='bbox 638 3936 734 3992; x_wconf 78' lang='grc' dir='ltr'>τήν</span> <span class='ocrx_word' id='word_1_558' title='bbox 784 3936 966 3986; x_wconf 81' lang='grc' dir='ltr'>πίστιν</span> <span class='ocrx_word' id='word_1_559' title='bbox 1020 3929 1294 4004; x_wconf 71' lang='grc' dir='ltr'>ἐφύλαξαν,</span> <span class='ocrx_word' id='word_1_560' title='bbox 1342 3934 1433 3985; x_wconf 85' lang='grc' dir='ltr'>καὶ</span> <span class='ocrx_word' id='word_1_561' title='bbox 1481 3931 1704 4005; x_wconf 86' lang='grc' dir='ltr'>καθαροὶ</span> <span class='ocrx_word' id='word_1_562' title='bbox 1761 3950 1846 3983; x_wconf 81' lang='grc' dir='ltr'>κα-</span> 
     </span>
    </p>
   </div>
   <div class='ocr_carea' id='block_1_80' title="bbox 2007 3929 3622 4007">
    <p class='ocr_par' dir='ltr' id='par_1_80' title="bbox 2007 3929 3622 4006">
     <span class='ocr_line' id='line_1_80' title="bbox 2007 3929 3622 4006; baseline -0.001 -17"><span class='ocrx_word' id='word_1_563' title='bbox 2007 3947 2094 3991; x_wconf 75' lang='lat' dir='ltr'>sse</span> <span class='ocrx_word' id='word_1_564' title='bbox 2110 3934 2527 4006; x_wconf 89' lang='lat' dir='ltr'>opposuerunt</span> <span class='ocrx_word' id='word_1_565' title='bbox 2572 3935 2630 3987; x_wconf 89' lang='lat' dir='ltr'>et</span> <span class='ocrx_word' id='word_1_566' title='bbox 2674 3935 2800 3988; x_wconf 86' lang='lat' dir='ltr'>tota</span> <span class='ocrx_word' id='word_1_567' title='bbox 2859 3930 2982 3987; x_wconf 87' lang='lat' dir='ltr'>vita</span> <span class='ocrx_word' id='word_1_568' title='bbox 3007 3946 3117 3987; x_wconf 90' lang='lat' dir='ltr'>sua</span> <span class='ocrx_word' id='word_1_569' title='bbox 3165 3929 3622 3988; x_wconf 78' lang='lat' dir='ltr'>custodiverunt</span> 
     </span>
    </p>
   </div>
   <div class='ocr_carea' id='block_1_81' title="bbox 236 4019 1851 4096">
    <p class='ocr_par' dir='ltr' id='par_1_81' title="bbox 236 4019 1851 4096">
     <span class='ocr_line' id='line_1_81' title="bbox 236 4019 1851 4096; baseline -0.003 -19"><span class='ocrx_word' id='word_1_570' title='bbox 236 4026 404 4096; x_wconf 82' lang='grc' dir='ltr'>θαράν</span> <span class='ocrx_word' id='word_1_571' title='bbox 429 4027 534 4083; x_wconf 84' lang='grc' dir='ltr'>τοῖς</span> <span class='ocrx_word' id='word_1_572' title='bbox 572 4019 626 4084; x_wconf 78' lang='grc' dir='ltr'>ἇξ</span> <span class='ocrx_word' id='word_1_573' title='bbox 652 4020 819 4075; x_wconf 68' lang='grc' dir='ltr'>αὐτῶν</span> <span class='ocrx_word' id='word_1_574' title='bbox 870 4019 1257 4086; x_wconf 73' lang='grc' dir='ltr'>ἔνεπίστευσαν,</span> <span class='ocrx_word' id='word_1_575' title='bbox 1311 4024 1402 4073; x_wconf 81' lang='grc' dir='ltr'>καὶ</span> <span class='ocrx_word' id='word_1_576' title='bbox 1455 4021 1505 4073; x_wconf 84' lang='grc' dir='ltr'>οἱ</span> <span class='ocrx_word' id='word_1_577' title='bbox 1561 4019 1649 4073; x_wconf 75' lang='grc' dir='ltr'>ἀπ’</span> <span class='ocrx_word' id='word_1_578' title='bbox 1689 4019 1851 4072; x_wconf 71' lang='grc' dir='ltr'>αὐτῶν</span> 
     </span>
    </p>
   </div>
   <div class='ocr_carea' id='block_1_82' title="bbox 2005 4019 3620 4096">
    <p class='ocr_par' dir='ltr' id='par_1_82' title="bbox 2006 4019 3620 4096">
     <span class='ocr_line' id='line_1_82' title="bbox 2006 4019 3620 4096; baseline -0.001 -18"><span class='ocrx_word' id='word_1_579' title='bbox 2006 4021 2150 4090; x_wconf 89' lang='lat' dir='ltr'>lam,</span> <span class='ocrx_word' id='word_1_580' title='bbox 2182 4021 2319 4096; x_wconf 91' lang='lat' dir='ltr'>puri</span> <span class='ocrx_word' id='word_1_581' title='bbox 2354 4036 2570 4094; x_wconf 88' lang='lat' dir='ltr'>puram</span> <span class='ocrx_word' id='word_1_582' title='bbox 2598 4021 2722 4076; x_wconf 90' lang='lat' dir='ltr'>suis</span> <span class='ocrx_word' id='word_1_583' title='bbox 2761 4020 3063 4077; x_wconf 85' lang='lat' dir='ltr'>tradentes</span> <span class='ocrx_word' id='word_1_584' title='bbox 3104 4019 3401 4092; x_wconf 84' lang='lat' dir='ltr'>posteris;</span> <span class='ocrx_word' id='word_1_585' title='bbox 3450 4020 3620 4093; x_wconf 88' lang='lat' dir='ltr'>quod</span> 
     </span>
    </p>
   </div>
   <div class='ocr_carea' id='block_1_83' title="bbox 234 4105 1849 4185">
    <p class='ocr_par' dir='ltr' id='par_1_83' title="bbox 234 4105 1849 4185">
     <span class='ocr_line' id='line_1_83' title="bbox 234 4105 1849 4185; baseline -0.004 -17"><span class='ocrx_word' id='word_1_586' title='bbox 234 4115 491 4174; x_wconf 80' lang='grc' dir='ltr'>ὡσαύτως</span> <span class='ocrx_word' id='word_1_587' title='bbox 538 4115 630 4166; x_wconf 82' lang='grc' dir='ltr'>καὶ</span> <span class='ocrx_word' id='word_1_588' title='bbox 680 4110 789 4185; x_wconf 84' lang='grc' dir='ltr'>μετ’</span> <span class='ocrx_word' id='word_1_589' title='bbox 857 4109 1043 4172; x_wconf 75' lang='grc' dir='ltr'>αὐτοὺς</span> <span class='ocrx_word' id='word_1_590' title='bbox 1093 4112 1228 4163; x_wconf 80' lang='grc' dir='ltr'>κατὰ</span> <span class='ocrx_word' id='word_1_591' title='bbox 1280 4105 1557 4182; x_wconf 78' lang='grc' dir='ltr'>διαδοχὴν</span> <span class='ocrx_word' id='word_1_592' title='bbox 1594 4115 1849 4171; x_wconf 82' lang='grc' dir='ltr'>ποιοῦντες</span> 
     </span>
    </p>
   </div>
   <div class='ocr_carea' id='block_1_84' title="bbox 1985 4105 3600 4185">
    <p class='ocr_par' dir='ltr' id='par_1_84' title="bbox 1985 4107 3600 4184">
     <span class='ocr_line' id='line_1_84' title="bbox 1985 4107 3600 4184; baseline -0.002 -17"><span class='ocrx_word' id='word_1_593' title='bbox 1985 4126 2173 4168; x_wconf 69' lang='lat' dir='ltr'>eorum</span> <span class='ocrx_word' id='word_1_594' title='bbox 2202 4125 2448 4184; x_wconf 90' lang='lat' dir='ltr'>quoque</span> <span class='ocrx_word' id='word_1_595' title='bbox 2504 4107 2936 4166; x_wconf 90' lang='lat' dir='ltr'>descendentes</span> <span class='ocrx_word' id='word_1_596' title='bbox 2980 4108 3247 4165; x_wconf 89' lang='lat' dir='ltr'>successi</span> <span class='ocrx_word' id='word_1_597' title='bbox 3304 4107 3600 4165; x_wconf 80' lang='lat' dir='ltr'>faciendo.</span> 
     </span>
    </p>
   </div>
   <div class='ocr_carea' id='block_1_85' title="bbox 236 4196 1851 4276">
    <p class='ocr_par' dir='ltr' id='par_1_85' title="bbox 236 4196 1851 4276">
     <span class='ocr_line' id='line_1_85' title="bbox 236 4196 1851 4276; baseline -0.004 -18"><span class='ocrx_word' id='word_1_598' title='bbox 236 4203 559 4276; x_wconf 77' lang='grc' dir='ltr'>ἐτύγχανον,</span> <span class='ocrx_word' id='word_1_599' title='bbox 588 4205 680 4254; x_wconf 81' lang='grc' dir='ltr'>καὶ</span> <span class='ocrx_word' id='word_1_600' title='bbox 719 4196 824 4254; x_wconf 82' lang='grc' dir='ltr'>οἷον</span> <span class='ocrx_word' id='word_1_601' title='bbox 891 4199 1077 4272; x_wconf 79' lang='grc' dir='ltr'>ὀχετός</span> <span class='ocrx_word' id='word_1_602' title='bbox 1134 4196 1270 4259; x_wconf 77' lang='grc' dir='ltr'>ἦσαν</span> <span class='ocrx_word' id='word_1_603' title='bbox 1325 4200 1586 4275; x_wconf 83' lang='grc' dir='ltr'>ῥεύματος</span> <span class='ocrx_word' id='word_1_604' title='bbox 1622 4200 1851 4273; x_wconf 85' lang='grc' dir='ltr'>καθαροῦ</span> 
     </span>
    </p>
   </div>
   <div class='ocr_carea' id='block_1_86' title="bbox 1998 4196 3613 4276">
    <p class='ocr_par' dir='ltr' id='par_1_86' title="bbox 1998 4197 3613 4265">
     <span class='ocr_line' id='line_1_86' title="bbox 1998 4197 3613 4265; baseline -0.002 -6"><span class='ocrx_word' id='word_1_605' title='bbox 1998 4205 2138 4259; x_wconf 87' lang='lat' dir='ltr'>rant</span> <span class='ocrx_word' id='word_1_606' title='bbox 2162 4200 2345 4258; x_wconf 90' lang='lat' dir='ltr'>veluti</span> <span class='ocrx_word' id='word_1_607' title='bbox 2368 4201 2529 4257; x_wconf 88' lang='lat' dir='ltr'>rivus</span> <span class='ocrx_word' id='word_1_608' title='bbox 2566 4198 2953 4256; x_wconf 89' lang='lat' dir='ltr'>mundissiml</span> <span class='ocrx_word' id='word_1_609' title='bbox 3012 4197 3240 4265; x_wconf 89' lang='lat' dir='ltr'>ﬂuenti;</span> <span class='ocrx_word' id='word_1_610' title='bbox 3308 4204 3365 4256; x_wconf 89' lang='lat' dir='ltr'>et</span> <span class='ocrx_word' id='word_1_611' title='bbox 3418 4197 3613 4256; x_wconf 88' lang='lat' dir='ltr'>lutum</span> 
     </span>
    </p>
   </div>
   <div class='ocr_carea' id='block_1_87' title="bbox 238 4285 1853 4368">
    <p class='ocr_par' dir='ltr' id='par_1_87' title="bbox 238 4285 1853 4368">
     <span class='ocr_line' id='line_1_87' title="bbox 238 4285 1853 4368; baseline -0.003 -22"><span class='ocrx_word' id='word_1_612' title='bbox 238 4289 338 4346; x_wconf 82' lang='grc' dir='ltr'>διὰ</span> <span class='ocrx_word' id='word_1_613' title='bbox 369 4290 632 4368; x_wconf 76' lang='grc' dir='ltr'>βορϐόρου</span> <span class='ocrx_word' id='word_1_614' title='bbox 659 4298 759 4344; x_wconf 87' lang='grc' dir='ltr'>τῶν</span> <span class='ocrx_word' id='word_1_615' title='bbox 790 4288 988 4344; x_wconf 84' lang='grc' dir='ltr'>ἀσεϐῶν</span> <span class='ocrx_word' id='word_1_616' title='bbox 1015 4290 1237 4364; x_wconf 80' lang='grc' dir='ltr'>ῥέοντες,</span> <span class='ocrx_word' id='word_1_617' title='bbox 1297 4293 1388 4342; x_wconf 85' lang='grc' dir='ltr'>καὶ</span> <span class='ocrx_word' id='word_1_618' title='bbox 1449 4285 1523 4342; x_wconf 88' lang='grc' dir='ltr'>δι’</span> <span class='ocrx_word' id='word_1_619' title='bbox 1585 4288 1723 4352; x_wconf 82' lang='grc' dir='ltr'>ἰλύος</span> <span class='ocrx_word' id='word_1_620' title='bbox 1787 4291 1853 4352; x_wconf 83' lang='grc' dir='ltr'>ὡς</span> 
     </span>
    </p>
   </div>
   <div class='ocr_carea' id='block_1_88' title="bbox 2002 4285 3617 4368">
    <p class='ocr_par' dir='ltr' id='par_1_88' title="bbox 2002 4287 3617 4364">
     <span class='ocr_line' id='line_1_88' title="bbox 2002 4287 3617 4364; baseline -0.002 -17"><span class='ocrx_word' id='word_1_621' title='bbox 2002 4290 2284 4364; x_wconf 87' lang='lat' dir='ltr'>npietatis</span> <span class='ocrx_word' id='word_1_622' title='bbox 2330 4294 2704 4362; x_wconf 88' lang='lat' dir='ltr'>permeantes</span> <span class='ocrx_word' id='word_1_623' title='bbox 2749 4288 3204 4363; x_wconf 79' lang='lat' dir='ltr'>profanationes</span> <span class='ocrx_word' id='word_1_624' title='bbox 3260 4287 3617 4345; x_wconf 86' lang='lat' dir='ltr'>barbaricas</span> 
     </span>
    </p>
   </div>
   <div class='ocr_carea' id='block_1_89' title="bbox 234 4374 1849 4457">
    <p class='ocr_par' dir='ltr' id='par_1_89' title="bbox 234 4374 1849 4457">
     <span class='ocr_line' id='line_1_89' title="bbox 234 4374 1849 4457; baseline -0.004 -20"><span class='ocrx_word' id='word_1_625' title='bbox 234 4386 361 4456; x_wconf 82' lang='grc' dir='ltr'>περὶ</span> <span class='ocrx_word' id='word_1_626' title='bbox 410 4389 513 4434; x_wconf 83' lang='grc' dir='ltr'>τῶν</span> <span class='ocrx_word' id='word_1_627' title='bbox 554 4379 602 4433; x_wconf 82' lang='grc' dir='ltr'>ίν</span> <span class='ocrx_word' id='word_1_628' title='bbox 662 4386 771 4442; x_wconf 89' lang='grc' dir='ltr'>τοῖς</span> <span class='ocrx_word' id='word_1_629' title='bbox 846 4378 1139 4457; x_wconf 83' lang='grc' dir='ltr'>βαρϐάροις</span> <span class='ocrx_word' id='word_1_630' title='bbox 1194 4378 1555 4453; x_wconf 79' lang='grc' dir='ltr'>ἐναγισμάτων</span> <span class='ocrx_word' id='word_1_631' title='bbox 1613 4374 1849 4452; x_wconf 71' lang='grc' dir='ltr'>διῄεσαν,</span> 
     </span>
    </p>
   </div>
   <div class='ocr_carea' id='block_1_90' title="bbox 1999 4374 3614 4457">
    <p class='ocr_par' dir='ltr' id='par_1_90' title="bbox 1999 4377 3614 4449">
     <span class='ocr_line' id='line_1_90' title="bbox 1999 4377 3614 4449; baseline -0.003 -12"><span class='ocrx_word' id='word_1_632' title='bbox 1999 4380 2143 4437; x_wconf 69' lang='lat' dir='ltr'>‘eluti</span> <span class='ocrx_word' id='word_1_633' title='bbox 2172 4378 2385 4437; x_wconf 89' lang='lat' dir='ltr'>limum</span> <span class='ocrx_word' id='word_1_634' title='bbox 2407 4377 2762 4446; x_wconf 85' lang='lat' dir='ltr'>transibant;</span> <span class='ocrx_word' id='word_1_635' title='bbox 2783 4377 3093 4449; x_wconf 89' lang='lat' dir='ltr'>virtutum,</span> <span class='ocrx_word' id='word_1_636' title='bbox 3123 4383 3189 4434; x_wconf 87' lang='lat' dir='ltr'>ut</span> <span class='ocrx_word' id='word_1_637' title='bbox 3215 4378 3300 4434; x_wconf 87' lang='lat' dir='ltr'>sic</span> <span class='ocrx_word' id='word_1_638' title='bbox 3359 4377 3614 4434; x_wconf 82' lang='lat' dir='ltr'>dixerim</span> 
     </span>
    </p>
   </div>
   <div class='ocr_carea' id='block_1_91' title="bbox 237 4464 1852 4568">
    <p class='ocr_par' dir='ltr' id='par_1_91' title="bbox 237 4464 1852 4545">
     <span class='ocr_line' id='line_1_91' title="bbox 237 4464 1852 4545; baseline -0.004 -19"><span class='ocrx_word' id='word_1_639' title='bbox 237 4479 306 4545; x_wconf 76' lang='grc' dir='ltr'>τῇ</span> <span class='ocrx_word' id='word_1_640' title='bbox 347 4478 449 4523; x_wconf 83' lang='grc' dir='ltr'>τῶν</span> <span class='ocrx_word' id='word_1_641' title='bbox 472 4467 665 4544; x_wconf 80' lang='grc' dir='ltr'>ἀρετῶν</span> <span class='ocrx_word' id='word_1_642' title='bbox 695 4471 892 4522; x_wconf 78' lang='grc' dir='ltr'>οὑτωσί</span> <span class='ocrx_word' id='word_1_643' title='bbox 920 4489 1031 4531; x_wconf 91' lang='grc' dir='ltr'>πως</span> <span class='ocrx_word' id='word_1_644' title='bbox 1084 4469 1241 4522; x_wconf 85' lang='grc' dir='ltr'>εἰπεῖν</span> <span class='ocrx_word' id='word_1_645' title='bbox 1297 4472 1584 4528; x_wconf 75' lang='grc' dir='ltr'>πυκνότητι</span> <span class='ocrx_word' id='word_1_646' title='bbox 1637 4464 1852 4527; x_wconf 80' lang='grc' dir='ltr'>διηθού-</span> 
     </span>
    </p>
   </div>
   <div class='ocr_carea' id='block_1_92' title="bbox 1694 4464 3309 4568">
    <p class='ocr_par' dir='ltr' id='par_1_92' title="bbox 1699 4467 3309 4568">
     <span class='ocr_line' id='line_1_92' title="bbox 1699 4467 3309 4568; baseline -0.002 -41"><span class='ocrx_word' id='word_1_647' title='bbox 1699 4470 1855 4527; x_wconf 74' lang='grc' dir='ltr'>ηθού-</span> <span class='ocrx_word' id='word_1_648' title='bbox 1882 4512 1927 4568; x_wconf 75' lang='lat' dir='ltr'><strong>D</strong></span> <span class='ocrx_word' id='word_1_649' title='bbox 1962 4469 2254 4528; x_wconf 87' lang='lat' dir='ltr'>densitate</span> <span class='ocrx_word' id='word_1_650' title='bbox 2282 4484 2385 4527; x_wconf 88' lang='lat' dir='ltr'>eos</span> <span class='ocrx_word' id='word_1_651' title='bbox 2414 4468 2822 4541; x_wconf 89' lang='lat' dir='ltr'>impermistos</span> <span class='ocrx_word' id='word_1_652' title='bbox 2852 4467 3309 4526; x_wconf 87' lang='lat' dir='ltr'>transmittente.</span> 
     </span>
    </p>
   </div>
   <div class='ocr_carea' id='block_1_93' title="bbox 237 4581 414 4637">
    <p class='ocr_par' dir='ltr' id='par_1_93' title="bbox 237 4581 414 4637">
     <span class='ocr_line' id='line_1_93' title="bbox 237 4581 414 4637; baseline 0.011 -22"><span class='ocrx_word' id='word_1_653' title='bbox 237 4581 389 4637; x_wconf 77' lang='grc' dir='ltr'>μενοι</span> <span class='ocrx_word' id='word_1_654' title='bbox 402 4604 414 4617; x_wconf 80' lang='lat'><strong>.</strong></span> 
     </span>
    </p>
   </div>
   <div class='ocr_carea' id='block_1_94' title="bbox 316 4643 1931 4723">
    <p class='ocr_par' dir='ltr' id='par_1_94' title="bbox 316 4645 1854 4723">
     <span class='ocr_line' id='line_1_94' title="bbox 316 4645 1854 4723; baseline -0.002 -20"><span class='ocrx_word' id='word_1_655' title='bbox 316 4651 395 4715; x_wconf 81' lang='grc' dir='ltr'>ς’,</span> <span class='ocrx_word' id='word_1_656' title='bbox 425 4650 577 4703; x_wconf 79' lang='grc' dir='ltr'>Οῦτω</span> <span class='ocrx_word' id='word_1_657' title='bbox 606 4652 697 4723; x_wconf 70' lang='grc' dir='ltr'>μὲν</span> <span class='ocrx_word' id='word_1_658' title='bbox 726 4645 814 4702; x_wconf 83' lang='grc' dir='ltr'>οὖν</span> <span class='ocrx_word' id='word_1_659' title='bbox 836 4647 891 4702; x_wconf 78' lang='grc' dir='ltr'>ἐκ</span> <span class='ocrx_word' id='word_1_660' title='bbox 928 4645 1201 4721; x_wconf 85' lang='grc' dir='ltr'>διαδοχῆς</span> <span class='ocrx_word' id='word_1_661' title='bbox 1229 4651 1279 4701; x_wconf 86' lang='grc' dir='ltr'>οἱ</span> <span class='ocrx_word' id='word_1_662' title='bbox 1325 4655 1418 4701; x_wconf 89' lang='grc' dir='ltr'>τοῦ</span> <span class='ocrx_word' id='word_1_663' title='bbox 1472 4648 1626 4722; x_wconf 82' lang='grc' dir='ltr'>ἁγίου</span> <span class='ocrx_word' id='word_1_664' title='bbox 1676 4653 1854 4721; x_wconf 86' lang='grc' dir='ltr'>γεννὴ-</span> 
     </span>
    </p>
   </div>
   <div class='ocr_carea' id='block_1_95' title="bbox 1997 4643 3612 4723">
    <p class='ocr_par' dir='ltr' id='par_1_95' title="bbox 2033 4643 3612 4717">
     <span class='ocr_line' id='line_1_95' title="bbox 2033 4643 3612 4717; baseline -0.003 -12"><span class='ocrx_word' id='word_1_665' title='bbox 2033 4653 2089 4705; x_wconf 86' lang='lat'>6.</span> <span class='ocrx_word' id='word_1_666' title='bbox 2129 4649 2249 4703; x_wconf 83' lang='lat' dir='ltr'>Hoc</span> <span class='ocrx_word' id='word_1_667' title='bbox 2309 4644 2489 4716; x_wconf 87' lang='lat' dir='ltr'>igitur</span> <span class='ocrx_word' id='word_1_668' title='bbox 2542 4647 2739 4717; x_wconf 90' lang='lat' dir='ltr'>pacto,</span> <span class='ocrx_word' id='word_1_669' title='bbox 2794 4643 2979 4700; x_wconf 76' lang='lat' dir='ltr'>veluti</span> <span class='ocrx_word' id='word_1_670' title='bbox 3024 4658 3131 4717; x_wconf 89' lang='lat' dir='ltr'>per</span> <span class='ocrx_word' id='word_1_671' title='bbox 3166 4643 3612 4701; x_wconf 87' lang='lat' dir='ltr'>successionem</span> 
     </span>
    </p>
   </div>
   <div class='ocr_carea' id='block_1_96' title="bbox 237 4734 1852 4815">
    <p class='ocr_par' dir='ltr' id='par_1_96' title="bbox 237 4735 1852 4815">
     <span class='ocr_line' id='line_1_96' title="bbox 237 4735 1852 4815; baseline -0.002 -21"><span class='ocrx_word' id='word_1_672' title='bbox 237 4760 383 4815; x_wconf 85' lang='grc' dir='ltr'>τορες</span> <span class='ocrx_word' id='word_1_673' title='bbox 426 4737 652 4803; x_wconf 74' lang='grc' dir='ltr'>εὐσεϐεῖς</span> <span class='ocrx_word' id='word_1_674' title='bbox 709 4744 798 4792; x_wconf 87' lang='grc' dir='ltr'>καὶ</span> <span class='ocrx_word' id='word_1_675' title='bbox 853 4743 941 4792; x_wconf 83' lang='grc' dir='ltr'>τὸν</span> <span class='ocrx_word' id='word_1_676' title='bbox 996 4738 1111 4793; x_wconf 83' lang='grc' dir='ltr'>κατ’</span> <span class='ocrx_word' id='word_1_677' title='bbox 1169 4735 1355 4814; x_wconf 81' lang='grc' dir='ltr'>ἀρετὴν</span> <span class='ocrx_word' id='word_1_678' title='bbox 1409 4736 1527 4810; x_wconf 82' lang='grc' dir='ltr'>βίον</span> <span class='ocrx_word' id='word_1_679' title='bbox 1573 4737 1852 4811; x_wconf 74' lang='grc' dir='ltr'>ἐπιφανεῖς.</span> 
     </span>
    </p>
   </div>
   <div class='ocr_carea' id='block_1_97' title="bbox 2000 4734 3615 4815">
    <p class='ocr_par' dir='ltr' id='par_1_97' title="bbox 2000 4734 3615 4810">
     <span class='ocr_line' id='line_1_97' title="bbox 2000 4734 3615 4810; baseline -0.004 -15"><span class='ocrx_word' id='word_1_680' title='bbox 2000 4739 2145 4810; x_wconf 65' lang='lat' dir='ltr'>,ujus</span> <span class='ocrx_word' id='word_1_681' title='bbox 2174 4734 2333 4792; x_wconf 88' lang='lat' dir='ltr'>beati</span> <span class='ocrx_word' id='word_1_682' title='bbox 2357 4734 2470 4791; x_wconf 90' lang='lat' dir='ltr'>viri</span> <span class='ocrx_word' id='word_1_683' title='bbox 2494 4738 2776 4808; x_wconf 88' lang='lat' dir='ltr'>parentes</span> <span class='ocrx_word' id='word_1_684' title='bbox 2816 4734 2938 4790; x_wconf 88' lang='lat' dir='ltr'>vita</span> <span class='ocrx_word' id='word_1_685' title='bbox 2974 4734 3223 4791; x_wconf 89' lang='lat' dir='ltr'>omnino</span> <span class='ocrx_word' id='word_1_686' title='bbox 3251 4734 3532 4805; x_wconf 85' lang='lat' dir='ltr'>religiosa</span> <span class='ocrx_word' id='word_1_687' title='bbox 3557 4739 3615 4789; x_wconf 87' lang='lat' dir='ltr'>et</span> 
     </span>
    </p>
   </div>
   <div class='ocr_carea' id='block_1_98' title="bbox 240 4821 1855 4906">
    <p class='ocr_par' dir='ltr' id='par_1_98' title="bbox 240 4824 1854 4906">
     <span class='ocr_line' id='line_1_98' title="bbox 240 4824 1854 4906; baseline 0 -27"><span class='ocrx_word' id='word_1_688' title='bbox 240 4832 331 4890; x_wconf 75' lang='grc' dir='ltr'>Μὴ</span> <span class='ocrx_word' id='word_1_689' title='bbox 391 4834 492 4906; x_wconf 82' lang='grc' dir='ltr'>γὰρ</span> <span class='ocrx_word' id='word_1_690' title='bbox 549 4826 617 4888; x_wconf 78' lang='grc' dir='ltr'>δὴ</span> <span class='ocrx_word' id='word_1_691' title='bbox 675 4824 945 4903; x_wconf 82' lang='grc' dir='ltr'>δεξώμεθά</span> <span class='ocrx_word' id='word_1_692' title='bbox 1027 4847 1189 4895; x_wconf 89' lang='grc' dir='ltr'>τινας,</span> <span class='ocrx_word' id='word_1_693' title='bbox 1258 4825 1454 4902; x_wconf 82' lang='grc' dir='ltr'>ἑτεροῖα</span> <span class='ocrx_word' id='word_1_694' title='bbox 1524 4830 1640 4901; x_wconf 84' lang='grc' dir='ltr'>περὶ</span> <span class='ocrx_word' id='word_1_695' title='bbox 1686 4828 1854 4880; x_wconf 78' lang='grc' dir='ltr'>αὐτῶν</span> 
     </span>
    </p>
   </div>
   <div class='ocr_carea' id='block_1_99' title="bbox 1997 4821 3612 4906">
    <p class='ocr_par' dir='ltr' id='par_1_99' title="bbox 1997 4821 3612 4896">
     <span class='ocr_line' id='line_1_99' title="bbox 1997 4821 3612 4896; baseline 0 -18"><span class='ocrx_word' id='word_1_696' title='bbox 1997 4824 2270 4883; x_wconf 64' lang='lat' dir='ltr'>.reestanti</span> <span class='ocrx_word' id='word_1_697' title='bbox 2294 4824 2506 4880; x_wconf 88' lang='lat' dir='ltr'>virtute</span> <span class='ocrx_word' id='word_1_698' title='bbox 2537 4821 2928 4881; x_wconf 90' lang='lat' dir='ltr'>cmicuerunt.</span> <span class='ocrx_word' id='word_1_699' title='bbox 2969 4825 3086 4879; x_wconf 89' lang='lat' dir='ltr'>Nec</span> <span class='ocrx_word' id='word_1_700' title='bbox 3128 4823 3282 4880; x_wconf 85' lang='lat' dir='ltr'>enim</span> <span class='ocrx_word' id='word_1_701' title='bbox 3324 4822 3612 4896; x_wconf 88' lang='lat' dir='ltr'>recipien-</span> 
     </span>
    </p>
   </div>
   <div class='ocr_carea' id='block_1_100' title="bbox 245 4911 1860 4994">
    <p class='ocr_par' dir='ltr' id='par_1_100' title="bbox 245 4914 1855 4994">
     <span class='ocr_line' id='line_1_100' title="bbox 245 4914 1855 4994; baseline -0.003 -20"><span class='ocrx_word' id='word_1_702' title='bbox 245 4923 619 4994; x_wconf 85' lang='grc' dir='ltr'>ἱστορηκότας,</span> <span class='ocrx_word' id='word_1_703' title='bbox 678 4917 1088 4993; x_wconf 85' lang='grc' dir='ltr'>ἀπερισκέπτως,</span> <span class='ocrx_word' id='word_1_704' title='bbox 1165 4914 1335 4990; x_wconf 85' lang='grc' dir='ltr'>οἶμαι,</span> <span class='ocrx_word' id='word_1_705' title='bbox 1400 4918 1469 4968; x_wconf 88' lang='grc' dir='ltr'>τά</span> <span class='ocrx_word' id='word_1_706' title='bbox 1505 4916 1622 4968; x_wconf 77' lang='grc' dir='ltr'>κατ’</span> <span class='ocrx_word' id='word_1_707' title='bbox 1668 4916 1855 4979; x_wconf 69' lang='grc' dir='ltr'>αὐτοὺς</span> 
     </span>
    </p>
   </div>
   <div class='ocr_carea' id='block_1_101' title="bbox 1996 4911 3611 4994">
    <p class='ocr_par' dir='ltr' id='par_1_101' title="bbox 1996 4911 3611 4989">
     <span class='ocr_line' id='line_1_101' title="bbox 1996 4911 3611 4989; baseline -0.004 -17"><span class='ocrx_word' id='word_1_708' title='bbox 1996 4933 2072 4973; x_wconf 49' lang='lat' dir='ltr'>.os</span> <span class='ocrx_word' id='word_1_709' title='bbox 2107 4918 2392 4989; x_wconf 86' lang='lat' dir='ltr'>putamus</span> <span class='ocrx_word' id='word_1_710' title='bbox 2412 4927 2517 4969; x_wconf 88' lang='lat' dir='ltr'>eos</span> <span class='ocrx_word' id='word_1_711' title='bbox 2536 4911 2641 4985; x_wconf 89' lang='lat' dir='ltr'>qui</span> <span class='ocrx_word' id='word_1_712' title='bbox 2657 4911 2893 4968; x_wconf 86' lang='lat' dir='ltr'>diversa</span> <span class='ocrx_word' id='word_1_713' title='bbox 2911 4911 3194 4984; x_wconf 75' lang='lat' dir='ltr'>quzedam</span> <span class='ocrx_word' id='word_1_714' title='bbox 3210 4911 3285 4968; x_wconf 89' lang='lat' dir='ltr'>de</span> <span class='ocrx_word' id='word_1_715' title='bbox 3304 4911 3455 4985; x_wconf 89' lang='lat' dir='ltr'>ipsis</span> <span class='ocrx_word' id='word_1_716' title='bbox 3472 4926 3611 4967; x_wconf 88' lang='lat' dir='ltr'>nar-</span> 
     </span>
    </p>
   </div>
   <div class='ocr_carea' id='block_1_102' title="bbox 242 4998 1857 5079">
    <p class='ocr_par' dir='ltr' id='par_1_102' title="bbox 242 5005 1853 5079">
     <span class='ocr_line' id='line_1_102' title="bbox 242 5005 1853 5079; baseline -0.003 -15"><span class='ocrx_word' id='word_1_717' title='bbox 242 5008 562 5078; x_wconf 86' lang='grc' dir='ltr'>ἀκηκοὸτας,</span> <span class='ocrx_word' id='word_1_718' title='bbox 629 5013 720 5061; x_wconf 82' lang='grc' dir='ltr'>καὶ</span> <span class='ocrx_word' id='word_1_719' title='bbox 784 5012 849 5061; x_wconf 79' lang='grc' dir='ltr'>τὰ</span> <span class='ocrx_word' id='word_1_720' title='bbox 911 5017 1003 5069; x_wconf 85' lang='grc' dir='ltr'>τῆς</span> <span class='ocrx_word' id='word_1_721' title='bbox 1051 5005 1297 5069; x_wconf 82' lang='grc' dir='ltr'>ἀληθείας</span> <span class='ocrx_word' id='word_1_722' title='bbox 1369 5010 1457 5061; x_wconf 88' lang='grc' dir='ltr'>καὶ</span> <span class='ocrx_word' id='word_1_723' title='bbox 1520 5013 1620 5058; x_wconf 86' lang='grc' dir='ltr'>τῶν</span> <span class='ocrx_word' id='word_1_724' title='bbox 1693 5007 1853 5079; x_wconf 81' lang='grc' dir='ltr'>ἁγίων</span> 
     </span>
    </p>
   </div>
   <div class='ocr_carea' id='block_1_103' title="bbox 1999 4998 3614 5079">
    <p class='ocr_par' dir='ltr' id='par_1_103' title="bbox 1999 4998 3614 5076">
     <span class='ocr_line' id='line_1_103' title="bbox 1999 4998 3614 5076; baseline -0.003 -16"><span class='ocrx_word' id='word_1_725' title='bbox 1999 5008 2189 5072; x_wconf 75' lang='lat' dir='ltr'>urunt,</span> <span class='ocrx_word' id='word_1_726' title='bbox 2215 5018 2286 5058; x_wconf 92' lang='lat' dir='ltr'>eo</span> <span class='ocrx_word' id='word_1_727' title='bbox 2306 5001 2475 5076; x_wconf 90' lang='lat' dir='ltr'>quod</span> <span class='ocrx_word' id='word_1_728' title='bbox 2504 5016 2600 5057; x_wconf 90' lang='lat' dir='ltr'>res</span> <span class='ocrx_word' id='word_1_729' title='bbox 2644 5016 2854 5056; x_wconf 87' lang='lat' dir='ltr'>eorum</span> <span class='ocrx_word' id='word_1_730' title='bbox 2886 4999 3415 5057; x_wconf 87' lang='lat' dir='ltr'>indiscriminatim</span> <span class='ocrx_word' id='word_1_731' title='bbox 3447 4998 3614 5055; x_wconf 82' lang='lat' dir='ltr'>audi-</span> 
     </span>
    </p>
   </div>
   <div class='ocr_carea' id='block_1_104' title="bbox 241 5088 1856 5175">
    <p class='ocr_par' dir='ltr' id='par_1_104' title="bbox 241 5092 1854 5175">
     <span class='ocr_line' id='line_1_104' title="bbox 241 5092 1854 5175; baseline -0.001 -24"><span class='ocrx_word' id='word_1_732' title='bbox 241 5102 513 5175; x_wconf 80' lang='grc' dir='ltr'>προγόνων</span> <span class='ocrx_word' id='word_1_733' title='bbox 542 5101 614 5173; x_wconf 84' lang='grc' dir='ltr'>μὴ</span> <span class='ocrx_word' id='word_1_734' title='bbox 672 5093 708 5150; x_wconf 90' lang='grc' dir='ltr'>δ</span> <span class='ocrx_word' id='word_1_735' title='bbox 712 5095 1094 5165; x_wconf 79' lang='grc' dir='ltr'>ιηκριϐωκότας</span> <span class='ocrx_word' id='word_1_736' title='bbox 1123 5096 1140 5167; x_wconf 90' lang='grc'>(</span> <span class='ocrx_word' id='word_1_737' title='bbox 1168 5100 1257 5148; x_wconf 82' lang='grc' dir='ltr'>καὶ</span> <span class='ocrx_word' id='word_1_738' title='bbox 1285 5096 1387 5169; x_wconf 82' lang='grc' dir='ltr'>γὰρ</span> <span class='ocrx_word' id='word_1_739' title='bbox 1442 5092 1649 5157; x_wconf 83' lang='grc' dir='ltr'>ἀληθῶς</span> <span class='ocrx_word' id='word_1_740' title='bbox 1688 5094 1854 5168; x_wconf 77' lang='grc' dir='ltr'>ἅγιοι,</span> 
     </span>
    </p>
   </div>
   <div class='ocr_carea' id='block_1_105' title="bbox 1996 5088 3611 5175">
    <p class='ocr_par' dir='ltr' id='par_1_105' title="bbox 1996 5088 3611 5163">
     <span class='ocr_line' id='line_1_105' title="bbox 1996 5088 3611 5163; baseline -0.003 -13"><span class='ocrx_word' id='word_1_741' title='bbox 1996 5092 2173 5159; x_wconf 59' lang='lat' dir='ltr'>‘erint,</span> <span class='ocrx_word' id='word_1_742' title='bbox 2204 5096 2270 5149; x_wconf 91' lang='lat' dir='ltr'>ut</span> <span class='ocrx_word' id='word_1_743' title='bbox 2298 5091 2593 5159; x_wconf 79' lang='lat' dir='ltr'>existimo,</span> <span class='ocrx_word' id='word_1_744' title='bbox 2625 5104 2823 5163; x_wconf 88' lang='lat' dir='ltr'>neque</span> <span class='ocrx_word' id='word_1_745' title='bbox 2852 5089 2927 5145; x_wconf 88' lang='lat' dir='ltr'>de</span> <span class='ocrx_word' id='word_1_746' title='bbox 2958 5088 3329 5163; x_wconf 80' lang='lat' dir='ltr'>exquirenda</span> <span class='ocrx_word' id='word_1_747' title='bbox 3367 5103 3611 5146; x_wconf 90' lang='lat' dir='ltr'>accura-</span> 
     </span>
    </p>
   </div>
   <div class='ocr_carea' id='block_1_106' title="bbox 243 5177 1858 5262">
    <p class='ocr_par' dir='ltr' id='par_1_106' title="bbox 243 5183 1854 5262">
     <span class='ocr_line' id='line_1_106' title="bbox 243 5183 1854 5262; baseline -0.002 -21"><span class='ocrx_word' id='word_1_748' title='bbox 243 5191 405 5262; x_wconf 83' lang='grc' dir='ltr'>μέσον</span> <span class='ocrx_word' id='word_1_749' title='bbox 491 5183 690 5239; x_wconf 81' lang='grc' dir='ltr'>ἀσεϐῶν</span> <span class='ocrx_word' id='word_1_750' title='bbox 755 5185 1002 5259; x_wconf 83' lang='grc' dir='ltr'>εἰλικρινῆ</span> <span class='ocrx_word' id='word_1_751' title='bbox 1071 5189 1167 5244; x_wconf 75' lang='grc' dir='ltr'>τήν</span> <span class='ocrx_word' id='word_1_752' title='bbox 1244 5203 1423 5238; x_wconf 85' lang='grc' dir='ltr'>πιστιν</span> <span class='ocrx_word' id='word_1_753' title='bbox 1509 5188 1854 5259; x_wconf 72' lang='grc' dir='ltr'>τηρήσαντες,</span> 
     </span>
    </p>
   </div>
   <div class='ocr_carea' id='block_1_107' title="bbox 1999 5177 3614 5262">
    <p class='ocr_par' dir='ltr' id='par_1_107' title="bbox 1999 5177 3614 5240">
     <span class='ocr_line' id='line_1_107' title="bbox 1999 5177 3614 5240; baseline -0.002 -1"><span class='ocrx_word' id='word_1_754' title='bbox 1999 5199 2076 5240; x_wconf 82' lang='lat' dir='ltr'>us</span> <span class='ocrx_word' id='word_1_755' title='bbox 2142 5182 2384 5239; x_wconf 88' lang='lat' dir='ltr'>veritate</span> <span class='ocrx_word' id='word_1_756' title='bbox 2436 5178 2779 5237; x_wconf 88' lang='lat' dir='ltr'>auditorum</span> <span class='ocrx_word' id='word_1_757' title='bbox 2836 5178 3067 5236; x_wconf 85' lang='lat' dir='ltr'>solliciti</span> <span class='ocrx_word' id='word_1_758' title='bbox 3113 5177 3357 5236; x_wconf 83' lang='lat' dir='ltr'>fuerint.</span> <span class='ocrx_word' id='word_1_759' title='bbox 3412 5178 3614 5236; x_wconf 89' lang='lat' dir='ltr'>Sancti</span> 
     </span>
    </p>
   </div>
   <div class='ocr_carea' id='block_1_108' title="bbox 242 5267 1857 5352">
    <p class='ocr_par' dir='ltr' id='par_1_108' title="bbox 242 5271 1856 5352">
     <span class='ocr_line' id='line_1_108' title="bbox 242 5271 1856 5352; baseline -0.004 -19"><span class='ocrx_word' id='word_1_760' title='bbox 242 5285 347 5333; x_wconf 79' lang='grc' dir='ltr'>τῶν</span> <span class='ocrx_word' id='word_1_761' title='bbox 378 5276 539 5349; x_wconf 84' lang='grc' dir='ltr'>ἁγίων</span> <span class='ocrx_word' id='word_1_762' title='bbox 592 5294 646 5330; x_wconf 84' lang='grc' dir='ltr'>τε</span> <span class='ocrx_word' id='word_1_763' title='bbox 702 5274 1110 5352; x_wconf 74' lang='grc' dir='ltr'>φυτοσπόρων),</span> <span class='ocrx_word' id='word_1_764' title='bbox 1173 5281 1263 5327; x_wconf 89' lang='grc' dir='ltr'>τοῦ</span> <span class='ocrx_word' id='word_1_765' title='bbox 1330 5272 1530 5346; x_wconf 82' lang='grc' dir='ltr'>ἁγιωτά</span> <span class='ocrx_word' id='word_1_766' title='bbox 1584 5293 1643 5326; x_wconf 89' lang='grc' dir='ltr'>ου</span> <span class='ocrx_word' id='word_1_767' title='bbox 1698 5271 1856 5327; x_wconf 81' lang='grc' dir='ltr'>τοῦδε</span> 
     </span>
    </p>
   </div>
   <div class='ocr_carea' id='block_1_109' title="bbox 2001 5267 3616 5352">
    <p class='ocr_par' dir='ltr' id='par_1_109' title="bbox 2006 5267 3616 5345">
     <span class='ocr_line' id='line_1_109' title="bbox 2006 5267 3616 5345; baseline -0.002 -15"><span class='ocrx_word' id='word_1_768' title='bbox 2006 5287 2227 5345; x_wconf 89' lang='lat' dir='ltr'>amque</span> <span class='ocrx_word' id='word_1_769' title='bbox 2252 5276 2432 5344; x_wconf 89' lang='lat' dir='ltr'>atque</span> <span class='ocrx_word' id='word_1_770' title='bbox 2456 5284 2531 5325; x_wconf 81' lang='lat' dir='ltr'>ex</span> <span class='ocrx_word' id='word_1_771' title='bbox 2561 5267 2782 5326; x_wconf 88' lang='lat' dir='ltr'>sanctis</span> <span class='ocrx_word' id='word_1_772' title='bbox 2812 5268 3091 5341; x_wconf 86' lang='lat' dir='ltr'>prognati</span> <span class='ocrx_word' id='word_1_773' title='bbox 3117 5267 3302 5325; x_wconf 88' lang='lat' dir='ltr'>fuisse</span> <span class='ocrx_word' id='word_1_774' title='bbox 3332 5268 3493 5326; x_wconf 86' lang='lat' dir='ltr'>credi</span> <span class='ocrx_word' id='word_1_775' title='bbox 3514 5267 3616 5326; x_wconf 86' lang='lat' dir='ltr'>de-</span> 
     </span>
    </p>
   </div>
   <div class='ocr_carea' id='block_1_110' title="bbox 243 5355 1858 5438">
    <p class='ocr_par' dir='ltr' id='par_1_110' title="bbox 243 5359 1855 5438">
     <span class='ocr_line' id='line_1_110' title="bbox 243 5359 1855 5438; baseline -0.002 -18"><span class='ocrx_word' id='word_1_776' title='bbox 243 5371 337 5421; x_wconf 84' lang='grc' dir='ltr'>καὶ</span> <span class='ocrx_word' id='word_1_777' title='bbox 404 5366 672 5419; x_wconf 82' lang='grc' dir='ltr'>θειοτάτου</span> <span class='ocrx_word' id='word_1_778' title='bbox 750 5360 1240 5438; x_wconf 67' lang='grc' dir='ltr'>καταψευδομένους</span> <span class='ocrx_word' id='word_1_779' title='bbox 1323 5359 1531 5438; x_wconf 84' lang='grc' dir='ltr'>ἀνδρὸς,</span> <span class='ocrx_word' id='word_1_780' title='bbox 1606 5368 1697 5416; x_wconf 83' lang='grc' dir='ltr'>καὶ</span> <span class='ocrx_word' id='word_1_781' title='bbox 1750 5366 1855 5417; x_wconf 83' lang='grc' dir='ltr'>οἷον</span> 
     </span>
    </p>
   </div>
   <div class='ocr_carea' id='block_1_111' title="bbox 1999 5355 3614 5438">
    <p class='ocr_par' dir='ltr' id='par_1_111' title="bbox 1999 5355 3614 5435">
     <span class='ocr_line' id='line_1_111' title="bbox 1999 5355 3614 5435; baseline -0.002 -17"><span class='ocrx_word' id='word_1_782' title='bbox 1999 5365 2124 5429; x_wconf 88' lang='lat' dir='ltr'>ent,</span> <span class='ocrx_word' id='word_1_783' title='bbox 2157 5361 2263 5435; x_wconf 90' lang='lat' dir='ltr'>qui</span> <span class='ocrx_word' id='word_1_784' title='bbox 2302 5360 2364 5417; x_wconf 90' lang='lat' dir='ltr'>in</span> <span class='ocrx_word' id='word_1_785' title='bbox 2394 5358 2597 5415; x_wconf 91' lang='lat' dir='ltr'>medio</span> <span class='ocrx_word' id='word_1_786' title='bbox 2627 5355 2955 5430; x_wconf 89' lang='lat' dir='ltr'>impiorum</span> <span class='ocrx_word' id='word_1_787' title='bbox 2982 5358 3280 5416; x_wconf 87' lang='lat' dir='ltr'>constituti</span> <span class='ocrx_word' id='word_1_788' title='bbox 3311 5359 3496 5415; x_wconf 84' lang='lat' dir='ltr'>ﬁdem</span> <span class='ocrx_word' id='word_1_789' title='bbox 3524 5357 3614 5415; x_wconf 85' lang='lat' dir='ltr'>in-</span> 
     </span>
    </p>
   </div>
   <div class='ocr_carea' id='block_1_112' title="bbox 244 5448 1859 5530">
    <p class='ocr_par' dir='ltr' id='par_1_112' title="bbox 244 5450 1852 5530">
     <span class='ocr_line' id='line_1_112' title="bbox 244 5450 1852 5530; baseline -0.002 -22"><span class='ocrx_word' id='word_1_790' title='bbox 244 5457 374 5530; x_wconf 69' lang='grc' dir='ltr'>ύπερ</span> <span class='ocrx_word' id='word_1_791' title='bbox 416 5453 579 5508; x_wconf 76' lang='grc' dir='ltr'>αὐτοῦ</span> <span class='ocrx_word' id='word_1_792' title='bbox 606 5458 729 5517; x_wconf 82' lang='grc' dir='ltr'>τοὺς</span> <span class='ocrx_word' id='word_1_793' title='bbox 753 5452 806 5517; x_wconf 77' lang='grc' dir='ltr'>ἑξ</span> <span class='ocrx_word' id='word_1_794' title='bbox 834 5454 902 5505; x_wconf 85' lang='grc' dir='ltr'>ὧν</span> <span class='ocrx_word' id='word_1_795' title='bbox 955 5454 1005 5506; x_wconf 83' lang='grc' dir='ltr'>οἱ</span> <span class='ocrx_word' id='word_1_796' title='bbox 1040 5450 1355 5528; x_wconf 77' lang='grc' dir='ltr'>προελήλυθε</span> <span class='ocrx_word' id='word_1_797' title='bbox 1413 5451 1810 5515; x_wconf 82' lang='grc' dir='ltr'>στηλιτεύοντας</span> <span class='ocrx_word' id='word_1_798' title='bbox 1838 5469 1852 5484; x_wconf 78' lang='grc'><strong><em>⁸</em></strong></span> 
     </span>
    </p>
   </div>
   <div class='ocr_carea' id='block_1_113' title="bbox 2001 5448 3616 5530">
    <p class='ocr_par' dir='ltr' id='par_1_113' title="bbox 2001 5448 3616 5520">
     <span class='ocr_line' id='line_1_113' title="bbox 2001 5448 3616 5520; baseline -0.003 -12"><span class='ocrx_word' id='word_1_799' title='bbox 2001 5454 2313 5509; x_wconf 69' lang='lat' dir='ltr'>:meratam</span> <span class='ocrx_word' id='word_1_800' title='bbox 2352 5463 2586 5507; x_wconf 85' lang='lat' dir='ltr'>servare</span> <span class='ocrx_word' id='word_1_801' title='bbox 2632 5451 2975 5520; x_wconf 87' lang='lat' dir='ltr'>potuerunt.</span> <span class='ocrx_word' id='word_1_802' title='bbox 3012 5448 3399 5506; x_wconf 87' lang='lat' dir='ltr'>Sanctissimo</span> <span class='ocrx_word' id='word_1_803' title='bbox 3439 5448 3616 5520; x_wconf 83' lang='lat' dir='ltr'>igitur</span> 
     </span>
    </p>
   </div>
   <div class='ocr_carea' id='block_1_114' title="bbox 245 5535 1860 5617">
    <p class='ocr_par' dir='ltr' id='par_1_114' title="bbox 245 5541 1853 5617">
     <span class='ocr_line' id='line_1_114' title="bbox 245 5541 1853 5617; baseline -0.002 -20"><span class='ocrx_word' id='word_1_804' title='bbox 245 5542 356 5597; x_wconf 87' lang='grc' dir='ltr'>ἀλλ’</span> <span class='ocrx_word' id='word_1_805' title='bbox 396 5541 623 5606; x_wconf 70' lang='grc' dir='ltr'>εὐσεϐεῖς</span> <span class='ocrx_word' id='word_1_806' title='bbox 686 5546 778 5616; x_wconf 66' lang='grc' dir='ltr'>μεν</span> <span class='ocrx_word' id='word_1_807' title='bbox 836 5544 886 5596; x_wconf 80' lang='grc' dir='ltr'>οἱ</span> <span class='ocrx_word' id='word_1_808' title='bbox 936 5543 1225 5617; x_wconf 79' lang='grc' dir='ltr'>γεννάρχαι</span> <span class='ocrx_word' id='word_1_809' title='bbox 1279 5550 1354 5611; x_wconf 85' lang='grc' dir='ltr'>τῷ</span> <span class='ocrx_word' id='word_1_810' title='bbox 1413 5544 1637 5617; x_wconf 68' lang='grc' dir='ltr'>μάκαρι,</span> <span class='ocrx_word' id='word_1_811' title='bbox 1693 5544 1759 5609; x_wconf 64' lang='grc' dir='ltr'>οἶες</span> <span class='ocrx_word' id='word_1_812' title='bbox 1823 5545 1853 5601; x_wconf 74' lang='grc' dir='ltr'><em>ἡ</em></span> 
     </span>
    </p>
   </div>
   <div class='ocr_carea' id='block_1_115' title="bbox 2005 5535 3620 5617">
    <p class='ocr_par' dir='ltr' id='par_1_115' title="bbox 2005 5535 3620 5612">
     <span class='ocr_line' id='line_1_115' title="bbox 2005 5535 3620 5612; baseline -0.002 -14"><span class='ocrx_word' id='word_1_813' title='bbox 2005 5558 2033 5599; x_wconf 92' lang='lat' dir='ltr'>c</span> <span class='ocrx_word' id='word_1_814' title='bbox 2069 5539 2447 5598; x_wconf 86' lang='lat' dir='ltr'>divinissimo</span> <span class='ocrx_word' id='word_1_815' title='bbox 2510 5537 2642 5595; x_wconf 81' lang='lat' dir='ltr'>viro</span> <span class='ocrx_word' id='word_1_816' title='bbox 2687 5535 3060 5595; x_wconf 82' lang='lat' dir='ltr'>calumniam</span> <span class='ocrx_word' id='word_1_817' title='bbox 3135 5537 3501 5612; x_wconf 86' lang='lat' dir='ltr'>impingunt,</span> <span class='ocrx_word' id='word_1_818' title='bbox 3561 5543 3620 5596; x_wconf 88' lang='lat' dir='ltr'>et</span> 
     </span>
    </p>
   </div>
   <div class='ocr_carea' id='block_1_116' title="bbox 246 5624 1861 5706">
    <p class='ocr_par' dir='ltr' id='par_1_116' title="bbox 246 5627 1858 5706">
     <span class='ocr_line' id='line_1_116' title="bbox 246 5627 1858 5706; baseline -0.001 -20"><span class='ocrx_word' id='word_1_819' title='bbox 246 5631 480 5696; x_wconf 70' lang='grc' dir='ltr'>ἃλληθὴς</span> <span class='ocrx_word' id='word_1_820' title='bbox 508 5632 749 5687; x_wconf 76' lang='grc' dir='ltr'>ἀνέκαθεν</span> <span class='ocrx_word' id='word_1_821' title='bbox 781 5633 991 5705; x_wconf 75' lang='grc' dir='ltr'>ἱστορία</span> <span class='ocrx_word' id='word_1_822' title='bbox 1016 5627 1317 5706; x_wconf 79' lang='grc' dir='ltr'>παρέδωκεν</span> <span class='ocrx_word' id='word_1_823' title='bbox 1373 5647 1385 5661; x_wconf 82' lang='lat'><strong><em>°</em></strong></span> <span class='ocrx_word' id='word_1_824' title='bbox 1448 5630 1669 5691; x_wconf 74' lang='grc' dir='ltr'>εὐσεϐεῖς</span> <span class='ocrx_word' id='word_1_825' title='bbox 1700 5628 1753 5685; x_wconf 85' lang='grc' dir='ltr'>δ’</span> <span class='ocrx_word' id='word_1_826' title='bbox 1808 5633 1858 5686; x_wconf 84' lang='grc' dir='ltr'>οἱ</span> 
     </span>
    </p>
   </div>
   <div class='ocr_carea' id='block_1_117' title="bbox 2003 5624 3618 5706">
    <p class='ocr_par' dir='ltr' id='par_1_117' title="bbox 2003 5624 3618 5704">
     <span class='ocr_line' id='line_1_117' title="bbox 2003 5624 3618 5704; baseline -0.002 -15"><span class='ocrx_word' id='word_1_827' title='bbox 2003 5630 2142 5689; x_wconf 72' lang='grc' dir='ltr'>θιαιὶ</span> <span class='ocrx_word' id='word_1_828' title='bbox 2170 5646 2245 5689; x_wconf 78' lang='lat' dir='ltr'>ex</span> <span class='ocrx_word' id='word_1_829' title='bbox 2272 5627 2466 5704; x_wconf 81' lang='lat' dir='ltr'>ipsius</span> <span class='ocrx_word' id='word_1_830' title='bbox 2490 5626 2633 5687; x_wconf 86' lang='lat' dir='ltr'>odio</span> <span class='ocrx_word' id='word_1_831' title='bbox 2660 5625 2815 5693; x_wconf 79' lang='lat' dir='ltr'>illos,</span> <span class='ocrx_word' id='word_1_832' title='bbox 2854 5641 2890 5685; x_wconf 90' lang='lat' dir='ltr'>a</span> <span class='ocrx_word' id='word_1_833' title='bbox 2913 5627 3138 5700; x_wconf 78' lang='lat' dir='ltr'>quibus</span> <span class='ocrx_word' id='word_1_834' title='bbox 3157 5627 3471 5701; x_wconf 62' lang='lat' dir='ltr'>processit,</span> <span class='ocrx_word' id='word_1_835' title='bbox 3521 5624 3618 5685; x_wconf 63' lang='lat' dir='ltr'>sui</span> 
     </span>
    </p>
   </div>
  </div>
