4090 6382
482 250 588 305 819

1679 247 2141 307 CONSTANTINI
2178 247 2668 309 ACROPOLITE.

3727 259 3823 316 εεο

482 373 692 444 gillant
723 389 736 430 :
766 371 1266 446 quandoquidem
1287 372 1380 427 vir
1402 371 1616 429 beatus
1645 376 1702 429 et
1737 373 2000 444 majores
2030 373 2142 428 ha-

2264 379 2487 448 πατέρες,
2529 379 2618 428 καὶ
2647 373 2834 446 ἀρετῆς
2891 371 2986 427 διὰ
3050 375 3226 435 πάσης
3277 374 3674 450 ἀννιποιούμενοι
3724 378 3824 453 βιο-

483 461 681 518 buerit
719 466 981 527 sanctos,
1014 465 1069 516 et
1092 465 1370 533 parentes
1410 462 1617 533 quoad
1650 461 1925 516 vixerunt
1954 466 2144 516 secta-

483 557 642 608 tores
668 551 905 623 pietatis
943 551 1162 623 ;idque
1185 568 1322 606 cum
1355 551 1633 623 publicas
1664 556 1863 607 essent
1890 551 2146 619 dignita-

485 647 575 696 tes
607 641 788 706 nacti,
831 645 886 695 et
934 640 1122 696 multa
1153 641 1316 714 apud
1347 644 1553 697 Persas
1597 642 1862 713 potentia
1891 640 2146 714 prmditi,

486 732 692 800 utpote
721 745 859 783 cum
883 729 1177 800 praefectis
1208 745 1414 784 eorum
1446 730 1828 785 dominantes
1854 735 1911 785 et
1939 745 2148 785 curam

486 817 655 872 urbis
677 817 1004 890 partientes
1020 818 1496 874 universaferme
1519 819 1810 874 Damasco
1833 819 1945 873 sub
1959 818 2148 891 patris

489 907 786 962 Mansuris
800 905 1023 961 ditione
1041 908 1362 963 constituta
1376 951 1389 963 .
1423 907 1542 963 Sub
1563 907 1838 964 barbaris
1859 923 2148 980 namque,

494 997 648 1051 sicut
696 996 824 1065 jam
865 995 1009 1062 dixi,
1062 997 1242 1066 geniti
1310 998 1572 1067 majores
1623 1013 1751 1052 sese
1799 1001 2152 1070 aptaverant

493 1085 752 1158 tempori
779 1103 792 1139 :
827 1089 884 1141 et
910 1085 1045 1141 licet
1077 1101 1112 1140 a
1141 1101 1284 1141 vera
1311 1086 1595 1158 religione
1633 1102 1756 1142 non
1785 1087 2149 1150 recederent,

497 1174 1003 1247 appellationibus
1041 1178 1244 1230 tamen
1307 1176 1626 1232 nominum
1706 1181 1763 1232 et
1821 1175 2150 1232 amictuum

498 1263 832 1335 speciebus,
863 1262 1104 1318 barbari
1131 1262 1221 1335 (ut
1249 1263 1332 1319 sic
1369 1263 1648 1333 dixerim)
1686 1267 1742 1320 et
1787 1265 1979 1320 Persae
2033 1261 2154 1318 fue-

495 1358 632 1409 rant
660 1352 815 1408 facti.

569 1443 624 1498 7.
652 1441 991 1497 Vocabatur
1007 1442 1212 1514 itaque
1231 1447 1404 1516 pater
1431 1444 1561 1515 ejus
1612 1446 1868 1510 Mansur,
1926 1443 2157 1499 Persico

497 1530 818 1596 vocabulo,
845 1535 901 1586 et
929 1531 989 1586 in
1017 1532 1285 1587 maximo
1316 1533 1480 1606 apud
1510 1537 1721 1589 Persas
1773 1533 2001 1589 honore
2048 1548 2157 1605 po-

498 1619 644 1675 situs
680 1619 1139 1676 circumﬂuebat
1181 1621 1402 1677 divitiis
1429 1665 1442 1688 ,
1476 1628 1656 1695 atque
1698 1621 1948 1677 indutus
1972 1620 2161 1691 gloria

496 1711 878 1767 ambiebatur
911 1727 947 1765 a
976 1709 1271 1783 frequenti
1301 1713 1609 1768 comitatu.
1634 1712 2047 1782 Indigentibus
2075 1711 2163 1766 in-

497 1801 670 1858 terim
702 1799 1131 1871 suppeditabat
1150 1802 1458 1872 pecunias,
1491 1801 1718 1857 ferebat
1751 1802 2034 1873 injuriam
2057 1819 2162 1875 pa-

495 1889 780 1946 tientibus
807 1903 986 1960 opem
1018 1893 1074 1943 et
1110 1889 1446 1945 redimebat
1475 1891 1743 1963 captivos
1783 1890 1861 1946 ab
1887 1906 2158 1947 exsecra-

496 1978 602 2034 bili
627 1978 946 2032 Persarum
980 1979 1402 2050 superstitione
1431 1980 1610 2035 simul
1663 1984 1719 2035 et
1771 1996 1808 2035 a
1860 1981 2157 2053 gehenna,

495 2069 661 2140 ipsos
699 2066 925 2138 alioqui
952 2072 1252 2128 manente.
1282 2068 1597 2124 vindicans
1625 2069 1684 2124 in
1716 2069 2008 2127 futurum.
2030 2073 2159 2126 Non

496 2162 697 2214 autem
745 2156 861 2212 hoc
908 2156 1166 2212 faciebat
1207 2158 1629 2230 perfunctorie,
1683 2159 1777 2214 vel
1826 2160 1978 2215 sicut
2025 2177 2157 2216 sors

495 2247 728 2315 tulerat,
765 2262 970 2302 eorum
999 2247 1328 2318 peragebat
1371 2249 1704 2317 negotium,
1753 2249 1897 2304 satis
1922 2249 2158 2305 habens

495 2336 826 2392 redemisse
861 2351 965 2391 eos
1013 2340 1195 2408 atque
1234 2337 1310 2391 de
1352 2343 1565 2393 caetero
1623 2337 1926 2408 neglectos
1956 2339 2156 2394 dimit-

496 2431 628 2482 tens
659 2442 674 2480 :
709 2423 812 2479 sed
845 2424 1110 2480 maxima
1140 2426 1298 2481 circa
1340 2442 1444 2482 eos
1474 2427 1753 2482 utebatur
1781 2428 2159 2499 providentia

494 2516 831 2585 iterumque
861 2517 918 2568 et
941 2515 1155 2569 iterum
1186 2515 1257 2570 iis
1285 2517 1594 2583 assistens,
1652 2531 1863 2572 omnes
1914 2516 2159 2572 insimul

495 2621 566 2660 ac
607 2603 855 2659 seorsim
896 2603 1163 2675 singulos
1216 2604 1483 2660 curabat.
1531 2605 1831 2678 Imprimis
1889 2621 2156 2678 namque

496 2709 706 2750 eorum
768 2693 1118 2763 contegebat
1168 2695 1527 2764 nuditatem,
1575 2700 1632 2750 et
1688 2695 2155 2751 imbecillitatem

496 2799 820 2855 corporum
866 2783 1133 2854 diligenti
1162 2785 1558 2857 competentis
1589 2784 1777 2841 victus
1802 2785 2031 2841 ratione
2070 2784 2156 2840 fo-

493 2873 674 2929 vebat
698 2888 966 2941 congruo
993 2873 1212 2929 deinde
1237 2889 1492 2929 numero
1532 2874 1765 2930 dierum
1802 2874 1954 2947 ipsis
1996 2873 2158 2929 velut

495 2963 761 3020 dominis
790 2963 914 3017 suis
961 2962 1300 3028 intendens,
1351 2968 1408 3019 et
1458 2963 1758 3035 quidquid
1811 2963 1890 3018 ad
1947 2979 2156 3019 eorum

497 3053 864 3110 commodum
879 3053 1198 3124 pertineret
1210 3053 1471 3110 studiose
1487 3053 1809 3126 complens:
1833 3057 2158 3126 postquam

501 3143 579 3198 ab
605 3141 891 3197 aerumnis
905 3157 1028 3196 suae
1042 3141 1406 3212 captivitatis
1429 3148 1740 3215 exemptos
1775 3141 2160 3198 sufﬁcienter-

499 3247 618 3304 que
656 3237 952 3286 recreatos
972 3230 1215 3286 videbat
1249 3231 1326 3286 ad
1377 3232 1692 3303 pristinam
1725 3232 1970 3288 rediisse
1992 3231 2159 3288 vale-

501 3320 794 3386 tudinem,
834 3318 1091 3389 jubebat
1133 3319 1446 3389 benevole,
1488 3327 1690 3376 utrum
1731 3319 1995 3388 mallent,
2034 3321 2160 3376 edi-

504 3423 657 3476 cere,
703 3424 946 3464 manere
973 3426 1111 3464 cum
1142 3410 1270 3481 ipso
1299 3410 1387 3465 vel
1419 3411 1580 3466 edire
1621 3411 1699 3466 ad
1728 3411 1993 3486 propria.
2026 3411 2161 3477 Qui-

505 3514 744 3571 cunque
797 3498 975 3567 igitur
1024 3498 1102 3554 ad
1132 3498 1389 3554 reditum
1439 3499 1500 3554 in
1533 3500 1790 3572 patriam
1828 3500 2163 3573 propende-

502 3591 628 3656 bat,
663 3588 1019 3644 sufﬁcientia
1061 3589 1174 3644 sibi
1202 3589 1483 3646 sumebat
1515 3591 1731 3646 viatica
1760 3595 1816 3646 et
1863 3590 2014 3645 inter
2041 3589 2163 3646 feli-

503 3681 587 3736 cis
637 3679 861 3735 itineris
900 3683 1038 3734 vota
1075 3679 1485 3736 dimittebatur
1512 3701 1524 3739 :
1554 3680 1778 3752 quibus
1831 3695 1973 3735 vero
2017 3679 2164 3735 nihil

504 3774 630 3826 erat
656 3769 855 3842 potius
883 3783 1072 3842 quam
1126 3784 1264 3824 cum
1295 3784 1367 3824 eo
1415 3771 1646 3825 versari
1698 3770 1758 3824 in
1799 3769 2164 3824 suburbanis

503 3860 663 3929 agris
713 3874 868 3931 quos
906 3858 1256 3930 possidebat
1292 3857 1604 3930 plurimos,
1654 3858 1728 3912 iis
1769 3845 2165 3913 sufﬁcientem

501 3949 788 4020 largeque
818 3947 1235 4003 abundantem
1263 3946 1490 4002 ibidem
1523 3946 2025 4003 subministrabat
2081 3947 2164 4002 vi-

503 4043 686 4103 ctum,
736 4036 978 4092 delicias
1031 4035 1262 4091 eisdem
1324 4035 1621 4091 exhibens
1675 4035 1839 4091 nullo
1888 4036 2162 4108 ipsorum

502 4127 709 4184 labore
739 4126 1042 4198 quaesitas.
1090 4125 1243 4181 Talis
1281 4131 1406 4181 erat
1439 4127 1562 4181 vita
1610 4127 1950 4196 genitorum
1985 4127 2165 4181 Joan-

502 4216 616 4284 nis,
649 4215 786 4270 talis
815 4215 1001 4268 virtus
1036 4229 1244 4269 eorum
1277 4231 1290 4268 :
1322 4214 1404 4269 sic
1433 4220 1723 4270 vacantes
1758 4218 1874 4271 Deo
1902 4231 1971 4270 ac
2009 4229 2163 4288 puro

505 4304 636 4374 ejus
681 4303 1018 4368 famulatui,
1051 4319 1244 4359 annos
1286 4319 1427 4359 suos
1467 4321 1606 4360 cum
1637 4304 2162 4372 omni,honestate

505 4391 962 4459 emetiebantur,
994 4408 1234 4464 semper
1261 4392 1428 4449 illum
1476 4393 1770 4450 habentes
1797 4409 1921 4465 prae
1952 4391 2161 4464 oculis,

506 4487 565 4537 et
602 4497 710 4536 sua
739 4479 948 4536 omnia
996 4480 1112 4553 ipsi
1157 4487 1594 4544 consecrantes,
1637 4483 1733 4538 cui
1776 4486 1966 4537 totum
2010 4480 2163 4537 fere-

503 4569 654 4626 bant
682 4574 1018 4641 acceptum,
1061 4575 1117 4625 et
1146 4575 1389 4644 propter
1419 4587 1603 4644 quem
1641 4571 1916 4627 fortunas
1959 4586 2166 4626 omnes

505 4658 954 4732 promptissime
986 4661 1520 4716 communicabant
1549 4659 1962 4732 poscentibus.

576 4752 625 4803 8.
659 4747 810 4813 Quid
842 4753 1043 4805 autem
1092 4749 1291 4806 bonus
1347 4755 1765 4805 remunerator
1807 4749 1961 4804 Deus
1991 4751 2020 4806 ?
2046 4753 2164 4807 Ma-

507 4839 1264 4910 gnaextremisreservans,
1290 4837 1685 4909 temporibus,
1705 4853 1998 4908 magnum
2020 4841 2168 4913 quid

505 4929 755 4999 largitus
794 4929 876 4984 eis
899 4929 1030 4987 fuit.
1063 4929 1290 4984 Etenim
1339 4927 1624 4984 diuturna
1664 4927 2009 4985 laborantes
2059 4937 2168 4986 ste-

506 5018 716 5075 rilitate
749 5024 805 5075 et
831 5018 1101 5075 sobolem
1135 5019 1263 5088 jam
1294 5017 1396 5072 diu
1441 5017 1852 5090 desperantes,
1885 5026 2164 5093 parentes

508 5110 720 5181 effecit,
761 5117 817 5166 et
850 5109 1098 5182 quidem
1143 5107 1425 5162 mascula?
1480 5108 1666 5180 prolis
1716 5115 2012 5181 parentes,
2083 5116 2164 5166 ta-

506 5199 696 5274 lisque
717 5200 821 5254 filii
845 5214 1028 5270 quem
1070 5196 1251 5251 simul
1277 5213 1412 5252 cum
1448 5198 1657 5254 Gratiis
1679 5204 1888 5254 natum
1916 5199 2050 5272 quis
2079 5199 2164 5254 di-

504 5289 672 5356 xerit,
697 5304 768 5343 eo
798 5286 966 5360 quod
991 5301 1114 5342 non
1135 5284 1330 5341 solum
1359 5284 1493 5341 illos
1511 5302 1546 5342 a
1563 5288 1875 5360 praeteritae
1898 5287 2164 5343 infecun-

576 5461 653 5532 (4)
678 5457 1182 5532 νὶᾀθίιιτᾼειηοιοτ,
1223 5455 1403 5511 veluti
1420 5472 1497 5532 ex
1529 5456 1621 5532 sui
1685 5456 1976 5532 temporis
2021 5473 2156 5532 usu,

499 5528 872 5588 honeratiori
923 5530 1232 5600 Persarum
1252 5528 1658 5600 appellatione
1710 5529 2042 5583 Saracenos
2072 5529 2159 5584 di-

499 5601 692 5674 gnari,
735 5606 798 5656 ut
833 5601 937 5674 qui
978 5601 1111 5674 jam
1161 5598 1318 5656 inde
1344 5598 1431 5656 ab
1482 5613 1646 5656 anno
1687 5602 1812 5663 628,
1856 5599 2150 5660 exstincto

2253 471 2368 529 τῆς,
2422 470 2512 516 καὶ
2562 472 2730 517 ταῦτα
2783 459 3051 536 δημοσίων
3101 463 3282 538 ἀρχῶν
3320 463 3691 539 ἐπειλημμένοι,
3748 475 3825 522 καὶ

2253 557 2320 606 τὰ
2347 553 2545 627 μεγάλα
2573 557 2719 629 παρὰ
2775 560 3002 628 Πέρσαις
3061 551 3363 628 δυνάμενοι,
3412 556 3500 609 ἅτε
3549 563 3633 609 καὶ
3675 578 3821 631 παρα-

2257 639 2658 706 δυναστεύοντες
2683 652 2756 714 τῷ
2788 646 3076 717 Περσάρχῃ
3109 649 3199 696 καὶ
3227 647 3321 707 τὰς
3375 646 3500 718 ὑπέρ
3538 652 3626 699 τοῦ
3673 655 3826 699 κοινοῦ

2257 729 2539 805 φροντίδας
2597 732 3076 807 συμμεριζόμενοι,
3140 735 3314 786 πᾶσάν
3382 753 3438 787 τε
3496 731 3684 806 σχεδὸν
3729 731 3828 806 εἶχε

2256 826 2349 880 τὴν
2405 827 2681 894 Δαμασκόν
2730 843 2756 874 ο
2816 827 2992 894 πατὴρ
3055 826 3306 895 Μανσοὺρ
3367 823 3456 874 ὑπ’
3509 823 3677 878 αὐτόν.
3721 823 3827 877 ’Υπὸ

2256 915 2357 985 γὰρ
2398 920 2502 972 τοῖς
2555 911 2867 984 βαρϐάροις,
2934 915 3004 974 ὡς
3063 913 3217 984 ἔφθην
3276 911 3447 979 εἰπὼν,
3503 917 3750 984 γεγονότες
3790 914 3831 965 οἱ

2258 1006 2519 1074 πρόγονοι,
2550 1005 2638 1053 καὶ
2691 1005 2912 1073 χρόνους
2965 1001 3141 1062 αὐτοῖς
3201 999 3622 1072 συναμείψαντες,
3672 1001 3712 1053 εἰ
3755 1005 3828 1053 καὶ

3522 1089 3627 1142 ἀλλ’
3673 1086 3751 1141 οὖν
3792 1088 3832 1141 ἐν

2259 1180 2507 1239 κλήσεσιν
2539 1180 2822 1252 ὀνομάτων,
2864 1179 2912 1231 ἐν
2982 1178 3240 1232 ἀναϐολῶν
3297 1184 3576 1251 σχήμασιν
3635 1177 3833 1252 ἐϐαρϐά-

2259 1095 2330 1165 μη
2386 1095 2479 1148 την
2560 1093 2837 1166 θρησκείαν
2931 1095 3398 1162 μεταπεπτώκεσαν
3451 1107 3463 1118 ·

2260 1289 2437 1345 ρισαν,
2469 1269 2530 1321 ἶν’
2561 1270 2728 1332 οὕτως
2767 1273 2985 1342 εἴποιμι,
3018 1272 3107 1321 καὶ
3134 1267 3435 1344 ἐπέρσισαν.

2338 1445 2406 1507 ζ’.
2448 1445 2713 1502 Ἐκαλεῖτο
2767 1453 2891 1518 γοῦν
2943 1448 3192 1519 Μανσούρ
3229 1447 3254 1498 ό
3311 1449 3484 1520 πατὴρ
3549 1447 3840 1520 Περσίκὼτε-

2265 1555 2372 1609 ρον,
2401 1541 2490 1587 καὶ
2518 1535 2736 1587 πλεῖστα
2761 1537 2906 1610 παρὰ
2941 1540 3169 1610 Πέρσαις
3217 1534 3297 1607 (4)
3350 1533 3566 1606 ἐτιμᾶτο
3620 1554 3632 1566 ·
3664 1532 3840 1602 πλούτῳ

2266 1642 2321 1676 τε
2399 1623 2733 1699 περιερρεῖτο,
2797 1627 2887 1674 καὶ
2968 1619 3125 1685 δόξαν
3180 1619 3566 1689 ἐνεδιδύσκετο,
3619 1625 3705 1672 καὶ
3757 1620 3842 1671 ὑπὸ

2196 1731 2236 1784 Β
2271 1722 2482 1786 συχνῶν
2508 1715 2644 1765 πάνυ
2695 1711 3078 1787 περιεϐέϐλητο,
3139 1707 3400 1784 δεομένοις
3451 1708 3697 1784 ἐπαρκῶν,
3744 1703 3844 1759 ἀδιο

2267 1807 2537 1875 κουμένοις
2567 1801 2796 1875 βοηθῶν,
2855 1800 3222 1874 αἰχμαλώτους
3275 1801 3575 1873 ὠνούμενος,
3628 1803 3712 1850 καὶ
3765 1803 3846 1856 τῆς

2270 1890 2491 1964 ἀναγοϋς
2552 1893 2832 1964 θρησκείας
2909 1897 3120 1963 Περσῶν
3177 1895 3265 1942 καὶ
3319 1895 3535 1962 σύναμα
3582 1896 3670 1948 τῆς
3719 1904 3845 1960 περι-

2269 1985 2522 2054 μενούσης
2587 1983 2706 2034 ἓνθα
2785 1984 2988 2052 γεέννης
3070 1982 3336 2055 ῥυόμενος.
3433 1979 3543 2032 Ούκ
3595 1977 3742 2036 ἄλλως
3797 1970 3847 2027 δε

2268 2070 2520 2138 ἐξωνεῖτο,
2584 2075 2674 2122 καὶ
2731 2073 2798 2132 ὡς
2863 2071 3046 2142 ἔτυχεν
3100 2068 3320 2122 ἐποιεῖτο
3372 2071 3451 2122 τὰ
3498 2067 3610 2120 κατ’
3665 2065 3848 2129 αὐτοὺς,

2268 2158 2628 2232 ἀπαμελὴτούς
2677 2161 2854 2211 ἔπειτα
2890 2162 3093 2234 παριεὶς
3121 2163 3211 2210 καὶ
3239 2162 3355 2231 περὶ
3421 2157 3692 2230 ἐλαχίστου
3733 2154 3849 2206 τιθέ-

2267 2268 2435 2322 μενος,
2471 2247 2596 2300 ἀλλά
2628 2252 2722 2300 σὺν
2754 2250 2885 2300 πάνυ
2939 2267 2999 2320 γε
3040 2246 3198 2320 πολλῇ
3258 2255 3320 2319 τῇ
3371 2252 3595 2324 προνοίᾳ
3644 2244 3846 2304 εἰσαῦθίς

2266 2356 2322 2390 τε
2407 2337 2585 2398 αὐτοῖς
2673 2335 3023 2410 ἐφιστάμενος,
3077 2341 3166 2388 καὶ
3221 2333 3449 2409 ἀθρόους
3501 2337 3626 2409 ὁμοῦ
3670 2335 3842 2394 πάντας

2265 2432 2356 2479 καὶ
2399 2424 2513 2500 ἰδίᾳ
2537 2431 2626 2478 καὶ
2660 2424 2777 2478 καθ’
2824 2427 2910 2478 ἕνα
2947 2424 3403 2498 ἐπισκεπτόμενος.
3432 2427 3507 2478 Τὰ
3552 2432 3723 2498 πρῶτα
3767 2423 3845 2472 καὶ

2265 2520 2366 2593 γὰρ
2406 2521 2500 2574 τὴν
2557 2525 2653 2576 τῆς
2716 2515 3089 2589 αἰχμαλωσίας
3145 2514 3342 2578 ἐκείνης
3411 2511 3711 2589 περιέστελλε
3758 2512 3843 2582 γύ-

2267 2626 2484 2680 μνωσιν,
2522 2610 2610 2657 καὶ
2669 2609 2766 2677 τῷ⁸
2798 2613 2893 2666 τῆς
2947 2600 3154 2665 διαίτης
3207 2603 3444 2676 ἐπιμελεῖ
3489 2598 3802 2672 ἀνελάμϐανεν
3831 2617 3842 2630 ο

2270 2699 2465 2756 ἱκαναῖς
2495 2691 2544 2748 δ’
2570 2696 2787 2768 ἡμέραις
2813 2695 2966 2746 οἱονεί
3021 2713 3132 2745 τισι
3185 2689 3473 2756 δεσπόταις
3530 2690 3841 2764 προσανέχων

2267 2785 2462 2852 αὐτοῖς,
2499 2789 2590 2836 καὶ
2655 2790 2756 2836 πᾶν
2811 2785 2934 2858 ὅπερ
2990 2783 3062 2843 εἰς
3117 2784 3399 2856 θεραπείαν
3452 2787 3684 2835 συντεῖνον
3731 2771 3842 2849 ᾔδει

2268 2870 2362 2927 διὰ
2448 2870 2687 2936 σπουδῆς
2743 2875 3052 2946 ποιούμενος
3119 2869 3438 2946 ἐκπληροῦν,
3495 2865 3685 2923 ἐπειδὰν
3735 2859 3848 2938 ᾔδει

2265 2969 2356 3017 καὶ
2385 2963 2558 3017 ἔϐλεπε
2593 3006 2607 3029 ,
2670 2970 2764 3024 τῆς
2795 2961 2850 3014 ἐκ
2904 2969 3000 3022 τῆς
3032 2959 3314 3022 λεηλασίας
3355 2961 3527 3014 τέλεον
3562 2957 3850 3015 τληπαθείας

2189 3088 2228 3142 C
2269 3051 2651 3124 ἀπαλλαγέντας
2711 3055 2801 3102 καὶ
2848 3051 3034 3111 ἱκανῶς
3105 3047 3555 3124 ἀναρρωσθέντας,
3626 3048 3748 3120 πρὸς
3804 3058 3851 3092 τε

2268 3148 2362 3202 τὴν
2407 3143 2590 3195 ἑαυτοῦ
2623 3141 2839 3193 ἕκαστον
2897 3138 3334 3200 ἐπανεληλυθότας
3371 3141 3598 3213 ὑγίειαν,
3635 3138 3690 3188 τὸ
3739 3135 3852 3207 πρὸς

2272 3231 2528 3308 βούλησιν
2581 3228 2898 3302 ἐξαγορεύειν
2971 3225 3168 3291 δεξιαῖς
3228 3227 3492 3281 ἀνέπειθεν
3544 3226 3852 3302 ἐρωτήσεσιν.

2267 3321 2364 3382 ’ος
2395 3317 2480 3373 οὖν
2511 3321 2685 3394 ᾑρεῖτο
2724 3326 2953 3371 συνεῖναι
3009 3326 3168 3376 συνῆν
3195 3339 3207 3350 ·
3241 3317 3292 3378 ὃς
3341 3313 3406 3370 δὲ
3447 3323 3538 3375 τήν
3586 3318 3710 3388 πρὸς
3756 3314 3856 3368 τοὺς

2271 3410 2493 3471 οἰκείους
2544 3408 2891 3482 προύθυμεῖτο
2984 3404 3246 3465 δήπουθεν
3330 3405 3661 3472 στείλασθαι,
3699 3393 3857 3473 ἐφόδιά

2271 3521 2325 3554 τε
2357 3498 2632 3573 ἐλάμϐανεν
2674 3497 2966 3572 αὐτάρκως,
3023 3501 3114 3550 καὶ
3145 3497 3330 3569 εὐχαῖς
3393 3491 3626 3557 εύοδίαις
3683 3487 3860 3551 συνεξε-

2271 3593 2500 3662 πέμπετο
2534 3610 2546 3621 ·
2577 3590 2690 3640 ἔστι
2721 3583 2781 3639 δὲ
2809 3591 2901 3638 καὶ
2951 3587 3023 3647 οἷς
3083 3589 3184 3660 πρὸ
3250 3588 3453 3649 παντὸς
3503 3583 3654 3636 οἴλλου
3704 3579 3860 3632 τουτοῖ

2277 3679 2552 3746 στέρξασιν
2611 3675 2658 3728 ἐν
2714 3681 3063 3752 προαστείοις,
3120 3673 3168 3728 ἐν
3223 3673 3410 3748 ἀγροῖς
3468 3672 3737 3743 (πλεῖστοι
3775 3669 3860 3752 γᾲρ

2274 3767 2414 3840 αὐτῷ
2465 3771 2742 3840 προσόντες
2795 3763 3118 3837 ἐτύγχανον)
3164 3765 3335 3816 ἄνετον
3373 3768 3477 3823 τὴν
3536 3759 3734 3815 δίαιταν
3771 3751 3864 3809 ἐδί-

2274 3853 2372 3909 δου
2399 3861 2488 3908 καὶ
2541 3856 2778 3928 ἄφθονον,
2856 3857 2945 3906 καὶ
3006 3857 3199 3929 τρυφὴν
3235 3851 3399 3904 ἐκεῖσε
3455 3859 3702 3926 παρεῖχεν
3746 3847 3864 3919 ἄμο-

2271 3948 2404 4020 χθον
2456 3949 2546 3997 καὶ
2626 3943 2893 4018 ἀνήροτον.
2962 3949 3203 4003 Τοιοῦτος
3267 3950 3367 3994 τῶν
3425 3944 3790 4015 γεγεννηκότων
3841 3933 3863 3984 ό

2273 4033 2411 4110 βίος,
2466 4037 2684 4091 ταιαύτη
2741 4032 2943 4085 ἐκείνων
3001 4033 3031 4090 ἡ
3092 4030 3246 4104 ἀρετὴ
3289 4052 3302 4064 ο
3360 4032 3500 4083 οὕτω
3555 4049 3608 4082 τε
3643 4035 3714 4098 τῷ
3761 4030 3862 4093 Θεῷ

2271 4127 2594 4198 λατρεύοντες
2654 4124 2897 4194 καθαρῶς
2950 4125 3043 4180 τὴν
3094 4121 3234 4182 ζωὴν
3282 4119 3452 4180 καλῶς
3509 4117 3858 4192 ἐξεμέτρησαν,

2272 4218 2401 4267 Θεὸν
2431 4212 2508 4265 ἀεὶ
2545 4215 2646 4286 πρὸ
2706 4211 2980 4284 ὀφθαλμῶν
3030 4213 3258 4282 ἔχοντες,
3333 4213 3426 4261 καὶ
3480 4216 3594 4279 Θεῷ
3643 4208 3706 4259 τὰ
3757 4199 3860 4254 κατ’

2270 4303 2456 4363 αύτούς
2505 4299 2840 4375 ἀναρτῶντες,
2893 4301 3188 4370 καὶ.τούτῳ
3237 4303 3335 4350 πᾶν
3396 4296 3727 4361 ἀνατιθέντες,
3785 4293 3865 4343 καὶ

2272 4388 2344 4444 δι’
2382 4391 2536 4442 αὐτόν
2556 4394 2855 4465 προχείρως
2885 4390 3017 4462 ἄγαν
3046 4390 3113 4440 τὰ
3145 4392 3410 4462 προσόντα
3464 4395 3574 4449 τοῖς
3628 4381 3863 4460 βουλομέ-

2269 4501 2372 4542 νοις
2398 4484 2736 4556 παρέχοντες.

2344 4745 2415 4803 η’.
2450 4749 2514 4798 Τί
2541 4752 2664 4816 γοῦν
2695 4747 2720 4796 ό
2748 4743 2943 4817 ἀγαθός
2989 4739 3399 4816 μισθαποδότης
3436 4746 3567 4805 Θεός
3593 4761 3606 4809 ;
3668 4734 3870 4809 Μεγάλαι

2273 4835 2352 4888 ἐπ’
2409 4835 2650 4907 ἐσχάτων
2713 4837 2993 4907 ταμιεύων,
3070 4831 3277 4905 μεγάλῳ
3334 4829 3606 4884 κάνταῦθα
3671 4823 3884 4883 τούτους

2275 4920 2595 4998 δεδώρηται.
2641 4929 2741 4977 Καὶ
2793 4927 2891 4998 γὰρ
2945 4925 3138 4975 τέθεικε
3191 4925 3440 4994 πατέρας,
3506 4921 3736 4996 μακροὺς
3767 4909 3865 4972 ἤδη

2272 5018 2499 5088 χρόνους
2525 5018 2617 5072 τὴν
2644 5009 2898 5065 ἀπαιδίαν
2927 5008 3355 5083 δυστυχοῦντας,
3387 5015 3476 5062 καὶ
3544 5014 3637 5066 τὴν
3693 5013 3871 5059 τέκνω-

2275 5122 2356 5155 σιν
2382 5107 2437 5155 τό
2489 5104 2720 5163 παντελὲς
2769 5101 3154 5162 ἀπελπίσαντας
3204 5117 3217 5130 ’
3271 5105 3361 5152 καὶ
3410 5103 3614 5172 πατέρα
3672 5093 3868 5170 ἄρρενός

2271 5212 2325 5245 τε
2348 5189 2563 5254 παιδὸς,
2623 5197 2713 5244 καὶ
2772 5191 2981 5244 αύτοθεν
3036 5190 3188 5251 εὐθὺς
3251 5191 3681 5263 συγγεννηθέντος
3717 5179 3871 5258 (εἶπεν

2270 5283 2330 5335 οἶν
2357 5285 2455 5352 τις)
2519 5290 2634 5343 ταῖς
2683 5283 2911 5357 Χάρισιν
2971 5297 2984 5310 ·
3037 5279 3143 5352 οὐχ
3190 5279 3270 5331 ὄτι
3315 5285 3440 5351 γοῦν
3495 5285 3587 5337 τῆς
3635 5271 3874 5350 προτέρας

2267 5454 2526 5512 Chosroe
2545 5457 2601 5506 et
2627 5450 2763 5506 ﬁliis
2797 5451 2948 5522 ejus.
2989 5448 3312 5522 imperium
3331 5446 3586 5522 Orientis
3607 5444 3866 5516 ereptum

2265 5524 2454 5582 Persis
2480 5528 2820 5609 tenuerunt.
3713 5525 3719 5532 '
