4090 6400
231 319 337 375 821

233 445 321 498 ἐπὶ
361 451 426 518 τῇ
471 449 744 516 πειρὼσει
795 443 963 504 λύπης
1020 441 1337 517 ἀφαιρεῖται,
1396 440 1524 494 ἀλλὰ
1578 447 1668 495 καὶ
1698 442 1848 496 πλεί-

232 555 366 596 στης
403 531 513 592 ἤδη
569 542 667 595 τῆς
703 533 954 606 εὐθυμίας
1006 531 1317 604 ὶμπίπλησι,
1383 539 1445 603 τῇ
1504 537 1598 583 τοῦ
1635 551 1844 603 γεγενη-

231 628 391 697 μένου
419 623 472 686 ἐξ
511 623 672 685 αὐτῆς
721 619 952 696 προόδου
1019 621 1235 693 καλλονῇ
1279 640 1332 672 τε
1383 626 1473 671 καὶ
1534 624 1839 695 ὡραιότητι,

229 717 291 766 τό
322 720 416 766 τοῦ
443 714 600 772 ἤθους
652 711 702 774 ἐς
754 717 916 765 νέωτα
957 715 1176 782 κόσμιόν
1218 729 1272 762 τε
1329 714 1417 762 καὶ
1473 715 1658 783 χαρίεν
1718 708 1840 772 δούς

227 803 414 863 αὐτοῖς
450 800 925 875 προφοιϐάζεσθαι.
979 801 1066 852 Ἐκ
1111 802 1357 851 τοιούτων
1408 802 1434 850 ό
1481 803 1644 870 μέγας
1693 801 1840 862 οὗτος

223 895 554 962 γεγέννηται,
611 888 665 942 ἐκ
719 892 965 950 τοιαύτης
1031 890 1056 940 6
1098 890 1229 950 θεῖος
1284 890 1485 961 καρπὸς
1533 897 1623 948 τῆς
1685 889 1837 962 ῥίζης

223 979 681 1054 τετελεσφόρηται,
743 977 797 1030 ἐκ
870 979 1132 1031 τοσούτων
1171 981 1265 1035 τὴν
1323 975 1507 1049 ἀρετὴν
1560 979 1584 1030 6
1642 980 1834 1037 ταύτην

223 1067 585 1144 ἀπαράμιλλος
648 1067 1011 1142 προελήλυθεν.
1073 1062 1286 1124 Ἐπειδὴ
1353 1062 1411 1118 δὲ
1466 1071 1552 1117 xui
1619 1067 1833 1139 προελη-

219 1157 366 1221 λυθε,
433 1159 681 1233 παραυτά
753 1165 826 1226 τῷ
901 1155 1236 1230 βαπτίσματι
1312 1157 1702 1226 καθαγνίζεται.
1764 1156 1833 1210 ”Ω

224 1247 388 1307 ζήλου
418 1250 606 1320 γονέων
639 1247 650 1301 l
684 1247 724 1296 ὣ
753 1251 973 1308 πίστεως
1007 1245 1321 1317 ἀκραιφνοῦς
1376 1243 1387 1296 l
1459 1245 1498 1295 ὠ
1567 1241 1828 1319 διαπύρου

223 1336 439 1412 φίλτρου
462 1340 587 1412 πρὸς
617 1338 804 1407 Κύριον
839 1335 851 1389 l
883 1335 992 1386 Ούκ
1022 1337 1230 1409 ἔτρεσαν
1261 1337 1346 1385 τὸν
1402 1333 1560 1392 ἀσεϐῆ
1634 1331 1826 1388 δεσπό-

221 1445 342 1493 την,
391 1425 448 1477 οὐ
523 1428 639 1485 τούς
695 1423 742 1475 ἐν
794 1424 922 1476 τελει
959 1428 1050 1475 καὶ
1100 1425 1402 1495 συνάρχους
1463 1422 1708 1492 ἔπτηξαν,
1766 1426 1824 1476 ού

223 1511 402 1586 δήμου
430 1513 658 1585 ἀλογίαν,
701 1513 794 1565 οὐκ
825 1516 995 1573 ἔθνους
1053 1511 1297 1564 ἀπόνοιαν
1356 1507 1648 1563 ἑδειλίασαν
1709 1534 1722 1545 ο
1765 1513 1823 1565 οὐ

218 1599 386 1666 δόξης
429 1605 750 1674 ἐφρόντισαν,
806 1602 865 1653 ού
895 1603 1208 1676 χρημάτων,
1263 1599 1356 1651 οὐκ
1408 1598 1558 1651 όλϐου
1623 1600 1824 1653 πολυει-

216 1688 366 1758 δοῦς,
418 1689 629 1754 όύδενός
669 1691 842 1753 ἁπλῶς
899 1699 996 1742 τῶν
1047 1697 1150 1750 τοῖς
1195 1689 1398 1748 πολλοῖς
1450 1692 1567 1762 περὶ
1632 1689 1821 1742 πολλοῦ

209 1785 583 1852 τυγχανόντων
635 1783 834 1840 τούτοις
914 1777 1235 1850 ἀμωσγέπως
1316 1776 1558 1850 ἐμέλησεν
1617 1799 1629 1810 ο

207 1877 311 1920 τῶν
353 1870 558 1920 πάντων
597 1871 626 1927 ἡ
691 1872 938 1941 στέρησις
992 1869 1061 1927 ως
1113 1862 1264 1918 οὐδὲν
1324 1867 1816 1941 ύπερεωρᾶτο,.και

204 1963 363 2030 μόνος
421 1960 447 2010 ό
487 1965 578 2010 τού
633 1965 766 2010 Θεοῦ
814 1959 972 2018 πόθος
1030 1962 1360 2030 προετιμᾶτο,
1429 1960 1518 2006 καὶ
1570 1954 1816 2030 λαμπρῶς

617 2043 784 2099 Οὐδὲν
872 2042 959 2097 οὖν
1014 2047 1135 2118 ὅπερ
1211 2045 1503 2118 ύπέθραξαν
1561 2044 1814 2103 ἀναϐολήν

1299 2156 1310 2166 ·
1369 2132 1474 2184 ἀλλ’
1534 2133 1586 2197 ἐξ
1653 2134 1813 2198 αὐτῆς

205 2048 527 2122 προετίθετο.

202 2156 323 2188 τινα
387 2141 477 2188 xui
548 2136 822 2208 ὑπέρθεσιν
906 2134 1245 2207 ἐμπεποίηκεν

204 2225 363 2277 αὐτόν
393 2227 622 2296 ἡγίασαν
666 2233 760 2285 τῆς
810 2228 1057 2295 γενέσεως
1115 2219 1428 2295 ἀναφανδόν,
1483 2223 1588 2294 ούχ
1646 2226 1715 2285 ὡς
1766 2229 1818 2282 οἱ

203 2317 306 2385 πρὸ
339 2313 508 2366 αὐτῶν
564 2312 734 2384 λάθρα
781 2308 932 2364 τοῦτο
991 2308 1416 2387 διεργασάμενοι,
1483 2314 1656 2383 ἔμοιγε
1724 2307 1812 2362 δο-

206 2409 334 2467 κεῖν,
385 2407 475 2453 καὶ
521 2403 710 2454 ἄνωθεν
755 2402 826 2463 εἰς
875 2410 1026 2453 τοῦτο
1084 2404 1523 2473 κατεπειγόμενοι.
1561 2401 1654 2452 “Ov
1710 2401 1810 2475 γὰρ

205 2496 526 2567 προέγνωκεν
557 2492 582 2543 6
623 2495 770 2560 Θεὸς,
825 2496 916 2542 καὶ
980 2493 1110 2565 πρὸς
1165 2494 1248 2542 τὸν
1305 2498 1401 2552 τῆς
1457 2490 1641 2542 ἑαυτοῦ
1689 2489 1815 2564 πόῤ·

838 2581 1020 2637 Ἐκκλη
1032 2584 1150 2640 σίας
1242 2583 1620 2654 καταρτισμὸν,
1719 2582 1809 2632 οὐκ

204 2581 367 2656 ῥωθεν

207 2669 450 2741 ἠνέσχετ’
494 2667 554 2719 ἃν
606 2665 672 2727 δὴ
731 2668 920 2721 αὐτίκα
956 2676 1028 2740 τῷ
1067 2670 1330 2742 προελθεῖν
1369 2670 1807 2739 καθαγνισθῆναι,

464 2583 721 2653 ἀφώρισεν

204 2763 293 2810 καὶ
341 2758 455 2830 οἶμα
502 2766 573 2830 τῷ
615 2755 932 2810 ἀναπνεῦσαι
998 2757 1403 2828 ἀναγεννηθῆναί
1435 2776 1487 2808 τε
1539 2762 1630 2808 καὶ
1686 2757 1807 2808 ἀνα-

205 2848 501 2906 πλασθῆναι
536 2852 629 2906 τὴν
679 2854 898 2923 κρείττω
947 2867 1000 2900 τε
1033 2854 1122 2899 καὶ
1178 2850 1435 2921 θειοτέραν
1470 2847 1807 2919 ἀναγέννησιν

200 2942 291 2989 καὶ
321 2936 628 2991 ἀνάπλασιν.

272 3109 338 3164 θ’.
367 3109 502 3161 Ἀλλ’
529 3107 710 3169 ἐπειδὴ
760 3115 852 3168 τὴν
885 3109 1138 3186 βρεφικὴν
1196 3111 1557 3184 παραμείψας,
1617 3115 1804 3184 ὡραῖος
1836 3149 1876 3204 C

199 3199 264 3248 ὧν
294 3197 553 3270 ἐτύγχανε
580 3205 670 3252 καὶ
713 3197 1056 3262 παιδεύσεως,
1114 3202 1208 3252 ούκ
1262 3198 1475 3253 ἀπεῖδον
1539 3202 1587 3252 οἱ
1628 3209 1804 3274 σεμνοὶ

197 3293 499 3362 γεννήτορες
553 3295 644 3340 xui
713 3291 981 3342 θεσπέσιοι
1047 3297 1114 3351 εὶς
1163 3288 1510 3361 παιδοτρίϐας
1577 3309 1803 3363 σωματι-

199 3381 344 3445 κοὺς,
403 3380 474 3439 ὡς
529 3377 590 3429 ἂν
629 3380 654 3428 6
711 3386 832 3438 παῖς
871 3379 1044 3439 αὐτοῖς
1098 3380 1293 3451 εὐφυῶς
1355 3378 1606 3437 ἀσκήσειε
1657 3380 1803 3442 τόξον

199 3466 688 3539 μεταχειρίζεσθαι,
719 3471 810 3518 καὶ
847 3469 1095 3530 καθάπαξ
1152 3472 1270 3542 περὶ
1327 3471 1506 3540 μάχας
1557 3475 1646 3520 καὶ
1702 3489 1804 3521 πο-

199 3553 381 3626 λέμους
407 3551 714 3626 εύδοκιμεῖν”’
745 3577 758 3588 ·
809 3555 916 3607 ἀλλ’
955 3553 1079 3609 ούδέ
1130 3561 1252 3618 τούς
1317 3557 1402 3609 ἐπὶ
1464 3565 1571 3619 τοῖς
1622 3578 1805 3630 γυμνι-

198 3651 306 3703 κοῖς
347 3646 706 3716 γυμνάσοντας
745 3644 944 3716 ἀγῶσιν
1001 3645 1283 3710 ἐζήτησαν,
1344 3650 1413 3709 ὡς
1463 3646 1524 3698 ἂν
1564 3643 1631 3704 δὴ
1673 3669 1803 3719 πυγ-

199 3738 300 3804 μὴν
337 3729 780 3808 παιδοτριϐηθείη
837 3732 1270 3806 διαγωνίζεσθαι,
1323 3739 1527 3808 κούφως
1571 3756 1626 3788 τε
1677 3739 1802 3789 θέειν

197 3827 282 3875 τὸν
313 3819 548 3888 δίαυλον,
587 3830 676 3876 καὶ
707 3821 969 3877 δισκεύειν
999 3826 1243 3898 εὐχερῶς,
1302 3831 1392 3878 xui
1449 3823 1667 3899 δόλιχον
1715 3827 1801 3880 άλ-

195 3911 394 3976 λεσθαι,
443 3913 473 3971 ἦ
507 3917 597 3965 καὶ
658 3914 797 3988 ωάλῃ
858 3919 978 3976 τούς
1039 3915 1104 3975 εἰς
1150 3923 1340 3988 χεῖρας
1394 3917 1559 3976 ἰόντας
1617 3913 1800 3979 δεξιῶς

190 4000 530 4054 καταϐάλλειν
558 4008 648 4055 καὶ
698 4009 977 4078 νικηφόρος
1024 4004 1342 4058 ἀνίστασθαι
1371 4023 1384 4035 ⁸
1415 4005 1521 4056 ἀλλ’
1567 3991 1798 4066 ἐζητεῖτο

189 4086 476 4151 παιδευτὴς
514 4089 822 4164 ἀξιόχρεως,
855 4095 910 4155 ὃς
948 4093 1008 4144 ἆν
1048 4091 1211 4152 εἰδείη
1272 4095 1639 4169 ῥυθμίσασθαι
1689 4095 1798 4166 ψυ-

190 4183 320 4250 χὴν,
378 4189 652 4252 κοσμῆσαι
711 4190 880 4254 σῶμα,
950 4187 1040 4234 καὶ
1098 4184 1212 4254 Θεῷ
1284 4194 1652 4259 παραστῆσαι,
1707 4191 1796 4238 καὶ

191 4267 368 4328 ἁπλῶς
397 4267 508 4320 ἀντὶ
545 4273 768 4341 χθονίου
825 4281 1166 4331 καταστῆσαι
1219 4272 1492 4344 ἀγγελικόν
1545 4294 1662 4326 τινα
1708 4278 1798 4327 xui

1532 4362 1640 4416 ἀλλ’
1708 4368 1794 4417 οὕ-

190 4465 374 4517 μενουν
412 4447 519 4518 οὐχ
558 4450 826 4521 εύρίσκετο
857 4466 868 4478 ³
921 4447 982 4507 ἧν
1011 4454 1113 4525 γὰρ
1169 4457 1259 4504 xui
1308 4453 1565 4516 παντελῶς
1603 4455 1796 4526 ἄπορον

189 4534 240 4586 ἐν
306 4533 594 4609 βαρϐάροις
663 4541 749 4588 τὸν
802 4536 1024 4596 Ἕλληνα
1081 4537 1473 4613 διηκριϐωκότα
1508 4541 1658 4613 λόγον
1712 4546 1795 4595 εύ-

188 4630 318 4697 ρεῖν,
363 4630 452 4677 καὶ
489 4629 646 4696 μέσον
696 4625 894 4678 ἀσεϐῶν
948 4625 1101 4702 ἀνδρὶ
1149 4633 1281 4682 κατά
1319 4635 1448 4682 Θεὸν
1497 4633 1652 4691 ζῶντι
1709 4653 1795 4685 πε-

191 4357 450 4430 ούράνιον.
488 4357 754 4421 Ἐζητεῖτο
783 4364 872 4432 μεν
930 4361 1070 4423 ἄξιος
1116 4359 1407 4424 παιδευτὴς
1450 4385 1461 4397 ο

188 4720 452 4784 ριτυχεῖν,
483 4719 573 4765 xui
634 4717 790 4786 ἱκανῷ
818 4734 879 4786 γε
914 4721 1045 4790 πρὸς
1074 4716 1155 4769 ἐπὶ
1180 4721 1377 4778 τούτοις
1415 4717 1536 4780 ἦθος
1592 4723 1795 4794 ἀνθρώ-

190 4821 296 4853 που
333 4807 464 4874 πρός
493 4807 551 4856 τὸ
589 4813 823 4878 κρεῖττον
865 4812 954 4858 xui
996 4809 1244 4882 θειότερον
1291 4807 1522 4879 ἀγαγεῖν.
1557 4809 1652 4862 Ἦν
1708 4808 1796 4862 οὖν

189 4892 214 4942 6
246 4896 422 4966 πατὴρ
450 4891 498 4944 ἐν
538 4893 778 4968 ἀπορίᾳ(
809 4898 974 4966 τούτῳ
1020 4899 1118 4970 γὰρ
1179 4897 1368 4968 μᾶλλον
1417 4900 1447 4955 ἡ
1481 4904 1598 4970 περὶ
1640 4897 1796 4952 τοῦδε

189 4985 401 5052 φροντὶς
467 4981 749 5052 ἐνέκειτο),
821 4990 912 5036 καὶ
993 4989 1126 5038 οὕτω
1205 4989 1453 5038 πάντοθεν
1537 4987 1790 5056 ἀνεζήτει,

187 5070 279 5121 ἅτε
311 5071 397 5122 ἐπὶ
425 5073 602 5134 πάσης
663 5073 868 5145 ἰσχύων
925 5083 1020 5134 τῆς
1078 5073 1250 5148 ἀρχῆς
1304 5076 1501 5148 μεγάλα
1561 5083 1788 5149 Περσῶν,

182 5162 273 5210 xui
306 5163 610 5231 πανταχόθι
647 5166 843 5224 ταύτης
894 5172 1222 5238 περιφοιτῶν,
1281 5170 1369 5216 xui
1419 5168 1505 5216 τόν
1561 5174 1794 5218 τοιοῦτον

184 5247 475 5318 ἀνιχνεύων
502 5252 613 5302 ὅθεν
644 5251 704 5302 ἀν
741 5257 832 5304 xui
875 5254 1184 5320 θηράσαιτο.
1236 5258 1366 5316 Θεός
1397 5251 1456 5306 δὲ
1492 5256 1615 5328 ἄρα,
1646 5258 1672 5308 ό
1701 5253 1794 5308 διὰ

183 5346 286 5390 τῶν
317 5337 555 5390 ίναντίων
581 5343 646 5392 τά
685 5339 888 5393 ἐναντία
930 5343 1209 5415 οἰκονομῶν
1273 5349 1364 5396 καὶ
1409 5343 1580 5415 λόγοις
1637 5344 1792 5420 ἀπορ-

185 5429 362 5501 ρήτοις
402 5424 655 5500 διεξάγων
685 5434 749 5482 τὰ
800 5431 916 5483 καθ’
961 5434 1099 5503 ἡμᾶς
1165 5435 1376 5502 ἄνωθεν,
1430 5438 1520 5486 καὶ
1566 5437 1631 5486 τὰ
1676 5441 1793 5506 περὶ

188 5520 378 5569 τούτου
435 5527 606 5589 σοφῶς
645 5515 878 5580 διετίθει,
933 5527 1024 5573 xui
1074 5522 1334 5597 πόρρωθεν
1376 5525 1661 5582 συνὴλαυνε
1705 5528 1793 5577 τόν

190 5610 330 5659 κατὰ
358 5609 630 5680 πρόθεσιν,
652 5615 742 5662 xui
769 5613 1038 5683 μαχρόθεν
1085 5621 1322 5687 προσῆγε
1359 5618 1447 5665 τόν
1489 5634 1625 5667 κατα
1666 5613 1792 5686 βού-

1445 316 1517 370 IN
1557 316 1614 372 S.
1651 315 1845 374 JOAN.
1886 313 2386 373 DAMASCENUI.

1830 4507 1874 4560 D

3506 306 3618 366 822.

1958 443 2160 499 ditatis
2190 441 2472 498 maestitia
2508 440 2804 509 liberavit,
2850 454 3062 495 verum
3105 437 3288 510 etiam
3332 434 3628 507 jucundi.

1955 535 2072 587 tate
2099 547 2286 603 quam
2316 530 2585 586 maxima
2613 528 2900 601 implevit,
2951 527 3249 596 insignem
3299 523 3378 581 ab
3426 524 3620 596 ipsius

1951 621 2100 677 uteri
2141 637 2390 692 egressu
2449 622 2704 675 formam
2738 618 2937 674 vultus
3004 622 3183 688 atque
3254 613 3618 684 elegantiam

1950 710 2294 782 praeferens,
2328 709 2489 765 unde
2521 709 2606 764 eis
2645 707 2904 763 dabatur
2954 705 3217 774 occasio,
3273 700 3617 772 augurandi

1949 798 2104 856 bene
2131 799 2207 856 de
2234 815 2302 854 ea
2320 815 2442 870 qua
2472 798 2731 854 adultior
2748 794 3144 868 complendus
3174 797 3352 860 esset,
3375 807 3612 847 morum

1948 889 2140 956 gratia
2165 905 2234 944 ac
2261 892 2584 943 venustate.
2630 891 2714 941 lta
2764 886 3022 955 genitus,
3080 881 3432 937 lustralibus
3469 895 3613 935 mox

1945 978 2126 1033 undis
2154 994 2260 1050 per
2298 977 2676 1049 baptismum
2707 979 3020 1048 purgatur.
3081 973 3124 1028 Ο
3172 970 3324 1025 ﬁdes
3389 969 3612 1041 genito-

1943 1065 2111 1121 rum!
2145 1081 2180 1120 ο
2213 1066 2479 1120 sincerus
2512 1063 2710 1118 zelus!
2744 1079 2780 1117 o
2813 1077 2984 1116 amor
3018 1059 3255 1114 fervens
3298 1072 3440 1126 erga
3501 1056 3611 1110 Do-

1941 1152 2211 1210 minum!
2248 1157 2373 1208 Non
2411 1154 2728 1209 timuerunt
2768 1151 3024 1222 impium
3065 1146 3410 1221 praesidem,
3479 1159 3607 1199 non

1939 1243 2326 1310 magistratus
2352 1247 2455 1298 aut
2475 1257 2685 1297 eorum
2709 1239 3013 1296 ministros
3035 1235 3455 1301 formidarunt,
3481 1249 3604 1289 non

1936 1331 2408 1388 irrationabilem
2430 1331 2592 1400 vulgi
2614 1329 3004 1393 dementiam,
3029 1342 3153 1382 non
3177 1325 3370 1397 gentis
3407 1339 3602 1379 vecor-

1934 1420 2100 1478 diam
2126 1421 2560 1476 exhorruerunt
2594 1437 2606 1474 :
2638 1435 2761 1474 non
2781 1417 3005 1490 gloriaa,
3038 1431 3162 1471 non
3176 1413 3596 1488 pecuniarum,

1932 1527 2054 1566 non
2096 1510 2436 1583 multiplicis
2468 1510 2526 1564 in
2576 1509 2838 1581 speciem
2877 1504 3263 1562 beatitudinis
3294 1503 3594 1559 rationem

1930 1600 2290 1666 habuerunt,
2330 1599 2561 1656 nullum
2602 1599 2864 1671 denique
2903 1612 3110 1652 earum
3148 1611 3349 1650 rerum
3388 1608 3591 1664 respe-

1929 1695 2113 1759 ctum,
2141 1706 2275 1762 quae
2307 1689 2470 1762 apud
2498 1687 2819 1760 plerosque
2850 1686 2910 1741 in
2942 1699 3168 1754 magno
3199 1687 3340 1738 sunt
3358 1681 3585 1752 pretio:

1693 1777 1818 1831 ἀλλὰ
1849 1795 1891 1848 Β
1929 1779 2035 1834 sed
2055 1780 2354 1836 honorum
2384 1779 2658 1834 omnium
2689 1775 2940 1849 privatio
2969 1771 3486 1837 contemnebatur,
3522 1775 3587 1826 ut

1927 1868 2093 1924 nihili
2123 1869 2454 1924 damnum:
2475 1871 2531 1922 et
2551 1865 2747 1921 solum
2768 1862 3044 1937 placendi
3072 1865 3190 1918 Deo
3216 1860 3580 1916 desiderium

1927 1958 2156 2012 cunctis
2189 1957 2367 2011 rebus
2394 1954 2838 2027 praeferebatur.
2870 1952 3102 2008 Nullam
3155 1949 3336 2020 igitur
3383 1949 3579 2004 consi-

1923 2045 2015 2101 liis
2047 2047 2169 2100 suis
2205 2062 2439 2102 moram
2471 2045 2895 2102 dilationemve
2924 2043 3391 2112 interponentes,
3446 2053 3577 2095 san-

1925 2135 2335 2192 ctiﬁcaverunt
2372 2151 2624 2207 puerum
2657 2133 2854 2188 statim
2913 2147 2984 2187 ac
3031 2134 3210 2186 natus
3255 2128 3401 2196 fuit;
3459 2143 3582 2184 non

1927 2225 2099 2280 sicuti
2121 2225 2219 2282 alii
2249 2230 2386 2280 ante
2417 2225 2580 2296 ipsos
2607 2222 2948 2280 clanculum
2992 2219 3053 2275 id
3109 2218 3415 2288 facientes,
3475 2218 3580 2274 sed

1923 2313 2261 2386 propalam,
2289 2314 2469 2387 idque
2501 2328 2760 2384 superno
2788 2312 2874 2382 (ut
2922 2309 3065 2366 mihi
3118 2309 3386 2382 quidem,
3419 2307 3580 2362 vide-

1924 2403 2041 2472 tur)
2067 2403 2348 2458 instinctu
2380 2402 2545 2458 moti.
2579 2403 2763 2466 Quem
2805 2400 2964 2456 enim
3026 2402 3177 2454 Deus
3207 2402 3582 2470 prmnoverat

1921 2497 2100 2564 atque
2127 2509 2163 2547 a
2187 2492 2368 2561 longo
2401 2496 2739 2564 temporum
2784 2487 3092 2544 intervallo
3122 2487 3200 2543 ad
3232 2504 3354 2543 suae
3386 2486 3578 2542 Eccle-

1922 2581 2025 2635 siae
2046 2582 2486 2654 reparationem
2522 2580 2949 2645 destinaverat,
2973 2593 3093 2633 non
3126 2578 3436 2634 tolerasset
3454 2591 3578 2632 non

1922 2671 2124 2725 statim
2157 2676 2220 2725 ut
2245 2670 2461 2742 prodiit
2492 2667 2870 2738 sanctiﬁcari,
2898 2673 2955 2723 et
2985 2667 3162 2723 simul
3212 2672 3390 2740 atque
3458 2666 3577 2738 spi-

1918 2775 2050 2814 rare
2082 2760 2261 2832 capit
2295 2775 2417 2815 non
2465 2758 2803 2828 regenerari
2855 2756 3252 2830 praestantiori
3304 2755 3576 2828 quodam

1919 2848 2320 2917 generationis
2352 2848 2556 2904 modo.

1987 3120 2038 3171 9.
2074 3117 2397 3188 Postquam
2430 3115 2763 3172 infantilem
2820 3122 3280 3188 praetergressus
3337 3117 3574 3171 aetatem

1912 3209 2192 3273 Joannes,
2233 3207 2584 3262 institutioni
2643 3206 2821 3277 cmpit
2881 3210 3150 3259 maturus
3206 3203 3414 3273 videri,
3474 3204 3579 3259 ho-

1915 3297 2062 3350 nesti
2086 3297 2215 3367 ejus
2247 3296 2710 3368 admirandique
2733 3298 3009 3367 parentes
3033 3309 3152 3349 non
3177 3298 3578 3365 rexpexerunt

1914 3386 1990 3441 ad
2010 3386 2412 3458 corporalium
2429 3386 2924 3440 exercitationum
2945 3385 3285 3454 magistros,
3308 3399 3571 3456 quorum

1914 3491 2060 3530 cura
2095 3474 2253 3530 ﬁlius
2314 3491 2458 3528 suus
2504 3475 2648 3530 scite
2688 3477 2963 3529 tractaret
2995 3489 3201 3528 arcum
3233 3478 3289 3528 et
3343 3472 3572 3542 bellica:

1913 3563 2114 3634 gloriae
2146 3562 2571 3635 conquirenda
2603 3566 2927 3633 aptaretur,
2951 3561 3254 3617 decertare
3284 3561 3439 3617 inter
3458 3577 3572 3634 pu-

1914 3653 2060 3723 gilcs
2080 3653 2334 3721 discens,
2368 3657 2472 3706 aut
2500 3651 2763 3706 stadium
2812 3650 2925 3706 levi
2980 3649 3134 3723 pede
3200 3665 3572 3721 percurrere,

1913 3743 2083 3798 disco
2121 3741 2346 3804 ludere,
2401 3740 2618 3796 saltare
2662 3739 2911 3810 agiliter,
2967 3753 3281 3794 conserere
3324 3755 3569 3808 manus,

1911 3831 2325 3886 adversarium
2353 3829 2742 3900 supplantare
2781 3834 2963 3900 atque
3015 3834 3427 3900 prosternere:
3464 3829 3569 3885 sed

1910 3919 2289 3992 qumrebatur
2299 3917 2671 3990 paedagogus
2687 3918 2964 3982 idoneus,
2980 3917 3085 3990 qui
3098 3917 3273 3972 sciret
3295 3917 3568 3974 animum

1909 4009 2190 4078 excolere,
2221 4023 2434 4064 ornare
2465 4023 2706 4080 corpus,
2762 4013 2819 4061 et
2875 4011 3196 4079 utrumque
3243 4006 3569 4063 admovere

1911 4103 2048 4158 Deo.
2081 4105 2260 4171 atque
2287 4114 2356 4153 ex
2379 4103 2612 4154 terreno
2642 4098 2885 4154 homine
2914 4097 3250 4167 angelicum
3269 4097 3566 4171 quiddam

1909 4195 1966 4246 et
2017 4190 2254 4245 caeleste
2315 4189 2596 4244 formare.
2667 4189 2941 4257 Magister
2994 4187 3378 4259 quaerebatur
3430 4204 3566 4244 vere

1909 4278 2272 4352 profuturus.
2312 4278 2414 4334 sed
2446 4278 2688 4350 qualem
2721 4276 3065 4332 inveniendi
3097 4292 3237 4348 spes
3267 4277 3433 4333 nulla
3463 4295 3566 4350 ap-

1908 4369 2199 4442 parebat:
2235 4384 2482 4439 prorsus
2512 4368 2672 4422 enim
2703 4365 2941 4422 difﬁcile
2971 4371 3097 4423 erat
3143 4367 3400 4440 reperire
3452 4367 3575 4424 ali-'

1906 4475 2090 4532 quem
2121 4459 2272 4513 inter
2298 4457 2592 4513 barbaros
2648 4456 2830 4512 Graeci
2871 4457 3129 4528 peritum
3161 4457 3476 4525 sermonis,
3509 4461 3566 4513 et

1905 4549 1968 4604 in
1990 4547 2190 4604 medio
2219 4547 2542 4619 impiorum
2563 4546 2832 4602 nancisci
2858 4545 3072 4616 virum,
3103 4546 3208 4619 qui
3228 4546 3564 4603 secundum

1911 4640 2094 4693 Deum
2127 4637 2331 4692 vivens
2361 4636 2657 4691 sufﬁceret
2685 4635 2915 4691 homini
2946 4635 3025 4691 ad
3055 4636 3304 4692 meliora
3349 4635 3564 4709 perdu-

1907 4727 2120 4782 cendo.
2143 4726 2315 4782 Pater
2341 4727 2520 4794 igitur
2548 4727 2753 4797 (quem
2813 4725 3010 4780 acrius
3066 4725 3194 4781 haec
3249 4726 3566 4800 torquebat

1906 4813 2075 4884 cura)
2105 4815 2371 4870 haerebat
2391 4815 2809 4883 ambiguus,et
2829 4813 3289 4886 omnesimperii
3321 4815 3559 4881 Persici,

1905 4904 1961 4959 in
1996 4919 2118 4978 quo
2140 4908 2371 4975 poterat
2399 4903 2952 4975 plurimum,partes
2995 4902 3279 4972 lustrans,
3313 4904 3562 4974 indaga-

1904 4992 2009 5048 bat
2035 4979 2182 5047 num
2215 4992 2430 5046 alicubi
2449 4992 2745 5062 ejusmodi
2771 4992 3079 5048 nominem
3101 4993 3308 5048 venari
3329 4999 3554 5064 posset.

1909 5084 2060 5137 Deus
2089 5081 2346 5149 interim,
2395 5082 2497 5152 qui
2559 5097 2720 5152 saepe
2778 5097 2849 5137 ex
2896 5081 3207 5137 contrariis
3262 5083 3560 5140 contraria

1904 5175 2185 5242 procurat
2213 5175 2270 5226 et
2319 5186 2413 5224 res
2467 5170 2769 5224 humanas
2807 5171 3141 5226 rationibus
3189 5171 3434 5228 occultis
3482 5173 3561 5230 ab

1903 5260 2023 5316 alto
2062 5265 2370 5332 temperat,
2413 5260 2592 5314 etiam
2628 5260 2936 5327 negotium
2984 5261 3140 5317 istud
3199 5262 3562 5334 disponebat

1903 5347 2219 5418 sapienter,
2255 5353 2433 5420 atque
2449 5347 2577 5418 jam
2605 5347 2839 5419 pridem
2865 5365 2897 5402 e
2945 5349 3293 5424 longinquis
3346 5352 3564 5408 mundi

1904 5435 2175 5507 partibus
2192 5436 2534 5492 accersebat
2553 5437 2761 5502 virum,
2782 5437 2955 5506 juxta
2971 5438 3361 5496 intentionem
3391 5459 3565 5499 men-

1905 5525 1978 5579 tis
1999 5525 2319 5596 ejuszarte
2345 5526 2504 5580 enim
2549 5525 2817 5599 quadam
2874 5541 3148 5582 recessus
3199 5531 3259 5585 in
3305 5533 3563 5603 speciem

1905 5614 2188 5669 contrarii
2219 5630 2384 5680 usus,
2421 5614 2764 5686 providerat
2807 5629 2932 5686 quo
2979 5616 3166 5672 modo
3214 5619 3268 5673 ei
3317 5618 3563 5692 largire-
