4090 6438
472 338 579 396 823

1672 316 2132 385 CONS'I‘ANTINI
2163 316 2650 379 ACROPOLITE.

3740 336 3845 394 824

474 465 573 522 tur
600 458 664 518 id
674 456 839 534 quod
853 457 1164 533 tantopere
1174 451 1567 512 desiderabat
1593 471 1607 508 :
1629 451 1918 527 quisnam
1933 451 2135 507 autem

2257 449 2418 534 inqu,
2447 448 2539 499 καὶ
2581 449 2794 521 τρόποις
2848 444 3158 527 διῳκονόμει
3206 458 3638 531 παραχωρήσεως
3692 459 3844 513 ἕπευ-

476 550 654 611 fuerit
670 548 767 606 hic
780 545 1022 615 modus,
1052 543 1277 604 audite.

558 751 641 806 l0.
680 745 905 804 Posteri
934 743 1165 802 ancillas
1202 745 1380 814 Agar,
1426 740 1532 815 qui
1573 738 1775 798 liberas
1829 740 1984 797 Sam
2028 753 2137 796 no-

476 853 621 897 men
643 836 758 893 sibi
799 834 1005 893 nescio
1054 848 1180 907 quo
1216 832 1350 907 jure
1396 833 1859 905 usurpaverant,
1913 827 2139 903 quique

480 925 636 985 servi
655 925 1030 998 exsistentes,
1058 928 1354 998 tanquam
1403 936 1585 978 servre
1635 918 1739 977 ﬁlii
1794 923 1853 976 et
1907 916 2140 976 servilia

481 1018 744 1092 cogitare
765 1015 939 1088 soliti,
973 1029 1211 1088 semper
1234 1012 1391 1071 circa
1419 1011 1704 1069 dominos
1727 1025 1931 1084 pravas
1973 1023 2139 1067 men-

482 1112 580 1177 tis,
613 1110 673 1165 et
722 1104 909 1165 animi
961 1119 1105 1177 erga
1150 1103 1330 1161 heros
1383 1100 1648 1177 improbi
1703 1101 2134 1175 apparuerunt,

482 1214 609 1263 non
631 1197 777 1256 satis
803 1194 1145 1253 habuerunt
1159 1192 1220 1250 in
1241 1194 1513 1249 Romano
1530 1190 1786 1264 imperio
1805 1203 2139 1263 occupasse

481 1289 772 1365 pleraque
801 1284 1051 1344 Orientis
1077 1282 1232 1350 loca,
1265 1286 1324 1340 et
1351 1282 1740 1339 dominorum
1777 1283 2014 1354 sceptra
2036 1293 2139 1337 ve-

483 1381 794 1442 hementer
809 1373 1209 1445 imminuisse,
1242 1371 1350 1430 sed
1378 1370 1621 1446 reliquis
1647 1371 1829 1428 etiam
1865 1368 2142 1446 partibus

484 1469 804 1534 inhiantes,
866 1463 1185 1523 consilium
1249 1461 1551 1519 iniverunt
1615 1460 1908 1518 insulares
1961 1461 2142 1533 atque

485 1556 817 1619 maritimas
879 1552 1063 1612 urbes
1122 1554 1181 1609 et
1235 1551 1515 1624 regiones
1582 1549 1886 1608 invadere.
1945 1548 2144 1607 Classe

482 1647 662 1720 igitur
691 1643 874 1703 delati
901 1636 1334 1716 percurrebant
1358 1638 1625 1696 littoreas
1655 1638 1941 1709 civitates,
1972 1643 2031 1695 et
2058 1638 2143 1694 in-

483 1736 756 1797 colarum
782 1731 1248 1804 accolarumque
1313 1728 1535 1787 multos
1589 1729 1760 1786 vivos
1801 1727 2142 1803 capiebant,

2245 530 2477 639 δοκῆσαι
2503 539 2695 610 τουτῳῖ
2746 538 2812 592 τά
2838 543 2971 617 πρὸς
3027 544 3198 618 ἔφεσιν
3233 559 3245 574 ⁸
3277 549 3368 599 καὶ
3417 546 3525 609 οἶος
3553 547 3579 600 ό
3632 552 3842 625 τρόπος,

2245 643 2374 678 ακου
2380 643 2504 680 σατε
2511 663 2525 679 ο

2318 733 2372 790 ι’.
2408 737 2475 787 Οἱ
2503 742 2599 798 τῆς
2629 732 2819 801 δούλης
2847 738 3017 817 Ἀγαρ
3076 740 3344 815 ἀπόγονοι,
3374 748 3465 797 καὶ
3512 748 3607 804 τὴν
3666 745 3722 799 ἐκ
3756 755 3844 812 τῆς

2245 821 2515 898 ἐλευθέρας
2569 825 2764 902 Σάρρας
2792 827 2887 882 οὐκ
2942 825 3046 884 οἶδ⁹
3101 834 3237 896 ὅπως
3292 832 3674 909 (ἐπωνυμίαν)
3730 856 3844 911 σφε-

2243 915 2595 989 τερισάμενοι,
2626 911 2808 972 δοῦλοί
2835 937 2890 973 τε
2939 922 3073 982 ὄντες
3119 923 3190 985 ὥς
3212 919 3268 975 ἐκ
3330 918 3525 987 δούλης
3554 928 3843 997 τυγχάνον-

2244 1021 2329 1066 τες
2380 1006 2471 1057 καὶ
2516 1007 2582 1058 τὰ
2631 1013 2731 1059 τῶν
2797 1003 2996 1062 δούλων
3058 1017 3257 1086 φρονεῖν
3309 1013 3543 1085 ἔχοντες,
3599 1017 3695 1075 καὶ
3749 1013 3845 1068 αἰεί

2245 1111 2351 1154 πως
2400 1097 2519 1168 περὶ
2573 1097 2689 1157 τούς
2738 1102 2953 1172 κυρίους
3003 1096 3190 1154 δύσνοι
3242 1105 3516 1174 πεφηνότες
3572 1107 3667 1156 καὶ
3720 1108 3844 1181 πρὸς

2246 1186 2365 1244 τοὺς
2427 1178 2691 1248 δεσπότας
2771 1192 2944 1257 κακοὶ,
2986 1189 3102 1242 ὀὐκ
3175 1189 3387 1265 ἀρκετόν
3435 1189 3685 1266 ἐνόμισαν
3756 1178 3845 1256 της

2249 1273 2499 1349 ἡμετέρας
2571 1283 2672 1327 τῶν
2748 1275 3010 1351 Ῥωμαίων
3086 1277 3260 1356 ἀρχῆς
3318 1288 3419 1333 τῶν
3459 1284 3593 1356 πρὸς
3667 1283 3730 1336 ἰω
3785 1285 3847 1337 τὰ

2247 1361 2470 1416 πλεῖστα
2517 1369 2892 1438 κατασχόντες,
2942 1372 3029 1422 καὶ
3097 1371 3166 1423 τά
3192 1378 3293 1423 τῶν
3347 1365 3623 1426 δεσποτῶν
3679 1373 3738 1426 οὗ
3768 1393 3849 1447 μεο

2249 1455 2403 1526 τρίως
2432 1460 2679 1530 σκῆπτρα
2705 1456 3016 1529 μειώσαντες
3048 1479 3061 1493 ·
3124 1456 3230 1512 ἀλλ’
3269 1456 3377 1519 ἤδη
3437 1466 3530 1514 καὶ
3580 1464 3715 1517 κατά
3754 1469 3845 1516 τῶν

2249 1540 2441 1596 λοιπῶν
2520 1553 2687 1624 μερῶν
2791 1545 3122 1621 ἐμελέτησαν,
3232 1559 3332 1603 τῶν
3455 1550 3671 1605 ἐναλίων
3764 1557 3845 1611 καὶ

2252 1631 2521 1707 παραλίων
2621 1638 2874 1710 κατεπιχέ
2880 1658 2925 1715 ιρ
2932 1645 2962 1698 ἧ
2970 1657 3062 1692 σαι
3180 1639 3373 1694 πόλεων
3481 1646 3576 1695 καὶ
3675 1651 3846 1717 κωμῶν

2254 1720 2646 1778 ἐϐουλεύσαντο.
2697 1727 3183 1793 Νεναυστοληκότες
3258 1726 3344 1782 οὖν
3401 1735 3723 1807 κατέτρεχον
3789 1735 3849 1785 τά

483 1840 745 1903 quorum
767 1822 916 1879 alios
927 1820 1174 1896 quidem
1186 1817 1567 1893 perimebant
1577 1816 1797 1889 gladio,
1816 1833 2001 1895 quam
2015 1817 2145 1892 plu-

2257 1810 2504 1885 παράλια,
2560 1820 2652 1867 καὶ
2716 1814 2935 1880 πολλοὺς
2998 1820 3089 1891 μὲν
3160 1817 3443 1894 ἐζώγρουν,
3506 1824 3743 1896 συχνοὺς
3797 1816 3851 1874 δι

482 1915 671 1974 rimos
695 1926 839 1970 vero
868 1906 1278 1981 subjiciendos
1317 1908 1507 1982 pretio
1567 1906 1981 1964 crudelissime
2028 1906 2148 1963 dis-

483 2002 825 2074 trahebant,
864 2001 1187 2073 Postquam
1216 2000 1417 2054 autem
1463 1996 1608 2065 (heu
1652 1995 2143 2070 calamitatem!)

482 2092 662 2154 malis
682 2091 863 2149 tantis
885 2104 959 2147 ex
982 2087 1170 2145 animi
1193 2087 1491 2144 sententia
1528 2086 1797 2159 patratis,
1839 2085 2146 2144 redierunt

482 2182 564 2242 ad
590 2196 723 2246 sua,
754 2194 894 2236 cum
923 2177 1223 2236 immensa
1278 2191 1468 2250 quam
1512 2175 1891 2234 adduxerant
1943 2174 2144 2246 turba,

481 2270 629 2346 quia
654 2267 915 2327 vendere
942 2280 1157 2325 omnes
1187 2279 1313 2323 non
1355 2268 1635 2338 poterant
1673 2266 1845 2338 (nam
1902 2264 2146 2339 plurimi

483 2375 624 2421 cum
643 2361 863 2427 essent,
887 2370 1115 2426 magno
1126 2359 1330 2412 tamen
1341 2353 1534 2429 pretio
1549 2353 1950 2427 taxabantur),
1965 2353 2145 2411 simul

481 2448 796 2509 universos
814 2444 1204 2504 decreverunt
1216 2442 1606 2516 jugulaudos.
1632 2444 1921 2501 Fortassis
1943 2446 2145 2501 autem

480 2538 598 2599 hoc
627 2535 859 2596 consilii
880 2533 1221 2602 sumebant,
1252 2532 1398 2607 quia
1414 2548 1517 2590 eos
1539 2532 1831 2604 magistro
1854 2550 1965 2590 suo
1984 2548 2149 2590 exse-

481 2623 881 2685 crabilissimo
898 2621 1236 2680 Mahometh
1249 2619 1557 2679 malebant
1573 2620 2147 2688 sacriticare,contra

481 2717 576 2774 fas
604 2712 852 2788 quidem
877 2713 1110 2770 natura:
1139 2710 1349 2777 acturi,
1400 2710 1669 2785 aliquam
1711 2716 1912 2768 tamen
1965 2712 2145 2769 etiam

479 2806 544 2866 in
571 2805 688 2863 hoc
710 2802 1006 2861 rationem
1038 2805 1359 2876 sequentes
1390 2818 1402 2858 :
1438 2800 1737 2876 siquidem
1766 2800 1864 2858 ille
1920 2800 2146 2859 diaboli

482 2897 563 2957 ab
591 2894 762 2953 initio
797 2892 1117 2952 homicida)
1170 2891 1506 2966 discipulus
1562 2891 1949 2967 imitatorque
1996 2892 2146 2949 dum

481 2987 727 3054 viveret,
760 2983 1080 3041 laetabatur
1111 2981 1384 3039 caedibus
1423 2981 1813 3056 permisitque
1852 2980 2146 3053 occidere,

483 3081 590 3136 aut
617 3074 818 3152 potius
855 3076 1155 3148 praecepto
1189 3072 1342 3129 inter
1387 3076 1660 3146 posteros
1689 3071 2019 3132 inviolabili
2049 3072 2147 3130 de-

2255 1900 2431 1974 ξίφους
2455 1904 2602 1978 ἔργον
2661 1902 2882 1973 ἐτίθουν,
2929 1904 3208 1973 πλείστους
3264 1904 3323 1962 δι
3382 1914 3473 1962 καὶ
3528 1908 3849 1984 ἀπεμπόλιιυν

2253 1990 2670 2063 τιμίουλκοῦντες
2728 1992 3201 2070 ἀσυμπαθέστατα.
3255 1998 3391 2052 Ἐπεὶ
3441 1995 3501 2053 δὲ
3552 2018 3699 2069 ποτε,
3756 1999 3849 2075 βα-

2253 2080 2341 2134 ϐαὶ
2388 2089 2655 2157 συμφορᾶς
2707 2082 3037 2149 ἐκείνηςῖτά
3096 2083 3244 2141 δεινά
3279 2095 3449 2142 ταῦτα
3498 2093 3640 2143 κατά
3697 2092 3846 2164 θυμὸν

2252 2169 2621 2244 ἐκτελέσαντες,
2655 2179 2745 2227 καὶ
2800 2178 2988 2230 νόστου
3044 2179 3387 2252 μνησάμενοι,
3448 2178 3728 2243 πλείστους
3774 2180 3848 2233 ὅτι

2251 2263 2370 2322 τοὺς
2410 2260 2781 2335 ξυλληφθέντας
2844 2263 3127 2340 ἀνήγαγον,
3185 2268 3379 2329 πάντας
3428 2265 3732 2325 ἀποδόσθαι
3779 2272 3842 2344 μὴ

2254 2354 2479 2427 ἔχοντες,
2536 2351 2733 2406 πολλῶν
2802 2374 2856 2409 τε
2922 2359 3076 2410 ὄντων
3153 2378 3243 2412 και
3288 2355 3483 2414 πολλοῦ
3537 2364 3845 2436 τιμωμένων,

2254 2450 2427 2517 σφαγῇ
2484 2440 2784 2505 συλλήϐδην
2836 2443 3169 2522 παραδοῦναι
3238 2446 3613 2521 βεϐούλευνται
3667 2466 3680 2481 ο
3712 2452 3847 2522 τάχα

2250 2548 2312 2603 γε
2356 2537 2429 2602 τῷ
2496 2536 2721 2609 σφετέρῳ
2796 2533 2965 2588 αὐτῶν
3016 2532 3328 2609 διδασκάλῳ
3406 2546 3479 2609 τῲ
3536 2537 3847 2612 ἐναγεστάτῳ

2253 2623 2502 2693 Μωάμεθ,
2561 2627 2995 2697 προσαγηοχέναι
3058 2624 3391 2700 προελόμενοι
3431 2628 3641 2701 θύματα
3699 2649 3712 2662 ο
3763 2631 3846 2680 καί

2256 2709 2465 2773 εἰκότως
2494 2711 2616 2785 ἄρα,
2646 2712 2689 2766 εἰ
2735 2718 2826 2766 καὶ
2868 2716 3012 2789 παρά
3054 2717 3112 2768 τὸ
3152 2714 3286 2779 εἰκὸς
3318 2723 3409 2778 τῆς
3467 2718 3664 2789 φύσεως
3699 2714 3844 2768 ἐϐου-

2253 2798 2505 2853 λεύσαντο
2553 2817 2566 2831 ·
2620 2810 2713 2855 τοῦ
2768 2804 2869 2879 γὰρ
2961 2802 3387 2882 ἀνθρωποκτόνου
3441 2809 3604 2859 Σατάν
3652 2808 3842 2881 μύστης

2256 2890 2323 2941 ὦν
2372 2887 2559 2954 ἐκεῖνος
2610 2895 2699 2945 καὶ
2757 2897 3014 2967 μιμητὴς,
3072 2897 3245 2967 φόνοις
3299 2914 3354 2950 τε
3404 2900 3593 2969 περιὼν
3645 2893 3846 2967 ἐγαννύ-

2259 2997 2431 3046 σκετο,
2473 2985 2564 3033 καὶ
2601 2983 2660 3034 τό
2716 2984 2940 3055 φονεύειν
3002 2979 3305 3053 ἐνδέδωκεν,
3348 2983 3378 3044 ἢ
3432 2984 3648 3059 μᾶλλον,
3684 2986 3750 3048 ὦς
3801 3002 3848 3037 τι

2256 3075 2357 3120 τῶν
2408 3066 2732 3142 ἀμεταθέτων
2788 3070 3094 3137 ἐντέταλται,
3127 3074 3301 3151 ὥσπερ
3343 3070 3412 3135 δὴ
3461 3080 3557 3129 καὶ
3619 3079 3717 3130 πᾶν
3757 3073 3848 3130 ἓτε-

482 3163 799 3224 mandavit
826 3161 1384 3239 ;quemadmodum
1442 3161 1607 3219 aliud
1663 3178 1908 3238 quoque
1955 3162 2148 3220 scelus

2257 3176 2347 3234 ρον
2377 3155 2547 3232 ἐναγὲς
2583 3157 2932 3236 ἀπαραϐάτως
2963 3157 3256 3236 δεδίδαχεν
3286 3161 3527 3224 ἐκτελεῖν.

484 3269 667 3314 omne
696 3253 1110 3310 incunctanter
1136 3250 1340 3309 docuit
1369 3255 1736 3325 perpetrare.

562 3365 646 3419 ll.
678 3359 864 3433 Igitur
882 3359 963 3416 ad
1011 3358 1238 3417 credam
1263 3362 1318 3416 et
1355 3358 1717 3418 sacriﬁcium
1764 3359 2153 3420 adduceban-

486 3455 587 3510 tur
611 3449 916 3522 myriades
935 3449 1205 3519 integras,
1224 3448 1497 3524 interque
1518 3465 1621 3506 eos
1647 3449 1811 3509 velut
1869 3466 2027 3508 unus
2078 3451 2154 3509 de

486 3541 671 3613 vulgo
701 3538 1115 3597 mstimabatur
1134 3538 1408 3613 quidam,
1432 3540 1511 3597 ad
1536 3539 1751 3598 eadem
1774 3556 1912 3597 cum
1927 3541 2156 3600 caeteris

418 3652 431 3665 ί
488 3629 740 3688 ferenda
758 3627 1103 3695 damnatus,
1136 3628 1243 3702 qui
1263 3644 1421 3686 unus
1454 3627 1573 3686 dici
1604 3634 1836 3703 poterat
1857 3630 2156 3702 pretiosus

490 3719 705 3778 mundi
740 3718 1058 3776 thesaurus
1078 3721 1136 3775 et
1160 3716 1416 3788 dignum
1439 3723 1730 3776 terrarum
1777 3719 1940 3776 orbis
1979 3736 2156 3778 orna-

488 3810 783 3880 mentum,
812 3806 929 3871 ille,
961 3806 1235 3880 inquam.
1263 3806 1368 3882 qui
1390 3807 1729 3865 secundum
1762 3810 1948 3866 Deum
1976 3824 2039 3866 se
2059 3825 2150 3865 or-

492 3900 748 3956 naverat
774 3899 1043 3961 Cosmas,
1065 3896 1157 3954 vir
1185 3902 1243 3953 et
1271 3901 1517 3954 externa
1561 3898 1856 3972 sapientia
1885 3898 2154 3970 insignis,

494 3991 554 4046 et
574 4002 648 4046 ea
678 4002 816 4061 quin
864 3985 1198 4044 domestica
1252 3991 1339 4043 est
1391 3986 1566 4043 nobis
1614 3987 2156 4062 incomparabilis:

495 4075 603 4151 qui
631 4092 773 4133 cum
797 4091 834 4132 a
856 4074 1088 4131 mundo
1108 4074 1466 4144 recessisset,
1498 4076 1648 4133 inter
1663 4076 1938 4134 homines
1965 4093 2036 4134 ex
2059 4077 2163 4135 Dei

496 4163 746 4223 consilio
763 4162 1035 4221 viventes
1064 4164 1595 4237 conscriptus,non
1612 4165 1809 4224 solum
1840 4182 1980 4222 cum
2014 4166 2161 4239 ipsis

498 4254 615 4312 cito
639 4253 798 4310 venit
820 4253 881 4309 in
904 4253 1035 4308 vitae
1061 4268 1423 4327 morumque
1441 4254 1806 4323 societatem,
1828 4270 2160 4329 eorumque

498 4343 746 4402 virtutes
772 4340 1027 4416 perfecte
1062 4343 1361 4415 aequavit;
1394 4359 1598 4401 verum
1645 4346 1826 4401 etiam
1852 4344 2038 4415 longo
2077 4346 2161 4418 ip-

502 4447 601 4490 sos
628 4430 957 4506 praecelluit
1017 4431 1349 4495 intervallo.
1417 4433 1763 4508 propositus
1816 4433 2045 4490 cunctis
2100 4438 2163 4489 ut

3522 3361 3546 3377 τ

2336 3355 2427 3410 ια’.
2456 3355 2687 3430 ’Δπῆγον
2716 3355 2805 3412 οὖν
2846 3363 3138 3435 μυριοστάς
3193 3359 3331 3432 ὅλας,
3390 3360 3468 3435 ἐφ’
3620 3382 3677 3435 γε
3738 3380 3851 3434 cfs.

2262 3446 2451 3517 γιάσαι
2487 3450 2577 3500 καὶ
2637 3449 2823 3502 θυσίαν
2886 3451 3047 3504 θεῖναι
3103 3458 3177 3522 τῷ
3232 3456 3434 3524 Σατανᾴ
3465 3472 3479 3485 ο
3541 3450 3669 3506 ἀλλά
3711 3458 3853 3511 συνῆν

2265 3532 2496 3601 ἐκείνοις,
2527 3541 2618 3590 καὶ
2654 3546 2754 3590 τῶν
2802 3537 2998 3593 πολλῶν
3038 3542 3110 3603 εἷς
3169 3539 3462 3613 ἐνενόμιστο
3508 3561 3602 3596 και
3631 3544 3695 3595 τὰ
3737 3539 3856 3594 αὐτὰ

2268 3622 2823 3697 συγκαταδεδίκαστο,
2879 3634 3082 3703 κόσμου
3150 3631 3412 3706 θησαυρός
3459 3628 3751 3708 ἀξιόχρεως
3776 3631 3855 3681 καὶ

2266 3713 2573 3788 οἰκουμένης
2648 3714 2789 3781 ἀξιον
2901 3716 3105 3782 ἀληθῶς
3181 3717 3612 3794 ἐγκαλλώπισμα,
3696 3719 3859 3779 ἐκεῖνος

2267 3804 2419 3867 οὗτος
2447 3806 2474 3857 ό
2524 3808 2660 3859 κατά
2721 3812 2849 3861 Θεὸν
2906 3808 3087 3861 ἑαυτὸν
3126 3814 3404 3881 κοσμήσας
3450 3816 3704 3884 Κωσμᾱς,
3744 3808 3857 3879 ἀνὴρ

2267 3897 2362 3953 τὴν
2385 3892 2525 3956 ἐκτός
2557 3901 2740 3970 σοφίαν
2787 3896 2947 3962 πολὺς
3003 3903 3094 3951 καὶ
3158 3902 3252 3959 τὴν
3299 3898 3438 3961 ἐντός
3486 3905 3585 3954 καὶ
3629 3902 3859 3974 ἡμετεραν

2271 3981 2598 4058 ἀξύμϐλεῄ-ος
2637 4008 2649 4021 ο
2706 3986 2758 4050 ὃς
2797 3986 3219 4064 ἀποκεχωρηκὼς
3272 3993 3476 4062 κόσμου
3534 3996 3624 4044 καὶ
3680 4006 3860 4061 συγκα-

2267 4074 2499 4148 ταλεγεὶς
2538 4072 2769 4152 ἀνδράσι
2822 4078 2958 4139 ξώσι
3011 4081 3147 4132 κατά
3200 4081 3330 4133 Θεὸν
3396 4077 3444 4131 ἐν
3504 4083 3702 4153 μετρίῳ
3738 4079 3858 4131 πάνυ

2270 4173 2341 4237 τῷ
2364 4169 2542 4240 χρόνῳ
2572 4164 2678 4239 οὐχ
2725 4167 2808 4219 ὅτε
2854 4186 2915 4238 γε
2946 4172 3098 4240 σφίσι
3158 4167 3524 4240 συνημιλλήθη
3578 4174 3667 4222 καὶ
3719 4166 3859 4241 ἀκρι-

2270 4252 2374 4317 ϐῶς
2400 4259 2492 4315 τὴν
2522 4253 2704 4329 ἀρετὴν
2731 4255 2974 4329 ἐξισώθη,
3016 4256 3146 4311 ἀλλά
3202 4257 3372 4329 πολλῷ
3409 4278 3515 4311 τινι
3576 4267 3648 4331 τῷ
3703 4261 3858 4331 μέτρῳ

2267 4349 2359 4397 καὶ
2396 4343 2761 4419 ὑπερϐέϐληκε,
2821 4352 2911 4399 καὶ
2974 4350 3136 4410 τύπος
3196 4347 3301 4401 οἷον
3356 4355 3449 4401 τοῦ
3504 4348 3626 4402 κατ’
3689 4349 3858 4422 ἀρετὴν

2269 4431 2557 4503 ἐγκατέστη
2618 4431 2741 4506 βίον
2798 4439 2887 4488 καὶ
2924 4440 3090 4487 κανὼν
3126 4434 3538 4510 ἀπαρέγκλητος.
3599 4434 3728 4490 Ἀλλ’
3773 4432 3856 4486 οὐκ

502 4521 976 4579 conversationis
998 4521 1363 4594 perfectioris
1392 4522 1531 4580 idea
1573 4528 1753 4595 atque
1790 4524 2149 4596 irreprehcn-

2269 4522 2515 4593 ἠγάπησε
2543 4526 2730 4595 τούτῳ,
2764 4521 2880 4576 οὐδ’
2933 4523 3143 4598 ἀρκετόν
3190 4523 3397 4599 ἐνόμισε
3430 4529 3491 4578 τὸ
3558 4530 3708 4598 μόνον
3754 4522 3856 4577 ἐαυ-

502 4610 694 4669 sibilis
714 4610 941 4683 regula.
964 4616 1037 4671 At
1053 4628 1178 4671 non
1195 4613 1314 4671 hoc
1329 4629 1451 4671 uno
1472 4612 1581 4670 fuit
1597 4618 1930 4682 contentus,
1963 4630 2161 4691 neque

500 4701 646 4761 satis
672 4701 886 4761 habuit
920 4706 1153 4763 tantum
1176 4703 1443 4776 seipsum
1462 4702 1718 4776 dirigere
1750 4719 1823 4761 ac
1852 4705 2158 4779 propriam

497 4792 685 4851 vitam
709 4793 884 4866 juxta
908 4796 1010 4852 Dei
1038 4792 1412 4851 voluntatem
1440 4808 1843 4867 componere;
1869 4794 1978 4852 sed
2022 4797 2157 4854 vitae

497 4884 840 4943 communis
866 4882 1145 4943 homines
1165 4882 1522 4940 circumiens
1564 4883 1809 4941 eosdem
1854 4900 2063 4944 curare
2101 4891 2158 4944 et

497 4973 579 5032 ad
604 4976 792 5033 Deum
812 4973 1040 5033 studuit
1065 4986 1422 5045 promovere
1456 4988 1469 5028 :
1500 4978 1582 5041 ut,
1643 4974 1692 5029 si
1747 4974 1875 5030 ﬁeri
1931 4980 2153 5048 posset,

497 5061 822 5121 abduceret
844 5078 946 5120 eos
971 5061 1050 5117 ab
1083 5060 1508 5131 indulgentiori
1538 5067 1597 5120 et
1624 5063 1939 5121 affectibus
1986 5079 2156 5120 man-

494 5152 694 5226 cipata
714 5169 785 5210 ac
812 5149 1033 5208 brutali
1049 5151 1719 5226 conversatione.atque
1732 5152 1811 5210 ad
1833 5153 2153 5210 honestum

492 5247 552 5302 et
578 5247 863 5301 ornatum
890 5238 1128 5297 vivendi
1155 5256 1348 5313 genus
1373 5240 1730 5311 traduceret,
1751 5241 1932 5316 quale
1947 5258 2155 5300 revera

489 5332 802 5390 hominem
831 5330 1138 5390 condecet.
1171 5330 1436 5406 Denique
1457 5348 1567 5390 suo
1588 5332 1898 5399 egrediens
1949 5347 2155 5390 mona-

493 5422 695 5492 sterio,
723 5425 783 5476 et
803 5420 883 5478 ab
906 5418 1070 5477 Italia
1103 5419 1289 5490 (unde
1340 5425 1467 5478 erat
1514 5420 1828 5491 oriundus)
1862 5422 2148 5478 recedens

491 5514 673 5582 atque
702 5506 1009 5565 ulteriores
1040 5507 1316 5579 regiones
1344 5525 1415 5566 ex
1465 5509 1673 5566 ordine
1719 5509 2147 5582 pertransiens,

489 5603 549 5654 et
574 5613 684 5674 per
710 5598 870 5656 viam
895 5601 1144 5676 cunctos
1172 5597 1490 5672 instruens
1515 5598 1604 5671 ,ad
1663 5598 1965 5676 saniorem
2016 5599 2148 5656 vitm

488 5669 749 5749 formam
768 5702 909 5748 cum
935 5670 1303 5763 pervenisset
1329 5669 1436 5746 ubi
1465 5669 1673 5761 piratis
1719 5688 1931 5746 facturi
1972 5692 2145 5749 erant

2267 4615 2354 4667 τόν
2409 4612 2670 4687 ῥυθμίσαι
2721 4619 2811 4666 καὶ
2860 4615 2955 4687 ζῇν
3012 4613 3299 4667 ἀπευθῦναι
3350 4617 3486 4668 κατά
3542 4617 3705 4669 Θεόν·
3756 4609 3854 4663 ἀλλ’

2267 4699 2375 4762 ἤδη
2415 4704 2653 4765 καὶτοὺς
2692 4702 2740 4755 ἐν
2949 4713 3266 4780 περινοστῶν
3296 4702 3703 4758 ἐπισκέπτεσθαι
3746 4702 3852 4761 ἢθε-

2264 4791 2364 4864 λεν,
2426 4793 2495 4855 ὡς
2559 4791 2641 4862 ἂν,
2681 4797 2726 4846 εὶ
2786 4794 2893 4846 οἷον
2957 4813 3029 4857 τε,
3084 4803 3182 4856 τῆς
3238 4791 3626 4870 ἐμπαθεστέρας
3676 4792 3854 4848 πάντας

2263 4888 2351 4936 καὶ
2418 4879 2723 4947 κτηνὼδους
2782 4887 2921 4948 ζωῆς
2987 4882 3315 4950 ἀπαλλάξειε,
3355 4889 3446 4938 καὶ
3501 4888 3629 4958 πρὸς
3684 4881 3847 4954 εὐπρέ-

2262 4992 2411 5026 πειαν
2435 4975 2743 5045 μεταγάγοι,
2783 4978 2879 5031 τὴν
2910 4976 2976 5036 ὡς
3009 4972 3214 5035 ἀληθῶς
3271 4972 3526 5047 ἀνθρώπῳ
3599 4973 3846 5029 καθήκου-

2266 5081 2382 5117 σαν.
2414 5061 2617 5134 Ἀμέλει
2642 5081 2724 5114 τοι
2752 5066 2962 5123 καὶτῆς
3004 5070 3163 5133 μονῆς
3219 5060 3446 5136 ἀπάρας,
3501 5067 3591 5114 καὶ
3637 5067 3723 5119 τῆς
3759 5063 3847 5110 τῶν

2265 5150 2470 5205 Ἰταλῶν
2527 5151 2840 5227 ἐξορμήσας,
2905 5152 3019 5205 ὅθεν
3092 5152 3246 5205 ποθεν
3302 5156 3392 5204 καὶ
3451 5155 3712 5225 γεγένητο,
3765 5147 3846 5197 καὶ

2261 5243 2327 5295 τά
2404 5241 2585 5313 ἑφεξῆς
2669 5242 2873 5295 ἅπαντα
2944 5238 3119 5311 διιὼν,
3184 5243 3332 5314 τάχα
3371 5238 3432 5295 δε
3487 5244 3577 5293 καὶ
3624 5239 3750 5312 πρὸς
3795 5233 3844 5284 τὸ

2258 5339 2491 5406 κρεῖττον
2541 5336 2871 5404 μεταγαγὼν,
2924 5333 3123 5407 ὃπηπερ
3181 5333 3231 5384 οἱ
3284 5334 3528 5406 πειραταὶ
3575 5327 3842 5397 ἐπεισφρῆ·

2262 5440 2353 5474 σαι
2412 5419 2629 5493 ἤμελλον
2685 5423 2988 5496 (κριμάτων
3053 5419 3419 5491 ἀκαταληψίας
3466 5418 3647 5488 Θεοῦ)
3697 5408 3839 5488 προῦ-

2257 5508 2379 5563 λαϐε
2427 5514 2649 5582 γεγονὼς
2732 5516 2823 5565 καὶ
2888 5509 3241 5573 ξυνείληπται.
3320 5512 3644 5579 Συναπήγετο
3728 5504 3841 5571 γοῦν

2258 5606 2598 5672 συσφαγῆναι
2638 5599 2951 5673 συνεκὶεγείς
2984 5620 3014 5665 ,·
3210 5600 3327 5681 οὐκ.
3356 5598 3596 5675 ἐτάραττε
3656 5588 3842 5646 τουτονὶ

2256 5691 2491 5761 θάνατος,
2516 5689 2623 5763 οὐκ
2653 5693 2682 5748 ἡ
2725 5678 2803 5743 tn‘
2835 5674 3155 5761 ἀλλοδαπῆς,
3179 5673 3239 5745 τὸ
3290 5673 3348 5763 1‘.
3404 5673 3472 5751 δῆ
3534 5684 3639 5747 τοῖς
3692 5684 3836 5734 πᾶσιν
