4090 6380
199 358 309 416 825

1423 356 1493 416 IN
1533 354 1589 415 S.
1618 346 1824 414 ’JOAN‘.
1850 346 2361 414 'DAMASCENUM.
2390 358 2397 365 ‘

3465 350 3579 417 826’

200 478 666 551 ἆπευκταιότατον,
711 478 941 541 τελὲυτὴη
1020 480 1089 536 ἑνὶ
1153 470 1214 536 δε
1296 484 1386 537 καὶ
1455 484 1595 556 μόνῳ
1669 482 1803 535 πάνυ

1916 480 2383 546 exscensionem,
2412 494 2485 536 ex
2503 478 3095 554 incomprehensibili
3128 482 3232 541 Dei
3255 482 3484 558 judicio
3504 486 3569 543 in

198 572 316 627 λίαν
342 571 623 641 λελύπητο,
652 572 743 625 καὶ
801 566 876 625 δι’
927 573 975 625 ἔν
1029 570 1356 640 ίπαθαίνετο,
1413 575 1504 624 καὶ
1561 571 1688 646 ὑπερ
1746 572 1806 623 τὸ

204 659 323 716 δέον
358 660 433 735 (εἴ
479 680 540 734 γε
597 656 714 715 δίον
768 660 947 734 εἰπεῖν)
1002 657 1351 736 ἐδυσχέραινέ
1392 680 1448 715 τε
1493 664 1583 713 καὶ
1625 657 1805 733 ἱχαλί-

202 769 354 805 παινε
422 748 743 823 (φιλαγάθως
821 751 1047 818 πάντως,
1139 750 1198 804 ού
1280 749 1609 825 φιλοτίμως),
1696 746 1804 801 ἀλλ’

202 837 346 915 εἶχεν
375 837 426 893 ἰν
459 837 753 915 ἀπορρητῳ’
782 842 915 915 πρὸς
935 839 990 892 ὃν
1010 840 1105 894 οὐκ
1133 842 1271 913 ἔχων
1304 840 1485 897 εἰπεῖν.

1913 586 2124 629 eorum
2154 570 2363 629 incidit
2385 585 2623 643 manus,
2657 574 2714 628 et
2742 576 2955 645 captus
2982 571 3111 631 fuit.
3136 574 3324 631 Simul
3360 574 3568 650 itaque

1914 660 2234 727 abductus,
2252 675 2415 717 nunc
2443 660 2597 718 inter
2619 660 2928 733 jugulatos
2956 663 3451 722 assistebatznon
3479 669 3569 722 ta-

1912 765 2056 808 men
2086 765 2224 807 eum
2238 749 2638 808 conturbabat
2662 765 2825 808 mors
2846 766 3133 826 praesens,
3150 769 3407 827 eamque
3427 769 3568 827 per-

1915 854 2071 910 aegre
2119 839 2420 896 subeundi
2468 840 2815 913 necessitas,
2871 856 3009 914 quae
3065 841 3214 900 solet
3270 842 3568 918 imprimis

202 927 596 987 formidanda
616 927 807 985 videri
838 945 852 984 ι
883 928 990 986 sed
1017 944 1144 986 una
1183 945 1249 988 re
1273 928 1474 987 solum
1492 928 1673 987 valde
1699 926 2051 986 tristabatur
2084 932 2141 986 et
2165 929 2684 1001 commovebatur,
2711 946 2782 988 ac
2820 946 2976 1005 pene
3030 931 3187 989 ultra
3231 947 3421 1005 quam
3466 933 3571 991 de-

201 1018 381 1076 cebat
405 1016 636 1075 ferebat
654 1016 905 1076 moleste
926 1018 1263 1092 (probitatis
1282 1023 1486 1077 tamen
1516 1018 1715 1093 potius
1743 1032 1930 1092 quam
1955 1018 2304 1076 ambitionis
2331 1018 2529 1078 studio
2555 1035 2689 1078 sese
2737 1019 3035 1095 afﬂigens,
3093 1021 3156 1080 id
3201 1021 3403 1096 ipsum
3455 1037 3569 1082 au-

199 1111 323 1166 tem
343 1106 405 1164 in
436 1106 693 1181 pectoris
713 1121 934 1165 arcano
959 1107 1221 1177 fovebat,
1251 1109 1397 1182 quia
1424 1107 1521 1165 cui
1539 1106 1796 1180 aperiret
1815 1122 1941 1165 non
1966 1107 2252 1166 habebat.

275 1213 475 1290 ιβ’.Ὠς
501 1211 560 1269 δε
585 1210 654 1275 δὴ
686 1219 776 1273 καὶ
810 1218 1171 1290 συναπὴγοντο
1217 1219 1314 1280 τὴν
1365 1216 1451 1270 ίπὶ
1508 1217 1711 1288 θανάτῳ
1755 1215 1805 1267 οἰ

204 1305 658 1384 συγκατάσχετοι,
698 1308 789 1363 καὶ
839 1310 945 1366 τοῖς
1001 1302 1192 1365 ἐκείνου
1240 1309 1396 1364 ποσίν
1438 1304 1589 1368 ἄλλος
1653 1303 1803 1358 ἄλλον

201 1392 593 1473 προ-λαμϐάνειν
647 1389 903 1448 ἔσπευδον
950 1391 1453 1468 ίπικυλινδούμενοι,
1516 1399 1605 1448 καὶ
1674 1396 1801 1469 ύπερ

200 1491 300 1550 τῆς
339 1481 524 1537 ἑαυτοῦ
568 1486 829 1559 σωτηρίας
887 1480 1252 1546 δυσωποῦντες
1325 1485 1543 1545 ἕκαστος
1627 1484 1805 1558 συχνά

201 1581 304 1626 τῶν
333 1568 510 1626 ποδῶν
534 1570 868 1648 κατίῤῥαινον
900 1568 1128 1647 δάκρυα,
1180 1568 1381 1636 ἰδόντες
1434 1572 1484 1625 οἱ
1541 1570 1803 1647 βάρϐαροι

199 1666 297 1723 τὴν
352 1663 482 1738 πρὸς
527 1660 716 1716 ίκεῖνον
745 1663 950 1715 πάντων
996 1661 1196 1716 ἐκείνων
1236 1658 1392 1727 αἰδῶ,
1425 1665 1517 1716 καὶ
1555 1663 1668 1737 οἶμα
1708 1666 1801 1720 τήν

201 1731 466 1827 διάπυρον
505 1754 718 1809 αἴτησιν
743 1751 861 1819 ἣτις
891 1747 1221 1807 ἀδιάπτωτον
1252 1752 1424 1826 ὥσπερ
1464 1755 1558 1811 τὴν
1616 1748 1803 1809 ἐλπίδα
1838 1731 1878 1786 Β

203 1849 349 1915 σφῶν
386 1840 701 1914 ύπενέφαινε,
753 1844 936 1916 σεμνόν
992 1845 1082 1894 καὶ
1134 1840 1301 1905 ἄλλως
1350 1844 1408 1895 τὸ
1462 1837 1598 1904 εἶδος
1647 1846 1802 1915 ὀρῶν-

200 1950 305 1999 τες,
338 1929 437 1984 κᾶν
474 1938 567 1985 τοῦ
627 1932 784 1995 ἤθους
826 1939 1195 1996 κατανοοῦντες
1244 1930 1548 2005 σεϐάσμιον·
1617 1936 1699 1995 τίς
1749 1951 1805 1986 τε

202 2024 282 2081 εἴη
314 2022 671 2095 προήχθησαν
701 2020 931 2096 ἔρεσθαι,
971 2026 1061 2074 καὶ
1090 2022 1202 2075 ὅθεν
1252 2019 1475 2094 ἔσχηκει
1518 2025 1612 2081 τὴν
1667 2024 1803 2093 γένε-

203 2128 310 2178 σιν,
343 2113 429 2163 καὶ
459 2109 486 2162 ὃ
512 2129 561 2163 τι
589 2113 648 2182 γέ
673 2113 839 2183 τούτῳ
869 2112 927 2163 τὸ
959 2106 1307 2183 ἐπιτήδευμα,
1338 2109 1525 2169 κλῆσίν
1573 2128 1627 2163 τε
1678 2113 1804 2184 πρὸς

198 2202 425 2266 τούτοις,
456 2203 546 2253 καὶ
578 2200 705 2272 ύπερ
750 2204 895 2264 τίνος
940 2198 1055 2274 (καὶ
1105 2199 1257 2263 αὐτὸς
1307 2205 1417 2262 τοῖς
1464 2198 1638 2265 ἄλλοις
1691 2198 1802 2254 ἐπί-

203 2309 303 2351 σης
356 2288 542 2364 [ἔχων]
593 2292 653 2345 τὸ
711 2287 763 2356 ἐξ
803 2287 1083 2363 ἀνθρώπων
1134 2289 1397 2362 γενέσθαι)
1465 2296 1621 2351 οὕτως
1701 2288 1801 2343 ἀπὸ

197 2378 385 2451 ψυχῆς
434 2381 739 2452 ποιούμενος
784 2382 1036 2452 φαίνεται,
1096 2381 1184 2432 τόν
1235 2375 1443 2452 μονάδα
1491 2377 1609 2452 βίον
1664 2377 1805 2444 ἅπαξ

199 2468 433 2544 ῖλὸμένος
463 2466 537 2537 (ἐκ
576 2472 679 2544 γὰρ
740 2476 835 2536 τῆς
894 2467 1145 2532 ἀναϐολῆς
1198 2472 1446 2531 συνιέντες
1498 2470 1645 2546 εἶχον
1708 2474 1802 2530 τήν

196 2557 489 2629 πολιτείαν)
539 2562 628 2610 καὶ
687 2556 936 2631 βίωτικόν
999 2559 1137 2612 ἅπαν
1203 2555 1563 2632 ἀπεστραφὼς,
1641 2563 1802 2633 μόνης

199 2643 262 2703 δὲ
327 2656 421 2708 τῆς
479 2644 667 2703 ἐκεῖθεν
713 2646 901 2710 λήξεως
986 2645 1261 2721 ἐφιέμενος,
1349 2649 1499 2701 κάκεῖ
1565 2651 1802 2721 γενέσθαι

197 2741 320 2813 περὶ
370 2735 622 2792 πλείστου
675 2738 810 2789 πάνυ
859 2738 1141 2809 τιθέμενος·
1197 2732 1322 2791 οὐδὲ
1350 2739 1453 2811 γὰρ
1510 2733 1628 2791 οὐδ’
1663 2737 1802 2793 ελάν-

202 2829 323 2881 θανε
348 2829 471 2889 τούς
518 2824 816 2902 ἀλιτηρίους
854 2825 1099 2895 ἐκείνους,
1158 2828 1314 2881 ὁποία
1378 2830 1513 2881 κατά
1581 2828 1800 2882 εὐσεϐῶν

202 2919 234 2976 ἡ
266 2918 515 2991 πρόθεσις
545 2925 842 2991 μοναστῶν,
867 2921 958 2970 καὶ
987 2916 1091 2971 ὃτι
1118 2936 1178 2989 γε
1207 2922 1362 2991 σφίσι
1411 2920 1470 2971 τὸ
1529 2914 1624 2971 διὰ
1671 2940 1801 2973 παν-

205 3011 292 3068 τός
316 3010 662 3081 σκοπούμενον
695 3011 786 3062 καὶ
837 3007 1172 3081 ζητούμενον,
1226 3009 1326 3061 ὑπὸ
1367 3010 1527 3084 χεῖρά
1578 3028 1632 3063 τε
1682 3008 1804 3069 πολ-

204 3095 327 3160 λούς
377 3096 623 3159 πολλάκις
674 3094 1043 3167 συλλαϐόντας,
1106 3101 1197 3149 καὶ
1241 3099 1357 3150 τότε
1420 3092 1489 3157 δὴ
1573 3103 1805 3171 συχνοὺς

201 3187 339 3240 πάνυ
369 3188 765 3260 κατασχόντας,
805 3191 896 3241 καὶ
925 3182 1145 3248 παιδιᾶς
1174 3187 1337 3260 χάριν
1383 3188 1553 3260 (τάχα
1600 3184 1659 3242 δὲ
1716 3193 1805 3242 καὶ

196 3284 297 3329 τῶν
347 3278 607 3352 ἡμετέρων
675 3276 956 3351 εἰρωνείας)
1035 3277 1103 3328 τά
1148 3277 1261 3328 κατ’
1282 3274 1472 3339 αύτούς
1527 3274 1806 3339 ἀνετάξον-

195 3386 316 3429 τας.
349 3371 453 3420 Καὶ
481 3364 537 3429 ὃς
567 3360 635 3424 δὴ
685 3363 825 3439 βαθὺ
883 3364 1126 3429 στενάξας
1172 3370 1262 3418 καὶ
1317 3368 1534 3439 μύχιονο
1572 3371 1671 3421 Καὶ
1717 3366 1804 3420 ἀλ-

195 3455 296 3518 λως
358 3458 450 3528 μὶν
499 3453 664 3531 ίχρῆν
714 3452 1109 3528 ἀπαραμύθητα
1163 3453 1463 3523 λυπεῖσθαι,
1514 3460 1630 3518 τοὺς
1676 3458 1806 3530 ὁμο-

198 3547 358 3607 εθνεῖς
391 3545 604 3607 τούτους
658 3542 903 3617 βλέποντι
962 3549 1050 3597 καὶ
1104 3546 1394 3618 ὁμόφρονας
1449 3544 1805 3620 βοσκημάτων

199 3631 360 3693 δίκην
391 3632 754 3707 ἀπαγομένους
777 3636 905 3708 πρὸς
965 3638 1061 3694 τὴν
1126 3639 1356 3707 σφαγὴν.
1411 3640 1501 3688 καὶ
1556 3637 1695 3709 ὑμᾶς
1739 3644 1802 3709 τῇ

197 3723 432 3794 ἀπωλείᾳ
485 3731 626 3795 σφῶν
678 3722 1076 3797 ἕπιχαίροντας,
1139 3722 1444 3799 ἀνθρώπους
1500 3728 1646 3787 ὄντας
1716 3730 1807 3779 καὶ

197 3814 323 3888 ἡμῖν
355 3810 689 3877 ἐξίσηςΘέοῦ
718 3815 1081 3885 τυγχάνοντας
1118 3813 1423 3886 πλάσματαο
1470 3814 1514 3867 εἰ
1569 3819 1656 3868 καὶ
1711 3819 1805 3874 τὴν

200 3904 488 3978 θρησκείαν
516 3897 921 3976 ἀντιδιῄρησθε,
954 3900 1230 3963 ὑποϐολαῖς
1277 3902 1432 3965 ὃντως
1479 3910 1571 3956 τοῦ
1637 3901 1807 3980 ἀρχε-

198 3996 365 4047 κάκου
422 3993 607 4061 σατάν,
653 3995 709 4055 ὅς
760 3991 923 4045 πάλαι
974 3994 1065 4064 μεν
1132 3994 1268 4065 ἡμᾶς
1336 3991 1636 4060 ἀπατήσας,
1714 4001 1807 4046 τού

200 4088 336 4137 Θεοῦ
362 4099 420 4135 τε
452 4076 722 4150 διέστηκε,
754 4086 845 4133 καὶ
886 4090 979 4143 τῆς
1028 4083 1163 4142 θείας
1214 4089 1414 4156 τρυφῆς
1454 4080 1807 4157 ἐξωστράκισε

198 4176 290 4224 καὶ
315 4170 387 4231 εἰς
430 4172 519 4223 τὸν
566 4168 901 4243 κ).αυθμῶνος
956 4166 1107 4223 τόνδε
1150 4178 1326 4243 χῶρον
1382 4177 1685 4242 κατῴκισεν·
1748 4172 1806 4225 ού

198 4262 423 4313 παύεται
449 4254 509 4313 δὲ
535 4263 626 4312 καὶ
654 4266 743 4311 νῦν
774 4259 953 4327 εἰσέτι,
981 4261 1133 4332 φύσις
1181 4262 1210 4318 ἡ
1273 4263 1474 4335 πονηρά
1533 4264 1623 4314 καὶ
1680 4280 1807 4332 χαι-

194 4354 439 4423 ρέκακος,
493 4353 584 4403 καὶ
627 4346 854 4408 ἀλλήλων
921 4345 1220 4409 διασκηνῶν
1271 4356 1361 4403 καὶ
1433 4349 1808 4426 ἀπομακρύνων

1988 1219 2073 1272 t2.
2107 1217 2257 1273 Cum
2285 1230 2428 1287 ergo
2442 1216 2780 1291 concaptivi
2795 1218 2927 1291 ejus
2955 1232 3064 1297 per
3091 1219 3254 1277 viam
3287 1218 3567 1295 supplicii

1910 1303 2299 1378 rapiebantur
2311 1304 2389 1362 ad
2402 1308 2678 1373 mortem,
2709 1306 2909 1364 videre
2937 1312 3066 1367 erat
3094 1308 3227 1370 illos
3253 1308 3568 1370 confertim

1912 1393 1991 1450 ad
2017 1393 2203 1466 pedes
2229 1394 2360 1466 ejus
2385 1394 2677 1469 provolvi,
2701 1411 2927 1473 eosque
2975 1396 3325 1455 humectare
3368 1397 3570 1473 lacry—

1910 1483 2027 1540 mis
2051 1486 2109 1540 et
2136 1487 2201 1540 ut
2230 1483 2796 1555 salutisingulorum
2809 1486 3148 1545 consuleret
3167 1502 3277 1562 pro
3307 1502 3371 1544 se
3394 1502 3567 1546 orare

1913 1588 2429 1649 unumquemque.
2453 1576 2722 1640 Quorum
2764 1591 2909 1648 erga
2942 1576 3141 1654 ipsum
3168 1577 3565 1637 reverentiam

1910 1660 2319 1735 precandique
2360 1663 2733 1732 instantiam,
2756 1664 3016 1722 indicem
3045 1664 3282 1725 ﬁduciae
3336 1681 3406 1723 ac
3437 1666 3569 1739 spei

1910 1751 2260 1819 immobilis,
2318 1767 2506 1826 quam
2551 1752 2614 1809 in
2668 1753 2803 1827 ipso
2855 1754 3182 1831 repositam
3233 1754 3565 1827 habebant,

1912 1841 2360 1899 considerantes
2371 1841 2637 1911 barbari,
2678 1846 2734 1900 et
2759 1843 3080 1918 caeteroqui
3100 1859 3346 1914 gravem
3369 1845 3568 1918 specie

1912 1946 1983 1989 ac
2012 1930 2283 1987 moribus
2327 1931 2735 1988 venerabilem
2779 1932 3217 2007 conspicientes
3261 1936 3573 2006 coeperunt

1911 2020 2279 2092 interrogare
2300 2036 2460 2091 eum,
2482 2022 2619 2095 quis
2649 2025 2829 2090 esset,
2857 2022 3021 2080 unde
3052 2027 3253 2092 natus,
3301 2023 3469 2100 quod
3514 2022 3568 2080 ei

1912 2109 2199 2177 studium,
2240 2109 2410 2183 quod
2464 2102 2705 2167 nomen
2744 2110 2914 2179 foret;
2968 2114 3025 2169 et
3061 2127 3187 2185 qua
3239 2112 3313 2168 de
3381 2127 3569 2171 causa

1910 2199 2218 2274 (cumipse
2241 2215 2487 2273 quoque
2517 2200 2772 2258 similem
2802 2199 2933 2258 aliis
2981 2200 3230 2260 haberet
3273 2201 3567 2275 originem

1912 2304 1984 2346 ex
2012 2287 2379 2361 hominibus)
2410 2288 2492 2346 ita
2520 2294 2737 2363 praeter
2757 2295 3039 2348 naturam
3095 2306 3271 2363 agere
3336 2290 3567 2350 videre-

1911 2382 2024 2450 tur,
2052 2377 2390 2436 monastica
2414 2377 2537 2435 vita
2556 2378 2617 2435 in
2646 2384 3005 2453 perpetuum
3030 2379 3217 2438 electa
3267 2379 3365 2454 (ex
3417 2380 3567 2440 ami-

1913 2471 2011 2525 ctu
2038 2482 2307 2539 namque
2338 2467 2753 2538 agnoscebant
2781 2470 2912 2541 ejus
2931 2469 3413 2542 professionem),
3437 2475 3502 2528 ut
3531 2485 3570 2530 a

1913 2556 2304 2613 saecularibus
2326 2558 2510 2613 rebus
2542 2572 2811 2629 aversus,
2853 2557 3047 2616 solam
3068 2575 3205 2635 quae
3246 2560 3305 2616 in
3332 2559 3567 2631 religio-

1913 2661 2121 2703 sorum
2168 2645 2443 2703 claustris
2474 2650 2564 2702 est
2585 2646 2849 2720 quietem
2878 2647 3264 2716 desideraret,
3293 2648 3410 2705 illic
3439 2665 3568 2709 esse

1912 2751 2099 2808 quam
2120 2734 2369 2792 maximi
2393 2734 2641 2792 faciens.
2682 2738 2884 2810 Neque
2912 2737 3072 2794 enim
3127 2737 3388 2795 nefarios
3435 2737 3567 2796 illos

1913 2824 2137 2883 latebat
2169 2824 2613 2882 monachorum
2643 2826 3001 2883 institutum.
3026 2830 3083 2884 et
3106 2843 3289 2900 quem
3312 2843 3567 2901 scopum

1914 2915 2494 2973 considerationibus
2523 2931 2594 2974 ac
2617 2915 3107 2974 meditationibus
3128 2918 3252 2974 suis
3277 2917 3570 2977 haberent

1913 3005 2310 3080 propositum;
2340 3009 2405 3061 ut
2430 3006 2535 3079 qui
2576 3021 2785 3062 eorum
2836 3006 3060 3064 multos
3098 3022 3258 3081 saepe
3304 3006 3570 3066 fecerant

1914 3094 2208 3167 captivos,
2239 3097 2297 3151 et
2332 3099 2475 3151 tunc
2516 3110 2728 3152 eorum
2777 3094 2982 3169 plures
3027 3095 3332 3165 tenebant;
3378 3097 3570 3154 curio-

1916 3185 2104 3242 sitatis
2141 3184 2353 3257 gratia,
2408 3183 2559 3242 forte
2609 3185 2787 3243 etiam
2844 3190 3050 3244 nostra
3089 3185 3325 3244 ridendi
3370 3187 3569 3245 studio

1915 3274 2273 3333 resillorum
2318 3274 2473 3333 soliti
2528 3274 2861 3349 explorare.
2912 3274 3011 3333 llle
3059 3292 3221 3347 vero,
3269 3276 3572 3351 profundo

1918 3380 2261 3438 arcanoque
2307 3363 2567 3438 suspirio
2625 3365 2805 3435 edito,
2861 3367 2948 3421 Me
3010 3366 3280 3439 quidem,
3356 3366 3569 3440 inquit,

1917 3454 2233 3529 oportebat
2251 3454 2719 3512 inconsolabiter
2746 3456 2986 3522 tristari,
3050 3456 3379 3514 intuentem
3433 3472 3572 3514 con-

1916 3545 2163 3602 tribules
2188 3545 2370 3602 hosce
2409 3549 2466 3601 et
2492 3545 2813 3603 unanimes
2835 3561 3024 3613 meos,
3057 3545 3361 3619 pecudum
3401 3557 3570 3604 more

1917 3634 2317 3692 adlanienam
2338 3639 2692 3709 protractos,
2712 3651 2825 3692 vos
2852 3640 3054 3692 autem
3070 3651 3281 3693 eorum
3308 3636 3571 3709 pernicie

1918 3725 2275 3793 gaudentes,
2302 3739 2443 3780 cum
2474 3724 2600 3780 sitis
2626 3723 2903 3780 homines
2933 3723 3223 3797 etaequali
3251 3724 3570 3782 nobiscum

1918 3817 2077 3869 sorte
2108 3816 2396 3869 creaturae
2429 3812 2529 3869 Dei
2568 3828 2923 3885 quanquam
2958 3812 3245 3883 religione
3281 3813 3568 3872 dissidea-

1916 3901 1993 3957 tis
2036 3917 2071 3956 a
2110 3900 2501 3973 nobis,opera
2539 3901 2799 3957 auctoris
2838 3900 3139 3959 malorum
3177 3900 3423 3969 diaboli,
3463 3902 3571 3975 qui

1912 3988 2044 4060 jam
2076 3988 2310 4061 pridem
2337 4003 2529 4059 genus
2551 3988 2892 4045 humanum
2922 3988 3227 4061 decipiens
3250 3988 3453 4061 ipsum
3480 4005 3570 4046 se-

1913 4078 2113 4151 junxit
2167 4093 2204 4133 a
2244 4080 2361 4134 Deo
2401 4082 2458 4134 et
2491 4093 2527 4133 a
2564 4076 2832 4151 paradisi
2869 4077 3096 4134 deliciis
3129 4077 3565 4143 exterminavit,

1919 4173 2098 4240 atque
2125 4166 2184 4223 in
2215 4166 2373 4223 hanc
2405 4166 2599 4223 luctus
2624 4167 2929 4237 regionem
2953 4168 3275 4237 transtulit;
3307 4184 3430 4225 non
3457 4185 3569 4227 au-

1920 4262 2040 4313 tem
2075 4255 2511 4312 desistitetiam
2549 4272 2708 4311 nunc
2749 4256 2875 4327 ejus
2912 4257 3177 4330 pessima
3236 4257 3469 4315 indoles
3499 4275 3571 4316 ac

1920 4345 2094 4403 malis
2116 4346 2392 4416 gaudens
2423 4345 2500 4401 ab
2531 4345 2789 4401 invicem
2814 4362 2925 4402 nos
2955 4347 3298 4419 disjungere
3348 4347 3569 4405 fallaci-

200 4446 332 4493 Θεοῦ
378 4444 500 4501 ταῖς
550 4437 899 4501 πολυπλόκοις
951 4438 1109 4492 αὐτοῦ
1163 4444 1504 4513 μαγγανείαις
1558 4444 1648 4494 καὶ
1703 4448 1805 4503 τοῖς

1920 4435 2036 4493 bus
2058 4436 2183 4493 suis
2206 4436 2541 4510 praestigiis,
2576 4439 2631 4492 et
2660 4434 2884 4492 dolosis
2938 4436 3318 4495 illusionibus
3374 4440 3572 4510 magis

197 4522 389 4589 δέινοίς
417 4528 551 4599 ἆγαν
616 4531 962 4600 σοφίσμασιν.
1020 4526 1155 4579 Ἀλλ’
1205 4531 1319 4581 ἔστι
1373 4548 1463 4601 μοι
1517 4532 1643 4603 πρός
1690 4532 1809 4582 τού-

196 4635 306 4679 τοις
353 4623 447 4669 καὶ
501 4618 689 4691 ἕτερον,
757 4614 870 4668 λίαν
933 4614 1211 4669 ἀποκναίον
1264 4623 1354 4670 καὶ
1410 4616 1561 4671 ἀνιῶν
1609 4616 1809 4693 ἀπαρά-

197 4705 386 4764 κλητα’
425 4702 522 4758 διὰ
570 4707 747 4767 πάσης
799 4710 891 4757 καὶ
944 4707 1046 4779 γὰρ
1101 4702 1343 4768 παιδείας
1388 4706 1663 4774 ἐληλυθὼς,
1720 4713 1810 4762 καὶ

196 4801 389 4868 σοφίας
441 4793 488 4856 ἐς
543 4795 694 4869 ὄκρον
763 4793 1050 4862 ἱληλακῶς,
1104 4799 1259 4869 μέρος
1310 4814 1364 4848 τε
1422 4797 1584 4857 αὐτῆς
1640 4792 1807 4870 μηδὲν

194 4883 447 4947 λελοιπώς
486 4882 822 4947 ἀνεξέταστον
880 4880 1055 4937 οὐδενί
1104 4904 1211 4945 πως
1261 4885 1398 4959 ἄχρι
1455 4881 1523 4943 δὴ
1575 4890 1665 4937 καὶ
1717 4894 1809 4948 τῆς

196 4978 418 5048 τήμερον
450 4980 543 5026 τοῦ
568 4976 807 5026 τοιούτου
852 4975 1124 5047 θησαυροῦ
1164 4970 1527 5047 μεταδέδωκα,
1573 4978 1664 5026 καὶ
1713 4971 1805 5027 δέ-

197 5057 357 5112 δοικα
392 5058 470 5112 ἐπ’
526 5058 767 5133 ἰσχάς-ων
832 5062 856 5112 ό
905 5060 1082 5132 μέλεος
1139 5067 1192 5114 τό
1241 5064 1385 5137 παρά
1428 5069 1520 5114 τοῦ
1583 5059 1804 5134 ἐμπεπι-

196 5156 479 5211 στευκοτος
515 5152 838 5225 κατάκριμα.

263 5343 351 5418 ιγ’.
392 5344 597 5399 Ἀκούει
650 5349 739 5399 τόν
799 5345 947 5418 λόγον
1027 5347 1054 5398 ὁ
1142 5353 1234 5399 τοῦ
1304 5349 1522 5400 Ιωάννου
1605 5351 1798 5421 πατὴρο

195 5437 645 5509 συμπαρωμάρτει
692 5440 783 5489 καὶ
842 5438 964 5509 γάρ,
1030 5433 1105 5509 ἐφ’
1229 5456 1286 5508 γε
1361 5435 1607 5490 ἐκθέσθαι
1680 5440 1800 5499 τοὺς

191 5528 560 5597 κατασχέτους
587 5526 724 5578 πάνυ
768 5520 954 5588 δεξιῶς
992 5527 1254 5596 συνωθῶν,
1296 5531 1387 5578 καὶ
1435 5525 1516 5579 ὅτι
1564 5530 1799 5598 σαχνούς

192 5613 587 5689 ὑφαιρούμενος.
635 5612 896 5691 Ἐγγιστά
959 5633 1060 5667 που
1115 5618 1287 5675 τοίνυν
1343 5614 1549 5687 ἐκείνου,
1587 5618 1796 5696 γενόμε-

192 5704 285 5777 ϋός,
320 5704 495 5779 ἡρέμα
539 5708 629 5757 καὶ
687 5706 783 5758 σὺν
836 5698 987 5758 αἰδοῖ
1032 5702 1339 5781 ἕπανήρετό.
1400 5704 1633 5768 Ἀληθῶς
1688 5703 1795 5779 ἄρα

1921 4527 2236 4599 magisque
2258 4526 2390 4581 clon
2399 4541 2539 4595 gare
2558 4540 2593 4582 a
2610 4527 2750 4582 Deo.
2770 4528 3194 4585 Verumtamen
3215 4527 3380 4585 aliud
3394 4528 3569 4601 quid-

1919 4615 2062 4672 dam
2090 4620 2197 4680 est,
2230 4614 2419 4671 multo
2446 4614 2699 4685 dignum
2729 4631 3007 4686 maerore,
3038 4616 3207 4690 quod
3234 4633 3332 4674 me
3362 4616 3573 4690 aﬂligit

1916 4701 2449 4775 inconsolabiliter,
2473 4702 2747 4761 videlicet
2769 4704 2936 4778 quod
2956 4705 3415 4779 disciplinarum
3440 4723 3571 4764 om-

1916 4793 2087 4850 nium
2127 4808 2414 4849 emensus
2455 4792 2721 4850 stadium
2770 4799 2825 4850 et
2887 4794 3197 4867 sapientiae
3261 4794 3568 4867 fastigium

1916 4886 2307 4939 consecutus:
2336 4881 2567 4939 nullam
2585 4883 2715 4954 ejus
2741 4887 2974 4954 partem
3000 4883 3355 4941 dimittendo
3379 4901 3569 4958 quam

1916 4985 2037 5027 non
2073 4970 2189 5026 sim
2257 4976 2688 5044 perscrutatus,
2729 4970 2953 5026 nemini
3007 4971 3083 5027 ad
3147 4971 3310 5028 hunc
3376 4989 3569 5046 usque

1914 5059 2074 5116 diem
2097 5060 2171 5116 de
2200 5061 2315 5116 hoc
2347 5061 2626 5117 thesauro
2652 5060 3095 5117 communicavi
3120 5080 3133 5131 ;
3163 5064 3220 5117 et
3240 5062 3318 5118 ab
3350 5076 3441 5127 eo,
3464 5062 3570 5135 qui

1913 5149 2042 5206 hch
2072 5150 2218 5207 mihi
2246 5150 2506 5215 tradidit,
2538 5154 2737 5207 metuo
2767 5150 3054 5207 socordia:
3109 5150 3186 5207 ad
3229 5155 3568 5209 extremum

1919 5238 2220 5296 damnari.

1988 5351 2072 5403 t3.
2115 5345 2316 5403 Audiit
2350 5346 2514 5403 hunc
2544 5361 2885 5402 sermonem
2926 5352 3096 5420 pater
3148 5349 3436 5406 Joannis:
3477 5364 3567 5406 se-

1907 5435 2207 5508 quebatur
2232 5434 2414 5503 enim,
2442 5435 2683 5493 dextere
2702 5440 3013 5508 satagens;
3035 5441 3100 5495 ut
3136 5453 3208 5494 ex
3238 5438 3309 5494 iis
3336 5439 3442 5511 qui
3465 5439 3567 5498 de-

1908 5525 2254 5584 tinebantur
2292 5525 2672 5584 differrentur
2701 5526 2891 5593 multi,
2943 5544 3054 5585 nec
3105 5544 3333 5602 paucos
3387 5531 3566 5589 exitio

1906 5615 2287 5695 subtrahens.
2342 5618 2539 5683 Quam
2591 5616 2873 5690 proxime.
2904 5618 3108 5691 itaque
3150 5620 3447 5689 accedens
3484 5621 3566 5691 ad

1901 5718 2064 5774 eum;
2106 5705 2332 5764 sensim
2382 5709 2439 5764 et
2482 5708 2823 5765 reverenter
2858 5702 3271 5780 interrogavit,
3310 5708 3566 5767 dicens:
