4090 6382
500 331 606 396 εει

496 459 739 528 Verene,
761 459 828 513 ut
855 456 1074 525 dixisti,
1104 460 1343 515 tantum
1391 455 1456 514 in
1499 459 1556 516 te
1604 456 1838 514 bonum
1883 455 2152 512 occulta-
2182 456 2231 510 A

497 550 626 603 tum
674 544 808 602 est?
852 545 951 602 Ille
1007 550 1231 617 autem,
1261 545 1464 602 eﬂ‘usis
1528 546 1609 602 ad
1670 547 1799 602 haec
1866 544 2150 619 lacrymis

497 635 837 709 eodemque
867 636 1054 692 animi
1086 652 1270 692 sensu
1288 641 1508 704 motus,
1525 635 1739 692 eadem
1755 637 1969 691 iterum
1995 633 2150 691 afﬁr—

496 725 706 791 mavit,
734 729 792 781 et
819 740 1201 798 quaecunque
1232 728 1486 782 noverat
1514 724 1866 781 distinctiori
1906 739 2149 780 enume-

495 815 726 872 ratione
755 829 1128 888 percurrens,
1143 815 1383 885 singula
1393 813 1730 872 distinctius
1755 813 2150 886 diﬁ‘usiusque

498 903 854 976 explicabat.
884 903 1128 960 Dicebat
1147 919 1288 976 ergo
1316 903 1629 976 quomodo
1652 919 2034 960 numerorum
2058 919 2149 960 ra-

498 992 688 1050 tiones
715 995 771 1048 et
799 992 1298 1049 coheerentiarum
1328 992 1721 1064 proprietates
1752 991 2000 1064 pulchre
2027 990 2147 1047 cal-

497 1080 676 1148 leret;
714 1084 770 1136 et
804 1079 968 1152 plani
995 1096 1064 1137 ac
1105 1081 1278 1136 solidi
1325 1082 1678 1154 perimetros
1709 1097 1780 1137 ac
1821 1081 2148 1138 diametros

498 1172 680 1241 atque
706 1167 933 1239 ﬁguras
963 1169 1243 1225 edoctum
1268 1186 1418 1238 sese,
1458 1170 1635 1226 etiam
1666 1169 2144 1226 laudatissimam

499 1257 870 1328 astrologicae
933 1259 1384 1332 compositionis
1447 1259 1753 1316 scientiam
1801 1264 2030 1318 tenere.
2077 1275 2147 1314 ac

497 1348 678 1404 veluti
705 1348 1089 1404 constitutum
1121 1350 1182 1404 in
1216 1349 1368 1406 ccelo
1398 1350 1740 1406 dimensum
1770 1365 1898 1406 esse
1945 1354 2147 1406 motus

498 1451 821 1509 corporum
833 1437 1226 1494 aethereorum
1244 1455 1258 1504 ;
1272 1439 1578 1512 sapientiae
1591 1454 1834 1511 quoque
1848 1437 2149 1494 sublimio-

497 1523 579 1582 ris
624 1526 808 1582 sacris
851 1527 1149 1583 initiatum
1196 1544 1257 1582 se
1285 1545 1299 1593 ;
1326 1527 1614 1600 quodque
1657 1529 1746 1598 (ut
1788 1543 1909 1584 uno
1948 1527 2149 1583 dicam

498 1613 701 1684 verbo)
731 1615 1064 1688 possideret
1090 1616 1317 1689 aliquid
1345 1617 1497 1671 inter
1524 1615 1794 1672 humana
1847 1616 2147 1689 pretiosis-

498 1702 742 1771 simum,
773 1703 1007 1761 bonum
1032 1704 1321 1777 profecto,
1343 1705 1525 1778 quale
1553 1720 1871 1777 nunquam
1901 1705 2018 1760 huc
2048 1708 2152 1760 aut

493 1791 652 1848 venit
685 1797 789 1848 aut
814 1793 1031 1856 veniet,
1061 1793 1211 1848 sicut
1239 1794 1490 1866 quidam
1516 1809 1548 1848 e
1577 1793 1878 1849 veteribus
1909 1793 2151 1866 sapien-
2181 1811 2224 1864 Β

496 1880 659 1936 tibus
689 1879 839 1935 dixit
876 1882 942 1936 Et
992 1885 1195 1936 tamen
1228 1883 1288 1937 in
1347 1881 1649 1937 neminem
1690 1881 1892 1949 incidi,
1933 1881 2150 1954 inquit,

497 1984 764 2043 quocum
795 1969 923 2024 haec
947 1985 1190 2041 possem
1221 1971 1686 2026 communicare.
1721 1970 1808 2025 Ad
1850 1987 1984 2044 quae
2014 1970 2146 2026 ille:

500 2056 655 2113 Scito
667 2057 834 2130 quod
849 2072 962 2127 ego
973 2057 1237 2130 implebo
1253 2058 1617 2114 desiderium
1632 2059 1816 2114 animi
1831 2060 1937 2129 tui,
1955 2074 2150 2130 neque

498 2143 664 2201 abire
686 2151 738 2200 te
761 2144 958 2200 sinam
1001 2146 1106 2202 tali
1151 2147 1528 2203 laborantem
1584 2152 1849 2217 egestate
1870 2152 1928 2202 et
1956 2147 2150 2202 confe-

497 2238 662 2290 ctum
686 2234 911 2302 dolore,
938 2235 1158 2307 partim
1189 2237 1332 2310 quia
1361 2252 1471 2310 pro
1493 2236 1601 2292 tibi
1631 2237 1867 2292 creditis
1896 2251 2150 2292 examen

496 2322 852 2389 formidans,
880 2340 1128 2396 poenam
1158 2325 1358 2393 times,
1393 2325 1610 2398 partim
1641 2325 1788 2398 quia
1816 2324 2146 2397 periculum

497 2416 589 2468 est
603 2427 677 2467 ne
692 2413 934 2483 ignotus
953 2413 1093 2469 hinc
1113 2430 1312 2481 exeas,
1338 2419 1393 2472 et
1417 2415 1478 2470 in
1501 2415 1818 2471 oblivionis
1844 2415 2148 2486 profundo

497 2501 832 2570 occulteris,
859 2517 931 2558 eo
955 2503 1119 2575 quod
1150 2503 1347 2559 nullos
1378 2509 1514 2576 post
1545 2510 1599 2559 te
1637 2504 1940 2577 relinquas
1968 2503 2148 2570 ﬁlios,

498 2589 822 2662 acquisitos
843 2606 950 2664 per
979 2592 1412 2663 magisterium,
1432 2592 1535 2665 qui
1563 2593 1742 2664 longe
1774 2593 2152 2666 praestantio-

495 2692 593 2734 res
636 2677 715 2734 ad
761 2679 1025 2736 futuram
1072 2681 1432 2737 memoriam
1463 2697 1650 2754 quam
1681 2681 1986 2737 naturales
2017 2697 2149 2736 esse

495 2766 792 2835 videntur,
827 2773 900 2841 et,
937 2770 1088 2825 sicut
1111 2770 1318 2840 audio,
1347 2770 1572 2827 diutius
1604 2772 1814 2827 vivunt
1842 2787 2030 2844 quam
2055 2786 2151 2841 ge-

495 2855 603 2912 niti
624 2857 960 2914 secundum
981 2874 1248 2915 carnem.
1285 2861 1433 2916 Sunt
1457 2860 1618 2916 enim
1642 2860 1773 2916 mhi
1801 2860 1925 2930 ﬁlii,
1957 2859 2151 2916 forma

495 2949 848 3017 praestantes
892 2945 1018 3018 ﬁlii,
1079 2947 1316 3014 maturi,
1374 2947 1479 3003 ﬁlii
1530 2963 1786 3020 capaces
1805 2947 2150 3020 disciplina-

494 3048 632 3090 rum
685 3050 839 3107 quas
881 3037 1263 3107 enumerasti,
1321 3036 1485 3092 velut
1529 3037 1907 3109 receptacula
1964 3037 2154 3109 puris-

495 3123 651 3179 sima
705 3129 761 3180 et
803 3124 1163 3198 amplissimi
1210 3125 1380 3192 alvei,
1416 3125 1520 3181 sed
1553 3125 1753 3182 adhuc
1791 3126 2021 3192 inanes,
2053 3126 2151 3182 de-
2187 3161 2231 3216 Ο

495 3209 653 3267 fectu
678 3212 821 3268 talia
847 3213 1154 3284 largientis
1184 3218 1240 3270 et
1269 3215 1447 3287 quasi
1474 3230 1582 3287 per
1602 3215 1799 3270 rivum
1826 3214 2151 3270 infunden-

495 3303 590 3355 tis.
632 3299 753 3356 Hos
795 3316 908 3371 ego
960 3301 1067 3356 tibi
1114 3301 1496 3374 adoptandos
1527 3302 1762 3358 tradam
1795 3321 1808 3370 ;
1840 3308 2011 3358 tuum
2047 3304 2155 3358 erit

497 3403 600 3444 eas
629 3405 782 3462 quas
804 3389 1003 3445 dixisti
1033 3389 1379 3463 disciplinas
1410 3391 1557 3464 ipsis
1587 3391 1880 3448 tradendo
1906 3393 2150 3449 eosdem

494 3477 954 3550 quodammodo
983 3495 1355 3550 regenerare.

571 3659 654 3712 14.
688 3657 823 3713 Haec
852 3673 993 3714 cum
1022 3657 1291 3725 dixisset,
1323 3659 1677 3715 festinanter
1715 3659 1842 3715 abit
1877 3657 1956 3714 ad
2003 3660 2146 3714 Per-

497 3759 702 3800 sarum
725 3745 1086 3819 principem,
1118 3763 1255 3820 quae
1291 3747 1402 3803 sibi
1433 3764 1572 3803 cum
1605 3750 1824 3804 cosma
1860 3749 2150 3802 interces-

497 3833 712 3890 sissent
763 3833 1154 3903 denuntians,
1213 3851 1478 3908 eumque
1531 3838 1674 3909 petit
1732 3836 1864 3892 dari
1910 3836 2045 3902 sibi,
2095 3839 2152 3890 et

493 3923 666 3994 cujus
694 3924 779 3980 rei
804 3925 997 3995 gratia
1042 3924 1104 3981 id
1122 3931 1304 3998 petat,
1353 3927 1712 3982 manifestat
1769 3928 1838 3981 Ut
1881 3941 2022 3981 vero
2054 3941 2149 3980 as-

497 4026 742 4068 sensum
774 4013 902 4084 ejus
927 4013 1185 4069 obtinuit
1213 4013 1426 4078 (multa
1446 4013 1604 4069 enim
1623 4013 1786 4086 apud
1808 4014 2007 4087 ipsum
2021 4029 2151 4082 gra—

495 4100 577 4156 tia
605 4105 662 4156 et
677 4102 1030 4157 auctoritate
1050 4101 1334 4173 valebat),
1353 4117 1470 4158 non
1486 4104 1703 4158 minori
1727 4102 1951 4172 gaudio
1962 4118 2148 4174 quam

495 4190 747 4246 Cosmas
764 4190 1067 4262 perfusus,
1081 4191 1332 4247 domum
1362 4207 1498 4247 eum
1515 4192 1810 4264 perducit.
1829 4194 1872 4258 Ο
1886 4191 2150 4248 uomodo

498 4283 700 4333 autem
730 4279 882 4334 inter
905 4280 1072 4335 varia
1101 4280 1490 4336 humanitatis
1524 4281 1722 4338 ofﬁcia
1751 4283 1950 4353 ipsum
1982 4296 2149 4336 exce-

493 4365 664 4438 perit,
698 4371 755 4422 ct
779 4382 966 4438 quam
991 4369 1261 4439 jucunde
1292 4369 1646 4440 complexus
1688 4369 1882 4436 fuerit,
1919 4369 2153 4437 longior

494 4453 822 4510 verborum
843 4455 1090 4512 circuitu
1117 4457 1404 4528 prolixius
1441 4460 1746 4530 explicare
1777 4457 2150 4530 superﬂuum

495 4546 664 4617 puto.
692 4545 978 4600 Caeterum
1007 4562 1147 4601 cum
1175 4562 1357 4619 super
1377 4563 1589 4603 omnes
1621 4547 1980 4602 domesticos
2011 4562 2148 4600 eum

498 4631 908 4690 constituisset
956 4639 1013 4691 et
1061 4637 1216 4692 sicut
1263 4636 1515 4692 alterum
1564 4653 1626 4692 se
1679 4637 1791 4692 coli
1840 4652 1876 4692 a
1923 4635 2150 4691 cunctis

487 4721 788 4793 jussisset,
823 4724 1062 4781 tradens
1094 4725 1144 4782 ei
1169 4725 1322 4781 ﬁlios
1349 4742 1515 4793 suos,
1551 4726 1742 4798 ipsius
1781 4725 1959 4798 quasi
1996 4723 2149 4779 ﬁlios

497 4809 696 4870 eﬂicit.
751 4814 850 4870 lsti
904 4819 1089 4885 erant,
1139 4816 1429 4881 Joannes,
1501 4814 1885 4886 splendidum
1934 4819 2152 4869 nostra:

495 4902 782 4959 orationis
839 4911 1285 4974 argumentum;
1333 4911 1389 4961 et
1449 4903 1543 4960 ille
1591 4904 1694 4977 qui
1744 4910 1878 4958 ante
1928 4904 2149 4975 ipsum,

496 4989 733 5049 defectu
757 4993 941 5066 prolis
964 4994 1277 5065 naturalis,
1317 4994 1510 5050 fuerat
1552 4994 1875 5065 adoptatus
1923 5009 1956 5047 a
1997 4995 2153 5047 Man-

500 5095 656 5149 sure,
681 5082 1078 5153 admirabilis,
1102 5084 1375 5156 inquam,
1407 5099 1638 5155 suoque
1666 5088 1732 5137 ut
1773 5084 2018 5137 nomine
2070 5081 2154 5136 sic

499 5177 558 5226 et
591 5171 864 5227 moribus
895 5173 1168 5242 Cosmas;
1202 5173 1276 5228 de
1299 5189 1420 5244 quo
1451 5173 1596 5244 quid
1633 5171 1870 5226 velutin
1903 5170 2156 5226 transitu

499 5259 752 5316 dixerim
783 5261 811 5315 ?
839 5260 1337 5333 quandoquidem
1371 5262 1418 5316 si
1434 5262 1568 5333 quis
1603 5277 1695 5315 res
1718 5261 1846 5331 ejus
1876 5273 2158 5331 suscepe-

498 5349 573 5405 rit
609 5364 684 5404 ex
720 5350 1029 5422 proposito
1067 5350 1497 5416 recensendas,
1547 5352 1645 5405 vix
1687 5365 1791 5404 eas
1841 5355 2020 5420 prout
2071 5346 2156 5403 di-

499 5453 688 5509 gnum
701 5443 790 5493 est
808 5446 1250 5510 exsequeretur.
1266 5439 1511 5512 Accepit
1532 5455 1674 5509 ergo
1688 5453 2013 5511 puerorqu
2042 5437 2157 5492 sibi

499 5525 970 5582 commissorum
1001 5542 1110 5598 par
1137 5527 1383 5583 divinus
1437 5526 1795 5600 paedotriba,
1861 5532 2155 5598 tanquam

495 5614 800 5704 pullorum
829 5631 1263 5699 generosorum
1297 5617 1557 5691 domitor
1609 5615 2015 5674 exercendum
2072 5616 2153 5685 ad

2181 4518 2223 4570 D

1679 329 2137 389 CONSTANTINI
2169 327 2658 389 ACBOPOLITB.

2259 475 2361 520 τοι,
2450 459 2541 506 xui
2611 455 2680 514 ὡς
2748 453 2972 524 ἔφησθα,
3053 455 3302 503 τοσοῦτον
3375 445 3878 518 ἓγκατακέκρυπται

2260 542 2478 614 ἀγαθόν,
2504 547 2594 594 καὶ
2631 541 2768 592 οὕτω
2787 549 2978 614 χρῆμα
3006 546 3097 592 τοῦ
3161 540 3347 598 παντὸς
3403 535 3547 598 ἄξιον
3603 532 3870 586 ἐναπὸκει-

2257 652 2373 700 ταις
2409 637 2511 685 Καὶ
2561 630 2615 692 ὃς
2647 626 2918 702 δακρύσας
2969 633 3060 680 xui
3087 631 3182 686 τήν
3231 627 3417 698 ψυχὴν
3466 623 3623 681 αὐτὴν
3667 640 3866 674 πεπον-

2261 722 2382 790 θώς,
2431 722 2499 772 τὰ
2553 718 2686 772 αύτά
2731 721 2821 769 xui
2906 717 3057 776 αὖθις
3124 714 3336 790 εἰρήκει·
3407 712 3722 785 πλατύτερόν
3808 727 3865 760 τε

2259 807 2453 871 ὃιεξὴει
2503 810 2569 860 τὰ
2610 814 2703 868 τῆς
2751 802 3095 873 παιδεύσεως,
3153 807 3244 856 xui
3303 805 3371 854 τὰ
3451 797 3866 874 ἐξαχριϐωθέντα

2256 901 2726 974 παραγεγυμνώκει
2775 895 3096 967 λεπτότερον.
3145 896 3283 950 Φησὶ
3338 897 3464 963 γοῦν
3531 892 3602 951 ὡς
3677 887 3866 958 λόγους

2256 1007 2311 1040 τε
2362 987 2617 1060 ἀριθμῶν,
2677 987 2767 1038 xui
2815 982 3090 1054 ἀναλογίας
3170 980 3426 1057 ἀρμονιῶν
3505 978 3678 1039 καλῶς
3725 977 3864 1050 ἄγαν

2256 1075 2587 1150 ἠκριϐωκώς,
2635 1083 2735 1128 τῶν
2785 1069 3042 1126 ἐπιπέδων
3086 1076 3172 1123 xui
3227 1069 3451 1145 στερρῶν
3522 1070 3867 1140 περιμέτρους

2254 1171 2343 1218 xui
2388 1161 2719 1238 διαμέτρους,
2776 1167 2864 1214 xui
2925 1166 3206 1233 σχήματα,
3259 1164 3349 1211 xui
3415 1159 3581 1218 αὐτῆς
3632 1175 3694 1228 γε
3764 1161 3859 1214 τῆς

2256 1253 2678 1329 πολυθρυλλήτου
2752 1260 2850 1303 τῶν
2919 1249 3146 1321 ἀστέρων
3207 1247 3495 1310 συντάξεως
3541 1249 3636 1303 τὴν
3692 1242 3862 1296 πολυ-

2254 1347 2479 1416 ύμνητον
2533 1342 2830 1414 ἐπιστήμην
2889 1339 3224 1411 συνειλοχὼς.
3271 1342 3362 1389 xui
3419 1338 3484 1396 ὡς
3531 1334 3583 1387 ἐν
3650 1335 3863 1405 οὐρανῷ

2254 1437 2475 1504 γεγονώς
2532 1434 2618 1482 καὶ
2669 1438 2768 1481 τῶν
2825 1428 3063 1503 αἰθερίων
3124 1429 3377 1499 σωμάτων
3475 1428 3569 1482 τήν
3647 1427 3862 1479 κίνησιν

2259 1520 2759 1594 ἀναμετρησοίμωος,
2840 1519 2904 1569 τοί
2957 1535 3010 1568 τε
3085 1523 3179 1576 τῆς
3275 1515 3552 1588 ὑπερτέρας
3669 1514 3863 1582 σοφίας

2257 1611 2476 1682 μυηθεὶς
2506 1608 2680 1682 ὄργια,
2722 1612 2810 1660 xui
2862 1606 2954 1676 (ὡς
3013 1603 3131 1666 ἑπος
3201 1603 3382 1673 εἰπεῖν)
3422 1607 3480 1654 τό
3538 1605 3863 1673 τιμιώτατον

2255 1707 2354 1751 τῶν
2385 1699 2436 1750 ἐν
2467 1695 2752 1770 ἀνθρώποις
2794 1704 2972 1767 κτῆμα
3027 1694 3368 1764 κτησάμενος,
3411 1691 3597 1762 λόγους
3643 1683 3861 1746 δηλαδή

2259 1792 2347 1839 xui
2399 1790 2581 1858 σοφίαν
2611 1791 2844 1859 (χρῆμα,
2877 1791 2917 1835 ῶ
2973 1778 3268 1846 οὖτος,οἶον
3323 1779 3440 1832 οὔτε
3478 1780 3598 1836 ἧκεν
3650 1773 3864 1842 ἐνθάδε,

2259 1875 2376 1929 οὒτε
2413 1881 2514 1948 μην
2541 1874 2652 1937 ἣξει
2684 1881 2781 1924 τῶν
2835 1875 3039 1946 χρόνων
3085 1873 3230 1936 ποτε,
3273 1870 3341 1931 ὠς
3393 1872 3484 1920 καὶ
3544 1875 3644 1918 τῶν
3701 1865 3869 1917 πάλαι

2259 1985 2340 2026 τις
2390 1972 2558 2036 σοφῶν
2627 1963 2967 2036 ἰσχυρίσατο)
3035 1955 3209 2012 ούδενὶ
3277 1963 3457 2030 τυχών
3511 1959 3611 2027 ὅτῳ
3671 1957 3869 2007 τούτοῦ

2259 2049 2548 2126 μετέδωκα.
2581 2056 2683 2104 Καὶ
2709 2054 2784 2112 ὅς’
2816 2049 2952 2102 Ἀλλ’
2982 2047 3079 2120 ἐγώ
3127 2067 3228 2117 τοι,
3279 2046 3419 2098 τοῦτ’
3437 2046 3566 2110 ἱσθί,
3616 2041 3778 2100 ἐκπλὴ
3792 2062 3869 2094 σω

2258 2145 2318 2194 τό
2348 2143 2685 2212 καταθύμιόν,
2720 2143 2810 2190 xui
2833 2138 2940 2210 οὐχ
2982 2138 3144 2198 οὕτως
3204 2134 3437 2187 ἀπελθεῖν
3490 2133 3630 2184 ἐάσω
3693 2151 3869 2183 κατα-

2261 2227 2358 2283 δεᾶ
2377 2234 2464 2281 καὶ
2487 2229 2792 2303 περίλυπον,
2819 2235 2970 2279 τοῦτο
3019 2229 3131 2300 μὲν,
3188 2221 3266 2284 οἷς
3307 2228 3394 2279 τήν
3452 2222 3579 2296 ύπὶρ
3633 2227 3724 2272 τοῦ
3778 2218 3869 2292 ἐμ-

2258 2322 2669 2390 πεπιστευμένου
2724 2314 2881 2374 δίκην
2938 2316 3259 2378 ὑποπτεύεις,
3299 2317 3388 2364 xui
3457 2316 3554 2369 τὴν
3644 2309 3866 2365 εὐθύνην

2259 2407 2530 2480 ἐπιλογίζῃ
2554 2411 2644 2458 xui
2688 2402 2889 2477 δέδιας,
2935 2411 3087 2457 τοῦτο
3148 2399 3220 2469 δ’,
3272 2399 3348 2463 οἷς
3396 2399 3664 2471 ἀνώνυμος
3717 2399 3866 2469 οἶχε-

2262 2499 2387 2550 σθαι
2447 2493 2758 2555 κινδυνεύεις
2809 2515 2898 2546 και
2955 2493 3118 2552 λήθης
3183 2488 3598 2564 ἐναποκρυϐῆναι
3673 2486 3865 2560 βυθοίς

2259 2591 2331 2659 μὴ
2373 2582 2572 2646 παῖδας
2619 2584 2708 2636 ἅτε
2768 2581 3148 2640 καταλελοιπώς
3199 2587 3273 2650 τῷ
3329 2577 3431 2652 βίῳ
3495 2573 3588 2628 διὰ
3641 2571 3867 2627 παιδεύ-

2263 2695 2408 2741 σεως,
2457 2674 2626 2745 πολλῷ
2669 2694 2771 2724 τινι
2823 2680 2922 2725 τῶν
2972 2670 3026 2722 ἐκ
3077 2673 3271 2745 σαρκός
3326 2672 3457 2743 πρὸς
3501 2671 3593 2723 τὴν
3646 2664 3867 2723 ἐσαῦθις

2262 2770 2468 2838 μνὴμην
2539 2768 2858 2836 κερείττονας
2913 2765 3223 2833 πεφηνότας,
3305 2763 3396 2810 xui
3450 2756 3858 2828 μονιμωτέρους.

2261 2857 2329 2914 ὡς
2360 2852 2590 2913 ἀκούσας
2627 2855 2759 2924 ἔχω,
2793 2859 2977 2924 μακρῷ
3033 2857 3131 2900 τῶν
3188 2847 3240 2910 ἐξ
3297 2849 3532 2919 αἵματος.
3586 2841 3704 2894 Εἰσὶ
3754 2843 3862 2914 γάρ

2261 2963 2350 3016 μοι
2377 2939 2584 3010 παῖδες,
2622 2937 2806 3001 παῖδες
2835 2941 3041 3014 ὡραῖοι,
3067 2934 3258 2998 παῖδες
3296 2935 3470 3000 καλοὶ,
3502 2928 3697 3016 παῖδες
3743 2949 3872 2982 παι-

2262 3029 2534 3104 δευμάτων
2591 3033 2710 3082 οἵων
2746 3028 3102 3102 ἀπηριθμὴσω
3156 3025 3364 3099 καθαρά
3439 3023 3574 3074 πάνυ
3673 3015 3873 3090 δοχεῖα

2261 3125 2350 3173 xui
2383 3120 2576 3192 εύρεῖαι
2598 3115 2772 3176 δήπου
2824 3113 3120 3188 δεξαμεναί,
3178 3118 3316 3165 κενοὶ
3369 3108 3428 3164 δι
3473 3110 3656 3177 εἰσέτι,
3706 3113 3873 3180 χήτει

2260 3217 2353 3262 τοῦ
2395 3217 2495 3261 τῶν
2547 3210 2794 3260 τοιούτων
2851 3201 3244 3279 μεταδώσοντος
3300 3205 3390 3252 xui
3447 3196 3551 3251 οἷον
3601 3197 3874 3269 ὀχετηγή-

2263 3317 2464 3363 σοντος,
2495 3299 2906 3354 καθεστήκατον.
2939 3297 3184 3362 Τούτους,
3231 3296 3475 3363 γίνωσκε,
3529 3295 3624 3340 τοῦ
3681 3286 3872 3339 λοιποῦ

2259 3383 2459 3449 παῖδας
2488 3388 2650 3458 ἔγωγε
2683 3387 2829 3442 θήσω
2859 3403 2962 3435 σοι’
3021 3387 3104 3434 σοὶ
3162 3377 3211 3433 δ’
3263 3381 3324 3432 ἄν
3378 3381 3436 3430 τό
3496 3377 3725 3429 ἐντεῦθεν
3790 3377 3869 3432 εἴη

2259 3478 2405 3536 ὅσοις
2444 3495 2496 3528 τε
2539 3480 2630 3527 xui
2708 3475 2837 3534 οἵοις
2912 3472 3136 3547 εἰρήκεις
3220 3468 3566 3540 ἀναγωνῆσαι
3643 3461 3871 3520 παιδεύ-

2258 3585 2415 3639 μασι.

2333 3651 2420 3706 ιδ’·
2471 3651 2631 3707 Ταῦτ’
2679 3651 2854 3719 εἰπὼν,
2911 3645 3119 3720 σπουδῇ
3163 3649 3308 3722 παρά
3388 3649 3476 3698 τόν
3539 3644 3872 3716 Περσοίρχην

2259 3745 2459 3809 ἄπεισι,
2516 3762 2606 3793 και
2662 3743 2729 3792 τά
2778 3741 2913 3791 κατά
2976 3742 3062 3790 τόν
3122 3741 3336 3809 Κοσμᾶν
3389 3732 3722 3806 ἀπαγγέλλει,
3777 3737 3874 3785 καὶ

2260 3833 2502 3895 αἰτεῖται,
2534 3835 2624 3882 xui
2665 3832 2784 3882 ὅτου
2825 3848 2884 3900 γε
2913 3829 3075 3902 χάριν
3109 3823 3490 3898 διασαφεῖ.Ὠς
3535 3820 3596 3876 δὲ
3645 3819 3715 3879 δὴ
3777 3827 3873 3874 xui

2260 3923 2430 3994 εἴληφε
2477 3924 2535 3973 τὸ
2593 3915 2870 3991 ἐνδόσιμον
2925 3918 3087 3989 (πάνυ
3151 3918 3252 3989 γὰρ
3310 3914 3471 3985 ηὔχει
3528 3912 3659 3964 πολὺ
3736 3911 3872 3980 παρ’

2261 4012 2400 4082 αὐτῷ
2431 4014 2489 4063 τό
2518 4005 2842 4081 αἰδέσιμον),
2873 4007 2978 4078 ούχ
3017 4007 3168 4064 ἧττον
3200 4005 3353 4064 αὐτὸς
3401 4021 3607 4075 χαιρων
3660 4001 3690 4058 ἦ
3742 4007 3880 4072 χαί-

2258 4121 2415 4178 ροντα
2444 4099 2628 4152 ἐκεῖνον
2673 4093 2854 4150 οἶκαδε
2905 4097 3097 4168 ἀπάγει
3153 4093 3344 4150 λαϐὼν.
3402 4092 3579 4152 Ὀπως
3631 4093 3723 4162 μεν
3783 4087 3877 4143 οὖν

2258 4176 2720 4264 ἐφιλοφρονήσατο,
2771 4190 2860 4237 xui
2918 4186 3046 4246 οίοις
3098 4188 3190 4241 τὴν
3245 4185 3452 4250 πρὼτην
3521 4176 3872 4249 ἐδεξιώσατο,

2259 4281 2499 4353 περιττόν
2550 4279 2674 4336 ἴσως
2725 4280 3098 4349 μακρηγορεῖν·
3130 4272 3267 4329 Πλὴν
3301 4269 3411 4321 ἀλλ’
3455 4268 3538 4321 ἐπὶ
3579 4275 3714 4320 πᾶσι
3761 4277 3878 4329 τοῖς

2261 4371 2421 4419 αὑτοῦ
2451 4369 2806 4428 καταστήσας,
2838 4368 2926 4414 καὶ
2977 4361 3125 4414 ἄλλον
3182 4360 3363 4412 ἑαυτὸν
3420 4361 3617 4411 ἅπασιν
3677 4356 3874 4412 ἐναπο-

2260 4476 2516 4528 τεταχως,
2545 4459 2662 4514 τοὺς
2693 4453 2852 4505 αὐτοῦ
2898 4447 3098 4512 παῖδας
3154 4449 3460 4524 ἐγχειρίζει,
3517 4443 3718 4507 παῖδας
3776 4450 3876 4500 αύ-

2259 4549 2380 4604 τούς
2422 4543 2729 4601 εἰσποιησας
2780 4540 2940 4610 αύτῷ⁹
3003 4535 3184 4602 Οὗτοι,
3247 4537 3510 4603 Ἰωάννης,
3569 4536 3599 4592 ἠ
3646 4533 3873 4609 λαμπρά

2259 4642 2358 4686 τῶν
2390 4633 2660 4704 ἡμετοίρων
2697 4631 2862 4702 λόγων
2903 4628 3170 4693 ὑπόθεσις,
3219 4631 3309 4678 xui
3344 4628 3369 4677 ό
3426 4627 3527 4698 πρό
3575 4623 3738 4675 αὐτοῦ
3791 4643 3873 4676 τε·

2263 4724 2364 4780 θεὶς
2403 4723 2470 4780 εἰς
2522 4722 2632 4771 υἱόν
2685 4723 2907 4790 γνησίου
2967 4721 3211 4788 στερήσει
3257 4719 3592 4786 γεννήματος,
3649 4713 3674 4763 ό
3743 4714 3872 4764 θαυ-

2261 4812 2453 4882 μάσιος
2506 4809 2692 4867 κλῆσίν
2739 4827 2794 4860 τε
2846 4811 2935 4858 xui
2996 4809 3183 4878 τρόπον
3244 4809 3473 4875 Κοσμᾶς·
3535 4807 3651 4876 περὶ
3704 4821 3764 4852 ου
3820 4805 3872 4852 τί

2261 4918 2355 4972 περ
2395 4901 2456 4950 ἀν
2487 4903 2576 4949 xui
2637 4903 2814 4969 φαίην,
2866 4896 3030 4956 οὕτως
3096 4893 3150 4944 ἐκ
3229 4897 3492 4966 παρέργου
3571 4887 3742 4957 εἰδώςς
3799 4893 3870 4950 ὡς

2264 4989 2308 5041 εἰ
2337 4994 2426 5040 καὶ
2455 4987 2722 5063 προύργου
2754 5005 2830 5044 τις
2881 4987 2948 5036 τὰ
2996 4985 3132 5035 κατὰ
3189 4990 3369 5034 τουτον
3419 4985 3723 5040 ποιήσαιτο,
3777 4985 3872 5052 μό·

2262 5078 2338 5137 λις
2377 5076 2436 5128 ἂν
2463 5085 2561 5129 τῶν
2588 5080 2718 5148 πρὸς
2776 5073 2928 5137 ἀξίαν
2988 5073 3235 5146 ἐφίκοιτο.
3300 5071 3439 5129 Πλήν
3479 5070 3590 5130 ῆλλ⁹
3638 5069 3874 5144 ἐγχειρί-

2267 5167 2412 5227 ζεται
2436 5170 2523 5223 την
2557 5167 2693 5237 ἱερὰν
2749 5159 3011 5238 ξυνωρίδα
3068 5164 3092 5212 ό
3153 5164 3286 5223 θεῖος
3348 5160 3535 5220 ἐκεῖνος
3590 5156 3872 5231 παιδοτρί-

2267 5255 2358 5316 ϐης
2414 5255 2443 5312 ἢ
2498 5259 2818 5326 γυμναστὴς,
2870 5249 3070 5312 ἣδιστα
3122 5247 3172 5303 δ’
3232 5249 3291 5301 ἀν
3347 5254 3524 5322 φαίην,
3578 5253 3670 5300 καὶ
3744 5252 3872 5322 ἱερὸς

2265 5341 2672 5419 μοσχοδάμνηςς
2713 5344 2847 5402 ὅπως
2887 5340 2947 5392 ἂν
2986 5346 3112 5413 πρός
3143 5345 3236 5398 τὴν
3257 5347 3349 5400 τῆς
3410 5339 3715 5410 οἰκουμένης
3777 5335 3871 5394 δῆ-

2265 5437 2452 5488 πουθεν
2487 5438 2688 5501 νέωσιν,
2731 5436 2821 5483 xui
2859 5435 2954 5488 τήν
2984 5439 3082 5482 τῶν
3116 5433 3261 5483 θείων
3291 5426 3570 5499 δογμάτων
3646 5424 3871 5479 διασπο-

2267 5526 2361 5598 ρὰν
2427 5522 2786 5594 ἑγγυμνάσειε.
2850 5525 2974 5594 Περὶ
3020 5524 3109 5592 μέν
3187 5515 3256 5577 δὴ
3340 5527 3431 5571 τοῦ
3499 5520 3638 5571 θείου
3706 5517 3868 5588 λέγειν

2271 5619 2456 5686 Κοσμᾰ
2506 5616 2564 5663 τό
2618 5630 2679 5684 γε
2737 5618 2826 5662 νῦν
2883 5611 3012 5662 εἶναι
3070 5607 3292 5682 ἀναϐολῇ
3355 5613 3691 5681 παραπέμπει.»
3779 5610 3863 5657 xui
