4090 6382
175 318 286 376 829

1390 324 1464 382 IN
1501 324 1560 382 s.
1596 288 1794 382 mm.
1835 325 2335 386 DAIASCENUM.

3436 331 3544 387 830

176 444 566 517 ὑπερτίθεμαιο
592 443 649 507 ὃς
697 446 799 519 γὰρ
833 449 956 519 περί
1003 454 1096 500 τοῦ
1147 447 1253 510 ἰνὸς
1305 451 1439 524 πρὸς
1501 447 1650 511 ἀξίαν
1705 449 1778 502 λέ-

1883 451 2145 508 universi
2164 452 2327 509 orbis
2347 452 2644 510 culturam
2692 455 2751 509 et
2797 451 3340 509 ecclesiasticarum
3387 452 3538 524 dog-

175 552 289 605 γειν
319 533 415 586 οῦκ
443 536 575 605 ἔχω,
601 533 654 586 τί
681 535 797 588 ποτ’
820 534 881 588 ἂν
932 541 1172 610 γενοίμην
1222 543 1312 591 καὶ
1360 545 1471 600 τοῖς
1526 546 1618 591 τοῦ
1670 539 1779 592 ἑτέ-

173 640 272 696 ρου
300 622 679 698 φιλοχωρήσας
706 642 720 692 ;
753 624 915 687 ἄλλως
943 645 996 678 τε
1052 632 1142 680 καὶ
1177 636 1275 690 τῆς
1314 633 1596 701 παροιμίος
1652 627 1778 686 ἀκη-

175 716 314 774 κοὼς
337 715 469 788 πρὸς
497 709 594 766 δύο
616 717 688 786 μὴ
722 711 1074 782 ἀποδύεσθαι,
1132 719 1200 770 τὰ
1235 718 1370 770 κατὰ
1414 724 1596 770 τοῦτον
1642 737 1777 792 παρ-

179 801 304 873 ίημι
334 821 347 834 ο
406 798 776 875 δυσχεραίνων
827 806 919 876 μὲν
972 806 1050 867 οἷς
1093 805 1187 858 οὐκ
1238 804 1473 877 ἐξισχύω
1528 805 1640 878 ἅμα
1688 811 1779 858 καὶ

176 888 372 963 ἀμφοῖν
427 889 784 962 ἐπιϐαλέσθαι,
833 898 923 946 καὶ
976 902 1074 946 τῶν
1129 894 1244 947 κατ’
1294 895 1485 956 αὐτοὺς
1553 894 1778 968 ἀμφιλα-

175 987 287 1051 φῶς
344 975 668 1054 δράξασθαι,
723 986 812 1034 καὶ
868 981 943 1035 ἐνί
990 986 1158 1056 τούτῳ
1213 984 1349 1056 λόγῳ
1394 987 1462 1037 τὰ
1537 985 1777 1058 ἑκατέρου

176 1063 428 1132 διεξιέναι
491 1070 932 1144 πλεονεκτήματα,
977 1077 1008 1131 ἤ
1059 1073 1248 1146 μᾶλλον
1300 1077 1367 1126 τὰ
1418 1076 1530 1127 θεῖα
1579 1077 1776 1127 τούτων

175 1160 306 1232 ἔργα
327 1163 420 1210 καὶ
457 1162 841 1233 κατορθώματα
871 1182 884 1195 ·
909 1161 1004 1214 ούκ
1033 1164 1171 1235 ἔχων
1215 1160 1265 1216 δ’
1305 1164 1333 1216 ὅ
1395 1183 1449 1215 τι
1494 1168 1582 1217 καὶ
1649 1160 1776 1238 δρά-

178 1266 358 1320 σαιμι,
424 1251 553 1322 πρὸς
609 1251 675 1301 τὰ
729 1257 822 1302 τοῦ
872 1249 1109 1304 Ἰωάννου
1161 1257 1253 1304 καὶ
1307 1251 1461 1306 πᾶλιν
1517 1252 1774 1326 ἇπάνεεμι,

171 1333 409 1408 ἀγωνιῶν
437 1356 494 1390 τε
517 1341 609 1390 καὶ
657 1348 963 1403 πνευστιῶν,
1013 1345 1103 1393 καὶ
1158 1340 1272 1403 ὅλος
1309 1349 1383 1412 τῷ
1423 1337 1611 1416 ἱδρῶτι
1658 1339 1776 1395 διὰ·

172 1423 394 1500 ϐρόχος,
447 1425 590 1479 ὡσάν
641 1447 724 1490 τις
777 1435 878 1481 τῶν
933 1426 1296 1484 διωδευκότων
1374 1433 1598 1505 μακρὰν,

169 1518 498 1590 μακροτέραν
520 1514 824 1590 ἀφορώντων
844 1521 939 1577 τὴν
965 1517 1038 1580 εἰς
1062 1538 1120 1570 το
1137 1521 1453 1594 ἔμπροσθεν.

1685 1437 1775 1484 καὶ

1887 544 2120 596 matum
2141 545 2491 598 sementem.
2523 543 2642 612 Ego
2671 545 2872 598 autem
2897 541 2971 596 de
2991 540 3211 597 eximio
3240 541 3458 597 Cosma
3475 541 3539 598 in

1887 629 2344 701 praesentiarum
2374 630 2570 686 dicere
2600 629 2827 695 omitto,
2860 628 3142 686 differens
3172 645 3313 685 eum
3354 633 3413 685 et
3474 629 3537 686 in

1887 717 2050 775 aliud
2073 722 2310 791 tempus
2337 719 2630 790 rejiciens.
2667 718 2777 784 Qui
2802 720 2963 775 enim
2987 717 3062 773 de
3116 733 3237 774 uno
3285 733 3396 790 pro
3450 717 3538 773 di-

1887 808 2112 878 gnitate
2136 807 2333 864 dicere
2353 823 2478 864 non
2503 808 2694 875 valeo,
2717 807 3061 880 qualisnam
3081 806 3448 877 exsisterem,
3473 807 3536 862 in

1886 896 2130 954 alterius
2145 897 2484 954 actionibus
2505 898 2584 955 ad
2603 897 2892 970 placitum
2922 897 3281 953 immoratus
3299 897 3327 953 ‘2
3396 912 3536 952 cum

1885 986 2248 1059 caeteroquin
2263 986 2645 1058 proverbium
2667 986 2983 1055 audierim,
3012 986 3346 1042 Adversum
3382 984 3538 1042 duos

1884 1091 1961 1132 ne
1990 1076 2244 1133 exuitor.
2287 1079 2368 1132 Ea
2401 1076 2579 1147 igitur
2625 1092 2763 1148 quae
2814 1074 2894 1132 ad
2940 1078 3227 1132 Cosmam
3266 1077 3540 1147 spectant

1884 1169 2173 1236 praetereo
2197 1183 2210 1230 ;
2243 1179 2400 1235 aegro
2427 1164 2675 1237 quidem
2702 1164 2907 1220 animo
2935 1163 3131 1220 ferens
3160 1163 3328 1236 quod
3359 1163 3540 1219 simul

1886 1252 2188 1310 ambobus
2210 1269 2510 1325 nequeam
2542 1253 2868 1320 intendere,
2895 1259 2954 1309 et
2981 1267 3077 1309 res
3107 1253 3186 1308 ab
3227 1253 3311 1308 eis
3338 1257 3538 1322 gestas

1883 1347 2136 1415 utraque
2165 1344 2252 1413 (ut
2280 1343 2514 1414 dicitur)
2543 1359 2731 1400 manu
2762 1342 3098 1416 complecti,
3125 1357 3368 1414 unaque
3406 1356 3536 1397 ora—

1883 1433 2043 1489 tione
2071 1448 2348 1488 enarrare
2386 1431 2816 1504 praerogativas
2843 1431 3174 1503 utriusque,
3205 1435 3310 1488 aut
3335 1430 3536 1502 potius

1883 1520 2089 1577 divina
2117 1536 2303 1594 opera
2328 1525 2581 1594 actaque
2611 1521 2872 1590 egregia.
2907 1522 3056 1575 Cum
3095 1519 3298 1591 itaque
3337 1517 3416 1575 ad
3469 1517 3535 1574 id

168 1602 483 1672 agendum
510 1605 624 1661 sim
653 1605 974 1678 impotens,
1005 1611 1268 1664 revertor
1297 1608 1377 1665 ad
1403 1608 1719 1679 Joannem,
1763 1611 1968 1666 animo
2000 1609 2079 1666 ad
2115 1611 2510 1666 defectionem
2549 1625 2742 1682 usque
2769 1608 3076 1676 laborans,
3108 1613 3288 1680 atque
3307 1605 3534 1662 anheli-

169 1695 302 1748 tum
327 1708 486 1764 egre
516 1693 762 1762 ducens,
801 1699 858 1751 et
885 1698 1044 1752 totus
1069 1696 1288 1753 sudore
1311 1696 1614 1768 madidus,
1647 1697 1807 1754 velut
1843 1715 2054 1756 eorum
2083 1699 2298 1771 aliquis
2328 1699 2434 1771 qui
2459 1698 2706 1768 longam
2730 1697 2959 1754 emensi
2986 1698 3168 1764 viam,
3199 1696 3532 1766 longiorem

171 1787 312 1837 ante
332 1786 724 1855 conspectum
748 1783 994 1842 habent.

248 1869 322 1924 ιε’.
382 1870 519 1925 Ἀλλ’
566 1871 674 1925 ἐπεί
711 1877 882 1926 τοίνυν
943 1875 970 1926 ό
1020 1875 1255 1936 Ἰωὰννης
1306 1873 1455 1939 ἀξίου
1506 1883 1598 1928 τοῦ
1649 1896 1770 1930 παι·
1803 1877 1843 1931 Β

174 1954 388 2025 δευτοῦ,
420 1966 513 2012 τοῦ
562 1965 690 2013 Θεοῦ
747 1961 914 2023 καλῶς
955 1968 1406 2038 προνοησαμένου,
1464 1967 1771 2036 τετύχηκεν,

171 2043 343 2121 ὕδωρ,
406 2049 433 2100 ὃ
481 2069 630 2122 φασι,
691 2059 1045 2124 κοταπρανοῦς
1095 2061 1168 2124 τῷ
1223 2060 1314 2114 τῆς
1371 2059 1531 2126 φορᾶς
1587 2052 1778 2106 ἀκατα-

173 2142 356 2210 σχέτῳ
381 2133 686 2212 διεδείχθη,
719 2140 749 2200 ἣ
801 2147 903 2214 πῦρ
962 2140 1014 2194 ἐν
1077 2141 1285 2215 καλάμη
1331 2150 1404 2213 τῷ
1460 2151 1557 2194 τῶν
1603 2145 1776 2216 μαθη-

172 2225 354 2299 μάτων
385 2223 421 2278 δ
423 2235 659 2302 ραστικῷ
692 2248 747 2281 τε
775 2234 865 2282 καὶ
893 2229 1270 2303 περιληπτικῷ,
1323 2233 1353 2290 ἠ
1406 2235 1450 2284 εἷ
1499 2251 1550 2284 τι
1605 2231 1664 2283 ἂν
1696 2234 1772 2290 εἴη

171 2314 299 2368 ἄλλο
355 2324 456 2368 τῶν
515 2315 669 2380 ὀξέως
717 2317 1018 2390 ἁπτομένων
1101 2319 1132 2378 ἣ
1199 2319 1602 2393 προϐαινόντων,
1685 2325 1776 2373 καὶ

1403 2432 1416 2443 ·
1469 2410 1658 2482 μᾶλλον
1717 2406 1752 2462 δ
1755 2412 1776 2462 ε

170 2499 262 2546 καὶ
317 2496 384 2546 τὰ
430 2503 520 2556 τῆς
571 2501 856 2570 παροιμίας
910 2501 1160 2570 νενίκηκε,
1220 2504 1311 2551 καὶ
1363 2498 1776 2573 ὑπερϐαλλόντως

169 2587 236 2638 τὰ
293 2584 412 2637 καθ’
456 2585 743 2660 ύπερϐολὴν
805 2586 1055 2661 λεγόμενα
1135 2587 1506 2664 παρελήλυθεν,
1585 2589 1772 2642 ἅπανθ’

171 2676 303 2748 ὁμοῦ
333 2674 596 2750 παρελθὼν
626 2678 694 2728 τὰ
721 2679 1024 2748 ταχύτατα,
1073 2674 1434 2753 παραδραμὼν
1491 2684 1580 2732 καὶ
1644 2698 1775 2736 πτη-

169 2772 266 2815 νῶν
296 2763 467 2816 αὐτῶν
499 2768 593 2822 τὴν
621 2765 887 2833 ὠκύτητα,
930 2771 1020 2818 καὶ
1048 2775 1300 2841 χαμερπῆ
1348 2787 1466 2820 τινα
1506 2772 1596 2819 καὶ
1641 2763 1774 2819 δυσ-

174 2401 378 2478 σχεδόν
417 2407 900 2480 ύπερεκπιπτόντων
955 2413 1050 2466 τὴν
1096 2411 1347 2467 αἴσθησιν

169 2853 358 2911 κίνητα
413 2854 685 2926 φαίνεσθαι
740 2852 906 2926 ἀφείς,
970 2860 1392 2930 συγκρινόμενα·
1446 2854 1638 2908 ἀλλα’ὅ
1707 2852 1774 2914 δή

172 2962 263 3014 μοι
297 2944 492 2995 ἔπεισιν
514 2940 601 2995 ἐπί
622 2945 822 3004 τούτοις
865 2941 984 3018 ἐρῶ,
1014 2943 1143 3019 Ἐρῶ
1197 2953 1320 3017 γοῦν
1373 2945 1438 3006 ὡς
1503 2945 1632 3002 ὅσην
1678 2949 1772 3004 τὴν

173 3033 502 3103 ταχύτηταό
559 3037 678 3093 νοῦς
736 3032 950 3085 αύτόθεν
1003 3032 1182 3105 αύχεῖ,
1233 3033 1422 3106 μᾶλλον
1467 3031 1517 3086 δ’
1572 3036 1802 3097 ὁπόσηννμ

173 3124 268 3179 τὴν
316 3118 643 3179 ἀεικινησίαν
691 3121 933 3190 πλουτεῖ,
984 3125 1048 3184 ὡς
1092 3121 1179 3174 ἀπ’
1235 3122 1404 3197 ἁκρων
1462 3121 1647 3195 ἀθρόον
1701 3124 1773 3186 εἰς

165 3211 306 3285 ἄκρα
361 3207 699 3277 διικνεῖσθαι,
758 3215 850 3262 καὶ
899 3211 973 3273 εἰς
1028 3211 1181 3264 αύτόν
1231 3210 1286 3264 ἐκ
1347 3220 1446 3265 τῶν
1504 3210 1634 3286 τῇδε
1681 3218 1772 3266 καὶ
1804 3217 1844 3273 C

163 3302 394 3352 κάτωθεν
445 3298 747 3372 ἀνατρέχειν
796 3303 882 3351 τόν
925 3299 1164 3374 ούρανόν,
1219 3306 1308 3354 καὶ
1372 3302 1498 3374 ὑπὲρ
1578 3301 1769 3355 ἐκείνου

167 3385 214 3442 δ’
246 3388 411 3441 ἐνίοτε
437 3390 699 3461 γίνεσθαι,
738 3392 998 3447 τοσαύτην
1026 3391 1052 3441 ὁ
1078 3389 1400 3465 αὐτόχρημα
1427 3398 1544 3453 νοῦς
1596 3392 1768 3444 Ἰωάν-

162 3498 276 3544 νης,
317 3478 495 3552 ὥσπερ
526 3482 598 3551 μὴ
647 3476 1122 3552 έπιπροσθούμενος
1173 3484 1380 3552 σώματι
1423 3476 1563 3553 μηδὲ
1613 3485 1772 3556 σαρκί

161 3564 674 3642 παραποδιζόμενος,
744 3572 860 3640 περί
911 3570 1001 3629 τὰς
1056 3576 1127 3619 τῶ
1191 3571 1518 3642 μαθημάτων
1591 3568 1772 3629 ἀναλή-

163 3657 280 3728 ψεις
334 3653 620 3729 εύδρομίαν
668 3656 829 3729 ηῦχει
909 3663 1000 3709 καὶ
1072 3662 1362 3724 συντονίαν,
1445 3657 1773 3732 ἀπροσπταί-

170 3767 326 3814 στως,
361 3743 830 3820 ἁπαραποδίστως,
858 3744 1044 3820 ἀθρόον
1104 3748 1235 3819 ὁμοῦ
1285 3743 1436 3798 διιὼν
1491 3750 1770 3820 σύμπαντα

167 3842 256 3890 καὶ
305 3837 379 3898 εἰς
438 3835 604 3910 βάθος
670 3846 770 3889 τῶν
827 3839 1095 3910 νοημάτων
1175 3847 1434 3890 κατανοῶν
1500 3839 1718 3891 ἕκαστον
1753 3861 1765 3872 ·

170 3932 270 3980 Καὶ
295 3947 389 4001 μοι
422 3923 594 3980 δοκεῖν
622 3925 714 3978 οὐκ
756 3924 1041 3989 ἀπεικότως
1105 3927 1166 3977 οἷν
1215 3926 1258 3979 εἰ
1322 3934 1501 3980 τοῦτον
1556 3927 1768 3980 Πλάτων

169 4019 400 4085 τεθέατο,
459 4021 554 4076 τὴν
607 4018 841 4090 μάθησιν
907 4014 1198 4089 ἀνάμνησιν
1265 4013 1602 4088 ἐδογμάτισε,
1680 4023 1770 4070 καὶ

171 4107 300 4169 ἴσως
329 4107 393 4158 ἄν
437 4102 638 4178 ἐδέχθη
688 4110 778 4158 καὶ
829 4107 1174 4180 πιθανώτερος
1230 4101 1374 4170 ἔδοξε
1406 4127 1418 4138 ·
1468 4114 1671 4180 παρῆκε
1719 4103 1770 4159 δ’

169 4193 227 4247 ἀν
261 4194 349 4248 ἐπὶ
392 4197 562 4266 τούτῳ
620 4197 686 4246 τὰ
732 4194 901 4268 φαῦλα
973 4199 1064 4246 καὶ
1115 4197 1280 4270 μικρὰ
1340 4191 1769 4269 παραδείγματα,

167 4292 260 4338 τοῦ
291 4284 466 4338 ὒαίου
499 4281 710 4342 δηλαδὴ
767 4287 826 4337 τὸ
866 4282 1066 4357 ἂψοφόν
1122 4289 1306 4336 τεικαὶ
1362 4280 1636 4358 εὔδρομον,
1682 4291 1771 4338 καὶ

165 4373 273 4428 ἀλλ’
322 4376 460 4427 ἄττα
517 4377 726 4436 τούτοις
772 4377 1068 4449 παρόμοια,
1120 4370 1414 4449 παιδαρίων
1457 4377 1770 4448 μικροφυῖαν

163 4468 301 4518 πὰνυ
318 4471 619 4540 μικροφυῶς
649 4465 1057 4537 παριστὰνοντα.

163 4554 339 4611 cilem
377 4552 492 4610 olei
531 4551 772 4608 ﬂuentis
805 4568 1073 4619 cursum,
1107 4555 1165 4608 et
1195 4551 1428 4627 reliqua
1463 4551 1559 4608 his
1604 4552 1840 4624 similia,

162 4641 510 4716 primentia.

236 4819 329 4885 ις’.
357 4823 464 4878 Τήν
493 4838 549 4872 τε
595 4823 684 4872 καὶ
725 4821 828 4892 γὰρ
895 4817 1167 4891 ἐγκύκλιον
1221 4815 1504 4870 παίδευσιν
1557 4819 1768 4872 ἅπασαν
1796 4823 1840 4876 D

165 4910 410 4984 ἀχρόνως
463 4905 661 4981 σχεδόν
717 4906 1090 4982 ὴκριϐώσατο·
1156 4906 1204 4958 ἐν
1257 4906 1442 4982 ἀκαρεί
1497 4911 1597 4983 γὰρ
1677 4914 1768 4960 καὶ

165 5005 360 5074 μετρίῳ
422 5001 557 5052 πὰνυ
624 5007 696 5069 τῷ
762 5001 940 5071 χρόνῳ
996 5001 1127 5072 πρὸς
1179 4997 1518 5071 Ἐλληνισμόν
1568 5018 1622 5050 τε
1674 5003 1768 5057 τὴν

165 5091 396 5162 γλῶτταν
455 5088 755 5164 ἓρῥύθμισε,
806 5092 895 5140 καὶ
973 5092 1179 5161 συχνὴν
1258 5091 1493 5161 ἱστορίαν
1571 5084 1770 5141 ἐνθένδε

169 5179 497 5251 συνειληχως
535 5181 628 5240 τὰς
682 5181 867 5252 φρένας
915 5180 1218 5232 πεπύκνωτο
1249 5199 1262 5211 ο
1312 5179 1512 5250 μύθους
1570 5173 1628 5229 δὲ
1679 5183 1769 5230 καὶ

165 5268 348 5342 λόγους
424 5268 746 5341 πλασμάτων
839 5265 1226 5340 ἀναλεξάμενος,
1333 5267 1582 5340 φλυαρίας
1678 5271 1768 5340 μεν

159 5358 464 5418 Ἑλληνικῆς
508 5362 848 5430 κατεγνώκει,
905 5365 1182 5432 προσφυῶς
1230 5354 1280 5409 δ’
1329 5356 1554 5409 ἐντεῦθεν
1612 5355 1768 5414 ἀλλη-

154 5456 328 5523 γορεῖν
361 5450 666 5522 θαυμασίως
691 5447 822 5520 ἄγαν
852 5445 1158 5514 ἐξήσκηται,
1191 5448 1326 5499 ἔνθεν
1378 5443 1439 5498 δέ
1489 5449 1578 5498 καὶ
1638 5450 1767 5520 πρὸς

155 5534 442 5611 ὑποδοχὴν
495 5535 746 5610 εὐτρεπὴς
813 5537 1061 5608 μειζόνων
1143 5539 1438 5607 γεγένηται,
1515 5532 1765 5605 ὑψηλοτέ-

151 5648 279 5706 ρων,
310 5627 466 5700 λέγω,
487 5627 812 5700 μαθημὸιτων
868 5629 959 5679 καὶ
1008 5623 1371 5697 καταλὴψεων.
1431 5624 1614 5678 Τοίνυν
1669 5628 1761 5680 καὶ

1956 1882 2038 1932 15.
2072 1879 2398 1951 Postquam
2424 1892 2566 1948 ergo
2602 1881 2863 1934 Joannes
2903 1874 3158 1945 dignum
3192 1889 3256 1929 se
3306 1888 3534 1945 praece-

1881 1972 2137 2038 ptorem,
2164 1966 2282 2022 Deo
2301 1966 2363 2022 id
2393 1972 2771 2039 procurante,
2798 1968 3013 2022 nactus
3040 1967 3134 2019 est
3168 1980 3183 2032 ;
3224 1977 3420 2034 aquae,
3469 1964 3536 2017 ut

1881 2057 2116 2124 dicitur,
2147 2072 2254 2129 per
2281 2056 2508 2113 declive
2534 2056 2741 2112 ﬂuenti
2766 2054 3047 2128 apparuit
3074 2051 3281 2110 similis
3304 2053 3532 2108 irrevo-

1884 2145 2062 2203 cabili
2109 2147 2338 2219 impetu
2394 2151 2452 2203 et
2497 2146 2672 2202 celeri
2726 2142 3263 2216 comprehensione
3309 2139 3536 2212 dicipli-

1883 2251 2132 2304 narum;
2156 2239 2260 2292 aut
2288 2236 2440 2292 sicut
2467 2235 2624 2305 ignis
2651 2235 2713 2290 in
2744 2233 2984 2305 stipula,
3009 2237 3115 2288 aut
3145 2231 3198 2287 si
3245 2229 3396 2304 quid
3446 2233 3534 2285 est

1885 2324 2049 2382 aliud
2068 2341 2301 2394 eorum,
2331 2341 2466 2397 qum
2506 2323 2954 2396 progredientia
2982 2321 3267 2387 celeriter,
3291 2319 3370 2376 ad
3415 2333 3536 2374 me-

1883 2418 2007 2470 tam
2023 2430 2199 2470 suam
2213 2414 2556 2486 pertingunt
2566 2411 3329 2482 celerrime,oculorumque
3343 2407 3535 2464 aciem

1883 2504 2068 2561 ferme
2087 2509 2469 2577 praevertunt.
2498 2503 2607 2570 Qui
2645 2504 2824 2560 etiam
2859 2501 3165 2575 superavit
3190 2515 3263 2556 ea
3306 2515 3444 2571 quae
3472 2499 3536 2552 in

1884 2599 2228 2665 exemplum
2257 2592 2584 2648 velocitatis
2611 2590 2888 2664 populari
2914 2605 3190 2646 sermone
3232 2601 3537 2659 usurpan-

1883 2685 1997 2748 tur,
2030 2687 2086 2737 ct
2145 2697 2283 2753 qua:
2326 2681 2712 2754 hyperbolice
2754 2680 3140 2736 adducuntur
3189 2675 3530 2741 antecessit,

1882 2785 2094 2826 omnes
2117 2770 2363 2826 insimul
2391 2775 2547 2826 artes
2572 2769 2860 2826 citissime
2885 2784 3190 2835 emensus,
3236 2765 3533 2838 ipsasque

1882 2864 2244 2931 prtevertens
2272 2859 2571 2929 volucres,
2595 2863 2775 2931 atque
2789 2857 3154 2924 efﬁciens,ut
3167 2854 3402 2912 collata
3439 2867 3530 2907 se-

1883 2962 2042 3014 cum,
2069 2948 2355 3004 animalia
2373 2947 2660 3020 quaedam
2686 2946 3034 3017 tardigrada
3072 2949 3178 3002 aut
3213 2941 3383 2999 humi
3439 2955 3531 2996 re-

1880 3038 2085 3110 pentia
2103 3043 2352 3110 possent
2377 3037 2583 3094 videri.
2611 3036 2867 3093 Dixerim
2889 3051 3032 3106 ergo
3076 3032 3244 3106 quod
3298 3035 3531 3104 quanta

1881 3126 2176 3183 celeritate
2205 3126 2491 3196 gloriatur
2515 3126 2776 3200 spiritus,
2801 3129 3150 3198 quantaque
3171 3122 3355 3195 pollet
3402 3119 3530 3190 agi-

1878 3215 2058 3281 litate,
2089 3219 2153 3272 ut
2180 3215 2259 3272 ab
2288 3215 2567 3272 extremis
2598 3215 2676 3272 ad
2724 3220 2992 3272 extrema
3043 3213 3239 3270 subito
3303 3211 3534 3283 impetu

1878 3308 2165 3374 transeat,
2191 3310 2248 3361 et
2273 3304 2338 3361 in
2358 3303 2578 3360 cmlum
2598 3305 2798 3378 ipsum
2830 3303 2909 3360 ab
2934 3300 3315 3359 inferioribus
3366 3299 3533 3356 hisce

1879 3394 2152 3466 partibus
2187 3409 2521 3462 recurrens,
2553 3393 2854 3450 interdum
2896 3407 3078 3464 super
3114 3390 3263 3446 illud
3321 3387 3536 3445 consti-

1879 3487 2313 3554 tuatur;tanta
2339 3483 2522 3539 etiam
2547 3484 2831 3550 Joannes,
2874 3481 2980 3553 qui
3031 3483 3157 3536 erat
3202 3477 3381 3536 veluti
3425 3492 3532 3550 pu-

1877 3587 1981 3627 rus
2010 3570 2272 3642 spiritus,
2296 3587 2422 3626 non
2441 3570 2870 3627 obtenebratus
2894 3583 3143 3641 corpore
3172 3581 3369 3639 neque
3423 3565 3532 3622 im-

1877 3660 2113 3732 plicitus
2169 3659 2424 3716 vinculis
2468 3661 2688 3726 carnis,
2749 3658 2990 3729 gloriari
3049 3661 3283 3730 poterat
3323 3669 3533 3711 cursus

1878 3749 2150 3806 felicitate
2177 3749 2679 3822 contentioneque
2707 3748 2865 3804 circa
2919 3745 3258 3804 liberalium
3315 3743 3532 3800 artium

1877 3838 2280 3910 disciplinam,
2294 3852 2599 3912 nusquam
2622 3837 2850 3908 labens,
2874 3850 3184 3908 nusquam
3199 3832 3533 3902 oﬁ‘endens,

1882 3927 1991 3983 sed
2015 3928 2221 3984 omnia
2240 3927 2522 3983 continuo
2543 3927 2771 3999 impetu
2802 3925 3231 3999 pertransiens,
3258 3927 3316 3979 et
3343 3936 3535 3993 usque

1881 4018 1958 4074 ad
1988 4017 2361 4091 profundum
2388 4031 2893 4090 quarumcunque
2949 4014 3297 4072 notitiarum
3337 4016 3536 4066 mente

1880 4107 2234 4180 pervadens.
2275 4109 2401 4162 Non
2439 4106 2766 4176 incongrue
2787 4106 2986 4176 igitur,
3029 4103 3079 4160 si
3108 4102 3272 4158 hunc
3298 4099 3540 4156 vidisset

1883 4196 2071 4266 Plato,
2102 4195 2437 4252 doctrinam
2468 4211 2598 4250 esse
2618 4194 3122 4251 reminiscentiam
3151 4189 3536 4258 deﬁnivisset,

1882 4291 1938 4342 et
1966 4285 2215 4341 fortasse
2254 4284 2570 4340 meruisset
2623 4284 2888 4357 probari,
2951 4282 3144 4354 magis
3200 4277 3536 4336 verosimile

1881 4374 2030 4448 quid
2057 4373 2224 4446 loqui
2253 4373 2436 4435 visus,
2458 4389 2646 4446 quam
2695 4373 2740 4428 si
2790 4375 3203 4446 proposuisset
3252 4365 3538 4443 quaedam

1883 4462 2172 4534 ignobilia
2200 4478 2508 4535 parvaque
2534 4461 2834 4536 exempla,
2860 4466 3008 4535 puta
3033 4460 3306 4517 silentem
3336 4474 3406 4515 ac
3452 4457 3536 4514 fa-

1885 4550 2321 4609 infantulorum
2350 4558 2530 4608 tenue
2581 4551 2893 4623 ingenium
2941 4550 3116 4607 valde
3163 4548 3389 4606 exiliter
3435 4563 3539 4605 ex-

1953 4823 2038 4874 16.
2073 4818 2426 4875 Universum
2457 4834 2726 4892 namque
2773 4816 2984 4873 orbem
3021 4814 3368 4872 litterarium
3415 4813 3538 4872 fere

1881 4908 2007 4963 sine
2033 4907 2320 4979 temporis
2348 4909 2540 4980 spatio
2571 4907 2848 4974 absolvit,
2877 4910 2935 4962 et
2988 4904 3157 4978 qussi
3206 4908 3539 4960 momenta-

1878 5014 2012 5060 neo.
2037 5004 2192 5054 certe
2221 5014 2515 5070 perquam
2560 4999 2728 5053 brevi
2776 4997 3061 5068 temporis
3107 4993 3414 5066 impendio
3460 4993 3538 5049 ad

1879 5088 2062 5146 Graeci
2086 5089 2383 5145 sermonis
2402 5103 2580 5144 usum
2601 5087 3004 5143 conformavit
3028 5086 3330 5156 linguam;
3383 5083 3538 5139 mul-

1876 5182 2126 5250 tamque
2157 5177 2564 5248 cognitionem
2611 5176 2752 5231 hinc
2810 5176 3085 5248 adeptus,
3141 5190 3213 5230 ea
3272 5177 3538 5229 mentem

1876 5266 2188 5322 instruxit:
2217 5266 2384 5322 lectis
2403 5280 2548 5320 vero
2574 5263 2793 5320 fabulis
2808 5263 3254 5335 ﬁgmentisque,
3301 5263 3539 5318 Graacas

1877 5355 2124 5429 quidem
2138 5369 2336 5426 nugas
2355 5354 2687 5418 damnavit,
2722 5352 2782 5407 in
2805 5351 3126 5422 allegorica
3148 5358 3350 5408 tamen
3372 5351 3537 5407 locu-

1875 5445 2037 5502 tione
2065 5445 2346 5518 apparuit
2370 5443 2461 5499 vel
2514 5442 2729 5498 exinde
2768 5441 3120 5497 mirabiliter
3160 5442 3536 5508 exercitatus,

1873 5539 2054 5606 atque
2083 5534 2162 5590 ad
2187 5535 2636 5606 susceptionem
2668 5531 2969 5602 majorum
2995 5530 3267 5602 idoneus,
3326 5532 3406 5588 ad
3441 5548 3540 5587 su-

1866 5622 2218 5687 blimiorum
2243 5623 2380 5679 dico
2423 5610 2880 5705 disciplinarum
2928 5617 3536 5698 speculationumque
