4090 6384
226 294 338 387 sas
1427 294 1904 387 consumis:

224 384 555 496 παρεδέξατο
596 439 609 453 ο
651 417 759 472 ἀλλ’
814 418 1021 482 ἀληθῶς
1056 420 1146 472 καὶ
1186 384 1590 504 ἀναμφηρίστως
1639 420 1834 483 ἀθάνα-

224 530 319 564 τον
366 508 625 583 ἐπιγνοὺς,
685 506 920 563 ἀθάνατα
980 511 1108 582 πρὸς
1166 515 1259 562 τοῦ
1313 496 1834 583 δεδημιουργηκότος

228 599 257 659 ὃ
325 595 761 662 δοξασθήσεσθαι
808 599 838 658 ᾖ
895 597 1343 668 κολασθήσεσθαι,
1407 599 1547 660 ὅπως
1601 598 1707 673 ἄρα
1767 606 1830 672 τῇ

229 692 394 764 σαρκὶ
420 685 758 761 συμϐιώσειε,
809 691 900 740 καὶ
936 687 1211 760 κατείληφε
1239 691 1331 741 καὶ
1383 683 1649 759 δεδίδαχε
1683 706 1696 721 ο
1746 691 1836 740 καὶ

223 783 503 853 γινομένην
538 779 707 851 εὐθὺς,
758 779 831 833 ἐνί
883 798 939 833 τε
988 784 1079 832 καὶ
1109 778 1250 842 ἅπαξ
1302 777 1571 833 ἐπέπειστο
1621 775 1837 832 συνδεῖ-

226 871 357 923 σθαι
395 868 621 942 παχυλῷ
659 873 883 942 σώματι,
922 868 949 921 ὃ
987 873 1077 922 καὶ
1115 864 1262 929 αὖθις
1322 866 1659 941 ἀναλήψεται,
1701 867 1837 928 πλὴν

224 957 532 1033 λεπτότερον
570 962 660 1011 καὶ
705 960 977 1032 θειότερον.
1019 956 1160 1013 Ἀλλ’
1199 956 1423 1011 ἐντεῦθεν
1467 953 1577 1029 ὀδῷ
1618 962 1832 1032 προῖὼνν

223 1054 319 1102 καὶ
386 1055 495 1111 τοῖς
572 1047 909 1124 ὑψηλοτέροις
986 1047 1290 1124 προσϐαίνει
1361 1050 1690 1122 μαθήμασιν,
1767 1051 1838 1113 ὡς

229 1141 436 1215 θεωρεῖν
473 1136 661 1211 λόγους
712 1157 766 1192 τε
791 1143 883 1192 καὶ
912 1136 1209 1210 ἀναλογίας,
1265 1138 1511 1213 ἁρμονίας
1556 1157 1612 1192 τε
1660 1139 1835 1200 συζη-

225 1235 355 1297 τεῖν,
403 1231 495 1280 καὶ
531 1228 798 1304 ἀνερευνᾶν
856 1231 1118 1300 σχήματα
1162 1233 1252 1280 καὶ
1296 1232 1528 1289 κινήσεις
1580 1224 1833 1301 ἀστέρων,

227 1322 322 1370 καὶ
372 1311 629 1378 συνόδους
704 1315 976 1376 πλανήτων
1036 1315 1360 1390 ἐξακριϐοῦν,
1417 1319 1834 1390 σχηματισμοὺς

228 1404 333 1479 (ἐφ’
374 1406 454 1468 οἷς
483 1401 552 1466 δή
580 1410 669 1459 καὶ
702 1408 774 1467 ὡς
800 1403 1009 1468 ἀληθῶς
1036 1425 1115 1469 τις
1160 1404 1398 1478 ἀπόγειος
1450 1410 1541 1458 καὶ
1587 1407 1835 1479 ἄντικρυς

228 1494 464 1572 οὐράνιος
524 1497 795 1572 ἄνθρωπος
878 1493 1247 1568 ἀναπέφανται)
1324 1491 1612 1557 Εὐκλείδας
1673 1496 1832 1569 ὑπερ-

225 1589 524 1655 ακοντέσας,
585 1583 936 1658 Πτολεμαίους
995 1580 1312 1661 ὑπερϐαλὼν,
1389 1588 1507 1645 τούς
1556 1586 1658 1658 πρό
1714 1587 1833 1637 τού-

224 1694 327 1728 των
358 1671 663 1736 Χαλδαίους
694 1668 891 1736 παῖδας
928 1675 1102 1748 ὥσπερ
1134 1678 1404 1747 ἀποφήνας
1439 1676 1530 1726 καὶ
1577 1677 1672 1733 τήν
1717 1671 1830 1727 im"-

225 1768 437 1837 στήμην
467 1763 736 1837 ἡμιτελεῖς.

1888 1818 1894 1825 .
1909 1809 1921 1817 τ

1937 294 2400 383 Aonorours:
3496 304 3602 391 sat

1943 418 2151 478 anima
2171 419 2507 478 doctrinam
2533 422 2898 496 suscipiens:
2933 428 3041 487 sed
3088 444 3225 488 vere
3287 434 3466 505 atque
3512 435 3601 490 in-

1944 508 2288 566 dubitanter
2309 509 2647 581 intelligens
2683 512 2882 586 ipsam
2921 532 3055 574 esse
3090 518 3516 587 immortalem,
3564 538 3602 582 a

1945 597 2252 656 conditore
2279 601 2398 656 Deo
2423 598 2603 657 etiam
2629 599 2693 657 in
2718 608 3010 663 aeternum
3056 613 3161 666 aut
3201 610 3602 682 gloriﬁcatum

1945 692 2048 744 aut
2072 687 2352 759 punitum
2376 687 2468 758 iri,
2484 688 2659 760 juxta
2681 691 2868 749 vitam
2888 694 2951 752 in
2972 711 3220 770 corpore
3266 704 3486 771 actam,
3544 703 3603 757 et

1946 776 2223 847 cognovit
2249 782 2307 834 et
2331 776 2571 849 docuit;
2605 795 3090 858 persuasumque
3125 786 3352 855 habuit,
3400 788 3601 846 statim

1946 870 2127 939 atque
2154 869 2355 923 creata
2380 866 2551 938 foret,
2565 869 2750 927 semel
2760 886 2893 928 eam
2916 873 3183 945 colligari
3195 875 3601 934 unimateriali

1945 953 2181 1028 corpori
2210 954 2375 1027 quod
2425 972 2636 1014 rursus
2688 965 2847 1016 esset
2893 969 3282 1036 assumptura
3326 965 3602 1022 subtilius

1944 1043 2346 1118 diviniusque.
2380 1046 2527 1102 Hinc
2558 1063 2696 1105 vero
2734 1052 3125 1123 progrediens
3162 1054 3242 1111 ad
3298 1054 3604 1112 sublimio-

1944 1149 2039 1191 res
2068 1134 2435 1207 disciplinas,
2463 1138 2718 1195 accessit
2755 1139 2833 1196 ad
2872 1142 3276 1214 speculandas
3302 1150 3603 1201 astrorum

1943 1222 2205 1281 rationes
2230 1224 2794 1301 proportionesque,
2831 1244 3165 1305 eorumque
3191 1233 3344 1291 inter
3366 1250 3430 1289 se
3459 1249 3603 1290 con-

1944 1313 2218 1385 gruentia
2240 1315 2684 1387 conquirendas
2733 1322 2791 1375 et
2837 1319 3286 1394 investigandas
3328 1323 3598 1394 ﬁguras:

1943 1408 2186 1477 propter
2217 1418 2481 1476 quorum
2504 1405 2779 1464 notitiam
2808 1409 3103 1481 terrigena
3132 1412 3434 1485 quispiam
3463 1428 3604 1485 pos-

1943 1491 2017 1549 sit
2034 1491 2196 1549 velut
2215 1507 2287 1549 ex
2315 1493 2615 1565 opposito,
2641 1494 2757 1553 dici
2783 1495 2968 1555 homo
3012 1500 3288 1557 cmlestis.
3318 1504 3602 1575 Propera-

1938 1581 2022 1638 vit
2040 1581 2218 1639 etiam
2234 1581 2312 1638 ad
2322 1581 2702 1654 planetarum
2714 1601 3066 1658 progressus
3085 1589 3600 1665 ﬁgurationesque

1939 1685 2149 1728 eorum
2179 1674 2237 1726 et
2263 1670 2821 1742 transﬁgurationes
2838 1675 3037 1733 varias
3056 1677 3457 1749 indagandas,
3486 1683 3597 1736 Eu-

1940 1757 2130 1815 clidas
2140 1758 2203 1814 in
2215 1757 2331 1815 hoc
2348 1774 2564 1830 genere
2576 1761 2956 1831 antecellens,
2974 1764 3321 1824 Ptolemaeos
3347 1782 3600 1840 exsupe-

221 1868 392 1922 rans,
422 1856 480 1910 et
495 1852 602 1926 qui
620 1851 735 1909 illis
772 1851 1137 1927 antiquiores
1166 1851 1331 1910 fuere
1362 1852 1692 1924 Chaldaeos,
1725 1840 1903 1926 quasi
1930 1862 2151 1921 pueros
2178 1846 2623 1921 semiperfectos
2659 1849 2908 1908 scientia
2932 1851 3121 1909 fuisse
3149 1853 3599 1913 demonstrans.

253 2006 259 2011 .
299 1959 396 2019 ιη’.
440 1959 575 2014 Ἀλλ’
607 1961 633 2014 ὃ
660 1961 854 2038 μικροῦ
908 1980 964 2014 τε
1009 1957 1334 2036 παρέδραμε.
1401 1967 1523 2023 Τοῖς
1571 1962 1672 2034 γάρ
1721 1960 1836 2018 ἡθι-
1873 1958 1914 2013 Β

221 2057 335 2113 κοῖς
358 2049 590 2122 ἐντυχὼν
616 2059 716 2104 τῶν
755 2049 1076 2125 παλαιτέρων
1127 2052 1512 2124 συντάγμασιν,
1555 2050 1659 2101 ὅσα
1695 2049 1723 2100 ὁ
1778 2046 1835 2100 ἐκ

223 2144 531 2216 Σταγείροις,
574 2142 746 2194 ὁπόσα
781 2141 809 2193 ὁ
838 2138 894 2193 ἐκ
932 2144 1253 2215 Χαιρωνείας
1286 2140 1389 2211 (7),
1420 2143 1511 2192 καὶ
1561 2157 1622 2211 γε
1672 2139 1700 2192 ό
1755 2156 1837 2191 σε·

223 2233 449 2304 μνότητι
491 2229 616 2302 παρ’
676 2228 893 2288 Ἕλλησι
951 2225 1239 2288 διαϐόητος
1298 2227 1510 2281 Πλάτων
1574 2228 1832 2291 συνέθετο,

224 2319 325 2372 οὐκ
390 2317 784 2394 ἀπερισκέπτως
853 2326 961 2380 τοῖς
1014 2314 1316 2392 δεδομένοις
1386 2317 1567 2370 ἑαυτὸν
1634 2314 1833 2392 ἐμπαρ-

225 2413 421 2481 έσχετο
473 2429 487 2444 ·
530 2407 639 2462 ἀλλ’
693 2408 747 2472 ἐξ
773 2410 886 2483 ἅμα
927 2410 1149 2480 πάντων,
1210 2408 1246 2460 ἆ
1300 2410 1391 2480 μιν
1448 2406 1665 2482 ἐνέκρινε
1719 2413 1837 2467 ταῖς

222 2507 322 2562 τῆς
358 2494 583 2574 καρδίας
633 2498 817 2562 πλαξὶν
871 2497 1203 2573 ἐνεχάραξεν,
1251 2496 1287 2549 ἄ
1339 2493 1390 2548 δ’
1430 2494 1701 2556 ἐλληνικῆς
1748 2490 1835 2547 δι-

224 2593 420 2664 έκρινεν
472 2587 757 2662 ἕμπαθεέας
808 2591 837 2649 ἦ
901 2589 1273 2663 προσπαθείας,
1334 2585 1563 2661 ἀρίστως
1620 2584 1837 2659 ἀποκρί-

224 2699 338 2747 νας,
371 2676 609 2751 ἐκθύμως
646 2676 974 2752 ἀπέστερξεν.
1031 2676 1234 2750 Ἀμέλει
1274 2695 1358 2729 τοι
1411 2679 1503 2728 καὶ
1544 2679 1640 2735 τὴν
1694 2674 1834 2728 Πλά-

224 2787 389 2829 τωνος
416 2772 779 2841 κοινογαμίαν,
807 2767 852 2820 εἰ
909 2763 969 2820 δέ
1027 2766 1223 2841 βούλει,
1281 2769 1377 2824 τήν
1431 2767 1704 2841 Κράτητος
1753 2767 1833 2835 (8)

227 2861 298 2920 ὡς
336 2853 547 2916 κυνώδη
579 2855 767 2931 βιοτὴν
806 2855 1231 2929 ἐπιλογισάμενος
1280 2852 1384 2907 κάκ
1436 2853 1620 2926 ψυχῆς
1676 2853 1836 2914 αὐτῆς

231 2945 486 3015 εἰποῦσιν,
544 2945 594 3010 ἐς
649 2949 978 3022 Κυνόσαργες
1033 2944 1134 3017 (9),
1182 2948 1242 2997 τό
1286 2963 1341 2997 τε
1392 2941 1593 2996 ἐκείνων
1653 2942 1833 3007 εἰπεῖν,

234 3033 572 3107 ἀπεπέμψατο
603 3056 617 3070 ο
649 3040 735 3088 τόν
764 3054 819 3089 τε
849 3033 1184 3109 Ἀριστοτέλη
1229 3040 1321 3086 τοῦ
1375 3033 1546 3106 γάμου
1608 3035 1679 3105 μή
1733 3050 1835 3084 κα·

228 3129 406 3191 κίσας,
463 3123 571 3178 ἀλλ’
641 3126 1057 3201 ὑπερφρονήσας,
1125 3124 1382 3197 ὑπέρτερά
1460 3141 1514 3175 τε
1571 3125 1835 3197 φρονήσας

226 3219 320 3267 καὶ
346 3212 657 3289 ιὲνθεώτερα,
687 3218 773 3267 τόν
829 3212 1050 3267 ἄσπιλον
1104 3215 1329 3287 αἱρεῖται
1380 3209 1499 3284 βίον
1546 3214 1634 3263 καὶ
1668 3213 1835 3285 κρείτ-

225 3323 374 3362 τονα.
427 3299 640 3362 Ἐπειδή
670 3306 774 3380 γὰρ
824 3308 915 3356 καὶ
947 3307 1122 3376 γέγονε
1163 3306 1446 3376 κρείττονος
1480 3307 1576 3362 τῆς
1631 3298 1836 3360 ἡλικίας

226 3398 320 3446 καὶ
361 3394 490 3466 πρὸς
525 3393 731 3465 γάμους
779 3396 909 3468 πρός
962 3410 1018 3446 τε
1088 3399 1189 3444 τῶν
1239 3394 1617 3463 γεγεννηκότων
1667 3388 1835 3442 αὐτῶν

227 3481 486 3549 ἐϐιάζετο,
522 3486 613 3535 καὶ
654 3486 787 3556 πρός
836 3481 881 3534 τ’
921 3480 1086 3535 ἄλλων
1145 3489 1358 3553 συχνῶν
1412 3479 1463 3533 έν
1508 3478 1641 3532 τέλει
1696 3474 1837 3537 δῆτα

227 3577 320 3625 καὶ
360 3569 595 3645 μεγάλων
640 3570 918 3644 ἐφείλκετο,
985 3572 1219 3646 καθάπερ
1293 3588 1370 3631 τις
1419 3567 1630 3629 ἀπαθὴς
1682 3569 1836 3640 φύσις

229 3666 321 3715 καὶ
351 3663 525 3714 πάντα
566 3663 696 3737 πρὸς
750 3662 819 3714 τά
859 3655 992 3734 τῇδε
1040 3658 1388 3735 ἀπόστροφος,
1447 3656 1662 3719 ἀκλινὴς
1705 3657 1837 3728 ἄγαν

232 3747 294 3810 ἧν
324 3754 418 3803 καὶ
460 3745 751 3818 ἀνένδοτος,
799 3748 978 3803 ἄλλοθί
1023 3767 1125 3802 που
1159 3751 1247 3801 τὸν
1296 3750 1492 3801 σκοπόν
1553 3748 1692 3818 ἔχων
1747 3749 1839 3797 καὶ

231 3839 470 3913 ἀλλαχοῦ
508 3840 803 3912 μεταθεῖναι
847 3835 1208 3913 διανοούμενος
1243 3841 1301 3891 τὸ
1357 3837 1642 3909 πολίτευμα
1678 3856 1691 3869 ο
1733 3836 1834 3893 ὅπη

230 3949 292 4004 γε
322 3934 416 3983 καὶ
444 3928 645 3990 Παῦλος
696 3930 722 3983 ὁ
761 3933 924 4003 μέγας
971 3924 1086 4000 εἶχε
1127 3931 1222 3987 τὴν
1266 3928 1538 4000 πρόθεσιν,
1595 3925 1839 3987 Ἰωάννης

231 4039 288 4073 τε
323 4019 697 4088 καὶΊωάννης,
738 4019 766 4071 ὃ
798 4037 854 4072 τε
908 4023 1198 4092 σκιρτήσας
1255 4019 1357 4090 πρὸ
1423 4024 1515 4076 τῆς
1558 4017 1842 4087 γεννήσεως

232 4111 325 4162 καὶ
361 4111 453 4162 τὸν
507 4112 771 4166 Δεσπότην
817 4111 1194 4182 προσκυνήσας
1235 4110 1308 4180 μὴ
1329 4104 1692 4177 -θεασάμενος,
1754 4105 1843 4155 καὶ

1868 3346 1909 3402 C

233 4198 260 4250 ό
315 4196 402 4250 ἐπὶ
444 4205 519 4269 τῷ
570 4205 662 4250 τοῦ
719 4201 914 4273 Κυρίου
965 4198 1148 4256 στήθει
1186 4193 1456 4249 ἀναπεσὼν
1508 4191 1742 4246 κάκεῖθεν
1776 4193 1842 4244 τὰ

232 4294 330 4348 τῆς
358 4284 630 4360 θέολογίας
657 4284 982 4362 ἀρυσάμενος
1008 4287 1236 4359 νάματα.

2023 1958 2105 2012 l8.
2133 1956 2350 2011 Verum
2389 1954 2538 2013 illud
2567 1971 2785 2028 parum
2816 1957 3012 2016 abfuit
3051 1960 3200 2033 quin
3229 1978 3326 2019 me
3363 1966 3600 2035 prmter-

1941 2045 2072 2103 iret.
2096 2046 2245 2101 Cum
2273 2043 2336 2100 in
2359 2049 2628 2103 veterum
2661 2049 3126 2107 commentarios
3145 2050 3221 2108 de
3241 2052 3457 2109 morali
3471 2052 3603 2125 phi-

1941 2132 2224 2207 losophia
2250 2133 2573 2202 incidisset,
2604 2151 2760 2207 quos
2796 2137 3073 2208 Stagirita
3099 2146 3157 2197 et
3188 2140 3602 2199 Chaeronensis

1942 2239 2014 2282 ac
2045 2223 2334 2295 gravitate
2357 2240 2600 2282 morum
2629 2226 2794 2299 apud
2823 2230 3058 2286 Graecos
3082 2231 3601 2289 commendatissi-

1943 2328 2081 2371 mus
2110 2313 2275 2371 Plato
2303 2315 2677 2388 composuit;
2713 2331 2840 2373 non
2869 2318 3261 2392 semetipsum
3317 2322 3602 2379 omnibus

1941 2402 2437 2476 incircumspecte
2466 2404 2726 2477 tradidit,
2759 2421 2898 2479 quas
2935 2408 3015 2466 ab
3042 2407 3115 2465 iis
3146 2410 3452 2468 memoriae
3478 2410 3602 2469 fue-

1941 2494 2083 2549 runt
2140 2490 2376 2559 tradita,
2438 2492 2545 2548 sed
2607 2492 2761 2551 inter
2824 2510 2899 2552 ea
2951 2497 3176 2570 optime
3231 2497 3600 2569 discernens,

1942 2597 2080 2655 quae
2132 2579 2301 2637 bona
2356 2581 2671 2654 judicabat
2728 2584 3116 2657 imprimebat
3165 2588 3363 2644 cordis
3425 2588 3601 2647 tabu-

1940 2670 2038 2740 lis,
2069 2684 2204 2743 quae
2231 2685 2376 2727 vero
2414 2672 2495 2727 ad
2527 2671 2835 2730 licentiam
2898 2674 3145 2733 videndi
3207 2677 3489 2748 gentilem
3545 2683 3605 2737 et

1942 2759 2342 2832 cupiditatum
2379 2759 2692 2817 illecebras
2733 2762 2968 2834 putavit
3017 2763 3313 2836 pertinere
3350 2767 3601 2824 omnino

1942 2849 2188 2923 respuit.
2222 2848 2314 2907 Sic
2368 2851 2862 2908 communionem
2918 2868 3198 2925 uxorum,
3263 2871 3302 2913 a
3356 2856 3602 2914 Platone

1943 2938 2355 3009 adinventam,
2395 2943 2453 2997 et
2489 2955 2526 2997 a
2585 2942 2818 2998 Cratere
2870 2941 3207 3000 institutam
3257 2944 3601 3003 communis

1942 3030 2073 3087 vitae
2096 3029 2463 3101 societatem,
2481 3030 2766 3088 caninam
2786 3036 3073 3105 reputans
3093 3037 3275 3107 atque
3293 3051 3368 3092 ex
3395 3035 3602 3093 animo

1904 3168 1931 3213 ut
1944 3117 2246 3178 detestans
2275 3123 2600 3177 sectatores
2651 3119 2922 3193 ipsorum
2966 3121 3028 3177 in
3085 3123 3314 3181 malam
3361 3140 3602 3182 crucem

1945 3207 2318 3266 amandabat
2341 3229 2355 3264 :
2381 3208 2710 3266 Aristotelis
2748 3224 2893 3267 vero
2929 3210 3005 3267 de
3051 3212 3333 3284 conjugio
3375 3213 3603 3287 Opinio-

1942 3312 2085 3356 nem
2115 3312 2239 3354 non
2258 3296 2632 3370 improbans,
2667 3297 2774 3355 sed
2799 3298 3092 3367 excelsius
3116 3315 3188 3356 ea
3216 3299 3445 3373 aliquid
3510 3317 3602 3358 sa-

1941 3386 2133 3460 piens,
2159 3385 2636 3461 sublimioraque
2664 3393 2723 3444 et
2749 3387 3051 3446 diviniora
3068 3389 3365 3462 cogitans,
3398 3391 3604 3449 incon-

1941 3475 2289 3534 taminatam
2299 3474 2598 3550 longeque
2610 3477 3088 3549 prestantiorem
3101 3479 3237 3550 conj
3247 3479 3407 3550 ugali
3420 3479 3605 3537 vitam

1941 3564 2265 3638 praeelegit.
2338 3566 2406 3620 Ut
2469 3565 2632 3623 enim
2696 3566 3084 3639 provectioris
3139 3568 3329 3625 evasit
3393 3569 3604 3642 atatis,

1944 3654 2416 3728 compellebatur
2442 3655 2690 3728 quidem
2719 3672 2757 3712 a
2776 3654 3145 3727 genitoribus
3171 3657 3318 3730 ipsis
3368 3658 3448 3715 ad
3494 3673 3604 3716 nu-

1941 3744 2119 3816 ptias,
2144 3747 2325 3818 atque
2354 3743 2435 3801 ab
2476 3744 2628 3814 aliis,
2660 3750 2718 3803 et
2744 3745 2839 3802 his
2875 3746 3125 3819 quidem
3178 3746 3384 3804 multis
3448 3749 3605 3821 posi-

1943 3833 2139 3905 tisque
2157 3833 2219 3889 in
2274 3833 2582 3905 dignitate,
2643 3835 2858 3892 eodem
2912 3834 3373 3908 pertrabebatur
3422 3852 3435 3892 :
3496 3836 3605 3894 sed

1942 3921 2126 3979 veluti
2146 3921 2539 3996 impassibilis
2575 3924 2862 3996 quaedam
2889 3928 3128 3993 natura,
3160 3940 3197 3983 a
3222 3924 3470 3982 terrenis
3509 3941 3603 3982 re-

1942 4010 2060 4068 bus
2088 4011 2337 4069 omnino
2387 4026 2658 4079 aversus,
2710 4013 2792 4070 ad
2843 4028 2948 4071 eas
2998 4012 3222 4071 inﬂecti
3287 4013 3608 4072 recusabat

1944 4098 2267 4168 obstinate,
2335 4104 2540 4173 utpote
2599 4101 2745 4158 alibi
2809 4117 2992 4158 suum
3047 4101 3281 4160 habens
3325 4117 3603 4174 scopum,

1944 4205 2138 4262 eoque
2167 4189 2437 4247 studium
2462 4206 2640 4248 suum
2661 4191 2981 4249 transferre
3003 4192 3296 4263 cogitans,
3326 4208 3450 4265 quo
3469 4209 3606 4250 ma-

1946 4293 2102 4350 gnus
2127 4279 2346 4337 Paulus
2372 4296 2549 4338 suum
2569 4280 2824 4339 intendit
2868 4282 3269 4356 propositum,
3327 4298 3606 4355 unusque

234 4380 294 4433 et
314 4346 478 4434 alter
514 4346 799 4446 :Ioam'ies,
833 4346 905 4433 .is
945 4346 1168 4434 scilicet
1193 4373 1301 4448 qui
1349 4346 1413 4431 in
1460 4376 1629 4430 utero
1665 4368 1875 4428 matris
1920 4346 2060 4430 ante
2105 4368 2478 4428 nativitatem
2508 4369 2777 4443 exsilivit,
2826 4346 2891 4427 et
2929 4346 3112 4444 quem
3150 4346 3412 4429 necdum
3444 4346 3607 4428 vide-

232 4470 329 4525 rat
353 4467 680 4525 Dominum
709 4464 1021 4538 adoravit;
1065 4468 1123 4523 et
1149 4463 1247 4522 ille
1272 4463 1378 4537 qui
1419 4477 1607 4536 supra
1642 4459 1913 4534 ejusdem

234 4555 483 4616 fontem.

1946 4458 2180 4518 Domini
2219 4463 2430 4532 pectus
2461 4459 2753 4529 recubuit,
2792 4460 3078 4520 hauriens
3112 4460 3256 4519 inde
3293 4460 3608 4533 theologia;

1874 4636 1921 4693 D
1988 4694 1999 4699 -

311 4734 396 4793 ιϐ’.
424 4739 526 4790 Καὶ
552 4732 622 4795 δή
653 4733 831 4789 λοιπὸν
856 4735 1018 4795 οὕτως
1057 4733 1239 4787 ἑαυτὸν
1281 4730 1585 4807 έρῥύθμισε,
1632 4731 1728 4793 τάς
1785 4746 1843 4783 τε

235 4831 336 4889 τῆς
380 4824 570 4899 ψυχῆς
638 4821 884 4899 δυνάμεις
938 4822 1222 4897 ἇκὸσμησε,
1275 4826 1366 4875 καὶ
1420 4830 1494 4894 τῷ
1540 4827 1612 4892 νῷ
1676 4818 1842 4880 καλῶς

235 4915 612 4987 καθυπέταξεν,
671 4918 740 4979 ὡς
795 4917 934 4969 θείαν
986 4915 1140 4975 ὅντως
1190 4913 1440 4989 ἁρμονίαν
1502 4909 1842 4985 έμφαίνεσθαι

235 5009 430 5079 τούτῳ,
487 5011 579 5060 καὶ
639 5005 919 5079 ἀγγελικὴν
984 5007 1055 5068 ὡς
1138 5002 1339 5064 ἀληθῶς
1412 5004 1836 5075 σεμνοπρέπειαν.

234 5097 391 5152 Ὅθεν
438 5093 508 5157 δὴ
578 5101 668 5150 καὶ
727 5096 788 5149 οὗ
845 5099 998 5169 μόνον
1051 5102 1162 5159 τοῖς
1206 5098 1541 5167 γεννήτορσιν
1594 5090 1842 5166 έράσμιος

237 5188 370 5261 ὁμοῦ
397 5190 489 5242 καὶ
517 5190 690 5260 τίμιος
716 5182 797 5260 ἦν,
830 5182 962 5239 ἀλλά
1002 5188 1091 5238 καὶ
1140 5190 1302 5237 πᾶσιν
1354 5181 1545 5252 ἄλλοις,
1616 5184 1707 5234 καὶ
1752 5179 1842 5234 αῦ-

311 5423 393 5498 (7)
415 5420 798 5482 Plutarchum
828 5418 1110 5494 intellige,
1138 5417 1498 5479 Chaeroneiaa
1527 5415 1590 5475 in
1620 5415 1844 5477 Boeotia

237 5500 608 5652 “(gavisus
623 5566 975 5652 Thebanus,
988 5564 1265 5652 Diogenis
1276 5651 1279 5652 ν
1291 5563 1498 5652 (ἶῙΨθί
1508 5560 1844 5640 ἀίδθίρυιω

239 5637 348 5721 qui
373 5637 525 5701 nihil
551 5640 858 5718 pessidere
882 5637 1216 5714 sapientem
1241 5637 1449 5699 voluit.

2026 4733 2111 4788 l9.
2132 4730 2424 4806 Deinceps
2455 4735 2659 4791 autem
2686 4732 2880 4791 taliter
2905 4733 3289 4792 concinnavit
3341 4732 3608 4806 seipsum

1952 4820 2262 4892 animique
2283 4812 2583 4895 potentias
2612 4822 2698 4880 ita
2718 4822 3036 4881 adornavit
3058 4837 3131 4881 ac
3165 4823 3385 4881 mentis
3414 4823 3607 4896 impe-

1948 4909 2039 4967 rio
2064 4909 2495 4980 subordinavit,
2522 4916 2590 4970 ut
2607 4912 2670 4969 in
2697 4928 2770 4970 eo
2793 4913 2992 4985 reipsa
3015 4917 3376 4986 apparerent
3402 4912 3610 4970 divina

1950 4999 2234 5073 quaedam
2287 5001 2609 5060 harmonia
2670 5006 2728 5060 et
2768 5003 2951 5060 decor
3012 5018 3253 5060 morum
3297 5002 3607 5073 angelicus

1950 5089 2334 5165 gravitasque
2357 5108 2370 5147 ε
2394 5096 2765 5167 quapropter
2781 5108 2907 5151 non
2950 5091 3147 5150 solum
3165 5096 3292 5150 erat
3310 5092 3531 5148 charus
3546 5094 3611 5149 at

1950 5195 2069 5254 que
2094 5179 2370 5240 amabilis
2406 5180 2798 5254 genitoribus,
2830 5181 2939 5240 sed
2968 5186 3026 5240 et
3061 5182 3192 5242 aliis
3212 5181 3500 5241 omnibus
3520 5181 3611 5255 ip-

2020 5415 2220 5490 (9)Ad
2247 5428 2453 5477 canem
2491 5413 2718 5488 album,
2742 5414 3058 5490 iverbatim
3099 5415 3437 5479 diceretur:
3484 5422 3612 5480 erat

1953 5489 2155 5548 autem
2182 5489 2786 5567 quaapyacﬁthenis
2818 5489 3047 5548 dictum
3084 5492 3499 5567 gymnasium,
3545 5493 3608 5550 in

1951 5576 2076 5646 quo
2108 5561 2324 5646 procul
2349 5561 2627 5646 agpudice
2663 5562 2823 5623 natis
2884 5561 3147 5639 remoti;
3176 5561 3610 5627 exercebantur

1953 5579 2076 5635 quo
2108 5579 2324 5646 prociu
2349 5579 2450 5696 a

1953 5634 2123 5697 nothi
2144 5650 2215 5719 ac
2236 5644 2381 5710 spur
2427 5668 2442 5693 .
