  <div class='ocr_page' id='page_1' title='image "/cluster/home/n/w/nwhite01/storage/ocr_20150623/140/coo.31924054870450/427.png"; bbox 0 0 2045 3193; ppageno 0'>
   <div class='ocr_carea' id='block_1_1' title="bbox 254 160 307 193">
    <p class='ocr_par' dir='ltr' id='par_1_1' title="bbox 254 160 307 193">
     <span class='ocr_line' id='line_1_1' title="bbox 254 160 307 193; baseline -0.019 0"><span class='ocrx_word' id='word_1_1' title='bbox 254 160 307 193; x_wconf 66' lang='lat'>838</span> 
     </span>
    </p>
   </div>
   <div class='ocr_carea' id='block_1_2' title="bbox 851 149 1343 190">
    <p class='ocr_par' dir='ltr' id='par_1_2' title="bbox 851 149 1343 190">
     <span class='ocr_line' id='line_1_2' title="bbox 851 149 1343 190; baseline 0.006 -2"><span class='ocrx_word' id='word_1_2' title='bbox 851 149 1081 188; x_wconf 78' lang='lat' dir='ltr'>CONer</span> <span class='ocrx_word' id='word_1_3' title='bbox 1099 151 1343 190; x_wconf 57' lang='lat' dir='ltr'>Acnoromin.</span> 
     </span>
    </p>
   </div>
   <div class='ocr_carea' id='block_1_3' title="bbox 1882 168 1936 198">
    <p class='ocr_par' dir='ltr' id='par_1_3' title="bbox 1882 168 1936 198">
     <span class='ocr_line' id='line_1_3' title="bbox 1882 168 1936 198; baseline 0 0"><span class='ocrx_word' id='word_1_4' title='bbox 1882 168 1936 198; x_wconf 76' lang='lat'>836</span> 
     </span>
    </p>
   </div>
   <div class='ocr_carea' id='block_1_4' title="bbox 254 219 1067 265">
    <p class='ocr_par' dir='ltr' id='par_1_4' title="bbox 254 220 1067 262">
     <span class='ocr_line' id='line_1_4' title="bbox 254 220 1067 262; baseline -0.006 -8"><span class='ocrx_word' id='word_1_5' title='bbox 254 226 356 262; x_wconf 82' lang='lat' dir='ltr'>sisque</span> <span class='ocrx_word' id='word_1_6' title='bbox 392 220 580 252; x_wconf 84' lang='lat' dir='ltr'>heterodoxis</span> <span class='ocrx_word' id='word_1_7' title='bbox 608 220 738 250; x_wconf 88' lang='lat' dir='ltr'>multum</span> <span class='ocrx_word' id='word_1_8' title='bbox 774 221 963 250; x_wconf 81' lang='lat' dir='ltr'>venerabilis.</span> <span class='ocrx_word' id='word_1_9' title='bbox 1001 221 1067 249; x_wconf 85' lang='lat' dir='ltr'>Post</span> 
     </span>
    </p>
   </div>
   <div class='ocr_carea' id='block_1_5' title="bbox 1124 219 1936 265">
    <p class='ocr_par' dir='ltr' id='par_1_5' title="bbox 1134 220 1936 265">
     <span class='ocr_line' id='line_1_5' title="bbox 1134 220 1936 265; baseline 0.011 -16"><span class='ocrx_word' id='word_1_10' title='bbox 1134 225 1187 254; x_wconf 82' lang='grc' dir='ltr'>τοῖς</span> <span class='ocrx_word' id='word_1_11' title='bbox 1202 220 1232 250; x_wconf 73' lang='grc' dir='ltr'>δὲ</span> <span class='ocrx_word' id='word_1_12' title='bbox 1247 227 1301 254; x_wconf 83' lang='grc' dir='ltr'>τοῖς</span> <span class='ocrx_word' id='word_1_13' title='bbox 1311 222 1472 262; x_wconf 77' lang='grc' dir='ltr'>ἑτιροδὸξοις</span> <span class='ocrx_word' id='word_1_14' title='bbox 1486 223 1592 264; x_wconf 66' lang='grc' dir='ltr'>σφόδρα</span> <span class='ocrx_word' id='word_1_15' title='bbox 1608 225 1665 253; x_wconf 78' lang='grc' dir='ltr'>λίαν</span> <span class='ocrx_word' id='word_1_16' title='bbox 1688 225 1840 265; x_wconf 70' lang='grc' dir='ltr'>αἰδέσιμος.</span> <span class='ocrx_word' id='word_1_17' title='bbox 1870 233 1936 258; x_wconf 80' lang='grc' dir='ltr'>Τοί-</span> 
     </span>
    </p>
   </div>
   <div class='ocr_carea' id='block_1_6' title="bbox 254 265 1079 308">
    <p class='ocr_par' dir='ltr' id='par_1_6' title="bbox 254 265 1079 308">
     <span class='ocr_line' id='line_1_6' title="bbox 254 265 1079 308; baseline -0.006 -9"><span class='ocrx_word' id='word_1_18' title='bbox 254 278 348 308; x_wconf 81' lang='lat' dir='ltr'>quam</span> <span class='ocrx_word' id='word_1_19' title='bbox 359 277 431 297; x_wconf 89' lang='lat' dir='ltr'>vero</span> <span class='ocrx_word' id='word_1_20' title='bbox 446 270 531 305; x_wconf 86' lang='lat' dir='ltr'>pater</span> <span class='ocrx_word' id='word_1_21' title='bbox 552 274 588 296; x_wconf 86' lang='lat' dir='ltr'>ex</span> <span class='ocrx_word' id='word_1_22' title='bbox 611 268 669 296; x_wconf 88' lang='lat' dir='ltr'>hac</span> <span class='ocrx_word' id='word_1_23' title='bbox 684 267 748 295; x_wconf 82' lang='lat' dir='ltr'>vita</span> <span class='ocrx_word' id='word_1_24' title='bbox 760 274 898 302; x_wconf 87' lang='lat' dir='ltr'>egressus</span> <span class='ocrx_word' id='word_1_25' title='bbox 912 266 1030 295; x_wconf 81' lang='lat' dir='ltr'>transiit</span> <span class='ocrx_word' id='word_1_26' title='bbox 1040 265 1079 294; x_wconf 85' lang='lat' dir='ltr'>ad</span> 
     </span>
    </p>
   </div>
   <div class='ocr_carea' id='block_1_7' title="bbox 253 311 1078 350">
    <p class='ocr_par' dir='ltr' id='par_1_7' title="bbox 253 311 1078 350">
     <span class='ocr_line' id='line_1_7' title="bbox 253 311 1078 350; baseline -0.007 -6"><span class='ocrx_word' id='word_1_27' title='bbox 253 315 353 350; x_wconf 83' lang='lat' dir='ltr'>aliam,</span> <span class='ocrx_word' id='word_1_28' title='bbox 371 313 512 342; x_wconf 84' lang='lat' dir='ltr'>suﬂ’ectus</span> <span class='ocrx_word' id='word_1_29' title='bbox 531 313 632 340; x_wconf 78' lang='lat' dir='ltr'>statim</span> <span class='ocrx_word' id='word_1_30' title='bbox 643 311 722 339; x_wconf 87' lang='lat' dir='ltr'>ﬁlius</span> <span class='ocrx_word' id='word_1_31' title='bbox 744 313 901 348; x_wconf 79' lang='lat' dir='ltr'>paternam</span> <span class='ocrx_word' id='word_1_32' title='bbox 914 311 1078 347; x_wconf 78' lang='lat' dir='ltr'>assumpsit</span> 
     </span>
    </p>
   </div>
   <div class='ocr_carea' id='block_1_8' title="bbox 253 356 1075 395">
    <p class='ocr_par' dir='ltr' id='par_1_8' title="bbox 253 356 1075 395">
     <span class='ocr_line' id='line_1_8' title="bbox 253 356 1075 395; baseline -0.006 -7"><span class='ocrx_word' id='word_1_33' title='bbox 253 359 440 395; x_wconf 87' lang='lat' dir='ltr'>dignitatem,</span> <span class='ocrx_word' id='word_1_34' title='bbox 463 360 554 395; x_wconf 86' lang='lat' dir='ltr'>atque</span> <span class='ocrx_word' id='word_1_35' title='bbox 581 357 657 385; x_wconf 90' lang='lat' dir='ltr'>inter</span> <span class='ocrx_word' id='word_1_36' title='bbox 681 364 822 393; x_wconf 80' lang='lat' dir='ltr'>proceres</span> <span class='ocrx_word' id='word_1_37' title='bbox 843 356 898 384; x_wconf 88' lang='lat' dir='ltr'>fuit</span> <span class='ocrx_word' id='word_1_38' title='bbox 918 356 1075 392; x_wconf 76' lang='lat' dir='ltr'>ascriptus.</span> 
     </span>
    </p>
   </div>
   <div class='ocr_carea' id='block_1_9' title="bbox 252 400 1076 439">
    <p class='ocr_par' dir='ltr' id='par_1_9' title="bbox 252 400 1076 439">
     <span class='ocr_line' id='line_1_9' title="bbox 252 400 1076 439; baseline -0.005 -7"><span class='ocrx_word' id='word_1_39' title='bbox 252 404 363 433; x_wconf 88' lang='lat' dir='ltr'>Invitus</span> <span class='ocrx_word' id='word_1_40' title='bbox 372 406 486 432; x_wconf 86' lang='lat' dir='ltr'>tamen.</span> <span class='ocrx_word' id='word_1_41' title='bbox 501 403 525 430; x_wconf 86' lang='lat' dir='ltr'><strong>A</strong></span> <span class='ocrx_word' id='word_1_42' title='bbox 538 401 639 439; x_wconf 89' lang='lat' dir='ltr'>pueris</span> <span class='ocrx_word' id='word_1_43' title='bbox 653 401 732 430; x_wconf 90' lang='lat' dir='ltr'>enim</span> <span class='ocrx_word' id='word_1_44' title='bbox 747 403 776 429; x_wconf 91' lang='lat' dir='ltr'>et</span> <span class='ocrx_word' id='word_1_45' title='bbox 796 400 835 429; x_wconf 83' lang='lat' dir='ltr'>ab</span> <span class='ocrx_word' id='word_1_46' title='bbox 857 400 939 429; x_wconf 87' lang='lat' dir='ltr'>initio</span> <span class='ocrx_word' id='word_1_47' title='bbox 966 401 1076 436; x_wconf 87' lang='lat' dir='ltr'>cogita-</span> 
     </span>
    </p>
   </div>
   <div class='ocr_carea' id='block_1_10' title="bbox 252 445 1075 483">
    <p class='ocr_par' dir='ltr' id='par_1_10' title="bbox 252 445 1075 483">
     <span class='ocr_line' id='line_1_10' title="bbox 252 445 1075 483; baseline -0.005 -7"><span class='ocrx_word' id='word_1_48' title='bbox 252 452 337 476; x_wconf 83' lang='lat' dir='ltr'>verat</span> <span class='ocrx_word' id='word_1_49' title='bbox 356 447 551 483; x_wconf 74' lang='lat' dir='ltr'>semetipsum</span> <span class='ocrx_word' id='word_1_50' title='bbox 568 448 624 473; x_wconf 90' lang='lat' dir='ltr'>Deo</span> <span class='ocrx_word' id='word_1_51' title='bbox 637 453 812 474; x_wconf 88' lang='lat' dir='ltr'>consecrare</span> <span class='ocrx_word' id='word_1_52' title='bbox 836 446 923 481; x_wconf 86' lang='lat' dir='ltr'>eique</span> <span class='ocrx_word' id='word_1_53' title='bbox 949 445 1003 473; x_wconf 92' lang='lat' dir='ltr'>soli</span> <span class='ocrx_word' id='word_1_54' title='bbox 1032 445 1075 473; x_wconf 88' lang='lat' dir='ltr'>vi—</span> 
     </span>
    </p>
   </div>
   <div class='ocr_carea' id='block_1_11' title="bbox 251 489 1075 528">
    <p class='ocr_par' dir='ltr' id='par_1_11' title="bbox 251 489 1075 528">
     <span class='ocr_line' id='line_1_11' title="bbox 251 489 1075 528; baseline -0.006 -7"><span class='ocrx_word' id='word_1_55' title='bbox 251 501 330 528; x_wconf 84' lang='lat' dir='ltr'>vere,</span> <span class='ocrx_word' id='word_1_56' title='bbox 347 492 493 521; x_wconf 84' lang='lat' dir='ltr'>Samuelis</span> <span class='ocrx_word' id='word_1_57' title='bbox 505 491 673 526; x_wconf 88' lang='lat' dir='ltr'>exemplum</span> <span class='ocrx_word' id='word_1_58' title='bbox 687 498 747 518; x_wconf 89' lang='lat' dir='ltr'>non</span> <span class='ocrx_word' id='word_1_59' title='bbox 759 490 855 518; x_wconf 89' lang='lat' dir='ltr'>solum</span> <span class='ocrx_word' id='word_1_60' title='bbox 868 498 1008 526; x_wconf 89' lang='lat' dir='ltr'>sequens,</span> <span class='ocrx_word' id='word_1_61' title='bbox 1023 489 1075 517; x_wconf 86' lang='lat' dir='ltr'>sed</span> 
     </span>
    </p>
   </div>
   <div class='ocr_carea' id='block_1_12' title="bbox 251 534 1075 571">
    <p class='ocr_par' dir='ltr' id='par_1_12' title="bbox 251 534 1075 571">
     <span class='ocr_line' id='line_1_12' title="bbox 251 534 1075 571; baseline -0.005 -6"><span class='ocrx_word' id='word_1_62' title='bbox 251 538 341 565; x_wconf 88' lang='lat' dir='ltr'>etiam</span> <span class='ocrx_word' id='word_1_63' title='bbox 357 538 386 564; x_wconf 94' lang='lat' dir='ltr'>in</span> <span class='ocrx_word' id='word_1_64' title='bbox 399 537 457 564; x_wconf 92' lang='lat' dir='ltr'>hoc</span> <span class='ocrx_word' id='word_1_65' title='bbox 472 537 597 563; x_wconf 78' lang='lat' dir='ltr'>fortasse</span> <span class='ocrx_word' id='word_1_66' title='bbox 613 543 769 571; x_wconf 89' lang='lat' dir='ltr'>superans,</span> <span class='ocrx_word' id='word_1_67' title='bbox 783 543 819 562; x_wconf 92' lang='lat' dir='ltr'>eo</span> <span class='ocrx_word' id='word_1_68' title='bbox 833 535 916 570; x_wconf 88' lang='lat' dir='ltr'>quod</span> <span class='ocrx_word' id='word_1_69' title='bbox 927 543 963 562; x_wconf 87' lang='lat' dir='ltr'>ex</span> <span class='ocrx_word' id='word_1_70' title='bbox 977 534 1075 570; x_wconf 87' lang='lat' dir='ltr'>seipso</span> 
     </span>
    </p>
   </div>
   <div class='ocr_carea' id='block_1_13' title="bbox 251 579 1073 616">
    <p class='ocr_par' dir='ltr' id='par_1_13' title="bbox 251 579 1073 616">
     <span class='ocr_line' id='line_1_13' title="bbox 251 579 1073 616; baseline -0.006 -6"><span class='ocrx_word' id='word_1_71' title='bbox 251 582 308 610; x_wconf 91' lang='lat' dir='ltr'>hoc</span> <span class='ocrx_word' id='word_1_72' title='bbox 324 582 420 616; x_wconf 81' lang='lat' dir='ltr'>elegit,</span> <span class='ocrx_word' id='word_1_73' title='bbox 439 588 501 608; x_wconf 90' lang='lat' dir='ltr'>non</span> <span class='ocrx_word' id='word_1_74' title='bbox 526 583 626 608; x_wconf 90' lang='lat' dir='ltr'>autem</span> <span class='ocrx_word' id='word_1_75' title='bbox 648 588 664 607; x_wconf 88' lang='lat' dir='ltr'>a</span> <span class='ocrx_word' id='word_1_76' title='bbox 690 579 877 615; x_wconf 87' lang='lat' dir='ltr'>parentibus,</span> <span class='ocrx_word' id='word_1_77' title='bbox 900 579 975 606; x_wconf 88' lang='lat' dir='ltr'>sicut</span> <span class='ocrx_word' id='word_1_78' title='bbox 1000 579 1073 614; x_wconf 90' lang='lat' dir='ltr'>ipse,</span> 
     </span>
    </p>
   </div>
   <div class='ocr_carea' id='block_1_14' title="bbox 251 624 1076 661">
    <p class='ocr_par' dir='ltr' id='par_1_14' title="bbox 251 624 1076 661">
     <span class='ocr_line' id='line_1_14' title="bbox 251 624 1076 661; baseline -0.005 -8"><span class='ocrx_word' id='word_1_79' title='bbox 251 626 417 661; x_wconf 89' lang='lat' dir='ltr'>promissus</span> <span class='ocrx_word' id='word_1_80' title='bbox 429 626 487 652; x_wconf 92' lang='lat' dir='ltr'>Deo</span> <span class='ocrx_word' id='word_1_81' title='bbox 498 628 525 652; x_wconf 92' lang='lat' dir='ltr'>et</span> <span class='ocrx_word' id='word_1_82' title='bbox 540 624 689 651; x_wconf 85' lang='lat' dir='ltr'>exhibitus</span> <span class='ocrx_word' id='word_1_83' title='bbox 703 624 765 651; x_wconf 86' lang='lat' dir='ltr'>fuit.</span> <span class='ocrx_word' id='word_1_84' title='bbox 783 625 994 651; x_wconf 74' lang='lat' dir='ltr'>Verumtamen</span> <span class='ocrx_word' id='word_1_85' title='bbox 1007 631 1076 659; x_wconf 87' lang='lat' dir='ltr'>sup-</span> 
     </span>
    </p>
   </div>
   <div class='ocr_carea' id='block_1_15' title="bbox 250 667 1074 706">
    <p class='ocr_par' dir='ltr' id='par_1_15' title="bbox 250 667 1074 706">
     <span class='ocr_line' id='line_1_15' title="bbox 250 667 1074 706; baseline -0.005 -8"><span class='ocrx_word' id='word_1_86' title='bbox 250 670 350 706; x_wconf 84' lang='lat' dir='ltr'>posuit</span> <span class='ocrx_word' id='word_1_87' title='bbox 359 670 501 697; x_wconf 83' lang='lat' dir='ltr'>humeros</span> <span class='ocrx_word' id='word_1_88' title='bbox 516 676 594 696; x_wconf 64' lang='lat' dir='ltr'>curze</span> <span class='ocrx_word' id='word_1_89' title='bbox 606 668 736 695; x_wconf 80' lang='lat' dir='ltr'>civilium</span> <span class='ocrx_word' id='word_1_90' title='bbox 749 676 858 703; x_wconf 67' lang='lat' dir='ltr'>rerum,</span> <span class='ocrx_word' id='word_1_91' title='bbox 875 667 926 704; x_wconf 87' lang='lat' dir='ltr'>qui</span> <span class='ocrx_word' id='word_1_92' title='bbox 938 668 1074 703; x_wconf 86' lang='lat' dir='ltr'>spiritua-</span> 
     </span>
    </p>
   </div>
   <div class='ocr_carea' id='block_1_16' title="bbox 249 712 1073 748">
    <p class='ocr_par' dir='ltr' id='par_1_16' title="bbox 249 712 1073 748">
     <span class='ocr_line' id='line_1_16' title="bbox 249 712 1073 748; baseline -0.002 -7"><span class='ocrx_word' id='word_1_93' title='bbox 249 714 327 742; x_wconf 90' lang='lat' dir='ltr'>libus</span> <span class='ocrx_word' id='word_1_94' title='bbox 341 713 514 741; x_wconf 73' lang='lat' dir='ltr'>adhaerebat</span> <span class='ocrx_word' id='word_1_95' title='bbox 528 721 564 740; x_wconf 83' lang='lat' dir='ltr'>ex</span> <span class='ocrx_word' id='word_1_96' title='bbox 577 713 689 740; x_wconf 87' lang='lat' dir='ltr'>animo.</span> <span class='ocrx_word' id='word_1_97' title='bbox 708 712 763 740; x_wconf 90' lang='lat' dir='ltr'>Sed</span> <span class='ocrx_word' id='word_1_98' title='bbox 779 712 818 739; x_wconf 91' lang='lat' dir='ltr'>oh</span> <span class='ocrx_word' id='word_1_99' title='bbox 831 713 837 739; x_wconf 84' lang='lat'><strong>!</strong></span> <span class='ocrx_word' id='word_1_100' title='bbox 853 720 946 748; x_wconf 89' lang='lat' dir='ltr'>quam</span> <span class='ocrx_word' id='word_1_101' title='bbox 961 712 1073 747; x_wconf 78' lang='lat' dir='ltr'>dextre,</span> 
     </span>
    </p>
   </div>
   <div class='ocr_carea' id='block_1_17' title="bbox 249 756 1073 795">
    <p class='ocr_par' dir='ltr' id='par_1_17' title="bbox 249 756 1073 795">
     <span class='ocr_line' id='line_1_17' title="bbox 249 756 1073 795; baseline -0.002 -9"><span class='ocrx_word' id='word_1_102' title='bbox 249 767 342 795; x_wconf 90' lang='lat' dir='ltr'>quam</span> <span class='ocrx_word' id='word_1_103' title='bbox 358 758 520 794; x_wconf 83' lang='lat' dir='ltr'>prudenter</span> <span class='ocrx_word' id='word_1_104' title='bbox 534 761 561 785; x_wconf 85' lang='lat' dir='ltr'>et</span> <span class='ocrx_word' id='word_1_105' title='bbox 577 757 711 785; x_wconf 85' lang='lat' dir='ltr'>consulte</span> <span class='ocrx_word' id='word_1_106' title='bbox 725 757 869 784; x_wconf 89' lang='lat' dir='ltr'>creditum</span> <span class='ocrx_word' id='word_1_107' title='bbox 887 756 942 784; x_wconf 87' lang='lat' dir='ltr'>sibi</span> <span class='ocrx_word' id='word_1_108' title='bbox 963 765 1073 784; x_wconf 90' lang='lat' dir='ltr'>munus</span> 
     </span>
    </p>
   </div>
   <div class='ocr_carea' id='block_1_18' title="bbox 249 801 1074 837">
    <p class='ocr_par' dir='ltr' id='par_1_18' title="bbox 249 801 1074 837">
     <span class='ocr_line' id='line_1_18' title="bbox 249 801 1074 837; baseline -0.004 -6"><span class='ocrx_word' id='word_1_109' title='bbox 249 802 489 831; x_wconf 81' lang='lat' dir='ltr'>administrabat!</span> <span class='ocrx_word' id='word_1_110' title='bbox 500 801 727 830; x_wconf 82' lang='lat' dir='ltr'>Diffundebatur</span> <span class='ocrx_word' id='word_1_111' title='bbox 736 809 807 836; x_wconf 88' lang='lat' dir='ltr'>ergo</span> <span class='ocrx_word' id='word_1_112' title='bbox 816 801 1009 837; x_wconf 88' lang='lat' dir='ltr'>peromnium</span> <span class='ocrx_word' id='word_1_113' title='bbox 1021 809 1074 829; x_wconf 91' lang='lat' dir='ltr'>ora</span> 
     </span>
    </p>
   </div>
   <div class='ocr_carea' id='block_1_19' title="bbox 249 845 1074 882">
    <p class='ocr_par' dir='ltr' id='par_1_19' title="bbox 249 845 1074 882">
     <span class='ocr_line' id='line_1_19' title="bbox 249 845 1074 882; baseline -0.004 -7"><span class='ocrx_word' id='word_1_114' title='bbox 249 847 408 875; x_wconf 82' lang='lat' dir='ltr'>admiratio</span> <span class='ocrx_word' id='word_1_115' title='bbox 422 847 497 882; x_wconf 87' lang='lat' dir='ltr'>ejus,</span> <span class='ocrx_word' id='word_1_116' title='bbox 511 845 561 873; x_wconf 88' lang='lat' dir='ltr'>sed</span> <span class='ocrx_word' id='word_1_117' title='bbox 578 846 730 881; x_wconf 68' lang='lat' dir='ltr'>praecipue</span> <span class='ocrx_word' id='word_1_118' title='bbox 744 846 782 872; x_wconf 90' lang='lat' dir='ltr'>ab</span> <span class='ocrx_word' id='word_1_119' title='bbox 796 845 862 881; x_wconf 90' lang='lat' dir='ltr'>ipso</span> <span class='ocrx_word' id='word_1_120' title='bbox 876 845 957 872; x_wconf 87' lang='lat' dir='ltr'>urbis</span> <span class='ocrx_word' id='word_1_121' title='bbox 972 845 1074 881; x_wconf 60' lang='lat' dir='ltr'>priete-</span> 
     </span>
    </p>
   </div>
   <div class='ocr_carea' id='block_1_20' title="bbox 1133 267 1938 311">
    <p class='ocr_par' dir='ltr' id='par_1_20' title="bbox 1133 267 1938 311">
     <span class='ocr_line' id='line_1_20' title="bbox 1133 267 1938 311; baseline 0.012 -18"><span class='ocrx_word' id='word_1_122' title='bbox 1133 278 1177 294; x_wconf 89' lang='grc' dir='ltr'>νυν</span> <span class='ocrx_word' id='word_1_123' title='bbox 1190 269 1234 294; x_wconf 83' lang='grc' dir='ltr'>καὶ</span> <span class='ocrx_word' id='word_1_124' title='bbox 1254 267 1359 305; x_wconf 74' lang='grc' dir='ltr'>τελευτᾷ</span> <span class='ocrx_word' id='word_1_125' title='bbox 1372 271 1416 296; x_wconf 87' lang='grc' dir='ltr'>τόν</span> <span class='ocrx_word' id='word_1_126' title='bbox 1432 268 1497 306; x_wconf 83' lang='grc' dir='ltr'>βίων</span> <span class='ocrx_word' id='word_1_127' title='bbox 1512 271 1526 297; x_wconf 80' lang='grc' dir='ltr'><strong><em>ὁ</em></strong></span> <span class='ocrx_word' id='word_1_128' title='bbox 1538 272 1637 307; x_wconf 76' lang='grc' dir='ltr'>πατὴρ,</span> <span class='ocrx_word' id='word_1_129' title='bbox 1652 274 1697 299; x_wconf 81' lang='grc' dir='ltr'>καὶ</span> <span class='ocrx_word' id='word_1_130' title='bbox 1717 273 1782 311; x_wconf 82' lang='grc' dir='ltr'>πρὸς</span> <span class='ocrx_word' id='word_1_131' title='bbox 1800 275 1834 301; x_wconf 81' lang='grc' dir='ltr'>τὰ</span> <span class='ocrx_word' id='word_1_132' title='bbox 1852 274 1938 303; x_wconf 62' lang='lat' dir='ltr'>in!“</span> 
     </span>
    </p>
   </div>
   <div class='ocr_carea' id='block_1_21' title="bbox 1133 313 1935 352">
    <p class='ocr_par' dir='ltr' id='par_1_21' title="bbox 1133 313 1935 352">
     <span class='ocr_line' id='line_1_21' title="bbox 1133 313 1935 352; baseline 0.011 -14"><span class='ocrx_word' id='word_1_133' title='bbox 1133 314 1302 348; x_wconf 68' lang='grc' dir='ltr'>μεθίσταται,</span> <span class='ocrx_word' id='word_1_134' title='bbox 1336 313 1496 352; x_wconf 70' lang='grc' dir='ltr'>Ἐγκρίνεται</span> <span class='ocrx_word' id='word_1_135' title='bbox 1528 313 1553 341; x_wconf 77' lang='grc' dir='ltr'>δ’</span> <span class='ocrx_word' id='word_1_136' title='bbox 1584 314 1658 347; x_wconf 76' lang='grc' dir='ltr'>οὗτος</span> <span class='ocrx_word' id='word_1_137' title='bbox 1684 317 1771 352; x_wconf 77' lang='grc' dir='ltr'>εὐθὺς,</span> <span class='ocrx_word' id='word_1_138' title='bbox 1802 322 1848 345; x_wconf 78' lang='grc' dir='ltr'>καὶ</span> <span class='ocrx_word' id='word_1_139' title='bbox 1887 323 1935 350; x_wconf 83' lang='grc' dir='ltr'>τὴν</span> 
     </span>
    </p>
   </div>
   <div class='ocr_carea' id='block_1_22' title="bbox 1131 356 1935 401">
    <p class='ocr_par' dir='ltr' id='par_1_22' title="bbox 1131 356 1935 401">
     <span class='ocr_line' id='line_1_22' title="bbox 1131 356 1935 401; baseline 0.009 -18"><span class='ocrx_word' id='word_1_140' title='bbox 1131 360 1261 394; x_wconf 76' lang='grc' dir='ltr'>πατρικὴν</span> <span class='ocrx_word' id='word_1_141' title='bbox 1285 356 1359 389; x_wconf 80' lang='grc' dir='ltr'>ἀξίαν</span> <span class='ocrx_word' id='word_1_142' title='bbox 1385 358 1568 396; x_wconf 73' lang='grc' dir='ltr'>ἀναλαμϐάνει,</span> <span class='ocrx_word' id='word_1_143' title='bbox 1595 363 1641 387; x_wconf 81' lang='grc' dir='ltr'>καὶ</span> <span class='ocrx_word' id='word_1_144' title='bbox 1663 365 1718 393; x_wconf 83' lang='grc' dir='ltr'>τοῖς</span> <span class='ocrx_word' id='word_1_145' title='bbox 1745 361 1840 399; x_wconf 78' lang='grc' dir='ltr'>λογάσι</span> <span class='ocrx_word' id='word_1_146' title='bbox 1866 373 1935 401; x_wconf 65' lang='grc' dir='ltr'>συγ-</span> 
     </span>
    </p>
   </div>
   <div class='ocr_carea' id='block_1_23' title="bbox 1131 400 1936 443">
    <p class='ocr_par' dir='ltr' id='par_1_23' title="bbox 1131 400 1936 443">
     <span class='ocr_line' id='line_1_23' title="bbox 1131 400 1936 443; baseline 0.011 -16"><span class='ocrx_word' id='word_1_147' title='bbox 1131 400 1300 437; x_wconf 63' lang='grc' dir='ltr'>καταλέγει-αι</span> <span class='ocrx_word' id='word_1_148' title='bbox 1316 413 1322 419; x_wconf 90' lang='grc'><strong>·</strong></span> <span class='ocrx_word' id='word_1_149' title='bbox 1339 403 1408 429; x_wconf 76' lang='grc' dir='ltr'>ἄκων</span> <span class='ocrx_word' id='word_1_150' title='bbox 1425 406 1471 440; x_wconf 69' lang='grc' dir='ltr'>μέν</span> <span class='ocrx_word' id='word_1_151' title='bbox 1487 414 1494 421; x_wconf 76' lang='grc'><strong><em>⁸</em></strong></span> <span class='ocrx_word' id='word_1_152' title='bbox 1512 404 1575 431; x_wconf 78' lang='grc' dir='ltr'>ἀλλὰ</span> <span class='ocrx_word' id='word_1_153' title='bbox 1597 406 1649 443; x_wconf 75' lang='grc' dir='ltr'>γὰρ</span> <span class='ocrx_word' id='word_1_154' title='bbox 1664 406 1692 432; x_wconf 74' lang='grc' dir='ltr'>ἑκ</span> <span class='ocrx_word' id='word_1_155' title='bbox 1707 405 1810 433; x_wconf 80' lang='grc' dir='ltr'>παίδων</span> <span class='ocrx_word' id='word_1_156' title='bbox 1838 411 1883 435; x_wconf 80' lang='grc' dir='ltr'>καὶ</span> <span class='ocrx_word' id='word_1_157' title='bbox 1905 400 1936 441; x_wconf 17' lang='grc' dir='ltr'>νέξ</span> 
     </span>
    </p>
   </div>
   <div class='ocr_carea' id='block_1_24' title="bbox 1132 445 1935 487">
    <p class='ocr_par' dir='ltr' id='par_1_24' title="bbox 1132 445 1935 487">
     <span class='ocr_line' id='line_1_24' title="bbox 1132 445 1935 487; baseline 0.011 -16"><span class='ocrx_word' id='word_1_158' title='bbox 1132 445 1219 482; x_wconf 79' lang='grc' dir='ltr'>ἀρχῆς</span> <span class='ocrx_word' id='word_1_159' title='bbox 1248 447 1284 478; x_wconf 81' lang='grc' dir='ltr'>εἰς</span> <span class='ocrx_word' id='word_1_160' title='bbox 1302 451 1360 473; x_wconf 69' lang='grc' dir='ltr'>νοῦν</span> <span class='ocrx_word' id='word_1_161' title='bbox 1379 449 1497 486; x_wconf 71' lang='grc' dir='ltr'>ἔστρεφεν</span> <span class='ocrx_word' id='word_1_162' title='bbox 1516 449 1608 476; x_wconf 75' lang='grc' dir='ltr'>ἑαυτὸν</span> <span class='ocrx_word' id='word_1_163' title='bbox 1627 454 1663 486; x_wconf 83' lang='grc' dir='ltr'>τῷ</span> <span class='ocrx_word' id='word_1_164' title='bbox 1690 454 1747 487; x_wconf 81' lang='grc' dir='ltr'>Θεῷ</span> <span class='ocrx_word' id='word_1_165' title='bbox 1767 450 1935 481; x_wconf 74' lang='grc' dir='ltr'>καθοσιώσαι</span> 
     </span>
    </p>
   </div>
   <div class='ocr_carea' id='block_1_25' title="bbox 1132 489 1935 532">
    <p class='ocr_par' dir='ltr' id='par_1_25' title="bbox 1132 489 1935 532">
     <span class='ocr_line' id='line_1_25' title="bbox 1132 489 1935 532; baseline 0.011 -17"><span class='ocrx_word' id='word_1_166' title='bbox 1132 493 1175 516; x_wconf 80' lang='grc' dir='ltr'>καί</span> <span class='ocrx_word' id='word_1_167' title='bbox 1190 489 1265 522; x_wconf 84' lang='grc' dir='ltr'>δοτὸς</span> <span class='ocrx_word' id='word_1_168' title='bbox 1294 490 1363 527; x_wconf 70' lang='grc' dir='ltr'>αὐτῷ</span> <span class='ocrx_word' id='word_1_169' title='bbox 1385 496 1564 529; x_wconf 83' lang='grc' dir='ltr'>χρηματίσαι,</span> <span class='ocrx_word' id='word_1_170' title='bbox 1589 496 1652 531; x_wconf 79' lang='grc' dir='ltr'>πρὸς</span> <span class='ocrx_word' id='word_1_171' title='bbox 1678 496 1720 521; x_wconf 82' lang='grc' dir='ltr'>τὸν</span> <span class='ocrx_word' id='word_1_172' title='bbox 1747 498 1830 532; x_wconf 74' lang='grc' dir='ltr'>μέγαν</span> <span class='ocrx_word' id='word_1_173' title='bbox 1855 499 1935 530; x_wconf 75' lang='grc' dir='ltr'>ὅντως</span> 
     </span>
    </p>
   </div>
   <div class='ocr_carea' id='block_1_26' title="bbox 1132 536 1934 575">
    <p class='ocr_par' dir='ltr' id='par_1_26' title="bbox 1132 536 1934 575">
     <span class='ocr_line' id='line_1_26' title="bbox 1132 536 1934 575; baseline 0.011 -15"><span class='ocrx_word' id='word_1_174' title='bbox 1132 537 1175 560; x_wconf 78' lang='grc' dir='ltr'>καὶ</span> <span class='ocrx_word' id='word_1_175' title='bbox 1199 536 1272 566; x_wconf 78' lang='grc' dir='ltr'>οὗτος</span> <span class='ocrx_word' id='word_1_176' title='bbox 1297 536 1500 573; x_wconf 72' lang='grc' dir='ltr'>ἀπευθυνομενος</span> <span class='ocrx_word' id='word_1_177' title='bbox 1525 539 1645 575; x_wconf 74' lang='grc' dir='ltr'>Σαμουὴλ</span> <span class='ocrx_word' id='word_1_178' title='bbox 1674 551 1680 556; x_wconf 94' lang='grc'>·</span> <span class='ocrx_word' id='word_1_179' title='bbox 1706 541 1746 566; x_wconf 79' lang='grc' dir='ltr'>ὅτι</span> <span class='ocrx_word' id='word_1_180' title='bbox 1775 539 1801 567; x_wconf 78' lang='grc' dir='ltr'>δ’</span> <span class='ocrx_word' id='word_1_181' title='bbox 1823 542 1934 569; x_wconf 74' lang='grc' dir='ltr'>αὐτόθεν</span> 
     </span>
    </p>
   </div>
   <div class='ocr_carea' id='block_1_27' title="bbox 1132 580 1935 625">
    <p class='ocr_par' dir='ltr' id='par_1_27' title="bbox 1132 580 1935 625">
     <span class='ocr_line' id='line_1_27' title="bbox 1132 580 1935 625; baseline 0.011 -20"><span class='ocrx_word' id='word_1_182' title='bbox 1132 580 1211 611; x_wconf 80' lang='grc' dir='ltr'>αὐτὸς</span> <span class='ocrx_word' id='word_1_183' title='bbox 1236 581 1307 607; x_wconf 72' lang='grc' dir='ltr'>τοῦθ’</span> <span class='ocrx_word' id='word_1_184' title='bbox 1335 581 1422 617; x_wconf 67' lang='grc' dir='ltr'>εἵλετο,</span> <span class='ocrx_word' id='word_1_185' title='bbox 1462 585 1506 608; x_wconf 83' lang='grc' dir='ltr'>καὶ</span> <span class='ocrx_word' id='word_1_186' title='bbox 1532 586 1568 619; x_wconf 84' lang='grc' dir='ltr'>μὴ</span> <span class='ocrx_word' id='word_1_187' title='bbox 1606 585 1672 621; x_wconf 83' lang='grc' dir='ltr'>πρὸς</span> <span class='ocrx_word' id='word_1_188' title='bbox 1701 589 1750 610; x_wconf 85' lang='grc' dir='ltr'>τῶν</span> <span class='ocrx_word' id='word_1_189' title='bbox 1774 588 1935 625; x_wconf 73' lang='grc' dir='ltr'>ινιννητὸρων</span> 
     </span>
    </p>
   </div>
   <div class='ocr_carea' id='block_1_28' title="bbox 1132 624 1934 666">
    <p class='ocr_par' dir='ltr' id='par_1_28' title="bbox 1132 624 1934 666">
     <span class='ocr_line' id='line_1_28' title="bbox 1132 624 1934 666; baseline 0.011 -17"><span class='ocrx_word' id='word_1_190' title='bbox 1132 625 1289 660; x_wconf 71' lang='grc' dir='ltr'>ὑποσχεθεὶς</span> <span class='ocrx_word' id='word_1_191' title='bbox 1305 624 1407 659; x_wconf 60' lang='lat' dir='ltr'>dedero,</span> <span class='ocrx_word' id='word_1_192' title='bbox 1434 628 1508 663; x_wconf 84' lang='grc' dir='ltr'>τάχα</span> <span class='ocrx_word' id='word_1_193' title='bbox 1527 638 1556 663; x_wconf 77' lang='grc' dir='ltr'>γε</span> <span class='ocrx_word' id='word_1_194' title='bbox 1571 631 1615 654; x_wconf 84' lang='grc' dir='ltr'>καὶ</span> <span class='ocrx_word' id='word_1_195' title='bbox 1636 629 1843 666; x_wconf 72' lang='grc' dir='ltr'>ὑπερτιθέμενος.</span> <span class='ocrx_word' id='word_1_196' title='bbox 1861 624 1934 661; x_wconf 55' lang='grc' dir='ltr'>Πλὴν</span> 
     </span>
    </p>
   </div>
   <div class='ocr_carea' id='block_1_29' title="bbox 1132 668 1934 711">
    <p class='ocr_par' dir='ltr' id='par_1_29' title="bbox 1132 668 1934 711">
     <span class='ocr_line' id='line_1_29' title="bbox 1132 668 1934 711; baseline 0.011 -18"><span class='ocrx_word' id='word_1_197' title='bbox 1132 668 1194 694; x_wconf 74' lang='grc' dir='ltr'>ἀ).λά</span> <span class='ocrx_word' id='word_1_198' title='bbox 1220 672 1264 698; x_wconf 77' lang='grc' dir='ltr'>τὴν</span> <span class='ocrx_word' id='word_1_199' title='bbox 1293 674 1342 695; x_wconf 73' lang='grc' dir='ltr'>τῶν</span> <span class='ocrx_word' id='word_1_200' title='bbox 1366 670 1504 697; x_wconf 69' lang='grc' dir='ltr'>πολιτικῶν</span> <span class='ocrx_word' id='word_1_201' title='bbox 1529 671 1680 708; x_wconf 78' lang='grc' dir='ltr'>ἐπωμίσατο</span> <span class='ocrx_word' id='word_1_202' title='bbox 1700 671 1830 711; x_wconf 79' lang='grc' dir='ltr'>φροντίδα</span> <span class='ocrx_word' id='word_1_203' title='bbox 1844 675 1858 701; x_wconf 84' lang='grc' dir='ltr'><strong><em>ὁ</em></strong></span> <span class='ocrx_word' id='word_1_204' title='bbox 1882 676 1934 702; x_wconf 78' lang='grc' dir='ltr'>τῶν</span> 
     </span>
    </p>
   </div>
   <div class='ocr_carea' id='block_1_30' title="bbox 1131 714 1934 754">
    <p class='ocr_par' dir='ltr' id='par_1_30' title="bbox 1131 714 1934 754">
     <span class='ocr_line' id='line_1_30' title="bbox 1131 714 1934 754; baseline 0.01 -16"><span class='ocrx_word' id='word_1_205' title='bbox 1131 719 1309 749; x_wconf 79' lang='grc' dir='ltr'>πνευματικῶν</span> <span class='ocrx_word' id='word_1_206' title='bbox 1337 714 1415 751; x_wconf 78' lang='grc' dir='ltr'>ἀπρὶξ</span> <span class='ocrx_word' id='word_1_207' title='bbox 1441 715 1622 752; x_wconf 62' lang='grc' dir='ltr'>ἀντεχόμενος</span> <span class='ocrx_word' id='word_1_208' title='bbox 1651 720 1683 744; x_wconf 88' lang='grc' dir='ltr'>Τί</span> <span class='ocrx_word' id='word_1_209' title='bbox 1704 717 1766 754; x_wconf 74' lang='grc' dir='ltr'>γοῦν</span> <span class='ocrx_word' id='word_1_210' title='bbox 1793 727 1800 753; x_wconf 88' lang='grc'><strong>;</strong></span> <span class='ocrx_word' id='word_1_211' title='bbox 1827 720 1863 750; x_wconf 80' lang='grc' dir='ltr'>ὣς</span> <span class='ocrx_word' id='word_1_212' title='bbox 1891 716 1934 747; x_wconf 69' lang='grc' dir='ltr'>δι-</span> 
     </span>
    </p>
   </div>
   <div class='ocr_carea' id='block_1_31' title="bbox 1131 758 1935 801">
    <p class='ocr_par' dir='ltr' id='par_1_31' title="bbox 1131 758 1935 801">
     <span class='ocr_line' id='line_1_31' title="bbox 1131 758 1935 801; baseline 0.011 -19"><span class='ocrx_word' id='word_1_213' title='bbox 1131 758 1201 791; x_wconf 71' lang='grc' dir='ltr'>ξιὼς,</span> <span class='ocrx_word' id='word_1_214' title='bbox 1221 760 1399 795; x_wconf 76' lang='grc' dir='ltr'>ὼςνουνεχῶς,</span> <span class='ocrx_word' id='word_1_215' title='bbox 1416 762 1449 790; x_wconf 75' lang='grc' dir='ltr'>ὡς</span> <span class='ocrx_word' id='word_1_216' title='bbox 1472 760 1633 792; x_wconf 45' lang='lat' dir='ltr'>vim-nde)“;</span> <span class='ocrx_word' id='word_1_217' title='bbox 1658 763 1691 788; x_wconf 86' lang='grc' dir='ltr'>τὰ</span> <span class='ocrx_word' id='word_1_218' title='bbox 1715 761 1935 801; x_wconf 69' lang='grc' dir='ltr'>ἐγκεχιιρισμὲνα</span> 
     </span>
    </p>
   </div>
   <div class='ocr_carea' id='block_1_32' title="bbox 1131 801 1934 847">
    <p class='ocr_par' dir='ltr' id='par_1_32' title="bbox 1131 801 1934 847">
     <span class='ocr_line' id='line_1_32' title="bbox 1131 801 1934 847; baseline 0.011 -20"><span class='ocrx_word' id='word_1_219' title='bbox 1131 801 1286 839; x_wconf 79' lang='grc' dir='ltr'>διῳχονόμει</span> <span class='ocrx_word' id='word_1_220' title='bbox 1309 805 1314 830; x_wconf 82' lang='lat' dir='ltr'>l</span> <span class='ocrx_word' id='word_1_221' title='bbox 1343 807 1393 830; x_wconf 82' lang='grc' dir='ltr'>Καὶ</span> <span class='ocrx_word' id='word_1_222' title='bbox 1421 806 1485 842; x_wconf 81' lang='grc' dir='ltr'>πρὸς</span> <span class='ocrx_word' id='word_1_223' title='bbox 1504 808 1549 842; x_wconf 76' lang='grc' dir='ltr'>μὲν</span> <span class='ocrx_word' id='word_1_224' title='bbox 1567 806 1687 833; x_wconf 83' lang='grc' dir='ltr'>ἁπάντων</span> <span class='ocrx_word' id='word_1_225' title='bbox 1707 807 1789 834; x_wconf 75' lang='grc' dir='ltr'>ἄλλων</span> <span class='ocrx_word' id='word_1_226' title='bbox 1814 808 1934 847; x_wconf 71' lang='grc' dir='ltr'>περικλα-</span> 
     </span>
    </p>
   </div>
   <div class='ocr_carea' id='block_1_33' title="bbox 1129 847 1934 889">
    <p class='ocr_par' dir='ltr' id='par_1_33' title="bbox 1129 847 1934 889">
     <span class='ocr_line' id='line_1_33' title="bbox 1129 847 1934 889; baseline 0.01 -17"><span class='ocrx_word' id='word_1_227' title='bbox 1129 847 1195 873; x_wconf 71' lang='grc' dir='ltr'>λεῑῖο</span> <span class='ocrx_word' id='word_1_228' title='bbox 1210 851 1254 874; x_wconf 83' lang='grc' dir='ltr'>χαὶ</span> <span class='ocrx_word' id='word_1_229' title='bbox 1277 849 1448 884; x_wconf 73' lang='grc' dir='ltr'>ἐθαυμάζετο,</span> <span class='ocrx_word' id='word_1_230' title='bbox 1469 851 1533 887; x_wconf 80' lang='grc' dir='ltr'>πρὸς</span> <span class='ocrx_word' id='word_1_231' title='bbox 1557 849 1586 876; x_wconf 70' lang='grc' dir='ltr'>δὲ</span> <span class='ocrx_word' id='word_1_232' title='bbox 1605 855 1650 877; x_wconf 85' lang='grc' dir='ltr'>τοῦ</span> <span class='ocrx_word' id='word_1_233' title='bbox 1666 855 1824 889; x_wconf 78' lang='grc' dir='ltr'>κρατοῦντος</span> <span class='ocrx_word' id='word_1_234' title='bbox 1850 853 1934 880; x_wconf 72' lang='grc' dir='ltr'>αὐτοῦ</span> 
     </span>
    </p>
   </div>
   <div class='ocr_carea' id='block_1_34' title="bbox 248 889 1067 931">
    <p class='ocr_par' dir='ltr' id='par_1_34' title="bbox 248 889 1067 926">
     <span class='ocr_line' id='line_1_34' title="bbox 248 889 1067 926; baseline -0.002 -7"><span class='ocrx_word' id='word_1_235' title='bbox 248 894 295 919; x_wconf 91' lang='lat' dir='ltr'>cto</span> <span class='ocrx_word' id='word_1_236' title='bbox 307 891 523 922; x_wconf 87' lang='lat' dir='ltr'>honorabatur,</span> <span class='ocrx_word' id='word_1_237' title='bbox 537 893 606 926; x_wconf 80' lang='lat' dir='ltr'>post</span> <span class='ocrx_word' id='word_1_238' title='bbox 617 897 708 925; x_wconf 90' lang='lat' dir='ltr'>quem</span> <span class='ocrx_word' id='word_1_239' title='bbox 729 892 792 917; x_wconf 89' lang='lat' dir='ltr'>erat</span> <span class='ocrx_word' id='word_1_240' title='bbox 815 889 987 917; x_wconf 86' lang='lat' dir='ltr'>immediate</span> <span class='ocrx_word' id='word_1_241' title='bbox 1016 890 1067 926; x_wconf 92' lang='lat' dir='ltr'>pri-</span> 
     </span>
    </p>
   </div>
   <div class='ocr_carea' id='block_1_35' title="bbox 1124 889 1933 931">
    <p class='ocr_par' dir='ltr' id='par_1_35' title="bbox 1129 893 1933 931">
     <span class='ocr_line' id='line_1_35' title="bbox 1129 893 1933 931; baseline 0.01 -14"><span class='ocrx_word' id='word_1_242' title='bbox 1129 894 1160 917; x_wconf 74' lang='grc' dir='ltr'>τὰ</span> <span class='ocrx_word' id='word_1_243' title='bbox 1171 894 1259 928; x_wconf 74' lang='grc' dir='ltr'>πρῶτά</span> <span class='ocrx_word' id='word_1_244' title='bbox 1275 903 1301 919; x_wconf 81' lang='grc' dir='ltr'>τε</span> <span class='ocrx_word' id='word_1_245' title='bbox 1326 893 1442 930; x_wconf 73' lang='grc' dir='ltr'>ἐτιμᾶτο,</span> <span class='ocrx_word' id='word_1_246' title='bbox 1463 898 1508 920; x_wconf 78' lang='grc' dir='ltr'>καὶ</span> <span class='ocrx_word' id='word_1_247' title='bbox 1532 895 1587 931; x_wconf 81' lang='grc' dir='ltr'>μετ’</span> <span class='ocrx_word' id='word_1_248' title='bbox 1616 896 1693 922; x_wconf 77' lang='grc' dir='ltr'>αὐτὸν</span> <span class='ocrx_word' id='word_1_249' title='bbox 1715 894 1745 925; x_wconf 78' lang='grc' dir='ltr'>ἦν</span> <span class='ocrx_word' id='word_1_250' title='bbox 1769 896 1857 931; x_wconf 75' lang='grc' dir='ltr'>ιῦθὺς,</span> <span class='ocrx_word' id='word_1_251' title='bbox 1884 901 1933 925; x_wconf 76' lang='grc' dir='ltr'>καὶ</span> 
     </span>
    </p>
   </div>
   <div class='ocr_carea' id='block_1_36' title="bbox 247 934 1072 970">
    <p class='ocr_par' dir='ltr' id='par_1_36' title="bbox 247 934 1072 970">
     <span class='ocr_line' id='line_1_36' title="bbox 247 934 1072 970; baseline -0.001 -7"><span class='ocrx_word' id='word_1_252' title='bbox 247 944 315 963; x_wconf 86' lang='lat' dir='ltr'>mus</span> <span class='ocrx_word' id='word_1_253' title='bbox 329 943 365 963; x_wconf 90' lang='lat' dir='ltr'>ac</span> <span class='ocrx_word' id='word_1_254' title='bbox 379 935 459 963; x_wconf 88' lang='lat' dir='ltr'>velut</span> <span class='ocrx_word' id='word_1_255' title='bbox 476 934 591 969; x_wconf 91' lang='lat' dir='ltr'>collega</span> <span class='ocrx_word' id='word_1_256' title='bbox 609 934 771 968; x_wconf 82' lang='lat' dir='ltr'>dignitatis.</span> <span class='ocrx_word' id='word_1_257' title='bbox 794 937 888 970; x_wconf 81' lang='lat' dir='ltr'>Atque</span> <span class='ocrx_word' id='word_1_258' title='bbox 905 934 975 962; x_wconf 88' lang='lat' dir='ltr'>hinc</span> <span class='ocrx_word' id='word_1_259' title='bbox 997 935 1072 962; x_wconf 89' lang='lat' dir='ltr'>ordi-</span> 
     </span>
    </p>
   </div>
   <div class='ocr_carea' id='block_1_37' title="bbox 247 978 1072 1015">
    <p class='ocr_par' dir='ltr' id='par_1_37' title="bbox 247 978 1072 1015">
     <span class='ocr_line' id='line_1_37' title="bbox 247 978 1072 1015; baseline 0 -7"><span class='ocrx_word' id='word_1_260' title='bbox 247 988 316 1008; x_wconf 86' lang='lat' dir='ltr'>mur</span> <span class='ocrx_word' id='word_1_261' title='bbox 330 980 447 1015; x_wconf 79' lang='lat' dir='ltr'>majora</span> <span class='ocrx_word' id='word_1_262' title='bbox 465 979 573 1010; x_wconf 84' lang='lat' dir='ltr'>dicere.</span> <span class='ocrx_word' id='word_1_263' title='bbox 599 978 764 1006; x_wconf 81' lang='lat' dir='ltr'>exantlatos</span> <span class='ocrx_word' id='word_1_264' title='bbox 785 987 894 1014; x_wconf 90' lang='lat' dir='ltr'>nempe</span> <span class='ocrx_word' id='word_1_265' title='bbox 924 979 953 1007; x_wconf 92' lang='lat' dir='ltr'>in</span> <span class='ocrx_word' id='word_1_266' title='bbox 981 988 1072 1008; x_wconf 88' lang='lat' dir='ltr'>causa</span> 
     </span>
    </p>
   </div>
   <div class='ocr_carea' id='block_1_38' title="bbox 249 1024 1071 1060">
    <p class='ocr_par' dir='ltr' id='par_1_38' title="bbox 249 1024 1071 1060">
     <span class='ocr_line' id='line_1_38' title="bbox 249 1024 1071 1060; baseline 0.001 -8"><span class='ocrx_word' id='word_1_267' title='bbox 249 1024 299 1052; x_wconf 90' lang='lat' dir='ltr'>Dei</span> <span class='ocrx_word' id='word_1_268' title='bbox 312 1024 432 1052; x_wconf 76' lang='lat' dir='ltr'>labores</span> <span class='ocrx_word' id='word_1_269' title='bbox 446 1031 576 1060; x_wconf 62' lang='lat' dir='ltr'>quaeque</span> <span class='ocrx_word' id='word_1_270' title='bbox 589 1031 644 1059; x_wconf 89' lang='lat' dir='ltr'>pro</span> <span class='ocrx_word' id='word_1_271' title='bbox 663 1024 786 1051; x_wconf 83' lang='lat' dir='ltr'>veritate</span> <span class='ocrx_word' id='word_1_272' title='bbox 811 1024 949 1051; x_wconf 86' lang='lat' dir='ltr'>sustinuit</span> <span class='ocrx_word' id='word_1_273' title='bbox 979 1027 1071 1053; x_wconf 80' lang='lat' dir='ltr'>certa—</span> 
     </span>
    </p>
   </div>
   <div class='ocr_carea' id='block_1_39' title="bbox 246 1068 913 1104">
    <p class='ocr_par' dir='ltr' id='par_1_39' title="bbox 246 1068 913 1104">
     <span class='ocr_line' id='line_1_39' title="bbox 246 1068 913 1104; baseline 0 -7"><span class='ocrx_word' id='word_1_274' title='bbox 246 1069 330 1097; x_wconf 87' lang='lat' dir='ltr'>mina</span> <span class='ocrx_word' id='word_1_275' title='bbox 341 1068 540 1097; x_wconf 78' lang='lat' dir='ltr'>admiratione</span> <span class='ocrx_word' id='word_1_276' title='bbox 552 1076 646 1104; x_wconf 88' lang='lat' dir='ltr'>quam</span> <span class='ocrx_word' id='word_1_277' title='bbox 662 1068 795 1096; x_wconf 84' lang='lat' dir='ltr'>maxima</span> <span class='ocrx_word' id='word_1_278' title='bbox 809 1068 913 1103; x_wconf 88' lang='lat' dir='ltr'>digna.</span> 
     </span>
    </p>
   </div>
   <div class='ocr_carea' id='block_1_40' title="bbox 281 1113 1071 1149">
    <p class='ocr_par' dir='ltr' id='par_1_40' title="bbox 281 1113 1071 1149">
     <span class='ocr_line' id='line_1_40' title="bbox 281 1113 1071 1149; baseline 0.001 -7"><span class='ocrx_word' id='word_1_279' title='bbox 281 1116 326 1142; x_wconf 79' lang='lat'>20.</span> <span class='ocrx_word' id='word_1_280' title='bbox 339 1114 396 1142; x_wconf 89' lang='lat' dir='ltr'>Sed</span> <span class='ocrx_word' id='word_1_281' title='bbox 408 1113 532 1149; x_wconf 84' lang='lat' dir='ltr'>quando</span> <span class='ocrx_word' id='word_1_282' title='bbox 546 1113 606 1141; x_wconf 88' lang='lat' dir='ltr'>huc</span> <span class='ocrx_word' id='word_1_283' title='bbox 619 1113 738 1141; x_wconf 89' lang='lat' dir='ltr'>devenit</span> <span class='ocrx_word' id='word_1_284' title='bbox 752 1114 856 1147; x_wconf 83' lang='lat' dir='ltr'>oratio,</span> <span class='ocrx_word' id='word_1_285' title='bbox 873 1114 1004 1148; x_wconf 82' lang='lat' dir='ltr'>agedum</span> <span class='ocrx_word' id='word_1_286' title='bbox 1019 1123 1071 1143; x_wconf 91' lang='lat' dir='ltr'>no-</span> 
     </span>
    </p>
   </div>
   <div class='ocr_carea' id='block_1_41' title="bbox 246 1158 1070 1194">
    <p class='ocr_par' dir='ltr' id='par_1_41' title="bbox 246 1158 1070 1194">
     <span class='ocr_line' id='line_1_41' title="bbox 246 1158 1070 1194; baseline 0 -7"><span class='ocrx_word' id='word_1_287' title='bbox 246 1161 323 1187; x_wconf 79' lang='lat' dir='ltr'>stras</span> <span class='ocrx_word' id='word_1_288' title='bbox 337 1159 537 1186; x_wconf 88' lang='lat' dir='ltr'>lamentemur</span> <span class='ocrx_word' id='word_1_289' title='bbox 546 1158 777 1192; x_wconf 85' lang='lat' dir='ltr'>calamitates,et</span> <span class='ocrx_word' id='word_1_290' title='bbox 791 1158 957 1186; x_wconf 86' lang='lat' dir='ltr'>humanam</span> <span class='ocrx_word' id='word_1_291' title='bbox 968 1159 1070 1194; x_wconf 87' lang='lat' dir='ltr'>lugen-</span> 
     </span>
    </p>
   </div>
   <div class='ocr_carea' id='block_1_42' title="bbox 245 1202 1069 1238">
    <p class='ocr_par' dir='ltr' id='par_1_42' title="bbox 245 1202 1069 1238">
     <span class='ocr_line' id='line_1_42' title="bbox 245 1202 1069 1238; baseline 0.001 -7"><span class='ocrx_word' id='word_1_292' title='bbox 245 1207 289 1231; x_wconf 87' lang='lat' dir='ltr'>tes</span> <span class='ocrx_word' id='word_1_293' title='bbox 296 1203 541 1236; x_wconf 84' lang='lat' dir='ltr'>imbecillitatem,</span> <span class='ocrx_word' id='word_1_294' title='bbox 549 1202 655 1230; x_wconf 88' lang='lat' dir='ltr'>faciam</span> <span class='ocrx_word' id='word_1_295' title='bbox 661 1211 695 1230; x_wconf 89' lang='lat' dir='ltr'>us</span> <span class='ocrx_word' id='word_1_296' title='bbox 702 1203 863 1238; x_wconf 86' lang='lat' dir='ltr'>spectabile</span> <span class='ocrx_word' id='word_1_297' title='bbox 872 1203 1069 1232; x_wconf 89' lang='lat' dir='ltr'>inveteratum</span> 
     </span>
    </p>
   </div>
   <div class='ocr_carea' id='block_1_43' title="bbox 246 1247 1069 1285">
    <p class='ocr_par' dir='ltr' id='par_1_43' title="bbox 246 1247 1069 1285">
     <span class='ocr_line' id='line_1_43' title="bbox 246 1247 1069 1285; baseline 0.001 -9"><span class='ocrx_word' id='word_1_298' title='bbox 246 1249 389 1277; x_wconf 88' lang='lat' dir='ltr'>adversus</span> <span class='ocrx_word' id='word_1_299' title='bbox 406 1256 461 1275; x_wconf 88' lang='lat' dir='ltr'>nos</span> <span class='ocrx_word' id='word_1_300' title='bbox 475 1247 579 1275; x_wconf 88' lang='lat' dir='ltr'>odium</span> <span class='ocrx_word' id='word_1_301' title='bbox 595 1247 726 1275; x_wconf 81' lang='lat' dir='ltr'>auctoris</span> <span class='ocrx_word' id='word_1_302' title='bbox 738 1247 897 1282; x_wconf 88' lang='lat' dir='ltr'>malorum,</span> <span class='ocrx_word' id='word_1_303' title='bbox 920 1251 1009 1285; x_wconf 89' lang='lat' dir='ltr'>atque</span> <span class='ocrx_word' id='word_1_304' title='bbox 1033 1250 1069 1277; x_wconf 87' lang='lat' dir='ltr'>de</span> 
     </span>
    </p>
   </div>
   <div class='ocr_carea' id='block_1_44' title="bbox 244 1292 1070 1329">
    <p class='ocr_par' dir='ltr' id='par_1_44' title="bbox 244 1292 1070 1329">
     <span class='ocr_line' id='line_1_44' title="bbox 244 1292 1070 1329; baseline 0.001 -8"><span class='ocrx_word' id='word_1_305' title='bbox 244 1293 279 1321; x_wconf 89' lang='lat' dir='ltr'>iis</span> <span class='ocrx_word' id='word_1_306' title='bbox 292 1301 359 1329; x_wconf 74' lang='lat' dir='ltr'>quae</span> <span class='ocrx_word' id='word_1_307' title='bbox 380 1292 419 1320; x_wconf 88' lang='lat' dir='ltr'>ab</span> <span class='ocrx_word' id='word_1_308' title='bbox 433 1292 499 1328; x_wconf 92' lang='lat' dir='ltr'>ipso</span> <span class='ocrx_word' id='word_1_309' title='bbox 515 1292 595 1328; x_wconf 81' lang='lat' dir='ltr'>passi</span> <span class='ocrx_word' id='word_1_310' title='bbox 611 1300 715 1319; x_wconf 89' lang='lat' dir='ltr'>sumus</span> <span class='ocrx_word' id='word_1_311' title='bbox 738 1294 767 1319; x_wconf 89' lang='lat' dir='ltr'>et</span> <span class='ocrx_word' id='word_1_312' title='bbox 794 1293 933 1328; x_wconf 80' lang='lat' dir='ltr'>patimur.</span> <span class='ocrx_word' id='word_1_313' title='bbox 965 1296 996 1321; x_wconf 93' lang='lat' dir='ltr'>ut</span> <span class='ocrx_word' id='word_1_314' title='bbox 1015 1301 1070 1329; x_wconf 88' lang='lat' dir='ltr'>par</span> 
     </span>
    </p>
   </div>
   <div class='ocr_carea' id='block_1_45' title="bbox 244 1337 1068 1373">
    <p class='ocr_par' dir='ltr' id='par_1_45' title="bbox 244 1337 1068 1373">
     <span class='ocr_line' id='line_1_45' title="bbox 244 1337 1068 1373; baseline 0 -7"><span class='ocrx_word' id='word_1_315' title='bbox 244 1341 297 1371; x_wconf 88' lang='lat' dir='ltr'>est,</span> <span class='ocrx_word' id='word_1_316' title='bbox 312 1345 544 1373; x_wconf 85' lang='lat' dir='ltr'>conqueramur.</span> <span class='ocrx_word' id='word_1_317' title='bbox 562 1338 637 1364; x_wconf 89' lang='lat' dir='ltr'>Bene</span> <span class='ocrx_word' id='word_1_318' title='bbox 652 1339 775 1364; x_wconf 85' lang='lat' dir='ltr'>eatenus</span> <span class='ocrx_word' id='word_1_319' title='bbox 796 1337 950 1366; x_wconf 83' lang='lat' dir='ltr'>habebant</span> <span class='ocrx_word' id='word_1_320' title='bbox 964 1347 995 1366; x_wconf 88' lang='lat' dir='ltr'>se</span> <span class='ocrx_word' id='word_1_321' title='bbox 1014 1347 1068 1366; x_wconf 91' lang='lat' dir='ltr'>no-</span> 
     </span>
    </p>
   </div>
   <div class='ocr_carea' id='block_1_46' title="bbox 245 1380 1069 1419">
    <p class='ocr_par' dir='ltr' id='par_1_46' title="bbox 245 1380 1069 1419">
     <span class='ocr_line' id='line_1_46' title="bbox 245 1380 1069 1419; baseline 0.001 -9"><span class='ocrx_word' id='word_1_322' title='bbox 245 1385 314 1414; x_wconf 89' lang='lat' dir='ltr'>stra,</span> <span class='ocrx_word' id='word_1_323' title='bbox 331 1384 359 1409; x_wconf 90' lang='lat' dir='ltr'>et</span> <span class='ocrx_word' id='word_1_324' title='bbox 370 1389 416 1409; x_wconf 90' lang='lat' dir='ltr'>res</span> <span class='ocrx_word' id='word_1_325' title='bbox 430 1381 596 1409; x_wconf 85' lang='lat' dir='ltr'>Christiana</span> <span class='ocrx_word' id='word_1_326' title='bbox 610 1380 746 1416; x_wconf 84' lang='lat' dir='ltr'>ﬂorebat,</span> <span class='ocrx_word' id='word_1_327' title='bbox 768 1382 946 1417; x_wconf 76' lang='lat' dir='ltr'>praevalente</span> <span class='ocrx_word' id='word_1_328' title='bbox 958 1383 1069 1419; x_wconf 86' lang='lat' dir='ltr'>ubique</span> 
     </span>
    </p>
   </div>
   <div class='ocr_carea' id='block_1_47' title="bbox 245 1426 1070 1462">
    <p class='ocr_par' dir='ltr' id='par_1_47' title="bbox 245 1426 1070 1462">
     <span class='ocr_line' id='line_1_47' title="bbox 245 1426 1070 1462; baseline 0.001 -7"><span class='ocrx_word' id='word_1_329' title='bbox 245 1427 415 1455; x_wconf 79' lang='lat' dir='ltr'>orthodoxa</span> <span class='ocrx_word' id='word_1_330' title='bbox 429 1426 500 1460; x_wconf 85' lang='lat' dir='ltr'>ﬁde,</span> <span class='ocrx_word' id='word_1_331' title='bbox 515 1426 679 1461; x_wconf 81' lang='lat' dir='ltr'>omniaque</span> <span class='ocrx_word' id='word_1_332' title='bbox 694 1426 855 1454; x_wconf 89' lang='lat' dir='ltr'>universim</span> <span class='ocrx_word' id='word_1_333' title='bbox 862 1427 976 1462; x_wconf 90' lang='lat' dir='ltr'>optimo</span> <span class='ocrx_word' id='word_1_334' title='bbox 984 1432 1070 1456; x_wconf 86' lang='lat' dir='ltr'>erant</span> 
     </span>
    </p>
   </div>
   <div class='ocr_carea' id='block_1_48' title="bbox 243 1470 1067 1506">
    <p class='ocr_par' dir='ltr' id='par_1_48' title="bbox 243 1470 1067 1506">
     <span class='ocr_line' id='line_1_48' title="bbox 243 1470 1067 1506; baseline 0.001 -7"><span class='ocrx_word' id='word_1_335' title='bbox 243 1472 272 1499; x_wconf 91' lang='lat' dir='ltr'>in</span> <span class='ocrx_word' id='word_1_336' title='bbox 289 1474 367 1500; x_wconf 86' lang='lat' dir='ltr'>statu</span> <span class='ocrx_word' id='word_1_337' title='bbox 381 1471 457 1498; x_wconf 86' lang='lat' dir='ltr'>adeo</span> <span class='ocrx_word' id='word_1_338' title='bbox 472 1473 505 1498; x_wconf 90' lang='lat' dir='ltr'>ut</span> <span class='ocrx_word' id='word_1_339' title='bbox 519 1470 645 1498; x_wconf 64' lang='lat' dir='ltr'>caelestis</span> <span class='ocrx_word' id='word_1_340' title='bbox 657 1470 810 1506; x_wconf 71' lang='lat' dir='ltr'>quaedam,</span> <span class='ocrx_word' id='word_1_341' title='bbox 826 1474 857 1498; x_wconf 87' lang='lat' dir='ltr'>ut</span> <span class='ocrx_word' id='word_1_342' title='bbox 874 1474 916 1499; x_wconf 89' lang='lat' dir='ltr'>sic</span> <span class='ocrx_word' id='word_1_343' title='bbox 930 1472 1067 1506; x_wconf 73' lang='lat' dir='ltr'>dixerim,</span> 
     </span>
    </p>
   </div>
   <div class='ocr_carea' id='block_1_49' title="bbox 242 1515 1068 1552">
    <p class='ocr_par' dir='ltr' id='par_1_49' title="bbox 242 1515 1068 1552">
     <span class='ocr_line' id='line_1_49' title="bbox 242 1515 1068 1552; baseline 0.002 -9"><span class='ocrx_word' id='word_1_344' title='bbox 242 1517 323 1551; x_wconf 86' lang='lat' dir='ltr'>regio</span> <span class='ocrx_word' id='word_1_345' title='bbox 338 1516 488 1543; x_wconf 75' lang='lat' dir='ltr'>videretur</span> <span class='ocrx_word' id='word_1_346' title='bbox 501 1523 568 1543; x_wconf 87' lang='lat' dir='ltr'>esse</span> <span class='ocrx_word' id='word_1_347' title='bbox 587 1515 669 1542; x_wconf 89' lang='lat' dir='ltr'>orbis</span> <span class='ocrx_word' id='word_1_348' title='bbox 693 1519 850 1550; x_wconf 85' lang='lat' dir='ltr'>terrarum,</span> <span class='ocrx_word' id='word_1_349' title='bbox 880 1524 953 1552; x_wconf 79' lang='lat' dir='ltr'>quia</span> <span class='ocrx_word' id='word_1_350' title='bbox 979 1518 1068 1545; x_wconf 89' lang='lat' dir='ltr'>rebus</span> 
     </span>
    </p>
   </div>
   <div class='ocr_carea' id='block_1_50' title="bbox 242 1560 1104 1605">
    <p class='ocr_par' dir='ltr' id='par_1_50' title="bbox 242 1560 1104 1605">
     <span class='ocr_line' id='line_1_50' title="bbox 242 1560 1104 1605; baseline 0.002 -17"><span class='ocrx_word' id='word_1_351' title='bbox 242 1561 352 1589; x_wconf 81' lang='lat' dir='ltr'>nostris</span> <span class='ocrx_word' id='word_1_352' title='bbox 367 1567 499 1596; x_wconf 64' lang='lat' dir='ltr'>praesens</span> <span class='ocrx_word' id='word_1_353' title='bbox 515 1560 619 1587; x_wconf 85' lang='lat' dir='ltr'>aderat</span> <span class='ocrx_word' id='word_1_354' title='bbox 632 1561 719 1592; x_wconf 90' lang='lat' dir='ltr'>Deus,</span> <span class='ocrx_word' id='word_1_355' title='bbox 737 1568 829 1596; x_wconf 87' lang='lat' dir='ltr'>seque</span> <span class='ocrx_word' id='word_1_356' title='bbox 843 1561 988 1589; x_wconf 87' lang='lat' dir='ltr'>adversus</span> <span class='ocrx_word' id='word_1_357' title='bbox 998 1570 1067 1590; x_wconf 91' lang='lat' dir='ltr'>con-</span> <span class='ocrx_word' id='word_1_358' title='bbox 1082 1575 1104 1605; x_wconf 70' lang='grc' dir='ltr'><strong>ο</strong></span> 
     </span>
    </p>
   </div>
   <div class='ocr_carea' id='block_1_51' title="bbox 242 1604 1066 1642">
    <p class='ocr_par' dir='ltr' id='par_1_51' title="bbox 242 1604 1066 1642">
     <span class='ocr_line' id='line_1_51' title="bbox 242 1604 1066 1642; baseline 0.001 -8"><span class='ocrx_word' id='word_1_359' title='bbox 242 1605 333 1634; x_wconf 84' lang='lat' dir='ltr'>traria</span> <span class='ocrx_word' id='word_1_360' title='bbox 343 1605 431 1633; x_wconf 89' lang='lat' dir='ltr'>nobis</span> <span class='ocrx_word' id='word_1_361' title='bbox 446 1604 602 1640; x_wconf 79' lang='lat' dir='ltr'>praebebat</span> <span class='ocrx_word' id='word_1_362' title='bbox 611 1608 790 1632; x_wconf 86' lang='lat' dir='ltr'>curatorem.</span> <span class='ocrx_word' id='word_1_363' title='bbox 803 1605 913 1634; x_wconf 88' lang='lat' dir='ltr'>Verum</span> <span class='ocrx_word' id='word_1_364' title='bbox 929 1607 1066 1642; x_wconf 83' lang='lat' dir='ltr'>malignis</span> 
     </span>
    </p>
   </div>
   <div class='ocr_carea' id='block_1_52' title="bbox 243 1649 1067 1688">
    <p class='ocr_par' dir='ltr' id='par_1_52' title="bbox 243 1649 1067 1688">
     <span class='ocr_line' id='line_1_52' title="bbox 243 1649 1067 1688; baseline 0.001 -9"><span class='ocrx_word' id='word_1_365' title='bbox 243 1659 279 1679; x_wconf 86' lang='lat' dir='ltr'>ac</span> <span class='ocrx_word' id='word_1_366' title='bbox 297 1649 514 1678; x_wconf 85' lang='lat' dir='ltr'>fascinantibus</span> <span class='ocrx_word' id='word_1_367' title='bbox 529 1649 623 1677; x_wconf 89' lang='lat' dir='ltr'>oculis</span> <span class='ocrx_word' id='word_1_368' title='bbox 635 1650 751 1685; x_wconf 84' lang='lat' dir='ltr'>aspexit</span> <span class='ocrx_word' id='word_1_369' title='bbox 769 1657 834 1685; x_wconf 78' lang='lat' dir='ltr'>nas,</span> <span class='ocrx_word' id='word_1_370' title='bbox 856 1651 908 1686; x_wconf 89' lang='lat' dir='ltr'>qui</span> <span class='ocrx_word' id='word_1_371' title='bbox 925 1652 990 1686; x_wconf 89' lang='lat' dir='ltr'>jam</span> <span class='ocrx_word' id='word_1_372' title='bbox 1010 1653 1067 1688; x_wconf 86' lang='lat' dir='ltr'>pri-</span> 
     </span>
    </p>
   </div>
   <div class='ocr_carea' id='block_1_53' title="bbox 242 1694 1065 1730">
    <p class='ocr_par' dir='ltr' id='par_1_53' title="bbox 242 1694 1065 1730">
     <span class='ocr_line' id='line_1_53' title="bbox 242 1694 1065 1730; baseline 0.002 -7"><span class='ocrx_word' id='word_1_373' title='bbox 242 1695 312 1723; x_wconf 87' lang='lat' dir='ltr'>dem</span> <span class='ocrx_word' id='word_1_374' title='bbox 332 1694 420 1722; x_wconf 90' lang='lat' dir='ltr'>nobis</span> <span class='ocrx_word' id='word_1_375' title='bbox 439 1694 545 1722; x_wconf 87' lang='lat' dir='ltr'>invidit</span> <span class='ocrx_word' id='word_1_376' title='bbox 565 1695 664 1725; x_wconf 74' lang='lat' dir='ltr'>Satan,</span> <span class='ocrx_word' id='word_1_377' title='bbox 686 1697 776 1730; x_wconf 85' lang='lat' dir='ltr'>atque</span> <span class='ocrx_word' id='word_1_378' title='bbox 796 1698 839 1729; x_wconf 85' lang='lat' dir='ltr'>(ut</span> <span class='ocrx_word' id='word_1_379' title='bbox 869 1696 993 1730; x_wconf 87' lang='lat' dir='ltr'>gentiles</span> <span class='ocrx_word' id='word_1_380' title='bbox 1022 1698 1065 1725; x_wconf 87' lang='lat' dir='ltr'>lo-</span> 
     </span>
    </p>
   </div>
   <div class='ocr_carea' id='block_1_54' title="bbox 242 1738 1065 1776">
    <p class='ocr_par' dir='ltr' id='par_1_54' title="bbox 242 1738 1065 1776">
     <span class='ocr_line' id='line_1_54' title="bbox 242 1738 1065 1776; baseline 0.004 -9"><span class='ocrx_word' id='word_1_381' title='bbox 242 1740 388 1776; x_wconf 87' lang='lat' dir='ltr'>quuntur)</span> <span class='ocrx_word' id='word_1_382' title='bbox 401 1739 485 1773; x_wconf 84' lang='lat' dir='ltr'>gravi</span> <span class='ocrx_word' id='word_1_383' title='bbox 504 1738 712 1774; x_wconf 79' lang='lat' dir='ltr'>Saturnalique</span> <span class='ocrx_word' id='word_1_384' title='bbox 728 1743 853 1775; x_wconf 83' lang='lat' dir='ltr'>aspectu</span> <span class='ocrx_word' id='word_1_385' title='bbox 869 1748 924 1768; x_wconf 88' lang='lat' dir='ltr'>nos</span> <span class='ocrx_word' id='word_1_386' title='bbox 942 1741 1065 1770; x_wconf 84' lang='lat' dir='ltr'>intuitus</span> 
     </span>
    </p>
   </div>
   <div class='ocr_carea' id='block_1_55' title="bbox 242 1783 1065 1819">
    <p class='ocr_par' dir='ltr' id='par_1_55' title="bbox 242 1783 1065 1819">
     <span class='ocr_line' id='line_1_55' title="bbox 242 1783 1065 1819; baseline 0.002 -7"><span class='ocrx_word' id='word_1_387' title='bbox 242 1787 294 1812; x_wconf 90' lang='lat' dir='ltr'>est.</span> <span class='ocrx_word' id='word_1_388' title='bbox 312 1783 436 1811; x_wconf 90' lang='lat' dir='ltr'>Modum</span> <span class='ocrx_word' id='word_1_389' title='bbox 456 1783 544 1818; x_wconf 80' lang='lat' dir='ltr'>igitur</span> <span class='ocrx_word' id='word_1_390' title='bbox 560 1791 628 1811; x_wconf 90' lang='lat' dir='ltr'>acer</span> <span class='ocrx_word' id='word_1_391' title='bbox 640 1783 688 1811; x_wconf 88' lang='lat' dir='ltr'>ille</span> <span class='ocrx_word' id='word_1_392' title='bbox 703 1787 793 1819; x_wconf 88' lang='lat' dir='ltr'>atque</span> <span class='ocrx_word' id='word_1_393' title='bbox 817 1785 856 1812; x_wconf 92' lang='lat' dir='ltr'>ad</span> <span class='ocrx_word' id='word_1_394' title='bbox 878 1785 1065 1814; x_wconf 86' lang='lat' dir='ltr'>malefacien-</span> 
     </span>
    </p>
   </div>
   <div class='ocr_carea' id='block_1_56' title="bbox 241 1828 1066 1867">
    <p class='ocr_par' dir='ltr' id='par_1_56' title="bbox 241 1828 1066 1867">
     <span class='ocr_line' id='line_1_56' title="bbox 241 1828 1066 1867; baseline 0.004 -11"><span class='ocrx_word' id='word_1_395' title='bbox 241 1829 315 1856; x_wconf 88' lang='lat' dir='ltr'>dum</span> <span class='ocrx_word' id='word_1_396' title='bbox 325 1828 490 1856; x_wconf 86' lang='lat' dir='ltr'>iudustrius</span> <span class='ocrx_word' id='word_1_397' title='bbox 505 1828 670 1862; x_wconf 87' lang='lat' dir='ltr'>adinvenit,</span> <span class='ocrx_word' id='word_1_398' title='bbox 685 1836 745 1864; x_wconf 89' lang='lat' dir='ltr'>quo</span> <span class='ocrx_word' id='word_1_399' title='bbox 760 1836 822 1856; x_wconf 87' lang='lat' dir='ltr'>non</span> <span class='ocrx_word' id='word_1_400' title='bbox 834 1829 932 1857; x_wconf 88' lang='lat' dir='ltr'>solum</span> <span class='ocrx_word' id='word_1_401' title='bbox 945 1831 1066 1867; x_wconf 91' lang='lat' dir='ltr'>repelle-</span> 
     </span>
    </p>
   </div>
   <div class='ocr_carea' id='block_1_57' title="bbox 240 1873 1064 1908">
    <p class='ocr_par' dir='ltr' id='par_1_57' title="bbox 240 1873 1064 1908">
     <span class='ocr_line' id='line_1_57' title="bbox 240 1873 1064 1908; baseline 0.002 -6"><span class='ocrx_word' id='word_1_402' title='bbox 240 1881 340 1902; x_wconf 88' lang='lat' dir='ltr'>remur</span> <span class='ocrx_word' id='word_1_403' title='bbox 355 1882 372 1900; x_wconf 86' lang='lat' dir='ltr'>a</span> <span class='ocrx_word' id='word_1_404' title='bbox 387 1873 603 1908; x_wconf 83' lang='lat' dir='ltr'>gubernatione</span> <span class='ocrx_word' id='word_1_405' title='bbox 629 1875 658 1900; x_wconf 90' lang='lat' dir='ltr'>et</span> <span class='ocrx_word' id='word_1_406' title='bbox 683 1873 849 1901; x_wconf 86' lang='lat' dir='ltr'>visitatione</span> <span class='ocrx_word' id='word_1_407' title='bbox 875 1874 987 1907; x_wconf 90' lang='lat' dir='ltr'>divina,</span> <span class='ocrx_word' id='word_1_408' title='bbox 1012 1877 1064 1904; x_wconf 90' lang='lat' dir='ltr'>sed</span> 
     </span>
    </p>
   </div>
   <div class='ocr_carea' id='block_1_58' title="bbox 240 1917 1065 1955">
    <p class='ocr_par' dir='ltr' id='par_1_58' title="bbox 240 1917 1065 1955">
     <span class='ocr_line' id='line_1_58' title="bbox 240 1917 1065 1955; baseline 0.002 -9"><span class='ocrx_word' id='word_1_409' title='bbox 240 1919 340 1955; x_wconf 88' lang='lat' dir='ltr'>ipsum</span> <span class='ocrx_word' id='word_1_410' title='bbox 357 1919 449 1945; x_wconf 87' lang='lat' dir='ltr'>Deum</span> <span class='ocrx_word' id='word_1_411' title='bbox 468 1917 557 1945; x_wconf 90' lang='lat' dir='ltr'>nobis</span> <span class='ocrx_word' id='word_1_412' title='bbox 575 1917 763 1945; x_wconf 79' lang='lat' dir='ltr'>eﬂiceremus</span> <span class='ocrx_word' id='word_1_413' title='bbox 785 1918 952 1954; x_wconf 87' lang='lat' dir='ltr'>inimicum,</span> <span class='ocrx_word' id='word_1_414' title='bbox 977 1923 1005 1948; x_wconf 91' lang='lat' dir='ltr'>et</span> <span class='ocrx_word' id='word_1_415' title='bbox 1026 1921 1065 1948; x_wconf 86' lang='lat' dir='ltr'>ad</span> 
     </span>
    </p>
   </div>
   <div class='ocr_carea' id='block_1_59' title="bbox 241 1962 1060 1993">
    <p class='ocr_par' dir='ltr' id='par_1_59' title="bbox 241 1962 1060 1993">
     <span class='ocr_line' id='line_1_59' title="bbox 241 1962 1060 1993; baseline 0.002 -2"><span class='ocrx_word' id='word_1_416' title='bbox 241 1971 391 1991; x_wconf 83' lang='lat' dir='ltr'>summam</span> <span class='ocrx_word' id='word_1_417' title='bbox 413 1965 518 1990; x_wconf 90' lang='lat' dir='ltr'>contra</span> <span class='ocrx_word' id='word_1_418' title='bbox 537 1970 593 1990; x_wconf 87' lang='lat' dir='ltr'>nos</span> <span class='ocrx_word' id='word_1_419' title='bbox 612 1962 800 1990; x_wconf 87' lang='lat' dir='ltr'>iracundiam</span> <span class='ocrx_word' id='word_1_420' title='bbox 829 1964 1060 1993; x_wconf 78' lang='lat' dir='ltr'>concitaremus.</span> 
     </span>
    </p>
   </div>
   <div class='ocr_carea' id='block_1_60' title="bbox 240 2006 1065 2044">
    <p class='ocr_par' dir='ltr' id='par_1_60' title="bbox 240 2006 1065 2044">
     <span class='ocr_line' id='line_1_60' title="bbox 240 2006 1065 2044; baseline 0.002 -8"><span class='ocrx_word' id='word_1_421' title='bbox 240 2008 389 2041; x_wconf 86' lang='lat' dir='ltr'>Quoniam</span> <span class='ocrx_word' id='word_1_422' title='bbox 405 2010 505 2035; x_wconf 88' lang='lat' dir='ltr'>autem</span> <span class='ocrx_word' id='word_1_423' title='bbox 515 2006 694 2042; x_wconf 87' lang='lat' dir='ltr'>plerumque</span> <span class='ocrx_word' id='word_1_424' title='bbox 707 2008 863 2035; x_wconf 89' lang='lat' dir='ltr'>consuevit</span> <span class='ocrx_word' id='word_1_425' title='bbox 874 2008 1019 2044; x_wconf 88' lang='lat' dir='ltr'>impetum</span> <span class='ocrx_word' id='word_1_426' title='bbox 1034 2011 1065 2038; x_wconf 91' lang='lat' dir='ltr'>in</span> 
     </span>
    </p>
   </div>
   <div class='ocr_carea' id='block_1_61' title="bbox 240 2051 1065 2088">
    <p class='ocr_par' dir='ltr' id='par_1_61' title="bbox 240 2051 1065 2088">
     <span class='ocr_line' id='line_1_61' title="bbox 240 2051 1065 2088; baseline 0.002 -7"><span class='ocrx_word' id='word_1_427' title='bbox 240 2052 378 2081; x_wconf 87' lang='lat' dir='ltr'>homines</span> <span class='ocrx_word' id='word_1_428' title='bbox 395 2059 456 2079; x_wconf 92' lang='lat' dir='ltr'>non</span> <span class='ocrx_word' id='word_1_429' title='bbox 470 2051 568 2079; x_wconf 87' lang='lat' dir='ltr'>facere</span> <span class='ocrx_word' id='word_1_430' title='bbox 579 2051 635 2078; x_wconf 88' lang='lat' dir='ltr'>nisi</span> <span class='ocrx_word' id='word_1_431' title='bbox 643 2059 696 2087; x_wconf 90' lang='lat' dir='ltr'>per</span> <span class='ocrx_word' id='word_1_432' title='bbox 708 2051 852 2086; x_wconf 89' lang='lat' dir='ltr'>medium,</span> <span class='ocrx_word' id='word_1_433' title='bbox 868 2054 1065 2088; x_wconf 88' lang='lat' dir='ltr'>quemadmo—</span> 
     </span>
    </p>
   </div>
   <div class='ocr_carea' id='block_1_62' title="bbox 239 2095 1065 2132">
    <p class='ocr_par' dir='ltr' id='par_1_62' title="bbox 239 2095 1065 2132">
     <span class='ocr_line' id='line_1_62' title="bbox 239 2095 1065 2132; baseline 0.002 -7"><span class='ocrx_word' id='word_1_434' title='bbox 239 2098 314 2125; x_wconf 87' lang='lat' dir='ltr'>dum</span> <span class='ocrx_word' id='word_1_435' title='bbox 329 2097 401 2124; x_wconf 91' lang='lat' dir='ltr'>olim</span> <span class='ocrx_word' id='word_1_436' title='bbox 415 2096 446 2123; x_wconf 89' lang='lat' dir='ltr'>in</span> <span class='ocrx_word' id='word_1_437' title='bbox 472 2095 674 2132; x_wconf 86' lang='lat' dir='ltr'>protoplastos</span> <span class='ocrx_word' id='word_1_438' title='bbox 689 2104 741 2131; x_wconf 82' lang='lat' dir='ltr'>per</span> <span class='ocrx_word' id='word_1_439' title='bbox 761 2099 939 2132; x_wconf 89' lang='lat' dir='ltr'>serpentem,</span> <span class='ocrx_word' id='word_1_440' title='bbox 961 2107 1065 2127; x_wconf 89' lang='lat' dir='ltr'>rursus</span> 
     </span>
    </p>
   </div>
   <div class='ocr_carea' id='block_1_63' title="bbox 240 2140 1063 2178">
    <p class='ocr_par' dir='ltr' id='par_1_63' title="bbox 240 2140 1063 2178">
     <span class='ocr_line' id='line_1_63' title="bbox 240 2140 1063 2178; baseline 0.004 -9"><span class='ocrx_word' id='word_1_441' title='bbox 240 2140 403 2178; x_wconf 88' lang='lat' dir='ltr'>quemdam</span> <span class='ocrx_word' id='word_1_442' title='bbox 424 2140 482 2167; x_wconf 90' lang='lat' dir='ltr'>sibi</span> <span class='ocrx_word' id='word_1_443' title='bbox 500 2140 612 2167; x_wconf 87' lang='lat' dir='ltr'>invenit</span> <span class='ocrx_word' id='word_1_444' title='bbox 631 2148 760 2175; x_wconf 86' lang='lat' dir='ltr'>pravum</span> <span class='ocrx_word' id='word_1_445' title='bbox 780 2142 926 2177; x_wconf 87' lang='lat' dir='ltr'>moribus,</span> <span class='ocrx_word' id='word_1_446' title='bbox 947 2143 1063 2172; x_wconf 88' lang='lat' dir='ltr'>varium</span> 
     </span>
    </p>
   </div>
   <div class='ocr_carea' id='block_1_64' title="bbox 239 2184 1065 2221">
    <p class='ocr_par' dir='ltr' id='par_1_64' title="bbox 239 2184 1065 2221">
     <span class='ocr_line' id='line_1_64' title="bbox 239 2184 1065 2221; baseline 0.002 -7"><span class='ocrx_word' id='word_1_447' title='bbox 239 2188 350 2220; x_wconf 87' lang='lat' dir='ltr'>mente,</span> <span class='ocrx_word' id='word_1_448' title='bbox 366 2184 508 2212; x_wconf 86' lang='lat' dir='ltr'>refertum</span> <span class='ocrx_word' id='word_1_449' title='bbox 521 2184 722 2220; x_wconf 85' lang='lat' dir='ltr'>improbitate,</span> <span class='ocrx_word' id='word_1_450' title='bbox 734 2186 966 2221; x_wconf 87' lang='lat' dir='ltr'>conglomeratis</span> <span class='ocrx_word' id='word_1_451' title='bbox 987 2188 1065 2216; x_wconf 82' lang='lat' dir='ltr'>frau-</span> 
     </span>
    </p>
   </div>
   <div class='ocr_carea' id='block_1_65' title="bbox 239 2228 1064 2267">
    <p class='ocr_par' dir='ltr' id='par_1_65' title="bbox 239 2228 1064 2267">
     <span class='ocr_line' id='line_1_65' title="bbox 239 2228 1064 2267; baseline 0.004 -10"><span class='ocrx_word' id='word_1_452' title='bbox 239 2229 378 2258; x_wconf 79' lang='lat' dir='ltr'>dulentus</span> <span class='ocrx_word' id='word_1_453' title='bbox 394 2228 598 2264; x_wconf 86' lang='lat' dir='ltr'>contortisque</span> <span class='ocrx_word' id='word_1_454' title='bbox 613 2229 643 2256; x_wconf 96' lang='lat' dir='ltr'>in</span> <span class='ocrx_word' id='word_1_455' title='bbox 656 2229 761 2257; x_wconf 89' lang='lat' dir='ltr'>orbem</span> <span class='ocrx_word' id='word_1_456' title='bbox 776 2231 935 2258; x_wconf 86' lang='lat' dir='ltr'>commotis</span> <span class='ocrx_word' id='word_1_457' title='bbox 945 2239 1064 2267; x_wconf 87' lang='lat' dir='ltr'>serpen-</span> 
     </span>
    </p>
   </div>
   <div class='ocr_carea' id='block_1_66' title="bbox 239 2273 1064 2309">
    <p class='ocr_par' dir='ltr' id='par_1_66' title="bbox 239 2273 1064 2309">
     <span class='ocr_line' id='line_1_66' title="bbox 239 2273 1064 2309; baseline 0.005 -7"><span class='ocrx_word' id='word_1_458' title='bbox 239 2277 309 2307; x_wconf 87' lang='lat' dir='ltr'>tem,</span> <span class='ocrx_word' id='word_1_459' title='bbox 326 2273 489 2301; x_wconf 78' lang='lat' dir='ltr'>iracundiae</span> <span class='ocrx_word' id='word_1_460' title='bbox 503 2281 573 2301; x_wconf 91' lang='lat' dir='ltr'>vero</span> <span class='ocrx_word' id='word_1_461' title='bbox 588 2273 703 2309; x_wconf 88' lang='lat' dir='ltr'>impetu</span> <span class='ocrx_word' id='word_1_462' title='bbox 723 2276 751 2301; x_wconf 92' lang='lat' dir='ltr'>et</span> <span class='ocrx_word' id='word_1_463' title='bbox 765 2274 944 2303; x_wconf 87' lang='lat' dir='ltr'>intolerandi</span> <span class='ocrx_word' id='word_1_464' title='bbox 957 2276 1064 2306; x_wconf 86' lang='lat' dir='ltr'>furoris</span> 
     </span>
    </p>
   </div>
   <div class='ocr_carea' id='block_1_67' title="bbox 238 2317 1064 2358">
    <p class='ocr_par' dir='ltr' id='par_1_67' title="bbox 238 2317 1064 2358">
     <span class='ocr_line' id='line_1_67' title="bbox 238 2317 1064 2358; baseline 0.005 -13"><span class='ocrx_word' id='word_1_465' title='bbox 238 2318 429 2346; x_wconf 87' lang='lat' dir='ltr'>vehementia</span> <span class='ocrx_word' id='word_1_466' title='bbox 442 2317 566 2351; x_wconf 88' lang='lat' dir='ltr'>bellum,</span> <span class='ocrx_word' id='word_1_467' title='bbox 583 2326 617 2345; x_wconf 83' lang='lat' dir='ltr'>ac</span> <span class='ocrx_word' id='word_1_468' title='bbox 635 2326 769 2353; x_wconf 88' lang='lat' dir='ltr'>congrua</span> <span class='ocrx_word' id='word_1_469' title='bbox 788 2319 834 2346; x_wconf 90' lang='lat' dir='ltr'>sui</span> <span class='ocrx_word' id='word_1_470' title='bbox 853 2321 985 2349; x_wconf 89' lang='lat' dir='ltr'>nominis</span> <span class='ocrx_word' id='word_1_471' title='bbox 1009 2330 1064 2358; x_wconf 79' lang='lat' dir='ltr'>ap-</span> 
     </span>
    </p>
   </div>
   <div class='ocr_carea' id='block_1_68' title="bbox 238 2363 1063 2400">
    <p class='ocr_par' dir='ltr' id='par_1_68' title="bbox 238 2363 1063 2400">
     <span class='ocr_line' id='line_1_68' title="bbox 238 2363 1063 2400; baseline 0.006 -10"><span class='ocrx_word' id='word_1_472' title='bbox 238 2363 398 2399; x_wconf 74' lang='lat' dir='ltr'>pollutione</span> <span class='ocrx_word' id='word_1_473' title='bbox 412 2363 541 2396; x_wconf 81' lang='lat' dir='ltr'>leonem,</span> <span class='ocrx_word' id='word_1_474' title='bbox 558 2364 698 2395; x_wconf 85' lang='lat' dir='ltr'>Leonem,</span> <span class='ocrx_word' id='word_1_475' title='bbox 726 2363 861 2400; x_wconf 86' lang='lat' dir='ltr'>inquam,</span> <span class='ocrx_word' id='word_1_476' title='bbox 892 2373 928 2392; x_wconf 79' lang='lat' dir='ltr'>ex</span> <span class='ocrx_word' id='word_1_477' title='bbox 954 2367 1063 2395; x_wconf 89' lang='lat' dir='ltr'>Isauris</span> 
     </span>
    </p>
   </div>
   <div class='ocr_carea' id='block_1_69' title="bbox 238 2407 1062 2447">
    <p class='ocr_par' dir='ltr' id='par_1_69' title="bbox 238 2407 1062 2447">
     <span class='ocr_line' id='line_1_69' title="bbox 238 2407 1062 2447; baseline 0.005 -11"><span class='ocrx_word' id='word_1_478' title='bbox 238 2410 419 2444; x_wconf 87' lang='lat' dir='ltr'>apostatam,</span> <span class='ocrx_word' id='word_1_479' title='bbox 430 2408 482 2443; x_wconf 88' lang='lat' dir='ltr'>qui</span> <span class='ocrx_word' id='word_1_480' title='bbox 492 2407 625 2443; x_wconf 91' lang='lat' dir='ltr'>primum</span> <span class='ocrx_word' id='word_1_481' title='bbox 634 2407 758 2436; x_wconf 91' lang='lat' dir='ltr'>domino</span> <span class='ocrx_word' id='word_1_482' title='bbox 765 2416 822 2436; x_wconf 90' lang='lat' dir='ltr'>suo</span> <span class='ocrx_word' id='word_1_483' title='bbox 829 2411 1062 2447; x_wconf 82' lang='lat' dir='ltr'>imperatorique</span> 
     </span>
    </p>
   </div>
   <div class='ocr_carea' id='block_1_70' title="bbox 239 2452 1062 2491">
    <p class='ocr_par' dir='ltr' id='par_1_70' title="bbox 239 2452 1062 2491">
     <span class='ocr_line' id='line_1_70' title="bbox 239 2452 1062 2491; baseline 0.004 -10"><span class='ocrx_word' id='word_1_484' title='bbox 239 2455 389 2489; x_wconf 87' lang='lat' dir='ltr'>acceptus,</span> <span class='ocrx_word' id='word_1_485' title='bbox 401 2453 567 2488; x_wconf 89' lang='lat' dir='ltr'>potentiam</span> <span class='ocrx_word' id='word_1_486' title='bbox 577 2452 642 2487; x_wconf 88' lang='lat' dir='ltr'>ejus</span> <span class='ocrx_word' id='word_1_487' title='bbox 649 2454 741 2488; x_wconf 86' lang='lat' dir='ltr'>atque</span> <span class='ocrx_word' id='word_1_488' title='bbox 749 2452 910 2489; x_wconf 85' lang='lat' dir='ltr'>imperium</span> <span class='ocrx_word' id='word_1_489' title='bbox 920 2455 1062 2491; x_wconf 82' lang='lat' dir='ltr'>supplan-</span> 
     </span>
    </p>
   </div>
   <div class='ocr_carea' id='block_1_71' title="bbox 238 2498 1062 2533">
    <p class='ocr_par' dir='ltr' id='par_1_71' title="bbox 238 2498 1062 2533">
     <span class='ocr_line' id='line_1_71' title="bbox 238 2498 1062 2533; baseline 0.004 -7"><span class='ocrx_word' id='word_1_490' title='bbox 238 2499 319 2532; x_wconf 85' lang='lat' dir='ltr'>tavit,</span> <span class='ocrx_word' id='word_1_491' title='bbox 328 2506 390 2526; x_wconf 91' lang='lat' dir='ltr'>non</span> <span class='ocrx_word' id='word_1_492' title='bbox 405 2505 553 2533; x_wconf 86' lang='lat' dir='ltr'>generosa</span> <span class='ocrx_word' id='word_1_493' title='bbox 563 2498 697 2533; x_wconf 84' lang='lat' dir='ltr'>quadam</span> <span class='ocrx_word' id='word_1_494' title='bbox 717 2498 889 2527; x_wconf 85' lang='lat' dir='ltr'>strenuitate</span> <span class='ocrx_word' id='word_1_495' title='bbox 913 2508 986 2528; x_wconf 87' lang='lat' dir='ltr'>usus</span> <span class='ocrx_word' id='word_1_496' title='bbox 1013 2506 1062 2533; x_wconf 90' lang='lat' dir='ltr'>(ne</span> 
     </span>
    </p>
   </div>
   <div class='ocr_carea' id='block_1_72' title="bbox 237 2542 1062 2580">
    <p class='ocr_par' dir='ltr' id='par_1_72' title="bbox 237 2542 1062 2580">
     <span class='ocr_line' id='line_1_72' title="bbox 237 2542 1062 2580; baseline 0.002 -9"><span class='ocrx_word' id='word_1_497' title='bbox 237 2543 306 2580; x_wconf 82' lang='lat' dir='ltr'>quis</span> <span class='ocrx_word' id='word_1_498' title='bbox 320 2543 378 2572; x_wconf 90' lang='lat' dir='ltr'>hoc</span> <span class='ocrx_word' id='word_1_499' title='bbox 391 2543 498 2579; x_wconf 88' lang='lat' dir='ltr'>putet),</span> <span class='ocrx_word' id='word_1_500' title='bbox 519 2542 573 2570; x_wconf 86' lang='lat' dir='ltr'>sed</span> <span class='ocrx_word' id='word_1_501' title='bbox 591 2542 668 2570; x_wconf 90' lang='lat' dir='ltr'>dolis</span> <span class='ocrx_word' id='word_1_502' title='bbox 685 2545 714 2570; x_wconf 87' lang='lat' dir='ltr'>et</span> <span class='ocrx_word' id='word_1_503' title='bbox 740 2542 900 2571; x_wconf 82' lang='lat' dir='ltr'>fraudibus</span> <span class='ocrx_word' id='word_1_504' title='bbox 913 2552 919 2571; x_wconf 90' lang='lat'>:</span> <span class='ocrx_word' id='word_1_505' title='bbox 931 2544 1062 2573; x_wconf 83' lang='lat' dir='ltr'>vafrities</span> 
     </span>
    </p>
   </div>
   <div class='ocr_carea' id='block_1_73' title="bbox 237 2586 1063 2624">
    <p class='ocr_par' dir='ltr' id='par_1_73' title="bbox 237 2586 1063 2624">
     <span class='ocr_line' id='line_1_73' title="bbox 237 2586 1063 2624; baseline 0.002 -8"><span class='ocrx_word' id='word_1_506' title='bbox 237 2587 388 2624; x_wconf 86' lang='lat' dir='ltr'>siquidem</span> <span class='ocrx_word' id='word_1_507' title='bbox 402 2586 486 2615; x_wconf 87' lang='lat' dir='ltr'>haud</span> <span class='ocrx_word' id='word_1_508' title='bbox 499 2594 569 2614; x_wconf 86' lang='lat' dir='ltr'>raro</span> <span class='ocrx_word' id='word_1_509' title='bbox 587 2587 705 2622; x_wconf 83' lang='lat' dir='ltr'>peragit</span> <span class='ocrx_word' id='word_1_510' title='bbox 725 2595 838 2623; x_wconf 85' lang='lat' dir='ltr'>magna</span> <span class='ocrx_word' id='word_1_511' title='bbox 860 2588 1014 2624; x_wconf 64' lang='lat' dir='ltr'>quaedam,</span> <span class='ocrx_word' id='word_1_512' title='bbox 1034 2593 1063 2618; x_wconf 89' lang='lat' dir='ltr'>et</span> 
     </span>
    </p>
   </div>
   <div class='ocr_carea' id='block_1_74' title="bbox 272 2684 1063 2721">
    <p class='ocr_par' dir='ltr' id='par_1_74' title="bbox 272 2684 1063 2721">
     <span class='ocr_line' id='line_1_74' title="bbox 272 2684 1063 2721; baseline 0.003 -7"><span class='ocrx_word' id='word_1_513' title='bbox 272 2687 326 2721; x_wconf 79' lang='lat' dir='ltr'>(t0)</span> <span class='ocrx_word' id='word_1_514' title='bbox 342 2684 526 2721; x_wconf 85' lang='lat' dir='ltr'>Theobosius</span> <span class='ocrx_word' id='word_1_515' title='bbox 538 2684 773 2721; x_wconf 70' lang='lat' dir='ltr'>Adramyttenus</span> <span class='ocrx_word' id='word_1_516' title='bbox 786 2686 836 2715; x_wconf 88' lang='lat' dir='ltr'>hic</span> <span class='ocrx_word' id='word_1_517' title='bbox 856 2689 934 2715; x_wconf 82' lang='lat' dir='ltr'>esset</span> <span class='ocrx_word' id='word_1_518' title='bbox 958 2687 1063 2716; x_wconf 85' lang='lat' dir='ltr'>intelli-</span> 
     </span>
    </p>
   </div>
   <div class='ocr_carea' id='block_1_75' title="bbox 235 2719 1062 2757">
    <p class='ocr_par' dir='ltr' id='par_1_75' title="bbox 235 2719 1062 2757">
     <span class='ocr_line' id='line_1_75' title="bbox 235 2719 1062 2757; baseline 0.005 -9"><span class='ocrx_word' id='word_1_519' title='bbox 235 2719 365 2757; x_wconf 79' lang='lat' dir='ltr'>gendus,</span> <span class='ocrx_word' id='word_1_520' title='bbox 382 2719 611 2757; x_wconf 19' lang='lat' dir='ltr'>quiVAnastasio</span> <span class='ocrx_word' id='word_1_521' title='bbox 626 2719 762 2757; x_wconf 82' lang='lat' dir='ltr'>deposito</span> <span class='ocrx_word' id='word_1_522' title='bbox 782 2721 924 2750; x_wconf 72' lang='lat' dir='ltr'>suffectus</span> <span class='ocrx_word' id='word_1_523' title='bbox 944 2730 993 2751; x_wconf 89' lang='lat' dir='ltr'>an.</span> <span class='ocrx_word' id='word_1_524' title='bbox 1011 2727 1062 2753; x_wconf 82' lang='grc'>715</span> 
     </span>
    </p>
   </div>
   <div class='ocr_carea' id='block_1_76' title="bbox 236 2755 1060 2796">
    <p class='ocr_par' dir='ltr' id='par_1_76' title="bbox 236 2755 1060 2796">
     <span class='ocr_line' id='line_1_76' title="bbox 236 2755 1060 2796; baseline 0.004 -12"><span class='ocrx_word' id='word_1_525' title='bbox 236 2755 327 2796; x_wconf 77' lang='lat' dir='ltr'>Leoni</span> <span class='ocrx_word' id='word_1_526' title='bbox 339 2755 428 2796; x_wconf 78' lang='lat' dir='ltr'>cessit</span> <span class='ocrx_word' id='word_1_527' title='bbox 440 2755 620 2796; x_wconf 75' lang='lat' dir='ltr'>imperium:</span> <span class='ocrx_word' id='word_1_528' title='bbox 641 2755 745 2796; x_wconf 74' lang='lat' dir='ltr'>verum</span> <span class='ocrx_word' id='word_1_529' title='bbox 764 2764 826 2796; x_wconf 72' lang='lat' dir='ltr'>non</span> <span class='ocrx_word' id='word_1_530' title='bbox 845 2765 866 2796; x_wconf 83' lang='lat' dir='ltr'>a_</span> <span class='ocrx_word' id='word_1_531' title='bbox 881 2758 1060 2794; x_wconf 89' lang='lat' dir='ltr'>Theodosio,</span> 
     </span>
    </p>
   </div>
   <div class='ocr_carea' id='block_1_77' title="bbox 235 2791 1062 2827">
    <p class='ocr_par' dir='ltr' id='par_1_77' title="bbox 235 2791 1062 2827">
     <span class='ocr_line' id='line_1_77' title="bbox 235 2791 1062 2827; baseline 0.004 -7"><span class='ocrx_word' id='word_1_532' title='bbox 235 2791 289 2820; x_wconf 83' lang='lat' dir='ltr'>sed</span> <span class='ocrx_word' id='word_1_533' title='bbox 300 2791 340 2821; x_wconf 85' lang='lat' dir='ltr'>ab</span> <span class='ocrx_word' id='word_1_534' title='bbox 355 2791 516 2819; x_wconf 80' lang='lat' dir='ltr'>Anastasio</span> <span class='ocrx_word' id='word_1_535' title='bbox 529 2791 740 2827; x_wconf 63' lang='lat' dir='ltr'>praefecturam</span> <span class='ocrx_word' id='word_1_536' title='bbox 759 2793 885 2822; x_wconf 86' lang='lat' dir='ltr'>Orientis</span> <span class='ocrx_word' id='word_1_537' title='bbox 905 2791 1062 2823; x_wconf 84' lang='lat' dir='ltr'>assecutus</span> 
     </span>
    </p>
   </div>
   <div class='ocr_carea' id='block_1_78' title="bbox 235 2827 1062 2866">
    <p class='ocr_par' dir='ltr' id='par_1_78' title="bbox 235 2827 1062 2866">
     <span class='ocr_line' id='line_1_78' title="bbox 235 2827 1062 2866; baseline 0.005 -10"><span class='ocrx_word' id='word_1_538' title='bbox 235 2831 298 2858; x_wconf 78' lang='lat' dir='ltr'>erat</span> <span class='ocrx_word' id='word_1_539' title='bbox 312 2829 372 2857; x_wconf 86' lang='lat' dir='ltr'>Leo</span> <span class='ocrx_word' id='word_1_540' title='bbox 383 2835 390 2863; x_wconf 70' lang='grc' dir='ltr'>ς</span> <span class='ocrx_word' id='word_1_541' title='bbox 405 2827 608 2856; x_wconf 86' lang='lat' dir='ltr'>Theodosium</span> <span class='ocrx_word' id='word_1_542' title='bbox 619 2835 692 2857; x_wconf 82' lang='lat' dir='ltr'>vero</span> <span class='ocrx_word' id='word_1_543' title='bbox 699 2834 859 2865; x_wconf 82' lang='lat' dir='ltr'>nunquam</span> <span class='ocrx_word' id='word_1_544' title='bbox 875 2830 998 2866; x_wconf 82' lang='lat' dir='ltr'>agnovit</span> <span class='ocrx_word' id='word_1_545' title='bbox 1006 2831 1062 2859; x_wconf 87' lang='lat' dir='ltr'>im-</span> 
     </span>
    </p>
   </div>
   <div class='ocr_carea' id='block_1_79' title="bbox 1129 937 1934 978">
    <p class='ocr_par' dir='ltr' id='par_1_79' title="bbox 1129 937 1934 978">
     <span class='ocr_line' id='line_1_79' title="bbox 1129 937 1934 978; baseline 0.01 -17"><span class='ocrx_word' id='word_1_546' title='bbox 1129 937 1261 973; x_wconf 65' lang='grc' dir='ltr'>σύναρχος</span> <span class='ocrx_word' id='word_1_547' title='bbox 1274 937 1429 974; x_wconf 79' lang='grc' dir='ltr'>ἐνενὸμιστο.</span> <span class='ocrx_word' id='word_1_548' title='bbox 1451 938 1520 965; x_wconf 84' lang='grc' dir='ltr'>Ἐνὸν</span> <span class='ocrx_word' id='word_1_549' title='bbox 1548 938 1608 966; x_wconf 77' lang='grc' dir='ltr'>ἰδοὺ</span> <span class='ocrx_word' id='word_1_550' title='bbox 1628 940 1710 976; x_wconf 74' lang='grc' dir='ltr'>λέγειν</span> <span class='ocrx_word' id='word_1_551' title='bbox 1727 942 1761 967; x_wconf 79' lang='grc' dir='ltr'><strong>τὰ</strong></span> <span class='ocrx_word' id='word_1_552' title='bbox 1783 941 1867 978; x_wconf 68' lang='grc' dir='ltr'>μείζω</span> <span class='ocrx_word' id='word_1_553' title='bbox 1885 944 1934 970; x_wconf 62' lang='grc' dir='ltr'><em>κά</em></span> 
     </span>
    </p>
   </div>
   <div class='ocr_carea' id='block_1_80' title="bbox 1126 984 1933 1023">
    <p class='ocr_par' dir='ltr' id='par_1_80' title="bbox 1126 984 1933 1023">
     <span class='ocr_line' id='line_1_80' title="bbox 1126 984 1933 1023; baseline 0.012 -19"><span class='ocrx_word' id='word_1_554' title='bbox 1126 984 1276 1017; x_wconf 72' lang='grc' dir='ltr'>τιμιώτερα,</span> <span class='ocrx_word' id='word_1_555' title='bbox 1296 984 1328 1008; x_wconf 80' lang='grc' dir='ltr'>τὰ</span> <span class='ocrx_word' id='word_1_556' title='bbox 1363 985 1429 1009; x_wconf 82' lang='grc' dir='ltr'>κατὰ</span> <span class='ocrx_word' id='word_1_557' title='bbox 1452 986 1517 1011; x_wconf 73' lang='grc' dir='ltr'>Θεὸν</span> <span class='ocrx_word' id='word_1_558' title='bbox 1545 986 1637 1011; x_wconf 83' lang='grc' dir='ltr'>τούτου</span> <span class='ocrx_word' id='word_1_559' title='bbox 1674 986 1856 1023; x_wconf 69' lang='grc' dir='ltr'>παλαίσματα,</span> <span class='ocrx_word' id='word_1_560' title='bbox 1882 990 1933 1015; x_wconf 67' lang='grc' dir='ltr'>καὶ</span> 
     </span>
    </p>
   </div>
   <div class='ocr_carea' id='block_1_81' title="bbox 1126 1026 1801 1066">
    <p class='ocr_par' dir='ltr' id='par_1_81' title="bbox 1126 1026 1801 1066">
     <span class='ocr_line' id='line_1_81' title="bbox 1126 1026 1801 1066; baseline 0.01 -16"><span class='ocrx_word' id='word_1_561' title='bbox 1126 1027 1159 1050; x_wconf 76' lang='grc' dir='ltr'>τὰ</span> <span class='ocrx_word' id='word_1_562' title='bbox 1172 1026 1235 1060; x_wconf 68' lang='grc' dir='ltr'>ὑπὲρ</span> <span class='ocrx_word' id='word_1_563' title='bbox 1250 1030 1296 1056; x_wconf 85' lang='grc' dir='ltr'>τῆς</span> <span class='ocrx_word' id='word_1_564' title='bbox 1313 1026 1435 1058; x_wconf 75' lang='grc' dir='ltr'>ἀληθείας</span> <span class='ocrx_word' id='word_1_565' title='bbox 1450 1028 1598 1065; x_wconf 74' lang='grc' dir='ltr'>ἀξιάγαστα</span> <span class='ocrx_word' id='word_1_566' title='bbox 1617 1029 1801 1066; x_wconf 74' lang='grc' dir='ltr'>ἀγωνίσματα.</span> 
     </span>
    </p>
   </div>
   <div class='ocr_carea' id='block_1_82' title="bbox 1161 1115 1930 1158">
    <p class='ocr_par' dir='ltr' id='par_1_82' title="bbox 1161 1115 1930 1158">
     <span class='ocr_line' id='line_1_82' title="bbox 1161 1115 1930 1158; baseline 0.01 -19"><span class='ocrx_word' id='word_1_567' title='bbox 1161 1115 1196 1143; x_wconf 82' lang='lat' dir='ltr'>x’.</span> <span class='ocrx_word' id='word_1_568' title='bbox 1217 1115 1284 1141; x_wconf 76' lang='grc' dir='ltr'>Ἀλλ’</span> <span class='ocrx_word' id='word_1_569' title='bbox 1323 1116 1425 1154; x_wconf 73' lang='grc' dir='ltr'>ἐπείπερ</span> <span class='ocrx_word' id='word_1_570' title='bbox 1460 1117 1551 1144; x_wconf 84' lang='grc' dir='ltr'>ἐνθαδὶ</span> <span class='ocrx_word' id='word_1_571' title='bbox 1587 1122 1632 1144; x_wconf 78' lang='grc' dir='ltr'>τοῦ</span> <span class='ocrx_word' id='word_1_572' title='bbox 1668 1119 1747 1155; x_wconf 75' lang='grc' dir='ltr'>λόγου</span> <span class='ocrx_word' id='word_1_573' title='bbox 1775 1122 1930 1158; x_wconf 68' lang='grc' dir='ltr'>γεγένημαι,</span> 
     </span>
    </p>
   </div>
   <div class='ocr_carea' id='block_1_83' title="bbox 1125 1158 1931 1203">
    <p class='ocr_par' dir='ltr' id='par_1_83' title="bbox 1125 1158 1931 1203">
     <span class='ocr_line' id='line_1_83' title="bbox 1125 1158 1931 1203; baseline 0.01 -19"><span class='ocrx_word' id='word_1_574' title='bbox 1125 1159 1173 1193; x_wconf 73' lang='grc' dir='ltr'>οἵγε</span> <span class='ocrx_word' id='word_1_575' title='bbox 1191 1158 1224 1188; x_wconf 75' lang='grc' dir='ltr'>δὴ</span> <span class='ocrx_word' id='word_1_576' title='bbox 1241 1162 1274 1185; x_wconf 78' lang='grc' dir='ltr'>τὰ</span> <span class='ocrx_word' id='word_1_577' title='bbox 1288 1162 1402 1197; x_wconf 79' lang='grc' dir='ltr'>ἡμέτερα</span> <span class='ocrx_word' id='word_1_578' title='bbox 1427 1163 1551 1198; x_wconf 76' lang='grc' dir='ltr'>θρηνήσω</span> <span class='ocrx_word' id='word_1_579' title='bbox 1576 1164 1659 1197; x_wconf 80' lang='grc' dir='ltr'>πάθη,</span> <span class='ocrx_word' id='word_1_580' title='bbox 1688 1167 1734 1190; x_wconf 79' lang='grc' dir='ltr'>καὶ</span> <span class='ocrx_word' id='word_1_581' title='bbox 1760 1166 1809 1194; x_wconf 78' lang='grc' dir='ltr'>τὴν</span> <span class='ocrx_word' id='word_1_582' title='bbox 1832 1164 1931 1203; x_wconf 68' lang='grc' dir='ltr'>ἂνθρω-</span> 
     </span>
    </p>
   </div>
   <div class='ocr_carea' id='block_1_84' title="bbox 1126 1204 1931 1244">
    <p class='ocr_par' dir='ltr' id='par_1_84' title="bbox 1126 1204 1931 1244">
     <span class='ocr_line' id='line_1_84' title="bbox 1126 1204 1931 1244; baseline 0.011 -16"><span class='ocrx_word' id='word_1_583' title='bbox 1126 1206 1201 1232; x_wconf 83' lang='grc' dir='ltr'>πίνην</span> <span class='ocrx_word' id='word_1_584' title='bbox 1227 1204 1359 1230; x_wconf 78' lang='grc' dir='ltr'>ἀσθένειαν</span> <span class='ocrx_word' id='word_1_585' title='bbox 1394 1206 1613 1244; x_wconf 82' lang='grc' dir='ltr'>ἀποχλαὺσωμαι,</span> <span class='ocrx_word' id='word_1_586' title='bbox 1653 1211 1702 1237; x_wconf 85' lang='grc' dir='ltr'>τήν</span> <span class='ocrx_word' id='word_1_587' title='bbox 1743 1218 1771 1236; x_wconf 76' lang='grc' dir='ltr'><strong><em>τι</em></strong></span> <span class='ocrx_word' id='word_1_588' title='bbox 1815 1210 1931 1237; x_wconf 63' lang='grc' dir='ltr'>παλαιὰν</span> 
     </span>
    </p>
   </div>
   <div class='ocr_carea' id='block_1_85' title="bbox 1125 1250 1928 1291">
    <p class='ocr_par' dir='ltr' id='par_1_85' title="bbox 1125 1250 1928 1291">
     <span class='ocr_line' id='line_1_85' title="bbox 1125 1250 1928 1291; baseline 0.011 -18"><span class='ocrx_word' id='word_1_589' title='bbox 1125 1250 1190 1284; x_wconf 84' lang='grc' dir='ltr'>πρὸς</span> <span class='ocrx_word' id='word_1_590' title='bbox 1217 1250 1285 1284; x_wconf 67' lang='grc' dir='ltr'>ἡμᾶς</span> <span class='ocrx_word' id='word_1_591' title='bbox 1312 1255 1358 1276; x_wconf 71' lang='grc' dir='ltr'>τού</span> <span class='ocrx_word' id='word_1_592' title='bbox 1388 1251 1538 1287; x_wconf 76' lang='grc' dir='ltr'>ὰρχεκάχου</span> <span class='ocrx_word' id='word_1_593' title='bbox 1567 1252 1736 1289; x_wconf 74' lang='grc' dir='ltr'>θριαμϐεύσω</span> <span class='ocrx_word' id='word_1_594' title='bbox 1759 1252 1928 1291; x_wconf 69' lang='grc' dir='ltr'>δυσμὲιιιαυ,</span> 
     </span>
    </p>
   </div>
   <div class='ocr_carea' id='block_1_86' title="bbox 1125 1294 1931 1335">
    <p class='ocr_par' dir='ltr' id='par_1_86' title="bbox 1125 1294 1931 1335">
     <span class='ocr_line' id='line_1_86' title="bbox 1125 1294 1931 1335; baseline 0.011 -18"><span class='ocrx_word' id='word_1_595' title='bbox 1125 1296 1169 1318; x_wconf 80' lang='grc' dir='ltr'>χαι</span> <span class='ocrx_word' id='word_1_596' title='bbox 1190 1295 1222 1323; x_wconf 86' lang='grc' dir='ltr'>ὼς</span> <span class='ocrx_word' id='word_1_597' title='bbox 1240 1295 1308 1325; x_wconf 75' lang='grc' dir='ltr'>εἰκὸς</span> <span class='ocrx_word' id='word_1_598' title='bbox 1334 1294 1508 1332; x_wconf 72' lang='grc' dir='ltr'>ὰποδὺρωμαι</span> <span class='ocrx_word' id='word_1_599' title='bbox 1534 1298 1596 1334; x_wconf 73' lang='grc' dir='ltr'>ὑπὲρ</span> <span class='ocrx_word' id='word_1_600' title='bbox 1626 1298 1660 1323; x_wconf 83' lang='grc' dir='ltr'>ὧν</span> <span class='ocrx_word' id='word_1_601' title='bbox 1692 1300 1758 1335; x_wconf 85' lang='grc' dir='ltr'>πρὸς</span> <span class='ocrx_word' id='word_1_602' title='bbox 1780 1299 1863 1326; x_wconf 67' lang='grc' dir='ltr'>αὐτοῦ</span> <span class='ocrx_word' id='word_1_603' title='bbox 1885 1308 1931 1326; x_wconf 70' lang='grc' dir='ltr'>πσ-</span> 
     </span>
    </p>
   </div>
   <div class='ocr_carea' id='block_1_87' title="bbox 1124 1338 1929 1379">
    <p class='ocr_par' dir='ltr' id='par_1_87' title="bbox 1124 1338 1929 1379">
     <span class='ocr_line' id='line_1_87' title="bbox 1124 1338 1929 1379; baseline 0.01 -17"><span class='ocrx_word' id='word_1_604' title='bbox 1124 1338 1252 1374; x_wconf 81' lang='grc' dir='ltr'>πὸνθαμέν</span> <span class='ocrx_word' id='word_1_605' title='bbox 1275 1349 1301 1364; x_wconf 72' lang='grc' dir='ltr'>’νε</span> <span class='ocrx_word' id='word_1_606' title='bbox 1330 1342 1375 1365; x_wconf 83' lang='grc' dir='ltr'>καὶ</span> <span class='ocrx_word' id='word_1_607' title='bbox 1407 1341 1557 1376; x_wconf 71' lang='grc' dir='ltr'>πάσχομεν.</span> <span class='ocrx_word' id='word_1_608' title='bbox 1589 1341 1654 1378; x_wconf 78' lang='grc' dir='ltr'>Εἶχε</span> <span class='ocrx_word' id='word_1_609' title='bbox 1678 1344 1724 1379; x_wconf 69' lang='grc' dir='ltr'>μὶν</span> <span class='ocrx_word' id='word_1_610' title='bbox 1750 1345 1813 1374; x_wconf 63' lang='grc' dir='ltr'>τίσις</span> <span class='ocrx_word' id='word_1_611' title='bbox 1838 1341 1867 1369; x_wconf 75' lang='grc' dir='ltr'>αὖ</span> <span class='ocrx_word' id='word_1_612' title='bbox 1893 1345 1929 1370; x_wconf 71' lang='grc' dir='ltr'><strong><em>τά</em></strong></span> 
     </span>
    </p>
   </div>
   <div class='ocr_carea' id='block_1_88' title="bbox 1124 1382 1927 1424">
    <p class='ocr_par' dir='ltr' id='par_1_88' title="bbox 1124 1382 1927 1424">
     <span class='ocr_line' id='line_1_88' title="bbox 1124 1382 1927 1424; baseline 0.006 -15"><span class='ocrx_word' id='word_1_613' title='bbox 1124 1382 1245 1419; x_wconf 73' lang='grc' dir='ltr'>ἡμέτερα,</span> <span class='ocrx_word' id='word_1_614' title='bbox 1268 1386 1313 1409; x_wconf 79' lang='grc' dir='ltr'><strong>χαί</strong></span> <span class='ocrx_word' id='word_1_615' title='bbox 1341 1386 1373 1409; x_wconf 75' lang='grc' dir='ltr'>τὰ</span> <span class='ocrx_word' id='word_1_616' title='bbox 1397 1389 1447 1410; x_wconf 79' lang='grc' dir='ltr'>τῶν</span> <span class='ocrx_word' id='word_1_617' title='bbox 1461 1389 1628 1421; x_wconf 83' lang='grc' dir='ltr'>Χριστιανῶν</span> <span class='ocrx_word' id='word_1_618' title='bbox 1643 1388 1712 1415; x_wconf 71' lang='grc' dir='ltr'>ἤνθει</span> <span class='ocrx_word' id='word_1_619' title='bbox 1728 1397 1735 1403; x_wconf 92' lang='grc'><strong>-</strong></span> <span class='ocrx_word' id='word_1_620' title='bbox 1747 1388 1782 1413; x_wconf 82' lang='grc' dir='ltr'>’τὰ</span> <span class='ocrx_word' id='word_1_621' title='bbox 1799 1389 1851 1424; x_wconf 72' lang='grc' dir='ltr'>γὰρ</span> <span class='ocrx_word' id='word_1_622' title='bbox 1875 1392 1927 1418; x_wconf 81' lang='grc' dir='ltr'>τῆς</span> 
     </span>
    </p>
   </div>
   <div class='ocr_carea' id='block_1_89' title="bbox 1123 1426 1926 1469">
    <p class='ocr_par' dir='ltr' id='par_1_89' title="bbox 1123 1426 1926 1469">
     <span class='ocr_line' id='line_1_89' title="bbox 1123 1426 1926 1469; baseline 0.009 -17"><span class='ocrx_word' id='word_1_623' title='bbox 1123 1426 1276 1462; x_wconf 71' lang='grc' dir='ltr'>ορθοδοξίας</span> <span class='ocrx_word' id='word_1_624' title='bbox 1297 1428 1408 1461; x_wconf 76' lang='grc' dir='ltr'>ἐκράτει,</span> <span class='ocrx_word' id='word_1_625' title='bbox 1438 1432 1483 1455; x_wconf 74' lang='grc' dir='ltr'>καὶ</span> <span class='ocrx_word' id='word_1_626' title='bbox 1506 1432 1534 1456; x_wconf 79' lang='grc' dir='ltr'><strong>τὸ</strong></span> <span class='ocrx_word' id='word_1_627' title='bbox 1554 1434 1604 1456; x_wconf 87' lang='grc' dir='ltr'>πᾶν</span> <span class='ocrx_word' id='word_1_628' title='bbox 1632 1431 1719 1462; x_wconf 75' lang='grc' dir='ltr'>ἁπλῶς</span> <span class='ocrx_word' id='word_1_629' title='bbox 1746 1431 1834 1463; x_wconf 59' lang='grc' dir='ltr'>καλῶς</span> <span class='ocrx_word' id='word_1_630' title='bbox 1853 1431 1926 1469; x_wconf 66' lang='grc' dir='ltr'>εἶχε,</span> 
     </span>
    </p>
   </div>
   <div class='ocr_carea' id='block_1_90' title="bbox 1123 1473 1927 1514">
    <p class='ocr_par' dir='ltr' id='par_1_90' title="bbox 1123 1473 1927 1514">
     <span class='ocr_line' id='line_1_90' title="bbox 1123 1473 1927 1514; baseline 0.007 -17"><span class='ocrx_word' id='word_1_631' title='bbox 1123 1475 1167 1498; x_wconf 74' lang='grc' dir='ltr'>καὶ</span> <span class='ocrx_word' id='word_1_632' title='bbox 1182 1476 1297 1508; x_wconf 78' lang='grc' dir='ltr'>κοσμίως</span> <span class='ocrx_word' id='word_1_633' title='bbox 1312 1475 1347 1504; x_wconf 82' lang='grc' dir='ltr'>ὡς</span> <span class='ocrx_word' id='word_1_634' title='bbox 1364 1473 1466 1504; x_wconf 74' lang='grc' dir='ltr'>ἀληθῶς</span> <span class='ocrx_word' id='word_1_635' title='bbox 1490 1475 1607 1509; x_wconf 76' lang='grc' dir='ltr'>ἔσταλτο,</span> <span class='ocrx_word' id='word_1_636' title='bbox 1623 1479 1669 1502; x_wconf 80' lang='grc' dir='ltr'>καὶ</span> <span class='ocrx_word' id='word_1_637' title='bbox 1691 1476 1726 1502; x_wconf 75' lang='grc' dir='ltr'>ἵν’</span> <span class='ocrx_word' id='word_1_638' title='bbox 1750 1476 1819 1503; x_wconf 82' lang='grc' dir='ltr'>οὕτω</span> <span class='ocrx_word' id='word_1_639' title='bbox 1833 1479 1927 1514; x_wconf 69' lang='grc' dir='ltr'>φαίην,</span> 
     </span>
    </p>
   </div>
   <div class='ocr_carea' id='block_1_91' title="bbox 1123 1516 1928 1557">
    <p class='ocr_par' dir='ltr' id='par_1_91' title="bbox 1123 1516 1928 1557">
     <span class='ocr_line' id='line_1_91' title="bbox 1123 1516 1928 1557; baseline 0.01 -16"><span class='ocrx_word' id='word_1_640' title='bbox 1123 1516 1240 1550; x_wconf 66' lang='grc' dir='ltr'>οὐράνιος</span> <span class='ocrx_word' id='word_1_641' title='bbox 1254 1527 1293 1548; x_wconf 86' lang='grc' dir='ltr'>τις</span> <span class='ocrx_word' id='word_1_642' title='bbox 1321 1523 1407 1555; x_wconf 81' lang='grc' dir='ltr'>χῶρος</span> <span class='ocrx_word' id='word_1_643' title='bbox 1432 1522 1509 1550; x_wconf 80' lang='grc' dir='ltr'>τόπος</span> <span class='ocrx_word' id='word_1_644' title='bbox 1526 1518 1556 1549; x_wconf 78' lang='grc' dir='ltr'>ἦν</span> <span class='ocrx_word' id='word_1_645' title='bbox 1580 1521 1593 1545; x_wconf 85' lang='grc' dir='ltr'><strong><em>ὁ</em></strong></span> <span class='ocrx_word' id='word_1_646' title='bbox 1621 1523 1760 1557; x_wconf 72' lang='grc' dir='ltr'>περίγειος,</span> <span class='ocrx_word' id='word_1_647' title='bbox 1786 1524 1833 1548; x_wconf 71' lang='grc' dir='ltr'>καὶ</span> <span class='ocrx_word' id='word_1_648' title='bbox 1862 1524 1928 1553; x_wconf 67' lang='grc' dir='ltr'>Θεὸς</span> 
     </span>
    </p>
   </div>
   <div class='ocr_carea' id='block_1_92' title="bbox 1122 1562 1931 1602">
    <p class='ocr_par' dir='ltr' id='par_1_92' title="bbox 1122 1562 1931 1602">
     <span class='ocr_line' id='line_1_92' title="bbox 1122 1562 1931 1602; baseline 0.01 -16"><span class='ocrx_word' id='word_1_649' title='bbox 1122 1565 1177 1592; x_wconf 81' lang='grc' dir='ltr'>τοῖς</span> <span class='ocrx_word' id='word_1_650' title='bbox 1204 1562 1338 1598; x_wconf 78' lang='grc' dir='ltr'>ἡμετέροις</span> <span class='ocrx_word' id='word_1_651' title='bbox 1363 1562 1535 1600; x_wconf 77' lang='grc' dir='ltr'>ἐπεχωρίαζε,</span> <span class='ocrx_word' id='word_1_652' title='bbox 1565 1567 1610 1590; x_wconf 79' lang='grc' dir='ltr'>καὶ</span> <span class='ocrx_word' id='word_1_653' title='bbox 1632 1569 1682 1591; x_wconf 75' lang='grc' dir='ltr'>τῶν</span> <span class='ocrx_word' id='word_1_654' title='bbox 1707 1565 1767 1592; x_wconf 73' lang='grc' dir='ltr'>καθ’</span> <span class='ocrx_word' id='word_1_655' title='bbox 1799 1567 1870 1602; x_wconf 73' lang='grc' dir='ltr'>ὑμᾶς</span> <span class='ocrx_word' id='word_1_656' title='bbox 1892 1568 1931 1598; x_wconf 75' lang='grc' dir='ltr'>ὥς</span> 
     </span>
    </p>
   </div>
   <div class='ocr_carea' id='block_1_93' title="bbox 1122 1605 1928 1645">
    <p class='ocr_par' dir='ltr' id='par_1_93' title="bbox 1122 1605 1928 1645">
     <span class='ocr_line' id='line_1_93' title="bbox 1122 1605 1928 1645; baseline 0.009 -15"><span class='ocrx_word' id='word_1_657' title='bbox 1122 1606 1199 1631; x_wconf 76' lang='grc' dir='ltr'>εἰπεῖν</span> <span class='ocrx_word' id='word_1_658' title='bbox 1233 1605 1407 1642; x_wconf 71' lang='grc' dir='ltr'>ἐπετρόπευεν.</span> <span class='ocrx_word' id='word_1_659' title='bbox 1440 1607 1508 1634; x_wconf 77' lang='grc' dir='ltr'>Ἀλλ’</span> <span class='ocrx_word' id='word_1_660' title='bbox 1539 1607 1625 1635; x_wconf 77' lang='grc' dir='ltr'>ἐπεῖδε</span> <span class='ocrx_word' id='word_1_661' title='bbox 1652 1608 1786 1645; x_wconf 74' lang='grc' dir='ltr'>βάσκανον</span> <span class='ocrx_word' id='word_1_662' title='bbox 1801 1611 1928 1637; x_wconf 59' lang='lat' dir='ltr'>(Sa-vah-</span> 
     </span>
    </p>
   </div>
   <div class='ocr_carea' id='block_1_94' title="bbox 1121 1650 1927 1691">
    <p class='ocr_par' dir='ltr' id='par_1_94' title="bbox 1121 1650 1927 1691">
     <span class='ocr_line' id='line_1_94' title="bbox 1121 1650 1927 1691; baseline 0.009 -16"><span class='ocrx_word' id='word_1_663' title='bbox 1121 1652 1166 1675; x_wconf 79' lang='grc' dir='ltr'>καὶ</span> <span class='ocrx_word' id='word_1_664' title='bbox 1197 1650 1222 1681; x_wconf 81' lang='grc' dir='ltr'>ἐξ</span> <span class='ocrx_word' id='word_1_665' title='bbox 1249 1652 1336 1686; x_wconf 75' lang='grc' dir='ltr'>ἀρχῆς</span> <span class='ocrx_word' id='word_1_666' title='bbox 1359 1653 1486 1689; x_wconf 77' lang='grc' dir='ltr'>φθονερῶς</span> <span class='ocrx_word' id='word_1_667' title='bbox 1511 1655 1574 1689; x_wconf 80' lang='grc' dir='ltr'>ἡμῖν</span> <span class='ocrx_word' id='word_1_668' title='bbox 1609 1653 1807 1691; x_wconf 68' lang='grc' dir='ltr'>ὶποφθαλμίςων</span> <span class='ocrx_word' id='word_1_669' title='bbox 1832 1656 1927 1690; x_wconf 62' lang='grc' dir='ltr'>σαι-ἀν,</span> 
     </span>
    </p>
   </div>
   <div class='ocr_carea' id='block_1_95' title="bbox 1121 1696 1929 1736">
    <p class='ocr_par' dir='ltr' id='par_1_95' title="bbox 1121 1696 1929 1736">
     <span class='ocr_line' id='line_1_95' title="bbox 1121 1696 1929 1736; baseline 0.009 -17"><span class='ocrx_word' id='word_1_670' title='bbox 1121 1697 1165 1720; x_wconf 82' lang='grc' dir='ltr'>καὶ</span> <span class='ocrx_word' id='word_1_671' title='bbox 1180 1696 1204 1730; x_wconf 85' lang='grc' dir='ltr'>(ὃ</span> <span class='ocrx_word' id='word_1_672' title='bbox 1225 1705 1302 1731; x_wconf 81' lang='grc' dir='ltr'>φασιν</span> <span class='ocrx_word' id='word_1_673' title='bbox 1330 1697 1354 1721; x_wconf 81' lang='grc' dir='ltr'>οἱ</span> <span class='ocrx_word' id='word_1_674' title='bbox 1374 1696 1458 1731; x_wconf 76' lang='grc' dir='ltr'>ἐκτὸς)</span> <span class='ocrx_word' id='word_1_675' title='bbox 1483 1697 1639 1733; x_wconf 76' lang='grc' dir='ltr'>τελχινώδες</span> <span class='ocrx_word' id='word_1_676' title='bbox 1663 1702 1708 1725; x_wconf 77' lang='grc' dir='ltr'>καὶ</span> <span class='ocrx_word' id='word_1_677' title='bbox 1736 1701 1840 1736; x_wconf 76' lang='grc' dir='ltr'>κρόνιον</span> <span class='ocrx_word' id='word_1_678' title='bbox 1870 1699 1929 1730; x_wconf 66' lang='grc' dir='ltr'>ἄνη-</span> 
     </span>
    </p>
   </div>
   <div class='ocr_carea' id='block_1_96' title="bbox 1121 1740 1931 1782">
    <p class='ocr_par' dir='ltr' id='par_1_96' title="bbox 1121 1740 1931 1782">
     <span class='ocr_line' id='line_1_96' title="bbox 1121 1740 1931 1782; baseline 0.01 -18"><span class='ocrx_word' id='word_1_679' title='bbox 1121 1741 1204 1764; x_wconf 84' lang='grc' dir='ltr'>τένισε</span> <span class='ocrx_word' id='word_1_680' title='bbox 1227 1748 1233 1754; x_wconf 86' lang='grc'><strong>”</strong></span> <span class='ocrx_word' id='word_1_681' title='bbox 1262 1743 1356 1777; x_wconf 80' lang='grc' dir='ltr'>τρόπον</span> <span class='ocrx_word' id='word_1_682' title='bbox 1387 1740 1431 1766; x_wconf 76' lang='grc' dir='ltr'>οὖν</span> <span class='ocrx_word' id='word_1_683' title='bbox 1468 1741 1614 1778; x_wconf 80' lang='grc' dir='ltr'>ἀνευρίσκει</span> <span class='ocrx_word' id='word_1_684' title='bbox 1638 1743 1740 1774; x_wconf 83' lang='grc' dir='ltr'>ὀποῖνος</span> <span class='ocrx_word' id='word_1_685' title='bbox 1765 1745 1860 1775; x_wconf 63' lang='lat' dir='ltr'>iui»:</span> 
     </span>
    </p>
   </div>
   <div class='ocr_carea' id='block_1_97' title="bbox 1122 1781 1926 1824">
    <p class='ocr_par' dir='ltr' id='par_1_97' title="bbox 1122 1781 1926 1824">
     <span class='ocr_line' id='line_1_97' title="bbox 1122 1781 1926 1824; baseline 0.009 -16"><span class='ocrx_word' id='word_1_686' title='bbox 1122 1781 1283 1820; x_wconf 71' lang='grc' dir='ltr'>διουργῆσαι</span> <span class='ocrx_word' id='word_1_687' title='bbox 1299 1782 1395 1819; x_wconf 75' lang='grc' dir='ltr'>δεινος,</span> <span class='ocrx_word' id='word_1_688' title='bbox 1410 1788 1455 1811; x_wconf 77' lang='grc' dir='ltr'>καὶ</span> <span class='ocrx_word' id='word_1_689' title='bbox 1478 1788 1541 1823; x_wconf 83' lang='grc' dir='ltr'>πρὸς</span> <span class='ocrx_word' id='word_1_690' title='bbox 1566 1788 1596 1812; x_wconf 84' lang='grc' dir='ltr'><strong><em>τὸ</em></strong></span> <span class='ocrx_word' id='word_1_691' title='bbox 1620 1789 1700 1813; x_wconf 76' lang='grc' dir='ltr'>κακὸν</span> <span class='ocrx_word' id='word_1_692' title='bbox 1713 1781 1906 1824; x_wconf 63' lang='grc' dir='ltr'>πολυμήχᾱιος</span> <span class='ocrx_word' id='word_1_693' title='bbox 1917 1798 1926 1805; x_wconf 85' lang='grc'><strong>·</strong></span> 
     </span>
    </p>
   </div>
   <div class='ocr_carea' id='block_1_98' title="bbox 1121 1827 1928 1868">
    <p class='ocr_par' dir='ltr' id='par_1_98' title="bbox 1121 1827 1928 1868">
     <span class='ocr_line' id='line_1_98' title="bbox 1121 1827 1928 1868; baseline 0.01 -16"><span class='ocrx_word' id='word_1_694' title='bbox 1121 1827 1140 1861; x_wconf 83' lang='grc' dir='ltr'><em>ᾧ</em></span> <span class='ocrx_word' id='word_1_695' title='bbox 1159 1837 1188 1862; x_wconf 70' lang='grc' dir='ltr'>γε</span> <span class='ocrx_word' id='word_1_696' title='bbox 1213 1828 1266 1863; x_wconf 76' lang='grc' dir='ltr'>οὐχ</span> <span class='ocrx_word' id='word_1_697' title='bbox 1279 1830 1348 1859; x_wconf 82' lang='grc' dir='ltr'>ὅπως</span> <span class='ocrx_word' id='word_1_698' title='bbox 1372 1828 1402 1854; x_wconf 75' lang='grc' dir='ltr'>ἂν</span> <span class='ocrx_word' id='word_1_699' title='bbox 1426 1832 1692 1868; x_wconf 72' lang='grc' dir='ltr'>κατοστρακισθῶμεν</span> <span class='ocrx_word' id='word_1_700' title='bbox 1711 1836 1758 1861; x_wconf 80' lang='grc' dir='ltr'>τῆν</span> <span class='ocrx_word' id='word_1_701' title='bbox 1779 1833 1850 1863; x_wconf 65' lang='grc' dir='ltr'>θείας</span> <span class='ocrx_word' id='word_1_702' title='bbox 1871 1832 1928 1860; x_wconf 55' lang='lat' dir='ltr'>iam</span> 
     </span>
    </p>
   </div>
   <div class='ocr_carea' id='block_1_99' title="bbox 1122 1874 1927 1915">
    <p class='ocr_par' dir='ltr' id='par_1_99' title="bbox 1122 1874 1927 1915">
     <span class='ocr_line' id='line_1_99' title="bbox 1122 1874 1927 1915; baseline 0.009 -17"><span class='ocrx_word' id='word_1_703' title='bbox 1122 1878 1223 1904; x_wconf 84' lang='grc' dir='ltr'>σκοπῆς</span> <span class='ocrx_word' id='word_1_704' title='bbox 1250 1883 1277 1899; x_wconf 82' lang='grc' dir='ltr'>τε</span> <span class='ocrx_word' id='word_1_705' title='bbox 1304 1878 1349 1900; x_wconf 78' lang='grc' dir='ltr'>καί</span> <span class='ocrx_word' id='word_1_706' title='bbox 1386 1874 1574 1912; x_wconf 77' lang='grc' dir='ltr'>κυϐερνήσεως,</span> <span class='ocrx_word' id='word_1_707' title='bbox 1617 1875 1670 1902; x_wconf 80' lang='grc' dir='ltr'>ἀλλ’</span> <span class='ocrx_word' id='word_1_708' title='bbox 1706 1876 1927 1915; x_wconf 73' lang='grc' dir='ltr'>ὶκπολεμήσομιν</span> 
     </span>
    </p>
   </div>
   <div class='ocr_carea' id='block_1_100' title="bbox 1120 1920 1926 1958">
    <p class='ocr_par' dir='ltr' id='par_1_100' title="bbox 1120 1920 1926 1958">
     <span class='ocr_line' id='line_1_100' title="bbox 1120 1920 1926 1958; baseline 0.009 -15"><span class='ocrx_word' id='word_1_709' title='bbox 1120 1921 1164 1943; x_wconf 85' lang='grc' dir='ltr'>καὶ</span> <span class='ocrx_word' id='word_1_710' title='bbox 1180 1921 1254 1953; x_wconf 85' lang='grc' dir='ltr'>Θεὸν,</span> <span class='ocrx_word' id='word_1_711' title='bbox 1268 1921 1312 1944; x_wconf 78' lang='grc' dir='ltr'>καὶ</span> <span class='ocrx_word' id='word_1_712' title='bbox 1325 1920 1357 1944; x_wconf 79' lang='grc' dir='ltr'>τά</span> <span class='ocrx_word' id='word_1_713' title='bbox 1373 1921 1477 1955; x_wconf 78' lang='grc' dir='ltr'>ἔσχατα</span> <span class='ocrx_word' id='word_1_714' title='bbox 1499 1921 1560 1947; x_wconf 77' lang='grc' dir='ltr'>καθ’</span> <span class='ocrx_word' id='word_1_715' title='bbox 1581 1922 1655 1957; x_wconf 80' lang='grc' dir='ltr'>ἡμῶν</span> <span class='ocrx_word' id='word_1_716' title='bbox 1681 1921 1842 1958; x_wconf 64' lang='grc' dir='ltr'>ὀργισθῆναι</span> <span class='ocrx_word' id='word_1_717' title='bbox 1870 1921 1926 1950; x_wconf 63' lang='grc' dir='ltr'>διιι</span> 
     </span>
    </p>
   </div>
   <div class='ocr_carea' id='block_1_101' title="bbox 1119 1963 1926 2006">
    <p class='ocr_par' dir='ltr' id='par_1_101' title="bbox 1119 1963 1926 2006">
     <span class='ocr_line' id='line_1_101' title="bbox 1119 1963 1926 2006; baseline 0.009 -18"><span class='ocrx_word' id='word_1_718' title='bbox 1119 1964 1274 1999; x_wconf 83' lang='grc' dir='ltr'>ρεθίσωμεν.</span> <span class='ocrx_word' id='word_1_719' title='bbox 1298 1964 1368 1990; x_wconf 82' lang='grc' dir='ltr'>Ἐπεὶ</span> <span class='ocrx_word' id='word_1_720' title='bbox 1398 1963 1423 1990; x_wconf 67' lang='grc' dir='ltr'>δ’</span> <span class='ocrx_word' id='word_1_721' title='bbox 1452 1967 1486 1995; x_wconf 78' lang='grc' dir='ltr'>ὡς</span> <span class='ocrx_word' id='word_1_722' title='bbox 1509 1966 1543 1991; x_wconf 83' lang='grc' dir='ltr'>τὰ</span> <span class='ocrx_word' id='word_1_723' title='bbox 1566 1965 1650 1992; x_wconf 78' lang='grc' dir='ltr'>πολλὰ</span> <span class='ocrx_word' id='word_1_724' title='bbox 1663 1964 1711 1992; x_wconf 71' lang='grc' dir='ltr'>διὰ</span> <span class='ocrx_word' id='word_1_725' title='bbox 1734 1969 1817 2003; x_wconf 69' lang='grc' dir='ltr'>μέσον</span> <span class='ocrx_word' id='word_1_726' title='bbox 1838 1976 1926 2006; x_wconf 60' lang='grc' dir='ltr'>τινοσ-</span> 
     </span>
    </p>
   </div>
   <div class='ocr_carea' id='block_1_102' title="bbox 1120 2008 1925 2048">
    <p class='ocr_par' dir='ltr' id='par_1_102' title="bbox 1120 2008 1925 2048">
     <span class='ocr_line' id='line_1_102' title="bbox 1120 2008 1925 2048; baseline 0.009 -16"><span class='ocrx_word' id='word_1_727' title='bbox 1120 2008 1219 2034; x_wconf 70' lang='grc' dir='ltr'>ϐάλλειν</span> <span class='ocrx_word' id='word_1_728' title='bbox 1247 2010 1310 2044; x_wconf 77' lang='grc' dir='ltr'>ἡμῖν</span> <span class='ocrx_word' id='word_1_729' title='bbox 1337 2010 1422 2034; x_wconf 79' lang='grc' dir='ltr'>εἴωθεν</span> <span class='ocrx_word' id='word_1_730' title='bbox 1456 2010 1502 2045; x_wconf 81' lang='grc' dir='ltr'>(ὡς</span> <span class='ocrx_word' id='word_1_731' title='bbox 1528 2013 1574 2036; x_wconf 77' lang='grc' dir='ltr'>καὶ</span> <span class='ocrx_word' id='word_1_732' title='bbox 1598 2010 1639 2036; x_wconf 78' lang='grc' dir='ltr'>ἐπὶ</span> <span class='ocrx_word' id='word_1_733' title='bbox 1669 2012 1738 2037; x_wconf 75' lang='grc' dir='ltr'>κατὰ</span> <span class='ocrx_word' id='word_1_734' title='bbox 1764 2012 1925 2048; x_wconf 57' lang='lat' dir='ltr'>«pervirid-</span> 
     </span>
    </p>
   </div>
   <div class='ocr_carea' id='block_1_103' title="bbox 1121 2052 1926 2091">
    <p class='ocr_par' dir='ltr' id='par_1_103' title="bbox 1121 2052 1926 2091">
     <span class='ocr_line' id='line_1_103' title="bbox 1121 2052 1926 2091; baseline 0.009 -14"><span class='ocrx_word' id='word_1_735' title='bbox 1121 2062 1187 2078; x_wconf 83' lang='grc' dir='ltr'>στων</span> <span class='ocrx_word' id='word_1_736' title='bbox 1208 2053 1288 2078; x_wconf 82' lang='grc' dir='ltr'>πάλαι</span> <span class='ocrx_word' id='word_1_737' title='bbox 1315 2052 1362 2079; x_wconf 79' lang='grc' dir='ltr'>διὰ</span> <span class='ocrx_word' id='word_1_738' title='bbox 1386 2058 1431 2079; x_wconf 84' lang='grc' dir='ltr'>τοῦ</span> <span class='ocrx_word' id='word_1_739' title='bbox 1450 2055 1548 2090; x_wconf 73' lang='grc' dir='ltr'>ὄφεως),</span> <span class='ocrx_word' id='word_1_740' title='bbox 1578 2056 1693 2091; x_wconf 64' lang='grc' dir='ltr'>εὑρίσκῃ</span> <span class='ocrx_word' id='word_1_741' title='bbox 1711 2058 1757 2082; x_wconf 75' lang='grc' dir='ltr'>καὶ</span> <span class='ocrx_word' id='word_1_742' title='bbox 1782 2056 1859 2087; x_wconf 74' lang='grc' dir='ltr'>αὖθις</span> <span class='ocrx_word' id='word_1_743' title='bbox 1879 2059 1926 2084; x_wconf 71' lang='grc' dir='ltr'>τύν</span> 
     </span>
    </p>
   </div>
   <div class='ocr_carea' id='block_1_104' title="bbox 1121 2097 1925 2138">
    <p class='ocr_par' dir='ltr' id='par_1_104' title="bbox 1121 2097 1925 2138">
     <span class='ocr_line' id='line_1_104' title="bbox 1121 2097 1925 2138; baseline 0.009 -16"><span class='ocrx_word' id='word_1_744' title='bbox 1121 2097 1224 2123; x_wconf 75' lang='grc' dir='ltr'>σκολιὸν</span> <span class='ocrx_word' id='word_1_745' title='bbox 1240 2100 1303 2128; x_wconf 80' lang='grc' dir='ltr'>τοὺς</span> <span class='ocrx_word' id='word_1_746' title='bbox 1318 2101 1440 2135; x_wconf 75' lang='grc' dir='ltr'>τρόπους,</span> <span class='ocrx_word' id='word_1_747' title='bbox 1467 2102 1510 2125; x_wconf 78' lang='grc' dir='ltr'>τόν</span> <span class='ocrx_word' id='word_1_748' title='bbox 1537 2099 1654 2126; x_wconf 80' lang='grc' dir='ltr'>ποικίλον</span> <span class='ocrx_word' id='word_1_749' title='bbox 1682 2102 1730 2129; x_wconf 85' lang='grc' dir='ltr'>τήν</span> <span class='ocrx_word' id='word_1_750' title='bbox 1742 2103 1862 2138; x_wconf 75' lang='grc' dir='ltr'>γνώμην,</span> <span class='ocrx_word' id='word_1_751' title='bbox 1878 2104 1925 2129; x_wconf 81' lang='grc' dir='ltr'>τόν</span> 
     </span>
    </p>
   </div>
   <div class='ocr_carea' id='block_1_105' title="bbox 1118 2142 1926 2182">
    <p class='ocr_par' dir='ltr' id='par_1_105' title="bbox 1118 2142 1926 2182">
     <span class='ocr_line' id='line_1_105' title="bbox 1118 2142 1926 2182; baseline 0.01 -16"><span class='ocrx_word' id='word_1_752' title='bbox 1118 2144 1245 2178; x_wconf 85' lang='grc' dir='ltr'>πονηρίας</span> <span class='ocrx_word' id='word_1_753' title='bbox 1273 2142 1413 2177; x_wconf 75' lang='grc' dir='ltr'>ἀνάπλεων,</span> <span class='ocrx_word' id='word_1_754' title='bbox 1445 2145 1488 2169; x_wconf 86' lang='grc' dir='ltr'>τὸν</span> <span class='ocrx_word' id='word_1_755' title='bbox 1513 2144 1635 2182; x_wconf 77' lang='grc' dir='ltr'>ἄντικρυς</span> <span class='ocrx_word' id='word_1_756' title='bbox 1659 2147 1716 2181; x_wconf 63' lang='grc' dir='ltr'>ὅφιν</span> <span class='ocrx_word' id='word_1_757' title='bbox 1736 2149 1790 2176; x_wconf 77' lang='grc' dir='ltr'>τοῖς</span> <span class='ocrx_word' id='word_1_758' title='bbox 1824 2154 1926 2174; x_wconf 67' lang='lat' dir='ltr'>mw-</span> 
     </span>
    </p>
   </div>
   <div class='ocr_carea' id='block_1_106' title="bbox 1118 2189 1926 2228">
    <p class='ocr_par' dir='ltr' id='par_1_106' title="bbox 1118 2189 1926 2228">
     <span class='ocr_line' id='line_1_106' title="bbox 1118 2189 1926 2228; baseline 0.009 -17"><span class='ocrx_word' id='word_1_759' title='bbox 1118 2189 1231 2223; x_wconf 84' lang='grc' dir='ltr'>ρήμασι,</span> <span class='ocrx_word' id='word_1_760' title='bbox 1264 2189 1307 2212; x_wconf 80' lang='grc' dir='ltr'>τὸν</span> <span class='ocrx_word' id='word_1_761' title='bbox 1333 2191 1566 2224; x_wconf 72' lang='grc' dir='ltr'>σννεσπιιραμὲνον</span> <span class='ocrx_word' id='word_1_762' title='bbox 1589 2198 1617 2215; x_wconf 78' lang='grc' dir='ltr'>τε</span> <span class='ocrx_word' id='word_1_763' title='bbox 1641 2192 1686 2215; x_wconf 74' lang='grc' dir='ltr'>καὶ</span> <span class='ocrx_word' id='word_1_764' title='bbox 1709 2194 1926 2228; x_wconf 61' lang='grc' dir='ltr'>περιεστραμμέ-</span> 
     </span>
    </p>
   </div>
   <div class='ocr_carea' id='block_1_107' title="bbox 1118 2233 1927 2274">
    <p class='ocr_par' dir='ltr' id='par_1_107' title="bbox 1118 2233 1927 2274">
     <span class='ocr_line' id='line_1_107' title="bbox 1118 2233 1927 2274; baseline 0.007 -18"><span class='ocrx_word' id='word_1_765' title='bbox 1118 2241 1160 2257; x_wconf 87' lang='grc' dir='ltr'>νον</span> <span class='ocrx_word' id='word_1_766' title='bbox 1186 2235 1242 2261; x_wconf 81' lang='grc' dir='ltr'>τοῖς</span> <span class='ocrx_word' id='word_1_767' title='bbox 1268 2234 1426 2267; x_wconf 75' lang='grc' dir='ltr'>σκέμμασιν,</span> <span class='ocrx_word' id='word_1_768' title='bbox 1457 2233 1472 2262; x_wconf 84' lang='grc' dir='ltr'><strong>ἣ</strong></span> <span class='ocrx_word' id='word_1_769' title='bbox 1499 2233 1595 2269; x_wconf 76' lang='grc' dir='ltr'>μᾶλλον</span> <span class='ocrx_word' id='word_1_770' title='bbox 1613 2236 1658 2260; x_wconf 77' lang='grc' dir='ltr'>τὸν</span> <span class='ocrx_word' id='word_1_771' title='bbox 1682 2234 1809 2272; x_wconf 70' lang='grc' dir='ltr'>ἀνήμερον</span> <span class='ocrx_word' id='word_1_772' title='bbox 1837 2243 1927 2274; x_wconf 61' lang='grc' dir='ltr'>φερου-</span> 
     </span>
    </p>
   </div>
   <div class='ocr_carea' id='block_1_108' title="bbox 1119 2277 1926 2314">
    <p class='ocr_par' dir='ltr' id='par_1_108' title="bbox 1119 2277 1926 2314">
     <span class='ocr_line' id='line_1_108' title="bbox 1119 2277 1926 2314; baseline 0.01 -14"><span class='ocrx_word' id='word_1_773' title='bbox 1119 2277 1203 2311; x_wconf 85' lang='grc' dir='ltr'>νύμως</span> <span class='ocrx_word' id='word_1_774' title='bbox 1232 2277 1309 2312; x_wconf 78' lang='grc' dir='ltr'>θῆρα,</span> <span class='ocrx_word' id='word_1_775' title='bbox 1334 2278 1377 2301; x_wconf 83' lang='grc' dir='ltr'>τόν</span> <span class='ocrx_word' id='word_1_776' title='bbox 1400 2277 1561 2314; x_wconf 75' lang='grc' dir='ltr'>αὐτόχρημα</span> <span class='ocrx_word' id='word_1_777' title='bbox 1591 2278 1679 2305; x_wconf 72' lang='grc' dir='ltr'>λέοντα</span> <span class='ocrx_word' id='word_1_778' title='bbox 1720 2281 1764 2305; x_wconf 84' lang='grc' dir='ltr'>τὸν</span> <span class='ocrx_word' id='word_1_779' title='bbox 1796 2280 1926 2308; x_wconf 68' lang='grc' dir='ltr'>ἄστατον</span> 
     </span>
    </p>
   </div>
   <div class='ocr_carea' id='block_1_109' title="bbox 1118 2320 1927 2360">
    <p class='ocr_par' dir='ltr' id='par_1_109' title="bbox 1118 2320 1927 2360">
     <span class='ocr_line' id='line_1_109' title="bbox 1118 2320 1927 2360; baseline 0.01 -16"><span class='ocrx_word' id='word_1_780' title='bbox 1118 2323 1165 2349; x_wconf 81' lang='grc' dir='ltr'>τὴν</span> <span class='ocrx_word' id='word_1_781' title='bbox 1185 2321 1274 2356; x_wconf 72' lang='grc' dir='ltr'>ὁρμὴν,</span> <span class='ocrx_word' id='word_1_782' title='bbox 1299 2322 1342 2346; x_wconf 86' lang='grc' dir='ltr'>τὸν</span> <span class='ocrx_word' id='word_1_783' title='bbox 1369 2320 1525 2348; x_wconf 75' lang='grc' dir='ltr'>ἀνύποιστον</span> <span class='ocrx_word' id='word_1_784' title='bbox 1545 2325 1592 2352; x_wconf 82' lang='grc' dir='ltr'>τὴν</span> <span class='ocrx_word' id='word_1_785' title='bbox 1617 2323 1708 2360; x_wconf 75' lang='grc' dir='ltr'>ὀργὴν,</span> <span class='ocrx_word' id='word_1_786' title='bbox 1735 2326 1779 2350; x_wconf 86' lang='grc' dir='ltr'>τὸν</span> <span class='ocrx_word' id='word_1_787' title='bbox 1802 2327 1851 2354; x_wconf 76' lang='grc' dir='ltr'>τὴν</span> <span class='ocrx_word' id='word_1_788' title='bbox 1878 2335 1927 2352; x_wconf 75' lang='grc' dir='ltr'>κα-</span> 
     </span>
    </p>
   </div>
   <div class='ocr_carea' id='block_1_110' title="bbox 1117 2363 1926 2406">
    <p class='ocr_par' dir='ltr' id='par_1_110' title="bbox 1117 2363 1926 2406">
     <span class='ocr_line' id='line_1_110' title="bbox 1117 2363 1926 2406; baseline 0.007 -16"><span class='ocrx_word' id='word_1_789' title='bbox 1117 2367 1175 2390; x_wconf 78' lang='grc' dir='ltr'>κίαν</span> <span class='ocrx_word' id='word_1_790' title='bbox 1199 2363 1337 2402; x_wconf 71' lang='grc' dir='ltr'>ἀφόρητον.</span> <span class='ocrx_word' id='word_1_791' title='bbox 1362 2368 1433 2392; x_wconf 71' lang='grc' dir='ltr'>Λέων</span> <span class='ocrx_word' id='word_1_792' title='bbox 1459 2366 1534 2397; x_wconf 80' lang='grc' dir='ltr'>οὗτος</span> <span class='ocrx_word' id='word_1_793' title='bbox 1562 2368 1576 2393; x_wconf 86' lang='grc' dir='ltr'><strong><em>ὁ</em></strong></span> <span class='ocrx_word' id='word_1_794' title='bbox 1602 2367 1629 2399; x_wconf 75' lang='grc' dir='ltr'>ἐξ</span> <span class='ocrx_word' id='word_1_795' title='bbox 1655 2367 1791 2406; x_wconf 73' lang='grc' dir='ltr'>Ὶσαύρων,</span> <span class='ocrx_word' id='word_1_796' title='bbox 1817 2369 1832 2394; x_wconf 80' lang='grc' dir='ltr'><strong>ὁ</strong></span> <span class='ocrx_word' id='word_1_797' title='bbox 1857 2368 1926 2396; x_wconf 66' lang='grc' dir='ltr'>ἄκο-</span> 
     </span>
    </p>
   </div>
   <div class='ocr_carea' id='block_1_111' title="bbox 1118 2410 1925 2450">
    <p class='ocr_par' dir='ltr' id='par_1_111' title="bbox 1118 2410 1925 2450">
     <span class='ocr_line' id='line_1_111' title="bbox 1118 2410 1925 2450; baseline 0.01 -16"><span class='ocrx_word' id='word_1_798' title='bbox 1118 2410 1214 2439; x_wconf 79' lang='grc' dir='ltr'>στάτης</span> <span class='ocrx_word' id='word_1_799' title='bbox 1242 2411 1275 2435; x_wconf 80' lang='grc' dir='ltr'>τὰ</span> <span class='ocrx_word' id='word_1_800' title='bbox 1300 2412 1345 2446; x_wconf 69' lang='grc' dir='ltr'>μὲν</span> <span class='ocrx_word' id='word_1_801' title='bbox 1369 2415 1460 2447; x_wconf 80' lang='grc' dir='ltr'>πρῶτα</span> <span class='ocrx_word' id='word_1_802' title='bbox 1492 2416 1537 2437; x_wconf 80' lang='grc' dir='ltr'>τοῦ</span> <span class='ocrx_word' id='word_1_803' title='bbox 1561 2410 1694 2439; x_wconf 75' lang='grc' dir='ltr'>δεσπότου</span> <span class='ocrx_word' id='word_1_804' title='bbox 1721 2416 1767 2440; x_wconf 75' lang='grc' dir='ltr'>καὶ</span> 
     </span>
    </p>
   </div>
   <div class='ocr_carea' id='block_1_112' title="bbox 1115 2455 1924 2496">
    <p class='ocr_par' dir='ltr' id='par_1_112' title="bbox 1115 2455 1924 2496">
     <span class='ocr_line' id='line_1_112' title="bbox 1115 2455 1924 2496; baseline 0.007 -17"><span class='ocrx_word' id='word_1_805' title='bbox 1115 2457 1247 2490; x_wconf 71' lang='grc' dir='ltr'>γενόμενος</span> <span class='ocrx_word' id='word_1_806' title='bbox 1265 2455 1333 2491; x_wconf 84' lang='grc'>(10),</span> <span class='ocrx_word' id='word_1_807' title='bbox 1350 2458 1395 2481; x_wconf 71' lang='grc' dir='ltr'>καὶ</span> <span class='ocrx_word' id='word_1_808' title='bbox 1411 2457 1440 2481; x_wconf 82' lang='grc' dir='ltr'><strong><em>τὸ</em></strong></span> <span class='ocrx_word' id='word_1_809' title='bbox 1460 2457 1554 2493; x_wconf 76' lang='grc' dir='ltr'>κράτος</span> <span class='ocrx_word' id='word_1_810' title='bbox 1578 2457 1658 2483; x_wconf 75' lang='grc' dir='ltr'>αὐτοῦ</span> <span class='ocrx_word' id='word_1_811' title='bbox 1683 2460 1726 2484; x_wconf 71' lang='lat' dir='ltr'>xei</span> <span class='ocrx_word' id='word_1_812' title='bbox 1757 2460 1806 2488; x_wconf 77' lang='grc' dir='ltr'>τὴν</span> 
     </span>
    </p>
   </div>
   <div class='ocr_carea' id='block_1_113' title="bbox 1115 2498 1922 2540">
    <p class='ocr_par' dir='ltr' id='par_1_113' title="bbox 1115 2498 1922 2540">
     <span class='ocr_line' id='line_1_113' title="bbox 1115 2498 1922 2540; baseline 0.009 -17"><span class='ocrx_word' id='word_1_813' title='bbox 1115 2498 1275 2535; x_wconf 72' lang='grc' dir='ltr'>ὑφελόμενος,</span> <span class='ocrx_word' id='word_1_814' title='bbox 1299 2499 1346 2525; x_wconf 78' lang='grc' dir='ltr'>οὐκ</span> <span class='ocrx_word' id='word_1_815' title='bbox 1370 2498 1466 2536; x_wconf 68' lang='grc' dir='ltr'>ἀνδρίᾳ</span> <span class='ocrx_word' id='word_1_816' title='bbox 1491 2502 1537 2536; x_wconf 81' lang='grc' dir='ltr'>(μὴ</span> <span class='ocrx_word' id='word_1_817' title='bbox 1560 2501 1661 2531; x_wconf 78' lang='grc' dir='ltr'>οἰηθείη</span> <span class='ocrx_word' id='word_1_818' title='bbox 1685 2511 1724 2533; x_wconf 84' lang='grc' dir='ltr'>τις</span> <span class='ocrx_word' id='word_1_819' title='bbox 1739 2505 1816 2529; x_wconf 67' lang='grc' dir='ltr'>τοῦτό</span> <span class='ocrx_word' id='word_1_820' title='bbox 1835 2504 1922 2540; x_wconf 69' lang='lat' dir='ltr'>mn),</span> 
     </span>
    </p>
   </div>
   <div class='ocr_carea' id='block_1_114' title="bbox 1115 2541 1924 2586">
    <p class='ocr_par' dir='ltr' id='par_1_114' title="bbox 1115 2541 1924 2586">
     <span class='ocr_line' id='line_1_114' title="bbox 1115 2541 1924 2586; baseline 0.009 -18"><span class='ocrx_word' id='word_1_821' title='bbox 1115 2547 1250 2578; x_wconf 86' lang='grc' dir='ltr'>μηχαναῖς</span> <span class='ocrx_word' id='word_1_822' title='bbox 1265 2541 1294 2569; x_wconf 72' lang='grc' dir='ltr'>δὲ</span> <span class='ocrx_word' id='word_1_823' title='bbox 1317 2547 1363 2570; x_wconf 77' lang='grc' dir='ltr'>καὶ</span> <span class='ocrx_word' id='word_1_824' title='bbox 1386 2543 1474 2576; x_wconf 74' lang='grc' dir='ltr'>δόλοις</span> <span class='ocrx_word' id='word_1_825' title='bbox 1501 2546 1722 2583; x_wconf 77' lang='grc' dir='ltr'>ὑποσπασάμινος</span> <span class='ocrx_word' id='word_1_826' title='bbox 1749 2557 1757 2564; x_wconf 74' lang='grc' dir='ltr'>ι</span> <span class='ocrx_word' id='word_1_827' title='bbox 1781 2547 1811 2574; x_wconf 80' lang='grc' dir='ltr'>οὔ</span> <span class='ocrx_word' id='word_1_828' title='bbox 1836 2547 1924 2586; x_wconf 63' lang='grc' dir='ltr'>μικρά</span> 
     </span>
    </p>
   </div>
   <div class='ocr_carea' id='block_1_115' title="bbox 1116 2588 1924 2628">
    <p class='ocr_par' dir='ltr' id='par_1_115' title="bbox 1116 2588 1924 2628">
     <span class='ocr_line' id='line_1_115' title="bbox 1116 2588 1924 2628; baseline 0.01 -15"><span class='ocrx_word' id='word_1_829' title='bbox 1116 2589 1167 2624; x_wconf 74' lang='grc' dir='ltr'>γὰρ</span> <span class='ocrx_word' id='word_1_830' title='bbox 1185 2588 1310 2619; x_wconf 68' lang='grc' dir='ltr'>πολλάκις</span> <span class='ocrx_word' id='word_1_831' title='bbox 1332 2591 1378 2615; x_wconf 76' lang='grc' dir='ltr'>καὶ</span> <span class='ocrx_word' id='word_1_832' title='bbox 1400 2594 1545 2627; x_wconf 80' lang='grc' dir='ltr'>πανοῦργος</span> <span class='ocrx_word' id='word_1_833' title='bbox 1569 2592 1649 2620; x_wconf 69' lang='grc' dir='ltr'>ἤνυσε</span> <span class='ocrx_word' id='word_1_834' title='bbox 1682 2594 1787 2628; x_wconf 80' lang='grc' dir='ltr'>τρόπος,</span> <span class='ocrx_word' id='word_1_835' title='bbox 1812 2595 1860 2620; x_wconf 59' lang='grc' dir='ltr'>καὶ</span> <span class='ocrx_word' id='word_1_836' title='bbox 1888 2595 1924 2621; x_wconf 72' lang='grc' dir='ltr'>τὰ</span> 
     </span>
    </p>
   </div>
   <div class='ocr_carea' id='block_1_116' title="bbox 1117 2691 1923 2726">
    <p class='ocr_par' dir='ltr' id='par_1_116' title="bbox 1117 2691 1923 2726">
     <span class='ocr_line' id='line_1_116' title="bbox 1117 2691 1923 2726; baseline 0.01 -8"><span class='ocrx_word' id='word_1_837' title='bbox 1117 2693 1286 2726; x_wconf 88' lang='lat' dir='ltr'>peratorem</span> <span class='ocrx_word' id='word_1_838' title='bbox 1291 2713 1298 2724; x_wconf 80' lang='lat'>,</span> <span class='ocrx_word' id='word_1_839' title='bbox 1305 2691 1358 2720; x_wconf 88' lang='lat' dir='ltr'>sed</span> <span class='ocrx_word' id='word_1_840' title='bbox 1363 2700 1436 2721; x_wconf 82' lang='lat' dir='ltr'>mox</span> <span class='ocrx_word' id='word_1_841' title='bbox 1442 2693 1607 2722; x_wconf 88' lang='lat' dir='ltr'>utelectum</span> <span class='ocrx_word' id='word_1_842' title='bbox 1617 2695 1733 2724; x_wconf 84' lang='lat' dir='ltr'>audivit</span> <span class='ocrx_word' id='word_1_843' title='bbox 1739 2698 1923 2726; x_wconf 68' lang='lat' dir='ltr'>contractam</span> 
     </span>
    </p>
   </div>
   <div class='ocr_carea' id='block_1_117' title="bbox 1118 2726 1923 2767">
    <p class='ocr_par' dir='ltr' id='par_1_117' title="bbox 1118 2726 1923 2767">
     <span class='ocr_line' id='line_1_117' title="bbox 1118 2726 1923 2767; baseline 0.011 -14"><span class='ocrx_word' id='word_1_844' title='bbox 1118 2726 1211 2767; x_wconf 72' lang='lat' dir='ltr'>foedus</span> <span class='ocrx_word' id='word_1_845' title='bbox 1226 2735 1296 2767; x_wconf 89' lang='lat' dir='ltr'>cum</span> <span class='ocrx_word' id='word_1_846' title='bbox 1307 2728 1474 2767; x_wconf 86' lang='lat' dir='ltr'>_Artabasso</span> <span class='ocrx_word' id='word_1_847' title='bbox 1486 2730 1635 2759; x_wconf 68' lang='lat' dir='ltr'>Armenia:</span> <span class='ocrx_word' id='word_1_848' title='bbox 1645 2734 1774 2767; x_wconf 72' lang='lat' dir='ltr'>preatore</span> <span class='ocrx_word' id='word_1_849' title='bbox 1784 2730 1859 2761; x_wconf 79' lang='lat' dir='ltr'>iniit.</span> <span class='ocrx_word' id='word_1_850' title='bbox 1868 2732 1923 2762; x_wconf 65' lang='lat' dir='ltr'>h-</span> 
     </span>
    </p>
   </div>
   <div class='ocr_carea' id='block_1_118' title="bbox 1116 2764 1922 2802">
    <p class='ocr_par' dir='ltr' id='par_1_118' title="bbox 1116 2764 1922 2802">
     <span class='ocr_line' id='line_1_118' title="bbox 1116 2764 1922 2802; baseline 0.011 -13"><span class='ocrx_word' id='word_1_851' title='bbox 1116 2764 1181 2802; x_wconf 75' lang='lat' dir='ltr'>ctus</span> <span class='ocrx_word' id='word_1_852' title='bbox 1197 2764 1666 2802; x_wconf 11' lang='lat' dir='ltr'>autemimpcratorgnonstatim,</span> <span class='ocrx_word' id='word_1_853' title='bbox 1681 2769 1715 2795; x_wconf 85' lang='lat' dir='ltr'>ut</span> <span class='ocrx_word' id='word_1_854' title='bbox 1877 2768 1922 2797; x_wconf 69' lang='lat' dir='ltr'>vi-</span> 
     </span>
    </p>
   </div>
   <div class='ocr_carea' id='block_1_119' title="bbox 1115 2796 1923 2842">
    <p class='ocr_par' dir='ltr' id='par_1_119' title="bbox 1115 2796 1923 2842">
     <span class='ocr_line' id='line_1_119' title="bbox 1115 2796 1923 2842; baseline 0.001 0"><span class='ocrx_word' id='word_1_855' title='bbox 1115 2796 1214 2842; x_wconf 54' lang='grc' dir='ltr'>ςρῐξιτι</span> <span class='ocrx_word' id='word_1_856' title='bbox 1230 2798 1283 2826; x_wconf 73' lang='lat' dir='ltr'>sed</span> <span class='ocrx_word' id='word_1_857' title='bbox 1296 2796 1378 2842; x_wconf 61' lang='grc' dir='ltr'>ωριίο</span> <span class='ocrx_word' id='word_1_858' title='bbox 1392 2800 1478 2842; x_wconf 59' lang='lat' dir='ltr'>rasili</span> <span class='ocrx_word' id='word_1_859' title='bbox 1503 2801 1552 2842; x_wconf 63' lang='lat' dir='ltr'>sui</span> <span class='ocrx_word' id='word_1_860' title='bbox 1564 2808 1648 2842; x_wconf 66' lang='grc' dir='ltr'>αριιο</span> <span class='ocrx_word' id='word_1_861' title='bbox 1658 2796 1665 2802; x_wconf 89' lang='grc'><em>’</em></span> <span class='ocrx_word' id='word_1_862' title='bbox 1674 2803 1810 2840; x_wconf 71' lang='lat' dir='ltr'>primum</span> <span class='ocrx_word' id='word_1_863' title='bbox 1825 2796 1923 2842; x_wconf 63' lang='lat' dir='ltr'>obsit</span> 
     </span>
    </p>
   </div>
   <div class='ocr_carea' id='block_1_120' title="bbox 1114 2836 1667 2874">
    <p class='ocr_par' dir='ltr' id='par_1_120' title="bbox 1114 2836 1667 2874">
     <span class='ocr_line' id='line_1_120' title="bbox 1114 2836 1667 2874; baseline 0.014 -14"><span class='ocrx_word' id='word_1_864' title='bbox 1114 2836 1249 2862; x_wconf 81' lang='lat' dir='ltr'>insanire</span> <span class='ocrx_word' id='word_1_865' title='bbox 1259 2837 1363 2865; x_wconf 75' lang='lat' dir='ltr'>contra</span> <span class='ocrx_word' id='word_1_866' title='bbox 1373 2839 1495 2865; x_wconf 80' lang='lat' dir='ltr'>sanctas</span> <span class='ocrx_word' id='word_1_867' title='bbox 1508 2836 1667 2874; x_wconf 55' lang='lat' dir='ltr'>imagines.</span> 
     </span>
    </p>
   </div>
  </div>
