4090 6386
213 443 447 511 μέγιστα
476 443 617 494 ἔστιν
647 443 726 495 ὅτε
752 437 875 503 ἦθος
903 433 1177 495 ἐπίκλοπον
1218 439 1484 508 ἐξετέλεσε,
1530 447 1620 496 καὶ
1651 439 1687 493 ἃ
1709 462 1818 513 γεν-
1847 437 1897 496 Α

216 533 342 582 ναία
370 533 496 584 ποτε
523 537 646 607 χεὶρ
680 535 772 583 σῦν
801 541 987 605 μακρῷ
1016 541 1084 602 νῷ
1123 536 1258 604 πόνῳ
1298 532 1392 584 ούκ
1430 535 1631 604 ἴσχυσε
1655 552 1823 606 παρα-

218 623 550 688 στήσασθαι,
583 621 638 672 ἐκ
668 629 759 673 τοῦ
787 623 986 697 ῥᾴστου
1030 618 1180 681 δόλος
1217 621 1579 696 κατέστρεψεν.
1623 625 1824 675 Οὔκουν

219 703 289 766 δὴ
325 711 627 782 θαυμαστὸν
669 710 711 763 εἰ
744 717 833 764 καὶ
863 712 1012 774 οὗτος
1052 715 1185 763 κατὰ
1222 720 1314 763 τοῦ
1354 711 1597 774 εῦσεϐοῦς
1621 712 1825 786 μεμελε-

214 804 395 860 τηκὼς
432 800 813 874 αὐτοκράτορος
853 805 942 852 καὶ
990 793 1342 853 ἐπαναστάσει
1391 801 1822 874 ἐπικεχειρηκὼς,

215 889 369 959 τάχα
391 907 451 958 γε
480 897 575 949 τῆς
606 887 923 959 ἁγαθότητος
949 889 1109 941 αὐτοῦ
1149 893 1686 964 καταστοχασάμενος
1725 895 1741 962 (
1751 890 1786 945 δ
1791 893 1824 944 ι’

215 975 280 1035 ἣν
322 983 414 1029 καὶ
451 981 578 1052 πρὸς
615 982 709 1036 τὴν
751 976 1023 1050 βασιλείαν
1078 981 1306 1053 ἐνεκρίθη
1349 981 1374 1030 6
1431 980 1580 1031 πάντ’
1637 979 1824 1044 ἐκεῖνος

213 1065 379 1128 καλὸς
407 1063 716 1136 Θεοδόσιος)
762 1075 853 1120 τοῦ
899 1071 1036 1120 κατὰ
1083 1066 1338 1140 βούλησιν
1379 1069 1474 1120 οῦκ
1513 1068 1772 1141 ἀπέτυχεν
1806 1091 1819 1104 ·

214 1155 325 1206 εἰσὶ
354 1158 457 1228 γὰρ
489 1157 540 1207 οῖ
569 1175 724 1228 φασιν
754 1159 823 1218 ὡς
859 1177 949 1209 και
987 1156 1042 1208 ἐκ
1068 1162 1311 1229 μαντείας
1350 1163 1439 1210 καὶ
1479 1157 1823 1233 ἆπορῥητοτὲ-

215 1264 321 1318 ρων
352 1250 458 1316 μυή
469 1263 596 1296 σεων
624 1251 715 1297 καὶ
743 1245 952 1298 τελετῶν
981 1245 1218 1319 ἀθέσμων
1250 1245 1303 1298 ἐκ
1343 1247 1532 1299 πολλοῦ
1557 1252 1683 1321 πρὸς
1706 1268 1823 1300 του-

215 1337 302 1386 τοϊ
333 1330 369 1385 δ
374 1335 663 1407 ιηρεθιστο,
696 1334 836 1392 Πλὴν
867 1334 973 1387 ἀλλ’
1005 1337 1029 1386 6
1060 1339 1150 1408 μὲν
1188 1343 1288 1387 τῶν
1319 1342 1598 1408 σκήπτρων
1641 1336 1821 1411 ἀφέμε-

216 1442 323 1488 νος,
354 1426 444 1474 καὶ
474 1423 832 1496 ὑποχωρήσας
874 1431 973 1475 τῶν
1017 1421 1296 1495 βασιλείων
1345 1424 1438 1495 (ὡς
1486 1429 1556 1498 μὴ
1608 1426 1819 1500 ὤφελον)

219 1518 332 1572 τοῖς
360 1518 454 1570 τῆς
493 1510 808 1573 Ἐκκλησίας
860 1516 1020 1587 φέρων
1067 1511 1246 1564 ἑαυτὸν
1297 1512 1614 1584 ἐγκατέλεξεν
1650 1535 1664 1548 ⁸
1715 1517 1740 1566 ό
1769 1513 1820 1569 δ’

216 1599 328 1653 ἐπεὶ
376 1607 470 1652 τοῦ
513 1602 738 1674 κράτους
784 1600 1110 1670 ἐπείληπται,
1159 1604 1293 1654 κατά
1340 1611 1437 1654 τῶν
1485 1605 1650 1670 θείων,
1683 1604 1813 1677 φεῦῐ

214 1690 426 1742 εἰκόνων
454 1689 749 1756 λελύττηκε,
782 1693 971 1741 ταυτὸν
1003 1687 1038 1742 ὃ
1043 1691 1054 1710 ⁷
1086 1691 1244 1743 εἰπεῖν
1273 1697 1364 1744 καὶ
1394 1691 1508 1744 κατ’
1540 1693 1697 1745 αὐτοῦ
1729 1701 1818 1746 τοῦ

211 1783 367 1848 Θεοῦ,
397 1779 492 1830 οὐκ
521 1777 875 1852 ἀνασχόμενος
904 1785 974 1851 μή
1003 1783 1070 1832 τὰ
1107 1781 1453 1853 ὑπεσχημένα
1485 1789 1592 1842 τοῖς
1637 1785 1818 1855 μάντε-
1847 1795 1890 1850 Β

211 1887 299 1920 σιν
325 1867 604 1938 ἐκπλῆσαι,
637 1873 728 1920 καὶ
765 1871 824 1920 τὸ
866 1873 1023 1943 χρέος
1069 1874 1248 1942 σφίσιν
1291 1869 1542 1923 ἀποτίσαι
1581 1879 1672 1932 τῆς
1717 1882 1817 1925 τῶν

208 1956 692 2032 προφοιϐασμάτων
723 1956 1000 2020 ἐκϐάσεως.

285 2134 388 2188 κα’.
448 2136 668 2210 Ἐγείρει
723 2140 896 2188 τοίνυν
950 2139 1113 2209 μέγαν
1182 2139 1317 2190 κατά
1382 2146 1516 2191 Θεοῦ
1578 2138 1818 2213 πόλεμον,

212 2225 559 2301 ὄιχρειοῦνται
597 2227 663 2277 τὰ
699 2229 880 2298 τεμένη
930 2230 1020 2277 καὶ
1067 2230 1191 2288 τοὺς
1227 2232 1347 2289 νεὼς
1387 2226 1718 2302 διεγείρεται,
1755 2232 1822 2282 τά

211 2335 271 2369 τε
313 2318 426 2368 θεῖα
461 2319 552 2367 καὶ
590 2321 743 2388 τίμια
788 2314 1133 2388 ἐκτυπώματα
1181 2314 1402 2380 διαξέειν
1459 2338 1513 2371 τε
1563 2324 1653 2372 καὶ
1688 2319 1822 2372 ἃπα-

210 2405 407 2478 λείφειν
446 2404 734 2478 ἐπαίρεται,
773 2409 864 2457 καὶ
921 2405 1094 2467 ἁπλῶς
1147 2405 1373 2480 ἀμορφοῑ
1411 2409 1439 2467 ἦ
1495 2409 1684 2481 μᾶλλον
1722 2431 1823 2464 κα-

215 2498 504 2568 ταστρέφει
540 2498 634 2552 τήν
674 2493 988 2552 Ἐκκλησίαν
1030 2503 1185 2562 Θεοῦ,
1247 2495 1308 2554 ἢν
1364 2497 1520 2559 αὐτὸς
1579 2501 1824 2575 ἐνανθρω-

216 2591 400 2645 πὴσας
437 2582 760 2656 ἐθεμελίωσε,
801 2589 890 2636 καὶ
931 2584 1260 2637 θεόπνευστοι
1312 2589 1500 2639 τούτου
1540 2596 1826 2662 περιεστοί-

215 2693 386 2746 χισαν
424 2677 664 2746 κήρυκες,
707 2676 962 2748 μάρτυρές
999 2693 1053 2726 τε
1113 2676 1240 2726 θεῖοι
1286 2683 1394 2738 τοῖς
1435 2677 1627 2749 αἵμασι
1665 2685 1824 2750 φοινί-

217 2763 393 2826 ξαντες
429 2762 813 2833 κατηγλάῑσαν,
843 2768 932 2815 καὶ
967 2765 1201 2838 θεοφόροι
1231 2769 1456 2837 Πατέρες
1492 2770 1622 2841 πρὸς
1659 2767 1825 2841 ἀσφά-

215 2853 357 2906 λειαν
399 2849 744 2924 διωρόφωσαν
770 2853 850 2922 (τί
886 2852 1052 2904 πολλὰ
1077 2852 1241 2924 λέγειν
1266 2853 1308 2925 ;)
1341 2853 1400 2912 ἢν
1432 2854 1590 2917 αὐτὸς
1627 2859 1652 2908 6
1694 2862 1824 2919 Θεὸς

219 2947 314 2994 καὶ
367 2945 550 3015 Πατήρ
597 2941 983 3017 παλαμηφορεῐ,
1042 2949 1114 3012 τῷ
1167 2951 1258 2994 τοῦ
1318 2945 1441 2996 Υἱοῦ
1499 2949 1589 2997 καὶ
1649 2952 1823 3018 Λόγου

223 3031 610 3104 ἐξωνησάμενος
662 3033 863 3102 αἵματι,
913 3036 971 3082 τό
1021 3050 1075 3083 τε
1133 3033 1263 3084 θεῖον
1323 3039 1533 3106 Πνεῦμα
1589 3041 1822 3109 συνέχει,

221 3127 432 3193 Πνεῦμα
466 3123 525 3172 τό
566 3123 774 3194 Πατρός
809 3124 895 3171 καὶ
938 3125 1110 3192 Λόγου
1151 3129 1474 3194 μονογενοῦς,
1518 3131 1730 3198 Πνεῦμα
1765 3129 1823 3179 τὸ
1855 3149 1896 3205 C

218 3210 273 3262 ἐκ
314 3212 518 3283 Πατρός
556 3207 790 3284 αρρήτως
829 3208 1248 3283 ἐκπορευόμενον,
1280 3215 1348 3273 ὡς
1386 3214 1513 3287 ὑπὲρ
1554 3215 1705 3287 λόγον
1735 3221 1825 3269 καὶ

217 3302 244 3352 6
278 3305 456 3370 Λόγος
493 3306 584 3350 τοῦ
625 3298 785 3351 αὐτοῦ
823 3305 1064 3370 γεννᾶται
1102 3305 1323 3374 Πατρός.
1385 3305 1530 3355 Κατά
1584 3309 1827 3368 τοιαύτης

215 3386 559 3450 Ἐκκλησίας,
601 3389 641 3438 ὦ
677 3387 866 3459 τόλμης
921 3387 1272 3461 παραϐόλουῖ
1335 3391 1374 3442 ὠ
1433 3393 1654 3467 θράσους
1709 3393 1828 3447 ἁλο-

219 3476 452 3549 γίστουῐ
496 3477 656 3549 ὁμόσε
695 3477 720 3528 6
760 3476 1026 3551 ἀλιτήριος
1065 3477 1253 3541 ἐκεῖνος
1307 3486 1599 3555 κεχώρηκε,
1643 3487 1828 3536 τοσού-

220 3583 313 3618 του
372 3565 724 3639 κατετόλμηκε
775 3569 1083 3642 πράγματος
1135 3589 1146 3600 ·
1209 3567 1355 3636 ἀλλὰ,
1415 3578 1506 3642 φεῦ
1563 3576 1828 3647 χριμάτων

224 3655 398 3710 Θεοῦέ
442 3664 513 3718 εἰς
569 3660 751 3730 πέρας,
783 3660 842 3708 τὸ
899 3659 1026 3730 πρὸς
1077 3655 1332 3729 βούλησιν
1390 3663 1579 3732 ἤγαγε,
1627 3668 1717 3714 καὶ
1769 3667 1827 3715 τὸ

220 3748 358 3798 κατὰ
399 3747 561 3818 θυμὸν
602 3743 868 3807 ἐξετέλεσε.
909 3751 1154 3799 Τοιοῦτόν
1192 3766 1242 3799 τι
1280 3754 1371 3801 καὶ
1408 3754 1509 3823 γὰρ
1550 3755 1608 3802 τὸ
1649 3754 1829 3824 ἡμέτε-

220 3855 330 3912 ρον,
376 3833 564 3908 ἀνέμου
603 3832 806 3904 πεδίον,
848 3836 873 3887 ὃ
912 3854 1090 3904 φασιν,
1131 3837 1161 3895 ἦ
1217 3838 1450 3908 κάλαμος
1495 3843 1627 3915 πρὸς
1665 3837 1828 3917 αὖραν

222 3929 560 4000 στρεφόμενος
623 3929 714 3978 καὶ
788 3931 1283 3998 μεταστρεφόμενος,
1351 3927 1503 3999 λύγος
1568 3949 1623 3982 τε
1695 3933 1829 4002 ἄγαν

219 4015 400 4076 λεπτὸς
437 4019 527 4066 καὶ
567 4013 899 4090 ἀκρόρριζος,
939 4018 1067 4090 πρὸς
1106 4017 1247 4077 ὅστις
1286 4015 1346 4068 ἂν
1375 4022 1465 4069 καὶ
1503 4021 1665 4090 τύχοι
1705 4017 1829 4092 βια-

222 4107 456 4179 ζόμενος,
500 4103 750 4176 ἀγόμενός
786 4124 842 4156 τε
881 4111 970 4157 καὶ
1008 4111 1374 4179 μεταγόμενος.
1437 4110 1511 4161 Ού
1550 4118 1829 4184 κατηγορῶ

221 4198 447 4262 πάντων,
506 4203 607 4246 τῶν
671 4195 915 4246 πλειόνων
994 4191 1054 4248 δὲ
1130 4201 1486 4272 καταφέρομαι
1546 4204 1831 4272 συνήγορος

225 4285 524 4360 ἐπικαίρως,
579 4287 669 4335 καὶ
725 4291 816 4335 τοῦ
875 4292 974 4335 τῶν
1045 4284 1366 4360 παλαιτέρων
1417 4287 1832 4362 προσλαμϐάνων

227 4373 558 4447 ἀπόφθεγμα.
601 4370 756 4426 Εἶδον
795 4376 914 4448 γὰρ,
959 4371 1117 4446 εἶδον,
1161 4378 1226 4436 ὡς
1263 4382 1334 4449 μὴ
1378 4377 1586 4450 ὤφελον,
1614 4386 1834 4431 τοιαῦτα

227 4462 392 4534 κάγὼ,
453 4467 543 4515 καὶ
600 4464 800 4535 ὁμοίοις
856 4472 1073 4538 καιροῖς,
1137 4462 1302 4536 βαϐαὶ
1359 4475 1448 4527 τῆς
1508 4474 1777 4541 συμφορᾶς
1815 4466 1828 4521 l
1866 4505 1910 4560 Β

226 4556 540 4625 περιέτυχον
575 4573 588 4585 ·
629 4554 843 4625 τοιαύτη
886 4571 940 4604 τε
980 4560 1277 4627 σκοτομὴνη
1320 4554 1596 4630 ἐγκύρσας,
1636 4557 1835 4629 μεγάλα

226 4646 648 4716 προσκέκρουκα,
667 4647 756 4694 καὶ
795 4641 979 4694 ἀνίατα
999 4651 1189 4718 μικροῦ
1210 4648 1667 4719 τετραυμάτισμαι
1697 4648 1828 4716 (11).

227 4730 373 4786 Ἀλλ’
414 4730 500 4804 ἐμὲ
539 4735 628 4803 μὲν
669 4732 694 4782 ό
732 4739 832 4784 τῶν
888 4731 1080 4803 ψυχῶν
1140 4732 1317 4806 ἰατρὸς
1379 4739 1470 4786 καὶ
1516 4743 1616 4786 τῶν
1657 4738 1832 4809 σωμά-

300 4876 414 4946 (ll)
454 4875 696 4932 Videtur
749 4875 952 4934 infelix
1011 4876 1430 4934 schismaticus
1469 4878 1692 4946 dolere,
1739 4880 1835 4936 vel

225 4946 396 5018 quod
427 4963 549 5002 non
579 4947 720 5003 satis
773 4953 1059 5002 constans
1086 4947 1259 5004 fuerit
1302 4948 1363 5004 in
1411 4950 1636 5006 tuendo
1685 4951 1836 5007 schi-

228 5018 568 5092 smate‘sub
593 5019 844 5090 imperio
864 5019 1193 5092 Michaelis.
1228 5021 1332 5092 qui
1367 5021 1649 5078 unionem
1693 5039 1833 5079 cum

229 5089 490 5164 Ecclesia
538 5089 1091 5164 Romanagiecerat,
1137 5089 1309 5164 eique
1353 5108 1416 5148 se
1460 5098 1834 5164 opponentes

226 5161 578 5217 removebat
595 5161 674 5216 ab
691 5161 921 5228 ofﬁciis,
937 5163 1088 5218 sicut
1105 5169 1162 5218 et
1175 5161 1336 5218 hunc
1355 5161 1832 5233 Constantinum,

234 5256 254 5280 ι
288 5249 470 5314 quem
498 5233 788 5289 educarat
816 5233 981 5313 apud
1003 5250 1085 5313 .se
1135 5233 1565 5307 informarique
1595 5237 1836 5309 optimis

229 5303 459 5360 artibus
492 5309 1041 5377 curarat,pr1vavn
1070 5310 1386 5377 propterea
1426 5306 1556 5362 loco
1607 5309 1834 5376 gratim,

228 5349 961 5448 3h?ni“p}iii§'ﬁéis€ér'ai
976 5349 984 5352 ’
997 5349 1054 5432 Et
1071 5349 1133 5432 ’ἔ
1147 5349 1302 5433 νεῈῖ
1317 5349 1839 5436 ξέιιᾶὔῖἔτίὲιῖὶνῖἱ

230 5446 440 5520 movit,
457 5446 506 5498 3»
534 5447 617 5502 uti
649 5446 855 5520 scribit
880 5449 1276 5519 Pachymeres
1324 5453 1476 5520 part.
1523 5467 1562 5517 1,
1606 5449 1645 5505 l.
1675 5467 1750 5520 v1,
1781 5467 1832 5507 c.

229 5522 321 5574 27.
355 5518 416 5574 Si
447 5523 648 5574 tamen
681 5518 776 5573 ille
807 5517 889 5572 sic
920 5517 1247 5578 castigatus
1273 5517 1363 5575 vel
1405 5521 1713 5578 modicum
1735 5517 1836 5578 re-

230 5589 401 5667 misit
445 5589 519 5645 de
563 5589 913 5667 pertinacia,
963 5589 1242 5667 Michaele
1300 5593 1665 5667 sesquianno
1701 5599 1840 5667 post

231 5666 501 5732 mortuo,
531 5661 707 5719 rediit
733 5661 813 5720 ad
841 5662 1138 5719 vomitum
1161 5677 1261 5720 an.
1298 5661 1455 5735 1282“,
1473 5663 1588 5722 sub
1610 5661 1840 5724 Andro-

1429 305 1503 374 IN
1542 316 1598 374 s.
1636 301 1833 373 JOAN.
1880 307 2376 374 DAMASCENUM.

3475 301 3584 376 sse

1933 440 2189 514 grandia
2214 445 2413 514 patrat
2440 441 2843 499 fraudulentia
2869 460 2883 511 ;
2915 459 3174 516 quaeque
3219 458 3442 500 manus
3488 460 3584 501 ro-

1931 530 2116 586 busta
2138 530 2424 587 diuturno
2451 529 2660 587 labore
2685 546 2808 587 non
2829 531 3014 587 valuit
3038 531 3342 603 edomare,
3390 549 3584 607 quan-

1933 619 2133 692 doque
2162 620 2439 676 facillime
2470 626 2775 693 expugnat
2808 622 3040 678 astutia.
3088 624 3216 678 Non
3261 622 3442 694 igitur
3470 623 3583 680 mi—

1932 727 2088 779 rum,
2114 711 2159 764 si
2192 711 2372 766 etiam
2401 710 2551 782 ipse,
2594 715 2804 765 contra
2846 709 3011 780 pium
3055 712 3348 768 Caesarem
3393 713 3583 784 impia

1933 799 2253 855 meditatus
2287 815 2541 871 eumque
2582 797 2931 854 rebellando
2961 815 3302 869 aggressus,
3333 817 3403 857 ac
3432 800 3581 859 forte

1930 890 2064 961 ipsa
2093 889 2194 944 illa
2222 889 2351 959 ejus
2381 887 2647 943 bonitate
2681 887 2965 954 confisus,
2997 894 3243 960 propter
3289 905 3471 961 quam
3503 889 3583 946 ad

1931 978 2252 1050 imperium
2291 982 2531 1032 evectus
2560 976 2772 1043 fuerat,
2808 992 2931 1032 non
2965 980 3056 1034 est
3100 977 3416 1034 frustratus
3456 994 3582 1033 suae

1931 1066 2252 1121 voluntatis
2271 1065 2600 1137 proposito.
2626 1067 2774 1121 Sunt
2799 1071 3000 1121 autem
3021 1067 3126 1139 qui
3153 1066 3358 1122 dicant
3389 1067 3585 1122 occul-

1930 1156 2182 1212 tioribus
2207 1155 2520 1225 sortilegiis
2541 1155 3132 1228 divinationibusque
3158 1157 3582 1228 superstitiosis

1931 1262 2000 1302 ac
2030 1245 2271 1300 nefariis
2299 1244 2616 1316 prmstigiis
2637 1244 2766 1315 jam
2786 1245 3021 1316 pridem
3041 1245 3122 1302 ad
3146 1245 3264 1301 hoc
3288 1245 3470 1302 fuisse
3497 1247 3583 1302 in-

1928 1335 2207 1390 vitatum.
2244 1336 2311 1389 Et
2340 1333 2434 1389 ille
2463 1333 2732 1405 quidem,
2770 1333 3095 1405 praeclarus
3135 1335 3359 1390 scilicet
3387 1335 3580 1392 Theo-

1929 1422 2446 1492 dosius,abdicato
2468 1426 2702 1494 sceptro
2721 1423 3043 1494 imperium
3063 1423 3368 1479 dimittens
3389 1425 3582 1496 (quod

1928 1513 2160 1568 utinam
2189 1527 2313 1567 non
2338 1511 2745 1582 contigisset!)
2775 1511 3187 1567 ecclesiasticis
3235 1512 3578 1568 ministeriis

1929 1601 2319 1673 semetipsum
2349 1600 2676 1667 dedicavit;
2707 1602 2820 1655 Leo
2840 1616 2982 1656 vero
3003 1606 3330 1674 postquam
3350 1603 3581 1674 accepit

1926 1705 2202 1761 regnum,
2233 1689 2447 1754 furere,
2485 1689 2670 1744 eheu!
2704 1688 2996 1744 adversus
3040 1704 3248 1745 sacras
3276 1690 3576 1760 imagines

1928 1779 2125 1852 coepit,
2142 1779 2260 1834 sive
2288 1779 2456 1850 quod
2476 1777 2691 1834 eodem
2711 1777 2936 1844 recidit,
2962 1778 3252 1834 adversus
3278 1781 3486 1846 Deum,
3502 1795 3578 1835 ne

1928 1883 2050 1924 non
2070 1867 2493 1939 adimplevisse
2522 1868 2817 1922 diceretur
2843 1867 3010 1939 quod
3033 1867 3274 1923 vatibus
3297 1869 3424 1924 suis
3443 1883 3581 1940 pro—

1927 1959 2193 2021 miserat,
2206 1958 2312 2013 sed
2327 1956 2604 2013 debitum
2622 1957 2875 2012 ﬁdeliter
2899 1955 3252 2029 persolvisse
3275 1957 3445 2030 quod
3465 1957 3581 2014 sub

1928 2048 2268 2104 conditione
2299 2053 2546 2102 eventus
2579 2045 2913 2102 successuri
2933 2050 3332 2102 contraxerat.

1999 2143 2088 2194 2t.
2121 2139 2400 2207 Magnum
2421 2136 2600 2207 igitur
2631 2133 2859 2191 bellum
2889 2139 3099 2190 contra
3128 2136 3319 2191 Deum
3343 2136 3580 2202 excitat,

1929 2225 2160 2282 inutilia
2188 2225 2414 2280 faciens
2451 2223 2675 2296 templa
2723 2228 2781 2278 et
2825 2223 2961 2279 loca
3001 2237 3177 2279 sacra
3209 2223 3580 2292 subvertens,

1933 2315 2234 2387 simulque
2254 2313 2332 2370 ad
2347 2313 2583 2369 divinas
2603 2313 2899 2382 imagines
2920 2311 3254 2369 abolendas
3269 2313 3586 2370 etcombu—

1930 2403 2151 2461 rendas
2175 2407 2298 2459 tota
2325 2403 2385 2458 vi
2414 2400 3156 2472 consurgens,deformem
3175 2402 3424 2459 omnino
3453 2402 3586 2460 red-

1933 2493 2039 2561 dit,
2071 2493 2270 2565 potius
2299 2492 2571 2557 dixerim,
2606 2490 2837 2546 subruit
2877 2490 2977 2546 Dei
3015 2490 3363 2558 Ecclesiam,
3396 2507 3584 2564 quam

1931 2585 2060 2657 ipse
2089 2587 2403 2653 assumpta
2426 2581 2798 2637 humanitate
2824 2579 3120 2645 fundavit,
3148 2597 3334 2653 quam
3355 2597 3585 2654 praeco-

1932 2689 2041 2729 nes
2063 2672 2193 2743 ejus
2224 2671 2510 2727 divinitus
2536 2669 2722 2726 aﬂlati
2767 2669 3366 2733 circummunierunt,
3395 2687 3584 2744 quam

1933 2767 2228 2833 martyres
2273 2773 2485 2816 cruore
2529 2775 2642 2814 suo
2685 2762 3085 2830 purpuratam
3116 2758 3584 2831 illustraverunt,

1933 2867 2119 2924 quam
2151 2849 2341 2906 sancti
2373 2851 2573 2904 Patres
2595 2852 2887 2919 tanquam
2909 2847 3174 2903 turribus
3197 2847 3278 2904 ad
3303 2849 3587 2907 securita-

1933 2945 2052 2996 tem
2073 2939 2436 3010 comparatis
2456 2936 2774 3003 vallarunt,
2787 2951 2974 3008 quam
2995 2935 3256 3008 denique
3278 2939 3435 2993 Deus
3456 2938 3586 3010 ipse

1934 3037 1991 3088 et
2018 3033 2188 3087 Pater
2214 3030 2276 3084 in
2305 3028 2510 3102 palma
2539 3042 2758 3083 manus
2797 3041 2920 3082 sua
2951 3027 3119 3096 gerit,
3153 3025 3280 3082 Filii
3306 3031 3366 3084 et
3409 3029 3587 3085 Verbi

1935 3121 2025 3176 sui
2069 3119 2362 3189 sanguine
2401 3117 2800 3189 redemptam,
2833 3121 2891 3172 et
2935 3115 3179 3171 divinus
3219 3117 3470 3188 Spiritus
3511 3133 3588 3174 ex

1934 3215 2102 3269 Patre
2127 3207 2506 3265 indicibiliter
2533 3206 2888 3280 procedens,
2921 3205 3076 3261 sicut
3095 3209 3154 3261 et
3180 3206 3442 3262 Verbum
3461 3223 3592 3264 mo-

1935 3302 2015 3358 do
2044 3299 2314 3374 quodam
2346 3314 2381 3354 a
2410 3297 2578 3353 nulla
2618 3295 2850 3352 ratione
2896 3295 3468 3368 comprehendendo
3516 3311 3592 3354 ex

1935 3391 2150 3449 eodem
2184 3392 2351 3446 Patre
2379 3392 2714 3458 generatur.
2748 3388 2968 3443 Contra
2994 3385 3154 3442 hanc
3181 3385 3531 3452 Ecclesiam,
3553 3402 3592 3444 ο

1937 3479 2231 3553 grandem
2254 3475 2616 3534 audaciam!
2657 3490 2694 3529 ο
2738 3475 3122 3530 temerariam
3169 3476 3591 3548 praesumptio-

1935 3569 2106 3626 nem!
2130 3565 2502 3641 perniciosus
2520 3563 2615 3620 ille
2636 3564 2855 3636 pedem
2876 3562 3111 3630 extulit;
3129 3567 3431 3620 ettantum
3450 3563 3594 3620 faci-

1938 3675 2054 3715 nus
2086 3656 2348 3724 molitus,
2371 3669 2408 3710 o
2432 3655 2532 3710 Dei
2546 3653 2776 3725 judicia
2800 3652 2812 3706 l
2838 3652 2918 3708 ad
2944 3651 3132 3708 ﬁnem
3155 3652 3324 3724 quod
3346 3652 3592 3710 volebat

1937 3747 2235 3821 perduxit,
2268 3743 2567 3818 quidquid
2625 3742 2830 3798 animo
2878 3740 3179 3797 volutarat
3225 3739 3589 3814 adimplens.

1938 3839 2116 3894 Erant
2146 3851 2289 3906 ergo
2335 3849 2432 3890 res
2479 3838 2703 3890 nostra:
2749 3831 2925 3904 quasi
2980 3845 3252 3902 campus,
3287 3835 3354 3887 ut
3398 3832 3589 3903 ajunt,

1936 3932 2276 3994 ventorum,
2297 3924 2391 3980 vel
2409 3922 2644 3980 arundo
2665 3920 2743 3976 ad
2775 3935 2988 3977 auram
3012 3934 3186 3975 versa
3209 3919 3591 3992 inversaque,

1938 4022 2042 4073 aut
2059 4014 2386 4086 virgultum
2415 4019 2592 4068 tenue
2610 4009 2846 4066 levibus
2870 4025 2941 4066 ac
2984 4008 3272 4066 brevibus
3313 4009 3593 4067 innixum

1937 4104 2260 4174 radicibus,
2295 4108 2353 4159 et
2379 4116 2748 4176 quocunque
2774 4099 3016 4156 libuerit
3043 4098 3231 4154 cuivis
3279 4097 3499 4155 ductile
3536 4103 3594 4156 et

1938 4198 2095 4254 ﬂecti
2119 4193 2620 4266 facile.Equidem
2649 4206 2774 4247 non
2812 4205 3024 4246 omnes
3072 4204 3315 4255 accuso,
3355 4189 3462 4245 sed
3486 4205 3596 4262 po-

1939 4287 2054 4341 tius
2084 4283 2384 4357 plerisque
2415 4281 2774 4337 advocatum
2807 4293 2901 4333 me
2930 4280 3344 4349 opportunum
3381 4275 3590 4344 offero,

1942 4375 2093 4430 sicut
2131 4389 2289 4428 unus
2337 4388 2411 4427 ex
2457 4367 2899 4440 antiquioribus
2943 4365 3110 4422 dixit.
3167 4365 3300 4421 Vidi
3347 4366 3590 4434 etenim,

1939 4465 2062 4522 vidi
2091 4463 2278 4536 (quod
2307 4461 2538 4516 utinam
2570 4473 2692 4514 non
2717 4457 3008 4514 vidissem
3033 4456 3074 4526 !)
3101 4455 3282 4512 etiam
3310 4470 3424 4526 ego
3452 4455 3597 4513 talia

1942 4561 1998 4612 et
2020 4555 2082 4610 in
2113 4553 2336 4609 similia
2364 4556 2660 4621 tempora,
2690 4562 2801 4620 pro
2827 4546 3000 4602 dolor
3024 4546 3038 4601 !
3070 4544 3274 4612 incidi,
3324 4551 3504 4617 atque
3531 4546 3595 4601 in

1939 4649 2180 4701 noctem
2215 4638 2568 4712 hujusmodi
2611 4635 2873 4693 tenebris
2901 4634 3254 4691 obvolutam
3282 4634 3594 4690 incurrens

1941 4734 2199 4806 graviter
2227 4729 2471 4796 offendi,
2494 4725 3044 4784 immedicabilibus
3071 4739 3227 4796 pene
3242 4723 3595 4781 vulneribus

1941 4877 2097 4943 nico,
2130 4891 2167 4931 a
2195 4871 2823 4949 quogdeniquefactus
2853 4872 2945 4924 est
2962 4866 3269 4949 logotheta
3295 4865 3597 4949 οξτο-δειξ-

1942 4935 2095 5005 num
2126 4935 2280 5002 129³4.
2316 4944 2416 5000 Vel
2447 4935 2637 5016 (quod
2664 4941 2866 5016 potius
2898 4935 3596 5016 crediderim)_dolet_ob_

1942 5036 2079 5076 eam
2100 5007 2643 5095 divisipnequua
2670 5007 2816 5095 'sub_
2835 5009 3176 5095 andronico
3231 5007 3599 5095 schismatici

1943 5092 2055 5163 ipsi
2081 5089 2256 5163 divisi
2275 5083 2957 5163 fueruntinlosephitas
2974 5089 3033 5138 et
3050 5083 3427 5163 arsen‘ia‘nos,
3451 5091 3602 5152 quo-

1943 5152 2079 5219 r'um
2109 5161 2170 5235 hi
2201 5158 2485 5235 severius,
2519 5156 2616 5212 isti
2641 5152 2978 5235 benegnius
3002 5154 3105 5235 agi
3150 5152 3431 5235 volebant
3455 5166 3600 5235 cum

1944 5235 2014 5290 iis
2035 5233 2139 5306 qui
2165 5230 2372 5306 unioni
2405 5231 2689 5306 Romanae
2720 5226 2932 5306 (quam
2954 5223 3599 5306 utriquedetestaban-

1945 5295 2075 5376 tur).
2094 5302 2545 5376 renuntiarant;
2578 5298 2654 5376 de
2696 5295 2933 5376 quibus
2965 5295 3128 5376 idem
3172 5296 3600 5376 Parcbvmeres

1944 5365 2114 5450 parte
2143 5393 2203 5441 ιι,
2234 5373 2404 5450 lib._1,
2431 5365 2566 5444 cap.
2597 5365 2754 5450 2thet
2776 5371 2872 5450 22._
2901 5367 3017 5450 sed
3046 5371 3105 5450 et
3145 5366 3265 5450 alia
3311 5365 3601 5450 deinceps

1947 5435 2478 5519 schismataplura
2507 5435 2885 5519 “exstiterunt
2927 5435 3462 5519 Constantinopoli,
3493 5435 3603 5519 p—er

1940 5521 2168 5592 justam
2200 5509 2795 5592 Dei’rctributiopem,
2821 5513 2895 5592 ut
2925 5525 3036 5592 n_ec
3082 5509 3372 5592 unionem
3419 5509 3603 5566 habe-

1944 5581 2079 5648 rent
2117 5591 2269 5645 inter
2300 5604 2364 5644 se
2397 5585 2504 5660 qui
2550 5582 2838 5642 nolebant
2879 5581 3105 5639 habere
3146 5597 3288 5637 cum
3329 5582 3605 5650 Romana.

1946 5661 2230 5720 Ecclesia.
