4090 6378
561 260 672 323 839

1764 246 2249 343 consrmrmt,
2278 245 2736 317 Acaoroum

3804 262 3896 327 840

568 388 908 447 confossus.
938 389 1053 446 Sed
1084 403 1191 447 oro
1220 390 1284 446 ut
1308 386 1650 445 animorum
1679 385 1736 439 et
1763 398 2087 456 corporum
2117 397 2188 439 cu

2333 398 2433 432 των
2477 380 2704 451 ἰάσαιτο,
2747 382 2839 432 καί
2892 379 2985 439 τὰς
3040 386 3142 432 τῶν
3198 378 3464 452 μωλὼπων
3519 380 3711 439 ἐκείνων
3762 388 3898 453 ούλὰς

569 482 732 537 rator
756 481 908 535 Deus
932 478 1246 536 medeatur
1274 475 1441 543 mihi,
1488 475 1860 547 istorumque
1907 471 2188 529 verberun

2332 463 2658 539 ἀπαλείψειεν
2698 469 2723 520 6
2765 467 3125 542 φιλάνθρωπος
3181 465 3435 544 ἀκέστωρ,
3475 476 3566 525 καὶ
3619 482 3705 536 τῆς
3739 477 3896 549 ἡμετέ.

562 568 780 625 livores
808 567 1049 626 aboleat
1067 567 1368 639 benignus
1393 564 1662 622 medicus
1691 566 2030 635 nostraeque
2058 560 2219 617 inﬁr-

2326 575 2423 631 ρας
2477 556 2745 619 ἀσθενείας
2796 557 3078 631 οἰκτίρμων
3141 558 3482 632 θεραπευτής.
3538 561 3596 614 Ὁ
3652 559 3708 616 δι
3749 564 3895 638 λόγος,

564 657 787 715 mitatis
812 658 1156 716 misericors
1177 660 1505 731 reparator.
1532 654 1646 712 Sed
1676 652 1940 724 agedum
1975 651 2053 708 ad
2084 667 2188 724 pro

2326 649 2439 720 ἄγε,
2481 658 2581 701 τῶν
2618 652 2879 725 προτέρων
2919 649 3149 722 ἕχέσθω,
3189 653 3280 703 καὶ
3319 649 3606 724 ἓπειλήφθω
3644 650 3781 717 αὖθις
3812 665 3897 709 τῶν

562 746 699 821 pria
724 750 1055 805 revertatur
1082 746 1274 804 oratio
1299 749 1355 804 et
1396 742 1808 818 superioribus
1855 757 2098 799 rursum
2126 741 2214 798 in-

562 834 753 893 sistat.

632 958 723 1009 22.
754 951 1029 1011 Subversi
1046 953 1269 1011 fuimus
1290 970 1327 1011 a
1346 950 1777 1022 malo,malum
1800 949 1862 1006 in
1887 964 1986 1005 res
2000 946 2212 1004 huma-

557 1057 673 1100 nas
691 1042 1050 1115 divinasque
1069 1047 1400 1117 usurpante
1415 1040 1737 1115 imperium
1760 1056 1774 1095 :
1797 1039 1903 1113 qui
1923 1053 2063 1095 vero
2081 1037 2212 1094 haec

557 1136 904 1189 restaurans
922 1132 1002 1189 ad
1022 1134 1340 1206 pristinam
1359 1130 1673 1189 reduceret
1697 1128 2096 1200 integritatem
2118 1127 2208 1184 in-

557 1221 910 1278 veniebatur
919 1237 1118 1291 nemo,
1135 1222 1340 1279 omnia
1360 1225 1563 1278 autem
1580 1219 1658 1276 ad
1669 1216 2207 1291 impossibilitatem

556 1309 1164 1383 desperationemque
1184 1315 1515 1367 extremam
1533 1306 1895 1365 reciderant:
1920 1321 2066 1362 nam
2082 1320 2208 1362 ma-

556 1412 712 1469 gnus
729 1399 1006 1466 Joannes,
1025 1399 1130 1470 qui
1150 1403 1272 1456 tam
1302 1397 1558 1454 densam
1588 1394 1911 1469 impietatis
1932 1394 2207 1451 domina-

553 1484 713 1542 tricis
729 1491 968 1543 noctem
989 1491 1223 1560 poterat
1244 1486 1606 1553 illuminare,
1638 1484 1860 1542 absens
1881 1483 1943 1540 in
1963 1482 2204 1540 Perside

549 1572 794 1631 vivebat
812 1573 1119 1641 Damasci;
1150 1579 1207 1630 et
1226 1574 1331 1647 qui
1350 1589 1489 1630 vere
1510 1577 1716 1629 noster
1735 1576 1863 1629 erat
1878 1585 2202 1643 rerumque

547 1666 892 1719 nostrarum
910 1663 1092 1719 etiam
1112 1662 1327 1719 exinde
1351 1662 1627 1735 provisor
1671 1658 2202 1733 circumspectissi-

2325 737 2537 795 ἄνωθεν.

2392 938 2501 1016 κβζ
2544 942 2837 1017 Ἀνετράπη
2896 945 2987 1017 μεν
3040 943 3141 997 ὑπὸ
3194 951 3286 997 τοῦ
3344 952 3510 999 κακοῦ
3562 954 3729 1009 κακῶς
3764 946 3899 1021 βασι-

2319 1027 2595 1095 λεύσαντος
2634 1035 2699 1085 τά
2742 1033 2855 1085 θεῖά
2891 1051 2943 1085 τε
3001 1037 3091 1085 καὶ
3148 1035 3373 1108 ἡμέτερα
3407 1054 3420 1067 ·
3462 1036 3489 1087 6
3531 1030 3581 1089 δ’
3621 1034 3896 1096 ἀναστήσων

2321 1120 2350 1178 ἣ
2411 1118 2718 1195 ἀνορθώσων
2772 1117 2858 1191 ἦν,
2917 1124 2984 1185 ὡς
3041 1124 3184 1194 ἔφην,
3246 1120 3423 1184 οὐδείς
3465 1145 3479 1158 ο
3534 1126 3703 1177 πάντα
3762 1122 3808 1179 δ’
3857 1124 3896 1178 έν

2319 1206 2581 1282 ἀμηχάνῳ
2618 1212 2978 1280 καθειστὸκει,
3018 1215 3108 1264 καὶ
3144 1210 3197 1264 έν
3235 1210 3415 1286 ἀπόρῳ
3453 1216 3521 1266 τά
3558 1222 3649 1267 τοῦ
3684 1216 3897 1290 πράγμαο

2317 1315 2400 1358 τος
2437 1304 2774 1365 κατηντήκει,
2828 1304 2920 1353 καὶ
2971 1301 3037 1352 τά
3091 1308 3191 1361 τῶς
3249 1296 3580 1374 διορθώσεως
3617 1302 3895 1366 ἁπαξαπλῶς

2316 1384 2689 1466 ἀπηγορεύετο,
2729 1389 2787 1442 Ὀ
2824 1391 2926 1464 γὰρ
2978 1398 3071 1451 τῆς
3121 1388 3363 1451 ἀσεϐείας
3421 1396 3660 1466 φωστὴρ,
3698 1394 3725 1445 6
3760 1396 3895 1466 μέγας

2317 1465 2570 1549 Ἰωάννης,
2632 1477 2682 1530 έν
2739 1482 3002 1550 Δαμασκῷ
3060 1483 3149 1530 καὶ
3207 1475 3438 1553 Περσίδι
3487 1476 3662 1552 διῆγε,
3716 1485 3797 1533 καὶ
3829 1479 3892 1533 ἐπ’

2315 1562 2616 1627 ἀλλοδαπῆς
2669 1565 2955 1639 ἐτύγχανεν
3013 1568 3081 1619 ὢν
3121 1569 3147 1619 6
3187 1565 3464 1640 ύμεδαπός
3522 1568 3764 1636 ἀλεηθῶς,
3819 1574 3893 1623 καὶ

2309 1661 2409 1705 τῶν
2484 1656 2740 1729 ἡμετέρων
2815 1656 3051 1709 κάκεῖθεν
3126 1651 3370 1728 κηδεμὼν
3457 1660 3890 1732 προμηθέστατος.

547 1766 705 1823 mus,
718 1751 781 1807 in
807 1750 1003 1808 aliena
1038 1751 1531 1809 commorabatur
1548 1750 1811 1822 regione.
1837 1748 1990 1815 Quid
2010 1762 2152 1819 ergo
2171 1747 2188 1802 i

2309 1741 2473 1798 Ἀλλά
2526 1750 2577 1796 τί
2627 1751 2753 1816 γοῦν
2802 1762 2816 1814 ;
2876 1748 2935 1797 τὸ
2994 1744 3112 1798 καθ’
3174 1746 3332 1799 αὐτὸν
3396 1744 3506 1800 ἐκεῖ
3551 1748 3774 1823 στέρξας,
3810 1755 3893 1800 τῶν

548 1854 628 1896 an
654 1855 777 1895 sum
791 1839 921 1896 istic
940 1840 1188 1896 studens
1208 1840 1465 1911 utilitati,
1478 1855 1573 1895 res
1592 1855 1730 1912 quae
1749 1838 1850 1894 hic
1874 1843 2061 1904 erant,
2089 1852 2199 1910 pu-

545 1926 735 1984 blicas
751 1928 1010 1999 neglexit
1031 1930 1059 1985 ‘I
1080 1929 1316 1986 Minime
1332 1944 1493 1986 vero.
1521 1928 1680 1986 Sicut
1698 1927 1858 1985 enim
1881 1926 2000 1984 loci
2017 1926 2195 1983 alicu-

544 2015 645 2087 jus
664 2016 950 2087 indigena
977 2021 1035 2074 et
1075 2020 1309 2075 amator
1344 2017 1407 2074 in
1442 2016 1640 2074 alieno
1668 2016 2020 2074 constitutus
2046 2014 2196 2084 solo,

547 2103 754 2177 ibique
768 2105 1023 2177 negotiis
1039 2106 1162 2162 suis
1176 2105 1460 2163 curandis
1475 2105 1812 2174 intendens,
1828 2104 2017 2160 sicubi
2035 2102 2201 2160 intel-

544 2193 756 2250 lexerit
771 2210 867 2252 res
882 2195 1088 2267 patriae
1104 2200 1318 2268 praeter
1336 2194 1524 2252 animi
1544 2195 1636 2250 sui
1656 2198 1863 2251 votum
1885 2193 2002 2265 agi,
2017 2192 2200 2250 etiam

546 2298 581 2340 e
601 2282 934 2357 longinquo
948 2283 1164 2341 iisdem
1185 2283 1442 2341 consulit
1458 2283 1745 2353 studiose,
1766 2298 1889 2339 non
1911 2282 2036 2339 sine
2057 2297 2199 2339 con-

546 2369 885 2428 turbatione
907 2375 1088 2446 atque
1110 2372 1406 2429 anxietate
1422 2371 1669 2445 propria
1691 2388 1704 2427 :
1733 2371 1818 2427 sic
1850 2386 2096 2444 quoque
2117 2369 2199 2427 vir

543 2459 642 2516 hic
660 2460 925 2529 divinus,
947 2462 1153 2519 animo
1169 2461 1418 2536 quidem
1440 2465 1855 2518 consternatus
1879 2466 1968 2517 est
1995 2461 2197 2516 statim

544 2551 726 2621 atque
748 2548 812 2605 id
833 2549 1081 2621 contigit
1108 2555 1164 2607 et
1196 2551 1444 2608 internis
1482 2550 1750 2607 motibus
1781 2549 2193 2617 conturbatus,

543 2642 744 2696 tamen
769 2639 1007 2696 Domini
1038 2641 1131 2697 sui
1152 2640 1559 2699 haereditatem
1582 2640 1759 2698 anxie
1784 2656 2025 2710 curans,
2056 2654 2195 2697 con-

541 2727 973 2802 suluitpopulo
1006 2730 1357 2799 Christiano,
1392 2736 1451 2788 et
1484 2730 1887 2804 frequentium
1916 2729 2195 2803 epistola-

535 2830 674 2874 rum
696 2817 1023 2891 scriptione
1061 2820 1293 2876 curavit
1321 2820 1547 2893 ubique
1574 2819 1858 2876 omnibus
1879 2824 2091 2876 notum
2109 2818 2193 2875 fa-

536 2921 670 2963 cere
688 2922 973 2978 errorem,
990 2907 1374 2966 manifestare
1389 2909 1812 2982 corruptelam,
1828 2913 1886 2965 et
1898 2908 1961 2964 in
1975 2908 2194 2964 demis-

535 3012 603 3053 so
620 2998 699 3054 ad
716 2998 1058 3056 animarum
1071 2999 1395 3072 perniciem
1412 2999 1597 3056 homo
1617 2998 1978 3056 occultatam
1990 3015 2193 3056 escam

2307 1829 2439 1904 τῇδε
2493 1837 2585 1885 καὶ
2638 1841 2823 1885 κοινῶν
2889 1834 3269 1907 κατημέλησε;
3315 1834 3520 1889 Πολλοῦ
3575 1857 3635 1909 γε
3687 1842 3770 1890 καὶ
3806 1833 3891 1891 δεῖ.

2306 1928 2390 1982 εΩς
2426 1924 2527 1997 γάρ
2567 1942 2648 1985 τις
2690 1922 2970 1995 αὐτόχθων
3010 1942 3065 1976 τε
3114 1929 3205 1977 καὶ
3257 1922 3587 1999 φιλόπατρις,
3640 1925 3715 1979 ἐπ’
3764 1924 3895 1978 ἀλλο-

2308 2014 2452 2085 τρίας
2489 2016 2775 2085 γενόμενος,
2816 2016 2907 2065 καὶ
2960 2021 3059 2065 τῶν
3121 2008 3269 2065 ἰδίων
3328 2010 3489 2077 αὖθις
3536 2016 3821 2089 φροντίζων,
3856 2017 3895 2066 εἰ

2307 2118 2418 2162 πως
2474 2097 2542 2159 δὴ
2601 2104 2668 2153 τά
2722 2100 2773 2155 έν
2828 2109 2891 2174 τῇ
2945 2098 3165 2175 πατρίδι
3223 2106 3295 2175 μὴ
3356 2105 3434 2166 ὡς
3488 2102 3736 2178 βουλητὸν
3771 2105 3891 2175 ἓχειν

2309 2186 2547 2242 ἀκούσειε
2585 2188 2703 2262 (κᾶν
2741 2193 2886 2264 παρὰ
2922 2195 3017 2250 τὴν
3056 2187 3281 2265 καρδίαν
3346 2194 3537 2257 πάθοι,
3593 2198 3679 2246 καὶ
3734 2190 3890 2263 σκέψει

2307 2286 2407 2330 τῶν
2462 2278 2722 2353 λογισμῶν
2780 2276 3005 2348 ένδοίη),
3058 2278 3160 2333 κάκ
3219 2289 3311 2342 τῆς
3367 2278 3674 2345 ἀλλοδαπῆς
3726 2300 3776 2335 τε
3814 2284 3890 2333 καὶ

2306 2366 2568 2442 πόρρωθεν
2604 2373 2723 2444 περὶ
2759 2377 2857 2422 τῶν
2895 2368 2944 2422 έν
2986 2377 3096 2430 τοῖς
3134 2366 3299 2433 ἰδίοις
3339 2368 3413 2422 ἂν
3453 2368 3799 2443 διασκέῲατω
3832 2371 3887 2430 ὡς

2308 2451 2367 2509 δὲ
2423 2460 2513 2509 καὶ
2569 2459 2595 2509 6
2657 2459 2789 2519 θειος
2846 2459 2992 2520 οὗτος
3050 2457 3179 2533 ἀνὴρ
3241 2457 3504 2531 βάλλεται
3556 2466 3647 2520 τὴν
3691 2455 3888 2532 καρδίαν

2305 2544 2497 2598 αὐτίκα
2534 2554 2605 2598 τῶ
2647 2545 2928 2620 συμϐάντι,
2978 2549 3289 2601 παθαίνεται
3344 2554 3456 2608 τήν
3509 2549 3706 2623 ψυχὴν,
3753 2542 3890 2607 κήδε-

2304 2653 2392 2687 ται
2427 2642 2519 2687 τοῦ
2560 2637 2698 2689 θείου
2750 2635 2973 2709 λάχους,
3032 2644 3328 2713 προνοεῖται
3404 2648 3495 2693 τοῦ
3548 2641 3887 2715 Χριστωνόμου

2304 2723 2445 2791 λαοῦ,
2478 2730 2566 2778 καὶ
2606 2734 2822 2798 συχνοῖς
2858 2729 2993 2781 πάνυ
3023 2734 3131 2789 τοῖς
3168 2730 3469 2801 γράμμοεσι
3504 2735 3626 2783 πᾶσι
3660 2733 3883 2796 πανταχῆ

2302 2815 2368 2865 τά
2405 2821 2501 2878 τῆς
2538 2813 2736 2877 πλάνης
2775 2814 3135 2892 ἀναγνωρίζει,
3176 2821 3268 2870 καὶ
3312 2820 3383 2871 τά
3452 2827 3541 2882 τῆς
3589 2819 3739 2889 λύμης
3774 2811 3881 2867 δια·

2305 2910 2475 2976 σαφεῖ,
2542 2908 2599 2958 τὸ
2660 2923 2720 2977 γε
2774 2904 3180 2981 ἐγκεκρυμμένον
3248 2902 3441 2983 δέλεαρ
3506 2916 3572 2978 τῷ
3620 2907 3878 2978 καθιεμένῳ

2302 2994 2437 3045 κατά
2473 3000 2575 3044 τῶν
2613 2993 2806 3066 ψυχῶν
2847 2993 3117 3069 ἀγκίστρῳ
3156 3001 3317 3048 πᾶσιν
3377 2998 3465 3051 ὑπ’
3510 2996 3623 3068 ὄψιν
3659 2996 3766 3067 ἄγει
3800 2996 3879 3045 καὶ

536 3086 650 3143 sub
671 3092 1068 3160 conspectum
1110 3088 1433 3146 adducere.
1485 3091 1653 3145 Forte
1701 3089 1884 3145 etiam
1927 3103 2188 3161 praesens

2304 3075 2558 3139 διάδηλον
2598 3084 2805 3141 τίθησι.
2853 3086 3013 3156 Τάχα
3052 3080 3104 3136 δ’
3144 3082 3205 3136 ἂν
3242 3089 3336 3138 καὶ
3379 3092 3490 3149 τοῖς
3528 3080 3699 3138 ἐνθαδί
3735 3080 3876 3158 πρού-

531 3174 889 3234 intervenire
914 3176 1102 3234 voluit
1121 3176 1193 3233 iis
1222 3192 1360 3250 qua;
1388 3177 1486 3234 hic
1514 3177 1869 3250 agebantur,
1897 3183 1953 3234 et
1971 3178 2190 3235 nostris

533 3263 979 3322 calamitatibus
1004 3280 1210 3323 coram
1235 3266 1535 3339 opitulari,
1553 3267 1755 3341 ipsum
1778 3269 2074 3324 Cmsarem
2098 3283 2189 3325 re-

531 3352 887 3425 darguendo
902 3354 1078 3426 juxta
1105 3360 1460 3413 consuetum
1486 3355 1600 3413 sibi
1637 3356 1852 3425 zelum,
1883 3355 2075 3412 multa
2099 3356 2185 3412 lo-

529 3442 757 3515 quendi
775 3441 1042 3500 libertate
1053 3446 1367 3518 praeditum
1387 3464 1400 3515 ;
1424 3445 1638 3514 zelum,
1653 3446 2188 3518 inquam,igneum

526 3546 640 3604 pro
659 3531 798 3604 Deo,
820 3532 960 3589 Eliae
988 3532 1182 3591 instar
1204 3551 1218 3601 ;
1247 3538 1303 3591 et
1340 3535 1543 3608 posita
1554 3536 1733 3606 juxta
1755 3534 2130 3591 Psalmistam
2162 3535 2180 3571 ¹

525 3620 839 3695 iniquitate
867 3623 999 3695 ejus
1027 3623 1090 3679 in
1120 3629 1450 3697 conspectu
1482 3625 1633 3696 ejus,
1684 3640 1956 3682 coercere
1997 3624 2184 3698 impe-

525 3712 655 3767 tum
716 3709 1117 3769 multitudinis
1155 3713 1471 3787 imperitm,
1522 3718 1579 3770 et
1629 3718 1927 3787 quatenus
1972 3718 2183 3787 posset

522 3798 724 3874 ipsam
750 3800 1006 3858 erudire.
1041 3804 1464 3859 Verumtamen
1488 3802 1715 3861 absens
1742 3802 1872 3876 (ubi
1891 3807 2096 3860 autem
2124 3807 2183 3861 et

523 3888 833 3962 quomodo
858 3888 1124 3947 diximus
1154 3891 1365 3964 supra)
1411 3891 1755 3949 istiusmodi
1801 3893 2179 3966 propositum

520 3992 646 4035 non
674 3982 908 4051 poterat
929 3978 1105 4036 facile
1128 3980 1496 4037 exsecutioni
1513 3981 1840 4050 mandare;
1872 3980 2004 4038 aliis
2034 3996 2177 4052 ergo

519 4066 719 4124 modis
740 4067 1008 4124 debitum
1029 4070 1151 4125 Deo
1171 4068 1534 4141 obsequium
1550 4070 1889 4143 persolvere
1905 4069 2173 4144 cupiens,

519 4171 1015 4229 quaquaversum
1046 4172 1189 4214 suas
1212 4157 1424 4214 direxit
1452 4158 1758 4232 epistolas,
1788 4159 2011 4232 quibus
2042 4176 2173 4217 mo-

516 4243 704 4301 nebat
731 4244 880 4301 ritus
910 4245 1141 4318 priores
1172 4261 1487 4320 capessere
1518 4253 1575 4304 et
1602 4248 1810 4322 patriis
1836 4247 2070 4319 legibus
2102 4265 2173 4306 ac

517 4331 909 4405 religionibus
937 4333 1248 4393 inhaerere.
1274 4339 1389 4393 Has
1417 4341 1619 4394 autem
1648 4336 1929 4411 epistolas
1966 4337 2045 4394 ad
2069 4353 2172 4395 eos

2301 3170 2578 3243 τεθύμητο,
2621 3172 2687 3231 ὡς
2724 3176 2813 3223 καὶ
2852 3174 3151 3245 παράνομον
3192 3168 3460 3245 διελέγξαι
3501 3172 3736 3248 βασιλέα,
3764 3170 3877 3222 κατὰ

2300 3261 2386 3311 τὸν
2424 3258 2582 3311 πολύν
2620 3264 2714 3319 τὴν
2754 3259 3053 3336 παρρησίαν
3105 3266 3196 3315 καὶ
3247 3265 3336 3314 τὸν
3396 3265 3520 3339 ὑπὲρ
3566 3270 3694 3316 Θεοῦ
3741 3260 3875 3321 ζῆλον

2298 3345 2575 3422 ἐμπύρινον
2642 3348 2817 3402 Ἠλίου
2865 3370 2879 3385 υ
2950 3356 3039 3403 καὶ
3104 3357 3466 3427 παραστήσας
3518 3356 3699 3424 τούτῳ,
3761 3349 3877 3401 κατὰ

2296 3441 2383 3489 τὸν
2423 3434 2735 3511 Ψαλμῳδόν,
2775 3443 2869 3499 τὴν
2923 3439 3139 3512 ἀνομίαν
3189 3440 3350 3494 αὐτοῦ
3412 3444 3547 3495 κατὰ
3601 3445 3871 3516 πρόσωπον,

2295 3531 2415 3580 λαόν
2452 3546 2507 3581 τε
2545 3525 2787 3581 ἀσύνετον
2843 3532 3179 3599 νουθετῆσαι,
3238 3535 3330 3584 καὶ
3384 3534 3453 3594 ὡς
3488 3531 3593 3585 ἐνὸν
3630 3525 3875 3600 παιδαγω-

2292 3625 2460 3687 γῆσαι
2511 3622 2603 3669 καὶ
2661 3614 3083 3692 διορθώσασθαι.
3145 3617 3283 3673 Ἀλλ’
3341 3617 3489 3675 ἀπὼν
3538 3623 3660 3693 (ὅπη
3712 3615 3766 3671 δε
3798 3619 3874 3668 καὶ

2292 3707 2428 3768 ὅπως
2468 3702 2968 3782 προδεδηλώκαμεν)
3025 3708 3119 3763 ούκ
3175 3708 3644 3787 εὐμεταχείριστον
3688 3704 3791 3782 εἶχε
3823 3707 3872 3756 τὸ

2290 3798 2425 3848 κατά
2486 3798 2753 3869 πρόθεσιν.
2800 3803 2999 3851 Τούτου
3058 3806 3181 3870 γοῦν
3237 3798 3390 3852 ἕνεκα
3449 3804 3661 3875 τρόποις
3720 3794 3870 3854 illoc;

2291 3884 2596 3946 ἀποπλῆσαί
2634 3894 2747 3958 Θεῷ
2786 3890 2850 3940 τὰ
2899 3896 2991 3949 τῆς
3041 3887 3242 3960 ὀφειλῆς
3300 3884 3686 3944 διεσπούδακεν
3717 3908 3731 3922 ⁸
3768 3882 3871 3958 ἀμέ-

2286 3972 2363 4028 λει
2398 3979 2488 4028 καὶ
2523 3978 2730 4050 γραφὰς
2767 3977 3050 4049 ἀπανταχῆ
3093 3981 3382 4051 πέπομφεν,
3426 3977 3797 4033 ἀντιποιεῖσθαί
3823 3989 3869 4024 τε

2286 4072 2385 4115 τῶν
2425 4069 2683 4141 προτέρων
2723 4063 3097 4128 ἔπιταττούσας
3134 4065 3278 4138 έθῶν,
3320 4071 3417 4121 καὶ
3475 4077 3575 4121 τῶν
3628 4069 3869 4141 πατρικῶν

2288 4154 2490 4227 θεσμῶν
2523 4157 2613 4206 καὶ
2653 4155 2798 4208 θείων
2838 4153 3115 4228 έξέχεσθαι
3164 4176 3178 4189 ·
3219 4155 3281 4218 ἃς
3339 4152 3412 4216 δὴ
3463 4162 3555 4211 καὶ
3590 4157 3721 4210 πάνυ
3756 4149 3868 4207 πολ-

2282 4241 2370 4305 λάς
2406 4251 2511 4305 τοῖς
2558 4242 2777 4297 ἐνταῦθα
2827 4239 3136 4320 διέσπειρεν,
3186 4241 3413 4319 ἀφειδῶς
3465 4249 3601 4301 πάνυ
3654 4262 3870 4299 καταπυ-

2282 4339 2504 4405 κνώσας,
2546 4338 2636 4388 καὶ
2676 4330 2917 4405 δαψιλῶς
2971 4337 3105 4407 ἄγαν
3162 4331 3562 4412 διασκορπίσας
3608 4336 3866 4391 τοσαύτας.

516 4420 746 4520 quibic
768 4421 1071 4493 degebant
1094 4423 1336 4482 mittens
1365 4426 1589 4483 multas
1625 4442 1697 4484 ac
1734 4428 1855 4483 fere
1888 4427 2170 4484 innume-

2298 4427 2386 4475 Καὶ
2423 4424 2545 4499 Ἰάρ»
2600 4426 2669 4486 ὡς
2722 4428 2812 4477 καὶ
2870 4429 3199 4499 κρυπτόντων
3245 4433 3346 4478 τῶν
3406 4425 3867 4499 ἀναλαμϐανόντων,

515 4508 737 4567 rabiles
763 4512 1066 4585 (quamvis
1095 4528 1197 4571 eas
1228 4520 1590 4573 conarentur
1637 4515 1904 4574 occultas
1945 4514 2171 4574 habere

515 4600 620 4674 qui
650 4600 1040 4676 recipiebant)
1067 4619 1192 4663 non
1226 4606 1418 4679 potuit
1441 4607 1680 4680 evitare,
1698 4623 1822 4681 quo
1851 4606 2055 4665 minus
2070 4623 2168 4664 ve-

512 4689 709 4747 nirent
736 4690 799 4748 in
833 4691 1109 4751 notitiam
1160 4694 1561 4768 imperatoris,
1607 4696 1859 4769 ejusque
1905 4696 2171 4754 furorem

512 4779 805 4839 adversus
837 4783 1173 4857 sapientem
1203 4784 1464 4844 scribam
1493 4785 1850 4844 suscitarent
1878 4791 1933 4843 et
1962 4791 2171 4846 contra

511 4884 876 4942 generosum
895 4872 1282 4947 palaestritam
1303 4874 1712 4943 incenderent,
1728 4875 2169 4951 suaderentque

508 4960 907 5022 fraudulentis
958 4961 1114 5022 dolis
1148 4980 1288 5022 eum
1336 4964 1595 5023 adoriri:
1637 4963 1807 5039 quod
1855 4966 2168 5039 quomodo

508 5055 712 5111 actum
737 5052 832 5122 sit,
849 5052 988 5111 licet
1008 5053 1266 5112 breviter
1291 5054 1591 5129 explicare
1612 5054 2166 5129 coeperimus,nunc

507 5141 724 5201 iterum
752 5143 1028 5202 dicemus
1056 5144 1416 5204 distinctius.

580 5278 669 5334 23.
694 5276 830 5334 Erat
862 5276 934 5347 is,
957 5281 1023 5336 ut
1046 5277 1193 5350 dixi,
1225 5280 1340 5337 Leo
1372 5279 1691 5348 Isauricus,
1736 5277 2038 5339 belluinus
2066 5275 2164 5339 ille

506 5364 755 5438 quidem
783 5371 841 5424 et
864 5367 1192 5426 iracundiae
1219 5369 1475 5428 modum
1503 5370 1739 5428 nullum
1762 5385 2021 5445 ponens,
2038 5385 2163 5428 non

507 5458 709 5514 tamen
753 5473 950 5531 usque
996 5459 1149 5517 adeo
1198 5460 1503 5535 Iconinus,
1552 5465 1618 5520 ut
1667 5461 1871 5537 palam
1918 5461 2164 5522 auderet

578 5618 598 5667 ί
644 5624 796 5689 Psal.
829 5646 1045 5692 1.me
1068 5624 1121 5693 8.

2281 4516 2371 4565 καὶ
2420 4508 2515 4566 διὰ
2576 4512 2767 4567 πολλοῦ
2828 4517 2887 4567 τὸ
2961 4513 3133 4568 λαθεῖν
3194 4515 3495 4588 τιθεμένων,
3567 4508 3868 4588 (συμϐαίνει)

2279 4604 2582 4675 γνωσθῆναί
2620 4622 2675 4656 τε
2712 4612 2785 4677 τῷ
2825 4602 3040 4677 βασιλεῖ
3074 4603 3167 4657 καί
3203 4608 3339 4657 κατά
3377 4613 3472 4659 τού
3515 4610 3676 4678 σοφοῦ
3711 4617 3867 4676 γραμ-

2279 4695 2477 4765 ματέως
2515 4691 2756 4767 έκμῆναί,
2796 4697 2887 4747 καὶ
2924 4695 3063 4748 κατὰ
3099 4701 3192 4748 τοῦ
3228 4698 3468 4767 γενναίου
3502 4694 3741 4748 ἀλείπτου
3764 4685 3868 4742 δια·

2278 4780 2464 4854 νάψαι,
2484 4787 2576 4836 καὶ
2603 4779 2835 4859 δολεροίς
2862 4782 3144 4839 ἀναπεῖσαι
3168 4793 3519 4859 κατεπιχειρῆ
3530 4804 3621 4838 σαι
3647 4788 3746 4843 τοῖς
3764 4778 3864 4854 τρό-

2277 4887 2395 4936 ποις
2428 4894 2442 4908 °
2471 4874 2650 4928 ὁποῖον
2682 4870 2849 4949 δήπερ
2878 4873 3085 4944 ἐκεῖνον,
3103 4873 3146 4930 εἰ
3169 4878 3261 4929 καὶ
3292 4870 3387 4929 διὰ
3419 4873 3691 4952 βραχέων,
3719 4863 3864 4925 δεδη-

2275 4962 2495 5028 λωκότες
2521 4965 2854 5039 πεφθάκαμεν
2866 5009 2879 5024 .

2345 5256 2448 5334 κγ’.
2488 5250 2775 5333 Θηριὼδης
2811 5260 2901 5334 μὲν
2939 5253 3064 5336 γὰρ,
3104 5258 3196 5314 καὶ
3235 5259 3329 5320 τὴν
3378 5248 3541 5334 ὀργὴν
3582 5247 3861 5325 ἀκατάσχί-

2271 5369 2382 5423 τος,
2423 5349 2530 5403 ἀλλ’
2568 5350 2697 5424 ούχὶ
2734 5354 2824 5404 καὶ
2861 5349 3022 5405 τᾶλλα
3051 5345 3341 5412 λεοντώδης
3378 5346 3481 5402 κάκ
3525 5354 3619 5402 τοῦ
3660 5343 3859 5420 φανεροῦ

2268 5446 2361 5502 τὴν
2423 5443 2608 5515 μάχην
2670 5440 3031 5516 κατατολμῶν,
3085 5442 3113 5494 6
3178 5439 3426 5515 ἰσανρος
3488 5439 3557 5491 ὡν
3621 5435 3859 5508 έτύγχανί
