4090 6376
563 245 668 300 843

560 365 894 424 secundum
925 359 1216 436 propositi
1236 359 1298 414 in
1335 351 1714 423 autographa
1748 350 2109 407 characteris
2141 351 2216 406 si-

560 455 960 513 militudinem
995 457 1054 509 et
1065 447 1430 506 diabolicam
1445 448 1569 499 tam
1582 441 1893 496 scribentis
1907 457 2093 514 quam
2113 443 2216 512 ju-

562 546 759 602 bentis
813 541 1212 606 industriam;
1272 540 1329 592 et
1377 533 1456 590 ad
1498 534 1808 586 Persarum
1867 531 2215 602 praefectum

561 635 786 690 missa:
839 648 980 688 cum
1018 630 1132 685 hac
1172 641 1316 681 vero
1365 622 1555 678 missa
1601 625 1693 674 est
1743 619 1922 674 etiam
1974 619 2093 674 alia
2139 619 2214 675 de

559 723 812 778 Joanne.
843 722 982 786 Quae
1007 713 1314 784 autem,ab
1344 708 1648 779 hoc,velut
1668 707 1746 762 ad
1760 710 2050 762 Ceesarem
2079 708 2216 763 mis-

563 828 633 868 sa
661 809 934 883 epistola,
963 805 1462 875 suggerebantur,
1490 798 1618 852 haec
1648 803 1818 851 erant
1846 795 2053 868 quoad
2085 811 2209 850 sen-

563 913 947 970 sum;.neque
977 894 1138 951 enim
1178 891 1362 947 verba
1387 887 1603 944 referre
1633 885 1769 956 ipsa
1799 885 2050 956 possim,
2081 901 2215 956 par-

564 991 696 1055 tim;
719 988 950 1044 oblitus
976 995 1350 1052 eorum,quaa
1371 992 1492 1033 non
1520 975 2214 1030 credebaminemoriam

565 1084 834 1135 nostram
849 1071 1315 1144 mereri,partim
1353 1065 1714 1134 dedignatus
1742 1068 1864 1118 tam
1889 1062 2216 1118 exsecrabi-

565 1168 686 1224 lem
713 1167 1132 1237 imposturam.
1169 1161 1388 1215 Sensus
1417 1169 1560 1223 ergo
1593 1151 1725 1209 talis
1770 1153 2217 1223 quadamtenus

566 1263 713 1314 erat.

637 1369 726 1420 25.
761 1361 981 1419 Servile
1011 1357 1226 1414 collum
1266 1354 1495 1410 etiame
1543 1351 1876 1422 longinquo
1927 1347 2218 1405 submitto

568 1455 694 1519 tibi,
737 1455 933 1509 Caesar
969 1454 1332 1516 tuorumque
1372 1441 1595 1513 pedum
1637 1440 2040 1494 extremitates
2083 1454 2217 1493 am-

564 1545 808 1618 plector.
831 1537 1253 1610 Equidem,uta
1277 1531 1508 1590 Christo
1529 1529 2084 1585 denominationem
2108 1527 2213 1582 ha-

565 1617 739 1695 bens.
779 1631 906 1698 tibi,
959 1633 1022 1683 ut
1065 1624 1546 1681 Christianorum
1597 1620 1820 1690 ubique
1868 1617 2215 1687 degentium

565 1721 804 1797 praesidi
828 1715 1212 1774 manifestare
1242 1711 1457 1778 debeo,
1505 1724 1641 1780 quae
1672 1709 1969 1779 pertinent
2001 1706 2080 1761 ad
2112 1707 2217 1760 im-

564 1811 874 1888 piissimos
905 1809 1258 1866 Saracenos;
1289 1797 1810 1873 quemadmodum
1825 1797 2046 1851 scilicet
2065 1811 2137 1850 ea
2153 1810 2215 1848 se

564 1886 728 1958 nunc
757 1897 1040 1964 habeant,
1082 1896 1139 1946 et
1167 1889 1372 1962 qualia
1395 1888 1545 1959 ipsis
1578 1886 1924 1950 acciderint,
1970 1898 2216 1956 quoque

565 1991 866 2046 malorum
916 1981 1321 2057 processerint
1349 1977 1550 2032 furiosi
1569 1975 1670 2031 illi.
1708 1976 1864 2032 Sciat
1892 1975 2074 2043 igitur
2092 1989 2216 2028 ma-

561 2081 750 2151 jestas
781 2081 902 2141 tua,
945 2073 1110 2144 ipsos
1151 2067 1400 2125 omnino
1439 2065 1676 2120 destitui
1717 2063 2075 2119 militaribus
2114 2077 2215 2151 co-

564 2149 678 2241 piis
701 2163 896 2238 (divisi
921 2160 1083 2217 enim
1108 2158 1259 2213 inter
1279 2171 1342 2210 se
1383 2160 1538 2209 sunt.
1565 2158 1897 2224 mutubque
1940 2151 2019 2206 ab
2063 2149 2214 2241 invi-

563 2239 694 2314 cem
715 2257 1046 2312 atteruntur
1065 2245 1374 2310 conﬂictu)
1397 2249 1578 2316 atque
1613 2241 1766 2298 adeo
1805 2245 2090 2312 superatu
2124 2239 2217 2293 fa-

562 2347 701 2404 ciles
730 2360 862 2401 esse
901 2341 1242 2410 cuicunque
1282 2333 1502 2390 volenti
1535 2349 1548 2386 :
1576 2347 1778 2386 meam
1823 2330 2069 2402 insuper
2107 2343 2216 2399 pa-

558 2438 754 2502 triam,
787 2431 1000 2488 urbem
1032 2427 1344 2499 antiquam
1396 2429 1453 2478 et
1485 2421 1734 2487 claram,
1765 2435 1902 2493 quas
1933 2435 1970 2474 a
2000 2417 2215 2473 funda-

558 2525 776 2582 mentis
795 2521 986 2577 muito
1008 2519 1141 2591 jam
1170 2522 1436 2586 tempore
1468 2511 1718 2567 subruta
1728 2511 1908 2581 jacet.
1935 2514 1992 2564 et
2016 2509 2076 2563 in
2100 2507 2214 2561 mi-

561 2615 853 2671 seriarum
892 2605 1326 2682 plenitudinem
1365 2602 1598 2674 dejecta
1635 2606 1741 2664 est,
1784 2600 1955 2655 nullo
1993 2597 2213 2670 pariter

557 2702 798 2776 negotio
825 2694 1271 2770 subjugabilem
1292 2693 1691 2764 apparere.l\'e
1705 2687 2206 2776 cuncterisigitur,

556 2775 657 2850 ter
671 2791 934 2848 maxime
947 2788 1292 2859 imperator,
1309 2785 1412 2836 sed
1428 2795 1692 2853 praesens
1712 2779 1998 2834 assistens
2012 2775 2206 2831 solum

555 2889 608 2938 te
630 2879 961 2937 videndum
979 2873 1201 2948 praebe,
1232 2877 1411 2943 atque
1429 2869 1506 2925 ad
1530 2886 1600 2925 ea
1638 2884 1774 2940 quae
1804 2867 1899 2921 hic
1923 2869 2209 2935 geruntur

555 2973 924 3044 improwsus
941 2963 1161 3020 accede
1190 2980 1202 3016 :
1226 2961 1391 3016 brevi
1419 2959 1578 3014 enim
1620 2973 1690 3012 ac
1729 2957 1856 3011 sine
1883 2954 2206 3010 certamine

553 3042 940 3121 Damascum,
991 3055 1168 3110 famae
1225 3049 1566 3105 celebritate
1626 3046 2027 3106 notissimam,
2091 3042 2204 3098 sub

553 3156 723 3205 tuam
758 3146 992 3212 redigas
1023 3144 1402 3214 potestatem,
1435 3142 1492 3192 et
1522 3150 1750 3202 magna
1779 3133 1969 3202 gloria
1995 3131 2202 3203 acqui-

553 3239 664 3293 sita
692 3233 937 3297 redibis;
966 3245 1059 3285 me
1084 3227 1383 3299 siquidem
1405 3225 1464 3279 in
1495 3225 1700 3279 multis
1735 3222 2074 3292 adjutorem
2111 3235 2203 3274 re-

548 3325 764 3399 peries,
794 3326 1000 3392 utpote
1027 3321 1328 3390 potentem
1352 3314 1411 3368 in
1434 3311 1670 3368 Perside
1699 3316 1756 3366 et
1795 3327 1996 3365 rerum
2037 3325 2201 3364 sum-

551 3429 716 3470 mam
748 3422 1115 3484 quocunque
1146 3404 1384 3460 libuerit
1422 3403 1738 3456 ducentem
1779 3416 1850 3455 ac
1891 3399 2202 3454 traducen-

548 3510 698 3562 tem.
735 3504 802 3557 Et
829 3501 959 3554 haec
982 3495 1230 3570 quidem
1261 3498 1366 3548 aut
1391 3490 1744 3562 hujusmodi
1765 3489 1883 3544 alia
1911 3488 2202 3557 ﬁgmento

552 3595 672 3650 isto
713 3588 1177 3646 continebantur
1216 3602 1230 3639 :
1273 3597 1408 3655 qua;
1448 3596 1590 3636 vero
1621 3579 1700 3635 ab
1726 3579 2084 3651 imperatore
2123 3575 2202 3631 ad

549 3686 864 3738 Persarum
888 3675 1238 3750 praefectum
1277 3670 1616 3727 addebatur
1652 3666 1905 3740 epistola
1924 3667 1984 3721 in
2039 3666 2202 3720 hunc

547 3771 670 3828 fere
689 3768 941 3826 modum
982 3762 1324 3834 conscripta
1347 3765 1492 3815 erat.

617 3884 711 3935 26.
750 3869 1322 3944 Admoduminclyte
1357 3885 1427 3924 ac
1444 3866 1721 3922 nobiliter
1752 3869 2202 3935 nateetpraepo-

547 3975 677 4027 tens
707 3970 1026 4021 Persarum
1059 3959 1353 4032 praefecte,
1385 3957 1539 4011 bene
1584 3953 1802 4018 valeas,
1845 3957 1902 4007 et
1943 3968 2079 4024 quae
2121 3950 2195 4006 ad

548 4066 718 4117 tuam
760 4055 1014 4111 attinent
1067 4047 1398 4120 potentiam
1437 4062 1506 4099 ac
1569 4043 1920 4112 dignitatem
1983 4041 2201 4096 cedant

547 4160 852 4221 prospere,
883 4153 1153 4210 meaeque
1192 4134 1579 4190 dominationi
1617 4132 1984 4188 denuntieris
2022 4131 2198 4202 plena

548 4237 824 4297 felicitate
851 4231 984 4295 frui,
1018 4235 1198 4300 atque
1227 4226 1300 4281 de
1330 4223 1739 4294 magnitudine
1787 4228 1991 4277 nostra
2037 4221 2195 4276 idem

547 4325 864 4391 intelligas.
889 4317 1050 4375 Nosti
1073 4332 1258 4388 quam
1279 4330 1391 4384 ego
1423 4316 1533 4369 sim
1557 4314 1617 4368 in
1640 4311 1965 4367 foederibus
1991 4316 2047 4366 et
2094 4325 2199 4382 pa-

550 4416 658 4472 ctis
697 4408 1002 4468 conventis
1040 4405 1186 4461 nulli
1238 4404 1535 4460 obnoxius
1593 4399 2010 4457 mutabilitati:
2053 4405 2201 4454 tem-

550 4522 666 4580 pus
699 4502 878 4566 eniin,
905 4512 1163 4568 magnus
1185 4497 1268 4566 (ut
1297 4492 1547 4565 quidam
1581 4491 1746 4580 dixit)
1771 4489 2057 4558 magister
2105 4504 2200 4580 re-

551 4577 710 4661 rum,
743 4589 890 4646 nihil
917 4602 1038 4643 non
1055 4583 1470 4654 detegitatque
1528 4579 1770 4635 revelat.
1823 4581 2084 4632 'l‘uorum
2117 4577 2201 4631 in-

552 4685 723 4740 terim
756 4679 1135 4734 subditorum
1158 4673 1432 4745 quidam,
1485 4668 1863 4742 improbitate
1908 4669 2201 4737 gaudens,

553 4771 830 4830 inimicus
853 4767 1037 4840 pacis,
1065 4769 1124 4819 et
1152 4762 1338 4818 hostis
1376 4759 1627 4823 virtutis,
1692 4757 2022 4812 convellere
2077 4757 2204 4813 niti-

557 4878 653 4931 tur
683 4859 909 4918 fcedera
929 4857 1082 4911 inter
1118 4868 1230 4908 nos
1255 4851 1383 4921 jam
1413 4848 1557 4904 olim
1609 4847 1857 4916 sancita,
1923 4852 1978 4902 et
2017 4847 2205 4918 jusju-

634 5061 745 5129 (l2)
773 5056 1012 5113 Videtur
1065 5065 1444 5129 praesumere,
1471 5045 1643 5129 quod
1697 5050 1887 5129 textus
1940 5042 2207 5129 epistolis

560 5134 621 5188 in
636 5114 774 5186 ‘Vit'a
793 5114 1092 5200 expressa}
1126 5114 1560 5200 sit___or_iginalis,
1599 5119 1713 5200 hoc
1764 5114 2062 5200 autem_'ex
2089 5114 2209 5194 .illa

559 5205 685 5259 Vita
723 5193 888 5258 adeo'
907 5213 1028 5253 non
1067 5194 1432 5262 intelligitur.
1473 5197 1537 5245 ut
1590 5193 1790 5261 potius
1844 5193 2208 5242 contrarium

558 5273 676 5330 dici
712 5271 1075 5328 existimem.

633 5347 748 5415 (t3)
782 5349 950 5396 Anno
975 5337 1338 5415 Ch_risti_730,
1381 5339 1557 5415 mota:
1623 5348 1660 5411 a
1705 5332 2207 5415 Leone-persecu-

560 5404 740 5472 uo‘nis'
761 5417 994 5485 quam,
1019 5407 1353 5485 assumas,
1385 5404 2030 5485 ξςιιταςροίρξρκεξνοίειιε
2053 5404 2207 5482 νείρ-

559 5502 743 5542 ranus
779 5472 837 5538 Et
891 5472 1164 5553 plurimis
1220 5472 1482 5553 victoriis
1519 5473 1760 5528 illustris
1809 5472 2048 5553 ductor,
2078 5494 2099 5519 ι
2128 5472 2207 5553 in

557 5547 1095 5614 Turoorum-terras
1119 5549 1564 5622 eXpeditionem
1585 5547 1868 5614 suscepit,
1908 5547 2208 5599 conserto-

1757 221 2223 283 CONSTANTINI
2256 225 2745 283 ACROPOLITB.

3822 239 3920 292 844

2245 356 2294 406 Α
2321 360 2620 424 γραμματεῖ
2650 356 2783 427 πρὸς
2823 349 2988 421 ἰδέαν,
3051 357 3116 416 ὡς
3171 353 3462 426 ἐπετὰχθη,
3529 365 3750 430 γραφῆς,
3803 364 3920 435 πρὸς

2323 444 2647 513 γραμμάτων
2741 444 3010 513 ὁμοίωσιν,
3101 446 3231 518 πρὸς
3309 441 3590 516 δαιμονίαν
3667 444 3916 521 ἀκρίϐειαν

2325 530 2439 581 κατ’
2490 528 2776 606 ἀμφότερα,
2831 536 2917 584 καὶ
2969 531 3292 585 ἀπέσταλται
3333 542 3407 605 τῷ
3468 537 3778 609 Περσάρχῃ,
3837 544 3916 592 καὶ

2325 619 2472 694 ἑτέρα
2518 625 2635 694 περὶ
2701 621 2862 673 αὐτοῦ
2907 621 3340 679 συνεπέσταλται.
3392 622 3456 676 Ἃ
3505 629 3672 676 τοίνυν
3721 635 3810 685 τήν
3858 631 3915 690 ὡς

2324 707 2378 758 ἐκ
2449 717 2539 761 τοῦ
2609 709 2846 762 Ἰωάννου
2903 715 3032 784 πρὸς
3072 715 3157 763 τὸν
3228 709 3454 784 gaudia
3521 712 3796 777 ἐπιστολῆς
3859 737 3917 769 τα

2326 793 2620 869 δηλούμενα
2682 795 2764 868 ἦν,
2819 802 2984 852 ταῦτά
3045 819 3105 871 γε
3153 797 3214 858 ἦν
3244 823 3255 833 ο
3323 801 3454 860 πλήν
3506 801 3599 854 οὐκ
3630 801 3713 856 ἐπὶ
3754 804 3915 868 λέξεως

3110 911 3121 922 ·
3171 888 3280 942 ἐπεί
3335 910 3442 950 πως
3505 894 3613 960 (12)
3670 889 3786 963 οὐδ,
3823 892 3917 948 ἐδι·

2324 977 2530 1026 καίωσά
2595 995 2686 1047 μοι
2770 976 3110 1030 ἐναποθέσθαι
3185 988 3256 1050 τῷ
3317 985 3562 1052 μνήμονι,
3628 979 3915 1046 ἀπαξιώσας

2325 888 2522 957 εἴποιμι
2563 886 2764 945 ἐπιλελη
2773 907 2904 961 σμαι
2946 892 3046 962 γάρ

2326 1066 2455 1135 ὁμοῦ
2531 1071 2620 1117 καὶ
2711 1074 2799 1118 τοῦ
2865 1066 3132 1139 πλαματος
3204 1075 3293 1121 καὶ
3364 1078 3455 1121 τοῦ
3527 1076 3918 1143 σκευωρήματος

2329 1150 2726 1228 βδελυξάμενος.
2758 1153 2920 1227 Εἶχον
2940 1152 2999 1208 δε
3036 1158 3139 1230 ἄρα
3169 1159 3364 1210 οὑτωσί
3393 1177 3498 1219 πως
3521 1159 3684 1216 αὐτά.

2397 1348 2484 1404 κε’.
2514 1349 2748 1402 Δούλειον
2779 1350 2982 1422 αὐχένα
3045 1356 3132 1403 καὶ
3175 1351 3437 1427 πόρρωθεν
3513 1354 3778 1407 ὐποκλίνω
3825 1376 3914 1422 σοι,

2328 1437 2568 1511 βασιλεῦ,
2606 1446 2696 1492 καὶ
2770 1445 2853 1492 σοὶ
2912 1445 3030 1502 τοὺς
3097 1443 3318 1514 ὡραίους
3355 1446 3808 1518 προσπτύσσομαι
3839 1450 3917 1498 πό-

2326 1524 2446 1592 δας,
2517 1529 2544 1578 ὁ
2597 1527 2697 1580 ἀπὸ
2755 1536 2988 1603 Χριστοῦ
3044 1535 3511 1603 παρωνομασμένος
3709 1543 3783 1604 τῷ
3832 1544 3916 1586 τῶν

2325 1620 2711 1691 Χριστωνύμων
2750 1615 3047 1676 ὀπηδήποτ⁹
3099 1617 3160 1670 ἂν
3197 1625 3287 1671 καὶ
3356 1622 3681 1694 εὑρίσκοιντο
3734 1620 3921 1696 διάγον-

2253 1709 2290 1761 Β
2323 1726 2406 1768 τες
2456 1708 2697 1780 ἄρχοντι,
2748 1712 2838 1759 καὶ
2871 1705 3116 1780 διασαφῶ
3152 1711 3218 1760 τὰ
3268 1717 3367 1761 τῶν
3395 1708 3758 1764 ἀσεϐεστάτων
3785 1713 3920 1784 Ἀγα-

2322 1805 2509 1870 ρηνὼν,
2542 1798 2680 1858 ὅπως
2709 1815 2763 1848 τε
2792 1799 2858 1847 τὰ
2884 1803 2971 1848 νῦν
3007 1800 3218 1868 ἔχουσι,
3279 1803 3368 1850 καὶ
3428 1800 3586 1851 ὁποῖα
3643 1798 3822 1859 δήπου
3865 1804 3922 1854 τὰ

2323 1888 2459 1936 κατὰ
2511 1888 2726 1946 τούτους
2767 1889 3132 1957 συμπέπτωκε,
3179 1892 3269 1938 καὶ
3302 1887 3356 1939 οἶ
3399 1898 3573 1940 κακῶν
3630 1893 3684 1942 οὶ
3731 1887 3919 1962 δυσμε-

2323 1982 2421 2034 νεῖς
2468 1972 2801 2031 ἐληλάκασιν.
2854 1973 3014 2026 Ἱστω
3059 1994 3154 2027 σου
3204 1979 3263 2026 τὸ
3321 1979 3507 2045 κράτος
3547 1980 3617 2028 τὰ
3647 1987 3740 2039 τῆς
3778 1999 3920 2054 στρα-

2324 2070 2436 2123 τιᾶς
2491 2063 2746 2125 παντελῶς
2786 2062 3170 2138 ἑξηπορηκότας
3199 2069 3352 2137 (πρός
3420 2084 3476 2116 τε
3525 2070 3627 2140 ’γὰρ
3691 2067 3920 2129 ἀλλήλους

2327 2148 2608 2226 διῄρηνται
2669 2155 2802 2224 (13),
2875 2157 2964 2204 καὶ
3036 2153 3122 2205 ὑπ’
3184 2152 3411 2212 αλλήλων
3481 2152 3913 2230 ἐκδαπανῶνται),

2327 2243 2462 2294 ἔνθεν
2516 2248 2605 2294 καὶ
2650 2241 3078 2316 εὐεπιχειρήτους
3143 2240 3317 2317 ᾧσπερ
3384 2246 3446 2295 ἄν
3484 2250 3576 2297 καὶ
3616 2249 3699 2304 εἰη
3749 2245 3916 2319 βουλο-

2324 2335 2458 2403 μένῳ
2487 2333 2842 2402 τυγχάνοντας
2875 2351 2888 2363 °
2940 2335 3370 2406 προσεπιτούτοις
3420 2329 3479 2386 δὲ
3526 2340 3618 2387 καὶ
3671 2340 3764 2394 τήν
3799 2339 3913 2408 ἑμήν

2324 2417 2579 2494 πατρίδα,
2633 2425 2726 2478 τήν
2781 2419 3010 2491 ἀρχαίαν
3052 2421 3200 2473 πόλιν
3245 2427 3336 2474 καὶ
3400 2430 3743 2496 περιώνυμον,
3801 2424 3914 2483 ἀτη-

2323 2509 2540 2582 μέλητον
2592 2508 2646 2560 ἐκ
2702 2518 2906 2583 μακροῦ
2936 2529 2988 2561 τε
3039 2510 3200 2562 οὖσαν
3234 2516 3325 2562 καὶ
3360 2510 3406 2571 ἐς
3452 2515 3512 2564 τὸ
3547 2514 3788 2576 παντελές
3813 2510 3910 2572 ἤδη

2321 2597 2736 2655 καταϐληθεῖσαν
2805 2604 2895 2650 καὶ
2967 2599 3218 2651 εὐάλωτον
3293 2609 3578 2672 πεφηνυῖαν
3638 2609 3727 2655 καί
3808 2603 3914 2656 λίαν

2319 2687 2732 2761 εὐεπιχείρητον.
2770 2692 2856 2745 Μή
2883 2696 3008 2758 γοῦν
3056 2686 3291 2740 ἐπιπλίον
3354 2688 3631 2755 ἀναϐαλοῦ,
3699 2697 3913 2765 ηοισμί-

2316 2796 2468 2847 γιστε
2544 2775 2762 2848 βασιλεῦ
2828 2797 2840 2809 α
2901 2775 3007 2828 ἀλλ’
3047 2775 3318 2844 ἐπίστηθι,
3381 2777 3651 2851 ἐπιφάνηθι
3735 2784 3903 2851 μόνον,

2315 2874 2610 2937 παραγενοῦ
2640 2872 2750 2926 τοῖς
2776 2861 2906 2937 τῇδε
2957 2886 2968 2898 ·
3009 2861 3101 2917 διὰ
3152 2865 3389 2939 βραχέος
3417 2870 3516 2940 γὰρ
3578 2873 3670 2920 καὶ
3717 2870 3910 2920 ἀκονιτὶ

2315 2960 2408 3012 τήν
2458 2959 2733 3027 Δαμασκὸν
2796 2960 3115 3027 παραστήσῃ
3170 2960 3265 3013 τήν
3334 2956 3770 3031 πολυθρύλλητον,
3827 2962 3910 3010 καὶ

2314 3047 2448 3115 μέγα
2514 3043 2652 3103 κλέος
2707 3042 3067 3106 ἐπαναζευξεις
3130 3043 3384 3119 ἀράμενος
3440 3067 3452 3078 ·
3522 3048 3764 3122 εὑρήσεις
3815 3051 3906 3120 γὰρ

2311 3131 2397 3204 ἐμὲ
2445 3133 2540 3184 οὐκ
2586 3136 2669 3184 ἐπὶ
2729 3141 2933 3206 μικροῖς
2980 3135 3186 3195 πάντως
3245 3138 3531 3208 συνέριθον,
3589 3137 3792 3208 μεγάλα
3835 3136 3907 3189 ἐπὶ

2311 3230 2372 3294 τῇ
2417 3219 2643 3294 Περσίδι
2685 3225 2832 3293 πάσῃ
2904 3219 3210 3294 δυνάμενον,
3251 3229 3428 3275 καὶτὸ
3466 3231 3566 3276 πᾶν
3602 3228 3704 3284 ὅπη
3744 3246 3797 3279 τε
3831 3231 3907 3277 καὶ

2310 3314 2447 3372 ὅπως
2486 3331 2576 3382 μοι
2637 3309 2893 3382 βουλητὸν
2951 3317 3041 3363 καὶ
3078 3313 3270 3383 ἄγοντα
3320 3318 3410 3364 καὶ
3464 3318 3778 3386 μετάγοντα.
3821 3320 3909 3369 Καὶ

2308 3402 2585 3471 ταῦταμὲν
2615 3400 2642 3456 ή
2677 3408 2895 3451 τοιαῦτα
2931 3396 2998 3457 δή
3051 3403 3115 3451 τὰ
3157 3409 3248 3452 τοῦ
3307 3400 3622 3473 πλάσματος
3675 3426 3687 3436 ο
3720 3405 3756 3456 ἃ
3783 3401 3840 3457 δὲ
3862 3403 3909 3455 ἐκ

2308 3497 2400 3539 τοῦ
2451 3487 2708 3561 βασιλέως
2763 3493 2892 3562 πρὸς
2948 3493 3032 3541 τὸν
3081 3492 3398 3564 Περσάρχην
3441 3487 3782 3566 διεσήμαινεν
3811 3493 3909 3546 ἐπι-

2313 3578 2514 3630 στόλιον
2545 3580 2713 3630 ταυτά
2763 3597 2823 3649 γε
2877 3579 2906 3636 ή
2962 3579 3160 3630 τοιαῦτ’
3210 3580 3345 3631 ἄττα
3397 3585 3614 3635 κάκεῖνα
3643 3590 3739 3643 τήν
3789 3585 3912 3636 ἔκθε-

2311 3688 2394 3719 σιν
2425 3664 2503 3726 ἦν.

2379 3863 2482 3916 13'.
2563 3861 2876 3933 Μεγακλεὲς,
2963 3861 3219 3934 ὖψιγενὶς,
3303 3867 3592 3939 κρατάρχα
3687 3876 3907 3943 Περσῶν,

2309 3957 2418 4014 εῖης
2456 3955 2654 4022 ὑγιείας
2706 3954 2842 4022 ἔχων
2909 3952 3092 4012 καλῶς.
3152 3956 3229 4005 Τὰ
3274 3962 3367 4015 τῆς
3420 3955 3672 4020 ἔξουσίας
3724 3960 3778 4011 εὖ
3833 3978 3908 4011 σοι

2309 4041 2561 4108 διίποιτο,
2618 4040 2790 4113 κάμοῦ
2836 4050 2908 4111 τῷ
2963 4044 3140 4114 κράτει
3197 4049 3447 4106 παντοίας
3500 4053 3594 4106 τῆς
3670 4049 3909 4120 εὐθυμίας

2308 4131 2643 4184 ἐπαπολαύων
2689 4129 2926 4200 alr/ﬂcio
2960 4126 3012 4181 εὖ
3072 4133 3262 4201 ἔχοντα
3323 4153 3335 4166 ·
3383 4137 3573 4185 καὶτὰ
3634 4141 3771 4190 κατά
3824 4141 3909 4194 τήν

2307 4221 2434 4294 ἐμήν
2489 4222 2712 4290 μάνθανε
2790 4218 3186 4290 μεγαλειότητα.
3271 4219 3445 4274 Οἶσθα
3498 4221 3610 4286 οἷος
3667 4229 3769 4297 ἑγὼ
3831 4229 3912 4285 τὰς

2311 4306 2543 4368 σπονδὰς
2607 4307 2839 4380 ἀσφαλής
2891 4313 2981 4360 καὶ
3034 4310 3136 4369 οἶος
3173 4313 3268 4372 τὰς
3325 4311 3624 4384 συμϐάσεις
3674 4314 3913 4387 ἀμεταμέ-

2306 4399 2458 4458 λητος
2501 4419 2512 4430 ·
2547 4399 2571 4448 ὁ
2605 4401 2706 4471 ’γάρ
2746 4416 2826 4448 τοι
2870 4417 3058 4469 χρονος
3087 4403 3248 4471 μέγας
3273 4402 3364 4466 (ὥς
3421 4420 3498 4461 τις
3527 4405 3652 4476 ἔφη)
3721 4407 3911 4457 πάντων

2311 4485 2657 4551 διδάσκαλος,
2690 4491 2778 4538 καὶ
2835 4483 2988 4538 οὐδὲν
3023 4489 3146 4562 ὅπερ
3199 4489 3294 4540 οὐκ
3343 4488 3728 4546 ἀνακαλύπτειν
3786 4497 3910 4566 ἔχει,

2309 4583 2400 4630 καὶ
2442 4585 2812 4650 παραγυμνοῦν
2851 4576 2923 4637 εἰς
3006 4576 3268 4636 ἀλήθειαν.
3320 4586 3430 4640 Τῷν
3486 4585 3668 4651 μέντοι
3714 4603 3773 4644 τς
3820 4585 3912 4634 ὑπὸ

2315 4673 2416 4731 σοὶ,
2451 4668 2771 4738 χαιρέκακος
2803 4669 2960 4725 ὅντως
3007 4671 3096 4718 καὶ
3151 4675 3248 4726 τῆς
3291 4667 3499 4739 εἰρήνης
3527 4670 3781 4743 πολέμιος
3831 4675 3909 4723 καὶ

2312 4764 2384 4825 τῷ
2432 4753 2612 4825 ἀγαθῷ
2672 4751 2957 4825 δυσμενής,
3014 4760 3245 4825 συγχέαι
3331 4759 3420 4818 τὰς
3483 4757 3732 4813 ἀνέκαθεν
3795 4763 3909 4831 ἡμῖν

2312 4849 2558 4918 πειρᾶται
2591 4839 2844 4909 σπονδὰς,
2885 4849 2975 4895 καὶ
3000 4848 3122 4905 τοὺς
3167 4847 3350 4917 ὅρκους
3387 4847 3696 4922 παραλῦσαι
3757 4847 3909 4921 διερε-

2241 4959 2282 5012 D

2317 5059 2436 5116 que
2480 5044 2686 5116 praelio
2727 5041 2930 5115 plures
2960 5041 3238 5116 utrinque
3276 5044 3560 5113 cecidere,
3598 5047 3909 5104 Masalmas

2319 5115 2520 5171 autem
2547 5131 2605 5170 in
2638 5115 2843 5183 fugam
2860 5120 3032 5170 actus
3053 5115 3161 5170 est.
3189 5137 3214 5161 »
3249 5118 3309 5172 Et
3340 5133 3577 5174 rursum
3603 5133 3770 5175 anno
3793 5121 3904 5179 732.

2319 5209 2357 5262 (ε
2390 5188 2451 5242 in
2480 5190 2752 5262 fl‘urciam
2804 5186 3129 5262 exercitum
3176 5186 3409 5244 induxit
3440 5205 3454 5244 :
3483 5206 3749 5262 cumque
3790 5191 3907 5260 jam

2319 5259 2564 5330 Caspias
2598 5263 2800 5331 portas
2835 5258 3143 5331 attigisset,
3193 5265 3356 5331 metu
3405 5258 3717 5331 correptus
3764 5258 3906 5316 retro

2319 5327 2627 5392 concessit,
2665 5351 2692 5377 »
2734 5328 2903 5402 sicuti
2933 5327 3136 5384 scribit
3170 5327 3686 5402 Theophanes—ad
3725 5345 3907 5387 annOS

2318 5403 2525 5456 Leonis
2565 5404 2623 5456 l3
2653 5405 2722 5471 et,
2742 5401 2827 5467 l5,
2860 5415 2996 5471 quas
3028 5416 3171 5455 sane
3201 5401 3511 5458 non’male
3549 5403 3906 5458 conveniunt

2315 5489 2453 5528 cum
2483 5469 3040 5540 chronologia‘alibi
3073 5487 3112 5527 a
3143 5471 3318 5528 nobis
3344 5473 3623 5530 deducta.
