4090 6400
190 306 304 366 845

1401 284 1472 360 iN
1513 304 1574 362 s.
1610 291 1816 360 JOAN.
1852 283 2355 358 DAMASCENUM.

3468 294 3572 364 846‘

194 434 335 495 θίζει
380 433 574 506 οὕσπερ
624 430 858 492 ἀλλήλοις
905 428 960 482 ix
1011 435 1214 503 μακροῦ
1292 429 1605 500 συνεθέμεθα
1671 426 1806 499 (14),

1944 424 2182 481 ειηάιιω
2225 423 2554 482 dissolvere
2600 442 2723 500 quo
2762 443 2874 485 nos
2919 428 2998 485 ad
3038 429 3296 488 invicem
3337 432 3575 504 pridem

192 528 288 576 καὶ
331 527 779 597 κατεπιχειρῆσαί
849 539 944 573 σου
999 527 1094 581 τῆς
1163 523 1347 593 χώρας
1403 516 1808 590 παραϐιάζεται,

194 611 273 685 ἐφ’
334 609 374 684 ᾧ
411 616 502 663 καὶ
556 612 614 663 οὐ
671 614 834 685 μικρὰ
888 609 1219 683 συνάρασθαί
1269 627 1357 676 μοι
1407 607 1808 679 κατεπαγγέλλε-

195 718 308 761 ται.
362 699 496 752 Ἀλλ’
552 702 729 771 ἔγωγε,
800 698 969 771 φιλίας
1017 693 1170 749 οὐδὲν
1230 695 1544 770 ἀκραιφνοῦς
1595 695 1809 767 λογιζό-

198 808 355 863 μενος
413 790 741 854 ἰσοστάσιον,
818 794 1108 862 περιφρονῶ
1161 788 1281 846 τοὺς
1333 784 1536 856 λόγους,
1582 803 1673 835 και
1719 785 1810 844 τὰς

200 882 392 931 τούτου
447 875 738 949 ξυμϐουλὰς
801 875 1174 947 ἂπαναίνομαι.
1236 879 1404 926 Πόσον
1455 876 1556 946 γὰρ
1615 872 1676 923 ἃν
1723 893 1813 924 και

199 971 279 1026 εἴη
309 987 402 1040 μοι
427 970 486 1018 τὸ
518 968 740 1019 ἐντεῦθεν
788 961 994 1040 κέρδος,
1059 965 1184 1038 ὑπερ
1233 971 1325 1015 τοῦ
1388 971 1485 1013 τῶν
1542 963 1812 1019 συνθηκῶν

200 1055 552 1129 ἀλογήσαιμι,
619 1075 710 1107 και
778 1059 864 1106 τὸν
923 1053 1086 1126 φίλιον
1145 1056 1573 1125 παροργίσαιμι;
1630 1048 1815 1111 Ὀστις

201 1165 294 1198 και
345 1145 415 1196 ὢν
462 1164 551 1196 και
598 1145 856 1215 τυγχάνει
895 1144 921 1194 ό
963 1144 1130 1194 ταὺτὰ
1191 1161 1249 1213 γε
1299 1139 1808 1214 μεταχειριζόμενος,

204 1236 231 1286 ὅ
259 1252 442 1306 φασιν,
475 1233 630 1293 αὐτὸς
677 1229 872 1295 δείξειο
937 1235 995 1283 τὸ
1024 1233 1123 1302 γὰρ
1183 1226 1252 1288 δὴ
1298 1234 1428 1302 πρός
1477 1247 1540 1300 με
1593 1231 1814 1303 γράμμα

209 1331 390 1396 σαφῶς
419 1329 648 1396 γνωριεῖ,
703 1317 869 1374 ἰδίαιν
928 1320 1069 1390 αὐτῷ
1123 1326 1302 1394 χεροῖν
1355 1319 1610 1372 συντεθέν.
1639 1325 1817 1370 Ταῦτα

208 1415 278 1465 τὰ
300 1419 392 1464 τοῦ
437 1409 698 1482 βασιλέως
749 1409 954 1482 ἁρχικά
997 1428 1088 1460 και
1137 1405 1417 1478 κοινωφελῆ
1483 1405 1818 1479 βουλεύματα

213 1521 306 1554 και
361 1498 694 1573 διάνοήματα
745 1521 757 1532 ·
815 1507 981 1550 ταῦτα
1031 1501 1061 1556 ἡ
1122 1496 1364 1572 ἁλουργές
1416 1495 1569 1547 αὐτὸν
1619 1494 1818 1558 ἐξεπαί-

214 1586 398 1642 δευσεν
461 1609 473 1620 ·
526 1587 658 1640 οὕτω
725 1590 792 1639 τὰ
839 1596 932 1648 τῆς
987 1589 1268 1660 περιόπτου
1327 1603 1416 1636 και
1494 1587 1818 1656 τιμιωτάτης

211 1677 364 1741 ἀξίας
403 1672 652 1749 διάσημα
702 1674 939 1748 σύμϐολα
1001 1694 1093 1726 και
1144 1672 1458 1750 περίϐλεπτα
1503 1677 1634 1745 μήτε
1689 1693 1816 1725 παν-

207 1770 417 1844 ούργως
492 1764 621 1819 ἀνίει
717 1763 1005 1839 μηδοτιοῡν

203 1862 338 1932 μήτε
367 1853 591 1930 δολερῶς
616 1860 675 1908 τὸ
705 1858 952 1932 παράπαν
983 1854 1474 1928 μεταχειρίζεσθαι,

282 1947 393 2007 κζ’.
465 1945 599 1999 Ἀλλ’
671 1942 852 2003 ἐπειδή
935 1963 1026 1996 και
1096 1941 1364 1995 ἁνελάϐετο
1414 1945 1509 2004 τὰς
1556 1945 1758 2016 γραφὰς
1796 1945 1822 1996 ό

212 2035 485 2112 βάρϐαρος
525 2035 743 2088 ἐκεινοσί
790 2038 1058 2110 τύραννος,
1110 2053 1200 2084 και
1255 2033 1320 2084 τὰ
1368 2031 1416 2084 ἐν
1471 2033 1652 2094 αὐταῖς
1709 2032 1826 2086 ἀνε-

209 2127 417 2192 λέξατο,
472 2121 624 2177 οὐδὲν
681 2125 795 2194 (15)
976 2121 1083 2175 ἀλλ’
1138 2122 1168 2181 ἡ
1216 2120 1486 2196 βάρϐαρος
1535 2121 1686 2183 εὐθὺς
1735 2123 1824 2188 ὡν,

214 2214 598 2290 ἀπερίσκεπτος
627 2219 720 2272 τήν
753 2215 918 2285 ὁρμὴν
977 2231 1064 2264 ιιαι
1114 2213 1172 2263 τὸ
1217 2209 1329 2262 ὅλον
1383 2213 1538 2283 φάναι
1589 2209 1827 2283 παράϐο-

213 2305 325 2370 λος,
370 2303 562 2356 αὐτίκα
609 2306 668 2354 τὸ
723 2301 948 2354 ἐπελθεῖν
1009 2299 1174 2358 ἀληθῆ
1229 2303 1295 2352 τὰ
1349 2296 1687 2372 δεδηλωμένα
1733 2320 1830 2352 πα-

214 2389 588 2468 ραδεξάμενος.
637 2391 724 2453 Ὧς
801 2393 902 2466 γὰρ
971 2386 1038 2448 δὴ
1102 2408 1194 2440 και
1257 2389 1667 2461 μετακαλέσαιτο
1743 2393 1832 2442 τὸν

219 2483 491 2545 Ἰωάννην,
535 2500 625 2532 και
671 2480 715 2532 εἰ
764 2483 857 2540 τὰς
912 2477 1189 2540 ἐπιστολὰς
1265 2477 1576 2552 ἐγχειρίσειε
1633 2482 1751 2530 τίνα
1779 2497 1834 2530 τε

216 2572 374 2626 ταῦτ’
430 2572 594 2637 εστιν,
673 2572 860 2644 ἔροιτο,
902 2569 929 2620 ὁ
994 2564 1047 2620 δ’
1099 2567 1154 2619 ἐκ
1201 2573 1293 2619 τοῦ
1350 2567 1533 2628 εὐθέως
1594 2569 1683 2639 μὲν
1740 2568 1834 2619 οὐκ

219 2657 368 2732 εἶχεν
401 2657 701 2724 ἀνανεῦσαι,
734 2653 876 2730 μηδὲ
927 2659 993 2708 τὰ
1053 2662 1144 2707 τοῦ
1194 2657 1506 2730 γράμματος
1565 2654 1836 2728 ἀπομόσα-

223 2752 352 2802 σθαι
381 2748 402 2821 (
430 2755 666 2809 τοιοῦτος
701 2751 790 2798 καὶ
819 2749 922 2820 γὰρ
974 2744 1256 2817 ἐτύγχανεν
1287 2746 1355 2795 ὢν
1409 2743 1630 2816 ἀκριϐής
1682 2747 1832 2818 ἄγαν,

222 2839 284 2892 οὐ
327 2841 593 2913 προπετὴς
621 2855 713 2888 και
772 2839 869 2893 τὴν
929 2837 1266 2907 συναρπαγὴν
1327 2830 1697 2905 διαφυγγάνων
1761 2835 1838 2906 ἐφ’

227 2928 480 2996 ἅπαντι),
543 2921 834 2977 συνειδέναι
888 2919 949 2975 δὲ
1000 2922 1140 2992 αὐτῷ
1179 2917 1382 2974 τοιόνδε
1429 2941 1481 2973 τι
1526 2941 1839 2995 μετακεχει-

233 3019 455 3092 ρισμένῳ
485 3013 778 3089 θαρραλέως
832 3011 1099 3085 ἁπέφασκε
1129 3029 1139 3041 ’
1204 3016 1276 3084 μὴ
1321 3007 1444 3072 δοὺς
1499 3010 1720 3085 ἀναϐολῇ
1775 3015 1844 3065 τὰ

231 3112 329 3166 τῆς
357 3103 609 3174 σκέψεως,
659 3107 728 3174 μὴ
759 3104 940 3176 καιρὸν
997 3099 1128 3172 ἐφείς
1177 3099 1473 3169 ἐξετάσεως,
1543 3102 1610 3161 ὡς
1660 3099 1720 3152 ἂν
1761 3100 1846 3154 ἐπί
1876 3128 1917 3181 C

227 3202 328 3247 τῶν
373 3192 794 3265 ὁμολογουμένως
857 3193 1186 3263 κατακρίτων
1239 3207 1328 3241 και
1374 3191 1569 3250 πάσαις
1626 3187 1846 3243 καταδε-

229 3281 584 3354 δικασμένων,
661 3285 756 3339 τὴν
838 3297 1091 3352 τιμωριαν
1167 3277 1396 3340 ἀνηλεως
1483 3278 1842 3351 ἀποφαίνεται.

231 3377 336 3427 Καί
360 3380 492 3444 γοῦν
525 3375 622 3429 τὴν
651 3379 742 3431 τῆς
774 3367 946 3432 δεξιᾶς
1003 3367 1277 3442 ἀφαίρεσιν
1305 3370 1331 3420 ὁ
1379 3372 1501 3429 τέως
1552 3366 1728 3432 δεξιὸς
1782 3373 1848 3423 τὰ

226 3462 386 3516 ιιι-ἀνθ’
431 3463 695 3536 ὑπηρέτης
739 3454 1218 3526 καταδεδίκασται,
1277 3457 1383 3529 οὐχ
1426 3459 1582 3516 ἧττον
1633 3459 1848 3537 εὐλόγως

130 3567 136 3574 ·
227 3553 256 3611 ἡ
291 3551 689 3624 φιλανθρώπως,
734 3550 850 3610 ὡςό
906 3551 1108 3609 ἀπηνὴς
1156 3567 1248 3599 και
1289 3550 1356 3599 τὰ
1397 3551 1568 3600 πάντα
1617 3549 1846 3623 παραλο-

223 3661 318 3713 γος
361 3644 489 3711 ᾤετο
516 3660 530 3671 ·
571 3643 667 3696 τὴν
705 3641 805 3712 γὰρ
858 3657 940 3689 τοι
995 3638 1507 3710 καθυπηρετήσασαν
1557 3643 1850 3712 εστερηκώς

231 3751 322 3782 και
381 3733 478 3788 τὴν
548 3736 638 3780 τοῦ
711 3730 862 3799 ἔργου
941 3725 1421 3796 κατατολμήσασαν
1492 3725 1845 3799 ἀποκεκοφὼς,

237 3819 351 3872 οὔτ’
382 3817 540 3870 οὐτόν
591 3823 776 3870 εκείνον
823 3814 1021 3868 τοιαῦτ’
1078 3817 1273 3886 ἀφῆκεν
1322 3815 1480 3868 εἰσέτι
1539 3811 1848 3888 διαπράττε-

234 3911 366 3962 σθαι
389 3903 672 3976 δύνασθαι,
697 3905 807 3958 οὗθ’
840 3904 1008 3978 ἕτερὸν
1068 3923 1195 3957 ποτε
1241 3914 1691 3977 κατεπιχειρῆσαι
1746 3915 1849 3958 τῶν

236 3997 430 4070 ὁμοίων
445 4014 491 4056 ες
503 3995 740 4069 ὕστερον.

307 4085 413 4144 κη’.
446 4085 523 4139 Οὐ
554 4089 724 4158 μέντοι
761 4102 822 4156 γε
841 4088 1006 4158 μέχρι
1053 4085 1244 4135 τούτου
1305 4087 1460 4140 σταίη
1509 4085 1575 4135 τὰ
1624 4093 1718 4146 τῆς
1758 4084 1844 4157 ὀρ-

234 4185 360 4248 γῆς,
390 4171 507 4228 οὐδ’
533 4174 606 4234 εἰς
630 4170 753 4227 τόδε
775 4178 830 4225 τὸ
877 4169 1044 4225 δεινὸν
1074 4171 1271 4234 λήξειεν
1305 4193 1317 4205 ο
1373 4172 1505 4225 ἀλλὰ
1560 4182 1713 4227 τοῦτο
1756 4179 1848 4248 μὲν

238 4265 308 4327 εἰς
375 4263 682 4335 χλευασμὸν
727 4269 821 4314 τοῦ
875 4260 1162 4322 ἑαλωκότος
1217 4257 1376 4319 δῆθεν
1443 4280 1528 4314 επι
1585 4267 1843 4326 τοιούτου,

236 4361 392 4407 τοῦτο
431 4348 492 4405 δέ
538 4371 629 4404 και
681 4358 781 4403 τῶν
831 4349 1014 4426 ἐτέρων
1076 4355 1461 4424 σωφρονισμόν,
1488 4359 1599 4412 τοῖς
1647 4353 1849 4425 όμοίοις

1919 513 2374 581 obstrinximus,
2406 515 2675 585 urgendo
2721 522 2784 572 ut
2813 517 3120 586 regionem
3155 525 3317 577 tuam
3366 522 3574 594 subju-

1919 618 2063 673 gare
2090 618 2290 671 coner,
2351 608 2529 675 atque
2556 605 2839 660 auxilium
2872 606 2951 661 ad
2973 607 3084 662 hoc
3111 625 3233 664 non
3264 610 3576 666 modicum

1921 691 2067 745 mihi
2111 707 2173 746 se
2219 689 2484 746 laturum
2528 692 2886 764 pollicendo.
2940 699 3155 752 Verum
3187 714 3297 767 ego
3329 699 3575 755 sincerae

1921 779 2197 851 amicitia».
2251 779 2396 835 nihil
2447 782 2860 853 comparabile
2905 799 3030 838 esse
3071 786 3441 856 existimans,
3467 790 3577 844 hu-

1913 868 2184 941 jusmodi
2221 870 2639 938 suggestiones
2688 876 2867 943 atque
2921 873 3167 930 consilia
3209 875 3528 934 abominor
3557 893 3573 907 ⁸

1920 958 2087 1031 quod
2114 958 2275 1014 enim
2307 965 2432 1014 tam
2467 976 2761 1031 magnum
2801 961 3036 1018 lucrum
3077 965 3224 1020 mihi
3252 973 3451 1038 posset
3474 969 3579 1024 ali-

1922 1046 2118 1103 cunde
2159 1062 2484 1118 emergere,
2533 1056 2776 1122 propter
2818 1052 2986 1123 quod
3027 1052 3225 1109 foedus
3271 1056 3493 1113 violem
3525 1063 3581 1114 et

1923 1135 2189 1191 amicum
2214 1153 2535 1208 provocem
2563 1139 2638 1194 ad
2670 1139 3050 1197 iracundiam
3072 1143 3100 1197 ?
3125 1147 3414 1200 Caeterum
3445 1148 3580 1220 quis

1924 1224 2131 1281 talium
2164 1226 2543 1282 machinator
2573 1227 2670 1295 sit,
2701 1230 2833 1301 ipse
2866 1231 3050 1302 (quod
3095 1232 3285 1304 aiunt)
3319 1237 3532 1307 prodet
3565 1255 3579 1292 :

1923 1313 2138 1369 idenim
2154 1314 2518 1370 manifestum
2534 1317 2672 1372 facit
2684 1317 3153 1390 epistola,ipsius
3167 1325 3411 1395 propria
3447 1342 3583 1381 exa-

1922 1407 2266 1457 ratamanu.
2284 1404 2420 1458 Hzec
2433 1419 2649 1476 nempe
2668 1406 3198 1478 suntimperatorio
3211 1412 3380 1482 apice
3393 1413 3582 1484 digna

1925 1495 1980 1546 et
2001 1491 2060 1545 in
2081 1506 2404 1546 commune
2434 1492 2600 1549 utilia
2621 1494 2882 1563 cogitata
2906 1513 2919 1562 ;
2967 1496 3050 1551 sic
3077 1513 3216 1554 eum
3241 1514 3351 1556 sua
3379 1501 3586 1557 docuit

1925 1596 2224 1653 purpura:
2256 1580 2339 1637 ita
2384 1581 2660 1637 sublimis
2688 1582 2849 1638 illius
2878 1584 3474 1662 honoratissimmque
3499 1591 3586 1646 di-

1926 1669 2166 1742 gnitatis
2187 1669 2449 1740 insignia
2467 1686 2590 1726 non
2610 1671 2993 1743 patiebantur
3013 1675 3178 1732 vafre
3199 1677 3587 1736 dissimulan-

1121 1761 1404 1835 ἀνέχεσθαι
1477 1765 1816 1835 φθέγγεσθαι,

1944 1775 2049 1814 .em
2118 1764 2221 1814 aut
2300 1759 2549 1815 omnino
2593 1761 2836 1817 reticere
2884 1763 3220 1836 quidpiam,
3254 1773 3358 1824 aut
3408 1784 3587 1839 agere

1927 1847 2356 1905 fraudulenter.

2001 1941 2091 1993 27.
2127 1939 2453 2009 Postquam
2503 1937 2652 1994 tales
2682 1939 3007 2012 scripturas
3032 1945 3260 2016 accepit
3289 1946 3589 2005 barbarus

1931 2027 2124 2099 iisque
2179 2031 2458 2084 contenta
2513 2029 2897 2101 perlustravit
2949 2033 3158 2104 oculis,
3222 2035 3592 2095 inhumanus

1927 2118 2058 2190 jam
2107 2121 2284 2173 antea
2336 2132 2473 2173 cum
2519 2123 2675 2174 esset
2739 2124 2796 2176 et
2845 2119 3292 2180 inconsiderato
3364 2129 3594 2200 impetu

1935 2205 2072 2262 ferri
2090 2205 2150 2260 in
2173 2205 2552 2263 iracundiam
2574 2208 2782 2264 solitus
2809 2223 3195 2284 prmoepsque
3211 2214 3598 2288 adquidlibet

1937 2295 2366 2364 effutiendum;
2400 2312 2543 2352 vera
2572 2313 2702 2353 esse
2732 2315 2874 2354 mox
2918 2301 3168 2359 credidit
3204 2319 3341 2377 quae
3373 2307 3599 2377 signiti-

1939 2385 2234 2441 cabantur
2265 2384 2401 2440 sibi.
2450 2386 2824 2443 Accersitum
2855 2404 2998 2459 ergo
3025 2392 3319 2450 Joannem
3350 2411 3488 2452 cum
3514 2396 3600 2452 in-

1939 2479 2318 2546 terrogasset,
2345 2479 2545 2531 utrum
2572 2475 2700 2548 ipse
2730 2493 2833 2534 eas
2863 2480 3197 2553 scripsisset
3226 2486 3511 2558 epistolas
3543 2492 3603 2544 et

1941 2565 2090 2639 quid
2131 2566 2261 2621 haec
2304 2565 2417 2621 sibi
2463 2565 3002 2642 vellent;cumque
3049 2571 3167 2642 ille,
3209 2579 3276 2630 ut
3305 2575 3365 2632 in
3403 2593 3466 2633 re
3492 2577 3604 2634 im-

1941 2655 2188 2728 provisa
2203 2670 2325 2710 non
2346 2655 2592 2711 auderet
2612 2673 2787 2712 suam
2808 2673 2937 2714 esse
2960 2661 3320 2733 scripturam
3337 2666 3604 2724 abnuere

1943 2745 2095 2816 (erat
2137 2743 2297 2798 enim
2336 2759 2631 2815 perquam
2659 2745 3130 2820 circumspectus
3151 2752 3210 2807 in
3236 2755 3430 2811 verbis
3469 2774 3607 2813 cau-

1944 2839 2182 2906 tusque,
2208 2848 2284 2888 ne
2305 2848 2428 2904 qua
2449 2833 2512 2888 in
2532 2834 2602 2889 iis
2628 2834 2742 2890 sibi
2772 2835 3087 2909 obreperet
3118 2839 3392 2918 falsitas),
3414 2845 3608 2903 ﬁden-

1947 2929 2036 2980 ter
2086 2928 2288 2977 tamen
2336 2923 2726 2994 inﬁciaretur,
2787 2941 2849 2980 se
2891 2926 3025 2982 talis
3095 2930 3269 2986 ullius
3326 2933 3609 2992 facinoris

1949 3011 2172 3067 habere
2194 3011 2646 3079 conscientiam,
2687 3013 2781 3068 vel
2805 3014 3122 3088 quidpiam
3150 3019 3449 3090 ejusmodi
3492 3029 3611 3082 tra-

1954 3100 2230 3169 ctavisse,
2263 3105 2557 3173 tyrannus
2587 3118 2785 3175 neque
2815 3121 3055 3162 moram
3085 3095 3496 3181 disquisitioni.
3522 3116 3612 3171 in-

1953 3191 2229 3264 dulgens,
2283 3207 2480 3264 neque
2527 3199 2764 3266 tempus
2806 3197 3088 3264 examini,
3145 3205 3436 3273 tanquam
3461 3205 3524 3261 in
3549 3224 3614 3264 re

1954 3281 2182 3353 proprii
2206 3281 2325 3336 oris
2376 3282 2754 3338 confessione
2788 3293 3098 3357 comperta
3127 3295 3185 3344 et
3210 3292 3614 3368 undequaque

1955 3369 2306 3434 certissima,
2357 3369 2622 3426 decernit
2667 3373 3054 3446 supplicium.
3106 3380 3189 3434 lta
3231 3381 3309 3436 ad
3356 3383 3616 3442 dexterae

1957 3475 2176 3515 manus
2237 3459 2668 3516 abscissionem
2717 3463 2922 3518 dexter
2955 3479 3063 3536 per
3100 3470 3306 3526 omnia
3348 3473 3618 3530 minister

1956 3548 2320 3614 damnatur;
2353 3547 2536 3620 idque
2567 3551 2653 3616 (ut
2701 3552 2958 3607 crudelis
2984 3553 3079 3609 ille
3101 3572 3170 3611 ac
3213 3573 3430 3629 prosus
3474 3563 3622 3620 irra-

1956 3636 2199 3693 tionalis
2237 3637 2640 3697 existimabat)
2671 3654 2795 3694 non
2821 3640 3022 3697 minus
3043 3646 3253 3702 merito
3281 3664 3470 3720 quam
3500 3652 3616 3709 cle-

1957 3730 2226 3781 menter:
2257 3725 2516 3781 dexteree
2570 3727 2869 3799 siquidem
2918 3731 3246 3790 ministerio
3289 3739 3613 3809 privatum,

1957 3820 2033 3882 et,
2090 3831 2215 3886 qua
2254 3814 2490 3870 facinus
2542 3816 2735 3872 fuerat
2798 3834 3010 3886 ausus,
3062 3829 3229 3892 parte
3269 3827 3614 3900 multatum,

1956 3906 2350 3977 impotean
2384 3905 2677 3962 reddebat
2701 3907 2779 3962 ad
2805 3909 2994 3965 simile
3018 3913 3335 3986 quidpiam
3368 3920 3618 3977 molien-

1957 3993 2105 4049 dum
2127 3995 2572 4066 patrandumve
2601 3996 2910 4070 deinceps.

2026 4086 2115 4138 28.
2142 4085 2270 4138 Non
2290 4087 2492 4138 tamen
2521 4085 2618 4140 hic
2669 4088 2826 4142 stetit
2857 4088 3115 4146 eﬂ‘rtenis
3145 4092 3474 4154 iracundiae
3503 4101 3616 4157 im-

1956 4178 2168 4244 petus;
2198 4172 2304 4227 sed
2336 4171 2569 4229 addidit
2610 4173 2794 4242 aliud,
2818 4180 3037 4249 partim
3063 4181 3142 4237 ad
3188 4187 3617 4247 contumeliam

1957 4262 2087 4332 ejus
2116 4262 2220 4333 qui
2250 4261 2442 4318 fuerat
2463 4262 2516 4317 in
2549 4263 2765 4320 delicto
2795 4270 3513 4347 comprehensus,partim
3537 4281 3616 4336 ad

1957 4351 2211 4408 aliorum
2238 4367 2312 4406 ne
2332 4351 2394 4406 in
2425 4353 2568 4408 talia
2598 4370 2872 4426 unquam
2922 4360 3377 4427 prolaberentur
3406 4385 3614 4425 exem-

238 4448 308 4506 ὡς
332 4441 395 4495 ἂν
424 4461 484 4514 γε
513 4446 586 4514 μὴ
618 4444 965 4515 περιπέσοιεν,
1012 4438 1122 4511 οἶμα
1180 4435 1238 4492 δὲ
1293 4460 1383 4492 και
1440 4440 1493 4503 εξ
1540 4442 1707 4516 ἄκρας
1756 4447 1835 4518 ὀρ.

1959 4440 2146 4513 plum,
2198 4440 2412 4496 eodem
2447 4444 2628 4498 etiam
2664 4443 2820 4500 facto
2862 4463 2987 4502 suae
3027 4449 3351 4510 obsecutus
3393 4460 3616 4528 gravis-

236 4541 339 4604 γῆς
380 4551 436 4584 τε
489 4551 579 4583 και
635 4534 822 4603 μίσους
860 4533 1217 4600 επιγενομένου
1259 4527 1367 4582 ἀνθ’
1409 4527 1474 4592 ἧς
1519 4535 1640 4592 τέως
1698 4551 1849 4608 στορ-

236 4630 340 4694 γῆς
386 4639 470 4673 τε.
505 4639 595 4671 και
646 4619 876 4692 εὖμενίας
957 4621 1198 4675 εκέκτητο
1263 4622 1395 4691 πρὸς
1461 4619 1618 4671 αὐτόν
1691 4621 1848 4692 (οὕτω

236 4731 330 4763 και
397 4712 500 4783 γὰρ
558 4708 808 4780 εἰώθαμεν
871 4708 1156 4778 ἄνθρωποι,
1219 4715 1306 4767 οῦς
1358 4713 1458 4781 πρὸ
1511 4718 1701 4783 μικροῦ
1749 4729 1848 4765 πο-

239 4803 448 4862 θοῦντες
519 4794 668 4872 ἦμεν,
697 4800 742 4849 εἰ
795 4801 849 4870 γέ
890 4815 942 4847 τι
985 4798 1175 4871 μικρὸν
1226 4793 1497 4868 ἀμηγέπου
1546 4803 1848 4875 προσκρού-

315 5010 426 5088 (14)
454 5008 846 5089 Hyperbolice
875 5007 936 5071 id
959 5005 1396 5089 accipiendum,
1428 5006 1717 5089 siveicum
1758 5029 1842 5074 re-

239 5087 452 5171 spectu
473 5087 565 5144 ad
598 5092 885 5171 tractatus
935 5087 1168 5171 pridem
1209 5088 1412 5171 linit'os,
1469 5088 1576 5142 sed
1623 5090 1845 5170 saepius

236 5158 516 5239 violatos,
550 5159 1032 5239 perirruptiones
1055 5158 1293 5239 itera‘tas
1321 5158 1754 5239 Saracenorum
1781 5161 1843 5216 in

238 5236 582 5288 Romanum
613 5230 952 5303 imperium.
979 5233 1127 5286 Nam
1156 5231 1315 5303 idem
1351 5231 1744 5302 Theophanes
1763 5239 1844 5288 te-

238 5310 452 5369 statur,
473 5301 639 5374 quod
658 5301 1329 5374 pradietusMasalmas,
1354 5301 1523 5357 anno
1548 5303 1754 5357 Leonis
1780 5309 1842 5360 l0

243 5399 266 5426 ι
289 5372 629 5432 Cresaream
647 5372 1040 5444 Cappadociae
1054 5372 1236 5428 armis
1251 5387 1732 5445 aggressus,eam
1747 5391 1841 5429 oc-

240 5446 490 5516 cupavit
508 5467 537 5494 »
558 5450 612 5500 et
629 5459 868 5516 rursum
887 5458 1048 5516 anno
1069 5447 1133 5498 14
1153 5464 1181 5493 ‹‹
1205 5444 1541 5516 Romanam
1554 5444 1841 5501 ditionem

241 5515 433 5574 armis
453 5515 771 5588 infestavit,
799 5521 980 5588 atque
1007 5515 1070 5588 in
1109 5515 1490 5588 Cappadocia
1534 5517 1844 5573 Charsiani

241 5594 511 5646 castrum
537 5587 652 5658 sibi
675 5585 815 5643 dolo
841 5585 1094 5658 subjecit
1123 5607 1152 5637 »
1178 5585 1249 5642 ét‘
1271 5603 1513 5644 rursum
1565 5603 1726 5645 anno
1775 5590 1844 5645 16

241 5678 278 5737 μ
306 5659 528 5719 Nam
548 5655 710 5718 ﬁlius
736 5659 896 5717 13am
921 5655 1151 5726 bellum
1173 5659 1481 5716 Romanite
1499 5659 1713 5732 intulit,
1743 5676 1845 5734 pe-

1958 4530 2128 4586 simaa
2181 4531 2281 4585 ira;
2329 4531 2614 4603 odloque,
2668 4535 3012 4592 succedenti
3042 4539 3100 4594 in
3144 4542 3346 4600 locum
3396 4551 3611 4619 prioris

1956 4620 2181 4675 amoris
2207 4635 2279 4674 ac
2303 4619 2751 4677 benevolentiae.
2807 4624 2900 4680 Sic
2956 4629 3117 4683 enim
3157 4629 3341 4689 ferme
3368 4652 3612 4712 compa-

1953 4709 2067 4764 rati
2105 4724 2338 4775 sumus,
2373 4715 2436 4764 ut
2459 4710 2680 4781 quibus
2710 4714 2892 4783 paulo
2922 4721 3058 4772 ante
3090 4709 3612 4785 aﬂiciebamur—te-

1954 4797 2156 4854 nerius
2203 4798 2254 4852 si
2291 4799 2438 4870 quid
2492 4794 2851 4859 offenderint
2889 4817 3136 4879 quoquo
3173 4814 3381 4885 modo,
3414 4821 3610 4890 magis

1952 5020 2306 5095 netrataque
2321 5030 2459 5073 cum
2484 5023 2715 5095 armato
2733 5018 2917 5095 milite
2940 5022 3368 5095 Paphlagonia,
3418 5035 3608 5093 multa

1953 5091 2328 5172 captivorum
2360 5090 2566 5170 praeda
2594 5091 2815 5172 ditatus
2843 5093 2904 5146 in
2936 5090 3198 5172 patriam
3222 5090 3390 5158 rediit
3418 5123 3430 5172 ;
3462 5130 3489 5154 υ
3523 5090 3605 5163 at:

1952 5161 2072 5242 qu’e
2099 5161 2180 5216 ita
2204 5161 2488 5242 deinceps
2511 5161 2760 5240 singulis
2781 5162 2910 5242 fere
2932 5161 3129 5242 annis,
3162 5161 3434 5242 quandjﬁ
3460 5161 3606 5236 vi,“

1956 5231 2089 5315 lleo,
2141 5231 2325 5312 modo
2382 5231 2621 5315 Mavias,
2652 5233 2837 5315 modo
2871 5231 3159 5315 Suliman,
3180 5231 3297 5297 ‘ﬁlii
3326 5231 3604 5315 ejusdem

1955 5303 2592 5386 l‘s‘am,p‘rov‘inc_ias'has
2604 5303 2851 5359 autillas
2871 5305 3124 5386 ingressi
3136 5303 3436 5386 leguntur;
3465 5303 3602 5377 duE

1950 5374 2422 5502 illedoithodoxis
2464 5375 2797 5445 imaginum
2829 5374 3155 5436 cultoribus
3195 5374 3607 5450 Vexandis‘i—d-

1973 5462 2048 5502 en
2094 5463 2112 5502 1
2143 5486 2159 5501 .

1949 5447 2159 5504 tendit.

1951 5589 2006 5646 οἱ
2007 5517 2410 5648 C(1:5)3Videtur
2430 5531 2640 5573 versus
2665 5517 2760 5574 vel
2797 5518 3007 5580 saltem
3049 5525 3238 5584 verba
3258 5527 3488 5605 aliquot
3511 5551 3610 5594 ex-

2071 5607 2132 5646 SS

2071 5608 2100 5646 S
