4090 6380
202 359 329 417 849
1435 359 1507 419 ΙΝ
1546 360 1607 419 S.
1646 310 1850 420 ιοΑΝξ
1889 357 2390 421 DAMASCENUM.
3491 358 3601 418 850

194 483 612 557 ενι-πλαγιίσεται
685 489 781 547 τῆς
853 483 1189 560 ἁειπαρθίνου
1273 489 1363 540 καὶ
1475 492 1809 564 Θεομήτοροςί

1977 502 2174 561 smper
2189 485 2440 559 virginis
2482 485 2749 560 Deiparae
2782 485 3004 545 Mariae?
3025 485 3345 552 Quodnam
3370 485 3592 544 horum

198 579 374 630 Ποῖόν
432 594 491 629 τε
549 575 746 629 τούτων
811 581 904 629 τοῦ
948 575 1122 653 ἑτέρου
1204 578 1438 652 προθεὶς,
1524 576 1813 655 ἔνθεὼτεροι

1975 578 2195 651 enique
2224 576 3118 651 majoribusprasconiiseﬂ‘eret,
3143 579 3247 635 aut
3273 574 3589 651 quomodo

201 667 564 732 θιασεύσειεν;
606 668 637 724 ἥ
695 661 943 724 δηλονότι
996 669 1087 720 καὶ
1130 665 1285 740 ἄμφω
1343 665 1683 739 συλλήψοιτο,
1733 672 1816 722 καὶ

1977 672 2249 740 trumque
2274 666 2455 724 simul
2482 667 2969 741 comprehendet,
3017 671 3338 742 utrumque
3368 670 3434 724 ut
3479 679 3592 740 par

198 749 287 808 δι’
331 752 489 828 ἄμφω
532 759 943 830 περικροτήσειε,
989 759 1081 809 καὶ
1129 757 1199 817 ὡς
1248 758 1382 819 εἰκὸς
1434 756 1588 830 ἄμφω
1648 756 1813 812 ίνθεὰ-

780 759 943 825 ἠσειε,
989 759 1081 809 καὶ
1129 757 1199 817 ὡς
1248 758 1382 819 εἰκὸς
1434 756 1588 830 ἄμφω
1648 756 1821 812 ἔνθεα·
1931 760 2021 817 est
2039 755 2395 814 celebrabit?

200 860 344 912 cur;

279 949 348 1007 λ’.
374 952 448 1005 Τὸ
493 951 597 1025 γάρ
637 970 720 1004 τοι
763 950 1032 1027 εύκτήριον
1089 951 1284 1020 εἰσιὼν,
1336 956 1427 1006 καὶ
1479 960 1571 1016 τῆς
1625 962 1821 1018 σεπτῆς

2001 957 2089 1011 30.
2136 952 2476 1010 Oratorium
2524 965 2791 1026 namque
2839 950 3236 1008 domesticum
3273 952 3582 1029 ingressus

197 1042 507 1116 ἔμπροσθεν
561 1041 752 1102 εἰκόνος
808 1049 905 1105 τῆς
959 1046 1241 1104 Δεσποίνης
1327 1048 1418 1096 καὶ
1494 1049 1812 1119 Θεομήτορος

1965 1057 2212 1109 oannes,
2229 1057 2368 1099 cum
2381 1044 2518 1098 ante
2530 1033 3287 1113 venerandam’imaginem
3317 1044 3580 1116 Deiparw

191 1129 519 1185 καταϐαλὼν
544 1130 750 1202 ἑαυτὸν,
795 1137 887 1185 καὶ
938 1131 1012 1206 ἐφ’
1063 1133 1236 1188 ἱκανὸν
1301 1141 1374 1206 τῷ
1418 1131 1598 1209 ἐδάφει
1655 1155 1806 1212 προσ·

1969 1133 2407 1207 ngelorumque
2427 1132 2649 1203 reginas
2674 1132 3262 1207 prostravissetsese,
3319 1140 3376 1193 et
3419 1136 3584 1209 pavi-

198 1224 334 1294 φύς,
373 1222 522 1294 ’μετὰ
579 1217 640 1275 δέ
680 1225 771 1275 καὶ
825 1225 1002 1294 συχνὰ
1055 1229 1170 1284 ταῖς
1201 1225 1339 1277 κατὰ
1382 1232 1482 1297 γῆς
1535 1223 1813 1298 ὁλοψύχοις

1966 1227 2132 1280 mento
2153 1221 2470 1279 adhaerens
2511 1220 2736 1278 crebris
2770 1221 2983 1294 capitis
3035 1221 3411 1280 allisionibus
3448 1225 3581 1283 inti«

197 1318 538 1387 καταφοραῖς
587 1311 963 1387 προσαρῥὰξας
1015 1318 1111 1373 τὴν
1169 1314 1412 1387 κεφαλήν,
1488 1319 1583 1374 τήν
1668 1314 1812 1369 ἔκκο-

1961 1329 2097 1369 num
2133 1311 2580 1368 animisensum
2610 1314 2765 1368 esset
2794 1315 3060 1379 testatus,
3092 1313 3408 1371 rescissam
3438 1328 3576 1387 pro~

200 1407 397 1455 πεῖσαν
429 1398 709 1462 ἆνανεύσας
787 1399 1043 1466 ὑπέδειξε·
1122 1408 1213 1456 καὶ
1295 1406 1360 1466 ὡς
1438 1402 1601 1479 ἐκείνῃ
1681 1407 1814 1479 αὐτῇ

1959 1400 2434 1458 enditdexterum
2450 1403 2507 1457 et
2520 1398 2722 1456 veluta
2738 1400 3017 1472 praesenti
3032 1401 3331 1460 medelam
3345 1417 3574 1473 magno

202 1493 453 1565 παρούσῃ
507 1498 573 1565 τῇ
620 1496 859 1564 Παναγίᾳ
913 1490 1208 1565 ἐπεφώνησε
1258 1513 1312 1546 τε
1366 1499 1456 1547 καὶ
1517 1498 1612 1554 τὴν
1672 1497 1817 1570 θερα-

1962 1491 2188 1548 lamore
2212 1490 2569 1564 deposcens,
2592 1505 2662 1545 ac
2675 1489 2935 1561 profusis
2954 1505 3092 1547 cum
3113 1491 3397 1564 lacrymis
3428 1493 3573 1548 irro-

196 1584 359 1633 πείαν
404 1578 654 1649 ἐζήτησε,
716 1576 926 1654 δάκρυα
981 1583 1145 1658 θερμά
1199 1587 1498 1656 καταχέων,
1541 1589 1633 1637 καὶ
1694 1587 1811 1638 ὅτου

1961 1580 2045 1637 ati
2077 1579 2192 1635 sibi
2227 1577 2499 1653 supplicii
2527 1593 2781 1635 causam
2801 1595 3308 1650 commemorans,
3328 1584 3576 1655 propter

194 1671 375 1746 χάριν
404 1670 668 1730 ὑποσταίη
704 1674 793 1729 τὴν
854 1676 1108 1747 τιμωρίαν
1165 1674 1599 1747 ὑπομιμνήσκων,
1662 1673 1809 1749 ’Υπὶρ

1963 1685 2110 1740 iam,
2138 1667 2347 1742 inquit,
2376 1667 2707 1738 imaginem
2737 1683 2807 1725 ac
2831 1668 2950 1726 Filii
2971 1669 3079 1738 tui,
3122 1675 3181 1726 et
3229 1685 3438 1727 eorum
3465 1670 3578 1744 qui

193 1767 300 1820 τῆς
363 1766 484 1823 σῆς,
539 1758 717 1832 λέγων,
775 1761 986 1827 εἰκόνος,
1041 1766 1131 1815 καὶ
1187 1768 1279 1815 τοῦ
1330 1769 1633 1836 μονογενοῦς
1715 1783 1808 1817 σου

1956 1757 2307 1815 aultit’ariam
2332 1756 2385 1814 ei
2409 1756 2784 1830 placuerunt,
2812 1756 3039 1826 icones,
3068 1758 3291 1815 inimici
3313 1760 3571 1817 veritatis

194 1849 356 1913 Υῖοῦ,
391 1855 493 1901 τῶν
550 1847 973 1924 ιύηρεστηκότων
1032 1869 1087 1904 τε
1141 1847 1405 1926 διαφόρως
1463 1852 1629 1923 αύτῷ,
1685 1856 1809 1929 πρὸς

1957 1863 2035 1904 .oc
2066 1845 2282 1904 drama
2311 1845 2740 1915 subornarunt,
2784 1851 2841 1902 et
2888 1850 3078 1903 totam
3122 1847 3280 1904 hanc
3327 1863 3572 1905 scenam

195 1945 300 1990 τοῦ
325 1945 423 2000 τῆς
462 1935 708 2001 ἀληθείας
754 1937 950 2013 ίχθρού
1007 1943 1074 1993 τὰ
1124 1947 1217 1993 τού
1274 1936 1540 2015 δράματος
1592 1940 1810 1995 ἐσκαιὼ-

1956 1940 2129 1993 ontra
2158 1951 2254 1992 me
2299 1940 2776 2009 composuerunt
2807 1952 2821 1992 :
2853 1935 3055 2009 itaque
3100 1935 3356 1993 ﬁdenter
3406 1943 3567 2010 peto,

198 2045 391 2099 ρηται,
420 2031 512 2080 καὶ
551 2030 619 2081 τὰ
664 2035 755 2090 τῆς
811 2037 1010 2092 σκηνῆς
1060 2031 1504 2106 καθυποκέκριταί
1558 2051 1664 2105 μου
1722 2038 1812 2086 καὶ

1953 2028 1986 2081 it
2016 2040 2112 2081 me
2131 2025 2440 2094 exaudias,
2473 2028 2531 2080 et
2558 2039 2810 2081 manum
2855 2024 3083 2081 salvam
3139 2025 3286 2082 mihi
3325 2026 3568 2094 reddas,

198 2115 731 2194 πεπλαστούργηται·
785 2119 898 2171 ὅθεν
949 2115 1017 2178 δὴ
1074 2124 1165 2172 καί
1218 2122 1350 2195 μετά
1408 2120 1628 2197 θάρρους
1675 2119 1813 2190 ἀντι-

1956 2113 2157 2171 aleam
2184 2114 2458 2170 miraculi
2495 2114 2645 2170 tanti
2683 2112 2926 2170 laudem
2975 2114 3274 2172 ascribere
3318 2114 3445 2182 tibi,
3502 2131 3571 2172 ac

199 2205 368 2272 ϐολῶ,
423 2204 716 2261 ἐπάκουσον
770 2227 895 2282 μου,
945 2213 1035 2262 καὶ
1089 2213 1184 2268 τὴν
1229 2218 1391 2286 χεῖρα
1450 2216 1588 2264 σώαν
1665 2209 1813 2275 αὖθις

1958 2201 2221 2259 elebrare
2248 2201 2692 2275 magniﬁcoque
2719 2201 2999 2260 extollere
3028 2204 3304 2274 gratiam,
3335 2219 3460 2277 qua
3475 2220 3573 2260 va-

196 2297 570 2355 κατοίστησον·
624 2300 710 2350 ἵνα
761 2317 846 2351 σοι
893 2300 960 2351 τὰ
1005 2308 1101 2361 τῆς
1158 2299 1575 2374 θαυματουργίας
1634 2300 1810 2354 καλλι-

1955 2305 2005 2347 ss
2026 2291 2193 2367 apud
2229 2295 2437 2359 Deum,
2461 2294 2519 2348 et
2547 2291 2859 2348 assiduam
2890 2295 3058 2349 tuam
3083 2291 3570 2365 deprecationem

195 2390 469 2460 γραφὴσω
490 2385 789 2461 παράδοξα,
833 2391 923 2441 καὶ
965 2384 1257 2463 μελῳδήσω
1296 2393 1385 2442 καὶ
1433 2387 1810 2464 ἁναμέλψωμαι

1957 2396 2030 2438 iro
2077 2381 2274 2439 nobis.
2324 2381 2612 2438 Testabor
2651 2383 2853 2438 autem
2911 2381 3197 2437 omnibus
3260 2382 3572 2441 manifeste

195 2480 301 2535 τὴν
334 2474 530 2536 πολλὴν
559 2480 690 2552 πρὸς
718 2479 846 2530 Θεὸν
896 2477 1194 2553 παρρησίαν
1227 2498 1343 2542 σου,
1392 2483 1482 2532 καὶ
1538 2483 1634 2538 τήν
1692 2477 1727 2534 δ
1733 2500 1810 2539 ιη-

1958 2488 2113 2545 psam
2137 2487 2248 2546 pro
2275 2487 2400 2545 qua
2429 2486 2646 2544 passus
2673 2486 2810 2526 sum
2835 2470 3165 2543 veritatem,
3217 2477 3274 2528 et
3325 2475 3573 2545 propter

195 2573 323 2625 νεκῆ
384 2568 514 2641 πρὸς
569 2566 724 2619 αὐτὸν
780 2568 926 2640 ἡμῶν
976 2568 1214 2631 ἔντευξιν.
1297 2572 1682 2644 Μαρτυροῡμαί
1756 2588 1810 2623 τε

1966 2578 2105 2620 nam
2135 2564 2413 2618 truncata
2442 2561 2587 2617 mihi
2616 2559 2860 2618 dextera
2889 2560 3018 2617 fuit.
3051 2561 3171 2631 Eia,
3215 2561 3297 2634 pii
3347 2576 3418 2618 ac
3469 2562 3577 2618 mi-

200 2652 546 2732 d‘mwpuaiw;
578 2656 749 2710 ἅπασι
799 2665 1043 2731 πανταχῆ
1103 2662 1196 2717 τὴν
1245 2657 1503 2726 ἀλήθειαν,
1563 2659 1689 2736 ὑπερ
1750 2661 1810 2721 ἧς

1956 2649 2235 2709 ericordis
2278 2649 2513 2707 Domini
2562 2654 2755 2706 mater
2805 2649 2906 2723 pia
2955 2655 3134 2723 atque
3191 2650 3571 2708 misericors:

197 2747 462 2816 πέπονθα,
488 2749 575 2799 καὶ
633 2742 708 2800 δι’
754 2748 818 2806 ἠν
876 2751 968 2806 τὴν
1017 2743 1192 2811 δεξιὰν
1249 2746 1624 2822 κεκολοϐωμαι·
1678 2751 1805 2816 Ναὶ,

1956 2742 2030 2809 ia,
2057 2740 2487 2813 omnipotentis
2520 2739 2618 2796 Dei
2640 2739 2915 2809 genitrix,
2962 2740 3094 2811 ejus
3143 2739 3420 2813 inquam.
3449 2740 3571 2807 Dei,

199 2837 299 2888 τού
330 2834 703 2909 εύσπλάγχνου
746 2840 837 2889 καὶ
885 2839 975 2890 τού
1028 2837 1334 2910 συμπαθοῦς
1379 2846 1542 2912 μῆτερ
1602 2857 1805 2911 συμπαο

1956 2831 2024 2904 fui
2054 2830 2185 2887 sola
2208 2829 2515 2887 voluntate
2541 2833 2759 2885 cuncta
2785 2827 3070 2903 produxit
3111 2833 3169 2886 et
3217 2834 3367 2886 nutu
3420 2831 3571 2900 regit

209 2924 308 2986 θὴς
373 2928 465 2977 καὶ
533 2924 973 3000 φιλεύσπλαγχνε·
1050 2931 1155 2993 ναὶ,
1229 2933 1320 2979 τοῦ
1405 2923 1810 3002 πωτοὸυνάμου

1956 2921 2269 2978 .niversum
2317 2920 2655 2977 mundum:
2714 2925 2769 2977 et
2807 2921 3099 2992 quoniam
3171 2919 3571 2993 propitiabilis

215 3012 336 3067 θεοῦ
354 3015 648 3089 γεννητρια,
686 3014 737 3078 ὃς
761 3021 892 3090 μόνη
918 3013 1173 3090 βοῦλήσει
1223 3019 1282 3070 τὸ
1347 3021 1447 3069 πᾶν
1497 3014 1622 3071 τόδε
1680 3037 1811 3092 παρ-

1956 3015 2008 3069 st
2028 3010 2386 3085 supplicatio
2411 3014 2533 3074 tua,
2565 3009 2900 3067 orationem
2922 3025 3120 3068 meam
3144 3010 3350 3084 excipe
3375 3014 3433 3067 et
3459 3024 3571 3088 pe-

206 3106 398 3177 ὴγαγε,
448 3108 542 3157 καὶ
593 3107 681 3157 τὸν
733 3108 931 3179 κόσμον
984 3100 1202 3160 διιθύνει
1252 3114 1325 3178 τῷ
1377 3108 1612 3181 νεύματι·
1663 3104 1811 3161 ἔπιδε

1252 3114 1325 3178 τῷ
1377 3108 1612 3181 νεύματι·
1663 3104 1811 3161 ἔπιδε
1922 3099 2286 3159 ίὶῐὶοηὶωεω
2314 3099 2532 3172 largire
2559 3096 2857 3157 effectum.

200 3193 351 3248 ἵλεων
380 3197 514 3270 πρὸς
550 3202 645 3249 σοῦ
697 3199 757 3249 τὸ
793 3198 1070 3270 ἱκέτὴριον,
1123 3193 1417 3273 πρόσδεξαι
1464 3202 1559 3259 τὴν
1627 3195 1810 3258 δέησιν
1850 3207 1891 3262 C

198 3288 294 3337 καὶ
328 3284 402 3347 εἰς
425 3287 588 3359 πέρας
626 3284 792 3358 ἄγαγέ
813 3305 906 3360 μοι
929 3291 1022 3345 τήν
1055 3288 1288 3346 αἴτησιν.

268 3400 371 3457 λα’.
403 3407 584 3455 Ταῦτα
625 3398 685 3455 δε
726 3408 817 3455 καὶ
871 3401 1009 3456 πλέω
1033 3405 1227 3457 τούτων
1286 3405 1461 3470 εἰπὼν,
1516 3409 1704 3479 μικρὸν
1757 3426 1809 3460 τι

1988 3413 2078 3467 31.
2110 3411 2245 3466 Haec
2269 3411 2450 3483 atque
2489 3407 2584 3466 his
2636 3408 2812 3483 plura
2855 3426 2997 3468 cum
3048 3411 3315 3482 dixisset,
3365 3413 3574 3472 dolore

191 3498 298 3545 τῶν
344 3487 543 3543 ὀδυνῶν
593 3489 805 3564 ἀνεθεὶς,
880 3495 1104 3547 ὔπνωσευ
1196 3498 1287 3547 καὶ
1354 3493 1419 3568 (ὦ
1500 3497 1806 3569 θαυμασίων

1955 3497 2278 3554 onnihilse
2306 3497 2640 3555 remittente
2688 3498 3075 3557 obdormivit:
3121 3506 3178 3559 et
3214 3503 3277 3569 (ο
3331 3503 3570 3560 mirabi-

195 3581 358 3637 Θεοῦί
390 3581 432 3633 ὢ
492 3585 694 3657 μητρὸς
760 3581 1086 3657 παῤῥησίαςι
1168 3585 1210 3641 ὦ
1291 3586 1463 3643 πόσην
1524 3588 1720 3645 ταύτην
1772 3587 1803 3644 ἡ

1957 3603 2036 3643 im
2066 3587 2274 3645 Deum!
2306 3603 2344 3642 ο
2368 3588 2699 3661 potentiam
2732 3589 2898 3662 apud
2918 3590 3201 3648 eumdem
3234 3593 3246 3647 !
3292 3597 3350 3648 et
3404 3593 3572 3666 apud

197 3674 470 3742 ιιάναγνος
489 3673 616 3745 πρὸς
639 3673 771 3747 πρὸς
808 3674 894 3724 τὸν
923 3675 1041 3725 Υίὸν
1070 3671 1284 3726 πλουτεί
1315 3678 1404 3727 καὶ
1434 3676 1588 3746 Θεὸν,
1619 3674 1733 3728 οἳαν
1754 3692 1808 3730 τε

1960 3676 2126 3733 ilium
2149 3676 2628 3748 auctoritatem!)
2656 3683 2910 3751 apparet
2945 3678 3263 3737 dormienti
3319 3683 3572 3739 Sanctis-

198 3759 395 3813 ἐκεῖθεν
426 3759 664 3833 exn-rs»
708 3756 983 3834 δύναμινι)
1031 3759 1350 3835 ἐπιφαίνεται
1404 3782 1573 3836 τούτῳ
1625 3767 1808 3819 καθεύο

1954 3765 2094 3831 ima,
2135 3780 2207 3821 ac
2237 3763 2398 3821 velut
2427 3764 2694 3835 vigilanti
2723 3782 2847 3823 non
2873 3782 3047 3824 secus
3069 3784 3140 3824 ac
3165 3770 3213 3824 si
3245 3770 3466 3827 viveret
3495 3787 3569 3828 ex

200 3846 490 3919 δοντι,καὶ
518 3852 590 3914 ὡς
629 3848 938 3927 ἐγρηγορότι
1002 3851 1153 3915 ζῶσα
1200 3854 1374 3928 ὥσπερ
1417 3856 1448 3913 ἡ
1493 3853 1654 3922 εἰκὼν,
1691 3852 1807 3910 δια-

1955 3854 2177 3927 nagine
2202 3852 2580 3927 colloquens,
2601 3871 2816 3914 sanam
2834 3857 3083 3929 quidem
3105 3857 3408 3917 dexteram
3430 3862 3482 3917 ei
3507 3878 3570 3917 se

197 3939 426 4014 λέγεται.
472 3946 614 3993 Σώαν
668 3948 792 4013 γοῦν
844 3942 1112 3996 ποιεῖσθαι
1168 3946 1263 4002 τὴν
1296 3938 1471 4006 δεξιὰν
1530 3943 1809 4017 ύπισχνεῖ-

1958 3947 2211 4002 icturam
2231 3942 2565 4016 pollicetur;
2597 3947 2835 4016 Verum,
2863 3945 3074 4019 inquit,
3108 3952 3173 4005 tu
3199 3948 3467 4007 vicissim
3486 3965 3573 4007 re-

200 4050 311 4084 ται·
346 4028 489 4089 Πλὴν
518 4033 585 4084 τὰ
617 4037 711 4094 τῆς
762 4029 977 4104 ἇγγύης,
1009 4036 1160 4105 φησι,
1213 4036 1466 4105 μέμνησο·
1517 4039 1608 4088 καὶ
1663 4035 1809 4088 τούν-

1954 4031 2166 4090 ordare
2196 4031 2584 4105 sponsionis:
2628 4038 2685 4090 et
2711 4033 2787 4091 ad
2847 4050 2923 4094 ea
2962 4052 3098 4109 quia
3127 4035 3330 4096 dixisti
3374 4039 3569 4113 impo-

202 4122 380 4174 τεῦθεν
432 4127 496 4193 τῇ
548 4124 695 4196 χειρὶ
746 4128 959 4195 χρῆσαι
1003 4123 1131 4195 πρὸς
1185 4122 1223 4174 οἶ
1276 4117 1344 4181 δὴ
1416 4126 1507 4176 καὶ
1572 4126 1803 4197 εἴρηκας.

1951 4127 2142 4179 terum
2182 4136 2371 4178 manu
2426 4121 2644 4179 eadem
2693 4129 2877 4181 utere.
2928 4128 3164 4184 Exorna
3220 4132 3283 4185 ut
3346 4129 3566 4202 poteris

207 4213 495 4282 Κόσμησον
538 4211 603 4270 ὡς
658 4207 764 4263 ἐνὸν
823 4213 916 4269 τὴν
970 4209 1287 4270 Ἐκκλησίαν
1365 4219 1622 4287 Χριστοῦ,
1668 4209 1808 4275 δι’ἣν

1952 4212 2243 4269 icclesiam
2270 4210 2502 4278 Christi,
2525 4216 2768 4285 propter
2787 4230 2974 4288 quam
3015 4217 3409 4290 semetipsum
3448 4217 3567 4275 exi-

205 4304 437 4361 κενώσας
471 4297 652 4352 ἑαυτὸν
699 4297 886 4361 τέλειος
939 4304 1065 4362 Θεὸς
1112 4300 1180 4353 ὢν
1239 4305 1333 4355 καὶ
1379 4301 1567 4366 τελιιος
1614 4302 1809 4380 ἂνθρω-

1953 4302 2453 4375 .anivit,cumque
2483 4301 2782 4375 perfectus
2828 4310 2985 4362 esset
3038 4308 3213 4374 Deus,
3271 4308 3568 4380 perfectus

205 4408 300 4452 πος
328 4386 383 4454 ἔξ
420 4386 547 4461 ἐμοῦ
592 4407 648 4442 τε
701 4393 793 4442 καὶ
842 4384 916 4443 δι’
963 4387 1178 4462 ἑμοῡ....
1229 4389 1354 4444 αύτό
1408 4396 1475 4445 σύ
1527 4392 1696 4455 καλῶς
1747 4394 1808 4447 ἄν

1955 4392 2098 4449 tiam
2122 4391 2310 4448 homo
2334 4407 2407 4448 ex
2436 4407 2533 4449 me
2564 4397 2744 4466 atque
2771 4410 2879 4468 per
2900 4410 2996 4452 me
3049 4398 3331 4469 apparuit
3357 4415 3373 4457 :
3400 4400 3567 4472 quod

207 4476 495 4552 ἐκφήνειας,
523 4480 589 4540 ὡς
617 4484 708 4532 καὶ
751 4477 933 4547 τᾶλλα,
983 4475 1051 4537 δὴ
1106 4488 1207 4533 τῶν
1257 4479 1562 4557 ἀπορρήτων
1617 4482 1810 4538 ύποθυ-

1950 4481 2055 4538 ’ἱάο
2086 4485 2149 4538 ut
2176 4480 2422 4552 pulchre
2451 4497 2742 4555 exponas,
2766 4485 2853 4540 uti
2881 4488 2939 4542 et
2976 4490 3192 4543 caetera
3235 4487 3565 4545 ineffabilia

206 4571 406 4641 μοσύνη
469 4574 559 4621 τοῦ
613 4572 915 4641 σοφίσοντος
981 4571 1298 4642 Πνεύματος·
1389 4574 1636 4642 σέμνυνον
1714 4578 1809 4634 τὴν

1951 4570 2205 4644 mysteria
2233 4586 2305 4627 ex
2338 4572 2726 4642 suggestione
2759 4574 3029 4647 Spiritus,
3064 4575 3420 4650 sapientiam
3459 4578 3566 4636 tibi

210 4656 548 4723 Ἐκκλησίαν,
571 4657 698 4730 ύπερ
754 4653 815 4720 ἧς
878 4660 937 4711 τὸ
987 4656 1174 4711 ἑαυτοῦ
1226 4660 1359 4731 αζιια
1400 4658 1599 4732 ἐξέχεεν
1650 4662 1677 4714 ὁ
1723 4661 1809 4717 ἐπὶ

1952 4659 2223 4717 .rebituri.
2246 4663 2484 4718 Exorna
2530 4661 2853 4720 Ecclesium
2896 4668 3143 4737 propter
3199 4681 3387 4739 quam
3426 4683 3567 4724 sane

206 4754 305 4800 τῶν
358 4744 623 4822 Χερουϐὶμ
675 4745 1012 4813 ἕπιϐεϐηκὼς,
1072 4752 1162 4801 καὶ
1218 4749 1273 4801 ὃν
1317 4751 1385 4800 τὰ
1440 4753 1669 4825 Σεραφὶμ
1722 4755 1808 4806 πέ-

1949 4749 2162 4813 :uiuem
2192 4764 2371 4806 suum
2391 4749 2563 4820 fudit,
2593 4751 2700 4825 qui
2725 4754 3238 4826 superCherubim
3270 4754 3564 4824 ambulat,

205 4855 375 4910 φρικε,
396 4841 489 4890 καὶ
590 4842 741 4890 πᾶσα
771 4840 866 4890 σὺν
897 4833 1003 4891 δίει
1043 4835 1270 4910 ἀγγέλων
1309 4842 1400 4890 καὶ
1464 4836 1808 4911 ἀρχαγγέλων

1951 4853 2099 4910 ίιιθω
2123 4841 2385 4894 tremunt
2415 4841 2748 4914 Seraphim,
2777 4841 2870 4897 cui
2898 4843 3086 4900 virtus
3132 4844 3415 4903 universa
3456 4862 3566 4903 an-

203 4929 501 5001 παρέστηκε
527 4922 767 4999 δύναμις.
804 4931 900 4980 Καὶ
939 4925 1015 4994 ὃς,
1061 4926 1200 4999 Ἐγὼ
1228 4928 1318 4999 μεν
1365 4923 1517 4980 οὐδέν
1581 4938 1635 4980 τι
1685 4948 1810 5003 προσ

1953 4924 2188 4983 elorum
2219 4931 2400 5000 atque
2436 4929 2937 5000 archangelorum
2983 4932 3172 4990 multo
3206 4950 3342 4990 cum
3403 4940 3568 4993 metu

208 5016 394 5088 θυμίας
440 5013 746 5090 ἐλλείποιμιο
803 5019 869 5070 σύ
918 5012 970 5069 δ’
1026 5014 1136 5069 ἀλλ’
1210 5013 1593 5085 ἀντιλαμϐάνου
1683 5035 1807 5090 μου,

1958 5014 2161 5072 ssistit.
2193 5016 2281 5072 Ad
2312 5017 2444 5074 haec
2471 5017 2736 5077 Joannes
2771 5036 2784 5075 :
2816 5020 2969 5077 Nihil
2990 5022 3292 5095 equidem,
3321 5023 3487 5096 quod
3507 5024 3571 5081 in

207 5108 482 5158 Δέσποινα·
538 5106 665 5180 ύπὶρ
705 5109 801 5164 τὴν
858 5103 984 5178 ἐμὴν
1030 5107 1134 5178 γὰρ
1176 5104 1413 5179 ὁμολογω
1474 5104 1813 5180 τούπίταγμα

1952 5119 2016 5163 ne
2036 5104 2145 5162 erit
2164 5106 2615 5179 praetermittam
2640 5126 2653 5164 :
2678 5108 2782 5165 sed
2832 5113 2916 5180 tu,
2968 5112 3238 5175 Domina,
3286 5129 3567 5171 succurre

208 5189 453 5268 δύναμιν,
484 5194 610 5269 ὕπερ
660 5198 755 5254 τὴν
807 5193 932 5268 ἐμὴν
996 5196 1159 5267 ἰσχύν
1213 5198 1273 5247 τὸ
1334 5193 1649 5268 ίγχείρημα.
1691 5194 1810 5250 Ἐπὶ

1952 5195 2087 5253 eihi:
2114 5195 2304 5254 fateor
2323 5199 2482 5255 enim
2505 5214 2692 5271 supra
2720 5199 2876 5256 vires
2900 5217 3068 5258 meas
3098 5219 3251 5273 esse,
3279 5204 3567 5278 quodim-

206 5285 408 5346 τούτοις
446 5279 774 5354 διύπνισται,
808 5283 891 5337 ἐπὶ
920 5286 1126 5346 τούτοις
1158 5288 1297 5337 σώαν
1336 5288 1432 5343 τὴν
1493 5280 1668 5348 δεξιὰν
1729 5285 1809 5338 εύο

1946 5301 2092 5343 teras
2101 5286 2389 5360 quodque
2401 5302 2514 5357 ego
2529 5287 2817 5345 conabor.
2832 5291 2995 5346 Tunc
3007 5290 3298 5362 evigilans
3324 5296 3561 5353 salvam

206 5372 480 5448 ρηκεν.ού
531 5382 657 5446 γοῦν
715 5374 856 5446 εἶχεν
916 5373 942 5427 ὃ
992 5393 1045 5427 τι
1099 5379 1192 5428 καὶ
1237 5379 1457 5446 γένοιτο,
1514 5382 1668 5428 τοῦτο
1716 5378 1806 5448 μὶν

1951 5374 2029 5431 ibi
2048 5374 2358 5433 dexteram
2393 5392 2711 5433 suamesse
2748 5377 2992 5444 invenit,
3015 5395 3126 5437 nec
3154 5380 3370 5440 habuit
3398 5400 3566 5441 men-

208 5465 613 5539 εύφραινόμενος,
667 5467 759 5516 καὶ
819 5462 966 5526 ἄλλος
1014 5462 1067 5528 ἐξ
1123 5462 1280 5517 ἄλλου
1332 5471 1396 5537 τῇ
1459 5469 1808 5539 τερατουργίᾳ

1950 5478 2034 5521 em
2044 5463 2104 5521 in
2117 5469 2433 5539 potestate,
2446 5466 2665 5538 partim
2677 5467 2924 5539 quidem
2938 5483 3059 5541 prae
3072 5470 3316 5541 gaudio,
3343 5475 3565 5546 partim

207 5557 482 5627 γενόμενος.
509 5553 647 5606 Ἐκεῖ
668 5571 748 5615 τις
771 5551 833 5605 ἂν
881 5552 1053 5616 καλῶς
1116 5550 1364 5626 ἐπήνεγκε
1416 5556 1477 5607 τὸ
1524 5561 1616 5607 τοῦ
1671 5552 1806 5608 Ψαλ-

1950 5570 1987 5611 x
2017 5554 2414 5614 admiratione
2463 5560 2612 5613 ctex
2638 5556 2759 5613 alio
2788 5556 2851 5614 in
2880 5556 3066 5616 alium
3101 5559 3383 5618 affectum
3430 5580 3564 5637 pro-

210 5638 409 5718 μῳδοῦ,
450 5644 510 5695 τὸ
543 5641 846 5716 (Ἑσπέρας
884 5641 1109 5701 ηύλίσθη
1158 5640 1440 5715 κλαυθμὸς,
1489 5648 1580 5696 καὶ
1627 5642 1695 5704 εἰς
1744 5645 1804 5696 τὸ

1947 5646 2042 5699 iter
2052 5643 2325 5701 miraculi
2338 5644 2799 5715 magnitudinem
2810 5645 3129 5705 distractus
3144 5653 3249 5706 est.
3264 5653 3454 5724 Atque
3466 5653 3562 5710 hic

209 5733 339 5809 τῖρωῖ
367 5729 700 5804 ἀγαλλίασις·
738 5751 767 5784 ››
791 5731 931 5787 ’Δνθ’
980 5727 1048 5784 ὧν
1100 5733 1201 5807 γὰρ
1262 5730 1486 5806 ἑσπέρας
1521 5731 1801 5806 ὡλόλυζον,

1955 5736 2259 5807 pportune
2283 5733 2420 5806 quis
2448 5732 2609 5792 istud
2637 5733 2968 5793 Psalmistae
2988 5740 3392 5812 usurpaverit:
3422 5763 3444 5792 ι
3475 5742 3567 5799 Ad
