4090 6380
547 330 650 394 851

1753 340 2212 401 OONSTANTINI
2247 340 2727 402 ACROPOLITE.

550 476 866 532 vesperam
889 461 1512 528 demorabiturﬂetus.
1538 470 1595 522 et
1622 467 1701 523 ad
1725 469 2089 524 matutinum
2112 469 2214 524 1&3-

2332 468 2542 540 ᾣμωζον
2611 467 2934 542 ὠλοφύροντο
3007 468 3299 540 πρόσπολοι
3370 487 3427 522 τε
3472 472 3560 522 καὶ
3644 475 3893 544 περὶοικοιο

553 550 680 606 titia
697 554 738 606 ².
761 574 787 600 ››
825 554 902 606 Ea
916 552 1076 608 enim
1090 569 1198 624 pro
1219 553 1441 626 quibus
1471 553 1799 612 familiares
1829 562 2011 629 atque
2037 559 2215 614 vicini

553 639 752 694 omnis
801 641 1158 696 conditionis
1205 647 1260 697 et
1323 643 1513 699 aetatis
1587 645 1900 715 ejularant,
1978 662 2216 717 gemue—

553 733 710 789 rant.
753 729 1199 800 suspiraverant
1220 733 1474 804 vesperi,
1501 749 1642 789 mox
1665 739 1845 806 atque
1866 735 2059 791 illuxit
2080 752 2217 806 age-

554 815 705 871 bant
729 820 1028 875 contraria
1053 822 1280 882 omnia,
1310 821 1698 884 exsultantes.
1716 823 2102 894 gratulantes,
2126 827 2218 896 ju-

554 905 816 961 bilantes
865 909 1174 964 communi
1223 911 1450 966 cunctis
1507 912 1732 980 gaudio
1791 929 1934 969 cum
2002 920 2219 985 praeter

2325 559 2508 618 ἡλικία
2543 563 2634 610 καὶ
2685 560 2829 628 τύχη
2890 553 3161 630 διάφορος,
3224 560 3422 632 πρωῖᾳς
3469 557 3619 620 εὐθὺς
3683 558 3890 634 ἀντεπῄει

2324 648 2600 717 γεγηθέναι
2644 665 2698 698 τε
2753 651 2842 698 καί
2899 651 3136 718 ηιρτᾷν,
3194 651 3285 700 καὶ
3329 645 3572 721 λαμπρῶς
3621 649 3742 719 ὁμοῦ
3784 653 3889 702 πάν,

2325 755 2419 797 τας
2459 734 2795 807 ἀγάλλεσθαι,
2829 736 2955 805 ύγιᾶ
2982 736 3124 807 παρά
3164 731 3490 807 προσδοκίαν
3546 736 3744 790 ἅπασαν
3786 757 3889 790 κατ-

2330 822 2539 886 ιδόντας
2565 830 2654 876 καὶ
2684 823 3035 896 ἐμπεφυκυῖαν
3063 820 3214 885 αὖθις
3263 829 3354 881 τὴν
3405 832 3584 900 χεῖρα,
3645 831 3725 878 καὶ
3778 820 3887 901 ἆνερ·

2325 919 2420 987 γόν
2446 915 2614 988 πρόςὸ
2633 933 2692 985 γε
2723 914 2860 983 αύτῷ
2897 912 3178 986 βούλητόν.

557 996 1036 1068 expectationem
1074 987 1344 1055 viderent
1366 1000 1676 1057 dexteram
1693 1002 1943 1072 salvam,
1973 1004 2383 1062 adhaerentem
2413 1004 2681 1069 brachio,
2710 1008 2888 1075 atque
2918 1002 2996 1058 ad
3026 1002 3321 1074 quidlibet
3347 1001 3638 1058 habilem.

633 1179 720 1232 32.
747 1178 947 1247 Neque
978 1192 1155 1246 porro
1185 1178 1341 1235 intra
1384 1180 1642 1252 parietes
1708 1181 2070 1239 domesticos
2127 1183 2222 1240 hic

565 1263 842 1336 plausus,
879 1264 969 1320 vel
1013 1281 1196 1338 penes
1243 1269 1402 1324 solos
1450 1269 1771 1326 familiares
1799 1270 1972 1327 haesit
2016 1273 2223 1329 notitia

564 1352 649 1407 rei
690 1357 888 1421 gestae:
961 1353 1064 1409 sed
1110 1355 1289 1426 longe
1360 1357 1600 1430 lataque
1670 1360 1964 1430 procurrit
2034 1360 2220 1430 fama;

565 1441 814 1515 quidam
839 1445 1021 1498 etiam
1053 1443 1478 1503 festinaverunt
1506 1447 1785 1520 praefecto
1815 1465 1926 1505 suo
1947 1453 2222 1507 nuntiare

565 1530 662 1602 (ex
683 1532 969 1600 Agarenis
996 1533 1055 1588 lii
1077 1540 1266 1603 erant,
1295 1552 1439 1606 erga
1490 1553 1602 1592 nos
1658 1553 1896 1610 semper
1943 1539 2221 1595 malevoli

565 1621 1236 1693 propterdetestabilem
1253 1642 1427 1682 suam
1447 1628 1697 1699 sectam)
1725 1629 1890 1700 quod
1920 1629 2120 1686 salvus
2153 1631 2226 1687 sit

563 1709 850 1776 Joannes,
879 1727 949 1766 ac
981 1713 1268 1768 membris
1313 1715 1541 1785 integer
1583 1716 1841 1785 gaudeat
1876 1719 2222 1787 gratuletur-
2255 1736 2292 1788 Β

565 1814 682 1870 que
714 1799 845 1862 sibi,
895 1804 952 1855 et
981 1801 1163 1856 veluti
1183 1802 1484 1859 laureatus
1511 1805 1758 1876 quidem
1788 1822 2005 1878 paeana
2030 1809 2224 1864 conci-

566 1892 692 1956 nat,
720 1887 1046 1962 palamque
1077 1891 1346 1948 exsultet.
1381 1893 1479 1949 llle
1513 1910 1653 1950 vero
1685 1895 1970 1952 continuo
2023 1914 2223 1954 accer-

568 1992 708 2033 sens
738 1982 1040 2048 sanctum,
1066 1981 1213 2053 quid
1239 1981 1350 2038 sibi
1364 1982 1778 2049 factum,esset
1798 1986 1970 2058 jubet
1997 1989 2222 2044 veraci-

568 2073 655 2123 ter
681 2066 999 2138 explicare,
1024 2076 1290 2126 extrema
1311 2088 1565 2145 quaeque
1587 2075 2014 2142 comminatus,
2039 2078 2227 2136 nisiut

492 2216 494 2219 ,
569 2163 703 2211 acta
715 2158 1101 2213 erantomnia
1114 2158 1478 2232 loqueretur.
1498 2163 1663 2218 Divin
1673 2180 1739 2217 us
1753 2169 1952 2220 autem
1965 2167 2225 2223 Joannes

567 2250 860 2317 tanquam
877 2247 1071 2318 seipso
1079 2247 1209 2318 jam
1227 2249 1458 2319 melior,
1481 2256 1542 2305 ut
1566 2252 1759 2324 quiad
1785 2252 2035 2311 meliora
2050 2272 2224 2314 voca-

567 2334 793 2389 batura
809 2337 926 2389 Deo
939 2337 1219 2392 etexhinc
1233 2340 1467 2408 majora
1483 2346 1873 2414 suscepturus
1906 2347 2050 2412 erat,
2079 2345 2225 2402 nihil

567 2423 812 2489 veritus,
845 2439 969 2478 non
997 2425 1148 2481 iram
1173 2442 1360 2498 quam
1389 2428 1570 2499 paulo
1601 2435 1737 2484 ante
1783 2438 2062 2504 expertus
2096 2434 2225 2489 fue-

569 2519 680 2582 rat,
709 2528 832 2568 non
864 2511 1124 2568 furorem
1159 2517 1289 2586 ejus
1314 2517 1771 2586 intolerabilem,
1817 2537 1940 2578 non
1998 2524 2224 2580 terribi-

569 2601 780 2657 liorem
807 2603 1185 2669 sententiam,
1218 2605 1849 2666 liberavoceetanimo
1874 2612 2220 2686 conﬁdenti,

571 2693 651 2747 Ne
697 2691 1020 2760 existimes,
1066 2694 1277 2766 inquit,
1332 2700 1498 2769 quod
1546 2697 1636 2754 vel
1698 2699 1875 2756 donis
1925 2702 2020 2758 vel
2067 2703 2222 2760 dolis

569 2781 862 2836 evaserim
895 2798 1162 2854 poenam,
1193 2790 1298 2840 aut
1319 2785 1436 2842 alio
1462 2786 1665 2860 aliquo
1687 2789 1872 2845 modo
1900 2807 1995 2847 me
2038 2793 2224 2849 eidem

570 2869 990 2938 subtraxerim;
1021 2872 1210 2930 multo
1239 2875 1440 2930 minus
1473 2877 1639 2948 quod
1669 2878 1942 2936 humana
1963 2887 2086 2937 arte
2128 2883 2226 2939 vel

569 2958 1043 3032 pharmacorum
1076 2961 1286 3018 virtute
1331 2965 1657 3022 sectionem
1706 2969 2041 3026 curaverim
2074 2988 2086 3027 :
2121 2971 2225 3027 sed

2529 1092 2604 1143 Ού
2635 1097 2799 1165 μέχρι
2827 1087 2885 1144 δε
2914 1099 3014 1143 τῶν
3064 1091 3176 1143 κατ’
3220 1091 3359 1143 οἷκον
3421 1095 3622 1166 κρότος,
3675 1090 3781 1145 οὐδ’
3836 1094 3890 1154 εἰς

2331 1186 2447 1242 τούς
2499 1182 2712 1241 οἰκείους
2760 1182 2784 1231 ό
2829 1179 2981 1253 λόγος
3035 1177 3316 1252 διέμεινεν·
3362 1178 3490 1231 ἀλλὰ
3545 1177 3806 1255 διέδραμεν
3862 1184 3885 1239 ή

2332 1277 2477 1344 φήμη
2532 1270 2627 1322 κάν
2681 1277 2786 1331 τοῖς
2827 1269 3048 1322 κυκλόσε
3095 1268 3189 1320 κάν
3265 1278 3370 1330 τοῖς
3437 1269 3684 1345 πόρρωθιο
3748 1277 3887 1322 τοίνυν

2331 1366 2420 1412 καὶ
2470 1362 2724 1432 φθάνουσί
2791 1377 2923 1420 τινες
3004 1367 3074 1428 τῷ
3161 1364 3386 1433 σφετέρῳ
3459 1359 3884 1434 προσαγγείλαντες

2331 1452 2554 1525 ἄρχοντι
2584 1455 2708 1517 (τῶν
2739 1450 3038 1522 Ἀγαρηνῶν
3094 1445 3228 1506 ἦσαν
3283 1444 3447 1518 οὖτοί,
3507 1456 3604 1500 τῶν
3661 1445 3886 1521 δυσμενῶν

2331 1542 2456 1612 ἡμῖν
2482 1544 2572 1590 καὶ
2620 1537 2875 1610 πολεμίων
2934 1536 2988 1589 ἐκ
3054 1545 3144 1589 τοῦ
3200 1535 3545 1609 ἑναγεστάτου
3599 1540 3890 1613 θρῆσκεύμα-

2332 1630 2438 1690 τος)
2495 1632 2574 1679 ὅτι
2628 1646 2682 1679 τε
2737 1635 2841 1687 σῶς
2885 1628 2910 1677 ό
2967 1627 3203 1687 Ἰωάννης
3251 1629 3411 1698 μένει,
3483 1631 3571 1678 καὶ
3650 1629 3709 1678 τὰ
3787 1625 3888 1698 μελη

2334 1714 2718 1784 ἀδιαλώϐητος,
2760 1720 2849 1766 καὶ
2879 1717 2959 1767 ὅτι
2989 1719 3192 1790 χαίρει,
3223 1719 3313 1766 καὶ
3361 1717 3444 1768 ὃτι
3499 1722 3789 1790 περικροτεῖ,
3823 1718 3893 1766 καὶ

2331 1826 2410 1868 τις
2469 1809 2779 1878 στεφανίτης
2847 1807 3128 1876 καθαπερεὶ
3181 1808 3466 1871 παιανίζει,
3540 1809 3626 1856 καὶ
3685 1802 3894 1877 λαμπρῶς

2331 1897 2542 1968 ⁹γέγηθε.
2605 1899 2704 1947 Καὶ
2753 1896 2808 1956 ὃς
2861 1896 3106 1968 παραυτὰ
3157 1896 3243 1944 τόν
3298 1894 3449 1965 άγιον
3518 1892 3892 1966 μεταστελλεταισ

2333 1991 2422 2038 καὶ
2452 1989 2516 2036 τὰ
2537 1984 2652 2036 κατ’
2707 1984 2862 2036 αὐτὸν
2916 1982 3128 2046 ἐξειπεῖν
3182 1978 3538 2036 διακελεύεται
3597 1987 3719 2056 πρός
3795 1980 3895 2037 a123-

2336 2076 2495 2138 θιιαν,
2553 2076 2615 2124 τὰ
2673 2075 2880 2144 ἔσχατα
2938 2070 3442 2143 ἐπαπειλησάμενος,
3506 2072 3548 2124 εἰ
3601 2076 3668 2144 μὴ
3725 2071 3778 2122 ἄν
3842 2071 3894 2130 ὡς

2334 2162 2637 2233 ἐσχήκεσαν
2682 2165 3061 2234 παραστήσειε.
3107 2165 3207 2212 Καὶ
3235 2167 3358 2230 γοῦν
3423 2161 3448 2210 ὁ
3507 2162 3631 2220 θεῖος
3661 2159 3888 2221 Ἰωάννης,

2332 2255 2574 2326 κρείττων
2627 2251 2798 2322 ὠσπερ
2853 2249 3013 2300 αὑτοῦ
3060 2254 3306 2320 γεγονώς,
3369 2251 3454 2300 ὃτι
3499 2269 3606 2309 πως
3653 2243 3749 2308 ἠδη
3819 2263 3892 2296 και

2332 2346 2461 2416 πρός
2489 2345 2755 2411 κρείττονα
2774 2337 3101 2412 μετεκαλεῖτο
3122 2341 3252 2412 πρός
3295 2345 3396 2389 τοῦ
3451 2345 3601 2400 Θεοῦ,
3653 2342 3734 2389 καὶ
3788 2337 3898 2411 πρὸς

3394 2425 3506 2501 μηδ
3510 2432 3556 2480 εν
3622 2431 3892 2500 ὑποτρέσας,

2331 2524 2403 2591 μὴ
2463 2524 2556 2576 τὴν
2613 2522 2712 2591 πρὸ
2772 2516 3005 2593 βραχέος
3038 2521 3218 2590 οργὴν,
3251 2521 3322 2589 μὴ
3356 2520 3454 2568 τὸν
3480 2515 3712 2568 ἆστεκτον
3737 2513 3896 2566 ἐκεῖνον

2335 2611 2518 2680 θυμόν,
2571 2613 2640 2680 μὴ
2694 2612 2786 2665 τὴν
2845 2605 3122 2682 φρικαλέαν
3209 2604 3506 2677 ἀπόφασιν,
3573 2603 3894 2679 πεπαῤῥησια-

2335 2700 2493 2769 σμένη
2525 2694 2728 2769 γλώττῃ
2763 2700 2852 2746 καὶ
2883 2693 3124 2765 ἀπτοὴτῳ
3152 2703 3243 2755 τῆς
3279 2693 3483 2767 ψυχῆς
3540 2697 3895 2769 παραστήματι.

2332 2790 2417 2843 Μὴ
2452 2788 2562 2836 οἴου
2594 2803 2676 2856 με,
2712 2789 2862 2857 φησὶ,
2898 2780 3088 2856 δώροις
3127 2787 3266 2836 τισὶν
3313 2783 3344 2843 ἦ
3423 2782 3584 2844 δόλοις
3626 2787 3706 2839 τήν
3749 2799 3890 2850 Tilm-

2332 2879 2450 2949 ρίαν
2529 2872 2808 2938 ὑπαλύξαι,
2864 2873 2894 2932 ἡ
2961 2871 3097 2944 ἄλλῳ
3149 2892 3221 2944 τῳ
3301 2879 3412 2925 τῶν
3479 2872 3690 2926 ἁπάντων
3738 2871 3892 2940 τρόπῳ

2336 2960 2632 3036 διεκφυγεῖν
2666 3006 2680 3030 ,
2735 2968 2864 3035 μήτε
2937 2965 3040 3033 μὴν
3090 2959 3368 3036 ἀνθρώποῦ
3409 2967 3563 3035 τέχνη
3611 2979 3692 3011 και
3719 2956 3892 3031 φαρμά-

2332 2431 2546 2502 μείζονα
2601 2429 2895 2482 τούντεύθεν
2955 2425 3306 2493 ἀνελαϐάνετο,

570 3047 818 3104 omnino
841 3050 1015 3106 crede
1044 3051 1210 3124 quod
1236 3057 1293 3107 et
1315 3069 1536 3125 passus
1562 3071 1695 3110 sum
1727 3056 2024 3130 quidquid
2050 3060 2221 3130 jussi-

2335 3073 2437 3104 κων
2468 3051 2693 3104 ἑπιθέσει
2729 3055 2820 3109 τὴν
2881 3047 3124 3126 διαρτίαν
3176 3049 3476 3104 ἀπολαϐεῖν·
3537 3050 3635 3102 ἀλλ’
3684 3048 3785 3100 ῖσθι
3815 3064 3872 3097 σα

575 3139 665 3207 sti,
690 3143 746 3193 et
779 3154 816 3193 a
841 3138 969 3194 solo
1011 3143 1129 3196 Deo
1154 3142 1459 3200 medelam
1488 3143 1598 3198 sim
1631 3152 2012 3216 consecutus,
2041 3166 2228 3205 mem-

573 3225 946 3299 brorumque
975 3229 1374 3298 integritatem
1417 3233 1646 3288 salvam
1703 3237 2226 3306 quemadmodum

576 3320 746 3388 potes
774 3317 1007 3372 intueri.
1039 3322 1228 3390 Atque
1255 3319 1385 3376 haec
1402 3321 1611 3377 dicens
1643 3324 1856 3380 ambas
1887 3342 2108 3382 manus
2132 3345 2228 3384 ex-

574 3404 782 3472 tendit,
809 3409 988 3477 atque
1043 3406 1104 3461 in
1149 3407 1334 3465 altera
1399 3411 1836 3469 demonstravit
1891 3417 2229 3474 circumdu-

573 3497 732 3549 ctam
754 3493 995 3562 lineam,
1018 3512 1156 3569 quae
1203 3513 1499 3571 perquam
1538 3502 1923 3560 manifestam
1971 3506 2230 3563 faciebat

571 3583 900 3640 sectionem
930 3584 1172 3656 factam,
1207 3591 1265 3644 et
1289 3593 1791 3649 restaurationem
1828 3600 2118 3652 secutam.

641 3855 730 3908 33.
761 3851 854 3908 Ad
881 3853 1011 3908 haec
1046 3854 1498 3927 obstupefactus
1553 3857 1876 3927 barbarus,
1928 3865 2092 3930 Vere,
2135 3865 2228 3921 in-

568 3943 715 4014 quit,
743 3943 1033 3998 innocens
1056 3959 1208 4009 eras,
1249 3947 1538 4015 Joannes;
1572 3953 1630 4004 et
1649 3965 1761 4005 nos
1785 3952 2032 4023 quidem
2064 3952 2228 4011 fraus

567 4030 823 4103 decepit,
840 4036 903 4086 tu
927 4048 1070 4087 vero
1086 4038 1293 4089 contra
1310 4051 1554 4091 omnem
1579 4038 1868 4108 justitiam
1899 4041 2228 4100 damnatus

571 4137 641 4176 ac
667 4137 885 4192 passus
909 4137 972 4176 es
1006 4121 1149 4177 :sed
1187 4122 1473 4197 deinceps
1543 4128 1876 4199 majoribus
1907 4132 2073 4203 apud
2130 4150 2228 4191 me

569 4209 902 4264 honoribus
932 4209 1243 4280 extolleris,
1277 4217 1332 4268 et
1365 4229 1548 4286 supra
1587 4222 1832 4274 caeteros
1867 4222 2226 4279 constitutus

570 4296 825 4352 subditis
868 4296 1018 4352 meis
1073 4299 1369 4356 universis
1420 4304 1534 4358 eris
1582 4305 1882 4363 illustrior.
1964 4311 2225 4367 Joannes

568 4401 712 4440 vero
737 4385 797 4441 in
823 4390 1040 4442 terram
1071 4403 1132 4443 se
1171 4396 1656 4461 prosternens.et
1682 4394 1968 4469 lacrymis
2021 4399 2226 4456 calen-

567 4474 728 4530 tibus
771 4474 1100 4546 proﬂuens,
1160 4480 1344 4550 Absit,
1394 4482 1609 4556 inquit,
1685 4489 1751 4540 ut
1829 4486 2089 4559 amplius
2164 4490 2225 4546 in

568 4563 802 4619 mundo
859 4580 1163 4633 maneam,
1218 4585 1255 4624 a
1305 4571 1434 4627 solo
1480 4575 1596 4628 Deo
1650 4579 1952 4631 extractus
2019 4592 2093 4632 ex
2155 4576 2226 4633 iis

566 4653 870 4716 aerumnis.
905 4670 1057 4727 quas
1081 4658 1344 4729 proferre
1365 4660 1514 4716 solet
1543 4663 1673 4717 haec
1703 4665 1999 4720 terrestris
2051 4665 2224 4722 habi-

565 4741 731 4813 tatio,
761 4759 867 4799 seu
888 4745 1086 4816 potius
1111 4751 1351 4818 pratum
1390 4765 1712 4818 noxarum,
1753 4752 1904 4808 sicut
1959 4759 2227 4810 externo-

561 4845 699 4886 rum
725 4831 1063 4904 sapientum
1116 4851 1380 4893 nonemo
1429 4837 1596 4907 dixit,
1643 4839 1758 4910 vel,
1814 4847 1875 4897 ut
1934 4848 2223 4900 consueto

561 4919 739 4976 nobis
769 4922 1068 4978 vocabulo
1100 4928 1254 4992 utar,
1285 4925 1457 4981 vallis
1488 4927 1918 5000 lacrymarum.
1955 4935 2023 4987 At
2072 4947 2222 5004 pra:-

563 5011 772 5080 fectus,
820 5014 1143 5084 Nunquam
1187 5029 1300 5084 ego
1354 5015 1481 5078 tibi,
1528 5019 1808 5090 Joannes,
1863 5020 2216 5077 concedam.

561 5100 663 5155 Hic
706 5105 930 5168 autem;
977 5103 1169 5173 Caput
1225 5104 1435 5175 inquit,
1497 5105 1544 5160 si
1608 5107 1776 5176 velis,
1826 5108 2033 5165 aufer:
2076 5125 2221 5166 nam

559 5195 807 5262 paratus
828 5206 965 5245 sum
989 5191 1148 5248 mille
1173 5193 1392 5264 potius,
1421 5195 1470 5249 si
1512 5195 1795 5266 possibile
1852 5200 1944 5265 sit,
1998 5203 2219 5255 mortes

557 5278 745 5344 obire,
769 5294 958 5349 quam
984 5295 1057 5335 ex
1103 5296 1175 5336 eo
1213 5282 1381 5351 quod
1411 5298 1572 5339 nunc
1597 5286 1749 5355 coepi
1781 5287 2092 5358 proposito
2123 5303 2221 5344 ex-

557 5367 774 5422 cidere.
807 5365 904 5422 llle
935 5371 1138 5424 tamen
1179 5370 1468 5428 manebat
1493 5371 1806 5445 immotus,
1857 5390 1967 5430 nec
2017 5376 2217 5432 minus

554 5457 814 5511 Joannes
865 5473 1037 5513 suam
1091 5459 1347 5529 urgebat
1400 5461 1771 5533 petitionem,
1834 5479 1872 5520 a
1921 5466 2219 5523 sententia

554 5543 910 5616 neutiquam
931 5546 1303 5604 revocabilis.
1338 5551 1526 5606 Grave
1555 5563 1699 5629 ergo
1719 5551 1872 5618 inter
1893 5555 2215 5628 utrumque

621 5720 762 5781 Psal
780 5737 950 5784 ω.
975 5727 1034 5782 ο.

2336 3151 2436 3215 φῶς
2490 3147 2579 3193 καὶ
2634 3142 2922 3194 πεπονθότα
2967 3141 2994 3192 ὅ
3037 3159 3096 3211 ’γε
3143 3135 3211 3198 δή
3277 3147 3372 3193 καὶ
3429 3145 3773 3216 προστεταχας
3816 3137 3887 3185 καὶ

2335 3235 2466 3305 πρὸς
2500 3237 2632 3282 Θεοῦ
2662 3235 2820 3302 μόνου
2852 3233 2945 3288 τὴν
2973 3232 3118 3282 ἴασιν
3146 3228 3442 3300 ἐσχηκότα,
3490 3234 3576 3282 καὶ
3629 3229 3785 3297 ὥσπερ
3837 3217 3888 3278 δὴ

2336 3326 2426 3372 καὶ
2489 3322 2612 3394 όρᾲν
2665 3323 2826 3391 ἔχεις,
2907 3318 3144 3378 ἀνελλιπῆ
3196 3324 3450 3390 ’γεγονότα
3494 3325 3580 3378 τήν
3625 3314 3890 3389 ὁλομελειαν.

2336 3409 2595 3470 Ἐκτείνας
2621 3408 2703 3462 ἐπὶ
2745 3405 2930 3462 τοῖσδε
2961 3413 3034 3461 τὼ
3085 3415 3254 3482 χεῖρε,
3311 3415 3409 3461 καὶ⁵
3461 3412 3552 3467 τήν
3607 3405 3685 3459 ἐπὶ
3738 3405 3893 3474 θάτερα

2336 3499 2752 3573 περικυκλοῦσαν
2805 3495 2978 3561 δείξας
3023 3501 3292 3573 γραμμὴν,
3343 3499 3377 3557 ἦ
3431 3501 3521 3556 τήν
3574 3515 3626 3548 τε
3673 3492 3894 3548 διακοπὴν

2337 3594 2427 3641 καὶ
2451 3593 2546 3648 τὴν
2589 3591 2722 3662 μετά
2767 3595 2921 3640 τοῦτο
2975 3586 3293 3661 ἐφαρμογὴν,
3351 3590 3490 3640 πάνυ
3530 3587 3756 3660 καθαρῶς
3795 3582 3894 3632 ὑπε-

2339 3675 2590 3732 δείκνυεν.

2409 3858 2504 3931 λγ’.
2559 3859 2668 3932 Ἐφ’
2723 3855 2798 3919 οἷς
2843 3863 2935 3910 καὶ
3010 3856 3415 3929 καταπλαγέντα
3491 3860 3578 3909 τόν
3647 3851 3896 3928 βάρϐαρον,

2335 3947 2534 4010 Ὀντως
2564 3947 2839 4011 ἀνεύθυνος
2878 3945 3040 4016 ἦσθα,
3091 3949 3266 4018 φάναι·
3319 3953 3410 4000 καὶ
3469 3943 3616 4006 δόλος
3659 3948 3742 4017 μὲν
3787 3942 3901 4011 ἡμᾶς

2337 4037 2652 4103 ἐξηπάτησε,
2695 4040 2839 4112 παρά
2889 4033 2949 4089 δε
2995 4038 3168 4089 πάντα
3247 4031 3459 4089 δίκαιον
3549 4035 3695 4106 λόγον
3753 4029 3900 4089 αὐτὸς,

2337 4126 2570 4194 Ἰωάννη,
2601 4132 2690 4179 καὶ
2717 4123 3107 4186 κατεδικάσθης
3163 4129 3254 4176 καὶ
3304 4127 3585 4185 πέπόνθας.
3636 4120 3760 4176 ’Δλλ⁹
3809 4114 3903 4168 ἶσθι

2336 4220 2586 4290 μειζόνων
2640 4215 3060 4288 ἁξιωθησόμενος
3114 4217 3246 4288 πρὸς
3296 4213 3424 4286 ἐμοῦ
3479 4217 3536 4266 τό
3592 4213 3715 4286 μετὰ
3775 4212 3902 4308 τούτο

2335 4314 2520 4378 τιμῶν,
2550 4307 2676 4380 ὑπὲρ
2701 4309 2825 4368 τοὺς
2875 4304 3055 4365 ἄλλους
3109 4323 3164 4356 τε
3211 4303 3512 4376 ταξάμενος,
3565 4306 3651 4355 καὶ
3701 4305 3788 4352 τῶν
3827 4295 3886 4344 ὖπ

2335 4395 2449 4468 ἐμοὶ
2505 4403 2598 4446 τοῦ
2645 4394 2828 4446 λοιποῦ
2896 4398 3356 4465 καταστησόμενος
3411 4393 3648 4446 ἁπάντων
3719 4400 3900 4461 περιφω

2332 4490 2590 4544 νίστατος·
2641 4483 2700 4536 Ὀ
2755 4479 2814 4536 δε
2868 4488 3070 4547 πρηνὴς
3126 4482 3320 4534 αύτίκα
3374 4487 3567 4548 πεσὼν,
3623 4475 3812 4550 δάκρυά
3855 4486 3898 4520 τι

2336 4577 2500 4646 θερμὰ
2530 4577 2827 4644 καταχίων,
2855 4577 2942 4630 Μή
2971 4591 3062 4645 μοι
3097 4575 3300 4643 γίνοιτο
3355 4576 3446 4623 καὶ
3503 4571 3660 4624 εἰσέτι
3715 4572 3782 4635 τῷ
3808 4576 3897 4664 ἰα’

2336 4684 2452 4736 σμῳ
2478 4661 2791 4735 περιπολεῖν,
2841 4661 2940 4714 ύπό
3000 4668 3134 4714 Θεοῦ
3187 4663 3346 4734 μόνου
3396 4661 3633 4734 ῥυσθέντι
3689 4655 3752 4706 ὧν
3801 4655 3896 4702 ἐπι·-

2332 4756 2498 4827 φέρειν
2520 4753 2691 4804 εἴωθεν
2722 4751 3025 4825 όπερίγειος
3061 4751 3259 4802 ούτωσὶ
3307 4753 3460 4809 τόπος
3507 4745 3702 4836 δεινῶν,
3749 4743 3773 4793 ὁ
3818 4741 3895 4836 τῆς

2330 4841 2460 4902 ἄτης
2515 4840 2700 4912 λειμὼν
2758 4842 2850 4911 (ὡς
2897 4846 2996 4890 τῶν
3042 4858 3116 4899 τις
3161 4840 3386 4911 θυραίων
3433 4845 3602 4909 σοφῶν
3681 4831 3891 4903 ἐγνωμά-

2328 4935 2530 5002 ττυσεν)
2574 4931 2602 4988 ἢ
2649 4929 2768 4981 καθ’
2820 4931 2960 5002 ἡμᾶς
3009 4927 3158 5003 ἐρεῖν,
3213 4929 3242 4986 ἠ
3292 4927 3468 4988 κοιλὰς
3519 4932 3610 4978 τοῦ
3659 4919 3893 4988 κλαυθμῶ-

2329 5038 2435 5085 νος,
2461 5019 2518 5071 Ὀ
2560 5016 2612 5071 δ’
2636 5017 2930 5083 ὑπολαϐὼν,
2985 5015 3126 5071 Ἀλλ’
3171 5017 3264 5069 οὐκ
3321 5012 3534 5068 ἐνδώσω
3564 5032 3663 5080 σοι,
3692 5007 3888 5095 Ἰωάννης

2327 5115 2481 5160 τοῦτο
2497 5127 2639 5160 ποτε.
2675 5112 2776 5160 Καὶ
2805 5107 2894 5168 ὃς··
2926 5105 3107 5178 *Αφελί
3154 5125 3245 5178 μοι
3292 5109 3381 5158 καὶ
3438 5109 3534 5165 τὴς
3578 5097 3805 5173 κεφαλῆς,
3831 5105 3890 5189 *τί

2330 5194 2531 5270 βούλειο
2591 5201 2681 5249 καὶ
2727 5198 2848 5270 γὰρ,
2903 5196 2947 5248 εἰ
2999 5195 3105 5248 οἷόν
3160 5215 3216 5248 τε
3265 5199 3486 5268 μυρίους
3542 5193 3735 5261 ἕτοιμός
3794 5193 3888 5284 :llf‘

2329 5289 2587 5347 θανάτους
2624 5285 2917 5354 ἀποθανεῖν,
2950 5287 2980 5345 ἣ
3016 5289 3074 5338 τὸ
3121 5285 3222 5338 ἀπό
3277 5281 3434 5338 τοῦδε
3483 5289 3574 5335 τοῦ
3615 5278 3742 5331 κατὰ
3787 5269 3890 5368 βους

2323 5375 2475 5433 λησιν
2507 5375 2762 5430 ἐκπεσεῖν.
2805 5374 3050 5435 Κάκεῖνος
3106 5376 3258 5435 αὖθις
3303 5372 3516 5434 ἀκλινὴς
3571 5366 3757 5439 διεμενε
3815 5366 3886 5456 ﬂ“!

2327 5462 2616 5527 ἀνίνδοτος
2648 5468 2716 5528 ὡς
2749 5461 2808 5518 δε
2832 5469 2921 5517 καὶ
2951 5464 3098 5526 οὗτός
3124 5469 3213 5523 τὴν
3266 5465 3476 5519 αἴτησιν
3529 5457 3758 5530 ἰσχυρός,
3807 5461 3882 5497 καί

2322 5557 2417 5630 τὴν
2481 5555 2730 5629 πρόθεσιν
2807 5555 3138 5631 ἁμεεινάθετοςτ
3214 5552 3472 5628 Καρτιρός
3546 5552 3666 5626 γοῦν
3734 5537 3882 5602 ὥσπερ
