4090 6388
213 383 315 436 853
1423 371 1496 429 ΙΝ
1539 372 1597 429 S.
1636 368 1828 427 JOAN.

1972 371 2370 428 MASCENUM.
3479 368 3587 422 854

215 505 441 560 συνὶστη
475 505 650 574 σφὶσιν
683 500 844 572 ἁγών,
895 506 988 553 καί
1043 499 1249 572 ὶσχυρὸι
1304 520 1387 560 τις
1441 497 1650 550 ἐκεῖνοιν
1705 493 1820 548 δια-

1965 501 2233 553 ertamen
2264 513 2335 552 ac
2359 495 2543 552 veluti
2562 497 2899 554 colluctatio
2933 497 3209 570 pertinax
3254 494 3386 562 fuit,
3439 508 3580 548 cum

214 597 373 668 μάχη
410 595 800 664 συμπεπτωκενυ
859 591 1092 664 ἑκάτερος
1151 592 1252 662 γάρ
1323 591 1518 661 θατέρῳ
1575 584 1702 658 μηδ’
1758 588 1818 637 ἄν

1965 601 2089 640 IDUS
2111 585 2363 641 alterum
2379 586 2664 641 niteretur
2692 585 2918 641 viribus
2946 585 3231 642 omnibus
3273 596 3580 654 superare,

212 691 322 743 πῶς
351 701 477 734 ποτε
503 679 708 742 ὑπεῖξαι
742 679 1156 753 άπισχυρὶζετο,
1214 682 1304 730 καί
1363 677 1452 734 ὅλη
1517 675 1820 728 άντὲπιπτεν

1968 680 2178 746 atoque
2202 675 2418 732 robore
2443 674 2600 730 velut
2621 675 2861 740 irruere,
2904 674 3200 745 planeque
3255 689 3329 728 ex
3377 670 3583 726 animo

219 773 401 844 ἰσχύῐ,
429 775 520 822 καί
546 769 776 843 ἐκθὺμως
805 769 887 821 ἐπί
915 766 1054 839 τῷδε
1113 766 1149 820 δ
1156 768 1478 839 ιηγωνὶζετό.
1538 765 1690 818 Ἀλλά
1745 784 1822 816 νε-

1965 763 2012 819 d
2040 763 2156 818 hoc
2180 763 2571 818 incumberet.
2608 763 2721 820 Sed
2752 762 2998 818 victoria
3027 778 3212 834 penes
3263 763 3580 822 Joannem,

212 867 425 919 νὶκηκεν
475 860 715 922 Ἰωάννης
776 869 836 918 τῆ
903 861 1149 931 συνάρσιι
1203 866 1294 909 τοῦ
1356 860 1669 930 κρεὶττονοςο
1728 851 1821 912 ἧτ-

1968 858 2138 924 itpote
2162 869 2346 908 causa
2375 853 2704 917 meliorem,
2745 853 2939 907 stetit:
3001 852 3192 907 victus
3242 855 3330 905 est
3383 852 3583 904 autem

212 965 373 1004 τηται
409 941 460 997 δ’
493 947 518 996 6
557 944 880 1017 παλαμναῖος
931 943 1117 1005 ἐκεῖνος
1172 947 1263 994 καί
1317 939 1579 1014 βάρϐαρος
1640 943 1823 1012 τύραν-

1968 941 2358 1012 anguinarius
2389 941 2483 997 ille
2509 941 2930 1013 barbarusque
2968 946 3278 1012 tyrannus,
3330 941 3386 992 et
3443 951 3583 992 cum

208 1055 317 1104 νος,
369 1039 461 1086 καί
509 1039 860 1092 συνήττηνται
909 1036 958 1085 οἱ
1015 1032 1229 1107 άὸρατοι
1286 1031 1520 1082 ἀλεῖπται
1589 1047 1642 1080 τι
1733 1034 1823 1079 καί

1972 1047 2004 1086 o
2051 1030 2376 1086 invisibiles
2418 1032 2740 1087 luctatores
2810 1036 2988 1102 atque
3037 1029 3346 1100 adjutores
3398 1026 3587 1098 ipsius

215 1128 605 1192 σννασπισταὶ,
629 1125 677 1176 οἱ
705 1131 818 1184 τοῖς
860 1123 1071 1194 ἀγαθοῖς
1121 1124 1265 1193 ἡμῶν
1321 1118 1398 1171 άεὶ
1427 1149 1434 1157 -
1457 1117 1823 1190 βασιαὶνοντες

1976 1133 2260 1187 aemones,
2293 1118 2397 1188 qui
2411 1118 2586 1174 bonis
2614 1118 2830 1175 nostris
2857 1117 3144 1190 operibus
3163 1121 3345 1189 atque
3393 1113 3587 1171 consi-

210 1217 390 1288 ἔργοις
418 1231 471 1264 τε
499 1217 588 1263 καί
621 1211 944 1285 βουλεύμασι
998 1209 1258 1283 δαὶμονες.

1037 1216 1258 1283 αἱμονες.
1930 1206 2022 1262 liis
2043 1218 2332 1279 perpetuo
2361 1208 2650 1264 invident.

286 1299 398 1357 λδ’.
451 1307 513 1354 Ti
569 1309 692 1372 γοῦν
743 1307 834 1353 καί
886 1309 1040 1369 ποιεῖ,
1109 1301 1335 1374 ἔπειπερ,
1393 1297 1461 1350 ”Ο
1512 1317 1562 1349 τι
1614 1298 1674 1348 ἄν
1737 1315 1822 1348 σοι

2002 1301 2092 1353 34.
2119 1296 2276 1361 Quid
2295 1312 2438 1367 ergo
2466 1295 2600 1352 fecit
2630 1301 2735 1353 aut
2760 1299 3073 1370 quomodo
3126 1312 3221 1352 res
3266 1293 3587 1366 disposuit,

206 1388 308 1453 ptui
347 1385 426 1439 εἴη
462 1379 782 1454 βουλομὶνῳ,
813 1382 908 1450 οἶγε
939 1377 1007 1438 δή
1040 1379 1331 1455 ἐκπὶρανον,
1392 1379 1584 1436 ἢκουσε
1631 1393 1643 1440 ;
1711 1383 1821 1436 πῶς

1976 1391 2254 1457 ostquam
2280 1385 2525 1451 audivit,
2554 1386 2856 1458 Quidquid
2878 1385 3187 1458 placuerit,
3239 1399 3374 1453 age,
3423 1398 3591 1440 exse-

220 1491 276 1524 τε
305 1474 370 1522 τά
404 1471 521 1522 κατ’
551 1470 706 1522 αὐτόν
729 1466 1054 1536 διατὶθεταις
1103 1469 1161 1520 Ὀ
1224 1472 1412 1527 πιστός
1467 1471 1557 1538 μέν
1620 1468 1820 1518 οἰκονό-

1978 1476 2165 1530 uere?
2193 1474 2401 1530 Fidelis
2429 1474 2523 1530 ille
2583 1482 2641 1530 et
2699 1475 2965 1546 prudens
3008 1473 3407 1546 dispensator,
3459 1472 3588 1542 jam

214 1579 316 1632 μος
372 1565 459 1612 καί
509 1563 775 1633 φρόνιμος,
829 1558 967 1621 ἐξότε
1020 1563 1111 1610 καί
1187 1557 1470 1629 οἰκονομεῖν
1525 1552 1818 1620 άνεδὲξατο,

1973 1563 2070 1619 ide
2100 1564 2178 1619 ab
2208 1579 2279 1620 eo
2307 1571 2574 1636 tempore
2603 1580 2727 1636 quo
2757 1565 2849 1620 sui
2879 1564 3006 1637 ipse
3052 1563 3204 1634 juris
3244 1561 3440 1633 potuit
3493 1575 3588 1615 res

211 1652 334 1701 τότε
366 1644 426 1700 δέ
483 1651 930 1719 συνεφαπτομὲνου
995 1654 1128 1700 Θεοῦ
1176 1649 1267 1696 καί
1322 1650 1640 1718 συνετωτερα
1698 1642 1822 1716 βου-

1975 1653 2206 1724 roprias
2233 1652 2534 1721 ordinare,
2563 1658 2704 1709 tunc
2765 1657 2966 1708 autem
3014 1651 3338 1722 adjuvante
3383 1649 3587 1720 ipsum

209 1737 549 1808 λουσάμενος,
604 1737 810 1788 ἅπαντα
998 1739 1084 1787 τόν
1141 1735 1358 1787 πλοῦτον
1409 1741 1520 1794 τοῖς
1565 1729 1822 1804 ὃεομὲνοις

1973 1758 2053 1798 reo
2085 1741 2318 1798 utiliora
2345 1742 2524 1798 etiam
2546 1742 2797 1800 consilia
2811 1743 3076 1814 capiens,
3103 1739 3424 1812 pecuniam
3455 1737 3588 1809 qui-

211 1822 490 1898 διὶνυμεν,
555 1823 746 1898 ἀγρούς
823 1821 883 1877 δέ
939 1830 1029 1875 καί
1077 1830 1171 1881 τήν
1218 1831 1406 1882 κτῆσιν
1469 1823 1626 1880 οἷλλην
1714 1829 1820 1884 τοῖς

1976 1847 2073 1886 em
2103 1847 2348 1886 omnem
2376 1830 2680 1896 distribuit
2729 1829 3122 1903 pauperibus,
3155 1843 3334 1898 agros
3365 1842 3504 1882 vero
3533 1829 3591 1882 et

209 1919 577 1988 προσήκουσιν
629 1912 1014 1988 ἀπεκλήρωσεν
1080 1912 1187 1964 ἐπεί
1253 1909 1313 1965 δέ
1373 1920 1539 1983 σοφῶς
1589 1913 1653 1962 τά
1705 1911 1819 1963 κατ’

1968 1919 2194 1991 eliquas
2251 1919 2669 1990 possessiones
2730 1920 2883 1976 inter
2933 1918 3309 1991 propinquos
3365 1915 3583 1970 divisit.

210 2003 375 2056 αὐτὸν
469 1999 691 2067 auom,
766 2003 1033 2060 ιὶλωτικὴν
1121 2000 1374 2058 ἀναϐολήν
1471 2003 1819 2074 περιθὲμενος,

1979 2024 2078 2063 um
2101 2013 2302 2064 autem
2333 2010 2416 2065 sic
2439 2009 2646 2064 omnia
2662 2009 2986 2080 prudenter
2999 2007 3364 2070 ordinasset,
3412 2002 3588 2059 servi-

208 2097 351 2167 πρός
376 2097 472 2150 τήν
524 2091 721 2163 ἀγαθήν
775 2091 986 2166 άπαὶρει
1039 2096 1271 2164 ποριὶαν,
1327 2095 1386 2142 τό
1439 2094 1529 2162 μέν
1582 2094 1819 2162 φαινόμε-

1970 2113 2048 2153 am
2090 2097 2338 2153 indutus
2361 2097 2662 2164 habitum,
2691 2098 2746 2154 in
2790 2098 3014 2154 bonam
3055 2111 3184 2152 sese
3211 2094 3374 2150 viam
3402 2092 3585 2162 dedit,

209 2201 300 2234 νον
350 2186 600 2254 πενιχρός
637 2185 766 2254 πρὸς
828 2178 888 2233 δέ
943 2187 1037 2238 τήν
1079 2189 1169 2232 τοῦ
1208 2179 1443 2255 ἐριτὶμου
1493 2184 1821 2252 μαργαρὶτου

1972 2190 2176 2242 xterna
2195 2186 2442 2258 quidem
2467 2188 2664 2259 specie
2689 2201 2942 2259 pauper,
2995 2184 3102 2241 sed
3145 2183 3224 2240 ad
3262 2182 3587 2240 emendam

207 2271 469 2331 ἇζὼνησιν
547 2270 768 2322 πλοῦτον
837 2269 1004 2344 βαρύν
1067 2275 1160 2327 τήν
1227 2267 1416 2345 ἀρετήν
1482 2267 1820 2340 ἐπαγόμενος.

1978 2276 2258 2331 retiosam
2284 2276 2674 2344 margaritam
2716 2275 2935 2332 multas
2967 2289 3137 2346 opes,
3169 2272 3444 2329 virtutem
3484 2271 3592 2327 sci-

209 2364 317 2413 Kai
343 2366 472 2430 γοῦν
519 2364 614 2416 τήν
669 2359 1010 2432 Ἰερουσαλήμ
1065 2357 1467 2430 καταλαμϐάνει,
1525 2358 1609 2408 ἵνα
1657 2376 1713 2409 τε
1762 2363 1820 2410 τό

1975 2369 2084 2430 cet,
2121 2379 2327 2419 secum
2359 2364 2634 2419 efferens.
2691 2363 3022 2433 Ingreditur
3059 2377 3202 2432 ergo
3259 2361 3588 2432 Hierosoly-

207 2451 473 2521 σωτήριον
501 2447 800 2510 ἐξιτιλὲσθη
853 2452 1163 2522 μυστήριον,
1221 2445 1434 2499 κάκεῖσε
1492 2455 1692 2508 σιπτῶς
1749 2456 1820 2518 τῷ

1967 2470 2118 2518 nam,
2146 2453 2457 2510 utibidem
2501 2453 2708 2510 salutis
2730 2461 2948 2509 nostrae
2991 2451 3347 2525 mysterium
3396 2449 3582 2505 susci-

207 2545 327 2606 Θεῷ
385 2541 475 2588 καί
526 2540 761 2594 Δισπὸτη
813 2542 907 2594 τήν
963 2539 1324 2611 προσκύνησιν
1372 2534 1816 2607 ἀφοσιωσάμενος,

1977 2548 2097 2597 eret
2121 2561 2134 2607 ;
2165 2545 2406 2615 Deoque
2427 2560 2498 2599 ac
2529 2543 2782 2599 Domino
2807 2558 2916 2598 suo
2945 2545 3283 2597 reverenter
3338 2538 3587 2595 adorato

214 2627 368 2698 παρά
410 2630 505 2682 τήν
549 2633 641 2677 τοῦ
729 2625 954 2698 μεγάλου
1003 2624 1140 2677 Σάϐα
1192 2629 1354 2697 μονήν
1422 2625 1626 2686 ἄπεισι,
1680 2624 1821 2677 Σάϐα

1969 2631 2354 2698 anctiﬁcatus,
2388 2632 2466 2687 ad
2498 2632 2703 2702 magni
2745 2632 2915 2688 Sabte
2947 2629 3382 2686 monasterium
3439 2627 3584 2684 abit.

203 2721 303 2766 τοῦ
338 2718 435 2770 τήν
459 2712 646 2786 ἀρετήν
669 2713 982 2788 περιϐοήτου
1017 2719 1104 2766 καί
1145 2720 1239 2772 τήν
1296 2717 1428 2766 κατά
1480 2717 1610 2766 Θὶον
1659 2714 1811 2766 πολι⁹

1971 2719 2102 2791 abee
2131 2719 2383 2792 inquam
2427 2719 2603 2788 illius,
2678 2721 2891 2776 virtute
2927 2717 3296 2774 celeberrimi
3341 2719 3400 2771 et
3443 2731 3586 2790 con-

204 2808 352 2855 τιὶαν
391 2803 817 2876 περιθρυλλὴτου,
851 2803 991 2856 Σάϐα
1017 2811 1109 2855 τοῦ
1159 2803 1490 2877 λαμπρότητι
1547 2801 1670 2875 βὶου
1722 2809 1818 2862 τήν

1970 2809 2258 2866 ersatione
2289 2809 2753 2866 nominatissimi
2781 2826 2794 2864 :
2819 2808 3012 2878 Sabaa,
3052 2811 3240 2863 totam
3287 2822 3423 2877 quae.
3471 2803 3585 2860 sub

208 2893 299 2964 ὑφ’
328 2893 472 2952 ἣλιον
501 2896 954 2964 καταυγάσαντος,
986 2894 1040 2944 ὃν
1069 2897 1206 2965 εἰπερ
1235 2913 1316 2954 τις
1345 2892 1406 2944 ἂν
1459 2899 1589 2965 φαὶη
1653 2898 1813 2946 τὺπον

1963 2899 2050 2956 ole
2103 2909 2188 2956 est
2241 2905 2457 2954 terram
2518 2899 2651 2954 vitae
2705 2915 2826 2954 suae
2895 2896 3159 2954 claritate
3210 2893 3578 2964 illustrantis,

211 2989 304 3032 τοῦ
334 2978 619 3053 μοναδικου
652 2981 774 3054 βιου
806 2983 998 3036 ἄνωθεν
1028 2989 1138 3043 τοῖς
1194 2986 1244 3034 ἐν
1313 2992 1381 3054 γῆ
1441 2985 1814 3055 καταπεμφθῆ-

1969 3005 2111 3044 uam
2132 2988 2379 3061 quidem
2402 2989 2532 3060 ejus
2560 2989 2742 3044 vitam
2762 2987 2979 3060 aliquis
3033 2985 3245 3042 dixerit
3265 2985 3327 3040 in
3380 2999 3581 3040 exem-

211 3090 317 3136 ναι,
341 3071 397 3122 εὗ
426 3068 571 3140 οἶδα,
605 3081 699 3132 τῆς
755 3071 999 3132 manu;
1058 3072 1164 3143 οὐχ
1216 3071 1600 3146 ἁμαρτήσεται.
1663 3077 1812 3147 Παρᾶ

1965 3078 2090 3134 lum
2113 3078 2462 3134 monasticae
2493 3077 2879 3150 professionis
2904 3075 2982 3131 de
3000 3075 3151 3131 ccelo
3173 3075 3427 3132 missam
3450 3088 3578 3128 esse

199 3167 330 3230 γοῦν
355 3164 454 3218 τήν
489 3159 684 3214 ἐκεῖνον
734 3167 906 3233 φοιτᾷ
961 3161 1295 3233 λαὺραςτάς
1353 3165 1596 3222 τοιαύτας
1651 3165 1811 3234 μονάς

1966 3167 2272 3224 ominibus
2320 3183 2501 3240 super
2549 3172 2704 3223 terra
2742 3165 3278 3230 commorantibus,
3319 3177 3579 3236 cumque

199 3247 378 3300 καλεῖν
418 3248 667 3300 εἰώθασιν
694 3252 744 3300 οἱ
780 3249 980 3304 πολλοὶ.
1013 3250 1106 3311 Ὠς
1129 3250 1219 3302 οὖν
1248 3251 1371 3325 παρ’
1398 3250 1530 3310 αὐτῆ
1585 3255 1804 3322 γὲνοιτο,

1960 3274 2035 3313 ,οο
2057 3257 2290 3325 dixerit,
2309 3256 2455 3312 nihil
2468 3262 2678 3328 praeter
2690 3255 2996 3312 veritatem
3014 3253 3230 3310 dixerit
3249 3260 3408 3309 certo
3431 3253 3575 3310 scio.

193 3341 291 3389 καί
322 3345 395 3407 τῷ
420 3346 521 3389 τῶν
549 3336 598 3389 ἐν
627 3338 760 3397 αὐτῆ
791 3345 1080 3414 προεστῶτι
1137 3339 1209 3399 εἰς
1247 3338 1368 3409 ὅφιν
1419 3338 1578 3406 ἔλθοι,
1637 3344 1808 3391 πεσών

1973 3353 1990 3402 t
2007 3351 2208 3403 autem
2226 3346 2303 3402 ad
2321 3345 2476 3401 illius
2494 3346 2926 3402 monasterium
2939 3342 3164 3415 (lauras
3183 3342 3451 3416 plerique
3486 3358 3581 3399 so-

193 3430 302 3498 πρό
330 3434 432 3478 τῶν
459 3426 655 3479 ἐκεῖνον
689 3424 888 3492 ποδῶν,
915 3436 987 3497 τῷ
1016 3430 1158 3500 παρά
1208 3437 1281 3498 τῷ
1338 3427 1636 3500 Εὑαγγιλὶῳ
1694 3428 1806 3480 ἐαυτ-

1961 3436 2391 3492 :ntistiusmodi
2416 3435 2547 3491 loca
2568 3435 2904 3506 nominare)
2923 3439 3102 3506 atque
3121 3434 3576 3505 inconspectum

194 3519 289 3566 τόν
319 3513 611 3568 ἀπολωλότι
663 3515 907 3590 προϐάτῳ
965 3518 1331 3592 προσεὶχαςεν,
1377 3515 1690 3589 ἀφαρπάσαι
1753 3536 1808 3569 τε

1961 3525 2155 3580 bbatis
2172 3525 2352 3590 venit,
2383 3524 2461 3579 ad
2475 3525 2523 3596 ej
2537 3541 2602 3579 us
2620 3523 2807 3596 pedes
2829 3522 3172 3594 procidcns,
3191 3521 3424 3577 similen
3446 3537 3576 3577 sese

193 3611 293 3656 τοῦ
322 3613 514 3661 νοητοῦ
541 3601 907 3658 κατιδυσὼπει
942 3608 1117 3678 θηρός,
1151 3612 1242 3659 καί
1281 3614 1342 3665 τῆ
1408 3603 1522 3677 ὶδιᾳ
1584 3605 1806 3664 ἐνσηκά-

1964 3613 2185 3669 xhibuit
2223 3613 2380 3670 ovilli
2417 3613 2480 3668 in
2506 3612 2818 3682 evangelio
2851 3611 3118 3683 perditae,
3133 3610 3484 3683 supplicans
3513 3613 3579 3666 ut

200 3711 297 3749 σαι
354 3690 568 3766 μάνδρᾳ
619 3697 754 3747 πάνυ
808 3695 1036 3768 λιπαρῶς
1087 3697 1403 3762 καθικὶτευε,
1489 3691 1630 3768 μηδέ
1684 3698 1806 3757 τούς

1961 3701 2226 3774 pirituale
2253 3701 2478 3758 ostium
2503 3699 2955 3773 apprehendere
2975 3699 3087 3755 sibi
3111 3699 3332 3766 liceret,
3351 3703 3407 3753 et
3429 3698 3490 3754 in
3512 3697 3576 3754 ill-

197 3782 500 3854 ὀφθαλμούς
531 3783 601 3845 εἰς
641 3784 888 3859 οὐρανούς
936 3782 1059 3857 ἆραι
1110 3785 1329 3857 τολμῶν,
1382 3787 1452 3846 ὡς
1509 3786 1534 3836 ὁ
1587 3794 1658 3856 τῷ
1707 3792 1807 3837 Σωο

1964 3808 2030 3846 us
2065 3790 2376 3862 proprium
2403 3790 2555 3845 ovile
2576 3789 2792 3861 recipi;
2815 3788 3052 3844 interim
3071 3804 3210 3844 vero
3237 3803 3346 3843 nec
3367 3785 3574 3844 oculos

197 3880 325 3945 τῆρι
351 3871 719 3946 παραϐολικῶς
767 3872 1194 3934 ἐπεισκυκληθείς
1247 3873 1486 3938 τελώνης,
1541 3879 1631 3925 καί
1677 3879 1808 3947 πρὸς

1961 3880 2182 3936 udebat
2221 3879 2418 3934 levare
2449 3880 2509 3934 in
2539 3879 2779 3944 coelum,
2816 3877 3064 3934 sicutille
3096 3878 3158 3932 in
3190 3875 3496 3949 parabolis
3537 3893 3574 3934 a

196 3965 475 4031 μιτανοὶας
499 3957 844 4032 σχιδιασθιίς
902 3965 1060 4024 ὅντως
1103 3964 1467 4036 ὑπογραμμὸν,
1514 3967 1604 4014 καί
1659 3961 1806 4036 άτρε-

1960 3970 2223 4026 alvatore
2243 3973 2612 4024 memoratus
2633 3969 3010 4041 publicanus,
3027 3967 3490 4039 propositusque
3510 3965 3571 4021 in

192 4057 331 4110 ποῦς
361 4053 524 4102 τὺπον
582 4049 979 4123 ὶξαγοριύσιως
1035 4056 1127 4103 καί
1183 4055 1351 4103 ταῦτά
1402 4054 1463 4122 γὲ
1517 4071 1617 4118 τις,
1673 4054 1700 4103 6
1755 4051 1805 4116 ἐξ

1952 4058 2259 4130 xemplum
2280 4059 2640 4130 poenitentiae
2672 4063 2850 4130 atque
2877 4057 3122 4112 sincerae
3143 4054 3567 4126 confessionis;

192 4137 404 4210 ὀνύχων
436 4138 646 4191 ἁπαλῶν
674 4141 903 4213 καθαρὸς
950 4145 1040 4192 καί
1093 4139 1193 4193 ἀπὸ
1245 4143 1504 4212 γενίισιως.
1564 4139 1632 4192 Ὠ
1681 4161 1806 4215 καρ-

1958 4148 2095 4221 lque
2116 4164 2256 4203 cum
2289 4163 2322 4202 a
2352 4148 2586 4213 teneris,
2620 4147 2704 4202 uti
2749 4146 2982 4212 dicitur,
3037 4143 3376 4216 unguiculis
3415 4145 3573 4217 ipsa-

192 4224 320 4289 δὶας
376 4228 856 4301 συντετριμμὶνηςι
913 4230 953 4280 ὦ
984 4232 1269 4302 πνευματος
1321 4233 1753 4302 τπαπεινωμένου
1787 4233 1798 4286 Ι

1959 4253 2032 4293 ue
2063 4237 2369 4293 nativitate
2414 4253 2602 4309 purus
2643 4235 2834 4292 fuerit.
2895 4237 2938 4292 Ο
2988 4251 3091 4290 cor
3137 4232 3493 4298 contritum!
3534 4249 3571 4294 o

191 4318 233 4368 ὦ
263 4317 460 4389 ψυχῆς
506 4323 635 4372 Θεὸν
683 4319 913 4392 ὁρώσης,
967 4323 1089 4371 Θιὸν
1143 4320 1532 4391 φανταζομὶνης
1585 4319 1710 4373 nisi!
1763 4320 1802 4372 ὢ

1951 4328 2190 4401 piritum
2230 4326 2611 4383 humiliatum
2643 4327 2655 4382 ι
2689 4343 2724 4383 o
2748 4326 3015 4382 animam
3035 4328 3221 4380 Deum
3242 4324 3566 4393 videntem,

191 4405 387 4478 ψυχῆς
418 4411 512 4464 τήν
555 4405 854 4459 άνεὶχαστον
905 4415 1040 4460 Θεοῦ
1082 4405 1240 4470 δόξαν
1289 4409 1652 4471 άναπολούσης
1709 4407 1803 4462 διά

1955 4434 2103 4472 leum
2137 4432 2373 4490 semper
2395 4415 2756 4485 cogitantem
2789 4415 2802 4472 !
2835 4431 2872 4471 ο
2902 4415 3171 4471 animam
3198 4413 3416 4469 divinae
3447 4415 3570 4484 glo-

191 4500 408 4561 παντὸς,
441 4501 532 4547 καί
557 4500 690 4568 μονα
726 4499 791 4548 τά
842 4495 1036 4549 ἐκείνου
1098 4494 1470 4570 διανοουμὶνης
1526 4495 1796 4568 διηνικῶς,

1953 4507 2013 4561 iae
2047 4523 2284 4578 semper
2313 4505 2623 4570 intentam,
2657 4521 2848 4577 eaque
2871 4504 3000 4560 sola
3037 4507 3404 4576 spectantem
3431 4519 3568 4576 qua:

191 4589 285 4637 καί
326 4583 534 4657 άμὲσως
565 4584 742 4657 ἀμὲσῳ
801 4588 880 4638 νοΐ
949 4591 1340 4659 συναπτομὲνης
1371 4597 1443 4658 τῷ
1503 4594 1689 4661 πρώτῳ
1732 4599 1801 4660 νῷ

1952 4595 2052 4650 luc
2077 4594 2441 4663 conducunt,
2477 4594 2781 4665 meritique
2818 4593 2902 4648 illi
2927 4593 3136 4664 prima
3167 4607 3238 4648 ac
3275 4591 3567 4649 mentium

189 4679 284 4726 καί
336 4681 426 4725 νῦν
475 4673 785 4747 ἐνσωμάτων
823 4680 913 4726 καί
977 4674 1267 4746 ἀσωμάτων
1323 4672 1680 4751 δημιουργῷῑ
1735 4678 1803 4731 Ὢ.

1952 4699 2337 4756 orporearum
2365 4699 2536 4756 aeque
2566 4700 2638 4739 ac
2670 4684 3162 4755 incorporearum
3209 4679 3410 4754 opiﬁci
3459 4681 3567 4736 im-

189 4762 381 4834 ψυχῆς
408 4762 456 4825 ἐς
514 4763 815 4821 τηλικοῦτον
874 4759 1182 4836 διαρθιὶσης
1225 4763 1277 4826 ἐξ
1325 4768 1532 4839 ἀρετῆς,
1589 4772 1677 4818 καί
1732 4768 1802 4830 εἰς

1952 4772 2229 4828 rediatius
2247 4773 2637 4828 inhaerentem
2659 4772 2672 4828 !
2693 4789 2728 4828 ο
2753 4772 3018 4828 animam
3046 4776 3168 4827 tam
3198 4769 3437 4826 excelsa
3455 4769 3567 4826 vir-

189 4860 447 4904 τοσοῦτον
475 4853 878 4913 ὑποπιπτοὺσης
933 4852 990 4904 ἐκ
1037 4857 1408 4919 ταπεινώσεως,
1465 4861 1556 4905 καί
1621 4858 1688 4917 ὡς
1743 4861 1800 4908 τό

1951 4867 2035 4916 ,ηε
2049 4857 2612 4930 evectam,tam,tam
2629 4859 2928 4933 profunda
2951 4859 3288 4916 humilitate
3317 4858 3566 4931 depres-

190 4938 362 5012 μηδέν
440 4941 628 5000 ἑαυτήν
709 4941 1056 5016 ἀχρειοῦσης,
1136 4941 1552 5017 θριαμϐιυοὺσης
1605 4962 1659 4994 τι
1711 4949 1801 4995 καί

1953 4955 2125 5020 am,ut
2139 4951 2661 5023 sequasiinutilem
2676 4949 2754 5006 ad
2767 4949 2963 5006 omnia
2974 4949 3313 5006 existimans
3323 4947 3398 5004 de
3418 4948 3568 5019 seip-

190 5030 610 5092 στηλιτευοὺσης
691 5033 864 5106 ὥσπερ
945 5031 1336 5104 ἐξαμαρτοῦσαν
1439 5029 1704 5090 ἀνήκεστα
1782 5035 1795 5089 Ι

1950 5055 1983 5094 a
1997 5039 2390 5112 triumpharit,
2407 5055 2591 5112 seque
2606 5045 2668 5095 ut
2679 5039 3171 5112 gravissimorum
3187 5042 3565 5112 peccatorum

1909 5145 2073 5185 ream
2100 5128 2425 5184 traduxerit
2451 5129 2463 5183 Ι

259 5261 350 5318 λε’.
389 5262 529 5322 Πλήν
562 5262 688 5316 ἀλλά
718 5273 778 5323 τῆ
805 5272 896 5316 τοῦ
935 5263 1162 5337 μεγάλου
1195 5263 1334 5316 Σάϐα
1361 5272 1490 5338 μονῆ
1549 5266 1573 5316 ὁ
1632 5268 1797 5338 μὲγας

1981 5274 2072 5325 35.
2106 5273 2258 5340 Ergo
2280 5269 2340 5325 in
2370 5269 2577 5339 magni
2607 5269 2780 5325 Saba:
2805 5269 3038 5326 lauram
3069 5286 3331 5341 magnus
3386 5273 3565 5328 Joan-

185 5353 429 5413 Ἰωάννης
459 5353 858 5427 προσειληπται,
893 5356 918 5405 6
951 5356 1071 5406 ὅσον
1108 5351 1314 5407 οὗὸὲπω
1356 5359 1587 5426 συχνούς
1640 5358 1793 5430 ὑπερ-

1953 5373 2015 5413 es
2043 5363 2310 5430 receptus
2334 5362 2444 5424 est,
2477 5359 2654 5430 quasi
2674 5359 2779 5430 qui
2804 5358 3064 5414 necdum
3086 5359 3304 5415 multos
3341 5376 3565 5434 eosque

187 5441 442 5495 ϐαλὲσθαι
495 5443 686 5516 μὶλλων
731 5449 821 5495 καί
873 5452 970 5496 τῶν
1020 5444 1252 5516 μεγάλων
1311 5445 1383 5506 εἰς
1435 5444 1637 5518 ἀρετὴν.
1694 5451 1794 5499 Καὶ

1950 5462 1966 5501 ι
1989 5446 2200 5502 virtute
2226 5451 2577 5519 priestantes
2605 5451 2967 5517 superasset.
2989 5447 3324 5503 Monasterii
3362 5454 3565 5505 autem

184 5540 314 5604 γοῦν
338 5535 364 5585 6
402 5540 476 5603 τῷ
507 5536 622 5586 τότε
643 5541 740 5594 τῆς
769 5542 928 5605 μονῆς
981 5542 1288 5605 προστατῶν
1342 5537 1465 5595 τούς
1528 5539 1792 5609 προῦχον-

1951 5535 2224 5591 raefectus
2284 5535 2685 5590 monchorum
2752 5535 3088 5608 praecipuos
3153 5539 3436 5593 accersit:
3493 5554 3565 5596 ac

185 5641 284 5685 τας
311 5631 413 5675 τῶν
439 5631 686 5695 μοναχῶν
735 5626 1141 5695 μιταπὶμπεται·
1191 5629 1281 5674 καί
1332 5631 1516 5696 πρῶτα
1567 5629 1657 5696 μέν
1716 5632 1790 5697 τῷ

1954 5624 2097 5680 rimo
2117 5624 2363 5696 quidem
2385 5623 2459 5687 ei,
2485 5623 2591 5696 qui
2613 5629 2752 5680 ante
2777 5623 2928 5680 alios
2948 5626 3256 5696 ingressus
3311 5627 3569 5694 astabat,

184 5716 289 5787 πρὸ
312 5719 414 5764 τῶν
439 5711 602 5764 ἀλλων
633 5716 723 5763 καί
748 5712 963 5765 εἰσιόντι
1005 5716 1096 5763 καί
1153 5714 1334 5766 στάντε.
1383 5717 1477 5770 τήν
1532 5720 1627 5766 τοῦ
1672 5719 1788 5773 νεη-

1956 5713 2395 5785 iraminjungit
2413 5713 2643 5784 novitii,
2673 5729 2857 5786 quem
2907 5715 2960 5772 ei
3011 5716 3422 5786 monstrabat,
3478 5731 3571 5792 ge,
