4090 6392
307 349 414 408 857

1522 353 1595 413 IN
1625 353 1697 421 S.
1717 354 1922 415 JOAN.
1961 356 2467 419 DAMASCENUM.

3572 363 3679 421 838

304 476 431 551 πρὸς
493 475 554 532 τὸ
618 479 872 552 κρεῖττον,
912 478 1002 536 καὶ
1066 476 1349 554 μεταϐάλοι
1416 480 1550 555 πρὸς
1604 482 1665 537 τὸ
1724 482 1910 539 θειότε-

2021 483 2150 553 tias,
2183 498 2444 558 quaeque
2479 481 2573 539 his
2624 481 2903 555 subjectae
2956 485 3097 542 sunt
3149 485 3542 560 spectantque
3598 485 3680 543 ad

303 586 415 642 ρον.

374 743 472 808 λζ’.
506 743 662 799 Ἀλλά
683 748 756 820 μὴ
792 746 1039 821 θαυμάσῃ
1069 767 1150 811 τις
1208 749 1348 814 ὅπως
1401 747 1505 824 ἆρα
1564 753 1656 804 καὶ
1685 748 1910 806 ἐπαιδα-

301 838 466 908 γώγει
492 837 580 889 τὸν
601 833 810 907 τέλειον,
842 840 931 892 καὶ
959 839 1047 890 τὸν
1080 837 1240 913 ἄκρον
1302 838 1635 913 κατήρτιζενο
1705 840 1749 895 εἰ
1806 842 1909 916 γὰρ

298 927 390 981 καὶ
431 927 594 997 μέγας
623 924 837 982 αὐτόθεν
875 927 902 980 ὁ
955 926 1196 989 Ἰωάννης
1250 925 1533 1001 ἐτύγχανεν
1597 932 1686 997 ὤν,
1754 934 1913 1003 σοφίᾳ

298 1017 714 1088 πεπυκνωμένος,
770 1018 860 1070 καὶ
916 1013 1071 1091 ἀρετῇ
1147 1035 1556 1091 κεκοσμημενος,
1616 1023 1705 1072 καὶ
1779 1018 1914 1091 ὑψη-

295 1102 385 1167 λὸς
412 1101 604 1177 ἀμφοῖν
632 1108 724 1160 καὶ
755 1105 1045 1168 θεσπέσιοςο
1077 1103 1185 1158 ἀλλ’
1222 1109 1338 1161 ἔστι
1384 1127 1466 1170 τις
1525 1112 1615 1160 καὶ
1673 1105 1912 1171 ἐπίδοσις

293 1198 392 1249 τοῦ
422 1191 604 1260 καλοῦ,
644 1196 736 1250 καὶ
789 1201 881 1249 τοῦ
933 1193 1127 1250 τελείου
1186 1198 1381 1268 πέφυκε
1442 1196 1761 1274 τελεώτερον,
1820 1204 1911 1252 καὶ

294 1288 394 1335 τοῦ
433 1278 705 1355 διασήμου
733 1286 1180 1360 περιφανέστερον.
1234 1284 1346 1338 Οὐκ
1412 1283 1627 1349 ἀπεικὸς
1692 1282 1753 1341 δὲ
1818 1292 1910 1341 καὶ

297 1373 387 1425 τὸν
414 1370 662 1424 ἁπλοϊκὸν
690 1375 929 1448 γέροντα,
960 1381 1060 1427 τῶν
1089 1377 1190 1447 πρὸ
1225 1380 1319 1428 τοῦ
1385 1379 1456 1447 μὴ
1528 1378 1765 1445 συνεντα,
1841 1378 1911 1439 ὡς

302 1465 375 1535 μὴ
403 1458 830 1535 ἀκριϐωσάμενόν
859 1482 969 1526 πως
1005 1467 1036 1522 ἤ
1078 1468 1169 1516 καὶ
1229 1464 1484 1527 παντελῶς
1545 1464 1907 1537 ἀλογήσανπα,

301 1552 371 1612 ὡς
398 1558 499 1603 τῶν
537 1569 656 1604 τινα
689 1548 1052 1628 παιδοτριϐεῖν
1092 1551 1301 1626 ἀτελῶν,
1359 1559 1451 1609 καὶ
1522 1557 1661 1608 κατά
1722 1558 1910 1630 μικρὸν

300 1640 420 1695 οἷάν
494 1636 693 1714 ἐνάγειν
754 1644 882 1715 πρὸς
946 1641 1261 1702 τελειότητα.
1326 1643 1549 1707 Κολάξει
1584 1648 1756 1698 τοίνυν
1819 1650 1909 1706 τήν

294 1726 574 1798 αἴσθησιν,
599 1729 725 1803 μηθ’
766 1731 890 1807 ὁρᾷν
926 1736 1233 1808 περιέργως,
1273 1732 1396 1807 μήτ’
1461 1731 1664 1787 ἀκούειν
1730 1730 1912 1792 ἔνηδὸ-

2016 574 2253 632 tertiam
2271 572 2748 650 deterioremque
2770 572 3032 631 hominis
3061 580 3316 648 partem,
3345 576 3502 650 parti
3533 575 3678 635 sub-

2013 663 2180 737 jiciat
2208 662 2440 720 meliori
2461 666 2644 736 atque
2683 662 2764 719 ad
2798 662 3096 737 diviniora
3127 665 3463 724 transferat.

2088 755 2393 827 37.Atque
2453 752 2554 809 hic
2614 736 2870 810 fortasse
2897 752 3217 813 mirabitur
3245 754 3482 828 aliquis,
3522 769 3679 830 quo-

2018 841 2204 900 modo
2226 842 2558 916 perfectum
2583 841 2712 913 jam
2740 841 2940 898 virum
2967 841 3184 900 docere
3226 845 3683 917 praesumpserit

2021 947 2226 1002 senex,
2265 936 2324 989 et
2354 932 2485 1004 jam
2524 947 2836 989 summum
2864 931 3150 1005 perﬁcere
3187 932 3389 990 adhuc
3443 934 3680 1006 magis;

2019 1022 2237 1080 etenim
2264 1037 2375 1097 per
2401 1022 2671 1096 seipsum
2700 1036 2966 1093 magnus
3016 1025 3145 1079 erat
3186 1024 3446 1080 Joannes
3474 1025 3684 1097 utpote

2016 1113 2232 1186 plenus
2289 1112 2601 1186 sapientia,
2675 1099 2924 1169 ornatus
2996 1112 3212 1170 virtute
3273 1118 3332 1170 et
3403 1113 3682 1187 utrinque

2016 1202 2374 1260 venerabilis
2402 1218 2591 1276 quam
2608 1202 2712 1275 qui
2735 1202 3020 1265 maxime.
3046 1204 3473 1260 Verumtamen
3503 1202 3684 1275 adjici

2019 1307 2259 1364 semper
2278 1291 2507 1365 aliquid
2534 1294 2734 1365 potest
2760 1291 2839 1348 ad
2872 1290 3123 1356 bonum,
3154 1294 3214 1349 et
3259 1290 3521 1366 perfecto
3550 1306 3682 1366 per-

2015 1379 2250 1451 fectius,
2281 1379 2576 1455 praeclaro
2604 1379 2951 1454 prmelarius
2990 1378 3313 1438 invenitur.
3344 1383 3474 1438 Non
3501 1381 3683 1453 igitur

2016 1470 2422 1540 incongruum
2449 1468 2561 1527 fuit
2586 1468 2756 1542 quod
2785 1468 3041 1542 simplex
3065 1469 3164 1526 hic
3194 1483 3400 1541 senex,
3429 1469 3681 1541 ignarus

2016 1556 2452 1630 praeteritorum
2476 1555 2568 1630 (ut
2600 1556 2707 1629 qui
2743 1571 2816 1614 ea
2873 1572 2986 1614 nec
3038 1559 3333 1614 scrutatus
3386 1560 3515 1615 erat
3564 1556 3682 1613 for-

2018 1650 2175 1704 tasse
2212 1661 2325 1703 nec
2351 1645 2501 1703 scire
2531 1646 2867 1717 curaverat)
2894 1645 3212 1703 instituerit
3235 1661 3398 1717 eum,
3418 1645 3582 1704 velut
3604 1659 3681 1703 ex

2014 1734 2556 1809 impcrfectioribus
2575 1734 2861 1809 aliquem,
2885 1734 3178 1808 paulatim
3198 1735 3278 1792 ad
3297 1734 3530 1792 virtutis
3549 1748 3681 1808 per-

291 1838 417 1889 νως,
447 1819 529 1872 ὅτι
556 1823 628 1892 μὴ
651 1824 770 1895 περὶ
799 1827 935 1876 Θεοῦ
970 1826 1062 1875 καὶ
1094 1829 1195 1874 τῶν
1263 1823 1409 1876 θείων
1473 1821 1754 1895 ἐγκελευσά
1811 1842 1907 1896 με-

2021 1823 2334 1882 t‘ectionem
2363 1823 2731 1881 inducenda.
2758 1824 3020 1895 Castigat
3043 1824 3248 1899 itaque
3276 1839 3492 1882 sensus
3521 1824 3678 1896 ejus,

290 1927 402 1973 νος,
431 1904 572 1981 μηδε
598 1907 935 1982 λιχνεύεσθαί
963 1930 1073 1974 πως
1098 1916 1218 1986 περὶ
1241 1916 1329 1970 τὴν
1388 1918 1571 1984 γεῦσιν
1632 1913 1768 1966 ὥστε
1836 1908 1904 1972 δὴ

288 1993 709 2058 καθηδύνεσθαι·
750 1997 857 2052 ἀλλ’
907 2001 1029 2054 ὅσον
1081 2020 1143 2073 γε
1195 2002 1397 2075 ἀποζῇν
1453 2002 1761 2076 τρὶφεσθαι,
1811 2005 1908 2074 μέ-

289 2089 550 2159 μνημένον
579 2094 686 2147 τῆσ
720 2088 1087 2162 παραϐάσεως,
1142 2094 1230 2143 καὶ
1283 2098 1375 2152 τῆς
1435 2089 1626 2145 ἐκεῖθεν
1677 2086 1772 2143 δὶα
1813 2094 1909 2151 τὴν

287 2175 531 2249 λιχνείαν
604 2185 706 2240 τῶς
767 2178 1057 2234 καλλίστων
1131 2177 1459 2249 ἐκπτώσεως,
1527 2188 1619 2242 τῆς
1670 2178 1910 2254 ἀκράτου

295 2261 563 2325 δήπουθεν
624 2268 820 2331 ἱκείνης
893 2276 1114 2343 τρυφῆς,
1192 2273 1283 2323 καὶ
1346 2277 1440 2332 τῆς
1514 2267 1783 2343 ἀφράστου
1855 2289 1914 2343 γε

292 2351 517 2418 ἡδονῆς·
553 2358 680 2432 πρὸς
711 2353 770 2410 δι
799 2359 953 2411 τὰσιν
1005 2362 1189 2434 χειρὸς
1242 2358 1536 2413 συστέλλειν
1592 2357 1909 2433 παράλογον,

293 2448 388 2497 καὶ
455 2443 589 2516 ἁφῆς
650 2449 891 2519 κατέχειν
956 2451 1017 2501 τὸ
1082 2449 1277 2514 ἄνετον,
1338 2448 1409 2512 εἰς
1473 2454 1592 2501 νοῦν
1660 2443 1915 2511 διηνεκῶς

293 2534 497 2605 ἄγοντα
520 2532 661 2587 τὸέκ
690 2541 782 2589 τοῦ
850 2535 1122 2612 τολμηρῶς
1183 2536 1431 2609 ἅψασθαι
1486 2556 1588 2592 των
1651 2540 1917 2611 προπατό-

289 2641 400 2698 ρων
431 2621 715 2697 ὀλίσθημα·
758 2623 947 2679 ἀνθέων
976 2644 1031 2680 τε
1082 2630 1173 2679 καὶ
1233 2628 1407 2702 μύρων
1461 2623 1628 2700 ὀδμάς
1684 2623 1915 2700 ἀποπέμο

290 2712 493 2765 πεσθαι
515 2717 731 2785 μονονοὺ
794 2711 1084 2779 διαπαντὸς
1139 2722 1240 2770 τῶν
1311 2714 1361 2769 ἐν
1429 2711 1586 2790 Ἐδὶμ
1639 2714 1913 2791 ὀσφραινό-

292 2819 470 2874 μενον,
501 2799 745 2855 κάκείνων
779 2802 1046 2877 ἐπιτυχεῖν
1104 2803 1382 2879 ἐφιέμενον.

2014 1916 2082 1970 ut
2107 1916 2412 1971 assuescat
2434 1928 2632 1987 neque
2658 1912 3035 1986 superﬂuum
3085 1912 3289 1970 videre
3341 1912 3680 1987 quidpiam,

2015 2017 2127 2060 nec
2154 2001 2513 2060 deliciosum
2542 2002 2771 2074 audire,
2799 2001 2918 2059 nisi
2952 2003 3054 2060 Dei
3080 2001 3178 2061 vel
3214 2016 3418 2059 rerum
3448 2001 3679 2060 divina-

2014 2106 2154 2149 rum
2180 2107 2389 2160 causa,
2418 2107 2617 2166 neque
2643 2090 2801 2163 gulae
2839 2090 3070 2165 aliquid
3098 2090 3409 2163 indulgere
3436 2104 3544 2165 per
3572 2104 3682 2163 gu-

2018 2184 2177 2239 stum
2196 2180 2519 2255 voluptatis
2540 2197 2721 2254 ergo:
2754 2180 2862 2238 sed
2900 2179 3099 2239 solum
3155 2180 3470 2239 comedere
3513 2179 3683 2254 quod

2018 2270 2100 2328 ad
2126 2270 2415 2329 tuendam
2440 2270 2628 2329 vitam
2684 2271 2761 2328 sit
2813 2271 2982 2339 satis,
3036 2285 3371 2329 memorem
3418 2270 3682 2344 antiquae

2018 2359 2536 2431 transgressionis,
2566 2363 2624 2417 et
2659 2359 2972 2434 quomodo
3000 2375 3109 2434 per
3145 2359 3351 2431 gulam
3400 2358 3685 2416 maximis

2018 2448 2199 2507 bonis
2227 2448 2371 2507 olim
2396 2448 2813 2519 exciderimus;
2837 2449 3200 2521 cogitantem
3223 2449 3404 2508 etiam
3424 2448 3685 2505 sinceras

2020 2538 2266 2596 alterius
2321 2538 2459 2596 vitae
2519 2537 2767 2597 delicias
2824 2538 3281 2613 ineﬁabilesque
3327 2539 3686 2612 voluptates.

2023 2627 2271 2685 Vetabat
2298 2643 2545 2702 quoque
2565 2628 2661 2685 vel
2689 2643 2945 2686 manum
2969 2627 3291 2686 extendere
3347 2627 3688 2685 inconside-

2020 2719 2147 2774 rate
2171 2716 2267 2774 vel
2286 2716 2516 2792 aliquid
2543 2716 2724 2775 molle
2742 2717 3106 2788 contingere,
3157 2731 3284 2790 prae
3338 2716 3529 2774 oculis
3579 2716 3686 2774 ha~

2020 2803 2266 2863 bentem
2293 2806 2535 2863 ruinam
2573 2805 3083 2879 protoplastorum
3104 2821 3178 2864 ex
3209 2805 3520 2863 audaciori
3541 2819 3685 2862 con-

293 2893 461 2947 tactu
483 2893 712 2948 natam.
742 2891 979 2950 Florum
1007 2892 1226 2951 deinde
1254 2896 1437 2968 atque
1462 2897 1914 2965 unguentorum
1934 2891 2151 2951 odores
2174 2894 2429 2966 jubebat
2465 2894 2766 2966 ablegare,
2825 2894 2956 2953 sola
2999 2898 3200 2953 mente
3252 2907 3492 2968 semper
3538 2893 3688 2953 olta'

299 2978 552 3037 cientem
583 2980 851 3053 paradisi
879 2981 1298 3054 fragrantiam,
1332 2987 1513 3059 atque
1531 2983 1648 3042 hac
1675 2983 1795 3042 frui
1815 2981 1992 3040 unice
2021 2984 2386 3058 cupientem.

372 3066 468 3129 λη’.
500 3073 601 3123 Καὶ
630 3074 785 3125 ταυτὶ
849 3074 940 3145 μεν
984 3077 1104 3147 περὶ
1176 3073 1474 3137 αἰσθήσεως
1551 3078 1642 3128 καὶ
1694 3073 1911 3132 αἰσθητη

2093 3077 2179 3132 38.
2205 3077 2273 3132 Et
2299 3074 2431 3131 haec
2451 3074 2699 3148 quidem
2729 3074 2890 3133 circa
2946 3090 3159 3133 sensus
3207 3088 3540 3148 eorumque
3588 3088 3684 3131 or-

294 3160 427 3232 ρίων
452 3158 482 3212 ὁ
522 3161 709 3232 σεμνὸς
762 3158 950 3225 ἐκεῖνος
1012 3165 1176 3238 γέρων
1231 3167 1322 3216 καὶ
1368 3170 1662 3237 πρακτικῆς
1710 3161 1916 3235 φιλοσο-

298 3251 425 3321 φίας
464 3245 863 3314 ἐπηϐολώτατος
899 3258 973 3324 τῷ
1031 3252 1097 3304 τὰ
1156 3255 1329 3305 πάντα
1396 3254 1488 3325 μεν
1545 3252 1764 3324 εὐηκόῳ,
1812 3249 1916 3305 κάκ

294 3339 493 3391 τοὺτου
550 3334 777 3411 ἀμαθίας
843 3340 1010 3416 ἄκρας
1085 3340 1366 3416 ὑποκριτῇ,
1440 3348 1504 3415 τῇ
1584 3338 1639 3396 δ’
1698 3340 1916 3413 ἀληθείᾳ

301 3428 526 3499 θεωρίας
577 3428 709 3500 ὁμοῦ
745 3428 940 3493 τελείας
1003 3434 1095 3483 καὶ
1160 3431 1396 3507 πράξεως
1457 3430 1764 3505 ἐπιμελητῇ,
1829 3450 1909 3484 σο-

297 3521 519 3590 φώτατα
550 3514 813 3590 ἐπέσκηψε
849 3520 1082 3593 μαθητῇο
1124 3524 1245 3596 περὶ
1319 3517 1379 3574 δὴ
1444 3527 1797 3593 φανταστικοῦ
1861 3539 1916 3573 τε

294 3610 391 3659 καὶ
424 3607 717 3680 φαντασίας
738 3615 826 3662 τοῦ
856 3612 1153 3669 παθητικοῦ
1183 3607 1322 3671 δῆτα
1382 3614 1498 3673 νοὸς
1563 3615 1754 3679 onata;
1827 3610 1914 3674 Ὠς

296 3694 415 3750 λίαν
442 3699 742 3772 θαυμαστὰ,
776 3704 865 3752 καὶ
889 3703 1052 3773 μὸνης
1088 3707 1187 3763 τῆς
1241 3708 1335 3754 τοῦ
1400 3700 1626 3774 μεγάλου
1681 3699 1916 3773 γλώττης

299 3782 543 3859 δεόμενα,
612 3795 705 3841 τοῦ
770 3792 1202 3863 πρακτικωτάτου
1269 3794 1356 3844 καὶ
1428 3792 1911 3864 θεωρητικωτάτου,

297 3880 392 3929 καὶ
449 3884 515 3950 τῇ
579 3877 694 3930 κατ’
761 3878 916 3952 ἄμφω
969 3879 1249 3953 φιλοσοφίᾳ
1302 3878 1555 3956 λαμπρῶς
1605 3878 1915 3954 ὑπερϐαλόνο

300 3983 392 4028 τος
421 3970 513 4018 καὶ
542 3969 664 4030 τοὺς
694 3974 783 4021 νῦν
823 3969 954 4042 ὁμοῦ
1019 3973 1109 4023 καὶ
1176 3972 1298 4030 τοὺς
1357 3974 1566 4022 πώποτε
1598 3990 1612 4003 ο
1642 3965 1825 4027 Μηδέν
1862 3989 1916 4022 τι

311 4054 539 4118 συνόλως
559 4063 661 4108 τῶν
688 4058 882 4129 γηίνων
935 4061 1026 4111 καὶ
1090 4054 1304 4112 ὑλωδῶν
1368 4061 1746 4133 παρηγγὺησεν
1795 4056 1914 4112 ἀνα-

305 4145 602 4217 ματτεσθαι
625 4166 639 4179 ·
670 4148 715 4200 εἴ
741 4165 795 4199 .ιι
824 4142 886 4200 δέ
911 4166 1019 4209 πως
1055 4151 1141 4200 καὶ
1205 4145 1621 4201 ἐναπολελειπταί
1680 4150 1730 4201 οἱ
1794 4146 1913 4201 ἀνα-

307 4233 641 4309 πολούμενον,
673 4234 950 4290 ἀποϐαλεῖν
975 4240 1034 4289 τὸ
1095 4239 1262 4310 τάχος
1334 4242 1425 4290 καί
1490 4233 1915 4313 διακρούσασθαι

307 4325 487 4392 (τοῦτο
507 4326 608 4401 γὰρ
639 4333 731 4387 τῆς
758 4332 860 4378 τῶν
910 4327 1271 4400 χθονιωτέρων
1328 4331 1614 4399 φαντασίας
1664 4327 1756 4380 καὶ
1816 4329 1916 4381 πά-

2020 3177 2181 3235 gana
2203 3164 2561 3221 venerabilis
2599 3163 2696 3221 ille
2757 3178 2942 3221 senex
2991 3168 3048 3222 et
3097 3163 3499 3238 philosophiae
3546 3178 3687 3237 pra-

2018 3252 2183 3309 ctice
2210 3253 2645 3335 scientissimus
2664 3253 2925 3311 docebat
2942 3253 3308 3328 discipulum
3347 3253 3428 3310 ad
3476 3252 3688 3310 omnia

2019 3341 2652 3417 obsequentissimum,
2675 3347 2733 3401 et
2768 3343 2917 3400 dum
2943 3358 3253 3401 summam
3280 3342 3690 3416 ignorantiam

2020 3430 2281 3498 simulat,
2306 3432 2555 3490 actionis
2583 3446 2757 3506 seque
2776 3448 2848 3490 ac
2900 3432 3326 3506 speculationis
3376 3432 3688 3506 perfectio-

2018 3536 2160 3578 nem
2182 3522 2393 3580 sedula
2419 3524 2809 3581 meditatione
2829 3528 3219 3581 consecutum
3244 3522 3687 3596 sapientissime

2019 3610 2297 3671 docebat.
2329 3614 2469 3679 Quae
2499 3617 2701 3670 autem
2729 3612 2888 3670 circa
2917 3612 3303 3686 phantasiam
3325 3612 3688 3684 phantasia:-

2019 3716 2138 3773 que
2171 3700 2468 3758 obnoxias
2497 3701 2686 3759 animi
2710 3702 3021 3776 passiones
3054 3700 3460 3776 praecipiebat,
3481 3701 3689 3774 qualia

2019 3789 2269 3847 demum
2292 3795 2462 3847 erant
2483 3791 2511 3847 ?
2542 3793 2686 3848 Vere
2714 3790 3098 3861 admiranda,
3127 3805 3388 3865 quaeque
3408 3793 3475 3846 ut
3498 3790 3686 3863 expli-

2020 3878 2144 3934 cari
2174 3879 2434 3952 possint,
2458 3884 2676 3950 egeant
2696 3880 2828 3952 ipsa
2856 3879 3067 3951 magni
3096 3879 3252 3935 illius
3291 3878 3403 3935 viri
3454 3876 3685 3949 lingua,

2020 3971 2225 4039 utpote
2252 3968 2316 4024 in
2341 3970 2515 4041 praxi
2545 3984 2617 4025 ac
2644 3969 2876 4027 theoria
2903 3968 3147 4039 summi,
3175 3968 3237 4024 in
3303 3982 3496 4040 eaque
3547 3981 3686 4039 quae

2021 4071 2095 4114 ex
2123 4055 2215 4112 his
2236 4057 2480 4114 duobus
2529 4058 2788 4129 exsurgit
2843 4057 3231 4132 philosophia
3293 4053 3686 4131 praecellentis

2020 4145 2335 4203 manifeste
2359 4147 2613 4219 cunctis,
2644 4148 2748 4220 qui
2779 4163 2851 4203 eo
2888 4150 3159 4219 tempore
3189 4150 3294 4203 aut
3345 4144 3525 4202 etiam
3581 4143 3688 4202 ali-

2019 4235 2272 4308 quando
2301 4236 2666 4294 exstiterunt.
2694 4236 3035 4311 Imperabat
3051 4235 3293 4306 scilicet,
3313 4239 3687 4293 terrenarum

2023 4330 2201 4398 atque
2228 4326 2628 4383 materialium
2666 4343 2867 4383 rerum
2898 4326 3046 4382 nulli
3076 4325 3327 4383 omnino
3355 4324 3690 4381 adverteret

308 4416 396 4477 θος
431 4418 524 4466 καί
587 4416 863 4481 σύστασις,
931 4420 1023 4469 κα)⁸
1091 4423 1186 4478 τῆς
1246 4416 1363 4470 κατ’
1430 4420 1595 4476 αὐτὴν
1660 4415 1911 4492 ἐνεργείας

2022 4415 2315 4483 animum,
2346 4416 2546 4489 siquid
2590 4431 2734 4473 vero
2763 4415 3067 4488 ejusmodi
3095 4414 3396 4488 reliquum
3426 4412 3481 4471 ei
3509 4416 3685 4483 esset,

304 4503 445 4558 τοῦτ’
485 4498 639 4566 αὖθις
678 4499 938 4575 διάλυσις)
963 4526 977 4539 ο
1019 4508 1153 4577 μόνα
1192 4500 1253 4559 δε
1291 4506 1647 4578 φαντάζεσθαι
1683 4508 1752 4559 τά
1787 4507 1914 4581 ὑπερ

303 4594 465 4666 ἡμᾶς,
583 4590 797 4645 κάκεῖνα
895 4594 1018 4647 ὄντα
1092 4589 1334 4656 δοξάζειν
1407 4596 1480 4657 ὡς
1589 4592 1914 4661 ἀκιάπτωτα,

300 4682 550 4736 κάκείνων
597 4681 811 4756 ἔξαρτᾴν
865 4687 959 4742 τὴν
1027 4679 1287 4753 διάνοιαν,
1339 4682 1585 4738 κάκείνων
1643 4683 1915 4761 ἐπιστηρί-

303 4772 491 4833 ζεσθαι
519 4792 532 4805 -
569 4771 632 4823 ἶν’
673 4775 811 4834 ὅπως
887 4770 943 4825 ἐκ
1015 4778 1108 4826 τοῦ
1183 4768 1406 4844 δυνάμει
1463 4780 1582 4826 νοῦν
1636 4778 1916 4847 πεφηνέναι

300 4859 529 4936 ἐνεργείᾳ
553 4862 718 4935 ταύτῃ
758 4866 878 4914 νοῦν
941 4859 1219 4934 ἀποφήνειε
1252 4881 1265 4895 ·
1330 4865 1418 4914 τόν
1485 4857 1537 4914 δ’
1597 4858 1662 4915 αὖ
1726 4861 1912 4918 ἐντελε-

297 4956 429 5023 χείᾳ
456 4956 575 5003 νοῦν
615 4948 968 5024 ἐνεργέστερον
1006 4958 1191 5025 μακρῷ
1229 4954 1320 5003 καὶ
1357 4950 1631 5025 θειότερον,
1690 4954 1755 5013 ὡς
1821 4955 1911 5006 τὸν

296 5042 509 5104 νοητὸν,
580 5038 790 5113 autem»;
863 5037 1357 5113 ἀντιλαμϐάνεσθαι,
1443 5036 1583 5112 μηδέ
1647 5058 1748 5092 τινι
1810 5049 1909 5094 τῶν

295 5127 685 5204 ὑποδεεστέρων
751 5125 1020 5202 δυνάμεων
1085 5134 1515 5202 κατασπώμενον,
1582 5130 1677 5190 τὰς
1742 5125 1908 5183 δ’ὑπ’

295 5216 439 5291 αὗτῷ
502 5219 680 5280 πάσας
753 5216 1028 5291 ἀνάγοντα,
1095 5222 1186 5271 καὶ
1244 5221 1375 5293 πρὸς
1444 5217 1624 5271 ἐαυτὸν
1674 5216 1905 5291 ἕλκοντα,

292 5312 385 5360 καὶ
419 5305 454 5360 δ
459 5308 493 5359 ι’
524 5308 682 5360 αὐτοῦ
719 5311 802 5359 καὶ
833 5312 927 5360 σὺν
958 5303 1100 5379 αῦτῷ
1138 5310 1269 5383 πρὸς
1341 5310 1471 5361 Θεὸν
1535 5312 1904 5383 μεταφέρονται.

1970 4503 1983 4563 Ϊ
2020 4505 2082 4562 id
2108 4505 2395 4562 continuo
2416 4510 2692 4563 enectum
2714 4507 2952 4578 ejiceret
2972 4510 3151 4578 atque
3208 4503 3553 4562 exturbaret
3602 4503 3687 4575 (in

2020 4597 2135 4653 hoc
2155 4594 2316 4651 enim
2342 4593 2617 4651 consistit
2631 4594 2836 4667 passio
2867 4594 3225 4669 pbantasise,
3247 4593 3406 4650 circa
3433 4606 3530 4649 res
3559 4605 3689 4648 ma-

2022 4685 2111 4756 gis
2132 4690 2397 4741 terrenas
2425 4682 2740 4754 versantis,
2770 4683 2971 4741 ethoc
2994 4682 3274 4740 virtutem
3330 4680 3529 4738 eidem
3580 4680 3686 4738 ad-

2019 4777 2364 4831 versantem
2390 4772 2705 4844 dissolvit),
2740 4772 2871 4830 sola
2890 4776 3093 4830 autem
3122 4787 3194 4830 ea
3215 4770 3541 4843 cogitando
3558 4769 3687 4827 vol-

2019 4867 2200 4931 veret,
2232 4878 2370 4936 quas
2392 4877 2578 4937 supra
2607 4877 2721 4918 nos
2746 4866 2885 4919 sunt
2910 4866 2967 4920 et
2992 4877 3131 4936 quae
3150 4877 3289 4919 vere
3323 4859 3683 4931 subsistunt,

2021 4959 2088 5011 ut
2114 4968 2253 5026 quae
2282 4951 2554 5009 excidere
2583 4957 2905 5025 nequeant,
2938 4952 3147 5023 magni
3168 4951 3424 5008 faceret:
3486 4949 3566 5007 ad
3613 4964 3687 5008 ea

2020 5042 2148 5100 sola
2178 5045 2438 5098 mentem
2479 5040 2766 5111 attollere,
2807 5041 2887 5097 ad
2929 5056 3001 5098 ea
3037 5039 3262 5098 conniti
3295 5038 3548 5112 jubebat
3575 5056 3590 5095 :
3621 5043 3686 5096 ut

2017 5131 2123 5205 qui
2150 5145 2259 5204 per
2304 5131 2581 5186 virtutem
2629 5129 2823 5186 factus
2875 5144 3009 5186 esse
3060 5129 3305 5201 spiritus
3341 5127 3682 5193 videbatur,

2016 5220 2212 5293 ipsam
2242 5235 2486 5292 quoque
2517 5219 2931 5292 operationem
2957 5216 3330 5291 spiritualem
3388 5222 3686 5274 monstra-

2014 5313 2103 5365 ret
2127 5308 2520 5380 animumque
2560 5311 2639 5364 ad
2668 5306 3097 5381 perfectionem
3137 5310 3413 5363 evectum
3464 5307 3685 5362 imme-

291 5395 453 5453 diate
487 5396 830 5469 susciperet,
855 5395 1251 5458 etiicaciorem
1283 5395 1472 5453 multo
1500 5400 1681 5469 atque
1710 5396 2090 5466 diviniorem,
2131 5400 2337 5470 utpote
2391 5395 2873 5465 intellectualem,
2934 5410 3132 5469 neque
3171 5394 3276 5451 ulli
3331 5393 3685 5452 interiorum

289 5484 646 5542 facultatum
670 5484 1023 5554 obnoxium,
1058 5484 1168 5542 sed
1204 5485 1315 5544 has
1345 5500 1559 5543 omnes
1590 5485 1921 5544 elevantem
1947 5490 2127 5562 atque
2157 5487 2492 5545 trahentem
2523 5485 2603 5544 ad
2632 5501 2715 5554 se,
2740 5489 2799 5543 et
2827 5500 2934 5559 per
2980 5500 3045 5542 se
3097 5500 3169 5542 ac
3228 5498 3437 5543 secum
3495 5489 3684 5541 trans~

288 5574 584 5631 ferentem
637 5574 718 5632 ad
741 5576 951 5631 Deum.

359 5662 443 5718 λθ.
482 5667 584 5717 Καὶ
646 5670 824 5717 ταῦτα
878 5667 969 5737 μὶν
1004 5665 1030 5717 ὃ
1056 5664 1214 5728 καλὸς
1267 5668 1434 5739 γέρων
1490 5667 1720 5725 ὑπέθηκε
1787 5684 1903 5719 νου·

2084 5670 2174 5727 39.
2199 5666 2362 5725 Talia
2387 5665 2771 5724 venerandus
2801 5664 2898 5722 ille
2926 5677 3110 5724 senex
3136 5662 3468 5739 prudenter
3498 5664 3681 5736 atque
