2045 3189
842 176 1074 207 consum-rm
1091 178 1329 209 ACROPOLITE.

1871 183 1922 212 860

245 236 367 281 cordate
377 238 559 273 suggerebat
566 238 804 276 injungebatque
815 247 870 268 suo
877 247 931 276 per
943 240 1072 275 gratiam

1131 244 1210 276 νεχῶς
1224 244 1269 268 καὶ
1284 241 1429 278 ἐπέσκηψεν
1449 242 1577 280 ἒμϐριϐῶς
1591 246 1628 278 τῷ
1658 243 1727 269 κατὰ
1760 244 1840 281 χάριν
1867 246 1923 280 υἱῷ,

245 280 318 315 ﬁlio,
332 282 400 310 licet
414 283 561 319 sapientia
585 291 662 312 cano
685 287 714 312 et
735 284 894 320 prudentia
919 285 993 318 seni,
1020 284 1073 321 qui

246 323 358 360 alioqui
373 325 462 353 etiam
476 333 495 354 a
509 333 605 361 puero
619 326 758 355 virtutem
776 327 834 355 sibi
859 327 951 355 veluti
981 326 1072 355 colla-

244 370 384 398 otaneam
399 372 429 398 et
443 370 555 406 ubique
569 370 748 399 familiarem
760 371 917 400 habuerat.
937 373 1072 408 insuper,

244 421 283 442 ns
296 421 328 442 se
340 415 465 443 omnino
475 415 590 452 aliquid
604 423 671 444 esse
693 418 812 453 putaret
834 424 928 453 seque
951 419 1074 453 propter

245 457 423 494 eloquentiae
438 459 551 488 cultum
566 460 727 494 extolleret,
743 461 863 489 vetabat
881 461 959 489 illius
981 461 1073 490 ullam

246 502 310 532 sive
322 510 468 538 magnam
481 504 543 532 sive
554 512 680 541 parvam
699 506 848 534 rationem
863 505 986 537 habere,
1021 506 1075 534 sed

246 546 326 575 foras
339 547 496 576 excludere
507 549 596 577 simul
611 557 645 578 ac
666 550 758 577 semel
788 550 937 587 quidquid
963 550 1074 578 didice-

246 593 293 619 rat
307 594 462 620 externum
475 595 564 629 atque
575 594 672 629 ipsam
684 595 771 622 etiam
790 595 966 622 memoriam
979 603 1075 630 quan-

247 637 310 663 tum
327 639 430 672 posset
448 637 602 666 eliminare
617 639 761 673 jubebut:
776 647 873 675 neque
896 639 991 667 solum
1016 647 1074 666 non

246 681 435 715 permittebat
450 682 563 718 aliquid
577 691 736 711 numerose
756 692 950 720 componere,
966 684 1009 711 vel
1027 692 1076 711 en—

247 725 352 753 comiis
368 726 538 754 historiisve
553 728 718 756 scribendis
747 737 863 762 vacare,
900 729 953 756 sed
980 736 1077 764 neque

246 768 403 804 epistolam
416 771 532 798 mittere
548 774 688 800 notorum
718 772 815 800 alicui.
847 773 912 800 Scio
936 773 1077 808 equidem

245 813 311 841 ὴωο
322 814 486 849 spiritualia
498 816 581 851 parvi
599 816 736 844 facienda
752 817 791 844 ab
807 817 962 853 imperitis,
992 817 1078 852 quasi

246 857 299 893 qui
311 857 348 885 de
363 860 512 894 mysteriis
527 860 693 896 disciplinae
721 869 838 889 arcanae
864 862 971 897 loquor
997 862 1080 897 apud

1126 289 1162 320 τῷ
1174 285 1254 322 πολιῷ
1266 288 1312 323 μὲν
1327 290 1373 316 τὴν
1397 290 1490 323 σοφίαν
1517 290 1559 314 καὶ
1590 287 1721 325 πρεσϐύτῃ
1757 291 1803 317 τὴν
1832 291 1924 326 φρόνη-

1128 339 1187 356 σιν’
1204 330 1226 356 ιὶ
1255 334 1298 357 καὶ
1330 331 1411 363 ἄλλως
1441 331 1468 358 ἐκ
1501 330 1595 363 παιδὸς
1625 334 1767 370 σύντροφον
1795 331 1852 369 εἶχε
1877 336 1921 362 τὴν

1127 373 1219 411 ἀρετὴν
1234 378 1280 402 καὶ
1299 374 1336 402 δι’
1354 376 1413 402 ὅλου
1442 374 1604 405 συνδίαιτσν.
1635 379 1866 414 Προσεπιτούτοις,
1891 381 1924 414 μή

1127 421 1153 445 τι
1172 429 1226 451 πως
1245 421 1346 446 οἴεσθαι
1361 422 1515 458 τοπαράπαν
1544 421 1696 459 τυγχάνειν,
1730 422 1745 451 ἣ
1780 425 1844 458 γοῦν
1863 433 1927 453 τινος

1128 461 1155 490 ix
1168 469 1217 495 τῆς
1231 469 1281 491 τῶν
1299 465 1381 501 λόγων
1400 467 1548 504 ὑπερφέρειν
1567 464 1741 500 παιδεύσεως,
1771 469 1840 504 μέγα
1867 477 1893 494 τε
1912 469 1925 498 ἢ

1128 511 1220 546 μικρὸν
1235 512 1271 546 μὴ
1288 513 1387 546 φρονεῖν
1401 512 1442 537 ἐπὶ
1461 510 1549 547 λόγοις
1578 512 1608 537 τὸ
1641 511 1757 545 σύνολον,
1788 511 1843 537 ἀλλ’
1872 511 1930 539 ἀπο-

1131 554 1221 579 θέσθαι
1232 555 1354 585 καθάπαξ
1369 554 1444 590 λόγον
1463 557 1506 581 τὸν
1539 556 1657 592 θύραθεν,
1692 558 1736 582 καὶ
1762 557 1851 583 πάντα
1877 559 1930 595 τρὸ-

1131 608 1177 623 πον
1214 598 1413 634 ἀποπέμπεσθαι
1432 603 1522 625 τοῦτον
1560 603 1605 630 τῆς
1641 603 1744 636 μνήμης
1765 611 1772 617 ·
1812 603 1859 628 καὶ
1883 599 1930 642 οὔχ

1551 644 1696 679 [πλαστικῶ
1701 644 1723 681 ς]
1776 646 1926 680 comebat,

1131 690 1174 712 καὶ
1194 689 1331 724 ἐγκωμίοις
1351 689 1365 717 ἢ
1388 691 1431 714 καὶ
1457 689 1585 725 ἱστορίαις
1611 688 1765 727 ἐπιχειρεῖν,
1792 689 1849 716 ἀλλ’
1876 685 1928 716 om

1132 736 1181 757 τῶν
1198 734 1315 761 συνήθων
1332 733 1486 759 ἐπιστέλλειν
1502 736 1561 760 τινὶ.
1592 731 1661 759 Οἶδα
1692 735 1738 770 μὲν
1764 737 1812 760 οὖν
1840 735 1875 766 ὡς
1895 744 1931 772 μι-

1131 643 1197 673 ὅττιιις
1234 643 1325 678 λόγους
1363 644 1499 674 πλατυκὼς

1133 778 1182 812 διρά
1198 781 1280 802 ταυτα
1299 779 1443 813 νομισθεῑεν
1471 781 1525 808 τοῖς
1552 777 1680 814 ἀμυήτοις
1707 781 1738 807 τή
1767 778 1865 815 λογικὰ
1892 775 1932 805 καὶ

1133 823 1165 847 τὰ
1180 826 1226 851 τῆς
1245 821 1367 852 παιδεὶας
1389 822 1532 852 ἀτελέστοις
1548 823 1646 848 οὑτωσί
1674 832 1729 853 πως
1755 822 1824 860 ἕρεῖν
1851 823 1950 866 ὄργας.

1134 867 1200 891 ἔνθεν
1214 869 1258 891 καὶ
1274 867 1325 901 οὐχ
1343 868 1439 897 ἱκανοῖς
1452 865 1594 901 διαγνῶναι
1623 867 1675 893 οἷόν
1703 876 1760 893 τινα
1793 870 1845 897 τήν
1876 863 1934 897 ἦδο-

246 902 384 931 nondum
394 903 528 932 initiatos
541 914 549 939 ,'
560 913 595 933 eo
605 906 689 941 quod
698 914 758 933 non
768 906 826 933 sint
837 906 899 942 apti
914 906 953 933 ad
970 913 1076 940 cogno-

1134 912 1178 938 νὴν
1201 911 1256 945 ἔχει
1276 913 1319 935 καὶ
1339 911 1426 936 ὁποῖον
1455 915 1499 941 τῆς
1527 909 1637 948 καρδίας
1664 910 1767 947 ἐμποιεῖ
1779 910 1934 947 πλατυσμὸν

247 946 404 981 scendum,
419 951 566 983 quantam
586 949 696 977 habeat
710 950 905 986 voluptatem,
919 953 1067 986 quantum

247 997 306 1025 que
317 990 407 1019 faciat
416 992 551 1021 animum
565 993 683 1022 dilatari
696 994 827 1030 perfecta
852 995 1005 1030 expressio
1031 1002 1079 1022 co—

247 1034 424 1069 gitationum
434 1044 555 1065 suarum
561 1040 590 1065 et
599 1041 809 1073 conceptuum,
822 1039 928 1066 mentis
941 1041 1081 1066 accurata

252 1078 462 1115 manifestatio,
479 1081 616 1117 Sedquid
632 1082 763 1110 dicerent
782 1083 831 1118 illi,
853 1083 976 1119 quando
994 1083 1079 1110 audi-

246 1124 313 1151 rent
323 1124 407 1159 quod
418 1125 508 1153 etiam
531 1126 743 1161 praescribatur
768 1127 920 1155 silentium
934 1130 963 1154 et
986 1127 1080 1154 omni-

246 1167 460 1202 modalinguaa
476 1171 663 1206 compressio
673 1171 845 1206 imperetur,
855 1172 895 1199 ita
910 1174 1007 1198 utnec
1025 1179 1078 1206 gry

246 1211 379 1247 proferre
392 1213 558 1249 discipulus
578 1215 699 1249 audeat,
719 1215 775 1242 nisi
794 1223 863 1243 cum
884 1224 902 1243 a
935 1215 1079 1250 magistro

243 1255 349 1291 jussus
363 1264 399 1284 ex
413 1257 523 1285 divinis
548 1258 633 1286 libris
657 1259 770 1295 aliquid
796 1259 898 1295 legerit
922 1260 961 1287 ad
987 1262 1079 1287 Deum

246 1300 473 1336 propitiandum
487 1303 635 1331 contitend
641 1312 752 1339 umque
763 1304 777 1331 ‘I

281 1346 325 1373 40.
342 1346 419 1378 Quid
434 1355 502 1375 vero
518 1348 662 1376 innocens
686 1349 733 1376 ille
758 1352 786 1377 et
806 1350 865 1376 Deo
890 1352 952 1377 tota
980 1352 1080 1377 mente

246 1389 366 1424 afﬁxus,
395 1391 479 1427 cujus
506 1400 558 1420 cor
584 1394 791 1421 rectitudinem
822 1401 942 1429 semper
967 1394 1078 1428 dilexit,

246 1435 401 1470 quomodo
416 1436 446 1464 in
460 1436 525 1464 istis
542 1445 573 1465 se
587 1437 703 1466 habet?
716 1440 790 1466 Num
805 1438 942 1472 labascit,
962 1440 1078 1466 tantum

245 1479 365 1514 pondus
374 1483 594 1516 praceptorum
603 1481 771 1516 dedignaris
779 1482 791 1509 ἱ)
799 1485 850 1510 aut
866 1482 1017 1510 sublevari
1029 1490 1079 1518 pe-

246 1523 288 1557 tit,
302 1531 340 1552 ne
355 1524 466 1552 scilicet
482 1526 513 1554 in
540 1526 687 1562 principio
715 1529 919 1562 praegravatus
943 1535 1079 1555 succum-

245 1567 322 1596 bat?
338 1568 439 1603 Longe
456 1570 536 1597 istud
560 1579 577 1598 a
598 1571 722 1599 Joanne.
752 1571 886 1599 Libenter
913 1574 1020 1599 cuncta
1048 1572 1077 1599 in

244 1611 389 1641 humeros
409 1614 541 1650 suscipit,
563 1617 591 1643 et
628 1615 707 1643 viam
743 1616 821 1644 hanc
842 1624 910 1651 quae
942 1616 1025 1643 ducit
1038 1616 1078 1644 ad

244 1657 340 1684 Deum
367 1665 514 1692 generose
539 1659 714 1693 ingreditur,
741 1668 794 1687 seu
820 1660 920 1695 potius
944 1660 983 1688 ad
1010 1660 1076 1687 vitae

245 1701 420 1730 monasticae
437 1702 566 1730 stadium
580 1703 716 1732 alacriter
739 1705 976 1740 percurrendum
996 1704 1075 1732 exui'

244 1748 302 1780 tur,
315 1748 344 1774 et
354 1754 415 1774 non
431 1747 529 1775 solum
539 1748 577 1776 ad
601 1749 805 1784 quiutuplum,
834 1749 887 1776 sed
914 1749 952 1777 ab
976 1749 1075 1777 decies

243 1790 448 1827 millecuplum
464 1795 615 1821 certamen
630 1793 794 1828 inungitur.
812 1794 869 1821 Sed
884 1793 959 1821 forte
977 1802 1075 1822 susce-

243 1834 288 1870 pit
302 1842 456 1870 generose,
476 1836 559 1872 quod
580 1845 641 1865 non
657 1837 722 1865 tulit
741 1837 870 1870 fortiter;
891 1841 942 1865 aut
961 1838 1074 1873 ingres—

245 1886 296 1906 sus
306 1879 464 1916 intrepide,
478 1889 539 1909 non
559 1882 683 1910 certavit
703 1885 874 1910 constanter
887 1882 901 1910 ‘l
914 1882 998 1910 Absit
1017 1883 1074 1910 lioc

244 1924 380 1958 omnino,
391 1926 478 1954 absit.
497 1927 560 1954 Non
580 1929 681 1955 tamen
700 1927 782 1955 velut
801 1927 891 1955 victor
908 1927 1017 1963 aliquis
1045 1927 1075 1955 in

244 1968 437 2005 Olympiacis,
458 1971 585 2006 Nemeis,
602 1971 647 1999 vel
667 1971 814 2000 lsthmicis
836 1971 930 1999 viliter
950 1979 1075 2000 corona-

244 2013 291 2040 tus
305 2015 455 2050 apparuit,
472 2017 525 2042 aut
539 2017 571 2043 ut
586 2023 665 2043 unus
678 2023 782 2043 eorum
798 2016 851 2051 qui
871 2016 902 2045 in
932 2016 1076 2043 Panathe-

243 2057 318 2086 nteis
332 2060 554 2095 pravaluerunt
567 2067 680 2088 corona
694 2059 834 2095 oleagina
849 2060 1008 2094 magniﬁce
1033 2068 1076 2087 re-

242 2101 362 2130 vinctus
377 2110 490 2138 comas,
513 2105 564 2131 aut
579 2104 701 2140 pineam
721 2104 869 2139 quatiens,
883 2112 978 2140 eoque
990 2104 1076 2132 vehe-

243 2147 359 2174 menter
377 2146 575 2181 intumecens,
591 2147 636 2175 vel
648 2148 739 2175 sacris
758 2148 941 2184 quibusdam
975 2149 1074 2184 pomis

244 2189 391 2226 (profanis
421 2191 519 2227 potius
552 2191 688 2227 dixerim)
722 2193 881 2227 gloriosus,
910 2193 1075 2220 ridentibus

243 2234 367 2271 quidem
382 2234 467 2263 illum
483 2236 724 2272 sapientioribus,
740 2237 839 2273 pueris
861 2245 930 2265 vero
950 2238 1076 2273 applau-

243 2278 386 2306 dentibus
407 2281 436 2308 et
459 2280 681 2308 succinentibus
704 2281 735 2309 in
757 2289 847 2309 scena
863 2282 986 2309 theatris
1002 2292 1009 2316 ;
1026 2284 1077 2309 aut

244 2323 331 2355 sicuti
346 2331 412 2352 sors
426 2323 524 2352 tulerit
542 2325 682 2353 inunctus
697 2329 725 2353 et
737 2326 818 2354 brevi
826 2325 994 2354 admodum
1006 2329 1076 2354 tem-

244 2375 317 2404 pore
345 2367 497 2404 laudatus,
527 2369 618 2406 idque
654 2370 725 2398 solis
752 2370 863 2399 fositan
896 2371 1076 2406 promiscuae

243 2412 422 2441 conditionis
442 2414 536 2442 turbis
559 2422 594 2442 ac
611 2414 658 2442 vili
673 2414 830 2451 plebecula
845 2423 851 2442 :
869 2415 922 2442 sed
936 2416 1006 2444 exiit
1021 2423 1077 2443 caa-

242 2455 311 2488 litus
322 2460 493 2492 coronatus,
505 2459 619 2494 angelis
631 2462 660 2487 et
670 2459 811 2495 angelicis
822 2460 997 2488 hominibus
1008 2468 1077 2488 cum

254 2502 452 2531 admiratione
467 2503 773 2539 circumstipantibus,
788 2504 992 2540 spectaculum
1010 2512 1079 2533 vere

242 2545 395 2581 factus,uti
400 2547 535 2584 loquitur
542 2548 652 2576 Paulus
660 2549 670 2565 ²
677 2548 728 2583 ',et
736 2548 850 2583 angelis
857 2551 886 2576 et
891 2549 1075 2585 hominibus,

241 2591 451 2628 visibilemque
466 2595 557 2629 atque
570 2593 753 2621 invisibilem
773 2595 913 2621 naturam
933 2593 1076 2630 obstupe-

243 2633 368 2668 faciens.

279 2733 307 2752 3"
322 2733 332 2762 l
348 2734 404 2761 Cor
416 2741 454 2767 iv,
476 2736 501 2761 9.

278 2805 335 2847 (t7)
350 2805 469 2833 Festus:
489 2815 503 2831 ιι
537 2806 725 2835 Pentathlum
762 2806 878 2843 antiqui
913 2807 1076 2843 quinquer-

241 2849 316 2894 tium
328 2849 469 2894 dixerunt
485 2859 492 2879 :
513 2851 544 2879 id
564 2854 666 2880 autem
687 2859 784 2887 genus
799 2851 1020 2895 exercitationis
1039 2860 1076 2895 ei:

1134 955 1149 982 ἡ
1170 959 1218 979 τῶν
1239 952 1420 990 διανοημάτων
1454 957 1583 990 εὔστοχος
1602 957 1725 991 ἕκφανσις
1739 957 1784 981 καὶ
1819 959 1868 981 τῶν
1882 963 1935 984 νοη-

1135 1000 1223 1034 μάτων
1243 998 1352 1034 ἀκριϐὴς
1382 999 1546 1034 ἀνακάλυψις
1561 1010 1566 1016 υ
1583 999 1647 1025 ἀλλὰ
1661 1002 1687 1025 τί
1713 999 1743 1025 ἂν
1774 1000 1803 1026 οἱ
1828 1003 1936 1026 τοιοῦτοι

1135 1046 1179 1069 καὶ
1199 1047 1270 1079 φαῖεν
1303 1043 1470 1076 ἀκούσαντες,
1504 1046 1538 1074 ὡς
1566 1046 1611 1069 καὶ
1642 1046 1743 1073 σιωπὴν
1771 1043 1933 1080 ἐπισκήψεις,

1135 1091 1179 1114 καὶ
1216 1089 1301 1114 τελέαν
1338 1094 1382 1118 τῆς
1414 1089 1529 1123 γλώττης
1563 1091 1682 1124 κατοχήν
1730 1088 1883 1123 ἑπιτάξειεν,
1901 1088 1934 1119 ὡς

1135 1131 1205 1168 μηδὲ
1223 1136 1283 1170 γρῦ,
1302 1135 1330 1158 τὸ
1356 1136 1400 1159 τοῦ
1429 1133 1517 1168 λόγου,
1546 1133 1642 1169 τολμᾷν
1669 1134 1844 1169 φθέγγεσθαι.
1869 1132 1934 1163 ἐκτὸς

1136 1177 1157 1202 εἰ
1193 1180 1228 1213 μὴ
1268 1180 1332 1214 πρὸς
1366 1178 1442 1203 αὐτὸν
1474 1179 1694 1213 προσταττόμενος
1726 1181 1778 1204 τῶν
1809 1178 1933 1216 θειοτέραν

1136 1220 1286 1257 dine/oud
1319 1232 1376 1247 τινα
1415 1221 1512 1257 βίϐλων
1544 1225 1609 1259 πρὸς
1635 1222 1776 1258 ὲξιλασμόν
1806 1225 1871 1249 θεοῦ
1891 1223 1933 1247 καί

1136 1265 1342 1302 ἁνθομολόγησιν
1360 1276 1366 1300 ;

1169 1354 1204 1391 μ’.
1220 1358 1250 1381 Τί
1268 1358 1350 1381 τοίνυν
1366 1356 1378 1381 ὁ
1392 1356 1477 1392 πραΰς
1494 1363 1500 1388 ς
1516 1357 1542 1381 τί
1568 1357 1653 1381 τοίνυν
1672 1356 1684 1381 ὁ
1704 1356 1804 1387 ἄκακος
1824 1356 1867 1381 καὶ
1894 1357 1929 1390 τῷ

1135 1404 1191 1434 Θεῷ
1204 1398 1293 1425 διόλου
1321 1399 1487 1434 mitam:on
1518 1400 1596 1436 οὗπερ
1628 1400 1767 1430 εὐθύτητας

1134 1445 1148 1472 ἡ
1170 1443 1280 1480 καρδία,
1299 1449 1354 1474 πῶς
1374 1444 1415 1470 ἐπὶ
1423 1447 1541 1470 τουτοισὶ
1563 1442 1732 1477 duties-rat;
1751 1447 1814 1471 Μῶν
1826 1443 1929 1473 ὀκλάζει

1133 1492 1169 1523 τῷ
1185 1491 1301 1524 τοσούτῳ
1317 1488 1393 1526 βάρει
1423 1488 1665 1524 δυσανασχετήσας
1693 1493 1743 1514 τῶν
1770 1487 1876 1515 ἐντολῶν
1891 1496 1898 1521 ς
1912 1487 1926 1516 ἦ

1134 1535 1184 1568 μὴν
1201 1533 1370 1569 ἑπελαφρίσαι
1386 1534 1470 1566 ζητεῖ,
1487 1535 1521 1563 ὡς
1541 1533 1570 1558 ἂν
1599 1535 1635 1566 μὴ
1659 1533 1688 1559 ἐκ
1716 1535 1827 1569 πρώτης
1854 1531 1933 1569 βαρη-

1135 1578 1186 1607 θεὶς
1206 1577 1342 1606 ὰναπέσηζ
1363 1578 1460 1604 Πολλοῦ
1479 1588 1507 1613 γε
1526 1580 1571 1604 καὶ
1591 1576 1632 1603 δεῖ
1648 1588 1654 1594 ·
1672 1577 1792 1614 εὐθύμως
1819 1580 1864 1603 καὶ
1887 1577 1933 1613 γὰρ

1132 1623 1177 1651 τάς
1205 1621 1307 1652 ἐντολὰς
1336 1621 1503 1657 ἐπωμίζεται,
1545 1624 1590 1648 καὶ
1630 1624 1754 1657 γενναίως
1791 1624 1840 1651 τὴν
1875 1621 1932 1659 πρὸς

1132 1668 1196 1692 Θεὸν
1212 1667 1308 1694 ταύτην
1334 1667 1450 1701 ἄγουσαν
1485 1668 1602 1699 εἴσεισιν,
1624 1666 1760 1703 εὐθαρσῶς
1785 1665 1818 1693 δι
1846 1664 1933 1703 μᾶλλον

1131 1710 1209 1736 εἰπεῖν
1238 1712 1303 1747 πρὸς
1331 1713 1358 1737 τὸ
1386 1716 1433 1741 τῆς
1464 1709 1611 1747 μοναδικῆς
1638 1709 1748 1737 στάδιον
1779 1709 1932 1743 ἀποδύεται,

1129 1756 1238 1791 καὶούχ
1254 1757 1336 1791 any:
1367 1756 1399 1786 εἰς
1426 1755 1565 1782 πένταθλον
1593 1755 1767 1792 ἑπαλείφεται,
1796 1755 1852 1782 ἀλλ’
1879 1753 1934 1783 ἁλη-

1131 1801 1181 1830 θῶς
1201 1800 1279 1826 εἰπεῖν
1306 1803 1339 1830 εἰς
1365 1800 1507 1836 μυρίαθλον
1533 1799 1670 1836 (Π).“Ἀρ’
1703 1800 1749 1826 οὖν
1774 1797 1933 1835 ὑποδέχεται

1129 1846 1174 1880 μὲν
1205 1844 1363 1881 θαρσαλέως,
1397 1845 1426 1869 οὔ
1454 1847 1523 1881 φέρει
1557 1843 1586 1870 δι
1613 1835 1766 1881 καρτερῶςή
1797 1845 1814 1874 ἠ
1845 1845 1932 1871 εἴσεισι

1129 1890 1174 1924 μὲν
1203 1888 1345 1920 ἁπτοήτως,
1371 1889 1400 1914 ον
1435 1889 1546 1925 στερρῶς
1574 1887 1604 1915 δὲ
1637 1888 1852 1924 ὲπαγωνίζπαι;
1880 1886 1931 1914 οὐκ

1130 1934 1186 1958 ἔστι
1201 1937 1277 1959 τοῦτο
1293 1934 1381 1964 εἰπεῖν,
1402 1933 1449 1959 οὐκ
1464 1934 1545 1962 ἔστιν.
1560 1933 1661 1969 ’Δμέλει
1679 1942 1726 1959 ’τοι
1751 1935 1802 1960 καὶ
1827 1933 1879 1969 οὐχ
1901 1932 1931 1958 ὥς

1131 1977 1318 2013 Ὀλυμπιᾶσιν,
1333 1978 1347 2007 ἡ
1364 1978 1388 2003 ἐν
1403 1979 1501 2013 Νεμέᾳ,
1533 1978 1548 2007 ἦ
1579 1978 1680 2013 Ἰσθμοῖ
1706 1981 1850 2009 νενικηκὼς
1875 1985 1930 2003 στι-

1131 2024 1237 2057 φανίτης
1265 2024 1444 2059 μικροπρεπὴς
1473 2020 1668 2056 ἀναδείκνυται,
1697 2023 1713 2051 ἣ
1743 2024 1790 2049 καὶ
1819 2026 1870 2048 τῶν
1893 2030 1930 2051 τις

1130 2069 1327 2102 κεκρατηκότων
1352 2068 1385 2092 τὰ
1415 2067 1582 2095 Παναθήναια
1611 2067 1726 2102 στεφάνῳ
1752 2069 1828 2103 τάχα
1851 2070 1886 2102 τῷ
1906 2064 1931 2092 ὰ

1130 2113 1234 2141 κοτίνης
1250 2113 1314 2146 μέγα
1330 2115 1415 2147 κομῶν
1443 2113 1458 2140 ἤ
1488 2110 1621 2137 ἀνασοϐῶν
1649 2112 1693 2136 τὸν
1722 2110 1749 2137 ἐκ
1775 2114 1866 2142 πίτυος
1891 2111 1931 2136 καὶ

1130 2156 1163 2180 τὰ
1175 2156 1288 2190 μέγιστα
1304 2155 1536 2191 ἑπιϐρενθυόμενος,
1562 2156 1577 2184 ἡ
1607 2160 1668 2191 γοῦν
1701 2157 1779 2192 ἱεροῖς
1801 2165 1857 2182 τισι
1880 2157 1931 2192 μή·

1130 2198 1192 2231 λοις,
1219 2199 1313 2235 μᾶλλον
1338 2198 1363 2225 δ’
1392 2199 1502 2236 ἀνιέροις
1528 2199 1787 2237 περιθρυλλούμενος,
1813 2201 1864 2227 ὑπὸ

1129 2247 1333 2280 νουνεχεστέρων
1365 2245 1417 2280 οὐχ
1455 2245 1532 2273 ἧττον
1566 2245 1755 2282 ἐμπαιζόμενος
1794 2247 1809 2275 ἦ
1844 2247 1930 2283 θριαμ-

1131 2288 1276 2325 ϐευόμενος,
1302 2290 1351 2315 ὑπο
1380 2288 1409 2315 δὲ
1435 2287 1630 2327 παιδισκαρίων
1659 2289 1857 2327 περιϐοὼμενος,
1888 2290 1929 2315 καὶ

1131 2334 1186 2363 τοῖς
1199 2333 1226 2358 ἐκ
1241 2338 1285 2363 τῆς
1308 2338 1404 2363 σκηνῆς
1432 2336 1615 2370 συριττόμενος
1643 2336 1658 2363 ἦ
1693 2336 1738 2360 καὶ
1765 2339 1803 2370 τῷ
1836 2334 1863 2360 ὰ
1888 2336 1929 2362 τῆς

1131 2380 1225 2414 μοίρας
1245 2376 1426 2414 ἀληλιμμένος,
1453 2380 1498 2404 καὶ
1530 2377 1622 2415 βραχὺ
1649 2382 1685 2413 τῷ
1713 2381 1802 2416 χρόνῳ
1828 2377 1929 2415 περιλα-

1131 2422 1260 2458 λούμενος,
1281 2425 1369 2459 μονοις
1383 2432 1413 2458 γε
1441 2424 1514 2458 τάχα
1549 2427 1603 2453 τοῖς
1628 2427 1674 2453 τῆς
1705 2421 1823 2459 χυδαιας
1847 2424 1929 2458 τύχης

1132 2469 1176 2492 καὶ
1218 2469 1350 2504 σύρφακος
1367 2478 1373 2484 -
1402 2467 1455 2493 ἀλλ’
1495 2468 1574 2498 ἔξεισι
1610 2470 1765 2504 στεφανίτης
1804 2467 1926 2504 οὐράνιος,

1133 2510 1248 2547 ἀγγέλοις
1268 2522 1294 2538 τε
1316 2514 1360 2537 καὶ
1389 2512 1535 2547 ἱσαγγέλοις
1560 2511 1674 2549 ἀνδράσι
1698 2511 1927 2550 περιστοιχιζόμε-

1131 2560 1174 2587 νος
1193 2566 1219 2582 τε
1243 2558 1288 2582 κάι
1318 2558 1522 2592 θαυμαζόμενος,
1554 2557 1659 2594 θέατρον
1685 2556 1786 2587 ἀληθῶς
1814 2564 1858 2582 και
1887 2553 1928 2590 δεῖ·

1131 2602 1214 2639 γελοις
1242 2612 1286 2627 και
1320 2601 1474 2639 ἀνθρώποις,
1507 2602 1575 2627 κατά
1599 2603 1642 2627 τὸν
1666 2602 1793 2638 μακάριον
1822 2598 1927 2632 “alii”;

1130 2649 1283 2683 γενόμενος·
1299 2645 1448 2675 ἐκπλήττων
1476 2644 1598 2675 δηλονότι
1626 2655 1672 2672 και
1696 2648 1744 2675 τὴν
1768 2645 1864 2683 ὀρατήν
1885 2643 1927 2679 γῦ-

1131 2702 1172 2718 σιν
1186 2702 1230 2717 και
1245 2693 1292 2720 τήν
1307 2690 1427 2728 ἀόρατον.

1131 2816 1176 2844 his
1184 2816 1319 2852 quinque
1329 2815 1444 2852 artibus
1453 2814 1623 2852 constabat.
1634 2815 1718 2845 iactu
1728 2811 1818 2847 disci.
1832 2814 1926 2844 nunc,

1131 2851 1217 2888 saltu,
1227 2851 1422 2888 jaculatione,
1437 2851 1609 2893 luctatione.
1620 2861 1635 2876 »
