4090 6400
303 494 413 568 μα’.
452 495 589 550 Ἀλλ’
615 494 725 550 ἐπεὶ
777 504 904 569 γοῦν
953 499 1037 550 ἰπὶ
1090 503 1255 552 πᾶσιν
1315 500 1512 552 ούτωσὶ
1560 498 1750 552 τέλειον
1809 501 1835 551 6
1865 498 1916 552 Α

231 583 487 661 ἐμϐριθὴς
543 585 734 650 ἐκεῖνος
812 586 1100 650 ἐπιστάτης
1160 585 1426 661 διέγνωκε,
1509 593 1601 648 τὴν
1663 594 1838 642 ταπεί-

233 695 390 728 νωσιν
447 675 674 747 ὑψηλὸν,
729 683 818 735 την
873 678 1108 737 ὑπακοὴν
1187 683 1431 747 εὕεικτον,
1505 688 1597 740 τῆς
1653 681 1840 754 ἀρετῆς

236 763 460 840 ἐργάτην
513 763 955 838 ἀκαταγώνιστον,
1042 773 1133 821 καὶ
1219 771 1460 833 καθάπαξ
1499 777 1638 830 .τοὶ’ς
1703 770 1838 832 ὅλοις

237 852 527 910 ἀποδεκτόν
575 878 587 890 ·
639 857 796 912 ἄλλου
878 863 1068 931 τρόπον
1146 860 1608 933 ἀποπειράσασθαι
1688 862 1838 912 ἔσκε-

236 964 382 1011 πται,
416 950 507 998 καὶ
536 944 714 1020 ἑτέρως
768 943 1062 1020 δοκιμάσαι
1113 956 1290 1001 τοῦτον
1350 947 1707 1021 βεϐούλευται,
1759 951 1842 1001 ἵνα

236 1053 346 1096 πως
379 1030 565 1102 εἰδείη,
606 1033 702 1087 κᾶν
757 1043 869 1098 τοῖς
924 1044 1181 1108 γνωστοῖς
1231 1043 1322 1089 καί
1372 1040 1650 1097 συνήθεσιν
1704 1039 1840 1100 ὅπως

237 1122 298 1175 ἂν
330 1127 388 1176 τὸ
443 1128 650 1198 μέτριον
720 1133 953 1201 τηρῆσαι
1009 1123 1259 1186 δυνηθείη
1318 1132 1404 1180 καὶ
1450 1129 1666 1199 ἄτυφον.
1721 1126 1843 1179 Ὅτι

236 1217 411 1266 τοίνυν
452 1217 658 1286 συχνὰς
698 1212 961 1290 σπυρίδας
1007 1221 1338 1288 συναγαγὼν,
1387 1219 1482 1278 τὰς
1529 1220 1620 1288 μὲν
1669 1216 1840 1288 ἔγχει-

237 1302 398 1376 ρίζει,
425 1305 520 1366 τάς
553 1299 606 1355 δ’
663 1303 934 1377 ἐπωμίζει,
966 1306 1055 1367 Εἰς
1106 1310 1384 1379 Δαμασκὸν
1434 1309 1609 1368 πάσας
1665 1306 1840 1368 εἰπὼν,

241 1393 411 1458 ἓιθου,
453 1395 826 1464 μετακόμισον,
879 1397 969 1445 καὶ
1017 1397 1271 1447 τοσούτου
1317 1414 1376 1465 γε
1428 1395 1654 1452 ἑκάστην
1712 1394 1842 1447 ἀπο-

245 1480 486 1551 κήρυξον,
533 1482 852 1554 ύπερεκτιμᾷ
916 1479 976 1536 δε
1029 1486 1098 1535 τὰ
1145 1483 1313 1543 εὐτελῆ
1374 1480 1696 1551 έξεπίτηδες,
1755 1480 1843 1535 δο-

243 1569 480 1640 κιμάζων
514 1568 612 1622 κᾶν
663 1574 831 1642 τούτῳ
857 1576 954 1630 τὴν
1008 1574 1268 1644 μαθητὴν,
1326 1577 1417 1624 καὶ
1469 1576 1596 1646 πρὸς
1652 1572 1844 1624 τελείαν

237 1659 520 1730 γυμνάζων
570 1667 752 1714 τοῦτον
800 1661 1056 1720 ὑπακοήν.
1131 1667 1194 1714 Τί
1257 1666 1427 1714 τοίνυν
1457 1664 1483 1713 6
1513 1667 1602 1720 τὴν
1659 1660 1844 1734 ἀρετὴν

237 1749 417 1820 ἄκρος,
450 1752 542 1806 τὴν
596 1745 648 1802 δ’
707 1749 942 1810 ὑπακοὴν
1003 1749 1405 1824 ἀπαράμιλλοςς
1448 1750 1564 1827 Ἆρ’
1617 1735 1844 1802 ἀναϐάλ-

236 1836 418 1903 λεται;
474 1846 583 1909 μῶν
623 1834 1026 1907 ἀποδυσπετεῖ;
1082 1841 1113 1898 ἤ
1145 1860 1262 1892 τινα
1313 1847 1434 1912 γοῦν
1489 1837 1847 1913 δυσαρεστίας
1877 1853 1916 1907 Β

235 1927 464 1998 ἔμφασιν
496 1922 888 1996 ύποδείκνυται,
937 1930 1002 1988 ὦς
1058 1949 1139 1990 τις
1182 1927 1243 1980 ἂν
1293 1929 1398 2000 ούχ
1451 1931 1530 1981 ὅτι
1583 1937 1681 1980 τῶν
1729 1928 1843 1980 κατ’

239 2015 398 2068 αὐτὸν
453 2019 715 2087 μεγίστων
771 2019 838 2070 τὰ
892 2019 1004 2070 θεῖα
1067 2022 1157 2070 καὶ
1205 2018 1436 2090 μεγάλων
1493 2016 1845 2086 τάνθρώπινα,

239 2103 372 2156 ἆλλὰ
419 2108 638 2156 καὶτῶν
691 2106 888 2179 θατέρῳ
927 2107 1156 2180 ὁποτέρῳ
1183 2127 1243 2178 γε
1297 2109 1489 2159 τούτων
1541 2111 1632 2158 καὶ
1695 2112 1849 2178 φαίης

237 2191 502 2264 ἐπιφανῶν
539 2209 552 2259 ;
589 2197 690 2246 Καὶ
732 2202 842 2256 πῶς
875 2212 889 2262 ;
920 2194 1007 2257 Ὠς
1065 2194 1144 2249 ἐπ’
1199 2195 1468 2268 εὐεργεσίᾳ
1515 2195 1844 2267 καλούμενος,

237 2282 526 2353 προθύμως
566 2282 697 2352 ἄγαν
728 2281 885 2355 ἐξῄει,
939 2289 1029 2336 καὶ
1081 2288 1176 2336 σύν
1235 2281 1442 2355 σπουδῇ
1503 2292 1600 2346 τῆς
1635 2281 1845 2337 ὀδοιπο·

235 2375 356 2444 ρίας
406 2370 601 2442 ἣψατό,
677 2375 742 2433 ὡς
794 2372 855 2424 ἂν
908 2374 953 2427 εἰ
999 2378 1130 2448 πρὸς
1189 2375 1430 2448 λαμπρὰν
1475 2373 1706 2446 ἀπήγετο
1755 2379 1849 2432 τὴν

237 2455 529 2528 ἀνάδειξιν,
596 2465 686 2512 καὶ
765 2461 837 2525 εἰς
923 2462 1174 2537 θρίαμϐον
1244 2463 1568 2536 μετααλείτο
1650 2467 1850 2534 παγχό-

245 2568 423 2622 σμιον.
478 2546 693 2608 Ἐπειδὴ
742 2547 801 2603 δὲ
865 2556 956 2604 καὶ
1012 2553 1177 2626 εἰσῄει
1219 2557 1311 2612 τὴν
1360 2556 1659 2626 Δαμασκὸν,
1719 2571 1856 2606 πενι-

242 2642 406 2713 χρὸς,
465 2642 701 2712 πιναρὸς,
755 2637 984 2713 μηδενὸς
1048 2641 1102 2693 ἐκ
1154 2651 1250 2705 τῆς
1308 2641 1557 2704 ἀναϐολῆς
1609 2642 1772 2709 ἄξιος,
1825 2643 1852 2692 6

245 2731 378 2788 τέως
440 2726 686 2781 πλείστου
741 2736 850 2791 τοῖς
896 2736 1031 2783 πᾶσι
1085 2736 1176 2785 καὶ
1230 2737 1518 2806 τιμώμενος
1565 2737 1656 2784 καὶ
1710 2751 1851 2806 περι-

243 2816 578 2890 ϐλεπόμενος,
645 2823 734 2870 καὶ
797 2823 941 2892 παρὰ
1010 2824 1104 2878 τὴν
1155 2820 1350 2895 ἀγορὰν
1392 2825 1610 2893 γίνοιτο,
1669 2820 1853 2892 ἐγκαλ-

238 2906 543 2977 λωπίσματι
607 2909 892 2982 καθαπερεὶ
969 2911 1351 2982 περιτιθέμενος
1413 2913 1504 2972 τὰς
1561 2907 1852 2984 σπυρίδας,

249 2994 562 3070 ἆπεμπολεῐν
613 3017 668 3050 τε
750 2998 1019 3070 ἀνεϐόησε,
1089 3005 1180 3053 καὶ
1236 3003 1361 3054 ὅσου
1427 3020 1482 3072 γε
1522 2996 1854 3054 ἀποδίδωσιν

245 3085 471 3146 εκάστην
519 3085 986 3160 προσεπεδήλωσεν
1029 3111 1041 3124 ο
1104 3087 1166 3150 ἧν
1223 3087 1301 3156 δε,
1356 3093 1427 3152 ὡς
1470 3090 1525 3143 ἐκ
1583 3099 1672 3143 τοῦ
1734 3109 1854 3144 συν-

241 3177 407 3239 ἠθους
443 3183 546 3240 πᾶς
573 3177 738 3239 τιςᾶν
785 3187 884 3232 τῶν
940 3179 1212 3254 ἐγχωρίων
1269 3179 1519 3249 ἕπέκρινε,
1566 3179 1737 3234 πλεῖον
1796 3182 1855 3232 τὸ
1887 3209 1926 3264 C

238 3271 454 3340 τίμημα
509 3269 630 3319 καθ’
709 3267 994 3341 ὑπερϐολὴν
1062 3268 1293 3323 ἁπαιτῶν
1347 3270 1546 3342 χλεύης
1586 3278 1698 3332 τοῖς
1747 3290 1854 3324 πα-

240 3363 581 3430 ρατυχοῦσιν
619 3355 824 3433 ἀφόρμή
857 3363 947 3412 καὶ
974 3358 1194 3430 γέλωτος
1220 3364 1446 3432 γίνεται.
1492 3359 1550 3412 Ὀ
1598 3363 1688 3433 μὲν
1741 3359 1852 3425 οὐν,

241 3450 310 3498 Τί
367 3444 564 3518 ληρεῖς,
638 3449 878 3520 ἔφασκεν,
934 3450 1172 3522 ἄνθρωπε
1223 3467 1237 3518 ;
1289 3451 1314 3501 6
1365 3445 1447 3511 δε,
1502 3454 1848 3524 Παραπαίεις,

243 3537 340 3587 καὶ
368 3537 460 3595 τὰς
507 3539 686 3609 φρένας
743 3537 1022 3608 ἐγκέκοψαι
1055 3559 1066 3571 ·
1096 3537 1248 3602 ἄλλος
1292 3535 1345 3592 δ’
1391 3537 1514 3592 ἄλλο
1561 3558 1612 3591 τι
1668 3537 1851 3591 ἐπετώ-

247 3625 406 3687 θαζεν
433 3623 642 3677 ἄλλοθεν
679 3647 692 3659 ο
743 3628 864 3679 ἔνιοι
907 3624 967 3681 δέ
1023 3629 1072 3679 οἱ
1125 3632 1216 3680 καὶ
1266 3624 1549 3690 κονδύλους
1596 3625 1854 3693 ἐνέτεινον,

243 3715 509 3766 καὶκατὰ
537 3712 732 3788 κόρῥης
780 3714 1066 3784 ἐνέπαιζον,
1127 3715 1300 3778 εἰωθός
1329 3715 1384 3768 ὃν
1429 3723 1541 3777 τοῖς
1590 3714 1856 3789 ἀγοραίοις

244 3810 402 3854 τοῦτο
431 3807 522 3855 atati
578 3802 833 3874 ξύγκλυσι
867 3826 880 3837 ·

246 3895 402 3961 σθαι,

940 3812 1043 3857 τῶν
1091 3803 1436 3880 εὐηθεστέρων
1491 3808 1858 3878 κατειρωνεύε-

478 3894 896 3965 χαταμωκᾶσθαί
979 3913 1033 3946 τε
1096 3903 1196 3947 τῶν
1271 3899 1732 3968 παρατετραμένων
1796 3897 1854 3946 τό

245 3985 513 4058 φρόνημα,
554 3986 773 4034 καὶτῶν
817 3982 952 4036 οὕτω
1011 3983 1294 4056 λεγομένων
1367 3984 1708 4058 χρονολήρων,
1756 3991 1854 4036 τῶν

239 4070 782 4147 παρασεσαλευμένων
846 4069 1056 4131 δηλαδὴ
1153 4075 1582 4148 κατεπαίρεσθαι,
1657 4082 1728 4144 τῷ
1801 4092 1856 4126 τε

242 4166 344 4221 τῆς
374 4158 565 4230 ψυχῆς
589 4157 892 4233 ἀλογωτέρῳ
921 4157 1351 4234 έπειδιαχεῖσθαί
1380 4181 1554 4234 σφισι,
1611 4166 1701 4216 καὶ
1749 4162 1855 4234 οὐχ

240 4248 322 4300 ὅτι
351 4266 414 4320 γε
442 4252 578 4319 μυσὶ
635 4252 727 4301 καὶ
765 4253 964 4322 νεύροις
1021 4249 1296 4304 ἐκλύεσθαι
1352 4256 1442 4304 καὶ
1497 4252 1699 4304 ἄτακτά
1746 4271 1857 4316 πως

241 4334 649 4408 ἔπικαγχαζειν,
702 4338 768 4398 ὡς
828 4336 1089 4400 ἀπονίζειν
1145 4344 1235 4391 καὶ
1262 4336 1472 4415 δάκρυα
1538 4358 1549 4370 ’
1607 4339 1712 4394 ἀλλ’
1770 4342 1854 4394 επ-

242 4430 453 4498 αφιίναι
505 4429 708 4489 τούτοις
759 4431 849 4479 καὶ
916 4435 1117 4504 χεῖρας,
1195 4433 1287 4482 καὶ
1341 4431 1581 4505 ῥαπίζειν
1645 4429 1854 4500 ἀνέτως,

241 4521 335 4569 καὶ
365 4514 545 4578 ἁπλῶς
573 4520 666 4574 τήν
727 4515 1027 4590 ἀποτυχίαν
1080 4514 1382 4581 διαπαίζειν
1442 4529 1538 4583 τῆς
1591 4522 1851 4592 φύσεωςῇ

241 4614 340 4668 τὴν
368 4615 460 4668 τῆς
483 4603 896 4680 διοργανὼσεως,
930 4611 1032 4682 εἴγε
1077 4604 1144 4666 δὴ
1177 4613 1268 4663 καὶ
1307 4618 1460 4664 τοῦτο
1509 4613 1670 4686 τύχοι
1728 4630 1858 4684 συμ-

242 4699 427 4766 πεσὸν,
459 4693 749 4769 ἄμϐλωσιν.

1890 4569 1934 4623 D

318 4925 440 4998 μβ’.
470 4925 581 4999 Ἐφ’
615 4927 788 4978 ἱκανὸν
817 4928 910 4998 μὲν
961 4921 1050 4978 οὖν
1107 4927 1134 4978 6
1192 4922 1614 4986 σπουδαιότατος
1651 4924 1855 4980 ἐνεπαί-

245 5013 385 5086 ζετο,
443 5019 531 5068 καὶ
581 5016 608 5066 6
663 5017 730 5068 τά
775 5016 946 5068 πάντα
991 5019 1211 5088 κόσμιος
1263 5016 1400 5068 ἔνθεν
1445 5013 1677 5069 κάκεῖθεν
1731 5013 1855 5068 διω-

246 5106 386 5158 θεῖτό
432 5123 488 5157 τε
550 5109 641 5157 καὶ
726 5104 984 5157 ἀπωθεῖτο
1059 5109 1152 5158 καὶ
1206 5103 1514 5179 παραλόγως
1579 5106 1852 5174 ὠστίζετο,

243 5192 440 5268 μᾶλλον
478 5191 528 5247 δ’
563 5195 716 5256 αὐτὸς
765 5199 852 5247 τὸν
902 5193 1122 5269 ἆόράτον
1183 5196 1433 5268 ἐμάστιζε
1485 5191 1716 5268 δυσμενῆ
1773 5217 1787 5230 ο
1830 5198 1856 5250 6

243 5289 339 5359 μὴν
380 5287 483 5357 γὰρ
556 5291 650 5336 τοῦ
739 5288 1001 5338 Δεσπότω
1073 5285 1446 5361 τραχηλιάσας
1497 5284 1718 5346 έλιιινῶς
1769 5289 1857 5338 πέ-

242 5393 449 5428 πτωκεν
481 5395 495 5408 ο
529 5375 556 5426 6
589 5369 639 5426 δ’
671 5374 868 5426 οὑτωσὶ
919 5377 1207 5448 μετριάσας
1259 5379 1350 5428 καὶ
1397 5374 1468 5437 εἰς
1497 5370 1714 5427 τοσόνδε
1768 5393 1857 5426 τα·

243 5469 510 5526 πεινώσας
536 5464 694 5516 αύτὸν
746 5462 818 5524 εἰς
864 5461 1109 5535 οὐρανούς
1157 5463 1341 5524 αὐτοὺς
1392 5465 1639 5537 πέφθαχε,
1682 5465 1860 5535 θαῦμα

244 5559 340 5607 καὶ
401 5551 580 5615 αὐτοῖς
634 5549 872 5624 ἀγγέλοις
915 5557 1239 5626 ,γενόμενοᾳ
1323 5553 1454 5606 Ἀλλ’
1513 5552 1609 5626 ὀψε
1664 5549 1859 5612 δήποτε

243 5653 350 5698 τῶν
385 5641 552 5695 πάλαι
582 5660 666 5702 τις
713 5633 938 5711 οἰκετῶν,
995 5637 1177 5694 ένιδὼν
1224 5645 1392 5715 τούτῳ
1442 5648 1854 5718 περιεργότερον,

243 5739 340 5791 καὶ
385 5734 478 5794 τὰς
528 5728 674 5803 ὄψεις
723 5729 926 5805 ἐρείσας
981 5729 1374 5805 ἐπιμονὼτερον,
1429 5741 1611 5790 τοῦτον
1668 5732 1856 5786 ἐκεῖνον

1434 371 1510 428 IN
1546 370 1605 428 S.
1642 370 1842 430 JOAN.
1880 371 2380 432 DAMASCENUM.

3499 377 3607 432 862

2020 503 2106 555 41.
2141 502 2289 557 Cum
2307 515 2449 570 ergo
2482 501 2684 571 gravis
2715 500 2810 558 ille
2830 502 3116 572 magister
3134 501 3415 572 cognovit
3427 503 3606 558 Joan-

1947 604 2088 644 nem
2109 588 2443 645 humilitate
2475 589 2819 659 sublimem,
2847 591 3189 648 obedientia
3215 591 3605 661 morigerum,

1947 677 2180 733 virtutis
2213 680 2636 736 exercitatione
2675 680 3127 751 infatigabilem,
3196 682 3482 752 omnique
3534 695 3607 736 ex

1949 771 2117 839 parte
2147 769 2485 840 probatum,
2511 769 2814 826 adinvenit
2834 770 3086 826 modum
3109 770 3293 826 alium
3324 785 3447 842 quo
3468 785 3607 825 eum

1949 859 2203 913 tentaret
2235 877 2246 913 :
2282 859 2452 914 aliter
2480 858 2639 914 enim
2672 858 2872 915 adhuc
2901 858 3287 932 probandum
3354 859 3607 926 censuit,

1952 949 2017 999 ut
2045 944 2291 1010 videret,
2320 953 2520 1002 utrum
2552 952 2609 1003 et
2635 945 2946 1020 quomodo
2999 933 3179 1002 etiam
3232 946 3384 1002 inter
3435 950 3612 1001 notos

1952 1032 2394 1108 familiaresque
2421 1042 2623 1108 posset
2653 1037 2929 1092 eamdem
2957 1035 3268 1092 modestiae
3298 1033 3611 1090 mediocri-

1951 1126 2134 1178 tatem
2174 1127 2394 1179 tenere.
2437 1124 2743 1196 Sportulas
2784 1125 2986 1197 itaque
3033 1123 3253 1179 multas
3304 1122 3610 1192 colligens,

1953 1227 2174 1284 easque
2205 1214 2424 1284 partim
2455 1214 2724 1270 humeris
2756 1215 2882 1285 ejus
2913 1215 3255 1286 imponens,
3299 1212 3520 1285 partim
3551 1211 3612 1266 in

1951 1316 2176 1356 manus
2208 1302 2471 1365 tradens,
2504 1305 2867 1358 Damascum
2924 1303 3076 1358 ferre
3131 1317 3344 1358 omnes
3395 1301 3609 1372 jussit:

1952 1392 2158 1456 Tanto,
2176 1390 2477 1462 inquiens,
2497 1391 2741 1447 venales
2761 1391 2997 1454 offeres,
3012 1391 3274 1464 —-idque
3307 1395 3485 1446 aucto
3506 1389 3613 1444 im-

1953 1479 2189 1535 modice
2213 1495 2413 1535 rerum
2445 1487 2566 1536 tam
2599 1480 2806 1535 vilium
2833 1481 3042 1553 pretio,
3073 1485 3136 1535 ut
3164 1479 3254 1534 vel
3301 1479 3385 1534 sic
3439 1493 3614 1550 expe-

1953 1569 2166 1624 riretur
2193 1569 2554 1641 discipulum
2590 1586 2770 1625 suum
2803 1576 2984 1643 atque
3014 1569 3092 1624 ad
3122 1573 3614 1624 consummatam

1955 1657 2358 1714 obedientiam
2391 1665 2704 1714 exerceret.
2763 1659 2916 1724 Quid
2967 1673 3146 1730 porro
3174 1659 3456 1727 Joannes,
3499 1656 3616 1711 vir-

1955 1750 2077 1802 tute
2105 1762 2404 1815 summus,
2426 1747 2766 1804 obedientia
2785 1745 3277 1819 incomparabilis
3308 1748 3336 1802 ε)
3360 1752 3443 1800 An
3466 1760 3611 1799 cun-

1956 1839 2148 1891 ctatus
2173 1841 2261 1892 est
2289 1835 2382 1891 vel
2414 1836 2660 1892 affectus
2703 1836 2897 1903 taedio,
2953 1841 3057 1891 aut
3110 1833 3357 1907 aliquod
3412 1833 3616 1905 displi-

1957 1925 2166 1980 centiae
2230 1927 2471 1995 signum
2524 1926 2806 1991 ostendit,
2867 1931 2932 1980 ut
2959 1924 3109 1980 alius
3166 1923 3369 1982 forsan
3398 1922 3616 1978 faceret

1957 2014 2157 2069 minus
2184 2030 2373 2086 quam
2399 2014 2493 2070 ille
2523 2015 2582 2070 in
2607 2015 2788 2070 rebus
2816 2014 3034 2069 divinis
3062 2011 3462 2084 humanisque
3490 2026 3616 2066 ma-

1959 2119 2140 2174 gnus,
2171 2111 2272 2160 aut
2304 2106 2483 2161 etiam
2500 2105 2797 2161 alterutris
2827 2105 3122 2160 duntaxat
3145 2101 3385 2158 illustris
3407 2101 3436 2156 ‘?
3466 2103 3620 2167 Quo-

1959 2194 2144 2249 modo
2182 2196 2430 2250 autem?
2458 2197 2771 2266 Tanquam
2816 2197 3066 2249 vocatus
3120 2192 3198 2247 ad
3255 2189 3618 2246 beneﬁcium

1958 2283 2371 2355 recipiendum
2397 2284 2578 2340 exivit
2601 2299 2788 2356 quam
2821 2281 3290 2354 promptissime,
3314 2284 3371 2336 et
3394 2293 3620 2349 magno

1963 2388 2100 2427 cum
2142 2372 2340 2428 studio
2369 2373 2430 2428 in
2458 2373 2616 2428 viam
2651 2389 2712 2428 se
2737 2372 2925 2441 dedit,
2979 2370 3142 2426 velut
3188 2370 3237 2425 si
3293 2369 3622 2425 mitteretur

1962 2460 2040 2516 ad
2071 2461 2359 2517 illustrem
2413 2465 2504 2517 sui
2557 2462 3016 2518 ostentationem
3067 2464 3247 2532 atque
3293 2459 3368 2514 ad
3418 2458 3622 2514 trium-

1961 2551 2152 2622 phum
2184 2549 2657 2621 pulcherrimum
2702 2551 3070 2606 invitaretur.
3126 2551 3438 2619 ingressus
3478 2561 3621 2602 vero

1963 2642 2348 2708 Damascum,
2380 2657 2633 2714 pauper,
2654 2640 2961 2697 obsoletus
2981 2645 3039 2695 et
3083 2643 3381 2711 quantum
3407 2652 3480 2693 ex
3519 2635 3625 2692 ba-

1961 2729 2093 2784 bitu
2114 2729 2385 2801 dignosci
2414 2735 2666 2802 poterat,
2699 2729 2949 2786 omnino
2974 2726 3462 2800 contemptibilis,
3517 2725 3623 2798 qui

1963 2818 2196 2889 pridem
2223 2817 2302 2874 ab
2327 2818 2612 2874 omnibus
2657 2807 3072 2874 honorabatur
3099 2821 3156 2872 et
3180 2815 3621 2886 circumspicie-

1963 2906 2160 2973 batur,
2194 2922 2334 2964 mox
2381 2913 2446 2964 ut
2501 2907 2698 2964 forum
2746 2907 3005 2972 intravit,
3060 2905 3277 2977 sportis
3328 2909 3622 2974 tanquam

1964 3004 2322 3053 ornamento
2347 2997 2565 3067 insigni
2605 2997 3081 3062 circumcinctus,
3109 2993 3463 3050 convocavit
3505 2997 3623 3047 tur-

1964 3085 2131 3151 bam,
2159 3090 2218 3142 et
2263 3087 2473 3159 quanti
2511 3087 2796 3143 venderet
2842 3085 3110 3156 singulas
3139 3082 3463 3139 indicavit:
3497 3085 3622 3136 erat

1966 3181 2189 3244 autem,
2211 3175 2732 3248 quemadmodum
2753 3174 3085 3231 incolarum
3116 3172 3367 3246 quilibet
3389 3169 3621 3242 judica-

1965 3264 2130 3331 bant,
2158 3271 2374 3337 praeter
2403 3281 2635 3321 morem
2655 3264 2999 3320 exorbitans
3024 3262 3302 3335 pretium,
3336 3261 3508 3330 cujus
3524 3273 3628 3330 pe-

1965 3354 2090 3410 titio
2119 3354 2578 3411 advenientibus
2602 3353 2885 3411 omnibus
2913 3353 3067 3408 risus
3111 3356 3168 3408 et
3204 3349 3482 3406 cachinni
3529 3363 3627 3403 oc-

1965 3445 2275 3502 casionem
2299 3443 2635 3518 praebebat.
2664 3444 2862 3514 igitur,
2888 3442 3044 3508 Quid
3063 3441 3282 3497 deliras
3300 3440 3328 3493 ?
3357 3455 3395 3494 ο
3415 3438 3622 3507 homo,

1965 3532 2278 3605 inquiebat
2307 3550 2504 3591 unus:
2537 3535 2708 3604 alius,
2770 3532 3023 3601 Nugaris
3063 3536 3121 3587 et
3159 3533 3358 3586 mente
3412 3532 3624 3598 captus

1964 3621 2224 3691 videris;
2253 3625 2463 3680 tertius
2486 3623 2647 3682 aliud
2679 3621 2992 3696 quidpiam
3046 3620 3099 3675 ei
3120 3617 3442 3690 objiciebat
3464 3635 3482 3686 ;
3513 3629 3626 3670 nec

1965 3710 2214 3768 deerant
2236 3713 2341 3784 qui
2371 3712 2660 3786 colaphos
2683 3713 2738 3768 ei
2766 3710 3121 3781 inﬂigerent,
3152 3712 3257 3764 aut
3302 3708 3362 3762 in
3408 3704 3620 3760 faciem

1965 3801 2264 3858 caederent
2294 3821 2307 3869 ;
2339 3802 2863 3875 quemadmodum
2901 3799 3029 3855 ﬁeri
3059 3797 3276 3854 assolet
3304 3796 3364 3851 in
3403 3793 3624 3868 promi-

1967 3905 2116 3946 scua
2136 3890 2248 3946 fori
2276 3891 2469 3963 plebe,
2495 3891 2885 3947 utrideantur
2899 3887 3117 3953 stolidi,
3151 3891 3208 3942 et
3235 3883 3480 3941 cerebro
3501 3881 3624 3938 laesi

1965 3979 2226 4038 ludibrio
2256 3981 2615 4038 habeantur.
2641 3981 2725 4036 Ita
2747 3984 2956 4036 contra
2989 3978 3119 4048 jam
3151 3975 3382 4049 pridem
3411 3972 3624 4028 stultos

1967 4075 2147 4142 atque
2185 4069 2404 4126 deliros
2442 4071 2771 4140 insurgitur
2813 4068 3039 4140 passim
3069 4085 3082 4133 ;
3107 4071 3163 4122 et
3199 4063 3410 4136 judicii
3438 4061 3628 4117 imbe-

1967 4159 2201 4227 cillitas,
2233 4160 2493 4218 naturali
2523 4175 2848 4216 nervorum
2879 4155 3414 4227 musculorumque
3437 4151 3624 4207 disso-

1966 4249 2176 4306 lutioni
2202 4249 2583 4322 imputanda,
2615 4247 2892 4305 tribuitur
2922 4245 3066 4318 ipsis
3116 4259 3274 4316 saepe
3314 4257 3454 4298 cum
3499 4239 3624 4295 risu

1967 4343 2090 4396 tam
2123 4337 2338 4410 effuso,
2373 4343 2437 4394 ut
2460 4338 2744 4410 lacrymte
2776 4335 2855 4392 ab
2911 4334 3101 4391 oculis
3159 4331 3577 4404 exprimantur
3608 4344 3621 4383 :

1966 4429 2114 4501 quin
2145 4429 2327 4484 etiam
2367 4426 2658 4496 contingit
2703 4430 2769 4482 ut
2832 4424 3050 4481 tahbus
3105 4421 3448 4493 injiciantur
3499 4433 3626 4473 ma-

1967 4534 2102 4586 nus,
2133 4521 2564 4590 raptenturque
2589 4515 2996 4581 inclementer,
3028 4516 3088 4569 et
3113 4509 3440 4568 ludibrium
3470 4507 3545 4563 de
3562 4522 3624 4563 se

1968 4607 2232 4679 praebeat
2279 4605 2568 4662 naturalis
2633 4601 3094 4675 organizationis
3150 4598 3481 4663 infelicitas,
3531 4595 3626 4651 vel

1965 4694 2405 4751 caecutientium
2436 4693 2751 4750 oculorum
2778 4691 2992 4763 caligo,
3025 4689 3074 4745 si
3109 4689 3240 4747 haec
3267 4699 3514 4760 quoque
3537 4683 3626 4740 eis

1966 4782 2270 4842 acciderit.

2037 4931 2124 4983 42.
2156 4925 2598 4983 Ludiﬁcabatur
2628 4940 2772 4997 ergo
2793 4924 2936 4980 satis
2959 4924 3064 4978 diu
3088 4923 3175 4978 vir
3203 4919 3624 4991 gravissimus,

1965 5023 2023 5073 et
2047 5017 2152 5090 qui
2181 5031 2288 5089 per
2307 5015 2511 5071 omnia
2541 5015 2799 5071 decorus
2832 5019 2985 5081 erat,
3035 5009 3456 5084 impellebatur
3486 5007 3626 5062 hinc

1964 5105 2105 5163 inde
2128 5121 2199 5162 ac
2225 5103 2649 5176 repellebatur,
2711 5106 2765 5158 et
2795 5106 3010 5174 praeter
3036 5100 3331 5155 rationem
3358 5094 3627 5153 caedeba-

1964 5200 2085 5261 tur,
2115 5210 2217 5249 seu
2251 5192 2453 5265 potius
2489 5189 2764 5248 caedebat
2790 5190 2918 5262 ipse
2949 5188 3187 5245 hostem
3217 5184 3576 5242 invisibilem
3611 5201 3623 5238 :

1963 5285 2062 5341 hic
2111 5283 2272 5339 enim
2323 5286 2531 5337 contra
2580 5279 2900 5335 Dominum
2955 5276 3294 5334 extollendo
3336 5274 3628 5330 cervicem

1965 5370 2386 5429 miserabiliter
2423 5368 2662 5435 corruit,
2689 5367 2818 5441 ipse
2847 5382 2987 5422 vero
3017 5366 3100 5422 sic
3130 5363 3402 5420 modeste
3426 5362 3626 5418 humi-

1965 5463 2215 5534 literque
2246 5475 2308 5516 se
2334 5474 2572 5530 gerens,
2603 5471 2797 5529 usque
2827 5456 2888 5512 in
2939 5455 3159 5512 coelum
3211 5451 3625 5517 extollebatur,

1967 5551 2161 5608 factus
2191 5549 2374 5606 etiam
2429 5546 2658 5618 angelis
2711 5544 3109 5602 admirabilis.
3169 5543 3435 5600 Tandem
3483 5556 3628 5597 vero

1967 5641 2355 5719 antiquorum
2379 5638 2508 5718 ejus
2534 5635 2901 5694 famulorum
2941 5635 3265 5710 quispiam,
3331 5631 3626 5719 curiosius

1965 5716 2402 5799 eum'intuitus,
2422 5716 2493 5784 et
2514 5724 2724 5784 oculos
2753 5724 2816 5781 in
2841 5723 3124 5798 eumdem
3145 5724 3490 5807 constanter
3519 5716 3627 5806 de:
