2045 3198
239 174 290 203 863

841 171 1070 203 GONS’I‘ANTINI
1086 171 1330 204 ACROPOLITE.

1874 176 1929 205 884

239 236 346 272 ﬁgens,
356 233 497 270 cognovit
509 233 610 271 ipsum
625 241 703 268 esse,
716 234 803 271 cujus
814 234 963 265 famulitio
972 235 1070 264 fuerat

1130 235 1232 272 ἕγνωκιν
1247 236 1323 272 εἶναι,
1342 235 1374 263 οὗ
1392 236 1456 268 τέως
1483 238 1537 268 τοῖς
1569 236 1730 273 προσπόλοὶς
1759 238 1929 267 συντέτακτο.

240 280 397 316 ascriptus.
409 280 474 309 Mox
487 281 589 308 autem
602 279 634 307 in
649 281 782 309 mentem
795 281 985 309 recurrerunt
996 287 1070 317 opes

239 326 268 353 et
283 324 377 360 gloria
391 323 448 352 viri
480 324 616 360 pristina,
646 324 707 353 fors
728 324 819 353 etiam
837 324 1008 361 benignitas
1034 331 1070 353 ac

239 369 443 398 mansuetudo
467 377 541 405 erga
561 369 694 398 famulos
710 369 931 399 observabatur
943 370 1047 399 animo
1061 378 1068 402 ;

240 422 370 450 eumque
397 421 483 449 egere
509 422 615 450 reapse
640 414 860 450 suspicabatur,
891 415 929 449 ei,
961 414 1014 451 qui
1038 415 1070 442 in

240 458 410 492 adversam,
422 461 455 487 ut
465 459 559 492 aiunt,
574 459 725 487 fortunam
736 459 913 495 impegerat,
926 459 1001 487 bene
1011 459 1070 487 vel-

239 502 267 530 le
282 503 453 539 incipiebat.
470 504 567 531 Bonus
583 511 653 539 ergo
666 504 715 532 ille
729 503 869 539 famulus,
883 504 965 532 bona
980 504 1070 532 etiam

241 547 377 583 cogitans
395 548 512 582 (solent
540 549 619 577 enim
644 549 775 577 dominis
798 549 870 583 suis,
900 551 932 576 ut
951 548 1068 582 dicitur,

242 592 319 620 servi
344 600 408 620 esse
437 593 574 628 similes)
598 593 859 621 indiscriminatim
888 593 1068 626 numeravit,

241 639 388 673 quantum
412 645 465 674 pro
500 638 607 674 sportis
633 638 828 673 exigebatur:
860 640 887 666 et
912 638 1002 666 veluti
1032 637 1070 665 de

242 683 395 709 contractu
409 682 465 710 sibi
492 682 668 717 gratulatus,
699 691 716 710 a
749 682 869 718 negotio
897 683 1070 719 importuno

242 733 311 753 eum
323 726 477 759 subtraxit,
492 727 544 763 qui
557 729 589 754 ut
612 727 717 763 procul
734 734 752 754 a
767 726 846 754 curis
875 726 1070 755 saecularibus

242 771 362 805 viveret,
379 772 500 806 negotia
519 771 622 799 omnia
636 771 840 800 abdicaverat.
858 772 902 799 Sic
916 771 967 808 qui
983 773 1071 799 antea

241 815 378 851 plurimis
394 816 562 852 stipabatur
579 815 739 852 equitibus,
756 823 837 843 nunc
853 816 934 844 solus
966 817 1073 843 Dama-

242 868 292 888 sco
310 861 478 895 egrediens,
498 863 576 889 retro
590 861 670 889 unde
685 864 805 890 venerat
838 861 944 889 rediit:
974 868 1073 897 neque

1125 282 1253 318 Παραυτὰ
1285 284 1348 317 γοῦν
1382 283 1427 308 καὶ
1472 281 1586 308 πλούτου
1635 281 1851 319 ὰνιμιμνὴαπο,
1884 286 1931 310 καὶ

1125 323 1205 358 δόξαν
1224 325 1398 362 ἀνιλογίξετο,
1413 326 1486 362 τάχα
1500 324 1526 353 δ’
1542 325 1572 353 ἂν
1590 328 1636 353 καὶ
1655 329 1703 357 τὴν
1716 328 1784 365 πρὸς
1805 329 1836 354 τὸ
1861 327 1932 354 εἱλω-

1124 372 1196 397 τικὸν
1211 371 1312 407 εὐμενὲς
1340 370 1420 397 αὐτοῦ
1446 372 1492 397 καὶ
1518 370 1639 406 γαλήνιον
1665 371 1865 410 παριισικύκλιι
1892 376 1932 408 τῷ

1124 414 1253 451 λογισμῷ,
1269 418 1314 441 καὶ
1332 419 1432 452 χρῆναι
1464 416 1567 447 πάντως
1599 415 1761 452 ἐπιλογίζπο
1787 418 1834 443 καὶ
1861 416 1934 444 ἄναν-

1124 462 1168 485 τία
1181 469 1219 495 γε,
1236 459 1249 486 ὃ
1263 469 1337 495 φασι,
1351 462 1522 497 περιτυχόντι
1536 464 1572 496 τῷ
1602 458 1709 497 δαίμονι
1734 460 1837 489 εὐνοεῖν.
1857 465 1933 499 Χρηο

1126 505 1174 530 στὰ
1193 508 1254 540 γοῦν
1269 505 1351 534 οὕτως
1370 505 1383 530 ὁ
1398 507 1518 541 χρηστὸς
1538 504 1629 536 ἐκεῖνος
1653 509 1708 536 τοῖς
1731 508 1838 542 τρόποις
1859 506 1931 533 οἰκί-

1125 559 1170 579 της
1203 548 1330 580 ἐννοηθεὶς
1358 549 1368 585 (
1393 550 1464 576 ε’ίωθε
1496 552 1540 576 καὶ
1562 551 1613 587 γὰρ
1641 554 1695 581 τοῖς
1720 551 1866 588 ἄρχουσιν,
1895 552 1932 583 ὥς

1126 603 1201 630 φασι,
1227 594 1461 630 συνεξομοιοῦσθαι
1500 596 1529 621 τὸ
1559 595 1734 633 ὑποχείριον)
1767 593 1931 631 ἀδιακρίτως

1125 638 1220 664 ὁπόσον
1241 638 1282 664 ἐπὶ
1312 642 1371 669 ταῖς
1405 642 1530 675 σπυρίσιν
1556 638 1681 676 ἀπῃτεῖτο
1710 638 1926 677 καταϐαλόμενος,

1125 686 1169 709 καὶ
1184 683 1417 719 ἐπενχαριστήσας
1443 685 1528 721 ὥσπερ
1547 688 1593 710 τοῦ
1627 684 1851 721 συναλλάγματος,
1880 686 1929 722 μό-

1125 728 1164 759 λις
1190 727 1321 759 ἀπήλλαξε
1336 730 1497 766 πραγμάτων
1526 731 1570 755 τόν
1596 730 1660 766 ὑπὲρ
1689 733 1734 756 τοῦ
1759 729 1934 767 ἀπραγμόνως

1127 772 1210 803 ζῆσαι
1234 772 1343 799 πλεῖστα
1369 774 1436 799 πάνυ
1461 778 1511 799 τῶν
1544 775 1704 811 πραγμάτων
1729 773 1934 811 ἆποϐαλόμηον.

1129 819 1178 843 Καὶ
1191 818 1279 853 γοῦνό
1299 819 1349 854 πρὸ
1369 822 1414 844 τον
1429 818 1560 850 πλείστοις
1580 820 1621 845 ὅτι
1646 823 1698 849 τοῖς
1728 820 1851 850 ἱππόταις
1878 829 1936 846 πα-

1128 865 1334 899 ραπεμπόμενος,
1377 867 1525 899 μονώτατος
1563 867 1606 893 τὴν
1668 865 1806 901 Δαμασκον
1847 864 1936 897 ἐξιὼν,

242 904 323 932 enim
354 912 509 940 regressus
542 905 653 941 fuisset,
683 906 740 934 nisi
765 906 909 934 mandato
943 908 1071 941 expleto,

1130 907 1283 945 παλίνορσος
1303 906 1423 944 βαδίζων
1451 908 1602 940 ἀνέζευξεν·
1630 907 1692 935 οὔδὲ
1714 910 1765 946 γάρ
1794 909 1826 935 ἂν
1855 908 1937 936 ἄπαν-

242 950 383 986 quamvis
394 950 566 986 contigisset
577 951 603 978 ei
619 952 773 980 immorari
786 952 898 980 diutius
916 960 922 979 :
938 954 966 980 et
976 952 1075 987 potius

243 995 399 1022 circuisset
413 997 475 1023 tota
490 996 550 1023 vita
563 1004 619 1024 sua
640 996 715 1024 inter
734 996 864 1024 ludibria
893 996 1076 1033 exprobran-

243 1039 328 1072 tium,
338 1039 421 1075 quod
430 1039 503 1068 viles
510 1040 626 1068 reculas
635 1043 696 1069 tam
702 1041 793 1069 charo
800 1044 971 1077 exponeret,
982 1049 1075 1077 quam

243 1084 337 1112 Patris
345 1084 388 1111 sui
397 1084 557 1120 spiritu-alis
564 1088 747 1122 praeceptum
755 1094 815 1114 non
822 1088 898 1114 esset
905 1089 1073 1114 excecutus:

243 1128 329 1156 rediit
343 1131 443 1157 autem
464 1130 584 1165 tropteis
610 1131 721 1165 gravis,
747 1138 816 1167 quae
842 1133 973 1167 superbo
997 1130 1075 1158 hosti

244 1180 388 1208 generose
400 1173 584 1202 obluctando
597 1175 775 1204 detraxerat.

283 1268 323 1295 i3.
342 1267 399 1295 Sed
416 1268 523 1304 excipit
539 1277 594 1297 nos
610 1269 701 1303 aliud,
719 1278 779 1298 non
795 1270 921 1298 dixerim
945 1269 982 1297 de
1006 1277 1074 1305 pec-

245 1314 311 1340 cato
327 1314 484 1349 tropaeum,
498 1322 600 1342 verum
614 1324 649 1343 ex
674 1323 768 1351 parva
792 1316 926 1352 quadam
943 1315 1063 1343 occasio

243 1364 281 1385 ne
292 1354 396 1392 ingens
410 1358 535 1387 facinus.
553 1361 640 1388 Beato
651 1361 713 1388 viro
727 1361 817 1388 vicini
829 1360 1009 1388 habitabant
1019 1359 1074 1387 fra~

245 1403 303 1429 tres
318 1402 390 1435 duo,
402 1403 531 1432 fraterna
542 1404 618 1433 inter
633 1413 663 1433 se
677 1405 819 1433 charitate
832 1405 985 1441 conjuncti
1000 1412 1006 1433 ς
1021 1411 1076 1431 nec

243 1446 323 1474 enim
344 1447 445 1476 minus
460 1449 516 1477 sibi
536 1450 798 1485 conjungebantur
827 1450 949 1486 spiritus
971 1456 1076 1477 eorum

244 1499 280 1519 ex
294 1493 440 1528 propositi
453 1493 648 1523 similitudine
657 1503 751 1531 quam
766 1503 893 1531 corpora
908 1503 944 1523 ex
955 1496 1076 1522 natura.

244 1537 356 1565 Horum
369 1537 443 1566 alter
459 1539 596 1568 sublatus
614 1549 630 1568 e
652 1541 727 1569 vivis
742 1541 870 1569 alterum
897 1548 972 1577 pene
998 1546 1075 1567 mor-

246 1582 331 1609 tuum
359 1582 494 1619 reliquit:
524 1592 596 1612 nam
620 1585 645 1613 is
670 1585 839 1613 calamitate
866 1585 925 1613 ista
954 1591 1077 1621 prorsus
1093 1597 1114 1625 ρ

244 1625 351 1661 victus,
362 1634 422 1655 non
431 1628 609 1658 admittebat
618 1630 833 1664 consolatores,
845 1638 905 1659 non
917 1629 1079 1665 recipiebat

247 1670 414 1699 hortatores
429 1680 435 1705 ;
450 1674 502 1701 sed
518 1675 687 1712 cuicunque
707 1676 814 1704 rationi
848 1683 936 1703 aures
960 1673 1079 1710 penitus

247 1715 425 1747 occluserat.
448 1721 516 1748 Post
530 1720 605 1748 alios
621 1729 691 1756 ergo
703 1721 813 1757 plures,
824 1721 863 1748 ad
875 1728 945 1747 cum
958 1725 1079 1755 quoque

246 1762 372 1790 accessit
383 1763 433 1791 illa
446 1766 658 1801 compassione
675 1766 850 1802 plenissima
865 1766 979 1800 anima,
991 1766 1082 1791 Joan-

243 1813 309 1842 nes,
331 1808 414 1836 vultu
434 1809 549 1843 hilaris,
564 1819 701 1839 sermone
725 1812 835 1844 suavis,
853 1814 881 1839 et
895 1813 1021 1846 utroque
1032 1817 1080 1836 Ve-

246 1851 398 1886 nerabilis,
415 1855 644 1892 conabaturque
664 1865 823 1884 mcerorem
840 1857 979 1884 eximere.
1002 1853 1077 1887 Quid

245 1898 345 1924 autem
375 1906 435 1926 non
450 1901 629 1935 excogitavit
643 1909 704 1937 quo
726 1902 790 1937 ejus
816 1902 953 1930 animum
981 1900 1021 1928 ad
1047 1906 1077 1926 se

245 1944 423 1972 revocaret?
435 1944 508 1979 quid
523 1953 585 1973 non
601 1947 724 1974 contulit
740 1955 777 1974 ex
799 1947 892 1975 sacris
917 1946 1075 1982 Scripturis

245 1993 306 2021 quo
319 1988 494 2022 passionem
507 1990 693 2019 consolando
715 1991 845 2020 leniret?
868 1993 1006 2025 Omnem,
1034 1993 1075 2021 uti

244 2030 362 2067 dicitur,
376 2033 507 2069 lapidem
521 2036 624 2068 movit;
639 2036 692 2063 sed
702 2036 795 2065 nihilo
806 2037 873 2073 plus
887 2037 1072 2073 proﬁciebat,

244 2082 339 2111 quam
353 2079 458 2105 statua:
480 2078 655 2115 colloquens
674 2080 720 2108 vel
745 2081 938 2109 adamantem
967 2084 1072 2109 terens.

244 2120 377 2148 Tandem
391 2123 492 2150 tamen
506 2123 591 2159 (nam
607 2125 695 2153 etiam
710 2128 793 2160 gutta
812 2126 924 2154 cadens
952 2126 1073 2154 assidue

243 2166 362 2200 petram
376 2168 522 2203 excavat)
537 2168 623 2197 rediit
638 2173 791 2207 utcunque
818 2171 856 2199 ad
873 2179 937 2200 sese
965 2180 1073 2200 mona-

245 2209 331 2239 chus.
348 2209 465 2247 sibique
478 2219 513 2239 ac
527 2215 627 2242 sensui
652 2215 814 2249 restitutus,
842 2216 1006 2252 Siquidem.
1031 2216 1071 2244 in~

244 2255 481 2302 quit,_consolari
500 2265 548 2286 me
561 2260 642 2292 velis,
660 2269 725 2296 age,
753 2268 901 2297 compone
916 2261 1010 2289 melos
1025 2262 1074 2289 ali-
1091 2276 1111 2302 ι)

244 2299 336 2336 quod,
349 2301 431 2336 quod
443 2304 654 2340 memetipsum
666 2305 848 2333 succinendo
859 2305 977 2334 dolores
986 2307 1074 2335 infor-

245 2345 319 2372 tunii
331 2346 389 2373 mei
404 2347 526 2382 leniam,
544 2350 595 2385 qui
609 2350 639 2377 in
655 2350 788 2378 animam
806 2358 905 2378 meam
920 2351 1073 2380 incurren-

246 2391 300 2424 tes,
316 2390 498 2420 intellectum
514 2393 695 2423 conturbant
706 2397 733 2423 et
751 2403 802 2423 cor
814 2403 915 2424 meum
927 2396 1073 2432 quodam-

244 2435 336 2463 modo
350 2435 562 2473 depascuntur.

279 2580 325 2607 44.
346 2577 396 2606 Cui
420 2577 560 2613 Joannes,
578 2579 611 2605 Et
630 2585 701 2613 qua,
726 2577 831 2615 inquit,
862 2579 978 2608 ratione
1008 2579 1072 2607 ﬁeri

243 2624 361 2660 poterit,
377 2625 408 2651 ut
420 2622 511 2651 Patris
522 2622 700 2650 mandatum
714 2624 1072 2660 transgrediar,absolute

241 2667 376 2704 jubentis
388 2667 536 2695 abstinere
551 2675 568 2696 a
583 2675 764 2704 quocunque
778 2668 927 2704 ejusmodi
941 2668 1072 2703 cogitatu

246 2713 293 2742 vel
308 2720 398 2749 opere
413 2712 426 2740 ‘I
442 2713 534 2746 Levis,
547 2713 709 2749 respondet
723 2713 805 2747 alter,
820 2714 884 2742 haec
897 2713 1072 2741 inobedien-

246 2759 294 2786 tim
304 2757 402 2793 culpa,
418 2760 554 2794 respectu
565 2758 697 2787 utilitatis
712 2766 728 2786 e
739 2766 885 2786 converso
896 2758 1072 2795 provenian-

245 2802 282 2831 tis
297 2811 303 2830 :
318 2803 452 2830 animam
476 2802 556 2830 enim
584 2805 760 2832 maerentem
789 2802 992 2831 consolaberis
1020 2811 1073 2831 seu

242 2847 346 2884 potius
358 2847 499 2877 retinebis
509 2847 708 2884 deﬁcientem,
720 2856 754 2878 ac
763 2856 839 2885 pene
847 2848 911 2884 jam
921 2856 1073 2885 egressam

1130 952 1191 981 ῆλθε
1204 955 1238 988 μὴ
1269 954 1296 978 τὸ
1330 954 1386 979 κατ’
1421 953 1522 982 ἐντολὴν
1554 953 1694 988 ἓκπλήσας,
1728 953 1776 980 κᾶν
1809 954 1878 980 οὕτω
1903 964 1939 990 γε

1130 999 1212 1033 τυχόν
1228 997 1263 1028 εἰς
1295 999 1393 1034 μακρὸν
1427 999 1493 1034 ἄγαν
1524 999 1727 1036 ὑπερημέρησι·
1762 999 1856 1025 θᾶττον
1881 1000 1938 1036 γὰρ

1130 1042 1160 1067 ἀν
1184 1044 1290 1079 περιιὼν
1318 1046 1363 1069 καὶ
1385 1044 1539 1079 παιζόμενος
1577 1044 1674 1069 οὑτωσὶ
1694 1043 1789 1070 πολλοῦ
1804 1044 1840 1070 τὰ
1864 1053 1938 1080 φαν-

1129 1086 1225 1113 λοτατα
1261 1089 1421 1123 ἐκτιθέμενος
1455 1091 1502 1117 τήν
1538 1090 1606 1120 ζωὴν
1637 1088 1814 1125 ἐξεμέτρησεν,
1843 1088 1858 1118 ἣ
1887 1092 1937 1116 τοῦ

1129 1135 1305 1167 πνευματικοῦ
1334 1134 1435 1168 Ματρὸς
1477 1132 1551 1161 ἀτελῆ
1590 1137 1692 1169 παρῆκε
1728 1135 1776 1162 τὴν
1805 1131 1936 1163 ὒντολήν-

1130 1176 1195 1205 πλὴν
1226 1176 1278 1202 ἀλλ’
1318 1178 1428 1206 ἐπανῆκε
1481 1180 1669 1214 τροπαιοφόρος
1703 1180 1749 1204 καὶ
1787 1178 1937 1216 ὑπίροφρυν

1129 1225 1251 1257 γενναίως
1270 1222 1471 1254 καταπαλαίσας
1490 1222 1640 1250 ἀντίπαλον.

1165 1271 1221 1307 μγ’.
1244 1271 1310 1298 Ἀλλ’
1339 1270 1477 1307 ἐκδέχεται
1506 1273 1576 1308 ἡμᾶς
1598 1273 1690 1309 ἕτερον,
1720 1271 1768 1298 οὐκ
1785 1271 1815 1298 ἂν
1835 1273 1938 1310 εἴποιμι

1131 1315 1319 1352 ἀποπτώματος
1356 1319 1491 1353 τρόπαιον,
1531 1316 1583 1342 ἀλλ’
1609 1316 1636 1342 ἐκ
1672 1319 1768 1354 μικροῦ
1795 1326 1862 1347 τινος
1887 1321 1937 1344 τοῦ

1132 1360 1303 1397 σνμϐάματος
1326 1364 1393 1397 μέγα
1412 1362 1468 1387 λίαν
1507 1361 1662 1399 ἀρίστενμα.
1690 1364 1805 1398 Μοναχώ
1829 1369 1883 1387 τινε
1896 1366 1936 1397 τῷ

1130 1408 1251 1442 μακαρίῳ
1279 1408 1324 1442 μὲν
1372 1406 1512 1444 ἀγχιθύρω
1541 1406 1718 1442 ἐτυγχανὲτην
1743 1408 1805 1439 ἅντε,
1826 1403 1934 1442 ἀδελφὼ

1132 1449 1161 1477 δε
1181 1453 1263 1480 ἤστην
1291 1451 1419 1485 ἀλλήλοιν,
1449 1454 1494 1477 καὶ
1522 1453 1667 1488 ἐφρονείτην
1695 1450 1842 1488 ἁδελφικά·
1878 1451 1937 1487 οὐχ

1132 1496 1207 1523 ἧττον
1231 1496 1280 1532 γὰρ
1320 1495 1347 1521 ἐκ
1387 1497 1561 1533 προαιρέσεως
1591 1496 1768 1525 συνεπτεσθην
1793 1499 1829 1531 τῷ
1854 1496 1938 1521 πνεύ-

1131 1549 1194 1576 ματι
1210 1540 1223 1569 ἢ
1241 1543 1293 1570 τοῖς
1308 1543 1427 1576 σώμασιν
1442 1540 1492 1566 ἀπὸ
1523 1542 1630 1576 φύσεως.
1656 1541 1760 1567 Τούτων
1792 1541 1884 1578 ἅτερος
1912 1539 1939 1572 ἐξ

1133 1583 1272 1621 ἀνθρώπων
1301 1587 1446 1621 γενόμιῇιος,
1472 1589 1566 1622 μικροῦ
1608 1587 1695 1622 νεκρὸν
1728 1584 1849 1612 κατιλιπε
1891 1585 1939 1612 θοὶ-

1132 1639 1225 1667 τιρον·
1242 1633 1271 1665 τῇ
1301 1632 1352 1667 γὰρ
1386 1634 1508 1667 συμφορᾷ
1533 1631 1666 1668 κατάκρας
1695 1629 1787 1660 ἐκεῖνος
1820 1629 1940 1661 ἑαλωκὼς

1134 1675 1332 1712 παρακλήτορας
1358 1675 1387 1701 οὐ
1411 1677 1544 1711 προσίετο,
1572 1676 1727 1711 πάραινέτας
1764 1674 1793 1701 οὗ
1827 1672 1942 1711 παρεδί-

1136 1730 1208 1756 χετο,
1226 1720 1348 1751 καθάπαξ
1364 1719 1393 1746 δὲ
1415 1722 1477 1756 πρὸς
1492 1721 1576 1746 πάντα
1601 1719 1676 1755 λόγον
1690 1722 1738 1749 τὴν
1766 1719 1847 1749 ἀκοὴν
1873 1718 1942 1746 ἀπο-

1135 1765 1277 1792 κέκλειστο.
1306 1765 1382 1791 Ἀλλὰ
1406 1767 1529 1802 πρόσεισι
1553 1766 1636 1800 τούτῳ
1659 1766 1723 1801 μετὰ
1749 1766 1867 1800 συχνοὺς
1889 1763 1943 1790 ea-

1135 1810 1193 1840 λους
1213 1813 1255 1835 καὶ
1269 1811 1283 1839 ἡ
1314 1810 1519 1846 συμπαθεστάτη
1540 1809 1630 1845 ψυχὴ,
1645 1810 1658 1835 ὁ
1684 1808 1782 1845 γλυκὺς
1808 1809 1943 1843 Ἰωάννης,

1134 1857 1147 1881 ὁ
1158 1858 1201 1881 καὶ
1212 1858 1259 1884 τὴν
1273 1855 1332 1890 ὄψιν
1347 1853 1425 1887 ἡὸὺς,
1441 1857 1485 1880 καὶ
1500 1856 1543 1880 τόν
1563 1854 1638 1890 λόγον
1665 1855 1761 1891 πραῢς,
1781 1856 1827 1880 καὶ
1860 1851 1944 1880 επιει-

1133 1905 1182 1930 κὼς
1196 1899 1331 1936 αἰδέσιμος
1347 1899 1406 1925 κατ’
1435 1899 1578 1936 ἀμφοτερα,
1605 1901 1650 1925 καὶ
1678 1897 1712 1928 δὴ
1743 1897 1863 1935 ἐπειρᾶτο
1889 1903 1943 1930 τῆς

1132 1944 1243 1976 ἀκηὸίας
1272 1944 1469 1981 ἀναλαμϐάνειν,
1499 1946 1525 1970 τί
1551 1946 1596 1980 μὲν
1620 1946 1656 1981 μὴ
1687 1943 1845 1981 ἀνευρίσκων
1873 1944 1944 1980 mzp'

1131 1991 1221 2017 ἑαυτοῦ
1235 1991 1320 2016 ἱκανὸν
1336 1989 1516 2027 παρακαλέσαι
1541 1989 1635 2025 ψυχήν
1657 1998 1663 2023 ;
1687 1991 1713 2015 τί
1743 1987 1773 2015 δί
1800 1990 1837 2025 μὴ
1861 1990 1942 2025 ποιρὰ

1128 2040 1178 2061 τῶν
1209 2038 1314 2072 Γραγῶν
1332 2034 1499 2070 ὶπισυνείρων
1533 2035 1598 2072 πρὸς
1625 2035 1654 2060 τὸ
1674 2036 1819 2069 κατασχεῖν
1838 2034 1868 2059 τὸ
1883 2033 1941 2060 πά-

1130 2081 1171 2110 θος
1185 2080 1426 2118 παραμυθήσασθαι
1441 2088 1447 2112 ;
1463 2080 1551 2105 Πάντα
1574 2079 1668 2111 κοίλων,
1685 2079 1699 2105 ὅ
1727 2087 1816 2114 φασιν,
1845 2077 1888 2104 ἕπὶ
1903 2081 1939 2106 τὸ

1405 2135 1411 2140 -
1439 2123 1492 2149 ἀλλ’
1521 2122 1552 2152 ἧν
1580 2124 1667 2160 ὥσπερ
1690 2121 1827 2160 ἀνδριάντι
1850 2132 1939 2160 προσ-

1655 2169 1679 2194 Ἀ
1685 2170 1791 2204 νανήφει
1816 2170 1897 2204 μόγις
1923 2169 1936 2195 ὀ

1128 2214 1395 2252 μοναχὸς(ν.οιλαίνιι
1407 2215 1458 2251 γὰρ
1473 2212 1612 2249 ἐνδελεχὴς
1639 2215 1683 2239 καὶ
1705 2214 1800 2250 πέτραν
1827 2212 1935 2250 ῥανὶς),

1129 2125 1223 2151 ἀνύσαι
1243 2127 1375 2153 κεκίνηκεν

1128 2170 1223 2206 ομιλων
1253 2171 1266 2199 ἦ
1297 2169 1418 2205 περιξέων
1447 2167 1586 2204 ἀδάμαντα
1617 2179 1623 2186 ·

1128 2264 1172 2287 καὶ
1188 2261 1211 2287 ἐν
1227 2261 1308 2296 ἐαυτῷ
1322 2263 1432 2296 γίνεται,
1448 2262 1493 2285 καὶ
1509 2259 1543 2289 εἰς
1569 2260 1753 2294 συναίσθῆναι,
1779 2260 1858 2294 φησὶ,
1888 2261 1935 2286 καὶ

1127 2309 1170 2332 καὶ
1199 2310 1272 2342 γοῦν,
1316 2307 1345 2332 Εἴ
1371 2315 1402 2341 με
1431 2304 1520 2341 βούλει
1561 2303 1774 2340 παρακληθῆσιν,
1806 2304 1930 2341 ἔρχεταί·

1128 2351 1298 2386 εὐθυμότερον
1325 2349 1417 2380 ἐθέλεις
1451 2349 1606 2380 θεάσασθαι,
1635 2349 1681 2384 οἶγε
1709 2349 1798 2379 σύνθες
1826 2357 1864 2381 τι,
1887 2350 1934 2374 καὶ

1127 2394 1290 2432 μελῳὸησον,
1306 2395 1373 2431 ᾧπερ
1399 2394 1428 2420 ἂν
1457 2394 1568 2430 ἐμαυτὸν
1595 2391 1748 2429 κατεπᾴδων
1769 2394 1803 2419 τὰ
1829 2392 1857 2419 ἐκ
1884 2397 1934 2424 τῆς

1128 2443 1264 2477 συμφορᾶς
1296 2440 1367 2468 πάθη
1409 2439 1569 2476 κοιμίζοιμι,
1599 2438 1664 2464 οἶττα
1699 2448 1745 2474 μοι
1770 2439 1818 2467 τὴν
1836 2437 1932 2475 ψυχὴν

1127 2485 1248 2518 ἐκϐαίνει,
1278 2487 1322 2511 καὶ
1349 2482 1439 2514 δεινῶς
1470 2484 1593 2520 ταράττει
1633 2484 1677 2509 τὸν
1707 2482 1845 2519 λογισμὸν,
1886 2484 1932 2510 καὶ

1126 2533 1172 2559 τὴν
1188 2528 1300 2567 καρδίαν
1316 2530 1402 2566 ὥσπερ
1419 2526 1638 2565 καταδαρὸάπτει
1652 2537 1712 2564 μου.

1162 2577 1219 2615 μὸ“.
1242 2580 1291 2605 Καὶ
1320 2579 1357 2611 ὃς,
1387 2580 1438 2604 Καὶ
1459 2582 1514 2608 πῶς
1545 2576 1575 2603 ἆν
1603 2579 1649 2606 τήν
1675 2577 1806 2614 πατρικὴν
1830 2575 1930 2606 ἐντολὴν

1126 2621 1282 2659 περιίδοιμι,
1313 2622 1471 2654 ἁπαξαπλῶς
1503 2621 1691 2657 ἐπισκήψασαν
1720 2621 1930 2659 ἁποστρᾶγεσθιι

1126 2669 1193 2694 οἶπαν
1206 2678 1234 2704 γε
1262 2671 1377 2694 τοιοῦτον
1403 2670 1448 2693 καὶ
1474 2666 1607 2703 μελέτημα
1635 2668 1682 2692 καὶ
1719 2665 1850 2702 ἐνέργημα
1874 2664 1929 2700 ;’θ

1127 2712 1167 2747 δὲ,
1182 2714 1281 2749 Μικρὸν
1294 2713 1352 2739 ἴσθι
1370 2713 1398 2738 τό
1428 2715 1474 2743 τῆς
1503 2715 1639 2748 παρακοῆς
1666 2711 1767 2741 ταύτης
1790 2709 1929 2747 ἀμπλάκη-

1126 2768 1163 2794 μα
1193 2759 1258 2794 πρὸς
1286 2759 1314 2783 τὸ
1355 2756 1382 2783 ἐκ
1405 2760 1452 2787 τῆς
1487 2758 1605 2787 ὑπακοῆς
1632 2753 1716 2786 τῆσδε
1745 2756 1903 2793 κατόρθωμα
1919 2764 1927 2772 ·

1125 2803 1219 2839 ψυχήν
1255 2802 1301 2828 οὐκ
1341 2800 1505 2838 ὀδυνωμένην
1540 2801 1740 2839 παρακαλέσας,
1780 2801 1796 2831 ἣ
1833 2799 1928 2837 μᾶλλον

1128 2847 1295 2874 ἐκλείπουσαν
1322 2846 1426 2882 ἐφέξεις,
1464 2848 1509 2873 καὶ
1532 2849 1629 2884 μικρσῦ
1656 2843 1712 2872 διῖν
1750 2844 1926 2882 august?”
