4090 6454
215 329 309 387 865

1412 329 1483 385 IN
1525 329 1583 386 S.
1612 328 1817 387 JOAN.
1844 320 2377 397 ,DAHA‘SCENUMu

3460 338 3580 401 866’

215 456 571 527 συντηρήσεις,
619 454 648 513 ἦ
693 457 785 508 καὶ
825 452 1175 514 ἒπανασώσεις
1219 459 1291 524 τῷ
1351 458 1576 526 σώματι.
1625 453 1685 507 Ὁ
1741 451 1810 507 δὲ·

1929 454 2305 513 aonservabis
2327 453 2420 511 vel
2439 438 2620 512 etiam
2636 457 2871 530 corpori
2890 474 3001 516 suo
3026 459 3318 518 restitues.
3334 462 3573 521 Abnue-

212 544 437 604 Ἰωάννης
489 547 580 596 καὶ
627 539 778 606 αὖθις
828 541 1046 611 ἀνένευε,
1106 546 1196 595 καὶ
1247 537 1399 604 αὖθις
1454 542 1616 602 αὐτὴν
1672 542 1810 596 ἐντο-

210 631 295 692 λήν
356 630 695 708 προεϐάλλετο
749 653 764 667 ο
834 633 861 685 6
915 629 975 686 δε
1018 630 1178 693 πολὺς
1232 635 1324 684 καὶ
1352 630 1508 685 πάλιν
1574 630 1808 697 ἐνέκειτο,

210 726 294 775 καὶ
351 727 725 796 φορτικώτερος
782 722 1074 792 ὑπετίθετο,
1145 718 1397 795 λιπαρῶν,
1478 718 1806 794 ἀναγκάζων,

206 810 503 884 μειλίσσων,
540 808 924 883 ἕκϐιαζόμενος,
970 815 1022 863 τί
1089 813 1180 883 μὶν
1224 809 1284 862 οὗ
1329 808 1512 881 λέγων,
1551 814 1603 862 τί
1642 807 1702 863 δὲ
1739 813 1811 883 μὴ

204 901 437 975 πράττων
483 906 584 951 τῶν
632 900 733 952 ὅσα
790 895 1056 952 δυσωπεῖν
1110 895 1251 951 οἶδεν
1280 899 1549 973 ἄνθρωπον
1597 917 1611 968 ;
1653 896 1810 973 ἀκρι-

204 988 454 1047 ϐεστάτην
493 986 542 1040 ἐν
581 987 746 1061 ἐαυτῷ
784 992 879 1047 τὴν
918 996 1019 1040 τῶν
1056 994 1228 1041 Λιτῶν
1270 988 1384 1060 (18)
1432 987 1603 1042 εἰκόνα
1641 983 1814 1040 διετύ-

201 1096 300 1131 που
352 1098 366 1112 ο
399 1082 490 1130 καὶ
517 1078 701 1139 ὁποίας
745 1078 770 1130 ὁ
820 1081 1303 1150 προσωποποιὴσας
1350 1080 1541 1139 ταύτας
1595 1079 1810 1152 ἐνέγρα-

199 1165 285 1238 ψε,
342 1168 589 1228 τοιαύτας
639 1164 822 1226 ἐκεῖνος
866 1166 1108 1240 ἄντικρυς
1149 1163 1444 1229 ἐξεικόνιξεν
1501 1186 1515 1199 ο
1569 1162 1680 1218 εἶπέ
1730 1184 1812 1227 τις

199 1253 282 1324 ἂν,
324 1254 370 1308 εἰ
397 1258 710 1329 παρέτυχεν,
752 1257 823 1316 ὡς
852 1256 1071 1327 ἄριστος
1119 1258 1272 1315 ὄντως
1324 1263 1423 1306 τῶν
1484 1262 1581 1317 τῆς
1633 1252 1810 1329 ῥαψῳ-

203 1341 321 1407 δίας
351 1344 504 1407 οὗτος
552 1345 862 1420 ὑποκριτής.
900 1343 959 1398 Ὁ
1000 1341 1050 1397 δ’
1091 1342 1341 1417 ἀκαμπής
1378 1348 1469 1397 καὶ
1521 1344 1687 1406 οὕτως
1726 1341 1810 1414 ἧν,

201 1437 291 1488 καὶ
333 1429 603 1495 ἀνένδοτος
643 1430 868 1507 διέμενεν
908 1433 982 1495 εἰς
1018 1436 1078 1486 τὸ
1124 1432 1385 1503 παντελες,
1440 1441 1538 1496 τῆς
1605 1431 1813 1496 ἐντολῆς

208 1521 286 1575 ἀεὶ
335 1526 654 1596 μεμνημένας
721 1527 811 1575 καὶ
870 1527 1149 1597 προτείνων
1209 1519 1497 1584 διαπαντὸς
1557 1522 1630 1585 εἰς
1682 1541 1811 1597 παρ-

201 1616 428 1683 αίτησιν,
479 1615 572 1664 καὶ
614 1613 686 1685 μὴ
738 1612 799 1664 ἄν
856 1630 918 1684 γε
966 1619 1039 1682 τῷ
1091 1613 1267 1686 τρόπῳ
1325 1608 1813 1687 ἀπισχυριζόμενος

193 1698 472 1766 ἀθετῆσαι,
525 1703 593 1763 ὡς
651 1696 853 1754 ἐνθένδε
902 1704 997 1759 τὴν
1046 1704 1311 1771 σωτηρίαν
1362 1697 1810 1774 ἀπεκδεχόμενος-

1915 544 2027 602 bat
2074 542 2467 602 nihilominus
2516 546 2777 601 Joannes
2801 551 2859 603 et
2897 547 3112 605 iterum
3159 550 3573 622 praetendebat

1917 632 2129 691 datum
2160 631 2289 689 sibi.
2305 637 2672 706 praeceptum
2704 649 2720 701 ;
2749 648 2861 691 nec
2888 635 3156 694 instabat
3182 638 3384 695 minus
3399 639 3568 707 alter,

1918 721 2296 793 graviterque
2356 719 2749 778 incumbebat
2797 723 3216 796 supplicando,
3269 727 3568 798 cogendo,

1915 808 2300 880 blandiendo,
2343 808 2491 865 nihil
2528 825 2652 866 non
2700 810 2998 882 faciendo,
3050 829 3173 886 quo
3225 815 3571 888 persuaderi

1917 897 2150 954 homini
2176 912 2356 971 posse
2384 898 2665 956 credebat
2692 900 3021 969 genuinam
3051 901 3449 974 ipsarummet
3482 904 3571 960 Liv

1918 985 2220 1043 taniarum
2253 1002 2361 1043 seu
2385 1002 2635 1060 precum
2664 985 2994 1059 imaginem
3019 989 3085 1046 in
3131 1007 3198 1047 se
3232 991 3575 1065 exprimens

1917 1074 2392 1148 qualescumque
2445 1077 2894 1149 repraesentavit
2919 1078 2972 1134 is
3010 1079 3115 1152 qui
3150 1079 3383 1152 primus
3428 1081 3575 1138 deas

1918 1163 2074 1229 fecit,
2114 1162 2262 1220 tales
2308 1164 2682 1234 assimilavit,
2736 1169 2803 1222 ut
2847 1165 2966 1222 dici
3018 1173 3230 1240 posset
3276 1172 3575 1242 tanquam

1918 1253 2173 1327 ipsemet
2199 1253 2463 1325 optimus
2495 1254 2791 1326 poematis
2823 1255 3100 1314 imitator.
3115 1259 3334 1314 Verum
3354 1257 3432 1315 ad
3445 1258 3575 1315 haec

1921 1341 2102 1399 etiam
2154 1341 2512 1399 obﬁrmatus
2558 1344 2823 1401 Joannes
2867 1344 3222 1416 presistebat
3262 1349 3569 1415 immotus,

1922 1446 2161 1504 semper
2184 1446 2419 1487 memor
2446 1431 2746 1504 praecepti,
2778 1432 3096 1506 ipsumque
3129 1434 3194 1490 in
3244 1437 3576 1493 excusatio-

1919 1535 2061 1577 nem
2089 1519 2487 1593 praetendens,
2512 1520 2679 1593 quod
2701 1520 2867 1579 nulla
2891 1522 3121 1580 ratione
3149 1529 3353 1596 posset
3368 1524 3576 1581 infrin-

1921 1623 2082 1681 gere,
2108 1609 2250 1682 quia
2277 1624 2386 1682 per
2411 1609 2560 1666 illud
2601 1609 2964 1668 salvandum
3007 1626 3069 1668 se
3108 1612 3417 1684 sperabat.
3459 1612 3575 1670 Sed

1923 1697 2089 1765 alter,
2117 1703 2175 1756 et
2181 1698 2314 1770 jam
2336 1703 2475 1755 ante
2495 1699 2920 1772 mentisimpos
2942 1715 3067 1773 prae
3086 1700 3314 1772 dolore,
3345 1705 3405 1758 et
3431 1706 3575 1758 tunc

198 1795 300 1845 Kal
338 1789 416 1857 ὃς,
462 1792 660 1865 ἔκφρων
707 1793 797 1863 μέν
850 1788 1011 1850 ὀᾶλως
1072 1797 1144 1861 τῷ
1204 1790 1360 1843 πάθει
1406 1795 1692 1864 γενόμενος,
1729 1788 1813 1843 ἐπὶ

1929 1788 1986 1844 in
2014 1803 2208 1845 unum
2236 1788 2404 1861 quod
2444 1788 2757 1861 qurerebat
2782 1794 2906 1846 toto
2933 1790 3291 1847 incumbens
3310 1790 3572 1861 ingenio,

194 1876 253 1933 δὲ
279 1886 356 1950 τῷ
394 1879 696 1951 ζητουμένῳ
743 1885 833 1932 καὶ
874 1878 990 1932 λίαν
1038 1882 1301 1956 ἐμφρόνως
1351 1876 1810 1952 διασκεπτόμενος,

186 1977 445 2043 νουνεχῶς
495 1967 704 2023 ἀπατῶν
753 1973 844 2022 καὶ
870 1989 896 2021 ν
928 1964 964 2022 δ
969 1969 1179 2042 ιομιλῶν
1246 1975 1570 2024 συνετώτατα
1600 2013 1616 2041 ,
1672 1970 1812 2043 Ὺφέο

187 2060 308 2126 ξεις,
354 2062 503 2132 φαίη,
559 2068 654 2120 τῆς
711 2057 838 2132 ἐμῆς
890 2055 1120 2133 ἀκηδίας
1159 2057 1207 2111 ἐν
1278 2068 1447 2135 καιρῷ
1499 2064 1721 2134 κρίσεως
1750 2061 1811 2111 τό

191 2152 502 2225 κατάκριμα
540 2169 555 2182 θ
596 2145 755 2201 οἶσθα
802 2144 862 2201 δὲ
931 2149 1104 2202 ὁπόσα
1170 2152 1292 2212 τοὺς
1364 2144 1694 2210 ἀκηδιῶντας
1763 2146 1812 2201 οἱ

190 2241 419 2313 Πατέρες
472 2233 929 2298 καταδικάζουσιν
980 2257 994 2271 ο
1044 2234 1196 2292 οὐδὲν
1238 2240 1341 2314 γὰρ
1386 2246 1487 2291 τῶν
1533 2240 1637 2292 ὅσα
1673 2237 1800 2294 πλά-

188 2329 338 2389 ζεται
387 2325 510 2404 παρ’
567 2324 861 2402 ἀνθρώποις
935 2327 1111 2380 ἱκανόν
1192 2329 1449 2400 τυγχάνει
1531 2347 1623 2401 μοι
1682 2332 1813 2404 πρὸς

188 2415 550 2494 παράκλησιν,
594 2415 689 2469 οὐκ
748 2414 991 2478 ἔντευξις.
1045 2416 1152 2488 οὐχ
1216 2418 1482 2485 ὑποθήκη,
1543 2417 1603 2471 οὐ
1649 2436 1813 2493 προσ-

190 2511 395 2561 τάττων
459 2509 659 2578 πατὴρ,
730 2503 789 2557 οὗ
847 2506 1312 2579 παραμυθούμενος
1370 2503 1683 2577 ἐπιτήδειος,
1752 2507 1811 2560 οὗ

189 2596 337 2670 φίλος
376 2597 654 2670 ὁρώμενος,
716 2593 774 2646 οὐ
851 2599 1107 2667 συῃενής
1158 2593 1511 2669 ἐφιστάμενος,
1592 2596 1810 2649 συνελὼν

189 2690 319 2740 εῖπω
362 2692 468 2738 τῶν
521 2683 761 2737 ἁπάντων
826 2679 979 2736 οὐδεν
1026 2704 1039 2718 ·
1086 2685 1258 2738 πάντα
1297 2687 1400 2760 γὰρ
1459 2683 1636 2748 eam;
1687 2684 1810 2740 6mi-

190 2794 490 2850 οτραμμαι,
539 2772 704 2828 πάλαι
745 2776 835 2846 μὲν
891 2771 1297 2847 ἀποταξάμενος,
1346 2779 1459 2827 νυνὶ
1506 2771 1556 2828 δ’
1606 2773 1809 2838 ἀληθῶς

190 2862 602 2940 βδελυξάμενος.
636 2860 766 2934 Ἀγε
826 2869 974 2935 γοῦν,
1038 2864 1207 2937 Πάτερ
1265 2862 1539 2937 σεϐάσμιε,
1591 2860 1686 2917 διὰ
1729 2863 1811 2918 λό-

187 2976 287 3030 γου
333 2975 427 3029 μοι
482 2956 830 3028 προσενέγκαι
887 2955 1158 3027 φάρμακον
1230 2961 1292 3027 τῇ
1354 2952 1651 3028 δεμιωτάτῃ
1714 2973 1809 3008 σου

191 3041 421 3119 γραφίδι
470 3064 483 3078 ·
544 3041 874 3117 ἔμπλαστρόν
925 3062 1044 3095 τινα
1101 3043 1475 3117 θεραπευτικὸν
1536 3044 1813 3097 ἐπισκευα-

1921 1877 2245 1950 prudenter
2294 1876 2545 1934 omnino
2592 1892 2663 1934 ac
2725 1877 3047 1950 sapienter,
3111 1878 3433 1936 Reddenda
3469 1878 3578 1936 tibi

1921 1967 2047 2038 erit,
2078 1966 2290 2040 inquit,
2316 1966 2381 2023 in
2411 1966 2507 2022 die
2529 1966 2741 2037 judicii
2775 1966 2925 2024 ratio
2976 1967 3160 2039 hujus
3207 1968 3327 2025 mei
3354 1982 3576 2025 moero-

1918 2055 2001 2112 ris
2029 2073 2043 2111 :
2069 2055 2185 2112 scis
2226 2061 2429 2114 autem
2457 2056 2769 2129 quomodo
2798 2056 3276 2114 condemnentur
3302 2074 3342 2115 a
3397 2057 3579 2115 Patri-

1922 2144 2055 2212 bus,
2083 2144 2189 2218 qui
2207 2149 2529 2203 maerentes
2557 2144 2924 2219 aﬁiciuntinj
2935 2146 3082 2204 uria.
3106 2146 3415 2221 Quidquid
3438 2147 3581 2204 hac-

1920 2240 2092 2291 tenus
2150 2234 2425 2292 adhiberi
2503 2234 2583 2292 ab
2633 2235 2983 2293 hominibus
3035 2236 3247 2310 potuit,
3295 2236 3444 2294 nihil
3497 2236 3580 2294 ad

1921 2323 2206 2381 solatium
2230 2340 2436 2382 meum
2465 2324 2673 2396 valuit,
2705 2340 2832 2382 non
2861 2325 3227 2398 deprecatio,
3259 2342 3382 2384 non
3412 2326 3580 2401 polli-

1921 2414 2141 2481 citatio,
2172 2429 2299 2471 non
2323 2414 2682 2487 praecipiens
2712 2419 2901 2487 pater,
2932 2432 3057 2473 non
3088 2415 3399 2474 familiaris
3442 2432 3579 2475 con-

1921 2504 2148 2574 solans,
2179 2519 2305 2561 non
2336 2504 2569 2561 amicus
2604 2504 2891 2575 invisens,
2921 2521 3047 2562 non
3085 2510 3381 2578 cognatus
3421 2522 3578 2580 prae-

1919 2608 2078 2661 sens,
2101 2595 2168 2649 ut
2190 2608 2314 2649 uno
2343 2592 2540 2649 dicam
2590 2594 2801 2663 verbo,
2845 2593 2996 2651 nihil
3041 2595 3292 2653 omnino
3326 2613 3341 2652 :
3373 2596 3582 2654 omnia

1917 2682 2079 2739 enim
2098 2680 2404 2754 aequaliter
2429 2696 2692 2752 aversor,
2713 2697 2853 2752 quae
2877 2687 2936 2739 et
2950 2683 3081 2755 jam
3104 2683 3340 2757 pridem
3376 2684 3582 2742 dimisi

1919 2774 1975 2828 et
2004 2785 2166 2827 nunc
2216 2770 2399 2843 plane
2461 2769 2795 2828 abominor.
2829 2770 2934 2827 Eia
2989 2786 3154 2842 ergo,
3208 2775 3379 2830 Pater
3422 2789 3583 2831 reve-

1916 2859 2126 2931 rende,
2158 2860 2316 2932 stylo
2347 2864 2448 2919 tuo
2468 2860 2916 2932 elegantissimo
2930 2860 3172 2935 applica
3190 2862 3340 2919 mihi
3354 2878 3580 2920 sermo-

1918 2948 2012 3006 nis
2035 2949 2456 3023 pharmacum,
2480 2948 2646 3007 velut
2672 2949 3071 3022 emplastrum
3086 2950 3401 3025 quoddam
3422 2951 3583 3011 salu-

1919 3044 2070 3107 tare,
2099 3055 2224 3113 quo
2245 3038 2561 3097 sanitatem
2590 3039 2879 3112 recipiam
2898 3044 2957 3097 et
3006 3040 3213 3098 anima
3259 3041 3582 3099 retineatur

194 3154 306 3206 σον,
373 3136 489 3194 ἣτις
563 3129 933 3185 ἀνακαλέσεται
983 3135 1114 3207 πρὸς
1173 3134 1396 3205 ὑγίειαν,
1447 3136 1539 3185 καί
1589 3152 1682 3207 μοι
1719 3137 1813 3192 τὴν

1929 3128 1984 3185 in
2013 3144 2263 3202 corpore
2272 3129 2404 3202 jam
2424 3126 2757 3198 deﬁciente,
2778 3129 3123 3203 ipsamqne,
3146 3135 3213 3187 ut
3226 3129 3311 3188 ita
3325 3130 3579 3190 dixerim

188 3226 383 3297 ψυχὴν
439 3220 792 3295 παρακαθέξει
840 3229 914 3292 τῷ
966 3227 1194 3294 σώματι,
1245 3221 1665 3296 λειποθυμοῦντι,
1724 3227 1816 3276 καὶ

188 3320 392 3390 μικροῦ
434 3306 545 3365 δεῖν
589 3309 640 3363 ἐν
673 3311 818 3387 ῥισὶν
862 3310 1025 3370 αὐτὴν
1085 3315 1308 3387 φέροντι,
1358 3316 1449 3365 καὶ
1485 3313 1660 3387 ὥσπερ
1700 3310 1817 3374 ἑξα-

185 3406 490 3457 ποπνέοντι.
546 3399 690 3453 Ἵσθι
745 3401 868 3473 γὰρ,
921 3401 1033 3455 ῖσθι
1075 3402 1140 3461 ὡς
1195 3403 1244 3453 ἓν
1292 3399 1571 3476 ἀπορρήτῳ
1622 3403 1689 3453 τὰ
1725 3408 1817 3453 τοῦ

188 3494 510 3568 πράγματος
547 3492 798 3555 κείσεται,
844 3492 934 3541 καὶ
988 3485 1332 3542 οὐδοπωσοῦν
1384 3509 1509 3542 ποτε
1565 3491 1819 3566 φωραθεὶς

187 3589 266 3653 τῷ
297 3584 509 3654 γέροντι
541 3599 554 3611 ·
592 3575 689 3631 διὰ
711 3579 814 3652 γὰρ
860 3574 1136 3651 φροντιδος
1190 3576 1251 3631 ἂν
1303 3581 1508 3652 ἔχοιμι,
1545 3584 1636 3632 καὶ
1689 3599 1819 3655 προ-

188 3677 458 3747 ορώμενος
521 3666 620 3737 ἀεὶ,
663 3666 1106 3743 περικαλύπτοιμι
1182 3671 1242 3722 τό
1301 3672 1540 3724 συντεθὲν
1587 3674 1678 3723 καὶ
1729 3689 1821 3722 συ-

193 3759 498 3832 στέλλοιμι,

264 3848 367 3921 με’.
432 3848 608 3901 Πείθει
661 3848 867 3908 τούτοις
936 3848 1025 3900 τόν
1084 3847 1361 3921 συμπαθῇ,
1416 3846 1682 3919 μειλίσσει
1735 3850 1823 3901 τὸν

187 3939 402 3993 οἰκόθεν
459 3938 703 4005 εὕεικτον,
769 3933 1030 4009 ἐφέλκεται
1093 3939 1224 4011 πρὸς
1269 3938 1297 3990 ὅ
1362 3942 1453 3990 καὶ
1505 3936 1827 4010 βεϐούληται

185 4036 301 4092 τοῖς
355 4032 494 4081 πᾶσι
545 4029 604 4080 τό
643 4046 702 4099 γε
756 4025 829 4088 εἰς
877 4026 1033 4080 αὐτὸν
1081 4025 1206 4085 ἧκον
1262 4026 1579 4080 εὒέντευκτόν
1631 4045 1683 4081 τε
1729 4034 1826 4082 καὶ

187 4119 572 4193 εὐμετάφορον.
612 4116 898 4176 Συντίθησι
935 4121 1107 4170 τοίνυν
1145 4119 1426 4193 τροπάριον
1495 4116 1627 4191 (19),
1688 4118 1824 4171 οὕτω

186 4211 300 4283 γὰρ
337 4208 542 4281 ταχθεν
582 4204 753 4279 ἐκείνῳ
788 4208 855 4259 τὰ
882 4201 1064 4260 τοιάδε
1113 4205 1306 4277 καλεῖν,
1350 4207 1444 4260 οὐκ
1498 4206 1664 4269 ama);
1711 4203 1828 4261 δέον

193 4295 373 4353 εἰπεῖν
417 4318 432 4332 ο
473 4298 779 4372 τροπάριον,
811 4295 872 4349 οὐ
915 4295 1242 4369 πολύστιχον
1295 4300 1406 4371 μέν,
1461 4294 1827 4371 πολυδύναμον

195 4385 262 4443 δέ
331 4408 348 4423 ·
428 4387 456 4440 ὃ
515 4382 581 4446 δὴ
634 4390 724 4439 καὶ
782 4381 1138 4459 ἔμμελέστατα
1186 4382 1428 4460 μελῳδεῖ,
1470 4390 1565 4447 τὴν
1614 4392 1826 4461 πρώτην

197 4479 370 4542 ὅντως
430 4476 680 4551 ἁρμονίαν
747 4474 1108 4550 ἁρμοσάμενος
1185 4496 1199 4509 ο
1263 4473 1469 4549 (βούλει
1535 4476 1825 4545 πυθέσθαι)

198 4572 298 4623 καὶ
349 4567 402 4632 ὃ,
460 4565 636 4620 Πάντα
687 4569 976 4639 ματαιότης
1030 4564 1096 4618 τά
1160 4560 1477 4639 ἀνθρώπινα,
1533 4564 1634 4619 ὃσα
1719 4565 1827 4639 οὐχ

202 4657 454 4730 ὑπάρχει
511 4654 644 4728 μετά
701 4654 940 4725 θάνατον,
993 4651 1072 4711 Οὐ
1118 4658 1403 4729 παραμένει
1431 4653 1458 4705 ό
1495 4652 1733 4721 πλοῦτος,
1766 4654 1825 4706 οὐ

204 4743 492 4801 συνοδεύει
535 4745 567 4804 ἠ
618 4739 751 4808 δόξα
802 4765 816 4779 ο
858 4741 1079 4798 ἐπελθὼν
1133 4745 1235 4818 γὰρ
1294 4744 1320 4797 ὁ
1381 4744 1618 4812 θάνατος,
1662 4752 1830 4800 ταῦτα

284 4979 410 5054 (18)
431 4976 830 5054 ῐδὶῑδεκξάμθει,
861 4974 1335 5054 precesprimus
1354 4975 1415 5033 in
1437 4974 1688 5054 dearum
1719 4991 1828 5054 nu-

206 5048 458 5110 merum
478 5048 1174 5121 retulitiiomerus,cujus
1189 5048 1369 5105 etiam
1395 5053 1678 5121 poemata
1708 5049 1829 5121 dis-

206 5125 577 5197 tinguuntur
595 5122 659 5178 in
676 5119 1250 5194 Rhapsodz‘as,‘quas
1271 5119 1470 5177 Latine
1483 5120 1666 5177 libros
1685 5119 1829 5177 dici-
1862 5176 1867 5177 ,

209 5211 385 5253 mus.
406 5216 407 5219 “

285 5264 406 5339 (19)
437 5268 517 5339 De
547 5265 849 5339 tropqriis,
873 5276 1011 5339 quae
1044 5263 1247 5339 Latine
1276 5263 1597 5322 versiculos
1617 5277 1835 5339 vocare

212 5335 449 5413 possis,
481 5337 573 5395 ita;
591 5335 796 5413 scribit
812 5335 1075 5413 Zonaras
1095 5335 1175 5413 ad
1204 5338 1510 5413 Canonem
1537 5335 1835 5413 anastasi-

210 5405 401 5467 inum
425 5405 801 5478 Damasceni,
843 5410 1116 5482 Τροπάρια
1161 5405 1414 5483 λέγονται,
1447 5409 1517 5469 ὼς
1558 5409 1690 5483 πρός
1715 5410 1836 5483 Τοὺς

215 5484 442 5558 εἱρμοὺς
479 5477 790 5555 τρεπόμενα,
837 5477 949 5558 ,καὶ
1003 5477 1098 5558 τὴν
1160 5477 1419 5558 ἀναφορὰν
1492 5477 1608 5558 τοῦ
1650 5477 1838 5558 μέλους

214 5551 362 5629 πρός
412 5551 668 5629 ἐκείνου-ς’⁸
701 5553 1002 5629 ποιούμενα,
1060 5551 1124 5629 ἦ.
1161 5551 1274 5629 acqu
1298 5551 1367 5613 ὡς
1440 5551 1693 5629 τρέποντα
1717 5555 1836 5629 ’τὴν

218 5620 402 5699 φωνὴν
450 5632 552 5678 τῶν
597 5620 1019 5699 ᾀδόντῶν’πρὸς
1180 5622 1331 5699 μξλος
1369 5620 1593 5699 καῖτόν
1640 5623 1838 5699 ῥυθμόν

218 5694 332 5759 τῶν
379 5700 570 5774 εἱρμῶν
609 5694 639 5732 ⁷·
685 5697 733 5752 εἰ
768 5700 847 5772 ’μή
894 5694 998 5771 γ’ὰρ
1046 5694 1189 5772 πρὸς
1217 5694 1453 5758 ἐκείνους
1487 5696 1516 5751 6
1567 5694 1667 5749 τῶν
1701 5694 1840 5751 αὐτὰ

1923 3217 1985 3274 in
2010 3217 2262 3275 naribus
2291 3217 2576 3286 habente,
2633 3221 2990 3291 tantumque
3041 3234 3168 3277 non
3218 3219 3580 3293 exspirante.

1928 3307 2093 3366 Scias
2116 3312 2339 3376 autem,
2371 3313 2429 3365 et
2447 3312 2608 3365 certo
2640 3308 2816 3380 scias,
2845 3308 2971 3367 fore
2996 3314 3063 3366 ut
3088 3325 3184 3366 res
3209 3313 3336 3368 tota
3388 3310 3583 3368 occul-

1926 3403 1988 3456 ta
2011 3401 2256 3456 maneat
2280 3414 2479 3472 neque
2508 3413 2781 3471 unquam
2808 3397 2887 3456 ad
2907 3398 3184 3457 notitiam
3213 3399 3375 3457 senis
3425 3399 3586 3458 defe-

1927 3492 2114 3546 ratur:
2132 3487 2248 3545 hoc
2277 3487 2442 3544 enim
2460 3487 2613 3545 mihi
2638 3504 2796 3545 curae
2816 3487 3116 3562 imprimis
3140 3488 3270 3560 erit,
3340 3504 3582 3563 semper

1928 3577 2271 3652 provisuro,
2294 3580 2361 3633 ut
2374 3575 2540 3650 quod
2561 3576 2966 3651 compositum
2992 3576 3171 3635 fuerit
3193 3576 3497 3636 occultum
3529 3581 3586 3637 et

1930 3682 2221 3725 arcanum
2265 3666 2549 3724 habeam.

2004 3849 2092 3902 45.
2125 3845 2223 3902 His
2252 3843 2435 3902 vincit
2462 3844 2772 3902 hominem
2792 3843 3268 3912 misericordem,
3286 3842 3589 3905 demulcet

1935 3949 2046 3991 sua
2065 3937 2280 3991 natura
2307 3931 2656 4002 ﬂexibilem,
2689 3937 2748 3989 et
2773 3931 2852 3990 ad
2880 3933 3047 4006 quod
3071 3933 3220 4003 vult,
3242 3933 3423 3992 trahit
3479 3951 3588 4009 per

1938 4039 2004 4081 se
2029 4022 2376 4080 ducibilem.
2406 4020 2725 4096 Componit
2753 4037 2897 4094 ergo
2925 4023 3185 4081 Joannes
3231 4024 3582 4099 troparium,

1937 4113 2021 4171 sic
2051 4113 2214 4170 enim
2249 4112 2591 4170 istiusmodi
2614 4111 2808 4170 solent
2833 4128 2947 4170 nec
2995 4112 3162 4171 aliter
3206 4112 3430 4172 debent
3482 4130 3588 4188 ap-

1935 4202 2165 4277 pellari:
2195 4203 2528 4276 troparium
2549 4217 2887 4275 paucorum
2914 4217 3223 4274 versuum,
3254 4203 3359 4260 sed
3383 4205 3587 4263 multa

1935 4292 2193 4364 energies
2220 4292 2495 4366 plenum,
2520 4291 2688 4366 quod
2702 4291 2882 4349 etiam
2904 4291 3258 4350 suavissime
3279 4292 3457 4364 canit,
3490 4309 3589 4352 se-

1935 4382 2206 4440 cundum
2223 4381 2558 4441 harmoniae
2583 4396 2719 4439 vere
2736 4381 2946 4455 primae
2974 4386 3264 4439 tenorem:
3279 4387 3489 4456 estque
3510 4383 3590 4453 (si

1932 4471 2102 4529 lubet
2128 4470 2358 4545 audire)
2384 4470 2759 4543 hujusmodi:
2785 4471 3067 4529 Humana
3094 4471 3301 4530 omnia
3333 4472 3585 4546 vanitas,

1935 4577 2074 4637 quae
2102 4566 2241 4636 post
2259 4565 2516 4620 mortem
2563 4576 2690 4620 non
2737 4560 3055 4619 exsistunt.
3082 4564 3213 4619 Non
3231 4567 3594 4636 permanent

1936 4668 2105 4727 opes,
2137 4667 2264 4709 non
2283 4651 2603 4709 comitatur
2616 4651 2825 4725 gloria,
2850 4651 3232 4725 subsequens
3246 4652 3408 4710 enim
3421 4668 3590 4711 mors

1936 4741 2146 4800 omnia
2162 4741 2277 4800 ista
2297 4741 2437 4799 fecit
2453 4756 2834 4801 evanescere.
2867 4743 3247 4816 Quapropter
3261 4741 3591 4802 immortali

1936 4975 2232 5051 ψαλλόντων
2291 4975 2535 5051 φθόγγος-
2575 4974 2860 5047 εὖθύνοιτο,
2937 4973 3035 5051 οτξκ
3115 4974 3379 5051 εὔρυθμονΔ
3415 4976 3592 5051 ¹ἐσται

1936 5043 2212 5123 μέλος
2264 5043 2443 5123 ,οὐδε
2507 5043 2854 5123 ἐναρμόνιον,
2936 5043 3107 5123 οὐδὲ-Α
3156 5043 3301 5123 μέλος
3368 5046 3589 5121 λέγοιτο,

1941 5069 1997 5103 το
2062 5069 2212 5123 μεΑος
2301 5069 2425 5101 auos
2515 5069 2837 5123 εναρμονιον,
2936 5069 3060 5102 auos
3150 5069 3301 5173 sum;
3370 5069 3589 5121 Αεγοιτο,

1941 5119 2048 5175 ἀλλ’
2090 5118 2315 5195 ,ἀπηχες
2360 5124 2451 5195 καὶ
2498 5115 2824 5195 ἀνάρμοστον
2879 5123 2967 5173 καὶ
3013 5118 3146 5195 ἃῤῥυ
3182 5141 3283 5193 μου
3323 5125 3544 5195 φώνημα
3576 5136 3590 5155 ι

2013 5190 2342 5263 «Troparia
2368 5190 2651 5246 dicuntur
2673 5190 2830 5263 quia
2855 5207 2918 5247 se
2960 5190 3340 5263 convertunt
3373 5193 3455 5249 ad
3469 5190 3594 5250 tra~

1942 5269 2127 5333 ctum,
2161 5261 2218 5319 et
2237 5265 2450 5333 cantus
2472 5261 2870 5333 mutationem
2901 5262 2982 5320 ad
3001 5261 3152 5319 illud
3178 5262 3429 5329 iaciunt,
3488 5280 3598 5322 seu

1941 5332 2655 5408 vertuntquodammodo
2676 5332 2756 5390 ad
2766 5337 2979 5408 tonum
2999 5332 3597 5408 modulationemque

1944 5403 2415 5464 tractuumznisi
2470 5403 2632 5460 enim
2686 5419 2826 5461 cum
2875 5403 2988 5460 illis
3032 5404 3354 5462 concordet
3395 5403 3593 5474 tonus,

1943 5478 2078 5552 ipsa
2103 5477 2374 5552 tropei-ia
2397 5474 2741 5552 canentium
2770 5488 2896 5552 non
2923 5475 3198 5552 dicentur
3217 5491 3347 5552 esse
3384 5476 3597 5552 melos,

1946 5546 2055 5607 sed
2108 5546 2420 5622 contusus,
2457 5546 2892 5622 incompositus
2931 5550 2989 5607 et
3032 5547 3430 5608 inconcinnus
3480 5546 3600 5609 cla-

1947 5636 2184 5682 mor».
2810 5668 2813 5673 -
3270 5654 3299 5685 «ι
3388 5664 3393 5667 -
