4090 6466
227 347 318 402 860

226 464 557 542 φαιδροτάτην
600 469 794 525 ταύτην
851 474 941 522 xui
999 468 1370 543 λαμπροτάτην
1427 467 1802 540 μελανειμόνη-
1830 468 1881 520 Α

231 577 333 609 σινο
366 554 471 608 ἀλλ’
504 558 570 608 ἶν’
625 561 694 619 ὡς
725 554 839 610 δέον
881 577 940 612 σε
991 563 1394 632 καταρτίσαιμι,
1435 562 1526 609 καὶ
1587 576 1646 609 σε
1702 577 1802 629 φυ-

234 654 431 698 σιοῦσαν
489 645 856 708 καθυποτάξας
927 646 1136 699 ἅπασαν
1180 650 1374 713 οἴησιν,
1431 647 1805 717 ἀπροσκόπτως

232 740 314 793 την
360 737 482 809 πρὸς
533 739 794 808 σωτηρίαν
840 731 1126 786 διαϐαίνειν
1185 731 1638 806 καθοδηγὴσαιμι.
1697 741 1808 787 Νῦν

235 820 280 875 δ’
305 821 386 875 ἀλλ
429 821 608 876 ἔλαθον
648 822 864 896 ἐμαυτὸν
925 821 1256 896 ἀποσμήχων
1319 823 1563 893 Αἰθίοπα,
1615 824 1644 881 ἦ
1683 843 1808 898 καρ-

234 917 350 964 κίνον
403 907 647 984 βαδίζειν
705 911 836 986 ὀρθὰ
890 914 1294 985 μεταμανθάνειν
1364 911 1746 984 ἐκϐιαζόμενος,
1775 912 1806 971 ἦ

235 1000 364 1064 ξύλον
417 999 651 1073 σκαμϐὀν
727 999 1010 1054 ἀπευθῦναι
1067 1007 1399 1076 πειρώμενος,
1449 1002 1478 1060 ᾖ
1536 1005 1580 1054 εἶ
1646 1006 1698 1054 τί
1753 1019 1814 1073 γε

235 1089 343 1142 ἄλλο
394 1099 493 1142 τὼν
548 1089 760 1142 αὐτόθεν
811 1087 1273 1163 δυσμεταϐλητων,
1323 1095 1413 1142 καὶ
1468 1094 1568 1142 ἀπὸ
1617 1092 1816 1162 φύσεως

235 1187 470 1252 μεταποιῆ
483 1199 572 1230 σαι
623 1185 1019 1251 κατεπειγόμενο
1028 1199 1048 1240 ς
1061 1223 1072 1233 .

236 1266 442 1342 ραϐολὴν
519 1272 782 1340 γενοίμην,

1140 1178 1314 1232 Ἔνθεν
1355 1178 1414 1230 ἂν
1457 1184 1546 1231 xui
1603 1179 1670 1238 εἰς
1712 1199 1813 1231 πα-

873 1275 963 1320 καὶ
1043 1271 1072 1327 ἡ
1149 1273 1409 1344 παροιμία
1484 1270 1820 1329 καθηκόντως

239 1356 520 1432 ἐπιρῥηθείη
571 1377 682 1429 μοι,
716 1358 776 1416 ἣν
798 1360 932 1409 κατά
971 1365 1072 1409 τῶν
1104 1356 1335 1431 ἀφρόνως
1385 1377 1436 1409 τι
1500 1363 1590 1409 καὶ
1647 1359 1819 1429 μάτην

241 1449 730 1519 μεταχειριζομένων
789 1444 1038 1518 ἐπιφέρειν
1099 1442 1311 1498 οἴδασιν
1358 1449 1406 1498 οἱ
1442 1445 1621 1498 πολλοί
1676 1466 1688 1478 ·
1728 1449 1819 1496 καὶ¹

1407 325 1482 400 in
1521 342 1580 400 s.
1617 338 1818 400 10m.
1857 325 2362 398 musarum.
2416 318 2421 322 ’

3461 327 3569 396 8³ἵο

1912 469 1998 523 tui
2027 463 2487 522 aestimationem
2517 462 2822 533 subigens,
2852 479 2962 536 per
2988 464 3153 521 viam
3185 462 3400 521 salutis
3439 463 3568 520 sine

1913 553 2277 612 offendicula
2297 551 2731 608 transeundam
2753 552 3135 608 deducerem.
3163 555 3330 609 Nunc
3364 557 3571 609 autem

1914 643 2232 714 deceptum
2248 657 2343 696 me
2363 639 2536 694 video
2551 638 2814 695 lavando
2831 641 3187 712 Ethiopem,
3205 645 3263 696 et
3279 655 3571 697 cancrum

1916 730 2191 788 docendo
2217 729 2356 785 recti
2379 744 2620 798 gressus
2647 728 2960 794 rationem,
2989 744 3060 783 ac
3080 729 3312 799 lignum
3344 734 3571 785 tortum

1917 819 2228 891 erigendo,
2258 825 2362 875 aut
2379 818 2428 873 si
2448 817 2595 890 quid
2614 817 2778 873 aliud
2801 817 3040 874 difﬁcile
3057 822 3344 886 mutatur,
3365 822 3578 875 contra

1918 916 2199 967 naturam
2231 909 2538 965 tentando.
2573 910 2954 980 Quapropter
2984 908 3047 963 in
3076 907 3344 964 derisum
3377 907 3574 964 factus

1921 1017 2078 1065 sum,
2101 997 2482 1071 quadratque
2509 997 2570 1052 in
2596 1012 2694 1052 me
2718 996 3131 1068 proverbium,
3156 1012 3280 1068 quo
3309 996 3578 1068 plerique

1923 1093 2172 1144 utuntur
2183 1092 2388 1143 contra
2400 1101 2504 1141 eos
2517 1085 2621 1158 qui
2633 1085 2856 1157 aliquid
2881 1084 3296 1158 imprudenter
3316 1101 3386 1141 ac
3405 1084 3578 1141 stulte

1924 1176 2195 1248 aggressi
2225 1179 2366 1230 sunt
2389 1191 2402 1228 z
2423 1173 2642 1228 etenim
2665 1173 2822 1245 ccepi
2836 1173 3054 1243 facere,
3070 1189 3206 1246 quin
3232 1173 3582 1245 perﬁcinon

1925 1270 2221 1338 poterant,
2252 1268 2308 1320 et
2331 1278 2510 1334 super
2538 1277 2729 1334 aquas
2760 1261 3017 1318 scribere
3048 1261 3408 1318 volui.ch
3438 1279 3583 1336 ergo

1927 1354 2021 1409 exi
2053 1353 2271 1416 statim,
2305 1350 2598 1407 discedea
2628 1366 2745 1419 me,
2768 1349 2924 1406 vade
2943 1355 3081 1422 post
3106 1366 3454 1423 perversam
3484 1369 3584 1410 co-

1929 1441 2280 1513 gitationem
2321 1444 2512 1496 tuam.

244 1539 333 1610 γὰρ
404 1536 675 1596 ἀνηνύτοις
761 1535 1156 1608 ἐπικεχείρηκα,
1234 1541 1322 1588 καὶ
1405 1538 1492 1588 ἐπὶ
1563 1539 1810 1608 ματαίοις
1889 1528 2219 1597 ἐσπούδακα,
2285 1550 2376 1582 και
2444 1528 2649 1591 ἀληθῶς
2725 1528 2842 1581 καθ’
2913 1525 3122 1582 ὑδάτων
3193 1533 3410 1604 γράφειν
3447 1534 3592 1586 1193'-

244 1626 380 1683 ληκα.
413 1623 548 1677 Ἀλλ’
590 1624 753 1688 ἔξελθε
777 1629 836 1676 τό
865 1627 1048 1696 τάχος,
1091 1623 1183 1676 ἀπ’
1213 1623 1334 1696 ἐμοῦ
1361 1632 1530 1696 γενοῦ,
1572 1629 1662 1676 καὶ
1693 1631 1789 1685 τῆς
1821 1630 1915 1682 σῆς
1945 1621 2112 1674 ὀπίσω
2139 1626 2369 1695 πονηρᾶς
2401 1615 2639 1678 διανοίας
2666 1619 2975 1690 παρεύθητι.

305 1729 403 1805 μζ.
447 1731 507 1789 Ὀ
565 1728 613 1784 δ’
684 1731 1028 1804 ἀπαράκλητα
1093 1733 1294 1803 ίθρηνει
1336 1737 1528 1802 πεσὼν,
1583 1736 1672 1784 καὶ
1726 1735 1822 1789 τὴν
1854 1742 1892 1795 Β

227 1824 399 1874 ἀἰτίαν
449 1841 501 1874 τε
547 1820 839 1895 ἐξηγόρευε,
907 1826 998 1873 καὶ
1067 1821 1287 1874 πλεῖστα
1341 1823 1468 1895 ὑπερ
1510 1827 1825 1893 συγγνώμης

238 1907 418 1965 ἐδέετο.
469 1910 527 1962 Ὀ
602 1906 651 1962 δ’
701 1905 766 1961 αὖ
813 1914 975 1984 γέρων
1048 1909 1268 1986 σοϐαρὸς
1328 1911 1536 1977 ἵστατο,
1592 1912 1826 1981 συχνοὺς

236 2004 537 2053 κατατείνων
567 2003 683 2059 τοὺς
727 1998 929 2070 λόγους,
987 1997 1177 2070 μᾶλλον
1235 1995 1294 2051 δε
1345 2003 1579 2073 μακροὺς
1612 1997 1825 2051 ἐπισυν-

238 2095 379 2165 είρων
432 2092 554 2150 τοὺς
622 2087 960 2160 χλευασμούς
1020 2108 1032 2120 ·
1087 2087 1227 2150 τέλος
1298 2097 1391 2146 τῆν
1453 2091 1630 2160 χειρὸς
1676 2082 1830 2139 τόνδε

235 2177 529 2251 λαϐόμενος,
565 2173 732 2230 Ούδεν
777 2180 835 2228 τό
875 2175 975 2228 ἀπὸ
1019 2173 1176 2229 τοῦδε
1223 2196 1308 2229 σοι
1362 2197 1416 2229 τε
1445 2175 1605 2250 κάμοὶ
1636 2179 1827 2244 κοινὸν,

239 2271 440 2340 ἔφησεν,
468 2269 704 2341 ἄνθρωπε
746 2288 758 2298 ο
793 2269 892 2324 ὅπη
919 2273 1046 2337 γοῦν
1077 2285 1161 2318 σοι
1187 2271 1277 2319 καὶ
1313 2265 1591 2339 βουλητὸν,
1655 2269 1828 2322 ἄπιθι.

241 2358 435 2420 Ἐξεισι
489 2355 571 2408 ἐπὶ
622 2359 846 2419 τούτοις.
908 2355 1062 2408 Ἀλλά
1118 2361 1199 2418 τίς
1263 2355 1322 2408 ἀν
1376 2355 1600 2409 ἐντεῦθεν
1643 2355 1832 2430 ἐκφρά-

242 2467 342 2501 σειε
371 2447 438 2498 τά
464 2441 692 2520 δάκρυα,
722 2449 807 2497 τὸν
839 2449 1074 2510 κοπετὸν,
1114 2451 1208 2504 την
1256 2450 1553 2518 κατήφειαν,
1613 2449 1672 2498 τὸ
1738 2456 1833 2509 τῆς

237 2536 424 2608 ψυχῆς
457 2536 642 2602 πάθος,
687 2538 781 2592 τὴν
828 2542 918 2586 τοῦ
975 2540 1212 2606 σώματος
1249 2534 1417 2602 τῆξιν,
1471 2539 1528 2588 τό
1577 2533 1835 2608 ἀφόρητον

237 2629 439 2692 πένθος,
506 2629 564 2677 τό
609 2623 974 2699 ἀπαράκλητον
1031 2624 1188 2696 οἱλγος
1242 2641 1256 2691 ;
1311 2625 1432 2697 Οὐχ
1486 2625 1622 2677 οὕτω
1675 2626 1837 2678 πάλαι

235 2716 484 2768 πέπονθεν
522 2714 547 2764 6
587 2708 764 2784 Ἀδὰμ
801 2720 892 2772 τῆς
945 2708 1106 2783 Ἐδεμ
1155 2711 1416 2779 ἐξωσθεὶς,
1470 2713 1540 2774 ὡς
1576 2732 1637 2784 γε
1688 2713 1838 2776 οὗτος

237 2807 263 2856 6
299 2808 372 2877 μὴ
406 2806 610 2874 ματαὶᾳ
656 2800 767 2853 κατ’
826 2799 1012 2852 ἐκεῖνον
1052 2797 1227 2853 ἐλπίδι
1278 2801 1512 2867 κλαπεὶς,
1551 2801 1678 2854 ἀλλά
1709 2822 1840 2875 συμμ-

236 2895 430 2964 παθείᾳ
453 2899 516 2963 τῇ
559 2890 684 2964 πρὸς
728 2894 814 2942 τὸν
875 2886 1094 2961 ἀδελφόν
1148 2891 1428 2962 ὑπαχθεὶς,
1479 2897 1570 2942 καὶ
1619 2899 1715 2954 τῆς
1747 2899 1840 2944 τοῦ

236 2986 387 3058 ατρὸς
445 2981 621 3042 ἑστίας
701 2978 828 3051 ὑπὲρ
914 2975 1246 3052 φιλαδελφίας
1306 2978 1604 3042 ἀπελαθεὶς.
1686 2981 1843 3034 Ἀλλὰ

244 3073 389 3146 μόλις
464 3071 539 3132 εἰς
589 3078 705 3122 νοῦν
773 3073 968 3122 ἔπεισιν
1021 3070 1303 3141 (εὑρετικόν
1373 3073 1474 3144 γὰρ
1518 3073 1548 3128 ἡ
1616 3070 1840 3142 ἀνάγκη,

241 3167 330 3213 καὶ⁹
358 3181 470 3221 πως
502 3155 569 3217 δὴ
617 3163 675 3210 τό
717 3157 1028 3230 βιαζόμενον
1059 3159 1458 3230 πολυμήχανον)
1489 3162 1576 3228 ὡς,
1637 3160 1681 3213 εἰ
1721 3165 1844 3223 τοὺς

237 3253 578 3325 προῦχοντας
610 3255 710 3299 τῶν
763 3255 1009 3319 μοναχών
1062 3251 1296 3319 προσιὼν
1345 3245 1841 3316 καταδυσωπήσειε,

234 3345 330 3391 καὶ
357 3335 612 3412 πρέσϐεσι
645 3341 823 3408 σφίσιν
859 3334 1234 3410 ἀποχρήσαιτο
1287 3340 1413 3410 πρὸς
1468 3341 1556 3389 τόν
1604 3342 1842 3412 γέροντα,

235 3433 418 3489 ἱκέτας
466 3445 519 3478 τε
563 3422 872 3497 αἰδεσίμους
929 3423 1262 3496 προϐάλοιτό,
1341 3426 1484 3478 ἰλεων
1550 3423 1700 3489 αὖθις
1787 3427 1845 3479 Ξιν

235 3519 410 3588 ἐαυτῷ
458 3517 592 3584 θείη,
639 3519 728 3566 καὶ
774 3522 866 3576 τῆς
924 3518 1175 3587 προτέρας
1230 3516 1510 3586 μαθητείας
1592 3516 1848 3578 καταξιω-

233 3609 379 3673 θείη,
414 3610 504 3656 καὶ
531 3613 626 3666 τῆς
656 3603 880 3656 ἐντεῦθεν
904 3608 1160 3678 σωτηρίας
1191 3604 1284 3656 οὐκ
1324 3602 1666 3676 ἀστοχησειε.

309 3693 423 3768 μη’.
473 3701 639 3747 Τοῦτο
688 3689 756 3751 δὴ
802 3698 892 3744 καὶ
920 3699 1061 3744 ποιεῖ
1101 3715 1112 3725 ·
1169 3699 1259 3745 καὶ
1311 3692 1531 3746 ἀπίασιν
1567 3696 1616 3746 οἱ
1672 3701 1850 3767 σεμνοὶ

229 3790 331 3837 καὶ
381 3785 650 3836 θεσπέσιοι
702 3786 953 3855 γέροντες,
987 3785 1056 3844 ὡς
1106 3781 1165 3833 ἂν
1222 3779 1288 3841 δὴ
1331 3786 1417 3835 τόν
1460 3780 1750 3842 παιδευτὴν
1779 3792 1851 3856 τῷ

230 3876 460 3947 μαθητῇ
535 3870 926 3940 καταλλάξειοιν,
993 3877 1082 3924 καὶ
1149 3875 1237 3923 τὸν
1295 3875 1406 3924 υἰὸν
1479 3871 1852 3946 ἐπαναγάγοιεν

229 3971 312 4034 τῷ
368 3966 550 4036 πατρί.
616 3959 750 4014 Ἀλλ’
803 3961 1090 4035 εὑρὴκεσαν
1148 3966 1238 4013 καὶ
1310 3957 1605 4033 ἀδάμαντος
1667 3962 1852 4015 ἐκεῖνον

233 4053 600 4125 σκληρότερον
636 4073 646 4082 ·
683 4047 832 4102 οῦδὲν
859 4053 960 4123 γὰρ
994 4051 1020 4102 ὅ
1049 4070 1100 4102 τι
1143 4056 1233 4102 καὶ
1275 4047 1622 4124 παρεδέχετο,
1681 4049 1856 4106 οὐδενί

231 4163 355 4202 πως
413 4138 814 4214 διεμειλίσσετο.
866 4139 949 4200 Ὠς
1007 4135 1065 4192 δε
1119 4137 1358 4214 σφοδρῶς
1426 4139 1689 4208 ἐνέκειντο,
1766 4147 1857 4196 καὶ

234 4231 581 4306 βαρυτάταις
609 4229 762 4281 αύτόν
793 4231 920 4303 ὑπὲρ
968 4237 1060 4290 τῆς
1107 4228 1473 4302 ἀσυμπαθείας
1531 4239 1646 4292 ταῖς
1696 4230 1861 4284 ἐπιτιμ-

233 4326 402 4394 μίαις
453 4316 787 4371 ἀπεδείκνυον
841 4317 1137 4391 ἐνεχόμενον
1186 4324 1275 4371 καὶ
1317 4321 1556 4392 μείζοσιν
1616 4324 1745 4396 ἤπερ
1804 4319 1860 4372 ἐκ

229 4417 339 4469 τῆς
403 4410 700 4482 παρηκοῖας
758 4407 1075 4480 [παρακοῆς]
1133 4405 1323 4459 ἐκεῖνον
1380 4406 1515 4478 (ἐξὸν
1573 4411 1696 4484 γὰρ,
1740 4409 1860 4482 ἔφα-

235 4517 403 4566 σκον,
440 4493 709 4570 [δευτέρᾳ]
738 4494 912 4568 ἐντολῇ
949 4499 1005 4547 τό
1027 4503 1119 4548 τοῦ
1159 4497 1400 4569 μαθητοῦ
1460 4493 1864 4571 διορθώσασθαι

232 4594 465 4658 πταῖμα
514 4584 752 4658 ἐσχάτης
813 4584 1090 4658 ἁμαρτίας,
1139 4590 1272 4658 μήτε
1329 4591 1430 4658 μὴν
1515 4596 1866 4659 μετανοοῦντα

236 4677 598 4752 προσίεσθαι,
629 4680 762 4748 μήτε
807 4680 900 4733 τὴν
944 4677 1067 4749 ύπὲρ
1127 4683 1218 4726 τοῦ
1258 4673 1603 4748 ἐπικλήματος
1651 4676 1865 4734 εὐθύνην

238 4766 681 4842 παραγυμνοῦν),
755 4765 907 4826 οὗτος
953 4763 1245 4829 ὑπολαϐὼν,
1302 4765 1440 4820 Ἀλλ’
1512 4766 1555 4818 εἰ
1626 4763 1866 4840 παριδεῖν

242 4856 424 4910 ἐθεῖει
480 4862 574 4914 τήν
614 4864 710 4916 τῆς
736 4853 1269 4929 πρώτηςπαράϐασιν
1325 4853 1543 4918 ἐντολῆς,
1601 4863 1690 4917 τῆς
1753 4853 1869 4909 δευ-

241 4951 422 5019 τέρας
474 4941 629 5018 δεῦρο
677 4940 744 5002 δὴ
793 4945 1019 5016 γενέσθω
1064 4946 1254 5005 ταύτης
1303 4942 1661 5017 ἐκπληρωτὴς.
1708 4943 1870 5003 Ὅλην

241 5041 351 5093 τήν
395 5034 592 5108 λαῦραν
622 5032 948 5106 περιελθέτω,
1000 5038 1091 5085 καὶ
1139 5035 1206 5084 τά
1253 5042 1355 5085 τῶν
1403 5029 1656 5098 οἰκιδίων,
1717 5031 1751 5084 ά
1800 5029 1868 5092 δὴ

245 5123 524 5196 καλοῦμεν
601 5128 836 5198 σωτήρια
909 5126 1046 5192 (21),
1128 5126 1420 5198 σαρωσάτω
1495 5125 1561 5175 τά
1645 5122 1870 5196 λύματα.

251 5393 475 5449 eidem
499 5391 854 5518 praiscripta
876 5390 954 5446 ab
973 5391 1212 5462 angelo,
1230 5391 1289 5448 in
1314 5409 1434 5518 caua
1452 5391 1746 5449 ﬁtmentio
1759 5408 1880 5448 me-

255 5466 428 5518 lotes
462 5480 498 5518 a
523 5463 638 5518 bas.
659 5462 933 5518 lebitonis
952 5478 1056 5518 seu
1082 5479 1340 5518 superne
1363 5464 1479 5518 licii
1500 5464 1661 5518 linei.
1695 5469 1750 5518 et
1777 5480 1879 5518 cu-

255 5466 428 5544 lotes
462 5462 638 5544 albae,
659 5462 933 5544 lebitonis
952 5478 1056 5518 seu
1082 5462 1661 5544 superpelliciilinei,
1687 5469 1750 5544 _et
1777 5480 1879 5519 cu-

260 5535 422 5590 culli
447 5551 461 5589 :
490 5535 664 5605 cujus
693 5534 828 5606 licet
865 5547 989 5606 non
1019 5534 1343 5606 explicetur
1398 5535 1580 5602 color,
1639 5535 1881 5605 nigrum

257 5612 488 5664 tamen
516 5606 679 5677 hunc
709 5605 890 5661 fuisse
919 5605 1311 5677 facile’quivis
1329 5607 1529 5663 credet

355 5678 472 5749 (21)
496 5676 870 5748 Adverbum,
889 5676 1308 5748 aedicularum,
1321 5676 1886 5752 quassellasappel-

1879 3121 1920 3174 C

2002 1729 2090 1783 47.
2122 1727 2388 1783 Joannes
2417 1740 2556 1780 vero
2586 1729 2920 1796 prostratus
2957 1724 3128 1780 humi
3160 1724 3345 1783 ﬂebat
3377 1727 3590 1785 incon-

1933 1815 2276 1878 solabiliter,
2301 1829 2549 1870 causam
2561 1827 2870 1885 exponens
2891 1812 3271 1886 multumque
3289 1829 3398 1886 pro
3413 1817 3591 1874 venia

1934 1904 2238 1962 exoranda
2258 1902 2629 1976 supplicans.
2651 1904 2902 1957 Econtra
2920 1916 3103 1956 senex
3122 1901 3319 1959 stabat
3339 1904 3590 1978 rigidus,

1934 1993 2308 2065 increpantia
2318 1991 2837 2061 verbainlongum
2860 1991 3239 2062 protrahens,
3264 2008 3371 2048 seu
3387 1995 3592 2066 potius

1936 2082 2201 2155 prolian
2229 2079 2552 2136 invectivas
2571 2078 2858 2148 colligens
2883 2095 2897 2132 :
2931 2077 3192 2151 denique
3231 2095 3422 2136 manu
3452 2097 3594 2138 eum

1938 2169 2423 2244 apprehendens,
2451 2166 2624 2230 Nihil,
2656 2167 2870 2239 inquit,
2910 2182 2984 2222 ex
3017 2181 3180 2223 nunc
3200 2167 3306 2224 tibi
3335 2185 3407 2226 ac
3445 2170 3597 2227 mihi

1940 2273 2264 2316 commune
2293 2257 2386 2324 sit,
2417 2272 2454 2312 ο
2479 2256 2693 2322 homo;
2727 2270 2850 2327 quo
2871 2254 3037 2310 voles
3066 2255 3248 2312 abito.
3285 2258 3598 2329 Egreditur

1942 2363 2122 2418 ergo:
2157 2361 2367 2402 verum
2387 2345 2526 2417 quis
2553 2343 2754 2400 valeat
2778 2343 3078 2416 explicare
3108 2345 3238 2415 ejus
3267 2345 3592 2419 lacrymas,

1942 2436 2274 2510 planctum,
2299 2434 2607 2504 gemitum,
2627 2432 3012 2489 aﬂlictionem
3031 2432 3237 2490 animi.
3256 2435 3597 2494 emaciatio-

1942 2540 2084 2582 nem
2102 2523 2388 2595 corporis,
2408 2521 2633 2578 doloris
2652 2521 3048 2577 intolerabilis
3065 2525 3122 2577 et
3141 2523 3598 2581 inconsolabilis

1943 2613 2192 2672 tristitiae
2219 2612 2606 2669 acerbitatem
2627 2609 2656 2665 7
2675 2614 2802 2666 Non
2831 2610 2918 2666 sic
2947 2611 3092 2666 olim
3117 2627 3149 2667 e
3179 2613 3465 2684 paradiso
3486 2615 3604 2687 eje-

1947 2710 2080 2760 etus
2109 2704 2304 2759 Adam
2332 2701 2501 2768 luxit,
2526 2700 3052 2773 quemadmodum
3073 2701 3192 2771 hic,
3211 2717 3334 2758 non
3355 2719 3515 2761 vana
3539 2709 3606 2761 ut

1947 2793 2042 2848 ille
2073 2808 2179 2864 spe
2209 2791 2519 2862 deceptus,
2541 2790 2647 2845 sed
2670 2788 2886 2845 affectu
2910 2788 3186 2845 fraternae
3216 2793 3603 2851 commisera-

1949 2881 2125 2938 tionis
2157 2879 2601 2952 supplantatus:
2634 2883 2692 2933 et
2720 2878 3026 2934 charitatis
3055 2893 3246 2936 causa
3286 2879 3471 2937 domo
3499 2897 3606 2955 pa-

1951 2976 2120 3027 terna
2149 2968 2460 3041 expulsus.
2498 2969 2568 3024 Ut
2589 2983 2733 3023 vero
2759 2967 3203 3039 aliquantulum
3241 2968 3304 3024 in
3336 2985 3399 3026 se
3429 2971 3608 3028 rediit

1952 3058 2269 3132 (industria
2306 3061 2508 3113 autem
2545 3072 2641 3112 res
2683 3061 2771 3112 est
2807 3058 3152 3128 necessitas,
3204 3062 3260 3114 et
3323 3059 3607 3133 quisquis

1953 3148 2077 3204 vim
2106 3146 2350 3219 patitur,
2385 3145 2642 3201 multum
2669 3150 2882 3201 contra
2908 3144 3195 3216 molitur),
3226 3146 3380 3212 Quid
3406 3148 3475 3220 si,
3522 3149 3610 3205 in-

1952 3237 2081 3309 quit
2118 3236 2282 3308 apud
2340 3250 2424 3304 se,
2464 3234 2829 3306 primoribus
2866 3234 3311 3292 monachorum
3352 3237 3611 3310 supplex

1951 3321 2117 3392 ﬁam,
2157 3325 2352 3396 iisque
2389 3327 2452 3379 ut
2488 3322 2700 3393 legatis
2750 3322 2830 3378 ad
2868 3337 3074 3378 senem
3112 3321 3606 3396 deprecatoribus

1954 3421 2106 3484 utar,
2143 3418 2207 3468 ut
2233 3429 2330 3468 me
2368 3411 2550 3485 priori
2589 3411 2912 3483 disciplina
2948 3411 3248 3482 dignetur,
3281 3429 3480 3486 neque
3519 3429 3612 3472 re-

1955 3503 2137 3576 pellat
2156 3518 2194 3558 a
2213 3501 2423 3568 salute,
2446 3517 2634 3573 quam
2655 3500 2797 3556 inde
2817 3505 3101 3572 exspecto
3123 3502 3152 3557 ?

2031 3677 2118 3729 48.
2164 3671 2417 3740 Dictum,
2464 3670 2714 3726 factum.
2765 3670 3006 3726 Abeunt
3049 3672 3378 3730 venerandi
3427 3673 3513 3730 illi
3556 3679 3616 3732 et

1961 3762 2150 3818 sancti
2182 3776 2374 3829 senes,
2404 3764 2470 3815 ut
2497 3759 2862 3832 discipulum
2891 3759 3180 3829 magistro
3210 3762 3615 3833 reconcilient,

1959 3851 2153 3907 ﬁlium
2169 3847 2553 3906 reducantad
2566 3854 2818 3919 patrem.
2835 3847 2950 3904 Sed
2971 3847 3293 3906 adamente
3313 3853 3622 3923 reperiunt

1962 3937 2467 4003 durioremillum,
2483 3937 2632 3992 nihil
2647 3937 2808 3992 enim
2821 3937 3187 4009 suscipiebat
3208 3954 3406 4012 neque
3427 3957 3494 3998 se
3514 3957 3621 4014 pa-

1965 4028 2222 4084 tiebatur
2251 4025 2521 4082 emolliri.
2557 4026 2704 4081 Cum
2736 4030 2939 4081 tamen
2968 4026 3261 4083 instarent
3290 4028 3622 4087 vehemen-

1965 4117 2102 4183 tius,
2126 4115 2630 4187 ostenderentque
2655 4114 2823 4186 quod
2844 4115 3150 4185 graviores
3169 4131 3281 4188 pro
3302 4134 3414 4174 sua
3441 4118 3624 4176 incle-

1967 4207 2192 4263 mentia
2221 4205 2471 4261 daturus
2501 4209 2653 4260 esset
2678 4219 2911 4276 poenas,
2935 4220 3122 4277 quam
3140 4221 3254 4278 pro
3277 4208 3626 4265 inobedien-

1969 4297 2053 4353 tia
2074 4295 2239 4366 alter,
2273 4293 2510 4350 Licebat
2537 4293 2721 4362 enim,
2752 4292 3129 4365 inquiebant,
3159 4295 3375 4354 iterato
3405 4313 3626 4370 praece-

1969 4392 2074 4460 pto
2105 4385 2399 4455 corrigere
2425 4384 2485 4440 in
2527 4383 2822 4455 discipulo
2851 4390 3393 4459 quantumcunque
3429 4388 3626 4458 gravis

1891 4486 1936 4540 D
1970 4475 2166 4534 delicti
2183 4474 2424 4547 lapsum
2445 4488 2669 4544 ;neque
2683 4473 2960 4529 convenit
2977 4488 3096 4529 non
3113 4473 3420 4533 admittere
3435 4477 3632 4550 paeni-

1971 4570 2284 4635 tentem,ac
2299 4579 2370 4618 ne
2385 4561 2860 4618 satisfactionem
2870 4561 3118 4634 quidem
3131 4579 3311 4635 quam
3324 4580 3435 4636 pro
3446 4566 3636 4638 culpa

1973 4654 2148 4711 vellet
2187 4651 2524 4724 explicare;
2567 4649 2835 4722 reposuit
2874 4649 3014 4706 ille:
3075 4651 3134 4708 Si
3186 4652 3367 4724 primi
3417 4670 3637 4726 prace-

1973 4743 2056 4816 pti
2099 4739 2639 4810 transgressionem
2665 4738 3044 4796 dissimulare
3069 4755 3166 4796 me
3195 4740 3344 4805 vult,
3371 4757 3505 4813 age,
3541 4759 3636 4800 se-

1976 4831 2246 4890 cundum
2286 4828 2633 4900 adimpleat,
2679 4827 3016 4885 Circumeat
3059 4828 3299 4887 lauram
3336 4836 3528 4889 totam
3579 4838 3639 4890 et

1975 4921 2332 4978 latrinarum
2364 4918 2573 4974 sordes
2603 4920 3041 4988 expurgeLHoc
3071 4919 3278 4976 audito
3306 4920 3392 4977 illi
3413 4927 3640 4979 averte-

1979 5015 2118 5069 runt
2152 5008 2370 5080 vultus,
2411 5008 2932 5081 discesseruntque
2972 5007 3203 5080 pudore
3253 5012 3638 5082 praegravati,

1985 5117 2123 5157 cum
2157 5114 2230 5156 ex
2255 5113 2379 5156 una
2401 5096 2650 5170 quidem
2664 5101 2834 5168 parte
2857 5096 3312 5156 considerarent
3338 5099 3451 5157 viri
3467 5116 3641 5159 vene-

1987 5387 2208 5453 lamus,
2240 5385 2343 5452 ita,
2378 5380 2459 5441 ad
2489 5380 2842 5453 huiusmodi
2870 5382 3287 5443 necessitatem
3317 5387 3648 5451 honestiori

1988 5459 2287 5515 vocabulo
2327 5455 2782 5535 explicandam,
2810 5456 3000 5535 varia
3028 5459 3214 5535 apud
3267 5475 3381 5535 nos
3436 5472 3648 5535 gentes

1991 5537 2240 5602 utuntur
2268 5525 2427 5584 voce‘
2445 5527 2636 5602 sedis;
2687 5525 2902 5602 Suidas
2939 5525 3161 5602 autem,
3196 5546 3332 5602 quae
3361 5525 3472 5591 hic
3507 5553 3651 5594 neu-

1995 5601 2215 5678 tralith
2249 5605 2530 5678 coit-15356:,
2573 5597 2858 5678 feminine
2903 5599 3111 5678 sgribit
3145 5597 3448 5678 ’σῶτηρίας,
3494 5608 3652 5666 vult-

1995 5689 2116 5747 que
2144 5673 2265 5729 dici
2284 5676 2352 5729 ut
2379 5665 2582 5742 σῖλλας,
2606 5667 2872 5745 σελλὰρια,
2898 5665 3081 5745 ἔδρας.
