4090 6404
182 469 565 523 ἀνακόπτεσθαι
598 464 804 520 δίκαιον
846 468 1126 541 ἐτύγχανεν
1183 469 1259 535 ὃν,
1312 475 1404 523 τοῦ
1442 468 1568 522 λαοῦ
1626 464 1772 540 διψει
1812 471 1861 525 Α

186 562 327 613 θείων
392 556 843 630 λειποψυχουντος
906 559 1173 631 ῥηματων,
1214 562 1304 636 καί
1340 560 1404 612 τά
1443 561 1650 632 ἔσχατα
1693 578 1777 631 μι-

183 656 307 722 κροῦ
346 650 580 708 πνὲοντός
631 666 686 699 τε
732 651 821 699 καί
864 643 1271 715 κινδυνεύοντος,
1334 656 1443 709 πῶς
1508 651 1598 703 καί
1668 651 1781 699 τὶνα

185 740 372 813 τρόπον
414 739 441 790 ὃ
493 755 547 790 τε
596 734 792 808 λῦχνος
832 734 1274 811 παρρησιάζεται,
1324 741 1414 790 καί
1454 740 1513 789 τὸ
1563 738 1779 809 ἄφθονον

186 837 277 892 τῆς
307 831 447 892 θεὶας
482 833 676 891 ταὺτης
719 826 1107 902 ἁναστομοῦται
1155 830 1324 904 ῥεῦμα
1372 836 1566 901 πηγῆς,
1619 832 1677 881 τὸ
1728 847 1783 882 τε

186 923 562 994 Χριστὼνυμον
616 914 930 993 καταρδεὺει
973 917 1162 991 λαχος,
1213 923 1398 972 καίτό
1469 920 1598 972 θεῖον
1657 916 1780 970 ἁνα-

189 1008 313 1069 ξωοί
357 1007 637 1083 πλήρωμα,
683 1014 797 1078 Θεῷ
852 1015 923 1079 τῷ
972 1016 1112 1080 σοφῷ
1174 1016 1274 1060 τῶν
1337 1009 1593 1084 ἡμετερων
1658 1026 1783 1080 προ-

185 1107 367 1167 νοητῆ,
396 1104 487 1152 καί
527 1100 594 1152 τά
629 1099 766 1151 κατά
816 1106 971 1152 τοῦτο
1016 1096 1424 1173 ὃιῳκονὸμηται.
1491 1105 1620 1162 Θεὸς
1677 1102 1780 1175 γάρ

187 1188 333 1249 αὖθις
384 1186 830 1263 παῤῥησιάζεται,
877 1187 1010 1247 πλὴν
1062 1190 1167 1262 οὐχ
1212 1192 1276 1251 ὡς
1320 1198 1391 1259 τῷ
1438 1189 1677 1265 Ἀϐρααμ
1733 1194 1783 1244 ίν

184 1286 245 1338 τῆ
293 1284 457 1337 σκηνῆ
507 1279 643 1330 κατά
680 1273 912 1353 παροδον
961 1277 1301 1351 ἱπιφαὶνεται,
1362 1280 1474 1333 οὔθ’
1514 1280 1585 1342 ὡς
1605 1287 1677 1351 τῷ
1706 1284 1787 1334 ἐκ·

183 1371 316 1441 γόνῳ
359 1365 547 1420 Ἰακώϐ
596 1362 689 1418 διά
739 1364 909 1428 πάλης
944 1386 1000 1421 τε
1064 1372 1155 1421 καί
1172 1372 1321 1429 νὶκης
1355 1364 1783 1441 διασημαὶνεται,

188 1456 374 1522 πὰλης,
435 1454 651 1525 ἕκεὶνης,
712 1458 741 1515 ἣ
787 1461 843 1508 τό
886 1459 1023 1530 μὲγα
1063 1454 1419 1531 προδιετὺπου
1465 1467 1560 1522 τῆς
1609 1468 1790 1523 κοινῆς

191 1548 335 1614 ἡμῶν
402 1550 664 1620 σωτηρίας
732 1550 1044 1619 μυστήριον⁶
1122 1552 1215 1605 τήν
1257 1550 1473 1601 κενωσὶν
1526 1568 1660 1622 φημι
1699 1559 1792 1608 καί

184 1638 279 1694 τήν
306 1633 629 1709 πρόσληψιν,
652 1638 743 1686 καί
766 1638 861 1693 τήν
910 1641 1003 1686 τοῦ
1042 1635 1463 1711 προσληφθεντος
1511 1635 1564 1700 ἐξ
1626 1638 1792 1699 αὐτῆς

182 1721 530 1798 προσλήψεως
560 1725 768 1780 θέωσιν.
788 1729 953 1776 Τοῦτο
1004 1726 1106 1799 γάρ
1151 1726 1300 1798 οζιιαι
1337 1730 1397 1778 τό
1443 1731 1529 1778 τόν
1578 1725 1793 1801 Ἰσραήλ

182 1810 521 1871 ἕκνικηθῆναι
548 1815 917 1888 προῦπεφαινε,
948 1817 1007 1867 τό
1056 1819 1149 1872 τήν
1199 1816 1452 1890 ἡμετεραν
1497 1814 1574 1869 ἄπ’
1628 1814 1793 1889 ἑτι-χά·
1824 1821 1864 1877 Β

183 1922 283 1956 των
306 1906 487 1974 φῦσιν,
518 1907 613 1960 την
642 1905 762 1963 τεως
808 1902 1040 1978 ἰσχυράν
1095 1908 1190 1963 τήν
1235 1904 1495 1979 ἁμαρτὶαν
1533 1910 1624 1959 καί
1669 1904 1793 1979 ἀμε-

182 1994 419 2062 τὰθετον,
479 1989 844 2065 ξυμπλακῆναι
946 2000 1083 2062 Θεῷ,
1174 1996 1340 2047 εῖτουν
1397 1994 1796 2067 προσληφθῆναι

184 2085 276 2134 καί
303 2088 551 2134 τοσοῦτον
579 2081 631 2145 ἐξ
671 2081 827 2155 οὗπερ
882 2082 945 2141 ἦν
983 2090 1180 2150 πεσεῖν,
1238 2087 1404 2137 εἶτουν
1464 2093 1795 2157 μεταπεσεῖν,

183 2175 247 2232 ὡς
299 2169 407 2243 οὐχ
455 2171 536 2223 ὅτι
572 2188 630 2242 γε
682 2169 1005 2241 ἁγιασθῆναι
1063 2169 1201 2243 (ἀλλ’
1256 2171 1296 2223 ὦ
1336 2180 1552 2247 φρικτοῦ
1592 2192 1798 2246 μυστη-

182 2265 302 2335 ρὶου
345 2260 357 2314 !
424 2260 464 2310 ὦ
520 2263 799 2334 τεραστὶου
850 2264 941 2311 καί
1007 2267 1124 2312 νοῦν
1163 2259 1645 2329 ’καταπληττοντος,
1706 2263 1798 2315 καί

183 2349 338 2422 λόγον
395 2348 797 2409 συστὲλλοντοςῑ
832 2347 972 2420 )καί
1018 2350 1293 2417 θεωθῆναι,
1332 2355 1421 2404 καί
1472 2352 1573 2405 ὑπό
1619 2354 1800 2415 πὰσης

182 2439 617 2513 προσκυνηθῆναι
642 2447 734 2499 τῆς
758 2443 1003 2503 κτὶσεως.
1046 2439 1186 2500 Πλήν
1208 2440 1314 2513 οὐχ
1362 2445 1498 2495 οὕτω
1554 2438 1635 2514 γε’
1666 2446 1800 2507 Θεὸς

183 2536 274 2583 καί
325 2526 478 2592 αὖθις
522 2528 947 2604 παρρησιάζεται
1000 2530 1192 2602 (ταῦτα
1247 2534 1349 2607 γάρ
1404 2531 1561 2584 οἷλλου
1607 2536 1797 2603 τύπον,

183 2623 274 2672 καί
314 2623 615 2693 οικονομὶας
648 2620 881 2691 μείζονος
924 2620 1379 2695 προχαράγματα)
1438 2625 1550 2673 νυνί
1595 2616 1656 2674 δέ
1705 2617 1800 2674 διά

186 2707 463 2770 τῆςαῦτοῦ
515 2708 779 2779 παναγνου
820 2711 1041 2782 μητρὸς,
1101 2717 1196 2769 τῆς
1242 2709 1377 2769 θείας
1454 2714 1545 2761 καὶ
1587 2708 1800 2784 ἀχειρο-

184 2801 399 2850 τεύκτου
457 2804 673 2865 σκηνῆς,
732 2795 784 2859 ἐξ
838 2797 899 2859 ἧς
951 2796 1211 2871 προελθὼν
1267 2802 1666 2870 κατηγωνίσατο
1712 2802 1799 2851 τὸν

189 2885 406 2960 ἐχθρὸν,
431 2883 728 2958 διαγγέλλει
756 2890 814 2939 τὸ
867 2884 1144 2958 βουλητὸν.
1200 2884 1414 2946 Ἐπειδὴ
1456 2891 1558 2961 γὰρ
1601 2886 1655 2951 ἐξ
1710 2886 1801 2940 αὐο

193 2984 285 3036 τῆς
321 2995 376 3028 τε
445 2981 537 3028 καὶ
614 2972 689 3027 δι’
733 2976 893 3036 αὐτῆς
940 2974 1345 3051 ἐνανορωπήσας
1395 2985 1457 3036 τῆ
1509 2984 1652 3037 κοινῆ
1699 2985 1801 3029 τῶν

197 3064 478 3140 ἀνθρώπων
513 3065 888 3140 προσωμίλησε
945 3068 1117 3138 φύσει,
1169 3062 1263 3118 διὰ
1314 3069 1515 3129 ῆαύτης
1569 3071 1657 3119 καὶ
1711 3074 1799 3120 νῦν

190 3156 367 3225 αὖθις,
401 3158 464 3214 ἦν
518 3154 748 3227 ἀγγελων
788 3160 882 3208 καὶ
934 3153 1278 3229 ἆρχαγγίλων
1325 3159 1415 3209 καὶ
1472 3164 1655 3209 πασῶν
1702 3152 1799 3210 δυ-
1829 3178 1870 3236 C

185 3247 390 3318 νάμεων
432 3248 803 3318 προτετίμηκε,
858 3248 947 3297 καὶ
1024 3243 1192 3317 ὀμιλεί
1254 3250 1345 3311 καὶ
1419 3241 1672 3320 διασαφεῖ
1734 3248 1801 3300 τὰ

181 3337 288 3409 πρὸ
300 3355 321 3396 ς
342 3332 509 3407 βούλη
519 3353 622 3390 σιν.

254 3421 370 3497 νβ’.
416 3428 530 3493 Μιᾷ
597 3429 724 3495 γοῦν
771 3430 870 3475 τῶν
947 3430 1144 3476 νυκτῶν
1197 3422 1523 3498 ἐπιφαίνεται
1554 3431 1628 3487 τῷ
1678 3443 1799 3500 πρε-

181 3512 357 3571 σϐῦτη
391 3514 420 3570 ἡ
454 3513 715 3584 ποίναγνος
746 3511 872 3570 αὕτη
897 3516 1166 3577 Θεοτόκος,
1187 3518 1298 3581 καὶ,
1331 3518 1415 3581 Τί,
1452 3518 1606 3586 φησὶ,
1640 3521 1796 3568 τοῦτο

176 3601 491 3670 ποιεῖςςίνα
519 3605 572 3654 τί
613 3620 669 3654 τε
720 3605 896 3673 πηγὴν
948 3599 1291 3676 ἁναφροίττεις
1356 3603 1502 3655 θείων
1561 3602 1795 3676 πολυχεύ

177 3710 320 3764 μονα
357 3689 543 3764 λόγων,
606 3695 696 3743 καὶ
748 3699 1003 3765 φωστῆρα
1057 3690 1457 3764 περικαλύπτεις
1507 3696 1620 3761 καὶ,
1694 3710 1795 3744 συ-

181 3780 430 3841 σκιάζεις
483 3782 543 3832 τὸ
602 3788 728 3853 φῶς,
781 3784 872 3832 καὶ
945 3782 1111 3832 νύκτα
1182 3779 1515 3853 μεσημϐρίας
1590 3788 1793 3849 ποιεῖς;

178 3874 347 3942 ’Ἄφες
383 3872 473 3921 τὸν
499 3869 739 3927 Ἰωάννην
791 3876 963 3942 κοσμῆ
1000 3888 1092 3921 και
1127 3868 1302 3941 λόγοις
1363 3874 1455 3928 τὴν
1483 3868 1797 3928 Ἐκκλησίαν

183 3968 347 4014 Θεοῦ.
396 3958 553 4031 ’Ἄφες
602 3956 847 4034 στηρίξαι
892 3962 1086 4017 ταυτην
1133 3966 1237 4021 τοῖς
1282 3960 1458 4034 ὀρθοῖς
1513 3955 1796 4032 δόγμασιν.

182 4048 352 4122 Ἀφες
385 4046 641 4101 ἀναλῦσαι
688 4050 756 4101 τὰ
805 4057 905 4100 τῶν
962 4056 1223 4121 σοφιστῶν
1264 4056 1358 4109 τῆς
1404 4052 1594 4111 κακίας
1648 4053 1800 4123 περὶ·

185 4157 323 4211 εργα
351 4157 443 4190 και
497 4133 741 4210 γριφώδη
786 4136 1151 4212 προϐλήματα.
1201 4136 1356 4209 Ἀφες
1401 4133 1665 4210 διελέγξαι
1708 4139 1802 4199 τὰς

183 4226 396 4288 απαξ-ας
451 4230 643 4279 τούτων
690 4246 780 4279 και
849 4229 915 4279 τὰ
982 4231 1304 4299 σοφίσματα.
1384 4226 1674 4299 Περίπλεως
1713 4222 1802 4280 οὖν

184 4324 393 4392 τρόμου
419 4336 511 4371 και
558 4320 745 4390 φρίκης
793 4317 819 4368 ὁ
866 4319 1103 4389 μοναχὸς
1155 4315 1518 4388 ἀφυπνίζεται,
1578 4335 1670 4368 και
1715 4318 1803 4369 τὸν

186 4408 440 4465 Ἰωάννην
506 4405 905 4480 μετακαλεῖται,
983 4425 1074 4457 και
1155 4404 1244 4473 Ὦ,
1322 4424 1503 4478 φησιν,
1568 4406 1807 4480 ἄνθρωπε

184 4506 278 4552 τοῦ
304 4503 465 4563 Θεοῦ,
498 4497 591 4568 ἄγε
609 4498 668 4548 τὸ
700 4493 800 4548 ἀπὸ
846 4491 1003 4548 τοῦδε
1052 4498 1147 4553 τὴν
1206 4491 1452 4547 δοθεῖσάν
1507 4514 1592 4547 σοι
1644 4495 1808 4569 χάριν

184 4591 324 4662 πρὸς
345 4593 441 4639 τοῦ
470 4589 761 4659 κρείττονος
789 4583 1179 4660 παῤῥησίασον,
1206 4582 1255 4636 ἐν
1301 4584 1459 4656 ἰσχύῑ
1486 4587 1573 4643 τὴν
1641 4587 1810 4657 φωνην
1846 4582 1862 4644 ἶ

185 4677 434 4749 ὕψωσον,
486 4674 704 4748 φθέγξαι
778 4675 994 4749 ῥήματα
1069 4674 1200 4743 θεῖα,
1268 4691 1359 4726 και
1398 4674 1576 4741 mian
1626 4672 1814 4744 λόγους

192 4770 395 4840 σοφίας
442 4763 659 4837 πλήρεις
704 4770 799 4826 τῆς
847 4763 1068 4817 ἄνωθεν·
1136 4762 1307 4815 ὦπταί
1348 4780 1441 4835 μοι
1490 4762 1593 4837 γὰρ
1642 4762 1674 4820 ἠ
1721 4767 1813 4815 τοῦ

189 4859 456 4930 ἡμετέρου
511 4859 737 4930 σώτειρα
785 4856 985 4925 γένους,
1034 4853 1065 4910 ἡ
1126 4851 1385 4924 πάναγνος
1445 4854 1686 4924 Μαριὰμ,
1737 4850 1813 4913 οἷς

189 4965 247 5000 τε
272 4948 380 5020 πρὸ
410 4950 505 4997 τοῦ
527 4939 808 4996 διεκώλυον
864 4941 1283 5016 χαλεπαενουσα,
1336 4959 1427 4993 και
1481 4939 1679 4993 ἀνεῖναι
1723 4944 1815 4992 τοῦ

190 5035 387 5089 λοιποῦ
437 5029 680 5109 σφοδρῶς
736 5035 1140 5103 κατεπείγουσα.
1182 5034 1364 5084 Τοίνυν
1434 5048 1525 5103 μοι
1584 5048 1672 5081 και
1725 5035 1817 5089 τῆς

195 5126 362 5179 εἰσέτι
381 5125 757 5195 κατασχίσεως
791 5122 1077 5193 σύγγνωθι·
1133 5121 1362 5193 σύγνωϐι
1427 5126 1522 5181 τῆς
1579 5115 1817 5191 ἀφελείας

193 5224 274 5288 τῷ
311 5216 540 5288 γέροντι.
598 5215 700 5266 Καὶ
794 5210 846 5272 ὃς
915 5215 1021 5284 μὴ,
1056 5213 1194 5284 μέγα
1241 5213 1519 5284 φρονήσας,
1579 5204 1721 5282 μηδέ
1766 5225 1819 5260 τι

194 5302 634 5380 παρηλλαγμένον
686 5301 814 5364 ὅλως
853 5296 1261 5374 ἐπιδειξάμενος,
1318 5296 1432 5352 ἀλλ”
1491 5296 1574 5352 ἐπι
1624 5303 1819 5350 ταυτοῦ

195 5398 395 5469 μενων,
450 5412 542 5445 και
609 5396 703 5451 την
785 5393 1069 5463 σύντροφον
1148 5387 1415 5463 διατηρῶν
1480 5390 1817 5461 μετριότητα,

195 5490 302 5544 τήν
349 5501 409 5536 τε
458 5480 927 5556 ἀντισυγχὼρησιν
988 5479 1100 5553 ἅμα
1136 5484 1226 5533 καὶ
1270 5483 1365 5539 τὴν
1417 5477 1583 5551 εὐχὴν
1633 5475 1823 5537 ἀπήτει

198 5577 340 5649 πρὸς
364 5576 460 5631 τὴν
491 5571 822 5647 ἐγχείρησιν.

277 5684 363 5735 νγ.
418 5668 547 5716 Τίνα
596 5658 655 5715 δὲ
708 5663 814 5737 οἰρα
864 5660 1159 5715 τούντεῦθεν
1219 5658 1437 5730 ἐξέθετο,
1501 5676 1593 5713 και
1667 5656 1824 5712 ὁποῖά

642 5770 891 5827 ΡΑτιιοι..
918 5769 1019 5828 Gs.
1054 5769 1185 5827 CXL

1407 346 1477 401 ιΝ
1518 344 1574 403 S.
1613 343 1813 405 JOAN.
1849 343 2348 403 DAMASGENUM.

3438 356 3552 415 874

1888 468 2215 526 verborum
2237 469 2581 528 divinorum
2602 472 2698 530 siti
2717 473 2933 534 fatiscit
2949 482 3009 535 et
3031 481 3295 537 extreme
3320 478 3555 552 pericli-

1889 564 2023 615 tans
2052 573 2208 629 aegre
2235 558 2509 631 spiritum
2531 560 2716 633 ducit)
2743 580 2855 635 age
2876 566 3151 625 videmus
3172 585 3303 641 qua
3315 569 3551 628 ratione

1886 646 2183 720 producta
2218 646 2464 706 lucerna
2504 651 2596 722 sit,
2629 657 2684 708 et
2708 653 2935 713 ﬂuento
2966 657 3194 730 copiosi
3221 657 3401 716 fontis
3430 659 3548 716 hu-

1883 736 1985 807 jus
2040 741 2302 794 reserato
2327 737 2573 810 irrigata
2600 740 2917 800 hereditas
2947 745 3442 817 Christianorum,
3490 751 3550 807 et

1889 823 2095 882 divina
2118 825 2427 898 plenitudo
2456 834 2811 898 restaurata,
2845 833 2965 889 Deo
2995 833 3178 891 rebus
3207 835 3426 893 nostris
3455 851 3549 894 sa-

1887 913 2120 989 pienter
2168 916 2538 990 providente,
2569 924 2628 975 et
2656 919 2814 978 circa
2843 921 2907 978 id
2942 927 3274 993 satagente.
3330 927 3549 983 lterum

1890 1002 2052 1060 enim
2081 1003 2269 1063 libere
2284 1006 2405 1076 egit
2422 1009 2605 1065 Deus:
2632 1024 2755 1065 non
2780 1015 2982 1068 tamen
3007 1011 3179 1070 sicuti
3201 1011 3550 1073 Abrahamo

1892 1097 2183 1168 tanquam
2211 1095 2273 1152 in
2301 1098 2552 1156 trausitu
2582 1101 2863 1173 apparuit
2908 1101 3065 1160 intra
3095 1102 3549 1162 tabernaculum

1886 1198 2089 1267 peque
2123 1182 2299 1241 sicuti
2322 1188 2523 1258 nepoti
2552 1191 2681 1257 ejus
2709 1190 2934 1246 Jacobo
2964 1206 3073 1263 per
3098 1191 3329 1250 luctum
3356 1198 3415 1251 et
3436 1208 3550 1267 pu-

1890 1264 2079 1343 gnam
2100 1289 2162 1330 se
2184 1274 2585 1334 manifestavit
2602 1294 2616 1342 ;
2631 1277 2816 1345 illam,
2838 1279 3115 1353 inquam,
3140 1281 3388 1350 luctam,
3410 1264 3551 1355 quas

1894 1362 2235 1419 communis
2286 1369 2504 1421 nostra
2545 1366 2753 1424 salutis
2792 1384 3086 1446 magnum
3118 1370 3553 1443 praefigurabat

1894 1451 2248 1523 mysterium
2262 1500 2270 1515 ,
2282 1453 2747 1512 exinanitionem
2761 1457 2982 1515 scilicet
3000 1462 3059 1516 et
3080 1461 3547 1532 susceptionem,

1898 1544 2078 1613 atque
2123 1540 2255 1612 ejus
2285 1541 2390 1614 qui
2438 1549 2758 1616 susceptus
2801 1545 2997 1602 fuerat
3038 1562 3112 1603 ex
3162 1547 3295 1621 ipsa
3346 1564 3552 1607 susce-

1898 1630 2101 1702 ptione
2122 1629 2583 1689 deificationem.
2602 1636 2664 1689 In
2687 1650 2812 1707 quo
2833 1650 2979 1691 sane
3004 1640 3221 1694 natura
3240 1642 3468 1709 nostra,
3485 1641 3554 1695 ut

1899 1718 2196 1786 existimo,
2216 1720 2494 1777 extremis
2513 1720 2681 1780 hisce
2705 1724 3074 1796 temporibus
3098 1725 3229 1782 visa
3255 1731 3345 1782 est
3372 1727 3554 1785 Israe-

1898 1806 2019 1865 lem
2031 1798 2426 1881 superavisse,
2444 1810 2612 1882 quod
2634 1817 2880 1868 eatenus
2895 1813 3468 1872 incommutabiliter
3483 1830 3557 1873 ac

1899 1895 2150 1954 ﬁrmiter
2172 1902 2420 1969 peccato
2446 1899 2768 1969 inhaerens,
2799 1916 3127 1972 congressa
3152 1919 3295 1961 cum
3321 1906 3441 1961 Deo
3483 1904 3560 1961 sit

1902 1989 2081 2057 atque
2108 1984 2187 2042 ab
2215 2001 2288 2043 eo
2318 1993 2652 2061 assumpta,
2682 1994 2864 2063 atque
2894 2006 2961 2047 ex
2990 2006 3063 2049 eo
3095 2007 3230 2064 ipso
3259 2007 3365 2064 per
3391 1993 3561 2065 quod

1904 2073 2026 2132 labi
2049 2091 2122 2132 ac
2141 2074 2326 2133 relabi
2357 2075 2666 2147 debuerat,
2692 2094 2817 2136 non
2843 2083 3045 2137 solum
3076 2080 3471 2149 sanctiﬁcata,
3500 2084 3562 2153 (ο

1903 2164 2286 2221 tremendum
2303 2165 2658 2238 mysterium
2679 2167 2691 2223 ι
2715 2183 2753 2224 o
2774 2168 3119 2241 prodigium
3139 2169 3563 2242 obstupescere

1907 2251 2131 2310 faciens
2168 2253 2440 2311 animam
2470 2255 2888 2330 rationemque
2918 2258 3349 2316 transcendens
3373 2259 3414 2331 Ξ)
3456 2259 3566 2318 sed

1907 2342 2088 2399 etiam
2133 2341 2408 2401 deiﬁcata
2448 2349 2506 2400 et
2542 2343 2623 2402 ab
2669 2345 2955 2403 omnibus
2978 2347 3266 2406 creaturis
3290 2347 3568 2409 adorata.

1907 2434 2038 2490 Non
2065 2436 2299 2502 tamen,
2323 2436 2387 2489 ut
2410 2431 2556 2499 dixi,
2582 2433 2662 2490 ad
2702 2434 2989 2492 eumdem
3020 2434 3275 2492 modum
3310 2451 3473 2494 nunc
3499 2434 3568 2491 li-

1906 2522 2048 2579 bere
2074 2523 2195 2595 egit
2218 2522 2370 2596 (istas
2395 2522 2557 2580 enim
2580 2523 2790 2594 ﬁgura:
2819 2530 2991 2582 erant
3018 2525 3261 2584 alterius
3286 2526 3372 2585 rei
3397 2526 3563 2584 altio-

1908 2612 2108 2685 risque
2129 2611 2561 2685 providentiae),
2583 2628 2745 2670 nunc
2767 2618 2972 2672 autem
2993 2630 3102 2688 per
3120 2631 3296 2672 suam
3319 2616 3568 2689 purissi-

1907 2717 2076 2758 mam
2101 2705 2379 2771 matrem,
2406 2700 2555 2757 illud
2575 2702 2801 2760 scilicet
2827 2702 3100 2761 divinum
3126 2710 3328 2762 etnon
3351 2720 3566 2763 manu-

1907 2790 2135 2847 factum
2172 2789 2649 2859 tabernaculum,
2681 2807 2754 2847 cx
2783 2807 2907 2865 quo
2932 2792 3222 2865 prodiens
3251 2793 3565 2851 inimicum

1908 2885 2316 2955 superaverat,
2332 2880 2685 2939 voluntatem
2700 2899 2864 2940 suam
2877 2883 3257 2954 signiﬁcavit.
3273 2884 3566 2950 Quoniam

1908 2970 2069 3027 enim
2090 2986 2163 3027 ex
2186 2969 2318 3043 ipsa
2336 2974 2394 3026 et
2414 2985 2518 3042 per
2549 2970 2746 3042 ipsam
2772 2970 2966 3028 factus
2982 2970 3172 3030 homo
3200 2988 3340 3030 cum
3369 2973 3566 3031 homi-

1907 3059 2088 3117 nibus
2111 3059 2397 3130 dignatus
2412 3063 2505 3116 est
2530 3060 2871 3118 conversari
2896 3078 2911 3129 ;
2939 3076 3046 3134 per
3063 3061 3363 3129 eamdem,
3378 3078 3567 3136 quam

1909 3165 2095 3223 supra
2145 3146 2393 3219 angelos
2451 3148 2965 3223 archangelosquc
3012 3156 3071 3208 et
3113 3166 3328 3209 omnes
3383 3151 3566 3210 virtu-

1908 3242 1995 3296 tes
2018 3237 2355 3309 honoravit,
2385 3236 2621 3296 locutus
2648 3244 2737 3297 est
2764 3243 2824 3297 et
2849 3239 3259 3298 manifestavit
3296 3256 3435 3314 quas
3465 3257 3564 3300 vo-

1908 3327 2095 3386 lebat.

1979 3418 2069 3472 52.
2110 3419 2264 3488 Ergo
2301 3421 2474 3474 nocte
2517 3416 2790 3491 quadam
2827 3418 3110 3492 apparuit
3147 3419 3276 3477 seni
3304 3419 3563 3493 Deipara

1906 3512 1982 3575 et,
2016 3509 2149 3576 Cur,
2181 3507 2391 3579 inquit,
2425 3507 2542 3565 hoc
2567 3506 2714 3565 facis
2736 3507 2765 3563 ‘I
2793 3509 2991 3574 Quare
3017 3507 3279 3567 obstruis
3309 3508 3559 3579 fontem,

1905 3595 2125 3653 divinis
2146 3595 2527 3653 sermonibus
2551 3595 2794 3669 copiose
2814 3601 3163 3663 scatentem,
3184 3600 3245 3655 et
3261 3596 3560 3657 luminare

1904 3684 2248 3756 abscondis,
2280 3684 2567 3742 aclucem
2591 3684 2990 3754 obumbrans,
3018 3689 3259 3743 noctem
3287 3684 3474 3743 efﬁcis
3495 3687 3559 3743 in

1904 3773 2153 3831 meridie
2165 3774 2193 3829 ?
2215 3773 2489 3830 Permitte
2503 3774 2801 3830 Joannem
2826 3788 3122 3832 exornare
3151 3772 3349 3831 verbis
3365 3760 3561 3833 Eccle-

1890 3863 2060 3937 ,siam
2118 3861 2220 3919 Dei
2259 3880 2273 3931 ;
2325 3861 2599 3934 permitte
2656 3867 2721 3919 ut
2767 3862 2943 3919 rectis
2987 3877 3123 3920 eam
3171 3862 3563 3934 dogmatibus

1907 3950 2187 4014 stabiliat,
2237 3951 2512 4022 permitte
2556 3955 2619 4008 ut
2650 3949 2939 4007 dissolvat
2968 3950 3287 4024 perplexas
3324 3951 3565 4011 intrica-

1907 4045 2120 4112 tasque
2149 4038 2554 4112 pessimorum
2585 4037 2989 4110 sophistarum
3015 4037 3405 4111 objectiones,
3434 4055 3566 4113 per-

1909 4129 2074 4186 mitte
2124 4132 2188 4184 ut
2209 4143 2420 4183 eorum
2450 4126 2825 4200 sophismata
2846 4131 2904 4184 et
2944 4126 3186 4185 fraudes
3207 4128 3557 4200 redarguat.

1912 4217 2001 4274 Ad
2030 4217 2160 4273 hinc
2188 4217 2397 4273 timore
2419 4232 2489 4273 ac
2516 4221 2769 4274 tremore
2795 4215 3078 4290 impletus
3103 4217 3441 4276 monachus
3468 4234 3566 4275 ex~

1911 4306 2265 4385 pergiscitur
2309 4308 2603 4363 Joannem
2650 4305 2932 4375 advocat,
2962 4311 3038 4374 et,
3072 4306 3196 4372 Eia,
3229 4306 3445 4381 inquit,
3477 4309 3567 4366 vir

1914 4397 2039 4464 Dei,
2090 4395 2237 4453 data
2288 4395 2392 4451 tibi
2421 4395 2500 4452 ad
2530 4394 2781 4452 meliora
2827 4394 3019 4465 gratia
3063 4395 3248 4452 libere
3300 4413 3376 4454 ex
3403 4412 3567 4455 nunc

1917 4491 2101 4553 utere,
2132 4485 2331 4543 exalta
2366 4485 2427 4541 in
2452 4482 2797 4542 fortitudine
2828 4499 3062 4553 vocem,
3101 4484 3346 4558 loquere
3382 4486 3571 4545 verba

1919 4575 2147 4643 divina,
2170 4580 2229 4632 et
2270 4588 2570 4647 compone
2611 4588 2922 4631 sermones
2964 4573 3216 4648 delapsa
3246 4590 3321 4631 ex
3339 4575 3460 4633 alto
3479 4591 3573 4635 sa-

1920 4665 2146 4740 pientia
2172 4663 2386 4738 plenos
2418 4681 2433 4719 :
2465 4662 2748 4737 apparuit
2769 4663 2931 4720 enim
2957 4663 3104 4720 mihi
3123 4663 3357 4736 generis
3380 4664 3574 4723 nostri

1922 4752 2228 4820 salvatrix,
2253 4753 2608 4809 intemerata
2627 4750 2796 4823 virgo
2817 4751 3020 4821 Maria,
3042 4766 3405 4809 succensens
3425 4752 3575 4811 mihi

1920 4842 2068 4918 quia
2090 4846 2145 4899 te
2188 4839 2498 4915 impedivi,
2529 4856 2858 4914 severeque
2883 4840 3228 4914 injungens,
3268 4846 3334 4898 ut
3384 4845 3486 4899 tuo
3520 4844 3575 4900 te

1922 4930 2167 4991 arbitrio
2200 4930 2395 4988 sinam
2427 4944 2627 5000 agere.
2658 4929 2905 5003 Ignosce
2932 4929 3112 5001 igitur
3134 4929 3303 5004 quod
3330 4934 3384 4987 te
3408 4930 3574 4988 cohi-

1924 5019 2180 5092 buerim,
2216 5019 2463 5091 ignosce
2493 5018 2659 5076 senili
2693 5018 3075 5092 simplicitati.
3106 5021 3358 5078 Econtra
3394 5022 3577 5078 Joan-

1925 5127 2051 5182 nes,
2072 5125 2196 5166 non
2230 5109 2421 5168 elatus
2448 5108 2678 5179 animo,
2704 5123 2903 5181 neque
2934 5108 3117 5167 ullam
3143 5108 3394 5166 omnino
3424 5108 3485 5165 in
3516 5124 3579 5167 se

1929 5198 2323 5257 mutationem
2347 5197 2694 5268 ostendens,
2717 5195 2823 5254 sed
2840 5196 2903 5254 in
2924 5197 3137 5254 eodem
3162 5201 3322 5255 statu
3345 5214 3583 5272 perma-

1928 5305 2101 5360 nens,
2150 5292 2332 5362 atque
2362 5287 2720 5345 familiarem
2750 5284 2864 5342 sibi
2910 5284 3273 5343 modestiam
3296 5287 3584 5356 retinens,

1928 5379 2057 5453 ipse
2104 5380 2304 5454 potius
2346 5376 2578 5451 ignosci
2621 5374 2926 5449 sibipetiit,
2973 5379 3031 5433 et
3066 5390 3173 5449 pro
3205 5392 3272 5434 se
3301 5381 3367 5434 ut
3395 5381 3594 5436 oraret

1932 5469 2014 5528 ad
2031 5485 2160 5528 rem
2187 5466 2665 5545 aggrediendam
2692 5464 3074 5539 supplicavit.

2008 5654 2095 5709 53.
2129 5648 2343 5718 Qualia
2373 5663 2511 5708 vero
2539 5644 2759 5706 exinde
2787 5644 3196 5720 composuerit
3211 5647 3270 5703 et
3286 5660 3426 5719 quas
3456 5643 3595 5703 scri-

3102 5758 3173 5812 28
