4090 6388
230 353 336 410 8⁵77

1457 361 1527 416 IN
1563 361 1621 417 S.
1660 359 1839 418 JOAN
1873 351 2379 420 DAMASCENUM.

3496 346 3602 418 878

230 499 328 552 ραι
378 482 470 540 τάς
517 487 657 553 τρεῖς
705 488 796 542 τῆς
869 483 1154 558 ὑπερφυοῦς
1227 485 1411 546 ούσὶας
1487 492 1576 538 καί
1621 488 1830 560 ύπερου-

1943 487 2276 561 simplicem
2303 505 2373 546 ac
2431 504 2566 544 vere
2614 487 2856 546 unicam
2908 489 3275 547 Trinitatem.
3332 487 3600 558 Intelligo

235 573 353 620 σίου
386 572 590 640 φύσεως
620 572 1000 639 ύποστατικοξς,
1045 570 1333 640 ἰδιότητας,
1374 579 1498 650 πρὸς
1530 573 1606 639 δέ,
1659 575 1832 652 ὥσπερ

232 653 299 715 δή
329 661 523 716 ταύτην
554 666 643 711 καί
687 666 809 732 μὶαν
859 663 1042 714 ούσὶαν
1098 672 1196 715 τῶν
1245 673 1399 738 τριῶν
1453 665 1834 736 καταλαμϐάνω

229 753 542 821 προσώπων,
593 750 724 801 οὕτω
775 756 865 803 καί
918 772 1042 823 μιαν
1086 751 1325 814 ἐξουσὶαν
1373 757 1702 826 ἑπιγινὼσκω
1744 760 1834 807 καί

229 832 474 910 δύναμιν·
507 839 624 891 ὗθεν
654 844 745 892 καί
801 841 886 892 ἕνα
937 846 1026 893 καί
1075 841 1239 902 ἀληθῆ
1295 848 1488 902 ταύτην
1543 849 1692 906 Θεὸν,
1743 849 1834 896 καί

225 930 383 998 μόνον
435 936 536 978 τῶν
615 932 766 979 ὄντων
845 939 1062 1002 τριττῶς
1101 930 1449 1007 ἀπερὶγαπτον
1492 938 1582 985 καί
1633 932 1833 993 ἀληθῶς

229 1015 598 1072 ἀκατάληπτον
651 1021 709 1068 τό
767 1019 1059 1088 θαυμάσιον
1135 1025 1224 1072 καί
1279 1021 1658 1094 καταλαμϐάνω
1743 1027 1833 1073 καί

228 1103 472 1177 σὶϐομαι.
502 1105 576 1157 Ού
598 1113 724 1176 γοῦν
749 1109 924 1179 φθάνω
974 1105 1193 1181 διαιρῶν
1246 1111 1316 1170 εἰς
1368 1117 1507 1186 τρια,
1566 1115 1655 1162 καί
1714 1131 1831 1162 συν-

227 1194 377 1246 ἀπτω
409 1199 538 1266 πρός
570 1195 638 1261 ἓν,
689 1202 744 1247 τό
807 1200 897 1268 μέν
950 1205 1060 1259 τοῖς
1112 1208 1475 1275 χαρακτῆρσι,
1541 1203 1598 1252 τό
1649 1197 1708 1251 δέ
1764 1208 1826 1258 τῆ

229 1283 465 1356 ἐξουσὶᾳ,
492 1293 555 1342 τῆ
589 1291 879 1360 μοναρχὶᾳ,
915 1295 974 1346 τῆ
1029 1291 1422 1361 ὁμοουσιότητι,
1477 1299 1540 1348 τῆ
1594 1309 1646 1342 τε
1701 1293 1832 1364 πρός

229 1379 288 1424 τό
338 1382 542 1447 πρῶτον
597 1377 763 1426 αἴτιον
816 1384 916 1427 τῶν
949 1375 1003 1427 ἐκ
1061 1385 1151 1429 τοῦ
1195 1383 1403 1453 πρὼτου
1439 1383 1529 1430 καί
1586 1379 1830 1430 αἰτιατῶν

237 1469 470 1533 συμφυῐᾳ
523 1467 614 1514 καί
684 1461 1064 1536 ἀπαραλλάκτῳ
1115 1471 1417 1533 ταυτότητι,
1469 1471 1632 1529 οὕτως
1689 1466 1832 1519 irrui-

229 1570 411 1623 ρομαι,
461 1552 596 1603 οὕτω
655 1554 995 1626 κουφίζομαι,
1054 1555 1187 1607 οὕτω
1267 1556 1574 1630 θαυμασίως
1648 1555 1834 1628 ἀνάγο-

222 1657 342 1710 μαι,
383 1643 476 1690 xui
518 1639 645 1702 ὅλως
695 1649 796 1692 τῶν
840 1641 1061 1695 ἐνταῦθα
1114 1645 1511 1718 μετεωρὶζομαι·
1564 1649 1655 1697 καί
1703 1647 1832 1698 θειό-

218 1747 367 1803 τερος
396 1727 827 1804 ἀποκαθισταμαι
851 1737 942 1783 καί
983 1730 1341 1810 φαιδρότερος.

290 1923 386 1983 νε’.
440 1927 620 1988 Μῦθος
671 1931 760 2000 μέν
814 1930 913 2003 γάρ
973 1949 1054 1992 τις
1097 1934 1187 1982 καί
1259 1936 1505 1989 ποιητική
1567 1937 1823 2004 τερατεὶα,

217 2014 416 2087 μᾶλλον
449 2010 509 2066 δέ
531 2012 775 2089 γραὼδης
821 2018 1128 2086 άνάπλασις,
1163 2021 1239 2071 ὅτι
1283 2025 1373 2072 καί
1423 2019 1601 2082 ἐξὶσης
1653 2021 1689 2072 οἱ
1738 2026 1826 2094 μέν

218 2105 286 2156 τά
335 2101 644 2176 βρεφύλλια,
721 2105 770 2156 οἱ
844 2103 903 2158 δέ
968 2110 1089 2170 τούς
1145 2104 1424 2169 νηπιώδεις
1480 2109 1826 2182 ψυχαγωγεῖν

221 2195 411 2264 ἓχονσι
454 2201 558 2253 τοῖς
603 2199 914 2270 καινοτὲροις
969 2195 1292 2271 ἀκούσμασι·
1359 2199 1522 2270 μῦθος
1578 2199 1684 2272 οὖν,
1742 2205 1827 2252 τόν

223 2279 370 2340 ἣλιον
430 2281 480 2344 ἐς
532 2283 769 2336 Ὠκεανόν
865 2289 1125 2357 κατάγειν,
1228 2286 1460 2340 κάκεῖθεν
1532 2287 1827 2362 λελουμενον

223 2369 436 2443 ἀνάγειν
479 2371 855 2450 λαμπρότερον.
941 2375 1078 2433 Πλὴν
1119 2379 1232 2428 ἔστι
1289 2379 1472 2449 μῦθος,
1526 2377 1685 2430 πάλαι
1739 2385 1828 2451 μέν

225 2460 624 2537 θρυλλούμενος,
677 2470 763 2514 νῦν
841 2460 900 2515 δέ
971 2461 1396 2539 διαπαιζὸμενος·
1477 2476 1567 2527 τῆς
1649 2463 1707 2520 δὲ
1771 2487 1830 2539 γε

226 2550 538 2625 ζωηῤῥύτου
578 2553 775 2614 ταύτης
830 2562 1020 2624 πηγῆς,
1073 2555 1262 2626 μᾶλλον
1335 2552 1395 2607 δέ
1437 2555 1529 2608 τού
1613 2555 1829 2609 ἀπλετου

223 2635 388 2691 τοῦδε
413 2647 511 2690 τῶν
553 2638 714 2710 λόγων
767 2640 1039 2712 πελάγους,
1085 2646 1175 2693 καί
1223 2638 1556 2705 ἀδιεξιτὴτου
1605 2653 1695 2705 τῆς
1746 2665 1832 2697 σο-

223 2727 349 2800 φίας
383 2726 603 2799 βάθους,
632 2728 726 2779 οὐκ
755 2731 895 2781 ἔστιν
927 2729 980 2791 ὃς
1015 2731 1075 2782 οἷν
1125 2730 1168 2782 εἰ
1225 2736 1314 2783 καὶ
1361 2751 1411 2783 τι
1461 2737 1644 2808 μικρὸν
1695 2731 1829 2786 ἀπο-

222 2815 454 2883 στὶλϐοι,
478 2818 785 2890 ἀστερίσκος
813 2821 942 2890 εἴγε
969 2823 1130 2890 τύχοι
1182 2820 1249 2871 ῶν
1302 2818 1515 2892 ἀφανής,
1582 2827 1672 2872 καί
1724 2821 1830 2894 οὐχ

219 2906 304 2958 ὃτι
356 2908 492 2958 κατά
545 2911 632 2958 τόν
687 2909 848 2978 μεγαν
891 2916 1071 2959 τοῦτον
1118 2908 1260 2966 ἣλιον
1323 2907 1683 2980 ἀκτινοϐολῶν,
1740 2917 1831 2964 καί

213 2997 286 3047 τά
343 2998 544 3069 περατα
597 2991 920 3066 διαυγάζων,
995 2999 1060 3058 ὡς
1125 2995 1214 3049 ἀπ’
1271 2999 1441 3074 ἄκρων
1499 3002 1699 3071 φθάνων
1757 3002 1830 3064 εἰς

215 3087 382 3158 ἄκρα,
443 3089 533 3136 καί
583 3085 736 3137 πάνθ’
789 3087 917 3158 ὁμοῦ
965 3095 1056 3147 τῆς
1130 3087 1317 3159 αἴγλης
1375 3087 1600 3163 πληρῶν·
1657 3092 1828 3144 ὁποῖοὶ

1942 594 2239 650 supremae
2255 579 2526 634 essentize
2553 595 2622 635 ac
2636 580 3226 652 supersubstantialis
3239 584 3468 636 natura:
3492 579 3599 650 hy-

1941 668 2266 737 postaticas
2308 667 2724 739 proprietates,
2765 669 2884 723 imo
2915 669 3109 740 ipsam
3169 685 3354 724 unam
3416 667 3598 722 trium

1940 771 2337 827 personarum
2369 757 2687 812 essentiam
2719 756 3176 828 quodammodo
3200 757 3596 828 comprehen-

1941 845 2040 913 do,
2077 845 2159 899 sic
2191 861 2375 900 unam
2408 846 2736 916 potentiam
2767 851 3243 917 potestatemque
3265 860 3595 915 cognosco:

1940 949 2061 1005 quo
2081 933 2142 988 ﬁt
2165 937 2228 989 ut
2247 933 2442 1005 ipsam
2459 934 2787 1003 intelligam
2811 935 3181 1006 adoremque
3202 949 3394 989 unum
3415 949 3487 988 ac
3501 949 3598 988 ve-

1939 1038 2074 1077 rum
2095 1023 2629 1095 Deum,solumque
2648 1024 2801 1078 inter
2819 1024 3027 1079 omnia
3042 1039 3179 1096 quae
3200 1021 3602 1078 exsistunttri-

1941 1110 2170 1183 pliciter
2197 1111 2619 1167 indeﬁnibilem
2649 1127 2719 1168 ac
2737 1128 2990 1184 prorsus
3008 1112 3594 1183 incomprehensum.

1941 1203 2088 1257 Cum
2124 1201 2302 1272 igitur
2331 1204 2390 1256 in
2423 1207 2538 1257 tres
2570 1201 2775 1256 divido
2822 1208 2878 1257 et
2928 1203 2989 1257 in
3023 1217 3214 1257 unum
3269 1201 3596 1271 conjungo,

1940 1294 2056 1344 tres
2085 1291 2144 1345 in
2173 1291 2653 1363 proprietatibus,
2685 1307 2875 1346 unum
2905 1292 3192 1364 potentia,
3227 1291 3598 1357 auctoritate,

1939 1379 2577 1448 consubstantialitate,
2599 1385 2654 1436 et
2683 1396 2754 1436 ea
2783 1397 2919 1452 quae
2947 1386 3034 1436 est
3061 1386 3450 1436 causatorum
3472 1395 3602 1434 om-

1939 1469 2106 1522 nium
2131 1485 2267 1523 cum
2285 1470 2482 1540 prima
2504 1486 2688 1524 causa
2715 1469 3136 1542 dependentia,
3171 1468 3599 1525 indissolubili-

1939 1574 2058 1630 que
2089 1557 2275 1629 ipsius
2329 1558 2667 1625 identitate;
2703 1559 2785 1612 sic
2815 1559 3083 1626 extollor,
3127 1563 3247 1614 tam
3303 1557 3451 1613 levis
3494 1557 3593 1628 ﬁo,

1941 1651 2064 1702 tam
2092 1645 2438 1702 mirabiliter
2462 1663 2701 1702 sursum
2729 1662 2893 1718 agor,
2938 1653 2999 1702 ut
3043 1663 3116 1702 ex
3175 1647 3245 1701 iis
3303 1662 3441 1719 quae
3470 1646 3599 1701 istic

1941 1742 2080 1792 sunt
2108 1740 2268 1792 totus
2300 1737 2663 1808 suspendar,
2695 1741 2875 1808 atque
2895 1736 3035 1791 inde
3061 1735 3321 1792 divinior
3341 1734 3599 1807 splendi-

1868 1842 1908 1895 Β
1939 1825 2191 1897 diorque
2222 1824 2371 1880 mihi
2395 1825 2509 1898 ipsi
2539 1825 2840 1882 restituar.

2132 1931 2356 1988 Fabula
2384 1937 2471 1987 est
2496 1931 2976 2006 ﬁgmentumque
3001 1932 3328 2004 poeticum,
3353 1947 3459 1987 seu
3487 1948 3599 2004 po-

1937 2021 2051 2077 tius
2085 2021 2241 2077 anile
2262 2027 2694 2089 commentum,
2710 2039 2831 2095 quo
2863 2021 3172 2096 aequaliter
3192 2021 3331 2077 hinc
3353 2021 3601 2095 quidem

1938 2111 2234 2180 infantuli,
2281 2110 2420 2166 inde
2482 2111 2714 2183 pueruli
2784 2115 3228 2167 consueverunt
3291 2111 3599 2181 oblectari,

1938 2199 2301 2255 novitatibus
2342 2199 2658 2255 audiendis
2710 2201 3080 2272 gaudentes;
3126 2199 3333 2257 fabula
3370 2205 3477 2270 est,
3510 2201 3602 2256 in-

1938 2300 2145 2359 quam,
2170 2305 2294 2360 qua
2323 2288 2538 2343 dicitur
2560 2288 2646 2344 sol
2679 2289 2737 2344 in
2793 2305 3091 2345 oceanum
3137 2289 3346 2359 mergi,
3398 2289 3601 2361 ibique

1939 2378 2180 2434 ablutus
2210 2378 2492 2434 illustrior
2521 2395 2850 2450 resurgere.
2883 2382 2953 2435 Ut
2983 2384 3185 2436 tamen
3232 2379 3362 2436 haec
3418 2379 3491 2435 sit
3519 2379 3603 2435 fa-

1940 2467 2105 2538 bula,
2132 2467 2276 2524 olim
2306 2468 2622 2535 celebrata,
2656 2485 2817 2525 nunc
2851 2468 3268 2542 explodenda:
3302 2469 3408 2542 qui
3458 2469 3604 2525 vivi-

1939 2556 2063 2614 fluo
2091 2558 2185 2612 isti
2211 2558 2379 2630 fonti,
2413 2563 2518 2614 aut
2549 2559 2748 2631 potius
2776 2558 3204 2632 inenavigabili
3253 2575 3603 2616 sermonum

1941 2647 2158 2719 pelago
2188 2652 2246 2702 et
2273 2647 2712 2718 impenetrabili
2745 2648 3052 2720 sapientiae
3084 2648 3388 2720 profundo
3411 2666 3473 2704 se
3494 2649 3603 2704 im-

1942 2734 2228 2801 merserit,
2255 2734 2383 2789 ﬁeri
2407 2749 2527 2789 non
2556 2740 2768 2807 potest,
2794 2741 3359 2808 quantumcumque
3381 2752 3601 2808 parum

1941 2823 2070 2894 ipse
2094 2823 2385 2889 scintillet,
2423 2828 2712 2896 tanquam
2752 2824 2971 2893 exigua
3002 2829 3182 2897 atque
3205 2825 3602 2897 inconspicua

1941 2911 2190 2978 stellula,
2213 2913 2357 2985 quin
2392 2912 2582 2968 instar
2604 2913 2810 2983 magni
2840 2913 3022 2984 hujus
3048 2913 3190 2968 solis
3221 2914 3423 2970 radios
3454 2930 3598 2970 suos

1939 2999 2238 3056 diffundat
2268 3005 2448 3073 atque
2495 3006 2760 3057 extrema
2793 3017 3051 3074 quaeque
3091 3001 3418 3074 collustret,
3465 3008 3600 3059 tan-

1937 3107 2125 3164 quam
2157 3106 2193 3146 a
2231 3090 2485 3145 summis
2517 3090 2596 3146 ad
2627 3107 2868 3146 summa
2906 3106 3268 3162 procurrens
3307 3097 3365 3148 et
3397 3093 3598 3164 splen-

215 3194 352 3236 τινες
411 3177 460 3226 οἱ
514 3176 614 3248 πρὸ
671 3179 856 3228 τούτου
902 3181 992 3228 καί
1040 3179 1170 3249 μετά
1216 3185 1397 3230 τοῦτον
1473 3177 1828 3253 ἐκλάμψαντες

1942 3173 2082 3234 dore
2114 3194 2224 3234 suo
2263 3179 2441 3234 simul
2488 3180 2695 3235 omnia
2732 3179 2972 3251 replens
3012 3197 3025 3235 :
3059 3179 3270 3252 quales
3324 3179 3602 3236 nonnulli

215 3272 494 3337 φωστῆρες
549 3269 896 3337 παγκόσμιοι,
941 3270 1036 3324 τήν
1115 3267 1416 3340 οἰκουμενην
1501 3269 1826 3344 λαμπρύναν-

212 3373 325 3423 τες,
360 3353 628 3406 Βασὶλειόν
673 3374 806 3427 φημι
861 3361 949 3407 καί
1000 3359 1286 3430 Γρηγόριον
1337 3361 1460 3420 τούς
1512 3357 1828 3424 ἀκλονὴτους

213 3452 319 3504 τῆς
359 3442 620 3505 εύσεϐεἱας
672 3443 971 3517 προϐόλους,
1024 3447 1147 3506 τούς
1198 3446 1438 3522 στερροὺς
1473 3457 1566 3510 τῆς
1616 3449 1826 3509 Ἐκκλη-

219 3539 345 3593 σὶας
406 3533 702 3606 θεμεθλους.
759 3536 856 3596 τάς
912 3533 1299 3609 ἀῤῥαγεστάτας
1356 3536 1538 3608 βάσεις
1595 3548 1686 3601 τῆς
1744 3545 1822 3593 πὶ·

218 3643 390 3686 στεως
440 3624 630 3693 (ταῦτα
680 3627 778 3697 γάρ
830 3621 973 3676 οὗτοι
1038 3627 1210 3678 πάντα
1281 3623 1498 3688 δεόντως
1571 3628 1822 3692 ἀκούοιεν,

216 3717 373 3786 τάχα
399 3709 458 3765 δέ
487 3718 577 3764 καί
629 3714 692 3765 τά
741 3715 866 3786 ύπέρ
927 3723 1093 3766 ταῦτα
1143 3717 1475 3779 καθηκόντως
1527 3717 1658 3789 ἄγαν
1704 3739 1827 3771 κατ-

216 3802 605 3876 ωομάξοιντο)ο
664 3807 788 3878 πρὸς
847 3799 908 3854 δέ
986 3807 1189 3866 τούτοις
1263 3811 1352 3856 καί
1426 3809 1556 3878 μετά
1631 3812 1826 3861 τούτων

217 3893 466 3951 Ἰωάννην
507 3895 613 3958 τόν,
664 3897 757 3949 τήν
808 3891 1039 3964 γλῶτταν
1101 3902 1359 3968 χρυσοῦν,
1411 3901 1502 3948 του
1556 3898 1826 3970 ὁμώνυμον

214 3986 412 4053 τουτῳὶ
437 3987 528 4034 καί
553 3983 894 4054 ὁμόυτροπον,
939 3986 1030 4033 καί
1071 3989 1180 4044 τοῖς
1237 3990 1370 4036 πᾶσι
1418 3987 1585 4043 πάντη
1640 3985 1827 4038 κατάλ-

215 4073 394 4131 λη).ον·
428 4072 486 4124 οὔ
511 4068 571 4124 δέ
611 4075 712 4146 γάρ
766 4070 826 4124 ἃν
884 4077 1040 4144 φαὶην
1080 4071 1353 4146 ἐφάμιλλον
1402 4083 1432 4133 ἢ
1495 4076 1824 4148 συνάμιλλον,

218 4161 334 4214 ἀλλ’
392 4165 556 4222 ὅυτως
614 4159 819 4236 ἀκριϐές
871 4159 1238 4234 ἀπεικόνισμα,
1305 4166 1374 4225 ὡς
1438 4169 1566 4236 πρὸς
1650 4167 1828 4238 εὐφυές

219 4251 412 4304 ἐκεῖνον
443 4253 757 4324 ἀρχὶτυπον,
811 4255 902 4301 καί
960 4248 1295 4323 διαγινωσκω
1340 4262 1519 4306 τοῦτον
1557 4259 1646 4306 καί
1704 4255 1827 4309 ἀπο-

221 4347 492 4415 φαὶνομαι.
554 4340 694 4398 Πλήν
766 4339 876 4392 ἀλλ’
943 4345 1036 4393 ούκ
1103 4341 1458 4416 ἀῤῥυσάμενον
1532 4343 1827 4420 [ἐῤῥιζωμὲ-

219 4432 358 4503 νον],
407 4435 497 4483 καί
548 4438 647 4481 τῶν
707 4449 823 4482 τινα
879 4431 999 4484 καθ’
1055 4432 1194 4503 ἡμᾶς
1244 4441 1343 4483 τῶν
1389 4431 1640 4508 ἀμυδρῶς
1691 4433 1831 4495 δῆτα

1937 3273 2073 3323 ante
2086 3275 2142 3324 et
2157 3272 2292 3340 post
2304 3268 2502 3341 ipsum
2518 3283 2763 3340 quoque
2775 3268 3146 3337 effulserunt,
3160 3268 3604 3340 velutpulcher-

1934 3358 2089 3414 rima
2166 3358 2508 3424 luminaria,
2594 3358 2941 3414 universum
3013 3363 3309 3414 terrarum
3384 3359 3599 3415 orbem

1932 3448 2353 3513 illuminantia,
2389 3448 2669 3503 Basilium
2698 3453 2880 3520 atque
2925 3449 3276 3517 Gregorium
3307 3449 3595 3519 intelligo,

1934 3538 2292 3593 inconcussa
2336 3537 2569 3608 pietatis
2617 3537 3041 3600 antemuralia,
3101 3537 3278 3592 ﬁrma
3327 3537 3598 3594 Ecclesia

1934 3627 2350 3681 fundamenta.
2379 3626 2792 3694 integerrimas
2809 3626 2950 3681 ﬁdei
2967 3627 3145 3682 bases
3167 3645 3180 3693 ;
3205 3627 3284 3681 ita
3297 3626 3596 3697 siquidem

1933 3716 2098 3788 ipsos
2126 3715 2616 3787 nuncupabimus
2640 3724 2761 3770 nOn
2793 3717 3142 3787 incongrue,
3176 3716 3324 3787 quin
3357 3721 3414 3770 et
3441 3717 3595 3771 emi-

1936 3805 2306 3860 nentioribus
2363 3805 2778 3874 cognomentis
2831 3805 3122 3877 appellari
3166 3806 3593 3877 possint;cum

1934 3894 2049 3949 illis
2072 3909 2211 3949 vero
2251 3898 2430 3966 atque
2457 3892 2594 3965 pOSt
2619 3893 2751 3949 illos
2786 3897 3100 3963 Joannem,
3143 3910 3394 3950 aureum
3447 3895 3597 3950 illud

1936 3999 2024 4051 os,
2055 3983 2193 4038 huic
2215 3988 2419 4038 nostro
2451 3983 2874 4051 cognominem
2914 3999 2986 4038 ac
3015 3984 3286 4039 moribus
3333 3983 3593 4038 similem

1936 4073 2107 4146 eique
2138 4071 2876 4144 comparandum;neque
2929 4072 3090 4128 enim
3147 4073 3343 4128 ausim
3397 4073 3595 4129 dicere

1936 4162 2232 4235 aequalem
2281 4161 2372 4217 vel
2426 4163 2837 4233 corequalem;
2883 4161 2988 4217 sed
3045 4178 3184 4217 vere
3242 4167 3594 4217 accuratum

1936 4252 2266 4325 exemplar,
2289 4251 2453 4306 velut
2501 4252 2580 4306 ad
2635 4252 2941 4325 archetypi
2999 4252 3287 4322 elegantis
3333 4251 3596 4307 formam

1937 4358 2315 4413 expressum,
2349 4356 2613 4410 agnosco
2645 4340 2811 4396 illum
2851 4347 3031 4413 atque
3088 4341 3455 4397 demonstro.
3488 4343 3597 4396 Ve-

1937 4435 2280 4487 rumtamen
2309 4430 2587 4501 nunquid
2624 4430 2753 4484 sine
2780 4430 3174 4485 fundamento
3195 4431 3331 4501 quis
3362 4430 3597 4496 dixerit,

222 4525 645 4594 πεφωτισμξενων,
692 4525 783 4572 καί
851 4519 1050 4582 ἀκτῖνος
1108 4523 1279 4597 ὥσπερ
1330 4521 1620 4577 ἀποπάλσει
1677 4523 1829 4584 διηυ-

1942 4521 2201 4592 aliquem
2228 4520 2413 4575 nostri
2438 4519 2726 4590 temporis
2758 4519 2992 4575 modice
3032 4519 3348 4591 duntaxat,
3382 4519 3602 4574 illumi-

224 4614 523 4684 γασμένων,
584 4609 697 4662 ὃλον
777 4609 998 4662 ἀνελθεῖν
1075 4612 1458 4684 φωτεινὸτατον,
1551 4619 1641 4667 καί
1716 4617 1829 4670 ὂλον

226 4697 605 4776 φαιδρότατον,
633 4704 724 4752 καί
753 4699 865 4752 ὃλον
895 4697 1317 4756 θεοειδεστατονε

297 4922 383 4966 νς.
435 4905 498 4954 Τὶ
573 4918 664 4974 μοι
709 4897 870 4972 λεγειν
914 4900 1124 4968 λοιπόν;
1153 4898 1218 4960 ὡς
1274 4904 1516 4972 παρεῖται
1570 4904 1832 4972 Σταγειρι-

224 5011 324 5054 της
353 4993 484 5066 μετά
510 4998 604 5052 τῆς
643 4984 942 5065 γριφὼδους
997 4989 1342 5060 τεχνολογὶας
1392 4992 1482 5040 καί
1531 4997 1626 5050 τῆς
1674 4987 1832 5040 πολυ-

229 5077 460 5154 σχιδούς
504 5083 622 5152 περί
670 5083 868 5151 φύσεως
915 5081 1005 5130 καὶ
1053 5086 1283 5150 φυσικῶν
1324 5076 1504 5152 ἀρχῶν
1551 5076 1830 5144 ἕκθὲσεωςς

228 5175 295 5232 ὡς
343 5177 624 5245 παρῶπται
676 5169 805 5241 μετά
852 5175 944 5227 τῆς
991 5165 1280 5242 ύψηγορὶας
1319 5171 1474 5236 (ὀκνῶ
1529 5169 1631 5239 γάρ
1680 5169 1835 5238 φάναι

233 5259 520 5331 θεολογὶας)
581 5262 670 5310 καί
719 5265 818 5309 τῶν
868 5257 962 5308 ούκ
1017 5255 1258 5328 ἀσφαλῶν
1313 5260 1430 5330 περί
1479 5255 1664 5327 ψυχῆς
1708 5275 1834 5326 γνω-

234 5351 604 5424 ματευμάτων,
659 5347 688 5406 ἣ
740 5349 1131 5422 τερατευμάτων
1195 5345 1384 5419 μᾶλλον
1433 5345 1609 5410 εἰπεῖν,
1667 5346 1691 5396 ὁ
1748 5363 1838 5397 πο·

233 5437 323 5500 λύς
350 5437 650 5498 ’Λθηναίοις
689 5436 896 5489 Πλάτων
926 5440 1016 5487 καί
1057 5443 1169 5497 τοῖς
1221 5433 1438 5492 Ἕλλησι
1517 5429 1835 5503 διαϐόητοςς

240 5534 311 5591 ὡς
366 5530 391 5580 ὁ
438 5527 618 5590 λοιπός
666 5535 763 5579 τῶν
823 5525 1113 5598 φιλοσόφων
1167 5524 1344 5598 ὅμιλος
1389 5523 1600 5586 ἐκεινοις
1653 5520 1838 5591 δοξῶν,

241 5618 434 5694 μᾶλλον
485 5615 536 5670 δ’
591 5615 854 5687 ἓναντὶων,
896 5619 1290 5688 κατεγνωσται;
1324 5614 1482 5668 Ἀλλά
1536 5622 1703 5667 ταῦτα
1752 5616 1842 5687 μέν

246 5711 443 5781 ἐατεον,
518 5707 562 5760 εἰ
613 5710 704 5760 καί
754 5704 954 5781 μεγάλα
1004 5703 1139 5758 ἆττα
1172 5706 1451 5778 τυγχάνει⁹
1507 5709 1597 5758 καί
1644 5703 1846 5766 άληθῶς

1939 4617 2151 4667 natum
2192 4614 2249 4666 et
2273 4611 2428 4665 velut
2477 4609 2630 4664 radii
2660 4609 2838 4664 unius
2876 4609 3244 4666 evibratione
3276 4625 3602 4666 coruscan-

1938 4705 2083 4769 tem,
2113 4715 2234 4754 non
2262 4713 2442 4770 posse
2500 4697 2627 4753 ﬁeri
2685 4703 2874 4754 totum
2936 4699 3360 4765 clarissimum,
3409 4703 3604 4755 totum

1940 4788 2528 4861 splendidissimum,
2555 4792 2749 4844 totum
2775 4787 3131 4844 deiformem
3153 4790 3181 4844 ?

2010 4901 2099 4952 56.
2142 4899 2306 4952 Nunc
2329 4912 2470 4951 vero
2500 4895 2647 4968 quid
2670 4896 3114 4964 attinetdicere,
3137 4897 3448 4968 quomodo
3478 4912 3605 4969 prae

1939 4989 2166 5042 Joanne
2183 4985 2661 5042 contemnendus
2696 4985 2769 5041 sit
2789 4987 3068 5056 Stagirita
3096 5003 3237 5041 cum
3283 5003 3394 5041 sua
3422 4987 3605 5056 aenig-

1942 5075 2161 5132 matica
2191 5075 2524 5131 disserendi
2548 5080 2674 5130 arte
2697 5080 2876 5146 atque
2898 5075 3209 5148 multiplici
3231 5075 3606 5147 expositione

1942 5171 2171 5220 naturae
2213 5169 2269 5220 et
2297 5163 2662 5220 naturalium
2692 5165 3128 5236 principiorum
3150 5163 3178 5216 ?
3213 5164 3379 5236 quod
3437 5163 3609 5237 parvi

1944 5253 2255 5309 faciendus
2281 5253 2354 5309 sit
2383 5268 2522 5307 cum
2564 5266 2674 5307 sua
2713 5251 3239 5324 grandiloquentia
3271 5256 3414 5324 (non
3444 5253 3610 5308 enim

1947 5344 2139 5400 ausim
2163 5343 2356 5400 dicere
2370 5342 3034 5414 theologiam)cumque
3060 5359 3174 5398 sua
3203 5343 3360 5398 male
3400 5343 3614 5400 funda-

1948 5440 2027 5502 ta,
2060 5437 2182 5503 aut,
2215 5438 2278 5489 ut
2301 5433 2498 5488 verius
2529 5432 2764 5504 loquar,
2799 5437 3140 5488 monstrosa
3170 5432 3246 5487 de
3287 5433 3615 5490 animabus

1951 5523 2242 5580 sententia
2279 5523 2375 5578 ille
2402 5523 2566 5595 apud
2595 5521 2980 5578 Athenienses
3004 5526 3061 5578 et
3109 5525 3344 5578 Graecos
3369 5529 3618 5579 caeteros

1949 5612 2472 5669 nominatissimus
2516 5611 2681 5667 Plato
2709 5615 2737 5666 ἵ
2793 5611 2960 5684 quod
3008 5611 3393 5684 despicabilis
3440 5611 3621 5669 fuerit

1951 5707 2077 5761 tota
2107 5700 2608 5776 philosophorum
2636 5699 2832 5774 turba,
2859 5698 3076 5758 eadem
3144 5715 3284 5758 cum
3333 5699 3454 5758 illis
3512 5715 3624 5758 seu
