4090 6384
500 334 609 388 879

1690 322 2161 387 CQNSTANTIM-
2186 325 2673 399 ACBDPDUTA‘.

3761 336 3873 394 880

499 455 701 531 potius
718 453 1018 513 contraria
1037 445 1340 509 sentiens?
1361 446 1869 505 Prmtermittenda
1887 463 2134 523 namque

2267 448 2583 522 άξιάγαστα.
2624 450 2753 523 Ἀγε
2805 447 2865 505 δέ
2903 453 2993 505 καί
3059 449 3210 517 αὖθις
3251 458 3348 512 τήν
3395 455 3522 528 ὑπέρ
3576 462 3672 519 τῆς
3727 457 3873 512 suase-

499 544 630 600 haec
659 543 805 601 mihi
834 547 977 599 sunt
998 541 1228 607 omnia,
1255 536 1536 611 quamvis
1557 536 1883 607 magnifica
1929 543 1987 595 et
2013 554 2154 596 con-

502 632 862 689 sideratione
899 630 1298 701 dignissima;
1332 627 1669 699 iterumque
1723 625 2047 683 dicendum
2077 628 2154 685 de

499 721 775 778 libertate
800 719 984 789 beati,
1011 734 1135 792 qua
1162 732 1274 790 pro
1302 715 1521 789 pietate
1554 713 1896 782 decertavit,
1949 721 2006 773 et
2028 715 2154 774 zelo

496 826 683 884 quem
710 808 924 866 habuit
944 809 1133 864 instar
1170 806 1420 862 Phinees
1446 808 1657 861 contra
1698 802 2061 862 fornicantes
2089 805 2155 861 in

499 900 627 956 suis
654 895 1186 955 adiuventionibus
1221 894 1348 951 sive
1376 892 1704 951 temerariis
1742 893 1930 963 ausis,
1969 899 2027 951 et
2043 894 2152 951 im-

495 987 823 1061 prudenter
850 989 1097 1059 agentes
1151 988 1362 1041 contra
1410 982 1831 1040 immaculatas
1868 998 2153 1041 veneran-

495 1078 730 1149 dasque
757 1075 1077 1145 imagines.
1098 1072 1394 1143 imagines
1420 1070 1559 1143 (vah
1586 1070 1905 1129 audaciam
1932 1072 1970 1143 i)
1996 1088 2151 1146 quas

495 1166 559 1224 in
599 1165 956 1223 memoriam
984 1161 1281 1220 incarnati
1311 1160 1659 1231 Salvatoris,
1700 1166 1757 1218 et
1784 1176 1995 1218 eorum
2044 1161 2152 1235 qui

2264 538 2405 603 ϐεὶας
2434 540 2733 616 παῤῥησίαν
2788 548 2880 594 τοῦ
2934 544 3167 618 μάκαρος
3228 541 3583 617 ἀναλάϐωμεν,
3629 552 3721 600 καί
3778 552 3869 601 τόν

2265 627 2417 693 ζῆλον
2438 632 2492 682 ὃν
2528 632 2661 683 κατά
2711 635 2800 683 τόν
2848 635 3016 693 Φινεές
3068 634 3289 704 ἔσχηκε,
3340 635 3476 686 κατά
3527 643 3628 688 τῶν
3681 634 3870 710 ἐκπορ-

2261 720 2547 772 νέυσάντων
2611 717 2662 772 ἐν
2718 716 2827 783 τοῖς
2896 723 3158 795 σφετὶροις
3239 721 3405 775 αὐτῶν
3483 720 3866 798 διανοήμασιν,

2262 806 2353 859 εἰτ’
2398 807 2486 859 οὖν
2533 807 2857 881 τολμήμασι,
2905 813 2996 862 καί
3039 809 3279 883 αἰσχρῶς
3338 812 3472 882 ἄγαν
3540 810 3868 886 ἀπερυθριά-

2262 898 2462 949 σάντων
2491 898 2628 950 κατά
2673 905 2773 949 τῶν
2824 895 3099 973 ἁχράντων
3147 903 3239 952 καί
3293 897 3595 974 σεϐασμίων
3651 902 3866 956 εἰκόνων

2259 984 2437 1057 (άϐάλε
2488 986 2685 1060 τόλμης
2733 988 2774 1057 1)
2819 986 2855 1039 ἂ
2890 987 2960 1048 εἰς
3007 986 3296 1063 ἀνάμνησιν
3348 998 3443 1054 τῆς
3519 992 3647 1065 ὑπέρ
3716 995 3866 1066 ἡμῶν

2258 1081 2350 1127 τοῦ
2397 1082 2629 1148 Σωτῆρος
2691 1074 3148 1149 ἕνανθρωπήσεως,
3197 1081 3289 1130 καί
3332 1085 3433 1131 τῶν
3490 1079 3617 1155 ῦπέρ
3665 1085 3869 1146 ταῦτης

2260 1159 2655 1222 διαθλησάντων
2692 1168 2723 1223 ἤ
2778 1169 2869 1218 καί
2927 1174 3126 1239 σεμνῶς
3175 1166 3343 1229 ἄλλως
3394 1172 3487 1220 καί
3537 1172 3675 1222 κατά
3727 1179 3863 1245 Χρι-

2260 1257 2380 1306 στόν
2403 1254 2676 1315 ζησάντων
2729 1253 2908 1327 ἁγὶων,
2959 1255 3149 1308 ἄνωθεν
3196 1255 3348 1319 εὐθύς
3395 1261 3487 1310 καί
3546 1256 3636 1312 ἀπ’
3697 1260 3859 1314 αὐτοῦ

2254 1350 2347 1395 τοῦ
2402 1347 2742 1420 κηρύγματος
2788 1348 2846 1397 τό
2889 1348 3268 1418 Χριστὼννμον
3321 1342 3617 1400 ἀνατυποῦν
3679 1369 3852 1424 παρει-

2253 1430 2481 1505 λήφαμεν
2523 1431 2799 1507 πλήρωμα.
2881 1437 2983 1487 Καὶ
3031 1432 3133 1508 γάρ
3210 1433 3492 1507 άκοντίξιι,
3559 1436 3604 1490 εἰ
3650 1443 3742 1491 καί
3783 1445 3856 1513 μή

2252 1527 2452 1598 παρών,
2483 1520 2611 1575 ἀλλά
2637 1521 2920 1597 πόρρωθεν,
2971 1524 3107 1575 κατά
3156 1532 3255 1576 τῶν
3320 1523 3624 1580 ἀκολάστων
3674 1532 3860 1602 γνὼμη

2252 1616 2341 1665 καί
2371 1610 2586 1684 αἰσχρῷ
2613 1610 2850 1685 λογισμῷ
2906 1609 3314 1685 βεϐηλωσάντων
3362 1615 3391 1674 ἡ
3451 1620 3543 1668 καί
3600 1616 3865 1680 παντελῶς

490 1271 601 1328 pro
620 1256 757 1328 ipso
795 1253 1251 1311 decertaverunt
1278 1254 1384 1306 aut
1419 1249 1569 1306 alias
1629 1249 1937 1321 reliogiose
1974 1252 2149 1323 juxta

487 1344 684 1415 legem
701 1341 911 1401 Christi
926 1343 1203 1398 vixerunt
1217 1343 1588 1410 sanctorum,
1600 1339 1731 1411 jam
1756 1339 1897 1396 inde
1925 1356 1962 1397 a
1981 1340 2147 1413 prin-

488 1434 644 1506 cipio
671 1431 1009 1505 praedicatis
1029 1429 1169 1486 fidei
1199 1427 1520 1486 eﬂ‘ormare
1545 1427 1753 1485 didicit
1784 1427 2144 1487 universitas

487 1520 976 1579 Christianorum.
1003 1517 1289 1585 Quamvis
1308 1517 1536 1573 uimine
1565 1532 1857 1589 praesens,
1907 1517 2144 1575 eminus

482 1614 687 1668 tamen
707 1608 908 1667 emisit
921 1607 1126 1681 jacula
1143 1610 1356 1664 contra
1378 1604 1714 1679 improbos,
1732 1606 1840 1679 qui
1859 1607 2143 1679 opinione

481 1715 554 1757 ac
576 1698 739 1757 fosdo
759 1696 1072 1755 ratiocinio
1108 1711 1221 1751 suo
1251 1698 1805 1765 conspurcaverunt
1838 1704 1943 1752 aut
1970 1700 2134 1751 etiam

2252 1696 2673 1775 διαγραψάμτων
2723 1703 2790 1754 τά
2845 1702 2992 1773 ἅγια·
3045 1700 3247 1775 βάλλει,
3298 1705 3440 1758 καθά
3482 1724 3585 1758 τινι
3642 1703 3863 1782 δόρατι,

480 1788 730 1845 omnino
768 1786 1161 1843 aboleverunt
1190 1788 1403 1841 sancta
1425 1802 1438 1839 :
1458 1788 1516 1840 et
1535 1783 1786 1855 epistola
1816 1799 1948 1851 sua,
1978 1784 2134 1841 velu-

2250 1790 2489 1862 εὐστόχῳ
2512 1789 2627 1844 λὶαν
2657 1788 2927 1859 ἕπιστολῆ,
2954 1795 3039 1845 τόν
3061 1800 3153 1844 τοῦ
3198 1797 3413 1867 πρώτως
3455 1802 3547 1855 τῆς
3612 1794 3867 1860 ἀληθείας

480 1877 521 1933 ti
560 1876 736 1934 hasta
772 1875 928 1932 bene
981 1872 1307 1938 collimata,
1359 1871 1605 1928 conﬁxit
1649 1870 1843 1928 filium
1901 1871 2134 1946 Leonis,

2249 1878 2682 1943 ἐξολισθησαντος
2726 1878 2923 1942 λὶοντος
2992 1882 3219 1952 ἔγγονον,
3299 1886 3419 1955 περί
3473 1890 3567 1936 τοῦ
3637 1880 3707 1944 δή
3767 1891 3868 1940 καί

479 1966 610 2037 ejus
634 1964 740 2038 qui
770 1964 1001 2037 primus
1026 1979 1064 2020 a
1082 1961 1327 2018 veritate
1352 1960 1672 2048 exciderat,
1700 1960 1776 2017 de
1802 1976 1926 2034 quo
1955 1962 2134 2019 etiam

2248 1970 2411 2048 ἔφθην
2443 1974 2764 2044 προειρηκώς
2808 1969 2977 2047 μὶτρι’
3035 1966 3187 2038 άττα,
3217 1974 3308 2023 καί
3354 1967 3411 2023 ἑκ
3462 1971 3663 2025 πολλῶν
3702 1972 3868 2048 ὁλὶγα

474 2053 607 2124 jam
629 2057 768 2112 ante
796 2051 942 2123 dixi,
974 2065 1171 2123 pauca
1186 2065 1260 2106 ex
1284 2047 1489 2105 multis
1511 2048 1670 2105 circa
1698 2065 1839 2106 eum
1869 2049 1929 2105 in
1951 2048 2134 2108 histo-

2244 2066 2346 2110 τῶν
2393 2047 2857 2133 ’άνιστορημενων
2973 2063 3095 2134 περί
3200 2057 3369 2112 ἔκὶνου
3464 2056 3864 2135 άναλεξάμενοςο

479 2143 637 2200 riam
654 2140 856 2199 relatis
888 2138 1147 2211 seligens
1173 2156 1186 2194 :
1210 2154 1373 2195 nunc
1394 2143 1597 2195 autem
1616 2138 2029 2196 nominandus
2046 2143 2134 2197 est

2244 2154 2449 2221 γνωριῶ
2472 2143 2524 2200 δ’
2551 2154 2640 2200 οῦν
2692 2147 2814 2220 ὑμῖν
2863 2151 2954 2200 καί
3008 2151 3067 2200 τό
3115 2146 3169 2211 ἕξ
3210 2146 3427 2220 ἐκεινου,
3493 2150 3611 2203 κατ’
3666 2150 3865 2206 ἐκεῖνον

475 2230 624 2288 mihi
654 2228 826 2303 (velle
847 2227 1008 2285 enim
1030 2244 1139 2283 vos
1170 2224 1368 2299 credo)
1422 2226 1492 2293 is,
1544 2226 1649 2299 qui
1706 2243 1780 2283 ex
1827 2243 1898 2284 eo
1936 2233 2134 2299 natus,

2247 2233 2522 2309 (βούλεσθε
2548 2238 2647 2311 γάρ
2694 2236 2839 2308 ἴσως)
2903 2231 3215 2301 δεδηλωκως
3277 2235 3331 2301 ἕξ
3388 2236 3659 2313 ὀνόματος.
3711 2248 3863 2295 Κων-

476 2318 812 2378 secundum
842 2318 973 2389 ejus
999 2315 1341 2389 exemplum
1372 2315 1662 2386 regnavit.
1714 2317 2134 2374 Constantinus

2246 2332 2516 2388 σταντῖνος
2557 2324 2722 2393 οὗτος,
2773 2324 2829 2388 ὃς
2888 2325 2995 2399 οὐχ
3060 2325 3238 2397 ἧττον,
3289 2326 3333 2379 εἰ
3378 2331 3452 2401 μή
3504 2334 3596 2382 καί
3638 2329 3861 2404 μᾶλλον,

472 2410 571 2467 hic
595 2409 725 2476 fuit,
757 2406 862 2482 qui
891 2406 1305 2473 nihilominus,
1328 2405 1476 2479 quin
1505 2404 1684 2462 etiam
1715 2405 1905 2463 multo
1938 2408 2134 2478 magis

2243 2416 2378 2469 κατά
2448 2422 2546 2477 τῆς
2636 2412 2893 2476 εὐσεϐεἰας
2961 2412 3281 2484 λελὺττηκεν,
3339 2417 3371 2476 ἠ
3460 2412 3859 2483 δυσωδεστάτη

473 2515 661 2573 quam
686 2496 1118 2567 ille,insanivit,
1142 2495 1347 2552 animo
1378 2494 1584 2569 utique
1611 2494 2134 2569 impudentissimo

2243 2502 2423 2576 ψυχή,
2474 2506 2500 2557 ὀ
2563 2506 2917 2579 κοπρὸφυρτος
2973 2504 3264 2577 ἅνθρωπος.
3323 2503 3433 2557 οὐκ
3488 2504 3772 2582 ἁνὶχομαι,
3822 2512 3854 2571 ἦ

473 2594 532 2647 et
549 2591 724 2647 homo
765 2594 1130 2658 stercoreus;
1158 2583 1233 2642 de
1253 2601 1377 2658 quo
1414 2601 1536 2642 non
1560 2601 1836 2660 possum;
1852 2585 1967 2643 imo
1991 2585 2134 2644 abo-

2243 2592 2433 2666 μᾶλλον
2460 2589 2818 2666 βδελύττομαι
2838 2597 2924 2646 τόν
2956 2590 3004 2645 ἐν
3044 2600 3116 2665 τῷ
3174 2591 3511 2668 βαπτὶσματι
3563 2599 3695 2650 κατά
3756 2607 3859 2652 τοῦ

472 2679 672 2737 minor
692 2694 990 2745 enarrare,
1005 2675 1154 2750 quid
1184 2675 1256 2747 ei,
1281 2676 1484 2733 nescio
1512 2692 1636 2747 qua
1650 2680 1902 2747 ratione,
1925 2676 1989 2734 in
2026 2676 2134 2735 ba-

2244 2683 2399 2757 ὀρθοῦ
2431 2679 2716 2756 δόγματος,
2758 2681 2948 2757 μᾶλλον
2998 2678 3058 2735 δέ
3108 2683 3224 2735 κατ’
3282 2683 3444 2743 αὐτοῦ
3500 2694 3592 2738 τοῦ
3649 2685 3857 2759 βαπτὶ-

472 2770 698 2843 ptismo
718 2767 987 2838 contigit,
1003 2770 1213 2824 contra
1224 2758 1447 2822 rectam
1470 2765 1810 2823 doctrinam
1822 2766 2134 2839 autpotius

2246 2792 2465 2845 σματος,
2515 2772 2609 2825 οὐκ
2677 2768 2780 2825 οἷδ’
2847 2772 3001 2840 ὃπως,
3055 2769 3420 2846 ἐπισυμϐάντα
3471 2778 3649 2846 τούτῳ,
3710 2782 3854 2850 πρός

473 2859 707 2915 contrai
717 2874 890 2931 psum
905 2855 1224 2929 baptisma,
1243 2854 1300 2911 in
1316 2855 1702 2928 praesagium,
1720 2854 1844 2911 sive
1860 2855 2133 2928 utpotius

2243 2860 2611 2935 φοιϐασμόνῆ,
2671 2859 3012 2934 άληθὲστερον
3057 2860 3236 2931 εἰπεῖν,
3304 2870 3443 2935 σαφῆ
3487 2857 3577 2915 τοῦ
3622 2882 3858 2935 γενησο-

471 2948 723 3006 dixerim
733 2991 747 3018 ,
760 2947 821 3004 in
833 2944 1204 3003 manifestam
1219 2943 1401 3001 futuri
1412 2947 1659 3002 eventus
1682 2943 2105 3017 praenotionem
2115 2986 2132 3004 .

2243 2954 2394 3020 μενον
2431 2946 2790 3024 προδήλωσιν,
2824 2949 2891 3011 εἰς
2911 2948 3131 3008 ἐπήκοον
3171 2949 3408 3014 ἐξειπεῖν.

547 3060 634 3111 ὂἹ.
667 3053 772 3110 llic
800 3052 904 3109 ubi
935 3050 1016 3108 ad
1037 3050 1267 3109 virilem
1313 3049 1581 3122 pervenit
1635 3053 1896 3119 aetatem,
1963 3050 2133 3124 quod

2312 3058 2400 3119 νζ.
2460 3058 2621 3119 Οὗτος
2688 3056 2759 3119 εἰς
2812 3053 3011 3132 ἄνδρας
3059 3055 3237 3124 ἐλθών,
3295 3060 3366 3121 ὡς
3413 3059 3517 3112 εἴθε
3543 3064 3617 3131 μή
3668 3061 3857 3133 ὤφελε,

474 3145 708 3203 utinam
736 3157 862 3201 non
889 3140 1137 3199 fuisset!
1168 3138 1319 3213 quid
1371 3154 1495 3197 non
1554 3137 1799 3196 admisit
1843 3139 2080 3197 sceleris
2104 3141 2132 3199 ?

2243 3150 2294 3200 τὶ
2322 3150 2411 3219 μέν
2442 3154 2541 3199 τῶν
2568 3144 2806 3218 άθὶσμων
2865 3145 2960 3198 οὐκ
3006 3145 3308 3219 ἔπραξε;τί
3351 3142 3412 3200 δέ
3463 3155 3564 3199 τῶν
3605 3148 3856 3226 αἰσχρῶν

475 3233 625 3307 quid
648 3231 965 3305 turpidinis
993 3245 1119 3287 non
1142 3228 1450 3303 patravit?
1482 3227 1718 3286 Foedius
1748 3244 1937 3301 quam
1963 3236 2132 3302 pater

2243 3236 2337 3288 οὐκ
2392 3239 2855 3308 ἐποὶησε;Χεῐρον
2894 3241 2987 3287 τοῦ
3030 3238 3399 3307 γεγεννηκότος
3455 3241 3513 3290 τὸ
3565 3244 3659 3290 τοῦ
3714 3248 3861 3294 Θεοῦ

478 3338 627 3379 suus
653 3318 994 3393 inquinavit
1013 3318 1113 3375 Dei
1131 3317 1451 3392 populum.
1472 3317 1586 3374 Sed
1607 3332 1644 3374 ο
1670 3316 2129 3376 solertissimum

2243 3327 2381 3386 ἰθνος
2424 3324 2643 3397 ὶμὶανεν.
2701 3322 2837 3378 Ἀλλ’
2892 3319 3009 3397 εὖγε
3068 3322 3476 3397 ιῦστοχωτάτης
3545 3334 3639 3381 τοῦ
3692 3327 3860 3400 ἁγίου

475 3409 794 3468 consilium
834 3407 1029 3465 sancti
1052 3408 1065 3463 !
1088 3423 1125 3464 o
1145 3406 1389 3480 plagam
1433 3406 1949 3479 opportunissimo
1979 3413 2130 3466 tem-

2243 3413 2435 3488 βουλῆς
2472 3414 2484 3469 !
2523 3410 2639 3486 εὖγε
2684 3415 3035 3487 καιριωτάτης
3097 3411 3342 3485 πληγῆςε
3382 3419 3547 3476 Φινεές
3596 3421 3690 3490 μέν
3742 3422 3860 3493 γάρ

476 3515 622 3574 pore
646 3497 967 3556 inflictaml
992 3495 1242 3553 Phinees
1281 3494 1530 3569 quidem
1571 3493 1900 3553 Israelitam
1927 3496 1991 3553 in
2019 3515 2132 3557 sua

2243 3508 2324 3557 τόν
2352 3503 2684 3578 Ἰσραηλὶτην
2714 3509 2775 3561 τῆ
2839 3506 3001 3576 κακὶᾳ
3050 3499 3456 3576 συνδιετὴρησε,
3505 3509 3598 3558 καί
3656 3504 3863 3562 άνετεὶ-

474 3584 1130 3659 observavitnequitia,
1163 3587 1221 3640 et
1246 3582 1485 3640 hastam
1507 3582 1760 3652 intorsit,
1792 3590 1973 3657 atque
1995 3601 2130 3659 pro-

2243 3603 2348 3646 νιτο
2375 3589 2527 3668 δόρυ,
2549 3612 2640 3646 και
2698 3590 3030 3650 ἰστηλὶτευσε
3066 3596 3125 3645 τό
3169 3592 3480 3669 ἁμάρτημα,
3517 3599 3609 3648 καί
3649 3601 3707 3649 τό
3756 3595 3863 3651 ἀπ’

472 3678 701 3752 palavit
726 3681 1064 3751 peccatum,
1084 3679 1143 3731 et
1171 3678 1419 3731 caeteros
1439 3689 1512 3730 eo
1540 3674 1820 3747 exemplo
1845 3677 2128 3735 emenda-

2243 3680 2428 3735 ἐκεινου
2480 3684 2602 3744 τούς
2651 3680 2863 3743 λοιπούς
2930 3679 3266 3756 ἐσωφρόνισεο
3340 3680 3475 3741 πλην
3525 3682 3602 3755 ἐφ’
3656 3683 3734 3737 ἔτι
3793 3695 3861 3743 τό

471 3769 557 3826 vit
579 3785 595 3825 :
617 3766 724 3824 sed
754 3782 876 3823 uno
902 3764 1101 3822 solum
1131 3764 1193 3820 in
1232 3762 1368 3820 loco
1418 3762 1699 3837 repressit
1754 3763 2002 3838 crimen,
2025 3783 2127 3823 so-

2243 3776 2379 3844 τόπῳ
2438 3770 2723 3845 άνὲσχηκε,
2768 3775 2859 3823 καί
2901 3774 3088 3844 μόνους
3130 3774 3254 3834 τούς
3307 3776 3718 3846 παρατυχόντας
3757 3786 3858 3842 τῆς

467 3858 684 3931 losque
720 3858 1045 3929 praesentes
1073 3854 1284 3911 avertit
1319 3867 1357 3909 a
1384 3852 1628 3910 scelere.
1685 3854 1944 3911 Joannes
1984 3871 2127 3913 vero

2243 3859 2497 3936 άμαρτὶας
2517 3862 2942 3933 ἀνακεχαὶτισιν·
2992 3861 3018 3912 ό
3067 3855 3127 3913 δέ
3176 3864 3264 3913 τόν
3313 3860 3441 3935 ὑπέρ
3499 3868 3635 3916 Θεοῦ
3685 3864 3856 3926 ζῆλον

467 3946 856 4004 vehementer
876 3943 1114 4000 zelosus
1140 3957 1250 4015 pro
1271 3943 1412 4010 Deo,
1456 3944 1516 3999 et
1567 3956 1752 4014 supra
1779 3957 1892 3999 nos
1915 3942 2126 4001 intelli-

2243 3951 2385 4012 οὗτος
2404 3949 2585 4019 πολύς,
2627 3951 2654 4002 ὁ
2695 3950 2762 4001 τά
2813 3950 2941 4023 ὑπέρ
2990 3950 3129 4021 ἡμᾶς
3175 3954 3405 4017 συνετός,
3456 3954 3547 4002 καί
3594 3953 3662 4003 τά
3724 3956 3859 4009 καθ’

467 4050 638 4108 gens,
662 4050 735 4092 ac
745 4033 907 4091 circa
924 4048 1038 4089 nos
1055 4034 1338 4102 satagens
1358 4028 1660 4101 jaculatus
1676 4031 2053 4103 estquidem,
2070 4039 2128 4091 et

2243 4042 2372 4114 ἡμᾶς
2418 4043 2690 4112 νουνεχής,
2731 4041 3077 4097 κατηκόντισε
3131 4042 3242 4111 μέν,
3275 4058 3366 4092 και
3420 4048 3494 4110 τῷ
3543 4049 3691 4113 κακῷ
3753 4050 3857 4105 τήν

466 4140 742 4183 unacum
756 4126 1003 4195 peccato
1015 4125 1392 4193 peccatorem
1402 4118 1687 4185 confodit;
1708 4119 1818 4175 sed
1836 4122 2039 4178 statim
2060 4122 2125 4180 id

2243 4134 2415 4181 ιακὶαν
2464 4127 2902 4192 σννεξεκέντησεν·
2955 4126 3238 4200 ἁπανταχῆ
3296 4123 3349 4181 δ’
3398 4126 3584 4202 άθρόον
3637 4128 3855 4187 ἀνέδει-

465 4213 605 4272 fecit
617 4212 841 4285 ubique
852 4213 1147 4277 notum,et
1159 4212 1445 4265 momento
1456 4224 1610 4282 pene
1623 4210 1900 4283 temporis
1919 4227 2124 4269 omnes

2243 4220 2304 4287 Ξε,
2349 4222 2441 4270 καί
2519 4217 2568 4269 ἐν
2634 4216 2817 4291 ἀκαρεῖ
2866 4224 2958 4269 τοῦ
3013 4219 3212 4290 χρόνου
3263 4220 3460 4279 πάντας
3492 4220 3849 4296 quaso-rstica,

468 4300 980 4371 sustulitiniquos,
998 4298 1202 4354 litteris
1221 4297 1367 4370 ipsis
1388 4297 1661 4354 revelans
1679 4298 1874 4354 scelus
1899 4299 2122 4374 ubique

2243 4311 2510 4382 γράμμασι
2556 4313 2666 4368 τοῖς
2718 4306 2896 4368 αὐτοῖς
2952 4311 3088 4359 πᾶσι
3133 4315 3380 4379 πανταχῆ
3431 4312 3525 4366 τήν
3574 4306 3851 4385 άμαρτὶαν

462 4390 738 4450 locorum
750 4388 813 4445 in
823 4392 1149 4460 conspectu
1162 4386 1437 4453 omnium,
1457 4390 1516 4443 et
1532 4386 1608 4442 de
1619 4385 1914 4459 impietate
1927 4388 2122 4444 trium~

2243 4396 2586 4468 Ξινακαλύψας,
2615 4401 2703 4449 καί
2746 4394 3102 4471 θριαμϐεῦσας
3155 4400 3213 4449 τό
3268 4415 3645 4471 παρανόμημα.
3703 4402 3852 4474 Εὖγε

463 4479 685 4554 phans.
720 4480 904 4536 Macte
942 4481 1045 4533 tuo
1073 4476 1191 4534 isto
1218 4476 1282 4534 in
1326 4475 1429 4533 Dei
1471 4491 1657 4532 causa
1702 4475 1847 4548 zelo,
1895 4483 2123 4552 martyr

2243 4506 2316 4541 τοι
2342 4494 2435 4540 τοῦ
2459 4488 2595 4540 κατά
2648 4490 2777 4541 Θεόν
2828 4485 3010 4555 ζήλου,
3054 4487 3257 4561 μάρτυς
3301 4486 3460 4549 ὁντως
3505 4485 3846 4560 ἀναιμάκτεὲ

464 4570 775 4626 incruente
798 4567 810 4622 l
837 4570 1017 4625 Macte
1032 4565 1285 4623 ferventi
1311 4570 1413 4622 tuo
1429 4580 1574 4636 erga
1584 4564 1869 4621 eumdem
1882 4582 2088 4625 amore
2103 4568 2117 4625 Ι

2243 4576 2359 4648 Εὖγε
2373 4583 2466 4629 τοῦ
2493 4572 2753 4651 διαπόρου
2782 4578 2914 4650 πρὸς
2942 4576 3029 4627 τόν
3073 4578 3202 4628 Θιόν
3252 4574 3465 4651 φὶλτρου
3504 4575 3516 4630 ε
3555 4576 3690 4649 Εὗγι
3742 4588 3848 4644 ’ἧς

463 4662 646 4719 Macte
670 4657 857 4717 animi
877 4656 961 4715 tui
987 4655 1067 4715 ad
1095 4655 1332 4730 pietatis
1382 4653 1801 4712 defensionem
1854 4656 2077 4715 ﬁducia
2102 4658 2116 4715 Ξ

2243 4668 2355 4740 >πέρ
2393 4673 2485 4727 τῆς
2541 4663 2805 4726 εὐσεϐεἱας
2873 4663 3207 4739 παρρησιαςί
3234 4664 3507 4739 ’Υπὶρευγὲ
3586 4684 3674 4719 σοι
3744 4676 3846 4722 τοῦ

461 4751 646 4809 lacte
673 4747 882 4806 illustri
906 4751 1010 4806 tua
1031 4745 1451 4820 intrepidaque
1476 4746 1814 4804 constantia
1849 4746 1911 4803 in
1965 4764 2117 4821 pras-

2243 4762 2536 4829 τεριφανοῦς
2556 4759 2647 4808 καί
2698 4752 2752 4818 ἒξ
2802 4753 3055 4830 άτρὶστου
3103 4761 3194 4816 τῆς
3245 4753 3434 4827 ψυχῆς
3482 4760 3844 4831 παραστήμα-

461 4838 725 4898 dicanda
748 4837 993 4898 veritate
1018 4837 1031 4893 !

2243 4864 2312 4908 re;
2340 4847 2468 4920 ύπέρ
2493 4852 2590 4908 τῆς
2618 4844 2861 4906 α’ληθιὶας
2890 4847 3229 4920 κηρύγματος
3254 4844 3267 4900 i

532 4950 620 5006 58.
646 4945 801 5014 Quid
820 4948 1023 5003 autem
1044 4943 1072 5000 ?
1093 4959 1173 5002 an
1202 4958 1349 5014 erga
1386 4940 1577 4997 Deum
1613 4954 1831 5016 resque
1879 4944 2117 5003 divinas

2294 4952 2395 5011 νη’.
2438 4952 2594 5007 Ἀλλά
2632 4957 2684 5006 τὶ
2737 4960 2863 5025 γοῦν
2902 4949 3048 5014 οὗτος
3075 4955 3167 5024 μέν
3232 4949 3368 5005 οὕτω
3418 4953 3549 5027 πρὸς
3596 4970 3650 5006 τε
3703 4957 3836 5008 Θεὸν

456 5039 545 5097 ita
566 5036 813 5097 affectus
841 5036 940 5092 hic
969 5033 1101 5104 fuit,
1129 5036 1187 5091 et
1222 5034 1380 5090 Deus
1429 5045 1570 5087 eum
1620 5046 1741 5088 non
1791 5033 2112 5106 promovit,

456 5131 637 5202 atque
646 5128 727 5186 ad
741 5127 1276 5199 maximaquasque
1287 5121 1546 5194 suscepit
1567 5123 1595 5177 ‘I
1611 5122 2114 5197 lgiturquomodo

456 5233 598 5274 cum
624 5233 696 5274 eo
733 5216 920 5288 egerit
954 5218 1130 5282 Deus,
1157 5214 1358 5285 disce;
1393 5217 1450 5269 et
1473 5212 1786 5284 quomodo
1815 5230 1954 5271 eum
1985 5231 2113 5271 sus-

454 5306 696 5378 ccperit,
728 5304 890 5362 audi.
924 5303 1199 5376 Suggerit
1231 5300 1782 5373 Hierosolymorum
1842 5303 2105 5373 antistiti,

453 5399 595 5453 tunc
628 5393 918 5451 obtinenti
950 5392 1234 5450 thronum
1263 5391 1460 5450 fratris
1486 5389 1967 5457 Domini,Jacobi
1998 5393 2106 5449 sci-

450 5482 586 5541 licet
612 5482 823 5539 fervidi
852 5481 1008 5539 illius
1034 5482 1304 5553 magistri
1343 5487 1524 5554 atque
1569 5482 1864 5552 praeconis
1890 5481 2106 5540 verita-

448 5572 525 5629 tis
547 5572 881 5647 (quomodo
907 5576 1107 5630 autem
1138 5572 1501 5646 suggesserit
1519 5576 1709 5643 taceo,
1735 5574 1881 5648 quia
1904 5574 2106 5633 invisi.

444 5659 640 5725 biliter
667 5677 775 5738 per
796 5662 1095 5726 internam
1129 5663 1379 5737 Spiritus
1408 5663 1738 5750 motionem
1757 5664 1820 5723 id
1854 5664 2103 5735 factum)

2223 5046 2315 5095 καί
2333 5044 2399 5095 τά
2424 5044 2550 5118 ὑπέρ
2582 5048 2718 5097 Θεοῦ
2743 5046 2870 5103 Θεὸς
2895 5037 2947 5094 δ’
2987 5043 3046 5094 ού
3099 5045 3371 5115 προσὶετο,
3423 5045 3453 5100 ἣ
3480 5040 3571 5095 οὐκ
3617 5040 3667 5094 ἰν
3723 5052 3834 5104 τοῖς

2221 5130 2455 5203 μάλιστα
2523 5127 3038 5207 προσεὸὶχετοςκαί
3085 5130 3226 5193 ὃπως
3276 5138 3457 5184 τοῦτον
3528 5126 3643 5203 εἶχε
3701 5137 3833 5193 Θεὸς

2219 5223 2464 5293 μάνθανε,
2519 5226 2609 5276 καί
2650 5224 2788 5284 ὅπως
2854 5220 3275 5297 προσελάμϐανεν
3341 5216 3515 5275 άκουε.
3577 5220 3830 5274 ’Υποϐάλ-

2217 5308 2293 5362 λει
2329 5319 2402 5383 τῷ
2458 5319 2557 5364 τῶν
2601 5309 2970 5386 Ἱεροσολύμων
3016 5318 3398 5385 προστατοῦντι
3438 5315 3529 5363 καί
3583 5316 3669 5363 τόν
3714 5312 3828 5384 θρό-

2216 5418 2299 5452 νον
2353 5399 2466 5453 xw."
2533 5399 2694 5453 ἰκείνο
2757 5407 2945 5475 καιροῦ
3000 5407 3092 5453 τοῦ
3137 5397 3481 5473 Ἀδελφοθεου
3567 5395 3823 5468 διὲποντι,

2219 5487 2466 5541 Ἰακώϐου
2509 5488 2641 5561 λὲγω
2694 5496 2787 5541 τοῦ
2830 5486 3156 5565 ὃιαπρυσίου
3214 5497 3311 5549 τῆς
3361 5487 3606 5549 άληθεὶας
3660 5483 3821 5540 διδα-

2217 5576 2411 5630 σκάλου
2441 5584 2531 5631 καί
2555 5584 2779 5655 κὴρυχος
2821 5581 2899 5651 (τό
2952 5576 3003 5631 δ’
3048 5580 3188 5641 ὃπως
3235 5576 3511 5632 ὑποϐάλλει
3566 5577 3815 5653 παρίημι,

2215 5666 2445 5741 ἀοράτως
2491 5669 2593 5744 γάρ
2664 5672 2755 5723 καί
2830 5664 2899 5721 δι’
2956 5671 3226 5731 ἐπιπνοίας
3304 5676 3394 5722 τοῦ
3474 5663 3809 5741 Πνεῦματος),
