4090 6472
224 374 310 430 881
712 364 715 369 ’
1416 370 1487 428 ΙΝ
1527 369 1603 429 8..
1623 368 1818 429 JOAN.

1926 368 2362 429 tMASCENUM.

3465 375 3574 431 882

222 496 575 573 πρεσϐυτέροις
609 493 810 550 ¹τοῦτον
898 493 1300 567 συγκαταλέξαι,
1353 497 1444 548 καὶ
1503 502 1604 549 τῶν
1661 496 1802 549 κάτω

1926 496 2200 567 suggerit,
2223 496 2494 570 inquam,
2514 500 2581 557 ut
2595 499 2959 574 presbyteris
2980 501 3573 569 ascribatJoannem,

225 590 367 647 θύτην
401 589 706 660 μυστηρίων
745 584 1007 640 ἐκτελέσαι
1033 588 1119 640 τόν
1174 592 1275 638 τῶν
1340 586 1447 638 ἄνω
1506 589 1596 639 καὶ
1654 585 1802 656 οὐρα-

222 680 328 730 νίων
373 674 599 740 ἐπάξιον.
628 679 730 730 Καὶ
787 676 840 736 ὃς
869 679 1015 748 χρίει
1063 677 1123 728 τό
1179 676 1349 747 τάχος
1402 673 1805 748 μεταπεμψάμε-

221 785 313 835 νος,
332 769 418 819 καὶ
447 772 556 827 τοῖς
594 766 878 839 ἱεροθύταις
925 765 1216 832 συντάττει,
1248 767 1314 826 ὡς
1341 763 1403 818 ἀν
1457 760 1525 823 δὴ
1566 767 1623 818 τὸ
1670 766 1807 838 μέγα

224 857 351 928 θῦμα
375 853 665 928 καλλιεροίη
697 856 950 928 Χριστόν,
1001 857 1060 906 τό
1108 855 1257 906 τυθεν
1317 857 1409 928 μεν
1460 852 1621 921 ἅπαξ,
1684 854 1807 906 θυό-

221 963 354 1019 μενον
410 940 463 996 δ’
513 943 719 1013 εἰσαιεὶ,
772 944 898 1018 ὑπερ
952 950 1052 996 τῶν
1104 942 1245 1007 ἅπαξ
1300 946 1390 1016 μὲν
1437 946 1802 1011 πεπτωκότων,

220 1034 325 1087 καθ’
352 1031 577 1091 ἑκάστην
631 1029 691 1086 δί
758 1028 1205 1106 διασαλευομένων
1240 1034 1406 1105 ἡμῶν.
1446 1036 1511 1086 Τί
1559 1028 1619 1086 δὲ
1676 1034 1808 1092 Θεὸς

218 1126 302 1197 μεν
331 1121 462 1176 οὕτω
521 1142 632 1185 πως
687 1124 891 1194 ἔχρισε,
949 1126 1036 1175 καὶ
1081 1122 1247 1185 οὕτως
1302 1119 1576 1187 ἀνέδειξεν,
1631 1121 1806 1174 ὁποῖόν

218 1232 270 1267 τε
294 1209 398 1284 εἶχε
431 1216 520 1265 καὶ
553 1218 660 1273 τοῖς
693 1210 956 1287 πόρρωθεν
986 1207 1307 1270 διεδήλωσεν
1340 1228 1355 1279 ;
1388 1212 1414 1264 ό
1446 1207 1495 1264 δ’
1544 1209 1807 1284 ὀλιγωρη-

220 1322 318 1370 σεν,
352 1302 382 1362 ἦ
413 1302 725 1373 καθυφῆκεν,
762 1301 790 1360 ἦ
850 1308 942 1361 τῆς
966 1301 1082 1353 κατ’
1127 1298 1313 1377 ἀρετήν
1353 1302 1628 1362 συντονίας
1681 1299 1809 1363 ὅλως

220 1389 502 1464 ἠμῦκησενς
561 1392 821 1460 Οῦμενουν
874 1385 1141 1462 οὐδαμῶς,
1214 1396 1399 1462 μακρῷ
1461 1390 1564 1462 γὰρ
1621 1387 1807 1442 πλείων

222 1479 431 1534 ἐντεῦθεν
468 1484 561 1538 τὴν
617 1480 913 1554 προθυμίαν
956 1478 1137 1552 ἐφάνη,
1169 1483 1260 1533 καὶ
1296 1478 1467 1552 πολλῷ
1530 1498 1635 1532 τινι
1690 1481 1809 1551 θερ-

221 1573 415 1644 μότερος
471 1571 558 1621 τόν
636 1574 729 1621 τοῦ
797 1572 1040 1641 σώματος
1094 1569 1442 1641 ῦπωπιασμόν
1497 1564 1806 1640 ἀνεδείχθη,

219 1663 308 1719 τήν
329 1677 379 1711 τε
406 1661 716 1712 ταπείνωσιν
774 1655 1112 1731 ὑψηλότερος,
1152 1661 1240 1712 καὶ
1302 1660 1432 1733 πρὸς
1486 1664 1661 1712 πᾶσαν
1718 1657 1809 1711 οἳλ-

214 1745 302 1806 λην
352 1744 536 1822 ἀρετην
598 1744 951 1821 ἀκμαιότερος.
1030 1745 1119 1809 Ὧς
1168 1748 1270 1822 γὰρ
1331 1747 1396 1798 οἶν
1458 1766 1536 1807 τις
1591 1754 1691 1799 τῶν
1744 1747 1811 1798 τὰ

1915 589 1972 644 et
2001 587 2278 660 supernis
2318 593 2499 661 atque
2528 589 2867 649 coelestibus
2904 593 3203 666 mysteriis
3253 592 3576 662 dignatum

1913 676 2150 734 ordient
2177 677 2259 733 ad
2286 692 2358 735 ea
2403 694 2542 751 quas
2587 679 2649 736 in
2700 682 2864 737 terris
2921 686 3228 752 geruntur.
3284 681 3385 737 ille
3427 694 3573 748 ergo

1913 782 2056 824 mox
2085 766 2440 825 accersitum
2468 768 2724 841 inungit,
2755 774 2814 827 et
2839 771 2991 840 inter
3016 771 3353 829 sacerdotes
3395 769 3578 827 collo-

1915 860 2029 923 cat,
2045 860 2390 927 utmagnam
2400 857 2670 925 hostiam,
2685 860 2972 916 Christum
2997 860 3190 933 ipsum
3210 874 3441 932 nempe,
3467 859 3577 915 rite

1915 950 2246 1012 consecret,
2260 962 2396 1015 quae
2414 946 2598 1004 semel
2613 949 2930 1007 immolata
2945 949 3294 1007 immolatur
3308 947 3578 1022 quotidie

1915 1049 2026 1108 pro
2040 1035 2240 1105 nobis,
2255 1035 2678 1109 semelquidem
2693 1037 2908 1111 lapsis,
2921 1038 3188 1112 quotidie
3199 1054 3341 1095 vero
3356 1036 3579 1110 impelli

1916 1123 1998 1180 ad
2021 1122 2264 1196 lapsum
2290 1123 2496 1182 solitis.
2528 1127 2720 1193 Quem
2742 1142 2882 1184 vero
2907 1128 2997 1185 sic
3025 1127 3198 1185 unxit
3224 1130 3283 1184 et
3312 1126 3398 1183 sic
3440 1140 3575 1182 eve-

1914 1213 2002 1270 xit
2030 1213 2207 1281 Deus,
2232 1215 2568 1289 quantique
2594 1215 2815 1274 faceret
2833 1216 3012 1274 etiam
3032 1216 3213 1286 longe
3232 1215 3444 1289 positis
3473 1215 3577 1272 de-

1915 1302 2306 1370 monstravit;
2328 1320 2407 1361 an
2423 1304 2708 1378 deinceps
2726 1306 3124 1377 negligentius
3151 1305 3290 1378 egit,
3323 1305 3575 1362 remisit-

1916 1407 2036 1465 que
2083 1391 2439 1450 industriam
2476 1398 2536 1451 et
2580 1395 2740 1453 circa
2789 1395 3022 1452 virtutis
3087 1394 3574 1452 exercitationem

1916 1480 2225 1552 elanguit?
2247 1482 2483 1540 Minime
2503 1499 2644 1541 vero
2664 1503 2677 1540 ε
2713 1484 2819 1540 sed
2839 1483 3053 1541 exhinc
3070 1485 3366 1556 majorem
3384 1482 3574 1541 multo

1917 1569 2108 1627 animi
2139 1569 2504 1629 alacritatem
2545 1572 2833 1631 adhibere
2883 1574 3042 1630 visus
3090 1578 3222 1642 est;
3264 1574 3328 1630 in
3369 1572 3575 1643 subju-

1918 1658 2119 1731 gando
2146 1675 2398 1734 corpore
2425 1660 2766 1730 ferventior,
2797 1663 2859 1719 in
2888 1679 2953 1719 se
2981 1662 3362 1720 bumiliando
3382 1660 3575 1718 subli-

1918 1748 2091 1820 mior,
2115 1753 2297 1823 atque
2320 1750 2397 1808 ad
2418 1766 2665 1807 omnem
2701 1752 2883 1809 aliam
2924 1752 3202 1810 virtutem
3248 1750 3572 1809 robustior.

208 1832 335 1910 τῇδε
381 1834 790 1911 περιπολούντων
851 1834 1064 1911 ἀρχεῖα,
1119 1836 1353 1909 μείζονος
1399 1833 1581 1898 ἑπιϐἀς
1635 1834 1805 1899 ἀξίας,

1926 1839 2083 1896 Sicut
2099 1839 2262 1898 enim
2290 1855 2499 1898 eorum
2523 1841 2739 1915 aliquis
2753 1843 2860 1915 qui
2881 1846 3202 1900 versantur
3222 1842 3285 1898 in
3326 1840 3569 1914 palatio,

208 1924 554 2001 ἕνεργὲστερος
611 1929 907 1984 κατασταίη
1002 1929 1092 1978 καὶ
1175 1926 1586 2001 προθυμότερος,
1666 1928 1805 1999 εἴπερ

207 2014 421 2086 εὐλόγως
448 2017 579 2088 πρὸς
624 2021 718 2068 τοῦ
777 2017 1117 2087 τετιμηκότος
1174 2013 1459 2088 ἕγκριθείη,
1511 2019 1602 2068 καὶ
1653 2013 1812 2078 αῦτός

207 2124 265 2179 γε
288 2107 418 2179 πρὸς
470 2103 636 2164 αὐτὴν
689 2102 1048 2175 ἐπιλογίσαιτό
1105 2106 1157 2158 οἱ
1204 2107 1262 2157 τό
1323 2103 1665 2177 ὀφειλόμενον,
1717 2108 1809 2158 καὶ

205 2198 267 2250 τὸ
315 2191 515 2248 δίκαιον
574 2191 875 2266 ἕπικρίνειεν
910 2215 922 2228 ο
965 2196 1035 2255 ὡς
1098 2190 1158 2247 δὲ
1199 2198 1290 2247 καὶ
1336 2194 1507 2261 οὗτος,
1542 2196 1672 2270 πρὸς
1719 2201 1811 2248 τοῦ

208 2284 313 2337 ἄνω
344 2282 619 2353 Βασιλέως,
659 2288 752 2335 τοῦ
799 2302 956 2356 μονον
1009 2281 1230 2354 ἀγαθοῦ,
1264 2289 1357 2336 τοῦ
1403 2286 1563 2355 μόνου
1608 2281 1813 2342 ἀλαθή-

209 2392 299 2428 του
328 2375 612 2441 Δεσπότου,
644 2374 703 2425 τὸ
738 2379 829 2435 τῆς
887 2374 1167 2445 ἱερωσύνης
1222 2367 1532 2445 dede-miro;
1584 2370 1810 2445 ἀξίωμα,

207 2465 270 2519 τὸ
294 2467 545 2536 μέγιστον
601 2459 911 2535 ἀξιωμάτων
969 2466 1059 2515 καὶ
1110 2466 1446 2534 τιμιώτατον,
1497 2465 1587 2514 καὶ
1636 2464 1814 2534 μόνοις

208 2559 315 2615 τοῖς
343 2554 480 2605 κατὰ
519 2554 607 2605 τὸν
637 2555 800 2623 μέγαν
828 2558 1010 2605 τοῦτον
1038 2553 1170 2624 πρὸς
1233 2548 1478 2609 ἀληθειαν
1539 2551 1813 2625 καταλαμ-

212 2641 487 2715 ϐανόμενόν
569 2659 625 2695 τε
679 2644 771 2695 καὶ
853 2642 1285 2713 συντηρούμενον,
1368 2639 1710 2714 εὐθυμότερόν
1761 2659 1816 2695 τε

208 2740 304 2795 τῆς
334 2730 672 2803 λειτουργίας
697 2728 996 2800 ἐπείληπτο,
1039 2733 1130 2782 καὶ
1159 2731 1285 2802 πρὸς
1338 2732 1433 2787 τὴν
1485 2738 1583 2792 τῆς
1628 2727 1815 2804 ἀρετῆς

209 2822 466 2898 ἄργασίαν
534 2825 910 2896 συντονώτερον
976 2815 1307 2892 διεγηγερτο.
1389 2817 1529 2872 Ἀλλ’
1611 2817 1815 2895 ἐπείπερ

209 2912 347 2966 οὕτω
403 2914 669 2983 γενναίως,
762 2909 871 2981 οὐχ
921 2909 1004 2962 ὅτι
1038 2911 1166 2983 πρὸς
1224 2907 1524 2975 πένταθλον,
1582 2906 1689 2960 ἀλλ’
1745 2909 1820 2971 εἰς

206 2999 499 3075 μυρίαθλον
561 2998 648 3070 (ὡς
723 3002 813 3052 καὶ
873 2999 1090 3071 φάμενος
1160 2995 1343 3069 ἔφθην)
1398 2992 1815 3071 ἀποδυσάμενος,

208 3090 501 3163 θαυμαστά
526 3089 613 3142 οἷα
660 3084 980 3153 ἑπιὸείξαιτο
1005 3106 1017 3121 ο
1059 3091 1150 3140 καὶ
1202 3087 1288 3138 ὅτι
1327 3104 1388 3158 γε
1438 3085 1687 3145 πλείστην
1731 3085 1821 3159 ἰμ-

1919 1929 1968 1987 si
1987 1929 2066 1987 ad
2083 1930 2376 2003 majorem
2397 1931 2733 1990 ascenderit
2746 1932 3118 2003 dignitatem,
3139 1931 3575 2005 promptiorem

1920 2034 1983 2076 se
2003 2018 2082 2075 ad
2102 2018 2401 2093 obsequia
2421 2019 2678 2089 exhibet,
2706 2025 2774 2079 ut
2810 2020 2890 2079 ab
2911 2036 2982 2077 eo
3003 2020 3107 2094 qui
3144 2021 3345 2094 ipsum
3384 2019 3575 2077 hono-

1918 2106 2074 2164 ravit
2096 2108 2396 2180 judicetur
2436 2108 2499 2166 id
2533 2110 2804 2179 meritus,
2854 2125 3060 2167 secum
3107 2109 3236 2183 ipse
3280 2108 3575 2166 rationem

1920 2198 2114 2254 iniens
2133 2213 2257 2271 quo
2276 2201 2453 2272 pacto
2483 2197 2755 2256 debitum
2777 2214 2958 2256 suum
2975 2200 3134 2270 juste
3153 2197 3428 2255 exsolvat
3456 2215 3469 2253 :
3493 2197 3577 2254 ita

1892 2289 2101 2349 .etiam
2122 2289 2409 2358 Joannes,
2431 2304 2467 2345 a
2497 2303 2636 2358 rege
2691 2302 2926 2358 regum,
2959 2287 3088 2345 solo
3129 2288 3292 2345 bono
3335 2302 3406 2344 ac
3447 2285 3576 2342 solo

1921 2393 2064 2435 vero
2093 2377 2341 2435 domino
2371 2382 2599 2446 nostro,
2666 2378 2984 2436 sacerdotii
3017 2378 3277 2435 donatus
3323 2377 3574 2439 honore,

1923 2466 2196 2525 omnium
2215 2467 2517 2525 honorum
2534 2467 2802 2525 maximo
2820 2471 2878 2525 et
2896 2466 3439 2535 venerabilissimo,
3458 2469 3515 2521 et
3542 2481 3580 2521 a

1925 2556 2066 2614 solis
2116 2556 2234 2631 ipsi
2286 2572 2495 2615 revera
2533 2556 2829 2614 similibus
2867 2555 3249 2629 suscipiendo
3291 2554 3581 2628 gerendo-

1926 2662 2063 2720 que,
2109 2647 2448 2720 promptius
2496 2645 2816 2719 capessivit
2862 2645 3257 2703 ministerium
3313 2660 3580 2714 sacrum,

1926 2742 2108 2810 atque
2147 2735 2228 2793 ad
2264 2735 2497 2793 virtutis
2531 2735 2761 2792 cultum
2822 2734 3165 2805 vigilantior
3226 2733 3581 2791 exsurrexit.

1927 2826 2258 2899 Postquam
2278 2828 2479 2883 autem
2501 2840 2630 2882 sese
2652 2829 2774 2882 tam
2796 2840 3102 2895 generose,
3127 2838 3251 2881 non
3305 2823 3385 2881 ad
3441 2838 3585 2895 pen-

1928 2916 2179 2975 tatblum
2200 2916 2292 2988 (ut
2312 2915 2589 2988 superius
2604 2915 2835 2973 dictum
2856 2920 2946 2973 est
2957 2923 2990 2981 t,
3008 2914 3113 2972 sed
3128 2914 3207 2971 ad
3218 2912 3583 2987 myriathlou

1927 3006 2309 3080 praeparavit,
2356 3020 2544 3078 quam
2593 3004 2857 3061 maxime
2908 3003 3269 3062 admiranda
3326 3001 3589 3076 patravit

1930 3095 2218 3167 facinora,
2252 3098 2564 3168 totumque
2593 3094 2655 3151 in
2680 3095 2773 3151 sui
2794 3092 3259 3151 admirationem
3288 3092 3587 3149 theatrum

204 3178 360 3233 ϐάλοι
386 3184 460 3250 τῷ
492 3178 687 3250 θεάτρῳ
710 3180 804 3237 τὴν
833 3175 1076 3242 ἔκπληξιν
1110 3197 1123 3209 ”
1154 3172 1288 3236 ἦσαν
1347 3172 1406 3230 δὲ
1439 3174 1543 3252 ἄρα
1590 3179 1649 3228 τό
1703 3178 1818 3229 θέα-

1931 3184 2132 3259 rapuit
2159 3202 2171 3242 :
2203 3185 2499 3242 theatrum
2521 3199 2661 3241 vero
2686 3182 3023 3257 implebant
3042 3181 3295 3254 angelici
3322 3181 3585 3255 spiritus,

201 3288 328 3343 τρον
361 3269 494 3322 θεῖοί
519 3285 574 3321 τε
596 3267 907 3343 πληροῦντες
945 3265 1173 3339 ἄγγελοι,
1208 3267 1257 3319 οἰ
1307 3269 1399 3319 καὶ
1454 3272 1554 3318 τῶν
1617 3264 1822 3338 ἀγώνων

204 3353 348 3417 ἦσαν
405 3361 589 3409 τοῦτον
643 3355 1018 3430 ὑπερογάμενοι
1079 3373 1092 3387 ·
1150 3358 1241 3407 καὶ
1292 3349 1539 3427 δαίμονες
1591 3358 1825 3428 περιτρέ-

200 3464 422 3519 χοντες,
450 3443 616 3497 οἱκαὶ
650 3442 1144 3516 ἀντικαθιστάμενοι
1198 3444 1369 3516 τούτῳ
1425 3447 1515 3496 καὶ
1565 3441 1824 3518 πολυτρό-

199 3557 324 3600 πως
387 3535 725 3602 ἀντεπιόντες,
789 3538 880 3588 καὶ
946 3532 1338 3607 πολύμηχάνως
1393 3531 1822 3607 ἀντεγειρόμενοι,

200 3625 296 3688 οὓς
322 3630 418 3679 καὶ
464 3623 571 3698 οὐχ
619 3625 775 3685 ἧττον
832 3623 1083 3697 εὐτέχνως
1140 3622 1169 3683 ἦ
1222 3626 1466 3696 γενναίως
1536 3627 1828 3695 κατηγωνί-

202 3734 369 3771 σατο.

200 3846 205 3851 ⁴
275 3840 385 3897 νϐ’,
416 3839 561 3894 Ἐπεὶ
599 3835 651 3893 δ’
683 3834 771 3893 οὖν
824 3837 960 3891 οὕτω
1017 3843 1185 3891 ταῦτα
1241 3833 1480 3905 διήνυτο,
1539 3835 1827 3913 ἀγέραστον

195 3927 256 3985 δ’
291 3928 540 3984 ἔπιπλέον
593 3927 892 3981 καταλιπεῖν
947 3926 1042 3980 οῦκ
1083 3923 1146 3985 ἧν
1195 3927 1345 3999 τάχα
1388 3928 1521 3999 πρός
1569 3933 1662 3979 τοῦ
1716 3945 1829 3981 στε-

192 4016 442 4095 φοδότου
472 4024 627 4086 Θεοῦ,
668 4018 723 4070 ὃν
775 4021 864 4071 καὶ
909 4015 1232 4088 ἀγωνοθὲτην
1282 4014 1682 4089 προύστήσατο,
1736 4020 1827 4068 καὶ

190 4112 347 4186 πρὸς
376 4107 431 4161 ὃν
458 4106 693 4181 ἀρχῆθεν
719 4105 943 4179 ἀφορῶν,
1005 4105 1190 4158 ἑαυτοῦ
1227 4124 1282 4158 τε
1332 4106 1595 4178 ὁσημέραι
1640 4104 1827 4158 πλείων

191 4198 435 4272 ἐγένετο,
494 4203 599 4258 τοῖς
678 4195 856 4258 ἄθλοις
923 4193 1266 4270 ἀκμαιότερον
1329 4192 1628 4261 ὶπετείνετο,
1686 4194 1827 4256 τέλος

190 4284 263 4341 δὲ
295 4291 399 4340 καὶ
425 4289 492 4340 τά
519 4285 722 4360 μεγάλα
753 4281 1070 4354 διεπράξατο
1119 4288 1206 4337 καὶ
1261 4285 1592 4358 κατώρθωσε.
1648 4287 1711 4337 Τί
1768 4287 1826 4337 τὸ

188 4377 445 4431 ἐντεῦθεν
487 4380 577 4430 καὶ
619 4380 821 4449 γίνεται
847 4392 862 4443 ;
893 4382 1007 4429 Τῶν
1054 4382 1269 4449 μακρῶν
1335 4371 1605 4427 ἀναλαϐεῖν
1672 4372 1828 4428 ἐθέλει

184 4471 385 4521 πόνων
419 4470 563 4533 Θεός,
605 4470 693 4519 καὶ
736 4471 847 4528 τοῖς
884 4469 1004 4542 περὶ
1044 4465 1202 4519 αὐτὸν
1254 4463 1447 4537 λογάσι
1506 4463 1827 4536 συγκαταλέ-

1934 3274 2234 3349 ejusmodi
2260 3272 2692 3333 certaminibus
2723 3272 2859 3347 plus
2874 3288 3064 3346 quam
3083 3271 3201 3329 dici
3226 3271 3416 3347 possit
3433 3269 3592 3328 oble-

1933 3366 2077 3425 ctari
2104 3364 2256 3424 soliti
2282 3383 2296 3422 ε
2318 3363 2542 3422 diaboli
2563 3367 2767 3421 autem
2782 3359 3488 3434 circumcursabant,ipsi
3507 3374 3593 3418 re-

1904 3456 2208 3514 sistentes
2248 3470 2319 3513 ac
2352 3452 2755 3527 multipliciter
2813 3455 3245 3525 repugnantes,
3296 3450 3476 3507 variis
3521 3464 3597 3506 ex

1935 3545 2191 3602 adverso
2234 3542 2530 3602 machinis
2558 3541 2870 3611 adhibitis,
2919 3557 3076 3615 quos
3112 3540 3208 3597 ille
3246 3539 3436 3597 nihilo
3488 3538 3594 3595 mi-

1902 3686 1905 3687 ν
1935 3650 2053 3693 nus
2082 3634 2371 3692 industrie
2397 3646 2806 3705 generoseque
2825 3629 3159 3704 pugnando
3198 3628 3519 3702 superavit.

2009 3837 2096 3890 59.
2126 3830 2370 3888 Talibus
2407 3828 2809 3903 perfunctum,
2840 3842 2967 3884 non
2995 3830 3123 3884 erat
3158 3840 3290 3900 par,
3336 3824 3596 3898 relinqui

1935 3923 2435 3979 irremuneratum
2457 3934 2495 3975 a
2515 3919 2654 3985 Deo,
2685 3932 2867 3991 quem
2895 3915 3010 3973 sibi
3027 3918 3424 3988 proposuerat
3449 3928 3595 3984 ago-

1935 4011 2268 4077 nothetam,
2297 4012 2356 4065 et
2390 4008 2453 4064 in
2485 4022 2668 4080 quem
2694 4006 2822 4079 jam
2852 4004 2993 4063 inde
3021 4021 3059 4062 a
3081 4004 3371 4078 principio
3400 4003 3593 4059 inten-

1936 4105 2054 4167 tus,
2097 4099 2292 4172 seipse
2320 4096 2586 4171 quotidie
2643 4095 2829 4153 ﬁebat
2855 4097 3073 4166 major,
3130 4097 3189 4150 et
3232 4093 3309 4150 ed
3351 4107 3592 4166 pugnas

1935 4190 2145 4246 fortior
2158 4186 2546 4262 procedebat,
2559 4185 2830 4242 maxima
2843 4185 3103 4257 denique
3115 4182 3391 4256 operaad
3405 4181 3593 4239 tinem

1935 4277 2292 4353 perducens.
2326 4274 2482 4343 Quid
2525 4274 2704 4345 igitur
2734 4278 2762 4330 ?
2788 4272 3055 4329 Prolixos
3080 4275 3213 4343 ejus
3237 4270 3481 4328 labores
3498 4286 3592 4327 su—

1936 4368 2164 4441 scipere
2202 4366 2397 4423 voluit
2444 4369 2618 4434 Deus,
2666 4378 2930 4437 eumque
2981 4361 3205 4419 sanctis
3249 4361 3372 4418 suis
3428 4376 3595 4417 asso-

1936 4459 2114 4521 ciare,
2128 4473 2167 4514 a
2177 4456 2605 4513 certaminibus
2615 4454 2918 4527 generosis
2928 4452 3215 4525 deinceps
3224 4451 3589 4525 quieturum,

191 4560 314 4625 ξαι,
380 4562 470 4611 καὶ
503 4565 603 4611 τῶν
650 4561 911 4631 καρτερῶν
972 4554 1182 4627 ἀγώνων
1231 4552 1619 4621 διαναπαῦσαι,
1671 4561 1818 4607 τοῦτο

1936 4551 2088 4607 sicut
2106 4553 2164 4604 et
2186 4547 2339 4604 fecit.
2371 4547 2629 4619 Imperat
2649 4560 2792 4615 ergo
2821 4542 3256 4617 spectatoribus
3283 4555 3355 4598 ac
3386 4540 3594 4631 lauda-

194 4647 267 4702 δὲ
288 4652 398 4701 καὶ
425 4653 580 4701 ποιεῖ.
613 4650 795 4699 Τοίνυν
848 4649 937 4698 καὶ
994 4643 1256 4718 ἐπιτρέπει
1308 4649 1420 4707 τοῖς
1477 4651 1577 4696 τῶν
1617 4642 1826 4716 ἀγώνων

192 4739 429 4797 θεαταῖς
479 4732 722 4808 ἀγγέλοις
753 4734 784 4794 ἣ
841 4732 1113 4803 ἀγασταίς,
1163 4736 1254 4784 καὶ
1306 4733 1356 4784 οἱ
1412 4732 1654 4805 λαμπρὰν
1699 4730 1829 4806 λαμ-

188 4836 362 4902 πρῶς
393 4828 490 4884 τὴν
515 4828 777 4900 peragetur:
825 4821 1149 4894 ἀνειληφότες
1178 4818 1336 4874 τοῦδε
1388 4819 1599 4892 ψυχὴν,
1640 4819 1689 4884 ἐς
1744 4821 1824 4874 οῦ-

191 4919 405 4989 ρανούς
434 4912 769 4989 ἀναφέρουσι,
794 4917 886 4966 καὶ
947 4918 1066 4972 ταῖς
1117 4916 1218 4963 τῶν
1283 4909 1443 4982 ἁγίων
1498 4908 1707 4981 ψυχαῖς
1746 4928 1828 4963 σε-

192 5010 358 5067 πτῶς
411 5004 546 5077 ἄγαν
603 5003 1146 5075 συγκατατάττουσιν.
1209 4997 1343 5052 Ἀλλ’
1371 5000 1496 5060 ἴσως
1547 4997 1607 5050 οὐ
1662 4999 1829 5073 μικρά

192 5113 292 5158 τις
348 5092 416 5147 ἂν
474 5091 870 5167 ἀμφισϐήτησις
951 5096 1062 5151 τοῖς
1114 5095 1215 5142 τῶν
1265 5087 1427 5161 ἁγίων
1456 5088 1564 5141 ἐκεῖ
1618 5106 1828 5141 συνεπε·

192 5189 416 5237 πτῶκει
443 5187 651 5258 χοροῖς,
688 5182 789 5240 ὅπη
829 5199 886 5234 τε
913 5181 940 5232 ὁ
991 5181 1127 5242 θεῖος
1155 5176 1287 5252 ἀνὴρ
1336 5177 1485 5240 οὗτος
1536 5175 1825 5247 τετάξεται,

192 5275 350 5335 ἴσως
377 5267 433 5325 δ’
480 5270 541 5324 ἂν
570 5275 661 5324 καὶ
689 5275 842 5324 ποίου
873 5273 1136 5345 προσταίη
1168 5273 1338 5340 χοροῦ
1362 5274 1463 5320 τῶν
1493 5270 1612 5340 περὶ
1663 5269 1818 5321 Θεόν.

192 5361 263 5415 Ἡ
310 5364 409 5434 μὶν
457 5363 559 5434 γὰρ
616 5361 729 5435 ἱερά
764 5366 866 5413 τῶν
918 5360 1197 5432 μαρτύρων
1251 5355 1467 5417 πληθὺς
1496 5354 1567 5417 εἰς
1614 5354 1830 5417 ἑαυτοὺς

197 5450 270 5503 ἂν
357 5449 752 5524 μετεκαλοῦντο,
822 5444 1003 5508 ἐπειδὴ
1064 5451 1154 5500 καὶ
1201 5445 1451 5522 λαμπρῶς
1494 5447 1626 5518 ἄγαν
1677 5444 1827 5507 οὗτος

200 5540 591 5613 ἀνωμολόγηκε
625 5544 719 5599 τὴν
754 5537 1019 5610 ἀληθειαν,
1047 5542 1137 5591 καὶ
1165 5544 1357 5612 μικροῦ
1383 5532 1492 5589 δεῖν
1513 5537 1580 5589 τά
1621 5536 1830 5608 ἔσχατα

198 5631 466 5698 πέπονθε,
514 5627 609 5681 κάν
667 5628 737 5691 εἰς
766 5633 1101 5703 μετριώτερον
1157 5628 1206 5679 οὶ
1262 5628 1419 5699 θυμοὶ
1470 5632 1543 5697 τῷ
1600 5625 1830 5699 τυράννῳ

158 5720 540 5794 -λωφήσειαν,
595 5724 686 5773 καὶ
740 5717 1038 5795 ἀφαιρεθείη
1078 5720 1242 5790 μόνης
1276 5722 1370 5779 τῆς
1431 5711 1629 5783 δεξιᾶς,
1685 5716 1833 5787 τάχα

1936 4638 2167 4697 toribus
2218 4636 2554 4693 facinorum
2594 4636 2726 4707 ejus
2753 4633 3003 4705 angelis,
3035 4637 3102 4689 ut
3145 4633 3389 4689 beatam
3430 4629 3592 4687 illius

1936 4729 2208 4786 animam
2239 4740 2310 4782 ac
2338 4725 2649 4782 virtutibus
2670 4723 3050 4798 splendidam
3081 4720 3398 4794 splendide
3439 4720 3591 4776 acci-

1935 4820 2104 4893 piant
2129 4814 2520 4888 det‘erantque
2544 4814 2605 4870 in
2631 4813 2869 4871 cretum.
2901 4814 3002 4870 Hic
3031 4826 3174 4868 vero
3200 4825 3324 4867 non
3353 4809 3590 4867 medio-

1935 4907 2052 4965 cris
2079 4905 2328 4963 forsitan
2357 4903 2578 4961 exstitit
2621 4903 2984 4983 concertatio
3012 4901 3167 4958 inter
3207 4900 3425 4956 choros
3456 4914 3592 4956 san-

1935 5000 2189 5062 ctorum,
2208 4993 2459 5050 ubinam
2490 4993 2734 5050 divinus
2757 4993 2846 5049 vir
2880 4992 2989 5050 iste
3035 4990 3352 5055 locaretur,
3384 4990 3444 5045 et
3469 4987 3592 5044 cui-

1933 5102 2079 5145 nam
2099 5099 2329 5157 eorum,
2347 5083 2453 5157 qui
2473 5084 2592 5140 Deo
2615 5081 2919 5147 assistunt,
2950 5079 3146 5139 ordini
3165 5077 3590 5153 praeﬁceretur,

1935 5175 2163 5233 Etenim
2195 5171 2516 5230 multitudo
2556 5176 2893 5245 martyrum
2942 5170 3146 5245 ipsum
3172 5166 3466 5226 invitabat
3509 5166 3591 5225 ad

1935 5281 2020 5337 se,
2049 5264 2195 5339 quia
2222 5262 2508 5337 praeclare
2563 5261 2755 5319 fuerat
2805 5261 3115 5318 veritatem
3162 5258 3477 5316 confessus
3534 5261 3591 5315 et

1934 5360 2169 5413 tantum
2183 5369 2308 5411 non
2332 5357 2598 5410 extrema
2614 5366 2933 5425 perpessus
2955 5368 2968 5418 ;
2989 5348 3296 5423 quamvis,
3323 5346 3590 5405 emollita

1939 5443 2019 5502 ad
2076 5443 2539 5500 mediocritatem
2566 5440 2805 5514 tyranni
2858 5438 3190 5503 iracundia,
3233 5437 3363 5495 sola
3413 5436 3592 5494 fuerit

1937 5534 2183 5591 dextera
2214 5534 2482 5607 privatus
2512 5551 2526 5589 :
2558 5531 2663 5605 qui
2692 5529 3105 5587 verosimiliter
3147 5527 3370 5585 idcirco
3424 5526 3592 5584 diﬂ'e-

1936 5622 2198 5688 rebatur,
2245 5637 2507 5695 superna
2534 5620 2803 5694 quadam
2856 5617 3256 5693 providentia,
3321 5630 3398 5673 ne
3454 5618 3593 5673 ante

1938 5718 2181 5787 tempus
2203 5713 2322 5771 cito
2350 5711 2682 5770 auferretur
2708 5709 2796 5767 vir
2842 5713 2968 5767 tam
3021 5707 3295 5780 insignis,
3342 5710 3409 5764 et
3432 5706 3594 5762 mtas
