  <div class='ocr_page' id='page_1' title='image "/cluster/home/n/w/nwhite01/storage/ocr_20150623/140/coo.31924054870450/451.png"; bbox 0 0 4090 6378; ppageno 0'>
   <div class='ocr_carea' id='block_1_1' title="bbox 544 321 654 378">
    <p class='ocr_par' dir='ltr' id='par_1_1' title="bbox 544 321 654 378">
     <span class='ocr_line' id='line_1_1' title="bbox 544 321 654 378; baseline 0 -1"><span class='ocrx_word' id='word_1_1' title='bbox 544 321 654 378; x_wconf 81' lang='lat'><strong>883</strong></span> 
     </span>
    </p>
   </div>
   <div class='ocr_carea' id='block_1_2' title="bbox 1751 317 2727 382">
    <p class='ocr_par' dir='ltr' id='par_1_2' title="bbox 1751 317 2727 382">
     <span class='ocr_line' id='line_1_2' title="bbox 1751 317 2727 382; baseline 0.005 -6"><span class='ocrx_word' id='word_1_2' title='bbox 1751 317 2209 377; x_wconf 79' lang='lat' dir='ltr'><strong>CONSTANTINI</strong></span> <span class='ocrx_word' id='word_1_3' title='bbox 2245 319 2727 382; x_wconf 68' lang='lat' dir='ltr'><strong>AGROPOLITE.</strong></span> 
     </span>
    </p>
   </div>
   <div class='ocr_carea' id='block_1_3' title="bbox 3823 321 3930 382">
    <p class='ocr_par' dir='ltr' id='par_1_3' title="bbox 3823 321 3930 382">
     <span class='ocr_line' id='line_1_3' title="bbox 3823 321 3930 382; baseline 0 0"><span class='ocrx_word' id='word_1_4' title='bbox 3823 321 3930 382; x_wconf 63' lang='lat'><strong>8&#39;84</strong></span> 
     </span>
    </p>
   </div>
   <div class='ocr_carea' id='block_1_4' title="bbox 547 443 2222 526">
    <p class='ocr_par' dir='ltr' id='par_1_4' title="bbox 547 444 2210 519">
     <span class='ocr_line' id='line_1_4' title="bbox 547 444 2210 519; baseline -0.001 -15"><span class='ocrx_word' id='word_1_5' title='bbox 547 452 760 504; x_wconf 88' lang='lat' dir='ltr'><strong>nostra</strong></span> <span class='ocrx_word' id='word_1_6' title='bbox 784 447 1120 519; x_wconf 82' lang='lat' dir='ltr'><strong>privaretur</strong></span> <span class='ocrx_word' id='word_1_7' title='bbox 1177 444 1584 513; x_wconf 85' lang='lat' dir='ltr'><strong>sermonibus,</strong></span> <span class='ocrx_word' id='word_1_8' title='bbox 1634 460 1790 516; x_wconf 89' lang='lat' dir='ltr'><strong>quos</strong></span> <span class='ocrx_word' id='word_1_9' title='bbox 1838 461 2210 519; x_wconf 88' lang='lat' dir='ltr'><strong>componens</strong></span> 
     </span>
    </p>
   </div>
   <div class='ocr_carea' id='block_1_5' title="bbox 2333 443 3928 526">
    <p class='ocr_par' dir='ltr' id='par_1_5' title="bbox 2333 448 3928 526">
     <span class='ocr_line' id='line_1_5' title="bbox 2333 448 3928 526; baseline 0.001 -26"><span class='ocrx_word' id='word_1_10' title='bbox 2333 467 2380 518; x_wconf 75' lang='grc' dir='ltr'><strong>γε</strong></span> <span class='ocrx_word' id='word_1_11' title='bbox 2436 449 2626 501; x_wconf 77' lang='grc' dir='ltr'>ἄνωθεν</span> <span class='ocrx_word' id='word_1_12' title='bbox 2691 448 3075 521; x_wconf 66' lang='grc' dir='ltr'>ἐπισχεθέντος,</span> <span class='ocrx_word' id='word_1_13' title='bbox 3132 454 3198 512; x_wconf 80' lang='grc' dir='ltr'>ὡς</span> <span class='ocrx_word' id='word_1_14' title='bbox 3276 454 3349 523; x_wconf 79' lang='grc' dir='ltr'>μὴ</span> <span class='ocrx_word' id='word_1_15' title='bbox 3413 449 3473 502; x_wconf 81' lang='grc' dir='ltr'><strong>ἃν</strong></span> <span class='ocrx_word' id='word_1_16' title='bbox 3535 449 3588 514; x_wconf 75' lang='grc' dir='ltr'><strong>ἒξ</strong></span> <span class='ocrx_word' id='word_1_17' title='bbox 3641 449 3928 526; x_wconf 77' lang='grc' dir='ltr'>ἀνθρώπων</span> 
     </span>
    </p>
   </div>
   <div class='ocr_carea' id='block_1_6' title="bbox 547 533 2211 592">
    <p class='ocr_par' dir='ltr' id='par_1_6' title="bbox 547 533 2211 592">
     <span class='ocr_line' id='line_1_6' title="bbox 547 533 2211 592; baseline -0.001 0"><span class='ocrx_word' id='word_1_18' title='bbox 547 537 870 592; x_wconf 89' lang='lat' dir='ltr'><strong>Ecclesiam</strong></span> <span class='ocrx_word' id='word_1_19' title='bbox 897 536 1105 592; x_wconf 85' lang='lat' dir='ltr'><strong>Christi</strong></span> <span class='ocrx_word' id='word_1_20' title='bbox 1127 534 1288 590; x_wconf 90' lang='lat' dir='ltr'><strong>velut</strong></span> <span class='ocrx_word' id='word_1_21' title='bbox 1318 534 1394 588; x_wconf 92' lang='lat' dir='ltr'><strong>de</strong></span> <span class='ocrx_word' id='word_1_22' title='bbox 1424 549 1585 589; x_wconf 89' lang='lat' dir='ltr'><strong>novo</strong></span> <span class='ocrx_word' id='word_1_23' title='bbox 1609 533 1886 590; x_wconf 79' lang='lat' dir='ltr'><strong>fundaret</strong></span> <span class='ocrx_word' id='word_1_24' title='bbox 1928 541 1986 590; x_wconf 91' lang='lat' dir='ltr'><strong>et</strong></span> <span class='ocrx_word' id='word_1_25' title='bbox 2028 536 2211 592; x_wconf 89' lang='lat' dir='ltr'><strong>mira-</strong></span> 
     </span>
    </p>
   </div>
   <div class='ocr_carea' id='block_1_7' title="bbox 545 622 2212 696">
    <p class='ocr_par' dir='ltr' id='par_1_7' title="bbox 545 622 2212 696">
     <span class='ocr_line' id='line_1_7' title="bbox 545 622 2212 696; baseline -0.001 -14"><span class='ocrx_word' id='word_1_26' title='bbox 545 625 743 682; x_wconf 88' lang='lat' dir='ltr'><strong>biliter</strong></span> <span class='ocrx_word' id='word_1_27' title='bbox 795 626 1152 681; x_wconf 81' lang='lat' dir='ltr'><strong>adornaret:</strong></span> <span class='ocrx_word' id='word_1_28' title='bbox 1201 630 1266 680; x_wconf 94' lang='lat' dir='ltr'><strong>ut</strong></span> <span class='ocrx_word' id='word_1_29' title='bbox 1293 639 1415 679; x_wconf 91' lang='lat' dir='ltr'><strong>non</strong></span> <span class='ocrx_word' id='word_1_30' title='bbox 1454 622 1674 689; x_wconf 88' lang='lat' dir='ltr'><strong>dicam,</strong></span> <span class='ocrx_word' id='word_1_31' title='bbox 1722 629 2014 696; x_wconf 84' lang='lat' dir='ltr'><strong>tanquam</strong></span> <span class='ocrx_word' id='word_1_32' title='bbox 2061 625 2212 680; x_wconf 82' lang='lat' dir='ltr'><strong>exile</strong></span> 
     </span>
    </p>
   </div>
   <div class='ocr_carea' id='block_1_8' title="bbox 547 712 2209 787">
    <p class='ocr_par' dir='ltr' id='par_1_8' title="bbox 547 712 2209 787">
     <span class='ocr_line' id='line_1_8' title="bbox 547 712 2209 787; baseline -0.002 -14"><span class='ocrx_word' id='word_1_33' title='bbox 547 716 748 773; x_wconf 88' lang='lat' dir='ltr'><strong>nimis.</strong></span> <span class='ocrx_word' id='word_1_34' title='bbox 774 715 942 787; x_wconf 90' lang='lat' dir='ltr'><strong>quod</strong></span> <span class='ocrx_word' id='word_1_35' title='bbox 973 731 1121 786; x_wconf 88' lang='lat' dir='ltr'><strong>opes</strong></span> <span class='ocrx_word' id='word_1_36' title='bbox 1149 718 1208 770; x_wconf 89' lang='lat' dir='ltr'><strong>et</strong></span> <span class='ocrx_word' id='word_1_37' title='bbox 1237 714 1470 783; x_wconf 83' lang='lat' dir='ltr'><strong>generis</strong></span> <span class='ocrx_word' id='word_1_38' title='bbox 1519 712 1847 769; x_wconf 84' lang='lat' dir='ltr'><strong>claritatem</strong></span> <span class='ocrx_word' id='word_1_39' title='bbox 1897 715 2209 781; x_wconf 88' lang='lat' dir='ltr'><strong>abdicarit,</strong></span> 
     </span>
    </p>
   </div>
   <div class='ocr_carea' id='block_1_9' title="bbox 548 802 2212 877">
    <p class='ocr_par' dir='ltr' id='par_1_9' title="bbox 548 802 2212 877">
     <span class='ocr_line' id='line_1_9' title="bbox 548 802 2212 877; baseline -0.001 -16"><span class='ocrx_word' id='word_1_40' title='bbox 548 805 717 877; x_wconf 88' lang='lat' dir='ltr'><strong>quod</strong></span> <span class='ocrx_word' id='word_1_41' title='bbox 732 807 864 876; x_wconf 89' lang='lat' dir='ltr'><strong>jam</strong></span> <span class='ocrx_word' id='word_1_42' title='bbox 896 804 1035 860; x_wconf 91' lang='lat' dir='ltr'><strong>inde</strong></span> <span class='ocrx_word' id='word_1_43' title='bbox 1058 820 1094 859; x_wconf 90' lang='lat' dir='ltr'><strong>a</strong></span> <span class='ocrx_word' id='word_1_44' title='bbox 1125 819 1313 876; x_wconf 91' lang='lat' dir='ltr'><strong>puero</strong></span> <span class='ocrx_word' id='word_1_45' title='bbox 1345 817 1613 857; x_wconf 89' lang='lat' dir='ltr'><strong>amorem</strong></span> <span class='ocrx_word' id='word_1_46' title='bbox 1645 802 1848 858; x_wconf 65' lang='lat' dir='ltr'><strong>saeculi</strong></span> <span class='ocrx_word' id='word_1_47' title='bbox 1873 819 1910 860; x_wconf 91' lang='lat' dir='ltr'><strong>a</strong></span> <span class='ocrx_word' id='word_1_48' title='bbox 1937 819 2000 858; x_wconf 90' lang='lat' dir='ltr'><strong>se</strong></span> <span class='ocrx_word' id='word_1_49' title='bbox 2021 819 2212 859; x_wconf 81' lang='lat' dir='ltr'><strong>remo-</strong></span> 
     </span>
    </p>
   </div>
   <div class='ocr_carea' id='block_1_10' title="bbox 547 891 2212 966">
    <p class='ocr_par' dir='ltr' id='par_1_10' title="bbox 547 891 2212 966">
     <span class='ocr_line' id='line_1_10' title="bbox 547 891 2212 966; baseline 0 -16"><span class='ocrx_word' id='word_1_50' title='bbox 547 897 719 961; x_wconf 89' lang='lat' dir='ltr'><strong>verit,</strong></span> <span class='ocrx_word' id='word_1_51' title='bbox 743 893 909 966; x_wconf 90' lang='lat' dir='ltr'><strong>quod</strong></span> <span class='ocrx_word' id='word_1_52' title='bbox 945 893 1124 948; x_wconf 88' lang='lat' dir='ltr'><strong>simul</strong></span> <span class='ocrx_word' id='word_1_53' title='bbox 1145 891 1350 947; x_wconf 88' lang='lat' dir='ltr'><strong>omnia</strong></span> <span class='ocrx_word' id='word_1_54' title='bbox 1383 891 1726 947; x_wconf 85' lang='lat' dir='ltr'><strong>transitoria</strong></span> <span class='ocrx_word' id='word_1_55' title='bbox 1750 892 1917 948; x_wconf 88' lang='lat' dir='ltr'><strong>nihili</strong></span> <span class='ocrx_word' id='word_1_56' title='bbox 1951 893 2212 950; x_wconf 72' lang='lat' dir='ltr'><strong>aestima-</strong></span> 
     </span>
    </p>
   </div>
   <div class='ocr_carea' id='block_1_11' title="bbox 550 979 2203 1052">
    <p class='ocr_par' dir='ltr' id='par_1_11' title="bbox 550 979 2203 1052">
     <span class='ocr_line' id='line_1_11' title="bbox 550 979 2203 1052; baseline -0.002 -13"><span class='ocrx_word' id='word_1_57' title='bbox 550 985 642 1039; x_wconf 90' lang='lat' dir='ltr'><strong>rit.</strong></span> <span class='ocrx_word' id='word_1_58' title='bbox 669 984 782 1048; x_wconf 87' lang='lat' dir='ltr'><strong>Qui</strong></span> <span class='ocrx_word' id='word_1_59' title='bbox 809 999 950 1038; x_wconf 91' lang='lat' dir='ltr'><strong>vero</strong></span> <span class='ocrx_word' id='word_1_60' title='bbox 981 982 1150 1037; x_wconf 89' lang='lat' dir='ltr'><strong>aliter</strong></span> <span class='ocrx_word' id='word_1_61' title='bbox 1168 997 1356 1052; x_wconf 89' lang='lat' dir='ltr'><strong>quam</strong></span> <span class='ocrx_word' id='word_1_62' title='bbox 1390 979 1525 1036; x_wconf 80' lang='lat' dir='ltr'><strong>fuso</strong></span> <span class='ocrx_word' id='word_1_63' title='bbox 1575 982 1867 1052; x_wconf 79' lang='lat' dir='ltr'><strong>sanguine</strong></span> <span class='ocrx_word' id='word_1_64' title='bbox 1911 981 2203 1037; x_wconf 87' lang='lat' dir='ltr'><strong>stabilive-</strong></span> 
     </span>
    </p>
   </div>
   <div class='ocr_carea' id='block_1_12' title="bbox 549 1069 2213 1142">
    <p class='ocr_par' dir='ltr' id='par_1_12' title="bbox 549 1069 2213 1142">
     <span class='ocr_line' id='line_1_12' title="bbox 549 1069 2213 1142; baseline -0.002 -14"><span class='ocrx_word' id='word_1_65' title='bbox 549 1077 692 1128; x_wconf 90' lang='lat' dir='ltr'><strong>runt</strong></span> <span class='ocrx_word' id='word_1_66' title='bbox 720 1071 1066 1141; x_wconf 87' lang='lat' dir='ltr'><strong>Ecclesiam,</strong></span> <span class='ocrx_word' id='word_1_67' title='bbox 1102 1071 1178 1125; x_wconf 93' lang='lat' dir='ltr'><strong>ad</strong></span> <span class='ocrx_word' id='word_1_68' title='bbox 1206 1086 1267 1126; x_wconf 90' lang='lat' dir='ltr'><strong>se</strong></span> <span class='ocrx_word' id='word_1_69' title='bbox 1290 1070 1455 1125; x_wconf 87' lang='lat' dir='ltr'><strong>illum</strong></span> <span class='ocrx_word' id='word_1_70' title='bbox 1479 1069 1892 1134; x_wconf 84' lang='lat' dir='ltr'><strong>traducebant,</strong></span> <span class='ocrx_word' id='word_1_71' title='bbox 1912 1070 1987 1125; x_wconf 92' lang='lat' dir='ltr'><strong>de</strong></span> <span class='ocrx_word' id='word_1_72' title='bbox 2020 1085 2213 1142; x_wconf 90' lang='lat' dir='ltr'><strong>eoque</strong></span> 
     </span>
    </p>
   </div>
   <div class='ocr_carea' id='block_1_13' title="bbox 545 1158 2216 1232">
    <p class='ocr_par' dir='ltr' id='par_1_13' title="bbox 545 1158 2216 1232">
     <span class='ocr_line' id='line_1_13' title="bbox 545 1158 2216 1232; baseline -0.002 -15"><span class='ocrx_word' id='word_1_73' title='bbox 545 1161 684 1232; x_wconf 88' lang='lat' dir='ltr'><strong>jure</strong></span> <span class='ocrx_word' id='word_1_74' title='bbox 722 1161 1105 1216; x_wconf 90' lang='lat' dir='ltr'><strong>meritissimo</strong></span> <span class='ocrx_word' id='word_1_75' title='bbox 1136 1159 1567 1228; x_wconf 85' lang='lat' dir='ltr'><strong>gloriabantur.</strong></span> <span class='ocrx_word' id='word_1_76' title='bbox 1614 1163 1678 1213; x_wconf 91' lang='lat' dir='ltr'><strong>ut</strong></span> <span class='ocrx_word' id='word_1_77' title='bbox 1733 1159 1837 1230; x_wconf 90' lang='lat' dir='ltr'><strong>qui</strong></span> <span class='ocrx_word' id='word_1_78' title='bbox 1884 1159 2046 1214; x_wconf 86' lang='lat' dir='ltr'><strong>circa</strong></span> <span class='ocrx_word' id='word_1_79' title='bbox 2088 1158 2216 1214; x_wconf 88' lang='lat' dir='ltr'><strong>reli-</strong></span> 
     </span>
    </p>
   </div>
   <div class='ocr_carea' id='block_1_14' title="bbox 553 1247 2211 1322">
    <p class='ocr_par' dir='ltr' id='par_1_14' title="bbox 553 1247 2211 1322">
     <span class='ocr_line' id='line_1_14' title="bbox 553 1247 2211 1322; baseline -0.001 -17"><span class='ocrx_word' id='word_1_80' title='bbox 553 1251 794 1321; x_wconf 85' lang='lat' dir='ltr'><strong>gionem</strong></span> <span class='ocrx_word' id='word_1_81' title='bbox 818 1250 1074 1322; x_wconf 91' lang='lat' dir='ltr'><strong>plurima</strong></span> <span class='ocrx_word' id='word_1_82' title='bbox 1097 1249 1417 1320; x_wconf 87' lang='lat' dir='ltr'><strong>scripserat</strong></span> <span class='ocrx_word' id='word_1_83' title='bbox 1435 1247 1866 1319; x_wconf 88' lang='lat' dir='ltr'><strong>docueratque.</strong></span> <span class='ocrx_word' id='word_1_84' title='bbox 1906 1248 1990 1303; x_wconf 83' lang='lat' dir='ltr'><strong>illi</strong></span> <span class='ocrx_word' id='word_1_85' title='bbox 2011 1263 2211 1320; x_wconf 92' lang='lat' dir='ltr'><strong>porro,</strong></span> 
     </span>
    </p>
   </div>
   <div class='ocr_carea' id='block_1_15' title="bbox 552 1337 2214 1414">
    <p class='ocr_par' dir='ltr' id='par_1_15' title="bbox 552 1337 2214 1414">
     <span class='ocr_line' id='line_1_15' title="bbox 552 1337 2214 1414; baseline -0.002 -19"><span class='ocrx_word' id='word_1_86' title='bbox 552 1342 656 1414; x_wconf 89' lang='lat' dir='ltr'><strong>qui</strong></span> <span class='ocrx_word' id='word_1_87' title='bbox 682 1340 910 1395; x_wconf 89' lang='lat' dir='ltr'><strong>ﬂuxam</strong></span> <span class='ocrx_word' id='word_1_88' title='bbox 935 1340 1092 1394; x_wconf 90' lang='lat' dir='ltr'><strong>hanc</strong></span> <span class='ocrx_word' id='word_1_89' title='bbox 1122 1344 1394 1394; x_wconf 90' lang='lat' dir='ltr'><strong>nostram</strong></span> <span class='ocrx_word' id='word_1_90' title='bbox 1418 1337 1798 1409; x_wconf 88' lang='lat' dir='ltr'><strong>solutamque</strong></span> <span class='ocrx_word' id='word_1_91' title='bbox 1839 1338 2079 1394; x_wconf 85' lang='lat' dir='ltr'><strong>vivendi</strong></span> <span class='ocrx_word' id='word_1_92' title='bbox 2121 1353 2214 1393; x_wconf 92' lang='lat' dir='ltr'><strong>ra-</strong></span> 
     </span>
    </p>
   </div>
   <div class='ocr_carea' id='block_1_16' title="bbox 552 1426 2215 1498">
    <p class='ocr_par' dir='ltr' id='par_1_16' title="bbox 552 1426 2215 1498">
     <span class='ocr_line' id='line_1_16' title="bbox 552 1426 2215 1498; baseline -0.002 -13"><span class='ocrx_word' id='word_1_93' title='bbox 552 1430 777 1485; x_wconf 89' lang='lat' dir='ltr'><strong>tionem</strong></span> <span class='ocrx_word' id='word_1_94' title='bbox 791 1428 1167 1493; x_wconf 74' lang='lat' dir='ltr'><strong>dimiserunt,</strong></span> <span class='ocrx_word' id='word_1_95' title='bbox 1195 1426 1522 1482; x_wconf 87' lang='lat' dir='ltr'><strong>solitariam</strong></span> <span class='ocrx_word' id='word_1_96' title='bbox 1555 1427 2068 1498; x_wconf 89' lang='lat' dir='ltr'><strong>austerioremque</strong></span> <span class='ocrx_word' id='word_1_97' title='bbox 2090 1443 2215 1482; x_wconf 89' lang='lat' dir='ltr'><strong>am—</strong></span> 
     </span>
    </p>
   </div>
   <div class='ocr_carea' id='block_1_17' title="bbox 552 1516 2214 1592">
    <p class='ocr_par' dir='ltr' id='par_1_17' title="bbox 552 1516 2214 1592">
     <span class='ocr_line' id='line_1_17' title="bbox 552 1516 2214 1592; baseline -0.001 -18"><span class='ocrx_word' id='word_1_98' title='bbox 552 1519 734 1592; x_wconf 91' lang='lat' dir='ltr'><strong>plexi,</strong></span> <span class='ocrx_word' id='word_1_99' title='bbox 755 1517 1055 1589; x_wconf 91' lang='lat' dir='ltr'><strong>numquid</strong></span> <span class='ocrx_word' id='word_1_100' title='bbox 1084 1517 1215 1587; x_wconf 90' lang='lat' dir='ltr'><strong>ejus</strong></span> <span class='ocrx_word' id='word_1_101' title='bbox 1245 1516 1526 1583; x_wconf 83' lang='lat' dir='ltr'><strong>societate</strong></span> <span class='ocrx_word' id='word_1_102' title='bbox 1550 1516 1753 1570; x_wconf 89' lang='lat' dir='ltr'><strong>ornari</strong></span> <span class='ocrx_word' id='word_1_103' title='bbox 1783 1516 1960 1571; x_wconf 92' lang='lat' dir='ltr'><strong>etiam</strong></span> <span class='ocrx_word' id='word_1_104' title='bbox 1984 1516 2096 1587; x_wconf 87' lang='lat' dir='ltr'><strong>ipsi</strong></span> <span class='ocrx_word' id='word_1_105' title='bbox 2117 1516 2214 1572; x_wconf 85' lang='lat' dir='ltr'><strong>de—</strong></span> 
     </span>
    </p>
   </div>
   <div class='ocr_carea' id='block_1_18' title="bbox 553 1605 2214 1678">
    <p class='ocr_par' dir='ltr' id='par_1_18' title="bbox 553 1605 2214 1678">
     <span class='ocr_line' id='line_1_18' title="bbox 553 1605 2214 1678; baseline -0.002 -14"><span class='ocrx_word' id='word_1_106' title='bbox 553 1608 920 1673; x_wconf 89' lang='lat' dir='ltr'><strong>siderabant,</strong></span> <span class='ocrx_word' id='word_1_107' title='bbox 961 1607 1142 1678; x_wconf 87' lang='lat' dir='ltr'><strong>idque</strong></span> <span class='ocrx_word' id='word_1_108' title='bbox 1191 1605 1424 1677; x_wconf 87' lang='lat' dir='ltr'><strong>optima</strong></span> <span class='ocrx_word' id='word_1_109' title='bbox 1465 1620 1537 1660; x_wconf 92' lang='lat' dir='ltr'><strong>ex</strong></span> <span class='ocrx_word' id='word_1_110' title='bbox 1594 1605 1831 1660; x_wconf 81' lang='lat' dir='ltr'><strong>causa?</strong></span> <span class='ocrx_word' id='word_1_111' title='bbox 1871 1605 2014 1669; x_wconf 87' lang='lat' dir='ltr'><strong>Quis</strong></span> <span class='ocrx_word' id='word_1_112' title='bbox 2053 1605 2214 1660; x_wconf 91' lang='lat' dir='ltr'><strong>enim</strong></span> 
     </span>
    </p>
   </div>
   <div class='ocr_carea' id='block_1_19' title="bbox 553 1693 2218 1766">
    <p class='ocr_par' dir='ltr' id='par_1_19' title="bbox 553 1693 2218 1766">
     <span class='ocr_line' id='line_1_19' title="bbox 553 1693 2218 1766; baseline -0.003 -12"><span class='ocrx_word' id='word_1_113' title='bbox 553 1697 752 1766; x_wconf 86' lang='lat' dir='ltr'><strong>magis</strong></span> <span class='ocrx_word' id='word_1_114' title='bbox 809 1695 906 1751; x_wconf 90' lang='lat' dir='ltr'><strong>illo</strong></span> <span class='ocrx_word' id='word_1_115' title='bbox 968 1695 1262 1750; x_wconf 67' lang='lat' dir='ltr'><strong>saaculum</strong></span> <span class='ocrx_word' id='word_1_116' title='bbox 1301 1698 1358 1750; x_wconf 89' lang='lat' dir='ltr'><strong>et</strong></span> <span class='ocrx_word' id='word_1_117' title='bbox 1411 1693 1710 1765; x_wconf 88' lang='lat' dir='ltr'><strong>quidquid</strong></span> <span class='ocrx_word' id='word_1_118' title='bbox 1758 1694 1820 1749; x_wconf 91' lang='lat' dir='ltr'><strong>in</strong></span> <span class='ocrx_word' id='word_1_119' title='bbox 1865 1693 2088 1749; x_wconf 62' lang='lat' dir='ltr'><strong>sacula</strong></span> <span class='ocrx_word' id='word_1_120' title='bbox 2126 1699 2218 1749; x_wconf 89' lang='lat' dir='ltr'><strong>est</strong></span> 
     </span>
    </p>
   </div>
   <div class='ocr_carea' id='block_1_20' title="bbox 2322 537 3925 613">
    <p class='ocr_par' dir='ltr' id='par_1_20' title="bbox 2322 537 3925 613">
     <span class='ocr_line' id='line_1_20' title="bbox 2322 537 3925 613; baseline 0.002 -25"><span class='ocrx_word' id='word_1_121' title='bbox 2322 541 2422 610; x_wconf 85' lang='grc' dir='ltr'>πρὸ</span> <span class='ocrx_word' id='word_1_122' title='bbox 2449 540 2586 610; x_wconf 83' lang='grc' dir='ltr'>ὧρας</span> <span class='ocrx_word' id='word_1_123' title='bbox 2614 537 2769 590; x_wconf 86' lang='grc' dir='ltr'>καλὸν</span> <span class='ocrx_word' id='word_1_124' title='bbox 2807 543 3026 610; x_wconf 81' lang='grc' dir='ltr'>γένοιτο,</span> <span class='ocrx_word' id='word_1_125' title='bbox 3058 544 3146 592; x_wconf 82' lang='grc' dir='ltr'>καὶ</span> <span class='ocrx_word' id='word_1_126' title='bbox 3213 541 3487 612; x_wconf 70' lang='grc' dir='ltr'><strong>στερηθείη</strong></span> <span class='ocrx_word' id='word_1_127' title='bbox 3519 539 3682 612; x_wconf 87' lang='grc' dir='ltr'>λόγων</span> <span class='ocrx_word' id='word_1_128' title='bbox 3715 542 3742 592; x_wconf 85' lang='grc' dir='ltr'><strong><em>ὁ</em></strong></span> <span class='ocrx_word' id='word_1_129' title='bbox 3781 539 3925 613; x_wconf 83' lang='grc' dir='ltr'>βίος,</span> 
     </span>
    </p>
   </div>
   <div class='ocr_carea' id='block_1_21' title="bbox 2323 625 3926 702">
    <p class='ocr_par' dir='ltr' id='par_1_21' title="bbox 2323 625 3926 702">
     <span class='ocr_line' id='line_1_21' title="bbox 2323 625 3926 702; baseline 0.003 -26"><span class='ocrx_word' id='word_1_130' title='bbox 2323 625 2411 687; x_wconf 77' lang='grc' dir='ltr'>οὓς</span> <span class='ocrx_word' id='word_1_131' title='bbox 2450 627 2604 698; x_wconf 80' lang='grc' dir='ltr'>ἤμελε</span> <span class='ocrx_word' id='word_1_132' title='bbox 2633 629 2836 690; x_wconf 79' lang='grc' dir='ltr'>συνθεὶς</span> <span class='ocrx_word' id='word_1_133' title='bbox 2867 628 2938 690; x_wconf 84' lang='grc' dir='ltr'><strong>εἰς</strong></span> <span class='ocrx_word' id='word_1_134' title='bbox 3002 634 3162 681; x_wconf 86' lang='grc' dir='ltr'>νέωτα</span> <span class='ocrx_word' id='word_1_135' title='bbox 3215 628 3461 702; x_wconf 80' lang='grc' dir='ltr'>στηριξαι</span> <span class='ocrx_word' id='word_1_136' title='bbox 3509 648 3563 681; x_wconf 87' lang='grc' dir='ltr'><strong>τε</strong></span> <span class='ocrx_word' id='word_1_137' title='bbox 3613 630 3780 690; x_wconf 85' lang='grc' dir='ltr'>καλῶς</span> <span class='ocrx_word' id='word_1_138' title='bbox 3832 635 3926 688; x_wconf 82' lang='grc' dir='ltr'>τὴν</span> 
     </span>
    </p>
   </div>
   <div class='ocr_carea' id='block_1_22' title="bbox 2323 715 3928 792">
    <p class='ocr_par' dir='ltr' id='par_1_22' title="bbox 2323 715 3928 792">
     <span class='ocr_line' id='line_1_22' title="bbox 2323 715 3928 792; baseline 0.002 -26"><span class='ocrx_word' id='word_1_139' title='bbox 2323 715 2636 773; x_wconf 77' lang='grc' dir='ltr'><strong>Ἐκκλησίαν</strong></span> <span class='ocrx_word' id='word_1_140' title='bbox 2699 725 2934 791; x_wconf 76' lang='grc' dir='ltr'><strong>Χριστοῦ</strong></span> <span class='ocrx_word' id='word_1_141' title='bbox 3006 723 3095 770; x_wconf 83' lang='grc' dir='ltr'>καὶ</span> <span class='ocrx_word' id='word_1_142' title='bbox 3156 727 3565 791; x_wconf 77' lang='grc' dir='ltr'><strong>κατακοσμῆσαι</strong></span> <span class='ocrx_word' id='word_1_143' title='bbox 3622 721 3928 792; x_wconf 78' lang='grc' dir='ltr'>θαυμασιὼ-</span> 
     </span>
    </p>
   </div>
   <div class='ocr_carea' id='block_1_23' title="bbox 2322 804 3926 881">
    <p class='ocr_par' dir='ltr' id='par_1_23' title="bbox 2322 804 3926 881">
     <span class='ocr_line' id='line_1_23' title="bbox 2322 804 3926 881; baseline 0.002 -25"><span class='ocrx_word' id='word_1_144' title='bbox 2322 824 2472 858; x_wconf 90' lang='grc' dir='ltr'>τατα.</span> <span class='ocrx_word' id='word_1_145' title='bbox 2505 809 2703 879; x_wconf 85' lang='grc' dir='ltr'>Μικρὸν</span> <span class='ocrx_word' id='word_1_146' title='bbox 2729 808 2826 881; x_wconf 82' lang='grc' dir='ltr'><strong>γὰρ</strong></span> <span class='ocrx_word' id='word_1_147' title='bbox 2856 810 2987 881; x_wconf 87' lang='grc' dir='ltr'>πρὸς</span> <span class='ocrx_word' id='word_1_148' title='bbox 3017 804 3147 860; x_wconf 81' lang='grc' dir='ltr'>τάδε</span> <span class='ocrx_word' id='word_1_149' title='bbox 3171 807 3397 860; x_wconf 84' lang='grc' dir='ltr'>πλούτου</span> <span class='ocrx_word' id='word_1_150' title='bbox 3451 827 3505 860; x_wconf 89' lang='grc' dir='ltr'><strong>τε</strong></span> <span class='ocrx_word' id='word_1_151' title='bbox 3567 812 3926 881; x_wconf 72' lang='grc' dir='ltr'><strong>μνημονεύειν,</strong></span> 
     </span>
    </p>
   </div>
   <div class='ocr_carea' id='block_1_24' title="bbox 2321 886 3926 972">
    <p class='ocr_par' dir='ltr' id='par_1_24' title="bbox 2321 886 3926 972">
     <span class='ocr_line' id='line_1_24' title="bbox 2321 886 3926 972; baseline 0.003 -26"><span class='ocrx_word' id='word_1_152' title='bbox 2321 899 2410 946; x_wconf 86' lang='grc' dir='ltr'>καὶ</span> <span class='ocrx_word' id='word_1_153' title='bbox 2461 901 2792 967; x_wconf 74' lang='grc' dir='ltr'><strong>περιφανείας</strong></span> <span class='ocrx_word' id='word_1_154' title='bbox 2840 896 2999 967; x_wconf 74' lang='grc' dir='ltr'>λέγειν</span> <span class='ocrx_word' id='word_1_155' title='bbox 3061 895 3356 970; x_wconf 74' lang='grc' dir='ltr'><strong>ἀφαίρεσιν,</strong></span> <span class='ocrx_word' id='word_1_156' title='bbox 3406 899 3486 950; x_wconf 85' lang='grc' dir='ltr'>ὅτι</span> <span class='ocrx_word' id='word_1_157' title='bbox 3523 886 3614 950; x_wconf 82' lang='grc' dir='ltr'>καὶ</span> <span class='ocrx_word' id='word_1_158' title='bbox 3673 896 3926 972; x_wconf 78' lang='grc' dir='ltr'>ἀποστ-ορ-</span> 
     </span>
    </p>
   </div>
   <div class='ocr_carea' id='block_1_25' title="bbox 2320 981 3928 1059">
    <p class='ocr_par' dir='ltr' id='par_1_25' title="bbox 2320 981 3928 1059">
     <span class='ocr_line' id='line_1_25' title="bbox 2320 981 3928 1059; baseline 0.004 -25"><span class='ocrx_word' id='word_1_159' title='bbox 2320 1003 2425 1054; x_wconf 88' lang='grc' dir='ltr'><strong>γως</strong></span> <span class='ocrx_word' id='word_1_160' title='bbox 2453 987 2583 1058; x_wconf 85' lang='grc' dir='ltr'>πρὸς</span> <span class='ocrx_word' id='word_1_161' title='bbox 2620 987 2687 1036; x_wconf 80' lang='grc' dir='ltr'><strong>τὰ</strong></span> <span class='ocrx_word' id='word_1_162' title='bbox 2745 981 2876 1057; x_wconf 73' lang='grc' dir='ltr'>τῇδε</span> <span class='ocrx_word' id='word_1_163' title='bbox 2940 985 2995 1036; x_wconf 67' lang='grc' dir='ltr'><strong>εκ</strong></span> <span class='ocrx_word' id='word_1_164' title='bbox 3026 983 3214 1046; x_wconf 85' lang='grc' dir='ltr'>παιδός</span> <span class='ocrx_word' id='word_1_165' title='bbox 3242 986 3386 1047; x_wconf 82' lang='grc' dir='ltr'>εύθύς</span> <span class='ocrx_word' id='word_1_166' title='bbox 3417 983 3550 1059; x_wconf 86' lang='grc' dir='ltr'>εἶχε,</span> <span class='ocrx_word' id='word_1_167' title='bbox 3583 991 3674 1039; x_wconf 85' lang='grc' dir='ltr'>καὶ</span> <span class='ocrx_word' id='word_1_168' title='bbox 3730 987 3928 1050; x_wconf 78' lang='grc' dir='ltr'>ἁπαξά-</span> 
     </span>
    </p>
   </div>
   <div class='ocr_carea' id='block_1_26' title="bbox 2321 1071 3930 1145">
    <p class='ocr_par' dir='ltr' id='par_1_26' title="bbox 2321 1071 3930 1145">
     <span class='ocr_line' id='line_1_26' title="bbox 2321 1071 3930 1145; baseline 0.002 -20"><span class='ocrx_word' id='word_1_169' title='bbox 2321 1092 2491 1125; x_wconf 89' lang='grc' dir='ltr'>παντα</span> <span class='ocrx_word' id='word_1_170' title='bbox 2520 1081 2610 1124; x_wconf 87' lang='grc' dir='ltr'><strong>τοῦ</strong></span> <span class='ocrx_word' id='word_1_171' title='bbox 2649 1071 2871 1145; x_wconf 85' lang='grc' dir='ltr'>μηδενός</span> <span class='ocrx_word' id='word_1_172' title='bbox 2909 1074 3079 1136; x_wconf 80' lang='grc' dir='ltr'>ἠξίου.</span> <span class='ocrx_word' id='word_1_173' title='bbox 3109 1077 3176 1127; x_wconf 82' lang='grc' dir='ltr'><strong>Οἵ</strong></span> <span class='ocrx_word' id='word_1_174' title='bbox 3227 1095 3280 1128; x_wconf 88' lang='grc' dir='ltr'><strong>τε</strong></span> <span class='ocrx_word' id='word_1_175' title='bbox 3319 1072 3388 1134; x_wconf 80' lang='grc' dir='ltr'><strong>δὴ</strong></span> <span class='ocrx_word' id='word_1_176' title='bbox 3444 1075 3610 1137; x_wconf 78' lang='grc' dir='ltr'>ἄλλως</span> <span class='ocrx_word' id='word_1_177' title='bbox 3669 1081 3764 1134; x_wconf 84' lang='grc' dir='ltr'>τὴν</span> <span class='ocrx_word' id='word_1_178' title='bbox 3822 1077 3930 1130; x_wconf 76' lang='grc' dir='ltr'><strong>Ἐκ-</strong></span> 
     </span>
    </p>
   </div>
   <div class='ocr_carea' id='block_1_27' title="bbox 2321 1160 3928 1236">
    <p class='ocr_par' dir='ltr' id='par_1_27' title="bbox 2321 1160 3928 1236">
     <span class='ocr_line' id='line_1_27' title="bbox 2321 1160 3928 1236; baseline 0.003 -24"><span class='ocrx_word' id='word_1_179' title='bbox 2321 1160 2543 1218; x_wconf 86' lang='grc' dir='ltr'>κλησίαν</span> <span class='ocrx_word' id='word_1_180' title='bbox 2603 1162 2930 1236; x_wconf 75' lang='grc' dir='ltr'><strong>στηρίξαντες</strong></span> <span class='ocrx_word' id='word_1_181' title='bbox 2980 1167 3109 1236; x_wconf 88' lang='grc' dir='ltr'>πρὸς</span> <span class='ocrx_word' id='word_1_182' title='bbox 3164 1163 3372 1224; x_wconf 78' lang='grc' dir='ltr'>ἑαυτούς</span> <span class='ocrx_word' id='word_1_183' title='bbox 3425 1163 3485 1215; x_wconf 78' lang='grc' dir='ltr'>ἂν</span> <span class='ocrx_word' id='word_1_184' title='bbox 3525 1166 3805 1236; x_wconf 85' lang='grc' dir='ltr'>μεθίστων,</span> <span class='ocrx_word' id='word_1_185' title='bbox 3839 1171 3928 1218; x_wconf 82' lang='grc' dir='ltr'>καὶ</span> 
     </span>
    </p>
   </div>
   <div class='ocr_carea' id='block_1_28' title="bbox 2322 1250 3924 1328">
    <p class='ocr_par' dir='ltr' id='par_1_28' title="bbox 2322 1250 3924 1328">
     <span class='ocr_line' id='line_1_28' title="bbox 2322 1250 3924 1328; baseline 0.005 -28"><span class='ocrx_word' id='word_1_186' title='bbox 2322 1251 2386 1300; x_wconf 80' lang='grc' dir='ltr'><strong>τὰ</strong></span> <span class='ocrx_word' id='word_1_187' title='bbox 2443 1250 2616 1302; x_wconf 76' lang='grc' dir='ltr'>εἰκότα</span> <span class='ocrx_word' id='word_1_188' title='bbox 2673 1251 3070 1324; x_wconf 74' lang='grc' dir='ltr'>ἐπεσεμνύνοντο</span> <span class='ocrx_word' id='word_1_189' title='bbox 3133 1255 3266 1304; x_wconf 82' lang='grc' dir='ltr'>πάνυ</span> <span class='ocrx_word' id='word_1_190' title='bbox 3315 1272 3374 1324; x_wconf 90' lang='grc' dir='ltr'><strong>γε</strong></span> <span class='ocrx_word' id='word_1_191' title='bbox 3435 1256 3503 1314; x_wconf 84' lang='grc' dir='ltr'>ὡς</span> <span class='ocrx_word' id='word_1_192' title='bbox 3539 1252 3760 1305; x_wconf 80' lang='grc' dir='ltr'>πλεῖστα</span> <span class='ocrx_word' id='word_1_193' title='bbox 3810 1260 3924 1328; x_wconf 85' lang='grc' dir='ltr'>περὶ</span> 
     </span>
    </p>
   </div>
   <div class='ocr_carea' id='block_1_29' title="bbox 2325 1338 3922 1415">
    <p class='ocr_par' dir='ltr' id='par_1_29' title="bbox 2325 1338 3922 1415">
     <span class='ocr_line' id='line_1_29' title="bbox 2325 1338 3922 1415; baseline 0.004 -25"><span class='ocrx_word' id='word_1_194' title='bbox 2325 1338 2588 1401; x_wconf 72' lang='grc' dir='ltr'>εὐσεϐείας</span> <span class='ocrx_word' id='word_1_195' title='bbox 2615 1345 2703 1393; x_wconf 82' lang='grc' dir='ltr'>καὶ</span> <span class='ocrx_word' id='word_1_196' title='bbox 2759 1341 3194 1415; x_wconf 73' lang='grc' dir='ltr'>συγγραψάμενον</span> <span class='ocrx_word' id='word_1_197' title='bbox 3244 1347 3332 1393; x_wconf 88' lang='grc' dir='ltr'>καὶ</span> <span class='ocrx_word' id='word_1_198' title='bbox 3388 1338 3704 1405; x_wconf 76' lang='grc' dir='ltr'><strong>διδάξαντα.</strong></span> <span class='ocrx_word' id='word_1_199' title='bbox 3756 1347 3818 1395; x_wconf 91' lang='grc' dir='ltr'>Τί</span> <span class='ocrx_word' id='word_1_200' title='bbox 3861 1341 3922 1396; x_wconf 78' lang='grc' dir='ltr'><strong>δὲ</strong></span> 
     </span>
    </p>
   </div>
   <div class='ocr_carea' id='block_1_30' title="bbox 2324 1430 3922 1506">
    <p class='ocr_par' dir='ltr' id='par_1_30' title="bbox 2324 1430 3922 1506">
     <span class='ocr_line' id='line_1_30' title="bbox 2324 1430 3922 1506; baseline 0.003 -26"><span class='ocrx_word' id='word_1_201' title='bbox 2324 1434 2414 1480; x_wconf 78' lang='grc' dir='ltr'>καὶ</span> <span class='ocrx_word' id='word_1_202' title='bbox 2443 1431 2605 1481; x_wconf 82' lang='grc' dir='ltr'>οἰτόν</span> <span class='ocrx_word' id='word_1_203' title='bbox 2635 1432 2794 1503; x_wconf 77' lang='grc' dir='ltr'>ὑγρόν</span> <span class='ocrx_word' id='word_1_204' title='bbox 2819 1435 2908 1482; x_wconf 83' lang='grc' dir='ltr'>καὶ</span> <span class='ocrx_word' id='word_1_205' title='bbox 2964 1430 3229 1502; x_wconf 77' lang='grc' dir='ltr'>λελυμένον</span> <span class='ocrx_word' id='word_1_206' title='bbox 3285 1435 3369 1483; x_wconf 90' lang='grc' dir='ltr'><strong>τόν</strong></span> <span class='ocrx_word' id='word_1_207' title='bbox 3419 1434 3667 1506; x_wconf 82' lang='grc' dir='ltr'>ἡμέτερον</span> <span class='ocrx_word' id='word_1_208' title='bbox 3724 1437 3922 1485; x_wconf 79' lang='grc' dir='ltr'>τουτονὶ</span> 
     </span>
    </p>
   </div>
   <div class='ocr_carea' id='block_1_31' title="bbox 2328 1517 3929 1594">
    <p class='ocr_par' dir='ltr' id='par_1_31' title="bbox 2328 1517 3929 1594">
     <span class='ocr_line' id='line_1_31' title="bbox 2328 1517 3929 1594; baseline 0.003 -25"><span class='ocrx_word' id='word_1_209' title='bbox 2328 1517 2441 1590; x_wconf 84' lang='grc' dir='ltr'>βίον</span> <span class='ocrx_word' id='word_1_210' title='bbox 2499 1517 2927 1592; x_wconf 80' lang='grc' dir='ltr'>ἀποστερξαντες,</span> <span class='ocrx_word' id='word_1_211' title='bbox 3006 1525 3094 1572; x_wconf 91' lang='grc' dir='ltr'><strong>τόν</strong></span> <span class='ocrx_word' id='word_1_212' title='bbox 3156 1517 3208 1572; x_wconf 87' lang='grc' dir='ltr'><strong>δ’</strong></span> <span class='ocrx_word' id='word_1_213' title='bbox 3251 1519 3498 1593; x_wconf 69' lang='grc' dir='ltr'>ἑρημικόν</span> <span class='ocrx_word' id='word_1_214' title='bbox 3555 1521 3783 1594; x_wconf 75' lang='grc' dir='ltr'>ἑλόμενοι</span> <span class='ocrx_word' id='word_1_215' title='bbox 3839 1527 3929 1574; x_wconf 81' lang='grc' dir='ltr'>καὶ</span> 
     </span>
    </p>
   </div>
   <div class='ocr_carea' id='block_1_32' title="bbox 2326 1605 3932 1680">
    <p class='ocr_par' dir='ltr' id='par_1_32' title="bbox 2326 1605 3932 1680">
     <span class='ocr_line' id='line_1_32' title="bbox 2326 1605 3932 1680; baseline 0.002 -21"><span class='ocrx_word' id='word_1_216' title='bbox 2326 1611 2687 1680; x_wconf 88' lang='grc' dir='ltr'>τραχύτερον;</span> <span class='ocrx_word' id='word_1_217' title='bbox 2729 1609 2823 1661; x_wconf 83' lang='grc' dir='ltr'><strong>ούκ</strong></span> <span class='ocrx_word' id='word_1_218' title='bbox 2872 1609 2932 1660; x_wconf 82' lang='grc' dir='ltr'>ἂν</span> <span class='ocrx_word' id='word_1_219' title='bbox 2964 1605 3033 1668; x_wconf 79' lang='grc' dir='ltr'><strong>δὴ</strong></span> <span class='ocrx_word' id='word_1_220' title='bbox 3101 1608 3588 1680; x_wconf 77' lang='grc' dir='ltr'>ἑγκαλλωπισθῆναι</span> <span class='ocrx_word' id='word_1_221' title='bbox 3641 1617 3731 1662; x_wconf 85' lang='grc' dir='ltr'>καὶ</span> <span class='ocrx_word' id='word_1_222' title='bbox 3785 1611 3932 1663; x_wconf 81' lang='grc' dir='ltr'>οὗτοι</span> 
     </span>
    </p>
   </div>
   <div class='ocr_carea' id='block_1_33' title="bbox 2332 1699 3934 1770">
    <p class='ocr_par' dir='ltr' id='par_1_33' title="bbox 2332 1699 3934 1770">
     <span class='ocr_line' id='line_1_33' title="bbox 2332 1699 3934 1770; baseline 0.002 -22"><span class='ocrx_word' id='word_1_223' title='bbox 2332 1700 2679 1768; x_wconf 76' lang='grc' dir='ltr'>συνταχθέντι</span> <span class='ocrx_word' id='word_1_224' title='bbox 2711 1703 2890 1770; x_wconf 77' lang='grc' dir='ltr'>σφίσιν</span> <span class='ocrx_word' id='word_1_225' title='bbox 2947 1699 3298 1766; x_wconf 75' lang='grc' dir='ltr'>ἠσπάσαντος</span> <span class='ocrx_word' id='word_1_226' title='bbox 3335 1704 3435 1751; x_wconf 75' lang='grc' dir='ltr'><strong>Καὶ</strong></span> <span class='ocrx_word' id='word_1_227' title='bbox 3491 1699 3632 1763; x_wconf 84' lang='grc' dir='ltr'>μάλα</span> <span class='ocrx_word' id='word_1_228' title='bbox 3683 1699 3743 1750; x_wconf 77' lang='grc' dir='ltr'><strong>ἂν</strong></span> <span class='ocrx_word' id='word_1_229' title='bbox 3798 1700 3934 1752; x_wconf 82' lang='grc' dir='ltr'>εἰκό-</span> 
     </span>
    </p>
   </div>
   <div class='ocr_carea' id='block_1_34' title="bbox 555 1782 2222 1864">
    <p class='ocr_par' dir='ltr' id='par_1_34' title="bbox 555 1782 2216 1855">
     <span class='ocr_line' id='line_1_34' title="bbox 555 1782 2216 1855; baseline -0.003 -12"><span class='ocrx_word' id='word_1_230' title='bbox 555 1790 873 1844; x_wconf 89' lang='lat' dir='ltr'><strong>aversatus</strong></span> <span class='ocrx_word' id='word_1_231' title='bbox 899 1789 1004 1854; x_wconf 90' lang='lat' dir='ltr'><strong>est,</strong></span> <span class='ocrx_word' id='word_1_232' title='bbox 1034 1789 1091 1840; x_wconf 92' lang='lat' dir='ltr'><strong>et</strong></span> <span class='ocrx_word' id='word_1_233' title='bbox 1114 1783 1287 1855; x_wconf 89' lang='lat' dir='ltr'><strong>plura</strong></span> <span class='ocrx_word' id='word_1_234' title='bbox 1315 1800 1387 1839; x_wconf 92' lang='lat' dir='ltr'><strong>ac</strong></span> <span class='ocrx_word' id='word_1_235' title='bbox 1411 1783 1647 1852; x_wconf 85' lang='lat' dir='ltr'><strong>majora</strong></span> <span class='ocrx_word' id='word_1_236' title='bbox 1684 1782 1976 1854; x_wconf 79' lang='lat' dir='ltr'><strong>despexit,</strong></span> <span class='ocrx_word' id='word_1_237' title='bbox 2024 1782 2216 1838; x_wconf 90' lang='lat' dir='ltr'><strong>nihili-</strong></span> 
     </span>
    </p>
   </div>
   <div class='ocr_carea' id='block_1_35' title="bbox 2333 1782 3940 1864">
    <p class='ocr_par' dir='ltr' id='par_1_35' title="bbox 2333 1784 3940 1860">
     <span class='ocr_line' id='line_1_35' title="bbox 2333 1784 3940 1860; baseline 0.002 -22"><span class='ocrx_word' id='word_1_238' title='bbox 2333 1805 2422 1846; x_wconf 84' lang='grc' dir='ltr'><strong>τως</strong></span> <span class='ocrx_word' id='word_1_239' title='bbox 2446 1804 2457 1815; x_wconf 95' lang='grc'><strong>·</strong></span> <span class='ocrx_word' id='word_1_240' title='bbox 2490 1791 2570 1847; x_wconf 91' lang='grc' dir='ltr'><strong>τίς</strong></span> <span class='ocrx_word' id='word_1_241' title='bbox 2597 1791 2687 1838; x_wconf 82' lang='grc' dir='ltr'>καὶ</span> <span class='ocrx_word' id='word_1_242' title='bbox 2715 1790 2816 1860; x_wconf 81' lang='grc' dir='ltr'><strong>γὰρ</strong></span> <span class='ocrx_word' id='word_1_243' title='bbox 2855 1784 3013 1840; x_wconf 82' lang='grc' dir='ltr'>τοῦδε</span> <span class='ocrx_word' id='word_1_244' title='bbox 3041 1787 3230 1859; x_wconf 85' lang='grc' dir='ltr'>μᾶλλον</span> <span class='ocrx_word' id='word_1_245' title='bbox 3277 1791 3364 1840; x_wconf 87' lang='grc' dir='ltr'>τὸν</span> <span class='ocrx_word' id='word_1_246' title='bbox 3419 1786 3537 1860; x_wconf 83' lang='grc' dir='ltr'>βίον</span> <span class='ocrx_word' id='word_1_247' title='bbox 3593 1794 3684 1841; x_wconf 83' lang='grc' dir='ltr'>καὶ</span> <span class='ocrx_word' id='word_1_248' title='bbox 3740 1792 3808 1841; x_wconf 84' lang='grc' dir='ltr'><strong>τὰ</strong></span> <span class='ocrx_word' id='word_1_249' title='bbox 3841 1797 3940 1842; x_wconf 83' lang='grc' dir='ltr'><strong>τοῦ</strong></span> 
     </span>
    </p>
   </div>
   <div class='ocr_carea' id='block_1_36' title="bbox 553 1870 2219 1948">
    <p class='ocr_par' dir='ltr' id='par_1_36' title="bbox 553 1870 2219 1948">
     <span class='ocr_line' id='line_1_36' title="bbox 553 1870 2219 1948; baseline -0.002 -17"><span class='ocrx_word' id='word_1_250' title='bbox 553 1891 672 1948; x_wconf 91' lang='lat' dir='ltr'><strong>que</strong></span> <span class='ocrx_word' id='word_1_251' title='bbox 711 1874 961 1930; x_wconf 89' lang='lat' dir='ltr'><strong>omnino</strong></span> <span class='ocrx_word' id='word_1_252' title='bbox 999 1872 1338 1940; x_wconf 65' lang='lat' dir='ltr'><strong>testimavit,</strong></span> <span class='ocrx_word' id='word_1_253' title='bbox 1386 1870 1684 1942; x_wconf 90' lang='lat' dir='ltr'><strong>quidquid</strong></span> <span class='ocrx_word' id='word_1_254' title='bbox 1721 1870 1988 1942; x_wconf 86' lang='lat' dir='ltr'><strong>plerique</strong></span> <span class='ocrx_word' id='word_1_255' title='bbox 2028 1871 2219 1927; x_wconf 90' lang='lat' dir='ltr'><strong>homi-</strong></span> 
     </span>
    </p>
   </div>
   <div class='ocr_carea' id='block_1_37' title="bbox 555 1960 2217 2032">
    <p class='ocr_par' dir='ltr' id='par_1_37' title="bbox 555 1960 2217 2032">
     <span class='ocr_line' id='line_1_37' title="bbox 555 1960 2217 2032; baseline -0.002 -12"><span class='ocrx_word' id='word_1_256' title='bbox 555 1981 705 2020; x_wconf 92' lang='lat' dir='ltr'><strong>num</strong></span> <span class='ocrx_word' id='word_1_257' title='bbox 741 1963 993 2020; x_wconf 81' lang='lat' dir='ltr'><strong>maximi</strong></span> <span class='ocrx_word' id='word_1_258' title='bbox 1040 1962 1286 2030; x_wconf 86' lang='lat' dir='ltr'><strong>faciunt,</strong></span> <span class='ocrx_word' id='word_1_259' title='bbox 1340 1965 1520 2032; x_wconf 90' lang='lat' dir='ltr'><strong>atque</strong></span> <span class='ocrx_word' id='word_1_260' title='bbox 1568 1960 1629 2015; x_wconf 89' lang='lat' dir='ltr'><strong>in</strong></span> <span class='ocrx_word' id='word_1_261' title='bbox 1681 1960 1811 2016; x_wconf 88' lang='lat' dir='ltr'><strong>sola</strong></span> <span class='ocrx_word' id='word_1_262' title='bbox 1848 1976 2022 2019; x_wconf 87' lang='lat' dir='ltr'><strong>cruce</strong></span> <span class='ocrx_word' id='word_1_263' title='bbox 2056 1961 2217 2032; x_wconf 80' lang='lat' dir='ltr'><strong>vixit,</strong></span> 
     </span>
    </p>
   </div>
   <div class='ocr_carea' id='block_1_38' title="bbox 554 2051 1610 2114">
    <p class='ocr_par' dir='ltr' id='par_1_38' title="bbox 554 2051 1610 2114">
     <span class='ocr_line' id='line_1_38' title="bbox 554 2051 1610 2114; baseline -0.003 0"><span class='ocrx_word' id='word_1_264' title='bbox 554 2053 759 2114; x_wconf 89' lang='lat' dir='ltr'><strong>nudus</strong></span> <span class='ocrx_word' id='word_1_265' title='bbox 787 2053 1036 2113; x_wconf 83' lang='lat' dir='ltr'><strong>omnino</strong></span> <span class='ocrx_word' id='word_1_266' title='bbox 1062 2051 1330 2108; x_wconf 81' lang='lat' dir='ltr'><strong>Chistum</strong></span> <span class='ocrx_word' id='word_1_267' title='bbox 1352 2055 1610 2111; x_wconf 83' lang='lat' dir='ltr'><strong>secutus.</strong></span> 
     </span>
    </p>
   </div>
   <div class='ocr_carea' id='block_1_39' title="bbox 631 2341 2220 2415">
    <p class='ocr_par' dir='ltr' id='par_1_39' title="bbox 631 2341 2220 2415">
     <span class='ocr_line' id='line_1_39' title="bbox 631 2341 2220 2415; baseline -0.001 -14"><span class='ocrx_word' id='word_1_268' title='bbox 631 2347 719 2401; x_wconf 86' lang='lat'><strong>60.</strong></span> <span class='ocrx_word' id='word_1_269' title='bbox 745 2343 1028 2398; x_wconf 83' lang='lat' dir='ltr'><strong>Existimo</strong></span> <span class='ocrx_word' id='word_1_270' title='bbox 1064 2345 1266 2398; x_wconf 86' lang='lat' dir='ltr'><strong>autem</strong></span> <span class='ocrx_word' id='word_1_271' title='bbox 1296 2341 1461 2414; x_wconf 92' lang='lat' dir='ltr'><strong>quod</strong></span> <span class='ocrx_word' id='word_1_272' title='bbox 1494 2341 1670 2399; x_wconf 89' lang='lat' dir='ltr'><strong>etiam</strong></span> <span class='ocrx_word' id='word_1_273' title='bbox 1703 2343 1772 2406; x_wconf 88' lang='lat' dir='ltr'><strong>is,</strong></span> <span class='ocrx_word' id='word_1_274' title='bbox 1825 2343 1930 2415; x_wconf 90' lang='lat' dir='ltr'><strong>qui</strong></span> <span class='ocrx_word' id='word_1_275' title='bbox 1976 2343 2220 2399; x_wconf 88' lang='lat' dir='ltr'><strong>tonitrui</strong></span> 
     </span>
    </p>
   </div>
   <div class='ocr_carea' id='block_1_40' title="bbox 552 2431 2217 2503">
    <p class='ocr_par' dir='ltr' id='par_1_40' title="bbox 552 2431 2217 2503">
     <span class='ocr_line' id='line_1_40' title="bbox 552 2431 2217 2503; baseline -0.001 -15"><span class='ocrx_word' id='word_1_276' title='bbox 552 2433 715 2488; x_wconf 87' lang='lat' dir='ltr'><strong>ﬁlius</strong></span> <span class='ocrx_word' id='word_1_277' title='bbox 740 2432 1204 2502; x_wconf 88' lang='lat' dir='ltr'><strong>cognominatus</strong></span> <span class='ocrx_word' id='word_1_278' title='bbox 1226 2437 1336 2500; x_wconf 90' lang='lat' dir='ltr'><strong>est,</strong></span> <span class='ocrx_word' id='word_1_279' title='bbox 1386 2435 1631 2503; x_wconf 86' lang='lat' dir='ltr'><strong>propter</strong></span> <span class='ocrx_word' id='word_1_280' title='bbox 1688 2447 1860 2487; x_wconf 90' lang='lat' dir='ltr'><strong>suam</strong></span> <span class='ocrx_word' id='word_1_281' title='bbox 1915 2431 2217 2501; x_wconf 89' lang='lat' dir='ltr'><strong>grandilo-</strong></span> 
     </span>
    </p>
   </div>
   <div class='ocr_carea' id='block_1_41' title="bbox 555 2520 2218 2595">
    <p class='ocr_par' dir='ltr' id='par_1_41' title="bbox 555 2520 2218 2595">
     <span class='ocr_line' id='line_1_41' title="bbox 555 2520 2218 2595; baseline 0.001 -20"><span class='ocrx_word' id='word_1_282' title='bbox 555 2522 867 2595; x_wconf 88' lang='lat' dir='ltr'><strong>quentiam</strong></span> <span class='ocrx_word' id='word_1_283' title='bbox 907 2526 964 2577; x_wconf 89' lang='lat' dir='ltr'><strong>et</strong></span> <span class='ocrx_word' id='word_1_284' title='bbox 1002 2520 1328 2576; x_wconf 85' lang='lat' dir='ltr'><strong>verendam</strong></span> <span class='ocrx_word' id='word_1_285' title='bbox 1370 2520 1620 2576; x_wconf 89' lang='lat' dir='ltr'><strong>omnino</strong></span> <span class='ocrx_word' id='word_1_286' title='bbox 1658 2521 2043 2591; x_wconf 82' lang='lat' dir='ltr'><strong>theologiam,</strong></span> <span class='ocrx_word' id='word_1_287' title='bbox 2093 2537 2218 2576; x_wconf 92' lang='lat' dir='ltr'><strong>non</strong></span> 
     </span>
    </p>
   </div>
   <div class='ocr_carea' id='block_1_42' title="bbox 556 2610 2221 2682">
    <p class='ocr_par' dir='ltr' id='par_1_42' title="bbox 556 2610 2221 2682">
     <span class='ocr_line' id='line_1_42' title="bbox 556 2610 2221 2682; baseline -0.001 -15"><span class='ocrx_word' id='word_1_288' title='bbox 556 2611 750 2667; x_wconf 87' lang='lat' dir='ltr'><strong>solum</strong></span> <span class='ocrx_word' id='word_1_289' title='bbox 773 2610 1067 2681; x_wconf 84' lang='lat' dir='ltr'><strong>judicavit</strong></span> <span class='ocrx_word' id='word_1_290' title='bbox 1094 2610 1293 2681; x_wconf 91' lang='lat' dir='ltr'><strong>ipsum</strong></span> <span class='ocrx_word' id='word_1_291' title='bbox 1327 2625 1531 2664; x_wconf 89' lang='lat' dir='ltr'><strong>secum</strong></span> <span class='ocrx_word' id='word_1_292' title='bbox 1575 2610 1872 2682; x_wconf 89' lang='lat' dir='ltr'><strong>sociisque</strong></span> <span class='ocrx_word' id='word_1_293' title='bbox 1911 2610 2036 2665; x_wconf 91' lang='lat' dir='ltr'><strong>suis</strong></span> <span class='ocrx_word' id='word_1_294' title='bbox 2076 2626 2221 2682; x_wconf 91' lang='lat' dir='ltr'><strong>apo-</strong></span> 
     </span>
    </p>
   </div>
   <div class='ocr_carea' id='block_1_43' title="bbox 558 2698 2221 2770">
    <p class='ocr_par' dir='ltr' id='par_1_43' title="bbox 558 2698 2221 2770">
     <span class='ocr_line' id='line_1_43' title="bbox 558 2698 2221 2770; baseline 0 -15"><span class='ocrx_word' id='word_1_295' title='bbox 558 2699 728 2756; x_wconf 90' lang='lat' dir='ltr'><strong>stolis</strong></span> <span class='ocrx_word' id='word_1_296' title='bbox 759 2699 1037 2755; x_wconf 90' lang='lat' dir='ltr'><strong>collocari</strong></span> <span class='ocrx_word' id='word_1_297' title='bbox 1060 2698 1278 2754; x_wconf 91' lang='lat' dir='ltr'><strong>debere</strong></span> <span class='ocrx_word' id='word_1_298' title='bbox 1303 2716 1317 2754; x_wconf 90' lang='lat'><strong>:</strong></span> <span class='ocrx_word' id='word_1_299' title='bbox 1353 2698 1457 2753; x_wconf 91' lang='lat' dir='ltr'><strong>sed</strong></span> <span class='ocrx_word' id='word_1_300' title='bbox 1485 2698 1545 2753; x_wconf 90' lang='lat' dir='ltr'><strong>id</strong></span> <span class='ocrx_word' id='word_1_301' title='bbox 1571 2699 1752 2754; x_wconf 88' lang='lat' dir='ltr'><strong>etiam</strong></span> <span class='ocrx_word' id='word_1_302' title='bbox 1773 2698 1973 2770; x_wconf 88' lang='lat' dir='ltr'><strong>reipsa</strong></span> <span class='ocrx_word' id='word_1_303' title='bbox 2015 2699 2221 2755; x_wconf 75' lang='lat' dir='ltr'><strong>effece-</strong></span> 
     </span>
    </p>
   </div>
   <div class='ocr_carea' id='block_1_44' title="bbox 553 2787 2223 2860">
    <p class='ocr_par' dir='ltr' id='par_1_44' title="bbox 553 2787 2223 2860">
     <span class='ocr_line' id='line_1_44' title="bbox 553 2787 2223 2860; baseline -0.001 -14"><span class='ocrx_word' id='word_1_304' title='bbox 553 2789 648 2855; x_wconf 91' lang='lat' dir='ltr'><strong>rit,</strong></span> <span class='ocrx_word' id='word_1_305' title='bbox 676 2792 939 2844; x_wconf 89' lang='lat' dir='ltr'><strong>rationes</strong></span> <span class='ocrx_word' id='word_1_306' title='bbox 981 2788 1060 2844; x_wconf 90' lang='lat' dir='ltr'><strong>ad</strong></span> <span class='ocrx_word' id='word_1_307' title='bbox 1096 2788 1155 2843; x_wconf 92' lang='lat' dir='ltr'><strong>id</strong></span> <span class='ocrx_word' id='word_1_308' title='bbox 1200 2804 1495 2860; x_wconf 89' lang='lat' dir='ltr'><strong>perquam</strong></span> <span class='ocrx_word' id='word_1_309' title='bbox 1541 2789 1739 2858; x_wconf 88' lang='lat' dir='ltr'><strong>justas</strong></span> <span class='ocrx_word' id='word_1_310' title='bbox 1784 2787 2114 2852; x_wconf 89' lang='lat' dir='ltr'><strong>adducens,</strong></span> <span class='ocrx_word' id='word_1_311' title='bbox 2165 2794 2223 2844; x_wconf 89' lang='lat' dir='ltr'><strong>et</strong></span> 
     </span>
    </p>
   </div>
   <div class='ocr_carea' id='block_1_45' title="bbox 555 2876 2220 2952">
    <p class='ocr_par' dir='ltr' id='par_1_45' title="bbox 555 2876 2220 2952">
     <span class='ocr_line' id='line_1_45' title="bbox 555 2876 2220 2952; baseline 0.001 -18"><span class='ocrx_word' id='word_1_312' title='bbox 555 2877 1007 2952; x_wconf 91' lang='lat' dir='ltr'><strong>propemodum</strong></span> <span class='ocrx_word' id='word_1_313' title='bbox 1043 2876 1342 2949; x_wconf 66' lang='lat' dir='ltr'><strong>aequalem</strong></span> <span class='ocrx_word' id='word_1_314' title='bbox 1364 2877 1476 2932; x_wconf 90' lang='lat' dir='ltr'><strong>sibi</strong></span> <span class='ocrx_word' id='word_1_315' title='bbox 1497 2879 1792 2932; x_wconf 81' lang='lat' dir='ltr'><strong>Joannem</strong></span> <span class='ocrx_word' id='word_1_316' title='bbox 1832 2883 2220 2935; x_wconf 89' lang='lat' dir='ltr'><strong>contestatus.</strong></span> 
     </span>
    </p>
   </div>
   <div class='ocr_carea' id='block_1_46' title="bbox 556 2965 2222 3039">
    <p class='ocr_par' dir='ltr' id='par_1_46' title="bbox 556 2965 2222 3039">
     <span class='ocr_line' id='line_1_46' title="bbox 556 2965 2222 3039; baseline -0.001 -15"><span class='ocrx_word' id='word_1_317' title='bbox 556 2967 841 3039; x_wconf 89' lang='lat' dir='ltr'><strong>Nunquid</strong></span> <span class='ocrx_word' id='word_1_318' title='bbox 861 2968 1022 3022; x_wconf 91' lang='lat' dir='ltr'><strong>enim</strong></span> <span class='ocrx_word' id='word_1_319' title='bbox 1053 2966 1564 3021; x_wconf 88' lang='lat' dir='ltr'><strong>studiosissimum</strong></span> <span class='ocrx_word' id='word_1_320' title='bbox 1589 2967 1750 3020; x_wconf 89' lang='lat' dir='ltr'><strong>hunc</strong></span> <span class='ocrx_word' id='word_1_321' title='bbox 1805 2965 1999 3022; x_wconf 89' lang='lat' dir='ltr'><strong>virum</strong></span> <span class='ocrx_word' id='word_1_322' title='bbox 2050 2967 2222 3038; x_wconf 84' lang='lat' dir='ltr'><strong>juxta</strong></span> 
     </span>
    </p>
   </div>
   <div class='ocr_carea' id='block_1_47' title="bbox 561 3055 2220 3128">
    <p class='ocr_par' dir='ltr' id='par_1_47' title="bbox 561 3055 2220 3128">
     <span class='ocr_line' id='line_1_47' title="bbox 561 3055 2220 3128; baseline -0.001 -15"><span class='ocrx_word' id='word_1_323' title='bbox 561 3073 768 3113; x_wconf 89' lang='lat' dir='ltr'><strong>secum</strong></span> <span class='ocrx_word' id='word_1_324' title='bbox 787 3072 920 3112; x_wconf 89' lang='lat' dir='ltr'><strong>esse</strong></span> <span class='ocrx_word' id='word_1_325' title='bbox 943 3055 1293 3124; x_wconf 85' lang='lat' dir='ltr'><strong>theologum</strong></span> <span class='ocrx_word' id='word_1_326' title='bbox 1315 3055 1794 3111; x_wconf 77' lang='lat' dir='ltr'><strong>demonstravit?</strong></span> <span class='ocrx_word' id='word_1_327' title='bbox 1814 3056 2090 3128; x_wconf 83' lang='lat' dir='ltr'><strong>nunquid</strong></span> <span class='ocrx_word' id='word_1_328' title='bbox 2106 3056 2220 3111; x_wconf 86' lang='lat' dir='ltr'><strong>vir-</strong></span> 
     </span>
    </p>
   </div>
   <div class='ocr_carea' id='block_1_48' title="bbox 561 3145 2292 3226">
    <p class='ocr_par' dir='ltr' id='par_1_48' title="bbox 561 3145 2292 3226">
     <span class='ocr_line' id='line_1_48' title="bbox 561 3145 2292 3226; baseline 0 -24"><span class='ocrx_word' id='word_1_329' title='bbox 561 3147 804 3217; x_wconf 85' lang='lat' dir='ltr'><strong>ginem?</strong></span> <span class='ocrx_word' id='word_1_330' title='bbox 824 3145 1100 3216; x_wconf 89' lang='lat' dir='ltr'><strong>nunquid</strong></span> <span class='ocrx_word' id='word_1_331' title='bbox 1128 3145 1554 3217; x_wconf 88' lang='lat' dir='ltr'><strong>mysteriorum</strong></span> <span class='ocrx_word' id='word_1_332' title='bbox 1577 3161 1614 3200; x_wconf 88' lang='lat' dir='ltr'><strong>a</strong></span> <span class='ocrx_word' id='word_1_333' title='bbox 1633 3149 1853 3201; x_wconf 54' lang='lat' dir='ltr'><strong>saeculo</strong></span> <span class='ocrx_word' id='word_1_334' title='bbox 1876 3145 2220 3202; x_wconf 78' lang='lat' dir='ltr'><strong>abditarum</strong></span> <span class='ocrx_word' id='word_1_335' title='bbox 2251 3172 2292 3226; x_wconf 70' lang='grc' dir='ltr'><strong>ρ</strong></span> 
     </span>
    </p>
   </div>
   <div class='ocr_carea' id='block_1_49' title="bbox 559 3234 2220 3308">
    <p class='ocr_par' dir='ltr' id='par_1_49' title="bbox 559 3234 2220 3308">
     <span class='ocr_line' id='line_1_49' title="bbox 559 3234 2220 3308; baseline 0.001 -18"><span class='ocrx_word' id='word_1_336' title='bbox 559 3251 926 3307; x_wconf 66' lang='lat' dir='ltr'><strong>praeconem,</strong></span> <span class='ocrx_word' id='word_1_337' title='bbox 960 3241 1247 3290; x_wconf 88' lang='lat' dir='ltr'><strong>eteorum</strong></span> <span class='ocrx_word' id='word_1_338' title='bbox 1277 3250 1412 3306; x_wconf 63' lang='lat' dir='ltr'><strong>quas</strong></span> <span class='ocrx_word' id='word_1_339' title='bbox 1478 3234 1798 3305; x_wconf 87' lang='lat' dir='ltr'><strong>postremis</strong></span> <span class='ocrx_word' id='word_1_340' title='bbox 1847 3237 2220 3308; x_wconf 84' lang='lat' dir='ltr'><strong>temporibus</strong></span> 
     </span>
    </p>
   </div>
   <div class='ocr_carea' id='block_1_50' title="bbox 561 3322 2221 3394">
    <p class='ocr_par' dir='ltr' id='par_1_50' title="bbox 561 3322 2221 3394">
     <span class='ocr_line' id='line_1_50' title="bbox 561 3322 2221 3394; baseline 0 -15"><span class='ocrx_word' id='word_1_341' title='bbox 561 3324 720 3379; x_wconf 87' lang='lat' dir='ltr'><strong>circa</strong></span> <span class='ocrx_word' id='word_1_342' title='bbox 740 3339 852 3378; x_wconf 88' lang='lat' dir='ltr'><strong>nos</strong></span> <span class='ocrx_word' id='word_1_343' title='bbox 885 3327 1140 3392; x_wconf 84' lang='lat' dir='ltr'><strong>agentur</strong></span> <span class='ocrx_word' id='word_1_344' title='bbox 1168 3322 1494 3377; x_wconf 84' lang='lat' dir='ltr'><strong>ferventem</strong></span> <span class='ocrx_word' id='word_1_345' title='bbox 1521 3323 1975 3394; x_wconf 68' lang='lat' dir='ltr'><strong>praedicatorem</strong></span> <span class='ocrx_word' id='word_1_346' title='bbox 1994 3327 2022 3381; x_wconf 83' lang='lat'><strong>?</strong></span> <span class='ocrx_word' id='word_1_347' title='bbox 2049 3323 2221 3390; x_wconf 87' lang='lat' dir='ltr'><strong>Quod</strong></span> 
     </span>
    </p>
   </div>
   <div class='ocr_carea' id='block_1_51' title="bbox 561 3413 2222 3486">
    <p class='ocr_par' dir='ltr' id='par_1_51' title="bbox 561 3413 2222 3486">
     <span class='ocr_line' id='line_1_51' title="bbox 561 3413 2222 3486; baseline 0.001 -18"><span class='ocrx_word' id='word_1_348' title='bbox 561 3413 611 3469; x_wconf 92' lang='lat' dir='ltr'><strong>si</strong></span> <span class='ocrx_word' id='word_1_349' title='bbox 637 3429 758 3468; x_wconf 92' lang='lat' dir='ltr'><strong>non</strong></span> <span class='ocrx_word' id='word_1_350' title='bbox 789 3413 1061 3469; x_wconf 92' lang='lat' dir='ltr'><strong>recubuit</strong></span> <span class='ocrx_word' id='word_1_351' title='bbox 1087 3427 1271 3484; x_wconf 88' lang='lat' dir='ltr'><strong>supra</strong></span> <span class='ocrx_word' id='word_1_352' title='bbox 1303 3417 1507 3484; x_wconf 87' lang='lat' dir='ltr'><strong>pectus</strong></span> <span class='ocrx_word' id='word_1_353' title='bbox 1536 3413 1788 3480; x_wconf 89' lang='lat' dir='ltr'><strong>Domini,</strong></span> <span class='ocrx_word' id='word_1_354' title='bbox 1820 3414 2118 3486; x_wconf 87' lang='lat' dir='ltr'><strong>acquievit</strong></span> <span class='ocrx_word' id='word_1_355' title='bbox 2137 3419 2222 3470; x_wconf 88' lang='lat' dir='ltr'><strong>ta-</strong></span> 
     </span>
    </p>
   </div>
   <div class='ocr_carea' id='block_1_52' title="bbox 560 3503 2223 3576">
    <p class='ocr_par' dir='ltr' id='par_1_52' title="bbox 560 3503 2223 3576">
     <span class='ocr_line' id='line_1_52' title="bbox 560 3503 2223 3576; baseline 0.001 -16"><span class='ocrx_word' id='word_1_356' title='bbox 560 3520 699 3560; x_wconf 90' lang='lat' dir='ltr'><strong>men</strong></span> <span class='ocrx_word' id='word_1_357' title='bbox 732 3503 930 3560; x_wconf 90' lang='lat' dir='ltr'><strong>verbis</strong></span> <span class='ocrx_word' id='word_1_358' title='bbox 965 3503 1218 3571; x_wconf 89' lang='lat' dir='ltr'><strong>Domini,</strong></span> <span class='ocrx_word' id='word_1_359' title='bbox 1252 3508 1432 3574; x_wconf 87' lang='lat' dir='ltr'><strong>atque</strong></span> <span class='ocrx_word' id='word_1_360' title='bbox 1457 3503 1673 3558; x_wconf 82' lang='lat' dir='ltr'><strong>exinde</strong></span> <span class='ocrx_word' id='word_1_361' title='bbox 1727 3504 1906 3560; x_wconf 89' lang='lat' dir='ltr'><strong>etiam</strong></span> <span class='ocrx_word' id='word_1_362' title='bbox 1938 3505 2066 3576; x_wconf 91' lang='lat' dir='ltr'><strong>ipse</strong></span> <span class='ocrx_word' id='word_1_363' title='bbox 2095 3510 2223 3561; x_wconf 89' lang='lat' dir='ltr'><strong>tan-</strong></span> 
     </span>
    </p>
   </div>
   <div class='ocr_carea' id='block_1_53' title="bbox 562 3591 2222 3667">
    <p class='ocr_par' dir='ltr' id='par_1_53' title="bbox 562 3591 2222 3667">
     <span class='ocr_line' id='line_1_53' title="bbox 562 3591 2222 3667; baseline 0 -19"><span class='ocrx_word' id='word_1_364' title='bbox 562 3609 750 3667; x_wconf 88' lang='lat' dir='ltr'><strong>quam</strong></span> <span class='ocrx_word' id='word_1_365' title='bbox 782 3608 812 3648; x_wconf 89' lang='lat' dir='ltr'><strong>e</strong></span> <span class='ocrx_word' id='word_1_366' title='bbox 843 3592 1004 3648; x_wconf 79' lang='lat' dir='ltr'><strong>fonte</strong></span> <span class='ocrx_word' id='word_1_367' title='bbox 1035 3591 1390 3647; x_wconf 80' lang='lat' dir='ltr'><strong>inexhausta</strong></span> <span class='ocrx_word' id='word_1_368' title='bbox 1420 3592 1732 3664; x_wconf 89' lang='lat' dir='ltr'><strong>copiosam</strong></span> <span class='ocrx_word' id='word_1_369' title='bbox 1764 3593 1963 3648; x_wconf 88' lang='lat' dir='ltr'><strong>hausit</strong></span> <span class='ocrx_word' id='word_1_370' title='bbox 1989 3595 2222 3665; x_wconf 90' lang='lat' dir='ltr'><strong>sapien-</strong></span> 
     </span>
    </p>
   </div>
   <div class='ocr_carea' id='block_1_54' title="bbox 563 3681 2224 3754">
    <p class='ocr_par' dir='ltr' id='par_1_54' title="bbox 563 3681 2224 3754">
     <span class='ocr_line' id='line_1_54' title="bbox 563 3681 2224 3754; baseline -0.001 -15"><span class='ocrx_word' id='word_1_371' title='bbox 563 3684 728 3740; x_wconf 89' lang='lat' dir='ltr'><strong>tiam.</strong></span> <span class='ocrx_word' id='word_1_372' title='bbox 768 3682 824 3738; x_wconf 90' lang='lat' dir='ltr'><strong>Si</strong></span> <span class='ocrx_word' id='word_1_373' title='bbox 853 3681 1179 3754; x_wconf 90' lang='lat' dir='ltr'><strong>purissima</strong></span> <span class='ocrx_word' id='word_1_374' title='bbox 1207 3681 1309 3736; x_wconf 91' lang='lat' dir='ltr'><strong>Dei</strong></span> <span class='ocrx_word' id='word_1_375' title='bbox 1340 3683 1517 3736; x_wconf 85' lang='lat' dir='ltr'><strong>Mater</strong></span> <span class='ocrx_word' id='word_1_376' title='bbox 1547 3682 1598 3736; x_wconf 93' lang='lat' dir='ltr'><strong>ei</strong></span> <span class='ocrx_word' id='word_1_377' title='bbox 1627 3682 2053 3738; x_wconf 90' lang='lat' dir='ltr'><strong>commendata</strong></span> <span class='ocrx_word' id='word_1_378' title='bbox 2100 3697 2224 3738; x_wconf 92' lang='lat' dir='ltr'><strong>non</strong></span> 
     </span>
    </p>
   </div>
   <div class='ocr_carea' id='block_1_55' title="bbox 566 3769 2226 3841">
    <p class='ocr_par' dir='ltr' id='par_1_55' title="bbox 566 3769 2226 3841">
     <span class='ocr_line' id='line_1_55' title="bbox 566 3769 2226 3841; baseline -0.001 -12"><span class='ocrx_word' id='word_1_379' title='bbox 566 3777 656 3829; x_wconf 89' lang='lat' dir='ltr'><strong>est</strong></span> <span class='ocrx_word' id='word_1_380' title='bbox 675 3771 827 3839; x_wconf 64' lang='lat' dir='ltr'><strong>(haec</strong></span> <span class='ocrx_word' id='word_1_381' title='bbox 840 3771 997 3826; x_wconf 91' lang='lat' dir='ltr'><strong>enim</strong></span> <span class='ocrx_word' id='word_1_382' title='bbox 1017 3773 1079 3826; x_wconf 91' lang='lat' dir='ltr'><strong>ut</strong></span> <span class='ocrx_word' id='word_1_383' title='bbox 1104 3769 1234 3825; x_wconf 89' lang='lat' dir='ltr'><strong>aliis</strong></span> <span class='ocrx_word' id='word_1_384' title='bbox 1255 3769 1629 3841; x_wconf 90' lang='lat' dir='ltr'><strong>temporibus</strong></span> <span class='ocrx_word' id='word_1_385' title='bbox 1649 3775 1983 3840; x_wconf 85' lang='lat' dir='ltr'><strong>agerentur,</strong></span> <span class='ocrx_word' id='word_1_386' title='bbox 1998 3787 2226 3840; x_wconf 88' lang='lat' dir='ltr'><strong>magna</strong></span> 
     </span>
    </p>
   </div>
   <div class='ocr_carea' id='block_1_56' title="bbox 567 3856 2224 3931">
    <p class='ocr_par' dir='ltr' id='par_1_56' title="bbox 567 3856 2224 3931">
     <span class='ocr_line' id='line_1_56' title="bbox 567 3856 2224 3931; baseline -0.001 -15"><span class='ocrx_word' id='word_1_387' title='bbox 567 3864 748 3931; x_wconf 88' lang='lat' dir='ltr'><strong>atque</strong></span> <span class='ocrx_word' id='word_1_388' title='bbox 769 3857 1142 3914; x_wconf 89' lang='lat' dir='ltr'><strong>inscrutabili</strong></span> <span class='ocrx_word' id='word_1_389' title='bbox 1163 3856 1265 3912; x_wconf 90' lang='lat' dir='ltr'><strong>Dei</strong></span> <span class='ocrx_word' id='word_1_390' title='bbox 1291 3857 1668 3928; x_wconf 88' lang='lat' dir='ltr'><strong>providentia</strong></span> <span class='ocrx_word' id='word_1_391' title='bbox 1688 3858 2076 3914; x_wconf 89' lang='lat' dir='ltr'><strong>constitutum</strong></span> <span class='ocrx_word' id='word_1_392' title='bbox 2097 3859 2224 3926; x_wconf 82' lang='lat' dir='ltr'><strong>fuit,</strong></span> 
     </span>
    </p>
   </div>
   <div class='ocr_carea' id='block_1_57' title="bbox 565 3946 2225 4019">
    <p class='ocr_par' dir='ltr' id='par_1_57' title="bbox 565 3946 2225 4019">
     <span class='ocr_line' id='line_1_57' title="bbox 565 3946 2225 4019; baseline -0.001 -13"><span class='ocrx_word' id='word_1_393' title='bbox 565 3965 677 4006; x_wconf 89' lang='lat' dir='ltr'><strong>nec</strong></span> <span class='ocrx_word' id='word_1_394' title='bbox 707 3949 838 4019; x_wconf 88' lang='lat' dir='ltr'><strong>ejus</strong></span> <span class='ocrx_word' id='word_1_395' title='bbox 884 3947 1124 4002; x_wconf 81' lang='lat' dir='ltr'><strong>fuerunt</strong></span> <span class='ocrx_word' id='word_1_396' title='bbox 1183 3946 1406 4011; x_wconf 65' lang='lat' dir='ltr'><strong>saeculi,</strong></span> <span class='ocrx_word' id='word_1_397' title='bbox 1464 3947 1638 4016; x_wconf 89' lang='lat' dir='ltr'><strong>cujus</strong></span> <span class='ocrx_word' id='word_1_398' title='bbox 1688 3953 1890 4004; x_wconf 85' lang='lat' dir='ltr'><strong>noster</strong></span> <span class='ocrx_word' id='word_1_399' title='bbox 1940 3954 2225 4016; x_wconf 89' lang='lat' dir='ltr'><strong>sanctus),</strong></span> 
     </span>
    </p>
   </div>
   <div class='ocr_carea' id='block_1_58' title="bbox 570 4034 2231 4107">
    <p class='ocr_par' dir='ltr' id='par_1_58' title="bbox 570 4034 2231 4107">
     <span class='ocr_line' id='line_1_58' title="bbox 570 4034 2231 4107; baseline -0.001 -13"><span class='ocrx_word' id='word_1_400' title='bbox 570 4036 1062 4094; x_wconf 88' lang='lat' dir='ltr'><strong>commendatam</strong></span> <span class='ocrx_word' id='word_1_401' title='bbox 1096 4041 1298 4090; x_wconf 89' lang='lat' dir='ltr'><strong>tamen</strong></span> <span class='ocrx_word' id='word_1_402' title='bbox 1326 4034 1436 4090; x_wconf 90' lang='lat' dir='ltr'><strong>sibi</strong></span> <span class='ocrx_word' id='word_1_403' title='bbox 1462 4035 1678 4092; x_wconf 86' lang='lat' dir='ltr'><strong>habuit</strong></span> <span class='ocrx_word' id='word_1_404' title='bbox 1702 4037 1752 4107; x_wconf 91' lang='lat' dir='ltr'><strong>ej</strong></span> <span class='ocrx_word' id='word_1_405' title='bbox 1764 4053 1832 4092; x_wconf 93' lang='lat' dir='ltr'><strong>us</strong></span> <span class='ocrx_word' id='word_1_406' title='bbox 1859 4053 2132 4103; x_wconf 89' lang='lat' dir='ltr'><strong>causam,</strong></span> <span class='ocrx_word' id='word_1_407' title='bbox 2173 4042 2231 4093; x_wconf 90' lang='lat' dir='ltr'><strong>et</strong></span> 
     </span>
    </p>
   </div>
   <div class='ocr_carea' id='block_1_59' title="bbox 568 4123 2232 4199">
    <p class='ocr_par' dir='ltr' id='par_1_59' title="bbox 568 4123 2232 4199">
     <span class='ocr_line' id='line_1_59' title="bbox 568 4123 2232 4199; baseline 0 -17"><span class='ocrx_word' id='word_1_408' title='bbox 568 4127 893 4198; x_wconf 88' lang='lat' dir='ltr'><strong>ipsammet</strong></span> <span class='ocrx_word' id='word_1_409' title='bbox 921 4124 982 4178; x_wconf 93' lang='lat' dir='ltr'><strong>in</strong></span> <span class='ocrx_word' id='word_1_410' title='bbox 1009 4123 1133 4178; x_wconf 82' lang='lat' dir='ltr'><strong>suis</strong></span> <span class='ocrx_word' id='word_1_411' title='bbox 1163 4139 1492 4179; x_wconf 87' lang='lat' dir='ltr'><strong>numerans</strong></span> <span class='ocrx_word' id='word_1_412' title='bbox 1523 4125 1837 4182; x_wconf 85' lang='lat' dir='ltr'><strong>exornavit</strong></span> <span class='ocrx_word' id='word_1_413' title='bbox 1869 4144 1882 4193; x_wconf 90' lang='lat'><strong>;</strong></span> <span class='ocrx_word' id='word_1_414' title='bbox 1911 4142 2108 4199; x_wconf 89' lang='lat' dir='ltr'><strong>neque</strong></span> <span class='ocrx_word' id='word_1_415' title='bbox 2139 4143 2232 4182; x_wconf 85' lang='lat' dir='ltr'><strong>so-</strong></span> 
     </span>
    </p>
   </div>
   <div class='ocr_carea' id='block_1_60' title="bbox 571 4213 2233 4287">
    <p class='ocr_par' dir='ltr' id='par_1_60' title="bbox 571 4213 2233 4287">
     <span class='ocr_line' id='line_1_60' title="bbox 571 4213 2233 4287; baseline 0.002 -17"><span class='ocrx_word' id='word_1_416' title='bbox 571 4216 697 4270; x_wconf 89' lang='lat' dir='ltr'><strong>lum</strong></span> <span class='ocrx_word' id='word_1_417' title='bbox 719 4215 846 4287; x_wconf 90' lang='lat' dir='ltr'><strong>ipse</strong></span> <span class='ocrx_word' id='word_1_418' title='bbox 877 4213 1064 4268; x_wconf 90' lang='lat' dir='ltr'><strong>multa</strong></span> <span class='ocrx_word' id='word_1_419' title='bbox 1090 4229 1225 4269; x_wconf 90' lang='lat' dir='ltr'><strong>eam</strong></span> <span class='ocrx_word' id='word_1_420' title='bbox 1256 4219 1344 4269; x_wconf 88' lang='lat' dir='ltr'><strong>est</strong></span> <span class='ocrx_word' id='word_1_421' title='bbox 1367 4215 1700 4270; x_wconf 91' lang='lat' dir='ltr'><strong>reverentia</strong></span> <span class='ocrx_word' id='word_1_422' title='bbox 1727 4221 2100 4287; x_wconf 89' lang='lat' dir='ltr'><strong>prosecutus,</strong></span> <span class='ocrx_word' id='word_1_423' title='bbox 2126 4217 2233 4274; x_wconf 91' lang='lat' dir='ltr'><strong>sed</strong></span> 
     </span>
    </p>
   </div>
   <div class='ocr_carea' id='block_1_61' title="bbox 571 4301 2232 4372">
    <p class='ocr_par' dir='ltr' id='par_1_61' title="bbox 571 4301 2232 4372">
     <span class='ocr_line' id='line_1_61' title="bbox 571 4301 2232 4372; baseline 0.002 -15"><span class='ocrx_word' id='word_1_424' title='bbox 571 4302 752 4358; x_wconf 90' lang='lat' dir='ltr'><strong>etiam</strong></span> <span class='ocrx_word' id='word_1_425' title='bbox 782 4302 945 4357; x_wconf 90' lang='lat' dir='ltr'><strong>hunc</strong></span> <span class='ocrx_word' id='word_1_426' title='bbox 979 4301 1261 4357; x_wconf 68' lang='lat' dir='ltr'><strong>affectum</strong></span> <span class='ocrx_word' id='word_1_427' title='bbox 1290 4302 1545 4372; x_wconf 90' lang='lat' dir='ltr'><strong>ingessit</strong></span> <span class='ocrx_word' id='word_1_428' title='bbox 1571 4303 1874 4358; x_wconf 91' lang='lat' dir='ltr'><strong>omnibus.</strong></span> <span class='ocrx_word' id='word_1_429' title='bbox 1911 4305 1968 4360; x_wconf 91' lang='lat' dir='ltr'><strong>Si</strong></span> <span class='ocrx_word' id='word_1_430' title='bbox 1999 4305 2051 4360; x_wconf 92' lang='lat' dir='ltr'><strong>ei</strong></span> <span class='ocrx_word' id='word_1_431' title='bbox 2107 4321 2232 4362; x_wconf 90' lang='lat' dir='ltr'><strong>non</strong></span> 
     </span>
    </p>
   </div>
   <div class='ocr_carea' id='block_1_62' title="bbox 573 4389 2234 4460">
    <p class='ocr_par' dir='ltr' id='par_1_62' title="bbox 573 4389 2234 4460">
     <span class='ocr_line' id='line_1_62' title="bbox 573 4389 2234 4460; baseline 0.002 -13"><span class='ocrx_word' id='word_1_432' title='bbox 573 4391 821 4460; x_wconf 88' lang='lat' dir='ltr'><strong>contigit</strong></span> <span class='ocrx_word' id='word_1_433' title='bbox 846 4389 959 4446; x_wconf 89' lang='lat' dir='ltr'><strong>sub</strong></span> <span class='ocrx_word' id='word_1_434' title='bbox 989 4407 1163 4446; x_wconf 88' lang='lat' dir='ltr'><strong>cruce</strong></span> <span class='ocrx_word' id='word_1_435' title='bbox 1189 4391 1532 4452; x_wconf 81' lang='lat' dir='ltr'><strong>consistere,</strong></span> <span class='ocrx_word' id='word_1_436' title='bbox 1592 4408 1835 4448; x_wconf 91' lang='lat' dir='ltr'><strong>crucem</strong></span> <span class='ocrx_word' id='word_1_437' title='bbox 1884 4399 2084 4450; x_wconf 89' lang='lat' dir='ltr'><strong>tamen</strong></span> <span class='ocrx_word' id='word_1_438' title='bbox 2131 4395 2234 4450; x_wconf 91' lang='lat' dir='ltr'><strong>ad-</strong></span> 
     </span>
    </p>
   </div>
   <div class='ocr_carea' id='block_1_63' title="bbox 574 4479 2233 4551">
    <p class='ocr_par' dir='ltr' id='par_1_63' title="bbox 574 4479 2233 4551">
     <span class='ocr_line' id='line_1_63' title="bbox 574 4479 2233 4551; baseline 0.002 -15"><span class='ocrx_word' id='word_1_439' title='bbox 574 4480 797 4536; x_wconf 85' lang='lat' dir='ltr'><strong>amavit</strong></span> <span class='ocrx_word' id='word_1_440' title='bbox 829 4485 886 4534; x_wconf 88' lang='lat' dir='ltr'><strong>et</strong></span> <span class='ocrx_word' id='word_1_441' title='bbox 925 4479 1131 4550; x_wconf 90' lang='lat' dir='ltr'><strong>quoad</strong></span> <span class='ocrx_word' id='word_1_442' title='bbox 1179 4479 1321 4535; x_wconf 90' lang='lat' dir='ltr'><strong>vixit</strong></span> <span class='ocrx_word' id='word_1_443' title='bbox 1358 4496 1482 4551; x_wconf 73' lang='lat' dir='ltr'><strong>prae</strong></span> <span class='ocrx_word' id='word_1_444' title='bbox 1523 4479 1711 4536; x_wconf 90' lang='lat' dir='ltr'><strong>oculis</strong></span> <span class='ocrx_word' id='word_1_445' title='bbox 1751 4481 1981 4547; x_wconf 88' lang='lat' dir='ltr'><strong>habuit,</strong></span> <span class='ocrx_word' id='word_1_446' title='bbox 2029 4485 2233 4540; x_wconf 86' lang='lat' dir='ltr'><strong>Jesum</strong></span> 
     </span>
    </p>
   </div>
   <div class='ocr_carea' id='block_1_64' title="bbox 573 4569 2233 4646">
    <p class='ocr_par' dir='ltr' id='par_1_64' title="bbox 573 4569 2233 4646">
     <span class='ocr_line' id='line_1_64' title="bbox 573 4569 2233 4646; baseline 0.003 -20"><span class='ocrx_word' id='word_1_447' title='bbox 573 4570 784 4626; x_wconf 88' lang='lat' dir='ltr'><strong>mortis</strong></span> <span class='ocrx_word' id='word_1_448' title='bbox 812 4569 1172 4626; x_wconf 87' lang='lat' dir='ltr'><strong>damnatum</strong></span> <span class='ocrx_word' id='word_1_449' title='bbox 1217 4570 1475 4638; x_wconf 89' lang='lat' dir='ltr'><strong>intuens,</strong></span> <span class='ocrx_word' id='word_1_450' title='bbox 1508 4574 1565 4626; x_wconf 90' lang='lat' dir='ltr'><strong>et</strong></span> <span class='ocrx_word' id='word_1_451' title='bbox 1591 4570 1823 4626; x_wconf 90' lang='lat' dir='ltr'><strong>nudum</strong></span> <span class='ocrx_word' id='word_1_452' title='bbox 1874 4572 1934 4627; x_wconf 93' lang='lat' dir='ltr'><strong>in</strong></span> <span class='ocrx_word' id='word_1_453' title='bbox 1991 4589 2064 4629; x_wconf 87' lang='lat' dir='ltr'><strong>ea</strong></span> <span class='ocrx_word' id='word_1_454' title='bbox 2090 4590 2233 4646; x_wconf 83' lang='lat' dir='ltr'><strong>pen-</strong></span> 
     </span>
    </p>
   </div>
   <div class='ocr_carea' id='block_1_65' title="bbox 575 4658 2234 4734">
    <p class='ocr_par' dir='ltr' id='par_1_65' title="bbox 575 4658 2234 4734">
     <span class='ocr_line' id='line_1_65' title="bbox 575 4658 2234 4734; baseline 0.003 -20"><span class='ocrx_word' id='word_1_455' title='bbox 575 4659 816 4715; x_wconf 90' lang='lat' dir='ltr'><strong>dentem</strong></span> <span class='ocrx_word' id='word_1_456' title='bbox 835 4658 1201 4715; x_wconf 87' lang='lat' dir='ltr'><strong>Salvatorem</strong></span> <span class='ocrx_word' id='word_1_457' title='bbox 1217 4675 1355 4714; x_wconf 91' lang='lat' dir='ltr'><strong>cum</strong></span> <span class='ocrx_word' id='word_1_458' title='bbox 1379 4660 1672 4715; x_wconf 91' lang='lat' dir='ltr'><strong>memoria</strong></span> <span class='ocrx_word' id='word_1_459' title='bbox 1687 4661 1987 4731; x_wconf 87' lang='lat' dir='ltr'><strong>passionis</strong></span> <span class='ocrx_word' id='word_1_460' title='bbox 2001 4663 2151 4734; x_wconf 87' lang='lat' dir='ltr'><strong>ejus,</strong></span> <span class='ocrx_word' id='word_1_461' title='bbox 2176 4668 2234 4719; x_wconf 84' lang='lat' dir='ltr'><strong>et</strong></span> 
     </span>
    </p>
   </div>
   <div class='ocr_carea' id='block_1_66' title="bbox 575 4747 2230 4820">
    <p class='ocr_par' dir='ltr' id='par_1_66' title="bbox 575 4747 2230 4820">
     <span class='ocr_line' id='line_1_66' title="bbox 575 4747 2230 4820; baseline 0.002 -15"><span class='ocrx_word' id='word_1_462' title='bbox 575 4749 918 4805; x_wconf 88' lang='lat' dir='ltr'><strong>communis</strong></span> <span class='ocrx_word' id='word_1_463' title='bbox 949 4747 1300 4805; x_wconf 87' lang='lat' dir='ltr'><strong>salvationis</strong></span> <span class='ocrx_word' id='word_1_464' title='bbox 1331 4762 1436 4818; x_wconf 89' lang='lat' dir='ltr'><strong>per</strong></span> <span class='ocrx_word' id='word_1_465' title='bbox 1465 4762 1605 4802; x_wconf 90' lang='lat' dir='ltr'><strong>eum</strong></span> <span class='ocrx_word' id='word_1_466' title='bbox 1637 4754 1907 4820; x_wconf 59' lang='lat' dir='ltr'><strong>patratis,</strong></span> <span class='ocrx_word' id='word_1_467' title='bbox 1943 4751 2103 4807; x_wconf 91' lang='lat' dir='ltr'><strong>unde</strong></span> <span class='ocrx_word' id='word_1_468' title='bbox 2129 4768 2230 4810; x_wconf 85' lang='lat' dir='ltr'><strong>ex-</strong></span> 
     </span>
    </p>
   </div>
   <div class='ocr_carea' id='block_1_67' title="bbox 574 4835 2232 4911">
    <p class='ocr_par' dir='ltr' id='par_1_67' title="bbox 574 4835 2232 4911">
     <span class='ocr_line' id='line_1_67' title="bbox 574 4835 2232 4911; baseline 0.001 -16"><span class='ocrx_word' id='word_1_469' title='bbox 574 4838 872 4896; x_wconf 88' lang='lat' dir='ltr'><strong>citabatur</strong></span> <span class='ocrx_word' id='word_1_470' title='bbox 909 4837 988 4893; x_wconf 91' lang='lat' dir='ltr'><strong>ad</strong></span> <span class='ocrx_word' id='word_1_471' title='bbox 1021 4852 1242 4908; x_wconf 91' lang='lat' dir='ltr'><strong>corpus</strong></span> <span class='ocrx_word' id='word_1_472' title='bbox 1266 4836 1462 4904; x_wconf 88' lang='lat' dir='ltr'><strong>magis</strong></span> <span class='ocrx_word' id='word_1_473' title='bbox 1489 4835 1892 4906; x_wconf 90' lang='lat' dir='ltr'><strong>subigendum</strong></span> <span class='ocrx_word' id='word_1_474' title='bbox 1918 4840 2232 4911; x_wconf 85' lang='lat' dir='ltr'><strong>subjicien-</strong></span> 
     </span>
    </p>
   </div>
   <div class='ocr_carea' id='block_1_68' title="bbox 573 4924 2233 5002">
    <p class='ocr_par' dir='ltr' id='par_1_68' title="bbox 573 4924 2233 5002">
     <span class='ocr_line' id='line_1_68' title="bbox 573 4924 2233 5002; baseline 0.002 -19"><span class='ocrx_word' id='word_1_475' title='bbox 573 4927 843 4999; x_wconf 90' lang='lat' dir='ltr'><strong>dumque</strong></span> <span class='ocrx_word' id='word_1_476' title='bbox 865 4924 1118 4996; x_wconf 84' lang='lat' dir='ltr'><strong>spiritui.</strong></span> <span class='ocrx_word' id='word_1_477' title='bbox 1153 4925 1466 4991; x_wconf 70' lang='lat' dir='ltr'><strong>Cteterum,</strong></span> <span class='ocrx_word' id='word_1_478' title='bbox 1491 4924 1574 4980; x_wconf 91' lang='lat' dir='ltr'><strong>uti</strong></span> <span class='ocrx_word' id='word_1_479' title='bbox 1601 4925 1711 4982; x_wconf 92' lang='lat' dir='ltr'><strong>soli</strong></span> <span class='ocrx_word' id='word_1_480' title='bbox 1757 4929 1876 4984; x_wconf 91' lang='lat' dir='ltr'><strong>Deo</strong></span> <span class='ocrx_word' id='word_1_481' title='bbox 1923 4931 2233 5002; x_wconf 90' lang='lat' dir='ltr'><strong>Deumque</strong></span> 
     </span>
    </p>
   </div>
   <div class='ocr_carea' id='block_1_69' title="bbox 572 5013 2233 5080">
    <p class='ocr_par' dir='ltr' id='par_1_69' title="bbox 572 5013 2233 5080">
     <span class='ocr_line' id='line_1_69' title="bbox 572 5013 2233 5080; baseline 0 -6"><span class='ocrx_word' id='word_1_482' title='bbox 572 5013 1101 5074; x_wconf 87' lang='lat' dir='ltr'><strong>circumstantibus</strong></span> <span class='ocrx_word' id='word_1_483' title='bbox 1137 5018 1350 5069; x_wconf 91' lang='lat' dir='ltr'><strong>notum</strong></span> <span class='ocrx_word' id='word_1_484' title='bbox 1379 5018 1487 5080; x_wconf 85' lang='lat' dir='ltr'><strong>est,</strong></span> <span class='ocrx_word' id='word_1_485' title='bbox 1511 5030 1590 5070; x_wconf 89' lang='lat' dir='ltr'><strong>an</strong></span> <span class='ocrx_word' id='word_1_486' title='bbox 1617 5015 1724 5073; x_wconf 90' lang='lat' dir='ltr'><strong>iste</strong></span> <span class='ocrx_word' id='word_1_487' title='bbox 1745 5034 1885 5074; x_wconf 90' lang='lat' dir='ltr'><strong>cum</strong></span> <span class='ocrx_word' id='word_1_488' title='bbox 1908 5019 2085 5074; x_wconf 89' lang='lat' dir='ltr'><strong>sociis</strong></span> <span class='ocrx_word' id='word_1_489' title='bbox 2111 5020 2233 5076; x_wconf 90' lang='lat' dir='ltr'><strong>sive</strong></span> 
     </span>
    </p>
   </div>
   <div class='ocr_carea' id='block_1_70' title="bbox 574 5102 2234 5169">
    <p class='ocr_par' dir='ltr' id='par_1_70' title="bbox 574 5102 2234 5169">
     <span class='ocr_line' id='line_1_70' title="bbox 574 5102 2234 5169; baseline 0 -5"><span class='ocrx_word' id='word_1_490' title='bbox 574 5107 727 5164; x_wconf 87' lang='lat' dir='ltr'><strong>alius</strong></span> <span class='ocrx_word' id='word_1_491' title='bbox 775 5120 849 5160; x_wconf 88' lang='lat' dir='ltr'><strong>ex</strong></span> <span class='ocrx_word' id='word_1_492' title='bbox 904 5102 1109 5158; x_wconf 80' lang='lat' dir='ltr'><strong>divino</strong></span> <span class='ocrx_word' id='word_1_493' title='bbox 1159 5102 1362 5169; x_wconf 91' lang='lat' dir='ltr'><strong>choro,</strong></span> <span class='ocrx_word' id='word_1_494' title='bbox 1418 5119 1559 5159; x_wconf 92' lang='lat' dir='ltr'><strong>eum</strong></span> <span class='ocrx_word' id='word_1_495' title='bbox 1608 5105 1722 5162; x_wconf 89' lang='lat' dir='ltr'><strong>sibi</strong></span> <span class='ocrx_word' id='word_1_496' title='bbox 1768 5107 2070 5164; x_wconf 88' lang='lat' dir='ltr'><strong>vindicare</strong></span> <span class='ocrx_word' id='word_1_497' title='bbox 2135 5125 2234 5164; x_wconf 85' lang='lat' dir='ltr'><strong>cu-</strong></span> 
     </span>
    </p>
   </div>
   <div class='ocr_carea' id='block_1_71' title="bbox 571 5191 2235 5269">
    <p class='ocr_par' dir='ltr' id='par_1_71' title="bbox 571 5191 2235 5269">
     <span class='ocr_line' id='line_1_71' title="bbox 571 5191 2235 5269; baseline 0.001 -18"><span class='ocrx_word' id='word_1_498' title='bbox 571 5197 763 5269; x_wconf 87' lang='lat' dir='ltr'><strong>piens,</strong></span> <span class='ocrx_word' id='word_1_499' title='bbox 797 5191 1261 5264; x_wconf 75' lang='lat' dir='ltr'><strong>praerogativam</strong></span> <span class='ocrx_word' id='word_1_500' title='bbox 1292 5191 1488 5249; x_wconf 90' lang='lat' dir='ltr'><strong>tulerit</strong></span> <span class='ocrx_word' id='word_1_501' title='bbox 1515 5210 1554 5250; x_wconf 88' lang='lat' dir='ltr'><strong>a</strong></span> <span class='ocrx_word' id='word_1_502' title='bbox 1583 5196 1764 5250; x_wconf 89' lang='lat' dir='ltr'><strong>totius</strong></span> <span class='ocrx_word' id='word_1_503' title='bbox 1794 5211 1993 5251; x_wconf 63' lang='lat' dir='ltr'><strong>causa;</strong></span> <span class='ocrx_word' id='word_1_504' title='bbox 2031 5197 2235 5254; x_wconf 87' lang='lat' dir='ltr'><strong>diribi-</strong></span> 
     </span>
    </p>
   </div>
   <div class='ocr_carea' id='block_1_72' title="bbox 571 5281 2231 5355">
    <p class='ocr_par' dir='ltr' id='par_1_72' title="bbox 571 5281 2231 5355">
     <span class='ocr_line' id='line_1_72' title="bbox 571 5281 2231 5355; baseline 0.002 -15"><span class='ocrx_word' id='word_1_505' title='bbox 571 5290 699 5340; x_wconf 87' lang='lat' dir='ltr'><strong>tore</strong></span> <span class='ocrx_word' id='word_1_506' title='bbox 728 5285 866 5343; x_wconf 89' lang='lat' dir='ltr'><strong>Deo,</strong></span> <span class='ocrx_word' id='word_1_507' title='bbox 894 5281 977 5337; x_wconf 86' lang='lat' dir='ltr'><strong>ita</strong></span> <span class='ocrx_word' id='word_1_508' title='bbox 996 5295 1068 5336; x_wconf 86' lang='lat' dir='ltr'><strong>ex</strong></span> <span class='ocrx_word' id='word_1_509' title='bbox 1105 5281 1178 5337; x_wconf 91' lang='lat' dir='ltr'><strong>iis</strong></span> <span class='ocrx_word' id='word_1_510' title='bbox 1227 5297 1363 5354; x_wconf 56' lang='lat' dir='ltr'><strong>quas</strong></span> <span class='ocrx_word' id='word_1_511' title='bbox 1418 5281 1684 5338; x_wconf 84' lang='lat' dir='ltr'><strong>diximus</strong></span> <span class='ocrx_word' id='word_1_512' title='bbox 1733 5300 1988 5355; x_wconf 80' lang='lat' dir='ltr'><strong>quasque</strong></span> <span class='ocrx_word' id='word_1_513' title='bbox 2042 5286 2231 5343; x_wconf 88' lang='lat' dir='ltr'><strong>multo</strong></span> 
     </span>
    </p>
   </div>
   <div class='ocr_carea' id='block_1_73' title="bbox 571 5369 2231 5443">
    <p class='ocr_par' dir='ltr' id='par_1_73' title="bbox 571 5369 2231 5443">
     <span class='ocr_line' id='line_1_73' title="bbox 571 5369 2231 5443; baseline 0.003 -18"><span class='ocrx_word' id='word_1_514' title='bbox 571 5371 746 5442; x_wconf 88' lang='lat' dir='ltr'><strong>plura</strong></span> <span class='ocrx_word' id='word_1_515' title='bbox 771 5369 1259 5440; x_wconf 69' lang='lat' dir='ltr'><strong>praetermisimus</strong></span> <span class='ocrx_word' id='word_1_516' title='bbox 1299 5370 1681 5426; x_wconf 84' lang='lat' dir='ltr'><strong>manifestum</strong></span> <span class='ocrx_word' id='word_1_517' title='bbox 1740 5375 1922 5443; x_wconf 90' lang='lat' dir='ltr'><strong>atque</strong></span> <span class='ocrx_word' id='word_1_518' title='bbox 1980 5374 2231 5430; x_wconf 88' lang='lat' dir='ltr'><strong>certissi-</strong></span> 
     </span>
    </p>
   </div>
   <div class='ocr_carea' id='block_1_74' title="bbox 571 5456 2230 5536">
    <p class='ocr_par' dir='ltr' id='par_1_74' title="bbox 571 5456 2230 5536">
     <span class='ocr_line' id='line_1_74' title="bbox 571 5456 2230 5536; baseline 0.002 -21"><span class='ocrx_word' id='word_1_519' title='bbox 571 5474 739 5516; x_wconf 91' lang='lat' dir='ltr'><strong>mum</strong></span> <span class='ocrx_word' id='word_1_520' title='bbox 768 5461 874 5522; x_wconf 89' lang='lat' dir='ltr'><strong>est,</strong></span> <span class='ocrx_word' id='word_1_521' title='bbox 904 5456 1066 5527; x_wconf 91' lang='lat' dir='ltr'><strong>quod</strong></span> <span class='ocrx_word' id='word_1_522' title='bbox 1096 5473 1132 5513; x_wconf 91' lang='lat' dir='ltr'><strong>a</strong></span> <span class='ocrx_word' id='word_1_523' title='bbox 1164 5461 1284 5514; x_wconf 87' lang='lat' dir='ltr'><strong>Deo</strong></span> <span class='ocrx_word' id='word_1_524' title='bbox 1314 5458 1640 5515; x_wconf 90' lang='lat' dir='ltr'><strong>collocatus</strong></span> <span class='ocrx_word' id='word_1_525' title='bbox 1694 5459 1771 5515; x_wconf 88' lang='lat' dir='ltr'><strong>sit</strong></span> <span class='ocrx_word' id='word_1_526' title='bbox 1793 5460 1947 5516; x_wconf 90' lang='lat' dir='ltr'><strong>inter</strong></span> <span class='ocrx_word' id='word_1_527' title='bbox 1969 5477 2072 5528; x_wconf 85' lang='lat' dir='ltr'><strong>eos</strong></span> <span class='ocrx_word' id='word_1_528' title='bbox 2125 5463 2230 5536; x_wconf 87' lang='lat' dir='ltr'><strong>qui</strong></span> 
     </span>
    </p>
   </div>
   <div class='ocr_carea' id='block_1_75' title="bbox 568 5544 1300 5618">
    <p class='ocr_par' dir='ltr' id='par_1_75' title="bbox 568 5544 1300 5618">
     <span class='ocr_line' id='line_1_75' title="bbox 568 5544 1300 5618; baseline 0.001 -16"><span class='ocrx_word' id='word_1_529' title='bbox 568 5545 828 5618; x_wconf 91' lang='lat' dir='ltr'><strong>proximi</strong></span> <span class='ocrx_word' id='word_1_530' title='bbox 849 5544 964 5601; x_wconf 91' lang='lat' dir='ltr'><strong>sibi</strong></span> <span class='ocrx_word' id='word_1_531' title='bbox 989 5546 1300 5603; x_wconf 89' lang='lat' dir='ltr'><strong>assistunt.</strong></span> 
     </span>
    </p>
   </div>
   <div class='ocr_carea' id='block_1_76' title="bbox 639 5635 2226 5720">
    <p class='ocr_par' dir='ltr' id='par_1_76' title="bbox 639 5635 2226 5720">
     <span class='ocr_line' id='line_1_76' title="bbox 639 5635 2226 5720; baseline 0.001 -26"><span class='ocrx_word' id='word_1_532' title='bbox 639 5640 726 5695; x_wconf 81' lang='grc'><strong>61.</strong></span> <span class='ocrx_word' id='word_1_533' title='bbox 767 5638 934 5696; x_wconf 86' lang='lat' dir='ltr'><strong>Nunc</strong></span> <span class='ocrx_word' id='word_1_534' title='bbox 954 5650 1067 5705; x_wconf 82' lang='lat' dir='ltr'><strong>age</strong></span> <span class='ocrx_word' id='word_1_535' title='bbox 1094 5636 1312 5706; x_wconf 79' lang='lat' dir='ltr'><strong>chorus</strong></span> <span class='ocrx_word' id='word_1_536' title='bbox 1334 5635 1532 5720; x_wconf 77' lang='lat' dir='ltr'><strong>omnis</strong></span> <span class='ocrx_word' id='word_1_537' title='bbox 1539 5635 1864 5720; x_wconf 73' lang='lat' dir='ltr'><strong>justorum,</strong></span> <span class='ocrx_word' id='word_1_538' title='bbox 1895 5654 2138 5708; x_wconf 77' lang='lat' dir='ltr'><strong>oremus</strong></span> <span class='ocrx_word' id='word_1_539' title='bbox 2169 5646 2226 5706; x_wconf 81' lang='lat' dir='ltr'><strong>et</strong></span> 
     </span>
    </p>
   </div>
   <div class='ocr_carea' id='block_1_77' title="bbox 2331 1873 3937 1952">
    <p class='ocr_par' dir='ltr' id='par_1_77' title="bbox 2331 1873 3937 1952">
     <span class='ocr_line' id='line_1_77' title="bbox 2331 1873 3937 1952; baseline 0.003 -26"><span class='ocrx_word' id='word_1_540' title='bbox 2331 1873 2454 1947; x_wconf 81' lang='grc' dir='ltr'>βίον</span> <span class='ocrx_word' id='word_1_541' title='bbox 2485 1873 2866 1950; x_wconf 72' lang='grc' dir='ltr'>ἀπέστραπται,</span> <span class='ocrx_word' id='word_1_542' title='bbox 2906 1881 2996 1928; x_wconf 83' lang='grc' dir='ltr'>καὶ</span> <span class='ocrx_word' id='word_1_543' title='bbox 3052 1876 3208 1929; x_wconf 85' lang='grc' dir='ltr'>πλείω</span> <span class='ocrx_word' id='word_1_544' title='bbox 3247 1881 3337 1928; x_wconf 79' lang='grc' dir='ltr'>καὶ</span> <span class='ocrx_word' id='word_1_545' title='bbox 3385 1877 3550 1948; x_wconf 79' lang='grc' dir='ltr'>μείζω</span> <span class='ocrx_word' id='word_1_546' title='bbox 3596 1883 3937 1952; x_wconf 82' lang='grc' dir='ltr'>περιεώρακε,</span> 
     </span>
    </p>
   </div>
   <div class='ocr_carea' id='block_1_78' title="bbox 2328 1962 3944 2040">
    <p class='ocr_par' dir='ltr' id='par_1_78' title="bbox 2328 1962 3944 2040">
     <span class='ocr_line' id='line_1_78' title="bbox 2328 1962 3944 2040; baseline 0.002 -24"><span class='ocrx_word' id='word_1_547' title='bbox 2328 1969 2419 2016; x_wconf 80' lang='grc' dir='ltr'>καὶ</span> <span class='ocrx_word' id='word_1_548' title='bbox 2472 1965 2644 2027; x_wconf 83' lang='grc' dir='ltr'>ἁπλῶς</span> <span class='ocrx_word' id='word_1_549' title='bbox 2709 1973 2800 2017; x_wconf 83' lang='grc' dir='ltr'><strong>τοῦ</strong></span> <span class='ocrx_word' id='word_1_550' title='bbox 2856 1962 3083 2038; x_wconf 82' lang='grc' dir='ltr'>μηδενός</span> <span class='ocrx_word' id='word_1_551' title='bbox 3140 1963 3466 2040; x_wconf 82' lang='grc' dir='ltr'>διακέκρικεν</span> <span class='ocrx_word' id='word_1_552' title='bbox 3525 1966 3650 2030; x_wconf 79' lang='grc' dir='ltr'>ἄξια</span> <span class='ocrx_word' id='word_1_553' title='bbox 3707 1969 3776 2019; x_wconf 83' lang='grc' dir='ltr'>τὰ</span> <span class='ocrx_word' id='word_1_554' title='bbox 3831 1975 3944 2028; x_wconf 86' lang='grc' dir='ltr'>τοῖς</span> 
     </span>
    </p>
   </div>
   <div class='ocr_carea' id='block_1_79' title="bbox 2329 2053 3946 2127">
    <p class='ocr_par' dir='ltr' id='par_1_79' title="bbox 2329 2053 3946 2127">
     <span class='ocr_line' id='line_1_79' title="bbox 2329 2053 3946 2127; baseline 0.001 -19"><span class='ocrx_word' id='word_1_555' title='bbox 2329 2053 2537 2116; x_wconf 76' lang='grc' dir='ltr'>πολλοῖς</span> <span class='ocrx_word' id='word_1_556' title='bbox 2603 2062 2871 2127; x_wconf 83' lang='grc' dir='ltr'>τιμώμενα</span> <span class='ocrx_word' id='word_1_557' title='bbox 2926 2062 3018 2106; x_wconf 84' lang='grc' dir='ltr'><strong>τοῦ</strong></span> <span class='ocrx_word' id='word_1_558' title='bbox 3081 2059 3289 2121; x_wconf 86' lang='grc' dir='ltr'>παντὸς,</span> <span class='ocrx_word' id='word_1_559' title='bbox 3348 2060 3438 2106; x_wconf 78' lang='grc' dir='ltr'>καὶ</span> <span class='ocrx_word' id='word_1_560' title='bbox 3493 2059 3632 2127; x_wconf 85' lang='grc' dir='ltr'>μόνῳ</span> <span class='ocrx_word' id='word_1_561' title='bbox 3683 2057 3946 2117; x_wconf 76' lang='grc' dir='ltr'>συνέςηκε</span> 
     </span>
    </p>
   </div>
   <div class='ocr_carea' id='block_1_80' title="bbox 2328 2144 3946 2222">
    <p class='ocr_par' dir='ltr' id='par_1_80' title="bbox 2328 2144 3946 2222">
     <span class='ocr_line' id='line_1_80' title="bbox 2328 2144 3946 2222; baseline 0 -21"><span class='ocrx_word' id='word_1_562' title='bbox 2328 2156 2401 2219; x_wconf 85' lang='grc' dir='ltr'>τῷ</span> <span class='ocrx_word' id='word_1_563' title='bbox 2435 2153 2666 2221; x_wconf 82' lang='grc' dir='ltr'>σταυρῷ,</span> <span class='ocrx_word' id='word_1_564' title='bbox 2727 2147 2924 2220; x_wconf 86' lang='grc' dir='ltr'>γυμνὸς</span> <span class='ocrx_word' id='word_1_565' title='bbox 3003 2144 3241 2202; x_wconf 79' lang='grc' dir='ltr'>ἁπάντων</span> <span class='ocrx_word' id='word_1_566' title='bbox 3320 2145 3795 2212; x_wconf 80' lang='grc' dir='ltr'>κατηκολουθηκὼς</span> <span class='ocrx_word' id='word_1_567' title='bbox 3867 2155 3946 2222; x_wconf 78' lang='grc' dir='ltr'>τῷ</span> 
     </span>
    </p>
   </div>
   <div class='ocr_carea' id='block_1_81' title="bbox 2329 2245 2593 2312">
    <p class='ocr_par' dir='ltr' id='par_1_81' title="bbox 2329 2245 2593 2312">
     <span class='ocr_line' id='line_1_81' title="bbox 2329 2245 2593 2312; baseline -0.027 0"><span class='ocrx_word' id='word_1_568' title='bbox 2329 2245 2544 2312; x_wconf 71' lang='grc' dir='ltr'>Χριστῷ</span> <span class='ocrx_word' id='word_1_569' title='bbox 2578 2251 2593 2305; x_wconf 85' lang='grc'><strong>;</strong></span> 
     </span>
    </p>
   </div>
   <div class='ocr_carea' id='block_1_82' title="bbox 2401 2323 3948 2401">
    <p class='ocr_par' dir='ltr' id='par_1_82' title="bbox 2401 2323 3948 2401">
     <span class='ocr_line' id='line_1_82' title="bbox 2401 2323 3948 2401; baseline -0.001 -19"><span class='ocrx_word' id='word_1_570' title='bbox 2401 2327 2466 2389; x_wconf 83' lang='grc' dir='ltr'><strong>ξ’.</strong></span> <span class='ocrx_word' id='word_1_571' title='bbox 2496 2325 2661 2399; x_wconf 85' lang='grc' dir='ltr'>Οἶμαι</span> <span class='ocrx_word' id='word_1_572' title='bbox 2691 2323 2743 2378; x_wconf 67' lang='grc' dir='ltr'><strong>δ’</strong></span> <span class='ocrx_word' id='word_1_573' title='bbox 2781 2329 2851 2389; x_wconf 84' lang='grc' dir='ltr'>ὡς</span> <span class='ocrx_word' id='word_1_574' title='bbox 2878 2332 2969 2380; x_wconf 81' lang='grc' dir='ltr'><strong>καὶ</strong></span> <span class='ocrx_word' id='word_1_575' title='bbox 3018 2327 3170 2390; x_wconf 76' lang='grc' dir='ltr'>αὐτὸς</span> <span class='ocrx_word' id='word_1_576' title='bbox 3196 2331 3222 2380; x_wconf 87' lang='grc' dir='ltr'><strong><em>ὁ</em></strong></span> <span class='ocrx_word' id='word_1_577' title='bbox 3281 2327 3504 2401; x_wconf 78' lang='grc' dir='ltr'>βροντῆς</span> <span class='ocrx_word' id='word_1_578' title='bbox 3549 2331 3665 2392; x_wconf 83' lang='grc' dir='ltr'>υἱὸς</span> <span class='ocrx_word' id='word_1_579' title='bbox 3721 2345 3948 2401; x_wconf 80' lang='grc' dir='ltr'>μετονο-</span> 
     </span>
    </p>
   </div>
   <div class='ocr_carea' id='block_1_83' title="bbox 2328 2413 3948 2492">
    <p class='ocr_par' dir='ltr' id='par_1_83' title="bbox 2328 2413 3948 2492">
     <span class='ocr_line' id='line_1_83' title="bbox 2328 2413 3948 2492; baseline 0.002 -24"><span class='ocrx_word' id='word_1_580' title='bbox 2328 2418 2540 2490; x_wconf 83' lang='grc' dir='ltr'>μασθεὶς</span> <span class='ocrx_word' id='word_1_581' title='bbox 2585 2413 2677 2468; x_wconf 81' lang='grc' dir='ltr'><strong>διὰ</strong></span> <span class='ocrx_word' id='word_1_582' title='bbox 2705 2420 2800 2474; x_wconf 83' lang='grc' dir='ltr'>τὴν</span> <span class='ocrx_word' id='word_1_583' title='bbox 2829 2416 3129 2492; x_wconf 74' lang='grc' dir='ltr'>ἠψηγορίαν</span> <span class='ocrx_word' id='word_1_584' title='bbox 3175 2420 3380 2479; x_wconf 78' lang='grc' dir='ltr'>πάντως</span> <span class='ocrx_word' id='word_1_585' title='bbox 3431 2422 3522 2470; x_wconf 84' lang='grc' dir='ltr'>καὶ</span> <span class='ocrx_word' id='word_1_586' title='bbox 3574 2422 3669 2476; x_wconf 80' lang='grc' dir='ltr'>τὴν</span> <span class='ocrx_word' id='word_1_587' title='bbox 3717 2423 3948 2491; x_wconf 77' lang='grc' dir='ltr'>φρικτῆν</span> 
     </span>
    </p>
   </div>
   <div class='ocr_carea' id='block_1_84' title="bbox 2330 2505 3948 2578">
    <p class='ocr_par' dir='ltr' id='par_1_84' title="bbox 2330 2505 3948 2578">
     <span class='ocr_line' id='line_1_84' title="bbox 2330 2505 3948 2578; baseline 0.002 -20"><span class='ocrx_word' id='word_1_588' title='bbox 2330 2505 2591 2577; x_wconf 70' lang='grc' dir='ltr'>θεολογίαν</span> <span class='ocrx_word' id='word_1_589' title='bbox 2618 2506 2722 2578; x_wconf 84' lang='grc' dir='ltr'><strong>ούχ</strong></span> <span class='ocrx_word' id='word_1_590' title='bbox 2761 2507 2894 2566; x_wconf 84' lang='grc' dir='ltr'>ὅπως</span> <span class='ocrx_word' id='word_1_591' title='bbox 2925 2505 2985 2558; x_wconf 79' lang='grc' dir='ltr'>ἂν</span> <span class='ocrx_word' id='word_1_592' title='bbox 3010 2507 3171 2578; x_wconf 77' lang='grc' dir='ltr'>ἑαυτῷ</span> <span class='ocrx_word' id='word_1_593' title='bbox 3224 2513 3314 2558; x_wconf 81' lang='grc' dir='ltr'>καὶ</span> <span class='ocrx_word' id='word_1_594' title='bbox 3346 2513 3450 2566; x_wconf 80' lang='grc' dir='ltr'>τοῖς</span> <span class='ocrx_word' id='word_1_595' title='bbox 3504 2507 3622 2559; x_wconf 80' lang='grc' dir='ltr'>κατ’</span> <span class='ocrx_word' id='word_1_596' title='bbox 3673 2507 3830 2559; x_wconf 79' lang='grc' dir='ltr'>αὐτόν</span> <span class='ocrx_word' id='word_1_597' title='bbox 3887 2516 3948 2562; x_wconf 56' lang='grc' dir='ltr'><strong>τε</strong></span> 
     </span>
    </p>
   </div>
   <div class='ocr_carea' id='block_1_85' title="bbox 2330 2595 3946 2672">
    <p class='ocr_par' dir='ltr' id='par_1_85' title="bbox 2330 2595 3946 2672">
     <span class='ocr_line' id='line_1_85' title="bbox 2330 2595 3946 2672; baseline 0.002 -26"><span class='ocrx_word' id='word_1_598' title='bbox 2330 2601 2418 2647; x_wconf 74' lang='grc' dir='ltr'>καὶ</span> <span class='ocrx_word' id='word_1_599' title='bbox 2449 2599 2544 2648; x_wconf 87' lang='grc' dir='ltr'><strong>σύν</strong></span> <span class='ocrx_word' id='word_1_600' title='bbox 2569 2595 2710 2666; x_wconf 74' lang='grc' dir='ltr'>αὐτῷ</span> <span class='ocrx_word' id='word_1_601' title='bbox 2743 2595 3193 2667; x_wconf 83' lang='grc' dir='ltr'>συγκαταλεγῆναι</span> <span class='ocrx_word' id='word_1_602' title='bbox 3245 2605 3446 2670; x_wconf 83' lang='grc' dir='ltr'>χρῆναι</span> <span class='ocrx_word' id='word_1_603' title='bbox 3499 2604 3681 2649; x_wconf 88' lang='grc' dir='ltr'>τοῦτον</span> <span class='ocrx_word' id='word_1_604' title='bbox 3735 2596 3946 2672; x_wconf 77' lang='grc' dir='ltr'>ἐπέκρι-</span> 
     </span>
    </p>
   </div>
   <div class='ocr_carea' id='block_1_86' title="bbox 2329 2681 3947 2760">
    <p class='ocr_par' dir='ltr' id='par_1_86' title="bbox 2329 2681 3947 2760">
     <span class='ocr_line' id='line_1_86' title="bbox 2329 2681 3947 2760; baseline 0.002 -24"><span class='ocrx_word' id='word_1_605' title='bbox 2329 2705 2406 2738; x_wconf 88' lang='grc' dir='ltr'><strong>νεν</strong></span> <span class='ocrx_word' id='word_1_606' title='bbox 2443 2707 2455 2719; x_wconf 89' lang='grc'>·</span> <span class='ocrx_word' id='word_1_607' title='bbox 2483 2684 2610 2737; x_wconf 77' lang='grc' dir='ltr'>ἀλλὰ</span> <span class='ocrx_word' id='word_1_608' title='bbox 2655 2689 2745 2737; x_wconf 84' lang='grc' dir='ltr'>καὶ</span> <span class='ocrx_word' id='word_1_609' title='bbox 2799 2681 2871 2738; x_wconf 81' lang='grc' dir='ltr'><strong>δι’</strong></span> <span class='ocrx_word' id='word_1_610' title='bbox 2925 2688 3078 2760; x_wconf 74' lang='grc' dir='ltr'>ἔργου</span> <span class='ocrx_word' id='word_1_611' title='bbox 3127 2684 3188 2738; x_wconf 78' lang='grc' dir='ltr'>ἂν</span> <span class='ocrx_word' id='word_1_612' title='bbox 3244 2685 3561 2755; x_wconf 77' lang='grc' dir='ltr'>ἐπεποιήκει,</span> <span class='ocrx_word' id='word_1_613' title='bbox 3610 2692 3698 2738; x_wconf 82' lang='grc' dir='ltr'>καὶ</span> <span class='ocrx_word' id='word_1_614' title='bbox 3751 2686 3947 2758; x_wconf 84' lang='grc' dir='ltr'>λόγους</span> 
     </span>
    </p>
   </div>
   <div class='ocr_carea' id='block_1_87' title="bbox 2332 2774 3945 2849">
    <p class='ocr_par' dir='ltr' id='par_1_87' title="bbox 2332 2774 3945 2849">
     <span class='ocr_line' id='line_1_87' title="bbox 2332 2774 3945 2849; baseline 0.001 -22"><span class='ocrx_word' id='word_1_615' title='bbox 2332 2774 2571 2846; x_wconf 82' lang='grc' dir='ltr'>εύλόγους</span> <span class='ocrx_word' id='word_1_616' title='bbox 2625 2774 2946 2846; x_wconf 79' lang='grc' dir='ltr'>ἐπενηνόχει,</span> <span class='ocrx_word' id='word_1_617' title='bbox 3027 2780 3116 2827; x_wconf 79' lang='grc' dir='ltr'>καὶ</span> <span class='ocrx_word' id='word_1_618' title='bbox 3164 2782 3356 2849; x_wconf 81' lang='grc' dir='ltr'>μικροῦ</span> <span class='ocrx_word' id='word_1_619' title='bbox 3405 2775 3793 2848; x_wconf 68' lang='grc' dir='ltr'>ἐπεμαρτύρατο</span> <span class='ocrx_word' id='word_1_620' title='bbox 3841 2783 3945 2836; x_wconf 74' lang='grc' dir='ltr'>τὴν</span> 
     </span>
    </p>
   </div>
   <div class='ocr_carea' id='block_1_88' title="bbox 2335 2860 3948 2939">
    <p class='ocr_par' dir='ltr' id='par_1_88' title="bbox 2335 2860 3948 2939">
     <span class='ocr_line' id='line_1_88' title="bbox 2335 2860 3948 2939; baseline 0.001 -23"><span class='ocrx_word' id='word_1_621' title='bbox 2335 2864 2665 2921; x_wconf 79' lang='grc' dir='ltr'>ἰσότητα.Ἠ</span> <span class='ocrx_word' id='word_1_622' title='bbox 2708 2867 2808 2936; x_wconf 82' lang='grc' dir='ltr'>γὰρ</span> <span class='ocrx_word' id='word_1_623' title='bbox 2863 2864 2922 2915; x_wconf 85' lang='grc' dir='ltr'><strong>ού</strong></span> <span class='ocrx_word' id='word_1_624' title='bbox 2982 2860 3196 2924; x_wconf 87' lang='grc' dir='ltr'>δεόντως</span> <span class='ocrx_word' id='word_1_625' title='bbox 3235 2863 3422 2939; x_wconf 79' lang='grc' dir='ltr'>ἀκριϐῆ</span> <span class='ocrx_word' id='word_1_626' title='bbox 3484 2869 3570 2916; x_wconf 85' lang='grc' dir='ltr'>καὶ</span> <span class='ocrx_word' id='word_1_627' title='bbox 3622 2872 3810 2928; x_wconf 70' lang='grc' dir='ltr'>τοῦτον</span> <span class='ocrx_word' id='word_1_628' title='bbox 3870 2870 3948 2928; x_wconf 79' lang='grc' dir='ltr'>ὡς</span> 
     </span>
    </p>
   </div>
   <div class='ocr_carea' id='block_1_89' title="bbox 2331 2953 3945 3027">
    <p class='ocr_par' dir='ltr' id='par_1_89' title="bbox 2331 2953 3945 3027">
     <span class='ocr_line' id='line_1_89' title="bbox 2331 2953 3945 3027; baseline 0.001 -21"><span class='ocrx_word' id='word_1_629' title='bbox 2331 2954 2511 3006; x_wconf 72' lang='grc' dir='ltr'>ἑαυτὸν</span> <span class='ocrx_word' id='word_1_630' title='bbox 2548 2953 2782 3025; x_wconf 84' lang='grc' dir='ltr'>θεολόγον</span> <span class='ocrx_word' id='word_1_631' title='bbox 2835 2957 3209 3026; x_wconf 81' lang='grc' dir='ltr'>παρέστησεν;</span> <span class='ocrx_word' id='word_1_632' title='bbox 3265 2974 3324 3007; x_wconf 94' lang='grc' dir='ltr'><strong>ου</strong></span> <span class='ocrx_word' id='word_1_633' title='bbox 3377 2955 3668 3027; x_wconf 71' lang='grc' dir='ltr'>παρθένονζ</span> <span class='ocrx_word' id='word_1_634' title='bbox 3723 2954 3785 3006; x_wconf 84' lang='grc' dir='ltr'><strong>ού</strong></span> <span class='ocrx_word' id='word_1_635' title='bbox 3839 2964 3945 3008; x_wconf 80' lang='grc' dir='ltr'>τῶν</span> 
     </span>
    </p>
   </div>
   <div class='ocr_carea' id='block_1_90' title="bbox 2330 3043 3944 3119">
    <p class='ocr_par' dir='ltr' id='par_1_90' title="bbox 2330 3043 3944 3119">
     <span class='ocr_line' id='line_1_90' title="bbox 2330 3043 3944 3119; baseline 0.001 -23"><span class='ocrx_word' id='word_1_636' title='bbox 2330 3048 2430 3117; x_wconf 85' lang='grc' dir='ltr'>πρὸ</span> <span class='ocrx_word' id='word_1_637' title='bbox 2509 3044 2704 3095; x_wconf 83' lang='grc' dir='ltr'>αἰώνων</span> <span class='ocrx_word' id='word_1_638' title='bbox 2786 3049 3091 3116; x_wconf 62' lang='grc' dir='ltr'>μυστηρίων</span> <span class='ocrx_word' id='word_1_639' title='bbox 3170 3043 3474 3119; x_wconf 76' lang='grc' dir='ltr'>ἕκφοξντορα,</span> <span class='ocrx_word' id='word_1_640' title='bbox 3559 3049 3650 3096; x_wconf 83' lang='grc' dir='ltr'>καὶ</span> <span class='ocrx_word' id='word_1_641' title='bbox 3701 3052 3810 3096; x_wconf 86' lang='grc' dir='ltr'>τῶν</span> <span class='ocrx_word' id='word_1_642' title='bbox 3883 3044 3944 3098; x_wconf 58' lang='grc' dir='ltr'>ὄπ</span> 
     </span>
    </p>
   </div>
   <div class='ocr_carea' id='block_1_91' title="bbox 2331 3129 3936 3208">
    <p class='ocr_par' dir='ltr' id='par_1_91' title="bbox 2331 3129 3936 3208">
     <span class='ocr_line' id='line_1_91' title="bbox 2331 3129 3936 3208; baseline 0 -22"><span class='ocrx_word' id='word_1_643' title='bbox 2331 3133 2573 3205; x_wconf 76' lang='grc' dir='ltr'>ἰσχάτων</span> <span class='ocrx_word' id='word_1_644' title='bbox 2598 3138 2687 3185; x_wconf 79' lang='grc' dir='ltr'>καὶ</span> <span class='ocrx_word' id='word_1_645' title='bbox 2735 3129 2808 3184; x_wconf 81' lang='grc' dir='ltr'><strong>δι’</strong></span> <span class='ocrx_word' id='word_1_646' title='bbox 2857 3137 2991 3205; x_wconf 80' lang='grc' dir='ltr'>ἡμᾶς</span> <span class='ocrx_word' id='word_1_647' title='bbox 3036 3131 3353 3208; x_wconf 82' lang='grc' dir='ltr'>διαπρύσιον</span> <span class='ocrx_word' id='word_1_648' title='bbox 3401 3139 3470 3196; x_wconf 85' lang='grc' dir='ltr'>ὡς</span> <span class='ocrx_word' id='word_1_649' title='bbox 3520 3133 3731 3197; x_wconf 79' lang='grc' dir='ltr'>ἀληθῶς</span> <span class='ocrx_word' id='word_1_650' title='bbox 3779 3141 3936 3208; x_wconf 74' lang='grc' dir='ltr'>κήρν·</span> 
     </span>
    </p>
   </div>
   <div class='ocr_carea' id='block_1_92' title="bbox 2331 3219 3938 3298">
    <p class='ocr_par' dir='ltr' id='par_1_92' title="bbox 2331 3219 3938 3298">
     <span class='ocr_line' id='line_1_92' title="bbox 2331 3219 3938 3298; baseline 0.002 -25"><span class='ocrx_word' id='word_1_651' title='bbox 2331 3239 2435 3289; x_wconf 87' lang='grc' dir='ltr'>κα;</span> <span class='ocrx_word' id='word_1_652' title='bbox 2463 3224 2524 3275; x_wconf 86' lang='grc' dir='ltr'>Εἰ</span> <span class='ocrx_word' id='word_1_653' title='bbox 2556 3219 2615 3275; x_wconf 71' lang='grc' dir='ltr'>δε</span> <span class='ocrx_word' id='word_1_654' title='bbox 2643 3226 2831 3294; x_wconf 81' lang='grc' dir='ltr'>καὶμὴ</span> <span class='ocrx_word' id='word_1_655' title='bbox 2885 3221 2968 3275; x_wconf 73' lang='grc' dir='ltr'><strong>ἐπὶ</strong></span> <span class='ocrx_word' id='word_1_656' title='bbox 3015 3228 3071 3275; x_wconf 85' lang='grc' dir='ltr'><strong>τό</strong></span> <span class='ocrx_word' id='word_1_657' title='bbox 3119 3232 3210 3277; x_wconf 90' lang='grc' dir='ltr'><strong>τοῦ</strong></span> <span class='ocrx_word' id='word_1_658' title='bbox 3256 3229 3450 3298; x_wconf 79' lang='grc' dir='ltr'>Κυρίου</span> <span class='ocrx_word' id='word_1_659' title='bbox 3506 3226 3703 3285; x_wconf 84' lang='grc' dir='ltr'>στῆθος</span> <span class='ocrx_word' id='word_1_660' title='bbox 3757 3222 3938 3276; x_wconf 75' lang='grc' dir='ltr'>ἀναπε-</span> 
     </span>
    </p>
   </div>
   <div class='ocr_carea' id='block_1_93' title="bbox 2336 3310 3941 3386">
    <p class='ocr_par' dir='ltr' id='par_1_93' title="bbox 2336 3310 3941 3386">
     <span class='ocr_line' id='line_1_93' title="bbox 2336 3310 3941 3386; baseline 0.001 -22"><span class='ocrx_word' id='word_1_661' title='bbox 2336 3318 2438 3364; x_wconf 87' lang='grc' dir='ltr'>σών</span> <span class='ocrx_word' id='word_1_662' title='bbox 2467 3315 2671 3383; x_wconf 77' lang='grc' dir='ltr'>ἔτυχεν,</span> <span class='ocrx_word' id='word_1_663' title='bbox 2699 3310 2827 3364; x_wconf 81' lang='grc' dir='ltr'>ἀλλὰ</span> <span class='ocrx_word' id='word_1_664' title='bbox 2855 3318 2963 3373; x_wconf 86' lang='grc' dir='ltr'>τοῖς</span> <span class='ocrx_word' id='word_1_665' title='bbox 2993 3319 3084 3364; x_wconf 90' lang='grc' dir='ltr'><strong>τοῦ</strong></span> <span class='ocrx_word' id='word_1_666' title='bbox 3123 3317 3314 3386; x_wconf 77' lang='grc' dir='ltr'>Κυρίου</span> <span class='ocrx_word' id='word_1_667' title='bbox 3375 3313 3554 3384; x_wconf 86' lang='grc' dir='ltr'>λόγοις</span> <span class='ocrx_word' id='word_1_668' title='bbox 3580 3311 3941 3381; x_wconf 77' lang='grc' dir='ltr'>ἀνεπαύσατο,</span> 
     </span>
    </p>
   </div>
   <div class='ocr_carea' id='block_1_94' title="bbox 2333 3395 3946 3475">
    <p class='ocr_par' dir='ltr' id='par_1_94' title="bbox 2333 3395 3946 3475">
     <span class='ocr_line' id='line_1_94' title="bbox 2333 3395 3946 3475; baseline 0.001 -22"><span class='ocrx_word' id='word_1_669' title='bbox 2333 3400 2566 3454; x_wconf 78' lang='grc' dir='ltr'>κάκεῖθεν</span> <span class='ocrx_word' id='word_1_670' title='bbox 2602 3395 2669 3458; x_wconf 80' lang='grc' dir='ltr'><strong>δὴ</strong></span> <span class='ocrx_word' id='word_1_671' title='bbox 2700 3406 2790 3454; x_wconf 79' lang='grc' dir='ltr'>καὶ</span> <span class='ocrx_word' id='word_1_672' title='bbox 2819 3401 2970 3462; x_wconf 78' lang='grc' dir='ltr'>οὗτός</span> <span class='ocrx_word' id='word_1_673' title='bbox 3022 3405 3092 3461; x_wconf 86' lang='grc' dir='ltr'>ὡς</span> <span class='ocrx_word' id='word_1_674' title='bbox 3139 3400 3193 3464; x_wconf 73' lang='grc' dir='ltr'><em>ἐξ</em></span> <span class='ocrx_word' id='word_1_675' title='bbox 3249 3399 3504 3454; x_wconf 82' lang='grc' dir='ltr'>ἁκενὼτου</span> <span class='ocrx_word' id='word_1_676' title='bbox 3558 3411 3732 3474; x_wconf 88' lang='grc' dir='ltr'>πηγῆς</span> <span class='ocrx_word' id='word_1_677' title='bbox 3781 3400 3946 3475; x_wconf 79' lang='grc' dir='ltr'>δαψι-</span> 
     </span>
    </p>
   </div>
   <div class='ocr_carea' id='block_1_95' title="bbox 2332 3491 3947 3565">
    <p class='ocr_par' dir='ltr' id='par_1_95' title="bbox 2332 3491 3947 3565">
     <span class='ocr_line' id='line_1_95' title="bbox 2332 3491 3947 3565; baseline 0.001 -22"><span class='ocrx_word' id='word_1_678' title='bbox 2332 3492 2433 3553; x_wconf 86' lang='grc' dir='ltr'>λῶς</span> <span class='ocrx_word' id='word_1_679' title='bbox 2457 3492 2590 3563; x_wconf 87' lang='grc' dir='ltr'>οἶγαν</span> <span class='ocrx_word' id='word_1_680' title='bbox 2641 3495 2734 3549; x_wconf 80' lang='grc' dir='ltr'>τὴν</span> <span class='ocrx_word' id='word_1_681' title='bbox 2767 3511 2950 3563; x_wconf 73' lang='grc' dir='ltr'>σοφίαν</span> <span class='ocrx_word' id='word_1_682' title='bbox 3007 3491 3242 3563; x_wconf 79' lang='grc' dir='ltr'>ἠρύσατο</span> <span class='ocrx_word' id='word_1_683' title='bbox 3274 3505 3288 3520; x_wconf 88' lang='lat'><strong>&#39;</strong></span> <span class='ocrx_word' id='word_1_684' title='bbox 3324 3491 3366 3544; x_wconf 83' lang='grc' dir='ltr'><strong>εἰ</strong></span> <span class='ocrx_word' id='word_1_685' title='bbox 3420 3496 3493 3565; x_wconf 82' lang='grc' dir='ltr'><strong>μή</strong></span> <span class='ocrx_word' id='word_1_686' title='bbox 3539 3495 3634 3550; x_wconf 78' lang='grc' dir='ltr'>τὴν</span> <span class='ocrx_word' id='word_1_687' title='bbox 3677 3495 3947 3565; x_wconf 77' lang='grc' dir='ltr'>πάναγνον</span> 
     </span>
    </p>
   </div>
   <div class='ocr_carea' id='block_1_96' title="bbox 2335 3579 3952 3655">
    <p class='ocr_par' dir='ltr' id='par_1_96' title="bbox 2335 3579 3952 3655">
     <span class='ocr_line' id='line_1_96' title="bbox 2335 3579 3952 3655; baseline 0.002 -22"><span class='ocrx_word' id='word_1_688' title='bbox 2335 3580 2664 3653; x_wconf 82' lang='grc' dir='ltr'>ἐνεχειρίσθη</span> <span class='ocrx_word' id='word_1_689' title='bbox 2695 3585 2785 3632; x_wconf 77' lang='grc' dir='ltr'>καὶ</span> <span class='ocrx_word' id='word_1_690' title='bbox 2825 3585 3132 3654; x_wconf 79' lang='grc' dir='ltr'>Θεομήτορα</span> <span class='ocrx_word' id='word_1_691' title='bbox 3167 3579 3267 3652; x_wconf 78' lang='grc' dir='ltr'>(ἐπ’</span> <span class='ocrx_word' id='word_1_692' title='bbox 3317 3580 3490 3643; x_wconf 78' lang='grc' dir='ltr'>ἄλλοις</span> <span class='ocrx_word' id='word_1_693' title='bbox 3531 3585 3633 3655; x_wconf 81' lang='grc' dir='ltr'>γὰρ</span> <span class='ocrx_word' id='word_1_694' title='bbox 3685 3579 3952 3636; x_wconf 84' lang='grc' dir='ltr'>διοικονο-</span> 
     </span>
    </p>
   </div>
   <div class='ocr_carea' id='block_1_97' title="bbox 2335 3672 3954 3746">
    <p class='ocr_par' dir='ltr' id='par_1_97' title="bbox 2335 3672 3954 3746">
     <span class='ocr_line' id='line_1_97' title="bbox 2335 3672 3954 3746; baseline 0.003 -24"><span class='ocrx_word' id='word_1_695' title='bbox 2335 3673 2568 3744; x_wconf 73' lang='grc' dir='ltr'>μηθῇναι</span> <span class='ocrx_word' id='word_1_696' title='bbox 2618 3678 2783 3722; x_wconf 87' lang='grc' dir='ltr'>ταῦτα</span> <span class='ocrx_word' id='word_1_697' title='bbox 2833 3679 2937 3731; x_wconf 83' lang='grc' dir='ltr'>τοῖς</span> <span class='ocrx_word' id='word_1_698' title='bbox 2983 3675 3198 3744; x_wconf 86' lang='grc' dir='ltr'>χρόνοις</span> <span class='ocrx_word' id='word_1_699' title='bbox 3238 3675 3364 3746; x_wconf 88' lang='grc' dir='ltr'>πρὸς</span> <span class='ocrx_word' id='word_1_700' title='bbox 3427 3680 3524 3733; x_wconf 89' lang='grc' dir='ltr'>τῆς</span> <span class='ocrx_word' id='word_1_701' title='bbox 3569 3672 3803 3745; x_wconf 78' lang='grc' dir='ltr'>μεγάλης</span> <span class='ocrx_word' id='word_1_702' title='bbox 3865 3680 3954 3727; x_wconf 87' lang='grc' dir='ltr'>καὶ</span> 
     </span>
    </p>
   </div>
   <div class='ocr_carea' id='block_1_98' title="bbox 2334 3758 3955 3834">
    <p class='ocr_par' dir='ltr' id='par_1_98' title="bbox 2334 3758 3955 3834">
     <span class='ocr_line' id='line_1_98' title="bbox 2334 3758 3955 3834; baseline 0.002 -21"><span class='ocrx_word' id='word_1_703' title='bbox 2334 3760 2703 3818; x_wconf 75' lang='grc' dir='ltr'>ἀκαταλήπτου</span> <span class='ocrx_word' id='word_1_704' title='bbox 2770 3765 3018 3833; x_wconf 85' lang='grc' dir='ltr'>Προνοίας</span> <span class='ocrx_word' id='word_1_705' title='bbox 3071 3758 3372 3834; x_wconf 79' lang='grc' dir='ltr'>ἀφώριστο,</span> <span class='ocrx_word' id='word_1_706' title='bbox 3420 3779 3512 3814; x_wconf 89' lang='grc' dir='ltr'><strong>και</strong></span> <span class='ocrx_word' id='word_1_707' title='bbox 3569 3761 3628 3814; x_wconf 90' lang='grc' dir='ltr'><strong>ού</strong></span> <span class='ocrx_word' id='word_1_708' title='bbox 3682 3781 3777 3815; x_wconf 88' lang='grc' dir='ltr'><strong>του</strong></span> <span class='ocrx_word' id='word_1_709' title='bbox 3813 3767 3955 3817; x_wconf 73' lang='grc' dir='ltr'>κατὰ</span> 
     </span>
    </p>
   </div>
   <div class='ocr_carea' id='block_1_99' title="bbox 2334 3845 3955 3922">
    <p class='ocr_par' dir='ltr' id='par_1_99' title="bbox 2334 3845 3955 3922">
     <span class='ocr_line' id='line_1_99' title="bbox 2334 3845 3955 3922; baseline 0.003 -21"><span class='ocrx_word' id='word_1_710' title='bbox 2334 3853 2422 3901; x_wconf 86' lang='grc' dir='ltr'>τὸν</span> <span class='ocrx_word' id='word_1_711' title='bbox 2448 3853 2608 3922; x_wconf 83' lang='grc' dir='ltr'>μέγαν</span> <span class='ocrx_word' id='word_1_712' title='bbox 2639 3857 2819 3901; x_wconf 87' lang='grc' dir='ltr'>τοῦτον</span> <span class='ocrx_word' id='word_1_713' title='bbox 2852 3845 2985 3906; x_wconf 76' lang='grc' dir='ltr'>ἦσαν</span> <span class='ocrx_word' id='word_1_714' title='bbox 3023 3850 3252 3921; x_wconf 83' lang='grc' dir='ltr'>καιροῦ),</span> <span class='ocrx_word' id='word_1_715' title='bbox 3304 3848 3413 3902; x_wconf 76' lang='grc' dir='ltr'>ἀλλ’</span> <span class='ocrx_word' id='word_1_716' title='bbox 3468 3847 3556 3903; x_wconf 81' lang='grc' dir='ltr'>οὖν</span> <span class='ocrx_word' id='word_1_717' title='bbox 3609 3871 3700 3903; x_wconf 90' lang='grc' dir='ltr'><strong>και</strong></span> <span class='ocrx_word' id='word_1_718' title='bbox 3758 3850 3955 3907; x_wconf 74' lang='grc' dir='ltr'>ἀνελοί-</span> 
     </span>
    </p>
   </div>
   <div class='ocr_carea' id='block_1_100' title="bbox 2337 3937 3958 4014">
    <p class='ocr_par' dir='ltr' id='par_1_100' title="bbox 2337 3937 3958 4014">
     <span class='ocr_line' id='line_1_100' title="bbox 2337 3937 3958 4014; baseline 0.004 -24"><span class='ocrx_word' id='word_1_719' title='bbox 2337 3938 2453 3992; x_wconf 79' lang='grc' dir='ltr'>ϐετο</span> <span class='ocrx_word' id='word_1_720' title='bbox 2483 3942 2548 3990; x_wconf 81' lang='grc' dir='ltr'><strong>τὰ</strong></span> <span class='ocrx_word' id='word_1_721' title='bbox 2576 3941 2701 4011; x_wconf 71' lang='grc' dir='ltr'>ὑπὲρ</span> <span class='ocrx_word' id='word_1_722' title='bbox 2743 3938 2927 4007; x_wconf 78' lang='grc' dir='ltr'>αὐτῆς,</span> <span class='ocrx_word' id='word_1_723' title='bbox 2975 3958 3064 3990; x_wconf 90' lang='grc' dir='ltr'><strong>και</strong></span> <span class='ocrx_word' id='word_1_724' title='bbox 3115 3940 3289 4014; x_wconf 79' lang='grc' dir='ltr'>ὥσπερ</span> <span class='ocrx_word' id='word_1_725' title='bbox 3338 3943 3532 3998; x_wconf 85' lang='grc' dir='ltr'>ταύτην</span> <span class='ocrx_word' id='word_1_726' title='bbox 3596 3937 3958 4002; x_wconf 74' lang='grc' dir='ltr'>ἰδιοποεησοὶ-</span> 
     </span>
    </p>
   </div>
   <div class='ocr_carea' id='block_1_101' title="bbox 2339 4027 3955 4105">
    <p class='ocr_par' dir='ltr' id='par_1_101' title="bbox 2339 4027 3955 4105">
     <span class='ocr_line' id='line_1_101' title="bbox 2339 4027 3955 4105; baseline 0.002 -24"><span class='ocrx_word' id='word_1_727' title='bbox 2339 4048 2485 4101; x_wconf 89' lang='grc' dir='ltr'>μενος</span> <span class='ocrx_word' id='word_1_728' title='bbox 2511 4032 2876 4100; x_wconf 85' lang='grc' dir='ltr'>κατεκόσμησε</span> <span class='ocrx_word' id='word_1_729' title='bbox 2899 4045 2910 4055; x_wconf 92' lang='grc'><strong>·</strong></span> <span class='ocrx_word' id='word_1_730' title='bbox 2944 4047 3035 4080; x_wconf 89' lang='grc' dir='ltr'><strong>και</strong></span> <span class='ocrx_word' id='word_1_731' title='bbox 3060 4027 3165 4099; x_wconf 76' lang='grc' dir='ltr'>οὐχ</span> <span class='ocrx_word' id='word_1_732' title='bbox 3195 4030 3276 4081; x_wconf 83' lang='grc' dir='ltr'>ὅτι</span> <span class='ocrx_word' id='word_1_733' title='bbox 3304 4048 3363 4100; x_wconf 91' lang='grc' dir='ltr'><strong>γε</strong></span> <span class='ocrx_word' id='word_1_734' title='bbox 3408 4029 3601 4088; x_wconf 77' lang='grc' dir='ltr'>πολλὴν</span> <span class='ocrx_word' id='word_1_735' title='bbox 3663 4029 3752 4083; x_wconf 76' lang='grc' dir='ltr'>ἐπί</span> <span class='ocrx_word' id='word_1_736' title='bbox 3779 4037 3955 4105; x_wconf 68' lang='grc' dir='ltr'>ταύτῃ</span> 
     </span>
    </p>
   </div>
   <div class='ocr_carea' id='block_1_102' title="bbox 2339 4114 3960 4191">
    <p class='ocr_par' dir='ltr' id='par_1_102' title="bbox 2339 4114 3960 4191">
     <span class='ocr_line' id='line_1_102' title="bbox 2339 4114 3960 4191; baseline 0.004 -21"><span class='ocrx_word' id='word_1_737' title='bbox 2339 4123 2432 4176; x_wconf 81' lang='grc' dir='ltr'>τὴν</span> <span class='ocrx_word' id='word_1_738' title='bbox 2484 4114 2618 4170; x_wconf 75' lang='grc' dir='ltr'><strong>αἰδὼ</strong></span> <span class='ocrx_word' id='word_1_739' title='bbox 2670 4121 3025 4191; x_wconf 82' lang='grc' dir='ltr'>συνετέρησεν,</span> <span class='ocrx_word' id='word_1_740' title='bbox 3074 4116 3202 4170; x_wconf 79' lang='grc' dir='ltr'>ἀλλὰ</span> <span class='ocrx_word' id='word_1_741' title='bbox 3253 4138 3344 4170; x_wconf 91' lang='grc' dir='ltr'><strong>και</strong></span> <span class='ocrx_word' id='word_1_742' title='bbox 3399 4125 3562 4170; x_wconf 87' lang='grc' dir='ltr'>πᾶσιν</span> <span class='ocrx_word' id='word_1_743' title='bbox 3605 4119 3779 4181; x_wconf 55' lang='grc' dir='ltr'>ἣλοις</span> <span class='ocrx_word' id='word_1_744' title='bbox 3865 4122 3960 4176; x_wconf 79' lang='grc' dir='ltr'><strong>ἐνέ-</strong></span> 
     </span>
    </p>
   </div>
   <div class='ocr_carea' id='block_1_103' title="bbox 2341 4205 3958 4282">
    <p class='ocr_par' dir='ltr' id='par_1_103' title="bbox 2341 4205 3958 4282">
     <span class='ocr_line' id='line_1_103' title="bbox 2341 4205 3958 4282; baseline 0.002 -24"><span class='ocrx_word' id='word_1_745' title='bbox 2341 4206 2462 4260; x_wconf 83' lang='grc' dir='ltr'>ϐαλε</span> <span class='ocrx_word' id='word_1_746' title='bbox 2495 4228 2506 4240; x_wconf 87' lang='grc'><strong>·</strong></span> <span class='ocrx_word' id='word_1_747' title='bbox 2536 4205 2630 4258; x_wconf 75' lang='grc' dir='ltr'>κᾶν</span> <span class='ocrx_word' id='word_1_748' title='bbox 2688 4206 2731 4258; x_wconf 88' lang='grc' dir='ltr'>εἰ</span> <span class='ocrx_word' id='word_1_749' title='bbox 2781 4210 2852 4278; x_wconf 82' lang='grc' dir='ltr'>μὴ</span> <span class='ocrx_word' id='word_1_750' title='bbox 2888 4210 3156 4279; x_wconf 81' lang='grc' dir='ltr'>παρέτυχε</span> <span class='ocrx_word' id='word_1_751' title='bbox 3209 4215 3282 4278; x_wconf 85' lang='grc' dir='ltr'>τῷ</span> <span class='ocrx_word' id='word_1_752' title='bbox 3328 4217 3560 4282; x_wconf 78' lang='grc' dir='ltr'>σταυρῷ,</span> <span class='ocrx_word' id='word_1_753' title='bbox 3611 4207 3719 4261; x_wconf 76' lang='grc' dir='ltr'>ἀλλ’</span> <span class='ocrx_word' id='word_1_754' title='bbox 3773 4210 3958 4268; x_wconf 73' lang='grc' dir='ltr'>ἠσπά-</span> 
     </span>
    </p>
   </div>
   <div class='ocr_carea' id='block_1_104' title="bbox 2343 4295 3957 4373">
    <p class='ocr_par' dir='ltr' id='par_1_104' title="bbox 2343 4295 3957 4373">
     <span class='ocr_line' id='line_1_104' title="bbox 2343 4295 3957 4373; baseline 0.002 -25"><span class='ocrx_word' id='word_1_755' title='bbox 2343 4316 2470 4348; x_wconf 89' lang='grc' dir='ltr'>σατο</span> <span class='ocrx_word' id='word_1_756' title='bbox 2500 4299 2587 4348; x_wconf 87' lang='grc' dir='ltr'><strong>τόν</strong></span> <span class='ocrx_word' id='word_1_757' title='bbox 2620 4298 2866 4368; x_wconf 87' lang='grc' dir='ltr'>σταυρὸν,</span> <span class='ocrx_word' id='word_1_758' title='bbox 2895 4299 2986 4347; x_wconf 83' lang='grc' dir='ltr'>καὶ</span> <span class='ocrx_word' id='word_1_759' title='bbox 3015 4296 3139 4370; x_wconf 88' lang='grc' dir='ltr'>παρ’</span> <span class='ocrx_word' id='word_1_760' title='bbox 3170 4296 3282 4348; x_wconf 86' lang='grc' dir='ltr'>ὅλον</span> <span class='ocrx_word' id='word_1_761' title='bbox 3339 4300 3426 4348; x_wconf 88' lang='grc' dir='ltr'><strong>τόν</strong></span> <span class='ocrx_word' id='word_1_762' title='bbox 3458 4296 3617 4349; x_wconf 77' lang='grc' dir='ltr'>αὐτοῦ</span> <span class='ocrx_word' id='word_1_763' title='bbox 3645 4295 3764 4370; x_wconf 86' lang='grc' dir='ltr'>βίον</span> <span class='ocrx_word' id='word_1_764' title='bbox 3794 4306 3957 4373; x_wconf 78' lang='grc' dir='ltr'>μόνον</span> 
     </span>
    </p>
   </div>
   <div class='ocr_carea' id='block_1_105' title="bbox 2342 4381 3957 4463">
    <p class='ocr_par' dir='ltr' id='par_1_105' title="bbox 2342 4381 3957 4463">
     <span class='ocr_line' id='line_1_105' title="bbox 2342 4381 3957 4463; baseline 0.001 -26"><span class='ocrx_word' id='word_1_765' title='bbox 2342 4385 2400 4437; x_wconf 83' lang='grc' dir='ltr'><strong>ού</strong></span> <span class='ocrx_word' id='word_1_766' title='bbox 2441 4390 2734 4459; x_wconf 89' lang='grc' dir='ltr'>παρίστατο</span> <span class='ocrx_word' id='word_1_767' title='bbox 2790 4381 2839 4436; x_wconf 78' lang='grc' dir='ltr'><strong>δ’</strong></span> <span class='ocrx_word' id='word_1_768' title='bbox 2884 4383 3244 4446; x_wconf 81' lang='grc' dir='ltr'>ἀναπολήσεως</span> <span class='ocrx_word' id='word_1_769' title='bbox 3295 4407 3308 4419; x_wconf 83' lang='lat'><strong><em>-</em></strong></span> <span class='ocrx_word' id='word_1_770' title='bbox 3361 4389 3452 4438; x_wconf 80' lang='grc' dir='ltr'>καὶ</span> <span class='ocrx_word' id='word_1_771' title='bbox 3496 4386 3957 4463; x_wconf 71' lang='grc' dir='ltr'>κατεψηφισμένον</span> 
     </span>
    </p>
   </div>
   <div class='ocr_carea' id='block_1_106' title="bbox 2343 4474 3956 4555">
    <p class='ocr_par' dir='ltr' id='par_1_106' title="bbox 2343 4474 3956 4555">
     <span class='ocr_line' id='line_1_106' title="bbox 2343 4474 3956 4555; baseline 0.003 -29"><span class='ocrx_word' id='word_1_772' title='bbox 2343 4475 2477 4548; x_wconf 84' lang='grc' dir='ltr'>ἐώρα</span> <span class='ocrx_word' id='word_1_773' title='bbox 2506 4477 2592 4526; x_wconf 89' lang='grc' dir='ltr'><strong>τόν</strong></span> <span class='ocrx_word' id='word_1_774' title='bbox 2622 4474 2825 4532; x_wconf 84' lang='grc' dir='ltr'>Ἰησοῦν</span> <span class='ocrx_word' id='word_1_775' title='bbox 2853 4479 2944 4526; x_wconf 80' lang='grc' dir='ltr'>καὶ</span> <span class='ocrx_word' id='word_1_776' title='bbox 2971 4478 3167 4547; x_wconf 85' lang='grc' dir='ltr'>γυμνόν</span> <span class='ocrx_word' id='word_1_777' title='bbox 3223 4474 3302 4528; x_wconf 77' lang='grc' dir='ltr'><strong>ἐπὶ</strong></span> <span class='ocrx_word' id='word_1_778' title='bbox 3352 4479 3539 4528; x_wconf 88' lang='grc' dir='ltr'>τούτου</span> <span class='ocrx_word' id='word_1_779' title='bbox 3584 4480 3671 4528; x_wconf 89' lang='grc' dir='ltr'><strong>τόν</strong></span> <span class='ocrx_word' id='word_1_780' title='bbox 3738 4485 3956 4555; x_wconf 83' lang='grc' dir='ltr'>Σωτῆρα</span> 
     </span>
    </p>
   </div>
   <div class='ocr_carea' id='block_1_107' title="bbox 2340 4565 3952 4637">
    <p class='ocr_par' dir='ltr' id='par_1_107' title="bbox 2340 4565 3952 4637">
     <span class='ocr_line' id='line_1_107' title="bbox 2340 4565 3952 4637; baseline 0.002 -22"><span class='ocrx_word' id='word_1_781' title='bbox 2340 4566 2676 4637; x_wconf 81' lang='grc' dir='ltr'>κρεμάμενον,</span> <span class='ocrx_word' id='word_1_782' title='bbox 2731 4568 2821 4616; x_wconf 86' lang='grc' dir='ltr'>καὶ</span> <span class='ocrx_word' id='word_1_783' title='bbox 2867 4566 2925 4616; x_wconf 86' lang='grc' dir='ltr'>τὸ</span> <span class='ocrx_word' id='word_1_784' title='bbox 2974 4565 3135 4624; x_wconf 79' lang='grc' dir='ltr'>πάθος</span> <span class='ocrx_word' id='word_1_785' title='bbox 3188 4569 3432 4630; x_wconf 85' lang='grc' dir='ltr'>συνενόει,</span> <span class='ocrx_word' id='word_1_786' title='bbox 3486 4570 3577 4618; x_wconf 81' lang='grc' dir='ltr'>καὶ</span> <span class='ocrx_word' id='word_1_787' title='bbox 3629 4570 3728 4625; x_wconf 80' lang='grc' dir='ltr'>τὴν</span> <span class='ocrx_word' id='word_1_788' title='bbox 3778 4576 3952 4627; x_wconf 73' lang='grc' dir='ltr'>κοινὴν</span> 
     </span>
    </p>
   </div>
   <div class='ocr_carea' id='block_1_108' title="bbox 2343 4651 3950 4728">
    <p class='ocr_par' dir='ltr' id='par_1_108' title="bbox 2343 4651 3950 4728">
     <span class='ocr_line' id='line_1_108' title="bbox 2343 4651 3950 4728; baseline 0.002 -22"><span class='ocrx_word' id='word_1_789' title='bbox 2343 4660 2602 4726; x_wconf 89' lang='grc' dir='ltr'>σωτηρίαν</span> <span class='ocrx_word' id='word_1_790' title='bbox 2667 4653 3008 4725; x_wconf 80' lang='grc' dir='ltr'>ἁνελογίξετο,</span> <span class='ocrx_word' id='word_1_791' title='bbox 3069 4655 3180 4706; x_wconf 85' lang='grc' dir='ltr'>ὅθεν</span> <span class='ocrx_word' id='word_1_792' title='bbox 3233 4651 3301 4712; x_wconf 81' lang='grc' dir='ltr'><strong>δὴ</strong></span> <span class='ocrx_word' id='word_1_793' title='bbox 3334 4659 3424 4706; x_wconf 83' lang='grc' dir='ltr'>καὶ</span> <span class='ocrx_word' id='word_1_794' title='bbox 3483 4658 3567 4708; x_wconf 70' lang='grc' dir='ltr'><strong>ἐπὶ</strong></span> <span class='ocrx_word' id='word_1_795' title='bbox 3613 4655 3814 4728; x_wconf 86' lang='grc' dir='ltr'>μᾶλλον</span> <span class='ocrx_word' id='word_1_796' title='bbox 3863 4664 3950 4717; x_wconf 71' lang='grc' dir='ltr'><strong>τήν</strong></span> 
     </span>
    </p>
   </div>
   <div class='ocr_carea' id='block_1_109' title="bbox 2343 4744 3948 4820">
    <p class='ocr_par' dir='ltr' id='par_1_109' title="bbox 2343 4744 3948 4820">
     <span class='ocr_line' id='line_1_109' title="bbox 2343 4744 3948 4820; baseline 0.004 -26"><span class='ocrx_word' id='word_1_797' title='bbox 2343 4746 2514 4818; x_wconf 82' lang='grc' dir='ltr'>σάρκα</span> <span class='ocrx_word' id='word_1_798' title='bbox 2544 4763 2598 4796; x_wconf 89' lang='grc' dir='ltr'><strong>τε</strong></span> <span class='ocrx_word' id='word_1_799' title='bbox 2640 4750 2911 4796; x_wconf 84' lang='grc' dir='ltr'>ταπεινοῦν</span> <span class='ocrx_word' id='word_1_800' title='bbox 2958 4747 3049 4794; x_wconf 80' lang='grc' dir='ltr'>καὶ</span> <span class='ocrx_word' id='word_1_801' title='bbox 3099 4746 3157 4795; x_wconf 89' lang='grc' dir='ltr'>τὸ</span> <span class='ocrx_word' id='word_1_802' title='bbox 3223 4751 3426 4816; x_wconf 86' lang='grc' dir='ltr'>πνεῦμα</span> <span class='ocrx_word' id='word_1_803' title='bbox 3477 4744 3783 4800; x_wconf 80' lang='grc' dir='ltr'>συστέλλειν</span> <span class='ocrx_word' id='word_1_804' title='bbox 3834 4749 3948 4820; x_wconf 68' lang='grc' dir='ltr'><strong>ἐπῄ-</strong></span> 
     </span>
    </p>
   </div>
   <div class='ocr_carea' id='block_1_110' title="bbox 2340 4832 3946 4909">
    <p class='ocr_par' dir='ltr' id='par_1_110' title="bbox 2340 4832 3946 4909">
     <span class='ocr_line' id='line_1_110' title="bbox 2340 4832 3946 4909; baseline 0 -23"><span class='ocrx_word' id='word_1_805' title='bbox 2340 4853 2474 4907; x_wconf 84' lang='grc' dir='ltr'>ρετο.</span> <span class='ocrx_word' id='word_1_806' title='bbox 2509 4833 2647 4892; x_wconf 75' lang='grc' dir='ltr'>Πλὴν</span> <span class='ocrx_word' id='word_1_807' title='bbox 2674 4832 2782 4885; x_wconf 79' lang='grc' dir='ltr'>ἀλλ’</span> <span class='ocrx_word' id='word_1_808' title='bbox 2814 4834 2905 4885; x_wconf 83' lang='grc' dir='ltr'>εἷθ’</span> <span class='ocrx_word' id='word_1_809' title='bbox 2934 4833 3083 4893; x_wconf 76' lang='grc' dir='ltr'>οὗτος</span> <span class='ocrx_word' id='word_1_810' title='bbox 3112 4837 3202 4885; x_wconf 84' lang='grc' dir='ltr'>καὶ</span> <span class='ocrx_word' id='word_1_811' title='bbox 3230 4835 3280 4886; x_wconf 84' lang='grc' dir='ltr'>οἱ</span> <span class='ocrx_word' id='word_1_812' title='bbox 3309 4837 3402 4886; x_wconf 83' lang='grc' dir='ltr'>σὺν</span> <span class='ocrx_word' id='word_1_813' title='bbox 3455 4837 3644 4906; x_wconf 81' lang='grc' dir='ltr'>τούτῳ,</span> <span class='ocrx_word' id='word_1_814' title='bbox 3692 4839 3799 4890; x_wconf 81' lang='grc' dir='ltr'>εἴτε</span> <span class='ocrx_word' id='word_1_815' title='bbox 3849 4842 3946 4909; x_wconf 70' lang='grc' dir='ltr'>μὴν</span> 
     </span>
    </p>
   </div>
   <div class='ocr_carea' id='block_1_111' title="bbox 2341 4921 3942 5001">
    <p class='ocr_par' dir='ltr' id='par_1_111' title="bbox 2341 4921 3942 5001">
     <span class='ocr_line' id='line_1_111' title="bbox 2341 4921 3942 5001; baseline 0.001 -26"><span class='ocrx_word' id='word_1_816' title='bbox 2341 4923 2507 4989; x_wconf 79' lang='grc' dir='ltr'>ἄλλος,</span> <span class='ocrx_word' id='word_1_817' title='bbox 2544 4921 2637 4974; x_wconf 85' lang='grc' dir='ltr'>εἶθ’</span> <span class='ocrx_word' id='word_1_818' title='bbox 2665 4923 2834 4997; x_wconf 81' lang='grc' dir='ltr'>ἕτερος</span> <span class='ocrx_word' id='word_1_819' title='bbox 2889 4924 3026 4974; x_wconf 87' lang='grc' dir='ltr'>θείου</span> <span class='ocrx_word' id='word_1_820' title='bbox 3062 4929 3242 4974; x_wconf 89' lang='grc' dir='ltr'>τοῦτον</span> <span class='ocrx_word' id='word_1_821' title='bbox 3297 4925 3698 4997; x_wconf 86' lang='grc' dir='ltr'>προαγορεύσας</span> <span class='ocrx_word' id='word_1_822' title='bbox 3756 4933 3942 5001; x_wconf 84' lang='grc' dir='ltr'>χοροῦ,</span> 
     </span>
    </p>
   </div>
   <div class='ocr_carea' id='block_1_112' title="bbox 2341 5008 3940 5087">
    <p class='ocr_par' dir='ltr' id='par_1_112' title="bbox 2341 5008 3940 5087">
     <span class='ocr_line' id='line_1_112' title="bbox 2341 5008 3940 5087; baseline -0.001 -21"><span class='ocrx_word' id='word_1_823' title='bbox 2341 5015 2485 5086; x_wconf 80' lang='grc' dir='ltr'>παρὰ</span> <span class='ocrx_word' id='word_1_824' title='bbox 2511 5008 2758 5083; x_wconf 73' lang='grc' dir='ltr'>διαιτητῇ</span> <span class='ocrx_word' id='word_1_825' title='bbox 2791 5019 2904 5082; x_wconf 83' lang='grc' dir='ltr'>Θεῷ</span> <span class='ocrx_word' id='word_1_826' title='bbox 2939 5016 3033 5069; x_wconf 83' lang='grc' dir='ltr'>τὴν</span> <span class='ocrx_word' id='word_1_827' title='bbox 3076 5020 3301 5064; x_wconf 86' lang='grc' dir='ltr'>νικῶσαν</span> <span class='ocrx_word' id='word_1_828' title='bbox 3369 5012 3641 5084; x_wconf 73' lang='grc' dir='ltr'>ἠνέγκατο,</span> <span class='ocrx_word' id='word_1_829' title='bbox 3697 5020 3842 5087; x_wconf 84' lang='grc' dir='ltr'>μόνῳ</span> <span class='ocrx_word' id='word_1_830' title='bbox 3888 5012 3940 5064; x_wconf 79' lang='grc' dir='ltr'><strong>ἃν</strong></span> 
     </span>
    </p>
   </div>
   <div class='ocr_carea' id='block_1_113' title="bbox 3559 3049 3810 3096">
    <p class='ocr_par' dir='ltr' id='par_1_113' title="bbox 3559 3049 3810 3096">
     <span class='ocr_line' id='line_1_113' title="bbox 3559 3049 3810 3096; baseline 0 0"><span class='ocrx_word' id='word_1_831' title='bbox 3559 3049 3650 3096; x_wconf 83' lang='grc' dir='ltr'>καὶ</span> <span class='ocrx_word' id='word_1_832' title='bbox 3701 3052 3810 3096; x_wconf 87' lang='grc' dir='ltr'>τῶν</span> 
     </span>
    </p>
   </div>
   <div class='ocr_carea' id='block_1_114' title="bbox 2263 4523 2306 4578">
    <p class='ocr_par' dir='ltr' id='par_1_114' title="bbox 2263 4523 2306 4578">
     <span class='ocr_line' id='line_1_114' title="bbox 2263 4523 2306 4578; baseline 0 0"><span class='ocrx_word' id='word_1_833' title='bbox 2263 4523 2306 4578; x_wconf 92' lang='lat' dir='ltr'><strong>D</strong></span> 
     </span>
    </p>
   </div>
   <div class='ocr_carea' id='block_1_115' title="bbox 2343 5098 3939 5176">
    <p class='ocr_par' dir='ltr' id='par_1_115' title="bbox 2343 5098 3939 5176">
     <span class='ocr_line' id='line_1_115' title="bbox 2343 5098 3939 5176; baseline -0.002 -21"><span class='ocrx_word' id='word_1_834' title='bbox 2343 5111 2456 5173; x_wconf 80' lang='grc' dir='ltr'>Θεῷ</span> <span class='ocrx_word' id='word_1_835' title='bbox 2491 5106 2579 5154; x_wconf 84' lang='grc' dir='ltr'>καὶ</span> <span class='ocrx_word' id='word_1_836' title='bbox 2614 5109 2722 5164; x_wconf 80' lang='grc' dir='ltr'>τοῖς</span> <span class='ocrx_word' id='word_1_837' title='bbox 2763 5107 2880 5176; x_wconf 85' lang='grc' dir='ltr'>περὶ</span> <span class='ocrx_word' id='word_1_838' title='bbox 2909 5104 3031 5155; x_wconf 84' lang='grc' dir='ltr'>Θεόν</span> <span class='ocrx_word' id='word_1_839' title='bbox 3063 5105 3139 5160; x_wconf 78' lang='grc' dir='ltr'><strong>εἴη</strong></span> <span class='ocrx_word' id='word_1_840' title='bbox 3162 5106 3394 5172; x_wconf 89' lang='grc' dir='ltr'>γνωστόν</span> <span class='ocrx_word' id='word_1_841' title='bbox 3428 5123 3440 5135; x_wconf 76' lang='grc' dir='ltr'><strong>ο</strong></span> <span class='ocrx_word' id='word_1_842' title='bbox 3484 5104 3564 5154; x_wconf 84' lang='grc' dir='ltr'>ὅτι</span> <span class='ocrx_word' id='word_1_843' title='bbox 3596 5098 3657 5156; x_wconf 66' lang='grc' dir='ltr'><strong>δὲ</strong></span> <span class='ocrx_word' id='word_1_844' title='bbox 3687 5110 3780 5158; x_wconf 87' lang='grc' dir='ltr'>καὶ</span> <span class='ocrx_word' id='word_1_845' title='bbox 3809 5105 3939 5175; x_wconf 86' lang='grc' dir='ltr'>παρὰ</span> 
     </span>
    </p>
   </div>
   <div class='ocr_carea' id='block_1_116' title="bbox 2343 5191 3940 5267">
    <p class='ocr_par' dir='ltr' id='par_1_116' title="bbox 2343 5191 3940 5267">
     <span class='ocr_line' id='line_1_116' title="bbox 2343 5191 3940 5267; baseline -0.003 -20"><span class='ocrx_word' id='word_1_846' title='bbox 2343 5202 2457 5264; x_wconf 80' lang='grc' dir='ltr'>Θεῷ</span> <span class='ocrx_word' id='word_1_847' title='bbox 2487 5198 2576 5246; x_wconf 80' lang='grc' dir='ltr'>καὶ</span> <span class='ocrx_word' id='word_1_848' title='bbox 2611 5192 2659 5245; x_wconf 79' lang='grc' dir='ltr'>ἐν</span> <span class='ocrx_word' id='word_1_849' title='bbox 2689 5199 2800 5254; x_wconf 79' lang='grc' dir='ltr'>τοῖς</span> <span class='ocrx_word' id='word_1_850' title='bbox 2825 5192 3059 5265; x_wconf 83' lang='grc' dir='ltr'>μάλιστα</span> <span class='ocrx_word' id='word_1_851' title='bbox 3085 5201 3182 5245; x_wconf 84' lang='grc' dir='ltr'>τῶν</span> <span class='ocrx_word' id='word_1_852' title='bbox 3240 5198 3359 5267; x_wconf 76' lang='grc' dir='ltr'>περὶ</span> <span class='ocrx_word' id='word_1_853' title='bbox 3389 5197 3518 5246; x_wconf 75' lang='grc' dir='ltr'>Θεὸν</span> <span class='ocrx_word' id='word_1_854' title='bbox 3571 5197 3838 5259; x_wconf 76' lang='grc' dir='ltr'>τέτακται,</span> <span class='ocrx_word' id='word_1_855' title='bbox 3893 5191 3940 5252; x_wconf 80' lang='grc' dir='ltr'><em>ἐξ</em></span> 
     </span>
    </p>
   </div>
   <div class='ocr_carea' id='block_1_117' title="bbox 2341 5279 3931 5357">
    <p class='ocr_par' dir='ltr' id='par_1_117' title="bbox 2341 5279 3931 5357">
     <span class='ocr_line' id='line_1_117' title="bbox 2341 5279 3931 5357; baseline 0.001 -23"><span class='ocrx_word' id='word_1_856' title='bbox 2341 5284 2407 5334; x_wconf 85' lang='grc' dir='ltr'>ὧν</span> <span class='ocrx_word' id='word_1_857' title='bbox 2435 5303 2486 5336; x_wconf 89' lang='grc' dir='ltr'><strong>τε</strong></span> <span class='ocrx_word' id='word_1_858' title='bbox 2521 5283 2807 5357; x_wconf 76' lang='grc' dir='ltr'>εἰρήκειμεν</span> <span class='ocrx_word' id='word_1_859' title='bbox 2857 5287 2947 5334; x_wconf 78' lang='grc' dir='ltr'>καὶ</span> <span class='ocrx_word' id='word_1_860' title='bbox 2999 5281 3052 5345; x_wconf 82' lang='grc' dir='ltr'><em>ἐξ</em></span> <span class='ocrx_word' id='word_1_861' title='bbox 3098 5283 3164 5333; x_wconf 82' lang='grc' dir='ltr'>ὧν</span> <span class='ocrx_word' id='word_1_862' title='bbox 3221 5284 3354 5334; x_wconf 75' lang='grc' dir='ltr'>πάνυ</span> <span class='ocrx_word' id='word_1_863' title='bbox 3387 5279 3446 5336; x_wconf 74' lang='grc' dir='ltr'><strong>δὲ</strong></span> <span class='ocrx_word' id='word_1_864' title='bbox 3499 5282 3698 5336; x_wconf 84' lang='grc' dir='ltr'>πολλῶν</span> <span class='ocrx_word' id='word_1_865' title='bbox 3742 5281 3931 5354; x_wconf 72' lang='grc' dir='ltr'>παρελέ-</span> 
     </span>
    </p>
   </div>
   <div class='ocr_carea' id='block_1_118' title="bbox 2341 5367 3420 5446">
    <p class='ocr_par' dir='ltr' id='par_1_118' title="bbox 2341 5367 3420 5446">
     <span class='ocr_line' id='line_1_118' title="bbox 2341 5367 3420 5446; baseline -0.001 -21"><span class='ocrx_word' id='word_1_866' title='bbox 2341 5392 2517 5446; x_wconf 76' lang='grc' dir='ltr'>πομεν,</span> <span class='ocrx_word' id='word_1_867' title='bbox 2553 5367 2770 5438; x_wconf 73' lang='grc' dir='ltr'>εὔδηλόν</span> <span class='ocrx_word' id='word_1_868' title='bbox 2800 5391 2853 5436; x_wconf 76' lang='grc' dir='ltr'><strong>τε</strong></span> <span class='ocrx_word' id='word_1_869' title='bbox 2883 5376 2973 5424; x_wconf 80' lang='grc' dir='ltr'>καὶ</span> <span class='ocrx_word' id='word_1_870' title='bbox 2998 5377 3420 5445; x_wconf 82' lang='grc' dir='ltr'>γνωριμώτατον.</span> 
     </span>
    </p>
   </div>
   <div class='ocr_carea' id='block_1_119' title="bbox 2405 5636 3935 5715">
    <p class='ocr_par' dir='ltr' id='par_1_119' title="bbox 2405 5636 3935 5715">
     <span class='ocr_line' id='line_1_119' title="bbox 2405 5636 3935 5715; baseline -0.002 -21"><span class='ocrx_word' id='word_1_871' title='bbox 2405 5641 2507 5714; x_wconf 57' lang='lat' dir='ltr'><strong>Ea’.</strong></span> <span class='ocrx_word' id='word_1_872' title='bbox 2537 5645 2720 5708; x_wconf 82' lang='grc' dir='ltr'>Τοίνυν</span> <span class='ocrx_word' id='word_1_873' title='bbox 2751 5636 2900 5705; x_wconf 77' lang='grc' dir='ltr'>δεῦτε</span> <span class='ocrx_word' id='word_1_874' title='bbox 2943 5637 3036 5711; x_wconf 67' lang='grc' dir='ltr'><strong>δὴ,</strong></span> <span class='ocrx_word' id='word_1_875' title='bbox 3097 5645 3263 5715; x_wconf 78' lang='grc' dir='ltr'>χορὸς</span> <span class='ocrx_word' id='word_1_876' title='bbox 3314 5639 3560 5712; x_wconf 72' lang='grc' dir='ltr'>εὐσεϐῶν,</span> <span class='ocrx_word' id='word_1_877' title='bbox 3611 5637 3935 5698; x_wconf 60' lang='grc' dir='ltr'>δυσωπήσειν</span> 
     </span>
    </p>
   </div>
  </div>
