4090 6420
205 291 308 345 885

1423 291 1493 347 IN
1531 291 1589 348 S.
1625 291 1822 350 JOAN.
1862 291 2356 351 DAMASCENUM.

3464 301 3573 357 886

205 433 293 486 μεν
328 418 418 466 καὶ
471 417 666 489 θερμῶς
717 417 870 469 αὐτόν
927 419 1261 488 ἰκετεύσωμεν
1316 419 1616 489 μεμνῆσθαι
1664 420 1810 491 ἡμῶν

1924 419 2218 475 ferventer
2245 420 2653 492 supplicemus
2681 423 2784 491 illi,
2809 427 2874 479 ut
2901 423 3038 479 velit
3058 426 3336 479 nostrum
3364 424 3573 479 memi-

202 509 332 578 πρός
389 509 510 556 Θεὸν
573 510 663 557 καί
709 509 1173 579 ὑπερεντυγχάνειν
1228 509 1395 577 τοὺτῳ
1445 503 1691 568 διηνεκῶς
1722 516 1812 560 τοῦ

203 601 376 644 κοινοῦ
433 613 485 645 τε
535 593 644 666 ἅμα
701 601 790 647 καί
849 605 939 656 τῆς
987 595 1300 656 Ἐκκλησὶας
1366 595 1730 669 πληρώματος·
1788 599 1814 650 ὃ

203 686 294 733 καὶ
341 689 430 733 νυν
471 683 576 754 οὐχ
629 684 780 741 ἧττον
812 685 850 742 ,ἡ
894 687 1079 736 τούτου
1133 687 1398 758 περιόντος
1446 687 1472 736 ὁ
1519 683 1814 760 ἀρχέκακος

206 767 470 842 διενοχλεῖ
518 779 760 839 σατανᾱις,
801 779 886 824 xui
952 770 1062 846 ἰδία
1149 775 1487 847 ὑπερηγορεῖν
1540 784 1632 827 τοῦ
1689 779 1814 830 καθ-

205 863 440 911 ἐκαστα·
475 863 538 921 ὡς
595 866 910 935 καταρτίσαι
966 866 1056 933 μεν
1110 863 1316 923 πάντως
1393 872 1535 922 κοινῆ
1592 863 1660 925 εἰς
1718 869 1813 922 την

204 950 341 998 κατὰ
370 952 498 1001 Θεὸν
551 951 790 1022 ὁμόνοιάν
843 969 895 1002 τε
952 956 1042 1002 καὶ
1095 953 1406 1022 σύμπνοιαν,
1463 953 1722 1026 ῥυθμίσαι
1754 951 1814 1006 δέ

202 1042 293 1088 καὶ
325 1038 410 1089 ἕνα
434 1040 552 1090 καθ’
583 1039 762 1090 ἑαυτὸν
792 1040 1010 1092 ἕκαστον
1039 1035 1291 1091 διαλῦσαί
1348 1060 1401 1092 τε
1444 1046 1536 1098 τὴν
1580 1041 1810 1114 ἐπέχον-

207 1145 303 1177 σαν
351 1129 410 1178 τὸ
465 1134 564 1178 πᾶν
613 1124 734 1180 τόδε
785 1133 1151 1200 σκοτόμαιναν,
1192 1133 1280 1180 καὶ
1321 1125 1668 1182 διεσκεδάσαι
1716 1137 1809 1189 τὴν

201 1211 513 1286 καταιγίδα,
577 1222 666 1268 καὶ
713 1220 770 1269 τό
827 1214 993 1269 δεινόν
1031 1223 1416 1292 καταστορέσαι
1456 1227 1549 1280 τῆς
1600 1219 1810 1278 Ἐκκλη-

205 1309 323 1366 σίας
375 1302 681 1374 κλυδώνιον,
730 1311 820 1358 καὶ
879 1303 995 1378 ἰδίᾳ
1044 1303 1094 1358 δ’
1125 1304 1189 1358 αὖ
1241 1312 1330 1358 καὶ
1376 1309 1490 1360 καθ’
1549 1310 1634 1360 ἕνα
1683 1313 1809 1383 πρὸς

203 1390 376 1466 εὕδων
405 1399 495 1445 καὶ
547 1400 802 1470 σωτήριον
853 1392 1087 1448 διιθύναι
1143 1395 1342 1467 λιμένα,
1385 1400 1449 1448 τά
1496 1406 1593 1449 τῶν
1641 1397 1806 1470 ἐμπα-

207 1485 307 1536 θῶν
361 1482 624 1555 λογισμῶν
672 1486 1066 1536 κατευνάσαντα
1135 1487 1362 1557 κύματα,
1409 1487 1503 1546 τὰς
1557 1483 1809 1557 βιωτικας

203 1568 346 1630 δῆτα
403 1577 678 1644 μερίμνας,
739 1575 832 1634 τὰς
879 1572 1064 1646 ἀγρίας
1137 1583 1235 1634 τῆς
1285 1573 1474 1645 ψυχῆς
1531 1574 1804 1642 λαίλαπας,

199 1661 287 1732 ὑφ’
336 1661 404 1710 ὧν
455 1663 480 1711 ό
529 1661 842 1732 κυϐερνήτης
888 1671 1006 1723 νοῦς
1052 1667 1434 1738 περιτρέπεται,
1480 1669 1570 1714 καὶ
1617 1665 1806 1716 οἰάκων

1924 510 2086 564 nisse
2108 510 2273 582 apud
2299 510 2506 573 lleum,
2567 527 2826 583 eumque
2861 518 3149 585 perpetuo
3193 512 3570 584 interpellare

1923 615 2034 670 pro
2060 599 2338 656 universa
2364 600 2744 656 multitudine
2771 601 3065 671 Ecclesiae,
3101 619 3285 674 quam
3312 618 3436 658 non
3459 603 3570 658 mi-

1922 704 2038 743 nus
2067 690 2200 758 hoc,
2239 705 2422 760 quam
2463 705 2586 762 quo
2611 691 2741 762 ipse
2769 690 3008 746 vivebat
3044 697 3330 762 tempore,
3363 697 3571 747 auctor

1922 779 2224 833 malorum
2244 785 2486 835 satanas
2501 778 2756 845 infestat,
2777 783 2833 834 et
2858 779 3106 848 singulis
3121 780 3287 850 quod
3309 781 3570 836 maxime

1923 868 3000 940 convenitimpetrarepatrocinando;
3024 873 3086 923 ut
3099 884 3310 924 omnes
3322 870 3569 940 quidem

1922 957 2320 1013 communiter
2340 957 2716 1014 stabiliamus
2739 957 2800 1012 in
2830 973 2972 1012 vera
3007 957 3341 1013 secundum
3385 959 3572 1013 Deum

1921 1046 2263 1101 animorum
2295 1046 2639 1114 concordia,
2667 1045 2883 1115 singuli
2910 1061 3050 1100 vero
3090 1045 3391 1115 sigillatim
3428 1045 3574 1102 libe-

1917 1148 2122 1187 remur
2149 1133 2227 1188 ab
2259 1149 2348 1198 ea,
2384 1149 2516 1204 quae
2545 1133 2890 1188 universum
2914 1149 3078 1188 nunc
3121 1138 3400 1204 occupat,
3434 1132 3572 1188 cali-

1919 1221 2075 1289 gine;
2121 1229 2183 1276 ut
2223 1223 2545 1293 dissipetur
2604 1227 2926 1294 tempestas
2949 1226 3005 1276 et
3048 1222 3246 1290 gravis
3297 1221 3569 1277 Ecclesiae

1911 1311 2156 1382 jactatio
2179 1312 2585 1384 conquiescat,
2620 1318 2800 1384 atque
2827 1312 2900 1368 ita
2927 1327 3140 1367 omnes
3171 1315 3228 1367 et
3249 1311 3468 1380 singuli
3485 1311 3566 1367 ad

1917 1402 2188 1474 quietum
2219 1402 2424 1458 salutis
2464 1407 2705 1474 portum
2745 1402 3100 1471 dirigamur,
3143 1401 3569 1473 componendo

1917 1491 2134 1546 ﬂuctus
2165 1491 2652 1563 perturbatarum
2676 1491 3108 1561 cogitationum
3129 1495 3186 1545 et
3229 1489 3429 1545 saeculi
3469 1506 3569 1545 cu-

1914 1595 2035 1648 ras,
2067 1579 2288 1652 quibus
2314 1584 2607 1652 tanquam
2636 1579 3041 1634 srevisanimaa
3071 1578 3370 1649 procellis,
3391 1592 3565 1633 mens

1916 1668 2302 1738 gubernatrix
2330 1669 2772 1737 circumagitur,
2804 1672 2862 1723 et
2888 1668 3072 1723 invita
3098 1682 3342 1739 quoque
3371 1667 3567 1723 dimo-

199 1753 340 1802 ἀκων
385 1751 615 1821 μεθίεται
654 1760 745 1812 τῆς
793 1749 1138 1812 ἐπιστατικῆς
1207 1760 1306 1803 τῶν
1352 1751 1601 1825 ψυχικῶν
1646 1749 1806 1805 δυνά-

1921 1764 2084 1812 vetur
2114 1774 2150 1812 a
2175 1757 2583 1828 gubernaculo
2600 1756 2974 1830 praesidentis
2999 1757 3157 1811 circa
3175 1772 3272 1811 res
3294 1755 3568 1827 spiritua-

198 1859 358 1912 μεως,
415 1845 505 1891 xui
557 1847 759 1910 ναυτιᾷ,
809 1845 898 1892 καὶ
949 1840 1166 1911 ἰλιγγιᾲ,
1219 1846 1304 1892 καὶ
1335 1841 1580 1904 καθάπαξ
1627 1843 1807 1904 εξαπο-

199 1936 299 2003 ρεῐ,
357 1932 448 1980 καὶ
490 1935 605 1989 ταῖς
648 1929 733 1980 ὐπ’
789 1929 942 1980 αὐτὸν
1015 1925 1272 2002 δυνάμεσι
1324 1929 1809 2000 συγκαταϐαπτίζε-

201 2038 313 2086 ται,
344 2023 434 2068 καὶ
465 2015 615 2090 βυθῷ
663 2016 915 2080 ἀπωλείας
959 2016 1386 2088 συγκαταδύεται
1420 2040 1431 2050 ·
1457 2019 1514 2078 ἃς
1544 2019 1808 2092 σύμπλους

199 2110 291 2179 μὲν
324 2105 484 2177 ﬂuxa
536 2111 624 2158 xui
680 2111 806 2180 πρὸς
864 2109 1137 2181 ἐμπορείαν
1194 2109 1490 2181 συνερίθους
1539 2107 1807 2179 γαλήνιον,

204 2199 609 2265 συνναυαγήσας
669 2191 730 2246 δέ
780 2215 889 2257 πως
953 2200 1041 2248 καὶ
1117 2200 1577 2265 συμπεριτραπεὶς,
1649 2196 1807 2250 ἀπόλ-

201 2283 259 2338 λυ
269 2288 323 2335 σί
342 2302 397 2336 τε
424 2287 515 2337 καὶ
546 2283 948 2341 συναπόλλυται.

1117 2200 1577 2269 συμπεριτραπεὶς,

270 2571 372 2645 ξβ’.
419 2571 574 2624 Ἀλλὰ
626 2569 850 2644 δεόμεθά
904 2592 1020 2643 σου,
1074 2575 1271 2646 μάκαρ,
1325 2579 1414 2626 xui
1467 2578 1670 2647 πρόσου
1721 2578 1810 2626 τόν

199 2663 393 2714 ἱκέσιον
440 2682 452 2694 ·
507 2667 596 2714 xui
638 2670 724 2713 νυν
763 2665 852 2732 μὲν
911 2661 1126 2714 αὐτόθεν
1180 2666 1245 2713 τα
1296 2662 1414 2714 καθ⁹
1459 2665 1592 2733 ἡμᾶς
1647 2665 1808 2729 ίθυνι,

195 2755 457 2812 καὶπρὸς
505 2755 767 2823 σωτηρίαν
818 2747 1128 2820 καθοδὴγιι,
1183 2757 1273 2802 καὶ
1317 2759 1410 2809 τῆν
1467 2753 1606 2812 θείας
1655 2750 1812 2825 Ἐδὶμ

197 2845 624 2904 κατασκηνωσιν,
667 2839 737 2900 εἰς
779 2835 837 2891 δὲ
891 2841 1040 2900 αυθις
1098 2844 1188 2891 xui
1235 2842 1367 2911 μετὰ
1421 2844 1514 2898 τὴν
1564 2840 1810 2893 ἀνάλυσιν

199 2929 467 3002 πρόστηθι
495 2929 713 2999 θερμῶς,
746 2931 815 2990 ὡς
843 2929 903 2979 οἷν
951 2947 1010 2998 γε
1045 2936 1140 2990 τῆς
1184 2928 1396 2980 αἰωνίου
1448 2934 1518 2999 μὴ
1575 2928 1810 3001 ἀστοχής

201 3036 388 3090 σαιμεν
442 3015 794 3083 ἀπολαύσεως,
849 3022 938 3068 xui
993 3025 1082 3076 τῆς
1137 3016 1404 3089 ἀκηράτου
1482 3027 1682 3090 τρυφῆς
1741 3024 1810 3090 μὴ

199 3107 524 3178 ἁπέσοιμεν.
585 3105 754 3178 Κίιμοὶ
803 3106 1004 3178 λιπαρῷ
1046 3108 1329 3177 σύγγνωθι,
1357 3111 1445 3158 xui
1489 3115 1585 3168 τῆς
1631 3107 1809 3180 ἔγχει-

199 3201 406 3269 ρήσεως
437 3195 578 3248 ἵλαθι
610 3218 620 3228 ν
656 3193 780 3248 οὐδὲ
807 3198 909 3270 γὰρ
944 3195 998 3257 ἐξ
1037 3192 1318 3255 αὐθαδείας
1355 3195 1385 3253 ἢ
1430 3199 1561 3269 πρὸς
1607 3193 1810 3250 ἐπίδει-

199 3284 434 3348 ξιν,αλλ’
465 3283 520 3336 ἐκ
558 3285 771 3346 πολλῆς,
822 3285 892 3345 ὡς
938 3281 1114 3350 οἶσθα,
1175 3291 1265 3344 τῆς
1318 3285 1517 3346 εὐνοίας
1561 3291 1648 3338 xui
1693 3287 1812 3339 εἰλι-

197 3382 412 3447 κρινοῦς
434 3380 527 3426 τοῦ
567 3373 803 3446 φίλτρου,
849 3375 910 3431 ἡν
941 3370 1191 3426 παιδόθεν
1231 3376 1391 3445 ἔσχον
1439 3378 1569 3448 πρός
1611 3379 1666 3428 σε
1723 3381 1810 3429 xui

195 3465 267 3514 τὰ
316 3466 386 3515 σὰ
425 3465 817 3535 συγγράμματα
867 3467 957 3514 καὶ
1013 3466 1308 3534 πονήματα,
1368 3470 1478 3526 τοῖς
1540 3470 1657 3538 περὶ
1716 3474 1810 3517 σου

195 3572 253 3604 τε
315 3551 487 3622 λόγοις
533 3551 873 3623 ἐπεϐαλόμην,
925 3551 1015 3603 καὶ
1084 3559 1177 3603 τοῦ
1243 3555 1380 3604 κατὰ
1438 3549 1662 3625 δύναμιν
1705 3555 1811 3626 οὐχ

193 3643 491 3713 ὑστέρησα.
553 3646 656 3693 Ναὶ
705 3641 969 3712 σύγγνωθί
1027 3659 1136 3712 μοι,
1192 3645 1283 3692 xui
1340 3637 1487 3702 δέξαι
1534 3639 1685 3695 τόνδε
1723 3647 1810 3694 τόν

193 3731 350 3802 λόγον
400 3731 787 3803 εὐφημητηριόν
834 3749 889 3782 τε
944 3729 1056 3801 οἶμα
1103 3735 1191 3782 καὶ
1242 3731 1520 3802 ἱκετήριον,
1588 3737 1677 3784 καὶ
1724 3752 1810 3785 πε-

192 3825 344 3893 ρίεπε
541 3817 668 3892 τῇδε
706 3824 796 3872 καὶ
848 3822 913 3871 τὰ
965 3819 1140 3871 εἰκότα
1184 3822 1490 3891 κατάρτιζε,
1542 3819 1592 3872 ἐν
1641 3821 1810 3892 λόγοις

195 3909 250 3962 ἐν
300 3909 572 3983 πράξεσιν,
628 3907 674 3960 ἐν
735 3905 1110 3980 διανοήμασιν,
1179 3906 1226 3959 ἐν
1295 3906 1672 3981 βουλεύμασιν,
1726 3909 1809 3962 ἐπὶ

196 4003 339 4051 πᾶσί
389 4017 482 4070 μοι
522 3997 767 4059 καθάπαξ
819 3997 1194 4069 συνιστάμενος
1246 4015 1299 4048 τε
1362 4002 1452 4048 καὶ
1506 4003 1810 4071 συναιρόμε-

195 4106 282 4147 νος
342 4107 354 4118 ·
401 4088 532 4159 μετὰ
578 4082 637 4138 δὲ
687 4090 779 4143 τὴν
825 4081 1026 4137 ἐνθένδε
1090 4088 1180 4148 καὶ
1231 4083 1283 4147 ἐξ
1328 4084 1607 4158 ἀνθρώπων
1656 4089 1810 4159 μετά-

201 4194 398 4228 στασιν
456 4173 781 4248 ἀντιληπτωρ
853 4175 1038 4246 θερμός
1118 4171 1418 4245 ἐπιφάνηθι,
1482 4179 1572 4226 καὶ
1645 4172 1811 4237 δεξιός

196 4267 338 4337 πρὸς
391 4266 520 4316 Θεὸν
569 4264 887 4336 υπερὴγορος
921 4282 933 4292 ·
993 4261 1062 4323 ὠς
1140 4261 1200 4312 ὄιν
1259 4265 1329 4332 μὴ
1376 4269 1466 4321 τῆς
1522 4267 1810 4336 κρείττονος

196 4357 447 4424 γενοίμην
513 4351 705 4414 λήξεως
754 4353 1030 4418 ἓκπτωτος,
1115 4345 1526 4412 ακταδικασθεὶς
1580 4349 1634 4402 ἐκ
1711 4361 1810 4403 τῶν

197 4441 461 4514 πράξεων,
539 4440 664 4492 ἀλλὰ
735 4441 1085 4510 συνταχθείην

200 4537 364 4604 Λόγῳ
394 4532 879 4605 παραστησομένοις
930 4526 984 4578 ἐκ
1025 4524 1228 4594 δεξιῶν,
1282 4534 1371 4580 καὶ
1423 4537 1513 4590 τῆς
1552 4536 1812 4604 μακαρίας

1157 4446 1266 4499 τοῖς
1339 4447 1410 4510 τῷ
1501 4441 1809 4516 θεανθρῶπῳ

200 4619 404 4682 ἐκείνης
464 4629 629 4692 φωνῆς
693 4617 1002 4689 ἀκούσαιμι,
1067 4617 1422 4679 καταξιουσης
1497 4627 1585 4680 τῆς
1668 4622 1813 4693 παρά

199 4717 298 4762 τοῦ
351 4709 588 4782 ανάρχου
639 4711 838 4782 Πατρός
903 4707 1224 4777 κυρωθείσης
1289 4707 1479 4759 ἄνωθεν
1550 4707 1809 4779 εὐλογίας,

198 4802 291 4850 καὶ
338 4795 730 4870 μεταδιδούσης
787 4803 879 4855 τῆς
929 4793 1152 4852 ἀλήκτου
1229 4799 1633 4868 μακαριότητος,
1702 4799 1809 4868 χά-

200 4908 316 4963 ριτι
363 4892 455 4939 καὶ
510 4886 868 4960 φιλανθρωπίᾳ
906 4882 1065 4934 αὑτοῦ
1110 4902 1163 4936 τε
1207 4891 1295 4936 τοῦ
1364 4881 1642 4954 ἀγέννητον
1704 4891 1810 4938 [lu-

202 4981 354 5050 τρός,
403 4985 494 5028 τοῦ
549 4972 826 5028 συναῑδίου
880 4975 1023 5034 Υίοῡ,
1096 4975 1186 5023 καὶ
1243 4979 1333 5024 τοῦ
1401 4978 1658 5043 παναγίου
1724 4979 1814 5026 καὶ

204 5067 412 5139 ἀγαθοῦ
439 5069 524 5117 xui
569 5064 824 5125 ζωοποιοῦ
869 5063 1189 5132 Πνεύματος,
1243 5069 1334 5121 τῆς
1371 5066 1497 5133 μιᾶς
1553 5060 1812 5131 ἐξουσίας,

202 5163 306 5215 τῆς
349 5161 472 5227 μιᾶς
505 5153 798 5226 βασιλείας,
851 5158 942 5210 τῆς
995 5155 1118 5220 μιᾶς
1173 5155 1263 5202 καὶ
1319 5152 1520 5222 φύσεως
1551 5155 1639 5202 xui
1700 5153 1814 5203 θεό-

203 5264 382 5310 τητος,
514 5248 696 5318 πρέπει
752 5249 900 5294 πᾶσα
935 5235 1086 5307 δόξα,
1130 5245 1253 5312 τιμὴ
1287 5245 1378 5293 καὶ
1433 5243 1814 5314 προσκύνησις,

203 5342 299 5387 νῦν
331 5339 422 5387 καὶ
452 5333 550 5400 ἀεὶ,
583 5338 671 5385 xui
701 5332 772 5393 εἰς
816 5350 937 5391 τους
993 5329 1178 5388 αίῶνας
1229 5337 1329 5380 τῶν
1378 5330 1592 5386 αἰώνων·
1627 5331 1813 5402 Ἀμήν·

1914 1846 2000 1902 les
2033 1847 2325 1918 potentiae,
2358 1854 2654 1918 tanquam
2705 1861 2936 1901 nausea
2961 1844 3368 1916 vertigineque
3392 1849 3450 1900 et
3468 1844 3568 1900 de-

1915 1935 2102 2008 liquio
2130 1935 2442 2003 laborans,
2476 1934 2654 1990 simul
2669 1950 2810 1988 cum
2828 1933 3115 2003 subjectis
3159 1932 3272 1988 sibi
3290 1933 3568 2003 potentiis

1919 2023 2367 2094 submergenda
2397 2023 2763 2095 etprofundo
2793 2021 3139 2094 perditionis
3184 2020 3568 2088 involvenda;

1917 2114 2006 2180 iis,
2038 2114 2310 2186 inquam,
2337 2111 2638 2185 potentiis,
2671 2128 2825 2184 quas
2859 2110 3054 2166 socias
3081 2110 3484 2180 navigationis
3514 2116 3572 2167 et

1919 2203 2255 2274 tranquillae
2295 2201 2715 2271 negotiationis
2755 2199 3078 2274 participes
3117 2198 3348 2255 futuras
3394 2215 3568 2256 mens

1917 2293 2166 2364 accepit,
2199 2290 2581 2363 naufragium
2610 2294 2810 2346 autem
2858 2288 3415 2360 quomodocunque
3468 2305 3570 2360 pa-

1918 2383 2070 2440 tiens
2113 2387 2294 2456 atque
2332 2381 2645 2447 subversa,
2698 2378 2912 2456 perdit,
2965 2382 3020 2437 et
3062 2393 3188 2437 una
3233 2393 3373 2436 cum
3420 2377 3569 2454 ipsis

1919 2473 2205 2546 perditur.

1992 2587 2079 2638 92.
2109 2584 2231 2651 Ego
2261 2597 2424 2650 vero,
2455 2599 2494 2638 ο
2539 2583 2734 2651 beate,
2762 2597 2871 2638 oro
2901 2585 2975 2647 te,
3013 2580 3350 2653 supplicem
3399 2585 3571 2638 tuum

1922 2673 2162 2743 suscipe
2209 2689 2222 2726 :
2255 2677 2313 2726 et
2340 2687 2503 2727 nunc
2541 2670 2790 2742 quidem
2821 2670 2940 2726 mei
2989 2685 3198 2725 curam
3249 2685 3572 2726 assumens

1920 2777 2015 2816 res
2045 2777 2214 2816 meas
2247 2760 2325 2815 ad
2356 2759 2609 2815 salutem
2646 2759 3026 2830 cmlestisque
3052 2758 3316 2830 paradisi
3339 2759 3573 2815 habita-

1920 2850 2146 2906 tionem
2175 2850 2494 2922 perducas,
2521 2855 2846 2921 postquam
2867 2864 3011 2904 vero
3040 2847 3218 2905 fuerit
3241 2849 3446 2904 anima
3475 2864 3569 2904 so-

1920 2940 2046 2996 luta
2089 2955 2340 3011 corpore
2382 2939 2658 2995 ardenter
2707 2939 2884 3005 insta,
2926 2955 3002 2995 ne
3027 2943 3254 2994 aeterna
3293 2937 3563 3009 privatus

1920 3031 2145 3100 requie,
2179 3030 2455 3086 excidam
2489 3029 2726 3084 sincera
2765 3028 3086 3100 voluptate.
3113 3032 3362 3097 Ignosce
3386 3027 3570 3084 etiam

1852 3125 1894 3181 C
1923 3120 2138 3175 infelici
2169 3119 2336 3188 mihi,
2365 3124 2420 3174 et
2458 3119 2596 3174 huic
2635 3117 2877 3174 conatui
2920 3117 3214 3189 propitius
3262 3122 3413 3173 esto.
3445 3119 3574 3174 Non

1923 3211 2082 3264 enim
2103 3224 2172 3264 ex
2198 3209 2541 3280 arrogantia
2561 3208 2638 3262 ad
2669 3207 3151 3276 ostentationem,
3208 3205 3311 3260 sed
3359 3205 3573 3275 multa,

1925 3304 1988 3353 ut
2013 3298 2186 3365 nosti,
2249 3297 2565 3354 devotione
2623 3297 2974 3367 sinceroque
3024 3310 3251 3365 amore,
3299 3309 3484 3366 quem
3537 3309 3576 3350 a

1923 3387 2175 3458 pueritia
2190 3387 2378 3443 habui
2407 3402 2552 3457 erga
2581 3391 2635 3442 te
2655 3391 2713 3442 et
2749 3391 2884 3442 tuas
2916 3384 3381 3456 compositiones
3409 3383 3576 3439 lucu-

1919 3477 2369 3548 brationesque,
2399 3475 2646 3531 adhanc
2665 3473 2741 3530 de
2754 3491 2814 3530 re
2835 3476 3168 3530 orationem
3189 3472 3575 3528 scribendam

1921 3582 2017 3622 me
2045 3566 2286 3635 ingessi,
2317 3565 2465 3620 nihil
2503 3564 2670 3636 quod
2721 3563 2888 3636 potui
2935 3562 3412 3634 praetermittens.
3473 3561 3577 3616 Eia

1920 3670 2062 3724 ergo
2105 3653 2388 3709 condona
2429 3653 2593 3723 mihi,
2629 3657 2686 3707 et
2734 3652 2897 3707 hunc
2941 3650 3350 3707 laudatorium
3395 3649 3576 3706 simul

1919 3743 2521 3813 deprecatoriumque
2571 3756 2913 3796 sermonem
2972 3738 3248 3810 suscipe;
3281 3743 3462 3811 atque
3511 3738 3574 3793 in

1919 3830 2034 3885 hac
2059 3830 2306 3902 quidem
2338 3829 2460 3885 vita
2488 3845 2584 3884 me
2611 3828 2871 3884 reforma
2919 3827 2979 3883 in
3023 3826 3308 3899 omnibus
3352 3825 3569 3897 verbis,

1918 3919 2222 3992 Operibus,
2273 3917 2736 3990 cogitationibus
2786 3922 2968 3989 atque
3022 3915 3286 3972 consiliis
3333 3913 3576 3986 adjutor

1919 4013 2097 4080 atque
2117 4009 2461 4080 opitulator,
2490 4012 2814 4078 postquam
2835 4009 3039 4062 autem
3069 4020 3103 4060 e
3125 4003 3274 4060 vivis
3322 4003 3574 4061 transla-

1922 4104 2014 4154 tus
2059 4098 2196 4153 hinc
2247 4096 2438 4163 fnero,
2487 4095 2734 4152 ostende
2768 4101 2821 4152 te
2877 4094 3025 4151 mihi
3075 4099 3486 4166 susceptorem
3516 4098 3574 4150 et

1919 4193 2331 4259 opportunum
2353 4186 2718 4242 advocatum
2763 4185 2924 4257 apud
2985 4187 3194 4250 Deum,
3227 4190 3293 4240 ut
3339 4181 3574 4240 meliori

1921 4283 2077 4332 sorte
2106 4292 2230 4332 non
2261 4276 2539 4332 excidam
2570 4291 2642 4330 ex
2672 4275 2956 4346 operibus
3014 4274 3164 4331 meis
3223 4273 3570 4341 damnatus,

1923 4368 2027 4422 sed
2065 4383 2206 4423 cum
2227 4366 2297 4421 iis
2326 4365 2600 4433 collocer,
2655 4365 2760 4437 qui
2799 4365 3112 4420 incarnato
3150 4363 3402 4420 Verboa
3431 4363 3573 4420 dex-

1845 4481 1893 4536 ι)
1920 4457 2061 4512 teris
2084 4457 2330 4512 stabunt
2353 4455 2706 4526 felicemque
2729 4454 2890 4511 illam
2919 4470 3130 4510 vocem
3153 4453 3422 4526 audiam,
3435 4470 3574 4527 qua:

1920 4547 2174 4615 dignum
2195 4545 2334 4601 facit
2372 4545 2683 4600 hominem
2727 4543 3141 4600 benedictione
3165 4545 3297 4614 jam
3325 4542 3466 4600 olim
3493 4544 3573 4601 ab

1921 4642 2144 4690 esterno
2175 4638 2339 4690 Patre
2359 4633 2620 4701 decreta,
2651 4649 2913 4705 eumque
2945 4633 3025 4690 ad
3066 4649 3392 4706 perennem
3421 4633 3573 4692 bea-

1923 4724 2232 4779 titudinem
2277 4721 2569 4785 transfert.
2626 4722 2816 4791 gratia
2866 4722 3229 4778 etbeneﬁcio
3271 4723 3458 4794 ipsius
3487 4722 3574 4779 in-

1922 4812 2106 4882 geniti
2148 4811 2332 4867 Patris
2387 4817 2444 4868 et
2486 4810 2765 4867 coaeterni
3005 4810 3494 4883 sanctissimique
3516 4815 3576 4869 et

1921 4901 2132 4974 optimi
2143 4907 2322 4972 atque
2337 4901 2552 4956 viviﬁci
2581 4900 2853 4972 Spiritus,
2873 4899 3048 4956 unius
3069 4900 3364 4966 essentia,
3396 4899 3576 4955 unius

1922 4990 2222 5062 potentiae,
2257 4989 2434 5044 unius
2463 4989 2848 5056 auctoritatis,
2881 4989 3060 5044 unius
3089 4993 3321 5044 naturas
3351 5003 3423 5044 ac
3458 4987 3579 5042 dei-

1924 5081 2082 5145 tatis,
2115 5095 2304 5151 quam
2332 5078 2502 5136 decet
2524 5079 2722 5134 omnis
2760 5077 2969 5150 gloria,
3017 5078 3231 5144 honor,
3263 5081 3321 5132 et
3367 5075 3577 5134 adora:

1924 5169 2025 5235 tio,
2076 5184 2236 5223 nunc
2294 5172 2350 5223 et
2409 5183 2646 5237 semper
2678 5171 2734 5222 et
2799 5169 2860 5222 in
2917 5165 3139 5222 secula
3195 5165 3578 5223 saeculorum.

1925 5264 2136 5314 Amen.
