4090 6376
447 272 552 327 887

1679 267 2138 327 CONSTANTINI
2179 266 2652 326 ACROPOLlT/E.

3769 280 3880 334 888

2589 403 2918 416 Μ

958 555 1228 708 DE
1315 551 2127 705 SANCTA
2181 431 3382 708 THEODOSIA
3489 492 3492 496 ’

1853 837 2282 901 ΜΑΗΤΥΒΕ
2327 837 2456 902 CP.

1439 1035 2316 1120 COMMENTARIUS
2393 1036 2909 1118 Pl‘t/EVIUS

681 1238 986 1308 Auctore
1037 1237 1416 1307 Godefrido
1466 1235 1954 1305 Henschensio
2005 1235 2072 1302 in
2122 1235 2316 1304 Actis
2367 1236 2484 1306 SS.
2540 1238 2854 1307 Bolland.
2909 1240 3067 1310 Maii
3118 1245 3164 1309 t.
3219 1241 3336 1325 VI,
3389 1240 3502 1311 die
3552 1242 3664 1310 29.

538 1533 739 1594 Causa
773 1539 829 1591 et
853 1535 1027 1593 series
1053 1536 1339 1607 martyrii
1356 1549 1431 1593 ea:
1451 1549 1585 1590 mss.
1613 1531 1981 1604 Synaxariis
2013 1545 2026 1583 :
2055 1529 2383 1586 eneomium
2403 1545 2442 1586 a
2467 1532 2864 1591 Constantino
2890 1534 3210 1606 Logotheta
3243 1537 3530 1606 scriptum
3559 1555 3572 1605 ;
3605 1535 3786 1608 hujus

1891 1624 2038 1674 mtas
2075 1622 2131 1673 et
2164 1617 2451 1674 dianitas.

1891 1624 2038 1678 tetas
2075 1622 2131 1673 et
2164 1618 2451 1690 dignitas.

535 1750 586 1806 1.
617 1749 925 1806 Decimum
978 1749 1186 1806 Leonis
1239 1749 1479 1806 Isaurici
1529 1763 1758 1804 annum
1794 1745 2119 1803 funestavit
2158 1745 2204 1798 Α
2305 1750 2354 1802 3.
2386 1747 2516 1801 Haec
2539 1746 2808 1821 ille,qute
2829 1763 2983 1821 pene
3017 1747 3230 1805 iisdem
3252 1749 3449 1806 verbis
3478 1749 3676 1821 legere
3713 1755 3800 1808 est
3824 1751 3882 1808 in

467 1854 778 1895 sacrarum
806 1838 1140 1909 imaginum
1195 1837 1458 1909 abolitio,
1506 1853 1694 1911 quam
1727 1837 1964 1912 pridem
2020 1835 2118 1892 ille

466 1929 672 1985 animo
689 1928 992 1985 decretam
1009 1929 1330 2000 meditans,
1361 1928 1592 1985 effectui
1616 1929 1861 1984 tandem
1896 1927 2119 1985 manci-

465 2019 652 2094 pavit,
682 2022 889 2074 amoto
922 2018 1306 2074 sanctissimo
1339 2021 1633 2076 Germano
1673 2018 2018 2091 patriarcha
2065 2021 2123 2074 et

463 2111 528 2167 in
582 2109 712 2180 ejus
757 2108 958 2164 locum
1007 2108 1331 2164 substituto
1371 2109 1559 2182 impio
1597 2107 1932 2165 Anastasio.
1991 2110 2121 2164 Mox

464 2197 626 2255 enim
657 2201 837 2270 atque
883 2196 1112 2253 idolum
1160 2197 1319 2254 istud
1378 2214 1555 2254 suum
1602 2214 1787 2272 supra
1835 2198 2120 2253 thronum

465 2287 749 2345 Ecclesiae
800 2285 1129 2354 collocavit,
1187 2287 1426 2344 illarum
1465 2288 1971 2345 removendarum
2009 2286 2120 2344 ini-

462 2378 614 2435 tium
633 2377 768 2434 fecit
796 2393 833 2433 a
857 2376 1157 2433 vestibulo
1176 2377 1402 2450 palatii,
1431 2378 1598 2451 quod
1621 2377 1699 2434 ab
1714 2393 1886 2434 {enea
1907 2376 2119 2434 Christi

465 2470 664 2523 statua
698 2465 922 2522 ibidem
936 2465 1225 2524 collocata
1258 2483 1480 2523 nomen
1494 2472 1824 2541 acceperat,
1850 2471 1916 2524 ut
1934 2467 2114 2526 Χαλκῆ

463 2556 780 2612 diceretur.
830 2554 1203 2612 Vestibulum
1254 2555 1437 2620 istud,
1501 2560 1644 2612 teste
1685 2555 1911 2613 Codino
1964 2555 2118 2612 libro

466 2648 550 2702 De
567 2645 900 2716 originibus
931 2644 1045 2700 ΟΡ.
1087 2659 1348 2714 magnus
1371 2646 1796 2703 Constantinus
1814 2645 2112 2716 fundarat,

459 2735 522 2792 in
543 2749 735 2808 eaque
766 2738 1026 2791 statuam
1071 2735 1424 2808 praedictam
1471 2740 1757 2802 erexerat,
1783 2755 1814 2789 ‹
1843 2752 1982 2810 quae
2035 2736 2116 2792 ibi

461 2825 616 2882 stetit
657 2839 852 2881 annos
885 2824 1362 2898 quadringentos
1403 2830 1459 2882 et
1503 2825 1890 2899 quindecim;
1943 2826 2117 2897 cujus

457 2915 673 2971 virtute
689 2913 922 2984 mulier,
937 2914 1248 2984 sanguinis
1264 2914 1880 2987 proﬂuviolaborans,
1905 2919 2118 2972 sanata

458 3003 670 3066 fuerat.
727 3008 784 3060 et
853 3003 1042 3060 multa
1085 3003 1204 3059 alia
1247 3003 1403 3061 facta
1447 3009 1618 3061 erant
1672 3005 1965 3062 miracula
2019 3022 2032 3061 :
2086 3027 2114 3056 »

2231 1851 2302 1892 ca
2313 1851 2500 1909 quam
2517 1839 2938 1911 Metaphrastes
2952 1839 3203 1912 scripsit,
3219 1840 3492 1910 ejusdem
3509 1842 3570 1897 S.
3597 1841 3883 1915 Stephani

2229 1925 2490 1983 Junioris
2519 1927 2669 1993 Vita,
2695 1944 3001 2003 quamque
3030 1929 3292 1986 invenire
3317 1934 3405 1985 est
3425 1929 3591 2003 apud
3615 1931 3882 2003 Lipoma-

2231 2032 2378 2072 num
2398 2023 2455 2074 et
2478 2018 2740 2084 Surium,
2771 2034 2882 2075 nec
2919 2034 3040 2075 non
3096 2021 3250 2076 inter
3290 2021 3484 2094 Opera
3536 2019 3600 2076 S.
3639 2022 3881 2078 Joannis

2233 2107 2602 2171 Damasceni,
2663 2114 2910 2181 propter
2972 2107 3342 2165 vicinitatem
3406 2111 3750 2182 argumenti
3810 2111 3880 2168 de

2230 2195 2393 2251 cultu
2445 2196 2800 2267 imaginum,
2849 2197 2927 2253 ab
2977 2197 3190 2254 eodem
3252 2199 3307 2255 S.
3356 2201 3582 2254 Joanne
3636 2200 3880 2271 egregiis

2230 2284 2600 2342 orationibus
2629 2290 3123 2359 propugnato.Ex
3153 2287 3326 2344 dictis
3359 2293 3560 2344 autem
3596 2289 3771 2345 facile
3799 2294 3880 2346 est

2230 2375 2522 2446 corrigere
2547 2377 2996 2448 Theophanem,
3025 2376 3100 2433 de
3129 2381 3351 2434 tentata
3377 2379 3700 2435 Dominicse
3740 2381 3880 2436 ima~

2229 2464 2383 2536 ginis
2414 2465 2824 2532 subversione,
2855 2466 2978 2522 imo
3004 2470 3061 2521 et
3103 2467 3382 2538 perfecta,
3434 2473 3714 2536 agentem
3763 2485 3880 2525 uno

2229 2569 2391 2610 anno
2421 2554 2592 2610 citius
2623 2569 2809 2627 quam
2854 2554 2930 2610 de
2963 2556 3017 2612 S.
3073 2556 3354 2612 Germani
3405 2556 3782 2630 depositione
3830 2562 3883 2614 et

2228 2644 2526 2700 Anastasii
2576 2643 2920 2700 intrusione.
2988 2646 3225 2701 Interim
3261 2646 3312 2701 ei
3379 2646 3620 2702 credere
3670 2663 3884 2719 possu-

2227 2749 2365 2789 mus
2393 2733 2690 2789 dictarum
2730 2732 3049 2790 mulierum
3078 2734 3378 2807 supplicio
3396 2749 3514 2792 non
3542 2734 3622 2790 ita
3647 2750 3890 2807 repres-

2228 2839 2364 2880 sum
2391 2838 2522 2880 esse
2551 2823 2743 2880 zelum
2774 2824 3270 2891 orthodoxorum,
3300 2826 3446 2898 quin
3497 2824 3605 2881 viri
3651 2824 3890 2898 plures,

2227 2912 2503 2970 muliebri
2533 2912 2816 2970 stimulati
2841 2913 3141 2987 exemplo,
3177 2916 3374 2971 conati
3411 2914 3525 2972 sint
3544 2915 3622 2970 ab
3665 2915 3891 2973 eadem

2228 3003 2489 3073 imagine
2511 3017 2712 3058 arcere
2741 3002 3048 3074 injuriam,
3081 3003 3173 3060 vel
3195 3003 3415 3061 factam
3446 3004 3653 3061 ulcisci
3679 3021 3692 3071 ;
3727 3022 3891 3063 vere-

459 3093 737 3166 adeoque
773 3093 972 3166 posita
1015 3092 1116 3150 illa
1160 3097 1318 3150 esset
1336 3109 1498 3150 anno
1539 3095 1660 3151 3t5.
1715 3095 1829 3152 Sed
1881 3095 2118 3169 decepit
2148 3089 2188 3145 Β
2227 3107 2342 3166 que
2372 3091 2688 3162 addiderit,
2711 3092 2877 3165 quod
2903 3114 2930 3143 «
2963 3093 3667 3167 Constantinopolitanae
3694 3111 3886 3168 popu-

464 3183 758 3241 Codinum
781 3183 1129 3256 supputatio
1173 3199 1303 3254 sua,
1353 3183 1445 3240 vel
1494 3184 1722 3241 librarii
1750 3186 1810 3242 in
1850 3185 2117 3242 numeris

463 3271 936 3330 transcribendis
961 3276 1257 3335 errarunt;
1293 3277 1526 3330 constat
1565 3274 1724 3330 enim
1767 3274 1934 3347 quod
1981 3280 2118 3332 ante

465 3377 696 3419 annum
726 3364 829 3417 328
860 3360 1284 3417 Constantinus
1311 3378 1435 3418 non
1460 3362 1812 3436 applicuerit
1842 3364 2116 3422 animum

467 3449 986 3523 Constantinopoli
1013 3449 1402 3508 aediﬁcandas.

536 3547 591 3599 2.
630 3541 721 3596 Ad
743 3555 869 3597 rem
919 3543 1120 3614 ipsam
1160 3542 1328 3614 quod
1385 3543 1609 3610 attinet,
1660 3548 1870 3602 testem
1921 3547 1996 3602 de
2050 3562 2121 3603 ea

466 3632 785 3698 habemus,
828 3630 933 3704 qui
964 3636 1105 3688 tunc
1147 3631 1406 3699 vivebat,
1466 3633 1835 3707 Stephanum
1895 3639 2120 3706 Magnas

467 3718 730 3777 ecclesiae
772 3719 1444 3792 Constantinopolitanae
1487 3721 1834 3793 diaconum,
1885 3726 1946 3780 in
1994 3725 2121 3782 Vita

471 3812 528 3868 S.
550 3807 835 3882 Stephani
871 3807 1154 3874 Junioris,
1191 3809 1585 3865 memorabile
1629 3813 1986 3884 martyrium
2050 3829 2122 3870 ea

469 3899 787 3956 occasione
811 3897 997 3970 passi,
1029 3897 1237 3953 danda
1258 3913 1293 3952 a
1321 3897 1497 3954 nobis
1526 3915 1697 3955 xxvm
1738 3902 2117 3969 Novembris,

471 3988 632 4045 unde
660 3987 790 4043 haec
815 3986 1018 4058 accipe
1051 4003 1065 4040 :
1103 3989 1217 4040 »1η
1245 3985 1338 4041 his
1370 4001 1477 4058 per
1523 3993 1880 4059 potestatem
1929 4007 2119 4060 agens

469 4079 768 4135 haereseos
799 4080 1112 4147 tyrannus,
1145 4075 1391 4131 tentavit
1419 4078 1706 4134 continuo
1747 4079 2120 4138 Dominicam

473 4164 684 4224 Christi
717 4163 813 4219 Dei
844 4162 1030 4218 nostri
1089 4162 1436 4234 imaginem,
1497 4181 1680 4239 supra
1723 4168 1919 4237 regias
1965 4169 2123 4226 fores

473 4255 778 4328 positam,
832 4268 903 4308 eo
950 4251 1084 4308 loco
1132 4267 1267 4325 quae
1324 4254 1402 4310 ab
1451 4254 1582 4328 ipsa
1639 4255 1855 4330 dicitur
1911 4261 2126 4317 Sancta

476 4343 690 4403 Chalce
715 4341 991 4398 demoliri
1035 4345 1092 4398 et
1144 4343 1270 4412 igni
1321 4342 1588 4401 tradere:
1635 4347 1800 4420 quod
1858 4352 1914 4403 et
1963 4349 2122 4408 fecit.

2226 3181 2340 3248 lus,
2373 3181 2452 3237 ob
2483 3195 2706 3237 novam
2751 3182 2929 3239 istam
2970 3182 3309 3240 doctrinam
3357 3183 3630 3240 maximo
3681 3183 3882 3241 dolore

2227 3271 2507 3346 percitus,
2562 3275 2687 3327 tum
2741 3272 2945 3345 ipsum
3004 3272 3263 3329 Leonem
3315 3274 3522 3329 statuit
3575 3273 3886 3343 invadere,

2228 3366 2355 3418 tum
2386 3359 2610 3417 multos
2639 3376 2712 3416 ex
2737 3361 3116 3433 imperatoris
3140 3361 3454 3429 famulitio,
3487 3363 3592 3435 qui
3615 3362 3697 3419 ab
3733 3379 3896 3420 aerea

2227 3455 2400 3525 porta
2430 3450 2665 3507 Domini
2703 3449 3031 3521 imaginem
3065 3450 3488 3516 deturbabant.
3523 3452 3655 3508 neci
3683 3451 3892 3508 dedit:

2227 3557 2351 3614 quo
2381 3539 2606 3596 factum
2636 3544 2727 3596 est
2757 3544 2821 3595 ut
2845 3541 2905 3596 in
2931 3539 3172 3607 multos,
3196 3540 3432 3612 pietatis
3477 3556 3640 3612 ergo,
3699 3558 3898 3597 mem-

2227 3630 2478 3687 brorum
2508 3629 2898 3697 mutilatione,
2940 3630 3314 3694 verberibus,
3355 3630 3602 3701 exsiliis,
3645 3631 3899 3689 damnis

2228 3719 2404 3776 illatis
2436 3719 2928 3775 animadversum
2951 3720 3143 3776 fuerit.
3176 3742 3202 3769 ››

2299 3813 2352 3865 4.
2391 3809 2506 3865 Sed
2555 3821 3096 3882 quantumcunque
3143 3809 3413 3866 animose
3468 3810 3701 3879 egerint
3756 3811 3895 3879 viri,

2228 3899 2450 3969 egregii
2475 3902 2674 3955 tamen
2703 3903 2954 3955 conatus
2975 3899 3207 3954 initium
3239 3899 3478 3955 feminis
3535 3900 3761 3957 ascribi
3799 3901 3898 3956 de-

2228 3989 2330 4046 bet
2363 4006 2375 4044 :
2409 3989 2703 4060 imprimis
2734 3995 2934 4044 autem
2960 4004 3168 4046 earum
3195 3988 3333 4046 duci
3361 3993 3606 4057 sancite,
3639 3989 3718 4046 de
3769 4006 3897 4062 qua

2231 4093 2406 4150 agere
2435 4078 2818 4146 instituimus,
2852 4077 3196 4134 Theodosius
3228 4095 3240 4134 :
3279 4078 3452 4149 cujus
3474 4094 3699 4135 nomen
3724 4085 3785 4136 et
3814 4080 3896 4135 vi-

2231 4172 2357 4226 tam
2387 4173 2762 4241 mortemque
2793 4173 2857 4224 ut
2893 4184 3014 4224 non
3045 4169 3482 4239 ignoraremus,
3519 4168 3714 4224 effecit
3763 4170 3898 4226 reli-

2235 4258 2406 4328 giosa
2435 4257 3230 4330 Constantinopolitanorum
3264 4257 3480 4313 civium
3524 4259 3738 4331 pietas,
3791 4260 3897 4332 qui

2237 4346 2459 4403 crudeli
2498 4346 2752 4402 laniena-2.
2776 4346 3148 4413 subtractum
3181 4362 3423 4419 corpus,
3456 4350 3583 4402 tum
3639 4348 3897 4420 quidem

477 4438 541 4490 In
571 4436 708 4507 ipsa
736 4435 934 4488 autem
955 4431 1339 4489 demolitione
1362 4431 1485 4490 zelo
1526 4434 1926 4494 corroboratus
1961 4455 2122 4511 quze-
2156 4451 2198 4506 c
2240 4437 2332 4509 pic
2364 4435 2779 4506 condiderunt,
2815 4439 3022 4507 postea
3067 4441 3289 4505 autem,
3338 4435 3569 4491 reddita
3619 4436 3897 4492 Ecclesiae.

475 4525 620 4582 dam
641 4522 920 4579 mulieres
947 4522 1310 4579 venerandae
1333 4537 1621 4593 generose
1647 4525 2124 4586 insurrexerunt:

476 4611 990 4689 apprehensisque
1016 4612 1191 4670 scalis
1220 4611 1635 4669 demolitorem
1681 4629 1866 4671 sacrae
1913 4616 2127 4689 imagi-

476 4707 571 4763 nis
602 4703 975 4776 spatharium
1023 4701 1417 4758 devolverunt
1464 4701 1520 4757 in
1581 4707 1821 4772 terram,
1864 4721 2128 4780 eumque

475 4799 790 4870 carpentes
818 4791 1195 4849 tradiderunt
1229 4790 1627 4859 morti;nulla
1676 4792 1892 4851 deinde
1935 4795 2124 4854 inter-

476 4887 672 4961 posita
702 4899 873 4940 mora
899 4883 1340 4954 procurrentes,
1383 4881 1732 4939 invaserunt
1760 4885 2127 4956 patriarcha-

474 4978 593 5035 lem
620 4975 894 5038 domum,
925 4970 1229 5043 lapidibus
1268 4970 1621 5042 impetcntes
1660 4973 1916 5046 impium
1965 4985 2126 5032 Ana-

476 5061 1300 5132 stasium,vociferantesque.
1317 5061 2122 5134 »Ocaputimpurissimum!

475 5179 502 5205 ‹‹
556 5171 593 5211 o
627 5152 868 5209 inimice
914 5149 1168 5205 veritatis
1205 5149 1218 5204 Ξ
1270 5149 1487 5205 ldeone
1533 5152 1928 5224 praesulatum
1981 5155 2126 5210 arri«

475 5243 675 5318 puisti,
710 5243 1204 5297 utsacrosanctas
1236 5243 1462 5294 statuas
1497 5245 1784 5296 everteres
1816 5241 1842 5296 ?
1873 5263 1899 5291 ››
1931 5243 2123 5308 Quam

474 5329 907 5390 contumeliam
936 5343 1059 5383 non
1097 5327 1291 5384 ferens
1327 5328 1617 5401 profanus
1667 5329 1785 5397 ille,
1816 5330 1955 5401 fuga
1995 5348 2122 5389 sese

473 5419 760 5478 subduxit
811 5433 842 5472 e
889 5420 1214 5487 conspectu
1284 5416 1702 5487 religiosarum
1751 5420 2116 5492 mulierum;

471 5515 652 5582 atque
681 5507 756 5564 ad
781 5512 1106 5579 tyrannum
1153 5522 1282 5561 sese
1321 5505 1633 5579 recipiens,
1681 5507 1874 5565 ell‘ecit
1917 5510 2116 5568 utillac

463 5602 697 5660 emines
724 5593 906 5655 morti
923 5586 1314 5652 traderentur‘
1352 5615 1379 5645 η

2238 4524 3120 4599 pace,extulerimtrcligiosius.
3153 4526 3494 4580 fortassisin
3517 4541 3586 4580 eo
3607 4527 3766 4598 ipso,
3796 4527 3896 4582 ubi

2237 4614 2710 4672 sanctimonialis
2741 4615 2981 4683 vixerat,
3014 4614 3313 4672 crrnobio.
3352 4616 3647 4680 Quoniam
3691 4624 3896 4672 autem

2236 4705 2418 4774 diem,
2451 4721 2572 4778 quo
2605 4709 2864 4760 mactata
2893 4703 3210 4759 crudeliter
3239 4705 3448 4769 fuerat,
3466 4705 3813 4762 adduxerat
3840 4707 3895 4761 iu

2235 4793 2600 4851 oblivionem
2629 4809 2800 4847 saeva}
2815 4792 3624 4864 persecutionisdiuturnitas
3648 4799 3708 4850 ct
3753 4796 3896 4852 taci-

2237 4885 2487 4941 turnitas
2499 4881 2875 4954 scriptorum,
2895 4880 3119 4953 placuit
3137 4882 3620 4938 assumerehunc
3639 4883 3808 4941 diem
3839 4890 3896 4940 19

2237 4974 2363 5030 Maii
2391 4971 2555 5046 quod
2607 4971 2918 5028 Orientalis
2956 4971 3154 5027 omnis
3197 4971 3454 5027 Ecclesia
3497 4972 3896 5030 celeberrimo

2237 5061 2397 5118 cultu
2441 5061 2820 5134 prosequitur
2852 5064 2906 5116 S.
2935 5059 3358 5130 Theodosium,
3414 5065 3749 5132 martyrem
3781 5068 3872 5119 Cas

2236 5167 2420 5208 sarcas
2445 5152 2504 5207 in
2533 5149 2869 5218 Palmstina,
2888 5150 2961 5205 de
2978 5166 3100 5221 qua
3116 5167 3228 5205 nos
3246 5151 3478 5221 egimus
3495 5150 3590 5206 die
3605 5156 3638 5205 2
3656 5153 3890 5226 Aprilis.

2310 5245 2360 5298 ὅ.
2398 5244 2478 5297 Ita
2509 5255 2728 5296 nomen
2760 5239 2888 5309 ejus
2915 5238 3265 5310 inscriptum
3311 5239 3603 5312 reperitur
3653 5241 3890 5298 Menzeis

2233 5331 2489 5397 excusis,
2518 5343 2655 5402 quin
2699 5329 2819 5384 fere
2867 5328 3135 5400 sequitur
3189 5328 3480 5385 Maximus
3537 5331 3891 5401 Cytheraeus

2231 5422 2278 5474 ἐν
2315 5421 2686 5495 βὶοιςἈγὶων,
2719 5421 2818 5476 ubi
2853 5426 2989 5493 post
3043 5422 3386 5477 eneomium
3433 5421 3741 5494 prredictze
3789 5440 3889 5480 an-

2228 5512 2410 5584 tiqua:
2435 5510 2781 5567 Theodosius
2813 5509 3054 5566 additur
3095 5510 3383 5566 memoria
3403 5516 3629 5566 sanctae
3690 5512 3891 5568 hosioo

2225 5601 2483 5673 maryris
2503 5598 2851 5658 Theodosia
2884 5599 3580 5673 Constantinopolitante,
3619 5615 3764 5659 cum
3798 5599 3882 5660 al-
