4090 6400
279 320 386 379 889

275 447 510 507 lusione
528 449 608 506 ad
627 451 946 508 arietinum
967 464 1183 515 cornu,
1206 462 1331 522 quo
1347 444 1546 503 cervix
1569 443 1623 502 ei
1646 443 1880 502 confra—
1907 448 1954 502 A

279 542 376 596 cta
404 544 513 610 est,
547 555 651 612 per
676 539 1039 612 'hujusmodi
1077 537 1414 597 distichon:

530 650 692 723 Κέρας
718 655 868 724 κριοῦ
902 650 1102 702 κτείνοίν
1129 666 1204 713 σε,
1238 642 1525 713 Θεοδοσία,

525 734 697 810 Ὠφθη
720 741 827 791 νέον
867 759 950 792 σοι
974 745 1068 801 τῆς
1090 737 1402 812 Ἀμαλθείας
1421 738 1594 809 κέρας.

348 826 395 881 Α
409 826 627 884 lterum
641 828 1175 886 Amaltheaevisum
1196 832 1298 898 est,
1326 823 1668 883 Theodosia.
1692 836 1883 878 cornu

383 916 517 972 Hoc
538 917 666 986 tibi,
688 932 801 990 quo
825 917 1064 975 Christo
1086 919 1326 974 victima
1341 914 1604 986 pulchra
1624 912 1809 969 cadis.

349 1025 402 1079 6.
438 1022 659 1079 Eadem
692 1024 1004 1093 memoria,
1031 1041 1169 1080 cum
1190 1022 1367 1081 simili
1387 1020 1640 1078 disticho
1660 1017 1883 1092 reperi-

278 1114 376 1168 tur
396 1112 455 1169 in
471 1127 587 1170 ms.
611 1114 943 1187 Synaxario
965 1113 1332 1170 Chiﬂletiano
1356 1130 1369 1168 :
1388 1112 1490 1169 ubi
1511 1109 1882 1182 insuperhoc

278 1199 357 1258 de
389 1201 532 1270 vita,
556 1204 846 1277 martyrio
868 1207 925 1260 et
952 1204 1115 1260 cultu
1139 1204 1271 1276 ejus
1302 1203 1565 1273 elogium
1620 1198 1878 1264 additur,

274 1290 442 1364 quod
469 1307 543 1348 ex
573 1292 708 1365 ipso
739 1292 1027 1351 collatum
1055 1310 1193 1350 cum
1216 1298 1379 1351 textu
1405 1289 1719 1365 Synaxarii
1758 1287 1883 1344 Cla-

272 1381 619 1439 romontani
640 1381 719 1438 ad
751 1385 813 1440 l8
847 1382 1008 1453 Julii,
1035 1383 1119 1440 sic
1167 1386 1341 1439 sonat
1370 1401 1384 1440 :
1433 1380 1574 1440 Αὕτη
1608 1377 1670 1438 ἧν
1698 1378 1746 1431 ἓν
1772 1386 1884 1440 τοῖς

279 1474 489 1547 χρὸνοις
519 1468 813 1527 Θεοδοσίου
859 1473 974 1545 ίτοῦ
1025 1472 1442 1549 Ἀτραμυτηνοῦ]
1497 1473 1682 1543 γονέων
1742 1468 1881 1522 εὐσε-

279 1560 380 1615 ϐῶν
458 1563 727 1638 θυγάτηρ,
807 1561 861 1615 ἐκ
938 1571 1030 1624 τῆς
1095 1559 1682 1622 Κωνσταντινουπὸλεως
1728 1581 1740 1592 ·
1792 1562 1882 1611 καὶ

273 1655 552 1725 γενομένης
619 1651 895 1715 ἐπταέτους
959 1653 984 1704 6
1048 1656 1222 1728 πατὴρ
1305 1650 1648 1719 ἐτελεύτησεν,
1704 1650 1734 1707 ἡ
1823 1643 1882 1700 δὲ

271 1745 452 1815 μήτηρ
512 1739 749 1794 λαϐοῦσα
805 1745 898 1800 τὴν
939 1738 1112 1795 παῖδα
1151 1740 1411 1816 ἀπέκειρεν
1441 1742 1490 1793 ἓν
1528 1758 1631 1792 τινι
1674 1745 1773 1791 τῶν
1829 1736 1879 1790 ἐν

270 1828 540 1902 Βυζαντίῳ
575 1835 936 1904 μοναστηρίων
965 1851 979 1865 ο
1040 1827 1152 1884 εἶτα
1205 1834 1297 1883 καὶ
1351 1832 1381 1889 ἡ
1446 1832 1618 1903 μήτηρ
1669 1827 1881 1901 τελευτᾷ

268 1917 642 1991 καταλείψασα
693 1927 755 1994 τῇ
812 1924 1062 1994 Μακαρία
1108 1924 1203 1979 τήν
1259 1919 1379 1978 ὅλην
1434 1917 1738 1993 περιουσίαν
1783 1917 1878 1969 αῦ-

265 2008 468 2071 τῆς·Ἠ
501 2004 560 2061 δε
598 2006 653 2062 ἐκ
702 2016 943 2082 χρουσοῦ
989 2014 1078 2063 καὶ
1132 2007 1360 2084 ἀργύρου
1405 2015 1541 2083 τρεῖς
1600 2004 1750 2078 ἁγίας
1807 2005 1879 2058 εἰ-

264 2101 421 2158 κόνας
449 2099 901 2152 κατασκευὰσασα
944 2096 1059 2171 [τοῦ
1157 2095 1558 2173 Χριστοῦ],τῆς
1595 2098 1876 2166 Θεοτόκου,

269 2190 366 2240 καὶ
434 2194 531 2249 τῆς
578 2186 730 2259 ἁγίας
769 2186 1146 2259 Ἀναστασίας,
1180 2189 1244 2240 τὰ
1281 2187 1439 2239 λοιπὰ
1496 2182 1718 2259 διένειμε
1768 2191 1879 2245 τοῖς

270 2284 512 2350 πτωχοῖς
547 2276 660 2349 [καὶ
690 2276 972 2351 ὁρφάνοις].
1027 2279 1172 2330 Μετά
1227 2273 1286 2330 δὲ
1315 2295 1433 2329 τινα
1482 2278 1673 2348 χρόνον
1726 2277 1878 2328 Λέον-

266 2385 354 2426 τος
417 2373 509 2418 τοῦ
559 2363 855 2430 δυσσεϐοῦς
909 2374 1003 2428 τῆς
1068 2364 1349 2440 βασιλείας
1403 2361 1753 2438 δραξαμένου,
1810 2365 1877 2425 ὡς

268 2462 365 2508 τοῦ
393 2453 765 2508 εὐσεϐεστάτου
807 2452 1101 2509 Θεοδοσίου
1138 2456 1609 2528 ὑποχωρήσαντος,
1662 2449 1757 2506 διὰ
1820 2455 1877 2505 τὸ

266 2549 341 2619 μὴ
374 2545 650 2599 πείθεσθαι
677 2553 786 2608 τοῖς
833 2544 1074 2598 ἀσεϐέσιν
1126 2544 1288 2598 αὐτοῦ
1344 2542 1579 2617 δόγμασι
1634 2546 1720 2597 τὸν
1780 2546 1877 2617 μέ-

262 2654 364 2707 γαν
391 2633 442 2686 ἐν
471 2638 835 2709 πατριάρχαις
871 2639 1129 2711 Γερμανόν
1191 2633 1395 2708 [τοῦτον
1448 2635 1579 2707 μετά
1638 2631 1877 2708 ῥοπὰλων

263 2728 358 2778 καὶ
416 2723 573 2796 ξιφῶν
624 2731 715 2777 τοῦ
774 2729 1159 2800 πατριαρχείου
1216 2724 1517 2797 κατήνεγκε]
1545 2745 1559 2758 ο
1610 2721 1741 2776 ἀλλὰ
1787 2726 1877 2775 καὶ

262 2818 362 2873 τὴν
418 2812 573 2885 ἁγίαν
665 2817 755 2867 καὶ
836 2818 1155 2873 Δεσποτικὴν
1239 2814 1412 2867 εἰκονα
1484 2818 1720 2886 Χριστοῦ
1784 2819 1876 2865 τοῦ

266 2906 398 2957 Θεοῦ
456 2904 621 2976 ἡμῶν,
677 2906 772 2962 τήν
835 2900 1175 2981 [ἰδρυμέμην]
1222 2904 1457 2980 ὑπεράνω
1521 2911 1621 2956 τῶν
1680 2901 1875 2971 πυλῶν,

267 2993 319 3045 ἐν
352 2993 540 3067 αἷσπερ
571 2989 691 3066 [διὰ
716 2997 802 3047 τόν
851 2998 1194 3069 χαρακτῆρα]
1233 2994 1263 3052 ἠ
1321 2992 1450 3065 ἁγία
1499 2992 1679 3053 Χαλκῆ
1739 2991 1877 3063 λέγε·

263 3102 377 3150 ται,
436 3079 685 3136 ἔσπευδεν
737 3084 763 3135 6
823 3083 1150 3159 θηριώνυμος
1217 3088 1536 3155 κατενεγκεῖν
1589 3087 1681 3135 καὶ
1749 3085 1878 3155 πυρί

265 3166 621 3246 παραδοῦναι.
673 3177 775 3227 Καὶ
834 3171 882 3226 ἐν
935 3170 976 3246 ᾧ
1033 3180 1203 3226 ταῦτα
1260 3171 1490 3238 ἐτελεῖτο,
1545 3176 1637 3225 καὶ
1674 3172 1700 3224 6
1746 3191 1877 3224 σπα-

268 3262 452 3338 θὰριος
471 3257 533 3320 ἦν
577 3258 662 3314 ἐπί
714 3269 807 3323 τῆς
857 3259 1115 3335 κλίμακος
1165 3258 1321 3334 [μετά
1349 3268 1444 3324 τῆς
1490 3258 1712 3331 ἀξίνης],
1754 3258 1878 3333 βου-

270 3349 481 3424 λόμενος
531 3354 627 3409 τὴν
677 3347 879 3425 [ἁγίαν]
914 3351 1086 3404 εἰκόνα
1112 3350 1441 3418 καταϐαλεῖν,
1488 3350 1655 3420 εὐθύς,
1705 3351 1735 3409 ἡ
1778 3369 1879 3422 μα-

264 3444 431 3514 καρία
471 3436 738 3494 Θεοδοσία
764 3439 878 3514 μεθ’
935 3440 1113 3516 ἑτέρων
1166 3448 1425 3513 γυναικῶν
1483 3438 1727 3502 εὐσεϐῶν,
1784 3447 1879 3501 τῆς

265 3529 518 3598 κλίμακος
581 3526 926 3604 ὃραξάμεναι,
992 3533 1082 3582 καὶ
1151 3533 1238 3583 τὸν
1300 3531 1590 3604 σπαθὸφιον
1666 3536 1727 3603 τῇ
1808 3535 1877 3603 γῇ

270 3616 673 3693 προσριψασαι,
736 3625 810 3689 τῷ
871 3619 1072 3690 θανάτῳ
1125 3614 1437 3691 παρέδωκαν
1473 3640 1485 3653 ⁸
1545 3622 1636 3670 καὶ
1722 3637 1881 3670 κατα·

262 3704 528 3760 λαϐοῦσαι
568 3710 626 3760 τὸ
680 3713 1081 3783 πατριαρχεῖον,
1123 3706 1449 3760 ἐλιθοϐὐλουν
1500 3710 1587 3790 ¹τὸν
1642 3703 1876 3765 δυσσεϐῆ

268 3795 620 3848 ’Λναστάσιον
650 3798 738 3849 τὸν
767 3798 1130 3871 πατριάρχην.
1174 3799 1483 3871 Ιιαραυτίκα
1538 3792 1626 3848 οὖν
1680 3795 1734 3848 αἱ
1789 3798 1879 3867 μεν

1643 3889 1735 3943 τήν
1821 3880 1881 3938 δὲ

1909 3164 1949 3221 C

267 3884 451 3939 λοιπαί
523 3893 623 3938 τῶν
689 3894 949 3958 γυναικῶν
1036 3885 1555 3959 ἀπεκεφαλίσθησαν,

273 3973 430 4048 ἁγίαν
499 3975 638 4049 ὠμὸς
704 3994 784 4038 τις
847 3979 938 4027 καὶ
1028 3974 1368 4049 ἀπάνθρωπος
1450 3975 1604 4028 ἕλκων
1688 3971 1884 4046 δήμιος

264 4066 370 4137 πρὸ
423 4065 511 4116 τὸν
581 4069 729 4131 Βοῦν,
780 4061 948 4115 λαϐὼν
995 4066 1150 4139 κερας
1223 4070 1394 4136 κριοῦ,
1461 4068 1551 4116 καὶ
1604 4058 1881 4136 μανιωδῶς

270 4155 410 4206 κατά
438 4156 525 4205 τόν
556 4154 757 4225 αὐχένα
799 4150 1005 4218 ἐλάσας,
1068 4156 1157 4206 τὸν
1206 4160 1297 4205 τοῦ
1346 4157 1635 4227 μαρτυρίου
1698 4157 1883 4225 στέφα-

268 4261 356 4296 νον
384 4241 512 4315 αὐτῇ
572 4241 911 4316 προῦξένησε.
962 4246 1088 4317 Περί
1145 4239 1205 4295 δὲ
1256 4249 1356 4294 τῶν
1412 4240 1633 4318 ἀπείρων
1680 4244 1881 4315 θαυμα-

269 4351 394 4398 των,
453 4339 552 4383 τῶν
609 4332 728 4384 καθ’
798 4330 1024 4390 ἑκάστην
1109 4328 1185 4385 δι’
1252 4331 1415 4395 αὐτῆς
1489 4331 1878 4406 ἐνεργουμένων,

271 4420 442 4485 ἔξεστι
470 4423 724 4492 παντιτῷ
758 4419 1053 4494 βουλομένῳ
1097 4422 1392 4494 μανθάνειν.
1442 4421 1673 4475 Τελεῖται
1731 4419 1790 4475 δὲ
1846 4424 1876 4481 ἡ

271 4509 435 4569 αὐτῆς
487 4507 700 4572 σύναξις
767 4506 813 4560 ἐν
868 4516 930 4581 τῇ
982 4518 1111 4582 μονῇ
1182 4516 1273 4561 τοῦ
1326 4512 1693 4583 ’Διοκράτους,
1762 4513 1952 4577 ἔνοαο

270 4604 447 4650 κεῖται
472 4600 530 4650 τὸ
586 4598 735 4670 ἅγιον
782 4597 943 4659 αὐτῆς
992 4598 1254 4669 λείψανον.
1317 4602 1452 4655 Hmc
1515 4599 1635 4669 ibi;
1689 4600 1881 4656 verbis

268 4704 411 4761 quae
441 4687 457 4759 [
489 4686 740 4762 ]inclusi
765 4686 1283 4745 eClaromontano
1300 4689 1577 4762 sumptis,
1611 4690 1712 4746 ubi
1747 4689 1881 4745 ﬁnis

270 4776 451 4834 etiam
484 4777 569 4832 sic
597 4776 872 4833 diversus
901 4777 1193 4849 reperitur
1219 4794 1232 4833 :
1267 4776 1452 4830 Λαϐὼν
1477 4781 1623 4851 κέρας
1650 4778 1880 4852 ἀπέσφα-

271 4867 352 4931 ξεν
378 4866 562 4925 αὐτὴν.
605 4867 784 4929 Οὕτως
833 4863 920 4918 οὖν
978 4864 1146 4928 καλῶς
1208 4866 1593 4940 ἀγωνισάμεναι
1648 4869 1719 4931 εἰς
1766 4874 1880 4941 χεῖ-

269 4976 368 5032 ρας
416 4963 550 5010 Θεοῦ
596 4959 661 5009 τὰ
728 4958 999 5028 πνεύματα
1050 4955 1243 5008 ἑαυτῶν
1299 4957 1595 5029 παρὶθεντο.
1651 4956 1881 5010 Τελεῖται

272 5041 333 5098 δὲ
364 5047 393 5105 ἠ
419 5047 617 5108 ταύτης
647 5043 881 5112 σὺναξις,
915 5042 963 5097 ἐν
1110 5044 1239 5118 ἁγίᾳ
1302 5054 1432 5119 μονῇ
1489 5053 1581 5098 τοῦ
1644 5053 1883 5121 Σωτῆρος

168 5142 174 5147 ’
269 5141 507 5210 Χριστοῦ
538 5142 630 5186 τοῦ
650 5134 932 5210 Εὐεργέτου

342 5230 397 5281 7.
427 5248 447 5273 ι
478 5222 604 5280 Fuit
627 5223 758 5280 haec
787 5223 846 5279 in
876 5223 1413 5281 diebusTheodosii
1443 5223 1880 5297 [Adramyteni]

269 5314 513 5388 piorum
541 5317 858 5386 parentum
888 5313 1011 5370 ﬁlia
1040 5330 1113 5371 ex
1154 5314 1304 5371 urbe
1341 5313 1877 5386 Constantinopoli,

269 5420 409 5478 quae
439 5419 579 5459 cum
607 5402 911 5477 septennis
935 5401 1089 5461 facta
1107 5403 1405 5461 amisisset
1418 5408 1881 5476 patrem,mater

271 5492 499 5565 accepit
518 5492 725 5559 ﬁliam,
750 5496 807 5548 et
827 5491 887 5547 in
908 5509 1030 5550 uno
1045 5493 1549 5550 monasteriorum
1574 5493 1879 5565 Byzantio-

269 5597 407 5640 rum
424 5580 681 5638 attondit
708 5599 721 5650 ;
746 5579 965 5638 deinde
995 5579 1142 5639 obiit
1160 5582 1339 5640 etiam
1360 5582 1516 5656 ipsa,
1534 5583 1877 5656 relinquens

230 5664 237 5669 ’
268 5656 408 5729 tiliae
419 5665 831 5731 suamb‘mneiii
845 5666 1251 5732 substantiam.
1268 5664 1399 5732 Hac
1410 5679 1484 5733 ei:
1504 5672 1653 5735 auro
1666 5679 1875 5747 argem

1615 320 1687 376 IN
1728 319 1785 376 S.
1823 318 2296 376 THEODOSIAM.

3536 329 3659 387 890'

1992 446 2172 518 toque
2201 448 2318 500 tres
2348 443 2459 501 sibi
2483 445 2776 517 imagines
2804 449 3198 522 comparavit,
3230 449 3466 525 [Christi
3488 452 3640 509 scili-

1991 533 2125 604 cet],
2154 533 2544 607 Deiparreque
2585 537 2999 609 sanctissimae,
3056 543 3113 597 et
3160 541 3216 598 S.
3277 541 3634 615 Anastasius,

1992 627 2206 680 caetera
2233 623 2535 681 distribuit
2562 626 2624 681 in
2649 641 2964 700 pauperes.
2999 632 3136 686 Post
3187 630 3436 705 aliquod
3491 648 3637 689 vero

1990 716 2249 785 tempus,
2265 729 2403 770 cum
2415 714 2637 787 impius
2659 717 2772 772 Leo
2785 717 3133 790 arripuisset
3151 720 3637 794 imperium,piis-

1992 803 2145 859 simo
2172 802 2511 859 Theodosio
2524 819 2653 860 sese
2665 805 3036 864 subducente
3054 824 3066 875 ;
3082 824 3372 879 magnum
3386 811 3639 883 patriar.

1992 890 2171 948 cham
2202 893 2585 966 Germanum,
2616 909 2687 950 eo
2717 895 2885 967 quod
2912 896 3097 955 nollet
3124 897 3312 970 impio
3338 899 3467 970 ejus
3486 900 3637 970 dog-

1992 983 2137 1037 mati
2162 981 2489 1052 adhaerere,
2523 985 2683 1056 [cum
2715 984 2936 1055 gladiis
2967 990 3024 1044 et
3044 986 3305 1045 fustibus
3333 1004 3364 1044 e
3389 989 3640 1063 patriar-

1991 1071 2148 1144 chio]
2175 1072 2419 1144 expulit,
2454 1077 2511 1130 et
2536 1078 2807 1137 sanctam
2829 1079 3010 1150 atque
3033 1076 3409 1135 Dominicam
3424 1078 3638 1150 imagi-

1991 1177 2130 1218 nem
2162 1162 2396 1219 Domini
2416 1164 2626 1231 nostri,
2658 1180 2840 1237 supra
2866 1169 3102 1239 portam
3130 1182 3287 1241 quae,
3346 1168 3450 1242 [ab
3504 1168 3640 1241 ipso

1990 1250 2336 1321 simulacro,
2358 1252 2589 1328 sancta]
2622 1256 2807 1311 lEnea
2842 1254 3078 1325 dicitur,
3133 1256 3509 1330 collocatam,
3544 1272 3639 1314 co-

1989 1343 2167 1396 natus
2191 1345 2283 1397 est
2310 1340 2563 1413 dejicere
2593 1341 2810 1400 efferus
2838 1348 3019 1417 atque
3047 1345 3172 1418 igni
3197 1346 3456 1404 tradere.
3489 1349 3639 1404 Cum

1990 1433 2192 1485 autem
2212 1429 2328 1486 hoc
2345 1434 2639 1502 ageretur,
2661 1437 2720 1488 et
2739 1433 3079 1505 spatharius
3100 1434 3262 1507 [cum
3279 1436 3494 1509 securi]
3507 1436 3639 1508 jam

1991 1522 2144 1574 esset
2161 1518 2224 1574 in
2241 1520 2653 1590 scalis,volens
2675 1537 2913 1580 sacram
2925 1523 3183 1596 efﬁgiem
3203 1524 3440 1582 amoliri
3460 1545 3472 1594 ;
3493 1541 3636 1582 con-

1990 1606 2157 1665 tinuo
2185 1610 2242 1664 S.
2265 1609 2598 1667 Theodosia
2627 1610 2880 1685 aliisque
2904 1614 3019 1686 piae
3036 1613 3316 1671 mulieres
3331 1614 3637 1688 arripuere

1990 1697 2206 1770 scalas,
2237 1701 2295 1755 et
2317 1698 2619 1771 dejectum
2647 1701 2708 1757 in
2737 1704 2926 1759 terras
2951 1703 3325 1776 spatharium
3358 1704 3493 1761 neci
3539 1704 3639 1760 de-

1910 1787 2208 1859 Bderunt
2243 1806 2258 1858 ;
2298 1788 2789 1863 incurrentesque
2815 1791 2877 1847 in
2896 1792 3346 1864 patriarchium,
3384 1797 3637 1851 Anasta-

1990 1875 2036 1931 si
2046 1892 2147 1933 um
2169 1876 2843 1950 pseudo-patriarcham
2862 1884 3172 1953 cmperunt
3198 1880 3490 1953 lapidare.
3515 1882 3640 1938 Sta-

1988 1964 2094 2022 tim
2121 1964 2300 2038 igitur
2327 1965 2571 2039 reliquaa
2606 1967 2854 2041 quidem
2895 1967 3175 2026 mulieres
3203 1970 3398 2043 capite
3446 1969 3638 2042 plene

1988 2058 2148 2121 sunt,
2177 2055 2459 2112 Sanctam
2485 2071 2628 2113 vero
2661 2056 2920 2113 crudelis
2955 2057 3209 2131 quidam
3239 2062 3420 2131 atque
3464 2058 3640 2115 inhu-

1985 2158 2206 2200 manus
2221 2143 2484 2201 carnifex
2506 2145 2753 2202 trahens
2775 2145 2856 2203 ad
2883 2146 3086 2203 locum
3106 2147 3285 2205 Boiis
3304 2147 3554 2214 dictum,
3583 2149 3641 2205 et

1987 2247 2177 2289 cornu
2192 2232 2391 2289 arietis
2417 2233 2683 2308 rapiens,
2701 2234 2849 2292 illud
2870 2235 2933 2291 in
2959 2237 3254 2293 cervicem
3273 2235 3639 2293 furibundus

1985 2320 2256 2395 impegit,
2288 2322 2463 2396 eique
2485 2324 2726 2397 martyii
2776 2340 3064 2383 coronam
3114 2325 3327 2383 attulit.
3382 2328 3462 2382 De
3504 2324 3639 2382 inﬁ-

1985 2412 2124 2468 nitis
2133 2427 2316 2486 porro
2330 2413 2652 2481 miraculis,
2671 2430 2809 2488 quas
2824 2417 3093 2490 quotidie
3107 2432 3218 2490 per
3237 2416 3435 2490 ipsam
3464 2415 3638 2486 ﬁunt,

1986 2502 2177 2558 cuivis
2216 2502 2366 2560 scire
2385 2503 2608 2561 volenti
2637 2509 2989 2578 promptum
3020 2510 3110 2563 est
3136 2506 3369 2564 discere
3399 2523 3413 2562 :
3444 2505 3641 2578 agitur

1987 2594 2188 2648 autem
2215 2590 2369 2648 illius
2398 2592 2687 2650 festivitas
2717 2594 2779 2650 in
2800 2595 3170 2653 monasterio
3197 2595 3502 2668 Diocratis,
3533 2593 3641 2652 ubi

1988 2684 2198 2738 sancta
2225 2681 2357 2754 ejus
2380 2680 2621 2755 lipsana
2639 2683 3044 2756 requiescunt.
3075 2705 3105 2736 ››

2058 2791 2109 2845 8.
2138 2787 2384 2859 Eadem,
2416 2787 2523 2844 sed
2553 2788 2631 2846 ad
2662 2789 2729 2846 18
2758 2788 2918 2860 Julii,
2950 2790 3198 2863 quando
3235 2790 3391 2865 forte
3434 2789 3640 2863 aliqua

1984 2876 2199 2933 elevati
2212 2876 2559 2934 translative
2572 2879 2842 2952 corporis
2857 2880 3153 2957 memoria
3176 2880 3392 2952 agitur,
3413 2879 3640 2936 haben-

1984 2969 2080 3023 tur
2106 2965 2168 3022 in
2193 2982 2305 3022 ms.
2336 2967 2671 3040 Synaxario
2702 2967 3191 3036 Claromontano,
3212 2968 3463 3042 aliisque
3488 2984 3635 3025 mss.

1984 3054 2048 3111 in
2076 3054 2440 3112 bibliotheca
2497 3057 2903 3115 Ambrosiana
2948 3058 3282 3127 Mediolani,
3329 3063 3388 3115 et
3434 3057 3639 3115 Ducali

1986 3144 2330 3202 Sabaudica
2363 3145 2601 3202 Taurini
2651 3148 2899 3219 repertis
2931 3147 3077 3206 :sed
3123 3149 3187 3205 in
3235 3148 3638 3205 Ambrosiano

1987 3233 2214 3302 codice,
2246 3249 2356 3307 pro
2394 3238 2662 3308 tempore
2697 3236 3011 3294 Theodosii
3065 3236 3476 3310 Adramyteni,
3534 3235 3641 3309 qui

1990 3323 2169 3379 Leoni
2189 3322 2509 3395 imperium
2530 3325 2727 3394 cessit,
2750 3329 2993 3382 notatur
3008 3330 3250 3398 tempus
3267 3323 3642 3383 Constantini

1988 3412 2375 3486 Copronymi,
2407 3429 2516 3487 per
2542 3415 2932 3473 manifestum
2982 3431 3285 3473 errorem:
3321 3420 3379 3473 et
3433 3429 3643 3472 mona-

1989 3502 2258 3572 sterium,
2288 3503 2454 3576 quod
2485 3502 2626 3560 alibi
2659 3506 2977 3575 Diocratis,
2996 3505 3126 3562 istic
3146 3507 3522 3563 Dexiocratis
3539 3518 3645 3578 ap-

1990 3590 2267 3663 pellatur.
2297 3592 2391 3649 Sic
2414 3597 2616 3650 autem
2636 3608 2839 3652 revera
2864 3594 3295 3668 appellandum
3332 3592 3506 3650 docet
3528 3594 3639 3648 Co-

1990 3680 2192 3749 dinus,
2207 3697 2277 3738 ex
2291 3698 2413 3755 quo
2433 3684 2692 3755 Cangius
2707 3685 2768 3740 in
2782 3701 2893 3742 sua
2915 3685 3444 3754 Constantinopoli
3468 3682 3640 3739 Chri-

1989 3771 2191 3828 stiana
2213 3772 2444 3839 asserit,
2470 3773 2880 3830 Dexiocratem
2901 3774 3064 3831 hunc
3084 3774 3406 3847 patricium
3435 3772 3638 3841 fuisse,

1991 3864 2048 3916 et
2073 3860 2187 3916 sub
2216 3861 2549 3918 Theodosio
2578 3862 2819 3918 Juniore
2865 3862 3163 3932 ﬂoruisse,
3215 3867 3274 3920 et
3327 3861 3643 3919 ecclesiam

1990 3964 2114 4006 una
2135 3966 2275 4007 cum
2301 3952 2644 4021 gerocomio
2665 3952 2782 4024 ipsi
2804 3952 3010 4010 addito
3031 3954 3106 4010 de
3128 3969 3238 4010 suo
3261 3952 3508 4009 nomine
3539 3967 3644 4024 ap-

1992 4039 2270 4113 pellasse.
2305 4046 2367 4098 ln
2398 4041 2863 4099 Claromontano
2886 4047 3110 4110 autem,
3132 4044 3360 4100 omissa
3382 4042 3641 4098 miracu-

1989 4130 2186 4187 lorum
2219 4137 2323 4187 aut
2375 4130 2767 4204 reliquiarum
2816 4133 3139 4204 mentione,
3212 4133 3340 4190 haec
3399 4131 3645 4205 ponitur

1992 4221 2262 4278 clausula
2296 4238 2364 4277 τε
2401 4222 2710 4293 Accipiens
2729 4238 2917 4279 cornu
2943 4223 3224 4280 mactavit
3244 4238 3400 4279 eam.
3430 4220 3643 4291 Sicigi-

1992 4316 2086 4370 tur
2111 4312 2360 4386 pulchre
2385 4312 2779 4381 decertantes,
2815 4313 3048 4371 animas
3064 4313 3126 4370 in
3151 4314 3251 4371 Dei
3280 4327 3503 4369 manus
3528 4314 3643 4368 tta.

1991 4403 2307 4460 diderunt:
2350 4403 2507 4459 illius
2537 4418 2682 4460 vero
2724 4403 3010 4460 festivitas
3067 4404 3265 4475 agitur
3318 4403 3380 4459 in
3434 4406 3644 4460 sancto

1990 4493 2356 4550 monasterio
2380 4493 2702 4550 Salvatoris
2726 4494 2960 4564 Christi,
2978 4493 3118 4551 dicti
3146 4492 3422 4552 Beneﬁci.
3442 4515 3470 4543 »
3496 4491 3647 4550 Can-

1990 4585 2122 4656 gius
2142 4584 2201 4639 in
2224 4600 2335 4640 sua
2359 4583 2882 4653 Constantinopoli
2901 4584 3254 4642 Christiana
3274 4583 3350 4640 de
3381 4583 3499 4640 hoc
3517 4598 3645 4639 mo-

1988 4671 2252 4730 nasterio
2268 4671 2399 4727 fuse
2424 4673 2566 4741 agit,
2588 4670 2883 4745 docetque
2899 4672 3064 4729 haud
3086 4672 3295 4746 procul
3318 4687 3356 4729 a
3375 4670 3646 4729 Blacher-

1989 4750 2084 4819 nis
2111 4763 2283 4833 juxta
2318 4762 2483 4818 littus
2521 4761 2706 4818 fuisse
2740 4780 2753 4818 :
2788 4778 2928 4819 cum
2980 4777 3105 4835 quo
3158 4762 3397 4819 videtur
3448 4760 3644 4819 facere

1988 4851 2156 4925 quod
2176 4850 2444 4925 sequitur
2467 4852 2841 4917 Encomium,
2865 4851 3014 4908 dum
3042 4866 3212 4907 num.
3243 4855 3310 4909 34
3331 4850 3431 4918 ait,
3455 4867 3645 4924 prope

1988 4940 2151 4998 littus
2171 4939 2397 4997 sedisse
2417 4945 2791 4997 contractum
2805 4940 3155 5013 quemdam,
3168 4939 3430 5012 indeque
3444 4939 3645 4997 subla-

1989 5034 2116 5087 tum
2147 5030 2414 5087 humeris
2442 5045 2576 5087 esse
2594 5030 2667 5086 ad
2703 5029 2975 5086 tumbam
2997 5030 3248 5097 Sanctae,
3275 5027 3379 5084 ubi
3400 5031 3645 5085 curatus

1990 5126 2104 5176 est.
2137 5123 2408 5177 Fortasse
2438 5121 2738 5177 sociarum
2766 5119 3084 5176 mulierum
3112 5133 3371 5192 corpora
3410 5118 3645 5192 sepulta

1989 5209 2051 5266 in
2075 5209 2434 5267 Dexiocratis
2451 5209 2815 5266 monasterio
2843 5208 3108 5277 fuerant;
3141 5210 3199 5264 et
3216 5210 3462 5281 propter
3484 5222 3645 5265 com-

1992 5316 2238 5356 munem
2267 5314 2477 5355 earum
2498 5314 2639 5355 cum
2666 5297 3000 5355 Theodosia
3027 5297 3400 5371 passionem,
3429 5298 3643 5371 hujus-

1987 5403 2234 5463 quoque
2262 5388 2547 5445 festivitas
2574 5386 2802 5444 ibidem
2859 5387 2957 5459 agi
3012 5387 3362 5461 ibidemque
3420 5402 3642 5462 corpus

1985 5479 2356 5552 requiescere
2385 5482 2683 5534 censetur.

2058 5588 2108 5641 9.
2137 5587 2488 5643 Praetactum
2513 5583 2898 5654 miraculum,
2943 5584 3183 5659 aliaque
3236 5581 3524 5658 deinceps
3581 5580 3645 5639 in

1987 5672 2274 5734 Encomlo
2293 5677 2556 5747 narrata,
2587 5668 2811 5732 saeculo
2840 5673 3106 5748 primum
3135 5671 3239 5731 xin
3268 5676 3522 5733 exeunte
3540 5674 3646 5730 aut
