4090 6378
420 283 522 342 891

1627 282 2095 343 CONSTANTINI
2128 284 2616 344 ACROPOLITE.

3721 292 3824 346 892

416 425 515 467 x1v
578 411 860 468 inchoato
898 413 1135 482 patrata
1182 414 1325 466 sunt
1355 427 1369 465 :
1415 415 1554 467 ante
1606 427 1742 483 quae
1790 415 2066 483 tempore.
2092 411 2144 463 A
2177 411 2430 467 invidit:
2462 432 2490 460 »
2520 411 2578 467 ia
2610 413 2871 471 Diatriba
2908 421 3111 473 autem
3157 416 3234 472 de
3273 417 3621 474 Simeouum
3679 415 3826 470 scri-

418 503 718 572 oporteret
737 499 968 571 pridem
1019 499 1310 556 accidisse
1361 499 1482 564 illa,
1533 516 1792 572 quorum
1842 500 2066 556 mentio

416 589 486 644 ﬁt
533 589 591 644 in
649 588 1018 660 Synaxariis,
1074 593 1131 645 et
1179 589 1524 660 antiquiora
1599 589 1803 662 aliqua
1875 589 2066 661 ipsius

420 680 650 735 Sanctae
681 678 983 735 exstitisse
1020 684 1154 735 acta
1182 680 1342 734 unde
1369 683 1614 750 accepta
1635 679 1752 734 sint
1794 682 2066 750 Synaxa-

416 769 646 824 riorum
676 785 824 824 mss.
847 769 1040 838 elogia
1074 791 1087 824 :
1117 785 1252 841 quae
1303 775 1448 825 Acta
1501 769 1682 825 modo
1731 785 1854 825 non
1907 770 2064 825 iuve-

417 857 680 913 niautur.
712 859 1080 929 Utorumque
1103 860 1404 927 jacturam
1434 865 1740 931 utcunque
1769 859 2071 932 supplebit

419 952 524 998 Τοὺ
586 949 890 1019 σοφωτάτου
947 947 1174 1020 μεγάλου
1228 950 1518 1020 Λογοθέτου
1581 956 1742 1021 super)
1800 955 2066 1001 Κωνσταν-

419 1040 586 1105 τίνου,
630 1043 723 1088 τοῦ
788 1035 1180 1108 Ἀκροπολίτου,
1237 1036 1385 1108 λόγος
1449 1038 1519 1099 εἰς
1569 1042 1662 1095 τὴν
1724 1038 1878 1109 ἁγίαν
1930 1040 2071 1091 ὁσιο-

421 1123 667 1198 μάρτυρα
721 1121 1050 1180 Θεοδοσίανε
1129 1148 1156 1174 ‹‹
1237 1127 1667 1198 Sapientissimi
1743 1131 1800 1182 et
1863 1128 2070 1197 magni

419 1215 764 1286 logothetaa,
793 1214 1004 1270 domui
1043 1215 1412 1270 Constantini
1465 1216 1837 1288 Acropolitae,
1873 1233 2068 1272 sermo

419 1305 483 1360 in
530 1309 801 1360 sanctam
864 1304 1371 1376 hosiomartyrem
1413 1305 1812 1361 Theodosiam
1841 1324 1854 1361 :
1886 1329 1915 1356 »
1970 1306 2068 1361 de-

423 1394 675 1464 scriptus
725 1408 800 1449 ex
864 1393 1069 1450 codice
1128 1395 1427 1451 Vaticano.
1485 1395 1910 1452 Constantinus
1939 1396 2066 1462 iste,

419 1483 796 1556 propinquas
845 1483 1120 1556 sepulcro
1194 1486 1354 1540 ardes
1426 1484 1726 1551 habitans,
1804 1485 2069 1554 magnis-

421 1587 540 1644 que
568 1572 648 1628 ad
673 1588 744 1628 ea
782 1577 905 1629 tam
927 1573 987 1628 iu
1015 1589 1127 1628 sua
1151 1589 1340 1646 quam
1370 1573 1431 1628 in
1463 1573 1664 1642 generi
1696 1573 1790 1628 sui
1812 1588 2074 1645 persona

422 1661 672 1717 aifectus
698 1661 1024 1732 beneﬁciis,
1057 1662 1216 1718 hanc
1236 1662 1394 1718 illius
1423 1662 1832 1718 laudationem
1881 1661 2073 1734 publi-

2177 501 2313 572 ptis,
2347 506 2556 571 praeter
2584 502 2742 558 hanc
2759 504 2833 560 de
2862 511 2918 562 ὃ.
2971 507 3322 574 Theodosia,
3374 511 3491 561 tres
3541 521 3754 561 earum
3788 520 3828 560 a

2175 605 2237 644 se
2263 596 2616 661 conspectas
2646 603 2941 663 numerat,
2966 618 2993 644 «
3020 595 3082 650 in
3117 598 3174 651 ὃ.
3203 595 3601 667 Neophytum,
3649 595 3712 648 in
3763 595 3820 649 S.

2173 677 2553 735 Theodorum
2579 681 2872 752 Tironem,
2905 685 3045 740 etin
3077 686 3132 739 S.
3172 687 3464 740 Joannem
3509 687 3827 739 Damasce-

2175 783 2394 824 num.»
2454 769 2567 824 Sed
2605 770 2860 828 dubium
2902 773 3033 844 ipse
3083 790 3260 829 suum
3309 772 3538 829 solvere
3587 771 3826 827 videtur

2173 855 2440 922 Allatius,
2463 859 2711 930 quando
2732 877 2805 916 ex
2825 863 3192 934 Pachymere
3212 861 3586 935 praelaudato
3607 860 3827 929 allegat

2174 944 2396 1012 locum,
2424 947 2527 1002 ubi
2557 947 2771 1005 dicitur
2814 952 3188 1008 Andronicus
3241 951 3631 1020 Palaeologos,
3690 954 3830 1020 post

2176 1034 2407 1090 obitum
2437 1037 2643 1107 patris.
2680 1061 2700 1087 ι
2733 1045 2868 1096 ante
2898 1040 3046 1096 alios
3103 1057 3245 1096 usus
3291 1039 3588 1098 Muzalone
3645 1038 3827 1094 Theo-

2176 1123 2343 1195 doro,
2399 1142 2581 1196 quem
2641 1127 2777 1184 illus
2835 1137 3002 1200 pater
3069 1130 3129 1186 in
3219 1129 3427 1200 magni
3507 1127 3828 1198 logothetaa

2177 1213 2527 1284 Acropolitae
2558 1215 2853 1273 demortui
2884 1218 3084 1274 locum
3107 1219 3465 1289 subrogarat
3498 1235 3510 1272 :
3542 1239 3568 1266 ››
3626 1216 3827 1288 utique

2177 1303 2408 1373 Georgii
2441 1323 2452 1358 :
2484 1320 2626 1359 nam
2655 1308 3073 1362 Constantinus
3105 1314 3305 1363 noster
3335 1307 3478 1362 vixit
3525 1321 3667 1362 cum
3715 1311 3823 1358 An-

2177 1391 2446 1463 dronico,
2471 1395 2550 1449 uti
2571 1393 2702 1465 jam
2725 1413 2908 1468 supra
2928 1398 3154 1453 dictum
3181 1403 3287 1454 est.

2257 1481 2334 1535 11.
2372 1483 2525 1547 Quin
2562 1483 2685 1539 imo
2742 1486 2971 1555 Georgii
3027 1486 3184 1542 illius
3240 1486 3400 1542 ﬁlius
3446 1486 3630 1542 fuisse
3682 1484 3829 1540 Cou-

2179 1571 2492 1637 stantinus,
2519 1572 2696 1644 plane
2727 1574 3021 1643 colligitur
3050 1592 3122 1631 ex
3162 1575 3264 1630 lib.
3299 1593 3368 1644 γι,
3403 1592 3536 1648 cap.
3593 1580 3682 1642 26,
3728 1573 3833 1629 ubi

2180 1666 2475 1726 narratur,
2508 1662 2819 1733 quomodo
2861 1664 3101 1721 Michael
3149 1665 3613 1722 Constantinum
3663 1667 3848 1718 Acro-

421 1766 489 1807 ce
521 1749 896 1806 recitandam
925 1752 1284 1824 composuit,
1311 1751 1554 1824 qualem
1609 1752 1947 1808 invenimus
2011 1753 2073 1809 in
2104 1765 2146 1818 Β
2184 1749 2452 1821 politam,
2485 1773 2512 1798 «
2545 1767 2728 1822 quem
2759 1768 2795 1806 a
2819 1759 2981 1824 patre
3029 1769 3253 1824 magno
3307 1753 3611 1826 logotheta
3665 1767 3843 1807 acce-

422 1856 537 1896 ms.
564 1839 873 1896 Vaticano.
897 1840 1285 1910 Intelligimus
1310 1846 1511 1897 autem
1541 1841 1780 1896 Viennae
1829 1857 2072 1914 quoque

421 1929 485 1985 in
515 1929 786 1984 Caesarea
822 1927 1186 1985 bibliotheca
1241 1935 1494 1997 exstare,
1553 1935 1610 1985 et
1663 1931 1762 1986 hic
1809 1931 2073 1998 primum

425 2017 916 2074 Graeco-Latinam
948 2017 1303 2074 exhibemus
1337 2019 1481 2074 :sed
1512 2029 1692 2076 antea
1724 2022 2072 2092 quaerimus,

422 2106 561 2179 quis
612 2105 1042 2164 Constantinus
1097 2107 1206 2162 iste
1252 2107 1444 2174 fuerit,
1499 2113 1556 2164 et
1609 2125 1733 2180 quo
1804 2113 2073 2181 tempore

422 2194 651 2252 vixerit.
683 2195 773 2252 Ad
796 2195 914 2251 hoc
937 2195 1354 2266 indagandum
1400 2197 1528 2269 ipse
1557 2199 1732 2254 nobis
1785 2200 2075 2269 suggerit,

424 2299 712 2355 generum
743 2284 858 2342 sibi
882 2284 1066 2342 fuisse
1118 2285 1308 2342 ﬁlium
1355 2287 1643 2360 principis
1692 2289 2076 2352 Cholcorum,

423 2373 828 2446 eamdemque
849 2380 1130 2446 nepotem
1150 2375 1414 2432 defuncti
1435 2377 1815 2450 imperatoris
1830 2394 1903 2434 ex
1932 2378 2074 2444 ﬁlia,

422 2464 729 2534 regnantis
759 2479 963 2521 sorore
997 2481 1012 2530 ;
1037 2481 1176 2536 qua:
1197 2466 1874 2538 Constantinopolitanae
1900 2468 2079 2523 histo-

423 2553 549 2620 rias,
577 2553 751 2626 periti
787 2553 960 2610 facile
1004 2553 1340 2624 intelligunt
1387 2555 1466 2610 ad
1521 2556 1815 2612 Michaelis
1868 2556 2078 2612 Palaao-

422 2643 808 2716 logi,ﬁliique
833 2645 964 2714 ejus
990 2643 1314 2700 Andronici
1368 2646 1618 2702 senioris
1666 2650 1940 2718 tempora
1995 2648 2078 2702 sic

425 2732 638 2804 aptari,
661 2738 723 2788 ut
745 2732 823 2789 ad
841 2733 1008 2790 nulla
1029 2733 1146 2790 alia
1161 2749 1332 2807 aeque
1353 2736 1584 2807 possint
1603 2736 2074 2791 accommodari.

427 2821 614 2894 Cmpit
633 2826 836 2878 autem
851 2822 1147 2896 imperare
1169 2824 1410 2881 Michael
1436 2841 1598 2881 anno
1620 2830 1756 2881 1260
1776 2842 1788 2891 ;
1809 2831 1866 2881 et
1885 2825 2079 2881 ﬁlium

423 2911 1165 2984 Audronicum,conjugio
1195 2921 1380 2970 Anum
1436 2915 1571 2971 ﬁliae
1629 2916 1789 2986 regis
1844 2916 2080 2972 Pannoo

427 3000 542 3056 nias
565 3001 864 3074 junctum,
898 3004 1109 3059 ascivit
1137 3004 1373 3069 imperii
1399 3006 1489 3060 sui
1543 3011 1880 3061 consortem
1917 3021 2079 3060 anno

2183 1846 2352 1912 ptum
2412 1838 2697 1895 educarat
2752 1841 2917 1912 apud
2971 1859 3055 1911 se,
3107 1842 3538 1914 informarique
3590 1840 3846 1913 optimis

2183 1928 2409 1985 artibus
2423 1936 2677 1994 curarat,
2699 1953 2726 1978 »
2746 1936 2987 2003 propter
3006 1932 3389 2004 pertinaciam
3412 1932 3474 1986 iu
3491 1930 3842 1996 schismate,

2186 2041 2212 2067 ‹‹
2246 2018 2638 2090 privaritloco
2667 2021 2871 2088 gratiae
2924 2036 3104 2092 quem
3157 2023 3320 2093 prius
3352 2020 3666 2085 habuerat,
3729 2024 3851 2075 eta

2185 2124 2294 2163 sua
2322 2105 2720 2164 familiaritate
2742 2111 3060 2166 removerit
3090 2128 3102 2165 :
3141 2132 3168 2161 »
3194 2109 3361 2183 quod
3390 2109 3617 2165 factum
3670 2115 3846 2164 aute-

2183 2195 2514 2268 penultimo
2534 2197 2767 2269 imperii
2793 2214 2975 2254 anno.
3019 2201 3228 2254 Verum
3265 2199 3379 2255 cito
3419 2197 3580 2270 apud
3643 2197 3845 2252 ﬁlium

2185 2283 2592 2339 Andronicum
2674 2287 3044 2357 recuperavit
3129 2288 3582 2355 Constantinus,
3670 2284 3847 2357 quod

2187 2373 2352 2445 apud
2383 2374 2723 2432 Michaelem
2756 2377 3078 2432 amiserat:
3108 2377 3189 2432 uti
3233 2381 3288 2432 et
3340 2375 3710 2440 Theodorus,
3768 2374 3851 2429 ob

2187 2464 2466 2521 eamdem
2485 2483 2732 2522 causam
2763 2467 2956 2538 gradu
2974 2467 3290 2537 logothetae
3315 2472 3548 2522 motus:
3571 2465 3676 2537 qui
3705 2481 3854 2520 cum

2187 2557 2470 2612 eumdem
2487 2555 2565 2611 ad
2595 2555 2934 2611 Andronico
2963 2557 3304 2628 recepisset,
3349 2555 3406 2610 iu
3461 2555 3594 2628 ipso
3647 2569 3852 2625 perse-

2186 2646 2436 2714 veravit,
2513 2645 2949 2717 protovestiarii
3031 2645 3196 2700 titulo
3278 2645 3524 2716 insuper
3608 2646 3852 2711 auctus,

2189 2751 2380 2808 usque
2407 2733 2488 2790 ad
2511 2750 2608 2790 au.
2651 2737 2804 2802 1294,
2831 2751 2952 2806 quo
3005 2734 3186 2800 obiit;
3240 2740 3297 2789 et
3339 2737 3468 2808 ipso
3523 2732 3848 2800 logothetae

2189 2841 2436 2881 munere
2471 2839 2879 2878 successorem
2937 2823 3147 2878 habuit
3183 2823 3531 2896 praedictum
3567 2821 3844 2888 Gregorii

2188 2913 2378 2968 ﬁlium
2413 2913 2884 2977 Constantinum,
2910 2913 3294 2983 imperatoria
3332 2929 3472 2967 mox
3531 2909 3851 2975 afﬁnitate,

2188 3004 2271 3058 uti
2296 3018 2477 3074 supra
2498 3002 2778 3066 diximus,
2801 3003 3184 3057 honoratum.
3212 3002 3493 3068 Quandiu
3513 3000 3608 3055 hic
3632 3004 3856 3072 postea

430 3094 588 3158 1272,
619 3091 746 3163 ipse
777 3096 980 3148 autem
1001 3093 1149 3149 obiit
1171 3093 1283 3149 sub
1304 3094 1488 3150 ﬁnem
1517 3111 1616 3150 an.
1666 3098 1820 3151 1281.
1850 3095 1987 3164 Ejus
2009 3110 2080 3150 ac
2119 3115 2160 3172 ο
2190 3093 2389 3148 vixerit
2443 3108 2563 3147 non
2603 3093 2834 3163 reperio
2860 3109 2871 3146 :
2923 3109 3108 3147 unum
3163 3091 3580 3146 verosimiliter
3638 3087 3856 3144 videor

427 3179 534 3236 ﬁlii
557 3195 652 3236 res
672 3184 873 3250 gestas
919 3182 1215 3238 accuratis
1242 3183 1690 3240 commentariis
1725 3190 2079 3256 prosecutus

431 3274 522 3326 est
540 3269 828 3339 Georgius
854 3271 1270 3343 Pachymeres,
1313 3287 1436 3327 non
1465 3273 1548 3328 ita
1588 3274 1823 3346 pridem
1874 3272 2083 3330 Latini-

429 3361 550 3414 tate
575 3356 837 3414 donatus
886 3374 924 3415 a
973 3365 1180 3417 nostro
1210 3362 1377 3417 Petro
1429 3363 1699 3431 Possino,
1742 3369 1800 3416 et
1856 3363 2082 3418 Graeco-

433 3445 635 3503 Latine
665 3445 859 3502 editus
885 3450 1086 3504 Romae
1126 3450 1736 3519 magniﬁcentissimis
1793 3467 1863 3507 ac
1907 3450 2086 3524 plane

430 3535 610 3606 regiis
675 3537 834 3610 typis
892 3537 1243 3595 Barberinis.
1298 3542 1380 3595 Ex
1423 3556 1495 3596 eo
1555 3540 1864 3609 discimus,
1915 3541 2083 3612 quod

434 3625 573 3682 ﬁliae
634 3625 902 3682 Michaeli
953 3626 1172 3685 fuerint
1223 3635 1365 3696 tres,
1423 3631 1600 3686 etiam
1668 3631 1992 3686 nominatae
2052 3647 2088 3685 a

437 3713 814 3771 Christodulo
845 3716 901 3772 in
923 3716 1174 3788 epistola
1195 3719 1418 3790 praevia
1447 3718 1526 3775 ad
1556 3719 1870 3776 historiam
1914 3723 2087 3776 Joan-

435 3805 530 3862 nis
557 3806 968 3876 Cautacuzeni,
996 3807 1161 3864 Irene
1191 3809 1430 3880 scilicet,
1461 3809 1745 3870 Eudocia.
1794 3815 1852 3866 et
1880 3817 2077 3865 Anna.

436 3897 601 3951 Irene
630 3896 840 3968 nupsit
861 3898 1068 3953 Asano
1097 3898 1347 3968 Juniori,
1378 3899 1670 3970 Bulgarire
1689 3900 1815 3970 regi
1851 3918 1864 3966 ;
1902 3899 2089 3954 Eudo-

436 3984 529 4040 cia
555 3985 808 4058 principi
869 3987 1159 4042 Lazorum
1207 3987 1518 4057 collocata,
1576 3990 1793 4045 marito
1850 3994 2090 4044 mortuo

435 4073 497 4129 in
523 4073 957 4130 monasterium
980 4091 1110 4131 sese
1164 4079 1431 4148 recepit;
1483 4085 1673 4148 Anna,
1732 4078 1856 4134 ﬁlio
1917 4077 2091 4134 cralis

438 4178 548 4218 seu
570 4162 728 4232 regis
749 4163 965 4219 Servias
991 4164 1295 4236 desponsa
1322 4167 1590 4240 quidem.
1623 4167 1727 4223 sed
1771 4169 2092 4239 conjuncta

435 4267 777 4323 nunquam,
816 4267 976 4308 anno
1010 4257 1145 4309 1278
1176 4257 1439 4312 Michaeli
1476 4258 1926 4328 consanguineo
1980 4274 2090 4313 suo

437 4340 695 4406 nubeus,
725 4341 923 4397 attulit
950 4343 1002 4398 ei
1032 4343 1267 4400 titulum
1297 4345 1600 4419 despotm:
1631 4353 1688 4402 et
1717 4347 1856 4403 huic
1901 4347 2092 4419 potuit

2189 3197 2365 3255 posse
2391 3181 2611 3248 dicere,
2648 3181 2998 3236 Eucomium
3026 3185 3080 3238 S.
3114 3181 3462 3237 Theodosiaa
3495 3179 3574 3234 ab
3606 3194 3678 3234 eo
3712 3179 3854 3234 scri-

2189 3277 2361 3344 ptum
2409 3269 2596 3324 fuisse
2669 3276 2806 3325 ante
2886 3286 3114 3324 annum
3197 3273 3352 3331 1306,
3420 3267 3646 3340 alioqui
3727 3282 3859 3322 non

2192 3358 2494 3415 omisisset
2541 3357 2996 3414 celeberrimum
3060 3357 3219 3413 istud
3277 3356 3635 3412 miraculum
3686 3355 3866 3428 quod

2192 3448 2296 3504 lib.
2333 3465 2387 3519 v,
2421 3448 2494 3504 de
2519 3448 2885 3512 Andronico,
2928 3465 3060 3520 cap.
3091 3451 3176 3516 32,
3209 3451 3411 3502 narrat
3450 3445 3869 3516 Pachymeres

2193 3553 2316 3610 quo
2343 3538 2480 3609 ique
2509 3536 2724 3592 eodem
2757 3536 3004 3605 contigit
3033 3551 3214 3592 anno.
3247 3538 3341 3590 Est
3366 3540 3567 3590 autem
3595 3556 3623 3583 u
3648 3534 3873 3603 magni

2193 3627 2510 3696 logothettr
2533 3625 2798 3682 ofﬁcium
2830 3625 3160 3698 proprium.
3197 3630 3259 3679 ut
3289 3624 3370 3680 ait
3391 3622 3655 3680 Codiuus
3703 3621 3870 3678 libro

2195 3718 2269 3774 de
2312 3719 2556 3787 Ofﬁciis,
2609 3715 2898 3772 mandata
2956 3716 3120 3787 regia
3177 3721 3232 3769 et
3288 3729 3464 3770 aures
3515 3712 3721 3767 bullas
3787 3713 3866 3768 ad

2195 3822 2387 3875 reges,
2441 3806 2730 3876 sultanos,
2793 3811 3064 3878 satrapas
3117 3803 3396 3876 expedire
3433 3820 3445 3857 :
3482 3824 3508 3851 »
3555 3801 3734 3873 isque
3790 3803 3868 3858 ab

2197 3896 2410 3951 eodem
2446 3895 2670 3951 Codino
2727 3899 3077 3950 numeratur
3134 3894 3192 3948 in
3238 3892 3447 3948 ordine
3500 3888 3867 3946 oiﬁcialium

2199 3985 2598 4040 Palatinorum
2629 3983 3045 4040 duodecimus.
3074 3986 3186 4036 Nec
3216 3981 3378 4036 aliud
3409 3985 3698 4054 praeterea
3750 3995 3867 4035 no-

2197 4074 2450 4131 tandum
2480 4075 2637 4130 circa
2663 4076 2787 4128 haec
2819 4073 3093 4141 occurrit,
3129 4088 3313 4144 quam
3344 4067 3697 4141 Acropolitas
3752 4086 3864 4142 ap-

2197 4164 2579 4237 pellationem
2601 4178 2724 4218 non
2757 4161 2934 4217 fuisse
2957 4162 3185 4232 pati-lin,
3214 4159 3317 4214 sed
3341 4157 3582 4214 familiae
3623 4173 3864 4226 cogno-

2199 4259 2468 4310 mentum
2494 4269 2506 4306 :
2537 4268 2673 4306 cum
2709 4253 2852 4306 satis
2883 4258 3107 4306 certum
3155 4250 3446 4313 videatur,
3503 4253 3626 4301 tam
3679 4247 3866 4302 Geor-

2200 4343 2366 4413 gium
2387 4359 2573 4413 quam
2595 4342 2644 4411 ej
2659 4357 2725 4395 us
2747 4340 2936 4395 ﬁlium
2957 4338 3411 4394 Constantinum
3437 4336 3869 4392 Constantino-

438 4431 615 4487 datus
645 4447 775 4488 esse
805 4433 1176 4506 principatus
1201 4435 1582 4506 Colchorum,
1613 4443 1678 4492 ut
1731 4452 1802 4490 ex
1853 4452 1923 4491 eo
1969 4452 2092 4493 ma-
2126 4464 2167 4517 ι)
2201 4433 2501 4506 politanos
2534 4431 2718 4486 fuisse
2749 4450 2765 4513 ξ
2805 4429 2922 4486 alia
2965 4435 3166 4484 autem
3204 4426 3514 4496 gentilium
3553 4426 3867 4517 ejusmodi

439 4523 724 4584 trimonio
753 4528 929 4580 natus
950 4525 1110 4580 ﬁlius
1141 4528 1417 4598 potuerit,
1452 4528 1610 4582 circa
1649 4541 1879 4582 annum
1932 4530 2091 4594 1295,

439 4606 933 4670 ἀυοθτθίιχοτεω
966 4614 1152 4670 ﬁliam
1208 4615 1575 4671 Constantini
1621 4614 1962 4684 logothetae,
2018 4613 2093 4670 de

439 4717 564 4776 quo
593 4701 770 4758 nobis
800 4701 860 4758 in
890 4702 1346 4776 praesentiarum
1374 4710 1462 4759 est
1488 4703 1760 4774 quiestio.

518 4795 601 4848 10.
635 4793 751 4850 Leo
788 4792 1146 4859 Allatius,iu
1205 4808 1319 4848 sua
1368 4790 1442 4847 de
1495 4791 1757 4862 Georgiis
1812 4791 2092 4858 Diatriba,

443 4881 604 4942 edita
677 4887 815 4955 post
869 4881 1104 4952 Georgii
1150 4881 1502 4953 Acropolitre
1562 4880 1895 4954 historiam,
1946 4881 2098 4937 inter

441 4974 672 5046 legatos
703 4989 740 5031 a
767 4973 1046 5031 Michaele
1069 4972 1287 5028 missos
1317 4971 1396 5026 ad
1427 4972 1777 5042 Gregorium
1822 4975 1885 5040 Χ,
1934 4987 2096 5026 anno

448 5068 605 5132 1273,
661 5065 1041 5120 nominatum
1089 5061 1400 5117 inveniens
1450 5061 1612 5134 apud
1669 5062 2098 5133 Pachymerem

445 5154 636 5219 lib.V,
659 5169 794 5227 cap.
845 5157 930 5218 l7,
980 5174 1008 5203 ι(
1067 5167 1139 5207 ex
1188 5151 1487 5207 senatorio
1541 5151 1775 5217 ordine,
1831 5151 2095 5222 primum

446 5242 1132 5316 magnumlogothetam
1164 5241 1588 5312 Acropolitam,
1634 5263 1662 5290 »
1708 5239 1961 5308 dubitat,
2018 5238 2099 5292 lo-

450 5348 637 5390 cusne
672 5332 769 5388 hic
792 5331 1211 5401 inteliigeudus
1244 5332 1317 5386 sit
1356 5331 1431 5386 de
1484 5329 1770 5402 praedicto
1829 5329 2099 5396 Georgio,

451 5431 655 5494 (quem
705 5421 885 5477 etiam
941 5421 1145 5488 magni
1203 5419 1522 5490 logothetaa
1578 5418 1851 5474 functum
1905 5417 2102 5472 ofﬁcio

451 5512 727 5583 constat),
759 5526 835 5567 an
857 5511 933 5566 de
995 5533 1016 5558 ι
1062 5509 1466 5566 Constantino.
1532 5508 1706 5578 cujus
1759 5505 2100 5578 complures

453 5603 753 5672 orationes
793 5604 856 5662 in
903 5604 1249 5666 sanctorum
1296 5599 1646 5674 festivitates
1695 5601 1934 5682 tempus
1980 5612 2104 5666 non

2203 4521 2632 4591 coguomiuum
2678 4518 2908 4574 saeculis
2966 4517 3079 4573 illis
3134 4517 3490 4572 usitatorum
3556 4514 3868 4586 exempla,

2202 4628 2338 4683 qua:
2369 4625 2758 4681 nequaquam
2781 4607 2940 4662 credi
2964 4606 3191 4679 possint
3221 4604 3501 4678 patriam.
3570 4603 3652 4657 uti
3714 4602 3871 4658 alias

2203 4700 2565 4759 viderentur,
2609 4703 2836 4765 notare,
2878 4696 3013 4751 vide
3063 4693 3226 4768 apud
3283 4694 3543 4749 Leonem
3595 4691 3866 4756 Alltium,

2205 4790 2259 4844 in
2287 4789 2592 4861 praecitata
2615 4787 2689 4841 de
2718 4786 2981 4854 Georgiis
3013 4784 3274 4840 Diatriba
3301 4781 3405 4838 ubi
3457 4780 3532 4836 de
3591 4784 3867 4852 Acropo-

2204 4879 2307 4934 lita
2328 4879 2466 4948 agit.

2279 4967 2368 5023 l2.
2402 4969 2694 5021 Hactenus
2715 4965 2789 5018 de
2819 4969 3059 5018 auctore
3081 4966 3138 5016 et
3170 4967 3438 5031 tempore
3496 4956 3706 5030 scripti
3757 4959 3867 5013 Eu-

2208 5057 2406 5111 comii.
2445 5060 2520 5110 De
2553 5055 2684 5109 loco
2736 5053 3004 5124 martyrii
3057 5067 3093 5105 a
3144 5053 3200 5106 S.
3245 5047 3583 5104 Theodosia
3631 5044 3868 5103 tolerati

2209 5146 2455 5201 verbum
2491 5162 2677 5200 unum
2708 5143 2803 5198 hic
2837 5143 3322 5215 przemitteudum
3359 5142 3656 5210 superest.
3719 5139 3868 5192 Gon‘

2211 5235 2504 5290 stantinus
2528 5250 2694 5288 num.
2729 5238 2796 5287 29
2828 5232 2887 5287 in
2920 5230 3172 5286 macello
3204 5233 3564 5310 pertractam
3594 5231 3866 5280 sanctam

2211 5328 2292 5380 ait
2317 5343 2329 5378 :
2359 5323 2710 5396 Syuaxaria,
2739 5321 2940 5393 utique
2965 5335 3037 5375 ex
3069 5317 3512 5390 antiquioribus
3539 5314 3715 5384 Actis,
3742 5315 3866 5386 πρὸς

2213 5420 2296 5467 τόν
2327 5422 2453 5466 Βοῦν
2483 5414 2565 5470 ad
2595 5414 2832 5468 Bovem.
2861 5411 2959 5466 Hic
2991 5410 3160 5464 locus
3192 5424 3270 5463 an
3300 5407 3467 5474 olim,
3514 5404 3606 5460 vel
3659 5402 3865 5458 saltem

2212 5503 2583 5561 Constantini
2601 5517 2753 5566 aevo,
2778 5498 3099 5556 macellum
3133 5497 3246 5552 sibi
3261 5492 3865 5566 adjunctumhabue-

2211 5596 2301 5672 rit,
2335 5608 2529 5668 eaque
2548 5591 2862 5656 occasione
2895 5592 3296 5648 mactatorum
3342 5583 3699 5642 animalium
3737 5592 3870 5635 cor-
