4090 6386
282 297 394 360 893

1662 291 1734 350 IN
1773 293 1831 350 S.
1869 293 2342 353 THEODOSIA].

282 440 412 482 nua
429 425 655 482 ibidem
675 421 754 480 ad
781 435 1031 478 manum
1053 422 1284 476 essent:
1305 435 1381 475 an
1403 434 1546 475 vero
1566 419 1627 474 id
1649 420 1928 475 Constan-

2046 432 2176 489 pro,
2238 417 2500 490 ἐχωνεύθη
2561 422 2852 490 conﬂatus
2899 429 3006 494 est,
3053 423 3114 479 in
3179 439 3291 479 ms.
3358 422 3690 493 legebatur,

284 516 446 572 tinus
468 529 575 587 per
613 509 992 582 conjectandi
1015 509 1318 566 licentiam
1349 509 1430 566 ita
1460 509 1780 582 scripserit,
1815 523 1940 563 non

282 604 491 662 divino
519 621 532 658 :
562 602 637 657 de
671 605 824 656 Bove
855 599 980 656 scio
1019 615 1091 654 ex
1123 597 1358 654 Joanne
1387 601 1584 654 Tzetze
1632 599 1783 652 inter
1808 598 1938 653 fora

281 691 531 766 publica
555 690 935 746 nominatum
962 688 1168 753 fuisse,
1216 691 1338 749 Bob;
1387 685 1601 761 ἀγορὰν,
1645 691 1762 746 ἤτοι
1812 693 1938 739 Βοῦν

281 787 373 834 τὸν
400 785 580 849 τόπον,
602 783 768 836 Bovis
780 780 1010 848 forum,
1041 793 1144 833 seu
1176 779 1369 833 locum
1400 779 1506 848 qui
1526 779 1642 832 Bos
1668 777 1897 832 dicitur
1921 793 1934 830 :

280 886 357 928 ex
379 870 605 926 Codino
632 885 772 924 vero
788 870 874 924 De
896 867 1226 938 originibus
1247 882 1387 922 eum
1412 866 1592 922 fuisse
1615 882 1735 922 non
1761 864 1938 922 valde

277 965 582 1016 remotum
607 974 644 1014 a
667 956 892 1030 palatio
916 974 929 1012 :
963 955 1264 1029 siquidem
1295 956 1447 1011 inter
1466 961 1726 1028 quatuor
1755 955 1936 1027 porti-

277 1064 408 1109 eus.
431 1048 655 1122 quibus
678 1046 888 1102 urbem
910 1048 1145 1104 ornavit
1162 1044 1450 1107 Eubulus,
1467 1043 1619 1100 duas
1639 1048 1934 1110 numerat,

285 1157 311 1189 ε
342 1153 381 1193 a
411 1136 624 1194 Chalce
649 1152 757 1210 per
786 1134 1002 1192 Milium
1033 1139 1091 1190 et
1120 1137 1334 1205 Forum
1367 1149 1557 1206 usque
1578 1133 1655 1188 ad
1675 1136 1936 1188 Taurum

281 1232 340 1284 et
370 1229 590 1282 Bovem
619 1229 677 1281 et
706 1224 1162 1296 Hexakyonium
1204 1223 1417 1278 ductas
1450 1240 1463 1277 :
1498 1243 1528 1272 ››
1558 1227 1770 1295 postea
1798 1236 1936 1277 vero

279 1315 358 1372 de
416 1315 626 1372 statuis
675 1329 861 1386 agens
894 1330 908 1367 :
943 1335 970 1363 «ι
1003 1315 1067 1367 In
1119 1311 1273 1377 loco,
1326 1311 1542 1383 inquit,
1588 1315 1936 1382 nuncupato

281 1406 464 1473 Bove,
492 1403 758 1460 maxima
781 1406 908 1458 erat
935 1401 1172 1470 fornax,
1201 1400 1372 1456 Bovis
1398 1405 1578 1472 caput
1597 1399 1854 1466 habens,
1873 1399 1936 1453 in

283 1509 409 1566 qua
454 1491 713 1549 maleﬁci
742 1489 1146 1563 puniebantur
1178 1509 1190 1546 :
1225 1505 1411 1561 quare
1441 1489 1620 1545 etiam
1666 1487 1936 1544 Julianus

281 1581 505 1636 multos
538 1579 902 1635 Christianos
921 1578 982 1633 in
1012 1593 1084 1634 ea
1105 1577 1455 1633 combussit.
1488 1580 1625 1632 Erat
1650 1591 1794 1632 vero
1819 1574 1932 1631 for-

278 1685 404 1726 nax
423 1669 525 1726 illa
547 1669 610 1724 in
638 1668 899 1738 ﬁguram
924 1666 1098 1722 bovis
1119 1665 1496 1722 conformata
1525 1665 1934 1738 spectaculum

2048 506 2292 576 ἐφονεύθη
2329 515 2628 565 mactatus
2665 515 2747 566 est
2775 529 2787 566 :
2819 528 2954 584 quae
2993 514 3042 568 si
3068 513 3423 586 metaphora
3449 529 3573 570 non
3605 518 3693 570 est

2047 597 2185 653 bovi
2203 614 2371 654 zeneo
2387 605 2612 671 aptata,
2629 601 2906 672 sphalma
2919 608 3011 659 est
3036 603 3416 661 librariorum
3437 623 3450 672 ;
3476 603 3574 660 ille
3590 620 3694 661 au-

2047 692 2165 742 tem
2196 703 2267 742 eo
2294 703 2417 744 non
2465 689 2890 746 animadverso
2943 691 3024 747 ita
3072 693 3265 760 vertit,
3308 695 3542 764 integra
3588 709 3694 750 au-

2047 782 2165 832 tem
2189 778 2519 848 permansit
2539 778 2750 834 fornax
2764 779 2865 836 illa
2885 796 3078 848 usque
3098 782 3178 838 ad
3194 786 3463 854 tempora
3482 783 3692 839 Phocaa

2045 865 2305 936 tyranni,
2347 865 2454 937 qni
2500 865 2743 922 ultimus
2787 867 3060 924 omnium
3109 869 3189 925 ab
3237 869 3502 926 Heraclio
3532 871 3593 926 in
3621 887 3692 927 eo

2045 954 2420 1011 combustus.
2448 978 2475 1006 »
2514 959 2631 1012 Hoc
2653 973 2684 1011 e
2712 958 2922 1013 Phocaa
2963 964 3152 1016 morte
3189 975 3369 1016 nemo
3402 960 3693 1016 hactenus

2047 1044 2385 1111 somniavit,
2406 1060 2598 1118 neque
2612 1046 2702 1101 vel
2725 1063 2831 1118 per
2851 1047 3135 1104 umbram
3155 1047 3402 1104 extundi
3439 1064 3513 1104 ex
3532 1049 3694 1104 hisce

2043 1131 2242 1186 verbis
2292 1138 2487 1205 potest
2521 1131 2581 1206 ᾖν
2632 1131 2691 1188 δὲ
2737 1137 2768 1193 ἡ
2811 1138 3024 1208 κάμινος
3059 1139 3152 1199 ἕως
3191 1144 3344 1190 Φωκᾶ
3376 1159 3388 1170 ·
3423 1135 3551 1189 ἀλλὰ
3593 1139 3692 1188 ὑπὸ

2041 1219 2343 1292 ’Ἡρακλείου
2375 1220 2616 1292 ἐφονεύθη
2667 1222 2801 1295 λόγῳ
2841 1224 3050 1295 φοὶέων,
3077 1225 3238 1281 unde
3288 1225 3458 1280 vides
3505 1240 3692 1297 quam

2046 1324 2256 1378 parum
2278 1310 2584 1380 possimus
2604 1311 3024 1383 interpretibus
3044 1314 3300 1369 nimium
3322 1314 3382 1368 in
3404 1329 3584 1386 opere
3606 1313 3692 1368 fe-

2045 1397 2405 1453 stinantibus
2429 1397 2636 1456 ﬁdere.
2660 1403 2758 1456 Est
2778 1406 2980 1456 tamen
3000 1402 3400 1474 verum,quod
3425 1402 3484 1458 in
3518 1402 3692 1458 Chro-

2044 1486 2180 1541 nico
2210 1487 2890 1559 Constantinopolitano,
2928 1489 3332 1557 Alexandrino
3375 1504 3697 1562 perperam

2043 1574 2224 1644 dicto,
2248 1590 2388 1646 pag.
2411 1579 2512 1630 576
2537 1575 2790 1646 legatur,
2825 1579 3030 1634 Phocea
3057 1579 3376 1649 cujusdam
3404 1584 3462 1634 et
3484 1579 3695 1635 Leonis

2046 1663 2295 1720 scellarii
2326 1679 2600 1736 corpora,
2624 1670 2836 1722 trunca
2861 1673 2919 1722 et
2943 1668 3048 1722 diu
3079 1673 3336 1739 raptata,
3364 1668 3441 1724 ad
3477 1671 3694 1724 Bovem

273 1759 459 1828 longe
481 1759 886 1815 maximum...
937 1761 995 1813 et
1021 1756 1248 1812 mansit
1295 1771 1488 1828 usque
1521 1755 1598 1810 ad
1645 1754 1929 1820 Phocam,
1965 1778 2004 1831 Β
2044 1754 2246 1809 delata
2262 1754 2502 1809 tandem
2526 1763 2583 1810 et
2607 1762 2990 1813 concremata
3009 1758 3212 1813 fuisse.
3245 1757 3416 1814 Plura
3440 1757 3515 1814 de
3540 1761 3694 1814 Bove

275 1848 389 1904 sed
409 1847 708 1904 Heraclius
728 1862 864 1902 eam
890 1845 1191 1906 conﬂavit,
1215 1844 1445 1901 follium
1466 1847 1654 1915 (aereae
1677 1849 1933 1898 monetae
2043 1843 2208 1915 apud
2232 1843 2519 1912 Cangium
2544 1844 2681 1900 vide
2707 1845 2768 1900 in
2793 1847 3321 1915 Constantinopoli
3341 1846 3694 1903 Christiana

273 1951 470 2008 genus
493 1941 643 2006 erat)
683 1935 1101 1991 cudendorum
1127 1948 1333 1992 causa.
1362 1955 1389 1982 n
1421 1932 1612 1989 Torsit
1639 1932 1736 1988 hic
1764 1931 1932 1988 loeus
2041 1931 2145 1988 lib.
2179 1949 2215 1986 ι.
2249 1947 2362 2004 cap
2401 1935 2490 2003 24,
2523 1932 2630 1989 ubi
2659 1934 2732 1989 de
2762 1932 2905 1990 foris
2929 1935 3184 2008 publicis
3212 1951 3381 1990 num.
3413 1938 3476 1990 XI
3505 1935 3692 1992 multa

275 2023 486 2082 Codini
523 2025 906 2098 interpretem
943 2024 1244 2080 Joannem
1290 2021 1732 2084 Leunclavium,
1764 2020 1931 2093 quod
2040 2020 2196 2076 lectu
2223 2025 2282 2076 et
2310 2021 2460 2076 scitu
2487 2023 2847 2093 dignissima
2870 2023 3160 2080 invenies.

1049 2429 1227 2495 ΤΟΥ
1278 2428 1819 2494 ΣΟΦΩΤΑΤΟΥ
1872 2428 2303 2494 ΜΕΓΑΛΟΥ
2369 2419 2916 2492 ΛΟΓΟΘΕΤΟΥ

1881 2581 2095 2627 ΚΥΡΟΥ

665 2693 1833 2812 ΚΩΝΣΤΑΝΤΙΝΟΥ
1933 2695 2201 2808 ΤΟΥ
2275 2681 3329 2806 ΑΚΡΟΠΡΛΙΤΟΥ

919 2905 1312 2993 ΛΟΓΟΣ
1363 2905 1540 2991 ΕΙΣ
1589 2907 1818 2990 ΤΗΝ
1872 2906 2228 2990 ΑΓΙΑΝ
2282 2897 3080 2990 ΟΣΙΟΜΑΡΤΥΡΑ

1276 3080 2702 3258 ΘΕΟΔΟΣΙΑΝ.

1026 3473 1828 3543 SAPIENTISSIMI
1901 3473 2238 3542 MAGNI
2311 3469 2968 3540 LOGOTHETIE

1881 3656 2105 3702 DOMINI

572 3817 1881 3970 CONSTANTIN
1893 3817 1962 3968 Ι
2060 3811 3414 3968 ACROPOLITXE

942 4111 1370 4207 SERMO
1431 4111 1568 4206 IN
1627 4113 2230 4210 SANCTAM
2286 4110 3031 4208 MARTYREM

1248 4354 2773 4521 THEODOSIAM.

669 4653 794 4726 (Ea:
829 4651 1024 4710 codice
1083 4653 1373 4710 Vaticano
1410 4653 1537 4722 800,
1574 4653 1688 4726 fol.
1742 4658 1850 4726 91;
1890 4656 2213 4725 interprete
2254 4653 2324 4709 Β.
2372 4654 2446 4709 Ρ.
2493 4653 2744 4710 Daniele
2790 4653 3087 4722 Cardono,
3136 4653 3203 4708 S.
3246 4651 3332 4723 J.)

381 5113 432 5165 α’
473 5119 700 5166 Γυναῖκα
747 5115 836 5185 μὶν
876 5109 1119 5186 ἀνδρείαν
1149 5118 1243 5165 πιῦ
1283 5130 1368 5172 τος
1406 5109 1467 5162 ἀν
1515 5114 1605 5162 καὶ
1652 5113 1792 5171 ὅπως
1829 5116 1908 5160 εὐ-

307 5222 410 5276 ροι,
463 5203 489 5254 ὁ
529 5205 689 5275 σοφὸς
729 5206 969 5276 ἠπόρησα
997 5201 1249 5275 Σολομῶν.
1295 5204 1395 5254 Καὶ
1433 5199 1573 5272 μάλα
1599 5217 1660 5270 γε
1703 5202 1908 5260 εἰκότως

309 5294 567 5364 ἠπόρησε.
617 5293 724 5363 Πρό
779 5291 882 5363 γὰρ
930 5297 1027 5350 τῆς
1099 5292 1322 5362 χάριτος
1372 5286 1616 5347 ἀσθενοῦς
1666 5286 1910 5349 καθαπαξ

309 5387 409 5441 τῆς
463 5377 795 5452 ἀνθρωπίνης
863 5381 1068 5451 φύσεως
1128 5381 1408 5451 ποφηνυίας
1478 5373 1571 5429 διὰ
1652 5380 1745 5434 τὴν
1818 5384 1910 5428 τοῦ

314 5464 606 5541 δυσμενοῦς
639 5469 766 5541 ἡμῖν
804 5467 1069 5529 έζαπάτην
1116 5471 1300 5535 σατὰν,
1337 5471 1439 5539 χαὶ
1469 5471 1563 5525 τὴν
1592 5474 1689 5528 τῆς
1719 5461 1912 5518 daemo-

313 5563 467 5618 τικῆς
503 5555 804 5632 παράϐασιν
853 5555 1076 5618 ἐντολῆς,
1128 5557 1395 5618 τοσαῦτης
1454 5563 1516 5628 ᾖν
1574 5551 1912 5630 ἀνδρανεστε-

312 5661 424 5720 ρον,
457 5645 512 5710 ἐξ
550 5643 864 5708 ἀδολουθιας
906 5645 1158 5708 ἐξίτηλα-νε
1189 5645 1301 5718 ’Δφ’
1331 5641 1392 5699 οὗ
1439 5641 1500 5698 δὲ
1534 5647 1663 5705 Θεὸς
1704 5647 1910 5717 γέγονεν

1757 4921 2232 4986 PROLOGUS.

1938 5075 1979 5130 C

2099 5112 2147 5163 1.
2189 5106 2487 5164 Mulierem
2522 5106 2738 5163 fortem
2764 5105 2864 5162 ubi
2887 5103 3024 5178 quis
3045 5108 3337 5160 terrarum
3361 5105 3420 5158 et
3437 5116 3560 5173 qua
3585 5117 3680 5158 ra-

2023 5199 2181 5254 tione
2219 5196 2390 5253 facile
2421 5201 2624 5268 posset
2653 5197 2930 5268 reperire,
2959 5209 3082 5250 non
3112 5209 3329 5266 parum
3361 5190 3678 5248 addubita-

2021 5288 2128 5344 bat
2157 5285 2637 5360 sapientissimus
2669 5285 2976 5341 Salomon.
3001 5287 3200 5355 Neque
3219 5282 3280 5338 id
3301 5297 3446 5338 sane
3466 5280 3679 5336 imme-

2020 5379 2154 5434 rito.
2171 5381 2318 5432 Ante
2340 5376 2498 5431 enim
2522 5391 2709 5446 quam
2732 5374 3010 5431 uberiore
3030 5373 3252 5429 divinae
3275 5371 3477 5442 gratia:
3503 5371 3681 5442 copia

2021 5466 2254 5522 coalitus
2285 5463 2459 5520 nobis
2487 5463 2569 5518 uti
2597 5467 2750 5518 esset
2777 5477 3151 5532 concessum,
3181 5465 3238 5518 et
3256 5476 3380 5533 quo
3410 5465 3680 5531 tempore

2022 5559 2242 5611 natura
2257 5553 2547 5618 humana,
2564 5555 2692 5606 tum
2709 5549 2790 5606 ob
2805 5565 3125 5622 nunquam
3141 5565 3266 5606 non
3282 5549 3482 5606 infesti
3503 5548 3679 5604 nobis

2023 5647 2245 5701 satanas
2261 5641 2526 5714 insignes
2542 5639 2809 5704 fraudes,
2831 5644 2963 5696 tum
2982 5638 3064 5695 ob
3080 5638 3512 5696 mandatorum
3535 5637 3680 5694 divi-
