4090 6410
390 295 496 349 895

1581 286 2039 346 CONSTANTINI
2077 286 2557 345 ACROPOLITA‘J.

3651 291 3756 349 896

389 432 610 475 norum
621 415 1174 490 praevaricationem
1191 415 1688 487 continuam,suis
1704 413 2034 471 admodum

2153 414 2439 488 ἄνθρωπος,
2496 417 2586 467 καὶ
2624 417 2718 473 τὴν
2761 422 3092 469 πεπτωκυῖαν
3151 415 3482 492 ἂνὼρθρωσε,
3538 420 3630 471 καὶ
3669 418 3758 469 τὸν

391 507 618 564 viribus
671 509 794 563 erat
844 505 1076 563 defecta
1104 523 1118 573 ;
1151 505 1234 562 nil
1285 505 1551 580 profecto
1595 505 1838 571 mirum,
1872 503 1921 559 si
1977 504 2037 559 in

391 598 686 668 majorem
735 613 988 670 semper,
1041 596 1504 653 imbecillitatem
1545 596 1813 668 delapsa,
1846 594 2040 666 magis

390 686 571 742 etiam
599 686 866 759 quotidie
913 686 1230 759 magisque
1260 691 1757 758 corrumperetur.
1803 689 1874 740 At
1896 699 2040 740 vero

391 779 718 848 postquam
759 776 1021 832 hominis
1044 779 1324 832 naturam
1357 777 1509 831 Deus
1537 790 2042 839 assumere,eam-

390 880 510 937 que
547 865 966 921 miserabiliter
1012 881 1156 921 sane
1205 865 1474 922 habitam
1519 880 1762 922 rursum
1796 864 2040 936 erigere,

391 955 537 1026 quin
565 955 743 1010 etiam
775 970 936 1023 eum,
959 969 1141 1028 quem
1161 958 1226 1010 ut
1249 953 1549 1024 infestum,
1579 955 1663 1010 sic
1692 953 1870 1024 longe
1895 969 2044 1027 quo-

391 1059 510 1116 que
539 1043 716 1100 nobis
744 1059 875 1100 esse
896 1043 1282 1100 valentiorem
1307 1045 1454 1101 tristi
1475 1044 1883 1117 experimento
1913 1060 2044 1100 sen-

391 1133 692 1190 tiebamus
726 1133 980 1202 graviter
1027 1133 1337 1190 vulnerare
1385 1150 1509 1190 non
1540 1133 1873 1203 dubitavit;
1908 1150 2043 1190 om-

392 1237 784 1294 nesque,com
793 1222 958 1278 muni
973 1239 1042 1279 ac
1054 1222 1382 1280 sufﬁciente
1399 1223 1688 1280 adversus
1700 1224 2043 1280 daemonem

395 1312 589 1382 gratia
610 1311 906 1377 instructi,
935 1312 1248 1368 victoriam
1288 1328 1528 1384 sperare
1558 1313 1887 1386 potuimus,
1915 1317 2042 1370 tum

396 1416 540 1457 sane
569 1416 691 1456 non
722 1400 828 1456 viri
866 1401 1068 1468 modo,
1101 1402 1204 1474 qui
1255 1403 1654 1459 robustiorem
1686 1402 1873 1458 sortiti
1903 1406 2045 1459 sunt

394 1489 678 1558 indolem,
712 1490 989 1547 eamdem
1018 1492 1303 1564 praeclare
1332 1491 1749 1548 demonstrare
1767 1497 1916 1548 sunt
1943 1507 2048 1563 ag-

395 1580 601 1649 gressi,
634 1580 812 1636 etiam
845 1596 1028 1654 supra
1055 1587 1287 1638 naturae
1317 1582 1534 1638 limites
1555 1598 1683 1639 sese
1712 1582 2044 1650 eﬁ'erentes,

392 1685 604 1726 verum
618 1669 1022 1726 imbecillioris
1036 1686 1280 1743 quoque
1298 1687 1479 1727 sexus
1491 1672 1750 1743 virgines
1762 1672 2046 1744 quasdam

395 1765 451 1816 et
479 1763 767 1816 matronae
797 1761 1070 1817 exstitere
1112 1761 1388 1832 illustres,
1429 1777 1566 1834 quas
1610 1763 1892 1818 adversus
1921 1777 2045 1829 eos,

394 1865 656 1922 quorum
684 1849 836 1904 vires
861 1850 1078 1905 nostris
1098 1848 1277 1921 longe
1305 1854 1443 1906 sunt
1463 1851 1821 1923 superiores,
1844 1851 2047 1908 animo

395 1938 530 2012 plus
560 1952 744 2009 quam
777 1937 1048 1994 muliebri
1081 1938 1382 1996 decertare
1412 1955 1535 1996 non
1561 1939 1802 1996 fuerunt
1827 1940 2044 2007 veritae,

396 2027 755 2097 angelicam,
786 2027 834 2083 si
862 2043 1073 2084 verum
1122 2027 1421 2096 dicamus,
1452 2029 1514 2086 in
1542 2033 1700 2086 terra
1723 2031 1906 2087 vitam
1939 2030 2046 2086 du-

397 2120 615 2184 centes,
648 2121 704 2173 et
740 2116 922 2172 veluti
964 2133 1036 2173 ex
1080 2117 1200 2174 alto
1229 2118 1624 2190 despicientes
1668 2134 2048 2192 quaecunque

396 2206 457 2261 in
487 2205 633 2262 orbe
666 2205 781 2261 hoc
811 2221 934 2262 non
961 2211 1120 2274 sunt,
1149 2207 1254 2263 sed
1291 2208 1570 2264 videntur
1598 2208 1805 2278 magni
1831 2208 2047 2264 facien-

397 2293 477 2350 da
506 2313 518 2350 :
551 2295 769 2352 animm
799 2295 1064 2368 profecto
1109 2296 1325 2369 seipsis
1356 2296 1594 2353 altiores
1641 2297 1882 2363 effectae,
1912 2313 2049 2371 quae

398 2399 536 2440 cum
567 2399 821 2456 corpora
844 2401 956 2441 sua
984 2385 1210 2457 ubique
1240 2385 1706 2454 circumferrent,
1738 2385 1822 2443 sic
1844 2391 2049 2444 tamen

397 2473 577 2545 quasi
601 2478 766 2530 extra
785 2489 1057 2546 corpora,
1083 2475 1317 2547 absque
1343 2475 1466 2532 ulla
1488 2491 1695 2532 eorum
1723 2492 1886 2544 cura,
1918 2493 2050 2533 ver-

399 2562 705 2619 sabantur.
733 2565 952 2619 Earum
980 2563 1176 2636 igitur,
1203 2580 1355 2637 quas
1379 2564 1562 2621 modo
1584 2565 1882 2636 dicebam,
1914 2581 2048 2622 mu-

397 2651 606 2709 lierum
634 2667 757 2708 non
787 2669 1016 2723 paucae,
1048 2656 1185 2726 post
1204 2656 1416 2724 ingens
1439 2653 1586 2710 illud
1607 2671 1677 2710 ac
1699 2671 1870 2712 sacro
1899 2671 2050 2728 quo-

397 2742 540 2798 dam
571 2743 816 2799 horrore
841 2742 1260 2815 plenissimum
1285 2743 1384 2799 Dei
1406 2760 1475 2800 ac
1496 2744 1817 2801 Salvatoris
1837 2745 2047 2812 nostri,

397 2847 639 2888 carnem
680 2837 950 2888 nostram
994 2832 1393 2904 suscipientis,
1430 2848 1744 2902 arcanum,
1776 2833 2049 2904 ingentes

396 2921 474 2978 ad
495 2923 778 2978 virtutum
807 2922 1195 2994 quantumvis
1216 2922 1543 2979 arduarum
1567 2922 2052 2980 exercitationem

397 3011 777 3067 subeundam
808 3011 1065 3080 animos,
1101 3015 1157 3067 et
1184 3011 1350 3068 virile
1369 3012 1684 3084 quoddam
1715 3012 1932 3068 mentis
1961 3027 2053 3068 ro-

2147 613 2250 646 κατ

2147 506 2273 565 τέως
2323 503 2438 556 καθ’
2480 505 2626 576 ἡμῶν
2689 504 2947 577 ἓσχύοντα
2987 505 3360 577 καταϐέϐληκε,
3410 511 3500 562 καὶ
3565 508 3760 580 χάριτι

2249 594 2264 619 ’
2346 594 2506 647 αὑτοῦ
2558 603 2702 654 κοινῆ
2785 599 2968 658 πάντες
3032 602 3126 657 τὴν
3185 607 3412 652 νικῶσαν
3474 597 3757 671 ἆλὰχομεν,

2150 682 2256 754 οὐχ
2307 685 2388 735 ὅτι
2443 703 2503 756 γε
2562 681 2748 760 ἄνδρες
2804 691 3065 759 κρείττους
3115 683 3500 760 ἁνεδείχθησαν
3554 690 3763 761 φύσεως

2150 777 2241 826 καὶ
2279 774 2404 849 ὑπὲρ
2459 776 2612 847 φύσιν
2665 777 3000 850 ἠρίστευσαν,
3059 776 3167 829 ἀλλ’
3214 773 3322 836 ἤδη
3372 781 3463 830 καί
3513 785 3765 848 γυναῖκες

2152 864 2424 935 ὑπερφευῖς
2498 883 2629 924 τινες
2714 863 3057 937 ἀνεφάνησαν,
3136 886 3226 919 και
3280 873 3390 929 τοῖς
3434 868 3562 939 ὑπερ
3622 867 3764 938 ἡμᾶς

2152 951 2520 1025 ἡμιλληθησαν
2555 951 2842 1024 ἁγγελικῶς
2879 952 2962 1007 im
3007 962 3103 1027 γῆς
3139 962 3254 1017 ταῖς
3293 953 3561 1016 ἀληθείαις
3614 954 3768 1008 πολι-

2151 1043 2482 1114 τευσάμεναι,
2508 1061 2599 1094 και
2628 1051 2726 1094 τῶν
2769 1039 2902 1116 τῇδε
2925 1063 3015 1096 και
3038 1053 3236 1118 γεηρῶν
3257 1046 3359 1098 ὅσα
3388 1041 3457 1103 δὴ
3487 1063 3578 1098 και
3607 1046 3769 1119 ὑπέρ-

2153 1152 2300 1208 τεραι
2326 1135 2505 1205 φύσεις
2535 1127 2902 1208 ὑπεριδὸῡσαι,
2949 1154 3039 1186 και
3081 1138 3151 1196 ὡς
3187 1133 3463 1207 ἀσώματοι
3499 1137 3559 1188 τό
3606 1142 3769 1207 σῶμα

2153 1225 2626 1295 περιφρονήσασαι.
2679 1229 2879 1294 Συχναι
2930 1226 3020 1295 μεν
3073 1219 3160 1275 οὖν
3214 1232 3497 1295 γυναικῶν,
3530 1225 3666 1295 μετὰ
3700 1227 3762 1276 τό

2154 1315 2287 1384 μέγα
2340 1330 2428 1363 και
2484 1314 2696 1384 φρικτόν
2742 1319 2838 1374 τῆς
2898 1310 3334 1381 ἐνανθρωπήσεως
3361 1320 3453 1366 τοῦ
3494 1319 3632 1366 Θεοῦ
3667 1332 3756 1365 και

2155 1409 2393 1476 Σωτῆρος
2443 1405 2736 1473 μυστήριον
2781 1399 3027 1475 ἀνδρεῖον
3078 1404 3205 1475 πρὸς
3252 1405 3373 1464 τοὺς
3409 1402 3525 1454 κατ’
3571 1401 3758 1477 ἀρετὴν

2155 1491 2341 1551 ἄθλους
2379 1485 2695 1552 ἐνεδείξαντο
2739 1493 2998 1563 φρόνημα,
3036 1491 3266 1563 γενναῖόν
3295 1511 3349 1545 τε
3393 1490 3584 1563 ψυχῆς
3628 1493 3769 1565 πρὸς

2156 1584 2273 1641 τοὺς
2305 1581 2432 1653 ὑπὲρ
2465 1586 2698 1652 Χριστοῦ
2723 1598 2812 1631 και
2869 1582 3006 1632 κατὰ
3061 1584 3293 1654 Χριστὸν
3341 1579 3542 1652 ἀγῶνας
3589 1582 3768 1654 παροί-

2159 1689 2340 1742 στημα
2374 1671 2442 1727 ἠ
2505 1665 2564 1721 δὲ
2613 1674 2700 1719 νῦν
2754 1670 2878 1741 ἡμῖν
2932 1665 3039 1728 ἤδη
3076 1667 3456 1744 προϐεϐλημένη
3511 1672 3645 1742 πρός
3684 1669 3770 1722 εὖ·

2077 1775 2117 1830 Β
2159 1765 2356 1832 φημίας
2411 1759 2679 1824 ὑπόθεσιν,
2730 1761 2788 1810 τό
2852 1761 3160 1834 φερωνύμως
3214 1755 3487 1812 θεόσδοτον
3539 1757 3771 1830 ἀγαθόν,

2159 1847 2442 1915 Θεοδοσία,
2493 1849 2522 1907 ἡ
2580 1847 2627 1900 ἐν
2680 1849 2849 1910 ὁσίαις
2891 1854 3222 1924 πυρίπιστος,
3279 1854 3369 1902 καὶ
3425 1847 3474 1902 ἐν
3528 1850 3774 1923 μάρτυσι

2156 1939 2484 2015 περιϐόητος,
2557 1945 2670 1998 ταῖς
2721 1941 2812 2010 μεν
2860 1947 2960 1990 τῶν
3035 1942 3168 2011 πρὸς
3241 1938 3404 2002 αὐτῆς
3473 1937 3770 2011 spineo»,

2155 2038 2256 2083 τῶν
2326 2025 2376 2080 δ’
2434 2027 2494 2080 οὐ
2541 2028 2759 2100 πάμπαν
2839 2026 3141 2100 ἀπελείφθη,
3212 2030 3307 2090 τὰς
3393 2024 3453 2082 δὲ
3512 2027 3772 2102 λαμπρῶς

2155 2118 2471 2193 ὑπερήλασε,
2510 2126 2610 2170 τῶν
2655 2113 2715 2170 δε
2763 2118 2875 2188 μεθ’
2931 2117 3118 2176 ἑαυτὴν
3155 2118 3373 2171 ἁπασῶν
3407 2117 3658 2192 πρόϐολός
3686 2138 3772 2181 τις

2156 2211 2404 2284 ἄτρεστος
2461 2207 2531 2268 ὡς
2582 2206 2782 2268 ἀληθῶς
2849 2204 3132 2280 ἀνεδείχθη
3187 2228 3276 2261 και
3337 2207 3768 2280 ἁκαταγώνιστος

2155 2301 2438 2373 πρόμαχος
2469 2317 2480 2328 ·
2509 2302 2662 2348 τοῦτο
2707 2299 2795 2368 μὲν
2845 2299 3162 2350 νουθετοῦσαι
3205 2317 3294 2350 και
3333 2295 3506 2360 καλῶς
3568 2316 3768 2372 καταρ-

2157 2387 2402 2448 τίζουσα,
2435 2392 2587 2438 τοῦτο
2642 2381 2700 2438 δε
2748 2384 3128 2457 ὑπαλείφουσα,
3171 2405 3262 2439 και
3295 2390 3426 2461 πρὸς
3473 2389 3596 2448 τοὺς
3633 2387 3768 2438 κατὰ

2159 2479 2287 2531 Θεὸν
2317 2474 2515 2546 ἀγῶνας
2545 2474 2851 2548 ἕπαίρουσα,
2882 2494 2971 2526 και
3003 2476 3068 2528 τὰ
3093 2475 3268 2528 εἰκότα
3297 2475 3762 2548 ὑπερασπίζουσα,

2159 2567 2188 2624 ἦ
2219 2564 2408 2638 μᾶλλον
2438 2565 2664 2638 σπινθὴρ
2695 2583 2776 2627 τις
2830 2563 3092 2626 εὐσεϐείας
3124 2565 3305 2640 εὑρέθη
3362 2566 3427 2625 ὡς
3483 2562 3532 2616 ἐν
3565 2560 3767 2636 σποδιᾷ

2158 2663 2220 2728 τῇ
2267 2658 2382 2709 τότε
2433 2656 2735 2726 κατεχούσῃ
2800 2657 3096 2726 σκοτομήνῃ
3139 2661 3234 2716 τῆς
3310 2653 3626 2716 Ἐκκλησίας
3703 2657 3764 2706 τὸ

2470 2764 2483 2776 ·
2533 2742 2590 2804 ὃς
2626 2745 2751 2817 πρὸς
2789 2744 2878 2814 μεν
2907 2745 3114 2815 μικρὸν,
3150 2731 3176 2794 ὅ
3225 2761 3275 2795 τι
3315 2738 3565 2811 διέλαθεν,
3620 2742 3760 2814 ἠρθη

2161 2829 2212 2886 δ’
2257 2834 2446 2896 εὐθὺς,
2514 2833 2585 2894 εἰς
2647 2835 2849 2907 πυρσόν
2899 2851 2990 2884 και
3062 2834 3180 2892 τούς
3234 2837 3304 2904 μὴ
3378 2831 3765 2904 τυφλώττοντας

2158 2743 2258 2802 πλὴ
2266 2763 2294 2817 ρ
2300 2763 2416 2815 ωμα

2161 2941 2329 2976 εκοντι
2392 2918 2766 2992 καθωὸηγήκει
2830 2924 2956 2994 πρὸς
3012 2921 3079 2973 τά
3129 2925 3387 2996 σωτήρια.
3443 2918 3598 2972 Ἀλλὰ
3648 2923 3772 2972 τοὺ-

2159 3030 2260 3064 των
2336 3009 2426 3084 μέν
2494 3010 2610 3073 ἅλις
2666 3030 2678 3043 ·
2757 3013 2815 3062 τὸ
2902 3006 2953 3062 δ’
3040 3009 3219 3072 εἰωθός
3295 3009 3773 3084 προσφθηξαμένῳ

395 3100 510 3157 bur
529 3116 599 3157 ac
619 3101 994 3173 propositum
1011 3100 1072 3155 in
1093 3100 1164 3155 iis
1187 3101 1616 3157 certaminibus
1637 3101 2046 3168 ostenderunt,

2159 3119 2250 3152 και
2309 3108 2417 3162 νῦν,
2489 3099 2555 3161 ὠς
2606 3102 2682 3158 εἴη
2726 3118 2817 3172 μοι
2864 3106 2956 3151 τοῦ
3031 3102 3368 3172 προκειμένου
3455 3097 3775 3174 συλλήπτωρ

395 3206 534 3262 quia
582 3205 691 3260 pro
743 3189 972 3246 Christo
1001 3192 1060 3244 et
1115 3190 1392 3262 exemplo
1430 3190 1643 3246 Christi
1693 3191 2048 3247 sustinuere.

396 3279 612 3333 Verum
641 3277 741 3333 illa
770 3293 907 3350 quas
939 3277 1249 3334 laudanda
1290 3277 1470 3334 hodie
1499 3278 1674 3336 nobis
1717 3284 1809 3336 est
1836 3294 2053 3352 propo-

2367 3187 2379 3203 ῃ

2162 3192 2308 3258 Θεὸς,
2359 3187 2688 3261 ἐγχειρητέον
2741 3188 2836 3260 ἆγε
2907 3194 3016 3250 τοῖς
3081 3195 3174 3249 τῆς
3249 3191 3510 3264 μακαρίας
3574 3186 3770 3259 ἀγῶσι,

2159 3298 2250 3330 και
2315 3284 2422 3339 τοῖς
2475 3278 2611 3330 κατά
2666 3280 2794 3330 Θεὸν
2855 3280 3052 3341 ταύτης
3107 3275 3404 3336 ἐπιϐλητέον
3459 3276 3775 3350 παλαίσμα-

400 3366 533 3433 sita,
567 3369 626 3422 et
652 3366 809 3421 velut
862 3365 1334 3437 pulcherrimum
1390 3367 1705 3440 quoddam
1755 3369 1984 3425 donum
2016 3385 2052 3425 a
2163 3387 2265 3424 σιν.

399 3459 518 3512 Deo
569 3454 921 3512 mortalibus
952 3471 1259 3526 concessa,
1286 3472 1410 3514 non
1437 3473 1474 3513 a
1509 3457 1594 3513 rei
1641 3459 1891 3516 veritate
1940 3457 2204 3514 alienum
2252 3456 2457 3513 sortita
2487 3460 2578 3512 est
2621 3471 2868 3526 nomen,
2902 3456 3260 3526 Theodosia,
3313 3456 3586 3530 interque
3614 3455 3773 3513 alias

397 3544 656 3617 virgines
701 3545 1112 3602 sanctissimas
1150 3545 1600 3603 ferventissimae
1631 3546 1772 3603 ﬁdei
1801 3547 2198 3621 praerogativa
2241 3545 2509 3616 insignis,
2544 3550 2602 3601 et
2645 3546 2798 3601 inter
2841 3551 3135 3619 martyres
3182 3545 3593 3614 celeberrima,
3627 3562 3771 3602 cum

399 3633 469 3690 iis
498 3633 781 3690 omnibus
807 3649 944 3706 quae
975 3637 1111 3690 ante
1137 3635 1335 3706 ipsam
1365 3635 1713 3692 exstiterunt
1737 3635 1984 3708 pulchre
2014 3634 2320 3692 contendit
2356 3635 2431 3692 de
2461 3634 2726 3691 victoria.
2762 3635 2988 3692 Harum
3018 3635 3179 3692 enim
3210 3634 3340 3692 aliis
3370 3634 3517 3690 nihil
3555 3634 3770 3690 admo-

398 3723 546 3778 dum
576 3723 652 3778 de
695 3723 883 3794 gloria
913 3723 1302 3792 concessisse,
1335 3723 1484 3780 alias
1537 3724 1718 3780 etiam
1769 3741 1893 3781 non
1941 3725 2067 3781 sine
2115 3723 2405 3796 praeclara
2449 3739 2559 3780 sua
2600 3723 2780 3780 laude
2827 3724 2956 3780 visa
3004 3729 3093 3781 est
3138 3738 3494 3797 superasse;
3536 3724 3772 3779 cunctis

397 3828 540 3869 vero
573 3828 710 3885 quae
739 3812 935 3886 ipsam
965 3818 1070 3870 aut
1097 3817 1333 3871 saecutae
1347 3815 1477 3884 jam
1506 3813 1745 3872 fuerunt
1773 3819 1877 3871 aut
1895 3829 2076 3888 porro
2101 3816 2446 3888 sequentur,
2469 3827 2692 3885 praeses
2717 3815 3113 3870 certaminum
3143 3813 3484 3885 fortissima,
3518 3817 3576 3869 et
3597 3813 3775 3869 inex-

397 3902 741 3974 pugnabilis
786 3903 942 3958 facta
983 3906 1072 3959 est
1120 3903 1584 3975 propugnatrix;
1629 3903 1848 3976 partim
1897 3903 1976 3960 ad
2007 3903 2232 3960 fortiter
2283 3903 2637 3960 certandum
2687 3902 3001 3976 impellens
3040 3903 3236 3959 verbis
3286 3907 3344 3960 et
3390 3902 3678 3976 pulchras
3707 3903 3772 3958 in

397 4007 667 4064 pugnam
698 3991 853 4048 vires
883 3990 1226 4063 sufﬁciens;
1275 3992 1494 4064 partim
1525 3992 1602 4048 ad
1649 3993 1898 4066 propius
1938 4009 2077 4049 cum
2121 3993 2294 4049 hoste
2326 3991 2842 4064 congrediendum
2881 3992 3227 4066 fortiterque
3251 4008 3361 4065 pro
3393 3993 3512 4048 Deo
3543 3991 3776 4048 auden-

397 4081 566 4146 dum,
595 4080 775 4136 rebus
804 4081 1104 4137 instruens
1142 4085 1200 4137 et
1236 4081 1618 4138 sermonibus
1659 4082 1936 4152 incitans,
1978 4088 2158 4156 atque
2201 4083 2531 4140 etiamnum
2577 4087 2870 4139 certantes
2914 4083 3046 4156 ipsa
3074 4099 3186 4158 pro
3217 4083 3513 4156 cujusque
3542 4083 3775 4138 meritis

398 4170 617 4225 auxilio
643 4186 752 4226 suo
781 4169 990 4226 fovens
1017 4185 1088 4226 ac
1114 4174 1465 4242 protegens;
1497 4170 1614 4228 nisi
1633 4171 1862 4228 discere
1883 4173 2059 4228 malis
2082 4171 2346 4229 scintillae
2374 4171 2698 4243 cujusdam
2720 4171 3015 4228 rationem
3037 4171 3325 4228 habuisse
3345 4171 3772 4228 Theodosium-

399 4259 571 4324 Quod
600 4259 650 4314 si
680 4259 867 4326 dicas,
896 4259 1094 4314 vivam
1125 4258 1382 4331 intellige
1412 4261 1648 4332 pietatis
1677 4261 1794 4317 huc
1814 4261 2116 4332 religionis
2147 4259 2489 4327 scintillam,
2513 4259 2633 4315 aud
2665 4260 2904 4318 sordido
2934 4259 3035 4317 illo
3063 4264 3361 4333 repertam
3394 4260 3614 4328 cinere,
3645 4275 3773 4332 quo

401 4347 679 4404 universa
711 4347 985 4404 Ecclesiae
1016 4347 1218 4417 facies,
1248 4349 1426 4405 veluti
1457 4349 1785 4420 caliginosa
1811 4351 2079 4423 quadam
2109 4350 2379 4412 nocte,id
2411 4349 2694 4422 temporis
2721 4349 3118 4420 obtegebatur
3141 4369 3153 4407 :
3179 4365 3317 4424 quas
3346 4349 3594 4423 quidem
3621 4365 3772 4422 pau-

398 4435 588 4492 lulum
617 4436 783 4509 prius
808 4436 1183 4505 delitescens,
1217 4443 1278 4495 at
1308 4438 1446 4496 dein
1476 4443 1720 4511 repente
1767 4440 2046 4509 excitata,
2075 4441 2138 4496 in
2165 4441 2480 4496 ﬂammam
2530 4439 2726 4511 erupit
2767 4440 3188 4507 clarissimam,
3221 4444 3285 4495 ut
3313 4455 3386 4496 ea
3413 4439 3566 4494 duce
3596 4444 3773 4512 quot-

398 4529 544 4597 quot
574 4541 693 4581 non
725 4526 972 4582 omnino
1003 4527 1414 4597 crecutiebant,
1457 4529 1515 4583 in
1546 4534 1773 4584 rectum
1805 4529 2223 4602 pulcherrimae
2254 4529 2462 4585 salutis
2493 4529 2790 4587 tramitem
2840 4529 2993 4585 ultro
3035 4528 3479 4584 reducerentur.
3533 4529 3650 4584 Sed
3693 4529 3771 4584 de

398 4615 492 4669 his
522 4615 703 4670 modo
726 4616 867 4670 satis
898 4633 910 4672 :
940 4617 1075 4672 ideo
1102 4621 1304 4674 autem
1327 4633 1398 4672 ea
1419 4617 1838 4689 praemittenda
1858 4618 2024 4687 duxi,
2057 4622 2120 4674 ut
2150 4620 2347 4691 operis
2373 4621 2633 4695 suscepti
2659 4619 2899 4692 adjutor
2928 4619 3078 4676 mihi
3105 4621 3258 4676 Deus
3280 4617 3453 4675 adsit.
3474 4620 3642 4674 Nunc
3664 4618 3772 4689 igi-

399 4708 494 4760 tur
525 4707 580 4758 B.
612 4705 892 4776 martyris
926 4707 984 4762 in
1016 4706 1443 4763 certaminibus
1483 4706 1912 4778 fortitudinem,
1945 4712 2001 4764 et
2030 4708 2090 4763 in
2118 4723 2303 4764 arena
2330 4725 2440 4782 pro
2471 4711 2590 4767 Deo
2621 4725 2731 4766 suo
2763 4709 3017 4782 gloriose
3047 4708 3454 4782 dcpugnantis
3486 4713 3774 4765 constan-

400 4795 544 4853 tiam
575 4796 987 4854 exhibeamus.

1908 4888 2138 4945 CAPUT
2165 4888 2204 4942 Ι.

1179 4977 1244 5034 S.
1277 4977 1612 5034 Theodosia
1643 4979 1898 5045 natales,
1930 4978 2352 5044 adolescentia,
2383 4978 2508 5035 vita
2528 4978 2879 5036 monastica.

469 5107 520 5157 2.
555 5104 744 5176 Atque
761 5105 823 5156 ut
845 5101 983 5157 inde
1003 5100 1234 5158 initium
1249 5100 1545 5158 ducamus
1567 5102 1864 5159 sermonis
1889 5100 2046 5158 unde

2236 5100 2304 5173 β’.
2343 5100 2487 5155 Ἀλλ”
2543 5102 2604 5153 ἵν’
2662 5101 2956 5178 ἀρξώμεθα,
2999 5102 3112 5155 ὅθεν
3157 5103 3312 5155 ποθεν
3353 5103 3384 5160 ἡ
3437 5105 3622 5174 τέχνη,
3665 5107 3779 5164 τοῖς

400 5206 498 5247 ars
523 5191 759 5248 dicendi
789 5191 950 5263 (qua:
981 5195 1038 5246 et
1064 5190 1197 5262 ipsa
1220 5192 1431 5264 positis
1469 5207 1505 5248 a
1554 5197 1770 5248 natura
1799 5192 2046 5248 sanctio-

2161 5199 2256 5253 τῆς
2296 5193 2496 5263 φύσεως
2535 5194 2683 5264 τάχα
2734 5190 3198 5246 κατακολουθοῦσα
3257 5193 3486 5264 θεσμοῖς,
3530 5188 3778 5264 παρέδω-

397 5280 579 5336 nibus
650 5279 924 5349 religiose
1003 5277 1376 5352 obsequitur)
1438 5281 1848 5354 incipiendum
1923 5294 2046 5336 esse

2161 5300 2244 5333 κεν
2275 5283 2560 5354 ἄρχεσθαι,
2597 5280 2652 5334 ἐκ
2703 5290 2803 5335 τῶν
2844 5284 2987 5334 κατω
3011 5301 3101 5333 και
3154 5281 3272 5334 καθ’
3318 5285 3477 5354 ἡμᾶς,
3527 5282 3640 5334 ὅθεν
3686 5301 3781 5334 και

399 5369 752 5443 praescribit,
786 5383 858 5423 ex
886 5367 960 5423 iis
985 5385 1122 5441 qua:
1175 5370 1236 5425 in
1265 5374 1422 5427 terra
1454 5376 1596 5427 sunt
1622 5371 1841 5444 posita,
1874 5375 1929 5427 et
1980 5386 2053 5428 ex

400 5458 623 5530 quibus
652 5456 1014 5529 principium
1065 5473 1276 5515 omnes
1328 5459 1608 5516 ducimus
1639 5475 1652 5524 ;
1681 5475 1718 5515 a
1767 5459 1923 5527 loco,
1967 5460 2053 5517 in—

400 5563 606 5620 quam,
641 5553 698 5602 et
717 5547 849 5603 aliis
870 5548 1157 5604 nascendi
1174 5550 1490 5621 adjunctis,
1517 5549 1876 5623 principium
1901 5566 2051 5623 quo-

399 5649 519 5708 que
536 5633 814 5693 faciemus
829 5635 1088 5694 dicendi;
1113 5639 1440 5696 Nativitatis
1458 5639 1638 5710 igitur
1650 5637 1849 5696 locum
1875 5643 2053 5698 nacta

2161 5376 2255 5430 τὴν
2287 5369 2461 5445 ἀρχὴν
2492 5374 2678 5434 πάντες
2707 5374 2916 5444 ἔχομεν,
2949 5378 3044 5433 τῆς
3063 5374 3312 5442 ’γενέσεως
3367 5378 3462 5430 τῆν
3520 5369 3780 5444 ἀπαρχὴν

2165 5463 2518 5534 τοιησόμεθα.
2577 5461 2754 5534 Ταύτῃ
2796 5481 2987 5535 πατρις
3035 5463 3124 5533 μεν
3181 5463 3211 5519 ἡ
3266 5464 3679 5527 Κωνσταντίνου,
3716 5465 3778 5513 τὸ

2160 5549 2497 5624 περιλάλητον
2547 5549 2788 5602 Αὐσόνων
2848 5548 3138 5623 βασίλειον,
3198 5551 3255 5601 τὸ
3309 5548 3532 5601 παλαιὸν
3568 5555 3661 5608 τῆς
3701 5547 3776 5600 οἰ-

2160 5642 2414 5712 κουμένης
2471 5638 2704 5713 ἀρχεῖον,
2746 5641 2806 5692 τὸ
2862 5642 3027 5716 μέχρι
3083 5639 3318 5716 περάτων
3374 5644 3466 5700 τῆς
3513 5643 3610 5709 γῆς
3653 5633 3774 5689 δια-
