4090 6446
244 389 331 445 m
1402 406 1429 456 ,
1544 368 1621 432 mu
1656 368 1739 445 s.,
1759 365 2236 441 THEODOSJAM.

3463 391 3569 447 898

244 509 400 570 ϐόητον
443 513 628 583 ὄνομα,
687 517 770 578 ἣν,
829 510 1033 582 μυρίοις
1073 502 1191 557 καθ’
1243 503 1407 561 αὐτὴν
1465 501 1806 575 εύθηνομένη)

1925 505 2009 558 est
2033 501 2389 572 Theodosia,
2441 500 2640 574 ipsam
2681 506 2890 575 magni
2944 508 3314 566 Constantini
3352 510 3569 568 urbem

244 598 445 672 ἀγαθοῖς,
486 595 638 653 οῦδὲν
687 598 851 658 οὕτως
890 595 1152 669 ἐκόσμησε
1199 597 1290 646 καὶ
1340 591 1409 652 εἰς
1463 594 1521 643 τό
1574 588 1807 652 διηνεκὲς

245 691 340 762 ἔχει
381 676 608 760 κοσμεῖν,
642 689 712 750 ὡς
740 689 767 740 ό
795 689 993 748 ταύτης
1044 682 1297 743 πολιστής
1348 700 1403 733 τε
1451 684 1542 733 καὶ
1596 679 1806 732 πολιοῦ-

246 784 764 850 χος,1ίωνσταντῖνος
829 777 855 828 ό
907 778 1091 848 μέγας,
1149 778 1259 833 τοῖς
1313 773 1450 822 κατὰ
1506 773 1634 824 Θεὸν
1688 768 1808 843 ἀρι-

246 869 499 941 στεύμασιν
526 868 558 925 ἡ
588 874 689 919 τῶν
726 867 861 918 κατὰ
896 865 1128 939 Χριστόν
1180 863 1245 921 ὡς
1292 858 1496 921 ἀληθῶς
1549 857 1821 932 βασιλέων.

245 955 396 1030 βάσις,
448 959 506 1008 τὸ
561 965 658 1016 τῆς
706 953 963 1015 εὐσεϐείας
1032 954 1268 1024 ἔρεισμα,
1318 953 1377 1001 τὸ
1434 957 1530 1009 τῆς
1581 952 1805 1010 πίστεως

244 1051 503 1119 στήριγμα,
544 1045 571 1096 ό
599 1046 732 1118 μετὰ
767 1046 886 1105 τοὺς
933 1039 1257 1102 ἀποστόλους
1311 1035 1616 1098 ἀπόστολος.
1673 1044 1821 1090 Τοιοι

240 1138 376 1196 αύτης
416 1137 446 1193 ἡ
498 1137 735 1209 μακαρία
788 1128 1043 1207 πατρίδος
1074 1133 1247 1203 ἔτυχε,
1303 1130 1521 1200 τοιούτῳ
1579 1125 1802 1199 πολιστῇ

238 1228 316 1277 καὶ
358 1221 617 1295 πολιούχῳ
647 1222 989 1295 σεμνύνεσθαι
1026 1219 1211 1292 ἔλαχεν
1246 1238 1258 1251 ο
1292 1215 1388 1290 ἐρῶ
1429 1213 1509 1285 δὲ,
1539 1218 1631 1267 καὶ
1662 1216 1810 1287 τάχα

238 1332 290 1386 γε
323 1311 517 1373 εἰκότως
558 1310 678 1385 ἐρῶ,
724 1317 958 1363 τοιοῦτον
997 1311 1128 1381 ἔσχε
1163 1311 1251 1360 τόν
1288 1310 1559 1382 πρόγονον,
1590 1307 1808 1376 τοιούτῳ

241 1398 545 1474 διδασκάλῳ,
596 1402 814 1472 τοιούτῳ
856 1418 917 1473 γε
962 1395 1144 1471 ὁδηγῷ
1182 1399 1314 1472 πρὸς
1349 1399 1443 1455 τὴν
1483 1394 1641 1471 ὀρθὴν
1687 1397 1808 1468 περὶ

243 1498 357 1546 Θεοῦ
382 1487 537 1553 δόξαν
576 1489 874 1565 ἐχρήσατο.

1917 590 2300 648 decantatam
2314 591 2467 648 adeo
2488 592 2890 650 Ausoniorum
2910 594 3337 668 imperatorum
3363 600 3569 657 sedem

1918 680 2166 751 regiam,
2191 680 2454 737 universi
2472 682 2784 754 quondam
2798 683 2958 739 orbis
2973 686 3350 758 complexam
3372 689 3569 762 impe-

1916 768 2097 837 rium,
2137 769 2312 840 cujus
2344 768 2424 826 ad
2462 773 2723 842 quatuor
2750 771 2965 827 mundi
3010 779 3207 844 partes
3272 782 3571 835 extremas

1917 857 2082 914 fama
2118 872 2462 931 nomenque
2499 858 2791 931 inclytum
2850 862 3111 932 pervasit
3141 880 3155 933 ;
3186 879 3373 937 quam
3399 866 3573 923 innu-

1916 946 2098 1002 meris
2150 946 2563 1005 abundantem
2593 947 2793 1019 bonis,
2842 949 2989 1006 nihil
3044 950 3128 1007 ita
3177 952 3257 1008 ad
3300 959 3572 1024 posteros

1917 1035 2173 1103 ornavit,
2200 1040 2304 1092 aut
2323 1051 2595 1109 unquam
2624 1042 2716 1093 est
2743 1043 3193 1107 exornaturum,
3231 1056 3419 1114 quam
3445 1044 3574 1115 ipse

1917 1123 2023 1196 qui
2060 1139 2196 1180 eam
2237 1125 2525 1192 condidit,
2556 1131 2614 1182 et
2640 1127 2958 1199 praesentia
3011 1144 3123 1185 sua
3166 1131 3574 1205 praesidioque

1918 1211 2164 1280 fulcivit,
2225 1229 2484 1284 magnus
2540 1215 2982 1284 Constantinus,
3042 1217 3307 1290 pulchris
3358 1221 3420 1277 in
3471 1220 3575 1278 Dei

1917 1318 2105 1359 causa
2122 1302 2432 1359 laboribus
2462 1303 2540 1360 ad
2569 1303 2755 1360 ﬁnem
2791 1305 3094 1378 perductis
3115 1310 3571 1385 memorandus,

1919 1396 1977 1448 et
2024 1408 2237 1464 regum
2276 1394 2549 1449 omnium
2604 1392 3045 1452 Chritianorum
3086 1396 3266 1467 longe
3317 1398 3573 1472 primus,

1920 1484 2163 1537 ﬁrmum
2178 1480 2484 1552 religionis
2514 1498 2585 1539 ac
2609 1483 2845 1555 pietatis
2874 1482 3152 1554 fulcrum,
3183 1486 3323 1544 ﬁdei
3353 1493 3573 1545 nostra:

242 1578 610 1637 sanctissimas
636 1575 1164 1652 propugnaculum
1203 1590 1349 1633 sane
1377 1571 1670 1636 validum,
1721 1585 1792 1628 ac
1843 1574 1980 1643 post
2034 1569 2373 1643 praecipuos
2417 1570 2550 1628 illos
2580 1570 2888 1643 apostolos
2929 1572 3056 1645 ipse
3085 1590 3328 1649 quoque
3375 1575 3574 1634 dicen-

237 1669 339 1726 dus
362 1667 683 1742 apostolus.
724 1666 847 1724 Tali
892 1666 1097 1739 itaque
1134 1663 1321 1722 natali
1351 1662 1478 1720 solo
1506 1662 1675 1734 virgo
1722 1660 1837 1716 ista
1862 1659 2042 1716 beata
2074 1658 2321 1732 prodiit,
2370 1658 2470 1716 tali
2499 1660 2752 1717 civitatis
2800 1676 2923 1718 suae
2960 1663 3168 1734 patrias
3221 1665 3428 1735 gavisa
3486 1670 3576 1722 est

235 1757 482 1832 principe
508 1762 568 1815 et
590 1756 868 1814 inclaruit
889 1760 1169 1828 patrono,
1197 1753 1399 1810 Dicam
1453 1750 1759 1824 equidem,
1789 1752 1847 1806 et
1875 1747 2040 1821 quod
2067 1764 2162 1804 res
2203 1752 2292 1805 est
2330 1748 2532 1805 dicam
2580 1766 2594 1818 ;
2626 1749 2910 1807 eumdem
2934 1751 3124 1820 illum,
3156 1770 3339 1826 quem
3389 1755 3573 1812 modo

237 1846 526 1921 descripsi,
555 1846 690 1919 ipsa
715 1844 927 1902 habuit
982 1842 1449 1917 progenitorem,
1481 1839 1767 1897 eumdem
1804 1837 2186 1894 instituendis
2216 1837 2351 1894 vitae
2395 1842 2846 1911 praeceptorem,
2887 1840 3169 1897 eumdem
3226 1842 3308 1900 ad
3348 1859 3571 1916 veram,

230 1951 357 2010 qum.
378 1936 438 1993 in
463 1938 581 1993 Deo
608 1939 664 1992 et
693 1951 731 1993 a
759 1938 880 1992 Deo
906 1938 1018 2001 est,
1054 1932 1135 1989 ad
1172 1931 1426 2003 gloriam
1455 1929 1787 1986 ductorem.

291 2025 353 2098 γ’.
389 2024 542 2079 ’Δλλα
578 2026 729 2078 ποθεῖ
777 2044 859 2087 τις
904 2026 1041 2086 ἴσως
1093 2023 1276 2096 μαθεῖν
1327 2025 1418 2074 καὶ
1475 2021 1664 2072 ὁποίων
1719 2013 1811 2076 ηὖ-

1993 2020 2045 2073 3.
2088 2018 2263 2073 Estne
2301 2019 2504 2073 autem
2559 2016 2665 2090 qui
2717 2016 2867 2074 illud
2917 2034 3162 2092 quoque
3215 2036 3577 2092 cognoscere

225 2119 442 2191 μοιρήκει
502 2122 603 2167 τῶν
664 2112 977 2188 ἀρχηγετῶν
1022 2119 1119 2173 τῆς
1167 2114 1443 2184 γενέσεως,
1500 2113 1592 2161 καὶ
1640 2105 1813 2161 ὁποῖοί

224 2223 312 2278 περ
362 2203 502 2256 οὗτοι
543 2204 608 2257 τὰ
653 2205 786 2277 πρὸς
843 2205 972 2256 Θεὸν
1034 2204 1169 2261 ὄντες
1225 2198 1514 2271 ἐτύγχανον
1547 2214 1561 2265 ;
1595 2196 1811 2251 Εὐσεϐέ-

227 2312 414 2361 στατοι,
479 2296 570 2345 καὶ
619 2292 865 2365 φιλόθεοι,
927 2294 1018 2343 καὶ
1081 2297 1181 2343 τῶν
1256 2288 1467 2342 ἐντολῶν
1524 2294 1618 2340 τοῦ
1675 2294 1808 2339 Θεοῦ

224 2380 441 2457 ἀκριϐεῖς
487 2380 720 2454 φύλακες.
778 2384 843 2434 Τί
899 2376 983 2433 δεῖ
1031 2378 1194 2433 πολλὰ
1245 2377 1456 2451 λέγειν;
1498 2376 1561 2430 ἐῶ
1607 2379 1709 2450 γὰρ
1742 2380 1811 2438 ὡς

222 2470 405 2545 ἐκόμων
446 2469 672 2543 πλούτῳ,
718 2474 810 2524 καὶ
846 2465 1003 2532 δόξης
1033 2467 1299 2527 ἀπήλαυον
1333 2487 1347 2501 ο
1399 2464 1448 2518 ἐν
1499 2464 1699 2541 βραχεῖ
1750 2461 1812 2518 δέ

220 2580 349 2634 φημι
375 2604 390 2632 ,
456 2564 751 2635 γεννήτορες
838 2561 1079 2612 τοιούτου
1160 2564 1231 2629 τῷ
1304 2560 1412 2609 ὄντι
1493 2559 1811 2628 γεννήματος

221 2648 490 2725 ἀξιόχρεῳ.
533 2648 669 2703 Ἀλλ’
722 2651 866 2702 οὔπω
922 2646 1118 2709 τελείας
1172 2649 1375 2717 γέγονεν
1430 2642 1657 2711 ἡλικίας,
1718 2648 1809 2697 καὶ

221 2738 597 2812 ἀπορφάνισται
633 2744 728 2790 τοῦ
763 2739 977 2811 πατρὸς,
1048 2735 1293 2796 ἑπταέτης
1330 2736 1405 2787 ἔτι
1440 2735 1810 2805 τυγχάνουσα,

216 2833 304 2881 καὶ
356 2826 541 2888 πολλῆς
583 2830 658 2879 ἔτι
704 2822 920 2899 δεομένη
978 2833 1075 2888 τῆς
1124 2826 1446 2897 προμηθείας
1514 2825 1584 2885 ὡς
1639 2820 1812 2895 ἀμέμ-

216 2937 349 2979 πτως
383 2920 442 2970 τό
483 2917 578 2990 ζῇν
617 2915 968 2991 ἐκμετρησειε,
1009 2918 1102 2967 καὶ
1155 2921 1255 2966 τῶν
1293 2908 1535 2985 παγίδων
1585 2910 1816 2987 ἁνωτέρα

215 3012 452 3081 γενομένη
494 3013 587 3060 τοῦ
636 3003 951 3080 δυσμενοῦς,
1010 3006 1082 3066 ὡς
1129 3012 1201 3075 τῷ
1255 3011 1370 3075 Θεῷ
1411 3000 1668 3075 βουλητὸν
1724 3004 1812 3054 τόν

215 3105 305 3151 τοῦ
353 3095 475 3170 βίου
533 3092 727 3169 δρόμον
797 3093 1026 3147 ἀνύσειεν
1082 3115 1095 3127 ·
1147 3091 1276 3146 ἀλλὰ
1324 3095 1523 3153 ταύτης
1568 3094 1814 3163 οῦμενουν

216 3186 307 3240 οῦκ
356 3186 670 3259 ἠμοίρησεν.
707 3183 766 3237 εΟ
804 3186 907 3257 γὰρ
938 3179 1093 3245 εἰδὼς
1121 3184 1189 3236 τὰ
1215 3183 1387 3235 πάντα
1413 3182 1515 3255 πρὸ
1566 3188 1664 3242 τῆς
1691 3182 1812 3232 τού-

214 3296 312 3329 των
337 3279 600 3347 γενέσεως,
653 3274 679 3326 ὀ
739 3271 997 3348 ἀφορίζων
1045 3270 1102 3324 ἐκ
1155 3270 1358 3324 κοιλιῶν
1406 3277 1675 3345 μητρικῶν
1718 3270 1815 3321 ἄν·

1919 2103 2188 2162 fortassis
2216 2105 2531 2174 desiderat,
2573 2106 2782 2179 quales
2828 2108 3165 2166 Theodosia
3191 2116 3574 2184 quantosque

1918 2194 2074 2252 felici
2094 2199 2251 2252 sorte
2271 2200 2452 2252 nacta
2476 2195 2551 2252 sit
2569 2200 2846 2268 parentes
2870 2195 2899 2252 ?
2922 2198 3011 2254 Ita
3034 2199 3300 2271 profecto
3328 2200 3573 2271 habeat,

1919 2299 2267 2357 supremam
2286 2283 2419 2341 illos
2450 2285 2549 2341 Dei
2568 2284 2949 2358 majestatem
2973 2288 3278 2361 praecipuo
3302 2289 3574 2362 quodam

1919 2374 2083 2430 cultu
2107 2377 2165 2431 et
2187 2389 2393 2430 amore
2417 2373 2606 2430 fuisse
2627 2380 3000 2447 prosecutos,
3018 2381 3147 2434 tum
3173 2394 3312 2436 vero
3335 2395 3579 2437 summa

1919 2462 2302 2521 accuratione
2317 2462 2603 2519 universa
2622 2464 2898 2536 ejusdem
2916 2465 3016 2521 Dei
3030 2467 3321 2525 mandata
3341 2483 3578 2542 semper

1919 2551 2282 2625 implevisse.
2318 2552 2473 2619 Quid
2501 2569 2658 2626 opus
2686 2553 2965 2626 pluribus
2994 2556 3023 2611 ‘2
3052 2558 3298 2623 Quantis
3327 2558 3578 2617 circum-

1919 2642 2200 2700 ﬂuxerint
2227 2642 2470 2709 divitiis,
2520 2647 2872 2717 quantaque
2909 2645 3123 2716 gloria,
3164 2647 3396 2704 silentio
3425 2665 3577 2720 pras-

1921 2735 2082 2788 tereo
2124 2749 2139 2801 ;
2174 2731 2432 2788 breviter
2485 2733 2831 2804 pronuntio,
2890 2740 3199 2807 parentem
3256 2741 3579 2810 utrumque

1920 2819 2134 2877 habuit
2159 2820 2510 2889 Theodosia,
2565 2821 2732 2892 prole
2770 2826 2896 2878 tam
2931 2828 3139 2881 sancta
3174 2829 3419 2898 tamque
3446 2824 3576 2881 illu-

1923 2909 2026 2965 stri
2053 2909 2495 2981 dignissimam.
2528 2912 2665 2982 Ipsa
2711 2915 2933 2980 autem,
2961 2928 3100 2970 cum
3130 2917 3335 2971 tenera
3379 2914 3580 2970 adhuc

1921 2997 2280 3070 virguncula
2308 2999 2633 3073 septimum
2671 2999 2861 3057 mtatis
2892 3017 3015 3058 suae
3045 3017 3276 3059 annum
3304 3002 3579 3059 nondum

1923 3093 2079 3145 esset
2102 3091 2543 3160 praetergressa,
2597 3103 2858 3162 cumque
2893 3090 2974 3147 ad
2996 3091 3113 3148 hoc
3140 3096 3208 3148 ut
3236 3091 3364 3148 sine
3382 3108 3580 3164 repre-

1924 3177 2216 3235 hensione
2271 3178 2458 3234 vitam
2523 3178 2680 3234 hanc
2737 3178 3054 3237 mortalem
3112 3181 3471 3254 decurreret,
3526 3187 3583 3242 et

1926 3266 2370 3326 cacodaemonis
2394 3265 2627 3323 insidiis
2656 3266 2816 3325 facta
2845 3270 3138 3343 superior,
3167 3271 3316 3329 illud
3343 3273 3584 3331 vivendi

214 3363 343 3440 δρας
395 3383 452 3418 τε
494 3368 586 3417 καὶ
621 3369 875 3436 γυναῖκας
926 3362 1077 3435 ὁμοῦ,
1138 3365 1227 3414 καὶ
1275 3359 1491 3432 ἐκλογὴν
1549 3363 1630 3413 αεὶ
1669 3378 1815 3433 περι-

1926 3355 2279 3423 institutum,
2335 3355 2505 3429 quod
2553 3358 2673 3413 Deo
2727 3357 3109 3430 potissimum
3157 3366 3313 3419 esset
3361 3362 3579 3435 visum,

210 3457 515 3527 ποιούμενος
572 3452 759 3524 ἑαυτῷ,
833 3455 925 3505 καὶ
987 3458 1080 3512 τῆς
1134 3454 1394 3526 μακαρίας
1444 3451 1660 3521 ταύτης,
1718 3450 1819 3501 ὅσα

207 3549 302 3597 καὶ
352 3546 555 3618 πατὴρ,
602 3541 984 3617 προύνοήσατο.
1023 3538 1169 3613 Ἀμα
1216 3558 1272 3593 τε
1298 3541 1398 3614 γὰρ
1430 3540 1457 3591 ό
1502 3542 1670 3612 πατὴρ
1729 3540 1816 3590 τόν

207 3632 331 3707 βίον
395 3630 695 3705 μετήλλαξε,
749 3635 841 3683 καὶ
896 3629 1008 3703 ἅμα
1051 3647 1112 3701 γε
1177 3631 1207 3687 ἡ
1267 3633 1443 3704 μήτηρ
1487 3631 1670 3701 κόσμῳ
1726 3630 1819 3679 καὶ

203 3731 315 3783 τοῖς
370 3720 421 3775 ἓν
476 3724 658 3794 κόσμῳ
730 3724 940 3795 χαίρειν
1012 3718 1253 3786 εἰποῦσα,
1322 3717 1503 3777 ἑαυτὴν
1576 3721 1667 3771 καὶ
1730 3718 1819 3774 τὴν

204 3812 401 3872 ἑαυτῆς
457 3806 630 3863 παῖδα
685 3813 900 3882 σεμνείῳ
947 3827 1003 3861 τε
1066 3806 1401 3880 περιέκλεισε,
1464 3810 1556 3859 καὶ
1623 3812 1822 3878 σεμνῶς

204 3900 366 3971 βιοῦν
392 3899 738 3974 προύξένησεν
768 3893 1196 3952 ἔοι-παιδεύεσθαι.

1928 3445 2234 3518 arriperet,
2266 3444 2450 3518 patris
2480 3444 2805 3503 etiamnum
2853 3448 3102 3505 consilio
3131 3454 3188 3507 et
3206 3452 3587 3523 providentia

1929 3534 2196 3605 indigere
2220 3533 2542 3602 videretur,
2574 3534 2791 3592 eodem
2820 3535 3033 3615 orbata
3058 3537 3189 3595 fuit.
3225 3540 3340 3596 Sed
3364 3555 3476 3599 nec
3502 3543 3586 3598 ita

1928 3623 2279 3683 necessariis
2309 3623 2389 3681 ad
2413 3624 2842 3682 instituendam
2870 3632 3029 3685 recte
3058 3628 3244 3685 vitam
3292 3630 3585 3702 praesidiis

1929 3714 2040 3770 fuit
2060 3712 2360 3770 destituta.
2385 3712 2552 3769 Idem
2581 3714 2806 3788 quippe
2824 3714 2922 3771 ille
2950 3717 3059 3788 qui
3095 3717 3302 3774 omnia
3351 3725 3585 3789 nostra,

1930 3803 2036 3861 diu
2072 3802 2252 3859 etiam
2291 3806 2430 3859 ante
2469 3818 2658 3876 quam
2701 3803 2901 3861 lucem
2949 3805 3111 3863 hanc
3150 3807 3585 3880 ingrediamur,

1928 3891 2281 3976 cognoscit;
2330 3890 2437 3964 qui
2490 3891 2669 3948 nobis
2718 3891 2936 3950 deinde
2986 3894 3339 3969 obventura,
3391 3899 3470 3955 ab
3513 3914 3585 3956 eo

194 3992 504 4063 jamtum
526 3993 797 4062 tempore
843 4003 968 4061 quo
1018 3990 1296 4043 materno
1326 3984 1526 4043 adhuc
1563 3987 1733 4063 utero
1763 3996 2132 4051 coercemur,
2159 3996 2270 4053 pro
2300 3979 2600 4052 sapientia
2622 3997 2734 4038 sua
2761 3983 2986 4055 optime
3012 3984 3276 4058 disponit
3303 4005 3318 4053 ;
3347 3991 3404 4044 et
3429 4002 3586 4060 quos

197 4060 336 4137 vult
363 4060 676 4152 praecipua
702 4060 975 4150 quadam
1003 4090 1169 4144 cura,
1201 4074 1326 4131 sive
1345 4089 1377 4130 e
1415 4073 1689 4130 maribus
1722 4060 1849 4130 sive
1872 4069 2178 4141 efeminis,
2204 4068 2499 4126 fovendos
2528 4068 2691 4142 eligit
2721 4087 2734 4139 ;
2766 4070 2886 4141 hic,
2938 4071 3213 4145 inquam,
3268 4079 3589 4148 paternam

197 4183 392 4225 suam
440 4164 886 4240 providentiam
924 4178 1069 4235 erga
1114 4162 1398 4220 tenellam
1440 4160 1641 4219 adhuc
1687 4160 1982 4231 virginem
2019 4157 2351 4215 desiderari
2379 4174 2504 4215 non
2552 4163 2642 4216 est
2670 4175 2912 4232 passus.
2952 4162 3141 4219 Simul
3181 4164 3339 4221 enim
3366 4179 3589 4238 parens

194 4255 563 4313 Theodosia:
596 4254 779 4311 vitam
806 4254 965 4310 hanc
993 4269 1134 4310 cum
1181 4255 1373 4308 morte
1412 4267 1518 4307 seu
1575 4250 1807 4308 meliori
1857 4249 2058 4322 potius
2110 4249 2231 4304 vita
2294 4249 2706 4317 commutavit,
2756 4250 2936 4307 simul
2992 4257 3049 4308 et
3098 4258 3291 4310 mater
3340 4254 3586 4311 caducis

195 4344 438 4404 mundi
460 4342 665 4412 rebus,
696 4341 1051 4414 mundoque
1071 4340 1185 4414 ipsi
1206 4340 1487 4397 nuntium
1525 4340 1832 4397 remittens
1882 4342 2123 4395 secretae
2145 4353 2216 4393 ac
2265 4337 2561 4409 religiosae
2619 4338 2839 4395 domus
2870 4340 3052 4413 septis
3082 4341 3346 4415 seipsam
3376 4343 3588 4402 ﬁliam-

189 4450 328 4508 que
368 4433 638 4502 inclusit,
668 4430 775 4488 ubi
803 4430 883 4488 ad
912 4430 1098 4487 vitam
1129 4429 1415 4503 praeclare
1448 4428 1791 4487 ducendam
1815 4425 2237 4503 pulcherrimis
2265 4441 2402 4482 eam
2424 4427 2738 4500 praeceptis
2754 4430 2986 4486 curavit
3009 4429 3219 4488 imbui.

273 4520 352 4578 δ’.
407 4528 558 4596 Τρεῖς
607 4540 661 4573 τε
720 4522 819 4596 γὰρ
879 4519 1028 4582 ὅλους
1075 4517 1341 4581 ἐνιαυτούς
1385 4518 1513 4592 αὐτῇ
1558 4523 1815 4578 συνασκὴ-

2003 4520 2061 4572 4.
2101 4515 2312 4572 Tribus
2341 4516 2589 4574 omnino
2611 4517 2785 4574 anuis
2814 4534 2938 4576 una
2961 4536 3100 4576 cum
3145 4521 3272 4580 ﬁlia
3298 4522 3590 4582 traductis

191 4615 379 4685 σοίσα,
415 4616 510 4666 καὶ
551 4616 653 4664 πᾶν
705 4614 748 4663 εῖ
794 4630 846 4663 τι
906 4609 1314 4685 συμπραξαμένη
1364 4608 1520 4662 καλὸν
1575 4613 1667 4663 καί
1713 4611 1823 4662 θεοί-

184 4722 420 4778 ρεστον,
477 4700 729 4755 κατέλυσε
778 4703 866 4753 τόν
906 4698 1025 4772 βίον
1070 4697 1173 4751 κάκ
1224 4706 1323 4751 τῶν
1350 4701 1542 4771 γηίνων
1598 4702 1821 4771 μετέστη

181 4796 334 4867 πρὸς
369 4793 441 4846 τὰ
478 4791 715 4866 ούρείνια,
760 4788 979 4843 πλοῦτον
1027 4790 1212 4864 ὁρατόν
1269 4787 1399 4861 αὐτῇ
1439 4787 1822 4857 καταλιποῦσα,

184 4885 334 4946 ὅσος
394 4901 461 4956 γε
507 4879 784 4953 ὑπελείφθη
844 4883 935 4932 καὶ
990 4883 1148 4952 μήπω
1206 4873 1474 4939 διαδοθεὶς
1525 4880 1651 4952 ἔφθη
1719 4886 1827 4940 τοῖς

181 4977 432 5043 πένησι,
484 4974 576 5024 καί
623 4973 755 5046 πρός
799 4987 860 5042 γε
902 4970 989 5021 τόν
1044 4972 1264 5041 κρείττω
1320 4971 1411 5019 καὶ
1450 4965 1822 5037 ἀληθέστατον,

184 5061 251 5125 ὃς
309 5065 417 5115 καὶ
477 5066 719 5133 περιοῦσι
782 5059 1014 5127 σύνεστι,
1065 5059 1156 5109 καὶ
1228 5057 1623 5129 μεθισταμένοις
1695 5076 1824 5108 συν-

181 5155 449 5216 άπεισιν,
475 5149 531 5212 ὃς
559 5148 688 5222 ούχὶ
717 5149 854 5201 κατὰ
886 5149 973 5200 τὸν
1003 5147 1276 5219 ὁμώνυμον
1333 5145 1471 5217 αὐτῷ
1520 5145 1822 5218 τυφλώττει,

179 5238 342 5294 ἀλλὰ
388 5244 484 5294 καὶ
511 5237 625 5292 λίαν
665 5234 957 5310 ὀξυδορκεῖ,
987 5237 1166 5287 καὶτὸ
1219 5230 1287 5294 δὴ
1319 5235 1498 5308 μεῖζον
1552 5238 1680 5310 πρὸς
1731 5240 1824 5294 τὴν

176 5333 346 5385 κατὰ
385 5332 518 5384 Θεὸν
545 5330 758 5402 πορείαν
795 5320 1105 5396 καθοδηγεῖ,
1151 5327 1242 5376 καὶ
1294 5327 1425 5398 πρὸς
1471 5328 1565 5383 τὴν
1621 5325 1692 5385 εἰς
1734 5323 1824 5377 οὐ-

170 5426 406 5496 ρανοὺς
482 5420 738 5493 οἱγουσαν,
824 5412 1171 5487 ἀπρόσκοπτα
1226 5409 1473 5486 βαδίζειν
1538 5421 1701 5469 ποιεῖ.
1763 5415 1826 5469 Τί

169 5518 331 5583 γοῦν
370 5512 407 5569 ἡ
441 5512 673 5584 μακαρία
707 5525 719 5571 ;
750 5512 856 5565 πῶς
908 5508 1016 5564 τοῖς
1076 5497 1347 5575 διαφόροις
1391 5502 1565 5565 αὐτοῖς
1615 5503 1829 5578 κληροῖς

171 5605 497 5675 ἐχρήσατο
530 5615 544 5666 ;
578 5606 686 5672 μῶν
716 5599 787 5658 ὡς
816 5592 999 5654 ἀτελής
1026 5609 1041 5659 ;
1064 5598 1174 5665 μῶν
1209 5595 1278 5652 ὡς
1326 5591 1508 5656 ἀνῆλιξ
1559 5610 1573 5660 ;
1630 5593 1828 5647 Πολλοῦ

167 5708 241 5762 γε
298 5694 416 5743 καὶ
467 5684 571 5744 δεῖ.
617 5689 717 5741 Τὸν
758 5686 850 5758 μὲν
895 5682 999 5757 γὰρ
1043 5681 1370 5756 φθειρόμενον
1428 5681 1648 5737 πλοῦτον
1695 5702 1829 5758 παρ-

1933 4608 1995 4664 in
2022 4607 2156 4664 loco
2184 4607 2286 4664 illo
2315 4612 2373 4664 et
2399 4607 2838 4678 exercitatione,
2877 4610 3023 4668 nihil
3052 4612 3221 4686 quod
3269 4614 3450 4672 laude
3502 4614 3592 4672 di-

1935 4711 2125 4768 gnum
2155 4701 2262 4754 aut
2290 4699 2410 4773 Deo
2435 4694 2724 4770 placitum
2748 4705 3140 4770 cognosceret
3165 4704 3466 4774 omittens,
3488 4705 3594 4778 pia

1933 4786 2285 4844 Theodosiae
2314 4791 2506 4843 mater
2530 4787 2772 4845 vivendi
2824 4789 3011 4847 ﬁnem
3059 4790 3218 4863 fecit,
3271 4798 3329 4850 et
3355 4797 3593 4853 terreno

1934 4875 2140 4934 relicto
2183 4876 2490 4934 domicilio
2539 4876 2602 4934 in
2640 4877 2941 4936 caelestem
2982 4896 3113 4938 sese
3158 4881 3595 4942 habitationem

1935 4965 2251 5024 transtulit.
2282 4968 2537 5024 Tantum
2566 4983 2708 5025 vero
2737 4984 2949 5026 earum
2995 4985 3134 5043 quas
3164 4970 3263 5028 hic
3318 4972 3595 5032 videntur

1934 5056 2071 5113 ﬁlia:
2123 5072 2249 5112 suae
2294 5056 2531 5130 reliquit
2567 5057 2908 5116 divitiarum
2936 5065 3237 5133 quantum
3289 5076 3329 5118 a
3373 5063 3488 5135 piis
3527 5064 3593 5122 in

1934 5163 2157 5219 egenos
2179 5147 2630 5218 elargitionibus
2660 5148 2775 5222 ipsi
2798 5150 3091 5223 superfuit
3122 5168 3134 5206 :
3166 5151 3300 5209 illas
3324 5153 3595 5214 videlicet

1936 5236 2212 5294 meliores
2252 5253 2322 5293 ac
2349 5237 2609 5294 veriores
2651 5243 2784 5296 rata
2835 5255 2964 5296 esse
3003 5256 3168 5313 opes,
3218 5258 3356 5315 quae
3403 5248 3461 5302 et
3494 5245 3594 5302 hic

1934 5325 2268 5383 viventibus
2288 5342 2602 5400 nunquam
2630 5343 2754 5385 non
2785 5328 3026 5396 adsunt,
3050 5334 3102 5387 et
3133 5330 3274 5389 hinc
3297 5332 3596 5405 emigran-

1937 5420 2023 5472 tes
2047 5431 2430 5488 possessores
2462 5432 2605 5473 suos
2636 5417 2886 5475 minime
2937 5418 3223 5477 deserunt
3254 5437 3267 5488 ;
3300 5438 3436 5496 quae
3467 5441 3591 5494 eos,

1935 5502 2042 5577 qui
2066 5504 2212 5578 ipsis
2232 5506 2562 5579 potiuntur,
2584 5523 2709 5564 non
2736 5507 3072 5566 secundum
3091 5508 3154 5567 id
3173 5512 3342 5583 quod
3365 5512 3596 5573 habent

1936 5594 2225 5663 nominis,
2257 5612 2581 5675 excaecare,
2611 5596 2718 5653 sed
2755 5597 2835 5654 ad
2877 5598 3220 5658 acutissime
3262 5601 3594 5661 videndum

1938 5682 2146 5742 oculos
2177 5685 2406 5758 aperire
2426 5685 2575 5760 ipsis
2603 5690 2864 5761 possunt
2891 5693 2950 5748 et
2986 5688 3180 5771 solent
3202 5708 3223 5763 ;
3250 5705 3389 5764 quae
3425 5690 3595 5751 deni-
