4090 6430
501 397 606 454 899

1693 350 2153 442 CONSTANTINI
2187 345 2676 438 Acnoerm.

3753 389 3853 448 900

499 538 617 595 que
647 524 711 576 ut
731 518 1056 592 plurimum
1084 531 1226 570 suos
1238 511 1316 568 ad
1337 514 1525 567 Deum
1547 512 1847 565 amatores
1863 510 2025 562 recto
2039 509 2135 560 tra-

2256 506 2392 557 αυτὰ
2449 505 2726 578 σκορπίζει
2785 511 2897 567 τοῖς
2945 508 3155 572 πένησι,
3207 512 3454 558 τοσοῦτον
3509 508 3638 584 παρ’
3698 510 3846 587 ἑαυτῇ

499 593 640 666 mite
687 609 1043 681 perducunt.
1103 608 1180 671 et,
1231 617 1368 657 cum
1425 597 1792 670 ipsissimam
1849 594 1910 650 in
1967 593 2148 648 caelos

499 701 658 754 viam
717 697 951 768 absque
1002 709 1201 750 errore
1265 690 1697 757 demonstrent,
1771 685 1829 740 in
1901 684 2144 740 eosdem

497 804 740 860 quoque
796 788 925 842 sine
989 781 1420 856 impedimento
1473 777 1591 832 ullo
1645 781 1709 831 ut
1764 773 2146 846 perveniatur

498 876 782 933 efﬁciunt.
813 874 962 940 Quid
991 872 1168 942 igitur
1210 873 1272 924 Β.
1309 866 1641 922 Theodosia
1663 865 1691 919 ?
1721 865 1868 933 Qua,
1901 860 2143 934 putatis,

498 966 727 1022 ratione
757 963 996 1027 divitiis,
1031 964 1346 1032 parentum
1404 960 1592 1011 morte
1650 953 1762 1008 sibi
1795 950 2010 1006 relictis
2034 965 2147 1004 usa

497 1061 585 1110 est
633 1056 662 1110 ?
710 1069 786 1110 an
836 1049 1176 1124 imperfecte
1232 1048 1260 1101 ?
1295 1062 1372 1100 an
1419 1046 1546 1098 sine
1591 1042 1787 1098 fructu
1833 1040 1861 1094 ‘?
1909 1039 2144 1093 Minime

495 1160 660 1200 vero.
690 1147 855 1198 Dona
875 1140 1097 1212 quippe
1142 1132 1503 1205 corruptioni
1527 1137 1584 1188 et
1611 1129 1923 1187 amissioni
1953 1129 2142 1184 obno-

2255 602 2633 666 κατασχοῦσα,
2681 596 2873 648 ὁπόσον
2932 595 3005 656 εἰς
3062 596 3224 654 θείους
3278 593 3609 670 ἀποχρήσειν
3662 603 3848 666 τύπους

2255 687 2478 757 ἐνόμισε.
2513 688 2584 738 Δι’
2629 685 2690 737 οὗ
2736 690 2825 738 καὶ
2879 692 3011 760 τρεῖς
3050 686 3249 746 εἰκόνας
3298 685 3579 751 ἐκτήσατο,
3637 695 3725 748 τήν
3763 701 3850 744 τοῦ

2257 778 2450 848 Κυρίου
2480 779 2566 826 καὶ
2622 782 2855 850 Σωτῆρος
2904 777 3047 847 ἡμῶν
3099 776 3276 832 Ἰησοῦ
3329 783 3583 850 Χριστοῦ,
3638 783 3730 838 τὴν
3759 790 3847 844 τῆς

2253 866 2517 933 πανάγνου
2565 860 2720 916 τοῦδε
2749 867 2957 939 Μητρὸς
2985 868 3074 916 καὶ
3104 868 3230 938 πρός
3275 883 3334 936 γε
3375 870 3470 923 τὴν
3499 875 3594 928 τῆς
3633 869 3850 922 πολυάο-

2253 950 2340 1003 λου
2370 955 2636 1027 μάρτυρος
2679 954 3051 1020 Ἀναστασίας,
3106 953 3166 1012 ἣν
3214 953 3267 1005 ἐκ
3301 962 3396 1016 τῆς
3445 951 3700 1018 δοθείσης
3735 963 3850 1010 ταύ-

2250 1059 2312 1113 τῃ
2364 1048 2480 1114 περὶ
2523 1042 2656 1094 αὑτὰ
2710 1046 2930 1116 χάριτος
2985 1042 3444 1117 Φαρμακολυτρίαν
3485 1046 3509 1094 ὸ
3555 1052 3850 1118 Χριστώνυ-

2250 1149 2346 1200 μος
2375 1131 2746 1204 κατονομάζειν
2776 1128 2888 1184 οἶδε
2923 1131 3068 1193 λεώς.

495 1234 596 1289 xia
651 1232 710 1288 in
764 1245 1062 1302 pauperes
1117 1223 1418 1280 distribuit
1463 1220 1688 1286 omnia,
1751 1223 1983 1274 tantum
2041 1215 2153 1271 sibi
2209 1216 2505 1275 duntaxat
2539 1237 2612 1275 ex
2667 1221 2750 1275 eis
2804 1236 3143 1286 reservans,
3200 1226 3502 1292 quantum
3539 1223 3617 1278 ad
3650 1241 3846 1281 sacras

494 1323 787 1393 imagines
813 1315 1173 1374 coemendas
1199 1311 1601 1368 necessarium
1622 1309 1746 1364 fore
1777 1306 2200 1374 arbitrabatur,
2229 1322 2301 1362 ex
2325 1306 2546 1378 quibus
2572 1313 2687 1364 tres
2710 1309 2821 1364 sibi
2842 1310 3142 1381 praecipue
3173 1311 3564 1380 comparavit,
3591 1316 3838 1384 primam

496 1409 726 1467 Domini
760 1425 827 1464 ac
866 1404 1185 1461 Salvatoris
1215 1402 1400 1458 nostri
1430 1403 1564 1455 Jesu
1603 1396 1837 1458 Christi,
1870 1394 2206 1467 purissimae
2239 1395 2335 1450 Dei
2369 1395 2633 1453 Parentis
2664 1397 2933 1466 alteram,
2969 1413 3150 1454 unam
3172 1398 3412 1471 insuper
3442 1407 3669 1457 sanctae
3699 1418 3836 1459 mar-

495 1500 637 1573 tyris
665 1496 1017 1561 Anastasiaa,
1059 1496 1142 1548 tot
1170 1492 1268 1548 Dei
1298 1506 1481 1547 causa
1531 1487 1769 1542 labores
1802 1499 2123 1573 perpessae,
2154 1498 2344 1555 quam
2393 1485 2471 1540 ob
2523 1486 2891 1555 singularem
2916 1487 3201 1542 divinitus
3231 1493 3543 1561 acceptam
3574 1491 3841 1563 gratiam,

491 1572 752 1661 populus
783 1583 1150 1640 Christianus
1184 1579 1613 1650 cognominare
1653 1575 1802 1630 solet
1840 1572 2274 1628 Veneﬁciorum
2313 1573 2748 1661 dissolutricem
2787 1576 2888 1649 (l).

564 1681 614 1732 5.
640 1679 830 1747 Atque
861 1674 987 1728 haec
1014 1676 1154 1726 sunt
1199 1686 1335 1742 quae
1387 1667 1461 1723 de
1484 1666 1556 1721 iis
1586 1680 1743 1738 quas
1775 1664 1897 1718 dixi
1926 1661 2144 1717 divitiis
2179 1663 2218 1715 B

489 1764 822 1822 Theodosia
835 1761 945 1817 sibi
960 1759 1257 1824 facienda,
1274 1762 1331 1814 et
1358 1762 1555 1812 mente
1576 1753 1867 1825 concepit,
1883 1757 1939 1807 et
1951 1751 2145 1821 reipsa

490 1859 772 1911 exsecuta
801 1857 906 1906 est.
942 1849 1115 1905 Bonis
1147 1863 1290 1903 vero
1327 1847 1398 1901 iis
1455 1862 1588 1918 qua:
1623 1859 1759 1899 vere
1817 1846 1974 1911 sunt,
2035 1856 2143 1896 nec

491 1943 642 1999 falsa
670 1939 1122 1997 nomenclatura
1147 1936 1427 1991 dicuntur
1454 1934 1636 2002 bona,
1678 1931 1989 2006 quomodo
2021 1930 2145 1986 ani-

494 2047 660 2088 mum
675 2028 1008 2097 intenderit,
1032 2026 1362 2098 quisquam
1387 2039 1461 2078 ne
1486 2023 1812 2091 interrogat
1839 2019 1868 2073 ?
1897 2020 2142 2092 Sapien-

493 2126 578 2177 ter
596 2118 884 2193 profecto,
916 2133 1025 2171 nec
1047 2115 1212 2170 aliter
1253 2129 1438 2185 quam
1477 2111 1591 2166 illis
1629 2110 1712 2166 uti
1739 2126 1848 2182 par
1876 2115 1980 2164 est.
2015 2111 2144 2165 Non

491 2210 652 2267 enim
683 2205 1082 2264 differendum
1114 2203 1228 2259 sibi
1271 2201 1529 2274 amplius
1568 2199 1925 2255 existimavit
1972 2198 2143 2272 quin,

493 2297 830 2356 secundum
870 2296 1173 2352 altissimae
1221 2291 1786 2364 perfectissimzeque
1840 2288 2144 2360 sapientiae

492 2388 730 2458 placita,
747 2387 816 2441 iis
830 2401 956 2442 sese
973 2382 1258 2439 omnibus
1281 2396 1414 2452 qum
1446 2378 1524 2434 ad
1548 2377 1849 2433 mundum
1875 2381 2145 2449 spectant

487 2478 664 2535 bonis
691 2473 1068 2548 exspoliaret,
1103 2477 1164 2526 ut
1193 2470 1365 2543 plura
1392 2473 1446 2524 et
1475 2466 1723 2522 meliora
1761 2465 1979 2521 deinde
2005 2482 2143 2522 con-

490 2570 856 2640 sequeretur.
891 2565 1038 2618 Cum
1059 2576 1199 2615 vero
1227 2575 1437 2614 curam
1462 2572 1707 2613 omnem
1722 2561 1775 2611 et
1797 2555 2141 2611 sollicitudi-

490 2673 628 2712 nem
659 2670 781 2711 non
810 2650 1212 2708 necessariam
1245 2647 1554 2718 abjiciens,
1589 2645 1672 2701 sic
1705 2646 1879 2717 quasi
1906 2645 1984 2700 ad
2015 2661 2142 2718 per-

487 2745 703 2801 fectam
723 2743 852 2813 jam
903 2739 1274 2813 pervenisset
1308 2740 1565 2802 aetatem,
1606 2739 1663 2789 et
1702 2734 1779 2789 ad
1833 2751 2141 2789 summum

486 2833 813 2908 prudentiae
843 2829 1042 2886 omnis
1068 2833 1286 2883 vocata
1323 2830 1478 2880 esset
1502 2824 1756 2896 apicem,
1791 2840 1826 2880 a
1855 2824 2142 2880 continuo

487 2925 567 2982 ad
604 2924 882 2979 virtutem
911 2923 1132 2976 conatu
1169 2917 1254 2974 ita
1307 2930 1431 2970 non
1478 2913 1740 2983 recessit,
1791 2918 1856 2968 ut
1885 2913 2142 2985 potiusa

2323 1660 2380 1718 ε’.
2439 1663 2570 1715 Ἀλλ’
2629 1663 2758 1716 οὕτω
2807 1667 2897 1738 μεν
2941 1669 3058 1738 περὶ
3109 1667 3296 1717 τούτου
3343 1663 3586 1725 διενοήθη
3618 1673 3710 1720 καὶ
3745 1665 3850 1722 διε-

2251 1751 2504 1824 πράξατο.
2562 1759 2685 1826 Περὶ
2747 1751 2808 1806 δε
2845 1761 2937 1806 τοῦ
2980 1753 3163 1806 λοιποῦ
3211 1754 3457 1825 πλούτου,
3497 1764 3587 1809 τοῦ
3617 1760 3687 1820 ὡς
3735 1756 3857 1816 ἄλη-

2253 1842 2354 1902 θῶς
2390 1842 2634 1910 πλούτου,
2667 1848 2756 1895 καὶ
2795 1848 2866 1915 μὴ
2917 1839 3337 1916 διαψευδομένου
3371 1849 3466 1902 τὴν
3509 1845 3719 1915 κλῆσιν,
3750 1856 3860 1908 πῶς

2250 1932 2352 2004 ἄρα
2399 1935 2545 1994 ζητεῖ
2572 1952 2672 2000 τις,
2728 1931 2985 2003 ἐσκέψατο
3019 1949 3032 1999 ;
3069 1937 3200 1986 Λίαν
3233 1943 3471 1999 συνετῶς,
3526 1939 3617 1987 καὶ
3666 1937 3737 1998 ὡς
3767 1937 3860 1989 οὐκ

2252 2020 2417 2081 ἄλλως
2462 2020 2648 2096 ἐχρῆν.
2698 2018 2838 2074 Ούδε
2875 2024 2977 2096 γὰρ
3020 2022 3273 2095 ἠνέσχετο
3304 2027 3376 2096 μὴ
3429 2028 3676 2099 παραυτὰ
3726 2036 3864 2098 φιλο-

2254 2119 2485 2183 σοφῆσαι
2543 2111 2840 2185 τελεώτερον
2899 2131 2952 2164 τε
2995 2117 3086 2165 καὶ
3143 2113 3484 2186 ὑψηλότερον,
3555 2118 3647 2167 καὶ
3727 2112 3862 2167 ἀπο-

2238 2199 2463 2274 ,στέρξαι
2506 2203 2597 2272 μὲν
2648 2203 2716 2252 τὰ
2763 2197 2914 2275 τῇδε,
2978 2206 3098 2274 περὶ
3168 2198 3228 2254 δὲ
3277 2201 3524 2255 πλείστου
3577 2206 3644 2256 τὰ
3698 2202 3863 2257 ἐκεῖσε

2250 2291 2600 2346 ποιήσασθαι.
2641 2290 2841 2362 Ἀμέλει
2897 2310 2976 2342 τοι
3014 2295 3102 2342 καὶ
3155 2293 3279 2344 ὡσεὶ
3331 2291 3528 2354 τελείας
3581 2301 3719 2345 οῦσα
3768 2301 3862 2354 τῆς

2250 2377 2471 2445 ἡλικίας,
2541 2383 2631 2430 καὶ
2705 2382 2773 2441 ὡς
2834 2379 2903 2439 εἰς
2967 2381 3126 2451 ἄκρον
3192 2379 3476 2438 ἐληλακυῐα
3539 2387 3855 2456 φρονήσεως,

2249 2475 2344 2527 τῆς
2394 2467 2505 2519 κατ’
2573 2467 2754 2542 ἀρετὴν
2822 2473 3090 2528 συντονίας
3139 2467 3198 2520 ού
3255 2470 3575 2541 καθυφῆκεν,
3636 2468 3745 2522 ἀλλ’
3801 2470 3858 2522 ἑκ

2248 2565 2346 2607 τῶν
2401 2554 2858 2631 ἀρχοειδεστάτων
2911 2555 3193 2632 ἀρξαμένη,
3221 2567 3322 2608 τῶν
3353 2556 3652 2631 ἀκροτάτων
3691 2563 3858 2636 μέχρι

2249 2645 2480 2718 ἀφίκετο,
2509 2643 2660 2699 οὐδὲν
2691 2643 2923 2707 οὑδόλως
2954 2643 3438 2719 παραποδισθεῖσα.
3499 2645 3634 2701 Οὐδ’
3680 2651 3708 2702 ὃ
3765 2654 3857 2702 καὶ

2248 2736 2471 2796 τελείους
2499 2739 2636 2788 κατὰ
2676 2740 2886 2810 καιροὺς
2935 2735 3121 2808 ἔσφηλε
3167 2741 3286 2811 περὶ
3338 2739 3406 2788 τὰ
3435 2742 3570 2809 μέσα
3614 2759 3628 2770 ·
3679 2743 3773 2790 καὶ
3824 2737 3861 2790 ἃ

2250 2823 2314 2884 δὴ
2366 2833 2475 2888 τοῖς
2531 2824 2733 2885 πολλοῖς
2766 2826 2891 2900 ὑπὲρ
2937 2828 3004 2877 τὰ
3041 2827 3181 2900 ἄκρα
3221 2830 3518 2898 νενόμισται
3574 2827 3862 2897 φθάσασα,

2246 2916 2424 2987 μεῖζόν
2480 2935 2532 2966 τι
2572 2919 2689 2989 περὶ
2741 2914 2926 2976 ἑαυτῆς
2991 2913 3287 2986 ἐφαντάσθη
3327 2935 3340 2948 ·
3394 2914 3515 2967 ἀλλὰ
3566 2918 3705 2968 κατὰ
3763 2922 3864 2975 τὴν

485 3011 900 3088 pulcherrimis
939 3005 1214 3079 ejusdem
1262 3004 1440 3060 initiis
1497 3009 1553 3059 et
1585 3003 1717 3075 ipsa
1755 3018 2000 3058 sumens
2030 3003 2135 3059 ini-

2249 3001 2568 3063 δεσποτικὴν
2623 3001 2717 3057 διὰ
2781 3007 2975 3065 παντὸς
3029 3009 3331 3077 προσταγὴν
3387 3003 3606 3079 ἀχρείαν
3670 3006 3866 3065 ἑαυτὴν

485 3105 652 3175 tium,
705 3100 780 3157 ad
821 3114 1129 3154 summum
1168 3094 1416 3150 tandem
1463 3091 1848 3165 perfectionis
1900 3092 2140 3148 culmen

484 3189 807 3264 pertigerit.
842 3187 990 3244 Nihil
1021 3185 1255 3241 interim
1289 3185 1350 3239 in
1400 3183 1684 3238 virtutum
1737 3197 1915 3237 cursu
1962 3189 2140 3239 nacta

482 3276 914 3351 impedimenti,
928 3291 1040 3330 nec
1060 3275 1217 3328 circa
1238 3277 1541 3346 postrema
1565 3270 1695 3327 vitae
1718 3287 1845 3326 suae
1866 3276 2140 3345 tempora

481 3369 553 3424 iis
585 3383 721 3439 qua:
752 3369 888 3422 ante
919 3368 1122 3434 egerat
1150 3360 1453 3418 maculam
1495 3359 1680 3416 ullam
1712 3360 1911 3416 inferri
1933 3378 2132 3434 passa,

480 3473 618 3530 quae
638 3454 839 3511 multis
859 3454 985 3524 jam
1013 3457 1138 3508 tam
1165 3451 1491 3524 putabatur
1512 3450 1588 3506 ad
1613 3465 1853 3505 summa
1878 3467 2135 3524 quaeque

480 3544 775 3603 curriculo
801 3543 1162 3616 pervenisse,
1197 3556 1489 3610 magnum
1519 3539 1665 3594 nihil
1685 3539 1760 3594 de
1791 3555 1855 3594 se
1873 3540 1984 3595 sibi
2001 3556 2134 3612 per-

479 3634 666 3710 suasit
696 3650 709 3700 ;
742 3633 886 3706 quin
913 3632 1112 3705 potius
1137 3629 1470 3685 secundum
1501 3628 1560 3683 id
1592 3627 1758 3700 quod
1787 3642 1822 3682 a
1878 3629 2133 3686 Domino

477 3722 760 3780 inculcari
788 3721 977 3794 probe
1005 3725 1272 3784 noverat,
1298 3717 1591 3774 famulam
1623 3733 1687 3772 se
1709 3717 1968 3773 ducebat
1996 3719 2131 3774 inu-

2250 3091 2442 3153 δούλην
2473 3093 2696 3166 ἐνόμιζε,
2738 3097 2828 3144 καί
2877 3096 2944 3154 ὡς
3001 3089 3152 3146 οὐδὲν
3202 3091 3446 3167 οὐδαμῶς
3503 3103 3602 3146 τῶν
3651 3095 3861 3167 ὀφειλο-

2246 3188 2408 3256 μένων
2463 3182 2798 3240 ὲκπλησασαν
2855 3181 3140 3243 ἐταλάνιζε·
3191 3183 3323 3234 κατά
3359 3202 3413 3235 τε
3461 3188 3558 3241 τὴν
3619 3191 3713 3236 τοῦ
3766 3204 3861 3258 μα-

2246 3279 2434 3348 καρίου
2480 3271 2686 3325 Παύλου
2747 3273 2885 3323 θείαν
2928 3275 3018 3323 καὶ
3076 3276 3356 3344 σωτήριον,
3409 3273 3709 3340 ὑποθήκην,
3752 3272 3858 3325 ἐπι-

2244 3363 2590 3435 λανθανομένη
2658 3370 2756 3414 τῶν
2838 3363 3070 3426 ὄπισθεν,
3129 3360 3513 3414 ἓπεκτείνεσθαι
3588 3370 3701 3424 τοῖς
3773 3367 3866 3434 ἔμ-

2243 3454 2466 3527 προσθεν
2519 3447 2790 3517 ἔσπευδεν,
2843 3449 3118 3525 ἐγκρατείᾳ
3175 3453 3236 3502 τό
3289 3457 3444 3523 σῶμα
3496 3457 3854 3524 μαραίνουσα,

2245 3539 2555 3615 ἀγρυπνίαις
2630 3536 2980 3602 ἀδιαλείπτως
3055 3540 3366 3612 ἐμμένουσα,
3439 3537 3695 3602 διηνεκεῖς
3758 3545 3861 3603 τὰς

2244 3635 2375 3706 πρός
2414 3635 2542 3684 Θεὸν
2624 3631 2889 3704 ἱκετηρίας
2941 3635 3246 3702 ποιουμένη,
3309 3635 3400 3682 καὶ
3453 3629 3543 3689 ὅλη
3604 3632 3861 3694 καθάπαξ

2238 3725 2480 3793 γινομένη
2513 3727 2604 3772 τοῦ
2637 3724 2950 3792 κρείττονος.

471 3812 638 3869 'tilem
673 3828 687 3876 ;
720 3817 773 3867 et
813 3809 994 3865 veluti
1035 3807 1180 3863 nihil
1226 3807 1476 3862 omnino
1505 3805 1672 3878 quod
1702 3805 1781 3861 ad
1813 3806 2146 3878 profectum
2182 3825 2363 3865 suum
2407 3811 2629 3865 faceret
2672 3809 3017 3881 peregisset,
3051 3808 3334 3864 miseram
3361 3824 3422 3865 se
3449 3814 3506 3864 et
3540 3808 3858 3866 bonorum

477 3916 729 3974 operum
751 3900 994 3971 inopem
1019 3894 1338 3967 reputabat
1371 3913 1383 3961 ;
1407 3909 1694 3963 nec,non,
1721 3895 2057 3950 secundum
2078 3897 2345 3953 divinam
2370 3903 2427 3953 et
2450 3898 2776 3954 salutarem
2809 3897 2972 3952 Pauli
2989 3896 3483 3967 admonitionem,
3513 3911 3649 3969 quae
3693 3905 3861 3955 retro

477 3994 647 4046 erant
667 3987 1050 4053 obliviscens,
1084 3984 1163 4039 ad
1191 3984 1491 4039 anteriora
1539 3999 1602 4037 se
1637 3983 1996 4040 extendebat
2024 4003 2038 4050 ;
2072 3985 2556 4061 abstinentiaque
2589 4002 2807 4059 corpus
2841 4002 3018 4041 suum
3045 4000 3421 4053 emacerans,
3444 3991 3502 4041 et
3529 4001 3861 4060 nunquam

477 4095 600 4134 non
627 4076 846 4147 vigiliis
862 4091 924 4130 se
951 4089 1257 4142 exercens,
1297 4078 1475 4144 atque
1507 4072 1791 4127 assiduas
1814 4075 1932 4128 Deo
1958 4089 2165 4145 preces
2181 4076 2459 4143 offerens,
2494 4077 2867 4131 continenter
2898 4073 3248 4147 proficiebat
3268 4075 3329 4130 in
3361 4075 3602 4131 melius.

547 4170 601 4223 6.
629 4165 719 4222 Ad
751 4167 938 4219 Deum
967 4161 1146 4232 igitur
1178 4167 1232 4217 et
1257 4161 1462 4217 divina
1500 4161 1666 4233 quod
1711 4161 1935 4230 attinet,
1969 4164 2130 4219 dicta

467 4258 601 4327 jam
648 4254 879 4310 ratione
917 4257 1044 4306 erat
1069 4266 1324 4322 operosa
1362 4255 1541 4321 atque
1580 4249 1845 4306 assidua.
1880 4255 2028 4307 Cum
2057 4252 2128 4307 iis

473 4351 676 4402 autem
698 4342 1029 4413 virginibus
1056 4358 1191 4414 quae
1222 4341 1281 4396 in
1301 4340 1514 4396 eodem
1542 4341 1906 4396 monasterio
1945 4343 2128 4397 sacris

472 4452 612 4491 cum
636 4435 773 4507 ipsa
797 4429 1316 4488 exercitationibus
1346 4428 1660 4495 vacabant,
1694 4429 1847 4483 Deus
1875 4432 2124 4486 immor-

471 4525 604 4581 talis
634 4525 646 4579 !
676 4540 798 4596 quo
823 4523 1004 4578 modo
1019 4538 1079 4577 se
1095 4519 1512 4591 gerebat?quo
1526 4519 1709 4574 modo
1724 4521 2125 4577 conversaba-

2313 4164 2380 4229 ς’.
2417 4165 2570 4218 Ἀλλὰ
2619 4168 2685 4217 τὰ
2736 4171 2824 4237 μεν
2871 4167 2998 4237 πρὸς
3053 4167 3112 4216 τὸ
3167 4171 3317 4217 Θεῐον
3347 4169 3437 4216 καὶ
3469 4166 3537 4216 τὰ
3591 4166 3708 4218 θεῖα
3756 4168 3861 4218 οῦ·-

2238 4274 2334 4315 τως
2385 4251 2446 4312 ἦν
2505 4254 2730 4329 ἐνεργὴς,
2793 4255 2952 4314 οὕτως
3005 4250 3066 4312 ἧν
3117 4256 3358 4315 σύντονος
3391 4275 3404 4286 ο
3434 4257 3562 4326 πρός
3628 4251 3691 4307 δὲ
3756 4258 3863 4318 τὰς

2237 4349 2659 4416 συνασκουμένας
2709 4343 2839 4415 αύτῇ
2903 4345 3162 4415 μοναχὰς,
3234 4343 3372 4404 ὅπως
3435 4339 3576 4416 εἶχεν
3637 4360 3652 4408 ς
3707 4347 3856 4408 ὅπως

2236 4429 2456 4485 διέκειτο
2490 4449 2503 4500 ;
2535 4433 2673 4508 Ἀρά
2701 4430 2842 4504 γεὲκ
2899 4439 2992 4484 τοῦ
3042 4433 3388 4505 ὑπερέχοντος
3442 4431 3624 4505 ὡμίλει
3680 4451 3695 4500 ;
3744 4429 3856 4507 ἆρά

2231 4542 2292 4593 γε
2321 4524 2594 4596 ὑπερετίθη
2655 4530 2795 4594 σφῶν
2843 4524 2890 4573 ἒν
2947 4541 3087 4574 τισιν
3135 4521 3321 4580 ἑαυτήν
3365 4542 3379 4590 ;
3432 4525 3698 4594 Οῦμενουν
3749 4524 3851 4576 οὑ·-

469 4620 566 4671 tur
595 4615 623 4669 ?
652 4630 774 4687 quo
788 4613 971 4669 modo
982 4611 1243 4684 reliquas
1259 4625 1492 4666 ommes
1511 4607 1584 4664 de
1598 4625 1710 4665 sua
1722 4609 2124 4682 spiritualium

2245 4608 2431 4683 δαμῶς,
2488 4611 2572 4672 Ὠς
2628 4613 2726 4684 γάρ
2776 4631 2853 4672 τις
2903 4609 3116 4683 ἀμελὴς,
3173 4613 3243 4672 ὡς
3299 4619 3396 4663 τῶν
3451 4585 3851 4684 ἐπηγγελμένων

468 4702 769 4760 donorum
809 4701 984 4774 copia
1011 4697 1305 4755 reddebat
1332 4697 1645 4769 participes
1673 4700 1702 4752 ?
1723 4697 1973 4769 Insuper
1999 4700 2124 4756 illa-

466 4810 602 4849 rum
623 4791 894 4866 pluribus
920 4787 1186 4846 habebat
1215 4803 1281 4841 se
1305 4784 1645 4842 inferiorem
1680 4803 1692 4852 ;
1723 4803 1919 4859 neque
1944 4788 2003 4843 id
2031 4805 2122 4845 so—

463 4883 612 4954 lum,
647 4881 752 4938 sed
782 4879 957 4953 quasi
986 4892 1188 4932 rerum
1210 4875 1510 4930 bonarum
1537 4875 1788 4947 incuria,
1820 4883 1875 4932 et
1900 4877 1978 4933 ad
1996 4894 2124 4934 omo

462 4973 565 5029 nia
621 4973 774 5028 foret
815 4967 1061 5032 inutilis,
1113 4966 1456 5022 divinorum
1511 4965 1938 5021 mandatorum
1994 4965 2123 5020 nul-

462 5061 592 5119 lum
621 5077 746 5117 non
774 5057 1119 5128 negligeret,
1144 5071 1283 5110 cum
1313 5055 1575 5126 ingenuo
1604 5055 1863 5127 quodam
1890 5054 2121 5126 pudore

461 5153 618 5209 ultro
648 5149 976 5207 accedebat
1005 5145 1341 5206 universas,
1374 5152 1690 5218 propterea
1719 5145 1956 5216 quodin
1983 5161 2119 5201 san-

461 5247 570 5297 ctte
601 5255 740 5294 cum
764 5240 883 5293 Deo
903 5236 1373 5292 conversationis
1395 5235 1592 5290 studio
1637 5235 1716 5291 ab
1746 5233 2030 5290 omnibus
2057 5250 2120 5290 se

533 5437 610 5506 (t)
640 5436 696 5490 S.
726 5433 1044 5506 Anastasia
1073 5435 1478 5506 cognomento
1530 5430 1948 5506 φαρμακολίτρια
1975 5431 2116 5487 coli-

461 5502 558 5564 tur
587 5502 702 5562 hoc
731 5505 976 5560 nomine
1007 5519 1044 5560 a
1089 5503 1303 5560 Graecis
1349 5506 1418 5556 22
1450 5502 1810 5557 Decembris.
1859 5502 2004 5570 quae
2037 5519 2116 5559 an

459 5576 887 5654 distinguenda
935 5576 1009 5654 sit
1037 5591 1100 5654 __a
1150 5577 1423 5654 Romana
1446 5649 1455 5654 _
1482 5574 1677 5654 istius_
1698 5573 2116 5654 appellationis

463 5649 640 5708 Probi
652 5644 872 5715 uxore,
903 5645 1287 5702 nobilissima
1306 5649 1567 5716 martyre
1589 5644 1703 5700 sub
1731 5644 2113 5716 Diocletiano,

460 5721 825 5793 videbimus,
852 5718 903 5775 si
916 5732 1042 5775 non
1070 5722 1231 5788 ante,
1249 5721 1406 5774 certe
1430 5715 1511 5774 ad
1531 5719 1600 5773 25
1615 5716 1957 5774 Decembris
2006 5715 2114 5793 C09

2232 4701 2566 4774 ἐκπληροῦσα
2602 4697 2790 4774 μηδὲν,
2833 4700 2942 4774 μετ’
2989 4696 3170 4760 αἰδοῦς
3215 4699 3427 4762 ἁπάσας
3463 4705 3716 4774 προσῄει,
3760 4705 3852 4756 ὅτε

2234 4786 2430 4847 δήποτε
2482 4798 2582 4841 τῶν
2640 4792 2773 4865 πρὸς
2810 4792 2938 4842 Θεὸν
3002 4788 3269 4850 ἐντεύξεων
3311 4785 3406 4860 ἦγε
3460 4788 3689 4860 σχολὴν,
3751 4796 3852 4844 καὶ

2233 4880 2405 4939 πάσας
2461 4878 2649 4940 ἑαυτῆς
2705 4880 3003 4952 ὑπερφέρειν
3062 4881 3257 4949 ἠγεῖτο,
3305 4883 3396 4929 καὶ
3465 4875 3849 4951 ηὑδαιμόνιζε.

2229 4971 2298 5019 Τὸ
2342 4970 2396 5018 τε
2453 4969 2651 5040 μεῖξον,
2696 4968 2831 5020 οὕτω
2889 4974 3171 5042 φρονοῦσα,
3231 4967 3366 5019 οὑτω
3425 4963 3850 5042 δεαλογιζομένη

2229 5062 2347 5131 περὶ
2375 5067 2474 5110 τῶν
2516 5054 2768 5130 ἀδελφῶν,
2826 5054 2950 5109 οὐδὲ
2996 5062 3095 5129 μιᾷ
3145 5059 3339 5109 τούτων
3386 5055 3659 5130 ἐφρόνησε,
3721 5063 3859 5134 πρὸς

2229 5143 2478 5219 οὐδεμίαν
2546 5146 2930 5207 ἐζηλοτὺπησεν
2985 5167 2998 5179 ο
3050 5144 3156 5198 ἀλλ’
3229 5148 3408 5217 ἠγάπα
3483 5147 3664 5209 πάσας
3761 5153 3861 5200 καὶ

2227 5239 2438 5311 ἔστεργε
2491 5257 2506 5269 ο
2547 5241 2637 5288 καὶ
2703 5236 2877 5310 ὥσπερ
2936 5255 3010 5295 τις
3065 5233 3384 5308 ἀρτιπασγης,
3444 5237 3512 5297 ὡς
3554 5244 3647 5296 τῆς
3708 5241 3859 5289 κατὰ

2227 5431 2406 5488 dinus
2421 5432 2491 5487 de
2511 5432 2854 5503 Originibus
2868 5431 2947 5488 ait
2963 5431 3258 5504 templum
3271 5432 3350 5488 illi
3374 5432 3749 5490 aedificatum
3777 5449 3856 5491 eo

2226 5505 2286 5559 in
2315 5505 2469 5571 loco,
2505 5504 2606 5560 ubi
2637 5504 2832 5559 fuerat
2866 5504 3084 5559 domus
3113 5504 3432 5576 cujusdam
3454 5505 3716 5576 patricii,
3747 5522 3857 5562 co-

2225 5581 2553 5648 gnomento
2569 5576 2886 5631 Pharmaci
2903 5593 2915 5631 :
2931 5591 3068 5648 quae
3079 5591 3164 5648 an
3174 5575 3245 5630 sit
3266 5575 3471 5648 prima
3478 5576 3729 5648 occasio
3744 5593 3850 5633 eo-

2265 5647 2547 5719 nominis,
2561 5652 2667 5704 aut
2677 5648 2878 5719 ipsam
2889 5645 3100 5708 contra
3109 5645 3461 5719 pharmaca,
3473 5645 3535 5703 id
3548 5652 3639 5706 est
3650 5664 3847 5706 vene-

2267 5718 2379 5788 cia,
2402 5718 2753 5792 invocandi,
2778 5717 2928 5776 alias
2959 5717 3146 5792 quaeri
3170 5718 3403 5791 poterit.
