4090 6448
257 403 358 459 901
1592 412 1666 469 ΙΝ
1703 413 1762 471 S.
1801 414 1874 471 ΤΕ

1983 413 2277 474 νῡοεῐΑΜ.
3512 396 3620 477 902

259 529 388 580 Θεὸν
445 531 659 601 πορείας
723 528 911 594 ἀήθης,
963 529 1136 591 ἐζήτει
1199 533 1324 606 παρ’
1381 533 1604 596 ἑκάστης
1681 533 1859 597 ποδη-

1983 540 2245 612 superari
2276 539 2698 607 arbitrabatur,
2726 541 3008 598 miseram
3050 558 3178 598 sese
3221 544 3279 598 et
3322 540 3621 602 infelicem

257 617 488 686 νεῖσθαι,
545 622 634 668 καὶ
684 621 815 692 πρὸς
866 617 1053 692 ἀρετὴν
1111 620 1232 692 παρ’
1302 621 1499 696 ἑκάστη
1572 624 1857 681 ἰθύνεσθαι.

1983 628 2300 700 ippellans.
2326 629 2621 702 Quodque
2642 628 2817 700 longe
2849 635 2940 684 est
2968 632 3190 701 majus,
3213 647 3354 686 cum
3375 635 3545 688 tanta
3565 629 3621 686 ei

262 705 414 756 Οὕτω
462 724 518 757 τε
566 714 769 778 ιιι-νεῦμα
814 715 1263 780 τεταπεινωμένον,
1314 717 1403 763 καὶ
1457 710 1682 785 καρδίαν
1745 735 1863 768 συν-

1983 727 2196 773 .nesset
2225 718 2566 791 prudentia,
2601 722 2846 789 tamque
2868 719 3156 789 praeclara
3186 720 3404 790 agendi
3446 720 3618 788 ratio,

257 799 596 866 τετριμμένην
662 794 923 864 ἐκέκτητο,
985 798 1020 848 ἃ
1088 804 1159 870 μὴ
1224 798 1517 861 ἐξουθενοῦν
1569 808 1655 854 τὸν
1733 808 1862 857 Θεὸν

1983 811 2120 860 .nter
2147 807 2419 877 ejusdem
2460 806 2835 862 contubernii
2874 806 3132 876 sodales,
3168 808 3332 863 nulla
3361 807 3621 864 elatioris

264 884 444 954 φθάνει
479 891 891 959 μεμαρτυρηκὼς
919 887 944 937 6
975 884 1159 940 Δαυῖδ.

1983 895 2153 950 mimi
2181 895 2396 951 edebat
2425 897 2617 966 signa,
2646 895 2878 951 nullam
2913 912 3158 951 suarum
3192 897 3492 956 sodalium
3535 897 3622 952 in-

260 971 426 1027 vidia
455 974 953 1044 prosequebatur,
989 976 1092 1031 sed
1121 992 1328 1032 amore
1358 986 1602 1036 cunctas
1645 986 1701 1036 et
1730 983 2142 1040 benevolentia
2195 985 2706 1056 complectebatur
2755 984 3061 1054 singulari.
3104 988 3232 1040 Non
3262 985 3432 1041 aliter
3469 1001 3622 1058 quo-

261 1075 381 1130 que
412 1077 598 1132 quam
623 1063 673 1116 si
703 1063 762 1118 in
785 1063 996 1120 divino
1021 1064 1312 1138 obsequio
1342 1068 1546 1124 fuisset
1568 1070 1807 1138 novitia,
1841 1075 1897 1126 et
1920 1072 2184 1128 methodi
2229 1073 2306 1129 ad
2344 1076 2531 1128 Deum
2573 1073 3105 1145 appropinquandi
3135 1073 3348 1143 ignara
3391 1078 3495 1129 aut
3537 1074 3625 1129 in-

263 1155 454 1217 sueta,
481 1167 515 1204 a
544 1151 797 1220 singulis
829 1154 1070 1225 petebat
1095 1155 1326 1220 instrui,
1359 1162 1414 1212 et
1452 1158 1512 1212 in
1543 1164 1768 1215 rectam
1800 1161 2028 1216 virtutis
2060 1162 2359 1232 semitam,
2389 1163 2438 1217 si
2465 1163 2613 1218 forte
2661 1161 2940 1217 aberrare
2991 1162 3361 1233 contingeret
3395 1163 3624 1219 reduci.

263 1239 348 1293 Ita
381 1238 657 1309 spiritum
709 1241 842 1313 ipsa
871 1242 1136 1298 habebat
1164 1245 1570 1311 humiliatum,
1602 1252 1660 1302 et
1689 1264 1793 1303 cor
1821 1251 2162 1313 contritum,
2195 1267 2331 1323 quae
2387 1251 2510 1307 duo
2556 1251 2863 1323 despicere
2894 1253 3047 1307 Deus
3075 1267 3430 1324 nequaqum
3455 1251 3626 1322 solet,

259 1327 782 1398 quemadmodum
810 1338 1056 1386 sanctus
1086 1337 1336 1388 testatur
1357 1335 1561 1390 David.

331 1431 395 1492 ζ’.
451 1433 651 1505 Ἀμέλει
694 1455 776 1487 τοι
827 1445 899 1506 τῷ
956 1440 1156 1511 θυμικῷ
1210 1441 1427 1511 ἔχουσά
1475 1440 1546 1513 ἐφ’
1611 1443 1701 1494 οῦκ
1767 1451 1858 1504 τῆς

263 1521 446 1593 ψυχῆς
494 1525 691 1598 ὅτῳπερ
743 1526 802 1576 ἂν
857 1532 1148 1599 χρήσαιτο,
1199 1529 1309 1581 ὅ).ον
1364 1534 1498 1582 κατά
1545 1540 1636 1584 τοῦ
1689 1530 1856 1606 ἆρχε-

259 1611 422 1662 κάκου
474 1616 561 1663 τὸν
630 1615 790 1686 θυμὸν
835 1614 1004 1686 ἐξέχεε
1071 1624 1292 1679 σατανᾶ,
1371 1619 1632 1694 πόρρωθεν
1707 1621 1859 1673 αὐτὸν

261 1697 614 1772 ἀπερύκουσα,
662 1703 922 1777 πορῥωθεν
975 1702 1327 1772 ἐκδιώκουσα,
1382 1714 1471 1760 καὶ
1522 1714 1594 1781 μή
1682 1730 1857 1782 παρα-

260 1797 518 1860 χωροῦσα
550 1794 610 1842 τὸ
657 1795 904 1865 παράπαν
957 1798 1332 1867 προσεγγίσάι,
1401 1795 1553 1869 μηδ’,
1610 1801 1636 1852 ὅ
1683 1820 1858 1871 φασιν,

263 1875 316 1938 ἐξ
360 1875 684 1950 ἀγχωμάλου
742 1866 1152 1953 συμπλέκεσθαι.
1212 1886 1287 1937 Οὐ
1344 1866 1444 1960 γάρ
1505 1889 1586 1938 ὅτι
1631 1866 1698 1958 ’γε
1739 1866 1865 1961 πρὸς
1897 1866 1934 1919 Β

265 1963 446 2038 βολαῖς
485 1965 836 2042 ἀκροϐολίζειν
895 1973 989 2023 οὐκ
1037 1970 1272 2025 ἐνεδίδου
1318 1979 1405 2026 τὸν
1465 1977 1863 2048 πολυμήχανον,

265 2051 385 2106 οὐδ’
406 2055 476 2117 εἰς
501 2057 670 2115 πάλην
721 2059 850 2122 ὅλως
902 2059 1032 2112 ἀνίει
1086 2071 1277 2134 χωρεῖν
1317 2069 1405 2115 καὶ
1455 2063 1861 2136 ξυμπλέκεσθαι·

267 2143 377 2195 ἀλλ’
410 2145 464 2196 εὖ
495 2145 634 2218 μάλα
682 2147 942 2222 πόρρωθεν
991 2146 1148 2224 εἶργε,
1206 2156 1298 2203 xui
1361 2155 1485 2204 ὡσεί
1536 2173 1614 2213 τις
1655 2152 1868 2228 ἀριστος

265 2238 584 2305 στρατηγὸς,
642 2239 767 2288 ὡσεί
829 2257 912 2298 τις
965 2235 1133 2300 δεξιὸς
1192 2238 1600 2312 ἀνταγωνιστὴς,
1649 2241 1703 2293 ἐκ
1768 2252 1869 2295 τῶν

264 2320 548 2375 ἀπωτάτων
588 2327 974 2397 κατηγωνίζετο
1033 2330 1320 2399 φθάνουσα.
1371 2327 1574 2388 Μηδενί
1625 2327 1868 2404 δ’ἀσχο-

260 2410 480 2483 λουμένη
537 2421 636 2464 τῶν
701 2412 955 2484 ἐνταυθοῖ,
1009 2413 1231 2488 μηδενὸς
1284 2418 1689 2493 ἐπιστρεφομένη
1767 2429 1868 2473 τῶν

264 2505 473 2573 κόσμου
539 2512 787 2575 τερπνῶν,
872 2504 986 2556 ὅλον
1064 2510 1123 2557 τὸ
1199 2505 1574 2579 ἐπιθυμητικὸν
1653 2513 1870 2562 ἀνέτεινε

261 2593 396 2664 πρὸς
418 2594 567 2654 Θεὸν,
601 2598 690 2644 καὶ
719 2601 814 2654 τῆς
840 2594 999 2646 αῦτοῦ
1047 2615 1312 2670 κατάκρας
1368 2596 1578 2668 ἀγάπης
1631 2598 1881 2666 ἑάλωκεν,

263 2679 356 2752 ὅλῃ
393 2687 526 2732 Θεοῦ
552 2686 642 2733 καὶ
679 2690 780 2733 τῶν
841 2684 986 2734 θείων
1028 2686 1320 2758 ἱμειρομένη
1367 2686 1544 2759 ψυχῇ.
1579 2687 1759 2750 Οὒτως
1815 2687 1870 2740 ἐκ

263 2774 499 2839 πρώτης,
533 2771 558 2820 ὅ
587 2789 761 2842 φασιν,
796 2774 825 2830 ἡ
855 2777 1305 2847 μακαρίατριχὸς,
1335 2781 1484 2827 πᾶσα
1513 2780 1602 2848 μὲν
1622 2782 1711 2828 καὶ
1734 2776 1871 2829 ἐντο-

265 2851 360 2911 λὴν
390 2853 614 2930 ἐπλήρου
647 2863 988 2925 Δεσποτικὴν,
1021 2864 1185 2933 μέχρι
1219 2867 1428 2936 κεραίας
1459 2869 1546 2916 καὶ
1576 2864 1679 2925 ἐνὸς
1721 2865 1868 2932 ἰῶτα,

265 2945 336 2994 τὰ
365 2951 458 2994 τοῦ
487 2946 624 2997 θείου
654 2951 814 3019 νόμου
842 2948 1130 3020 φυλάττειν,
1162 2953 1226 3010 ὡς
1256 2951 1409 3012 αὐτὸς
1438 2955 1672 3019 ὑπέθετο,
1718 2958 1874 3006 σπεὺ-

271 3027 467 3084 δουσαο
487 3034 644 3087 Ἀλλὰ
666 3040 725 3088 τὸ
752 3037 950 3109 μεῖζον,
981 3036 1109 3091 ἀλλὰ
1123 3043 1178 3092 τὸ
1191 3045 1459 3112 μέγιστον,
1485 3041 1608 3111 ἐρῶν
1621 3045 1869 3117 ἔρχομαι.

2042 1428 2095 1482 7.
2130 1431 2384 1485 Omnem
2415 1430 2602 1485 animi
2630 1429 2852 1485 fastum
2882 1434 2938 1483 et
2968 1434 3198 1485 motum
3224 1431 3627 1487 vehementio-

1975 1533 2100 1573 rem
2129 1519 2308 1590 plane
2338 1524 2601 1586 exuerat,
2630 1535 2768 1573 cum
2793 1518 2943 1573 nihil
2970 1519 3266 1575 accideret
3292 1521 3460 1593 quod
3506 1521 3625 1576 vir-

1976 1607 2175 1675 ginem
2206 1614 2479 1664 sanctam
2508 1607 2586 1664 ad
2617 1606 2993 1663 iracundiam
3023 1614 3225 1680 posset
3271 1625 3622 1680 provocare;

1975 1695 2121 1751 illud
2153 1697 2350 1752 solum
2381 1697 2706 1752 retinuerat
2728 1696 2834 1751 zeli
2877 1701 2934 1750 et
2981 1696 3399 1767 animositatis,
3457 1698 3627 1771 quod

1975 1789 2035 1842 in
2061 1787 2402 1842 daemonem
2454 1785 2759 1841 eﬁundere
2816 1800 2939 1840 non
2993 1785 3121 1840 sine
3179 1787 3369 1855 gloria
3424 1791 3629 1858 posset

1978 1877 2174 1946 Longe
2203 1876 2380 1945 igitur
2418 1875 2585 1930 illum
2613 1891 2650 1930 a
2675 1890 2735 1929 se
2779 1874 3041 1942 abigere,
3070 1873 3250 1944 longe
3297 1875 3627 1945 fugientem

1975 1966 2272 2038 persequi,
2301 1981 2498 2036 neque
2527 1964 2798 2020 ommino
2825 1964 3376 2036 apprOpinquandi,
3402 1970 3508 2020 aut
3553 1981 3629 2021 ex

1976 2071 2173 2127 aequo,
2187 2055 2350 2127 quod
2365 2054 2551 2123 aiunt,
2569 2053 2998 2124 congrediendi
3023 2069 3228 2109 secum
3248 2054 3628 2110 occasionem

1975 2145 2336 2215 permittere.
2370 2147 2495 2199 Non
2554 2143 2712 2198 enim
2770 2142 3066 2198 adversus
3118 2142 3276 2198 hosti
3325 2142 3630 2200 vaferrimi

1976 2232 2236 2302 impetus
2272 2233 2367 2287 vel
2398 2233 2632 2287 eminus
2681 2247 2824 2286 suas
2867 2231 3122 2302 experiri
3162 2230 3405 2288 volebat
3451 2233 3626 2304 vires,

1978 2338 2087 2378 nec
2115 2323 2177 2377 in
2205 2321 2551 2394 palaestram
2581 2322 2829 2376 omnino
2875 2319 3209 2375 sustinebat
3264 2320 3630 2377 descendere

1977 2417 2035 2466 et
2069 2411 2346 2466 cominus
2388 2427 2526 2487 cum
2555 2427 2626 2466 eo
2657 2410 2962 2479 congredi,
3005 2409 3106 2465 sed
3167 2408 3398 2465 meliori
3452 2410 3630 2481 longe

1977 2501 2226 2558 consilio
2257 2500 2467 2573 procul
2496 2499 2665 2554 illum
2692 2515 2728 2554 a
2749 2515 2811 2554 se
2827 2498 3050 2570 jubens
3100 2499 3412 2566 facessere,
3469 2516 3634 2571 egre-

1978 2593 2057 2662 gii
2089 2607 2336 2663 prorsus
2375 2588 2566 2646 militis
2623 2594 2679 2643 et
2719 2587 3112 2658 autagonistaa
3165 2593 3368 2661 partes
3419 2605 3632 2646 omnes

1977 2679 2287 2753 implebat,
2329 2678 2476 2734 dum
2508 2693 2539 2732 e
2569 2677 2901 2749 longinquo
2933 2681 2990 2732 et
3018 2678 3192 2748 quasi
3230 2678 3466 2748 fugiens
3513 2679 3632 2735 ini-

1978 2771 2204 2827 micum
2231 2782 2407 2820 suum
2439 2771 2612 2821 caute
2641 2767 2970 2836 impeteret.
2995 2765 3148 2820 Nulli
3175 2782 3384 2822 earum
3427 2783 3634 2824 rerum

1977 2874 2132 2932 quas
2176 2855 2272 2910 hic
2319 2854 2610 2909 miramur
2664 2854 2914 2923 intenta,
2972 2853 3150 2909 nullis
3199 2856 3408 2910 mundi
3446 2855 3633 2925 hujus

1978 2945 2388 3018 voluptatibus
2416 2944 2658 3010 irretita,
2679 2944 2884 2999 omnia
2908 2959 3019 2999 sua
3046 2948 3188 2999 vota
3211 2943 3634 3018 desideriaque

1981 3038 2042 3092 in
2073 3052 2260 3091 unum
2295 3025 2781 3103 Denm'defigere
2815 3032 2924 3088 fuit
2984 3032 3157 3089 solita
3189 3055 3200 3088 :
3232 3033 3391 3088 illius
3422 3036 3632 3091 -unius

269 3121 625 3193 capiebatur
663 3139 888 3194 amore,
922 3132 1041 3183 toto
1082 3129 1284 3184 animo
1315 3130 1417 3185 diu
1447 3137 1746 3203 noctuque
1779 3133 1897 3186 Deo
1930 3144 2000 3184 ac
2041 3125 2222 3181 rebus
2255 3122 2471 3177 divinis
2500 3121 2836 3177 intendens.
2875 3126 2955 3176 Ita
2985 3121 3212 3193 primis,
3242 3122 3410 3194 quod
3444 3122 3633 3192 aiunt,

269 3211 616 3280 unguiculis
647 3214 816 3282 virgo
846 3218 959 3270 ista
984 3216 1339 3273 beatissima
1377 3221 1755 3292 praescriptas
1775 3237 1811 3275 a
1840 3222 1956 3274 Deo
1985 3213 2333 3272 hominibus
2367 3211 2599 3267 vivendi
2623 3211 2784 3280 leges
2814 3209 3104 3282 implebat
3134 3226 3365 3274 omnes,
3394 3210 3458 3267 id
3481 3211 3638 3268 solli-

269 3301 382 3355 cite
407 3316 649 3369 curaus,
677 3309 737 3358 ut
767 3320 843 3359 ne
875 3310 1167 3375 punctum
1194 3308 1441 3379 quidem
1473 3325 1661 3364 unum
1698 3324 1928 3365 unusve
1974 3321 2128 3376 apex
2168 3303 2386 3358 divinae
2415 3300 2563 3371 legis
2601 3300 2934 3355 custoditus
2961 3298 3314 3368 elaberetur,
3343 3301 3638 3372 quemad-

267 3390 521 3445 modum
552 3393 809 3463 ipsemet
847 3393 1135 3450 Dominus
1165 3396 1225 3450 id
1256 3395 1600 3454 faciendum
1631 3397 1951 3454 constituit.
1975 3394 2095 3452 Sed
2122 3408 2284 3449 nunc
2308 3391 2508 3461 majus
2547 3389 2866 3464 quiddam,
2890 3388 3012 3444 imo
3041 3389 3400 3460 maximum,
3431 3405 3641 3461 aggre—

265 3479 401 3534 dior
429 3479 652 3536 dicere.

1789 3629 2018 3685 CAPUT
2057 3625 2119 3682 ll.

375 3767 488 3820 Leo
521 3765 846 3834 Isauricus,
879 3769 1170 3838 imagines
1190 3768 1549 3839 aboliturus,
1579 3768 1967 3893 Gymnascz'ium
1987 3766 2294 3892 mbilicum
2326 3781 2458 3821 cum
2484 3765 2790 3835 magistris
2827 3765 2941 3821 sibi
2967 3768 3416 3824 adversantibus
3443 3769 3532 3826 in-

1730 3855 1836 3893 cen
1884 3853 1940 3893 ιο
1969 3853 2076 3893 πορν
2119 3853 2138 3892 2
2173 3879 2184 3890 .

1730 3853 1940 3895 cenato
1967 3853 2184 3907 perun.

348 3959 414 4019 η’.
472 3959 568 4012 Ἦν
623 3964 713 4034 μὲν
762 3962 925 4024 οὕτως
974 3964 1002 4021 ἡ
1064 3968 1303 4039 μακαρία
1356 3961 1622 4036 διάγουσα
1688 3962 1874 4038 ἀρετῆς

2057 3964 2108 4016 8.
2143 3963 2304 4016 Hanc
2342 3959 2810 4032 pulcherrimam
2846 3975 2990 4016 sane
3049 3961 3283 4018 vivendi
3339 3964 3638 4024 rationem

283 4049 652 4122 ἐπιμελομένη,
694 4050 882 4108 ἑαυτήν
930 4059 992 4110 τῆ
1038 4061 1166 4125 μονῇ
1215 4053 1609 4127 περικλείουσα,
1655 4058 1745 4105 καὶ
1783 4072 1876 4125 μο-

276 4161 346 4211 νῳ
398 4147 511 4209 Θεῴ
561 4135 654 4190 διὰ
706 4144 896 4202 παντὸς
946 4145 1373 4216 προσανέχουσα.
1432 4141 1566 4194 Ἀλλ’
1641 4141 1728 4202 ἕως
1814 4143 1879 4194 τὰ

273 4226 400 4280 καθ’
430 4229 565 4299 ἡμᾶς
595 4223 708 4298 εἶχε
737 4228 919 4294 καλῶς,
957 4235 1046 4281 xui
1071 4236 1189 4304 περὶ
1231 4239 1363 4283 Θεοῦ
1425 4237 1512 4284 xui
1571 4240 1668 4282 τῶν
1732 4229 1878 4283 θείων

277 4325 580 4393 φρονοῦντες
637 4315 762 4390 ἦμεν
821 4319 970 4394 ὀρθὰ,
1027 4323 1086 4371 τὸ
1141 4321 1206 4381 εἰς
1267 4321 1610 4394 κληρονομίαν
1672 4318 1878 4374 ἰδιωθεν

276 4407 422 4478 αὐτῷ
457 4413 772 4479 σχοίνισμα,
806 4410 830 4459 6
879 4411 983 4469 νέος
1037 4409 1270 4485 Ἰσραήλ,
1331 4413 1356 4462 ὁ
1408 4414 1705 4486 περιούσιος
1756 4410 1879 4473 λαὸς

275 4501 371 4548 καὶ
411 4495 687 4569 ἐξαίρετος.
743 4497 881 4549 Ἐπεὶ
949 4494 1000 4550 δ’
1067 4501 1091 4550 6
1148 4501 1338 4552 ἄνωθεν
1390 4500 1692 4574 βασκαίνων
1753 4502 1878 4573 ἡμῖν

273 4585 494 4646 πολλαῖς
552 4585 794 4647 πολλάκις
848 4587 964 4637 καθ’
1034 4589 1178 4659 ἡμῶν
1261 4588 1530 4662 ἐχρήσατο
1607 4598 1880 4662 μηχαναῖς

279 4672 454 4743 χοῦδὲν
484 4673 532 4726 δ’
563 4676 587 4726 ὅ
617 4695 668 4727 τι
717 4681 805 4727 καὶ
863 4676 1064 4747 ἦνυσε),
1118 4675 1389 4730 κάντεῦθεν
1439 4679 1735 4753 ἐξηπορήθη
1788 4685 1878 4732 καὶ

275 4766 622 4837 ὴμηχάνησε,
685 4767 854 4816 πάντα
894 4769 1003 4837 μὲν,
1068 4768 1094 4817 ό
1161 4785 1308 4839 φασι,
1385 4768 1550 4821 κάλων
1633 4774 1876 4834 κινήσας,

274 4857 415 4906 κατά
471 4861 567 4915 τῆς
627 4852 938 4915 Ἐκκλησίας
1002 4861 1158 4924 Θεοῦ,
1243 4853 1408 4928 μηδὲν
1495 4854 1543 4908 δ’
1620 4856 1880 4918 ἐκπλῆσαι

277 4939 526 5004 δυνηθείς
555 4950 654 4994 τῶν
676 4947 807 5017 πρὸς
837 4941 1114 5016 βούλησιν,
1145 4943 1270 4997 ἀλλὰ
1319 4951 1406 4997 καὶ
1458 4945 1652 4997 πλατὺν
1720 4947 1878 5020 ὀφλή-

277 5053 377 5094 σας
429 5031 742 5103 κατάγελων,
798 5031 924 5094 ὅλως
986 5033 1150 5105 ἐαυτῷ
1205 5039 1396 5106 γίνεται
1448 5039 1536 5088 καὶ
1586 5040 1878 5109 καινότερον

275 5142 328 5173 τι
368 5121 701 5193 τεχνάζεται.
773 5122 847 5175 Ou’
904 5124 1005 5195 γάρ
1054 5143 1105 5174 τι
1161 5132 1259 5177 τῶν
1316 5127 1461 5177 θείων
1509 5133 1878 5199 παραποιῆσαι

278 5207 556 5282 δογμάτων
608 5209 827 5286 ἐπαίρει·
886 5207 980 5263 διὰ
1040 5216 1140 5287 ’γάρ
1229 5217 1432 5266 πάντων
1508 5212 1875 5289 ἐπιχειρήσας,

1948 4049 2227 4106 .tenebat
2267 4049 2616 4118 Theodosia,
2683 4049 2914 4104 virtutis
2991 4051 3190 4107 studio
3264 4053 3639 4112 continenter

1987 4138 2326 4206 intendens,
2367 4137 2662 4208 virginem
2719 4153 3028 4194 sacrarum
3081 4140 3359 4198 cmnobio
3406 4143 3634 4214 clausa,

1988 4233 2044 4284 et
2067 4233 2263 4284 mente
2285 4229 2346 4283 in
2379 4230 2565 4283 Deum
2606 4243 2846 4300 semper
2888 4233 3103 4284 erecta.
3151 4232 3370 4286 Notum
3435 4237 3639 4289 autem

1988 4324 2092 4389 est,
2127 4316 2437 4390 quomodo
2468 4333 2607 4372 cum
2637 4317 2842 4372 omnia
2862 4322 3068 4374 nostra
3097 4319 3262 4375 salva
3287 4320 3488 4378 adhuc
3505 4339 3637 4382 esse

1988 4414 2044 4465 et
2083 4406 2426 4477 incolumia,
2461 4412 2518 4463 et
2549 4406 2624 4462 de
2683 4409 2801 4462 Deo
2856 4407 3192 4481 divinisque
3239 4409 3422 4468 rebus
3479 4419 3638 4472 recte

1988 4515 2200 4554 omnes
2247 4496 2622 4563 sentiremus,
2677 4512 2918 4552 eramus
2978 4497 3240 4569 populus
3287 4501 3540 4558 eximius
3583 4507 3641 4560 et

1987 4587 2228 4659 electus,
2265 4585 2370 4659 qui
2396 4585 2556 4641 velut
2585 4601 2774 4641 novus
2798 4586 2992 4650 Israel,
3035 4587 3148 4658 ipsi
3204 4591 3442 4662 proprie
3486 4592 3640 4649 obti-

1989 4675 2978 4747 gimusinfuniculumhaereditatis
3018 4692 3162 4732 suae.
3198 4682 3270 4733 At
3307 4684 3639 4754 postquam

1987 4781 2019 4821 e
2040 4765 2190 4821 coelo
2211 4762 2421 4836 pulsus
2457 4763 2754 4835 superbia}
2778 4764 3020 4836 spiritus
3051 4781 3225 4821 suam
3268 4765 3331 4822 in
3361 4768 3642 4827 homines

1986 4854 2276 4912 invidiam
2316 4854 2375 4908 in
2412 4858 2687 4924 apertum
2735 4852 2912 4924 coepit
2976 4853 3260 4925 proferre,
3318 4857 3520 4913 multis
3568 4875 3641 4916 ac

1989 4943 2169 5000 variis
2199 4941 2540 5015 frequenter
2570 4941 2868 4998 machinis
2899 4942 3132 4998 animos
3162 4947 3400 5000 nostros
3447 4962 3644 5020 oppu-

1988 5049 2173 5105 gnare
2203 5035 2292 5087 est
2329 5046 2676 5104 aggressus.
2710 5030 3237 5107 Utveroadversus
3255 5030 3385 5088 illos
3417 5050 3639 5106 parum

1987 5122 2191 5188 valuit,
2217 5125 2272 5176 et
2301 5121 2414 5176 hac
2453 5135 2527 5175 ex
2556 5125 2721 5193 parte
2753 5117 3102 5192 proﬁciendi
3123 5119 3436 5192 quidpiam
3467 5139 3642 5196 spem

1989 5227 2233 5269 omnem
2264 5210 2702 5282 machinasque
2724 5208 2941 5280 abjecit
2969 5208 3223 5279 inutiles,
3262 5209 3381 5267 alia
3421 5212 3641 5273 deinde

279 5295 376 5351 διὰ
398 5301 602 5352 πάντων
660 5306 750 5352 καὶ
806 5300 1244 5376 ἀποκέκρουσται·
1297 5308 1359 5355 Τί
1409 5303 1495 5356 οὖν
1525 5302 1551 5355 ὃ
1584 5312 1874 5378 σκαιωρεῖ;

1986 5301 2214 5358 ratione
2234 5299 2441 5356 omnia
2493 5298 2810 5371 susdeque,
2854 5302 2918 5353 ut
2955 5297 3231 5365 dicimus,
3289 5305 3536 5372 vertere,
3585 5310 3644 5363 et

275 5391 332 5440 τί
391 5395 702 5461 μηχανᾶται
754 5391 779 5442 6
840 5391 1237 5464 πολυμήχανος;
1297 5396 1396 5454 Τὰς
1462 5395 1597 5454 θείας
1657 5394 1876 5460 εἰκόνας,

276 5479 346 5529 τὰ
399 5479 510 5552 ἱερὰ
565 5483 654 5530 καὶ
712 5481 985 5532 πάνσεπτα
1037 5478 1402 5554 ἐκτυπώματα,
1463 5481 1518 5534 ἐκ
1577 5486 1760 5555 μέσου,
1813 5486 1883 5546 ὡς

282 5568 478 5628 ἱκανοῖς
515 5568 662 5619 ταῦτ’
710 5566 985 5642 ἐνεργῆσαι
1048 5565 1314 5642 διέγνωκε,
1376 5573 1708 5629 ποιήσασθαι
1756 5572 1883 5625 ῦπο-

278 5657 500 5707 τίθεταιι
539 5661 628 5708 καὶ
657 5658 687 5715 ἡ
722 5659 987 5722 ὑποθήκη,
1018 5662 1076 5710 τὸ
1131 5655 1339 5728 δοκοῦν,
1399 5656 1569 5729 δεξιὰ,
1631 5659 1780 5724 δεξιά
1831 5659 1883 5715 δ’

279 5743 464 5796 ὁποίαν
506 5743 748 5798 ἐκκλίνειν
800 5751 864 5807 ὼς
911 5743 1192 5816 δοκοῦσαν,
1253 5745 1385 5801 ἀλλὰ
1429 5755 1502 5822 μή
1557 5750 1740 5822 οὖσαν,
1793 5755 1885 5805 καὶ

1987 5392 2183 5464 ipsam
2219 5391 2315 5446 Dei
2374 5389 2701 5446 Ecclesiam
2749 5388 2996 5458 aggredi
3052 5387 3319 5446 instituit.
3373 5393 3643 5468 Cumque

1988 5496 2229 5536 rursum
2258 5478 2406 5535 nihil
2447 5495 2658 5536 eorum
2705 5493 2840 5550 quae
2891 5475 3235 5547 singulatim
3289 5489 3648 5556 conceperat

1991 5568 2222 5626 efﬁcere
2252 5569 2558 5639 valuisset,
2585 5569 2731 5642 quin
2749 5567 2927 5624 etiam
2954 5565 3145 5623 eﬁ‘uso
3183 5569 3305 5626 risu
3333 5574 3648 5632 meruisset

1992 5659 2204 5733 excipi,
2238 5659 2317 5716 ad
2341 5675 2483 5715 suas
2507 5675 2572 5715 se
2601 5663 2757 5714 artes
2778 5662 2968 5714 totum
2989 5658 3298 5725 convertit,
3323 5677 3396 5717 ac
3415 5678 3647 5722 novum

1993 5748 2172 5822 plane
2233 5748 2553 5806 consilium
2612 5746 2948 5818 excogitare
2999 5748 3198 5821 coepit.
3260 5752 3390 5810 Non
3479 5753 3643 5814 enim
