4090 6402
422 352 525 409 903

1632 333 2089 413 CONSTANTINI
2124 333 2580 404 ACRQPOLITE

3686 349 3793 406 904

419 486 612 530 unum
647 466 982 542 quodpiam
1009 463 1350 521 divinorum
1365 461 1721 532 dogmatum
1747 458 2068 533 suspicioni

2183 460 2353 515 πάντα
2392 462 2647 533 φέρουσαν
2687 456 3022 537 ἐπαρίστερα,
3072 465 3100 516 6
3160 466 3319 537 σοφὸς
3368 467 3584 521 ὑπέθετο
3642 470 3793 524 Σολο-

419 559 696 618 falsitatis
741 554 1072 613 obnoxium
1117 551 1368 609 reddere
1430 554 1518 606 est
1578 564 1924 621 aggressus,
1967 547 2074 604 sed

419 649 712 706 adversus
743 647 960 702 cuncta
1001 642 1180 699 simul
1232 641 1570 711 insurgens,
1611 639 1674 694 in
1726 654 1798 694 ea
1842 637 2073 694 rabiem

420 754 597 796 suam
621 750 867 793 omnem
906 737 1158 789 conatus
1186 735 1275 788 est
1302 730 1627 787 effundere.
1699 727 1850 794 Quid
1897 726 2075 798 igitur

418 826 565 886 mali
600 824 842 883 molitus
870 826 960 879 est
999 823 1027 878 Ἰ
1085 836 1240 894 quas
1283 817 1760 877 machinationes
1802 815 2073 874 adhibuit

418 915 724 990 pessimus
777 911 1037 983 genius?
1094 908 1480 966 Venerandas
1527 907 1628 962 Dei
1674 905 2073 976 divorumque

418 1003 740 1077 imagines,
770 1015 972 1058 sacras
992 1000 1123 1057 illas
1148 1003 1207 1055 et
1234 997 1400 1054 omni
1428 997 1657 1052 honore
1684 993 2072 1064 dignissimas

419 1093 666 1164 etﬁgies,
715 1093 921 1164 utpote
959 1104 1114 1161 quas
1160 1086 1435 1159 pluribus
1499 1099 1621 1141 non
1698 1098 1917 1156 parum
1993 1081 2072 1138 ad

417 1187 575 1240 recte
609 1178 916 1252 agendum
938 1176 1222 1250 prodesse
1241 1173 1576 1246 judicabat,
1603 1171 1809 1228 statuit
1828 1170 2071 1227 emedio

2183 555 2311 619 μῶν.
2338 543 2545 600 Εῖδωλα
2592 549 2821 619 νομίζειν
2869 550 3106 623 ὑπέϐαλε,
3165 558 3254 606 καὶ
3309 558 3404 613 τὴν
3460 561 3579 630 περὶ
3626 567 3794 613 ταῦτα

2185 634 2424 695 σπουδὴν
2454 646 2549 700 τῆς
2579 637 2805 701 παλαιᾶς
2833 636 2964 694 εἶναι
2991 642 3212 712 πλάνης,
3259 649 3351 698 καὶ
3400 655 3498 709 τῆς
3552 648 3791 722 ἀρχαίας

2181 724 2375 788 ἐκείνης
2429 727 2693 801 τιρθρείας
2761 725 2964 801 ἀπᾷδον
3035 733 3202 789 πάντη
3299 738 3575 806 πεφηνέναι
3664 745 3794 811 Χρι-

2184 822 2409 876 στιανοίς
2456 814 2713 886 λείψανον.
2777 818 2941 871 Βαϐαὶ
3002 827 3099 883 τῆς
3168 820 3384 895 τόλμηςι
3453 822 3622 896 βαϐαὶ
3694 836 3789 889 τῆς

2183 907 2495 965 σκαιότητος
2523 905 2536 960 !
2561 912 2653 977 φεῦ
2681 914 2781 958 τῶν
2816 917 3071 980 μηχανῶν
3128 918 3221 963 τοῦ
3284 910 3575 989 ἀλάστορος
3608 915 3621 970 !
3674 922 3783 970 Νῦν

2179 995 2269 1067 μεν
2313 993 2490 1060 οὕτως,
2544 1001 2632 1045 νῦν
2686 991 2736 1047 δ’
2792 996 2969 1071 ἑτέρως
3025 996 3302 1074 ἐπιχειρεῖ,
3356 1000 3458 1054 κάκ
3512 1011 3617 1056 τῶν
3694 1002 3783 1059 δε-

2179 1081 2300 1145 ξιῶν
2322 1080 2521 1155 βάλλει,
2552 1081 2654 1135 κάκ
2680 1092 2779 1137 τῶν
2823 1085 3128 1162 ἀριστερῶν,
3183 1090 3210 1141 6
3263 1095 3383 1165 περὶ
3436 1095 3497 1144 τὸ
3550 1112 3783 1168 κακουρ-

2178 1177 2286 1242 γεῖν
2324 1168 2775 1246 ἀμφοτεροδέξιος.

420 1271 533 1327 sibi
566 1243 697 1326 esse
718 1243 1032 1324 tollendas.
1060 1267 1128 1320 Et
1154 1243 1258 1320 via
1281 1262 1528 1335 quidem
1551 1260 1632 1317 ad
1658 1260 1774 1316 hoc
1804 1258 2068 1329 tetendit,
2094 1263 2255 1315 recta
2278 1259 2341 1316 in
2360 1243 2637 1333 speciem
2676 1279 2690 1318 :
2730 1262 2836 1319 sed
2883 1268 3045 1323 recta
3068 1243 3312 1339 qualem
3348 1267 3773 1328 declinandam

418 1358 650 1417 monuit
679 1356 921 1428 sapiens
959 1353 1271 1417 Salomon,
1295 1356 1499 1424 utpote
1527 1366 1664 1422 quae
1706 1348 1840 1404 talis
1864 1347 2153 1413 videatur,
2208 1347 2315 1404 sed
2371 1364 2496 1404 non
2553 1351 2644 1419 sit,
2704 1367 2915 1409 verum
2965 1354 3042 1411 ad
3073 1356 3353 1429 sequiora
3394 1356 3593 1415 ducat.
3628 1361 3774 1431 Sug-

419 1449 585 1519 gerit,
619 1447 784 1518 ipsas
816 1441 1205 1500 aestimandas
1227 1456 1355 1496 esse
1386 1439 1568 1504 idola,
1603 1444 1660 1494 et
1682 1453 1863 1495 omne
1885 1436 2044 1492 circa
2063 1452 2166 1492 eas
2188 1437 2481 1508 studium,
2510 1439 2725 1495 veteris
2768 1457 2897 1498 esse
2928 1444 3143 1500 erroris
3173 1449 3355 1518 atque
3388 1446 3649 1519 antiquae
3688 1464 3782 1503 su-

415 1534 780 1612 perstitionis
800 1531 1127 1589 evanidum
1147 1530 1487 1600 vestigium,
1518 1527 1672 1583 inter
1709 1526 2044 1583 Chistianos
2070 1525 2360 1601 relictum.
2402 1527 2528 1584 Vah
2583 1528 2903 1587 audaciam
2944 1532 3189 1604 pessimi
3230 1533 3550 1602 daemonis,
3579 1540 3636 1592 et
3668 1535 3788 1592 im-

414 1628 582 1700 piam
608 1622 916 1680 stultitiam
952 1622 963 1675 !
996 1620 1119 1676 vah
1147 1619 1396 1676 insanas
1444 1616 1783 1673 molitiones
1825 1615 1836 1668 !
1878 1613 2050 1671 Modo
2102 1614 2321 1671 scilicet
2374 1615 2554 1686 hanc,
2599 1617 2784 1675 modo
2821 1619 2986 1677 illam
3037 1622 3327 1694 perdendi
3359 1622 3641 1680 homines
3687 1640 3788 1682 ra-

414 1717 641 1773 tionem
672 1710 819 1768 init:
851 1726 888 1767 a
916 1708 1140 1765 dextris
1169 1713 1226 1765 et
1243 1724 1281 1764 a
1302 1705 1555 1763 sinistris
1578 1706 1828 1762 .niseros
1857 1703 2106 1775 impetit,
2131 1704 2506 1763 ambidexter
2531 1707 2612 1764 ad
2633 1709 3015 1767 inferendum
3038 1717 3495 1770 nocumentum.

489 1809 540 1861 9.
584 1802 842 1869 Quinam
865 1803 1065 1856 autem
1106 1798 1270 1854 fuere
1298 1811 1454 1869 quos
1480 1794 1773 1867 judicavit
1818 1793 2070 1850 idoneos
2107 1794 2151 1851 Β

417 1896 521 1948 aut
545 1888 769 1963 quibus
799 1902 950 1943 usus
980 1885 1065 1942 rei
1099 1890 1187 1941 est
1224 1883 1610 1953 administris,
1668 1881 1919 1954 quando
1968 1881 2071 1938 Dei

417 1979 985 2053 permissuregnum
1000 1974 1114 2031 sibi
1134 1972 1679 2030 eratvindicaturus
1705 1972 1732 2026 ?
1752 1973 1864 2028 Leo
1892 1971 1942 2027 is
1964 1970 2071 2027 fuit

418 2069 498 2127 ab
524 2067 751 2125 Isauria
777 2065 996 2132 dictus,
1030 2062 1364 2120 saevissima
1397 2060 1627 2134 absque
1644 2059 1831 2118 dubio
1846 2060 2067 2127 bellua,

417 2159 754 2229 eademque
790 2153 1125 2210 indomita:
1157 2152 1262 2225 qui
1291 2155 1499 2207 contra
1534 2149 1770 2206 Domini
1825 2165 2069 2221 gregem

416 2247 701 2305 continuo
735 2245 1053 2301 intremere
1075 2257 1421 2312 aggressus,
1452 2240 1514 2296 in
1559 2255 1698 2296 eum
1745 2255 1868 2296 non
1903 2238 2071 2296 aliter

414 2352 601 2411 quam
631 2333 948 2391 carnivora
974 2330 1258 2404 quaedam
1301 2330 1430 2386 fera
1472 2328 1721 2385 insiluit.
1775 2326 2071 2394 Quemad-

415 2425 670 2482 modum
725 2427 783 2479 et
820 2421 873 2478 is
919 2421 1027 2493 qui
1078 2434 1186 2491 per
1228 2417 1625 2491 antiphrasim
1663 2422 1914 2473 vocatus
1961 2414 2072 2470 fuit

414 2511 790 2578 Anastasius;
822 2509 1051 2582 quippe
1068 2513 1205 2581 post
1224 2508 1289 2562 B.
1311 2509 1678 2564 Germanum
1700 2505 1763 2561 in
1815 2504 1915 2559 Dei
1968 2504 2070 2558 Ec-

417 2601 661 2658 clesiam
678 2614 902 2670 magno
915 2596 1189 2669 ejusdem
1209 2595 1372 2653 malo
1395 2595 1790 2661 introductus,
1812 2594 2070 2648 mortem

415 2706 539 2747 non
573 2689 786 2763 paucis
825 2692 883 2745 et
910 2686 1212 2743 interitum
1265 2684 1476 2741 attulit.
1518 2682 1629 2740 Sed
1669 2697 1795 2754 qua
1823 2680 2070 2736 tandem

414 2781 647 2836 ratione
686 2794 795 2850 pro
814 2778 900 2834 rei
923 2776 1231 2848 dignitate,
1260 2786 1662 2847 quiscumque
1679 2769 1743 2827 id
1784 2768 2070 2842 temporis

414 2870 634 2926 misera
665 2867 1013 2924 acciderunt
1049 2868 1231 2937 atque
1253 2861 1494 2933 acerba,
1534 2858 1733 2916 verbis
1776 2857 2069 2915 efferam?

414 2957 839 3030 episcoporum
850 2953 1047 3023 exilia,
1077 2948 1644 3025 comprehensiones
1664 2947 2068 3014 sacerdotum,

413 3048 680 3103 virorum
714 3044 1058 3118 principum
1096 3040 1467 3097 calamitates
1493 3035 1674 3093 simul
1713 3040 1771 3092 et
1809 3036 2067 3107 ignomi-

2255 1793 2317 1852 θ’.
2366 1799 2509 1859 Τίνες
2567 1794 2617 1849 δ’
2662 1804 2752 1860 οῦς
2810 1804 2900 1852 καὶ
2957 1798 3194 1875 ἐνέκρινε,
3256 1807 3347 1854 καὶ
3388 1807 3529 1857 τίσιν
3581 1805 3785 1879 ὑπηρέ-

2178 1901 2295 1945 ταις
2319 1882 2402 1937 ἐπὶ
2449 1888 2646 1947 τούτοις
2674 1885 2947 1960 ἐχρήσατο
2980 1907 2993 1957 ;
3048 1889 3114 1943 ⁸0
3144 1909 3198 1943 τε
3229 1886 3295 1950 δὴ
3353 1896 3447 1950 τὴν
3502 1890 3781 1965 βασιλείαν

2179 1979 2313 2024 Θεοῦ
2396 1980 2782 2049 παραχωρήσει
2854 1980 3305 2053 σφετερισάμενος,
3402 1982 3545 2034 Λέων
3619 1982 3645 2033 ό
3727 1979 3784 2044 ἐξ

2180 2060 2450 2137 Ἰσαύρων,
2502 2064 2528 2115 6
2583 2065 2764 2137 ἄγριος
2821 2065 3145 2140 αὐτόχρημα
3193 2070 3289 2141 θὴρ
3348 2073 3438 2121 καὶ
3495 2067 3784 2130 ἀτίθασσος

2176 2148 2233 2227 ῥς
2262 2152 2398 2202 κατὰ
2421 2159 2514 2213 τῆς
2540 2157 2766 2225 ποίμνης
2808 2153 2956 2214 εὐθὺς
3007 2163 3141 2209 Θεοῦ
3195 2153 3362 2209 δεινόν
3415 2156 3779 2233 ἐϐρυχήσατο,

2178 2243 2267 2290 καὶ
2313 2241 2449 2291 κατά
2502 2243 2671 2311 μέσης
2722 2242 2887 2303 αὐτῆς
2930 2245 3068 2295 καθά
3126 2264 3202 2306 τις
3270 2246 3521 2318 ὠμηστὴς
3598 2248 3780 2312 ἥλατο,

2177 2328 2314 2380 καὶὸ
2343 2330 2455 2379 κατ’
2482 2326 2787 2403 ἀντίφρασιν
2828 2330 3191 2403 Ἀναστάσιος,
3255 2334 3280 2385 ὁ
3343 2338 3476 2407 μετά
3528 2339 3613 2388 τόν
3674 2356 3780 2409 μα-

2177 2417 2361 2489 κάριον
2401 2420 2656 2491 Γερμανόν
2714 2415 2798 2471 ἐπὶ
2844 2429 2989 2491 κακῷ
3048 2429 3111 2494 τῇ
3161 2421 3449 2496 Ἐκκλησία
3494 2424 3785 2500 ἐπεισφρὴ-

2181 2522 2277 2565 σας
2332 2511 2487 2576 Θεοῦ,
2531 2510 2619 2558 καὶ
2673 2505 2883 2570 πολλοῖς
2942 2510 3021 2561 ὅτι
3076 2510 3298 2563 θανάτοῡ
3361 2517 3453 2564 καὶ
3525 2511 3785 2575 ἀπωλείας

2177 2596 2443 2665 γενόμενος
2484 2595 2670 2657 αἴτιος.
2721 2593 2876 2649 Ἀλλὰ
2932 2605 3043 2659 πῶς
3098 2597 3158 2650 οἶν
3216 2603 3347 2671 πρὸς
3395 2598 3544 2663 ἀξίαν
3591 2600 3785 2675 ἐκτρα-

2176 2679 2489 2757 γῳδήσαιμι
2516 2687 2583 2736 τά
2608 2688 2723 2738 τότε
2752 2681 2917 2753 derasi;
2968 2690 3058 2747 τὰς
3107 2694 3206 2739 τῶν
3263 2686 3549 2764 ἀρχιερέων
3583 2692 3780 2763 ὑπερο-

2177 2776 2313 2844 ρίας;
2368 2774 2458 2833 τὰς
2507 2780 2607 2824 τῶν
2659 2776 2827 2847 ἱερέων
2884 2775 3216 2848 καθείρξεις;
3267 2779 3362 2839 τὰς
3390 2785 3491 2829 τῶν
3548 2775 3595 2828 ἐν
3650 2778 3780 2830 τέλει

2178 2861 2370 2934 ζημίας
2400 2861 2511 2918 ἅμα
2547 2867 2637 2915 καὶ
2689 2864 2915 2934 ἀτιμίαςς
2966 2866 3056 2924 τὰς
3110 2872 3211 2916 τῶν
3267 2866 3421 2918 ὁσίων
3469 2862 3672 2941 ἀνδρῶν
3726 2885 3784 2920 τε

2177 2956 2267 3003 καὶ
2305 2972 2584 3022 γυναικῶν,
2615 2951 2668 3004 ἓκ
2716 2972 2770 3006 τε
2822 2962 2922 3005 τῶν
2979 2952 3315 3026 ἀσκητηρίων
3365 2952 3638 3014 ἀπελάσεις
3690 2961 3783 3008 καὶ

2178 3038 2261 3092 ἐπὶ
2306 3039 2557 3093 πλατειῶν
2616 3038 2919 3114 ὃημεύσειςς
2977 3044 3072 3104 τας
3153 3041 3504 3106 ἀνυποίστους
3579 3045 3777 3096 τούτων

412 3136 567 3205 nias,
591 3138 941 3191 sanctorum
960 3131 1280 3188 hominum
1308 3125 1677 3197 etvirginum
1708 3141 2017 3182 sacrarum
2037 3141 2068 3182 θ

2176 3128 2436 3197 κολάσεις
2482 3132 2548 3182 τά
2604 3127 2811 3202 ὃησμάς
2868 3133 2958 3192 τὰς
3014 3129 3374 3204 στρεϐλώσας
3449 3134 3564 3192 τοὺς
3621 3130 3770 3205 βιαί-

412 3224 797 3299 monasteriis
822 3222 1112 3280 violentas
1141 3216 1535 3281 detrusiones,
1579 3220 1635 3272 et
1652 3214 1892 3287 publice
1932 3231 2070 3273 con-

418 3316 655 3373 stitutas
680 3312 1039 3372 earumdem
1061 3306 1552 3381 proscriptiones,
1587 3307 1926 3362 vexationes
1945 3321 2070 3362 non
2098 3382 2101 3385 ν

414 3405 691 3462 ferendas
718 3400 981 3469 vincula,
1013 3396 1336 3465 cruciatus,
1358 3394 1648 3452 violenter
1673 3394 1886 3451 allatas
1915 3410 2072 3451 mor-

412 3500 518 3564 tes,
547 3499 604 3552 et
632 3492 837 3565 pejora
865 3486 1164 3546 mortibus
1192 3488 1492 3541 tormenta
1522 3484 1550 3540 ?
1580 3486 1797 3541 Verum
1830 3487 1897 3541 ut
1933 3499 2071 3540 san-

412 3589 521 3642 ctae
544 3582 728 3653 hujus
746 3575 996 3648 virginis
1016 3573 1312 3629 illustrem
1341 3588 1590 3646 prorsus
1606 3588 1678 3629 ac
1704 3572 2069 3645 intrepidam

2176 3237 2266 3280 ους
2322 3219 2593 3285 θανάτους;
2667 3221 2735 3271 τὰ
2808 3224 2974 3294 χείρω
3051 3221 3272 3274 θανάτου
3359 3219 3765 3295 βασανιστήρια;

2179 3305 2313 3360 Ἀλλ’
2362 3307 2445 3359 ἵνα
2500 3307 2689 3380 μᾶλλον
2745 3312 2804 3361 τὸ
2855 3317 2943 3369 τῆς
3025 3314 3289 3384 μακαρίας
3375 3317 3601 3381 γενναῖον
3686 3312 3775 3361 καὶ

2175 3397 2422 3470 ἄτρεστον
2454 3400 2862 3470 παραστήσαιμι
2899 3401 3157 3472 φρόνημα,
3205 3400 3254 3451 ἔν
3304 3419 3358 3452 τι
3399 3407 3496 3461 τῆς
3557 3397 3779 3472 βασιλι-

2175 3492 2272 3547 κῆς
2317 3484 2587 3554 ἀπηνειας,
2642 3485 2805 3539 τᾶλλα
2849 3493 2957 3548 τοῖς
3014 3485 3352 3560 βουλομένοις
3402 3488 3538 3541 ἔνθεν
3624 3485 3767 3560 ἀφεὶς

2179 3579 2442 3646 συνορᾷνῖ,
2479 3570 2833 3649 διηγήσομαι.

410 3666 895 3755 magnitudinem
919 3661 1430 3755 animi-clariusin
1456 3660 1726 3718 medium
1754 3661 2079 3733 adducam,
2105 3677 2298 3719 unum
2328 3662 2664 3736 quodpiam
2687 3663 3056 3722 crudelitatis
3078 3664 3256 3736 regiae
3277 3664 3621 3740 exemplum
3649 3679 3763 3738 pro

407 3738 883 3839 feraviii,)reliqua
914 3754 987 3810 iis
1018 3751 1241 3826 quibus
1279 3751 1539 3808 lubitum
1570 3750 1747 3806 fuerit
1774 3749 2154 3823 inspicienda
2181 3752 2442 3825 penitius
2471 3752 2844 3826 relinquens.

476 3838 573 3908 1ος
617 3845 1004 3918 Superiorum
1041 3857 1256 3912 regum
1314 3839 1711 3913 temporibus,
1762 3855 1903 3896 cum
1958 3838 2065 3912 qui

406 3938 735 4009 rcgnorum
759 3932 1236 3991 moderabantur
1252 3931 1550 4000 habenas,
1576 3944 1647 3985 eo
1690 3928 1855 4002 quod
1904 3944 2067 3999 gere-

403 4027 553 4086 bant
579 4024 824 4083 nomine
854 4038 981 4080 sese
1010 4021 1177 4079 haud
1198 4017 1919 4088 ostendebantindignos,
1946 4017 2060 4074 sub

402 4117 746 4189 jectamque
768 4113 883 4169 sibi
902 4112 1192 4169 ditionem
1213 4126 1284 4166 ex
1311 4109 1779 4182 zequojustoquo
1810 4107 2065 4164 admini-

409 4205 683 4263 strabant
710 4202 1174 4274 fulciebantque,
1195 4215 1396 4255 rerum
1413 4196 1654 4254 nonnisi
1668 4198 2060 4253 honestarum

405 4311 613 4354 amore
641 4309 712 4350 ac
758 4292 1176 4365 prosecutione
1234 4291 1594 4344 exornantes
1655 4286 2064 4359 principatum

406 4388 669 4453 suum,et
681 4380 978 4456 quidquid
991 4377 1273 4435 eumdem
1303 4378 1383 4434 ad
1402 4375 1763 4449 posteriores
1786 4374 2065 4433 illustrio-

403 4491 534 4533 rem
570 4469 1064 4547 poteratreddere
1086 4482 1314 4538 magno
1327 4466 1525 4523 studio
1541 4471 1968 4539 promoventes
1983 4466 2064 4523 ad

404 4556 1414 4630 incrementum.Horum,inquam,
1444 4538 1655 4626 regium
1684 4555 2061 4628 temporibus
2098 4538 2139 4591 D

402 4652 580 4727 plura
619 4648 905 4709 tradentis
950 4645 1249 4719 diciplinis
1290 4645 1423 4703 loca
1473 4644 1846 4702 exaediﬁcata
1898 4650 2057 4719 sunt,

402 4759 538 4816 quae
571 4746 728 4800 certa
756 4737 1024 4813 quadam
1045 4736 1277 4794 ratione
1310 4736 1391 4807 sej
1403 4739 1583 4792 uncta
1604 4739 1773 4792 erant
1799 4734 1878 4792 ab
1902 4734 2062 4792 invi-

405 4848 557 4902 cem,
576 4831 913 4903 eademque
944 4827 1287 4900 conjuncta;
1317 4825 1587 4897 sejuncta
1616 4824 1865 4898 quidem
1908 4824 2058 4882 locis

402 4927 459 4981 et
486 4920 774 4993 aediﬁciis,
804 4923 865 4976 at
892 4933 1033 4975 vero
1063 4920 1274 4974 mutua
1315 4913 1582 4989 quadem
1635 4915 2061 4987 conjunctione

402 5019 459 5072 et
478 5011 789 5071 communi
810 5009 1045 5084 porticu
1069 5007 1131 5064 in
1160 5021 1351 5063 unum
1369 5005 1551 5062 veluti
1572 5003 1895 5062 aediﬁcium
1923 5020 2060 5062 coa-

398 5103 663 5170 lescenti;
693 5100 777 5157 ita
804 5102 891 5171 ut,
921 5095 1199 5171 quamvis
1256 5095 1560 5152 exterioris
1602 5093 1812 5150 forma:
1871 5094 2062 5151 varie-

400 5196 518 5249 tate
539 5194 596 5248 et
623 5204 876 5247 numero
907 5186 1429 5257 distinguerentur,
1463 5198 1586 5240 non
1610 5182 1813 5257 plures
1833 5188 2055 5248 tamen,

401 5280 507 5335 sed
545 5294 668 5335 una
687 5277 982 5334 duntaxat
1012 5275 1232 5332 domus
1255 5272 1371 5330 dici
1394 5276 1617 5341 posset.
1656 5271 1723 5327 ln
1752 5271 1844 5328 his
1876 5287 2058 5345 porro

402 5367 834 5440 aediﬁciis,qua3
850 5364 1173 5421 duodecim
1196 5363 1448 5420 omnino
1470 5360 1890 5433 censebantur,
1907 5375 2057 5417 nun-

399 5472 585 5530 quam
611 5471 737 5513 non
767 5452 1017 5512 colocati
1041 5459 1211 5510 erant
1231 5456 1649 5524 praeceptores,
1688 5455 1869 5524 atque
1905 5450 2059 5508 inter

400 5562 504 5604 eos
532 5562 689 5603 unus
702 5545 943 5618 aliquis,
966 5545 1069 5617 qui
1099 5541 1247 5600 alios
1269 5558 1481 5599 omnes
1510 5546 1864 5598 cunctarum
1887 5540 2058 5597 disci-

396 5635 699 5710 plinarum
731 5633 941 5708 peritia
972 5636 1302 5707 superaret.
1336 5631 1462 5703 Hic,
1492 5635 1557 5690 ut
1579 5630 1747 5690 omni
1788 5630 2053 5689 scientia-

2248 3840 2298 3899 ι’.
2356 3845 2493 3916 Πρὸς
2549 3851 2649 3894 τῶν
2703 3844 2808 3895 οἷνω
2865 3841 3148 3916 βασιλέων,
3207 3842 3256 3895 οἳ
3306 3847 3396 3895 καὶ
3439 3847 3534 3902 τὴν
3592 3842 3781 3903 κλῆσιν

2173 3930 2489 4002 ἠληθευσαν,
2521 3933 2587 3994 ὡς
2608 3930 2712 3985 ἐνὸν
2746 3928 2781 3986 δ
2787 3935 2840 3986 ιά
2871 3932 2994 4006 βίον
3032 3936 3335 4006 συνέχοντες
3373 3952 3427 3986 τι
3483 3938 3574 3986 καὶ
3638 3952 3777 3992 στηε-

2171 4023 2400 4096 ρίζοντες
2421 4024 2478 4074 τὸ
2532 4022 2781 4093 ὑπήκοον,
2836 4027 2928 4075 καὶ
2979 4030 3041 4096 τῇ
3117 4021 3391 4095 φιλοκαλία
3433 4026 3528 4081 τὴν
3594 4021 3775 4095 ἀρχὴν

2172 4113 2595 4183 καθεκόσμησαν,
2646 4110 2782 4164 ἅπαν
2840 4111 2867 4163 ὃ
2919 4114 3114 4170 ταύτην
3184 4110 3541 4184 εὐκλεεστέραν
3613 4112 3772 4164 καθίο

2176 4218 2356 4268 στησι,
2391 4196 2485 4252 διὰ
2513 4197 2753 4261 σπουδῆς
2787 4199 2959 4263 αὔξειν
2986 4203 3305 4273 ποιούμενοι·
3347 4203 3480 4275 πρὸς
3530 4200 3617 4253 οὖν
3673 4201 3773 4253 τῶν

2170 4287 2539 4363 μεγαλουργῶν
2583 4288 2782 4341 ἐκείνων
2836 4286 3040 4364 ἀνδρῶν
3089 4286 3443 4362 διδασκαλεῖα
3494 4289 3543 4342 ἐν
3605 4294 3772 4364 ταύτῃ

2173 4373 2241 4434 δὴ
2290 4386 2351 4450 τῇ
2400 4375 2741 4450 μεγαλοπόλει
2798 4374 3115 4452 δεδόμηται,
3171 4375 3467 4454 διῃρημένα
3518 4399 3632 4442 πως
3684 4383 3777 4432 καὶ

2174 4470 2475 4540 συνημμένα
2533 4468 2885 4539 τυγχάνοντα·
2934 4464 3231 4544 διῃρημένα
3278 4473 3369 4543 με)
3427 4476 3536 4533 τοῖς
3624 4472 3775 4529 οἰκή-

2170 4574 2324 4628 μασι,
2354 4563 2416 4628 τῇ
2453 4551 2502 4608 δ’
2545 4553 2872 4630 ἀλληλουχία
2908 4562 2998 4610 καὶ
3052 4566 3125 4629 τῷ
3192 4567 3346 4630 κοινῷ
3396 4558 3652 4634 περιϐόλῳ
3704 4562 3779 4621 εὶς

2171 4647 2219 4698 ἓν
2270 4640 2530 4703 δήπουθεν
2587 4650 2929 4719 συναγόμενα,
2984 4650 3053 4710 ὡς
3104 4647 3192 4701 ἕνα
3269 4667 3330 4719 γε
3402 4644 3573 4701 δοκεῖν
3667 4656 3778 4712 τοίς

2171 4732 2352 4798 ἔξωθέν
2399 4734 2633 4787 ποικίλον
2697 4741 2787 4789 καὶ
2862 4736 3199 4811 πολυόφορον·
3278 4741 3370 4790 καὶ
3450 4733 3773 4791 διδάσκαλοι

2171 4821 2246 4877 ἐπ’
2276 4822 2473 4894 αὐτοῖς,
2500 4826 2600 4877 ὅσα
2629 4819 2697 4884 δὴ
2738 4833 2907 4878 ταῦτα
2946 4822 3271 4880 ὃυοκαιδεκα
3337 4823 3387 4880 δ’
3440 4834 3525 4893 ῆν,
3573 4826 3644 4890 εὶς
3694 4825 3775 4880 ἀεὶ

2169 4909 2541 4987 καθιδρύοντο,
2577 4919 2668 4967 καὶ
2694 4912 2779 4968 ἐπὶ
2810 4918 3004 4968 τούτων
3052 4916 3078 4969 6
3134 4923 3234 4969 τῶν
3296 4915 3422 4969 ὅλων
3475 4918 3609 4970 κατά
3667 4922 3771 4970 πᾶν

2170 4999 2311 5065 εἶδος
2361 5000 2606 5066 παιδείας
2683 5004 3000 5080 ὑπερφέρων,
3071 5010 3162 5058 καὶ
3230 5012 3346 5068 ταῖς
3425 5006 3769 5077 ἐστιστήμαις

2168 5088 2560 5167 ἐπισημότερος,
2592 5092 2648 5156 ὃς
2680 5098 2770 5146 καὶ
2814 5092 3169 5167 οἰκουμενικός
3222 5088 3545 5157 διδάσκαλος
3587 5096 3767 5154 ἤκουεν

2166 5183 2360 5241 ταύτην
2399 5186 2498 5259 γὰρ
2547 5186 2640 5242 τὴν
2690 5185 2845 5256 τιμὴν
2898 5186 3030 5257 πρὸς
3088 5191 3181 5237 τοῦ
3239 5181 3501 5258 βασιλέως
3548 5182 3774 5258 ἐλάμϐα-

2166 5291 2238 5339 νε,
2280 5277 2369 5325 καὶ
2403 5276 2497 5331 την
2546 5271 2778 5346 ἐφορείαν
2815 5281 3179 5346 μυσταγωγῶν
3234 5277 3363 5347 ὁμοῦ
3420 5280 3509 5327 καὶ
3556 5281 3770 5349 μυστῶν

2168 5360 2530 5440 ἐπετέτραπτο.
2593 5362 2689 5415 Ἢν
2737 5366 2827 5436 μὲν
2867 5359 2954 5415 οὖν
3020 5364 3152 5417 οὕτω
3197 5372 3352 5418 τοῦτο
3410 5361 3772 5440 ὃιενεργούμε-

2165 5470 2248 5505 νον
2278 5452 2491 5520 ἄνωθεν,
2519 5455 2609 5504 καὶ
2644 5454 2670 5503 6
2703 5451 2854 5525 λόγος
2886 5451 3022 5506 ἐνθεν
3086 5454 3226 5526 εἶχεν
3276 5452 3616 5522 αὐξάνεσθαι,
3684 5455 3776 5507 καὶ

2166 5546 2224 5594 τό
2284 5544 2420 5594 κατὰ
2482 5543 2636 5613 φύσιν
2724 5540 2978 5617 ἀνθρώπῳ
3069 5547 3201 5618 πρὸς
3283 5552 3376 5597 τοῦ
3457 5542 3773 5615 αὐτολόγου,

2165 5635 2293 5705 πρὸς
2345 5640 2441 5694 τῆς
2497 5631 2816 5706 αὖτοσόφίας
2876 5633 3031 5696 αὗςῆς
3081 5640 3173 5695 τῆς
3242 5639 3481 5708 γενέσεως
3552 5633 3778 5706 ἐγκατα-
