4090 6414
256 335 360 388 905

1590 334 1658 388 IN
1700 333 1758 388 S.
1801 331 2276 390 THEODOSIAM.

3519 343 3624 398 906

257 459 470 530 σπαρὲν,
544 459 634 507 καὶ
689 454 716 508 ὃ
775 453 994 530 δυνάμει
1052 463 1187 509 πᾶσι
1256 465 1438 518 κοινῶς
1501 459 1687 523 ἔνεστι,
1729 462 1854 532 πρὸς

1973 475 2105 514 rum
2131 472 2346 528 genere
2376 461 2620 513 caeteros
2648 457 2802 516 inter
2827 459 3006 532 plane
3033 460 3354 535 eminebat,
3389 464 3626 522 univer-

253 549 348 603 τὴν
386 544 503 596 κατ’
561 541 966 604 ἐπιτηδειότητα
1013 544 1230 619 ἐπήρετο
1313 549 1540 613 κίνησιν,
1608 551 1698 598 καὶ
1737 547 1855 599 πολ-

253 633 362 695 λοῖς
402 633 473 694 εἰς
507 631 777 707 ἐνέργειαν,
830 633 873 685 εἰ
923 638 1012 685 καὶ
1060 638 1131 706 μὴ
1196 640 1329 686 πᾶσι
1374 639 1656 707 προήγετο,
1705 643 1767 693 τῆ
1804 654 1858 688 τε

255 719 475 776 διοικεῖν
557 719 734 795 εἰδυίᾳ
787 722 1083 795 φιλοσοφίᾳ,
1142 729 1231 775 καὶ
1268 727 1398 796 πρὸς
1434 728 1491 776 τὸ
1537 731 1766 798 κρεῖττον
1792 727 1859 777 τὰ

253 812 372 865 καθ’
410 815 548 885 ἡμᾶς
603 817 898 887 μεταφέρειν
933 817 1023 864 καὶ
1079 812 1416 886 ὑψηλότερον,
1485 819 1576 866 καὶ
1612 812 1860 886 βασιλεία

251 898 724 973 πεπαιδαγώγητο,
791 906 880 953 καὶ
948 901 1183 954 πολιτεία
1254 902 1599 975 κατηρτιστο,
1657 908 1745 955 καὶ
1797 906 1856 955 τὸ

253 986 505 1062 δημῶδες
531 1010 620 1043 και
641 993 711 1053 ὡς
747 990 934 1044 ἐπίπαν
989 990 1350 1065 ἀστάθμητον,
1401 995 1466 1054 ὡς
1518 991 1626 1046 ἐνὸν
1675 992 1858 1068 ἐρῥύθυ-

251 1098 410 1153 μιστο
439 1086 530 1133 καὶ
557 1079 894 1136 συνέσταλτο.

1969 547 2114 603 salis
2160 562 2403 620 quoque
2451 547 2738 616 magister
2783 550 3072 621 appellari
3124 551 3332 608 solitus
3361 557 3531 610 erat:
3561 555 3627 609 ut

1969 640 2169 692 autem
2202 636 2312 691 isto
2343 635 2587 691 nomine
2643 637 2888 692 honoris
2919 656 3103 696 causa
3153 646 3487 709 vocaretur,
3545 641 3625 698 ab

1965 726 2098 797 ipso
2129 724 2402 781 videlicet
2425 740 2565 795 rege
2594 732 2926 797 acceperat,
2959 732 3016 782 et
3036 733 3158 784 tam
3184 731 3246 785 in
3267 747 3368 787 eos
3390 731 3496 804 qui
3526 747 3626 787 sa-

1969 814 2081 870 cris
2111 813 2406 885 initiandi,
2439 830 2628 887 quam
2658 815 2763 888 qui
2792 816 2862 871 iis
2888 816 3099 873 initiati
3123 819 3254 889 jam
3285 825 3472 890 erant,
3523 837 3628 878 au-

1968 903 2301 959 ctoritatem
2349 920 2524 960 suam
2563 920 2836 961 exercere
2875 911 3128 977 poterat.
3162 907 3277 963 Res
3307 915 3509 966 autem
3541 910 3628 966 sic

1969 997 2138 1049 erant
2164 992 2470 1064 dispositae
2490 994 2568 1050 ab
2590 994 2780 1066 initio,
2813 999 2877 1050 ut
2898 996 3001 1052 tibi
3021 997 3419 1054 ratiocinandi
3449 1015 3630 1070 auge-

1968 1087 2127 1138 retur
2152 1081 2425 1151 facultas;
2454 1084 2701 1155 etquod
2726 1084 2958 1141 homini
2985 1101 3057 1142 ex
3088 1102 3212 1159 quo
3241 1087 3304 1142 in
3327 1089 3631 1145 mundum

251 1169 518 1240 gignitur
545 1185 581 1226 a
618 1174 836 1226 natura
857 1170 1254 1228 communiter
1282 1170 1527 1228 insitum
1554 1173 1663 1238 est,
1696 1175 1760 1227 ut
1807 1169 2109 1227 intellectu
2164 1171 2494 1228 discurrere
2557 1176 2737 1245 atque
2795 1189 3004 1246 sapere
3055 1190 3164 1247 per
3210 1176 3481 1248 seipsum
3527 1193 3631 1234 va-

249 1257 388 1328 leat,
447 1257 528 1314 ad
583 1274 941 1330 congruum,
998 1265 1178 1332 prout
1230 1276 1385 1332 opus
1443 1259 1608 1320 foret.
1683 1264 1914 1317 motum

1971 1261 2326 1320 excitaretur
2358 1279 2371 1329 ;
2404 1261 2746 1334 multisque,
2789 1263 2838 1318 si
2867 1279 2990 1320 non
3021 1264 3328 1337 omnibus,
3363 1266 3628 1323 daretur.

251 1347 656 1404 commoditas
688 1352 844 1404 recte
869 1348 1336 1422 philosophandi
1368 1368 1380 1417 ;
1412 1349 1566 1406 adeo
1588 1353 1652 1406 ut
1691 1355 1747 1405 et
1777 1349 2096 1422 imperium
2126 1349 2259 1406 istic
2281 1351 2633 1418 erudiretur,
2666 1355 2723 1408 et
2751 1352 2938 1408 civilis
2971 1357 3163 1410 status
3230 1355 3629 1420 ordinaretur,

251 1435 504 1509 ipsaque
541 1437 723 1493 etiam
749 1435 940 1508 plebs,
984 1436 1264 1510 quamvis
1307 1437 1755 1494 inconsiderata
1791 1442 1848 1494 et
1875 1453 2053 1510 vaga,
2085 1455 2209 1512 qua
2251 1439 2380 1496 ﬁeri
2431 1445 2628 1512 potest
2674 1441 3096 1500 ordinanretur
3133 1448 3632 1518 componeretur-

254 1541 391 1598 que.

327 1613 411 1668 ια’.
443 1613 541 1667 Ἠν
565 1616 656 1688 μὲν
688 1612 776 1667 οὖν
808 1613 862 1666 ἐκ
890 1622 1096 1690 μακροῦ
1134 1615 1277 1669 τοῦθ’
1317 1616 1477 1678 οὔτως
1533 1619 1655 1690 ἔχον
1681 1637 1693 1650 ·
1744 1617 1859 1669 κατ’
1893 1623 1932 1676 Β

249 1703 412 1756 ἐκεῖνο
449 1701 508 1756 δὲ
545 1723 604 1777 γε
655 1712 841 1780 καιροῦ
895 1701 1078 1779 ἄνδρες
1119 1703 1414 1779 ἀριπρεπεῖς
1463 1711 1554 1760 καὶ
1600 1702 1861 1779 διάσημοι

247 1797 366 1854 τούς
398 1796 544 1867 παρὰ
572 1796 666 1855 τὰς
698 1790 932 1855 σπουδὰς
961 1795 1174 1868 θρόνους
1202 1795 1286 1847 ἐπὶ
1327 1800 1512 1869 κόσμῳ
1559 1805 1700 1868 σφῶν
1741 1796 1857 1849 ἕλα-

243 1902 368 1956 χον,
397 1888 488 1936 καὶ
509 1883 701 1957 μᾶλλον
733 1885 759 1936 ὁ
788 1893 887 1936 τῶν
909 1883 1072 1936 ἄλλων
1103 1887 1397 1959 πρωτεύων,
1439 1891 1530 1939 καὶ
1577 1890 1672 1945 τὴν
1701 1891 1858 1960 τιμὴν

245 1973 462 2034 ὕπατος.
496 1973 572 2026 Ού
601 1976 704 2046 γὰρ
734 1970 801 2033 δὴ
849 1977 916 2027 τὰ
957 1972 1107 2037 ἐκτὸς
1151 1973 1296 2027 οὗτοι
1347 1980 1437 2028 καὶ
1492 1977 1710 2051 θύραθεν
1762 1979 1858 2048 μό-

246 2081 351 2134 νον,
375 2061 502 2115 ἀλλὰ
547 2067 638 2116 καὶ
684 2065 751 2116 τὰ
790 2059 934 2116 ἔνδον
984 2068 1075 2116 καὶ
1135 2065 1248 2117 θεῖα
1296 2063 1590 2138 φιλοσοφεῖν
1655 2064 1856 2124 ἤθελον.

247 2151 447 2226 Ἀμέλει
475 2172 558 2206 τοι
596 2157 686 2205 καὶ
731 2155 842 2206 θεῖα
893 2156 1127 2212 ἤσκηντο
1169 2149 1434 2226 δόγματα,
1490 2158 1580 2207 καὶ
1625 2150 1860 2229 παραδό-

249 2261 352 2304 σεις
398 2241 834 2304 ἓκκλησιαστικὰς
899 2241 1258 2316 ἠκριϐῶκεσαν
1315 2263 1328 2277 ο
1379 2245 1585 2316 εἶχοντό
1631 2263 1687 2296 τε
1733 2245 1861 2296 τού-

246 2351 346 2386 των
372 2335 462 2385 κάὶ
503 2337 854 2406 περιείχοντο,
917 2330 1048 2385 κᾶπὶ
1100 2334 1314 2394 ταύταις
1351 2335 1547 2394 πάντας
1589 2341 1859 2406 συντηρεῖν

247 2425 395 2499 ἔργον
415 2429 714 2495 πεποίηντο,
749 2425 861 2476 ὅθεν
885 2427 974 2476 καὶ
997 2418 1092 2476 διὰ
1115 2431 1270 2496 τιμῆς
1307 2425 1507 2493 πάσης,
1537 2420 1572 2476 δ
1578 2426 1632 2476 ιὰ
1668 2422 1859 2476 πολλοῦ

249 2532 306 2566 τε
335 2511 667 2586 σεϐάσματος
696 2510 841 2585 εἶχον
863 2517 996 2585 σφᾶς
1027 2511 1266 2574 ἅπαντες.
1298 2512 1376 2564 Οὗ
1408 2509 1476 2572 δὴ
1504 2511 1762 2586 βασιλεὺς
1794 2513 1861 2565 εἶ-

249 2621 372 2657 νεκα
397 2606 613 2665 τούτους
639 2606 742 2677 πρὸ
765 2603 969 2656 πάντων
1001 2601 1165 2654 ἄλλων
1205 2603 1490 2677 ὁμόφρονάς
1529 2621 1582 2655 τε
1611 2607 1701 2657 καὶ
1731 2603 1860 2676 ὀμο-

249 2698 518 2766 γνώμονας
545 2699 698 2766 σχεῖν
721 2691 1052 2768 ἐπηράσατο,
1074 2689 1280 2765 ἐνόμισε
1307 2693 1408 2766 γὰρ
1441 2693 1530 2758 ὡς,
1563 2695 1703 2768 εἴπερ
1736 2692 1860 2765 ὀμο-

253 2779 434 2846 δόξους
455 2783 644 2844 αὐτούς
669 2785 928 2840 κτήσαιτο
956 2785 1048 2834 καὶ
1073 2779 1173 2845 ἔξει
1191 2777 1391 2854 σχεδὸν
1412 2783 1606 2842 πάντας
1636 2782 1860 2858 ὁμόφρο-

251 2892 362 2935 νας.
399 2872 538 2926 Ἀλλ’
579 2872 673 2925 οῦκ
702 2875 930 2944 ἴσχυσεν
961 2866 1151 2924 οὐδένα
1196 2878 1337 2943 σφῶν
1393 2878 1746 2944 μεταστῆσαι,
1800 2872 1860 2924 ού

248 2969 476 3036 πρῶτον,
507 2960 602 3012 οὐκ
629 2963 876 3032 ἔσχατον,
911 2960 971 3012 ού
1003 2963 1161 3033 μέσον
1193 2981 1207 2992 ν
1235 2965 1368 3012 πᾶσι
1400 2961 1489 3033 μὲν
1518 2961 1618 3034 γὰρ
1651 2959 1735 3013 ἐπὶ
1764 2969 1862 3032 τῷ·

253 3045 314 3101 δε
341 3053 554 3123 τρόποις
582 3051 871 3124 ὶχρήσατο,
904 3045 1056 3102 οὐδὲν
1079 3044 1130 3102 δ’
1161 3049 1188 3101 ὅ
1210 3068 1261 3101 τι
1292 3053 1380 3102 καὶ
1422 3048 1602 3108 ἤνυσε.
1658 3051 1736 3102 Τὰ
1771 3053 1864 3123 μέν

249 3141 350 3213 γὰρ
376 3147 554 3212 πρῶτα
577 3140 709 3212 μετά
731 3137 924 3201 πολλῆς
965 3140 1049 3192 ὅτι
1105 3141 1403 3215 πραότητος
1461 3139 1528 3190 τὰ
1583 3147 1680 3200 τῆς
1734 3144 1864 3210 γνώ-

245 3247 347 3302 μης
377 3226 665 3301 ἐξήγγελλε,
692 3233 783 3281 καὶ
813 3231 863 3281 οί
892 3230 1193 3304 σύμφρονας
1250 3234 1402 3300 σχεῖν
1450 3226 1626 3286 ἤθελεν
1662 3248 1674 3262 ·
1717 3230 1783 3290 ὡς
1812 3225 1867 3282 δ’

246 3315 554 3390 ἐλέγχοντας
609 3313 743 3371 εἶδεν
791 3317 951 3370 αὐτοῦ
990 3322 1085 3377 τὴν
1132 3316 1400 3390 ἀπόνοιαν,
1452 3323 1542 3370 καὶ
1594 3313 1724 3390 μηδ’
1779 3318 1862 3387 ἂν,

247 3409 293 3461 εἴ
331 3426 383 3460 τι
433 3411 523 3462 καὶ
578 3411 799 3480 γένοιτο,
845 3411 941 3466 τὴν
969 3416 1069 3461 τῶν
1125 3407 1285 3481 ἁγίων
1327 3407 1534 3460 εἰκόνων
1585 3403 1865 3482 διισχυρι-

249 3497 492 3570 ζομένους
545 3495 801 3557 ἀθετῆσαι
868 3499 1254 3570 προσκύνησιν,
1306 3500 1440 3572 πρὸς
1500 3494 1710 3560 ἀπειλὰς
1769 3502 1864 3551 καὶ

246 3584 417 3660 ὕϐρεις
455 3585 749 3662 ἐχώρησεν.

1894 3006 1935 3062 C

2042 1619 2131 1675 11.
2173 1621 2292 1677 Hac
2348 1619 2546 1691 igitur,
2607 1635 2795 1694 quam
2850 1620 2992 1692 dixi,
3054 1621 3284 1679 ratione
3341 1639 3438 1680 res
3499 1637 3630 1680 sese

1970 1707 2644 1782 habebantantiquitus.
2689 1709 2906 1766 Iisdem
2933 1725 3075 1766 vero
3115 1712 3491 1784 temporibus
3522 1711 3630 1769 viri

1970 1797 2232 1866 insignes
2255 1813 2502 1871 prorsus
2524 1804 2703 1872 atque
2724 1800 2997 1872 praeclari
3018 1817 3121 1856 eas
3142 1817 3279 1874 quae
3308 1818 3414 1874 per
3434 1803 3633 1860 studia

1968 1885 2214 1943 honoris
2259 1902 2449 1944 causa
2489 1888 2835 1944 obtinentur
2864 1888 3038 1944 sedes
3069 1889 3131 1945 in
3171 1890 3509 1946 maximum
3541 1890 3636 1947 sui.

1970 1975 2348 2048 accipiebant
2395 1981 2840 2045 ornamentum,
2898 1978 3284 2050 potissimum
3339 1983 3542 2036 autem
3579 1979 3632 2035 is

1969 2065 2075 2138 qui
2120 2064 2364 2138 reliquis
2421 2066 2706 2122 omnibus
2739 2072 2795 2122 et
2841 2071 2967 2122 erat
2996 2071 3052 2123 et
3096 2066 3439 2124 habebatur
3475 2083 3632 2140 prae-

1972 2156 2242 2222 stantior,
2290 2154 2514 2228 quique
2545 2155 2846 2212 consulari
2883 2155 3281 2228 praefulgebat
3319 2157 3632 2228 dignitate.

1970 2245 2101 2300 Non
2145 2244 2306 2300 enim
2338 2247 2645 2300 externam
2676 2243 2877 2299 solum
2906 2248 2961 2300 et
2992 2244 3343 2301 saecularem
3374 2244 3638 2318 philoso-

1971 2333 2178 2406 phiam
2221 2332 2326 2404 illi,
2379 2333 2486 2388 sed
2529 2332 2874 2390 interiorem
2922 2349 3167 2404 quoque
3195 2334 3500 2405 religionis
3531 2349 3636 2392 no-

1973 2426 2108 2477 strae
2131 2421 2488 2490 tractabant,
2512 2437 2695 2495 seque
2716 2437 2856 2478 cum
2873 2423 2993 2479 otio
3010 2422 3229 2479 divinis
3247 2422 3636 2494 dogmatibus

1973 2511 2348 2580 exercebant,
2399 2515 2455 2568 et
2510 2527 2737 2582 magna
2757 2527 2896 2568 cum
2927 2511 3235 2582 diligentia
3289 2513 3637 2570 traditiones

1971 2600 2397 2657 scrutabantur
2427 2600 2879 2657 ecclesiasticas.
2934 2603 3033 2657 His
3075 2602 3191 2674 ipsi
3218 2601 3635 2671 intendebant,

1970 2689 2188 2746 harum
2240 2689 2442 2746 studio
2470 2691 2575 2746 toti
2604 2691 3082 2762 occupabantur,
3109 2691 3398 2764 nullaque
3423 2707 3638 2749 earum

1971 2785 2034 2835 ut
2075 2779 2470 2852 negligeretur
2517 2779 2642 2836 suis
2682 2781 2840 2836 curis
2894 2796 3126 2853 suaque
3163 2781 3472 2852 vigilantia
3509 2780 3636 2837 etil-

1973 2869 2212 2924 ciebant
2236 2885 2250 2936 ;
2273 2867 2435 2923 unde
2457 2873 2510 2924 et
2530 2867 2679 2924 illud
2700 2868 3201 2941 consequebatur,
3217 2869 3635 2926 utsecundum

1972 2973 2185 3015 omnes
2217 2959 2547 3014 honestatis
2582 2973 2651 3014 ac
2698 2958 3006 3029 religionis
3035 2959 3197 3030 leges
3237 2959 3425 3016 vitam
3453 2959 3636 3016 duce-

1974 3053 2122 3104 rent.
2141 3047 2308 3105 Tales
2333 3064 2472 3104 cum
2494 3052 2711 3116 essent,
2734 3047 2880 3104 nihil
2900 3047 3067 3121 prius
3083 3047 3296 3105 habuit
3309 3049 3638 3121 imperator

1975 3155 2164 3213 quam
2207 3142 2272 3194 ut
2301 3153 2405 3194 eos
2430 3137 2491 3194 in
2523 3153 2700 3194 suam
2730 3139 3086 3195 sententiam
3114 3138 3484 3212 pertraheret
3511 3157 3525 3208 ;
3553 3139 3639 3196 ita

1977 3228 2091 3284 sibi
2121 3227 2344 3284 scilicet
2370 3225 2496 3284 fore
2517 3226 2914 3299 persuadens,
2937 3231 3002 3284 ut
3043 3227 3094 3283 si
3133 3227 3295 3284 viros
3346 3226 3480 3284 illos
3523 3227 3635 3284 im-

1975 3315 2180 3390 pietati
2205 3333 2330 3373 sum
2357 3315 2606 3375 haberet
2628 3317 3088 3387 consentientes,
3115 3316 3370 3374 aliorum
3390 3332 3637 3391 quoque

1976 3407 2214 3463 animos
2244 3404 2402 3463 facili
2426 3406 2667 3477 negotio
2706 3410 3098 3479 expugnaret.
3138 3410 3211 3463 At
3236 3423 3377 3464 vero
3425 3421 3638 3464 eorum

1973 3495 2230 3563 nullum,
2253 3511 2377 3552 non
2406 3495 2695 3569 primum,
2726 3510 2850 3552 non
2878 3494 3179 3567 inﬁmum,
3210 3511 3335 3552 non
3364 3495 3638 3552 medium

1974 3602 2011 3643 a
2057 3601 2209 3643 sana
2257 3584 2528 3641 doctrina
2556 3590 2837 3658 rectoque
2875 3585 3117 3642 vivendi
3145 3586 3414 3642 instituto
3451 3585 3640 3643 dedu-

245 3691 379 3733 cere
405 3675 592 3733 valuit
622 3679 719 3746 ;et
750 3675 1034 3750 quamvis
1083 3675 1300 3733 modos
1356 3690 1569 3733 omnes
1615 3676 1864 3749 viasque
1919 3679 2228 3742 tentasset,
2283 3673 2431 3730 nihil
2476 3679 2676 3731 tamen
2732 3674 2983 3731 omnino
3044 3673 3255 3731 eﬂ'ecit.
3331 3673 3634 3748 Principio

243 3765 474 3840 quippe
503 3782 644 3824 cum
668 3766 836 3825 omni
864 3764 1330 3824 mansuetudine
1361 3770 1418 3823 et
1446 3765 1748 3822 modestia
1773 3781 1949 3823 suam
1985 3763 2098 3821 illis
2125 3767 2389 3820 mentem
2413 3762 2746 3819 renuntiari
2771 3762 2924 3830 fecit,
2958 3763 3125 3836 quod
3153 3762 3288 3819 illos
3332 3763 3634 3838 opinionis

243 3871 368 3913 suae
400 3856 598 3914 socios
624 3872 696 3914 ac
734 3853 1164 3926 suifragatores
1189 3853 1412 3912 habere
1447 3853 1776 3927 plurimum
1806 3854 2190 3912 desideraret.
2214 3855 2432 3909 Verum
2472 3856 2535 3908 ut
2561 3853 2640 3908 ab
2693 3853 2778 3908 eis
2833 3868 3008 3908 suam
3037 3852 3364 3910 amentiam
3423 3853 3637 3911 acriter

240 3946 506 4004 incusari
546 3946 869 4022 perspexit,
897 3959 1114 4019 neque,
1167 3959 1535 4018 quacunque
1581 3943 1832 4002 demum
1890 3944 2134 4002 fortuna
2189 3940 2530 4016 periculove
2577 3941 2906 4015 proposito,
2965 3941 3185 3998 adduci
3244 3943 3411 3999 viros
3453 3957 3636 4016 posse

240 4040 309 4094 ut
345 4040 696 4095 sanctarum
722 4035 954 4094 cultum
973 4033 1292 4107 inaginum
1320 4049 1392 4092 ac
1421 4035 1870 4093 venerationem
1905 4031 2298 4106 rejiciendam
2363 4029 2649 4100 dicerent,
2711 4031 2792 4087 ad
2855 4031 3055 4088 minas
3111 4035 3168 4088 et
3232 4030 3633 4091 contumelias

240 4140 575 4184 conversus
613 4129 722 4183 est.

313 4232 413 4307 ιβ’.
444 4233 527 4295 Ὠς
575 4229 626 4287 δ’
653 4229 778 4287 οὐδὲ
806 4232 942 4286 οὕτω
990 4233 1277 4306 μετέπειθε,
1325 4232 1534 4285 πάττων
1589 4229 1850 4305 ἀπογνοὺς
1889 4219 1932 4274 D

241 4322 430 4393 ἄλλων,
472 4322 586 4386 ὅλος
638 4332 733 4385 τῆς
788 4324 1038 4386 ἁπηνείας
1089 4321 1273 4376 ἑαυτοῦ
1303 4325 1502 4394 γίνεται
1534 4343 1548 4356 ο
1601 4322 1712 4375 ὅθεν
1761 4325 1851 4375 καὶ

241 4418 429 4486 χώραν
453 4409 580 4474 δούς
609 4412 786 4475 αὐτοῖς
825 4411 1077 4483 σκέψεως,
1117 4417 1308 4485 πέμπει
1338 4414 1458 4474 τοὺς
1489 4410 1660 4473 αὐτοῖς
1704 4411 1852 4470 οἰκή-

242 4521 382 4576 μασι
427 4505 814 4565 καταύσαντας.
892 4503 994 4555 Keil
1051 4500 1100 4554 οἳ
1154 4506 1249 4560 τὴν
1333 4503 1470 4577 ὤραν
1529 4507 1853 4576 τηρήσαντες

243 4594 329 4646 ὅτε
357 4598 448 4646 καὶ
486 4595 535 4646 οἱ
562 4595 694 4667 πρὸς
730 4595 818 4644 τὸν
855 4594 1026 4644 κοινὸν
1084 4589 1322 4643 ἁπάντων
1389 4587 1657 4649 δυνάστην
1715 4589 1854 4644 ἀντι-

244 4680 506 4746 ϐαίνοντες
560 4682 735 4752 ὕπνον,
798 4682 1058 4739 ἡττῶνται
1107 4682 1293 4732 τούτου
1330 4684 1420 4732 καὶ
1474 4679 1851 4746 ἁνακλίνονται,

242 4773 399 4833 ἄλλος
446 4772 654 4826 οῦκλοθεν
705 4770 1077 4847 περιελθόντες,
1107 4776 1212 4842 πῦρ
1253 4770 1641 4840 ύπανάπτουσι,
1681 4771 1855 4822 καὶτὸ

241 4871 341 4924 τῆς
369 4866 548 4934 σοφίας
577 4864 644 4925 ὡς
668 4860 871 4920 ἀληθῶς
910 4854 1229 4930 ἐνδιαίτημα
1256 4863 1318 4928 τῇ
1384 4855 1536 4928 φλογὶ
1587 4861 1856 4929 πανταχόο

244 4953 328 5005 θεν
366 4950 836 5025 περιλαμϐάνουσι,
867 4953 958 5002 καὶ
985 4953 1162 5002 πᾶσαν
1191 4951 1297 5006 τοῖς
1354 4941 1506 4997 ἔνδον
1558 4943 1858 4998 ἀποκλείου-

163 5039 166 5042 ’
241 5061 330 5096 σιν
363 5036 562 5105 ἔξοδον.
596 5041 679 5093 Ἐν
710 5038 798 5094 οὖν
826 5040 962 5093 πάνυ
998 5036 1200 5114 βραχεῖ
1235 5055 1308 5107 τῳ
1365 5036 1632 5108 παμφάγῳ
1677 5036 1859 5096 πάντες

236 5135 374 5205 πυρὶ
402 5129 585 5192 αύταῖς
617 5127 839 5202 βίϐλοις,
874 5127 1056 5189 αύταῖς
1086 5126 1282 5189 οἰκίαις
1315 5145 1329 5159 ο
1359 5123 1766 5179 κατανάλωνται.
1793 5122 1862 5177 Ὠ

235 5220 462 5284 πάθους,
501 5219 541 5268 ὦ
569 5217 798 5291 ζημίαςῑ
834 5218 896 5277 ἣν
925 5219 1190 5276 ὑποσταίη
1217 5218 1308 5290 μεν
1333 5217 1392 5268 τό
1440 5211 1629 5268 δοκοῦν
1659 5215 1689 5272 ἡ
1724 5220 1864 5280 Κων-

243 5309 544 5372 σταντίνου,
589 5313 700 5368 ταῖς
749 5302 802 5360 δ’
857 5305 1126 5368 ἀληθείαις
1191 5309 1338 5378 γένος
1384 5304 1522 5357 ἅπαν
1575 5303 1860 5384 Ῥωμαίων,

244 5397 342 5449 καὶ
421 5395 471 5447 οἱ
551 5398 646 5454 τὴν
730 5399 914 5468 σοφίαν
969 5396 1244 5458 ζητοῦντες
1311 5393 1550 5448 ἀνέκαθεν
1603 5392 1862 5460 Ἕλληνες,

253 5484 432 5558 ὥσπερ
488 5487 580 5536 καὶ
627 5485 653 5536 ὁ
701 5486 833 5547 θεῖος
905 5483 1108 5544 Παῦλος
1155 5480 1562 5560 δίεμαρτύρατο.
1606 5482 1682 5536 Ού
1762 5484 1864 5556 γὰρ

257 5575 340 5628 ὃτι
357 5594 416 5647 γε
460 5576 708 5627 τοιούτων
760 5570 964 5648 ἀνδρῶν
1021 5572 1316 5648 ἐστέρηται,
1357 5573 1487 5628 ἀλλὰ
1541 5578 1631 5626 καὶ
1697 5580 1867 5646 σοφῶν

260 5660 465 5738 ἀνδρῶν
511 5665 935 5742 συγγραμμάτων
989 5664 1247 5718 πλείστων
1307 5682 1362 5718 τε
1422 5668 1514 5718 καὶ
1575 5663 1868 5717 καλλίστων

477 5755 730 5816 ΡΑτιιοι.
765 5757 866 5814 Gn.
889 5754 1040 5816 CXL.

2041 4235 2124 4287 12.
2162 4231 2431 4302 Cumque
2447 4228 2562 4286 hoc
2597 4227 2778 4285 etiam
2805 4228 2989 4285 modo
3017 4229 3183 4302 apud
3233 4229 3398 4287 viros
3451 4229 3634 4288 fortes

1964 4319 2113 4376 nihil
2167 4318 2503 4392 proﬁceret,
2549 4321 2605 4374 et
2653 4317 2817 4374 aliud
2875 4317 3022 4374 nihil
3074 4335 3197 4391 quo
3240 4335 3345 4376 eos
3398 4323 3636 4390 cogeret

1965 4425 2282 4481 superesse
2326 4407 2828 4464 animadverteret
2858 4425 2870 4462 :
2903 4424 3025 4464 suae
3058 4424 3120 4464 se
3155 4408 3447 4466 ferocitati
3478 4409 3636 4466 abri-

1963 4499 2256 4570 piendum
2278 4502 2468 4555 totum
2494 4497 2734 4553 tradidit
2762 4516 2774 4566 ;
2801 4513 3214 4571 concessoque
3239 4498 3386 4571 ipsis
3417 4498 3637 4556 delibe-

1963 4588 2141 4646 randi
2167 4586 2382 4660 spatio,
2415 4586 2694 4643 submisit
2718 4587 2822 4659 qui
2847 4587 3079 4643 aedibus
3110 4604 3321 4644 eorum
3351 4588 3636 4646 ﬂammas

1965 4679 2292 4750 injicerent.
2343 4677 2410 4733 Hi
2458 4681 2865 4751 opportunum
2923 4678 3187 4734 maxime
3241 4678 3634 4736 observantes

1966 4773 2222 4840 tempus,
2239 4783 2376 4822 cum
2391 4766 2821 4839 sapientissimi
2841 4767 3122 4823 homines
3145 4768 3250 4840 qui
3272 4768 3352 4824 ad
3373 4768 3634 4825 multum

1967 4857 2158 4913 noctis
2175 4855 2464 4912 adversus
2486 4855 2762 4911 omnium
2786 4849 3147 4912 domitorem
3169 4872 3453 4914 somnum
3471 4857 3635 4914 forti-

1969 4951 2056 5001 ter
2081 4960 2348 5018 pugnare
2389 4943 2542 5000 soliti
2571 4949 2764 5008 erant,
2798 4944 2994 5000 eidem
3015 4945 3199 5001 etiam
3239 4945 3636 5002 succumbere

1969 5039 2170 5092 essent
2193 5034 2405 5104 coacti,
2428 5039 2484 5091 et
2508 5034 2778 5092 cubitum
2804 5035 3093 5107 tantisper
3117 5050 3179 5090 se
3206 5033 3634 5106 contulissent;

1971 5124 2070 5182 alii
2094 5123 2243 5181 alias
2268 5123 2491 5180 mdium
2520 5128 2724 5196 partes
2754 5124 3198 5181 circumeuntes
3228 5123 3435 5195 ignem
3467 5140 3640 5198 spar-

1973 5230 2131 5285 gere,
2176 5213 2682 5286 verissimumque
2708 5214 3018 5287 sapientiae
3057 5213 3250 5287 ipsius
3305 5213 3639 5287 hospitium

1971 5303 2234 5361 ﬂammis
2267 5303 2530 5376 undique
2568 5303 2872 5360 involvere
2913 5308 3243 5378 coeperunt;
3270 5319 3518 5361 omnem
3543 5305 3638 5360 in-

1974 5396 2069 5450 tus
2099 5392 2485 5450 manentibus
2518 5392 2744 5449 exitum
2773 5393 3232 5464 praecludentes.
3265 5393 3493 5451 Modico
3523 5394 3640 5466 igi-

1976 5486 2072 5539 tur
2118 5482 2314 5554 spatio
2359 5481 2642 5554 temporis
2686 5497 2900 5537 omnes
2949 5483 3383 5540 devorantibus
3425 5488 3646 5540 cuncta

1977 5571 2242 5628 ﬂammis
2256 5571 2455 5628 hausti
2466 5575 2646 5643 atque
2667 5569 2976 5642 absumpti
2995 5575 3157 5640 sunt,
3171 5588 3297 5629 una
3314 5589 3453 5630 cum
3472 5572 3643 5630 libris

1979 5665 2160 5734 atque
2214 5661 2362 5735 ipsis
2400 5659 2657 5718 aedibus.
2721 5661 2764 5717 0
2812 5659 3070 5732 cladem,
3119 5677 3155 5719 ο
3203 5661 3642 5721 aﬂlictionem!
