4090 6448
411 316 513 370 907
1608 316 2072 376 CONSTANTINI
2112 318 2590 406 ACROPOLITE.
3687 330 3796 386 908
3841 327 3850 330 ’

407 453 597 510 quam
610 436 965 493 sustinuisse
975 436 1212 493 videtur
1223 436 1368 494 urbs
1383 439 2041 513 Constantinopolitana

2189 449 2659 518 συναπεστέρηται.
2703 443 2861 498 Ἀλλὰ
2918 447 3084 517 τούτῳ
3125 449 3236 518 μὲν,
3290 450 3358 509 ὡς
3401 451 3581 521 ἔφθην,
3639 452 3796 506 εἰπὼν

405 543 616 585 revera
665 531 867 584 autem
914 528 1077 584 natio
1121 531 1392 584 Romana
1444 529 1726 585 sustinuit
1765 531 2064 598 universa,

404 617 640 690 ipsique
690 616 868 672 etiam
902 617 1170 690 gentiles,
1204 623 1526 690 quotquot,
1560 623 1708 676 teste
1739 620 1943 688 Paulo,
1979 637 2069 677 sa-

404 706 695 780 pientiam
742 706 820 762 ab
857 706 1026 763 initio
1055 707 1478 780 quaesiverunt.
1512 711 1639 765 Non
1670 709 1831 764 enim
1860 710 2067 767 talium

405 794 676 851 virorum
717 793 1017 851 duntaxat
1062 795 1221 852 facta
1251 800 1339 851 est
1360 796 1618 876 jactura,
1649 814 1857 853 verum
1887 799 2045 855 etian

2181 806 2298 876 περὶ
2325 801 2493 853 αὐτῶν
2523 803 2732 874 ἱστορίᾳ
2751 807 3096 875 περιτυχέτω.

404 883 670 957 plurium
692 900 762 941 ac
793 883 1333 957 pulcherrimorum
1365 875 1679 955 librorum,
1711 903 1866 960 quos
1899 888 2324 960 sapientissimi
2363 890 2641 946 homines
2679 892 3164 964 conscripserunt
3193 892 3294 964 (2).
3326 893 3440 950 Sed
3473 896 3590 952 huc
3621 899 3796 954 devc-

405 974 491 1044 ni,
521 973 719 1030 dicere
739 972 950 1031 volens
981 989 1172 1030 unum
1211 975 1399 1031 nostri
1457 978 1838 1047 Imperatoris
1890 977 2146 1046 facinus,
2182 995 2252 1036 ac
2280 979 2462 1036 veluti
2525 981 2889 1053 prommium
2939 981 3068 1052 ejus
3121 997 3259 1054 quae
3311 991 3593 1042 secutura
3639 994 3796 1045 esset

406 1063 767 1122 calamitatis
791 1079 806 1131 ;
828 1067 1044 1122 caetera
1065 1063 1113 1119 si
1129 1064 1265 1137 quis
1285 1079 1652 1136 cognoscere
1669 1068 1891 1139 cupiat,
1917 1067 2118 1139 ipsam
2140 1083 2277 1141 quae
2300 1067 2376 1126 de
2399 1068 2511 1124 illis
2541 1069 2881 1142 conscripta
2902 1073 3012 1133 est,
3032 1070 3346 1128 historiam
3395 1074 3670 1132 consulat
3688 1077 3770 1149 (3)

2185 534 2233 585 ἓν
2259 554 2311 586 τι
2341 543 2440 586 τῶν
2466 543 2557 587 τοῦ
2586 534 2845 607 βασιλέως
2891 536 3008 587 καθ’
3058 538 3204 608 ἡμῶν
3254 539 3435 612 ἔργων,
3488 541 3538 591 ἓν
3589 560 3643 593 τι
3695 552 3798 598 τῶν

2183 627 2300 675 τότε
2356 619 2558 692 δεινῶν,
2605 629 2694 676 καὶ
2744 631 2835 685 τῆς
2908 623 3196 696 μελλούσης
3255 629 3322 688 ὡς
3394 627 3553 680 εἰπεῖν
3607 636 3798 694 κακίας

2183 717 2494 786 προοίμιον·
2529 716 2595 765 τὰ
2628 713 2784 765 λοιπὰ
2827 710 2874 766 δ’
2934 716 2977 766 εἰ
3042 713 3288 786 βούλοιτὸ
3336 735 3418 778 τις
3470 720 3676 790 μαθεῖν,
3729 729 3791 795 τῇ

1945 1231 2128 1286 CAUT
2156 1229 2244 1286 IIl.

501 1343 1154 1417 Spatharium,0hristi
1169 1345 1492 1417 imaginem
1522 1346 2264 1418 dejecturummraecipitat
2291 1345 2642 1414 Theodosia,
2673 1350 2728 1403 et
2747 1347 2891 1415 ﬁdei
2908 1360 3032 1402 sum
3060 1346 3352 1404 rationem
3373 1353 3633 1418 tyranno

415 1445 418 1448 ’
1975 1435 2197 1493 reddit.

467 1553 552 1607 i3.
581 1551 730 1606 Cum
755 1549 936 1620 igitur
966 1551 1092 1606 tam
1117 1549 1328 1620 gravia
1384 1554 1632 1624 tamque
1661 1552 2062 1609 intolerabilia

393 1639 691 1714 supplicia
704 1638 1062 1697 inferrentur
1076 1655 1282 1696 sacras
1295 1641 1590 1708 imagines
1613 1641 2059 1722 venerantibus,

387 1727 503 1785 illa;
529 1734 733 1786 autem
759 1728 1163 1798 abolerentur,
1195 1735 1253 1786 et
1281 1729 1571 1794 funditus,
1600 1737 1665 1787 ut
1689 1732 1774 1787 sic
1822 1731 2059 1804 loquar,

388 1819 882 1892 exstirparentur,
915 1819 1364 1891 spathariorum
1395 1819 1613 1892 aliquis
1639 1823 1818 1878 etiam
1852 1826 2062 1878 contra

390 1907 715 1966 Salvatoris
748 1907 958 1963 Christi
989 1907 1261 1964 divinam
1300 1908 1580 1982 efﬁgiem,
1615 1915 1871 1966 stantem
1903 1911 1961 1966 in
1991 1927 2063 1968 ea

386 2001 564 2070 porta
589 2013 725 2071 quae
753 1997 944 2053 Enea
969 1996 1203 2064 dicitur,
1234 2014 1411 2054 suum
1439 2003 1527 2054 est
1551 2015 1872 2070 aggressus
1899 1999 2059 2056 furo-

2242 1550 2326 1623 ιγ’.
2359 1550 2501 1606 Ἀλλ’
2529 1548 2617 1605 οὖν
2643 1552 2777 1605 οὕτω
2809 1549 2989 1606 δεινῶν
3030 1553 3195 1616 οὕτως
3235 1552 3561 1607 ἀνυποίστων
3592 1552 3782 1627 ἕπαγο-

2168 1645 2328 1714 μένων
2375 1643 2510 1694 κατά
2582 1651 2681 1694 τῶν
2730 1645 2824 1705 τάς
2892 1644 3026 1718 ἱερὰς
3091 1642 3285 1704 εἰκόνας
3351 1647 3780 1717 προσκυνούντων

2168 1740 2450 1806 τιμωριῶν,
2485 1731 2887 1806 ἀμαυρουμένων
2941 1729 3000 1785 δὲ
3030 1741 3128 1785 τῶν
3190 1734 3334 1786 θείων
3373 1731 3782 1806 ἐκτυπωμοὶτων,

2169 1827 2258 1874 καὶ
2329 1824 2398 1884 ὡς
2459 1822 2615 1875 εἰπεῖν
2673 1825 3143 1896 κατερειπωθέντων
3211 1825 3416 1874 πάντων
3471 1822 3780 1896 ἀπανταχῆ,

2169 1920 2267 1963 τῶν
2317 1931 2395 1974 τις
2450 1913 2776 1987 σπαθαρίων,
2817 1917 2906 1965 καὶ
2959 1915 3093 1965 κατά
3135 1919 3229 1975 τῆς
3274 1914 3415 1974 θείας
3465 1912 3659 1975 εἰκόνος
3689 1919 3784 1966 τοῦ

2170 2008 2408 2075 Σωτῆρος
2437 2009 2692 2075 Χριστοῦ,
2748 2011 2836 2063 τῆς
2887 2005 3169 2075 ἱσταμένης
3213 2000 3297 2055 ἐπὶ
3352 2011 3449 2063 τῆς
3494 2003 3630 2054 οὕτω
3682 2022 3779 2055 κα-

385 2103 516 2146 rem
542 2103 837 2156 exercere,
868 2103 1128 2160 eamque
1158 2087 1219 2144 in
1263 2092 1483 2145 terram
1515 2094 1908 2160 prosternere.
1941 2093 2045 2146 Ηο(

2167 2089 2419 2162 λουμένης
2439 2090 2669 2160 Χαλκῆς,
2713 2093 2952 2164 ὥρμησεν
3001 2090 3256 2160 ἀπελθεῖν,
3313 2090 3388 2164 ἐφ’
3539 2111 3600 2164 γε
3655 2094 3783 2144 ταύ-

385 2181 588 2237 autem
636 2181 700 2234 ut
738 2176 931 2234 beatas
961 2175 1312 2234 Theodosiae
1343 2183 1432 2235 est
1458 2179 1889 2245 renuntiatum,
1932 2179 2058 2234 Phi-

383 2284 529 2326 nees
557 2282 702 2324 mox
729 2266 894 2324 illam
915 2265 1073 2323 zelus
1101 2271 1156 2324 et
1181 2267 1319 2322 Eliae
1345 2267 1584 2324 invasit.
1614 2267 1814 2323 Plures
1841 2268 2058 2325 deinde

380 2357 693 2430 religiosas
718 2361 1184 2430 matronasque:
1209 2358 1505 2414 mundum
1528 2357 1862 2430 mundique
1883 2373 2056 2414 orna-

380 2452 596 2506 menta
648 2447 999 2505 omniaase
1047 2452 1448 2517 removerant,
1501 2452 1625 2504 toto
1677 2447 1883 2504 animo
1944 2448 2056 2504 soli

382 2537 760 2596 adhaerentes
780 2541 922 2606 Deo,
947 2536 1141 2594 socias
1164 2537 1275 2593 sibi
1299 2537 1658 2609 adjungens,
1687 2542 1894 2594 sancto
1909 2553 2056 2610 quo-

387 2627 534 2686 dam
591 2627 790 2684 furore
823 2627 901 2684 ad
931 2626 1242 2684 hominem
1272 2626 1444 2697 virgo
1481 2627 1686 2684 fertur.
1721 2629 1806 2682 Ex
1847 2644 2056 2683 eorum

382 2717 483 2775 hic
531 2722 658 2776 erat
687 2718 920 2786 ordine,
953 2716 1059 2789 qui
1108 2715 1328 2790 gladio,
1379 2733 1505 2773 non
1537 2717 1752 2786 securi,
1785 2717 2056 2779 instructi

384 2825 592 2880 regem
633 2808 878 2882 stipant,
909 2806 1016 2880 qui
1046 2807 1195 2863 ordo
1227 2813 1314 2864 est
1351 2807 1561 2864 ordine
1596 2807 1935 2876 satellitum,
1969 2805 2054 2863 uti

380 2898 626 2967 indicat,
659 2896 1065 2955 nomenclatio
1102 2897 1205 2968 (4),
1249 2897 1542 2969 posterior
1570 2915 1583 2961 ;
1615 2912 1820 2967 regem
1852 2901 2052 2954 autem

379 2987 657 3056 custodit,
685 2991 743 3045 et
785 2991 1007 3058 atergo
1035 2985 1411 3058 subsequens
1451 2991 1630 3058 atque
1667 2985 1746 3042 ab
1789 2987 2051 3058 impera-

378 3080 502 3135 tore
549 3092 858 3149 nusquam
902 3073 1242 3142 discedens,
1274 3074 1510 3144 regium
1552 3080 1737 3131 noctu
1767 3077 2051 3133 conclave

381 3170 604 3236 servat,
656 3163 1114 3237 principemque
1174 3163 1236 3218 in
1282 3162 1595 3235 publicum
1649 3163 2049 3236 prodeuntem

379 3253 807 3324 cingit.Contra
826 3251 928 3322 huj
939 3250 1182 3307 usmodi
1207 3250 1839 3322 hominem,generoso
1865 3252 2044 3324 plane

375 3345 556 3415 atque
577 3340 874 3413 intrepido
899 3339 1126 3407 animo,
1158 3339 1329 3409 virgo
1359 3339 1760 3411 progreditur.

451 3433 536 3487 14.
590 3429 821 3497 Quibus
861 3432 1062 3485 autem
1094 3427 1196 3484 illa
1229 3427 1614 3484 sermonibus
1670 3428 2044 3486 audientium
2085 3447 2125 3503 α

373 3525 629 3588 mentes,
662 3523 728 3576 ut
753 3517 947 3575 zelum
979 3515 1078 3574 Dei
1108 3517 1512 3589 conciperent,
1546 3517 1896 3574 excitabat?
1916 3535 2046 3590 qni-

369 3610 488 3668 bus
518 3613 708 3667 Deum
759 3608 961 3681 ipsum
1015 3604 1216 3663 verbis
1246 3605 1686 3679 alloquebatur,
1735 3608 2044 3678 utjustam

371 3700 501 3773 ejus
524 3700 818 3758 adversus
842 3696 1120 3754 homines
1144 3696 1296 3752 iram
1319 3695 1585 3768 placaret
1611 3694 1634 3748 ?
1655 3713 1842 3769 quam
1866 3712 2041 3767 gene-

368 3804 540 3848 rosos
569 3786 996 3846 comitantibus
1043 3802 1106 3842 se
1153 3785 1460 3842 sororibus
1499 3785 1748 3842 indebat
1779 3787 2043 3859 spiritus,

371 3883 428 3938 et
457 3879 535 3936 ad
565 3877 885 3952 pulchrum
911 3893 1019 3950 pro
1051 3876 1298 3932 veritate
1323 3879 1625 3932 certamen
1651 3876 2037 3933 subeundum

371 3984 560 4042 quam
585 3969 810 4025 fortiter
837 3965 1188 4023 animabat?
1215 3965 1306 4022 Sic
1337 3964 1645 4022 enimvero
1669 3982 1878 4022 secum
1909 3966 2046 4039 ipsa

378 4059 700 4131 cogitabat,
733 4057 816 4114 sic
852 4055 1361 4114 ratiocinabatur:
1393 4055 1719 4127 Oportebat
1764 4057 2045 4129 equidem

381 4164 518 4206 eam
559 4164 679 4218 me,
710 4162 902 4220 quam
932 4144 1088 4201 ultro
1138 4144 1395 4216 suscepi,
1448 4144 1741 4200 rationem
1805 4143 2047 4200 vivendi

380 4242 609 4296 sartam
624 4241 844 4293 tectam
869 4247 1243 4290 conservare.
1269 4235 1388 4289 Hoc
1423 4233 1584 4288 enim
1620 4248 1826 4289 coram
1850 4234 1969 4290 Deo
1992 4234 2047 4290 et

375 4327 726 4388 hominibus
773 4325 1069 4383 facturam
1115 4338 1214 4378 me
1241 4323 1552 4395 prOposui,
1586 4322 1664 4378 ad
1702 4324 1818 4379 hoc
1849 4341 2046 4382 sacra-

375 4421 581 4478 mento
629 4431 728 4472 me
774 4411 1086 4483 obstrinxi,
1137 4426 1278 4466 cum
1310 4413 1429 4467 Deo
1463 4410 1592 4468 solo
1623 4415 1680 4467 et
1708 4428 1949 4469 mecum
1980 4417 2044 4469 ut

373 4522 668 4576 versarer,
692 4503 1064 4576 reliquorum
1113 4504 1316 4556 autem
1346 4500 1664 4556 hominum
1695 4502 2040 4559 societatem

373 4597 637 4669 effugere
667 4596 888 4651 conatu
917 4590 1084 4649 omni
1123 4589 1903 4663 contenderem.Postquam
1934 4609 2039 4648 au-

372 4691 494 4746 tem
536 4685 770 4757 generis
799 4681 1055 4739 humani
1083 4697 1224 4738 osor
1252 4680 1602 4750 acerrimus,
1635 4685 1691 4737 et
1718 4680 1883 4738 nullo
1914 4697 2036 4739 non

2168 2199 2260 2237 την
2307 2178 2633 2234 καταϐαλεῖν.
2683 2179 2820 2232 Ἀλλ’
2884 2179 3168 2252 ἀνηγγέλη
3211 2187 3363 2232 τοῦτο
3412 2187 3475 2252 τῇ
3521 2185 3778 2253 μακαρίᾳ,

2166 2272 2256 2319 καὶ
2286 2267 2316 2325 ἢ
2353 2267 2506 2330 ζῆλον
2551 2266 2796 2340 πάραυτά
2846 2269 3033 2333 Φινεὲς,
3093 2267 3246 2330 ζῆλον
3286 2267 3522 2321 ἀνέλαϐεν
3551 2267 3728 2321 Ἠλιοῦ
3763 2289 3776 2302 ο

2164 2364 2237 2426 τῷ
2287 2376 2368 2408 τοι
2439 2361 2529 2408 καὶ
2593 2363 2866 2426 γυναῖκας,
2953 2360 3156 2429 κόσμου
3215 2377 3306 2409 και
3359 2367 3458 2410 τῶν
3507 2366 3777 2430 κοσμικῶν

2167 2443 2554 2521 ἀποῤῥαγείσας
2599 2443 2900 2519 ὁλοσχερῶς
2979 2450 3070 2497 καὶ
3126 2445 3608 2519 προσκολληθείσας
3657 2445 3780 2508 ὅλας

2166 2543 2300 2605 Θεῷ,
2370 2537 2483 2607 μεθ’
2552 2533 2739 2595 ἑαυτῆς
2812 2533 3081 2606 λαμϐάνει,
3158 2539 3248 2587 καὶ
3332 2535 3430 2608 ὅλῳ
3479 2539 3614 2589 κατά
3684 2543 3778 2589 τοῦ

2166 2625 2462 2697 σπαθαρίου
2521 2630 2739 2675 κινεῖται
2797 2624 2962 2696 θυμῷ.
3017 2625 3208 2695 Τάγμα
3261 2631 3416 2676 τοῦτο
3491 2634 3591 2677 τῶν
3658 2629 3780 2698 περὶ

2162 2717 2250 2766 τὸν
2316 2711 2542 2786 βασιλέα
2611 2715 2984 2786 σπαθηφόρων,
3044 2711 3101 2764 οὗ
3153 2712 3528 2786 πελεκυφόρων,
3580 2716 3645 2774 ὡς
3687 2718 3782 2767 καὶ

2162 2806 2192 2863 ἡ
2241 2803 2423 2864 κλῆσις
2472 2799 2647 2872 δηλοῖ,
2708 2799 2977 2878 δευτερεῖα
3014 2805 3103 2875 μεν
3165 2806 3311 2875 φέρον
3359 2810 3459 2854 τῶν
3517 2801 3782 2874 ἐπωμίους

2163 2891 2452 2966 ἀνεχόντων
2483 2896 2605 2953 τοὺς
2635 2891 2882 2958 πελέκεις,
2923 2899 3207 2966 συντηροῦν
3236 2888 3295 2943 δὲ
3347 2896 3502 2964 σφίσι
3549 2893 3617 2942 τὰ
3673 2899 3778 2944 τῶν

2164 2981 2422 3056 βασιλέων
2496 2982 2734 3047 ὀπίσθια,
2814 2984 3215 3055 πμπαραμένον
3274 2987 3387 3041 τοῖς
3448 2979 3775 3054 ἀνακτόροις,

2161 3078 2248 3125 καὶ
2294 3077 2416 3134 τοὺς
2473 3071 2776 3144 βασιλείους
2854 3074 3032 3131 νυκτὸς
3115 3069 3373 3143 θαλάμους
3439 3069 3772 3143 περιπολοῡν,

2158 3164 2254 3213 κάν
2306 3162 2416 3221 ταῖς
2481 3157 2732 3234 προόδοις
2793 3163 2880 3212 τόν
2935 3159 3161 3232 βᾶσιλέα
3205 3157 3565 3233 περικυκλουν.
3627 3162 3769 3212 Κατὰ

2159 3247 2226 3309 δὴ
2277 3252 2464 3302 τούτου
2543 3253 2759 3322 γενναίῳ
2817 3251 2951 3302 πάνυ
2999 3269 3088 3302 και
3140 3247 3387 3322 ἀπτοήτῳ
3436 3247 3608 3320 βαίνει
3641 3266 3764 3323 φρο-

2154 3339 2372 3411 νήματι,

2229 3425 2316 3482 ιὸν.
2361 3433 2426 3480 Τί
2455 3430 2544 3500 μὲν
2596 3427 2654 3480 οὗ
2705 3425 3104 3500 διαλογιζομένη
3164 3435 3264 3479 τῶν
3319 3431 3445 3501 πρὸς
3493 3430 3580 3481 τόν
3636 3428 3764 3502 ὑπὲρ

2153 3524 2245 3570 τοῦ
2277 3523 2403 3570 Θεοῦ
2455 3517 2608 3578 ζῆλον
2653 3516 2965 3591 ἐπαιρόντων
3025 3533 3037 3583 ;
3087 3522 3141 3569 τί
3180 3514 3240 3570 δὲ
3281 3525 3380 3569 τῶν
3427 3521 3552 3592 πρὸς
3592 3514 3772 3570 δυσώ-

2153 3627 2317 3665 πησιν
2351 3608 2537 3658 ἱκανῶν
2570 3607 2627 3659 οὗ
2661 3604 3000 3679 διαλεγομένη
3053 3614 3168 3678 Θεῷ
3213 3623 3225 3674 ;
3281 3610 3332 3659 τί
3375 3603 3433 3659 δὲ
3488 3606 3546 3660 οὗ
3596 3607 3771 3659 νουθε-

2152 3704 2322 3749 τοῦσα
2373 3704 2487 3759 ταῖς
2541 3700 2634 3748 σὺν
2677 3695 2806 3769 αὐτῇ
2841 3701 2931 3748 καὶ
2987 3700 3106 3770 περὶ
3150 3695 3307 3754 αὐτὴν
3360 3691 3628 3768 ἀδελφαῖς,
3679 3699 3773 3748 καὶ

2154 3789 2282 3860 πρὸς
2331 3790 2420 3838 τόν
2541 3787 2667 3860 ὑπὲρ
2728 3795 2825 3848 τῆς
2900 3783 3144 3847 ἀληθείας
3214 3777 3367 3837 ἆθλον
3441 3783 3767 3857 ἀλείφουσας

2155 3879 2294 3951 Πρός
2323 3879 2410 3949 μὲν
2442 3877 2542 3950 γὰρ
2571 3875 2758 3933 ἑαυτὴν
2805 3882 3021 3927 τοιαῦτα
3080 3870 3146 3932 δή
3202 3892 3320 3926 τινα
3378 3869 3622 3926 διενοεῖτο
3677 3878 3769 3926 καὶ

2157 3962 2490 4018 διεσκέπτετο
2544 3986 2556 3998 ο
2615 3961 2759 4018 Ἔδει
2811 3967 2901 4038 μὲν
2960 3963 3012 4015 ὃν
3067 3962 3274 4036 εἱλόμην
3338 3961 3455 4036 βίον
3529 3971 3768 4037 τηρῆσαι

2157 4051 2252 4108 διὰ
2287 4058 2480 4117 παντός
2512 4076 2524 4088 ·
2557 4061 2707 4108 τοῦτο
2736 4056 2838 4126 γὰρ
2895 4053 3212 4127 προύθέμην,
3268 4054 3408 4104 τοῦτ’
3459 4050 3766 4125 ἐπηγγειλά-

2155 4164 2258 4216 μην
2317 4140 2450 4196 Θεοῦ
2503 4148 2593 4195 καὶ
2651 4143 2929 4215 ἀνθρώπων
2986 4141 3314 4216 ἐπίπροσθεν,
3375 4140 3570 4214 ἐμαυτῇ
3631 4146 3762 4216 μόνη

2154 4231 2460 4308 προσλαλεῖν
2517 4238 2607 4284 καὶ
2660 4239 2794 4303 Θεῷ,
2856 4230 2962 4283 ἀλλ’
3035 4227 3150 4283 οὐδ’
3212 4230 3614 4305 ἐπιστρέφεσθαι
3664 4251 3766 4304 μη-

2157 4318 2338 4384 δενός·
2375 4320 2482 4374 ἐπεὶ
2540 4317 2590 4374 δ’
2641 4323 2666 4373 ὁ
2717 4319 3018 4394 βασκαίνων
3066 4322 3192 4394 ἡμῖν
3251 4322 3440 4372 ἄνωθεν
3497 4326 3590 4374 καὶ
3646 4321 3766 4375 καθ’

2154 4414 2299 4481 ἡμῶν
2351 4415 2626 4463 τέκταίνων
2692 4409 2769 4462 ἀεὶ
2837 4414 2925 4468 τὴν
3005 4409 3318 4468 Ἐκκλησίαν
3389 4417 3526 4463 Θεοῦ
3580 4406 3764 4463 διετὰ-

2149 4499 2292 4575 ραξε,
2354 4505 2443 4553 καὶ
2506 4497 2672 4552 δεινὸν
2730 4499 2996 4574 ἐπήγειρεν
3042 4499 3171 4573 αὐτῇ
3213 4497 3456 4552 κλὺδωνα
3489 4521 3502 4532 -
3547 4501 3642 4573 ἆγε
3689 4496 3758 4560 δὴ

2097 4584 2103 4591 ’
2149 4594 2402 4663 προῑτέον,
2457 4594 2550 4648 τὴν
2596 4592 2832 4663 ἡσυχίαν
2885 4593 3224 4664 παρορατέον,
3290 4588 3481 4660 ψυχῆς
3539 4585 3762 4662 ἀφειδη-

2147 4683 2260 4733 τέον
2323 4679 2434 4752 ἅμα
2509 4683 2600 4731 καὶ
2686 4684 2950 4752 σώματος,
3006 4681 3132 4754 ὑπὲρ
3211 4685 3302 4731 τοῦ
3367 4683 3760 4750 προαγαγόντος

442 4830 518 4903 (2)
562 4827 914 4910 Teophanes
962 4823 1328 4910 adoannur‘n
1380 4822 1588 4904 Leonis
1623 4823 1708 4910 19,
1757 4823 2037 4910 animad-
2074 4815 2117 4870 D
2147 4823 2355 4910 phiam
2369 4823 2678 4880 autsimile
2692 4821 2933 4896 aliquod
2955 4821 3400 4895 opuslectorem
3428 4819 3759 4878 hicremitti

369 4895 613 4960 versum
641 4895 704 4955 in
743 4914 846 4954 eos
898 4895 1198 4968 praecipue
1225 4896 1327 4964 ait,
1359 4895 1464 4968 qui
1497 4896 1807 4951 sanctitate
1837 4901 1892 4951 et
1930 4896 2031 4952 do-

371 4974 564 5032 ctrina
592 4966 944 5028 clarebant’:
992 4966 1145 5024 adeo
1178 4974 1241 5023 ut
1292 4966 1506 5021 scholae
1532 4982 1654 5023 una
1684 4983 1823 5022 cum
1863 4983 2035 5024 sacra

367 5045 641 5104 doctrina
670 5041 1018 5112 exciderint,
1051 5055 1188 5112 quae
1228 5054 1264 5094 a
1295 5039 1516 5112 saeculo
1548 5040 1605 5095 S.
1661 5039 2051 5104 Constantini,

365 5117 560 5188 Magni
617 5129 808 5188 usque
861 5111 937 5188 de
981 5109 1373 5188 ea—tempor‘a
1427 5109 1773 5188 floruerant,
1835 5113 2032 5188 Graece

371 5181 678 5256 σϐιὲθῆναι,
709 5181 1261 5256 'exstinguerentur.
1309 5181 1603 5256 Profecto‘
1631 5181 1771 5246 (nisi
1810 5181 2030 5256 schola:

365 5259 495 5315 istae
515 5250 682 5314 extra
703 5250 1089 5311 commﬁnem
1114 5253 1330 5308 civium
1356 5251 1786 5308 habitationem
1812 5250 2032 5308 fuerint

410 5331 596 5400 OSith)
626 5329 726 5384 vix
755 5332 846 5382 est
893 5323 1199 5400 credibile,
1241 5323 1492 5400 aedibus
1515 5323 1697 5377 fuisse
1725 5322 2027 5400 subjectas

410 5346 596 5400 OSIUB)
626 5346 726 5384 VlX
755 5346 846 5382 es:
893 5346 1194 5389 creumue,
1241 5346 1473 5379 asuiuus
1515 5346 1697 5377 tuisse
1725 5346 1918 5392 SUUJCt

365 5346 672 5465 ﬂammas,
693 5415 832 5452 cum
854 5396 1082 5451 viciniae
1103 5395 1278 5451 totius
1300 5394 1616 5449 manifesto
1635 5393 1918 5465 periculo.

1045 5441 1402 5542 argumento
1416 5441 1740 5542 historiam
1769 5464 2026 5542 singula-

362 5537 508 5598 rem'
535 5557 698 5598 nunc
727 5540 1028 5604 novimus,
1059 5553 1170 5593 nec
1201 5537 1346 5593 alibi
1377 5538 1610 5592 citatam
1641 5537 1973 5606 reperimus
2008 5554 2020 5592 :

361 5613 588 5672 mirum
636 5616 836 5668 autem
879 5609 1030 5666 foret
1057 5624 1193 5666 eam
1223 5610 1483 5680 auctoris
1514 5608 2022 5680 tetateexstitisse,

358 5699 524 5745 nunc
550 5683 817 5758 ignorari
846 5700 860 5754 ;
887 5695 1076 5755 quare
1113 5679 1194 5740 ad
1243 5679 1622 5755 TheOphanis
1659 5679 2024 5751 chronogra-

2147 4896 2448 4952 existimo.

2216 4967 2630 5040 (QSecurigeri
2645 4967 2863 5022 scilicet
2876 4964 3320 5040 praecedebant,
3337 4962 3751 5040 sequebantur

2147 5037 2456 5110 spatharii.
2509 5038 2625 5094 Sed
2662 5037 2974 5110 quomodo
3019 5037 3079 5092 in
3132 5037 3340 5110 ordine
3391 5037 3750 5110 stipatorum

2144 5104 2445 5180 regiorum
2469 5104 2802 5166 secundum
2818 5109 3016 5164 locum
3037 5109 3299 5165 tenuisse
3311 5104 3646 5180 spatharios
3661 5104 3752 5180 in-

2141 5175 2300 5237 dicat
2324 5183 2354 5239 ἡ
2384 5181 2567 5240 κλῆσις
2591 5183 2618 5236 ?
2659 5180 2938 5252 Suspicor
2965 5195 3090 5252 non
3145 5185 3265 5236 tam
3319 5175 3542 5235 nomen
3593 5175 3750 5233 indi-

2140 5252 2280 5324 cari,
2307 5254 2402 5307 cui
2422 5256 2473 5322 ej
2487 5251 2721 5306 usmodi
2735 5251 2895 5307 notio
2910 5251 3391 5324 haudquaquam
3405 5265 3510 5322 per
3523 5264 3585 5304 se
3604 5263 3749 5305 con-

2133 5323 2345 5394 juncta
2366 5330 2473 5390 est,
2494 5339 2680 5394 quam
2704 5323 3082 5379 matriculam
3098 5322 3326 5394 palatii,
3361 5337 3469 5394 seu
3500 5336 3745 5377 nomen-

2139 5392 2420 5451 claturam
2435 5392 2981 5466 oﬂiciorum,qualis
2996 5392 3209 5466 passim
3224 5395 3282 5449 in
3297 5392 3574 5466 manibus
3597 5395 3741 5458 erat,

2135 5465 2759 5538 indicabatqueoft‘icii
2773 5464 2879 5538 cuj
2891 5464 3077 5538 usque
3099 5466 3394 5538 ordinem,
3414 5464 3745 5538 observan-

2135 5536 2282 5592 dum
2305 5536 2537 5609 quoties
2561 5537 2622 5592 in
2645 5536 2952 5609 publicum
2976 5536 3471 5610 progrediebatur
3486 5537 3746 5607 impera-

2135 5613 2245 5684 tor,
2273 5609 2334 5664 in
2357 5611 2425 5684 iis
2455 5624 2610 5681 quos
2633 5613 2944 5684 προκένσους
2969 5609 3286 5679 vocabant,
3331 5624 3443 5664 nos
3495 5621 3740 5680 proces-

2136 5680 2335 5739 siones
2364 5679 2722 5738 diceremus.

4075 5025 4090 5222 ε

4042 5237 4090 5348 ίς

4071 5416 4090 5518 ⁵

4064 5551 4090 5696 ξ
