4090 6392
379 281 482 336 909

1717 277 1783 332 IN
1827 275 1884 332 S.
1922 273 2392 332 THEODOSIAM.

3635 281 3741 336 910

379 406 517 477 ἡμᾶς
545 407 636 454 καί
665 406 1040 476 προνοουμένου
1088 410 1186 454 τῶν
1243 402 1359 453 καθ’
1391 401 1553 472 ἡμᾶς,
1610 405 1699 452 καί
1749 402 1836 460 τάς
1876 408 1974 450 τῶν

2124 414 2361 470 empore
2376 398 2627 454 insidias
2640 399 2815 454 nobis
2830 403 3082 471 struens,
3103 399 3424 458 Ecclesiam
3447 400 3548 456 Dei
3567 402 3748 473 coepit

378 496 646 567 πρακτέων
728 491 804 544 ἐπ’
864 492 1101 563 ἐσχάτων
1154 489 1375 560 ἀμοιϐὰς
1450 491 1570 561 ἡμῖν
1629 492 1977 561 ταμιεύοντος.

2092 488 2462 560 perturbare,
2491 492 2546 542 et
2577 503 2821 556 gravem
2862 489 3014 545 adeo
3043 493 3252 545 contra
3306 506 3441 546 eam
3491 491 3745 547 excitare

381 586 819 654 tempestatem,
864 586 990 636 tum
1013 597 1157 636 sane
1188 578 1612 652 prodeundum
1638 579 1818 634 etiam
1857 576 2055 644 nobis,
2079 577 2282 648 quieta
2310 579 2596 648 tantisper
2625 577 2747 632 vita
2777 576 3111 633 deserenda
3140 596 3151 632 :
3185 595 3308 634 non
3337 579 3467 636 vitae
3499 596 3749 650 parcen-

381 670 553 736 dum,
586 686 709 727 non
740 670 1011 742 corpori;
1062 669 1219 725 illius
1253 668 1634 741 potissimum
1675 668 1884 738 gratia,
1929 665 2031 738 qui
2053 665 2376 737 pulchrum
2419 667 2533 721 hac
2562 665 2623 720 in
2668 670 2834 738 parte
2867 666 3212 738 exemplum
3260 669 3436 725 nobis
3468 670 3744 742 praebuit,

380 761 606 836 quique
638 776 748 816 nos
790 764 848 815 et
876 764 1085 815 nostra
1126 775 1250 815 non
1294 759 1495 813 minus
1543 758 1696 812 bene
1739 773 1927 830 quam
1975 755 2224 828 provide
2271 754 2585 827 gubernat,
2627 761 2683 813 et
2726 772 2982 828 operum
3012 761 3357 814 n0strorum
3402 759 3742 816 mercedem

381 849 562 907 nobis
581 849 658 906 ad
680 854 1015 905 extremum
1037 852 1234 904 servat
1262 848 1608 920 repositam.

459 939 538 994 ιε’.
578 945 662 1010 Τῷ
707 933 767 990 δέ
793 948 852 1010 γε
909 947 1111 1012 σωτῆρι
1165 945 1278 1008 Θεῷ
1333 939 1499 990 ἐκεῖνά
1542 956 1647 997 πως
1705 943 1804 988 τῶν
1855 933 1990 988 Ψαλ-

382 1036 492 1102 μῶν
546 1026 887 1097 ἀναλεξοψένη
979 1032 1068 1080 καί
1134 1026 1496 1094 ὑπαλλάξασα,
1576 1025 1988 1097 ἀνθωμολογεῖτο

383 1121 473 1170 καί
504 1113 762 1190 διελέγετο
791 1139 805 1152 ·
835 1121 1080 1187 Δίκασον,
1133 1120 1308 1192 Κύριε,
1367 1121 1488 1180 τοὺς
1546 1112 1861 1177 ἀδικοῦντάς
1911 1134 1989 1182 σε,

383 1206 678 1280 πολέμησον
754 1211 873 1267 τοὺς
931 1206 1281 1280 πολεμοῦντάς
1343 1225 1424 1264 σε,
1488 1205 1766 1259 Ἐπιλαϐοῦ
1831 1204 1990 1256 ὅπλου

382 1301 473 1350 καί
506 1298 713 1372 θυρεοῦ,
744 1301 835 1349 καί
862 1295 1122 1355 ἀνάστηθι
1147 1296 1214 1358 εἰς
1238 1301 1332 1354 τήν
1365 1295 1612 1369 βοήθειαν
1632 1305 1726 1357 τῆς
1759 1304 1850 1356 τῆς
1870 1294 1993 1352 κλη-

381 1391 622 1460 ρονομίας
671 1405 788 1442 σου.
867 1383 1007 1439 Ἰδοὺ
1060 1389 1164 1460 γὰρ
1216 1382 1345 1460 ἦραν
1395 1388 1444 1439 οἱ
1515 1385 1818 1458 ἀνομοῦντες
1875 1379 1990 1436 κατ’

388 1477 548 1539 αὐτῆς
604 1476 846 1548 κεφαλὴν,
897 1481 986 1528 καί
1039 1485 1138 1529 τῶν
1191 1485 1294 1528 σῶν
1353 1479 1752 1549 θυσιαστηρίων
1807 1495 1990 1549 κατορ-

387 1586 610 1639 χουνται
653 1567 702 1618 οἱ
755 1562 1008 1632 ἀναιδεῖς,
1057 1571 1147 1618 καί
1175 1568 1240 1618 τὰ
1267 1565 1396 1637 ἅγιά
1439 1585 1533 1622 σου
1581 1563 1895 1638 βεϐηλοῦσιν
1942 1566 1992 1616 οἱ

2175 939 2258 991 15.
2288 935 2384 991 His
2419 935 2608 1006 dictis,
2645 935 2893 992 selectas
2935 935 3242 1009 quasdam
3289 952 3320 992 e
3371 937 3750 994 Psalmorum

2096 1022 2250 1079 libro
2282 1025 2603 1081 sententias
2631 1024 2960 1097 proferens,
2996 1025 3226 1082 alterno
3265 1030 3444 1082 cantu
3471 1029 3591 1082 Deo
3633 1024 3753 1084 Sal-

2099 1112 2288 1168 vatori
2319 1114 2401 1169 ita
2426 1113 2785 1170 concinebat
2816 1130 2886 1171 ac
2934 1113 3337 1172 conﬁtebatur
3359 1115 3624 1182 :Judica,
3645 1118 3756 1172 Do-

2100 1203 2262 1259 mine
2283 1246 2296 1270 ,
2328 1209 2613 1260 nocentes
2631 1219 2748 1273 me,
2765 1205 3488 1277 expugnaimpugnantes
3501 1221 3599 1262 me
3621 1221 3758 1278 :ap-

2100 1293 2404 1366 prehende
2430 1311 2602 1350 arma
2627 1299 2684 1351 et
2716 1299 2976 1363 scutum,
3009 1299 3066 1350 et
3093 1311 3350 1366 exsurge
3398 1296 3461 1351 in
3517 1295 3756 1367 adjuto-

2101 1381 2254 1438 rium
2279 1382 2643 1439 hiereditatis
2664 1387 2801 1439 tuae.
2834 1386 2978 1440 Ecce
3008 1383 3167 1439 enim
3189 1384 3334 1454 legis
3389 1388 3503 1440 tuae
3525 1400 3757 1457 praeva-

2101 1474 2392 1530 ricatores
2420 1477 2627 1530 contra
2657 1478 2712 1529 te
2742 1474 3088 1531 levaverunt
3108 1481 3313 1546 caput,
3361 1475 3760 1548 profanarunt

2103 1563 2304 1635 impiis
2330 1562 2604 1634 tripudiis
2633 1562 2838 1619 altaria
2873 1567 2994 1632 tua,
3034 1567 3091 1619 et
3131 1569 3295 1620 sacta
3329 1566 3431 1620 tua
3478 1564 3757 1620 homines

387 1659 794 1727 παναγίστατοι.
829 1653 966 1708 Ἀλλ’
996 1653 1276 1725 ἐπίσκεψαι
1330 1657 1470 1726 ἡμᾶς
1523 1653 1570 1707 ἐν
1622 1661 1695 1724 τῷ
1747 1659 1989 1728 σωτηρίῳ

2132 1652 2327 1724 mpuri
2357 1667 2426 1708 ac
2457 1651 2724 1708 scelerati
2755 1651 3115 1723 polluerunt.
3145 1653 3258 1708 Sed
3303 1652 3530 1726 respice
3552 1669 3663 1710 nos
3691 1654 3756 1709 in

391 1765 510 1815 σου,
536 1754 627 1798 τοῦ
685 1741 812 1798 ἰδεῖν
842 1745 891 1797 ἐν
922 1752 983 1818 τῇ
1037 1750 1372 1820 χρηστότητι
1418 1753 1515 1798 τῶν
1573 1743 1819 1797 ἐκλεκτῶν
1874 1763 1992 1811 σου,

392 1842 484 1888 τοῦ
544 1834 890 1910 εὐφρανθῆναι
947 1834 993 1888 ἐν
1045 1843 1104 1908 τῇ
1163 1835 1448 1908 εὐφροσύνη
1511 1841 1602 1888 τοῦ
1636 1836 1812 1896 ἔθνους
1876 1846 1997 1886 σου.

392 1925 700 1998 Εὐφροσύνη
753 1921 814 1977 δέ
844 1943 938 1977 σου
987 1933 1059 1996 τῷ
1104 1925 1260 1998 λάχει
1309 1928 1338 1984 ἡ
1384 1934 1482 1978 τῶν
1543 1934 1645 1979 σῶν
1701 1925 1998 1999 σεϐασμίων

399 2015 604 2068 εἰκόνων
680 2017 1055 2090 προσκύνησις,
1121 2017 1150 2073 ἡ
1207 2018 1338 2088 πρὸς
1389 2020 1482 2074 τὴν
1555 2013 1789 2090 ἀρχαίαν
1851 2015 2003 2078 αὖθις

397 2112 497 2157 τῶν
563 2106 708 2158 θείων
752 2113 884 2156 ναῶν
969 2103 1273 2178 εὐπρέπειαν
1363 2103 1745 2180 ἀναμόρφωσις.
1833 2104 2004 2178 Κάμοί

397 2201 484 2244 νῦν
513 2197 603 2245 καί
651 2200 768 2254 ταῖς
841 2194 1178 2266 ὁμογνώμοσι
1252 2196 1466 2255 ταύταις
1537 2197 1650 2266 ἐμοὶ
1720 2199 1811 2246 καί
1881 2196 2003 2266 ὁμό-

399 2303 575 2358 φροσι,
621 2287 748 2357 πρὸς
777 2286 862 2335 τὸν
919 2283 1046 2353 ὑπὲρ
1090 2291 1190 2335 τῶν
1240 2292 1342 2336 σῶν
1393 2285 1540 2336 θείων
1591 2283 1795 2336 εἰκόνων
1850 2278 2002 2336 ἆθλον

396 2375 703 2448 χωρούσαις
756 2376 846 2424 καί
875 2380 967 2432 τῆς
1022 2381 1117 2432 σῆς
1162 2378 1486 2445 παναμὼμου
1531 2377 1749 2447 μητρὸς,
1805 2381 1907 2426 τῶν
1953 2393 2005 2426 τε

397 2462 522 2534 ὑπὲρ
582 2469 677 2515 σοῦ
742 2463 876 2515 κὰτά
930 2457 1212 2536 διαφόρους
1281 2467 1500 2536 καιροὺς
1577 2468 2004 2537 καταπροεμένων

395 2557 454 2605 τὸ
511 2556 625 2626 ζῇν,
657 2557 747 2604 καί
793 2560 893 2604 τῶν
953 2550 1118 2603 ἄλλων
1175 2571 1259 2604 σοι
1317 2552 1796 2625 εὐαρεστησάντων,
1846 2560 2006 2628 χεῖρα

402 2641 653 2716 βοηθείας
698 2641 753 2705 ἐξ
783 2641 936 2713 ἁγίου
991 2660 1083 2694 σου
1136 2647 1546 2718 κατοικητηρίου
1605 2642 1946 2715 κατάπεμψον
1990 2663 2002 2676 ·

398 2733 708 2806 ἐνίσχυσον,
767 2736 890 2805 μόνε
973 2728 1182 2798 δυνατε,
1257 2737 1350 2791 τὴν
1404 2735 1658 2808 ἡμετέραν
1715 2733 2004 2805 ἀσθένειαν,

403 2819 494 2885 δὸς
524 2826 649 2895 ἡμῖν
672 2818 896 2896 δύναμιν
922 2826 1012 2874 καί
1031 2827 1373 2896 κραταίωσιν.

2108 1741 2351 1798 salutari
2403 1745 2505 1797 tuo
2532 1745 2596 1796 ut
2643 1741 2956 1797 videamus
3009 1741 3071 1796 in
3123 1741 3391 1799 bonitate
3435 1741 3761 1799 electorum

2108 1837 2370 1902 tuorum,
2393 1829 2910 1887 utexsultemusin
2930 1829 3133 1886 ltetitia
3159 1831 3349 1902 gentis
3377 1836 3510 1887 tuae.
3541 1831 3764 1889 Laetitia

2106 1937 2290 1994 porro
2320 1925 2423 1977 tua
2451 1920 2512 1976 in
2538 1936 2610 1976 eo
2639 1920 2839 1993 posita
2868 1925 2979 1986 est,
3011 1924 3075 1977 ut
3100 1919 3265 1976 cultu
3294 1924 3351 1978 et
3377 1921 3765 1978 veneratione

2109 2011 2276 2068 omni
2298 2009 2692 2080 dignissimae,
2710 2025 2895 2066 sacrae
2912 2014 3026 2066 tua:
3046 2013 3409 2083 tuorumque
3423 2015 3768 2067 sanctorum

2111 2101 2439 2158 adorentur
2464 2100 2779 2171 imagines,
2811 2105 2994 2173 utque
3065 2099 3403 2157 secundum
3455 2117 3588 2157 eam
3629 2117 3768 2174 quas

2113 2191 2444 2263 antiquitus
2465 2195 2592 2246 erat
2625 2190 2962 2246 decentiam
2991 2189 3218 2262 templa
3246 2189 3460 2247 iisdem
3482 2206 3772 2247 exornen-

2113 2278 2229 2334 tur.
2261 2280 2430 2334 Nunc
2462 2277 2640 2348 igitur
2667 2277 2832 2346 mihi,
2864 2281 2923 2334 et
2947 2278 3178 2335 cunctis
3228 2278 3377 2335 meis
3436 2278 3771 2349 sodalibus,

2113 2383 2307 2424 unum
2331 2383 2572 2423 mecum
2597 2366 2880 2440 idemque
2912 2367 3326 2438 sentientibus,
3378 2384 3639 2442 quasque
3665 2383 3776 2441 pro

2116 2472 2430 2515 sacrarum
2463 2456 2823 2527 imaginum,
2844 2473 2956 2530 pro
2978 2457 3186 2514 matris
3240 2461 3353 2514 tute
3411 2457 3770 2530 purissimas,

2114 2562 2224 2620 pro
2256 2561 2464 2602 eorum
2493 2546 2596 2619 qui
2619 2545 2795 2603 variis
2825 2545 3198 2619 temporibus
3225 2547 3414 2604 vitam
3471 2547 3557 2604 tui
3592 2562 3777 2604 causa

2115 2640 2172 2692 et
2201 2635 2561 2706 sanguinem
2587 2634 2945 2706 effuderunt,
2967 2650 3077 2707 pro
3109 2635 3367 2693 aliorum
3396 2635 3656 2709 denique
3669 2636 3775 2709 qui

2115 2740 2364 2798 quoquo
2391 2723 2575 2780 modo
2606 2725 2758 2794 grati
2780 2723 2885 2779 tibi
2911 2725 3259 2780 exstiterunt
3301 2725 3552 2790 honore,
3591 2730 3774 2784 certa-

2117 2830 2258 2871 men
2282 2828 2521 2869 mecum
2539 2813 2740 2870 subire
2763 2813 3011 2870 minime
3054 2813 3386 2871 detrectant
3417 2833 3430 2882 ;
3462 2814 3658 2883 nobis,
3683 2816 3772 2871 in-

403 2928 610 2985 quam,
639 2911 938 2968 universis
967 2911 1169 2968 auxilii
1203 2912 1286 2968 tui
1334 2911 1645 2969 dexteram
1685 2929 1759 2968 ex
1806 2910 2154 2969 habitaculo
2187 2909 2287 2960 tuo
2319 2906 2526 2960 sancto
2569 2902 2846 2974 porrige;
2879 2902 3291 2960 inﬁrmitatem
3337 2908 3628 2973 nostram,
3669 2904 3777 2978 qui

412 3000 574 3058 solus
604 3004 795 3072 potes,
818 3000 1148 3069 conﬁrma;
1183 3001 1399 3072 largire
1428 3002 1585 3058 vires
1607 3007 1664 3058 et
1699 3001 2130 3059 fortitudinem.

480 3089 563 3154 ιζ’.
594 3097 716 3152 Ταῖς
743 3087 802 3144 δέ
823 3111 879 3164 γε
925 3095 1018 3144 σὺν
1077 3092 1208 3165 αὐτῇ
1266 3097 1355 3144 καί
1404 3096 1523 3165 περί
1571 3092 1735 3151 αὐτὴν
1784 3101 2007 3146 τοιαῦτα
2048 3095 2088 3150 C

408 3178 668 3240 δήπουθεν
736 3186 1058 3255 προηγόρευε
1122 3224 1136 3240 .
1192 3188 1299 3236 Νῦν
1375 3185 1553 3258 καιρός
1604 3179 2006 3258 εὐπρόσδεκτος,

403 3279 492 3324 νῦν
532 3272 702 3344 ἡμέρα
737 3277 1020 3345 σωτηρίας.
1074 3267 1448 3344 Ἐνδυσώμεθα
1499 3272 1634 3326 ὅπλα
1672 3281 1764 3326 τοῦ
1796 3277 1963 3341 φωτός
1995 3295 2006 3306 ·

404 3363 541 3414 κατὰ
589 3368 691 3413 τῶν
718 3360 924 3435 ἐχθρῶν
954 3369 1046 3421 τῆς
1089 3359 1330 3422 ἀληθείας
1379 3368 1730 3437 χωρήσωμεν.
1778 3365 2014 3423 Θάνατος

405 3452 532 3523 ἡμῖν
592 3454 861 3524 πρόκειται
907 3471 919 3483 ·
970 3453 1042 3522 μὴ
1100 3450 1566 3526 φιλοψυχήσωμεν.
1643 3455 1868 3506 Βάσανοι
1912 3455 2013 3528 πρό

409 3541 631 3593 θανάτου
666 3544 756 3592 καί
791 3538 1120 3612 κολαστήρια
1148 3562 1160 3573 ·
1188 3545 1260 3612 μὴ
1324 3537 1667 3614 δειλιάσωμεν
1711 3539 1852 3616 μηδὲ
1919 3561 2016 3613 φο-

408 3629 646 3703 ϐηθῶμεν
689 3633 812 3691 τοὺς
851 3631 910 3682 1'6
961 3637 1114 3702 σῶμα
1159 3633 1249 3702 μεν
1291 3629 1615 3702 ἀποκτεῖναι,
1669 3636 1760 3690 τὴν
1813 3627 1873 3684 δὲ
1916 3630 2018 3702 ψυ-

407 3723 515 3792 χὴν
565 3725 637 3791 μή
721 3717 1066 3793 παραϐλάψαι
1125 3715 1456 3792 δυναμένους,
1527 3721 1591 3781 ὠς
1641 3722 2018 3794 προσετάχθη-

409 3828 520 3882 μεν.
547 3807 616 3862 Ἠ
646 3811 748 3882 γὰρ
774 3808 834 3860 οὐ
859 3816 950 3869 τῆς
966 3811 1217 3882 ἡμετέρας
1249 3811 1446 3881 φύσεως
1477 3809 1699 3871 ἐτύσεως
1728 3801 2019 3882 ἐτύγχανον

411 3894 568 3951 οὖσαι
593 3899 649 3950 αἱ
678 3899 868 3950 ἄνωθεν
898 3901 988 3949 καί
1046 3895 1133 3949 ἀπ’
1188 3897 1352 3958 αὐτῆς
1400 3906 1490 3960 τῆς
1535 3902 1660 3974 πρὸς
1719 3897 2021 3972 ἀνθρώπους

411 3984 696 4060 ἐπιδημίας
750 3994 882 4041 Θεοῦ
931 3988 1058 4063 ὑπὲρ
1115 3994 1248 4041 Θεοῦ
1319 3993 1410 4040 καί
1462 3995 1562 4040 τῶν
1610 3990 1756 4042 θείων
1817 3990 2018 4061 θεσμῶν

413 4073 775 4136 διαθλήσασαι
828 4094 842 4144 ;
890 4074 1067 4150 Ἰσμεν
1130 4081 1248 4137 τοὺς
1303 4085 1398 4139 τῆς
1446 4080 1887 4152 πρωτομάρτυρος
1927 4081 2021 4130 Θε-

412 4165 538 4228 κλης
587 4164 789 4238 ἀγῶνας
841 4170 930 4218 καί
988 4167 1054 4218 τὰ
1121 4165 1470 4238 παλαίσματα
1546 4184 1558 4196 ·
1594 4165 1690 4218 οὐκ
1739 4164 2021 4239 ἀγνοοῦμεν

413 4259 537 4318 τοὺς
593 4263 689 4316 τῆς
736 4260 1000 4331 μακαρίας
1052 4255 1241 4318 ἄθλους
1296 4255 1587 4330 Βαρϐάρας,
1633 4259 1755 4318 τοὺς
1791 4264 1884 4316 τῆς
1911 4275 2023 4328 γεν·

414 4352 564 4408 ναίας
621 4347 860 4421 Εἰρήνης,
915 4350 1036 4408 τοὺς
1082 4351 1174 4408 τὴς
1230 4347 1610 4421 μεγαλόφρονος
1659 4346 1853 4411 ἐκείνης
1906 4355 2022 4401 Μα-

2193 3084 2276 3139 16.
2303 3081 2525 3138 Exinde
2556 3080 2636 3138 ad
2665 3080 2924 3138 soldales
2950 3084 3108 3151 jsuas
3133 3099 3446 3155 conversa,
3481 3082 3644 3142 hisce
3673 3099 3777 3143 eas

2117 3173 2372 3231 vocibus
2395 3177 2482 3229 est
2503 3172 2802 3229 allocuta:
2839 3175 3007 3229 Nunc
3042 3178 3300 3246 tempus,
3334 3189 3778 3242 sorores,acce-

2119 3263 2368 3337 ptabile,
2404 3277 2566 3319 nunc
2621 3278 2758 3318 vere
2797 3261 2924 3318 dies
2971 3268 3111 3320 sunt
3167 3262 3394 3320 salutis.
3451 3264 3783 3323 lnduamur

2124 3369 2296 3411 arma
2319 3352 2489 3420 lucis,
2522 3356 2579 3409 et
2597 3352 2890 3409 adversus
2917 3353 3412 3426 hostesveritatis
3434 3354 3781 3428 progredia-

2121 3460 2281 3502 mur.
2319 3445 2470 3500 Mors
2506 3442 2683 3498 nobis
2701 3447 2787 3498 est
2807 3445 3120 3516 proposita
3145 3444 3300 3500 :vitac
3320 3445 3782 3515 igituramorem

2121 3532 2356 3589 nullum
2388 3531 2804 3604 praeferamus.
2830 3531 3137 3589 Cruciatus
3157 3537 3414 3590 mortem
3441 3533 3784 3605 prmcedent

2124 3639 2194 3679 ac
2207 3621 2522 3694 supplicia,
2539 3620 2646 3676 sed
2662 3637 2784 3677 non
2798 3625 3144 3693 terreamur,
3167 3637 3364 3694 neque
3386 3621 3782 3681 formidamus

2125 3727 2229 3768 eos
2253 3712 2359 3783 qui
2389 3710 2625 3783 corpori
2653 3709 2902 3782 quidem
2943 3715 3194 3766 mortem
3216 3707 3446 3778 afferre,
3480 3709 3587 3768 sed
3653 3712 3782 3769 ani-

2126 3816 2291 3856 mam
2320 3803 2594 3855 nostram
2616 3797 2834 3854 laedere
2846 3798 3252 3856 nullaratione
3277 3805 3784 3873 possunt;quem-

2128 3888 2462 3951 admodum
2488 3887 2833 3961 praecipitur
2879 3887 3075 3944 nobis.
3140 3888 3423 3961 Nunquid
3468 3890 3629 3946 enim
3671 3907 3782 3948 na-

2128 3982 2274 4034 turae
2309 3982 2528 4034 nostra;
2545 3982 2852 4033 consortes
2879 3994 3000 4034 non
3039 3981 3279 4034 fuerunt
3325 3979 3612 4036 sublimes
3653 3980 3782 4038 istae.

2131 4067 2370 4136 animae,
2385 4083 2522 4140 quae
2538 4066 2701 4139 apud
2716 4082 2964 4140 superos
2979 4066 3161 4124 modo
3173 4074 3508 4138 versantur,
3526 4085 3787 4144 quaeque

2131 4157 2210 4214 ab
2242 4156 2374 4228 ipso
2402 4156 2502 4212 Dei
2523 4156 2583 4211 in
2614 4159 2803 4212 terras
2835 4155 3101 4213 adventu
3121 4173 3230 4230 pro
3277 4160 3394 4214 Deo
3448 4159 3788 4233 divinisque

2131 4245 2368 4316 legibus
2400 4245 3080 4313 decertarunt?’l‘hecl£e,
3101 4246 3252 4303 inter
3266 4252 3561 4321 martyres
3581 4249 3790 4322 primae

2135 4351 2362 4406 agones
2383 4339 2440 4392 et
2492 4335 2822 4392 certamina
2848 4337 3182 4393 novimus:
3242 4355 3365 4394 non
3423 4340 3790 4398 beatissima:

413 4441 582 4511 ρίνης,
621 4435 651 4495 ἢ
700 4440 791 4488 καί
841 4439 1112 4512 τυράννοις
1159 4434 1400 4509 ἀντέστη,
1459 4441 1547 4490 καί
1587 4435 1810 4511 δαίμοσι
1856 4456 2012 4512 προσ-

2136 4425 2435 4496 Barbarae,
2464 4441 2587 4481 non
2616 4440 2923 4495 generosas
2952 4429 3170 4495 Irenes,
3229 4444 3353 4484 non
3384 4431 3795 4500 magnanimae

419 4525 685 4597 πάλαισε,
740 4531 827 4579 καί
862 4525 1078 4601 λαμπρά
1133 4526 1250 4579 καθ’
1311 4526 1561 4601 ἑκατέρων
1645 4529 1836 4586 ἔστησε
1907 4531 2025 4601 τρό-

423 4636 572 4675 παια.

494 4795 579 4858 ιζ.
633 4799 832 4870 Μικρὸν
879 4797 968 4864 μὲν
999 4798 1129 4856 ἴσως
1155 4790 1302 4848 δοκεῖ
1355 4815 1470 4848 τισι
1518 4799 1578 4848 τὸ
1632 4796 1955 4869 τολμώμενον
2011 4817 2024 4830 ο

422 4885 528 4940 ἀλλ’
553 4889 670 4940 ἴστε
699 4889 835 4960 μέγα
858 4889 1018 4938 κακὸν
1070 4888 1129 4938 τό
1183 4887 1326 4958 ποιρά
1378 4888 1497 4946 τούς
1559 4893 1657 4949 τῆς
1715 4885 2030 4948 Ἐκκλησίας

422 4979 644 5050 θεσμοὺς
702 4977 983 5048 ἀπανοαχῆ
1052 4981 1140 5027 νῦν
1195 4973 1577 5050 ἐνεργούμενον.
1632 4977 1701 5028 Τὸ
1769 4978 1872 5051 γάρ
1951 4995 2031 5028 τοι

421 5067 516 5129 τὰς
572 5067 712 5128 θείας
750 5062 1046 5137 ἀπαλείφειν
1091 5064 1312 5130 εἰκόνας,
1357 5069 1448 5117 καί
1510 5066 1631 5126 τούς
1697 5067 1864 5137 ἱεροὺς
1909 5069 2033 5128 νεὼς

425 5153 839 5229 ἀχρειοῦν,ὄλην
888 5153 1060 5218 ἁπλῶς
1109 5161 1394 5228 παραποιεῖ
1441 5159 1534 5213 τήν
1582 5153 1866 5220 εὐσέϐειαν,
1917 5154 2032 5207 ὅλον

425 5243 595 5298 ἀθετεῖ
649 5247 708 5298 τό
760 5251 851 5305 τῆς
889 5242 1326 5320 ἐνανθρωπήσεως
1367 5251 1459 5298 τοῦ
1501 5251 1634 5298 Θεοῦ
1656 5247 1746 5296 καί
1801 5251 2034 5318 Σωτῆρος

427 5339 739 5410 μυστήριον.
789 5332 929 5388 Ἀλλ’
969 5333 1012 5387 εἰ
1063 5338 1151 5386 καί
1186 5336 1372 5408 μικρὸν
1426 5330 1506 5400 ἦν,
1554 5335 1746 5387 ὁπόσον
1799 5335 1931 5402 ἐστί,
1976 5337 2035 5387 τὸ

503 5533 578 5604 (5)
609 5531 914 5603 Coluntur,
944 5531 1008 5604 ,S.
1030 5529 1297 5604 Barbara
1319 5533 1353 5586 4
1379 5529 1742 5604 Decembris,
1787 5532 1842 5588 S.
1864 5531 2038 5604 lrene

439 5609 468 5662 5
506 5601 658 5676 una,
697 5604 753 5660 S.
819 5601 1059 5672 Marine,
1105 5601 1325 5660 Latinis
1372 5601 1825 5675 Margarita,20
1853 5603 1990 5659 Julii
2023 5620 2036 5659 :

2136 4515 2295 4571 illius
2319 4514 2554 4572 Marium
2580 4516 2656 4586 (5)
2683 4515 3037 4584 ignoramus
3074 4517 3303 4588 praelia,
3336 4535 3472 4592 quae
3522 4519 3798 4592 tyrannis

2134 4604 2360 4678 pariter
2388 4608 2446 4660 et
2464 4603 2845 4662 daemonibus
2861 4605 3163 4679 opposita,
3197 4607 3527 4678 gloriosum
3540 4608 3615 4666 de
3628 4609 3794 4666 utris-

2136 4710 2255 4767 que
2287 4697 2579 4766 tropaeum
2617 4695 2844 4767 posuit.

2212 4788 2295 4838 17.
2328 4783 2535 4854 Exigui
2561 4782 2830 4840 fortassis
2858 4785 3148 4841 momenti
3180 4785 3551 4858 quibusdam
3588 4787 3796 4844 videa-

2137 4875 2236 4928 tur
2283 4870 2399 4927 ista
2443 4870 2812 4928 nefariorum
2869 4872 3187 4929 hominum
3233 4873 3648 4931 machinatio:
3688 4875 3797 4932 sed

2137 4976 2246 5017 vos
2291 4959 2470 5030 longe
2520 4960 2736 5018 melius
2778 4961 3081 5031 institutae,
3141 4961 3291 5018 illud
3328 4965 3556 5035 optime
3611 4963 3796 5032 scitis,

2137 5067 2261 5108 non
2295 5051 2594 5108 mediocre
2624 5068 2754 5108 esse
2803 5051 3057 5122 malum,
3098 5053 3263 5126 quod
3307 5057 3518 5111 contra
3568 5058 3800 5112 veteres

2140 5139 2409 5196 Ecclesiae
2423 5141 2761 5198 sanctiones
2774 5141 2932 5215 impii
2947 5142 3168 5216 ubique
3183 5159 3342 5199 nunc
3357 5144 3797 5214 suntaggressi.

2142 5230 2384 5288 Divinas
2414 5231 2576 5288 enim
2609 5230 2926 5302 imagines,
2978 5231 3140 5289 calce
3197 5231 3437 5305 oblitas,
3495 5249 3568 5290 ex
3610 5233 3802 5291 oculis

2146 5319 2368 5389 tollere,
2392 5325 2448 5378 et
2469 5336 2640 5378 sacra
2667 5320 3184 5394 templaint‘ormia
3208 5338 3280 5380 ac
3300 5322 3534 5382 inutilia
3553 5323 3806 5382 reddere

2147 5519 2435 5662 guaspP.
2459 5517 2833 5592 praecipuam
2856 5519 3624 5594 venerationemhabuisse,
3665 5520 3810 5581 alibi

2192 5621 2491 5662 00111111118.

2192 5621 2491 5664 00111111118.
