2045 3202
234 154 284 181 9H

828 151 1059 180 CONSTANTINI
1077 150 1322 180 ACROPOLITIE.

1863 159 1915 185 912

233 214 308 252 quid
321 213 404 243 aliud
418 215 465 242 est
488 221 582 250 quam
595 213 747 249 pietatem,
772 222 866 250 quam
882 214 1044 249 religionen

1116 216 1161 239 καί
1180 217 1272 251 μικρὸν
1287 224 1313 240 τι
1336 216 1415 251 νόμου
1441 215 1591 252 παραϐῆναι
1610 219 1654 242 καί
1679 217 1788 253 ἐντολῆς,
1820 219 1832 244 ὁ
1863 223 1914 245 Σω-

232 266 356 287 omnem
362 260 492 286 evertere
499 257 643 291 funditus,
654 260 682 285 et
694 258 869 286 universum
876 259 1058 286 incarnatio-

231 303 279 331 nis
287 303 396 331 divinae
403 302 581 339 mysterium
588 302 678 331 inane
685 303 810 331 reddere
817 305 907 339 atque
917 303 1034 331 nullum
1044 303 1058 331 ?

230 349 266 376 At
277 348 426 377 faciamus
440 347 527 384 parvi
541 347 626 384 quod
654 350 811 375 conantur.
837 348 945 380 Quanti
957 350 1058 376 tamen

229 392 304 421 illud
315 392 488 422 faciendum
501 392 539 421 sit
553 392 637 429 quod
647 392 692 420 vel
698 392 844 421 mediocre
857 392 1010 429 quidpiam
1020 392 1058 421 de

228 437 405 473 legedivina
411 437 598 466 etmandatis
604 436 794 473 infringatur,
807 437 944 465 Salvator
956 439 1059 465 noster

229 489 266 511 ac
274 482 658 511 Dominusinsacrosanctis
671 481 837 516 Evangeliis
848 481 960 518 docuit,
975 482 1057 510 viam

227 526 419 564 prefectionis
431 527 522 555 unius
533 526 594 555 iota.
612 526 762 563 uniusque
777 526 871 563 apicis
887 527 984 562 rigore
1000 527 1056 555 cir-

230 571 437 601 cumscribens
443 592 449 600 .
455 572 521 600 Jam
529 579 600 600 vero
606 579 699 607 quam
707 570 873 606 gloriosum
880 571 942 604 erit,
951 571 975 599 si
981 571 1055 599 divi-

227 625 333 646 narum
338 616 435 653 legum
440 624 479 645 ne
485 616 634 645 minimam
640 615 764 653 quidem
771 618 887 652 partem
893 616 1055 652 infringere

228 663 439 691 sustineamus.
449 661 581 690 Illustres
588 660 743 697 quondam
749 660 921 694 Machabsei,
931 669 986 688 nec
993 669 1055 689 non

226 706 404 736 beatissima
422 706 542 735 illorum
566 708 672 740 mater,
697 708 861 742 praesentes
889 705 1052 734 assistunt:

225 751 315 789 quale
328 751 370 780 illi
391 751 565 787 exemplum
591 750 788 779 observandae
815 750 889 786 legis
919 750 1055 779 similiter

224 796 380 825 certaturis
390 795 576 832 reliquerunt
593 795 607 823 ?
618 795 759 823 Porcinas
774 802 879 823 carnes
905 795 1004 823 solum
1021 798 1053 823 ut

223 843 390 878 gustarent,
406 849 425 870 a
439 843 569 878 tyranno
590 840 751 876 compulsi,
764 847 825 868 non
841 840 934 868 modo
950 840 977 868 ei
990 848 1053 869 non

1115 261 1163 297 τὴρ
1194 260 1266 295 ἡμῶν
1289 262 1334 285 καί
1361 263 1493 291 Δεσπότης
1522 260 1546 286 ἐν
1565 265 1620 292 τοῖς
1641 261 1809 298 Εὔαγγελίοις
1823 261 1914 290 ἐδιδα-

1115 303 1163 337 ξεν,
1183 304 1217 334 εἰς
1239 303 1262 330 ἓν
1277 304 1340 329 ἰῶτα
1354 307 1398 330 καί
1428 307 1489 341 μίαν
1522 308 1626 343 κεραίαν
1644 308 1670 332 τὸ
1697 306 1789 333 τέλειον
1813 317 1913 345 περιγε-

1112 351 1216 384 γραφὼς
1234 359 1240 365 ·
1270 348 1362 378 ἡλίκην
1386 359 1413 376 τε
1439 352 1507 387 φέρει
1530 353 1577 379 τὴν
1600 350 1713 377 εὔκλειαν
1743 353 1771 377 τὸ
1796 355 1832 388 μὴ
1857 352 1912 379 ἀθε-

1112 396 1194 422 τῆσαι
1212 397 1262 419 τῶν
1294 394 1502 430 τεθεσπισμένων
1533 394 1625 432 βραχὺ
1649 396 1673 421 οἱ
1694 400 1807 431 γενναῖοι
1833 397 1912 424 πάλαι

1111 437 1289 472 Μακκαϐαἰοι,
1314 440 1359 463 καί
1380 441 1445 475 πρός
1467 449 1497 474 γε
1513 440 1526 468 ἡ
1543 442 1661 477 μακαρία
1688 442 1785 466 τούτων
1811 444 1910 478 μήτηρ,

1111 484 1291 519 παρέστησαν,
1314 485 1358 509 καί
1368 493 1423 514 πως
1445 482 1595 520 ὑπόδειγμα
1620 488 1674 515 τοῖς
1704 484 1811 517 ἐσαῦθις
1838 486 1910 523 ἀκρι-

1111 525 1172 558 ϐοῦς
1199 527 1313 563 φυλακῆς
1340 531 1390 553 τῶν
1427 530 1541 564 νομίμων
1564 528 1783 556 καταλελοίπεσαν
1809 541 1815 547 ·
1841 532 1909 557 ὑείόυ

1109 573 1188 609 κρέως
1208 571 1353 608 ὰπογεῡσαι
1377 574 1453 609 μόνον
1486 572 1701 610 ἀναγκαζόμενοι,
1730 576 1852 611 οὔμινουν
1880 575 1908 602 οὗ

1109 619 1274 651 κατένευσαν,
1307 616 1370 643 ἀλλὰ
1397 620 1442 643 καί
1464 620 1560 655 μυρίας
1586 619 1649 653 ὑπὲρ
1676 617 1756 645 τοῦδε
1778 618 1907 656 βασάνους

1109 663 1261 691 ὑπέστησαν
1278 673 1284 679 ι
1301 665 1346 688 καί
1365 665 1429 700 πυρί
1443 664 1494 700 γὰρ
1512 665 1558 689 καί
1577 661 1680 700 σιδήρῳ
1707 662 1903 701 παραδοθέντες,

1108 709 1153 733 καί
1183 710 1233 733 πᾶν
1271 707 1452 743 ὑπινεγκόντις
1498 706 1593 741 δεινὸν,
1621 706 1751 744 διέμειναν
1778 707 1904 746 ἀπερίτρε-

1107 761 1178 779 πτοι.
1205 754 1287 778 Τοῦτο
1317 750 1351 782 δὴ
1386 751 1410 777 ἐν
1431 756 1465 788 νῷ
1491 751 1649 789 βαλλόμεναι
1676 755 1721 779 καί
1745 754 1829 789 ἡμεῖς,
1862 754 1906 789 ἄγε

1107 798 1171 835 πρὸς
1199 798 1241 823 τὸν
1273 796 1336 834 ὑπέρ
1365 801 1414 829 τῆς
1439 797 1570 829 εὐσεϐείας
1596 795 1673 824 ἆθλον
1703 799 1769 834 μετὰ
1797 799 1909 836 θάρσους

1109 839 1315 878 ἀποδυσώμεθα,
1346 843 1499 878 σπεύσωμεν
1527 843 1627 878 φθάσαι
1654 844 1698 869 τὸν
1724 847 1910 881 κατιπιχαιρῆ-

223 886 430 920 obediverunt,
459 886 513 913 sed
539 885 717 914 innumeros
749 892 872 921 quoque
892 888 1044 921 propterea

1109 896 1154 913 σαι
1174 885 1331 923 βουλόμενον
1359 890 1405 918 τῆς
1433 887 1503 917 Θείας
1524 890 1570 914 τοῦ
1591 890 1709 926 Σωτῆρος
1720 888 1817 920 εἰκόνος
1846 897 1910 915 σπα-

222 931 373 961 cruciatus
386 931 615 960 sustinuerunt:
635 930 759 966 ignique
787 937 822 958 ac
848 929 927 958 ferro
954 931 1052 959 traditi

1108 932 1198 968 θάριον
1206 953 1212 959 .

222 978 251 1005 et
263 977 534 1013 quantumcunque
550 975 655 1010 gravia
668 974 828 1003 tolerantes
848 977 1006 1011 tormenta,
1023 976 1194 1005 inconcussi
1203 978 1443 1012 perseverarunt.
1456 978 1540 1005 Nunc
1550 977 1641 1012 igitur
1655 979 1682 1005 et
1705 985 1771 1011 nos,
1798 977 1911 1006 illustre

221 1020 299 1050 adeo
309 1019 482 1057 exemplum
490 1022 590 1048 mente
603 1019 765 1055 animoque
778 1022 943 1054 versantes,
962 1020 1002 1048 ad
1017 1020 1177 1057 pulchrum
1192 1029 1246 1057 pro
1260 1021 1402 1057 religione
1413 1024 1564 1050 certamen
1578 1022 1772 1050 subeundum
1783 1022 1911 1051 ﬁdenter

221 1065 362 1095 accinctae
376 1072 434 1094 nos
447 1064 651 1099 conferamus,
667 1066 695 1092 et
716 1063 891 1092 festinemus
915 1064 1105 1100 spatharium
1128 1066 1231 1100 istum,
1255 1066 1308 1102 qui
1330 1065 1468 1102 impurus
1492 1074 1603 1094 manus
1635 1066 1665 1094 in
1690 1067 1825 1095 divinam
1852 1066 1913 1095 Sal-

219 1110 333 1141 vatoris
349 1110 443 1139 nostri
455 1109 620 1144 imaginem
634 1110 723 1145 parat
740 1108 872 1144 injicere,
889 1108 1029 1137 cohibere
1049 1117 1068 1138 a
1084 1109 1202 1138 scelere.

257 1156 301 1184 18.
317 1154 458 1191 Humilia,
472 1156 501 1183 et
525 1153 681 1182 confestim
692 1153 732 1182 ad
760 1153 887 1182 Chalcen
913 1153 1028 1181 accedit
1049 1165 1056 1182 :

219 1201 249 1230 et
258 1198 694 1237 (oinsignemanimiﬁduciam
710 1198 731 1234 Ι)
746 1206 818 1227 mox
831 1198 960 1226 utfuitin
975 1197 1054 1226 loco:

221 1244 372 1274 anemine
387 1243 562 1273 mortalium
576 1243 730 1280 prohiberi
745 1251 776 1271 se
800 1250 902 1279 passa,
930 1242 1004 1279 quin
1024 1245 1054 1271 et

218 1288 324 1318 ﬁdenti
338 1288 421 1317 vultu
436 1290 560 1317 cunctos
574 1289 737 1324 praesentes
747 1287 863 1319 intuita,
880 1286 977 1315 scalas
985 1294 1052 1323 ipsa

219 1333 359 1362 omnium
373 1333 475 1370 prima
486 1332 643 1369 arripit,ac
656 1331 822 1366 sodalibus,
845 1331 926 1359 idem
933 1334 964 1359 ut
976 1332 1050 1367 ipsa:

217 1378 341 1413 faciant,
361 1378 476 1407 fortiter
489 1378 626 1414 imperat.
650 1377 705 1410 Qui
730 1376 820 1412 igitur
845 1376 875 1404 in
898 1376 1048 1404 scalarum

218 1424 389 1453 summitate
397 1423 463 1459 jam
482 1422 543 1451 fere
571 1421 754 1451 consistebat
781 1421 905 1458 impius,
930 1429 1047 1449 sacram

220 1467 350 1505 efﬁgiem
380 1470 545 1505 antequam
573 1467 745 1503 corriperet,
761 1466 796 1494 iis
821 1474 975 1502 excussus,
1015 1466 1047 1494 in

217 1513 406 1550 profundum
420 1512 530 1541 inferni
543 1511 678 1546 corruit;
704 1511 838 1546 dejectus
866 1513 910 1539 est
942 1510 1044 1539 enim:

216 1559 246 1587 et
259 1557 313 1595 qui
324 1557 417 1595 paulo
431 1560 501 1586 ante
514 1556 676 1585 insolenter
692 1564 724 1584 se
741 1556 870 1592 jactans,
895 1564 929 1584 os
956 1563 1044 1583 suum
1060 1582 1079 1595 μ

216 1602 248 1631 in
262 1602 370 1631 caelum
381 1602 508 1639 aperire,
524 1603 553 1630 et
574 1601 657 1630 caelis
680 1600 823 1629 omnibus
846 1600 1044 1628 Excelsiorem

215 1647 359 1684 impetere
371 1646 552 1684 blaspheme
578 1646 683 1682 lingua
706 1645 804 1673 fuerat
828 1652 927 1677 ausus,
957 1644 1044 1671 mise-

215 1692 347 1721 randum
362 1694 432 1721 ante
447 1692 552 1721 oculos
577 1691 714 1719 omnium
734 1689 863 1717 cadaver
880 1688 1044 1724 jacuit,se—

215 1736 343 1775 pulturaa
357 1737 448 1766 etiam
459 1737 574 1766 honore
582 1736 731 1772 privatus.
750 1733 916 1769 Repentina
931 1732 1043 1769 quippe

1148 1154 1193 1183 ιη’.
1227 1153 1305 1180 Ταῦτ’
1337 1155 1395 1190 ἔφη,
1424 1155 1499 1191 καίῇ
1529 1156 1612 1191 τάχος
1631 1157 1703 1192 παρὰ
1728 1158 1775 1186 τὴν
1802 1156 1908 1186 Χαλκῆν

1108 1200 1219 1235 γέγονεν.
1257 1197 1325 1225 Ἀλλ’
1348 1198 1368 1223 ὣ
1401 1201 1517 1233 γενναίου
1546 1199 1640 1234 ψυχῆς
1675 1201 1907 1237 παραστήματοςΙ

1108 1243 1201 1269 αὐτίκα
1230 1246 1266 1278 τῷ
1289 1243 1491 1279 παραγενέσθαι,
1532 1242 1600 1279 μηδ’
1628 1243 1683 1274 ἐνὸς
1706 1244 1909 1282 ἒπιστραφσῑσα,

1105 1288 1205 1319 πάντας
1237 1288 1302 1323 ὁμοῦ
1330 1286 1531 1324 παραϐλέψασα,
1569 1292 1617 1319 τῆς
1644 1288 1771 1325 κλίμακος
1806 1289 1914 1328 δράττι-

1104 1341 1157 1368 ται,
1175 1334 1220 1358 καί
1233 1335 1288 1362 ταῖς
1313 1333 1360 1357 σὺν
1389 1331 1453 1368 αὐτῇ
1474 1331 1691 1358 συνεπιλαϐέσθαι
1706 1334 1730 1359 οἱ
1755 1332 1911 1361 διακελεύε-

1103 1386 1157 1405 ται.
1179 1379 1230 1403 Καὶ
1258 1380 1320 1412 γοῦν
1345 1377 1358 1402 ὁ
1377 1378 1503 1413 μετέωρος
1529 1377 1671 1413 τολμητὴς,
1686 1379 1776 1414 πρίνῆ
1805 1388 1832 1404 τι
1860 1384 1909 1410 τῆς

1104 1422 1174 1452 θείας
1188 1421 1282 1452 ιίκόνος
1314 1420 1498 1456 λωϐήσασθαι,
1528 1421 1561 1452 εἰς
1588 1420 1654 1457 ᾅδου
1683 1421 1816 1459 βάραθρον
1845 1433 1908 1449 κατ-

1101 1468 1230 1496 ενήνεκται
1259 1477 1265 1483 ·
1291 1468 1381 1492 πίπτιι
1415 1468 1461 1492 καί
1487 1467 1548 1502 γὰρ,
1575 1468 1619 1492 καί
1644 1467 1656 1492 ὁ
1691 1468 1754 1496 τέως
1798 1472 1905 1505 αυριῶν,

1100 1513 1146 1537 καί
1161 1512 1190 1537 τὸ
1220 1513 1306 1547 στόμα
1320 1511 1356 1541 εἰς
1388 1510 1496 1548 οὐρανὸν
1524 1511 1634 1547 θέμενος,
1651 1512 1695 1536 καί
1721 1512 1764 1537 τὸν
1797 1512 1906 1550 ὑπιρου-

1099 1557 1188 1591 ράνιον
1213 1556 1335 1592 ἄντικρυς
1368 1554 1544 1591 βλασφημῶν,
1577 1559 1673 1591 πτῶμα
1697 1553 1829 1585 δύστηνον
1863 1558 1903 1592 γέ-

1098 1609 1167 1635 γονε,
1203 1598 1268 1635 μηδ’
1299 1600 1407 1635 ἐκφορᾶς
1441 1599 1592 1635 ἀξιούμενος
1618 1620 1624 1627 ,
1649 1600 1662 1625 ὁ
1685 1600 1736 1638 γὰρ
1761 1600 1901 1637 ἀπρόοπτος

1100 1644 1210 1673 θάνατος
1223 1645 1285 1674 τοὺς
1303 1645 1363 1680 περί
1385 1643 1463 1669 αὐτὸν
1479 1641 1630 1680 διεθρόησι,
1658 1646 1704 1670 καί
1729 1643 1806 1671 ἀλλον
1830 1645 1899 1671 ἀλλοι-

1097 1691 1151 1724 χοῡ
1165 1686 1332 1720 διεσκέδασε,
1353 1690 1400 1717 τήν
1418 1696 1445 1714 τε
1472 1688 1605 1724 μακᾰρὶαν
1628 1690 1735 1720 καὶτὰς
1763 1691 1810 1716 σὺν
1835 1690 1897 1726 αὐτῇ

1097 1734 1184 1763 πάσας
1199 1732 1332 1770 ἐλευθέρως
1343 1731 1421 1761 ἀνῆκε
1435 1734 1482 1761 τὴν
1498 1733 1537 1759 ἐπ’
1550 1732 1622 1759 οἰκου
1637 1735 1809 1771 πορεύεσθαι.

213 1781 347 1811 hominis
375 1782 482 1811 nefarii
509 1780 626 1817 punitio
655 1786 761 1806 omnes
792 1777 844 1814 qui
870 1777 1041 1814 spectaculo
1069 1776 1237 1812 interfuere,
1265 1777 1406 1805 attonitos
1431 1776 1572 1809 reddidit,
1599 1779 1689 1814 atque
1722 1778 1816 1807 alium
1844 1778 1899 1807 alio

212 1825 282 1856 fecit
293 1827 474 1861 abscedere;
489 1825 532 1854 ita
546 1825 577 1852 Β.
587 1822 763 1852 Theodosia:
778 1824 808 1851 et
820 1822 935 1850 cunctis
946 1830 1014 1858 quae
1033 1829 1103 1850 cum
1116 1821 1184 1858 ipsa
1199 1823 1284 1850 erant
1301 1821 1487 1857 viriginibus,
1504 1821 1631 1850 domum
1654 1830 1685 1850 se
1700 1823 1774 1852 tutis
1792 1822 1899 1852 referre

212 1870 305 1901 licuit.

250 1918 294 1946 19.
306 1916 415 1946 Verum
430 1913 514 1952 quod
528 1913 641 1943 factum
666 1913 772 1948 fuerat,
797 1912 888 1941 latere
916 1912 1040 1940 minime

211 1961 310 1998 potuit
321 1958 540 1989 ferocissimum
554 1965 667 1994 regem,
681 1957 734 1994 qui
746 1965 860 1992 magna
875 1965 946 1985 mox
956 1956 1039 1985 rabie

211 2006 243 2035 in
253 2013 355 2035 sacras
366 2005 427 2032 Deo
436 2003 578 2040 virigines
588 2001 939 2036 concitatus,infrenduit.
951 2002 1040 2034 Quid-

211 2049 287 2088 quid
300 2049 391 2085 igitur
412 2048 545 2077 habebat
569 2047 729 2084 supercilii,
764 2047 796 2075 ni
811 2046 852 2075 ita
875 2046 985 2080 dicam,
1007 2046 1039 2074 in

210 2102 308 2123 unum
317 2101 505 2130 congregans
519 2102 526 2121 :
542 2094 596 2121 Per
610 2094 711 2128 caput,
734 2091 841 2127 inquit,
864 2099 965 2119 meum
979 2090 1039 2126 (hic

210 2138 322 2167 scilicet
331 2138 453 2175 regibus
468 2138 586 2175 pridem
600 2137 727 2165 usitatus
740 2135 863 2172 jurandi
892 2143 959 2163 mos
982 2135 1038 2171 est)

208 2183 293 2213 haud
303 2183 444 2221 equidem
451 2182 573 2211 credam
584 2190 621 2210 ex
630 2181 716 2209 vobis
723 2180 855 2217 aliquem
867 2188 970 2208 amare
977 2188 1036 2216 me,

210 2228 235 2256 si
242 2227 290 2256 vel
300 2235 362 2257 una
376 2227 530 2264 quaepiam
545 2235 561 2254 e
574 2225 750 2254 facinorosis
775 2225 839 2253 istis
861 2224 1036 2253 mulieribus

207 2280 318 2301 manus
330 2280 415 2300 meas
429 2271 561 2306 effugiat,
577 2273 629 2299 aut
638 2277 813 2298 nonomnes
822 2270 975 2305 continuo,
1000 2278 1036 2298 ex

208 2317 318 2346 abditis
331 2325 455 2345 suarum
466 2316 579 2344 aedium
593 2316 624 2343 in
632 2314 787 2352 publicum
808 2317 1034 2351 protractw,au-

207 2362 300 2391 daciae
310 2364 401 2391 tantae
416 2369 522 2398 poenas
534 2360 719 2397 persolvant.
734 2360 802 2388 Haec
824 2360 874 2387 vix
901 2359 1035 2388 edixerat

205 2406 379 2444 imperator,
391 2414 461 2435 cum
474 2414 491 2434 e
505 2404 648 2433 ministris
676 2404 739 2440 ejus
755 2404 887 2440 plurimi,
912 2412 967 2441 per
975 2404 1034 2432 alia

205 2452 256 2481 alii
279 2451 363 2481 urbis
386 2451 455 2480 loca
477 2450 617 2487 dispersi,
644 2449 851 2484 religiosarum
881 2449 1032 2484 virginum

204 2497 312 2527 domos
325 2498 353 2526 et
371 2496 454 2525 urbis
467 2495 557 2524 totius
570 2493 754 2524 monasteria
769 2494 950 2530 perscrutari
962 2496 1033 2522 sunt

203 2542 338 2579 aggressi
350 2541 524 2579 nequirent
542 2540 665 2577 quidem
674 2542 702 2568 et
715 2539 790 2567 alias
810 2547 926 2573 omnes,
952 2547 1032 2575 quae-

203 2595 323 2625 cunque
356 2587 476 2622 injicere
504 2586 535 2614 in
560 2584 750 2621 spatharium
765 2592 897 2612 mannus
913 2583 1031 2611 fuerant

202 2640 295 2668 ausae,
317 2631 373 2659 sed
384 2631 505 2659 beatam
519 2630 718 2658 Theodosiam
739 2628 914 2664 cumprimis
944 2636 1029 2656 com—

202 2676 388 2713 prehendere
406 2675 571 2711 cupientes.
589 2675 653 2702 Non
672 2674 751 2702 enim
766 2673 930 2701 mediocria
946 2681 1028 2709 quaa-

200 2728 273 2749 nam
280 2722 332 2749 aut
337 2719 474 2755 vulgaria
479 2719 624 2747 adversus
631 2718 713 2747 illam
725 2717 863 2746 meditari
877 2718 937 2745 suis
944 2718 1027 2745 visus

201 2764 299 2793 fuerat
307 2772 369 2797 rex,
385 2771 479 2800 quam
492 2763 628 2791 omnium
643 2763 775 2799 primam
791 2762 908 2790 facinus
934 2762 1027 2790 fuisse

201 2816 375 2846 aggressam
382 2807 535 2842 didicerat,
542 2810 570 2836 et
576 2807 617 2836 rei
625 2807 713 2836 totius
720 2806 866 2835 exstitisse
882 2813 1007 2835 causam
1014 2827 1021 2834 .

1131 1910 1172 1938 ιϐ’.
1186 1911 1255 1937 Ἀλλ’
1270 1911 1364 1948 ᾖσθιτο
1390 1914 1436 1937 τοῦ
1454 1913 1590 1948 γενομένου
1611 1912 1625 1938 ὁ
1645 1912 1810 1949 θηριὼνυμος
1824 1912 1903 1949 βασι-

1093 1955 1158 1991 λιύς,
1176 1957 1221 1982 καί
1236 1958 1304 1993 μέγα
1315 1966 1341 1982 τι
1354 1958 1399 1982 καί
1423 1957 1514 1994 ἄγριον
1534 1957 1594 1982 κατ’
1615 1956 1700 1982 αὐτῶν
1729 1957 1804 1988 εὐθὺς
1830 1958 1901 1995 ἔϐρυ-

1093 2003 1207 2037 χήσατο.
1229 2003 1405 2037 Συναγηοχώς
1424 2002 1484 2037 γὰρ,
1516 2000 1547 2026 ἶν’
1573 2001 1640 2027 οὕτω
1674 2004 1766 2037 φαίην,
1790 2004 1820 2029 τό
1848 2003 1902 2030 ἔπι-

1094 2046 1208 2079 σκύνιον,
1245 2045 1283 2072 Οὐ
1311 2047 1347 2082 μὰ
1374 2047 1420 2074 τὴν
1447 2044 1520 2081 ἐμὴν,
1545 2046 1641 2082 εἴρηκα,
1670 2046 1782 2082 κεφαλὴν
1812 2048 1898 2083 (τοῦτο

1093 2088 1127 2119 δὴ
1143 2091 1221 2121 τὸείς
1236 2091 1311 2127 ὁρκον
1331 2093 1384 2120 τοῖς
1409 2089 1565 2126 βασιλεῦσιν
1588 2090 1620 2120 ὠς
1644 2089 1686 2116 ἰπὶ
1714 2091 1779 2118 πολὺ
1806 2102 1897 2129 προφι-

1091 2135 1220 2171 ρὸμενον),
1241 2136 1272 2161 οὗ
1290 2135 1348 2160 τινά
1363 2144 1395 2171 με
1421 2134 1500 2170 φιλεῖν
1525 2135 1597 2170 ὑμῶν
1622 2135 1772 2172 ἡγήσομαι,
1800 2137 1822 2163 εἰ
1847 2141 1896 2163 τῶν

1091 2189 1129 2210 τις
1157 2181 1309 2217 κακούργων
1336 2181 1445 2205 τουτωνὶ
1474 2181 1587 2215 γυναίων
1618 2183 1714 2217 χεῖρας
1748 2182 1794 2213 τᾲς
1834 2180 1895 2218 ἐμὰς

1092 2222 1227 2260 διαφύγοι,
1242 2226 1287 2250 καὶ
1299 2225 1334 2260 μὴ
1355 2222 1400 2250 διὰ
1432 2224 1533 2260 τάχους
1558 2223 1586 2250 ἐκ
1614 2228 1663 2250 τῶν
1684 2228 1798 2252 σκοτίων
1827 2230 1895 2262 σφῶν

1090 2268 1239 2305 οἰκημάτων
1273 2269 1515 2306 συναθροισθεῖσαι,
1542 2267 1619 2300 δίκας
1652 2274 1700 2296 τοῦ
1730 2271 1894 2308 τολμήματος

1089 2315 1199 2340 τίσειαν.
1233 2312 1311 2340 Ταῦτ’
1340 2314 1397 2350 ἔφη,
1419 2315 1463 2339 καί
1491 2313 1516 2339 οἰ
1538 2315 1680 2351 παρευθὺς,
1714 2315 1789 2346 ἄλλος
1818 2315 1892 2342 ἀλλα-

1090 2361 1143 2394 χοῖ
1175 2356 1396 2396 διαμερισθέντες,
1430 2359 1463 2384 τὰ
1490 2362 1537 2389 τῆς
1551 2358 1646 2388 πόλεως
1676 2362 1780 2396 σεμνεῐά
1801 2370 1828 2386 τι
1848 2362 1891 2386 καί

1088 2405 1275 2440 φροντιστήρια
1317 2401 1497 2439 διειλήφεσάν,
1537 2402 1728 2436 ἀναζητοῦντες
1766 2406 1811 2441 μὲν
1847 2406 1889 2430 καί

1086 2448 1133 2478 τὰς
1161 2447 1249 2483 οῗλλας,
1271 2448 1333 2474 ὅσαι
1357 2457 1386 2484 γε
1409 2451 1455 2474 τοῦ
1482 2448 1630 2485 σπαθαρίου
1653 2452 1885 2488 κατεπεχείρησαν,

1086 2493 1136 2529 πρὸ
1153 2490 1178 2518 δ’
1192 2492 1273 2519 ἄλλων
1300 2492 1409 2519 ἁπασῶν
1438 2494 1486 2522 τὴν
1511 2493 1643 2529 μακαρίᾶν
1671 2496 1770 2524 ταύτην
1796 2490 1886 2520 Θεοδο-

1087 2536 1146 2563 σίὰν
1171 2548 1177 2554 ·
1207 2537 1254 2563 οὐκ
1277 2537 1354 2573 ὀλίγα
1382 2539 1427 2563 καί
1461 2538 1512 2574 γὰρ
1538 2535 1676 2564 ἰδιαίτάτα
1709 2540 1787 2575 φθαίη
1813 2538 1883 2573 σφίσι

1084 2585 1143 2619 πιρί
1166 2582 1247 2612 αὐτῆς
1286 2581 1438 2617 ἐπισκήψας
1461 2582 1474 2608 ὁ
1501 2581 1636 2619 βασιλεὺς,
1662 2584 1826 2621 πρωτουργόν
1838 2581 1880 2608 ἁτε

1083 2628 1239 2663 μεμαθηκὼς
1249 2629 1294 2652 καί
1317 2628 1346 2652 τὸ
1359 2630 1409 2652 πᾶν
1426 2624 1462 2652 δι’
1475 2626 1559 2657 αὐτῆς
1585 2629 1710 2663 γονέσθαι
1730 2627 1880 2664 διεγνωκώς.

1085 2674 1135 2698 Καί
1151 2670 1184 2700 δὴ
1206 2673 1305 2702 ταύτας
1334 2670 1506 2707 συλλέξαντες,
1521 2672 1556 2703 εἰς
1572 2671 1595 2698 ἓν
1619 2672 1723 2703 ἁπάσας
1747 2673 1881 2710 συνήθροι-

1083 2726 1130 2742 σαν
1147 2727 1153 2733 ·
1172 2718 1219 2742 σὺν
1233 2714 1259 2742 δ’
1279 2716 1396 2747 ἁπάσαις
1409 2719 1455 2745 τὴν
1471 2717 1534 2754 ὑπὲρ
1548 2716 1653 2747 ἁπάσας
1673 2720 1718 2743 καί
1741 2717 1814 2747 ἡλίου
1844 2713 1880 2741 δι-

1081 2771 1129 2791 κην
1152 2760 1263 2799 ἀστέρας
1297 2762 1343 2792 τὰς
1358 2761 1437 2792 ἄλλοις
1475 2762 1711 2798 ὑπιραυγάξουσαν
1738 2764 1816 2798 μέσον
1833 2759 1881 2787 αὖ·

1080 2811 1130 2832 τῶν
1147 2807 1262 2835 ἔστησαν
1275 2809 1318 2833 καί
1329 2810 1365 2842 τῷ
1381 2806 1487 2843 βασιλεῖ
1500 2809 1734 2844 συμπαρέστησαν.
