4090 6386
343 389 448 447 913
1679 388 1750 444 ΙΝ
1791 387 1846 445 S.
1876 389 1925 446 Τ]

2036 385 2350 446 )DOSIAM.
3612 378 3716 436 9M

340 511 816 586 Comprehensas
841 526 984 583 ergo
1009 526 1221 569 omnes
1243 511 1307 569 in
1335 510 1645 585 publicum
1671 513 1893 586 pariter
1912 512 2271 588 protrahunt
2297 530 2310 564 :
2359 509 2468 567 sed
2497 513 2554 567 et
2597 522 2739 565 cum
2767 506 3053 565 omnibus
3084 521 3223 565 eam
3265 519 3534 580 quoque,
3575 519 3717 579 quae

337 601 684 676 praecellens
737 601 1046 670 omnibus,
1077 602 1162 658 uti
1200 601 1290 658 sol
1325 617 1450 676 prae
1507 601 1710 672 stellis,
1756 602 1904 662 alias
1957 602 2284 678 superabat
2319 600 2575 673 fulgore,
2631 598 2903 672 ipsarum
2939 597 3004 654 in
3037 596 3257 669 medio,
3288 611 3496 654 coram
3522 594 3714 669 impe-

336 696 535 750 ratore
560 691 948 750 constituunt.

409 779 477 840 κ’,
528 780 587 835 ⁸0
668 779 728 835 δὲ
773 786 863 834 καὶ
927 785 1060 857 πρός
1122 784 1212 856 μὲν
1287 784 1384 845 τὰς
1462 782 1615 845 ἄλλας
1681 782 1925 858 βλοσυρὸτ

2128 784 2218 839 20.
2252 781 2352 838 Ille
2398 794 2562 850 vero,
2607 777 2671 834 in
2717 775 2870 834 alias
2916 774 3166 848 quidem
3223 789 3436 833 omnes
3471 776 3716 833 torvum

336 869 536 942 ἔϐλεψε,
602 875 712 940 καὶ,
779 868 891 924 Ἵνα
956 874 1029 941 τί,
1095 876 1246 944 φησὶ,
1311 868 1551 931 δύστηνα
1603 874 1813 946 γύναια,
1879 873 1945 934 εἰς

336 966 590 1012 τοσοῦτον
657 960 807 1018 ἣκετε
876 958 1087 1033 τόλμης,
1156 963 1223 1023 ὡς
1297 965 1388 1014 καὶ
1451 969 1757 1036 προσταγῆς
1817 959 1944 1035 ἐμῆς

340 1047 622 1118 ἀλογήσαι,
663 1051 878 1102 καὶτὸν
943 1048 1063 1123 ἐμὸν
1127 1051 1418 1125 σπαθάριον
1465 1051 1570 1124 οὐχ
1621 1053 1701 1104 ὃτι
1753 1070 1814 1123 γε
1851 1057 1942 1104 τοῦ

332 1139 488 1212 ἔργου
524 1135 914 1211 παραποδίσαι,
977 1137 1106 1192 ἀλλὰ
1159 1145 1249 1192 καὶ
1308 1139 1471 1213 βιαίῳ
1526 1142 1725 1213 θανάτῳ
1767 1159 1941 1215 παρα-

331 1227 540 1301 πέμψαι
591 1245 605 1295 ;
667 1232 804 1303 Πρὸς
858 1227 1040 1288 δὲτὴν
1096 1235 1358 1306 μακαρίαν
1411 1233 1606 1290 ταύτην
1648 1227 1942 1285 Θεοδοσίαν

332 1315 688 1392 ἐπιστραφεὶς,
745 1316 856 1370 Οῦκ
923 1317 1098 1381 ἔλαθές
1164 1339 1275 1391 μοι,
1320 1326 1629 1394 κακοῦργον,
1677 1321 1792 1392 ἔφη,
1850 1322 1941 1370 καὶ

331 1411 657 1480 μιαρώτατον
694 1409 908 1478 γύναιον
938 1429 950 1440 ·
985 1407 1078 1459 οῦκ
1130 1409 1368 1479 ἡγνοήσά
1425 1428 1519 1461 σου
1576 1411 1635 1462 τό
1663 1407 1939 1480 ἀλόγιστον

338 1496 544 1569 Θράσος,
578 1495 636 1547 ού
672 1500 765 1554 τήν
811 1495 1112 1572 παράϐαλον
1159 1497 1374 1570 τόλμαν,
1428 1498 1534 1570 οὐχ
1591 1498 1617 1550 ὃ
1677 1502 1794 1570 περὶ
1850 1500 1938 1549 τόν

336 1586 625 1659 σπαθάριον
679 1582 932 1661 ἔδρασας,
983 1592 1073 1641 καὶ
1134 1589 1204 1648 ὡς
1263 1587 1450 1649 ἀνεῖλες
1497 1595 1570 1659 τῷ
1626 1586 1730 1660 ἐμῷ
1775 1607 1938 1660 προσ-

328 1675 562 1747 τάγματι
604 1677 1046 1749 ὑπηρετούμενον,·
1085 1675 1301 1749 Ἔμοιγε
1332 1676 1578 1753 ἀντῆρας,
1639 1675 1754 1730 κατ’
1813 1675 1938 1750 ἐμοῦ

328 1765 420 1823 τὰς
472 1769 657 1837 χεῖρας
708 1764 954 1828 ἐκίνησας
1010 1785 1022 1799 ·
1081 1768 1349 1841 τοιγάρτοι
1400 1763 1686 1828 διαναστὰς
1751 1769 1931 1838 ἔγωγε,

327 1854 424 1914 τὰς
452 1855 578 1928 ὑπὲρ
621 1853 846 1926 ἐμαυτοῦ
901 1852 1054 1918 δίκας
1090 1853 1387 1926 ἀπαιτήσω,
1438 1861 1527 1910 καὶ
1584 1853 1806 1919 δικαίως
1855 1857 1936 1909 ὃτι

325 1938 583 2015 λήψομαι,
631 1947 722 1996 καὶ
770 1947 832 2002 τὴ
893 1943 1068 1996 εἰκότα
1115 1963 1172 1998 σε
1237 1949 1330 2004 τήν
1398 1943 1662 2019 ἀλάστορα
1696 1964 1930 2018 τισομαι,

326 2031 397 2093 ὡς
422 2035 495 2104 μὴ
552 2035 637 2085 τόν
689 2031 1001 2106 βουλόμενον
1058 2041 1158 2086 τῶν
1211 2032 1593 2107 βασιλευόντων
1647 2034 1719 2095 εἰς
1773 2037 1937 2087 νέωτα

2055 871 2317 938 intuens,
2349 872 2419 928 Ut
2448 867 2618 942 quid,
2645 867 2746 936 ait,
2769 864 3034 922 infelices
3059 863 3448 931 mulierculae,
3471 879 3543 922 eo
3566 878 3713 938 pro-

2055 961 2313 1018 cessistis
2334 957 2625 1026 audaciae,
2653 961 2717 1023 ut
2749 971 2872 1014 non
2893 971 3031 1012 mea
3047 953 3234 1012 modo
3262 952 3553 1012 mandata
3571 967 3715 1011 con-

2053 1053 2342 1119 temnere,
2390 1049 2495 1106 sed
2543 1063 2751 1105 meum
2799 1060 3044 1119 quoque
3083 1043 3460 1117 spatharium
3496 1041 3576 1102 ab
3609 1057 3712 1100 eo-

2050 1141 2324 1197 rumdem
2339 1138 2751 1196 mandatorum
2767 1135 3148 1193 exsecutione
3164 1132 3507 1208 prohibere,
3519 1147 3713 1207 neque

2049 1229 2114 1287 id
2141 1229 2358 1297 solum,
2381 1245 2593 1285 verum
2623 1227 2862 1283 funesta
2887 1225 3067 1282 etiam
3097 1226 3289 1280 morte
3333 1222 3536 1281 delere
3585 1236 3714 1281 non

2050 1319 2174 1376 sitis
2204 1319 2403 1375 verita;
2431 1318 2460 1373 ?
2483 1317 2577 1372 Ad
2604 1316 2847 1373 beatam
2877 1312 3096 1371 deinde
3125 1311 3526 1371 Theodosium
3564 1326 3710 1370 con-

2045 1424 2254 1466 versus
2279 1427 2292 1464 :
2327 1411 2476 1474 Non,
2499 1405 2832 1480 inquiebat,
2858 1405 3042 1462 latere
3070 1419 3168 1460 me
3196 1401 3464 1476 potuisti,
3487 1401 3712 1461 facino-

2044 1512 2186 1555 rosa
2206 1501 2262 1554 et
2288 1497 2611 1553 mulierum
2641 1495 2911 1552 omnium
2933 1492 3202 1566 pessima
3232 1509 3246 1548 :
3269 1506 3395 1549 non
3423 1491 3573 1549 mihi
3600 1490 3714 1550 fuit

2047 1586 2254 1656 ignota
2281 1591 2382 1643 tua
2399 1585 2499 1642 illa
2522 1585 2838 1641 infraenata
2855 1581 3165 1655 jactantia,
3188 1597 3313 1638 non
3334 1579 3597 1638 audacia
3620 1579 3710 1638 in-

2047 1676 2250 1747 signis.
2285 1675 2430 1732 Novi
2463 1673 2729 1748 profecto
2751 1671 3048 1746 quidquid
3071 1670 3362 1728 adversus
3388 1669 3706 1728 satellitem

2044 1781 2271 1831 meum,
2301 1768 2356 1821 te
2385 1762 2705 1821 hortatrice
2731 1778 2801 1819 ac
2831 1760 3006 1826 duce,
3025 1763 3263 1832 gestum
3284 1758 3478 1831 fuerit,
3503 1763 3562 1816 et
3580 1774 3708 1834 qua

2044 1853 2276 1911 ratione
2304 1852 2647 1908 ministrum
2658 1850 2837 1921 regiis
2861 1848 3380 1921 obtemperantem
3399 1847 3704 1906 mandatis

2042 1942 2379 2000 interimere
2407 1941 2657 1998 minime
2679 1938 3070 1997 dubitaveris.
3092 1935 3228 1995 Mihi
3257 1952 3398 1994 cum
3418 1952 3490 1994 eo
3518 1936 3706 1995 modo

2044 2048 2196 2090 ausa
2223 2049 2287 2088 es
2319 2029 2646 2097 adversari,
2671 2033 2808 2086 tuas
2839 2029 3051 2085 contra
3077 2025 3381 2100 meipsum
3417 2041 3638 2083 manus
3668 2042 3707 2086 a

323 2123 753 2195 κατεπαίρεσθαι,
793 2119 926 2196 μηδ’
947 2123 1082 2175 οὕτω
1112 2125 1252 2176 κατὰ
1305 2131 1402 2186 τῆς
1454 2122 1632 2200 ἀρχῆς
1679 2120 1925 2176 αύθαδιά·

2043 2125 2099 2178 te
2117 2120 2463 2194 compulsas
2482 2118 2662 2176 fuisse
2678 2118 2956 2189 ignorare
2975 2131 3110 2212 non_
3123 2119 3316 2190 potes.
3336 2117 3504 2173 Nunc
3526 2115 3708 2188 igitur

327 2211 530 2272 ζεσθαι.
576 2209 711 2264 Ἀλλ’
749 2213 914 2264 ἔνεστι
970 2211 1483 2286 μεταϐουλευσαμένη
1530 2217 1619 2266 καὶ
1661 2215 1932 2288 πεισθείσῃ

324 2298 728 2372 συμϐουλεύοντι
757 2300 925 2364 πλέον,
969 2301 998 2359 ἢ
1031 2303 1100 2364 ὡς
1139 2299 1353 2375 βασιλεῖ
1382 2321 1465 2354 σοι
1517 2305 1933 2376 προστάσσοντι,

321 2391 678 2462 περισωθῆναι
708 2393 798 2464 μὲν
846 2387 977 2463 τῇδε
1006 2395 1096 2444 καὶ
1135 2388 1169 2444 δ
1176 2390 1426 2444 ιαϐιῶσαι
1494 2395 1932 2467 περιφανέστατα,

323 2475 426 2532 ἐκεῖ
453 2473 512 2531 δὲ
536 2483 780 2554 γενομένῃ
809 2488 902 2542 τῆς
930 2484 1194 2554 μακαρίας
1233 2479 1428 2543 ἐκείνης
1482 2489 1665 2555 τυχεῖν
1718 2481 1934 2544 λήξεως.

2043 2211 2210 2268 haud
2241 2225 2386 2267 sane
2402 2209 2628 2282 injusto
2657 2207 2980 2266 adversum
2999 2209 3056 2263 te
3084 2205 3283 2263 furore
3309 2220 3704 2277 consurgens,

2045 2315 2155 2372 pro
2188 2299 2425 2357 sceleris
2436 2296 2857 2367 magnitudine
2877 2310 3092 2370 poenas
3101 2309 3419 2368 reposcam
3435 2309 3576 2365 ;nec
3595 2293 3704 2353 mi-

2044 2407 2160 2448 nus
2183 2391 2342 2463 juste
2371 2390 2571 2464 reipsa
2600 2404 2840 2446 sumam
2862 2385 3225 2460 supplicium
3243 2383 3423 2442 simul
3438 2387 3498 2443 et
3512 2384 3704 2444 vindi-

2047 2485 2227 2549 ctam,
2251 2485 2316 2537 ut
2333 2495 2511 2536 nemo
2530 2479 2711 2550 regiis
2736 2493 2870 2535 sese
2876 2476 3062 2550 jussis
3091 2475 3487 2550 imposterum
3515 2490 3703 2549 oppo-

320 2580 484 2638 nere,
525 2566 716 2623 aliave
747 2569 976 2624 ratione
1010 2568 1233 2624 audeat
1287 2574 1496 2626 contra
1526 2569 1858 2643 principem
1917 2568 2146 2625 efferre.
2197 2571 2365 2625 Potes
2413 2572 2616 2624 tamen
2647 2567 2720 2637 (si
2749 2565 2837 2622 vis
2861 2568 3099 2622 mutare
3126 2567 3414 2632 mentem,
3467 2566 3527 2622 et
3561 2579 3705 2622 sua-

319 2653 501 2724 denti,
530 2661 634 2714 aut
657 2657 874 2730 potius,
911 2662 976 2714 ut
1012 2672 1218 2728 regem
1247 2658 1439 2726 decet,
1491 2659 1813 2732 imperanti
1865 2657 2105 2732 parere)
2152 2657 2249 2716 hic
2301 2657 2548 2730 quidem
2593 2654 2814 2713 salvari
2852 2659 2912 2712 et
2961 2652 3449 2729 splendidissime
3475 2653 3702 2727 vivere,

316 2745 379 2802 in
407 2745 594 2803 altero
623 2751 824 2804 autem
856 2746 1073 2804 saeculo
1106 2748 1287 2804 beata
1315 2747 1536 2815 perfrui
1570 2747 1794 2821 requie.

308 2841 313 2845 ’
389 2835 492 2893 κοί.
553 2835 712 2889 Ἀλλὰ
790 2846 895 2898 πῶς
961 2835 1021 2888 ἂν
1106 2837 1264 2901 ἀξίως
1324 2843 1735 2912 παραστήσαιμι
1789 2837 1926 2911 λόγῳ

319 2929 414 2983 τὴν
459 2927 593 2998 μετὰ
635 2926 834 2988 παλλῆς
883 2927 960 2980 ὅτι
1015 2931 1265 2989 συνέσεως
1311 2936 1406 2991 τῆς
1464 2929 1740 3003 Μάρτυρος
1796 2927 1927 2981 ἀπό-

322 3032 499 3088 κρισιν
554 3017 685 3090 πρὸς
745 3020 830 3068 τόν
870 3019 1116 3092 τύραννον
1178 3033 1191 3084 ;
1233 3022 1385 3070 ποίαν
1423 3017 1579 3089 λόγου
1635 3017 1927 3077 πεπλουτη-

319 3107 424 3163 κὼς
471 3099 694 3176 δύναμιν
753 3121 767 3173 ;
819 3106 850 3166 ἣ
899 3106 1088 3179 μᾶλλον
1145 3111 1299 3160 ποίαν
1371 3106 1600 3179 εἰληχὼς
1659 3105 1926 3160 ἐπίπνοιαν

315 3192 526 3263 ἄνωθεν,
559 3189 632 3245 δι’
671 3194 730 3255 ἧς
768 3195 900 3253 αὕτη
928 3200 1020 3248 καὶ
1054 3204 1220 3269 σοφῶς
1275 3194 1606 3272 ἁπεκρίνατο,
1663 3201 1753 3249 καὶ
1811 3215 1927 3250 νου-

313 3290 483 3354 νεχῶς
520 3281 835 3357 ἐπεστόμισε
872 3287 958 3337 τὸν
996 3283 1256 3362 βλοσυρὸν
1315 3291 1409 3346 τὴν
1478 3285 1657 3363 ὀφρὺν,
1703 3289 1791 3340 τόν
1829 3291 1924 3347 τὴν

311 3371 542 3444 γλῶτταν
571 3372 754 3443 πολὺν,
801 3377 888 3427 τόν
932 3376 1174 3451 ἄντικρυς
1230 3382 1499 3429 καταπιεῖν
1560 3375 1722 3434 αύτὴν
1778 3375 1926 3450 βρεν-

315 3463 558 3535 θυόμενον
601 3466 736 3517 κατὰ
771 3467 858 3517 τὸν
907 3463 1202 3518 ἐνοικοῦντά
1257 3468 1326 3536 οἱ,
1382 3469 1469 3518 τὸν
1536 3470 1630 3524 τήν
1681 3474 1782 3538 γῆν
1833 3471 1924 3520 καὶ

2107 2837 2202 2894 21.
2234 2838 2366 2904 Qua
2397 2851 2560 2893 nunc
2581 2850 2695 2908 ego
2718 2833 2960 2892 dicendi
2995 2831 3278 2892 facultate
3328 2831 3703 2907 sapientissi-

2036 2943 2204 2985 mam
2237 2927 2518 2999 martyris
2550 2925 2630 2983 ad
2659 2930 2991 2999 tyrannum
3015 2922 3474 2998 responsionem
3490 2923 3700 2983 inme-

2035 3017 2205 3074 dium
2230 3016 2536 3091 proferam
2561 3016 2590 3071 ?
2627 3031 2753 3090 qua
2778 3013 3106 3072 verborum
3143 3028 3216 3070 ac
3265 3001 3703 3072 sententiarum

2035 3108 2213 3182 copia
2243 3108 2588 3174 instructus,
2620 3105 2715 3162 vel
2745 3105 2948 3179 potius
2973 3119 3098 3178 qua
3127 3103 3203 3162 de
3227 3104 3386 3163 ccelo
3443 3103 3703 3180 inspira-

2035 3198 2196 3256 tione
2222 3201 2564 3255 commotus
2587 3196 2616 3252 ‘I
2641 3211 2748 3270 per
2783 3194 3029 3269 qualem
3059 3193 3282 3252 scilicet
3305 3193 3442 3267 ipsa
3477 3198 3537 3252 et
3562 3207 3703 3268 pru-

2033 3289 2244 3346 denter
2307 3286 2637 3362 respondit,
2699 3289 2758 3342 et
2808 3284 3224 3342 obmutescere
3299 3282 3437 3341 fecit
3506 3282 3697 3358 illum,

2034 3377 2351 3452 supercilio
2382 3376 2642 3433 fcrocem
2671 3379 2728 3432 et
2758 3389 2860 3432 ore
2884 3374 3191 3445 turgidum
3235 3391 3249 3443 ;
3290 3372 3480 3446 illum,
3512 3372 3703 3432 instar

2032 3469 2332 3525 daemonis
2346 3465 2836 3535 seinhabitantis,
2850 3463 3226 3522 frendentem
3249 3479 3322 3520 ex
3342 3463 3598 3522 adverso
3620 3461 3700 3522 ad

313 3550 582 3605 θάλασσαν
612 3551 888 3626 ἐξαλείφειν
946 3553 1300 3630 ἐπαιρόμενον,
1349 3558 1414 3615 ὡς
1468 3554 1576 3607 ἐνόν
1624 3574 1715 3626 μοι
1757 3562 1925 3608 ταῦτα

323 3635 346 3653 α
497 3647 506 3653 .
946 3647 956 3653 .
1022 3647 1033 3653 .
1142 3642 1188 3653 η.
1270 3644 1282 3653 .
1334 3648 1342 3653 .
1516 3643 1528 3653 .
1591 3651 1597 3653 Α
1699 3643 1753 3653 -_

2036 3556 2486 3628 deglutiendam
2517 3555 2734 3628 ipsam,
2759 3558 3104 3626 terramque
3126 3556 3184 3608 et
3209 3567 3378 3652 mare
3422 3567 3494 3652 .se
3518 3566 3700 3626 posse

311 3635 684 3715 διεννοήσομαι
774 3659 787 3709 ;
874 3647 964 3695 καὶ
1009 3647 1078 3705 ὡς
1135 3642 1188 3707 ἐξ
1243 3644 1450 3697 εἰκότων
1508 3643 1625 3719 ἐρῶ.
1697 3643 1921 3716 Ἔγωγε,

309 3736 461 3802 φησὶ,
517 3730 757 3804 βασιλεῦ,
803 3731 858 3784 ἐκ
909 3728 1105 3794 παιδὸς
1152 3733 1298 3794 εὐθὺς
1343 3737 1434 3791 τήν
1499 3735 1743 3804 ἡσυχίαν
1807 3731 1921 3786 ἐπό-

312 3821 474 3890 θησα,
539 3826 630 3874 καὶ
679 3826 740 3880 τὴ
817 3821 944 3894 ἐμὴν
1003 3827 1261 3896 σωτηρίαν
1314 3820 1571 3890 ἐζήτησα,
1619 3826 1708 3874 καὶ
1769 3819 1921 3875 οὐδέν

308 3929 372 3983 με
418 3919 518 3962 τῶν
575 3911 667 3964 τοῦ
724 3916 926 3984 κόσμου
1010 3921 1256 3988 τερπνῶν,
1333 3917 1460 3966 Θεοῦ
1539 3916 1918 3985 συναραμένου,

309 4006 404 4062 τῆς
429 4001 718 4076 προθέσεως
762 4009 1096 4074 μεταστῆσαι
1153 4006 1456 4074 κατίσχυσε
1489 4023 1502 4034 ·
1544 4005 1634 4054 καὶ
1672 4009 1760 4052 νῦν
1807 4003 1922 4054 ἴσθι

306 4095 405 4150 τῆς
445 4092 573 4164 πρὸς
597 4093 726 4143 Θεὸν
758 4089 965 4162 ἀγάπης
1020 4100 1117 4144 τῶν
1184 4091 1423 4144 ἁπάντων
1476 4087 1628 4143 οὐδὲν
1684 4089 1920 4148 ἀποστή-

309 4185 528 4234 σειν.⁴¹0
553 4187 678 4252 γοῦν
708 4178 768 4232 ἆν
809 4183 885 4239 εἴη
945 4200 1028 4234 σοι
1084 4179 1402 4254 βουλομένῳ,
1461 4185 1531 4254 μὴ
1588 4184 1921 4242 κατοκνήσας

305 4269 404 4340 οἶγε
468 4264 535 4328 δή
577 4274 836 4344 πέρανονο
873 4271 1061 4346 σάρκες
1120 4267 1238 4323 ἰδοὺ
1293 4269 1481 4333 ξαίνειν
1541 4270 1702 4333 αὑτὰς
1753 4273 1916 4344 πρόσ-

303 4377 478 4426 ταττε,
524 4358 772 4434 ἁρμονίας
826 4359 987 4432 μελῶν
1055 4357 1309 4432 διασπᾷν,
1369 4359 1502 4413 ὀστᾶ
1564 4359 1917 4427 συνθλάττειν,

302 4446 496 4520 κεφαλῇ
546 4453 640 4506 τήν
693 4453 856 4522 τομὴν
895 4448 1174 4522 ἐπενεγκεῖν
1210 4470 1222 4482 ·
1256 4447 1304 4502 ἐν
1366 4448 1565 4523 βραχεῖ
1609 4469 1762 4522 φημι,
1827 4457 1920 4511 τῆς

303 4533 489 4590 ἐνθάδε
517 4540 654 4601 ζωῆς
687 4543 960 4614 στέρησον,
1022 4540 1085 4600 ὡς
1124 4541 1186 4591 ἄν
1243 4559 1305 4612 με
1361 4542 1545 4593 θᾶττον
1599 4548 1661 4598 τῆ
1728 4539 1917 4612 αἰωνίῳ

2031 3647 2272 3704 abolere
2286 3649 2780 3719 praesumentem;
2801 3643 3115 3718 quomodo
3127 3640 3271 3699 talia
3290 3640 3438 3698 mihi
3451 3641 3696 3699 credam

2031 3734 2601 3813 comprehensibilis.
2620 3749 2774 3798 esse,
2799 3736 2902 3790 aut
2931 3747 3002 3789 ea
3019 3729 3444 3788 convenienter
3475 3729 3695 3789 valebo

2031 3824 2229 3897 eloqui
2241 3824 2270 3879 ?
2291 3827 2435 3895 Ego,
2457 3821 3128 3898 responditTheodosia,
3139 3822 3269 3893 jam
3289 3819 3431 3878 inde
3444 3820 3696 3895 aprima

2027 3918 2200 3970 atate
2217 3913 2534 3986 quietioris
2567 3913 2721 3970 etab
2751 3911 2919 3987 omni
2947 3910 3268 3968 hominum
3306 3911 3554 3982 strepitu
3593 3924 3693 3967 re-

2026 4004 2301 4061 motioris
2339 4004 2476 4060 vitae
2503 4003 2801 4060 desiderio
2832 4016 3090 4060 accensa
3111 4000 3217 4072 fui,
3269 4015 3308 4058 o
3337 4001 3690 4074 imperator,

2027 4110 2138 4151 nec
2152 4094 2354 4150 minus
2382 4092 2821 4168 consequendm
2845 4091 3050 4150 salutis
3079 4106 3232 4148 meae
3264 4089 3534 4149 studiosa
3547 4087 3691 4165 ;sed

2027 4200 2138 4241 nec
2167 4183 2330 4240 exiis
2358 4183 2715 4258 quidquam,
2738 4199 2877 4257 quae
2920 4180 3189 4239 mundus
3223 4180 3286 4238 in
3339 4179 3519 4238 bonis
3565 4179 3691 4238 suis

2027 4273 2386 4348 gaudiisque
2411 4273 2613 4342 habet,
2631 4288 2668 4330 a
2689 4275 2967 4346 suscepto
2992 4269 3244 4329 consilio
3269 4285 3554 4330 revocare
3565 4287 3686 4342 me,

2026 4365 2146 4420 Deo
2194 4363 2347 4420 bene
2385 4361 2665 4436 propitio,
2704 4361 2911 4419 valuit.
2951 4364 3118 4437 Nunc
3155 4375 3402 4435 quoque
3438 4360 3556 4419 hoc
3580 4360 3688 4420 tibi

2025 4459 2115 4510 est
2144 4453 2477 4525 sciendum,
2504 4470 2535 4509 e
2566 4452 2750 4509 rebus
2797 4452 3080 4509 omnibus
3139 4452 3368 4509 nullam
3414 4451 3684 4525 reperiri,

2025 4561 2161 4617 quae
2193 4560 2228 4601 a
2243 4543 2344 4599 Dei
2367 4543 2650 4600 charitate
2665 4543 2857 4615 possit
2875 4558 2972 4599 me
2993 4542 3178 4599 modo
3204 4541 3326 4600 ullo
3359 4541 3684 4610 abducere,

302 4632 395 4679 καὶ
432 4633 688 4704 κρείττονι
729 4629 1154 4704 παραπέμψειας.

2036 4633 2082 4688 Si
2111 4634 2290 4705 igitur
2345 4633 2427 4690 ita
2467 4631 2574 4689 tibi
2617 4633 2872 4702 videtur,
2922 4647 3056 4704 age,
3110 4632 3280 4689 nulla
3326 4632 3684 4706 interposita

302 4732 498 4786 mora,
520 4734 730 4774 necem
754 4718 902 4774 aﬂer
926 4737 939 4774 :
965 4718 1220 4774 exhibeo
1251 4734 1470 4791 corpus
1503 4735 1707 4775 meum
1739 4719 1817 4776 ad
1846 4719 2142 4794 supplicia
2169 4739 2182 4777 :
2215 4721 2566 4778 verberibus
2591 4721 2738 4778 illud
2776 4721 2924 4794 jube
2950 4721 3232 4793 discerpi,
3255 4721 3674 4779 membrorum

301 4821 548 4878 quoque
577 4808 851 4862 omnium
878 4822 1237 4879 compagem
1267 4807 1536 4878 dissolvi,
1573 4807 1866 4878 confringi
1893 4825 2032 4866 ossa
2066 4827 2079 4878 ;
2112 4811 2323 4883 capitis
2362 4811 2798 4869 abscissionem
2824 4811 3075 4886 impera,
3098 4817 3300 4885 atque,
3331 4816 3398 4870 ut
3424 4810 3684 4869 breviter

301 4895 525 4965 dicam,
557 4896 690 4952 vitae
706 4895 888 4968 hujus
913 4913 1098 4954 usura
1126 4896 1350 4970 privari
1377 4913 1472 4953 me
1496 4896 1664 4968 jube,
1698 4902 1763 4954 ut
1791 4897 1962 4955 citius
2000 4900 2078 4956 ad
2121 4900 2523 4958 immortalem
2561 4901 2994 4976 melioremque
3044 4900 3235 4958 vitam
3263 4915 3372 4974 per
3410 4903 3464 4959 te
3484 4903 3679 4958 trans—

303 4985 529 5045 mittar.

374 5074 481 5148 κβ’.
534 5078 746 5137 Τούτοις
803 5078 829 5129 ό
883 5079 1122 5150 τύραννος
1189 5075 1543 5152 ἐξαπορηθεὶς,
1617 5083 1707 5130 καὶ
1777 5081 1906 5153 πρὸς

2086 5084 2176 5136 22.
2207 5081 2328 5136 Hoc
2357 5095 2650 5154 responso
2680 5079 2760 5138 ad
2789 5096 3089 5138 summam
3137 5078 3368 5138 consilii
3403 5077 3677 5152 inopiam

301 5167 391 5225 τὰς
442 5165 626 5227 λοιπὰς
663 5169 750 5218 τὸν
799 5166 948 5239 λόγον
993 5165 1325 5241 τρεψάμενος,
1393 5166 1531 5221 Ἀλλ’
1598 5168 1744 5240 ὑμεῖς
1824 5187 1903 5240 γε,

301 5261 456 5328 φησί,
497 5261 568 5330 μή
610 5264 672 5329 τῇ
748 5262 1092 5332 ματαιόφρονι
1149 5259 1312 5330 ταύτῃ
1387 5257 1904 5327 κατακολουθήσητε,

299 5341 432 5419 μηδ’
464 5345 514 5406 ἐς
541 5353 788 5400 τοσοῦτον
827 5351 1016 5419 μανίας
1070 5345 1268 5414 ἔλθητε,
1324 5346 1389 5408 ὡς
1431 5351 1520 5399 καὶ
1581 5355 1680 5400 τῶν
1734 5346 1907 5399 ἐνταῦ-

302 5437 368 5488 θα
397 5431 566 5493 ἡδέων
609 5437 923 5511 στερηθῆναι
975 5439 1066 5488 καὶ
1116 5444 1215 5487 τῶν
1273 5433 1437 5488 ἐκεῖσε
1490 5435 1595 5509 οὐχ
1638 5437 1813 5503 ἧττον,
1862 5435 1906 5488 εἰ

299 5528 372 5596 μὴ
420 5523 630 5597 μᾶλλον,
682 5523 972 5598 ἀμοιρῆσαι
1016 5532 1260 5597 τερπνῶν,
1320 5529 1410 5577 καὶ
1455 5529 1581 5600 πρός
1630 5546 1689 5598 γε
1735 5545 1903 5578 κατα-

298 5610 622 5674 δικασθῆναι
663 5615 878 5666 θάνατον
917 5616 1003 5666 τόν
1051 5611 1323 5667 ἀθάνατον.
1379 5615 1444 5666 Αἱ
1485 5610 1565 5679 δὲ,
1620 5615 1688 5677 ὠς
1741 5614 1905 5677 καλῆς

298 5699 634 5759 διδασκάλου
682 5705 838 5759 καλαὶ
897 5711 969 5778 τῷ
1025 5707 1132 5756 dm
1178 5705 1489 5777 μαθήτριαι,
1548 5709 1634 5765 Μὴ
1702 5708 1902 5777 γένοιτο

2017 5169 2314 5226 adductus
2379 5176 2694 5242 tyrannus,
2749 5171 3012 5241 virgines
3072 5170 3223 5227 alias
3287 5169 3405 5226 hoc
3458 5167 3678 5227 iterum

2017 5275 2294 5316 sermone
2325 5259 2683 5332 compellat:
2715 5262 2829 5317 Vos
2861 5264 3015 5318 certe
3042 5260 3225 5317 nolite
3253 5259 3484 5316 insanae
3532 5257 3677 5316 huic

2014 5349 2248 5405 mulieri
2294 5349 2672 5422 pertinaciter
2715 5350 3042 5418 adhaerere,
3107 5365 3300 5424 eoque
3355 5348 3675 5408 dementias

2012 5439 2314 5510 progredi,
2343 5443 2408 5496 ut
2437 5455 2543 5496 vos
2575 5443 2631 5496 et
2659 5439 2731 5496 iis
2783 5457 2920 5514 quae
2965 5440 3064 5497 hic
3094 5444 3233 5497 sunt
3267 5439 3446 5498 bonis
3488 5439 3673 5498 orbas

2013 5542 2165 5592 esse,
2195 5533 2252 5585 et
2281 5545 2416 5602 quae
2443 5529 2504 5585 in
2558 5529 2744 5625 altera
2789 5530 2909 5587 vita
2961 5529 3360 5604 reperiuntur,
3423 5529 3674 5604 paribus

2013 5621 2186 5685 certe,
2247 5619 2296 5675 si
2341 5635 2466 5676 non
2539 5619 2894 5693 majoribus,
2963 5619 3369 5694 voluptatibus
3424 5619 3671 5693 privari,

2009 5707 2160 5780 quin
2189 5708 2370 5766 etiam
2409 5709 2489 5766 ad
2512 5714 2770 5768 mortem
2802 5709 3194 5769 condemnari
3223 5715 3532 5783 aeternam,
3565 5724 3674 5784 pa-
