2045 3191
183 202 236 230 915

184 309 283 344 gistraa
303 307 467 343 discipulas
482 306 609 335 decebat
637 314 700 335 non
727 306 828 334 minus
856 306 1012 341 egregias:

185 353 279 389 Absit,
291 352 441 389 inquiunt,
464 353 497 379 ut
508 359 578 379 cum
598 351 740 379 divinitus
753 351 900 387 inspirata
922 353 1017 379 matre

188 405 222 426 ac
238 397 384 432 magistra
398 398 504 425 nostra
518 404 580 424 non
597 395 704 424 eadem
721 395 897 430 sentiamus,
913 397 945 423 ut
960 396 1018 423 tuis

187 449 303 470 morem
318 449 461 477 geramus
487 440 649 474 blanditiis,
670 443 703 468 ut
730 440 820 468 minis
842 442 1016 468 terreamur.

188 487 284 523 Hujus
299 494 356 515 nos
371 486 504 515 instituta
515 494 550 514 ac
565 493 664 514 mores
674 485 838 521 sequimur,
853 485 893 513 ab
911 485 969 513 hac
982 492 1019 513 ne

188 539 452 567 separemur,cum
459 530 665 559 obsecratione
673 530 813 566 petimus.
827 531 1019 566 Quaecunque

187 575 279 612 igitur
292 576 332 604 ab
345 584 380 604 ea
395 576 448 604 tibi
462 576 542 603 dicta
558 577 637 608 sunt,
663 575 770 603 eadem
784 582 803 603 a
830 574 918 603 nobis
941 574 1021 602 dicta

188 620 242 649 tibi
254 622 372 657 putato.
394 620 509 655 Ingenti
524 620 564 648 ad
579 620 643 648 haec
654 619 747 648 verba
761 619 860 647 furore
880 619 1021 655 impletus

188 668 351 702 tyrannus:
364 665 500 698 Insanas,
510 664 667 698 exclamat,
676 664 816 692 mulieres
829 672 844 692 e
859 665 1021 700 conspectu

809 195 1038 226 CONSTANTINI
1050 194 1284 224 ACROPOLITJE

1716 1 1832 15 .)¥.VI‘

1749 15 1792 36 ν]
1826 15 1844 34 L

1864 70 1869 71 γ
1899 68 1911 76 μ

1758 81 1767 89 ι
1812 82 1818 83 κ
1885 82 1954 97 _

1922 104 2002 128 ,ἡὲὲ

1950 131 2045 152 ’““(ν.⁸.

1924 155 1938 160 ν·
1970 158 2005 172 *ψ
2033 153 2045 164 Α

1819 193 1873 223 9ῑῦ

181 254 309 297 ίὶδωίηῑ,
324 262 383 290 Illae
402 263 514 296 autem,
546 260 775 298 quemadmodo
808 260 935 297 egregiae
950 267 1013 288 ma—
1029 284 1030 288 η

1084 262 1156 296 πμᾶς,
1170 261 1245 296 φασὶ,
1272 263 1303 296 τῇ
1335 259 1496 295 θεοπνεύστῳ
1524 259 1597 295 ἡμῶν
1620 258 1722 284 ἄναντία
1744 252 1876 296 φρονῆσαι

1071 308 1249 342 μυσταγωγῷ,
1278 306 1314 340 μὴ
1353 307 1410 335 ταῖς
1448 307 1506 335 σαῖς
1549 302 1641 335 ὐπιξαι
1674 303 1809 338 θωπείαις,
1835 304 1873 339 μὴ

1073 350 1215 387 θροηθῆναι
1253 352 1309 379 ταῖς
1349 348 1475 379 ἀπειλαῖς.
1523 349 1625 378 Ταύτης
1660 347 1736 384 ἐσμεν
1764 345 1874 384 ὀπαδοὶ,

1071 395 1153 431 ταύτῃ
1169 396 1215 420 καὶ
1244 398 1404 430 συνταγῆναι
1431 394 1576 430 ποιούμεθα
1601 391 1637 419 δι’
1659 392 1742 428 εὐχῆς
1760 402 1766 409 ·
1781 391 1875 429 ἂγοῦν

1072 440 1144 476 παρὰ
1158 440 1254 469 ταύτης
1270 438 1397 473 ἀκήκοας,
1412 438 1483 465 ταῦτ’
1510 439 1632 475 ἄντικρυς
1657 439 1702 463 καὶ
1716 437 1779 473 παρ’
1800 437 1875 474 ἡμῶν

1073 483 1193 514 ἀκηκοὼς
1203 486 1325 520 γίνωσκε.
1343 486 1436 519 Θυμοῦ
1451 483 1559 514 πληθεὶς
1569 481 1610 508 ἐπὶ
1634 483 1737 513 τοὺτοις
1751 482 1764 507 ὀ
1782 483 1876 519 τύραν-

1072 539 1125 562 νος,
1139 530 1338 561 Μεταστήσατε,
1360 530 1434 564 φησὶ,
1468 529 1511 558 τὰς
1535 527 1738 563 ἀπονενοημένοις
1762 526 1789 558 ἒξ
1812 525 1876 562 ἰμσῦ

1074 572 1121 600 διὰ
1136 576 1240 610 ταχέος,
1257 573 1273 603 ἦ
1289 572 1383 609 μᾶλλον
1395 572 1422 599 ἐκ
1437 576 1482 598 τοῦ
1494 571 1555 609 βίον
1574 574 1606 598 τὰ
1618 573 1734 598 κάκιστα
1747 574 1877 602 ποιήσατε

1073 620 1178 654 γύναια,
1203 617 1284 654 βιαίῳ
1313 619 1413 653 θανάτῳ
1431 615 1563 655 παράδοτε
1586 617 1620 647 ὠς
1633 617 1663 643 οἷν
1679 617 1706 643 αἱ
1725 620 1771 647 τῆς
1793 616 1875 646 αὐτῆς

1076 663 1198 694 ἀπονοίας
1211 665 1246 699 μὴ
1263 666 1308 689 τοῦ
1332 663 1422 689 λοιποῦ
1438 662 1619 698 κατατολμῷεν
1630 663 1667 688 τὰ
1690 661 1870 699 παραπλήσια.

187 710 443 746 meoquantocius
454 709 590 746 abripite,
607 711 658 738 aut
673 709 781 745 potius,
794 711 826 737 ut
855 711 1007 736 merentur
1033 707 1144 736 crudeli
1170 709 1264 736 morte
1289 707 1433 743 perimite,
1460 709 1492 734 ut
1516 707 1539 735 si
1563 714 1631 743 qua
1658 706 1744 735 istius
1775 705 1874 734 adhue

187 754 321 784 fortassis
335 756 405 783 sunt
419 754 589 790 dementiae,
607 754 716 782 similia
731 756 903 791 perpetrare
918 753 1140 781 exhorrescant.

940 817 1051 844 CAPUT
1079 815 1124 843 ιν.

442 880 475 909 S.
493 880 663 909 Theodosia,r
672 882 739 914 post
750 879 899 908 sociarum
915 886 1015 907 necem
1031 878 1153 907 crudele
1167 878 1350 913 martyrium
1367 879 1396 906 et
1411 877 1510 912 gloria
1524 877 1556 905 in
1572 876 1663 905 caelis.

225 945 271 973 23.
284 941 365 972 Talia
380 949 449 970 cum
471 942 594 970 dixisset
623 944 782 978 tyrannus,
806 941 949 970 continuo
965 940 1021 968 mi-
1042 941 1062 968 Β

190 988 276 1018 nistri
287 988 361 1023 ejus,
369 987 597 1023 tanquamignis
605 986 688 1022 ligna
699 986 872 1022 corripiens,
888 988 1023 1014 sanctam

193 1033 364 1064 auferunta
379 1033 543 1068 conspectu
569 1032 662 1068 ipsius
687 1041 693 1066 ;
717 1033 745 1060 et
769 1033 890 1059 caeteras
915 1031 1024 1067 pariter

192 1087 263 1108 cum
283 1086 319 1106 ea
340 1076 506 1109 abducunt,
535 1076 657 1104 trahunt
680 1084 733 1112 per
753 1076 858 1108 crines,
886 1075 1024 1103 maxillas

191 1123 372 1161 percutiunt,
389 1129 443 1158 per
461 1121 577 1158 plateas
601 1123 721 1157 raptant
735 1120 906 1149 insolenter.
928 1121 1024 1155 Atque

192 1169 249 1198 has
269 1167 393 1205 quidem
423 1165 540 1203 absque
566 1174 653 1194 mora
681 1165 839 1194 crudeliter
864 1164 1023 1198 trucidant,

191 1212 443 1248 venerandasque
458 1219 563 1239 revera
588 1211 735 1245 victimas,
761 1209 914 1245 religionis
930 1217 1024 1237 causa

192 1259 349 1292 mactatas,
366 1256 485 1285 Numini
501 1264 642 1292 supremo
659 1256 767 1284 sistunt
789 1254 928 1283 homines
943 1253 1024 1281 nefa-

192 1302 414 1339 rii.postremea
439 1300 700 1329 condcmnationis
729 1299 759 1327 in
788 1299 894 1327 ultimo
921 1298 1026 1326 mundi

192 1350 340 1384 tempore,
356 1354 418 1374 non
429 1346 492 1374 sine
507 1345 616 1381 insigni
630 1353 686 1373 suo
701 1345 826 1381 pudore,
845 1344 935 1372 futuri
960 1343 1002 1371 rei
1019 1352 1025 1371 :

193 1393 316 1422 beatam
339 1399 409 1420 vero
433 1390 645 1426 Theodosiam,
661 1390 698 1419 de
724 1398 785 1426 qua
803 1389 951 1427 plurimus
965 1387 1028 1424 regi

195 1438 291 1467 fuerat
305 1444 414 1470 sermo,
431 1436 471 1464 ad
486 1436 610 1464 alteram
639 1437 792 1463 servantes
817 1434 1027 1471 quaestionem,

196 1483 305 1512 iterum
326 1489 396 1510 cum
416 1488 452 1509 ea
474 1480 558 1517 loqui
584 1481 750 1516 coeperunt,
775 1480 804 1507 et
826 1479 1028 1515 quamobrem

198 1526 391 1565 pertinaciter
405 1525 482 1554 adeo
499 1525 536 1554 iis
550 1532 619 1562 quae
634 1523 864 1561 imperabantur
879 1523 1030 1551 contradi-

202 1572 293 1606 ceret,
309 1569 494 1608 pecunctari.

233 1616 280 1645 24.
305 1616 342 1644 At
364 1621 437 1643 vero
469 1613 560 1642 beata
588 1615 710 1649 martyr,
740 1620 861 1641 summa
884 1612 1031 1648 sapientia
1049 1620 1069 1647 (ι

199 1661 384 1695 summaque
398 1658 491 1687 animi
502 1657 673 1686 fortitudine
688 1657 730 1685 tta.
742 1665 794 1685 eos
810 1658 855 1685 est
877 1657 1008 1685 allocuta
1022 1665 1028 1684 :

197 1705 259 1741 Ego
279 1710 401 1740 quoque
423 1702 465 1736 id,
491 1710 510 1731 o
536 1702 619 1735 boni,
645 1709 681 1730 ex
699 1701 785 1730 vobis
818 1709 931 1738 quaero,
957 1701 1031 1737 quid

197 1748 321 1782 tandem
337 1755 404 1776 esse
419 1747 515 1784 possit
529 1747 560 1775 in
580 1755 685 1780 causa,
706 1754 759 1774 cur
778 1746 817 1775 ad
839 1747 988 1774 cruciatus
1004 1748 1032 1774 et

197 1795 326 1822 mortem
340 1800 389 1821 me
399 1792 622 1827 designetis?An
632 1791 880 1828 proptereajquod
894 1790 1031 1826 religiose

198 1838 334 1867 venerari
345 1836 514 1866 staduerim
527 1837 592 1873 ejus
605 1836 781 1871 imaginem,
795 1836 847 1872 qui
863 1844 932 1863 cum
956 1837 1032 1863 Deus

199 1884 279 1912 esset
293 1883 416 1919 propter
435 1889 483 1910 me
503 1883 593 1909 natus
621 1883 666 1909 est
688 1881 792 1915 homo,
821 1880 925 1908 similis
949 1880 1032 1908 mei?

201 1929 253 1956 aut
269 1927 334 1963 ejus
345 1926 397 1963 qui
408 1927 502 1954 Deum
516 1927 544 1953 et
558 1925 713 1954 hominem
728 1925 844 1961 absque
873 1924 931 1953 ulla
944 1924 1032 1959 virgi-

202 1972 304 2001 nitatis
317 1979 380 2000 suae
395 1970 464 1999 labe
476 1971 591 2007 peperit
601 1970 674 1998 ?aut
689 1978 793 1998 eorum
808 1969 860 2006 qui
873 1969 1032 1997 Salvatoris

204 2016 370 2047 adventum
396 2015 512 2043 mundo
544 2014 684 2043 universo
713 2014 931 2042 annuntiarunt
949 2014 963 2041 'l
982 2015 1034 2042 aut

205 2060 343 2099 denique.
362 2068 468 2089 eorum
493 2059 545 2096 qui
573 2067 662 2088 suum
683 2067 738 2095 pro
767 2058 875 2087 Christi
897 2059 1034 2086 doctrina

202 2104 347 2134 fuderunt
369 2104 560 2140 sanguinem,
587 2104 701 2140 quique
733 2103 793 2131 alia
807 2103 897 2131 etiam
920 2103 1034 2131 ratione

208 2149 346 2180 divinam
360 2149 417 2178 sibi
443 2148 608 2177 amicitiam
629 2147 787 2176 conciliare
807 2149 877 2186 sunt
898 2147 997 2175 conati
1020 2147 1034 2175 ‘I

209 2190 369 2229 Quomodo
382 2201 454 2222 vero
464 2200 527 2221 non
551 2192 667 2229 optima
682 2199 750 2220 cum
772 2191 887 2219 ratione
914 2190 1034 2218 stultam

1112 939 1161 976 κγ’.
1187 940 1264 966 Καὶό
1289 941 1334 976 μεν
1353 939 1427 966 ταῦτ’
1450 940 1507 976 ἔφη,
1525 939 1558 965 Οἱ
1578 937 1602 965 δ’
1633 938 1717 971 εὐθὺς,
1748 941 1800 975 πῦρ
1815 938 1880 970 ὕλης

1077 986 1163 1022 ὥσπερ
1178 983 1349 1021 δραξάμενον,
1365 987 1412 1014 τήν
1435 994 1462 1010 τε
1486 984 1562 1020 ἁγίαν
1589 984 1732 1019 μεθιστᾶσι
1759 985 1805 1009 καὶ
1834 984 1882 1014 τὰς

1079 1032 1125 1056 σὺν
1141 1030 1206 1066 αὐτῇ
1233 1030 1428 1065 συναπάγουσι,
1457 1033 1507 1055 τῶν
1534 1032 1634 1065 τριχῶν
1664 1028 1786 1061 ἕλκοντες,
1813 1029 1883 1054 κατὰ

1076 1079 1188 1111 παρειῶν
1219 1075 1365 1107 τύπτοντες,
1397 1072 1444 1100 διὰ
1481 1073 1605 1100 πλατειῶν
1643 1074 1775 1110 σύροντες.
1804 1072 1882 1099 Ἀλλὰ

1077 1120 1124 1149 τὰς
1136 1120 1181 1155 μὶν
1199 1118 1278 1149 ἄλλας
1297 1118 1370 1148 εὐθὺς
1398 1118 1553 1154 σφάττουσι,
1583 1120 1627 1143 καῖ
1655 1119 1760 1153 θύματα
1786 1118 1883 1148 ταύτας

1077 1166 1152 1199 τίμια
1164 1167 1200 1198 τῷ
1216 1163 1270 1188 όντι
1281 1172 1311 1198 γε
1325 1164 1370 1188 καὶ
1394 1161 1527 1198 σεϐάσμια
1554 1165 1735 1199 προσήνεγκαν
1765 1167 1801 1198 τῷ
1825 1165 1882 1198 Θεῷ

1078 1208 1102 1234 οἱ
1139 1212 1186 1238 τῆς
1213 1206 1330 1243 ἐσχάτης
1356 1208 1421 1244 πρὸς
1460 1210 1490 1242 τῇ
1536 1205 1719 1244 ἀνυπερϐλήτῳ
1764 1207 1881 1243 αἰσχύνῃ
1927 1217 1930 1219 ’

1079 1250 1226 1282 καταδίκης
1250 1251 1288 1277 ἐπ’
1325 1251 1431 1287 ἐσχάτῳ
1461 1253 1506 1277 καὶ
1530 1251 1669 1276 ὑπεύθυνοι
1695 1261 1701 1267 ·
1726 1253 1772 1281 τὴν
1798 1249 1827 1278 δέ
1853 1261 1883 1287 γε

1079 1299 1210 1333 μακαρίαν
1226 1297 1323 1324 ταύτην
1356 1293 1512 1328 Θεοδοσίαν,
1535 1295 1565 1324 ἧς
1585 1296 1644 1331 πέρι
1663 1296 1706 1320 καὶ
1725 1298 1761 1329 τῷ
1777 1293 1885 1330 βασιλεῖ

1079 1341 1152 1376 λόγος
1177 1342 1216 1366 ὅτι
1241 1340 1319 1371 πολὺς
1348 1340 1394 1374 ἦν,
1423 1340 1459 1370 εἰς
1494 1338 1617 1376 δευτέραν
1644 1338 1799 1375 ἐταμίευσαν
1835 1340 1884 1367 τὴν

1082 1386 1210 1419 ἐξέτασιν,
1224 1388 1268 1411 καὶ
1286 1385 1321 1416 εἰς
1335 1385 1429 1420 λόγους
1444 1381 1519 1415 αὖθις
1538 1382 1614 1414 ἦλθον
1643 1383 1718 1419 αὐτῇ,
1744 1385 1789 1409 καὶ
1818 1383 1883 1419 ὑπὲρ

1082 1431 1142 1457 ὅτου
1166 1431 1296 1459 τοσαύτην
1329 1433 1440 1456 ποιεῖται
1477 1431 1524 1458 τὴν
1558 1430 1677 1454 ἔνστασιν
1708 1427 1887 1454 πυνθάνεσθαι

1083 1474 1184 1505 ἤθελον,

1119 1607 1171 1636 κδ’.
1200 1610 1250 1635 Καὶ
1278 1607 1294 1637 ἢ
1334 1607 1404 1643 μάλα
1438 1610 1557 1639 συνετῶς,
1585 1607 1655 1642 μάλα
1677 1607 1798 1641 γενναίως
1821 1605 1884 1642 πρὸς

1084 1653 1178 1683 αὐτοὺς
1205 1654 1296 1688 ἔφησεν
1314 1662 1319 1669 -
1341 1651 1409 1677 Ἀλλ’
1436 1652 1510 1687 ὑμεῖς
1536 1661 1575 1686 γε,
1603 1649 1622 1676 ὦ
1650 1650 1757 1686 λῷστοι,
1786 1649 1886 1676 πυνθά-

1084 1707 1171 1734 νομαι,
1198 1699 1267 1727 τίνος
1288 1706 1319 1733 με
1343 1695 1427 1722 εἱνεκα
1463 1694 1653 1725 καταδικάζετε
1688 1696 1796 1721 θάνατον
1820 1702 1827 1728 ;
1848 1694 1889 1720 ὅτι

1084 1746 1238 1780 προσκυνεῖν
1266 1741 1341 1768 ἐθέλω
1368 1743 1414 1770 τὴν
1445 1740 1530 1766 εἰκόνα
1549 1743 1594 1766 τοῦ
1624 1738 1660 1766 δι’
1696 1739 1739 1776 ἐμὲ
1762 1738 1820 1765 κατ’
1846 1737 1890 1775 ἔμε

1084 1789 1217 1823 γεγονότος
1244 1789 1310 1813 Θεοῦ
1344 1794 1350 1819 ;
1378 1786 1441 1821 πρὸς
1467 1783 1497 1810 δε
1520 1794 1549 1820 γε
1571 1789 1617 1815 τῆς
1640 1784 1778 1821 ἁχράντως
1799 1786 1890 1810 τοῦτον

1085 1832 1210 1862 τεκούσης
1230 1840 1236 1864 ;
1262 1835 1311 1856 τῶν
1337 1829 1504 1866 κηρυξάντων
1531 1829 1609 1855 αὐτόν
1633 1828 1657 1855 ἐν
1684 1832 1743 1859 ταῖς
1768 1829 1891 1865 πέρασις

1085 1881 1135 1903 τῶν
1162 1875 1395 1913 ὑπεραθλησαντων
1411 1874 1491 1900 αὐτοῦ
1517 1883 1524 1907 ;
1552 1878 1601 1900 τῶν
1632 1873 1715 1904 ἄλλως
1754 1872 1894 1909 εὐαρεστη-

1088 1923 1186 1948 σάντων
1211 1922 1279 1956 αὐτῷ
1299 1929 1305 1953 ;
1330 1922 1381 1946 Καὶ
1403 1923 1457 1950 πῶς
1486 1919 1529 1950 οὖς
1554 1918 1603 1950 ἔξω
1626 1921 1747 1955 γενοίμην
1770 1921 1816 1944 νοῦ
1848 1919 1895 1944 καὶ

1087 1971 1191 2004 φρενῶν,
1219 1969 1273 1996 τοῖς
1300 1965 1462 2001 αὐτόχρημα
1488 1963 1657 2001 παραπλῆξιν
1700 1963 1761 1999 ὑμῖν
1781 1971 1897 2000 συμφρο-

1086 2014 1201 2044 νήσασα,
1228 2011 1242 2039 ἡ
1267 2012 1312 2036 καὶ
1338 2008 1461 2040 καθάπαξ
1487 2009 1629 2035 πεισθεῖσα
1663 2011 1772 2034 τοιαῦτα
1812 2016 1895 2033 κατα-

1086 2057 1250 2093 ναγκάζουσι
1281 2065 1287 2089 ;
1323 2058 1379 2085 Πῶς
1404 2053 1428 2081 δ’
1467 2054 1647 2090 ἀνασχοίμην,
1681 2054 1727 2084 τάς
1752 2053 1820 2083 Θείας
1847 2055 1895 2080 καὶ

1088 2103 1184 2132 σεπτὰς
1214 2101 1314 2131 εἰκόνας
1342 2099 1523 2136 χλευαζόντων
1564 2099 1646 2135 ὑμῶν,
1678 2100 1724 2124 καὶ
1747 2097 1895 2124 καλούντων

1088 2147 1167 2177 αὑτὰς
1196 2143 1292 2172 εἴδωλα
1315 2153 1321 2178 ;
1352 2146 1391 2171 Τὰ
1423 2145 1473 2181 γὰρ
1515 2142 1610 2170 εἴδωλα
1642 2142 1826 2170 ἰενυποστοὶτων
1848 2143 1894 2168 καί

1088 2191 1151 2227 ψιλῇ
1181 2188 1391 2225 διατυπουμένων
1428 2188 1527 2225 ἐπινοίᾳ
1552 2188 1695 2224 πλάσματά
1731 2197 1758 2214 τε
1791 2189 1837 2213 καί
1860 2186 1894 2214 εἰ·

209 2247 259 2269 me
272 2239 405 2268 dicerent
419 2240 448 2267 et
457 2238 608 2271 insanam,
622 2237 647 2265 si
661 2239 759 2265 vestra
773 2236 907 2273 profecto
931 2236 1030 2264 deliria

1089 2237 1214 2272 χάσματα
1242 2232 1427 2270 ὃιεγνωκαμεν,
1464 2232 1521 2260 οὐδ’
1563 2232 1645 2262 ἀληθῆ
1673 2234 1705 2259 τὰ
1735 2234 1896 2269 πρωτότνπα

209 2286 266 2321 ego
279 2283 370 2312 etiam
380 2283 507 2311 delirare
521 2282 553 2310 in
566 2282 702 2310 animum
719 2281 892 2309 inducerem
903 2282 916 2309 ’ἰ
937 2281 1030 2309 autab

1091 2282 1135 2306 καί
1163 2282 1240 2315 τίμια
1265 2279 1323 2305 καθ’
1351 2279 1418 2305 αὕτα
1444 2281 1489 2304 καί
1519 2277 1660 2314 σεϐάσμιοι,
1681 2281 1726 2307 τῆς
1745 2276 1826 2308 αὐτῆς
1849 2277 1895 2303 καί

207 2330 245 2359 iis
258 2328 434 2366 persuaderi
449 2327 523 2356 mihi
536 2327 675 2360 sinerem,
691 2326 742 2363 qui
758 2328 797 2354 ad
811 2326 945 2355 absurda
959 2326 1030 2354 adec

1093 2326 1120 2351 αἱ
1158 2324 1249 2354 εἰκόνες
1286 2322 1313 2349 ἐκ

208 2373 381 2412 pertrahere
389 2381 437 2401 me
457 2374 604 2401 conantur
622 2372 636 2400 ?
656 2371 690 2399 id
714 2374 813 2399 autem
838 2379 899 2408 qua
913 2372 1037 2399 tandem
1092 2370 1164 2401 ἄξια.

209 2410 326 2449 ratione
337 2418 457 2447 valeam
473 2417 608 2451 tolerare,
624 2417 708 2453 quod
724 2424 815 2445 sacrae
831 2419 859 2444 et
871 2415 1052 2444 veneranda:
1067 2414 1214 2450 imagines
1229 2413 1299 2441 odio
1314 2412 1400 2441 vobis
1422 2412 1481 2440 sint
1495 2413 1523 2440 et
1538 2411 1680 2443 ludibrio.
1697 2414 1726 2439 et
1738 2419 1793 2448 pro
1806 2410 1896 2441 idolis

209 2464 405 2494 habeantur?
420 2462 502 2492 ldola
516 2464 594 2491 certe
618 2462 758 2490 novimus
772 2469 841 2490 esse
869 2461 1030 2489 simulacra
1055 2468 1155 2488 rerum
1171 2467 1232 2487 non
1260 2457 1497 2492 subsistendum,
1513 2459 1541 2484 et
1555 2456 1654 2484 solerti
1677 2456 1825 2484 industria.
1846 2462 1894 2483 re-

208 2511 460 2548 prtesentatarum
479 2507 623 2543 ﬁgmenta
638 2515 644 2534 :
658 2514 789 2543 quorum
811 2508 971 2543 prototypa
993 2513 1062 2533 cum
1073 2513 1145 2533 vera
1157 2511 1218 2532 non
1232 2503 1300 2538 sint,
1314 2510 1412 2538 neque
1427 2509 1480 2537 per
1495 2509 1561 2529 sese
1581 2500 1788 2531 aestimationis
1803 2497 1894 2528 ullius

1349 2326 1394 2349 τοῦ
1437 2322 1533 2352 εἰκότος
1576 2326 1653 2358 τιμῆς
1698 2322 1896 2352 καθεστήκασιν

210 2545 263 2584 aut
275 2554 372 2592 pretii,
387 2560 576 2589 consequens
586 2554 640 2587 est,
654 2554 684 2580 ut
696 2552 770 2588 ipsa;
785 2551 933 2586 imagines
950 2550 1043 2578 nihilo
1056 2549 1164 2585 majori
1178 2547 1367 2576 veneratione
1384 2545 1441 2573 sint
1455 2545 1564 2581 dignae.

245 2600 291 2627 ‘25.
311 2599 348 2627 Ut
361 2598 451 2634 igitur
463 2597 563 2626 verbis
578 2596 651 2625 nihil
663 2599 767 2625 contra
780 2604 848 2624 eam
861 2595 937 2624 efﬁci
946 2603 1037 2632 posse

211 2645 427 2680 cognoverunt,
442 2650 536 2679 quam
548 2644 633 2670 tanta.
645 2641 740 2669 animi
751 2640 891 2669 ﬁrmitate
914 2647 1039 2676 respon-

211 2688 344 2723 dentem,
361 2686 495 2724 'tamque
525 2687 675 2724 sapienter
701 2693 816 2714 errores
836 2684 1041 2713 confutantem

213 2732 401 2768 audiverant,
423 2731 594 2760 immaniter
621 2739 688 2759 eam
709 2730 822 2758 credere
853 2732 1007 2766 coeperunt
1034 2738 1040 2763 ;

211 2776 356 2814 quodque
369 2776 502 2805 oratione
517 2775 699 2813 persuadere
709 2783 775 2804 non,
786 2775 952 2809 valuerant,
975 2782 1040 2802 ver-

212 2823 320 2852 berum
342 2821 496 2850 atrocitate
523 2823 699 2858 extorquere
718 2822 787 2848 sunt
813 2820 960 2855 aggressi.
984 2819 1041 2848 Sed

212 2862 296 2904 quod
308 2865 497 2895 intenderant
511 2873 573 2894 non
585 2865 678 2894 modo
696 2872 756 2893 non
781 2866 851 2893 sunt
878 2864 1040 2900 consecuti,

1128 2593 1172 2620 κε’.
1198 2592 1240 2623 Ὠς
1266 2590 1309 2619 οὖν
1343 2592 1457 2627 ἔγνωσαν
1493 2589 1522 2617 οὐ
1559 2590 1646 2626 λόγοις
1671 2593 1762 2617 πεῖσαι
1798 2590 1898 2619 ταύτην

1095 2637 1245 2675 δυνάμενοι,
1270 2637 1337 2663 οὕτω
1366 2646 1407 2663 τοι
1446 2635 1557 2673 στεῤῥῶς
1590 2634 1797 2673 ἁποκρινομὲνην
1822 2635 1898 2673 ὁρῶν-

1095 2694 1136 2715 τες
1170 2686 1215 2709 καί
1258 2686 1370 2712 συνετῶς
1412 2681 1492 2710 αὐτὴν
1533 2683 1750 2718 περιτρέπουσαν,
1789 2679 1898 2709 baltei;

1095 2729 1234 2764 μαστίζειν
1261 2727 1449 2765 προήχθησαν,
1477 2728 1521 2752 καί
1549 2726 1562 2752 ὃ
1589 2727 1624 2762 μὴ
1652 2726 1741 2761 φθαῖεν
1766 2723 1902 2755 δνηθέντες

1095 2775 1191 2806 πειθοῖ,
1208 2772 1256 2809 βίᾳ
1286 2773 1454 2807 κατισχύσαι
1479 2769 1663 2800 διενοήθησαν.
1683 2769 1752 2797 Ἀλλ’
1767 2768 1903 2806 ἀπέτυχον

1096 2823 1141 2845 τοῦ
1167 2822 1277 2852 σκοποῦ,
1311 2816 1376 2843 ἀλλὰ
1402 2814 1548 2852 διήμαρτον
1569 2819 1616 2846 τῆς
1641 2812 1748 2845 ἐλπίδος
1767 2814 1902 2854 πρὸς

1095 2866 1146 2901 γὰρ
1171 2864 1264 2901 μικρὸν
1295 2862 1359 2892 αὐτὴ
1388 2860 1511 2895 θέλξασα,
1543 2859 1648 2898 βρατῶν
1679 2853 1900 2896 ἆφρονιὰἷτᾶύς,
