4090 6412
347 381 454 438 917

1695 375 1768 431 ΙΝ
1812 374 1867 432 S.
1909 371 2382 431 THEODOSIAM.

3616 373 3721 432 918

342 507 480 560 κατὰ
513 509 600 558 τὸν
660 505 890 574 εἰπόντα,
949 499 1231 576 διήλεγξεν.
1282 503 1348 554 Οἱ
1399 503 1489 574 μεν
1534 501 1632 573 γὰρ
1698 501 1812 560 τούς
1863 501 1937 552 τύ-

2061 513 2270 555 verum
2299 495 2479 553 etiam
2509 495 2677 552 omni
2709 511 2956 569 prorsus
3014 497 3363 555 exciderunt
3423 513 3551 572 spe,
3583 514 3721 573 quas

345 615 566 655 πτοντας
597 593 892 652 ἐπέστησαν
939 597 1029 646 καὶ
1084 594 1179 654 τὰς
1230 593 1492 664 μάστιγας
1545 587 1944 664 δίηυτρέπισαν’

345 687 376 744 ἡ
411 681 465 737 δ’
492 680 682 737 οὐδένα
725 683 874 756 λόγον
926 689 1066 752 σφῶν
1126 684 1479 753 ποιησαμένη,
1528 681 1596 742 ὡς
1649 679 1722 741 εἰς
1768 679 1952 750 λόγους

348 774 502 835 αὖθις
533 776 662 845 ἔγνω
717 780 910 848 χωρεῖν
967 771 1262 845 μέλλοντας,
1321 769 1387 822 Ὀ
1452 768 1722 836 βούλεσθε,
1769 773 1946 841 φησίν,

347 868 420 937 μὴ
484 862 687 936 μελλετε
775 859 1216 937 διαπράττεσθαι.
1278 858 1419 913 Ἰστε
1459 868 1575 930 τῆς,
1637 859 1702 920 ἧς
1757 860 1953 930 ἔχομαι

344 957 580 1026 γνώμης,
635 950 1022 1023 ἐκστησομένην
1090 946 1358 1004 ούδέποτε·
1444 948 1503 1000 ού
1577 950 1678 1021 γάρ
1755 951 1817 1011 μέ
1871 967 1954 1008 τις

346 1046 570 1100 πτοήσει
630 1049 729 1094 τῶν
788 1039 1091 1093 ἀποκτεῖναι
1163 1043 1252 1112 μέν
1310 1041 1368 1091 τό
1429 1046 1582 1110 σῶμα
1629 1034 1949 1110 δυναμένων,

344 1130 682 1205 λυμήνασθαι
735 1127 794 1183 δὲ
814 1127 1172 1204 μηδοπωσοῦν
1235 1129 1528 1201 ἰσχυόντων
1576 1148 1675 1201 μου
1734 1135 1795 1187 τῆ
1849 1125 1954 1198 ψυ-

345 1228 447 1294 χῆ,
495 1221 561 1282 ὡς
614 1222 639 1273 ό
687 1225 777 1273 καὶ
830 1220 1016 1292 ψυχήν
1073 1223 1205 1295 πρός
1271 1227 1343 1290 τῷ
1400 1223 1608 1296 σώματι
1669 1213 1953 1290 δυνάμενος

344 1309 617 1378 ἀπολέσαι,
663 1309 753 1362 ἅτε
811 1306 1139 1384 δημιουργός
1195 1309 1262 1360 ὢν
1319 1307 1509 1381 ἀμφοῖν
1553 1312 1643 1359 καὶ
1693 1302 1954 1367 δεσπότης

344 1401 582 1454 ὑπέθετο.

413 1666 516 1730 κζ’.
574 1673 692 1727 Πῶς
761 1667 931 1719 οἴεσθε
1008 1663 1148 1717 ταῦτ-⁸
1219 1662 1534 1724 ἀκούσαντες
1608 1659 1953 1728 διετέθησαν;

342 1763 462 1818 Πῶς
495 1758 544 1808 οἱ
572 1760 666 1814 τὴν
699 1754 856 1830 ὀφρύν
889 1753 944 1807 ἐκ
973 1762 1064 1807 τοῦ
1099 1753 1382 1827 βασιλείου
1442 1755 1665 1826 κράτους
1720 1753 1955 1824 αὐχοῦν-

338 1865 423 1908 τες
486 1851 579 1904 τὴν
663 1849 922 1904 τοσαύτην

340 1934 477 1988 Βέλει
513 1937 651 1987 καθά
675 1955 778 1987 τινι
834 1939 928 1994 τὴν
981 1931 1208 2010 καρδίαν
1276 1933 1590 1993 ἐϐλήθησαν·
1635 1933 1803 1986 τοίνυν
1860 1937 1950 1984 καὶ

342 2027 714 2097 συνεχύθησαν
767 2033 840 2096 τῷ
891 2026 1062 2097 θυμῷ,
1125 2030 1216 2077 καὶ
1283 2024 1522 2097 ἐκμανείς
1605 2023 1947 2096 ἐγεγόνεισαν,

336 2113 440 2166 κάκ
465 2122 558 2167 τοῦ
589 2117 742 2189 ἔργου
773 2122 926 2167 τοῦτο
985 2118 1344 2188 παρέστησαν·
1402 2115 1460 2166 ού
1503 2116 1604 2186 γὰρ
1655 2112 1735 2165 ὃτι
1791 2116 1946 2184 γυνὴ,

338 2201 672 2257 οὐδ’ὃτιτόν
704 2203 820 2276 βίον
861 2205 1020 2266 όσίως
1069 2223 1124 2256 τε
1190 2209 1279 2256 καὶ
1346 2202 1627 2276 ἀμέμπτως
1678 2199 1944 2264 διήνυσεν,

339 2293 413 2355 εἰς
443 2301 562 2346 νοῦν
614 2292 744 2356 ὅλως
803 2292 1000 2363 ἔϐαλον,
1051 2293 1155 2345 ἀλλ⁶
1203 2293 1327 2346 ὡσεί
1385 2313 1502 2345 τινα
1549 2292 1768 2359 ληστὴν,
1823 2291 1950 2344 ὠσεί

336 2403 454 2436 τινα
500 2391 812 2456 κακοῦργον,
875 2387 905 2441 ἧ
959 2389 1048 2436 καὶ
1100 2403 1152 2435 τι
1206 2391 1302 2434 τῶν
1372 2380 1729 2444 ἐξωλεστάτων
1786 2380 1948 2441 οῧ.λως

335 2478 561 2546 γυναίων
599 2475 848 2549 ῥιπτοῦσι
905 2476 1041 2525 κατά
1095 2481 1210 2544 γῆς,
1293 2473 1642 2545 μαστίζουσιν
1719 2470 1942 2533 ἀπηνῶς.

338 2563 474 2618 Ἀλλ’
501 2567 549 2616 οἱ
588 2568 677 2637 μὲν
707 2567 940 2633 ἔτυπτον,
973 2569 1064 2616 καὶ⁹
1094 2566 1191 2622 ὅση
1222 2582 1282 2635 γε
1324 2563 1484 2635 ἰσχύς
1509 2565 1746 2631 ἔτυπτον,
1796 2564 1826 2620 ἠ
1893 2559 1944 2614 δ’

343 2653 417 2715 εἰς
465 2653 682 2730 οὐρανὸν
720 2657 808 2705 τόν
849 2661 966 2706 νοῦν
1020 2652 1347 2718 ἀνατείνασα,
1398 2657 1485 2704 καὶ
1550 2652 1640 2710 ὅλη
1699 2655 1941 2724 γενομένη

337 2751 428 2796 τοῦ
458 2749 764 2818 κρείττονος,
795 2740 908 2815 εὖγε
946 2751 1038 2796 τοῦ
1069 2743 1336 2817 θάρσουςι
1393 2750 1510 2812 εῦγε
1562 2749 1656 2802 τῆς
1702 2741 1769 2801 εἰς
1814 2743 1943 2794 Θεὸν

1343 2841 1432 2892 τῆς
1547 2835 1905 2904 γενναιότητος
1926 2831 1938 2886 l

1305 2924 1570 2995 στερέωμά
1661 2940 1762 2993 μου
1851 2924 1942 2973 καὶ

337 2837 556 2893 πεποιθὸ
568 2854 695 2897 σιως
713 2834 723 2888 !
750 2835 998 2908 ύπέρευγε
1063 2835 1227 2889 ταύτη

339 2922 474 2993 ὗπέψ
483 2921 597 2975 αλλε
649 2928 854 2996 κειμένη
865 2944 876 2956 ο
1009 2925 1196 2996 Κύριος

340 3018 614 3085 καταφυγή
643 3032 762 3084 μου,
793 3019 882 3066 καὶ
910 3014 1106 3088 ρύστης
1151 3031 1271 3083 μου·
1333 3013 1358 3063 ό
1407 3015 1536 3073 Θεός
1600 3030 1700 3083 μου
1747 3007 1942 3083 βοηθός

1272 3106 1363 3153 καὶ
1433 3099 1608 3159 ἀντιλή
1618 3119 1758 3174 πτωρ
1816 3119 1937 3171 μου,

1321 3195 1422 3244 Καὶ
1471 3197 1647 3262 τεῖχος
1691 3189 1740 3241 ἐν
1800 3189 1940 3260 αὐτῷ

334 3119 457 3172 μου,
515 3105 668 3176 κέρας
712 3107 977 3176 σωτηρίας
1062 3121 1182 3174 μου,

332 3191 386 3242 ὃν
441 3189 816 3263 ἐπικαλουμένη
909 3193 1240 3264 σωθήσομαι.

332 3278 716 3352 ὑπερϐήσομαι,
750 3284 808 3332 τό
871 3289 966 3342 τῆς
1021 3276 1338 3342 κακοδοξίας
1399 3287 1549 3332 τοῦτο
1605 3275 1937 3354 διάφραγμα,

329 3368 356 3420 ὁ
385 3366 706 3442 διατειχίζει
736 3373 825 3442 μὲν
849 3377 1004 3442 Θεοῦ,
1039 3367 1363 3442 διατειχίζεί
1395 3367 1453 3423 δὲ
1482 3375 1572 3422 καὶ
1612 3379 1707 3432 τῆς
1769 3368 1940 3442 ἀφρά-

333 3446 475 3509 στοιί
489 3457 681 3520 ἐκείνης
699 3464 788 3512 καὶ
819 3458 1044 3518 ἀλήκτου
1074 3464 1547 3534 μακαταριότητος.

2059 587 2374 660 paululum
2401 602 2503 642 eos
2529 585 2854 659 decipiens,
2887 587 3168 659 probavit
3205 604 3354 656 esse,
3387 592 3453 646 ut
3490 588 3572 646 ait
3599 587 3718 660 ille,

2061 677 2446 734 stultissimos
2467 675 2753 732 virorum.
2777 674 2860 731 Illi
2885 677 3045 733 enim
3069 678 3450 735 verberantes
3470 677 3722 735 instrue-

2059 763 2856 837 bantetdirigebantictus:
2889 764 3023 838 ipsa
3043 781 3184 823 vero
3231 767 3399 823 nihili
3462 783 3568 825 eos
3625 765 3718 826 fa-

2061 857 2246 924 ciens,
2265 860 2330 912 ut
2359 855 2501 911 vidit
2526 871 2562 911 a
2586 854 2938 911 verberibus
2955 855 3033 911 ad
3062 855 3248 912 verba
3267 871 3508 914 rursum
3532 856 3714 915 deve-

2059 945 2187 1002 nire
2216 948 2502 1018 paratos:
2533 942 2726 1012 Quod,
2769 942 2987 1016 inquit,
3036 942 3232 1000 facere
3272 943 3446 1000 vultis
3510 943 3718 1002 incun-

2060 1039 2289 1091 ctanter
2301 1033 2583 1106 peragite.
2601 1033 2794 1090 Nostis
2816 1047 2913 1089 me
2926 1031 3004 1089 ab
3028 1047 3099 1088 ea
3120 1048 3313 1106 quam
3340 1047 3503 1089 nunc
3517 1032 3715 1092 habeo

2061 1128 2258 1180 mente
2279 1123 2685 1180 discessuram
2701 1137 3039 1195 nunquam.
3072 1124 3188 1178 Nec
3213 1137 3357 1179 sane
3391 1122 3718 1196 quisquam

2061 1229 2158 1269 me
2189 1212 2459 1269 terruerit
2489 1227 2718 1281 eorum,
2751 1210 2856 1282 qui
2894 1226 3115 1284 corpus
3143 1211 3395 1284 quidem
3419 1210 3584 1268 istud
3620 1226 3720 1269 oc-

2061 1303 2256 1359 cidere
2268 1301 2769 1375 possunt,animae
2792 1304 2994 1356 autem
3014 1300 3518 1374 memgmolestiam
3537 1300 3724 1358 ullam

2061 1391 2272 1449 afferre
2301 1407 2424 1448 non
2453 1394 2730 1464 possunt,
2762 1389 3285 1462 quemadmodum
3316 1393 3511 1462 potest
3538 1389 3590 1446 is
3617 1389 3726 1463 qui

2063 1482 2330 1538 animam
2356 1497 2480 1537 una
2500 1480 2748 1553 perdere
2774 1479 2929 1536 valet
2945 1495 3084 1536 cum
3109 1494 3380 1552 corpore,
3404 1479 3550 1552 quia
3597 1484 3723 1537 tam

2061 1572 2244 1643 hujus
2273 1587 2460 1644 quam
2485 1570 2642 1627 illius
2676 1571 2870 1626 factor
2895 1573 2984 1626 est
3013 1574 3070 1626 et
3119 1573 3371 1626 creatur.

2134 1665 2222 1717 26.
2252 1663 2378 1728 Qua
2404 1661 2636 1718 ratione
2667 1659 2910 1717 affectos
2940 1659 3120 1716 fuisse
3147 1659 3369 1732 putatis
3408 1659 3538 1716 haec
3605 1675 3720 1716 au-

2061 1749 2337 1806 dientes?
2361 1765 2482 1822 quo
2513 1749 2698 1805 modo
2733 1753 2967 1805 tantum
2994 1749 3086 1804 sui
3125 1748 3396 1820 ipsorum
3452 1751 3720 1806 contem-

1023 1854 1160 1917 σφῶν
1231 1849 1603 1919 περιφρόνησιν
1695 1843 1913 1915 ἣνεγκαν

2059 1845 2231 1910 ptum
2257 1839 2562 1912 excepisse
2589 1854 2716 1907 eos,
2738 1837 2841 1910 qui
2871 1837 2951 1894 ob
2979 1837 3188 1894 datam
3235 1835 3350 1893 sibi
3406 1852 3444 1894 a
3488 1836 3717 1894 crudeli

2057 1931 2416 2003 imperatore
2467 1932 2847 2002 potestatem,
2918 1927 3208 1984 tollebant
3278 1926 3713 2000 supercilium?

2056 2019 2540 2090 Transﬁgebatur
2569 2033 2673 2074 cor
2701 2033 2912 2074 eorum
2937 2016 3096 2074 velut
3109 2015 3312 2089 jaculo
3334 2015 3628 2089 quodam,
3655 2019 3712 2075 et

2057 2109 2162 2166 toti
2182 2107 2710 2165 confundebantur
2728 2122 2853 2180 prae
2908 2105 3128 2174 furore,
3180 2104 3712 2178 eﬂiciebanturque

2055 2199 2272 2268 rabidi,
2312 2203 2370 2255 et
2411 2213 2518 2272 per
2557 2197 2939 2254 iracundiam
2995 2195 3260 2268 agebant
3310 2196 3533 2262 omnia.
3582 2198 3712 2253 Non

2057 2288 2218 2346 enim
2243 2287 2492 2344 omnino
2513 2287 2573 2342 in
2600 2290 2863 2342 mentem
2894 2285 3008 2342 sibi
3057 2284 3256 2342 venire
3306 2283 3710 2357 patiebantur,

2057 2382 2158 2434 aut
2186 2377 2353 2451 quod
2377 2376 2588 2432 mulier
2609 2379 2781 2443 esset,
2815 2379 2920 2432 aut
2938 2374 3106 2448 quod
3127 2373 3282 2431 adeo
3311 2373 3591 2446 religiose
3627 2373 3716 2430 in-

2054 2467 2410 2540 culpateque
2440 2466 2716 2530 vixisset;
2745 2465 2874 2534 sed,
2895 2464 3074 2522 veluti
3097 2464 3438 2522 maleﬁcam
3463 2468 3522 2521 et
3544 2463 3716 2521 femi-

2053 2573 2272 2613 narum
2302 2556 2577 2612 omnium
2625 2555 2899 2612 ultimam
2946 2554 3524 2628 nequissimamque,
3585 2553 3716 2612 solo

2053 2647 2394 2705 afﬂixerunt
2413 2647 2868 2703 etinclementer
2887 2645 3289 2717 ﬂagellarunt.
3307 2644 3716 2702 Verberabant

2049 2737 2152 2806 illi,
2177 2742 2235 2793 et
2261 2735 2663 2793 verberabant
2681 2735 2908 2792 viribus
2938 2735 3096 2804 totis,
3123 2734 3262 2808 ipsa
3312 2750 3454 2792 vero
3505 2737 3711 2792 mente

2047 2839 2112 2894 in
2137 2827 2355 2883 caelum
2385 2825 2604 2892 deﬁxa,
2637 2825 2935 2896 etmajora
2969 2824 3338 2898 melioraque
3359 2824 3567 2882 omnia
3617 2839 3714 2880 co-

2049 2918 2246 2987 gitans
2270 2917 2329 2988 (ο
2366 2916 2664 2985 insignem
2693 2914 2881 2972 animi
2909 2913 3317 2971 fortitudinem
3344 2915 3357 2970 l
3395 2930 3432 2971 ο
3463 2914 3712 2987 praecla-

2047 3022 2180 3063 ram
2205 3006 2266 3062 in
2297 3008 2483 3062 Deum
2509 3004 2830 3061 ﬁduciam!
2859 3019 2894 3060 ο
2919 3019 3238 3077 nunquam
3264 3004 3410 3061 satis
3451 3004 3710 3064 laudan-

2049 3095 2192 3152 dam
2224 3095 2680 3165 generositatem
2734 3093 2879 3164 i):in
2933 3098 3156 3150 terram
3212 3093 3348 3150 licet
3403 3098 3710 3167 prostrata

1979 3219 2019 3275 ρ
2048 3187 2180 3243 haec
2201 3201 2231 3242 e
2250 3184 2502 3241 Psalmis
2553 3183 2816 3240 suaviter
2842 3183 3232 3240 concinebat:
3263 3184 3552 3240 Dominus
3607 3184 3710 3243 ﬁr-

2052 3279 2428 3333 mamentum
2450 3289 2656 3330 meum
2683 3278 2739 3330 et
2768 3273 3068 3347 refugium
3089 3289 3314 3341 meum,
3347 3278 3404 3331 et
3425 3273 3711 3334 liberator

2049 3382 2244 3422 meus.
2278 3367 2430 3420 Deus
2458 3380 2652 3431 meus,
2685 3363 3006 3420 auxiliator
3031 3379 3223 3428 meus,
3257 3378 3446 3420 cornu
3503 3363 3711 3422 salutis

2051 3472 2224 3524 meae,
2239 3459 2298 3510 et
2317 3458 2630 3525 susceptor
2654 3469 2848 3523 meus,
2865 3468 3049 3526 quem
3078 3453 3370 3510 invocans
3395 3453 3564 3511 salva
3584 3470 3708 3522 ero,

327 3547 392 3604 in
416 3547 548 3620 ipso
575 3549 980 3618 transgrediar
1009 3565 1290 3617 murum;
1338 3565 1603 3618 murum,
1647 3549 1922 3622 inquam,
1980 3544 2389 3619 perversitatis
2442 3543 2643 3615 hujus,
2695 3543 2800 3616 qui
2848 3546 3092 3615 separat
3146 3559 3184 3600 a
3237 3542 3359 3600 Deo
3398 3548 3581 3617 atque
3629 3544 3711 3602 ab

330 3639 555 3693 aeterna
580 3635 991 3710 incﬂ‘abilique
1017 3638 1078 3694 in
1105 3637 1273 3693 coelis
1299 3637 1646 3694 beatudine.

407 3723 631 3785 κζ’.Ἥν
676 3726 764 3778 οὖν
807 3723 938 3779 ίδείν
989 3727 1218 3799 αἱμάτων
1271 3724 1325 3778 ἐκ
1384 3723 1647 3799 διαφόρων
1694 3732 1784 3777 τοῦ
1842 3729 1941 3776 σω-

335 3833 494 3887 ματος
561 3824 728 3889 μερῶν
799 3815 1185 3891 προχεομένους
1255 3820 1519 3890 κρουνούς,
1614 3812 1941 3886 ἐδαφος,φοι-

331 3909 659 3977 νισσόμενον,
714 3909 948 3980 κέρματα
1021 3914 1226 3979 σαρκῶν
1289 3903 1496 3958 ἀλλοθεν
1554 3904 1684 3956 ἄλλα
1728 3901 1938 3956 διασκι-

333 3990 581 4066 δνάμενα,
644 4003 797 4067 σῶμα
849 3995 1095 4058 καθάπαξ
1158 3994 1492 4063 καταξανθὲν,
1559 4002 1714 4066 σῶμα
1777 4012 1936 4044 κατα-

325 4081 531 4149 ϐληθὲν,
565 4089 653 4136 καὶ
709 4087 810 4157 πρὸ
859 4092 952 4145 τῆς
1003 4086 1198 4158 φθορᾶς
1250 4103 1440 4159 μικρου
1500 4084 1656 4155 φάναι
1713 4079 1932 4155 διαφθα-

326 4173 432 4244 ρὲν,
460 4171 668 4245 ψυχὴν,
699 4169 749 4225 δ’
777 4171 978 4242 ἀπαθῆ,
1033 4178 1122 4226 καὶ
1168 4177 1320 4234 ὅντως
1375 4171 1784 4247 οῦρανοϐάμονα·
1839 4175 1932 4230 τὴν

324 4261 429 4334 γάρ
479 4281 561 4314 τοι
620 4261 842 4334 κεφαλὴν
913 4264 943 4320 ἡ
1004 4268 1241 4336 μακαρία
1297 4259 1811 4336 διάρασα,Τύπτετε
1863 4261 1931 4322 ὠς

327 4349 492 4421 ἰσχύς
539 4352 659 4424 ὑμῖν
737 4353 854 4423 ἔφη,
929 4355 1168 4405 τύπτετεο
1247 4351 1336 4425 ἐμὲ
1379 4356 1504 4425 γὰρ,
1556 4348 1612 4403 εὖ
1665 4351 1790 4419 ἱστε,
1835 4359 1932 4413 τῆς

323 4440 616 4510 προθέσεως
672 4437 896 4502 ούδόλως
967 4440 1268 4509 ἐκστήσετε,
1340 4438 1463 4494 ούδε
1508 4449 1616 4502 τοῖς
1669 4441 1929 4514 ὑμετέροις

323 4527 608 4601 θελημασιν
633 4529 902 4582 ύποκλῖναι
946 4528 1256 4590 δύνήσεσθε.
1291 4530 1312 4548 ν
1335 4531 1424 4603 Ap’
1484 4531 1578 4583 ούκ
1641 4529 1924 4603 ἐμφιλοσο-

325 4624 539 4691 φώτατα
576 4622 633 4670 τό
663 4627 752 4671 τοῦ
791 4619 1118 4692 Ἀναξάρχου
1165 4616 1511 4689 διενοήσατο;
1546 4615 1629 4693 ἀρ’
1681 4620 1739 4672 ού
1761 4628 1924 4693 κρεῖτ-

319 4727 406 4761 τον
433 4705 643 4779 ἐκείνου,
673 4715 765 4760 τοῦ
790 4709 873 4761 ἐπὶ
929 4714 1253 4779 γενναιότητι
1312 4706 1626 4780 διαϐοήτου,
1689 4718 1780 4761 τοῦ
1831 4715 1924 4768 τὴν

325 4801 511 4869 σοφίαν
588 4797 1011 4872 πολυθρυλλήτου
1090 4801 1148 4849 τό
1232 4807 1386 4870 σῶμα
1448 4804 1920 4874 περιπεφρόνηκεν,

322 4887 384 4940 Εἰ
412 4888 513 4961 γάρ
545 4892 635 4939 καὶ
665 4891 736 4960 μὴ
772 4886 991 4940 θύλακον
1022 4891 1226 4960 ἔφησεν,
1271 4887 1374 4940 ἀλλ’
1440 4887 1646 4960 ἐνόμισε
1697 4893 1786 4940 καὶ
1832 4895 1924 4940 τοῦ

320 4973 550 5049 μηδενός
575 4980 814 5048 ἐτίμησε,
874 4985 1108 5050 κρεῖττον
1158 4980 1310 5038 ὅντως
1358 4975 1550 5029 ἐκείνου
1614 4985 1704 5029 και
1757 4976 1924 5050 ἐφιλο-

321 5069 522 5138 σόφησε
551 5070 641 5118 καὶ
691 5063 1003 5138 ἠνδρίσατο.
1049 5066 1108 5119 Ὀ
1153 5070 1243 5139 μεν
1301 5069 1402 5141 γὰρ
1455 5064 1534 5118 ἐπ’
1579 5064 1749 5138 ὀλίγον
1806 5064 1926 5138 ἐμα-

319 5155 544 5225 στίχθη,
575 5159 664 5206 καὶ
697 5153 760 5215 ὠς
787 5154 834 5207 ἐν
870 5157 1064 5230 θεάτρῳ
1103 5162 1208 5216 τοῖς
1260 5162 1662 5228 παρατυχοῦσιν
1713 5153 1923 5227 ἐμφανί-

319 5243 696 5312 ζεσθαιῆθελε,
748 5250 838 5298 καὶ
891 5251 983 5304 τὴν
1038 5246 1162 5320 παρ’
1226 5245 1505 5321 ἀνθρώπων
1560 5241 1718 5307 δόξαν
1776 5243 1922 5319 ἐκαρ-

315 5334 452 5405 τέρει
510 5335 825 5408 θηρώμενος,
898 5339 948 5387 οἵ
1020 5355 1074 5387 τε
1156 5338 1256 5407 γὰρ
1307 5337 1518 5408 ὁρῶντες
1595 5333 1918 5406 στιζόμενον,

315 5426 408 5474 καὶ
471 5429 581 5484 ταῖς
636 5424 866 5487 στίξεσιν
919 5425 978 5478 ού
1030 5431 1526 5498 κατακαμπτόμενον
1583 5423 1920 5495 ἐτεθήπεσαν,

389 5583 467 5656 (6)
479 5589 662 5659 _Anax
672 5587 836 5644 archi
850 5587 1309 5654 Abderitae,cum
1324 5587 1496 5659 jussu
1518 5588 1918 5646 Nicocreontis

316 5655 516 5728 Cyprii
536 5659 803 5733 tyrranni
839 5659 900 5715 in
922 5674 1106 5714 saxeo
1122 5655 1408 5733 mortario
1428 5660 1911 5733 contunderetur,

315 5743 389 5785 ea
411 5743 529 5784 vox
564 5729 851 5788 laudatur
891 5747 928 5788 a
979 5731 1226 5798 Laertio,
1282 5732 1582 5799 Cicerone,
1640 5729 1911 5791 Valerioi

2123 3725 2210 3778 27.
2237 3723 2486 3780 Cernere
2515 3722 2695 3793 igitur
2724 3723 2853 3777 erat
2878 3721 3040 3778 rivos
3090 3721 3266 3794 quasi
3318 3722 3632 3794 sanguinis
3675 3739 3709 3782 θ

2048 3813 2230 3870 variis
2254 3812 2507 3882 virginei
2532 3809 2870 3883 corpusculi
2895 3811 3169 3884 partibus
3199 3811 3586 3884 proﬂuentes,
3615 3829 3708 3872 so-

2045 3903 2174 3958 lum
2205 3907 2626 3976 purpuratum,
2674 3901 2950 3957 carnium
2999 3900 3190 3958 frusta
3235 3901 3353 3958 alio
3401 3901 3520 3960 alia
3569 3903 3704 3962 loco

2047 4009 2278 4066 sparsa,
2293 4008 2509 4065 corpus
2523 4007 2770 4063 prorsus
2781 3991 3066 4063 lacerum,
3083 4007 3304 4064 corpus
3318 3992 3699 4068 dissolutum,

2045 4087 2102 4139 et
2122 4087 2260 4139 ante
2282 4087 2537 4138 mortem
2561 4081 2738 4154 quasi
2784 4087 3242 4154 praemortuum,
3301 4098 3440 4140 cum
3497 4084 3705 4142 anima

2043 4171 2278 4228 interim
2301 4169 2766 4245 perturbationis
2777 4186 2992 4243 expers
3007 4171 3066 4226 in
3079 4171 3216 4244 ipso
3239 4171 3702 4246 quodammodo

2043 4261 2197 4318 cmlo
2211 4262 2431 4316 versari
2467 4261 2788 4316 videretur.
2822 4259 3050 4317 Etenim
3080 4260 3318 4318 sublato
3342 4261 3700 4336 aliquantis-

2041 4366 2148 4423 per
2163 4350 2355 4424 capite
2377 4369 2390 4419 ;
2409 4349 2745 4417 Vcrberate,
2764 4349 3095 4423 inquiebat,
3109 4356 3405 4424 quantum
3426 4354 3698 4427 potestis,

2040 4440 2187 4512 quin
2218 4439 2400 4496 etiam
2424 4443 2671 4496 cunctas
2698 4439 2759 4494 in
2779 4438 3032 4496 verbera
3058 4439 3263 4497 afferte
3285 4440 3474 4510 vires;
3506 4444 3696 4502 nostis

2041 4530 2221 4594 enim,
2256 4547 2292 4585 a
2317 4530 2568 4603 pristina
2588 4529 2804 4586 mentis
2835 4530 3126 4586 sententia
3154 4530 3320 4588 nullo
3363 4548 3460 4588 me
3511 4534 3698 4592 modo

2039 4619 2507 4686 dimovendam;
2539 4635 2648 4676 nec
2677 4619 2885 4676 vestris
2916 4635 3190 4692 unquam
3233 4621 3543 4679 desideriis
3599 4641 3697 4681 me

2039 4709 2332 4779 subjicere
2351 4709 2636 4780 poteritis.
2659 4711 2866 4764 Nonne
2878 4724 3021 4779 ergo
3061 4711 3228 4782 quod
3252 4711 3314 4768 in
3338 4715 3695 4772 Anaxarcho

2035 4800 2114 4871 (6)
2145 4798 2508 4871 phi1050pho
2539 4797 2649 4853 fuit
2679 4799 3209 4869 praeclarissimum
3256 4801 3566 4872 insigniter
3615 4810 3695 4862 te-

2033 4889 2163 4945 nuit
2185 4890 2212 4944 ?
2238 4903 2438 4943 nonne
2470 4887 2681 4944 melius
2701 4903 2887 4960 quam
2926 4887 3040 4957 ille,
3075 4889 3155 4945 ob
3178 4890 3552 4949 nobilitatem
3600 4910 3693 4951 ce-

2034 4977 2240 5046 lebris,
2267 4983 2325 5034 et
2349 4977 2429 5033 ob
2457 4977 2816 5050 sapientiam
2837 4977 3233 5044 clarissimus,
3264 4995 3483 5053 corpus
3509 4998 3686 5040 suum

2034 5068 2435 5140 contempsit?
2450 5068 2507 5124 Si
2533 5067 2712 5137 enim,
2738 5065 2964 5122 femina
2983 5067 3294 5136 exsistens,
3314 5069 3494 5127 molle
3515 5071 3686 5144 nihil,

2031 5158 2182 5214 nihil
2207 5159 2388 5214 sensit
2418 5161 2522 5214 aut
2549 5156 2698 5213 dixit
2735 5155 3084 5224 femineum,
3133 5172 3244 5214 nec
3295 5159 3548 5218 reverita
3599 5167 3691 5224 est

2032 5264 2404 5320 quemquam
2429 5267 2442 5317 ;
2477 5246 2793 5303 sublimius
2809 5246 3075 5319 profecto
3091 5262 3275 5319 quam
3301 5248 3397 5305 ille
3417 5250 3688 5324 philoso-

2031 5337 2217 5410 phata
2243 5341 2350 5404 est,
2378 5341 2434 5392 et
2461 5336 2810 5409 generosius
2842 5335 2979 5407 egit.
3014 5335 3115 5392 Hic
3151 5336 3427 5396 videlicet
3467 5343 3687 5416 exiguo

2033 5425 2230 5482 solum
2249 5430 2517 5499 tempore
2533 5424 2885 5481 verberibus
2916 5429 3227 5495 contusus,
3249 5432 3686 5501 spectatoribus

2029 5613 2058 5643 «
2086 5590 2311 5658 Tunde,
2344 5589 2534 5661 tunde
2571 5589 2910 5648 Anaxarchi
2981 5591 3201 5661 follem,
3258 5597 3685 5656 Anaxarchum

2026 5662 2189 5719 enim
2219 5679 2342 5720 non
2370 5660 2594 5719 tundis.
2626 5681 2654 5710 »
