2076 3186
219 164 271 192 919
821 167 1040 197 ΟΟΝΞΤΑΝΤΙΝ

1094 168 1300 199 CROPOLITIE
1306 191 1313 198 .
1857 175 1912 204 920

219 226 317 262 gestiit
325 226 587 272 quemadmodum
597 227 629 256 in
637 228 754 258 theatro
759 230 941 267 conspicuus
954 233 1032 260 esset

1105 242 1151 259 και
1179 234 1204 259 οἱ
1241 234 1414 270 μαστίςοντις
1445 235 1569 272 παραντὰ
1592 233 1798 272 μεταδληθέντις
1825 236 1908 264 ἄθαύ-

219 271 411 299 elhominum
420 272 632 301 tantummodo
642 273 764 302 laudem
774 277 974 311 consectatus,
992 276 1040 305 for

1103 278 1198 314 μαζον·
1240 278 1288 309 τῆν
1326 277 1357 305 δέ
1393 288 1424 316 γι
1446 271 1577 317 μακαρίαν
1592 271 1697 310 ταύτην
1718 282 1744 308 οἱ
1770 281 1909 314 τύπτοντες

217 315 284 343 titer
297 315 366 344 fecit
375 326 385 352 ,-
404 324 474 345 cum
490 317 603 346 scilicet
616 320 779 354 praesentes
804 319 1038 357 obstupesceren

1105 323 1209 358 σύναιμα
1221 332 1264 350 κοι
1277 324 1302 349 οἱ
1319 325 1479 361 τυπτομένην
1508 325 1630 361 θεώμενοι
1656 325 1710 361 οὐχ
1742 326 1783 352 ὅτι
1806 336 1837 362 γε
1860 327 1909 353 οὐκ

217 359 384 396 hominem,
397 361 527 399 subipsa
537 362 715 392 contusione
733 371 771 392 ne
781 364 906 400 quidem
918 373 985 394 sese
994 368 1040 394 tor

1103 366 1194 396 ἠλέουν
1223 367 1288 395 αλλὰ
1299 378 1345 395 και
1354 359 1461 405 ἐμίσουν
1487 369 1516 395 ὂι
1542 359 1644 406 ψυχῆς,
1673 359 1719 397 και
1746 359 1908 409 ἰλοιδοροῦν-

217 407 361 441 quentem
373 405 404 434 in
416 405 506 440 latus,
520 407 639 443 ipsique
651 408 704 444 qui
727 416 798 437 eum
824 410 1037 439 contundeban

1102 421 1133 439 το
1147 414 1230 443 ταύτῃ
1245 417 1291 444 τῆς
1303 412 1436 449 ἀπονοίας,
1452 424 1498 442 και
1512 414 1673 446 ἔταλάνιζον.

217 450 380 478 commotis
402 451 511 478 animis
534 452 676 480 eumdem
696 452 924 482 demirarentur.
940 456 1059 483 Beatam
1081 464 1150 485 vero
1171 458 1261 492 hanc,
1281 461 1344 487 tam
1359 459 1410 495 qui
1433 459 1598 495 caedebant,
1615 468 1710 496 quam
1731 461 1784 497 qui
1796 469 1908 491 caesam

217 494 406 530 spectabant,
420 503 482 524 non
493 496 595 530 modo,
616 505 677 525 non
693 498 924 533 miserebantur,
943 500 996 528 sed
1007 500 1210 531 infensissimo
1222 511 1345 540 quoque
1363 494 1720 541 prosequebantur—odio,
1737 494 1766 534 et
1783 507 1908 536 demen-

218 538 291 567 tiam
304 539 330 567 ei
345 539 550 575 objectabant,
566 544 689 578 propter
701 551 794 579 quam
815 551 882 572 eam
896 544 1044 580 putabant
1060 546 1218 575 infelicem.

252 585 297 611 28.
308 585 418 612 Revera
433 588 503 621 post
511 585 591 613 illam
603 587 654 614 Dei
662 595 754 623 supra
764 590 905 616 naturam
927 597 1049 618 omnem

217 628 308 663 positi
323 629 571 664 incarnationem,
587 630 622 658 iis
638 639 761 667 quoque
782 633 835 669 qui
859 633 916 661 sub
941 637 1049 663 natura

217 674 287 700 sunt
299 681 391 709 supra
402 676 539 702 naturam
553 683 641 710 agere
651 676 779 705 multaet
786 678 847 713 pati
868 686 1047 707 concessum

1140 592 1193 621 κη’.
1225 592 1322 623 Ὄντως
1351 594 1417 629 μετὰ
1444 596 1491 623 τὴν
1518 598 1563 620 τοῦ
1593 595 1723 631 mmo;
1741 599 1809 622 Θεοῦ
1837 596 1906 623 ἐναν-

1105 632 1239 668 θρώπησιν
1267 637 1398 671 καρτερεῖν
1441 635 1472 660 τὰ
1496 634 1558 672 ini-ip
1597 636 1674 671 φύσιν
1709 639 1760 666 τοῖς
1788 637 1839 663 ὑπὸ
1860 638 1905 673 φύε

1104 686 1145 703 σιν
1178 679 1348 714 κεχάρισται,
1399 688 1443 705 και
1469 680 1538 705 κατὰ
1582 679 1657 715 λόγον
1686 681 1774 711 ὄντως.
1803 680 1833 708 Ὀ
1852 682 1901 719 γὰρ

216 716 281 746 fuit.
295 719 396 754 Neque
428 719 460 747 id
492 719 641 749 immerito
658 730 664 754 ;
681 722 793 758 quippe
818 725 927 751 natura
963 725 1047 752 omni

217 762 361 798 superior,
370 766 544 800 natumque
551 764 672 793 effector
679 767 766 800 Deus,
774 768 802 794 et
809 769 917 803 praeter
931 771 1046 796 naturae

215 808 297 844 leges
313 811 402 837 natus
412 809 504 837 homo
518 810 673 847 multaque
694 819 787 847 supra
798 812 862 848 ejus
889 813 967 841 vires
985 813 1045 841 efﬁ-

216 861 282 881 cere
294 853 408 889 valens,
422 856 538 882 naturas
555 863 677 891 quoque
692 856 774 884 dedit
792 858 939 886 nonnulla
953 867 1045 894 supra

214 898 293 926 vires
308 899 432 934 perpeti,
449 900 711 935 quemadmodum
726 901 756 928 in
769 901 826 929 hac
853 902 941 931 beata
966 903 1042 931 fecit.

216 943 281 976 Quo
293 943 373 970 enim
385 943 478 971 modo
490 944 600 972 valeret
620 944 743 978 femina,
766 946 922 975 imbecillis
959 956 1044 976 sexu,

215 988 396 1024 paulientiis
412 989 567 1025 exhausta,
581 998 704 1026 corpore
719 991 894 1020 verberibus
911 993 952 1021 sic
962 993 1042 1022 lace-

214 1035 290 1067 rato,
303 1035 404 1069 atque,
427 1036 460 1061 ut
485 1034 526 1062 ita
554 1034 666 1070 dicam,
682 1036 843 1072 discerpto,
869 1037 941 1066 talia
969 1038 1045 1067 inter

214 1077 332 1105 medios
343 1078 491 1106 cruciatus
509 1079 617 1107 sentire
640 1082 668 1107 et
695 1081 830 1116 profari?
844 1082 986 1118 Equidem
1000 1083 1044 1111 sic

214 1122 361 1158 existimo,
395 1123 529 1151 divinam
569 1124 776 1161 Theodosiam,
802 1127 1042 1155 Machabaaorum

213 1167 583 1204 exemplo,corporearum
591 1170 727 1198 omnium
739 1171 931 1199 aﬂ‘ectionum
945 1172 1043 1200 domi-

213 1220 285 1240 nam
300 1213 487 1241 constituisse
522 1214 680 1249 rationem,
711 1223 778 1243 vere
797 1216 950 1252 invictam,
974 1225 1042 1244 vere

211 1257 460 1293 insuperabilem.
478 1259 678 1293 Caeterum,ut
698 1262 761 1288 tam
785 1260 898 1288 fortiter
921 1263 1042 1297 tamque

211 1304 382 1329 constanter
390 1302 539 1330 cruciatus
554 1303 734 1339 peracerbos
746 1304 785 1332 ab
796 1312 831 1332 ea
845 1305 983 1333 sustineri
998 1305 1041 1333 vi-

210 1346 618 1382 deruntquieosinterebant,
626 1348 734 1384 partim
742 1349 865 1385 quidem
880 1350 963 1386 quod
977 1350 1041 1378 afe-

210 1391 294 1418 mina
300 1391 393 1419 victos
400 1391 514 1427 seipsos
521 1392 857 1430 erubescerent,partim
869 1398 973 1422 contra
987 1403 1042 1423 su-

210 1435 402 1471 amipsorum
410 1436 589 1472 pravitatem
596 1440 730 1472 agentes,
738 1440 767 1466 et
780 1438 811 1466 in
830 1439 945 1467 rabiem
961 1447 1039 1475 quo-

208 1479 375 1508 dammodo
389 1480 548 1516 acti,quod
559 1484 629 1509 tunc
641 1490 735 1510 unum
753 1486 919 1519 supererat,
935 1484 964 1511 in
978 1492 1040 1512 car—

1102 723 1164 757 ὐπὲρ
1179 724 1254 759 φύσιν
1278 726 1346 758 Θεὸς,
1374 734 1419 750 και.
1447 728 1492 755 τῆς
1515 726 1612 761 φύσεως
1647 723 1810 762 δημιουργός
1840 727 1904 764 ὑπὶρ

1101 768 1178 803 φύσιν
1203 777 1229 794 τε
1264 771 1385 804 γεγονὼς,
1431 779 1476 795 και
1517 771 1549 795 τὰ
1583 771 1646 807 ὑπὲρ
1683 772 1758 806 φύσιν
1793 771 1904 808 ἐνηργη-

1100 814 1162 845 κὼς,
1191 815 1273 849 φέρειν
1306 817 1336 842 τῆ
1375 814 1451 849 φύσει
1479 815 1512 839 τὰ
1548 814 1611 851 ὑπὲρ
1641 814 1721 844 αὐτὴν
1749 815 1902 852 ἐχαρίσατο,

1100 857 1176 882 ὁποῖά
1202 867 1232 893 ’γε
1257 857 1304 883 κᾶν
1343 862 1373 887 τῆ
1416 861 1534 896 μακαρίᾳ
1567 860 1647 888 ταύτῃ
1675 859 1831 886 τετέλεσται·
1858 870 1905 887 και

1099 905 1154 931 πῶς
1177 903 1227 939 γὰρ
1261 902 1343 933 άλλως
1365 904 1478 938 ἴσχυσεν
1500 902 1530 929 ἂν
1558 904 1665 939 γύναιον
1686 904 1784 930 ἁπαλὸν
1805 909 1836 934 τῆ
1857 906 1905 941 φύ-

1065 945 1085 972 Β
1101 955 1150 979 σει,
1176 946 1279 973 ἐκτακέν
1320 952 1350 977 τῆ
1379 947 1502 980 ἀσκήσει,
1531 949 1578 979 τὰς
1605 949 1705 985 σάρκας
1724 949 1791 975 οὑτω
1824 959 1904 976 κατα-

1101 992 1278 1027 στιχθεν,και
1292 992 1323 1023 ὡς
1353 993 1432 1019 εἰπεῖν
1463 991 1679 1031 διασπαραχθεν,
1702 997 1812 1021 τοιαῦτα
1834 994 1904 1031 φιλο-

1100 1035 1186 1072 σοφεῖν
1198 1036 1221 1062 ἐν
1235 1041 1290 1068 τοῖς
1300 1038 1410 1064 πάθεσιν
1423 1046 1429 1072 ;
1441 1037 1541 1069 ’Ὁντως
1566 1038 1747 1076 αὐτοκράτορα
1772 1043 1820 1065 τῶν
1853 1049 1903 1066 πα-

1100 1081 1149 1106 θῶν
1171 1082 1214 1106 τὸν
1247 1080 1373 1117 λογισμὸν
1406 1083 1474 1108 κατὰ
1514 1085 1572 1114 τοὺς
1609 1083 1690 1110 πάλαι
1713 1084 1903 1116 Μακκαϐαἰους

1097 1126 1271 1160 παρέστησεν,
1323 1127 1400 1157 ὅντως
1431 1126 1570 1160 ἀήττητον,
1628 1127 1706 1159 ὃντως
1743 1127 1904 1164 ἁκαταγώνι-

1099 1169 1252 1198 στον.ῐ1λήν
1272 1168 1325 1195 ἀλλ’
1356 1170 1392 1201 ὡς
1409 1168 1477 1197 εἶδον
1505 1171 1572 1197 οὕτω
1597 1181 1719 1207 γενναιως
1742 1174 1790 1203 τὰς
1815 1172 1902 1209 βασά-

1097 1222 1166 1247 νους,
1197 1213 1264 1240 οὓτω
1292 1219 1423 1251 καρτερῶς
1448 1217 1587 1252 φέρουσαν,
1611 1220 1687 1243 τοῦτο
1713 1218 1759 1253 μὲν
1778 1219 1901 1253 γυναικὸς

1097 1258 1240 1294 ἡττώμενοι
1255 1269 1300 1285 και
1324 1261 1371 1288 τήν
1400 1258 1480 1288 ἧτταν
1509 1259 1739 1297 ἓπαισχυνόμενοι,
1768 1266 1846 1288 τοῦτο
1870 1260 1901 1288 δὶ

1096 1307 1142 1334 τῆς
1186 1308 1256 1340 σφῶν
1293 1302 1451 1336 κακοδοξίας
1496 1304 1703 1341 ἀντιποιούμενοι
1724 1316 1769 1332 και
1795 1307 1848 1333 οἷον
1872 1307 1902 1334 ἐκ

1098 1349 1274 1386 θηριούμενοι,
1310 1352 1338 1375 τό
1380 1360 1410 1385 γε
1428 1354 1472 1376 νῦν
1502 1351 1566 1376 εἶναι
1590 1353 1691 1388 φρουρᾷ
1711 1353 1901 1388 παραπέμπου-

1098 1403 1136 1428 σι,
1151 1403 1195 1420 και
1210 1398 1265 1425 τοῖς
1277 1398 1324 1425 τῆς
1336 1398 1448 1431 φρουρᾶς
1477 1393 1671 1432 παραδιδοῦσι,
1704 1393 1809 1428 δεινοῖς,
1834 1397 1902 1431 κάμ-

1323 1127 1400 1157 ὅντως
1431 1125 1462 1155 ἀὴ
1467 1135 1513 1155 ττη
1517 1137 1570 1160 τον,

1096 1438 1144 1474 ψαι
1164 1440 1260 1468 ταύτην
1283 1440 1349 1466 οὕτω
1372 1439 1535 1476 βουλόμενοι,
1563 1450 1607 1466 και
1631 1444 1667 1475 τῷ
1696 1439 1822 1476 βασιλείῳ
1850 1440 1901 1466 καθ

1096 1484 1224 1515 υποτάξαι
1240 1483 1400 1521 βουλήματι.

207 1532 306 1553 cerem
318 1526 515 1553 emendatam
530 1526 731 1555 carceralibus
743 1527 866 1557 tradunt
881 1528 1035 1562 aerumnis,
1048 1529 1090 1556 ita
1105 1536 1172 1557 eam
1183 1528 1308 1564 fatigare
1323 1529 1465 1562 volentes,
1482 1531 1510 1558 et
1524 1529 1613 1565 regiae
1622 1529 1745 1558 tandem
1752 1529 1899 1565 subjicere

206 1569 365 1597 voluntati.

243 1615 288 1642 29.
305 1614 370 1641 Non
384 1613 490 1648 paucis
500 1613 609 1643 deinde
624 1614 735 1651 elapsis
758 1615 876 1650 diebus,
904 1624 974 1644 cum
1001 1617 1038 1644 de
1058 1617 1077 1645 C

207 1664 244 1686 ea
258 1657 369 1685 iterum
391 1657 555 1693 periculum
577 1658 718 1693 facerent,
736 1661 938 1697 eamdemque
963 1661 1038 1689 sicut

207 1702 276 1730 ante
289 1701 448 1737 persistere
463 1702 639 1736 invenirent,
656 1712 691 1732 ac
708 1705 843 1740 ejusdem
870 1713 1037 1740 cognosce-

205 1748 272 1774 rent
285 1753 408 1774 manere
436 1749 601 1783 sententiae,
623 1751 749 1777 mortem
775 1750 840 1785 ejus
861 1751 1034 1778 decernunt.

205 1790 330 1830 Mox‘alii
345 1791 488 1819 manibus
501 1800 569 1820 eam
589 1794 780 1829 accipientes,
793 1794 841 1822 alii
852 1803 906 1831 per
932 1795 1036 1831 capitis

205 1835 308 1863 velum
326 1836 485 1871 trahentes,
497 1837 563 1865 aliis
579 1837 628 1865 alii
653 1839 787 1874 corporis
808 1840 952 1868 membris
968 1848 1035 1868 eam

205 1882 369 1916 raptantes,
391 1881 473 1909 velut
485 1890 576 1918 pecus
590 1884 756 1919 quoddam,
774 1884 926 1913 ducebant
946 1885 985 1913 ad
994 1885 1035 1913 la-

206 1925 330 1954 nienam
343 1926 532 1955 innocentem
547 1928 597 1955 Dei
608 1928 762 1963 buculam,
778 1930 913 1964 ejusdem
926 1930 1035 1958 stabuli

207 1971 235 1998 et
246 1971 352 2006 pascui
361 1974 543 2005 consortem,
555 1980 654 2008 neque
665 1973 704 2001 ab
715 1974 757 2001 eis
776 1974 876 2003 divelli
898 1983 1035 2011 unquam

207 2022 238 2043 se
251 2022 385 2051 passam.
401 2017 466 2044 Non
479 2016 603 2045 deerant
618 2017 737 2046 interim
750 2019 802 2054 qui
817 2027 885 2047 eam
901 2022 1036 2055 percute-

205 2062 281 2093 rent,
295 2062 324 2088 et
337 2060 531 2089 inclementer
540 2062 731 2091 verberarth
745 2073 751 2098 ;
764 2071 836 2092 nam
847 2067 969 2093 cateros
983 2064 1037 2100 qui

206 2112 275 2133 eam
289 2105 435 2139 convitiis,
448 2113 464 2134 e
477 2106 565 2141 pleno
581 2107 625 2141 (ut
637 2107 757 2143 dicitur)
770 2108 905 2144 plaustro
925 2108 1036 2144 petitis,

207 2148 375 2177 onerabant
405 2150 510 2178 omitto
535 2150 646 2179 dicere.
682 2153 843 2188 Postquam
872 2155 972 2180 autem
1001 2161 1036 2181 eo

206 2196 361 2225 venerunt,
378 2193 430 2222 ubi
443 2194 636 2223 decreverant
650 2195 743 2223 finem
780 2196 877 2224 facere
908 2197 942 2224 iis
970 2205 1036 2232 quae

206 2237 405 2266 intendebant
419 2238 623 2273 (decreverant
639 2242 739 2268 autem
755 2240 785 2268 id
802 2241 898 2269 facere
925 2241 954 2268 in
975 2250 1037 2269 ma-

208 2282 282 2311 cello
296 2282 345 2318 (7),
357 2284 389 2310 ut
400 2284 545 2319 tanquam
558 2284 816 2320 cvisjugularetur
826 2288 877 2313 aut
890 2286 979 2314 veluti
988 2287 1036 2322 ju-

208 2329 345 2356 mentum
360 2330 541 2356 mactaretur
562 2331 622 2357 tam
633 2329 673 2358 ad
696 2331 909 2359 contumeliam
931 2331 1036 2367 ipsius,

208 2380 304 2409 quam
317 2372 356 2400 ad
386 2372 515 2401 aliorum
543 2373 624 2402 idem
664 2383 735 2402 cum
756 2375 824 2411 ipsa
849 2376 1038 2404 sentientium

208 2416 389 2453 irrisionem)
404 2426 410 2451 ;
426 2420 599 2454 postquam,
626 2421 658 2447 ut
687 2419 758 2453 dixi,
791 2428 953 2456 pervenere
978 2429 1039 2458 quo

209 2461 363 2496 volebant,
398 2462 575 2491 carniﬁcum
613 2471 766 2492 nonnemo
795 2473 908 2493 novum
950 2466 1040 2502 quid-

210 2506 283 2534 dam
303 2508 332 2534 et
365 2506 520 2536 insolitum
547 2509 725 2543 excogitavit
742 2518 748 2536 :
765 2509 846 2537 illam
866 2510 946 2538 enim
971 2518 1039 2546 quae

210 2552 315 2588 capitis
322 2552 505 2581 abscissione
511 2555 563 2581 aut
568 2554 726 2581 machaerae
733 2554 865 2590 impulsu
877 2556 1038 2591 peragitur,

210 2599 340 2626 mortem
362 2597 505 2626 acerbam
521 2598 646 2634 quidem
659 2599 805 2634 accidere,
820 2602 951 2628 attamen
966 2600 1038 2628 tole-

210 2640 337 2670 rabilem
353 2641 563 2670 arbitrabatur.
580 2645 703 2679 Arrepto
717 2644 818 2680 itaque
829 2645 912 2681 quod
935 2645 966 2673 in
990 2645 1039 2673 via

212 2685 335 2722 publica
342 2686 745 2724 forteotferebaturcornu(8)
761 2689 900 2724 virginem
909 2692 1039 2718 sanctam

248 2760 288 2795 (7)
304 2761 343 2798 pe
356 2760 433 2798 loco
446 2769 536 2797 supra
561 2762 623 2798 jam
639 2765 739 2791 actum
758 2765 812 2792 est.
839 2763 970 2790 Μάκελλον
990 2773 1041 2792 au-

214 2798 284 2833 tem,
304 2796 492 2833 Latinaliceti
508 2796 568 2825 vos
592 2799 638 2833 sit,
667 2799 758 2827 etiam
785 2799 895 2827 Paulus
919 2799 1001 2831 dixit.
1030 2801 1040 2828 Ι

213 2832 279 2867 Cor,
295 2839 323 2865 x,
339 2834 383 2861 25.
399 2832 553 2860 Μακελλεῐον
575 2832 644 2867 alii;
671 2834 741 2863 hinc
765 2835 958 2871 λεωμακέλλιον,
984 2837 1040 2864 Ma-

1129 1617 1178 1645 κθ“.
1221 1617 1251 1644 Ὡ
1290 1616 1319 1644 δὲ
1353 1623 1403 1644 τῶν
1442 1620 1544 1656 ἡμερῶν
1577 1618 1894 1656 ὁλίγαιπαριληλύθσσαν,

1093 1671 1138 1688 και
1153 1666 1243 1698 πεῖραν
1264 1662 1344 1693 αὐτῆς
1362 1664 1535 1699 ποιησάμενοι
1574 1663 1627 1690 ἐπει
1646 1666 1690 1692 τὴν
1720 1664 1802 1693 αὐτὴν
1822 1661 1898 1694 αὖθις

1093 1706 1177 1743 εὖρον,
1207 1709 1253 1736 τὴν
1278 1707 1358 1736 αὐτὴν
1381 1706 1457 1739 αὖθις
1481 1708 1641 1744 ἀνέγνωσαν,
1670 1707 1898 1739 καταδικάζουσιν

1094 1751 1175 1781 αὐτῆς
1191 1752 1310 1778 θάνατον.
1334 1752 1422 1779 Ἔνθεν
1451 1763 1492 1779 τοι
1518 1763 1563 1779 και
1592 1754 1616 1779 οἱ
1645 1755 1689 1789 μὲν
1724 1757 1774 1780 τῶν
1800 1757 1898 1790 χειρῶν

1091 1797 1189 1827 ταύτης
1212 1796 1357 1832 λαϐόμενοι,
1397 1798 1421 1823 οἱ
1451 1795 1480 1823 δὲ
1513 1802 1561 1829 τῆς
1604 1797 1714 1834 κεφαλῆς
1747 1797 1898 1834 καλύπτρας

1091 1838 1345 1877 δραξάμενοι,ά’λλοι
1362 1840 1386 1868 δ’
1411 1842 1488 1868 ἀλλον
1517 1843 1610 1879 μέρους
1638 1846 1684 1869 τοῦ
1710 1846 1828 1879 σώματος
1847 1841 1899 1868 εἷλ-

1090 1895 1145 1919 κον,
1161 1896 1205 1911 και
1220 1886 1254 1917 ὠς
1270 1885 1398 1923 βοσκημα
1424 1885 1487 1923 ἦγον
1528 1887 1569 1913 ἐπι
1595 1890 1697 1924 σφαγὴν
1723 1889 1771 1917 τὴν
1793 1887 1900 1924 ἀπειρό-

1090 1939 1169 1956 κακον
1185 1931 1217 1961 ὡς
1233 1930 1334 1962 ἀληθῶς
1362 1935 1429 1958 Θεοῦ
1459 1930 1582 1969 δάμαλιν,
1610 1942 1654 1958 και
1682 1936 1728 1963 τῆς
1753 1932 1833 1963 αὐτῆς
1858 1941 1900 1958 νο-

1090 1979 1142 2011 μῆς
1154 1984 1180 2001 τε
1209 1985 1254 2001 και
1282 1974 1402 2012 μάνδρας
1422 1975 1607 2013 ἀντεχομένην,
1632 1987 1678 2003 και
1707 1979 1743 2013 μὴ
1765 1980 1899 2013 μεταστῆ-

1090 2030 1132 2046 ναι
1153 2022 1182 2045 τὸ
1207 2021 1330 2056 παράπαν
1357 2021 1437 2051 αὐτῆς
1466 2020 1635 2057 ἀνιχομένην.
1658 2021 1717 2048 Εἰσι
1744 2019 1768 2048 δΙ
1794 2021 1818 2048 οἱ
1843 2022 1898 2048 ἔτυ-

1091 2074 1154 2090 πτον
1169 2065 1243 2099 ἐντῷ
1259 2065 1366 2101 μεταξὺ,
1394 2075 1438 2092 και
1467 2065 1579 2097 ἀνηλεῶς
1607 2067 1725 2093 ἔτυπτον·
1755 2067 1817 2097 τοὺς
1843 2067 1896 2104 γὰρ

1091 2108 1183 2143 ὕϐρεσι
1193 2109 1333 2140 πλύνοντας
1343 2120 1387 2136 και
1407 2110 1441 2141 ὠς
1470 2110 1496 2142 ἐξ
1520 2110 1631 2147 ἁμάξης,
1651 2112 1665 2137 ὅ
1693 2121 1769 2147 φασι,
1796 2110 1898 2138 διαλοι-

1094 2152 1267 2190 δορουμένους
1302 2158 1427 2191 παρίημι.
1466 2155 1534 2182 Ἀλλ’
1568 2156 1671 2193 ἐπείπερ
1697 2156 1812 2192 ἑφθασαν
1836 2157 1896 2183 ὅποι

1093 2196 1127 2227 δὴ
1142 2198 1213 2229 τέλος
1224 2197 1315 2225 δοῦναι
1330 2201 1479 2235 προῦκειτο,
1492 2204 1544 2230 τοῖς
1569 2202 1637 2227 κατὰ
1660 2203 1757 2227 σκοπὸν
1786 2201 1820 2237 (ἐν
1846 2211 1897 2238 μα-

1093 2243 1171 2278 κῦλῳ
1188 2241 1212 2268 δ’
1228 2243 1317 2274 αὐτοῖς
1341 2246 1487 2281 προῦκειτο,
1517 2246 1548 2271 ἶν’
1573 2249 1607 2276 ὡς
1627 2244 1734 2283 ἀμνάδα
1753 2245 1896 2283 παραδῶσι

1057 2298 1079 2325 ῃ
1096 2292 1248 2323 σφαγῆ.και
1263 2288 1296 2319 ὠς
1308 2290 1367 2315 ἕντι
1390 2294 1438 2315 τῶν
1464 2295 1564 2319 κτηνῶν
1593 2294 1737 2324 κτείνωσιν,
1767 2291 1823 2327 ἅμα
1851 2292 1896 2327 μὶν

1095 2333 1131 2363 εἰς
1145 2333 1241 2369 χλεύην
1268 2338 1316 2364 τῆς
1333 2337 1481 2371 μακαρίας,
1509 2336 1563 2371 ἅμα
1586 2334 1615 2362 δὲ
1638 2346 1683 2362 και
1710 2340 1760 2361 τῶν
1785 2335 1897 2373 ὁμοφρό-

1094 2388 1142 2403 νων
1154 2379 1234 2407 ταύτῃ
1267 2379 1436 2415 κατάγελων),
1467 2379 1520 2406 ἀλλ’
1547 2381 1580 2411 ὡς
1607 2380 1666 2406 ὁποι
1697 2378 1731 2409 δὴ
1761 2390 1806 2406 και
1833 2380 1897 2417 βού-

1093 2423 1177 2449 λοιντο
1203 2426 1388 2459 παραγένοιντο
1407 2429 1456 2450 τῶν
1480 2434 1520 2455 τις
1554 2424 1657 2461 δημίων
1696 2427 1842 2462 καινότερον
1870 2434 1897 2451 τι

1095 2466 1260 2497 διενοήσατο·
1278 2469 1325 2498 τῆν
1336 2470 1381 2505 μὲν
1395 2470 1445 2506 γὰρ
1475 2468 1522 2496 διὰ
1549 2473 1594 2495 τοῦ
1619 2470 1707 2506 ξῖφους
1732 2472 1824 2506 τομὴν,
1853 2480 1895 2497 πι-

1094 2514 1157 2550 κράν
1183 2514 1228 2549 μὲν
1257 2523 1302 2539 και
1342 2513 1422 2544 ἄλλως
1452 2512 1593 2551 ὀδυνηρὰν,
1630 2515 1684 2541 ἀλλ’
1713 2514 1756 2541 οὖν
1783 2517 1896 2552 φορητὸν

1096 2556 1129 2587 δή
1156 2568 1210 2589 πως
1236 2558 1365 2594 ἡγήσατο,
1382 2569 1427 2584 και
1454 2561 1501 2589 τὴν
1528 2558 1575 2585 διὰ
1599 2563 1738 2597 μαχαίρας
1762 2560 1895 2590 ὡσαύτως.

1096 2605 1177 2640 Κέρας
1212 2601 1255 2629 οὖν
1283 2608 1332 2629 τῶν
1356 2605 1560 2640 παρευρεθὲντων
1585 2605 1681 2639 λαϐὼν,
1709 2605 1744 2636 εἰς
1781 2609 1832 2641 γῆν
1869 2614 1897 2631 τι

1094 2651 1141 2678 τὴν
1167 2650 1259 2684 Ἀγίαν
1297 2648 1460 2685 καταϐακὼν,
1496 2659 1541 2676 και
1567 2655 1613 2681 τῆς
1637 2653 1722 2687 κόμης
1746 2652 1812 2689 πρὸς
1837 2649 1894 2676 ἔαυ-

1093 2696 1137 2720 τόν
1161 2693 1307 2724 ἀνακλάσας
1347 2693 1394 2720 διὰ
1427 2698 1472 2720 τοῦ
1510 2700 1690 2733 γαργαριῶνος
1743 2696 1814 2730 ὠθεῖ,
1850 2695 1895 2720 καὶ

1095 2764 1203 2793 cellum
1217 2764 1376 2802 publicum
1390 2766 1473 2802 apud
1491 2766 1669 2794 Cedrenum.

1130 2801 1168 2837 (8)
1174 2800 1339 2829 Arietinum
1347 2800 1440 2830 cornu
1447 2801 1655 2831 fuisseindicat
1662 2804 1766 2831 auctor
1776 2801 1898 2831 distichi

1095 2836 1127 2864 in
1139 2836 1320 2873 Synaxariis.
