4152 6378
325 378 424 434 921

327 499 656 564 σπονδύλους
702 502 867 575 τούτῳ
923 498 1203 575 διατεμὼν,
1286 504 1577 578 πικρότατα
1657 510 1747 563 τῆς
1808 504 1924 564 τοὺς

323 602 483 655 πνοῆς
502 592 665 651 αὐτὴν
697 590 994 668 ἀφαιρεῖται
1012 594 1218 665 σύναμα
1246 595 1335 645 καὶ
1364 599 1459 655 τῆς
1482 592 1638 654 ζωῆς.

1666 376 1738 434 ΙΝ
1778 379 1835 434 S.
1874 375 2347 434 THEODOSIAM.

3592 376 3698 432 922

2034 500 2356 574 prosternit
2385 500 2515 556 solo
2547 516 2560 565 ;
2597 503 2654 556 et
2677 499 2942 556 crinibus
2956 498 3698 572 eamoorripiens’magua

2036 591 2095 647 vi
2124 592 2186 647 iu
2211 590 2492 662 jugulum
2527 591 2604 661 (9)
2634 605 2823 647 cornu
2860 590 3128 663 impellit,
3161 593 3220 646 et
3243 589 3529 672 diﬂ‘ractis
3561 600 3694 663 quae

322 681 540 738 deinde
560 686 883 736 occurrunt
909 680 1217 747 vertebris,
1246 679 1637 737 acerbissimo
1665 696 1805 737 cum
1834 679 2058 737 doloris
2089 695 2269 736 sensu
2295 679 2570 752 spiritum
2600 679 2849 752 martyri
2883 678 3188 751 vitamque
3220 677 3461 734 ademit.

395 770 455 826 λ’.
487 774 589 824 Καί
618 772 667 823 οἱ
701 773 791 843 μὶν
819 768 952 823 οὓτω
980 772 1045 822 τὰ
1072 771 1206 821 κατὰ
1236 771 1397 842 θυμὸν
1444 768 1675 828 ἔπλησαν
1708 789 1721 802 ·
1780 771 1810 827 ἡ
1872 765 1934 821 δέ

321 861 475 923 εὐθὺς
548 867 649 913 τῶν
696 860 811 912 κατ’
873 861 1044 932 ἔφεσιν
1098 861 1256 931 ἔτυχε
1315 880 1328 893 ·
1380 862 1765 934 παραπομποὺς
1827 862 1928 933 γὰρ

322 949 577 1022 ἀγγέλους
630 950 838 1023 εὑρήκει
884 954 976 1001 καὶ
1032 950 1396 1024 προπομπούς,
1470 950 1520 1001 οἶ
1594 952 1685 1001 καὶ
1763 966 1926 1021 προη-

318 1046 506 1111 γοῦντο
555 1040 772 1103 ταύτης,
799 1042 891 1091 καὶ
936 1037 1047 1110 μετ’
1093 1036 1370 1111 εὐφημίας,
1426 1042 1782 1113 παρέπεμπον,
1836 1041 1929 1090 καὶ

320 1128 389 1190 εἰς
412 1126 629 1203 οὐρανὸν
658 1125 714 1179 ἐκ
747 1134 845 1199 γῆς
892 1125 1250 1199 μετεϐίϐαξον.
1304 1130 1463 1199 Τάχα
1515 1123 1566 1181 δ’
1625 1126 1686 1178 ἂν
1735 1126 1928 1199 ἀναγο-

317 1222 443 1291 μένη
475 1224 696 1271 τοιαῦτα
718 1219 787 1269 τὰ
806 1220 935 1291 πρὸς
963 1218 1055 1278 τὰς
1104 1215 1299 1290 ἀρχὰς,
1351 1220 1484 1289 πρὸς
1542 1219 1637 1278 τὰς
1686 1217 1929 1281 ἔξουσίας

316 1310 449 1380 μετὰ
505 1305 810 1381 παῤῥησίας
873 1305 1168 1379 ἕφθέγγετο,
1220 1305 1441 1377 ,Ὑψώθη
1499 1310 1654 1379 κέρας
1712 1326 1812 1379 μου
1877 1304 1926 1358 ἓν

318 1404 432 1451 Θεῶ
461 1415 583 1468 μου.
614 1396 698 1449 Ἐν
746 1398 847 1468 γὰρ
905 1393 1041 1465 οὖτῷ
1092 1398 1211 1456 τούς
1263 1393 1414 1467 ἂμοὺς
1472 1395 1696 1469 ἐχθροὺς
1742 1395 1924 1471 ἐκερὰ-

319 1504 464 1551 τισα,
496 1490 587 1538 καὶ
616 1491 705 1537 νῦν
734 1480 851 1538 ἰδοὺ
876 1487 1006 1557 πρὸς
1047 1483 1202 1537 αὐτὸν
1241 1486 1445 1557 ἄπειμι,
1505 1484 1660 1537 αὐτὸν
1717 1490 1927 1558 αμέσως

316 1577 406 1628 τὸν
444 1570 515 1627 δι’
552 1572 640 1647 ἐμέ
699 1574 950 1646 γεγονότα
995 1573 1111 1626 κατ’
1168 1572 1254 1646 ἐμὲ
1310 1578 1776 1647 προσκυνήσουσα,
1832 1584 1927 1639 τῆς

321 1667 653 1738 Θεομήτορος
721 1665 861 1726 θείας
922 1661 1393 1725 ἁπαπολαύσουσα,
1458 1665 1548 1723 τὰς
1623 1660 1719 1716 διὰ
1786 1672 1923 1738 Χρι-

318 1757 443 1807 στὸν
464 1751 790 1819 ἀθλησὰσας,
822 1751 913 1814 τὰς
961 1750 1243 1826 βιωσάσας
1287 1751 1453 1814 ἄλλως
1503 1755 1639 1805 κατὰ
1692 1756 1921 1825 Χριστόν

313 1840 679 1914 ἀσπασομένη,
711 1845 801 1894 καὶ
828 1851 924 1905 τῆς
972 1848 1110 1912 σφῶν
1159 1840 1366 1914 ὁμιλίας
1416 1846 1919 1916 κατατρυφὴσουσα,

312 1934 441 1984 εἴπω
501 1931 811 2001 συνελοῦσα,
841 1940 942 1984 τῶν
997 1935 1124 1993 τέως
1169 1950 1259 2004 μοι
1322 1939 1698 2004 προσκυνητῶν
1745 1935 1919 1985 τύπων

317 2019 546 2093 ὀψομένη
577 2027 668 2073 νῦν
722 2018 1026 2094 ἀπέρχομαι
1086 2022 1153 2073 τὰ
1208 2025 1527 2094 πρωτότυπα
1553 2042 1567 2055 ο
1638 2020 1738 2074 ὄιπὸ
1792 2027 1918 2090 γοῦν

311 2107 437 2181 ἐμοῦ
474 2112 526 2162 οἱ
554 2113 956 2182 πονηρεῦόμενοι
988 2111 1178 2171 παντες
1233 2106 1515 2168 ἀπόστητε.
1569 2108 1703 2162 Ἀλλ’
1743 2112 1773 2168 ἠ
1826 2115 1918 2182 μέν

314 2198 481 2261 οὕτως
534 2195 696 2270 εἶχεν,
756 2198 920 2260 οὕτως
974 2195 1238 2273 ἆνήρχετο
1269 2218 1281 2231 ·
1314 2199 1364 2250 οἱ
1430 2193 1491 2250 δέ
1535 2200 1728 2258 ταύτὴς
1790 2217 1916 2272 προ-

306 2290 662 2360 πορευόμενοι,
695 2290 1043 2359 παρεπόμενοί
1095 2305 1151 2339 τε
1210 2290 1301 2339 καὶ
1356 2290 1691 2359 συνεπόμενοι
1745 2292 1798 2339 τί
1854 2284 1915 2340 ἃν

307 2374 532 2443 ἰποίουν,
564 2380 655 2428 καὶ
690 2376 825 2437 ὅπως
883 2372 1179 2442 διέκειντο;
1228 2375 1291 2428 Εἰ
1339 2378 1440 2449 γὰρ
1491 2374 1576 2429 ἐπὶ
1615 2375 1687 2428 ἐνὶ
1739 2375 1915 2451 ἁμαρ-

305 2464 452 2536 τωλῷ
489 2472 844 2539 μετανοοῦντι,
899 2465 970 2528 ὠς
1016 2466 1043 2517 ὁ
1100 2466 1284 2539 Κύριος
1333 2465 1491 2526 αὐτὸς
1543 2483 1734 2538 ειρηκε,
1790 2485 1916 2537 χαι-

302 2573 501 2630 ροντες,
547 2558 722 2618 πόσης
766 2554 827 2608 ἂν
859 2554 945 2609 ἐπί
988 2563 1049 2629 τῇ
1083 2555 1139 2609 ἐκ
1186 2551 1379 2618 παιδός
1426 2555 1575 2616 εὐθύς
1629 2555 1913 2629 εὐαρεστη-

306 2647 447 2718 σάσῃ
503 2652 604 2698 τῶν
658 2647 846 2697 τούτου
900 2645 1103 2716 θεσμῶν
1156 2650 1329 2717 χαρᾶς
1383 2663 1438 2698 τε
1492 2650 1583 2698 καὶ
1638 2641 1915 2718 χυμηδίας

303 2732 429 2793 ἐπ’λή
438 2753 535 2787 σαν
569 2752 582 2803 ;

2112 771 2199 824 30.
2235 772 2427 842 Atque
2447 768 2507 825 hi
2538 766 2784 841 quidem
2812 783 2885 823 ea
2910 782 3035 840 qua
3064 767 3288 822 dictum
3331 770 3421 823 est
3464 765 3694 822 ratione

2038 858 2305 916 furorem
2327 874 2503 915 suum
2526 858 2918 932 expleverunt
2948 876 2962 925 ;
3012 856 3311 914 Thodosia
3354 872 3496 913 vero
3542 857 3696 912 votis

2039 963 2112 1003 ac
2142 947 2453 1003 desideriis
2485 947 2608 1003 suis
2654 946 2903 1003 omnino
2955 946 3143 1019 potita
3193 949 3303 1002 est.
3354 944 3695 1001 leestium

2037 1037 2261 1109 quippe
2277 1037 2587 1107 geniorum
2610 1036 3063 1108 praecedentium
3076 1034 3695 1107 subsequentiumque

2038 1125 2323 1181 comitatu
2355 1126 2593 1196 stipata,
2625 1140 2749 1181 non
2777 1126 2903 1181 sine
2929 1124 3150 1194 insigni
3170 1122 3425 1180 laudum
3471 1138 3696 1195 praeco-

2035 1215 2209 1282 nio,e
2235 1215 2404 1273 terris
2443 1216 2505 1272 in
2533 1215 2754 1272 coelum
2806 1214 3067 1271 deducta
3105 1214 3235 1271 fuit.
3291 1215 3444 1269 Dum
3491 1217 3694 1270 autem

2036 1305 2405 1375 ascenderet,
2436 1308 2669 1378 poterat
2715 1304 2794 1361 ad
2839 1305 3210 1377 principatus
3263 1308 3322 1361 et
3368 1306 3695 1376 potestates

2036 1394 2119 1451 sic
2148 1393 2401 1451 ﬁdenter
2426 1394 2594 1468 loqui
2626 1412 2639 1463 ;
2674 1393 3008 1451 Exaltatum
3052 1398 3146 1450 est
3177 1409 3365 1451 cornu
3395 1408 3601 1449 meum
3628 1392 3693 1449 in

2038 1483 2161 1539 Deo
2200 1499 2376 1551 meo;
2437 1483 2537 1539 illo
2589 1483 2814 1557 quippe
2870 1483 3149 1557 propitio,
3192 1482 3469 1539 inimicos
3522 1496 3692 1538 meos

2032 1573 2315 1631 ventilavi
2349 1590 2539 1631 cornu
2570 1590 2584 1642 ;
2621 1579 2677 1631 et
2698 1590 2834 1631 ecce
2864 1589 3025 1630 nunc
3041 1573 3120 1630 ad
3149 1589 3289 1629 eum
3319 1571 3689 1645 proﬁciscor,

2032 1662 2359 1737 ipsummet
2390 1664 2495 1737 qui
2532 1680 2641 1736 pro
2673 1681 2768 1720 me
2800 1664 2990 1720 factus
3016 1667 3104 1720 est
3147 1663 3355 1719 homo.
3394 1662 3691 1718 velamine

2033 1757 2238 1810 amoto
2269 1740 2616 1823 adoratura,
2648 1757 2705 1809 et
2728 1754 2923 1810 Matris
2952 1754 3083 1824 ejus
3144 1751 3535 1808 sanctissimaa
3553 1750 3691 1806 frui-

1962 1843 2003 1898 B
2032 1845 2165 1899 tura
2214 1847 2562 1915 conspectu,
2613 1858 2682 1897 ac
2733 1841 3065 1898 salutatura
3117 1844 3366 1897 caeteras
3412 1856 3548 1912 quas
3595 1838 3691 1895 vel

2030 1945 2143 2003 pro
2164 1931 2394 1988 Christo
2442 1946 2644 2004 passm
2695 1935 2835 1986 sunt
2869 1930 2965 1987 vel
3013 1929 3347 1985 secundum
3392 1927 3521 1998 ejus
3547 1943 3692 1999 prae-

2030 2026 2203 2092 cepta
2234 2020 2454 2086 vixere,
2483 2023 2541 2075 et
2577 2036 2649 2075 ex
2675 2035 2886 2076 earum
2916 2017 3372 2075 conversatione
3414 2031 3538 2072 non
3568 2015 3689 2072 exi-

2030 2124 2221 2179 guum
2243 2114 2496 2182 captura
2527 2109 2841 2181 gaudium.
2866 2108 3051 2178 Abeo,
3099 2106 3432 2180 inquiebat,
3477 2120 3689 2161 earum

2027 2198 2385 2269 imaginum,
2415 2214 2572 2271 quas
2603 2197 2885 2269 religioso
2924 2212 3162 2269 semper
3185 2196 3347 2251 cultu
3404 2198 3689 2251 venerata

2028 2304 2187 2354 sum,
2219 2287 2481 2360 ipsamet
2500 2293 2899 2359 couspectura
2933 2290 3273 2359 prototypa.
3321 2282 3612 2340 Discedite
3651 2298 3690 2340 a

2026 2392 2126 2433 me
2156 2376 2338 2447 igitur
2374 2391 2588 2433 omnes
2618 2376 2723 2448 qui
2761 2374 3096 2448 operamini
3133 2373 3532 2445 iniquitatem.
3572 2374 3688 2429 Hoc

2023 2466 2225 2539 itaque
2264 2465 2449 2522 modo
2481 2464 2828 2522 Theodosia;
2889 2481 2983 2520 res
3036 2479 3169 2520 sese
3224 2463 3512 2529 habuere,
3571 2460 3689 2518 hac

2025 2555 2257 2612 ratione
2294 2554 2356 2610 in
2393 2554 2577 2613 caelos
2614 2554 2827 2611 evasit.
2870 2556 3037 2611 Nunc
3075 2558 3298 2619 autem,
3352 2550 3458 2623 qui
3520 2549 3688 2607 illam

2026 2643 2589 2717 praecedebant,qui
2620 2643 3067 2700 comitabantur
3093 2641 3321 2715 quique
3356 2639 3688 2712 subseque-

2027 2733 2251 2790 bantur
2270 2732 2488 2804 angeli,
2512 2732 2662 2806 quid
2704 2732 2914 2789 fecisse
2938 2735 3044 2788 aut
3094 2730 3321 2803 quibus
3364 2728 3686 2793 incessisse

302 2823 501 2880 modis
530 2822 942 2881 arbitramur?
971 2823 1200 2880 Etenim
1230 2823 1280 2881 si
1310 2838 1490 2897 super
1514 2839 1637 2881 uno
1665 2827 1977 2896 peccatore
2009 2822 2424 2896 paenitentiam
2455 2828 2690 2893 agente,
2731 2818 3253 2894 quemadmodum
3291 2819 3545 2892 ipsemet
3574 2820 3685 2873 Do-

301 2912 498 2969 minus
544 2916 796 2969 testatus
850 2916 959 2981 est,
1000 2915 1238 2970 tantum
1265 2912 1414 2987 ipsis
1465 2912 1540 2970 sit
1583 2912 1900 2984 gaudium,
1949 2918 2181 2987 quanta
2230 2927 2333 2969 eos
2378 2911 2581 2969 laetitia
2617 2915 2846 2985 quanto
2902 2909 3127 2981 gaudio
3178 2908 3451 2965 dicemus
3498 2906 3685 2963 fuisse

300 3000 577 3074 repletos,
611 3000 693 3059 ob
730 3016 887 3067 eam,
918 3017 1057 3075 quae
1084 3017 1122 3059 a
1152 3001 1362 3074 primis
1390 3002 1527 3058 vitae
1549 3017 1676 3059 sum
1700 3002 1876 3058 anuis
1906 3000 1961 3059 ei
1987 3001 2210 3074 placuit
2242 3017 2349 3075 per
2374 3001 2803 3059 mandatorum
2840 3000 2971 3073 ejus
2999 2998 3483 3056 observationem
3506 2996 3535 3053 ?

376 3089 474 3147 λα’.
498 3089 697 3163 Ἔγωγε
720 3089 900 3164 οἴομαι
930 3090 1000 3153 ὡς
1052 3090 1159 3163 οὐχ
1228 3092 1380 3150 ἦττον
1436 3092 1466 3150 ἦ
1531 3092 1616 3145 ὅτε
1668 3096 1762 3151 τὴν
1818 3099 1911 3153 τῆς

2091 3095 2178 3148 31.
2205 3091 2296 3148 Ad
2320 3107 2418 3147 me
2443 3091 2610 3164 quod
2634 3090 2860 3156 attiuei,
2882 3105 3006 3146 nou
3032 3088 3250 3145 minori
3275 3086 3438 3142 illam
3465 3085 3686 3158 plausu

300 3181 739 3256 πρωτομὰρτυρος
829 3184 1167 3254 παρέπεμπον
1250 3180 1451 3242 Θέκλης
1525 3180 1733 3254 ψυχὴν,
1821 3186 1911 3234 καὶ

301 3268 544 3344 ὰρότουν
573 3273 664 3323 καὶ
724 3272 959 3342 ἔχαιρον,
1028 3274 1118 3322 καὶ
1172 3273 1260 3323 τὸν
1311 3271 1581 3346 ἄνθρωπον
1645 3272 1772 3345 ὑπερ
1826 3269 1911 3322 ἀν-

305 3359 520 3431 θρώπων
582 3362 850 3431 γενόμενον
916 3359 1109 3432 ὕμνουν
1161 3364 1332 3412 τεκαὶ
1389 3356 1658 3423 ἐδόξαζον·
1719 3367 1777 3413 Ἠ
1818 3362 1908 3433 μεν

302 3450 404 3524 γὰρ
432 3456 505 3519 τῷ
536 3447 605 3509 εἰς
633 3452 809 3523 τρίτον
859 3448 1075 3524 οὐρανὸν
1140 3447 1401 3502 ἀνελθόντι
1446 3452 1653 3521 Παύλῳ,
1704 3454 1792 3502 καὶ
1842 3453 1909 3502 τὰ

301 3537 505 3613 οἰῤῥητα
532 3539 786 3611 μυηθέντι
832 3539 1277 3607 κατηκολούθήσε,
1330 3535 1424 3592 διά
1470 3558 1526 3591 τε
1575 3538 1770 3602 πολλῆς
1824 3541 1909 3592 ὅτε

295 3631 680 3700 μυσταγωγίας
713 3630 844 3703 πρὸς
895 3630 953 3680 τὸ
1010 3635 1101 3680 τοῦ
1153 3632 1445 3702 μαρτυρίου
1505 3624 1724 3681 στάδιον
1780 3626 1906 3681 ἀπε-

299 3712 503 3769 δύσατο
532 3736 544 3750 ·
597 3716 628 3774 ἡ
685 3711 735 3768 δ’
794 3716 901 3788 οὐχ
955 3718 1093 3779 ὅπως
1149 3712 1462 3789 διδασκάλῳ
1516 3720 1651 3770 κατὰ
1703 3717 1906 3770 Παῦλον

295 3802 589 3879 ἐχρήσατο,
629 3802 756 3856 ἀλλὰ
794 3800 920 3858 οὐδέ
955 3813 1052 3857 τῶν
1102 3803 1231 3858 πολὺ
1296 3805 1408 3879 μετ’
1462 3805 1647 3860 ἐκεῖνον
1678 3827 1691 3840 ο
1720 3810 1779 3859 τὸ
1847 3803 1907 3860 δέ

292 3912 354 3965 γε
379 3893 578 3965 μεῖζον,
612 3895 695 3946 ὅτι
749 3898 839 3947 καὶ
909 3900 1126 3967 συχνοῖς
1172 3893 1302 3966 ἄγαν
1361 3903 1462 3947 τῶν
1531 3897 1905 3969 ὀμογνωμὸνων

296 3978 458 4041 δῆθεν
484 3986 614 4057 πρὸς
646 3982 942 4035 τούναντίον
993 3982 1358 4056 μεθελκομένῆ,
1410 3992 1501 4037 τοῦ
1560 3986 1717 4059 ὀρθοῦ
1764 4005 1907 4060 περι-

294 4074 508 4144 έσχετο,
534 4077 625 4126 καὶ
656 4074 958 4147 ὑπερθανεῖν
1019 4072 1181 4125 αὐτοῦ
1232 4073 1410 4129 εἵλετο.
1470 4080 1571 4128 Καὶ
1629 4076 1659 4134 ἡ
1697 4079 1788 4148 μέν
1820 4074 1905 4128 ἐπὶ

292 4163 565 4237 πράγματι
620 4167 713 4222 τὴν
787 4163 1032 4215 ἔνστασιν
1132 4159 1439 4231 ἐνεδείξατο,
1519 4166 1639 4238 παρ’
1716 4165 1908 4218 ἅπαντι

296 4251 674 4325 ὠμολογημίνῳ
729 4251 900 4324 τελείῳ
955 4271 1009 4305 τε
1068 4252 1180 4325 ἅμα
1235 4258 1325 4306 καὶ
1370 4252 1536 4308 ἀτελεῖ
1560 4275 1572 4288 ·
1624 4256 1654 4313 ἠ
1716 4252 1767 4308 δ’
1826 4248 1907 4307 ἐπ’

296 4338 721 4414 ἀμφιϐαλλομένῳ
799 4345 1040 4414 συχνοῖς,
1136 4340 1358 4409 ἀτελέσι,
1463 4342 1624 4415 λέγω,
1697 4344 1748 4396 οἶ
1817 4347 1905 4396 καὶ

2014 3178 2341 3253 laatitiaque
2399 3184 2735 3253 exceptam,
2785 3194 2897 3236 uec
2950 3178 3268 3252 pauciores
3319 3175 3573 3233 laudum
3610 3189 3684 3232 ac

2017 3272 2348 3342 gratiarum
2361 3270 2626 3345 hymnos
2640 3274 2758 3328 Deo
2770 3275 3013 3343 propter
3022 3267 3492 3326 hominemhum
3502 3269 3683 3323 auato

2016 3358 2367 3417 decantatas
2387 3360 2568 3416 fuisse
2595 3360 2937 3425 arbibitror,
2958 3375 3144 3433 quam
3168 3361 3310 3414 tunc
3332 3372 3471 3413 cum
3493 3358 3685 3429 proto-

2016 3450 2296 3523 martyris
2320 3450 2548 3507 Theclm
2573 3451 2686 3523 (IO)
2716 3451 2984 3508 animam
3005 3449 3308 3506 deduxere
3339 3447 3557 3518 angeli.
3581 3446 3687 3503 Illa

2014 3538 2254 3611 quidem
2302 3539 2484 3596 Paulo
2531 3540 2592 3595 iu
2641 3540 2881 3596 tertium
2913 3555 3103 3611 usque
3150 3536 3371 3594 cmlum
3401 3540 3593 3608 rapto,
3627 3539 3684 3590 et

2014 3643 2239 3685 arcana
2268 3644 2392 3685 non
2418 3628 2740 3686 revelauda
2765 3629 2996 3697 edocto,
3030 3626 3327 3698 discipula
3350 3623 3624 3691 adhaesit,
3646 3638 3685 3681 ο,

2012 3731 2139 3789 quo
2164 3733 2304 3772 cum
2324 3732 2448 3773 non
2469 3732 2667 3789 pauca
2690 3717 2766 3772 de
2786 3716 2967 3772 rebus
2988 3714 3328 3771 ccelestibus
3354 3711 3679 3779 didicisset,

2014 3806 2094 3862 ad
2109 3805 2379 3878 martyrii
2402 3806 2662 3862 stadium
2685 3804 2960 3862 alacriter
2979 3803 3425 3860 decurrendum
3444 3800 3681 3872 egregie

2012 3894 2281 3967 profecto
2331 3895 2439 3951 fuit
2483 3895 2792 3950 instructa.
2846 3892 3001 3959 Quid
3048 3896 3243 3949 autem
3291 3889 3623 3949 Theodosia
3652 3889 3679 3945 ?

2014 3988 2144 4042 Non
2175 3984 2448 4051 Paulum,
2490 3984 2728 4041 Paulive
2771 3984 3050 4055 similem,
3094 3988 3197 4039 aut
3235 3982 3416 4038 etiam
3469 3995 3681 4037 eorum

2012 4090 2205 4130 unum
2258 4075 2364 4146 qui
2410 4073 2515 4130 diu
2546 4089 2690 4131 sane
2722 4084 2861 4148 post
2886 4072 3050 4131 Pauli
3080 4078 3355 4145 tempora
3383 4071 3678 4138 vixerunt,

2013 4168 2443 4237 praeceptorem
2467 4169 2644 4220 nacta
2660 4168 2776 4221 est:
2794 4162 2899 4221 sed
2914 4163 3081 4237 quod
3102 4162 3290 4235 pluris
3310 4160 3677 4230 faciendum,

2013 4268 2153 4309 cum
2192 4252 2433 4325 plurimi
2472 4253 2941 4309 Christianorum
2976 4254 3090 4324 (H)
3120 4252 3326 4325 palam
3356 4251 3417 4307 iu
3448 4253 3680 4307 contra-

2012 4334 2169 4400 riam
2196 4347 2431 4415 partem
2458 4343 2775 4410 traherent,
2802 4347 3027 4399 rectam
3052 4348 3257 4398 tamen
3280 4341 3441 4398 viam
3464 4340 3676 4408 tenuit,

293 4431 523 4498 πλείους,
599 4433 668 4493 ὦς
730 4449 881 4503 φασι,
940 4435 1030 4483 καὶ
1084 4430 1274 4494 πολλὰς
1326 4434 1404 4485 ὅτι
1460 4435 1555 4496 τὰς
1606 4432 1902 4504 ἀντιλογίας

2023 4437 2070 4489 et
2100 4448 2208 4504 pro
2237 4432 2483 4488 veritate
2513 4431 2667 4487 mori
2697 4431 2889 4503 elegit.
2921 4432 3023 4488 Illa
3057 4431 3460 4488 constantiam
3492 4428 3682 4485 tenuit

294 4516 652 4590 εὑρίσκουσιν,
704 4520 851 4591 ὤφθη
898 4536 953 4571 τε
1009 4517 1422 4593 ἀπειρίτρεπτος,
1481 4526 1569 4573 καὶ
1621 4523 1687 4573 τὰ
1736 4540 1903 4595 παρα-

294 4605 497 4664 πλὴσια
522 4605 753 4660 ἐνστᾶσα
796 4614 857 4680 τῇ
906 4610 1311 4684 πρωτομὰρτυρι
1371 4613 1436 4662 τὰ
1477 4609 1572 4663 ἶσα
1632 4607 1899 4684 διεκαρτέε

294 4714 447 4771 ρησε.
481 4700 649 4750 Πόσον
687 4692 737 4749 δ’
773 4695 833 4748 ἂν
863 4698 1130 4768 ἡγήσαντο
1161 4696 1242 4750 ὃτι
1285 4703 1375 4751 καὶ
1432 4698 1714 4760 συνοίθλους
1768 4698 1902 4753 πλεῖ-

298 4804 427 4847 στας
452 4791 723 4853 πεποίηκε,
771 4791 862 4839 καὶ
921 4790 1052 4859 πρός
1095 4789 1181 4838 τὸν
1239 4787 1392 4840 αὐτὸν
1441 4789 1569 4861 ὑπὲρ
1621 4797 1755 4843 Θεοῦ
1808 4794 1902 4854 ζῆ-

294 4873 381 4927 λον
438 4874 616 4950 ἐπῆρε,
693 4882 783 4929 καὶ
856 4884 951 4937 τῆς
1025 4874 1135 4939 ἂνω,
1202 4875 1480 4949 βασιλείας
1551 4877 1903 4952 κληρονόμους

296 4966 618 5023 κατὲστησεν
670 4981 683 5031 ;
733 4963 868 5018 Ἀλλ’
921 4963 1131 5037 ἄγγελοι
1185 4969 1275 5038 μέν
1327 4967 1525 5019 οὑτωσί
1586 4987 1691 5030 πως
1744 4970 1902 5040 ἔχαι-

293 5073 407 5126 ρον,
456 5055 615 5107 ὁσίων
664 5073 719 5106 τε
774 5049 939 5128 δῆμοι
985 5059 1076 5106 καὶ
1145 5057 1422 5130 μαρτύρων
1489 5055 1697 5109 ἄλλοθεν
1758 5056 1904 5110 ἄλλοι

296 5153 784 5216 προσυπαντώντες,
821 5144 889 5206 ὠς
938 5146 997 5196 τὸ
1048 5143 1205 5213 εἰκὸς,
1252 5141 1543 5208 ἐδεξιοῦντο
1600 5150 1694 5205 τὴν
1752 5147 1901 5200 ὁσίαν

295 5231 408 5306 ἃμα
433 5238 522 5286 καὶ
551 5236 813 5309 μάρτυρα,
875 5238 966 5286 καὶ
1021 5241 1118 5296 τῆς
1188 5238 1435 5309 σφετέρας
1487 5240 1674 5310 μοίρας
1729 5236 1900 5289 ἑκάτε-

293 5341 380 5395 ροι
411 5331 629 5381 ποιῆσοι
696 5324 890 5382 ταύτην
940 5321 1157 5377 ὶπὸθουν
1198 5328 1289 5376 καὶ
1339 5320 1665 5378 ἰδιώσασθαι
1699 5346 1713 5359 θ
1770 5329 1901 5389 Θεὸς

369 5499 448 5580 (9)
466 5498 666 5580 Melius
680 5499 830 5580 forte
845 5500 1313 5580 Ambrosianum
1344 5502 1744 5580 Synaxarium
1765 5507 1903 5580 κατὰ

296 5569 500 5651 αὐχένα
528 5570 589 5626 iu
609 5574 835 5651 cervice
865 5589 878 5628 :
904 5572 1041 5651 quis
1075 5569 1459 5651 enimAnes'cit
1494 5575 1796 5631 vertebras
1836 5575 1897 5631 in

295 5643 547 5707 cervice,
574 5656 697 5699 non
725 5643 786 5714 in
812 5643 1052 5714 gutture
1081 5658 1211 5701 esse
1232 5644 1260 5699 ?

368 5713 484 5787 (10)
518 5715 575 5772 8.
610 5713 852 5786 Thecla,
882 5713 1181 5788 discipula
1202 5717 1257 5774 S.
1318 5715 1503 5787 Pauli,
1565 5717 1798 5788 colitur,
1830 5721 1899 5777 23

2015 4538 2197 4594 super
2225 4538 2309 4591 re,
2348 4522 2711 4588 imperfectis
2740 4538 2912 4593 aeque
2942 4538 3013 4578 ac
3043 4520 3317 4593 perfectis
3339 4518 3680 4576 indubitata

2009 4612 2363 4681 Theodosia,
2387 4628 2497 4684 pro
2517 4628 2589 4669 ea
2617 4628 2755 4683 quas
2785 4628 2820 4668 a
2843 4610 3045 4667 multis
3079 4610 3409 4667 vocabatur
3438 4611 3499 4665 in
3536 4624 3680 4666 cou-

2011 4702 2385 4767 troversiam,
2439 4701 2519 4759 ab
2563 4700 2923 4769 imperfectis
2964 4699 3202 4766 scilicet,
3235 4699 3341 4772 qui
3371 4698 3592 4755 multas
3622 4701 3680 4755 et

2012 4806 2268 4860 magnas
2290 4789 2353 4846 in
2384 4791 2752 4847 contrarium
2783 4789 3045 4847 rationes
3067 4788 3440 4858 invenerant,
3463 4792 3528 4844 ut
3557 4788 3677 4843 aie-

2009 4878 2176 4946 bant,
2203 4879 2425 4936 mausit
2442 4879 2807 4936 inconcussa
2833 4895 2846 4945 ;
2873 4878 2935 4934 in
2961 4876 3189 4933 caeteris
3214 4891 3355 4933 vero
3376 4875 3507 4947 pari
3536 4891 3678 4932 cum

2009 4973 2451 5041 protomartyre
2476 4967 2921 5041 perseverantia
2948 4966 3095 5023 nihil
3124 4981 3310 5039 quam
3339 4965 3441 5021 illa
3470 4964 3675 5020 minus

2010 5058 2131 5129 egit
2146 5057 2387 5114 fortiter.
2408 5057 2556 5114 Illud
2574 5074 2755 5131 porro
2775 5056 2986 5130 quanti
3007 5054 3351 5113 faciendum
3376 5058 3487 5123 est,
3506 5053 3679 5127 quod

2010 5147 2211 5221 plures
2232 5147 2508 5219 ejusdcm
2530 5147 2874 5204 certaminis
2895 5145 3153 5203 effecerit
3174 5146 3386 5210 socias,
3415 5159 3572 5218 quas
3595 5142 3676 5201 ad

2011 5238 2267 5296 similem
2290 5238 2481 5294 zelum
2508 5254 2618 5311 pro
2650 5240 2768 5294 Deo
2789 5236 3085 5294 excitavit.
3134 5251 3367 5308 suoque
3397 5232 3676 5308 exemplo

2009 5329 2073 5384 in
2104 5327 2359 5386 caelestis
2387 5328 2557 5399 regni
2592 5326 3005 5385 hereditatem
3033 5326 3330 5383 immisit?
3370 5326 3495 5383 Hoc
3533 5340 3677 5397 ergo

2014 5505 2082 5561 Se
2132 5505 2400 5567 terubris.

2033 5646 2046 5648 ξ
2084 5520 2201 5647 81)
2251 5577 2402 5643 Quia
2439 5584 2537 5628 τῶν
2588 5577 2989 5648 ὁμογυωμρνων,
3039 5574 3671 5648 ejusdem_sententi;e,

2012 5646 2089 5702 de
2128 5647 2248 5705 ﬁde
2288 5648 2448 5704 circa
2477 5646 2809 5704 Christum'
2836 5647 3136 5705 duntaxat
3171 5646 3419 5717 intelligi
3447 5646 3546 5704 hic
3577 5647 3676 5704 de-

2009 5718 2130 5786 bet,
2168 5719 2647 5778 Chrz'stianorum
2684 5718 2849 5776 verti.
