4152 6376
499 353 601 409 923

1699 351 2156 410 CONSTANTINI
2194 350 2672 410 ACROPOLITE.

3764 358 3889 414 924.-

499 474 684 534 modo
703 473 1062 532 laatabantur
1099 475 1316 547 angeli,
1345 479 1690 534 sanctorum
1731 492 1871 533 vero
1901 481 1958 534 et
1995 491 2148 533 mar-

2271 473 2321 530 6"
2371 476 2497 551 ύπίρ
2553 476 2614 530 οὖ
2669 497 2760 530 και
2816 473 2891 532 δι’
2923 480 2976 532 ὁν
3014 479 3310 552 ἠγωνίσατο
3368 475 3630 541 διατήσας
3659 477 3883 552 ἀμφοῖν,

499 568 696 635 tyrum
714 568 947 632 turmae,
983 563 1114 620 alias
1144 564 1387 621 aliunde
1408 565 1855 638 progredientes
1883 565 2150 637 obviam,

500 656 720 708 sanctae
752 651 930 708 simul
950 668 1022 709 ac
1050 653 1300 727 martyri
1319 654 1731 719 occurrebant,
1766 659 1832 710 ut
1869 670 1980 727 par
2009 658 2156 724 erat,

2270 575 2370 619 τῶν
2419 566 2637 620 αἰωνίων
2713 565 2924 641 ἀγαθῶν
2977 568 3165 644 ἀμφοῖν
3220 568 3594 623 συναπολαύειν
3651 564 3888 622 ἐνδέδω-

2268 675 2372 712 κεν.

498 745 555 797 et
581 757 706 797 sum
727 741 955 814 quique
971 742 1129 814 parti
1151 742 1478 813 cupiebant
1501 743 1813 816 propriam
1855 743 2176 800 vindicare.
2216 744 2374 802 Deus
2400 748 2623 810 autem,
2651 748 2824 820 cujus
2853 762 2968 827 ope
3012 752 3068 805 et
3098 749 3269 820 cujus
3298 763 3482 804 causa
3519 749 3882 813 certaverat,

499 845 637 886 cum
677 830 946 905 utrisque
985 847 1350 889 conversans
1389 833 1524 890 fecit
1564 838 1627 889 ut
1665 850 1805 890 cum
1845 833 2116 906 utrisque
2146 835 2400 907 praemio
2425 834 2827 908 perfrueretur
2856 842 3098 895 aeterno.

2020 934 2241 990 CAPUT
2277 934 2341 988 V.

941 1021 1244 1078 Mz‘racula
1274 1022 1357 1078 ad
1392 1024 1456 1078 S.
1499 1021 1836 1079 Theodosia:
1864 1023 2296 1079 invocationem
2324 1028 2598 1093 patrata,
2620 1025 2727 1082 ubi
2751 1025 2978 1082 Auctor
3003 1026 3076 1082 de
3102 1041 3163 1083 se
3189 1031 3244 1082 et
3269 1027 3410 1082 suis.

569 1111 658 1164 32.
683 1110 874 1181 Atque
897 1110 1248 1181 hujusmodi
1268 1110 1453 1166 ferme
1481 1112 1642 1167 fuere
1663 1127 1733 1167 ea
1754 1128 1891 1184 quae
1929 1113 2160 1168 Sanctae

496 1197 558 1253 in
589 1197 742 1253 caalo
771 1199 1176 1268 contigerunt,
1208 1206 1386 1271 prout
1416 1215 1682 1271 congrue
1723 1202 2058 1272 conjectare
2095 1199 2160 1255 li-

496 1291 624 1355 cet;
655 1303 764 1343 nos
812 1304 954 1344 vero
1007 1289 1183 1360 quiin
1225 1295 1378 1345 terra
1426 1291 1603 1362 positi
1651 1307 1856 1346 sacras
1895 1291 2025 1360 ejus
2071 1305 2161 1345 re-

494 1375 714 1448 liquias
737 1377 982 1433 feliciter
1013 1378 1423 1450 possidemus,
1465 1380 1613 1451 quid
1654 1379 1898 1435 tandem
1940 1380 2156 1444 facere,

495 1469 598 1521 aut
633 1481 757 1538 qua
788 1467 1015 1522 ratione
1055 1467 1299 1524 affectos
1341 1484 1475 1524 esse
1513 1468 2161 1541 oporteat,considere~

492 1569 650 1624 mus,
696 1556 1026 1627 praesertim
1077 1573 1216 1612 cum
1258 1562 1340 1614 tot
1380 1558 1512 1628 ejus
1561 1558 1925 1614 admiranda
1974 1574 2159 1630 opera

493 1642 657 1699 nullo
697 1659 819 1700 non
842 1645 937 1701 die
968 1647 1374 1718 experiamur,
1402 1647 1835 1719 videamusque
1857 1647 2158 1718 homines,

2337 1111 2444 1184 λβ“.
2500 1115 2584 1166 Ἐν
2635 1115 2727 1186 μὶν
2772 1115 2972 1190 οὐρανῷ
3050 1117 3269 1168 τοιαῦτα
3327 1135 3410 1168 τοι
3476 1122 3539 1188 τῇ
3622 1117 3886 1190 Μακαρία

2266 1198 2395 1274 τῇδε
2423 1207 2723 1272 συνήτηκεν,
2755 1205 2856 1258 ὅσα
2883 1224 2940 1276 γε
2990 1203 3046 1257 ἐκ
3099 1213 3197 1256 τῶν
3248 1205 3455 1258 εἰκότων
3504 1207 3617 1257 ἔστι
3672 1207 3884 1278 στοχά-

2270 1291 2469 1342 σασΘαι
2497 1313 2509 1324 ·
2541 1295 2662 1355 τοὺς
2701 1289 2752 1345 δ’
2783 1292 2868 1346 ἔπι
2895 1302 2996 1366 γῆς
3043 1295 3441 1367 εὑρισκομένους
3487 1296 3625 1367 ἡμᾶς
3672 1313 3766 1347 και
3815 1298 3876 1346 τὸ

2271 1381 2402 1455 ἱερὸν
2433 1379 2596 1444 αὐτῆς
2622 1387 2938 1454 κατέχοντας
2967 1382 3206 1454 λείψανον
3254 1389 3307 1436 τί
3352 1391 3516 1437 ποιεῖν
3574 1383 3680 1456 ἆρα
3741 1388 3877 1458 χρὴ,

2267 1489 2358 1521 και
2428 1470 2568 1533 ὅπως
2631 1468 2713 1524 δεῖ
2763 1468 3084 1544 διακεῖσθαι,
3149 1478 3516 1546 σκοπήσωμεν,
3579 1493 3671 1525 και
3729 1473 3880 1526 ταῦθ’

2268 1559 2528 1634 ὁσημέραι
2585 1568 2684 1612 τῶν
2743 1563 3020 1635 θαυμάτων
3078 1563 3238 1624 αὐτῆς
3294 1561 3666 1628 ἀπολαϐόντας,
3759 1566 3888 1624 τούς

2266 1651 2392 1708 τέως
2411 1653 2752 1722 παρειμένους
2785 1657 2880 1710 τὴν
2924 1651 3215 1726 ὁλομέλειαν
3280 1652 3375 1714 τῆς
3435 1661 3574 1724 σφῶν
3625 1648 3885 1725 διαρτίας

492 1733 761 1804 corporis
791 1749 902 1788 usu
927 1734 1272 1807 viribusque
1299 1736 1934 1801 destitutos,hactenus
1974 1752 2154 1793 mem-

2269 1737 2492 1812 ὁρῶντας
2541 1734 2692 1801 αὖθις
2748 1736 2814 1792 αὖ
2891 1740 3261 1813 ἀπολαϐόντας,
3330 1745 3530 1814 κωφοὺς
3589 1761 3681 1794 και
3755 1740 3886 1794 ἁλὰ-

493 1819 747 1877 brorum
771 1839 1016 1879 suorum
1039 1830 1263 1880 rectam
1285 1827 1574 1898 consequi
1596 1826 2155 1894 conformationem;

495 1909 712 1966 surdos
768 1928 839 1968 ac
883 1918 1105 1980 mutos,
1147 1920 1502 1987 recuperato
1542 1916 1782 1972 aurium
1836 1920 1894 1972 et
1934 1916 2157 1986 linguas

491 2014 636 2065 usu,
670 2000 750 2057 ob
785 2002 1044 2073 insignia
1071 2003 1220 2059 adeo
1253 2005 1539 2061 miracula
1572 2006 1792 2075 gaudio
1823 2006 2158 2074 exsultare;

494 2092 550 2144 et
575 2088 720 2158 Deo,
751 2092 856 2164 qui
883 2097 1052 2148 tanta
1091 2108 1234 2164 erga
1272 2095 1548 2151 homines
1589 2101 1893 2167 operatur,
1935 2096 2159 2165 gratias

490 2177 771 2235 exhibere
804 2199 817 2249 ;
858 2187 915 2239 et
943 2184 1105 2240 illam
1162 2190 1407 2259 propter
1439 2186 1610 2255 cujus
1673 2184 1884 2240 merita
1921 2188 2156 2242 tantum

489 2263 924 2328 beneﬁciorum
962 2276 1602 2348 accipimus,quaeque
1663 2279 1824 2329 tanta
1878 2274 1939 2329 in
2002 2272 2154 2329 coelo

495 2355 710 2426 gloria,
737 2364 900 2418 tanta
923 2364 982 2419 in
1018 2366 1185 2422 terris
1225 2369 1515 2438 potestate
1560 2363 1763 2436 pollet,
1804 2362 2018 2419 debitis
2050 2362 2154 2418 ho-

491 2462 711 2507 norum
751 2457 809 2508 et
846 2453 1102 2510 laudum
1160 2456 1360 2523 titulis,
1403 2458 1466 2509 ut
1513 2469 1622 2526 par
1672 2457 1777 2518 est,
1831 2452 2141 2524 prosequi.

2266 1824 2402 1895 λους,
2480 1832 2769 1901 φωνοῦντας
2838 1850 2892 1884 τε
2959 1852 3050 1885 και
3119 1831 3400 1892 ἀκούοντας
3495 1828 3883 1904 ἑφηδὺνεσθαι,

2265 1919 2468 1979 παντως
2522 1927 2634 1980 ταῖς
2692 1922 3142 1997 θαυματουργίαις
3216 1921 3550 1996 εὐχαριστεῖν
3632 1930 3709 1993 τῷ
3806 1920 3883 1993 ἐφ’

2266 2008 2412 2079 ἡμῶν
2468 2016 2691 2062 τοιαῦτα
2755 2007 3106 2086 διενεργοῦντι
3159 2019 3293 2083 Θεῷ,
3359 2031 3452 2064 και
3503 2014 3596 2069 τὴν
3653 2009 3736 2065 δι’
3817 2010 3886 2073 ἧς

2265 2097 2410 2150 ταῦτ’
2469 2097 2812 2173 ἐνεργούμεθα
2864 2106 2958 2160 την
3017 2099 3408 2176 δεδοξασμένην
3451 2104 3646 2160 ταύτην
3705 2101 3760 2155 ἓν
3797 2101 3886 2155 ού-

2262 2193 2459 2259 ρανοῖς,
2511 2207 2603 2239 και
2657 2188 2794 2240 οὕτω
2844 2190 3048 2262 μεγαλα
3102 2191 3399 2263 ἰσχύουσαν
3456 2190 3538 2244 ἐπί
3599 2199 3698 2253 τῆς
3755 2199 3884 2263 γῆς,

2263 2275 2328 2325 τὰ
2357 2274 2530 2327 εἰκότα
2570 2295 2662 2327 και
2707 2283 2965 2352 γεραίρειν
3018 2298 3108 2331 και
3159 2279 3424 2353 εὐφημεῖν.
3492 2279 3728 2333 Πλεῖστα
3791 2283 3886 2353 μεν

2261 2365 2404 2422 οῦνή
2446 2369 2600 2436 Ἃγία
2646 2367 2906 2441 ὁσημέραι
2953 2376 3323 2442 τερατουργεῖο
3381 2368 3491 2422 ἀλλ’
3539 2371 3700 2445 οὗπερ
3758 2371 3887 2423 αύτ-

2260 2456 2423 2516 όπτης
2440 2452 2682 2527 ἐγενόμην
2705 2455 2799 2508 οὐκ
2820 2454 2999 2515 ἀνήσω
3018 2461 3089 2528 μὴ
3123 2454 3510 2530 διηγήσασθαι.

491 2539 669 2596 Multa
717 2547 855 2597 sunt
887 2543 1134 2615 quidem
1173 2561 1311 2616 quae
1349 2546 1561 2600 Sancta
1591 2541 1857 2616 quotidie
1892 2539 2034 2596 facit
2070 2539 2452 2611 admiranda,
2485 2543 2592 2599 sed
2631 2560 2769 2616 quae
2816 2545 2964 2618 ipsis
3015 2546 3181 2602 hisce
3210 2547 3397 2602 oculis
3422 2548 3624 2604 videre
3656 2549 3884 2618 merui,

489 2643 612 2684 non
637 2645 886 2702 possum
927 2648 1049 2688 DOD
1072 2648 1371 2689 enarrare.

561 2722 650 2775 33.
685 2721 830 2775 Puer
859 2722 1112 2793 quidam
1136 2728 1263 2778 erat
1291 2727 1462 2778 aetate
1492 2720 1570 2777 ad
1586 2720 1918 2793 pubertatis
1961 2734 2154 2776 annos

487 2808 617 2880 jam
641 2825 1016 2881 progressus,
1041 2827 1113 2868 ex
1165 2828 1375 2868 eorum
1430 2826 1728 2884 pagorum
1786 2826 1908 2866 uno
1929 2810 2152 2882 aliquo,

487 2899 590 2969 qui
617 2898 677 2953 in
708 2900 964 2972 Phrygia
985 2901 1064 2958 ad
1097 2901 1349 2958 ﬂuvium
1400 2901 1798 2974 Rhyndacum
1833 2900 1946 2973 (t2)
1995 2902 2152 2968 sunt,

492 2962 805 3058 oriundus,
823 2962 950 3046 ἐξά
980 3007 1016 3046 a
1045 2991 1241 3064 patrio
1273 2989 1401 3046 solo
1430 2962 1806 3063 peregrinum
1840 2962 1950 3048 ‘Hic
1989 2962 2156 3061 quod
2185 2962 2226 3018 Β

488 3075 654 3132 dictu
684 3077 1414 3150 abominabile,vagorum
1445 3084 1859 3148 Agarenorum
1883 3077 2155 3148 impieta-

487 3167 607 3220 tem
653 3165 1018 3236 sectabatur,
1071 3171 1128 3223 et
1167 3165 1748 3237 Constantinopolim
1799 3164 2154 3230 adveniens,

488 3251 604 3308 hac
636 3253 773 3309 illac
814 3270 922 3327 per
949 3255 1248 3312 civitatem
1288 3252 1632 3310 oberrabat.
1673 3256 1819 3308 Ecce
1860 3257 2086 3321 autem,
2117 3265 2155 3306 o

484 3342 715 3400 rabiem
764 3344 1080 3414 daemonis,
1123 3343 1399 3401 omnium
1444 3347 1653 3399 contra
1685 3358 1796 3398 nos
1849 3342 2151 3398 malorum

487 3433 748 3490 auctoris
781 3433 794 3488 ι
842 3433 939 3490 die
961 3432 1231 3506 quadam
1282 3430 1563 3504 impletur
1614 3429 1872 3487 tenebris
1901 3436 1959 3487 et
1984 3430 2157 3486 verti-

485 3521 642 3592 gine.
693 3522 1086 3580 Meridianum
1138 3520 1362 3578 scilicet
1419 3526 1544 3576 erat
1592 3525 1850 3593 tempus,
1905 3520 2155 3593 quando

485 3611 668 3668 etiam
716 3610 905 3669 David
935 3611 1020 3667 ait
1049 3625 1172 3665 non
1197 3608 1610 3666 habitantibus
1640 3609 1701 3665 in
1730 3609 2030 3681 adjutorio
2059 3608 2154 3666 Al—

484 3699 718 3768 tissimi,
737 3703 796 3756 et
816 3698 880 3756 in
902 3697 1006 3754 Dei
1041 3697 1432 3755 tabernaculo
1463 3714 1585 3755 non
1613 3699 2150 3770 commorantibus,

484 3787 894 3845 dmmoniacas
939 3788 1403 3860 imaginationes
1455 3789 1749 3860 ingruere.
1800 3794 1936 3847 Cum
1978 3789 2157 3860 igitur

485 3879 570 3934 sic
618 3873 965 3946 agitaretur,
1021 3882 1078 3934 et
1125 3880 1278 3936 ratio
1302 3880 1355 3935 ei
1383 3895 1506 3935 non
1554 3895 1771 3952 parum
1811 3885 1968 3935 esset
2014 3895 2156 3935 con-

483 3965 746 4032 turbata,
767 3967 1087 4041 derepente
1117 3970 1296 4025 etiam
1329 3970 1619 4026 contortis
1646 3970 1728 4026 ita
1752 3975 2024 4042 repertus
2048 3969 2157 4027 fuit

483 4053 760 4126 genibus,
793 4062 858 4113 ut
894 4058 1055 4114 tibiae
1097 4058 1424 4114 femoribus
1468 4058 1864 4127 adhaererent,
1899 4064 1955 4114 et
1984 4058 2153 4115 abor-

484 4141 618 4198 tivis
656 4141 770 4198 illis
806 4144 972 4202 haud
1010 4145 1316 4202 dissimilis
1345 4152 1682 4218 appareret,
1702 4163 1856 4219 quos
1894 4147 1972 4203 ad
2011 4163 2158 4220 prae-

483 4232 844 4289 tereuntium
875 4235 1297 4291 consitandam
1325 4235 1913 4293 commiserationem
1944 4237 2157 4311 plateis

483 4321 792 4394 expositos
825 4323 1164 4397 frequenter
1189 4325 1612 4397 conspicimus:
1640 4328 1786 4400 quin
1812 4328 1992 4384 etiam
2014 4343 2157 4400 apo-
2193 4314 2237 4370 D

483 4408 771 4483 plecticus
825 4416 988 4468 totus
1020 4420 1165 4484 erat,
1220 4431 1331 4470 nec
1357 4415 1535 4488 plane
1567 4417 1892 4487 intelligere
1922 4421 2158 4489 poterat

484 4499 632 4571 quid
658 4505 977 4573 pateretur.
1032 4507 1178 4561 Cum
1210 4510 1412 4561 autem
1461 4512 1678 4563 natura
1710 4513 1946 4578 cogeret
1974 4507 2051 4562 ad
2085 4522 2157 4562 ea

483 4587 709 4661 quibus
741 4591 1022 4658 assuevit,
1077 4599 1216 4651 tunc
1249 4596 1394 4651 satis
1426 4611 1805 4666 cognoscens
1833 4595 1982 4668 quid
2011 4594 2155 4668 mali

485 4684 640 4735 esset
665 4680 911 4752 (reptilis
939 4682 1100 4738 enim
1121 4682 1314 4739 factus
1338 4689 1484 4751 erat,
1517 4683 1621 4757 qui
1649 4688 1895 4740 eatenus
1923 4682 2156 4743 solebat

483 4767 744 4840 pedibus
764 4769 1060 4842 incedere)
1085 4773 1367 4829 manibus
1389 4788 1562 4845 seque
1583 4788 1654 4828 ac
1676 4771 1855 4845 pedid
1865 4788 1934 4828 us
1959 4777 2150 4840 utens,

483 4873 670 4932 supra
684 4875 796 4916 sua
809 4874 870 4915 se
883 4875 1080 4930 genua
1092 4877 1214 4917 non
1229 4860 1752 4934 promovebat,sed
1767 4861 2154 4934 protrahebat

395 4934 397 4940 “
483 4953 732 5004 eatenus
746 4947 952 5005 saltem
969 4949 1216 5006 rationis
1234 4965 1510 5021 compos,
1531 4954 1595 5006 ut
1614 4950 1837 5006 victum
1858 4955 2152 5024 quaereret

481 5038 844 5095 mendicato.
863 5038 956 5095 Sic
968 5039 1084 5095 hac
1095 5039 1350 5111 illacque
1361 5046 1670 5111 repentem
1683 5056 1788 5114 seq
1798 5057 1868 5098 ue
1879 5041 2150 5098 volutan-

485 5131 602 5183 tem
629 5130 762 5192 (nec
787 5128 947 5183 enim
969 5126 1140 5183 aliter
1160 5131 1418 5198 poterat)
1443 5128 1520 5184 ad
1548 5145 1972 5202 measquoque
1989 5130 2150 5186 aedes

484 5231 625 5272 eum
654 5216 904 5286 contigit
921 5215 1219 5286 devenire,
1253 5218 1522 5290 mihique
1544 5220 1604 5273 in
1634 5226 2024 5292 conspectum
2049 5235 2150 5276 ve-

481 5303 759 5374 nire,non
780 5321 990 5376 gressu
1005 5305 1414 5373 debilem,nou
1429 5307 1884 5376 claudicantem,
1900 5309 2007 5365 sed
2027 5326 2153 5368 ma-

486 5394 701 5450 nifeste
722 5401 1032 5468 repentem
1053 5403 1108 5453 et
1128 5397 1499 5469 gradientem
1523 5414 1706 5473 supra
1721 5405 1926 5472 pectus
1939 5416 2008 5458 ac
2021 5415 2155 5459 ven.

485 5485 998 5557 trem,secundum
1029 5492 1290 5544 veterem
1319 5487 1805 5546 maledictionem
1833 5490 2148 5564 serpentis.

2333 2719 2430 2792 λγ’.
2464 2719 2686 2777 Παιδίον
2740 2728 2833 2783 τὴν
2881 2724 3086 2783 ἡλικίαν
3141 2721 3248 2784 ἤδη
3312 2723 3576 2800 πρόσηϐον
3630 2729 3708 2794 ὅν,
3773 2745 3886 2778 πα-

2262 2813 2376 2883 τρίς
2395 2808 2532 2884 τῷδε
2559 2820 2660 2865 τῶν
2689 2817 2808 2889 περί
2856 2816 2943 2866 τὸν
2996 2810 3275 2866 Ῥυνδακὸν
3325 2817 3559 2887 ποταμὸν
3611 2817 3715 2884 μία
3769 2834 3886 2866 κω-

2264 2908 2395 2974 μῶν,
2460 2910 2551 2963 τῆς
2626 2905 3038 2977 προενεγκούσης
3109 2905 3433 2976 μεταναστὰν
3487 2905 3544 2954 τὸ
3606 2898 3660 2956 δῖ
3741 2905 3884 2965 ὅπως

2263 2991 2426 3064 λέγειν
2491 2991 2550 3044 ού
2604 2996 2848 3067 φορητὸν,
2910 2991 3110 3046 ἀσεϐῶν
3171 2996 3230 3046 τὸ
3284 2992 3456 3064 κύκλῳ
3503 2988 3879 3066 καταδραμόν-

2263 3099 2360 3132 των
2421 3081 2739 3152 Ἀγαρηνῶν,
2797 3101 2885 3134 και
2942 3084 3088 3157 παρά
3137 3086 3233 3140 τὴν
3279 3085 3676 3134 Κωνσταντίνου
3740 3087 3874 3154 γενό-

2263 3187 2433 3240 μενον,
2460 3165 2592 3242 τῇδε
2635 3168 2842 3224 κάκεῖσε
2897 3180 2992 3232 τῆς
3043 3170 3233 3247 πόλεως
3288 3169 3542 3243 ἀλώμενον
3601 3167 3688 3230 ἧν,
3737 3169 3867 3224 Ἀλλ’

2263 3258 2304 3308 ὣ
2357 3266 2453 3321 τῆς
2512 3257 2753 3312 ἀνεκαθεν
2806 3268 2897 3312 τοῦ
2939 3259 3240 3332 ἀρχεκάκου
3295 3263 3424 3336 πρὸς
3477 3262 3626 3333 ἡμῶς
3673 3257 3874 3333 δυσμε-

2261 3351 2400 3409 νείας
2433 3347 2445 3401 1
2483 3351 2670 3400 σκότου
2723 3367 2814 3400 και
2869 3345 3022 3410 δίνης
3075 3354 3199 3421 μιᾶς
3247 3348 3540 3422 πληροῦται
3600 3360 3702 3402 τῶν
3751 3352 3874 3421 ἡμεο

2261 3444 2386 3508 ρῶν.
2414 3437 2760 3510 Μεσημϐρίας
2790 3445 2851 3496 ῆν
2899 3439 2925 3489 ὁ
2972 3441 3169 3511 καιρός,
3223 3439 3306 3491 ὅτε
3368 3435 3435 3497 δὴ
3491 3459 3586 3492 και
3644 3441 3670 3492 ὁ
3746 3440 3876 3501 θεῖος

2263 3526 2356 3596 ἔφη
2425 3523 2600 3580 Δαυίδ
2661 3534 2768 3588 τοῖς
2826 3532 2896 3600 μὴ
2955 3535 3292 3580 κατοικοῦσιν
3353 3526 3404 3579 ἐν
3481 3526 3717 3602 βοηθείᾳ
3783 3534 3874 3580 τοῦ

2266 3613 2541 3686 ’Υψίστου,
2573 3612 2705 3688 μηδ’
2749 3615 2798 3668 ἰν
2849 3623 2912 3690 τῇ
2977 3620 3142 3689 σκέπῃ
3202 3624 3294 3669 τοῦ
3324 3624 3457 3670 Θεοῦ
3486 3617 3871 3690 αύλιζομένοις,

2264 3709 2330 3760 τὰ
2359 3701 2690 3778 δαιμονιώδη
2748 3710 3064 3779 συμπίπτειν
3117 3708 3499 3778 φαντὰσματα’
3564 3709 3734 3760 παθόν
3785 3702 3870 3758 οὖν

2263 3797 2399 3850 οὕτω
2427 3815 2518 3848 και
2545 3814 2631 3848 τον
2661 3794 2910 3868 λογισμὸν
2966 3795 3061 3847 οὐκ
3112 3793 3190 3847 ἐπ’
3248 3794 3414 3867 ὀλίγον
3479 3797 3868 3870 συνταραχθέν,

2265 3889 2359 3949 τὰς
2424 3886 2604 3958 ἰγνύας
2689 3889 3147 3959 συνεστραμμένας
3220 3887 3406 3958 αἴφνης
3482 3887 3612 3956 ἔχον
3667 3886 3869 3959 εὑρέθη,

2263 3983 2374 4038 τοῖς
2434 3982 2623 4049 μηροῖς
2678 3976 2774 4036 τὰς
2822 3979 3024 4047 κνήμας
3080 3979 3493 4047 συμπεφυκυίας,
3552 3977 3713 4028 ὁποῖα
3775 3981 3871 4025 τῶν

2265 4066 2321 4119 ἐκ
2374 4073 2582 4137 γενετῆς
2639 4063 2992 4137 ἀμϐλωμοὶτων
3068 4066 3218 4136 συχὰ
3265 4065 3410 4139 παρά
3463 4066 3562 4127 τὰς
3633 4065 3873 4121 πλατείας

2265 4164 2356 4216 τῆς
2408 4154 2601 4215 πόλεως
2656 4153 2880 4228 ἔρριπτε,
2940 4156 3027 4205 τὸν
3089 4161 3188 4205 τῶν
3255 4157 3550 4229 παριόντων
3607 4152 3744 4207 ἔλεον
3793 4151 3874 4204 ἕκ-

2268 4240 2538 4316 δεχόμεθα
2560 4263 2573 4276 ο
2605 4241 2712 4294 ἀλλ’
2742 4243 2806 4301 ἧν
2837 4243 2906 4304 ὠς
2958 4241 3145 4294 ἐπίπαν
3185 4241 3519 4300 ἀπόπληκτον
3576 4247 3634 4296 τὸ
3674 4237 3869 4295 παιδά-

2266 4352 2398 4408 ριον,
2431 4351 2520 4384 και
2565 4327 2696 4404 μηδ’
2725 4332 2751 4383 ὅ
2808 4350 2859 4382 τι
2914 4333 3176 4401 πεπόνθει,
3237 4335 3466 4385 συνιέναι
3511 4337 3570 4386 τὸ
3627 4334 3868 4405 παράπαν

2268 4419 2570 4494 δυναμενον.
2611 4421 2756 4473 Ἐπεί
2790 4416 2842 4472 δ’
2872 4421 2902 4477 ἡ
2935 4423 3093 4492 φύσις
3136 4425 3266 4496 πρὸς
3319 4421 3448 4496 ἅπερ
3506 4425 3655 4476 εἴωθε
3710 4437 3867 4475 κατη-

2264 4512 2514 4581 νὰγκασε,
2567 4510 2671 4560 τότ’
2723 4511 2938 4580 ἔγνωκεν
2995 4507 3223 4582 ἀκριϐῶς
3295 4509 3356 4562 οὗ
3415 4517 3584 4563 κακοῦ
3667 4512 3864 4580 γέγονεν

2265 4599 2602 4672 (ἑρπυστικὸν
2676 4599 2778 4671 γὰρ
2853 4601 3077 4656 κατέστη
3181 4601 3240 4651 τὸ
3301 4603 3426 4661 τέως
3529 4593 3864 4673 βαδιστικὸν)

2263 4691 2426 4762 χερσί
2455 4689 2545 4760 μεν
2577 4687 2662 4739 οἷα
2715 4707 2807 4739 και
2862 4692 2994 4740 ποσί
3042 4693 3334 4763 χρώμενον,
3383 4695 3495 4750 τοῖς
3540 4685 3600 4741 δὲ
3653 4689 3860 4758 γόνασιν

2263 4776 2368 4849 οὐχ
2426 4777 2560 4837 ὅπως
2613 4775 2667 4829 λε
2726 4774 3020 4850 προϐαῖνον,
3076 4776 3205 4829 ἀλλὰ
3251 4779 3554 4850 συρόμενον,
3612 4781 3727 4828 νοῦν
3777 4769 3858 4823 ού-

2261 4887 2358 4927 τως
2382 4869 2518 4939 ἔχων
2549 4865 2788 4932 ἐπιπολὺ,
2829 4869 2895 4919 τὰ
2950 4870 3082 4940 πρὸς
3137 4871 3323 4938 χρείας
3375 4864 3429 4928 ἐξ
3471 4868 3722 4925 αἰτήσεως
3769 4876 3854 4910 πο’

2259 4956 2552 5032 ριξόμενον,
2615 4956 2766 5029 ἕρπον
2823 4974 2875 5007 τε
2926 4951 3056 5027 τῇδε
3110 4952 3320 5008 κάκεῖσε
3371 4975 3462 5008 και
3515 4948 3850 5019 κυλινδούμι·
3942 4982 3948 4986 -

2259 5066 2364 5104 νον,
2419 5045 2700 5102 Ἠτοιαύτη
2757 5063 2817 5116 γε
2866 5048 2969 5116 μὴν
3031 5043 3126 5103 ἆλη
3178 5047 3362 5098 τούτου
3417 5065 3508 5098 και
3568 5043 3706 5116 παρὰ
3763 5038 3849 5091 τὴν

2262 5134 2388 5208 ἐμὴν
2443 5126 2609 5186 οἰκίαν
2665 5134 2906 5206 γενέσθαι
2956 5138 3225 5200 πεποίηκε,
3280 5155 3370 5187 και
3425 5155 3516 5208 μοι
3572 5134 3692 5206 πρὸς
3737 5123 3848 5195 ὄψιν

2263 5222 2433 5292 ἦλθεν,
2467 5224 2526 5276 ού
2549 5223 2798 5296 χωλεῦον,
2841 5223 2937 5275 οὐκ
2985 5223 3226 5292 ὁκλάζον,
3299 5223 3427 5277 ἀλλὰ
3485 5229 3656 5296 σαφῶς
3682 5217 3836 5291 ἕρπον,

2261 5313 2392 5366 κάπί
2436 5322 2508 5384 τῷ
2557 5314 2740 5371 στήθεί
2803 5332 2893 5365 και
2941 5321 3003 5371 τῆ
3069 5313 3242 5386 κοιλιᾳ
3303 5317 3437 5367 κατὰ
3491 5318 3584 5373 τὴν
3634 5300 3834 5362 παλαιάν

3181 4601 3240 4651 τὸ
3301 4603 3426 4661 τέως

2264 5403 2456 5461 ἐκείνην
2496 5405 2728 5475 κατάραν
2768 5409 2862 5454 τοῦ
2898 5405 3055 5474 ὄφεως
3076 5407 3432 5477 πορευόμενον.

557 5627 672 5698 (12)
693 5625 1058 5699 Rhymlacus
1087 5627 1307 5686 ﬂuvius
1329 5631 1524 5704 Mysia
1549 5630 1846 5705 (Phrygiae
1867 5633 2115 5705 majoris
2128 5649 2200 5693 ea
2221 5650 2364 5708 pars
2395 5637 2502 5701 est)
2536 5634 2595 5691 in
2623 5634 3041 5708 Propontidem
3073 5633 3268 5692 inﬂuit
3288 5636 3367 5693 ad
3392 5622 3832 5704 congnomineln

487 5713 600 5772 sibi
619 5730 854 5790 urpem.
874 5715 1022 5775 Sunt
1039 5717 1144 5792 qui
1165 5718 1413 5777 credant
1441 5719 1625 5778 Plinio
1659 5722 1883 5795 Lycum
1901 5723 2040 5781 dici.
