4152 6412
304 423 416 480 925

377 544 486 604 λὸ“’.
517 545 654 602 Ἀλλ’
693 547 752 600 οὗ
782 549 916 600 πάνυ
947 566 1006 619 γε
1049 549 1249 618 συχναὶ
1309 542 1575 618 παρῆλθον
1627 550 1726 596 τῶν
1782 543 1913 615 ήμε-
1941 545 1984 598 Α

299 645 429 712 ρῶν,
473 642 563 691 καὶ
618 633 860 710 βαδίζων
915 632 1061 697 αὖθις
1098 638 1224 709 πρὸς
1269 636 1410 707 ἡμᾶς
1466 635 1491 685 6
1544 639 1664 694 παῖς
1714 635 1910 704 γέγονε,

303 725 476 799 βαίων
526 729 891 802 ἁπρόσκοπτα,
940 724 1025 778 ἐπί
1072 744 1127 778 τε
1161 732 1262 776 τῶν
1318 720 1504 777 ποδοῖν
1544 720 1732 796 ἀμφοῖν
1786 740 1915 779 σκη-

297 821 630 889 ριπτόμενος,
690 819 780 868 καὶ
812 817 1084 888 ἱστάμενος
1135 817 1325 890 ὄρθιος.
1377 815 1446 875 ὥς
1491 832 1550 885 γε
1607 808 1674 870 δὴ
1730 812 1915 872 πάντες

301 908 355 958 οἱ
382 902 476 959 διὰ
536 906 774 968 πλάσεως
805 901 858 959 εὖ
914 908 1144 978 ἔχοντες,
1199 909 1351 979 τέρας
1407 910 1562 956 τοῦτο
1595 907 1706 963 τοῖς
1754 907 1912 976 προῖ-

302 992 492 1049 δοῦσιν
525 995 723 1050 ἅπασιν
773 991 938 1065 ἔδοξε,
993 998 1080 1048 καὶ
1107 993 1260 1056 ἄλλος
1297 993 1446 1046 ἄλλον
1494 993 1645 1054 εὐθὺς
1691 1009 1912 1064 μετεκαο

298 1084 459 1153 λεῖτο,
522 1091 611 1138 καὶ
671 1085 842 1161 ἔτερος
917 1085 1089 1159 ἑτέρου
1172 1088 1291 1159 περὶ
1357 1083 1498 1153 αὐτῷ
1581 1081 1908 1146 ἐπυνθάνετο,

301 1174 427 1247 Οὐχ
468 1175 620 1236 οὗτος
672 1173 879 1240 ἐκεῖνος,
933 1174 1114 1246 λέγων,
1166 1175 1192 1226 6
1226 1177 1326 1248 πρό
1382 1180 1572 1248 μικροῦ
1623 1172 1913 1245 μετάφορη-

298 1268 384 1325 τός
418 1283 431 1332 ;
465 1264 588 1336 Οὐχ
618 1263 764 1325 οὗτος
815 1264 840 1316 6
898 1265 1031 1336 χθὲς
1091 1265 1226 1336 ἔχων
1274 1268 1364 1316 καὶ
1411 1266 1667 1338 πρότριτα
1719 1278 1909 1332 συγκε-

299 1357 540 1427 καμμένα
578 1355 644 1406 τά
699 1358 895 1425 γόνατα
936 1371 949 1421 ;
994 1358 1095 1406 Καὶ
1161 1351 1245 1406 ἰπὶ
1275 1352 1404 1405 πολύ
1457 1372 1568 1413 πως
1625 1346 1908 1423 διηπορού-

301 1444 461 1514 μεθα,
506 1442 550 1494 εἰ
615 1440 1004 1501 έπαληθεύοντά
1060 1443 1192 1495 εἰσιν
1257 1444 1382 1515 ἡμῖν
1439 1443 1506 1493 τὰ
1569 1448 1666 1502 τῆς
1720 1439 1904 1511 ὅψεως,

303 1533 402 1594 ἕως
463 1530 617 1594 αὐτὸς
691 1534 852 1604 ἔγωγε
893 1530 1162 1606 ἐγγύτερον
1217 1529 1426 1604 ἀγαγὼν
1483 1531 1622 1591 ὅπως
1681 1549 1734 1582 τε
1789 1530 1910 1602 ἠρό-

299 1640 428 1694 μην,
455 1625 546 1673 καὶ
574 1624 697 1674 πότε
723 1622 888 1693 ὑγιεῖς
943 1621 1078 1674 οὕτω
1142 1625 1261 1682 τοὺς
1312 1617 1486 1682 πόδας
1536 1618 1752 1691 ἐγένετο.
1808 1624 1910 1672 Καὶ

301 1709 379 1780 ὃς,
408 1709 672 1781 Ἐξῆλθον,
722 1713 838 1784 ἔφη,
870 1719 970 1763 τῶν
1029 1709 1284 1778 ἐνταυθοῖ,
1341 1713 1486 1785 παρὰ
1540 1712 1628 1761 τὸν
1672 1707 1908 1780 αἰγιαλὸν

298 1803 512 1871 γέγονα,
539 1799 610 1862 ὥς
638 1808 737 1852 τῶν
766 1804 1058 1876 παριόντων
1111 1800 1353 1873 αἰτοίμην
1399 1800 1468 1861 ὠς
1524 1805 1615 1851 τοῦ
1643 1797 1767 1873 παρ’
1818 1797 1909 1850 αὗ-

1651 413 1727 472 IN
1767 417 1822 474 S.
1862 418 2339 477 THEODOSIAM.

3573 425 3681 482 926

2101 547 2190 602 34.
2219 547 2347 601 Non
2370 545 2540 603 multi
2575 545 2714 603 inde
2737 546 3094 606 efﬂuxerant
3119 549 3268 618 dies,
3301 567 3442 608 cum
3470 565 3679 608 rursus

2025 634 2102 692 ad
2134 634 2297 690 mdes
2327 640 2568 693 nostras
2593 636 2754 692 idem
2788 653 2850 693 se
2872 637 3224 713 adolescens
3251 640 3519 710 contulit,
3542 641 3682 699 abs-

2023 738 2140 796 que
2168 723 2334 780 omni
2355 724 2790 797 impedimento
2811 727 3098 799 omnique
3124 727 3515 785 incommodo
3544 744 3683 802 pro-

2023 812 2319 884 grediens,
2351 819 2606 887 utroque
2636 814 2886 872 firmiter
2911 815 3240 872 consistens
3270 819 3443 890 pede,
3473 823 3529 874 et
3549 836 3676 877 cor-

2021 918 2168 975 pore
2197 902 2258 959 in
2275 903 2465 960 altum
2490 909 2706 975 erecto,
2731 904 3254 976 quemadmodum
3274 907 3465 963 solent
3490 908 3530 963 ii
3550 909 3679 981 qui-

2019 990 2135 1046 bus
2161 991 2325 1048 omni
2357 1007 2430 1048 ex
2460 997 2628 1065 parte
2651 993 2934 1049 absoluta
2957 994 3370 1051 membrorum
3402 997 3677 1053 omnium

2021 1079 2418 1138 conformatio
2445 1081 2678 1153 obtigit.
2725 1083 3070 1154 Prodigium
3109 1083 3225 1139 hoc
3257 1085 3542 1141 omnibus
3570 1085 3677 1158 qui

2019 1184 2055 1226 a
2083 1169 2276 1227 lerant
2302 1186 2426 1227 non
2454 1171 2759 1228 mediocre
2778 1173 2969 1228 visum
2993 1177 3086 1229 est
3114 1190 3127 1227 :
3154 1188 3224 1229 ac
3241 1172 3338 1230 alii
3360 1173 3676 1230 confestim

2017 1258 2187 1329 alios,
2218 1263 2281 1316 ut
2352 1259 2438 1332 ﬁt,
2497 1260 2880 1332 advocantes,
2925 1277 3106 1335 super
3150 1262 3529 1319 adolescente
3573 1262 3676 1320 illo

2018 1348 2208 1404 multa
2220 1349 2359 1405 exin
2369 1350 2559 1406 vicem
2579 1350 3672 1425 sciscitabantur.Nonne,inquiebant,

2016 1436 2111 1493 ille
2139 1438 2236 1494 hic
2265 1443 2374 1506 est,
2417 1439 2520 1510 qui
2545 1453 2670 1495 non
2696 1455 2732 1495 a
2762 1441 2956 1496 multo
2987 1445 3254 1513 tempore
3283 1441 3402 1497 huc
3443 1440 3523 1497 ad
3561 1456 3673 1498 nos

2017 1526 2126 1583 fuit
2157 1526 2390 1583 delatus
2412 1531 2440 1583 ?
2469 1531 2677 1584 Nonne
2708 1528 2869 1585 idem
2896 1529 3027 1602 ipse
3061 1529 3140 1585 ab
3174 1529 3302 1586 heri
3331 1533 3389 1585 et
3416 1529 3673 1586 nudius-

2016 1616 2225 1673 tertius
2274 1623 2582 1675 contracta
2618 1618 2886 1676 habebat
2937 1620 3179 1691 genua?
3227 1619 3468 1676 Multum
3495 1619 3674 1691 igitur

2017 1705 2468 1779 dubitabamus,
2517 1723 2662 1765 nam
2707 1725 2850 1765 vera
2897 1712 3096 1766 essent
3141 1725 3278 1781 quae
3310 1709 3672 1766 videbamus

2017 1795 2241 1865 oculis;
2267 1797 2462 1853 donec
2491 1813 2602 1869 ego
2632 1797 2760 1870 ipse
2791 1797 3039 1870 propius
3071 1799 3150 1854 ad
3180 1813 3320 1854 eum
3351 1798 3668 1870 accedens,

298 1896 398 1941 τῶν
424 1888 588 1950 ἐλέους
617 1892 940 1962 τυγχάνοιμι
969 1907 982 1919 ⁸
1019 1888 1146 1942 ἀλλά
1201 1909 1278 1950 τις
1307 1897 1405 1941 τῶν
1432 1884 1624 1941 ὁδιτῶν
1655 1887 1770 1954 (οὐκ
1800 1883 1900 1940 οἶδ¹

2015 1887 2390 1959 percunctari
2413 1887 2588 1960 coepi,
2612 1903 2737 1960 qua
2759 1888 3008 1944 tandem
3029 1888 3281 1956 ratione,
3306 1904 3500 1962 quove
3526 1893 3671 1944 tem-

298 1979 434 2041 ὅπως
465 1997 564 2048 τις,
597 1978 656 2031 οὐ
715 1981 818 2054 γὰρ
867 1979 1070 2053 ἑώρακα
1125 1983 1395 2054 πρότερον,
1450 1977 1508 2030 οὐ
1558 1979 1689 2050 μετὰ
1738 1984 1907 2030 ταῦτα

297 2075 477 2120 τοῦτον
537 2069 807 2142 τεθέαμαι)
909 2074 1201 2141 καινότερον
1295 2066 1372 2120 ἐπ’
1431 2066 1544 2139 ἐμοὶ
1579 2071 1903 2158 ,πεποίηκεν

297 2156 451 2225 ἔλεον,
529 2160 663 2233 ἄρας
745 2178 809 2231 με
861 2174 874 2186 ⁸
937 2162 1027 2210 καὶ
1081 2161 1184 2231 γὰρ
1260 2153 1558 2230 ἓπωμάδιον
1597 2153 1754 2229 παρὰ
1808 2160 1903 2214 τήν

311 2252 474 2319 Αγίαν
543 2252 705 2322 φέρων
779 2249 1022 2301 κατέθετο
1071 2265 1084 2276 '
1137 2248 1272 2300 οὕτω
1326 2245 1428 2320 γὰρ
1486 2244 1758 2298 καλεῖσθαι
1808 2250 1902 2304 τὴν

295 2341 559 2413 μακαρίαν
600 2340 793 2396 ταύτην
848 2333 1141 2390 Θεοδοσίαν
1197 2339 1228 2395 ἠ
1287 2343 1386 2389 τῶν
1445 2337 1723 2408 θαυμάτων
1781 2355 1903 2388 συν-

298 2429 449 2497 έχεια
518 2428 661 2499 παρὰ
714 2445 774 2498 γε
817 2435 880 2499 τῇ
964 2425 1299 2498 μεγαλοπόλει
1375 2428 1537 2498 ταύτῃ
1600 2429 1899 2492 πεποίηκεν,

299 2512 444 2588 οἶμαι
494 2511 554 2568 δὲ
609 2518 699 2568 καὶ
748 2524 846 2568 τῶν
904 2515 1099 2569 πόλεων
1142 2522 1389 2588 πανταχῆ
1425 2535 1438 2547 ’
1498 2522 1745 2586 πανταχῆ
1799 2516 1899 2589 γὰρ

297 2603 508 2668 ἰξαπλοῖ
551 2609 638 2663 τήν
677 2608 841 2680 χάριν
897 2626 910 2639 ο
965 2608 1046 2658 ὅτι
1090 2609 1181 2658 καὶ
1225 2605 1553 2676 πανταχόθεν
1609 2602 1902 2678 ξυρῥέοντες

297 2696 345 2748 οἱ
373 2703 544 2757 κακῶς
569 2697 780 2768 ἔχοντες
825 2704 926 2749 τῶν
989 2697 1171 2749 ἰάσεων
1223 2693 1494 2748 ἐπανίασιν
1539 2692 1896 2755 ἀπολαϐόντες.

2015 1991 2160 2050 pore
2189 1977 2414 2048 pedum
2469 1977 2787 2034 sanitatem
2830 1981 3190 2034 consecutus
3229 1980 3402 2034 esset.
3437 1978 3510 2033 At
3550 1977 3666 2046 ille,

2013 2067 2142 2120 Non
2193 2064 2274 2120 ita
2329 2065 2587 2137 pridem,
2619 2065 2830 2139 inquit,
2876 2065 3016 2122 hinc
3065 2066 3146 2121 ad
3189 2065 3348 2123 littus
3387 2081 3670 2136 egressus

2015 2169 2172 2220 sum,
2206 2159 2327 2210 uta
2357 2155 2836 2226 pretereuntibus
2865 2155 3268 2227 eleemosynae
3315 2154 3543 2227 aliquid
3570 2171 3668 2212 ro-

2011 2243 2216 2314 gando
2264 2259 2666 2317 consequerer
2705 2261 2718 2311 ;
2779 2260 2918 2300 cum
2965 2260 3102 2300 ecce
3134 2261 3164 2301 e
3213 2245 3668 2302 transeuntibus

2011 2347 2169 2388 unus
2198 2333 2524 2406 quisquam
2543 2335 2671 2406 (nec
2692 2334 2855 2390 enim
2875 2334 3010 2407 quis
3034 2334 3211 2390 fuerit
3230 2335 3375 2404 scio,
3404 2335 3508 2407 qui
3530 2339 3668 2392 ante

2009 2437 2328 2495 nunquam
2358 2423 2668 2480 hominem
2699 2424 2988 2493 videram,
3020 2428 3078 2481 et
3115 2423 3333 2480 deinde
3366 2440 3491 2481 non
3522 2440 3668 2482 con-

2011 2513 2177 2586 spexi
2198 2513 2482 2586 amplius)
2500 2514 2802 2570 insolitam
2820 2514 2966 2571 mihi
2987 2514 3440 2587 eleemosynam
3462 2519 3668 2572 contu-

2007 2602 2092 2673 lit,
2121 2601 2270 2658 dum
2297 2609 2601 2676 arreptum
2625 2619 2720 2659 me
2751 2608 2929 2676 atque
2950 2604 3011 2659 in
3042 2604 3330 2660 humeros
3362 2620 3504 2661 suos
3529 2604 3669 2661 sub-

2007 2692 2219 2762 latum,
2254 2691 2537 2764 deposuit
2583 2693 2749 2766 apud
2784 2695 3065 2750 Sanctam
3101 2710 3114 2749 :
3146 2693 3264 2750 hoc
3301 2694 3530 2767 quippe
3556 2710 3666 2750 no-

301 2783 460 2840 mine
489 2783 734 2840 beatam
767 2785 1168 2842 Theodosiam
1197 2783 1513 2857 appellari,
1544 2783 1605 2839 in
1645 2783 1760 2839 hac
1804 2796 2031 2853 magna
2072 2782 2302 2838 civitate
2338 2782 2475 2839 fecit
2521 2782 2954 2840 miraculorum
2984 2783 3306 2839 multitudo
3340 2800 3353 2838 :
3385 2783 3666 2841 existimo

296 2878 495 2931 autem
525 2874 608 2930 sic
637 2874 816 2930 etiam
846 2875 908 2930 in
935 2874 1067 2931 aliis
1089 2873 1313 2947 ubique
1339 2871 1593 2929 urbibus
1614 2871 1950 2942 nominari,
1983 2870 2204 2944 ubique
2231 2871 2391 2927 enim
2423 2871 2679 2944 gratiam
2708 2871 2995 2929 divinitus
3022 2872 3136 2929 sibi
3165 2872 3446 2928 collatam
3475 2873 3668 2946 expli-

298 2965 427 3032 cat;
457 2977 644 3035 quare
675 2962 855 3019 etiam
886 2963 1155 3036 undique
1185 2961 1500 3019 conﬂuunt
1526 2960 1686 3018 male
1714 2959 2008 3017 habentes
2039 2965 2094 3016 et
2121 2959 2441 3018 discedunt
2470 2961 2742 3018 sanitatis
2770 2961 3202 3018 restitutionem
3231 2961 3556 3017 consecuti.

366 3050 666 3106 λε’.Τοίνυν
703 3057 794 3106 καὶ
824 3051 1102 3126 ἀνωνύμως
1161 3052 1296 3107 οὕτω
1352 3055 1412 3104 τό
1464 3047 1748 3124 παιδάριον
1802 3049 1902 3103 ἁπ-

297 3139 548 3195 εκάλεσεν.
582 3146 685 3195 Καὶ
711 3139 778 3201 δή
810 3161 874 3215 με
902 3144 1133 3210 ὑποθεὶς,
1191 3145 1305 3215 ἔφη,
1363 3149 1426 3216 τῇ
1483 3142 1678 3201 ταύτης
1737 3146 1898 3216 σορῷ,

293 3228 442 3302 ἐλαίῳ
512 3249 566 3283 τε
657 3250 856 3305 χρισας
937 3240 1027 3293 τῆς
1119 3230 1494 3308 ἐπῃωρημένης
1581 3236 1901 3304 φωταγωγοῦ

292 3317 434 3382 ἓξιὼν
506 3319 710 3392 εὔχετο.
788 3321 924 3392 Ἐγώ
980 3317 1032 3374 δ’
1111 3320 1488 3393 ὸαπολειφθεὶς
1539 3319 1588 3373 ἓν
1637 3318 1900 3392 ἀμηχάνῳ

289 3412 566 3482 γεγένημαὶ
622 3425 639 3442 ο
701 3409 759 3462 οὐ
813 3412 915 3485 γὰρ
1010 3409 1306 3485 προϐαίνειν
1361 3410 1508 3476 ὅλως,
1555 3410 1614 3463 οὗ
1657 3408 1901 3483 μεταϐαί-

289 3515 388 3549 νειν
444 3493 744 3570 ἠδυνάμην,
803 3495 912 3550 ἀλλ’
961 3500 1032 3561 ὣς
1077 3519 1130 3552 τι
1175 3499 1539 3575 παρερῥίμμην
1587 3499 1760 3570 ἄχθος
1809 3501 1900 3550 καὶ

288 3595 384 3638 τῶν
432 3607 560 3662 προς
611 3591 798 3663 χρείαν
843 3587 1162 3665 έστερούμην
1210 3591 1236 3642 6
1297 3586 1542 3650 δείλαιος.
1601 3595 1752 3661 Τρεῖς
1798 3595 1897 3640 τῶν

287 3677 488 3749 ἡμερῶν
545 3677 938 3752 παρεῤῥύησαν,
1000 3683 1091 3731 καὶ
1156 3699 1248 3752 μοι
1297 3679 1428 3740 ζάλη
1490 3697 1572 3739 τις
1630 3681 1750 3749 περὶ
1809 3678 1897 3728 τόν

287 3762 540 3838 λογισμὸν
583 3769 811 3838 γέγονεν,
868 3767 973 3841 οὐχ
1021 3769 1201 3844 οἵαπερ
1251 3767 1414 3826 έκείνη
1472 3770 1498 3826 ἡ
1550 3769 1650 3842 πρὸ
1701 3771 1894 3840 μικροῦ

289 3853 649 3927 ξυμπεσοῦσα,
690 3859 780 3908 καὶ
833 3860 899 3909 τὰ
946 3862 1138 3930 γόνατα
1188 3859 1644 3933 παραρθρώσασα,
1702 3860 1892 3930 γρὶκην

286 3961 379 4016 μοι
425 3947 515 3996 καὶ
564 3965 726 4017 μονης
790 3943 890 3999 ἀπὸ
943 3951 1151 4020 μνήμης
1203 3945 1394 4008 ἐκείνης
1446 3953 1602 4011 ποιεῖ,
1659 3944 1892 4018 γαλήνης

291 4027 350 4084 δε
409 4035 499 4090 τὴν
559 4031 784 4108 καρδίαν
853 4035 1150 4110 πληροῦσα,
1219 4039 1308 4087 καὶ
1371 4037 1500 4110 πρὸς
1555 4037 1613 4086 τό
1669 4034 1889 4105 εὔθυμον

286 4119 682 4195 μεταϐάλλουσα
757 4141 769 4154 ’
826 4125 938 4178 ὅθεν
1017 4130 1107 4178 καὶ
1162 4125 1230 4187 ὠς
1287 4126 1336 4177 ἓν
1388 4123 1531 4196 ὕπνῳ
1585 4119 1887 4195 πεπεδημέ-

284 4228 370 4272 νος
440 4205 570 4262 εἵναι
659 4207 840 4282 δόξας,
934 4213 1089 4285 ὑγιὴς
1168 4214 1432 4288 ἀναθορῶν
1512 4213 1758 4288 εὖρημαι,
1843 4215 1889 4265 ἔ-

288 4317 416 4357 στην
467 4318 522 4351 τε
578 4298 662 4352 έπὶ
719 4297 911 4368 πόδας,
967 4306 1057 4354 καὶ
1111 4301 1334 4378 προέϐην
1411 4301 1495 4355 ἐπὶ
1563 4304 1782 4375 μακρὸν,
1838 4299 1886 4354 ἓν

284 4387 448 4459 ἐαυτῷ
518 4408 572 4441 τε
623 4393 912 4462 γενόμενος,
975 4396 1065 4444 καὶ
1116 4393 1228 4445 ὅθεν
1295 4392 1389 4452 ἧκέ
1433 4411 1524 4464 μοι
1574 4387 1800 4444 συνιδὼν
1851 4393 1882 4450 ἡ

285 4475 526 4549 βοήθεια,
580 4485 640 4550 τῇ
691 4488 783 4541 τῆς
823 4478 1008 4553 Ἀγίας
1063 4477 1556 4556 προσδεδραμήκειν
1588 4487 1747 4554 σορῷ,
1795 4484 1885 4533 καὶ
1918 4471 1959 4524 D

281 4574 346 4639 τῇ
395 4570 589 4631 ταύτης
641 4572 859 4644 περιφὺς
921 4571 1097 4643 εἰκόνι,
1149 4576 1238 4624 καὶ
1277 4573 1456 4643 συχνὰ
1496 4573 1691 4629 ταύτην
1741 4589 1884 4645 περι-

281 4654 599 4728 πτυξάμενος
667 4653 900 4726 ἐξῆλθον,
951 4659 1020 4722 ὠς
1072 4661 1242 4732 ὁρᾶτε,
1301 4667 1393 4712 τοῦ
1423 4660 1505 4713 ἐπ’
1557 4659 1671 4733 ἕμοὶ
1729 4655 1882 4722 δοξά-

280 4745 383 4806 ζων
465 4748 1008 4821 θαυματουργήματος
1069 4766 1082 4779 ·
1135 4755 1224 4802 καὶ
1265 4757 1354 4801 νῦν
1411 4750 1602 4823 ἡμέραι
1648 4753 1884 4822 τέτταρες

279 4829 388 4892 ἤδη
422 4833 476 4897 ἐξ
499 4835 560 4887 οὗ
591 4840 686 4895 τὴν
732 4836 880 4889 πόλιν
937 4846 1242 4912 περινοστῶ,
1305 4836 1579 4912 ἐλευθέρως
1621 4839 1741 4891 ὅποι
1791 4843 1881 4891 καὶ

281 4922 541 4998 βούλομαι
569 4930 924 5000 πορευόμενος.

347 5211 451 5276 λς’.
486 5212 644 5267 Ἀλλὰ
689 5209 828 5286 μηδὲ
870 5216 936 5266 τὰ
965 5212 1066 5288 ὶμά
1115 5215 1291 5288 ὅτιπερ
1354 5213 1454 5287 ἐμὰ
1505 5212 1879 5287 παραλειπτέον

277 5298 413 5372 ἕμοὶ,
459 5302 526 5365 ὡς
557 5304 628 5376 μή
698 5307 788 5356 καὶ
845 5304 980 5356 αὐτὰ
1041 5303 1203 5366 λήθης
1263 5305 1678 5378 παραπεμφθεῖεν
1706 5303 1876 5376 βυθῷ,

275 5388 422 5460 κάγὼ
479 5391 674 5464 μέμψει
746 5389 933 5466 δικαίᾳ
1005 5391 1457 5452 καθυποϐληθείην
1531 5391 1877 5468 ἀχαριστίας,

278 5475 416 5549 μηδέ
452 5477 587 5552 λόγῳ
625 5480 762 5553 ψιλῷ
800 5479 1132 5559 παραδοῦναι
1189 5485 1566 5559 προθυμηθεὶς,
1635 5485 1765 5557 οἷπερ
1825 5479 1880 5536 εὖ

278 5573 385 5628 τοῖς
423 5570 586 5642 ἦογοις
623 5572 781 5642 ἔφθην
820 5575 997 5625 παθών
1045 5594 1057 5606 ·
1098 5578 1216 5646 περὶ
1257 5569 1315 5626 δὲ
1380 5581 1470 5626 τοῦ
1511 5569 1757 5648 δευτέρου
1795 5577 1880 5626 τόν

277 5655 426 5728 λόγον
467 5665 758 5732 ποιήσομαι
796 5666 1063 5737 πρότερον.
1102 5661 1342 5738 Γαμϐρός
1415 5665 1536 5735 ἐμὸς
1575 5663 1660 5716 ἐπὶ
1724 5664 1880 5735 θυγαο

278 5751 364 5821 τρί
437 5757 538 5800 τῶν
612 5749 823 5822 εὐγενῶν
897 5751 1043 5814 οὗτος
1103 5756 1192 5804 καὶ
1229 5750 1599 5825 περιϐλέπτων,
1662 5748 1880 5826 ἀδελφι-

1939 3113 1979 3168 C

2078 3049 2169 3106 35.
2210 3052 2416 3122 Itaque
2449 3051 2735 3107 Sanctam
2777 3066 3022 3124 quoque
3075 3066 3225 3123 puer
3276 3052 3384 3108 iste
3434 3065 3664 3108 vocans

2011 3139 2246 3213 absque
2275 3140 2521 3213 proprio
2551 3140 2819 3196 nomine.
2855 3142 3045 3214 Super
3079 3140 3282 3213 hujus,
3315 3141 3528 3213 inquit,
3573 3145 3665 3196 tu-

2009 3230 2241 3287 mulum
2272 3247 2369 3288 me
2391 3247 2621 3304 ponens
2642 3231 2758 3300 ille,
2775 3235 2833 3289 et
2851 3232 3110 3304 desuper
3129 3246 3414 3304 appensaa
3432 3230 3666 3303 lampa-

2008 3320 2100 3376 dis
2120 3320 2252 3376 oleo
2277 3320 2597 3393 inungens,
2631 3321 2823 3378 oravit
2850 3325 2907 3378 et
2947 3321 3109 3378 abiit.
3136 3323 3256 3392 Ego
3282 3336 3428 3376 vero
3452 3319 3665 3377 dereli~

2008 3414 2162 3480 ctus,
2182 3410 2329 3484 quid
2361 3425 2604 3481 agerem
2625 3410 2968 3468 nesciebam
2994 3429 3006 3466 :
3033 3426 3176 3467 nam
3202 3425 3401 3483 neque
3427 3425 3666 3483 progre-

2006 3497 2066 3554 di
2087 3514 2279 3571 neque
2320 3498 2553 3569 digredi
2589 3498 2730 3555 inde
2756 3503 3052 3572 poteram,
3085 3497 3193 3555 sed
3221 3497 3444 3555 inutilis
3475 3497 3666 3555 instar

2004 3589 2292 3662 ponderis
2321 3588 2738 3659 remanebam,
2765 3589 3047 3645 omnibus
3069 3589 3149 3645 ad
3177 3587 3361 3644 vitam
3388 3603 3666 3644 necessa-

2004 3677 2105 3733 riis
2153 3677 2333 3734 rebus
2381 3677 2700 3734 destitutus
2747 3678 2949 3733 miser.
3004 3680 3142 3734 Tres
3189 3676 3463 3732 abierant
3508 3675 3657 3744 dies,

2003 3783 2142 3823 cum
2166 3766 2312 3823 mihi
2358 3766 2642 3840 quaedam
2672 3766 2888 3823 mentis
2917 3765 3232 3823 concussio
3269 3765 3505 3831 accidit,
3535 3781 3656 3821 non

2000 3856 2200 3930 qualis
2237 3860 2374 3912 ante
2420 3855 2702 3927 exiguum
2749 3861 2990 3928 tempus
3038 3855 3462 3928 superveniens
3507 3854 3658 3912 mihi

2001 3961 2200 4017 genua
2229 3946 2542 4012 contraxit,
2587 3950 2642 4002 et
2671 3943 2766 4001 vel
2796 3944 2926 4000 sola
2955 3943 3365 4001 recordatione
3399 3943 3490 4000 sui
3517 3943 3657 4000 hor-

1997 4051 2195 4092 rorem
2220 4034 2364 4091 mihi
2394 4035 2629 4104 incutit;
2663 4033 2769 4090 sed
2791 4034 3059 4090 animum
3085 4033 3342 4106 implens
3371 4033 3654 4106 tranquil-

1995 4123 2178 4188 litate,
2206 4125 2550 4198 optimeque
2572 4139 2975 4197 componens;
3003 4122 3183 4188 unde,
3210 4122 3391 4179 veluti
3416 4121 3464 4178 si
3487 4137 3652 4179 som-

1997 4213 2185 4269 nianti
2215 4217 2448 4270 tantum
2481 4212 2753 4269 oblatum
2774 4212 2986 4269 fuisset
3005 4212 3228 4286 pedum
3250 4211 3650 4284 impedimen-

1996 4307 2147 4369 tum,
2186 4302 2270 4358 ita
2300 4318 2396 4358 me
2447 4317 2667 4359 sanum
2715 4301 2991 4360 exsiliens
3037 4302 3252 4376 reperi,
3295 4302 3546 4375 stetique
3589 4302 3650 4359 in

1995 4392 2178 4466 pedes
2209 4395 2443 4448 erectus
2488 4396 2545 4447 et
2573 4392 2880 4449 modicum
2911 4407 3270 4465 progressus
3299 4408 3453 4448 sum.
3500 4395 3650 4449 Tum

1993 4497 2134 4539 vero
2164 4483 2223 4538 in
2255 4481 2557 4554 meipsum
2579 4495 2912 4551 regressus,
2930 4487 2987 4538 et
3005 4481 3168 4538 unde
3189 4481 3473 4538 auxilium
3499 4481 3650 4538 mihi

1993 4571 2276 4642 venisset,
2325 4569 2683 4641 intelligens,
2737 4570 2815 4626 ad
2847 4573 3077 4627 Sanctae
3107 4571 3492 4644 sepulchrum
3551 4589 3654 4628 cu-

1992 4662 2184 4730 curri;
2227 4667 2283 4718 et
2313 4677 2498 4717 sacrae
2549 4661 2679 4732 ejus
2722 4659 2973 4732 imagini
3015 4661 3266 4731 affusus,
3313 4677 3452 4718 cum
3482 4661 3648 4718 illam

1991 4752 2311 4825 complexu
2353 4750 2650 4824 frequenti
2677 4748 3068 4822 strinxissem,
3115 4751 3290 4818 exivi,
3343 4756 3407 4807 ut
3432 4751 3647 4809 videtis

1990 4841 2351 4898 miraculum
2378 4841 2439 4897 in
2469 4855 2564 4897 me
2589 4839 2816 4897 factum
2846 4838 3181 4896 celebrans.
3225 4842 3482 4906 Quartus
3506 4857 3646 4898 vero

1989 4947 2152 4988 nunc
2186 4929 2313 4987 dies
2343 4935 2450 4999 est,
2479 4947 2552 4986 ex
2580 4945 2704 5003 quo
2735 4929 2946 4986 urbem
2991 4929 3150 4986 hanc
3178 4945 3424 4986 omnem
3457 4945 3644 4986 sanus

1988 5019 2342 5088 obambulo,
2399 5024 2455 5078 et
2483 5035 2850 5094 quocunque
2897 5019 3169 5076 locorum
3208 5018 3382 5076 fuerit
3409 5017 3646 5076 libitum

1989 5109 2221 5183 absque
2251 5109 2685 5184 impedimento
2712 5124 2923 5183 pergo.

2061 5222 2148 5276 36.
2191 5217 2303 5274 Sed
2333 5233 2470 5291 quae
2526 5233 2662 5274 mea
2706 5222 2863 5286 sunt,
2893 5221 3189 5290 tanquam
3239 5215 3288 5272 si
3333 5231 3470 5272 mea
3521 5231 3646 5273 non

1990 5311 2213 5378 essent,
2245 5307 2546 5380 praeterire
2591 5322 2714 5363 non
2759 5306 2984 5373 debeo;
3018 5321 3094 5363 ne
3139 5306 3186 5362 si
3216 5305 3519 5380 profundo
3575 5321 3647 5363 eo

1993 5396 2226 5453 silentio
2288 5397 2564 5464 obruam,
2626 5396 3068 5468 ingratitudinis
3123 5402 3281 5452 notae
3335 5395 3643 5468 subjiciar,

1989 5485 2158 5560 quod
2184 5501 2294 5542 nec
2324 5501 2601 5542 sermone
2640 5485 2885 5558 quidem
2930 5485 3068 5541 exili
3098 5485 3382 5558 dignatus
3413 5501 3486 5541 ea
3517 5485 3646 5543 fue-

1989 5576 2123 5642 rim,
2154 5576 2215 5631 in
2244 5575 2468 5648 quibus
2489 5590 2668 5647 opere
2691 5574 2962 5631 beneﬁco
2986 5580 3330 5648 praaventus
3349 5591 3484 5631 sum
3507 5591 3647 5632 cum

1991 5681 2186 5720 essem
2215 5665 2513 5722 inﬁrmus.
2553 5664 2725 5731 Quod
2756 5669 2956 5721 autem
2983 5665 3280 5738 posterius
3309 5665 3546 5736 accidit,
3571 5665 3648 5722 de

1991 5768 2063 5810 eo
2115 5753 2281 5826 prius
2337 5768 2677 5811 sermonem
2724 5753 3053 5812 instituam.
3106 5755 3294 5812 Gener
3345 5753 3493 5811 mihi
3540 5767 3648 5826 per
