2076 3200
0 2852 8 2905 ih

0 2910 12 2953 if

0 2950 10 2999 ξξ

0 3002 4 3014 ι

0 3020 10 3032 h

247 185 299 213 927
843 184 1073 215 CONSTANTlNl
1091 184 1332 215 ACROPOLITIE.

246 246 340 275 ﬁliam
356 247 399 274 est
410 245 519 274 nobilis
535 246 625 282 atque
639 245 768 281 illustris,
786 248 887 284 utpote
897 255 993 284 nepos
1008 248 1073 284 ejus

1130 246 1191 279 δοῦς
1209 249 1260 285 γὰρ
1278 251 1324 274 τοῦ
1338 251 1382 274 νῦν
1411 246 1520 278 εὐσεϐῶς
1544 247 1617 284 ἡμῶν
1646 246 1839 284 βασιλεύοντος,
1866 250 1937 279 παις

246 291 299 327 qui
323 290 415 318 modo
432 298 486 326 per
508 290 672 326 imperium
689 291 881 327 moderatur;
900 292 978 320 illius
1003 301 1074 321 vero

246 334 335 369 ﬁlius,
351 334 404 371 qui
417 342 453 362 ex
467 334 600 369 legitima
611 337 781 371 parentum,
795 344 930 371 avorum,
945 339 973 365 et
987 345 1074 373 proa-

246 387 354 408 vorum
371 379 561 408 successione
577 379 724 409 Colchidis
736 381 937 418 principatum
950 382 1069 410 haeredi-

247 426 306 452 tate
319 424 433 457 tenuit;
453 432 548 461 quam
572 425 652 452 enim
673 425 722 453 hic
737 425 926 462 imperatoris
941 426 1074 455 defuncti

246 468 341 497 ﬁliam
363 469 547 497 matrimonii
561 469 627 505 lege
642 469 698 498 sibi
721 471 887 506 conjunxit,
907 471 998 507 hujus
1013 479 1074 508 quo

246 513 284 541 de
299 513 407 549 loquor
420 516 516 541 mater
530 513 649 542 exstitit.
665 515 748 542 Hunc
761 522 831 543 cum
844 515 901 543 sub
915 524 1074 552 vesperam

246 566 283 586 ex
297 558 368 586 aula
383 558 576 594 imperatoria
591 558 717 587 domum
732 567 764 587 se
780 567 848 588 cum
865 560 927 588 suis
942 560 1072 596 referret,

246 603 356 639 cupido
371 603 461 631 subiit
475 611 553 639 equo
580 611 612 631 se
637 604 805 638 exercendi,
830 604 861 632 in
881 613 978 641 eoque
997 614 1073 634 non-

246 647 320 676 nihil
330 656 362 675 se
370 647 567 682 exhilarandi,
576 648 837 684 quemadmodum
847 649 1016 686 frequenter
1028 659 1074 680 so-

246 691 308 720 lent
321 692 413 720 aetatis
427 692 512 720 istius
523 692 660 728 juvenes,
674 692 704 721 in
721 693 818 729 prima
833 695 999 730 praesertim
1014 703 1072 731 pu-

245 736 369 771 bertate,
397 736 496 772 qualis
520 737 585 773 ipse
610 739 681 765 erat.
699 739 756 766 Eos
786 741 886 766 autem
912 739 964 775 qui
993 740 1072 769 circa

244 780 344 816 ipsum
354 783 448 815 erant,
455 783 484 809 et
494 781 588 809 multo
596 789 769 819 magnoque
777 785 887 811 conatu
897 784 1073 813 dissuadere

245 825 277 853 id
300 825 498 859 conabantur,
526 825 772 862 intempestivum
788 835 852 855 esse
868 831 1072 865 suggerentes,

245 871 452 903 contemnens,
467 870 498 898 in
518 871 663 899 sententia
677 871 801 899 omnino
817 873 1001 908 permansit;
1016 873 1073 902 hoc

1129 291 1159 320 δι
1186 296 1232 320 τοῦ
1264 295 1311 323 τήν
1344 296 1392 324 τῆς
1425 290 1555 329 Κολχίδος
1583 291 1670 330 ἀρχὴν
1689 292 1718 318 ἔκ
1735 301 1763 319 τε
1796 294 1936 331 πατέρων,

1127 339 1252 374 πάππων,
1271 340 1316 364 καὶ
1331 338 1485 365 ὶπιπάππων
1505 337 1704 375 κληρωσαμένου
1734 348 1740 354 ·
1766 338 1849 374 τούτῳ
1874 339 1936 376 γὰρ

1128 383 1143 412 ἡ
1178 386 1224 409 τοῦ
1261 382 1524 420 προϐεϐασιλευκότος
1566 383 1683 419 θυγάτηρ
1732 383 1818 418 γάμου
1855 384 1938 420 νόμῳ

1130 428 1301 464 συναφθεῖσα,
1322 430 1409 464 μήτηρ
1427 426 1504 454 τοῦδε
1532 429 1664 463 γεγένηται
1679 437 1685 443 ·
1716 427 1789 458 οὗτος
1808 424 1842 456 δὴ
1863 428 1937 464 πρὸς

1129 472 1238 510 ἑσπέραν
1251 476 1301 499 τῶν
1326 472 1472 509 ἀνακτόρων
1495 472 1574 508 ἐξῄει,
1590 474 1635 498 καὶ
1650 473 1697 501 τὴν
1724 470 1762 498 ἐπ’
1778 473 1853 498 οἷκον
1881 473 1936 499 σὺν

1127 521 1181 548 τοῖς
1196 519 1254 555 περὶ
1273 518 1350 544 αὐτὸν
1378 516 1511 555 επορεύετο
1528 527 1534 533 ·
1551 516 1594 543 οἶα
1616 514 1646 543 δὲ
1673 517 1705 543 τὰ
1729 520 1778 542 τῶν
1804 517 1867 543 νέων
1892 517 1936 543 ἔτι

1127 564 1174 592 τὴν
1189 562 1302 596 ἠλικίαν,
1330 564 1375 589 καὶ
1393 561 1509 598 μάλιστα
1530 565 1579 588 τῶν
1605 560 1716 598 ἐφήϐων,
1741 562 1828 592 ὁποῖος
1852 560 1935 594 οὗτος

1128 603 1278 643 ἰτύγχανεν’
1302 607 1347 642 ὢν,
1380 606 1561 636 ἱππηλατῆσαί
1589 607 1613 632 οὶ
1641 605 1757 640 ἐπῆλθεν,
1789 605 1827 642 ἐφ’
1850 605 1872 641 ᾧ
1901 615 1936 642 γε

1128 650 1294 688 διαχυθῆναι
1312 653 1417 688 μικρὸν.
1434 653 1499 682 Τοὺς
1514 649 1558 677 οὖν
1572 650 1634 687 ἀμφ’
1661 650 1738 677 αὐτὸν
1766 651 1855 686 συχνὰ
1883 652 1932 678 καὶ

1127 701 1211 723 ταῦτα
1232 697 1390 728 κωλύοντας,
1432 698 1477 722 καὶ
1517 698 1563 725 τὴν
1589 695 1685 732 ἰιωρίαν
1715 697 1935 732 προϊσχομένους

1126 739 1262 778 περιιδὼν,
1284 741 1346 772 ὅλως
1362 745 1407 767 τοῦ
1437 742 1502 777 πρὸς
1528 740 1630 769 θέλησιν
1656 742 1754 776 γέγονε,
1771 744 1848 767 τοῦτο
1882 742 1936 777 μὸ-

1126 796 1168 812 νον
1189 788 1279 822 σφίσιν
1305 785 1529 822 ἐγκελευσάμενος,
1546 785 1648 817 ”Δπιτε,
1678 786 1736 815 τοὺς
1762 788 1827 816 σῡας
1858 784 1939 812 ἀπώ-

1129 840 1191 857 σατε
1207 841 1213 847 ·
1230 834 1277 861 τῆς
1296 831 1347 867 γάρ
1369 830 1497 866 λεωφόρου
1523 829 1634 858 πλησίον
1662 827 1728 858 ἦσαν
1756 829 1827 856 οὗτοι
1854 832 1939 867 νεμό-

1127 885 1208 911 μενοι.
1233 877 1284 902 Καὶ
1305 876 1330 901 οἱ
1357 876 1402 911 μὲν
1424 875 1456 905 ὠς
1489 875 1691 912 προσετάγησαν
1722 876 1906 904 πεποιήκεσαν
1930 885 1937 892 ·

245 916 364 942 tantum
377 914 434 942 illis
457 915 620 951 imperans,
637 917 669 943 ut
690 924 768 949 sues.
793 917 846 952 qui
861 919 980 954 propter
994 918 1072 947 viam

1128 918 1182 947 ὁδ’
1203 920 1279 951 εὐθὺς
1313 921 1401 956 συχνὰ
1433 919 1573 956 μυωπίζων
1606 920 1717 956 ἱφέρετο,
1748 918 1803 945 ἀλλ’
1827 918 1939 957 ἕφέρετο

246 958 400 995 publicam
416 959 629 995 pascebantur,
649 960 813 995 abigerent.
830 962 972 991 Fecerunt
986 962 1026 991 illi
1042 965 1074 992 ut

243 1003 320 1039 jussi
334 1006 419 1032 erant
436 1013 441 1030 :
456 1004 520 1040 ipse
542 1012 612 1033 vero
628 1005 813 1034 multimodis
830 1014 941 1043 equum
956 1009 1073 1036 tentans

245 1047 406 1083 ferebatur,
416 1048 514 1077 donec
531 1049 641 1077 scilicet
652 1057 722 1078 sues
738 1050 864 1084 abactae,
877 1053 921 1080 ter
930 1054 1073 1088 quaterve

244 1093 316 1121 rede
327 1097 425 1127 untes,
443 1093 501 1121 sub
513 1094 587 1130 ipsis
602 1094 671 1131 equi
684 1095 812 1131 pedibus
826 1095 954 1124 volutari
972 1105 1073 1134 caepe-

245 1139 324 1171 runt,
341 1146 472 1174 eumque
487 1138 642 1174 impedire.
664 1140 766 1175 Equus
780 1140 873 1174 enim,
887 1141 1004 1177 quoties
1014 1141 1073 1169 sub

244 1182 372 1219 pedibus
388 1183 453 1218 ejus
466 1183 664 1212 versabantur
680 1192 747 1213 sues
762 1184 853 1213 veluti
868 1186 906 1213 de
924 1185 1073 1215 industria

245 1227 276 1255 id
291 1229 423 1263 agentes,
447 1228 558 1256 cadens
574 1228 663 1257 simul
688 1237 924 1266 assurgensque,
950 1230 1072 1259 tandem

244 1272 286 1300 ita
298 1272 439 1305 concidit,
462 1275 493 1300 ut
508 1280 664 1309 resurgere
679 1273 815 1310 nequiret
834 1283 841 1308 ;
856 1283 957 1303 sessor
971 1277 1072 1303 autem

245 1324 392 1345 excussus
417 1319 593 1353 tanquame
612 1317 718 1353 funda,
747 1319 846 1347 statim
870 1319 956 1348 humi
979 1320 1074 1356 jacuit

244 1368 360 1397 pronus
369 1361 456 1397 juxta
474 1369 599 1398 equum,
620 1363 899 1399 parumadmodum
925 1364 1041 1393 distans
1056 1373 1075 1393 a

245 1409 375 1442 mortuo,
388 1406 445 1435 nisi
458 1406 541 1443 quod
556 1407 653 1435 tenuis
664 1408 789 1444 quidem
798 1410 915 1438 artoriae
926 1409 1042 1446 pulsus,
1056 1418 1075 1438 a

244 1451 364 1480 medicis
381 1451 597 1488 deprehensus,
618 1460 688 1481 cum
708 1453 809 1482 adhuc
827 1454 859 1483 in
879 1455 956 1483 vivis
970 1463 1074 1484 nume-

244 1496 376 1526 randum
405 1496 596 1532 suggerebat.

279 1544 325 1570 37.
339 1544 403 1571 Non
412 1542 524 1577 longue
536 1550 555 1570 a
564 1542 678 1580 palatio
687 1543 753 1572 haec
764 1544 948 1578 acciderunt,
967 1553 1002 1574 eo
1020 1545 1074 1573 sci-

1128 966 1172 996 ἕως
1187 966 1211 992 οἱ
1226 964 1373 995 ἀπελθόντες
1388 963 1427 996 δίς
1442 974 1469 991 τε
1501 966 1688 1000 συστραφέντες
1701 965 1745 990 καὶ
1776 966 1845 1002 τρὶς,
1876 968 1941 996 τοῖς

1127 1013 1173 1036 τοῦ
1191 1010 1272 1036 ἵππου
1286 1011 1364 1036 ποσὶν
1383 1010 1508 1046 ὤφθησαν
1522 1006 1719 1045 κυλινδούμενοί
1743 1018 1770 1035 τε
1793 1011 1839 1035 καὶ
1861 1019 1939 1046 συμ-

1127 1053 1290 1085 ποδίζοντες.
1316 1054 1349 1080 Ὀ
1374 1063 1402 1080 τε
1424 1055 1475 1091 γὰρ
1501 1054 1579 1085 ἵππος
1608 1055 1698 1084 ὁσάκις
1711 1055 1735 1080 οἱ
1769 1057 1827 1084 σῦες
1855 1063 1940 1092 περι-

1128 1098 1269 1132 εσκέλιζον,
1303 1100 1375 1134 ἔργον
1402 1099 1489 1135 ὧσπερ
1519 1102 1596 1125 τοῦτο
1627 1100 1787 1134 ποιούμενοι,
1826 1100 1939 1125 πίπτων

1127 1143 1183 1179 ἅμα
1222 1145 1268 1169 καὶ
1301 1142 1468 1178 ἐγειρόμενος,
1512 1142 1584 1173 τέλος
1612 1142 1701 1176 εἰπεῖν,
1735 1142 1866 1180 ἀνήγρετιε
1888 1145 1939 1170 πέ-

1126 1197 1210 1214 πτωκε
1237 1195 1243 1201 “
1278 1189 1323 1213 καὶ
1360 1187 1373 1213 ὁ
1399 1186 1530 1217 meam;
1560 1186 1734 1223 ἐκτιναχθεὶς,
1768 1190 1814 1214 καὶ
1840 1188 1937 1225 ὥσπερ

1128 1229 1361 1267 ἀποσφενδονηθεὶς
1401 1231 1508 1268 εὓρηται
1539 1233 1653 1267 κείμενος
1678 1232 1818 1268 παρευθὺς,
1847 1231 1940 1268 ἄγχι-

1128 1277 1178 1302 στά
1192 1286 1242 1303 που
1271 1279 1317 1302 τοῦ
1333 1276 1413 1302 ἰππου
1432 1278 1541 1313 πρηνὴς,
1567 1273 1652 1312 μηδὲν
1672 1275 1736 1307 ὅλως
1755 1280 1847 1313 νεκροῦ
1873 1275 1939 1303 διε-

1126 1323 1255 1356 νηνοχὼς,
1282 1320 1344 1349 πλὴν
1371 1321 1431 1347 ὅσον
1457 1322 1577 1357 σφυγμὸς
1599 1319 1724 1357 ἀμυδρὰς,
1754 1322 1800 1346 καὶ
1827 1324 1942 1357 πνεῦμα

1126 1369 1180 1397 τοῖς
1212 1365 1454 1402 περιεργαζομένοις
1494 1365 1597 1399 λεπτὸν,
1636 1368 1691 1396 τοῖς
1720 1367 1854 1402 περιοῦσιν
1897 1367 1941 1392 ἔτι

1129 1410 1329 1447 συγκαταλέγειν
1344 1413 1435 1436 τοῦτον
1449 1409 1583 1437 ὑπέϐαλεν.

1164 1544 1214 1576 λζ’.
1247 1544 1302 1571 Οὔκ
1318 1544 1369 1570 ἄπο
1401 1546 1484 1570 ταῦτα
1511 1546 1562 1569 τῶν
1584 1542 1731 1579 ἀνακτόρων
1756 1541 1904 1578 ξυμϐέϐηκε
1923 1552 1931 1559 ο

244 1586 313 1615 licet
334 1586 413 1620 loco,
435 1586 488 1624 qui
516 1587 662 1623 Stagnum
682 1588 848 1616 rotundum
870 1589 988 1617 dicitur.
1005 1589 1071 1623 Sed,

1128 1592 1203 1619 τόπος
1216 1590 1266 1625 γὰρ
1282 1587 1307 1614 ἓν
1361 1588 1374 1613 ὁ
1390 1588 1488 1614 οὑτωσί
1513 1597 1567 1618 πως
1596 1587 1740 1624 Γυρολίμνη
1763 1586 1928 1622 καλούμενος.

245 1631 506 1668 quemadmodum
520 1639 557 1661 ea
571 1632 667 1661 solent
680 1640 749 1669 quas
763 1633 846 1661 fama
866 1633 1014 1668 feruntur,
1029 1641 1072 1661 re-

244 1678 334 1712 pente
359 1675 473 1712 ubique
496 1676 655 1711 vulgatum
676 1675 742 1711 fuit,
769 1676 880 1705 obiisse
905 1685 943 1705 ex
963 1676 1074 1705 infelici

246 1720 428 1757 equitatione
438 1721 594 1757 juvenem.
608 1721 682 1749 Tum
694 1728 767 1748 vero
783 1720 842 1755 alii,
869 1722 891 1750 Ο
914 1721 1072 1756 infelicem,

246 1765 429 1802 exclamant,
444 1773 551 1803 casum
578 1765 586 1794 ι
602 1773 621 1794 o
635 1764 832 1794 infortunium
849 1766 856 1794 !
876 1766 935 1802 alii,
965 1767 1073 1801 Quam,

244 1810 395 1846 inquiunt,
416 1809 517 1839 subito
535 1808 568 1838 id
585 1808 693 1837 accidit
711 1809 717 1836 Ξ
745 1817 839 1846 quam
869 1810 1074 1847 inexspectato

246 1855 358 1883 corruit
368 1854 375 1883 ι
386 1854 432 1884 Ad
441 1861 490 1882 me
500 1861 623 1890 quoque
632 1861 648 1881 e
658 1854 785 1889 vestigio
796 1855 867 1890 quid
872 1863 922 1883 am
936 1857 1072 1890 accurrit.

245 1899 451 1936 lacrymarum
472 1896 590 1934 plenus,
612 1900 639 1926 et
660 1898 784 1935 cupiens
799 1899 922 1935 quidem
937 1900 968 1928 id
991 1901 1074 1937 quod

245 1942 395 1974 acciderat
403 1941 585 1977 renuntiare,
597 1942 650 1971 sed
661 1951 733 1971 voce
741 1951 803 1972 non
811 1945 959 1973 continuis
975 1946 1075 1974 minus

246 1987 428 2023 singultibus
441 1995 536 2024 quam
546 1987 642 2016 multo
651 1988 784 2017 anhelitu
799 1989 953 2026 impedita,
964 1998 1001 2018 ex
1012 1991 1076 2019 sola.

245 2031 371 2065 demissi
398 2031 430 2060 in
460 2034 569 2060 terram
594 2032 694 2061 vultus
719 2034 870 2068 maestitia,
899 2036 927 2062 et
953 2036 1076 2063 commi-

246 2076 406 2107 serationis
419 2084 509 2113 quem
523 2077 752 2106 demonstrabat
770 2077 890 2113 affectu,
906 2078 988 2107 triste
1002 2080 1075 2108 mihi

246 2121 405 2159 quidpiam
423 2121 584 2150 videbatur
607 2122 785 2157 signiﬁcare.
812 2125 908 2160 Atque
935 2131 990 2159 ego
1014 2132 1075 2153 non

244 2174 355 2205 parum
368 2167 470 2195 animo
481 2169 661 2195 commotus.
675 2167 738 2200 Cui,
749 2167 887 2203 inquam,
898 2176 1035 2198 meorum
1046 2173 1075 2198 et

245 2211 320 2249 quid
335 2212 457 2240 tandem
481 2211 635 2240 infortunii
655 2211 789 2240 accidit?
807 2213 898 2246 Tunc,
921 2214 1074 2250 respondit

1130 1634 1198 1661 Ἀλλ’
1222 1634 1265 1659 οἷα
1290 1631 1324 1662 δὴ
1354 1634 1387 1659 τὰ
1405 1636 1453 1662 τῆς
1476 1634 1574 1668 φήμης,
1599 1631 1623 1658 ἐν
1650 1631 1742 1669 ἄικαρεῖ
1765 1630 1932 1668 ὃεαπεφήμι-

1129 1688 1191 1705 σται
1214 1681 1351 1713 πανταχῇ,
1370 1677 1404 1708 ὠς
1430 1677 1548 1706 τέθνηκεν
1564 1677 1577 1702 ὁ
1594 1675 1667 1703 δεῖνα
1692 1676 1855 1705 ἰππηλατῶν.
1882 1678 1935 1703 Καὶ

1129 1724 1221 1759 οἱμὲν,
1236 1722 1271 1748 Ὠ
1298 1726 1343 1748 τοῦ
1374 1721 1543 1757 σνμϐάματος
1560 1721 1565 1747 !
1583 1721 1602 1746 ὧ
1630 1725 1677 1752 τῆς
1705 1719 1794 1752 δεινῆς
1820 1721 1935 1753 ταύτης,

1128 1768 1222 1804 ἔλεγον,
1246 1769 1381 1802 συμφορᾶς
1403 1765 1409 1792 l
1426 1767 1451 1792 οἱ
1466 1764 1502 1798 δ’,
1527 1765 1561 1791 Ὠ
1580 1766 1632 1792 οἷον
1662 1767 1754 1801 αἴφνης
1769 1767 1875 1802 γέγονε-ν
1892 1764 1899 1791 l
1916 1764 1936 1791 ὢ

1129 1813 1181 1839 οἷον
1212 1809 1417 1849 ἀπροσδοκήτως
1451 1812 1574 1836 συνέπεσε
1595 1810 1601 1836 l
1620 1812 1670 1837 Καὶ
1685 1812 1730 1846 μοί
1755 1819 1796 1841 τις
1823 1809 1938 1847 ἐφίστα-

1129 1868 1173 1884 ται
1199 1855 1319 1893 δακρύων
1344 1855 1480 1889 ὑπόπλεος,
1507 1854 1583 1881 θέλων
1616 1856 1661 1891 μεν
1690 1853 1809 1891 ἀγγεῖλαι
1840 1856 1872 1881 τὸ
1892 1863 1937 1890 γε·

1128 1903 1213 1937 γονὰς,
1242 1903 1288 1929 τὴν
1313 1898 1343 1926 δὲ
1370 1902 1455 1935 φωνήν
1484 1899 1537 1935 οὐχ
1561 1899 1638 1928 ἦττον
1667 1902 1722 1929 τοῖς
1746 1899 1936 1936 στεναγμοίςῆ

1129 1951 1183 1978 τοῖς
1221 1947 1355 1982 ἄσθμασιν
1391 1946 1588 1981 ἑγκοπτόμενος,
1630 1945 1658 1970 ἐκ
1692 1946 1772 1980 μόνης
1803 1947 1856 1975 τῆς
1891 1947 1938 1970 τοῦ

1129 1994 1271 2027 προσώπου
1295 1992 1447 2026 κατηφείας,
1468 1991 1511 2016 καὶ
1543 1992 1588 2019 τῆς
1611 1990 1677 2025 πρός
1702 1998 1734 2025 με
1754 1990 1936 2023 συμπαθείας,

1130 2038 1161 2067 ἣν
1189 2037 1348 2071 ὑπενέφαινεν
1384 2034 1447 2069 ἐμὴν
1473 2033 1608 2071 γνωρίζων
1633 2036 1680 2063 τὴν
1699 2034 1837 2070 συμφορὰν
1864 2035 1937 2070 ἔμοι-

1129 2091 1168 2117 γε.
1187 2082 1264 2116 Κὰγώ
1291 2078 1491 2116 διαταραχθεὶς,
1509 2080 1566 2105 Τίνι
1591 2082 1642 2104 τῶν
1657 2079 1723 2114 ἐμῶν
1750 2079 1878 2105 συνέπεσε
1906 2079 1936 2104 τὸ

1131 2124 1224 2160 δεινὸν,
1240 2127 1286 2151 καὶ
1299 2126 1325 2150 τί
1349 2133 1397 2160 περ
1427 2123 1440 2149 ὂ
1468 2123 1577 2149 πέπονθε
1589 2132 1596 2157 ;
1609 2121 1819 2159 διεπυνθανόμην
1847 2123 1934 2154 εὐθὺς.

1132 2173 1182 2197 Καὶ
1210 2170 1246 2203 ὃς,
1269 2169 1299 2195 ὀ
1325 2170 1368 2198 σὸς
1395 2167 1534 2196 ἱππηλάτει
1561 2167 1688 2205 γαμϐρὸς,
1715 2177 1760 2193 και
1794 2169 1820 2194 οἱ
1837 2169 1936 2204 συμπὲ-

1130 2224 1229 2241 πτωκεν
1247 2214 1259 2240 ό
1275 2214 1364 2246 ῖππος,
1377 2214 1422 2238 καὶ
1440 2212 1474 2243 εἰς
1502 2214 1539 2238 ἔτι
1567 2215 1661 2245 κεῖται,
1686 2210 1770 2248 μηδὲν
1785 2222 1811 2238 τι
1842 2212 1933 2248 λέγων,

246 2264 338 2293 gener
352 2264 431 2293 equo
444 2255 604 2289 ferebatur,
626 2264 695 2284 cum
711 2264 772 2292 quo
784 2257 894 2293 pariter
918 2258 947 2286 in
965 2262 1072 2288 terram

1131 2257 1244 2296 μηδενὸς
1281 2258 1475 2293 αἰσθανόμενος.
1512 2256 1610 2293 Ἐξῄειν
1639 2257 1734 2283 αὐτίκα
1756 2260 1802 2283 τοῦ
1826 2255 1935 2293 διηγου-

247 2301 358 2330 corruit
373 2310 380 2335 ;
396 2309 431 2329 ac
447 2301 721 2329 etiamnuminfelix
727 2302 806 2337 jacet
820 2302 934 2339 absque
954 2303 1075 2340 loquela

246 2347 275 2374 et
286 2353 388 2374 sensu.
399 2345 447 2374 His
462 2345 590 2374 narratis
602 2346 739 2381 egredior
751 2346 842 2375 domo
859 2356 866 2375 :
882 2356 981 2384 neque
993 2348 1076 2378 aliud

247 2390 352 2420 audire
368 2399 421 2427 per
437 2390 515 2418 viam
530 2390 604 2419 mihi
618 2391 752 2427 contigit,
763 2400 867 2428 quam,
886 2393 908 2421 Ο
918 2393 1075 2430 quomodo

248 2435 277 2465 id
294 2435 447 2471 intelliget.
458 2436 608 2473 quomodo
622 2436 737 2465 videbit
748 2445 832 2465 socer
840 2438 904 2473 ejus
917 2437 923 2465 l
936 2438 998 2466 Hac
1006 2438 1075 2466 illac

247 2480 376 2516 gemitus
395 2482 424 2509 et
439 2488 586 2509 manuum
603 2481 827 2518 complosiones
848 2482 1050 2511 audiebantur
1065 2492 1072 2517 ;

247 2534 317 2555 cum
327 2534 384 2561 ego
395 2526 433 2554 ad
442 2526 542 2554 locum
552 2526 605 2554 ubi
610 2526 730 2562 jacebat
738 2527 926 2562 perveniens,
934 2535 1074 2556 manum-

247 2579 306 2608 que
325 2570 558 2607 apprehendens
576 2573 606 2599 et
631 2571 756 2600 brachia
775 2571 978 2605 circumdans,
999 2572 1075 2605 Quid

246 2615 368 2653 pateris,
391 2614 521 2648 aiebam,
546 2615 620 2651 quid
634 2615 728 2648 doles,
751 2616 924 2645 charissime
939 2616 979 2645 fili
995 2617 1009 2645 ?
1019 2625 1075 2652 age

1129 2307 1217 2341 μένου,
1242 2305 1286 2329 καί
1315 2313 1360 2339 μοι
1379 2303 1450 2339 παρὰ
1466 2304 1513 2331 τὴν
1543 2300 1604 2328 ὁδὸν
1634 2300 1719 2335 οὐδεν,
1740 2301 1794 2328 ἁλλ’
1810 2302 1827 2332 ἦ
1857 2305 1933 2328 τοῦτο

1129 2351 1206 2386 μόνον
1221 2348 1338 2382 ἠκούετο,
1355 2347 1389 2373 Ὢ
1404 2347 1456 2373 οἷον
1483 2346 1624 2373 ἀκούσεται
1651 2355 1658 2381 ;
1686 2346 1706 2372 ὥ
1733 2347 1786 2373 οἶον
1816 2348 1830 2374 ὁ
1856 2343 1932 2375 κηδε-

1131 2395 1194 2423 στὴς
1218 2391 1296 2419 τοῦδε
1323 2393 1444 2418 θεάσεται
1473 2400 1480 2425 ;
1510 2393 1650 2428 Στεναγμοί
1675 2400 1702 2418 τε
1728 2389 1794 2428 τῇδε
1815 2390 1931 2422 κάκεῖσε,

1129 2441 1175 2464 καὶ
1187 2442 1283 2475 χειρῶν
1296 2438 1420 2472 πάταγοι.
1444 2435 1513 2463 Ἀλλ’
1541 2435 1651 2465 ἐπέστην
1682 2434 1761 2473 οὗπερ
1789 2434 1822 2466 ἦν
1847 2436 1930 2471 κείμε-

1129 2494 1181 2517 νος,
1214 2485 1258 2509 καὶ
1287 2481 1425 2518 λαϐόμενος
1454 2485 1502 2511 τῆς
1524 2482 1613 2517 χειρὸς
1639 2482 1684 2507 καὶ
1716 2481 1831 2519 περιθεὶς
1854 2478 1928 2506 αὖε-όν

1129 2532 1185 2559 ταῖς
1213 2527 1345 2563 ἀγκάλαις,
1363 2528 1395 2553 Τί
1426 2526 1541 2561 πάσχεις
1566 2534 1572 2558 ;
1598 2526 1670 2561 ἔφην,
1698 2527 1724 2551 τί
1751 2523 1835 2561 ὁδε)νᾴ
1860 2521 1928 2558 ςδῆ’

1128 2574 1212 2600 λωσόν
1227 2582 1282 2608 μοι,
1298 2574 1347 2597 παῖ
1367 2570 1483 2606 φίλτατε.
1495 2569 1525 2596 Ὀ
1541 2567 1565 2595 a“
1588 2568 1663 2595 ουδεν
1687 2578 1713 2595 τι
1735 2572 1852 2607 κρεῖττον
1866 2565 1929 2603 id"?

1130 2628 1184 2655 χου
1204 2621 1254 2644 τῶν
1268 2615 1409 2653 λεγομένων
1424 2613 1455 2644 ἧν
1470 2614 1575 2642 ἰπαῖων.

247 2659 349 2689 indica
365 2667 372 2687 :
387 2659 452 2696 ipse
465 2667 536 2688 vero
550 2659 635 2688 mihil
645 2660 743 2697 magis
767 2660 909 2689 audiebat
932 2669 1001 2698 quas
1025 2661 1165 2693 dicebam
1185 2670 1278 2698 quam
1298 2660 1322 2688 si
1335 2659 1483 2688 exanimis
1496 2659 1622 2687 omnino
1641 2658 1757 2688 fuisset.

283 2705 328 2732 38.
338 2704 464 2740 Jamque
483 2712 544 2732 nox
560 2704 610 2733 illa
631 2704 822 2742 prmterierat,
845 2706 918 2734 nihil
938 2707 1074 2736 omitten-

248 2747 329 2777 tibus
339 2747 463 2776 medicis
477 2756 581 2777 eorum
596 2757 666 2786 qua;
680 2749 738 2778 hac
752 2749 923 2784 occasione,
942 2754 975 2780 ut
988 2751 1073 2787 fiant,

249 2800 299 2821 ars
313 2791 432 2821 medica
446 2793 626 2829 praescribit:
648 2794 804 2832 utriusque
826 2803 936 2824 manus
964 2799 1074 2833 apertas

249 2837 321 2866 sunt
347 2844 443 2873 Vente,
467 2837 525 2867 alia
542 2840 656 2870 tentata
683 2839 818 2870 remedia
836 2840 947 2876 omnia,
972 2841 1075 2871 omnia

1164 2696 1216 2736 17):.
1245 2705 1378 2743 Παρῆλθεν
1407 2705 1421 2733 ἡ
1459 2703 1505 2735 νὺξ
1530 2703 1613 2733 ἐκείνη
1651 2707 1702 2730 τῶν
1729 2696 1920 2733 ’Δσκληπιιιδῶν

1129 2751 1205 2780 οὐδὲν
1221 2749 1344 2787 οὐδαμῶς
1371 2752 1522 2786 παριέντων,
1550 2750 1647 2786 ὅσαπερ
1673 2748 1717 2776 ἰπὶ
1735 2746 1827 2776 τοῖσδε
1844 2744 1923 2782 πράτ-

1128 2807 1180 2824 τειν
1210 2797 1224 2826 ἡ
1255 2798 1335 2832 τέχνη
1361 2797 1508 2833 παρεγγυᾷ,
1542 2793 1635 2830 φλέϐας
1659 2791 1766 2824 δηλαδῆ
1790 2796 1922 2833 τεμνοξτυν

1129 2830 1410 2879 ἀμφοτέρωνήχειρῶνν,
1431 2830 1479 2866 καὶ
1509 2838 1675 2876 βοηθούντων
1703 2837 1807 2866 ἄλλοθεν
1832 2830 1919 2869 ἄλλως,

2057 2891 2059 2941 ν

2053 2965 2058 3005 1

2031 3017 2059 3160 εἰ
