4152 6396
245 313 348 367 929

1565 317 1634 370 IN
1663 315 1719 372 S.
1761 315 2241 377 THEODOSIAM.

3507 325 3612 379 930

243 438 386 488 κάτω
412 436 478 487 τὰ
516 435 621 487 άνω
680 436 978 503 κινούντων,
1024 437 1050 488 ὃ
1099 456 1256 508 φασιν
1309 433 1472 503 οὖτοι,
1532 444 1621 492 καὶ
1676 440 1848 495 πάντα

1973 449 2119 500 nota
2148 460 2251 499 sus
2279 443 2495 515 deque,
2527 448 2591 499 ut
2620 444 2844 515 dicunt,
2867 449 2924 500 et
2952 446 3099 502 nihil
3128 462 3249 503 non
3273 446 3614 503 adhibitum

242 529 434 600 τρόπον
481 516 874 597 μηχανωμένων
930 528 997 587 ὡς
1047 525 1114 586 εἰς
1167 528 1415 584 αἴσθησιν
1489 526 1719 600 ἀγαγεῖν·
1787 530 1846 582 '0

246 611 474 667 δὀύδεν
513 612 717 686 ἄμεινον
759 610 919 686 εἶχεν,
971 613 1078 666 ἀλλ’
1128 617 1318 688 ὁμοίως
1376 615 1704 676 ἀναισθητῶν
1763 616 1841 678 ἦν.

244 702 519 779 Παρεῤῥύη
548 708 638 755 καὶ
676 706 734 755 τὸ
786 711 878 763 τῆς
936 700 1317 777 διαδεξαμένης
1369 708 1561 781 ἡμέρας
1615 705 1848 767 διάστη-

242 813 339 867 μα,
372 797 463 844 καὶ
492 788 639 853 οὗτος
674 793 698 844 ό
732 792 883 853 αύτὸς
909 789 992 851 ἦν.
1022 793 1150 866 Ὀψὲ
1182 791 1241 847 δὲ
1292 800 1383 849 καὶ
1434 800 1560 869 πρὸς
1627 797 1849 872 ἑσπέραν

244 880 709 954 ἕφθέγξατοβιαιόν
732 902 784 934 τι
818 888 908 935 καὶ
939 879 1320 957 ἀδιάρθρωτον,
1367 885 1398 944 ἣ
1454 886 1644 958 μᾶλλον
1693 887 1851 940 εἰπεῖν

243 970 657 1045 παρεφθέγξατο.
712 976 814 1025 Καὶ
865 979 958 1024 τοῦ
1010 977 1191 1025 λόιποῦ
1271 979 1708 1049 παρακεκομμένα
1763 976 1849 1029 λα-

245 1059 344 1111 λῶν
372 1060 455 1126 ἧν,
510 1058 641 1112 ἀλλα
675 1063 767 1133 μὶν
811 1059 1150 1135 ἐρωτώμενος,
1204 1061 1333 1115 ἄλλα
1403 1061 1453 1116 δ’
1515 1063 1853 1140 ἀποκρινόμε-

246 1168 346 1218 νος,
402 1148 711 1212 πλειστάκις
766 1159 859 1211 τῆς
914 1153 1108 1225 ἡμέρας
1178 1161 1544 1229 παραφρονῶν,
1600 1161 1690 1208 καὶ
1748 1156 1853 1228 ούχ

250 1238 448 1297 ἣκιστα
494 1246 591 1302 τῆς
645 1243 851 1310 νυκτὸς,
905 1249 992 1292 νῦν
1045 1245 1135 1314 μὲν
1190 1250 1363 1311 τοῦτο,
1425 1250 1512 1295 νῦν
1582 1242 1632 1298 δ’
1695 1244 1855 1299 έκεῖνο

252 1328 611 1400 φθεγγόμενος,
646 1325 815 1402 μηδεν
866 1326 916 1383 δ’
974 1332 1001 1382 ὃ
1053 1350 1105 1383 τι
1156 1336 1243 1384 καὶ
1297 1335 1652 1407 παριστάνων,
1714 1331 1855 1407 μηδὲ

253 1411 569 1484 δηλοποιῶν,
599 1417 793 1490 μεταξύ
836 1437 892 1471 τε
921 1417 1060 1492 βοῶν
1105 1425 1349 1493 γεγονὼς,
1409 1426 1498 1475 καὶ
1544 1424 1609 1482 ὡς
1661 1442 1854 1477 πεπον-

257 1506 355 1566 θώς
409 1524 462 1557 τι
514 1514 613 1559 τῶν
661 1505 979 1580 ἀνηκέστων,
1024 1513 1159 1583 μέγα
1221 1510 1428 1584 κράζων
1505 1514 1687 1584 αἴφνης
1764 1518 1856 1566 καὶ

256 1590 587 1668 ὀδυρόμενος.

321 1933 416 1991 λθ’.
449 1933 813 2009 Ἠσχάλλομεν
840 1932 947 2009 οὖν,
997 1939 1061 1999 ὥς
1125 1941 1185 1990 τό
1242 1937 1401 2011 εἰκός,
1464 1935 1854 2015 ἐδυσφοροῦμεν

251 2024 301 2077 οἰ
354 2020 652 2083 κηδεσται·
684 2020 797 2087 δέος
846 2047 946 2101 γαρ
1003 2029 1129 2100 ἡμῖν
1186 2027 1332 2087 έπὴει
1390 2033 1463 2101 μὴ
1539 2034 1685 2102 μείνῃ
1763 2026 1856 2083 διὰ

250 2117 439 2175 παντὸς
504 2114 641 2168 οὕτω
685 2115 1019 2191 παραληρῶν,
1068 2122 1157 2170 καὶ
1208 2120 1304 2180 τὰς
1358 2124 1543 2191 φρένας
1617 2121 1694 2178 εἰη
1761 2115 1858 2172 διὰ

253 2200 376 2276 βίου
403 2206 729 2279 παράκοπος·
766 2204 842 2259 OG
872 2209 973 2280 γὰρ
1007 2202 1074 2265 δή
1099 2226 1210 2269 πως
1258 2208 1330 2270 εἰς
1389 2206 1585 2280 ἀγαθὸν
1642 2214 1733 2261 καὶ
1796 2211 1855 2260 τό

252 2300 352 2344 τῶν
420 2297 623 2368 χοίρων
703 2292 1123 2368 ἔξελαμϐάνομεν,
1206 2299 1327 2359 τοὺς
1419 2294 1856 2370 ἐξαιτησαμένους

251 2382 340 2433 τὸν
367 2384 557 2457 Κύριον
589 2380 909 2456 ἐμϐληθῆναι
965 2389 1177 2459 χοὶροις
1232 2381 1680 2460 διενθυμούμενοι,
1739 2390 1857 2447 τοῦς

255 2471 380 2542 ἡμῖν
432 2468 667 2544 ἀρχῆθεν
722 2469 1143 2534 ἐπιϐουλεύοντας
1190 2469 1466 2547 δαίμονας,
1535 2481 1623 2530 καὶ
1702 2476 1858 2549 μάλι-

259 2577 361 2611 στα
380 2561 635 2633 μαθόντες
680 2562 750 2621 ὡς
808 2557 1123 2634 διωχθέντες
1178 2564 1510 2638 ὑπέστρεψαν
1563 2564 1613 2617 οἳ
1650 2573 1853 2639 χοῖροι,

256 2655 347 2703 καὶ
396 2651 466 2712 ὡς
516 2649 623 2723 ούχ
678 2649 818 2714 ἃπαξ
861 2655 1107 2714 εἰσιόντες
1161 2672 1216 2705 τε
1277 2658 1367 2706 καὶ
1426 2652 1664 2718 ἐξιόντες,
1697 2674 1860 2730 προσ-

257 2738 522 2801 ϐάλλοντες
578 2742 801 2814 ὡσπερεὶ
858 2743 949 2793 καὶ
1009 2743 1314 2815 ἡττώμενοι,
1373 2742 1658 2797 τελευταῖον
1735 2746 1860 2817 θρα-

260 2831 471 2903 σύτερον
511 2826 829 2892 ἐπιτιθέντες
874 2828 1178 2887 κατέϐαλον.
1244 2830 1310 2884 Ὃ
1355 2852 1409 2885 τι
1467 2829 1522 2885 δ’
1567 2836 1624 2886 ού
1684 2835 1860 2912 πόρρω

255 2925 347 2978 τῆς
394 2917 640 2979 ἀληθείας
698 2916 1115 2993 ἐστοχαξόμεθα,
1178 2921 1329 2983 αὐτὸς
1378 2923 1404 2974 ό
1451 2930 1619 2976 ταῦτα
1682 2928 1860 2978 παθὼν

256 3010 387 3080 μετὰ
416 3012 507 3067 την
544 3015 635 3060 τοῦ
664 3010 866 3068 πάθους
905 3007 1211 3082 ἀπαλλαγὴν
1272 3020 1448 3084 σαφῶς
1496 3014 1620 3085 ἡμῖν
1672 3010 1707 3066 δ
1714 3011 1859 3073 ιεδή-

256 3093 437 3151 λωσεν.
470 3100 656 3172 Εἰρηκε
685 3100 775 3149 καὶ
820 3099 923 3172 γὰρ
979 3100 1044 3159 ὡς
1110 3096 1281 3163 ἔδοξεν
1340 3097 1511 3177 ἄνδρα
1562 3103 1708 3178 όρᾷν,
1763 3107 1860 3177 μέ-

252 3183 383 3238 λανα
432 3189 525 3245 τὴν
602 3188 818 3261 χροιὰν,
872 3187 1055 3261 ἄγριον
1106 3192 1202 3248 τήν
1254 3188 1395 3261 ὄψιν,
1438 3192 1759 3266 ὑπερμεγέθη
1800 3196 1859 3246 τὸ

256 3282 427 3347 σῶμα,
481 3280 722 3348 σχοίνοις
780 3281 1227 3351 περιισχημένους
1290 3282 1411 3343 τούς
1469 3288 1594 3343 σῦας
1633 3280 1861 3355 ἐφέλκονο

250 3383 322 3417 τα
342 3372 447 3426 τοῖς
490 3371 583 3417 τοῦ
624 3364 785 3418 ἵππου
838 3370 996 3419 ποσίν
1021 3388 1033 3400 ·
1067 3366 1326 3440 ἐκφεύγειν
1364 3389 1419 3423 τε
1474 3372 1685 3433 τούτους
1739 3370 1863 3445 βια-

253 3454 523 3528 ζομένους,
568 3458 701 3529 πρὸς
753 3452 813 3507 δὲ
871 3454 994 3530 βίαν
1060 3456 1436 3531 ἀπαγομένους,
1499 3461 1593 3523 ἕως
1652 3480 1864 3536 συμποο

255 3540 293 3597 δ
298 3546 524 3605 ισθέντος
552 3548 745 3617 πεσὼν,
776 3544 835 3597 οῦ
856 3549 1116 3619 μέμνηται
1140 3548 1167 3600 ὃ
1197 3567 1249 3600 τι
1278 3553 1368 3602 καὶ
1391 3552 1660 3605 πέπονθεν.

1956 548 2179 605 operm,
2231 538 2295 587 ut
2342 532 2621 587 sensibus
2680 532 3025 589 redderetur
3074 536 3428 592 adolescens
3462 553 3474 591 :
3508 535 3614 609 qui

1957 622 2145 677 nihilo
2179 627 2377 678 tamen
2410 622 2620 677 melius
2650 622 2789 678 inde
2809 623 3044 693 habuit,
3077 626 3184 680 sed
3210 626 3424 681 eadem
3447 641 3612 696 pror-

1960 727 2062 765 sus
2089 712 2319 767 ratione
2344 710 2589 781 jacebat
2615 727 2826 767 sensus
2852 712 3049 767 omnis
3080 729 3317 785 expers.
3375 717 3615 770 Praeter-

1959 800 2024 856 iit
2052 814 2297 873 quoque
2326 816 2395 855 ea
2418 816 2555 873 quas
2586 805 2822 856 noctem
2841 800 2969 870 jam
3018 802 3241 858 dictam
3293 802 3615 859 subsecuta

1961 895 2087 946 erat
2117 889 2264 960 dies,
2289 895 2468 963 atque
2497 890 2593 946 ille
2622 890 2684 946 in
2713 891 2928 946 eodem
2960 906 3154 963 usque
3182 895 3339 947 statu
3372 907 3611 963 perma-

1961 994 2102 1036 nere
2141 978 2334 1035 visus:
2391 996 2531 1035 cum
2576 994 2713 1036 ecce
2760 979 2874 1036 sub
2932 995 3251 1053 vesperam
3312 978 3615 1053 quasdam

1962 1069 2137 1141 quasi
2164 1074 2402 1125 coactas
2419 1085 2528 1125 nec
2558 1069 2872 1125 distinctas
2901 1070 3046 1125 satis
3080 1086 3394 1139 voces,seu
3415 1070 3616 1142 potius

1963 1158 2379 1228 deliramenta,
2401 1158 2666 1231 proferre
2684 1159 2881 1231 coepit;
2896 1158 3182 1232 deinceps
3196 1174 3338 1215 vero
3375 1158 3619 1215 concisa

1962 1249 2247 1320 quaedam
2276 1246 2654 1320 loquebatur,
2702 1246 2868 1303 aliud
2881 1263 3068 1320 quam
3094 1247 3262 1320 quod
3286 1246 3620 1320 interroga-

1962 1337 2142 1393 batur
2193 1337 2587 1410 respondcns.
2654 1336 2888 1393 Diurnis
2973 1342 3039 1393 ut
3072 1337 3405 1410 plurimum
3450 1336 3617 1393 horis

1964 1428 2228 1483 maxime
2258 1443 2400 1484 vero
2438 1428 2771 1494 nocturnis,
2824 1427 3011 1485 modo
3054 1428 3191 1496 hoc,
3233 1427 3419 1484 modo
3472 1426 3621 1483 illud

1965 1516 2191 1587 dicens,
2205 1516 2351 1573 nihil
2373 1517 2514 1574 certi
2532 1518 2801 1575 indicare
2821 1522 2925 1575 aut
2945 1519 3279 1591 exprimere
3304 1516 3619 1574 manifeste

1961 1605 2220 1662 valebat-
2251 1605 2556 1663 Clamores
2591 1606 2850 1662 subinde
2881 1606 3098 1663 edebat
3123 1606 3420 1677 ingentes,
3443 1605 3619 1679 quasi

1963 1694 2333 1752 intolerabile
2355 1694 2650 1768 quiddam
2685 1699 2998 1765 cogeretur
3030 1695 3313 1769 perferre,
3354 1712 3424 1753 ac
3444 1694 3620 1752 vehe-

1962 1788 2196 1840 meuter
2245 1800 2391 1841 sane
2446 1784 2914 1842 lamentabatur.

2033 1926 2121 1981 39.
2182 1927 2303 1982 Nos
2342 1925 2601 1993 interim,
2643 1927 2750 1999 qui
2788 1941 2999 1983 curam
3047 1926 3176 1997 ejus
3233 1925 3616 1996 gerebamus,

1963 2014 2241 2085 graviter,
2270 2021 2334 2072 ut
2360 2032 2474 2089 par
2493 2021 2637 2082 erat,
2695 2016 3077 2087 angebamur
3106 2032 3120 2071 :
3166 2019 3363 2072 metus
3392 2014 3622 2087 quippe

1961 2103 2138 2160 nobis
2170 2104 2589 2176 incutiebatur,
2622 2120 2697 2162 ne
2728 2109 3015 2178 perpetuo
3045 2104 3294 2171 delirus,
3340 2106 3444 2161 aut
3494 2107 3623 2160 tota

1960 2195 2084 2251 vita
2124 2196 2324 2269 impos
2382 2197 2599 2254 mentis
2662 2199 3090 2269 perseveraret.
3147 2195 3262 2253 Sed
3296 2210 3407 2251 nec
3468 2193 3618 2251 boni

1962 2284 2299 2357 quidquam
2359 2286 2789 2343 ominabamur
2869 2301 2937 2343 ex
2991 2285 3212 2359 porcis:
3264 2284 3398 2340 illos
3457 2282 3623 2340 enim

1964 2374 2385 2444 cogitabamus
2418 2375 2748 2447 daemones,
2771 2375 2876 2448 qui
2901 2382 2959 2432 et
2988 2375 3133 2432 olim
3164 2391 3202 2432 a
3255 2372 3511 2430 Domino
3558 2371 3621 2428 id

1965 2465 2283 2536 petierunt,
2307 2469 2370 2523 ut
2390 2466 2451 2521 in
2465 2467 3175 2539 porcosimmitterentur,
3199 2468 3257 2521 et
3278 2479 3315 2520 a
3331 2461 3626 2536 principio

1964 2556 2238 2616 insidiari
2268 2556 2445 2612 nobis
2476 2572 2597 2612 non
2632 2552 3175 2624 cessant;'maxime
3207 2568 3348 2609 cum
3392 2550 3624 2608 audire-

1967 2665 2124 2716 mus,
2140 2645 2450 2721 quomodo
2463 2644 2701 2717 depulsi
2726 2660 2762 2701 a
2782 2644 2981 2711 via,in
3003 2643 3282 2700 eamdem
3305 2640 3627 2698 rediissent

1967 2739 2149 2812 idque
2179 2752 2302 2793 non
2316 2735 2660 2808 simpliciter
2673 2733 3038 2805 egrediendo
3053 2730 3622 2804 redeundoque,sed

1971 2834 2236 2902 tanquan
2256 2825 2588 2884 assilientes
2610 2825 3036 2897 cedentesque,
3060 2839 3129 2880 ac
3148 2822 3409 2894 denique
3440 2819 3629 2877 auda—

1969 2921 2097 2974 cius
2136 2918 2531 2980 incurrentes,
2586 2915 2874 2986 juvenem
2933 2911 3393 2969 sudvertissent.
3456 2907 3631 2976 Quod

1968 3022 2111 3064 vero
2140 3005 2306 3063 haud
2334 3004 2514 3074 longe
2545 3020 2581 3060 a
2609 3003 2694 3059 rei
2732 3003 2978 3059 veritate
3018 3000 3366 3072 conjectura
3421 3000 3630 3054 nostra

1972 3097 2228 3163 abesset,
2252 3096 2504 3168 ipsemet
2529 3093 2637 3167 qui
2660 3094 2789 3150 hac
2814 3091 3173 3165 patiebatur,
3226 3090 3557 3163 postquam
3596 3102 3634 3143 a

1892 3236 1933 3291 Ο
1974 3186 2136 3244 malo
2167 3201 2277 3242 suo
2300 3184 2585 3241 liberatus
2610 3181 2828 3240 deinde
2848 3180 2979 3252 fuit,
2998 3178 3348 3254 planissime
3370 3176 3635 3234 declara-

2016 3278 2049 3291 ..
2118 3281 2130 3291 .
2230 3290 2235 3291 κ
2884 3270 2991 3291 ,ιιι
3029 3269 3204 3291 με---
3242 3268 3438 3291 _:____
3505 3270 3631 3291 _._,.

1972 3278 2075 3335 vit.
2103 3274 2370 3333 Asseruit
2402 3272 2628 3347 quippe
2655 3272 2854 3329 visum
2881 3270 2996 3327 sibi
3029 3269 3209 3326 fuisse
3242 3268 3463 3333 virum,
3504 3270 3634 3323 atro

1974 3367 2191 3431 colore,
2223 3380 2430 3422 severo
2456 3362 2647 3430 vultu,
2687 3360 2955 3434 corporis
2986 3356 3404 3430 magnitudine
3449 3354 3637 3411 inusi-

1972 3462 2112 3521 tata,
2128 3455 2232 3530 qui
2248 3454 2493 3511 funibus
2511 3451 2871 3509 constrictos
2898 3465 3115 3524 porcos
3150 3446 3264 3504 sub
3301 3447 3466 3519 ipsos
3495 3444 3637 3517 equi

1972 3547 2158 3622 pedes
2185 3543 2487 3616 adigebat.
2504 3545 2718 3599 Porcos
2734 3546 2933 3598 autem
2954 3540 3159 3611 fugere
3179 3536 3447 3610 primum
3466 3548 3636 3590 com-

247 3634 481 3707 pulsos,
504 3633 625 3692 alia
648 3633 866 3690 deinde
897 3636 955 3691 vi
982 3636 1043 3692 in
1065 3653 1291 3711 equum
1316 3638 1517 3697 denuo
1546 3640 1877 3714 immissos,
1932 3639 2128 3697 donec
2158 3636 2242 3693 sic
2267 3631 2559 3709 impedito
2587 3630 2909 3704 collapsus,
2941 3632 3247 3702 pateretur
3274 3640 3346 3683 ea
3369 3637 3635 3697 quorum

248 3723 520 3796 amplius
559 3738 684 3781 non
709 3724 1005 3781 meminit.

326 3896 404 3969 μ’.
477 3896 580 3971 Ἐφ’
645 3900 847 3961 ἱκαναῖς
905 3893 992 3951 οὖν
1056 3893 1183 3970 ἦμεν
1246 3899 1381 3951 οὕτω
1435 3896 1861 3977 διαπορούμενοι,

248 3988 398 4047 ὅπως
450 3993 541 4039 τοῦ
595 3986 913 4041 ἀνυποίστου
970 3988 1174 4051 πάθους
1229 3987 1386 4041 αὐτόν
1453 3988 1862 4064 ἀπαλλάξαιμεν,

246 4075 633 4140 51rwgiauroug
677 4084 768 4139 τῆς
805 4076 890 4130 ἐπὶ
926 4073 1063 4149 τῷδε
1120 4074 1396 4151 φροντίδος
1433 4098 1489 4132 τε
1548 4084 1638 4133 καὶ
1694 4080 1864 4142 λύπης

243 4165 706 4240 ἐλευθερώσαιμεν.
767 4166 903 4220 Ἀλλ’
969 4167 1039 4229 εἰς
1106 4175 1224 4219 νοῦν
1276 4171 1434 4240 μόγις
1475 4166 1720 4243 ἐϐάλομεν
1795 4171 1864 4223 τὰ

245 4263 316 4329 τῇ
391 4254 546 4329 Ἀγίᾳ
630 4258 961 4314 καθεκάστην
1044 4261 1547 4333 τερατουργούμενα,
1627 4264 1718 4311 καὶ
1796 4262 1864 4322 ὡς

250 4345 313 4399 ἐκ
358 4345 518 4409 ζάλης
596 4345 663 4406 εἰς
708 4345 889 4418 λιμένα
965 4349 1211 4421 παραυτά
1268 4349 1735 4422 καθωρμίσθημεν,
1775 4354 1867 4402 καὶ

251 4436 390 4509 πρὸς
425 4437 485 4486 τὸ
545 4433 883 4509 εὐθυμότερον
950 4434 1104 4496 εὐθὺς
1157 4434 1481 4509 ἐπανῄειμεν,
1539 4442 1631 4490 καὶ
1691 4438 1865 4512 ὥσπερ

257 4522 451 4576 ἑαυτῶν
523 4521 863 4595 ἐγεγόνειμεν,
916 4525 963 4575 οἱ
1018 4526 1118 4598 πρὸ
1165 4532 1356 4600 μικροῦ
1406 4523 1605 4598 σχεδὸν
1659 4525 1867 4589 ἐξεστη-

257 4615 429 4681 κότες,
486 4617 577 4665 καὶ
635 4632 752 4665 τινα
819 4616 1009 4687 τρόπον
1060 4621 1131 4684 τῷ
1181 4616 1460 4667 πεπονθότι
1520 4617 1869 4689 συμπάσχον-

257 4720 360 4763 τες.
392 4704 602 4754 Πάντων
647 4698 733 4755 οὖν
786 4700 950 4753 ἄλλων
1017 4701 1208 4755 αὐτίκα
1256 4703 1568 4775 ὴλογηκότες
1617 4707 1761 4781 παρά
1814 4727 1869 4779 γι

258 4798 325 4863 τῇ
392 4798 529 4865 σορῷ
591 4798 685 4853 τῆς
742 4789 925 4862 Ἀγίας
988 4793 1256 4864 γινόμεθα,
1312 4797 1403 4846 καὶ
1461 4793 1743 4869 ῥιπτοῦμεν
1792 4793 1873 4848 ἐπ’

261 4877 487 4953 ἐδάφους
540 4879 694 4932 αὐτόν
726 4901 740 4913 ·
775 4885 866 4932 καὶ
917 4881 943 4932 6
981 4884 1229 4954 νεωκόρος
1284 4890 1381 4944 τῆς
1430 4880 1656 4935 κιϐωτοῦ
1686 4886 1772 4935 τὸν
1807 4885 1874 4936 ἱε-

259 4972 353 5046 ρὸν
402 4966 672 5041 ἐξενεγκὼν
712 4971 999 5045 θησαυρὸν,
1058 4973 1145 5023 τὸν
1200 4971 1371 5031 ζῶντα
1416 4978 1533 5033 ταῖς
1594 4970 1873 5046 ἐνεργείαις

262 5063 420 5120 ὅντως
479 5061 677 5135 νεκρὸν,
727 5057 824 5130 ὅλῳ
874 5057 1204 5135 ἐπιστηρίζει
1251 5068 1323 5132 τῷ
1374 5066 1595 5135 σώματι,
1653 5060 1873 5135 κεφαλῆς

239 5148 431 5211 ,αὐτῆς
465 5146 842 5221 ἀπαρξάμενος,
895 5155 1041 5224 χρίει
1064 5169 1118 5203 τε
1199 5149 1366 5203 λαϐὼν
1411 5151 1579 5205 ἔλαιον
1623 5159 1713 5213 τῆς
1769 5172 1874 5225 φω-

264 5246 507 5309 ταγωγοῦ
562 5235 917 5314 σταυροειδῶς
963 5236 1102 5309 τῷδε
1151 5243 1211 5293 τό
1253 5244 1555 5313 πρόσωπον,
1613 5245 1703 5293 καὶ
1745 5245 1874 5315 πρός

261 5346 321 5400 γε
379 5332 565 5404 στέρνα
613 5346 668 5382 τε
723 5333 813 5380 καὶ
883 5330 1193 5402 μετάφρενα.
1259 5334 1360 5383 Καὶ
1418 5330 1506 5403 (ὢν
1567 5331 1874 5403 θαυμασίων

265 5424 402 5471 Θεοῦ
433 5416 445 5471 Ι
476 5418 515 5469 ὦ
538 5413 718 5486 δόξης,
746 5418 806 5479 ἧς
857 5416 1165 5476 ἀπήλαυσαν
1210 5418 1391 5492 ψυχαὶ
1447 5422 1580 5493 μετὰ
1619 5421 1875 5493 σωμάτων

266 5506 703 5579 ύπεραθλήσασαι
740 5514 832 5560 τοῦ
864 5514 1017 5576 Θεοῦ,
1048 5508 1229 5581 ψυχαὶ
1255 5512 1392 5562 κατά
1442 5513 1571 5563 Θεὸν
1601 5516 1705 5571 τοῖς
1770 5514 1875 5562 σώ-

240 5614 408 5670 ,μασι
476 5596 874 5670 συμϐιώσασαι)
923 5599 992 5660 ὡς
1049 5593 1201 5650 οὐδὲν
1235 5599 1524 5668 πεπονθὼς,
1575 5601 1639 5660 ὡς
1668 5601 1878 5653 οὔποτέ

268 5704 322 5739 τι
388 5687 896 5763 παραφθεγξάμενος,
943 5684 1080 5761 ἇξῂει
1135 5688 1315 5764 ῥώμης
1364 5682 1419 5741 εὖ
1459 5689 1596 5762 ἔχων
1634 5691 1725 5743 καὶ
1774 5695 1878 5742 τῶν

2044 3902 2133 3956 40.
2177 3899 2306 3955 Non
2334 3895 2515 3966 igitur
2542 3892 2773 3965 absque
2791 3889 3025 3948 ratione
3050 3885 3451 3959 angebamur,
3482 3899 3635 3959 quo-

1974 3987 2161 4046 modo
2198 4003 2230 4042 e
2262 3992 2384 4043 tam
2417 3982 2633 4056 grandi
2665 3979 2827 4039 malo
2855 3979 3259 4035 eximeremus
3286 3974 3636 4032 adolescen-

1975 4083 2117 4147 tem,
2153 4080 2211 4133 et
2235 4091 2349 4132 nos
2368 4073 2534 4146 ipsos
2564 4085 2821 4129 mcerore
2850 4072 2906 4125 et
2940 4065 3336 4124 sollicitudine
3356 4063 3637 4121 liberare-

1974 4184 2134 4224 mus.
2151 4165 2254 4222 Vix
2280 4167 2482 4221 autem
2504 4178 2575 4219 ea
2587 4176 2724 4235 quae
2738 4161 2794 4217 S.
2816 4157 3150 4216 Theodosia
3160 4154 3427 4229 quotidie
3440 4156 3639 4226 patrat

1977 4254 2357 4321 admiranda,
2382 4266 2760 4325 cmperamus
2781 4253 2978 4305 mente
3004 4245 3326 4313 revolvere,
3349 4260 3488 4300 cum
3501 4257 3639 4299 ecce

1976 4344 2153 4419 quasi
2173 4360 2247 4401 ex
2269 4344 2625 4415 tempestate
2647 4338 2827 4395 delati
2850 4337 2911 4394 in
2932 4341 3197 4409 portum,
3224 4334 3463 4391 animos
3499 4347 3642 4389 con-

1977 4436 2146 4493 tinuo
2163 4434 2426 4503 majores
2439 4430 2828 4503 sumpsimus,
2848 4432 2906 4483 et
2924 4426 3103 4483 nobis
3125 4424 3303 4481 veluti
3320 4424 3641 4496 derepente

1983 4541 2199 4581 sumus
2228 4520 2464 4593 redditi,
2479 4520 2585 4593 qui
2610 4519 2794 4591 paulo
2816 4521 2955 4573 ante
2986 4514 3217 4593 consilii
3237 4514 3450 4586 inopes
3474 4516 3643 4568 extra

1978 4630 2093 4671 nos
2139 4614 2307 4687 ipsos
2347 4610 2761 4675 versabamur,
2813 4610 2870 4663 et
2901 4604 3117 4661 iisdem
3155 4601 3636 4677 quodammodo,

1981 4703 2205 4779 quibus
2224 4700 2600 4762 adolescens,
2628 4694 3128 4753 excruciabamur
3145 4691 3479 4749 doloribus.
3503 4692 3642 4748 Om-

1980 4778 2082 4850 nia
2119 4792 2298 4863 igitur
2329 4789 2450 4847 alia
2477 4793 2855 4861 seponentes,
2892 4784 2972 4841 ad
3010 4784 3243 4840 Sanctae
3289 4778 3641 4854 sepulcrum

1982 4881 2311 4955 pergimus,
2340 4878 2664 4953 ipsumque
2693 4876 2756 4932 in
2779 4872 2984 4946 templi
3012 4872 3358 4945 pavimento
3390 4868 3646 4925 colloca-

1982 4988 2138 5029 mus.
2182 4973 2331 5027 Tum
2367 4967 2625 5025 aedituus
2647 4980 2888 5022 sacrum
2918 4979 2948 5018 e
2973 4958 3644 5035 lipsanothecathesau-

1983 5077 2120 5117 rum
2146 5072 2444 5133 promere,
2474 5055 2668 5129 iisque
2696 5051 2991 5122 hominia,
3041 5048 3322 5123 spirantis
3370 5044 3644 5120 quidem,

1986 5149 2093 5207 sed
2137 5164 2321 5222 quem
2364 5145 2443 5203 ob
2484 5145 2685 5202 virum
2718 5140 3084 5200 naturalium
3126 5137 3426 5195 defectum
3464 5136 3645 5191 inter-

1985 5243 2293 5296 mortuum
2324 5235 2707 5303 aestimasses,
2748 5237 2942 5289 totum
2970 5245 3192 5302 corpus
3233 5226 3491 5298 signare,
3532 5223 3646 5281 ini-

1985 5329 2136 5386 tium
2164 5343 2201 5385 a
2229 5326 2423 5399 capite
2443 5324 2690 5390 ducens,
2724 5322 2979 5393 oleoque
3015 5335 3046 5375 e
3068 5316 3354 5390 lampade
3396 5318 3647 5386 accepto

1986 5418 2047 5474 in
2067 5417 2321 5473 modum
2339 5414 2533 5472 crucis
2548 5411 3051 5483 vultum,pectus,
3076 5423 3147 5465 ac
3167 5407 3418 5464 dorsum
3438 5405 3647 5477 jacen-

1986 5507 2062 5564 tis
2085 5506 2372 5563 oblinere.
2407 5506 2553 5562 Ecce
2584 5506 2786 5559 autem
2812 5506 2872 5569 (ο
2899 5497 3260 5556 admiranda
3284 5496 3382 5553 Dei
3415 5510 3601 5568 opera
3629 5494 3644 5549 ε

1990 5612 2023 5654 o
2056 5596 2259 5668 gloriae
2289 5594 2544 5666 insignis
2568 5589 3067 5663 magnitudinem,
3102 5604 3226 5663 qua
3254 5588 3317 5644 in
3341 5586 3491 5643 coelo
3512 5599 3647 5659 per-

1988 5684 2270 5744 fruuntur
2293 5684 2535 5755 animae,
2559 5698 2698 5756 quae
2722 5680 2825 5739 Dei
2854 5695 3042 5739 causa
3062 5679 3126 5736 in
3151 5675 3506 5751 corporibus
3526 5688 3650 5731 cer-
