4152 6410
346 321 452 376 933
1692 314 1761 373 ΙΝ
1804 319 1860 374 S.
1900 317 1984 373 ΤΗ

2095 310 2378 374 DOSIAM.
3625 319 3738 376 93L

346 443 596 515 λουμένας
617 445 708 494 καί
746 445 980 514 χείροσι.
1035 446 1158 503 Τοῖς
1208 439 1296 493 οὖν
1353 438 1549 515 ἰάτροις
1597 441 1792 494 αὐτίκα
1833 447 1959 515 χαί.

2095 441 2422 513 :piscopum
2448 441 2779 497 Nicolaum.
2813 446 2870 497 et
2899 442 3153 515 Euplum
3192 442 3308 515 (l3)
3357 445 3440 499 tot
3487 445 3739 515 tamque

347 551 455 608 ρειν
512 537 603 584 καί
665 531 846 593 αὐτοῖς
899 531 1190 605 φαρμάκοις
1255 530 1408 582 εἰπὼν
1483 534 1700 593 τούτους
1771 536 1961 604 μόνους

2095 530 2298 586 icerba
2318 530 2632 603 quondam
2667 530 2771 585 Dei
2802 546 2985 587 causa
3017 547 3396 603 perpessum,
3448 547 3519 587 ac
3587 531 3740 588 sacri

350 621 558 696 πρύστῆ
570 622 744 694 σάμην
772 629 862 681 τῆς
884 624 1042 672 νόσου
1075 621 1412 695 θεραπευτάς,

2095 620 2372 691 Evangelii
2419 621 2801 677 verissimum
2856 621 3203 678 diaconum.
3261 622 3478 678 Praeter
3525 622 3638 678 hos
3683 625 3742 679 et

351 725 493 766 cum
519 710 683 766 hisce
711 715 979 766 sanctam
1013 708 1178 764 illam
1191 715 1542 782 martyrem,
1570 725 1606 766 a
1632 710 1805 782 cujus
1834 709 2066 767 tumulo
2090 710 2256 767 haud
2277 709 2456 780 longe
2477 710 3208 782 commorabar,quaeque
3231 711 3534 783 perpetuis
3551 727 3620 768 ac
3633 709 3738 766 ad-

352 799 646 856 mirandis
677 814 799 855 non
823 797 1008 854 modo
1035 797 1097 853 in
1127 796 1277 866 dies,
1307 814 1517 855 verum
1550 800 1730 855 etiam
1757 800 1819 856 in
1848 799 2030 856 horas
2054 799 2361 872 operibus,
2423 813 2548 856 non
2591 799 2711 855 mei
2754 803 2995 855 tantum
3045 799 3268 855 similes
3312 799 3582 868 morbos,
3634 799 3741 856 sed

352 889 532 961 longe
563 889 744 945 etiam
775 887 1085 958 graviores
1114 886 1412 960 depellere
1442 893 1658 961 potest,
1690 889 1750 944 in
1779 888 2070 945 auxilium
2099 889 2328 946 vocavi.
2371 888 2738 946 Medicorum
2793 889 2996 962 itaque
3040 893 3098 946 et
3120 889 3593 962 pharmacorum
3626 903 3741 962 ope

354 977 558 1035 valere
583 977 776 1050 jussa,
798 977 984 1034 hosce
1016 975 1217 1033 solum
1246 977 1463 1034 morbo
1485 983 1789 1035 curatores
1809 977 2249 1051 proponebam.

429 1065 536 1142 μγὀ
597 1074 710 1128 Πῶς
758 1070 934 1120 τοίνυν
990 1071 1347 1142 παραστήσω,
1394 1076 1502 1130 πῶς
1562 1070 1650 1122 τὸν
1708 1068 1862 1136 ἔλεον,
1919 1067 1972 1121 ὃν

361 1153 648 1221 ἐνεδείξατό
679 1175 771 1231 μοι
797 1163 872 1228 τῷ
903 1154 1106 1232 ἀχρείῳ
1125 1159 1314 1210 τούτου
1350 1153 1522 1230 δούλῳ
1553 1161 1684 1221 Θεὸς
1722 1153 1818 1211 διὰ
1872 1165 1972 1211 τῶν

363 1245 786 1319 εύηρεστηκότῶν
815 1244 978 1318 αὐτῷ,
1027 1241 1122 1298 διὰ
1178 1244 1409 1320 βραχέος
1464 1245 1582 1321 έρῶε
1648 1251 1868 1322 Χρόνοις
1925 1246 1973 1299 ἐν

365 1335 556 1408 ὀλίγοις
618 1334 1008 1411 ἐξαρθρωθῆναι
1080 1332 1445 1409 προσδόκιμος
1523 1335 1613 1405 ὢν,
1696 1336 1973 1399 πλείστους

365 1422 473 1485 ἤδη
517 1424 848 1499 παρημείψα,
907 1429 997 1477 καί
1054 1421 1300 1500 διαρτίας
1347 1424 1403 1479 εὖ
1456 1429 1592 1498 ἔχων
1646 1425 1829 1500 μελῶν,
1883 1430 1975 1479 καί

369 1510 586 1587 βαδίζω
639 1515 707 1576 ὠς
759 1515 844 1566 ὅτε
902 1509 964 1572 ἦν
1021 1514 1314 1576 εἰκοσιέτης
1389 1511 1659 1585 ἐϐάδιζον,
1712 1520 1803 1568 καί
1884 1535 1975 1589 μοι

368 1603 642 1677 ἐλευθέρως
667 1607 722 1657 αἱ
750 1611 944 1680 χεῖρες,
987 1605 1108 1678 ὃμοι
1165 1624 1220 1659 τε
1272 1603 1530 1679 βουλητὸν
1585 1605 1716 1680 ἐμοί,
1768 1611 1860 1659 καί
1915 1608 1972 1659 τὸ

366 1691 604 1764 ψυχικὸν
653 1699 854 1766 πνεῦμα
908 1699 1058 1761 κινεῖ,
1114 1697 1350 1766 φέρονταί
1400 1713 1455 1746 τε
1506 1699 1596 1747 καὶ
1665 1699 1972 1769 μεταφέρον-

365 1800 472 1835 ται.
527 1783 744 1836 Τοιαῦθ⁹
798 1783 992 1857 ὁρῶμεν
1055 1790 1118 1856 τῇ
1179 1787 1330 1856 Ἀγίᾳ
1394 1782 1691 1856 τελούμενα,
1768 1785 1972 1838 τοιαῦθ’

2148 1071 2238 1125 43.
2267 1070 2436 1124 Nunc
2467 1083 2607 1124 vero
2631 1084 2758 1142 qua
2783 1068 3015 1126 ratione
3046 1067 3375 1125 edisseram
3427 1083 3565 1139 quae
3611 1070 3746 1124 acta

2081 1158 2272 1215 sunt?
2299 1173 2424 1232 quo
2449 1157 2635 1215 modo
2662 1157 3160 1228 misericordiam,
3182 1173 3372 1230 quam
3396 1156 3547 1214 mihi
3570 1172 3744 1214 servo

2079 1265 2190 1306 suo
2217 1248 2430 1316 inutili,
2444 1265 2554 1322 per
2569 1253 2811 1305 sanctos
2833 1263 2975 1305 suos
2998 1248 3154 1305 Deus
3168 1247 3466 1321 praestitit,
3487 1246 3747 1304 breviter

2080 1343 2290 1412 potero
2302 1337 2600 1412 explicare
2617 1338 2645 1394 τ
2672 1337 2770 1394 llle
2791 1353 2925 1410 ego,
2940 1339 3046 1410 qui
3072 1337 3258 1411 paulo
3279 1343 3420 1394 ante
3451 1336 3744 1394 membris

2080 1427 2366 1484 omnibus
2396 1444 2504 1500 per
2526 1427 2836 1500 paralysin
2867 1426 3118 1484 videbar
3137 1425 3588 1496 dissolvendus,
3612 1426 3746 1497 jam

2081 1516 2282 1590 plures
2313 1516 2576 1586 transegi
2596 1530 2810 1582 annos,
2843 1519 2901 1572 et
2933 1518 3058 1572 toto
3078 1529 3332 1588 corpore
3359 1513 3539 1571 ﬁrma
3583 1530 3744 1571 com-

2081 1621 2236 1678 page
2259 1611 2432 1662 utens
2464 1606 2548 1662 sic
2577 1605 2794 1661 incedo
2823 1609 2888 1661 ut
2920 1603 3281 1661 incedebam
3337 1619 3478 1660 cum
3532 1603 3744 1675 viginti

2081 1694 2378 1752 duntaxat
2418 1710 2720 1750 annorum
2765 1709 2984 1750 essem:
3037 1709 3258 1750 manus
3308 1709 3555 1766 quoque
3594 1692 3744 1750 mihi

2081 1785 2354 1841 feruntur
2371 1784 2555 1840 libere
2591 1781 3122 1850 ettransferuntur,
3145 1797 3512 1856 quocunque
3536 1781 3744 1838 animo

367 1873 623 1946 ὁσημέραι
689 1875 1185 1948 τερατουργούμενα.
1240 1878 1304 1926 Τί
1347 1881 1474 1946 γοῦν
1524 1871 1592 1933 δὴ
1656 1877 1724 1926 τὰ
1811 1874 1972 1928 πάλαι

2095 1873 2413 1931 collibitum
2445 1879 2552 1945 est,
2586 1878 2690 1930 aut
2716 1871 2914 1930 vitalis
2942 1872 3188 1946 spiritus
3228 1871 3505 1966 impellit.
3559 1873 3748 1966 :l‘anta

365 1961 746 2034 καταλέγειν,ῆ
793 1959 1154 2038 παραδιδόναι
1209 1966 1276 2016 τὰ
1333 1963 1409 2036 ἐφ’
1458 1967 1604 2037 ἡμῶν
1658 1973 1968 2041 σμγγραγῇῑ

367 2047 632 2125 μηδεμίαν
693 2059 795 2105 σῶν
855 2051 1220 2126 λαμϐανόντων
1290 2049 1548 2126 διέχειαν,
1603 2056 1849 2128 κυμάτων
1922 2074 1979 2111 τε

369 2137 526 2199 δίκην
558 2143 724 2217 ἕτερον
769 2140 942 2218 ἐτέρου
995 2142 1500 2215 καταλαμϐάνοντος·
1569 2149 1661 2196 καί
1713 2145 1816 2218 γάρ
1866 2163 1980 2207 πως

367 2229 738 2305 παραπλήσιον
768 2229 828 2283 ἂν
889 2233 1073 2285 παθεῖν
1127 2227 1323 2296 δόξειεν
1389 2234 1414 2284 ὁ
1443 2240 1609 2286 ταῦτα
1660 2234 1977 2306 συγγράφειν

369 2325 681 2396 πειρώμενος
731 2327 840 2383 τοῖς
905 2320 986 2374 ἐπ’
1043 2320 1309 2397 ἀφροσύνῃ
1371 2319 1676 2384 διαϐοήτοις
1738 2321 1974 2390 ἐκείνοις,

371 2407 438 2460 ὧν
469 2411 518 2462 οἱ
544 2411 632 2482 μὶν
666 2407 900 2484 ἀριθμεῖν
928 2412 1286 2486 προήχθησαν
1329 2413 1559 2485 κύματα,
1621 2413 1670 2464 οἱ
1718 2407 1768 2464 δ’
1826 2409 1978 2464 ἀστέ-

369 2517 484 2574 ρας,
516 2501 564 2552 οἱ
591 2495 644 2552 δ’
699 2499 833 2554 ἆλλω
888 2505 992 2554 τινί
1039 2509 1139 2554 τῶν
1194 2497 1466 2554 ἀδυνάτων
1521 2501 1975 2576 ἐπιχειρήσαντες,

372 2587 656 2660 ἐνεπαίχθη
667 2609 782 2643 σαν·

2085 1962 2362 2018 videmus
2382 1961 2508 2018 ﬁeri
2533 1978 2570 2018 a
2612 1962 2829 2018 Sancta
2887 1965 2946 2018 et
2997 1959 3266 2033 quotidie
3317 1957 3748 2015 admirabiliter

2083 2051 2308 2125 perﬁci.
2339 2052 2451 2108 Sed
2473 2049 2622 2124 quid
2642 2051 2853 2107 attinet
2878 2053 3079 2106 vetera
3109 2063 3612 2115 commemorare,
3644 2051 3750 2105 aut

2085 2157 2160 2198 ea
2187 2140 2405 2213 qusein
2436 2139 2612 2196 nobis
2634 2155 2796 2195 nunc
2844 2138 3204 2208 contingunt
3250 2137 3473 2210 scripto
3514 2138 3748 2195 tradere

2089 2247 2218 2286 cum
2253 2229 2480 2286 nullam
2511 2229 2645 2302 ipsa
2670 2227 2784 2285 sibi
2811 2227 3207 2285 cessationem
3234 2225 3609 2297 indulgeant,
3642 2225 3749 2283 sed

2088 2319 2172 2375 uti
2201 2318 2420 2374 ﬂuctus
2444 2317 2716 2385 ﬂuctum,
2751 2317 2834 2374 sic
2851 2316 3017 2374 aliud
3037 2317 3292 2373 alterum
3314 2316 3749 2389 consequeudo

2088 2408 2344 2482 excipiat
2370 2407 2400 2464 ?
2431 2407 2658 2464 Etenim
2689 2409 2795 2480 qui
2823 2406 2922 2464 illa
2951 2407 3160 2463 omnia
3202 2405 3522 2479 scriptione
3573 2404 3753 2462 vellet

2088 2498 2425 2571 complecti,
2450 2497 2521 2553 iis
2551 2497 2696 2553 mihi
2730 2512 2855 2553 non
2884 2495 3121 2552 videtur
3149 2494 3386 2553 futurus
3429 2495 3751 2562 absimilis,

2087 2603 2351 2662 quorum
2379 2586 2480 2644 alii
2519 2587 2740 2642 lluctus
2771 2586 2976 2653 maris,
3010 2585 3210 2642 stellas
3265 2584 3364 2641 alii
3407 2599 3748 2657 numerare,

371 2678 648 2736 nonnulli
671 2679 834 2736 aliud
862 2681 1064 2737 nescio
1102 2680 1249 2753 quid
1279 2697 1354 2738 ex
1377 2681 1447 2738 iis
1475 2697 1613 2755 quae
1638 2681 1768 2738 ﬁeri
1800 2683 2108 2752 nequeunt
2144 2691 2271 2734 non
2323 2675 2454 2732 sine
2503 2674 2746 2732 stultitia
2797 2674 3082 2747 perﬁcere
3131 2673 3422 2746 aggressi,
3462 2673 3751 2731 omnibus

378 2785 444 2826 se
472 2768 761 2826 ridendos
790 2770 1195 2843 praebuerunt.

1860 2943 2265 3005 EPILOGUS.

453 3122 560 3199 μδῖ
620 3125 760 3180 Ἀλλ’
815 3127 937 3203 ὅπερ
991 3129 1134 3200 ἔφην,
1192 3131 1245 3180 τί
1295 3147 1355 3200 γε
1413 3123 1530 3180 δέον
1598 3128 1740 3200 ἡμᾶς
1815 3133 1980 3180 ποιεῖν

2166 3128 2254 3182 44.
2273 3127 2502 3194 Verum,
2517 3122 2682 3196 quod
2700 3121 2831 3193 jam
2854 3124 2993 3178 ante
3013 3133 3258 3194 quoque
3281 3116 3582 3187 dicebam,
3605 3114 3755 3189 quid

378 3213 579 3268 τοιαῦθ’
619 3217 868 3292 ὁρῶντας,
923 3219 1168 3270 τοιούτων
1216 3219 1343 3291 παρ’
1394 3216 1550 3278 αὐτῆς
1605 3215 1980 3284 ἀπολαύοντας

376 3309 590 3380 Χαίρειν
650 3308 742 3378 μὲν
791 3308 968 3379 χαρὰν
1037 3308 1224 3374 ἔνθεον,
1283 3305 1502 3381 πρέσϐιν
1582 3301 1642 3360 δὲ
1716 3308 1986 3360 ποιεῖσθαι

375 3397 508 3468 πρὸς
553 3397 762 3468 Κύριον,
793 3400 885 3448 καί
943 3391 1251 3459 δεξιοῦσθαι
1311 3399 1401 3468 μεν
1457 3395 1526 3456 εἰς
1591 3391 1814 3468 δύναμιν
1871 3396 1986 3450 ἐκα-

379 3501 524 3553 στον,
566 3486 856 3558 προστάτιν
920 3480 971 3536 δ’
1033 3483 1362 3557 ἀφιλονείκως
1460 3481 1729 3539 ἰδιοῦσθοιι
1817 3487 1988 3539 πάντα

375 3577 466 3624 καί
495 3573 912 3646 σφετερίζεσθαι·
949 3577 1051 3627 Καί
1081 3573 1224 3646 μάλα
1279 3575 1381 3648 γὰρ
1444 3573 1672 3637 εἰκότως·
1731 3581 1818 3626 ῖνα
1880 3577 1985 3648 γὰρ

377 3660 516 3714 ἐάσω
552 3663 620 3714 τὰ
658 3667 873 3734 κρείττω
922 3666 1013 3714 καί
1071 3662 1387 3738 ὑψηλότερα,
1440 3664 1508 3714 ὧν
1556 3665 1684 3739 παρ’
1737 3663 1902 3724 αὐτῆς
1953 3664 1983 3723 ἣ

379 3746 454 3802 δι’
484 3751 647 3812 αὐτῆς
678 3750 1016 3825 ἀπελαύομεν,
1047 3754 1172 3828 ύπὶρ
1214 3753 1360 3825 ἡμῶν
1419 3751 1490 3814 εἰς
1544 3748 1716 3806 ἀίδιον
1777 3771 1986 3825 τυγχα-

377 3841 568 3902 νούσης
622 3849 758 3913 Θεῷ,
813 3846 904 3894 καί
948 3841 1301 3914 ἐξιλεουμένης
1365 3845 1542 3914 συχνά
1620 3841 1988 3916 πλημμελοῦσι

382 3934 476 3981 καί
505 3931 941 4006 παροργίζουσιν.
985 3930 1119 3985 Ἀλλ’
1189 3929 1326 4007 εἰπερ
1386 3931 1560 4005 ἰατρόν
1617 3929 1860 4000 ἀνιάτων,
1911 3952 1990 3985 νο-

388 4019 631 4089 σημάτων
687 4025 840 4093 μόνον
908 4019 1177 4092 ηύχουμεν
1266 4019 1451 4090 αὐτὴν,
1541 4025 1742 4083 πόσους
1822 4022 1988 4096 ἐχρῆν

385 4107 515 4166 αύτῆ
548 4108 964 4163 καταϐάλλεσθαι
1013 4113 1133 4172 τοὺς
1179 4111 1418 4183 μισθούς
1491 4113 1665 4173 πόσης
1723 4130 1782 4182 γε
1831 4119 1988 4184 τιμῆς

381 4196 558 4262 ἀξιοῦν
613 4200 753 4253 Ἐπεί
813 4195 872 4252 δὲ
925 4204 1015 4252 καί
1071 4201 1326 4273 σωμάτων
1395 4203 1581 4263 νόσους
1664 4200 1828 4273 ἰᾶται,
1899 4206 1990 4254 καί

374 4286 569 4360 ψυχῶν
603 4289 872 4364 θεραπεύει
901 4293 1200 4362 νοσήματα,
1255 4288 1345 4362 ἆγε
1405 4285 1473 4348 δὴ
1535 4289 1604 4352 ὠς
1659 4289 1821 4362 ἰσχύς
1873 4291 1991 4344 ἐκα.

375 4396 502 4440 στος
528 4376 847 4432 ἀποτιννύτω
889 4378 1000 4452 μετ’
1049 4378 1444 4452 εὐγνωμοσύνης
1498 4383 1557 4432 τό
1611 4379 1837 4454 ὄφλημα,
1899 4380 1990 4436 καί

370 4470 503 4539 πρὸς
533 4467 669 4520 άπαν
709 4469 876 4530 πάθος
906 4468 1266 4527 ἐπικεκλήσθω
1291 4473 1382 4522 καί
1421 4489 1652 4542 νόσημα.

2093 3232 2206 3274 nos
2240 3214 2490 3273 tandem
2536 3229 2647 3287 par
2691 3216 2779 3269 est
2820 3211 3040 3284 facere,
3095 3209 3200 3284 qui
3241 3212 3409 3266 tanta
3452 3206 3754 3276 videmus,

2095 3311 2264 3364 tanta
2308 3304 2656 3377 accepimus
2692 3319 2799 3376 per
2840 3304 3124 3360 Sanctam
3155 3298 3452 3357 beneﬁcia
3479 3300 3508 3356 ?
3552 3297 3758 3356 laetitia

2095 3396 2305 3469 utique
2334 3394 2605 3451 maxima
2637 3392 2961 3462 exsultare,
3010 3389 3423 3448 mediatricem
3469 3387 3756 3446 adhibere

2096 3484 2263 3559 apud
2299 3484 2643 3551 Dominum,
2670 3497 2809 3538 cum
2843 3481 3174 3552 gratiarum
3206 3478 3441 3536 actione
3486 3477 3758 3550 excipere

2097 3573 2356 3645 singula,
2400 3578 2721 3647 patronam
2769 3570 2830 3627 in
2880 3569 3166 3626 omnibus
3211 3567 3337 3624 sine
3381 3566 3760 3622 cunctatione

2097 3679 2400 3722 accersere
2430 3668 2485 3720 et
2508 3661 2683 3720 nobis
2705 3660 3014 3718 vindicare
3039 3658 3356 3727 debemus;
3397 3655 3581 3728 idque
3629 3671 3758 3713 ma-

2098 3770 2219 3826 gna
2247 3769 2387 3810 cum
2410 3753 2661 3810 ratione.
2696 3752 2848 3807 Nam
2875 3753 2940 3806 ut
2968 3748 3200 3821 optima
3219 3761 3477 3821 quaeque
3512 3749 3569 3802 et
3611 3761 3762 3818 pra:-

2098 3843 2490 3910 stantissima,
2526 3859 2665 3916 quae
2696 3841 2776 3898 ab
2826 3857 2898 3898 ea
2943 3843 3000 3896 et
3050 3853 3157 3912 per
3206 3853 3342 3894 eam
3388 3835 3758 3909 accepimus,

2097 3934 2370 3992 omittam
2391 3932 2676 4004 proferre;
2693 3928 2956 3987 assiduis
2968 3927 3066 3984 illa
3080 3930 3269 3984 Deum
3314 3923 3764 3998 supplicationi-

2095 4024 2213 4081 bus
2241 4022 2453 4091 fatigat
2479 4030 2687 4077 nostra
2705 4034 2912 4085 causa,
2929 4017 3237 4089 nostrique
3259 4030 3394 4072 eam
3417 4029 3643 4085 magna
3668 4029 3762 4070 ca-

2098 4114 2184 4187 pit
2206 4110 2529 4180 miseratio,
2551 4109 2656 4182 qui
2683 4107 2884 4165 multis
2926 4106 3080 4164 adeo
3099 4104 3327 4163 delictis
3340 4104 3610 4160 divinam
3636 4119 3762 4161 ma-

2094 4203 2368 4275 jestatem
2395 4199 2474 4256 ad
2511 4197 2898 4256 irascendum
2926 4195 3104 4252 nobis
3144 4208 3566 4266 provocamus.
3589 4190 3764 4258 Quod

2100 4291 2148 4348 si
2172 4289 2473 4347 medicam
2497 4287 2626 4359 ejus
2661 4285 2844 4343 solius
2868 4299 3122 4342 manum
3147 4284 3209 4340 in
3235 4281 3466 4340 morbis
3489 4279 3766 4353 gravissi-

2097 4380 2214 4436 mis
2242 4383 2299 4436 et
2319 4376 2717 4451 imploremus
2743 4379 2800 4432 et
2831 4374 3186 4440 sentiamus,
3219 4375 3513 4446 quantam
3539 4369 3622 4426 illi
3658 4385 3767 4442 pu-

2097 4469 2234 4527 tatis
2273 4467 2615 4525 mercedem
2631 4482 2763 4522 esse
2798 4463 3220 4522 reddendam?
3238 4465 3388 4520 Cum
3410 4465 3615 4518 autem
3643 4475 3768 4518 non

374 4571 702 4630 corporum
735 4561 966 4615 tantum
999 4558 1310 4615 medeatur
1331 4558 1813 4631 infirmitatibus,
1842 4561 1950 4618 sed
1979 4560 2323 4619 animorum
2353 4572 2598 4630 quoque
2620 4554 2869 4612 morbos
2901 4553 3107 4610 tollere
3125 4568 3250 4609 non
3282 4555 3495 4616 cesset,
3518 4551 3632 4620 eia,
3656 4565 3768 4622 pro

376 4645 505 4702 suis
518 4645 775 4720 quisque
790 4646 1016 4702 viribus
1030 4645 1294 4703 debitum
1307 4664 1436 4703 cum
1451 4646 1813 4718 gratitudine
1826 4648 2214 4723 persolvat,et
2226 4649 2418 4720 ipsam
2433 4645 2728 4702 adversus
2741 4643 2902 4701 mala
2913 4642 3122 4716 omnia
3133 4641 3494 4714 morbosque
3507 4639 3766 4706 invocet,

447 4733 542 4807 με’.
594 4741 660 4788 Ὅ
717 4731 784 4795 δὴ
841 4734 986 4808 κάγώ
1041 4743 1206 4789 ποιεῖν
1255 4736 1467 4805 εἰωθώς,
1536 4737 1630 4790 ούκ
1689 4738 1827 4792 ἐάσω
1908 4743 1980 4813 μὴ
2024 4739 2067 4794 D

373 4831 601 4882 ποιῆσαι
639 4829 729 4877 καί
784 4832 873 4877 νῦν
921 4824 994 4887 εἰς
1041 4825 1280 4884 ἐπήκοον·
1341 4825 1448 4878 ἀλλ’
1503 4827 1629 4901 ὑπὲρ
1719 4828 1844 4902 ἐμοῦ
1931 4847 1987 4882 τε

373 4917 471 4972 τὴν
504 4915 770 4987 ἱκετηρίαν
821 4917 912 4966 καί
936 4922 1036 4966 τῶν
1086 4914 1221 4987 ἐμῶν
1277 4916 1504 4988 θέμενος,
1569 4917 1731 4968 τύπον
1787 4917 1988 4993 ὠσπερ·

375 5007 419 5056 εί
469 4999 626 5055 δώσω
683 5006 749 5056 τὰ
805 5002 1153 5077 παραπλήσιοι
1196 5003 1455 5080 λιπαρεῖν,
1533 5009 1625 5057 καί
1707 5007 1775 5058 τά
1856 5006 1988 5059 αύτὰ

377 5088 643 5150 δήπουθεν
705 5097 798 5152 τὴν
861 5092 1038 5165 Ἀγίαν
1083 5089 1366 5147 δυσωπειν·
1432 5093 1492 5150 Ἠ
1547 5099 1636 5147 καί
1697 5104 1852 5170 σῶμα
1899 5103 1992 5153 καί

374 5179 565 5253 ψυχὴν
618 5182 674 5235 ἐκ
727 5178 923 5244 παιδὸς
989 5185 1320 5256 παραθεμένη
1380 5190 1495 5256 Θεῷ
1552 5190 1642 5237 καί
1703 5193 1856 5259 σῶμα
1898 5189 1990 5260 μέν

379 5269 610 5330 ἀσκήσει
657 5277 854 5346 χρονίᾳ
903 5272 1133 5346 τήξᾲσα,
1184 5271 1373 5345 ψυχὴν
1467 5271 1527 5327 δε
1591 5282 1691 5327 τῶν
1770 5274 1993 5330 ἐνταῦθα

375 5363 470 5412 καί
518 5364 618 5434 πρὸ
674 5357 969 5424 διαλύσεως
1033 5367 1440 5434 μεταστήσασα,
1500 5369 1590 5417 καί
1643 5363 1782 5426 τέλος
1839 5363 1994 5439 ἄμφω

375 5453 657 5524 προεμένη,
689 5454 780 5502 καί
808 5458 902 5503 τοῦ
949 5446 1174 5524 μηδενός
1229 5448 1354 5516 ἀξια
1399 5456 1646 5529 κρίνασα,
1705 5453 1834 5527 ύπὶρ
1900 5460 1994 5505 τοῦ

2170 4742 2258 4794 45.
2284 4735 2456 4802 Quod
2477 4733 2626 4792 dum
2650 4750 2761 4806 ego
2791 4747 3109 4806 nunquam
3146 4744 3270 4787 non
3299 4729 3493 4786 facere
3527 4728 3643 4785 sim
3675 4742 3766 4784 so-

2096 4826 2254 4893 litus,
2288 4840 2450 4882 nunc
2473 4839 2719 4897 quoque
2742 4839 2865 4880 non
2887 4821 3164 4878 omittam
3197 4819 3261 4876 id
3311 4819 3513 4891 ipsum
3566 4829 3765 4887 agere:

2099 4916 2205 4973 sed
2230 4931 2343 4989 pro
2379 4931 2476 4972 me
2503 4915 2776 4988 meisque
2792 4911 3262 4986 supplicationes
3277 4908 3614 4973 instituens,
3638 4905 3770 4963 aliis

2098 5021 2344 5080 quoque
2370 5005 2636 5062 formam
2667 5002 3063 5078 praescribam
3095 4998 3313 5056 similia
3337 5013 3449 5071 pro
3484 5012 3546 5053 se
3594 4996 3771 5052 obse-

2108 5093 2344 5164 crandi,
2375 5093 2714 5166 eademque
2745 5089 3061 5164 ﬂagitandi
3091 5106 3129 5148 a
3167 5090 3420 5157 Sancta;
3470 5087 3514 5144 Ο
3564 5101 3700 5160 quae
3734 5100 3772 5142 a

2101 5183 2318 5258 primis
2346 5182 2539 5240 aetatis
2569 5187 2686 5239 tute
2725 5181 2904 5238 annis
2934 5177 3368 5253 corpusculum
3424 5180 3596 5234 tuum
3650 5176 3771 5232 Deo

2099 5273 2336 5332 voluisti
2363 5289 2493 5330 esse
2519 5288 2780 5339 sacrum,
2811 5275 2868 5327 et
2909 5269 3026 5326 hoc
3071 5267 3318 5342 quidem
3376 5263 3773 5324 extenuavisti

2103 5362 2525 5421 exercitatione
2541 5361 2856 5429 diuturna;
2882 5359 3157 5416 animum
3185 5361 3408 5424 autem,
3431 5360 3572 5414 ante
3591 5354 3774 5412 etiam

2105 5468 2294 5526 quam
2321 5467 2394 5509 ex
2421 5451 2537 5508 hac
2561 5449 2684 5508 vita
2698 5449 3003 5522 migraret,
3026 5463 3064 5504 a
3083 5446 3267 5504 rebus
3293 5445 3582 5503 omnibus
3609 5458 3776 5502 crea-

449 5661 567 5734 (13)
597 5661 883 5723 Coluntur
908 5666 964 5724 S.
999 5665 1331 5725 Demetrius
1351 5669 1384 5725 8
1414 5667 1708 5738 Octobris,
1734 5669 1792 5727 S.
1817 5667 2092 5730 Nicolaus
2117 5671 2184 5748 111
2212 5665 2596 5736 Novembris,
2622 5666 2684 5725 S.
2710 5662 2936 5737 Euplus
2965 5664 3032 5720 12
3053 5663 3334 5735 Augusti.
