  <div class='ocr_page' id='page_1' title='image "/cluster/home/n/w/nwhite01/storage/ocr_20150623/140/coo.31924054870450/479.png"; bbox 0 0 4152 6380; ppageno 0'>
   <div class='ocr_carea' id='block_1_1' title="bbox 1665 277 2616 335">
    <p class='ocr_par' dir='ltr' id='par_1_1' title="bbox 1665 277 2616 335">
     <span class='ocr_line' id='line_1_1' title="bbox 1665 277 2616 335; baseline 0.001 -1"><span class='ocrx_word' id='word_1_1' title='bbox 1665 277 1942 334; x_wconf 80' lang='lat' dir='ltr'><strong>ARSENII</strong></span> <span class='ocrx_word' id='word_1_2' title='bbox 1981 277 2091 334; x_wconf 82' lang='grc' dir='ltr'><strong>ΟΡ.</strong></span> <span class='ocrx_word' id='word_1_3' title='bbox 2130 277 2616 335; x_wconf 67' lang='grc' dir='ltr'><strong>ΡΑΤΒΙΑΒΟΗιΕ.</strong></span> 
     </span>
    </p>
   </div>
   <div class='ocr_carea' id='block_1_2' title="bbox 1597 401 2192 476">
    <p class='ocr_par' dir='ltr' id='par_1_2' title="bbox 1597 401 2192 476">
     <span class='ocr_line' id='line_1_2' title="bbox 1597 401 2192 476; baseline -0.005 -21"><span class='ocrx_word' id='word_1_4' title='bbox 1597 424 1648 476; x_wconf 76' lang='grc' dir='ltr'><strong>εν</strong></span> <span class='ocrx_word' id='word_1_5' title='bbox 1689 407 1862 476; x_wconf 79' lang='grc' dir='ltr'><strong>ὄρεσιν</strong></span> <span class='ocrx_word' id='word_1_6' title='bbox 1894 401 2192 476; x_wconf 13' lang='grc' dir='ltr'><strong>νη-λιϐατοις,</strong></span> 
     </span>
    </p>
   </div>
   <div class='ocr_carea' id='block_1_3' title="bbox 1623 471 2304 548">
    <p class='ocr_par' dir='ltr' id='par_1_3' title="bbox 1623 471 2304 548">
     <span class='ocr_line' id='line_1_3' title="bbox 1623 471 2304 548; baseline 0 -23"><span class='ocrx_word' id='word_1_7' title='bbox 1623 471 1844 548; x_wconf 70' lang='grc' dir='ltr'><strong>λιγνρῶς</strong></span> <span class='ocrx_word' id='word_1_8' title='bbox 1875 471 1994 543; x_wconf 71' lang='grc' dir='ltr'><strong>ᾅδει</strong></span> <span class='ocrx_word' id='word_1_9' title='bbox 2032 477 2119 524; x_wconf 83' lang='grc' dir='ltr'><strong>καὶ</strong></span> <span class='ocrx_word' id='word_1_10' title='bbox 2148 477 2304 525; x_wconf 84' lang='grc' dir='ltr'><strong>κίττα</strong></span> 
     </span>
    </p>
   </div>
   <div class='ocr_carea' id='block_1_4' title="bbox 1622 545 2332 617">
    <p class='ocr_par' dir='ltr' id='par_1_4' title="bbox 1622 545 2332 617">
     <span class='ocr_line' id='line_1_4' title="bbox 1622 545 2332 617; baseline -0.004 -20"><span class='ocrx_word' id='word_1_11' title='bbox 1622 550 1680 597; x_wconf 87' lang='grc' dir='ltr'><strong>τὸ</strong></span> <span class='ocrx_word' id='word_1_12' title='bbox 1709 545 1936 617; x_wconf 81' lang='grc' dir='ltr'><strong>μιμηλὸν</strong></span> <span class='ocrx_word' id='word_1_13' title='bbox 1969 551 2120 595; x_wconf 76' lang='grc' dir='ltr'><strong>τοῦτο</strong></span> <span class='ocrx_word' id='word_1_14' title='bbox 2155 547 2284 606; x_wconf 83' lang='grc' dir='ltr'><strong>ζῶον</strong></span> <span class='ocrx_word' id='word_1_15' title='bbox 2320 566 2332 578; x_wconf 89' lang='grc'><strong>·</strong></span> 
     </span>
    </p>
   </div>
   <div class='ocr_carea' id='block_1_5' title="bbox 1624 616 2301 690">
    <p class='ocr_par' dir='ltr' id='par_1_5' title="bbox 1624 616 2301 690">
     <span class='ocr_line' id='line_1_5' title="bbox 1624 616 2301 690; baseline -0.003 -22"><span class='ocrx_word' id='word_1_16' title='bbox 1624 616 1976 690; x_wconf 81' lang='grc' dir='ltr'><strong>καμαροφάγα</strong></span> <span class='ocrx_word' id='word_1_17' title='bbox 1995 622 2082 690; x_wconf 71' lang='grc' dir='ltr'><strong>νῦν</strong></span> <span class='ocrx_word' id='word_1_18' title='bbox 2111 616 2301 682; x_wconf 84' lang='grc' dir='ltr'><strong>πάντα,</strong></span> 
     </span>
    </p>
   </div>
   <div class='ocr_carea' id='block_1_6' title="bbox 1624 685 2341 760">
    <p class='ocr_par' dir='ltr' id='par_1_6' title="bbox 1624 685 2341 760">
     <span class='ocr_line' id='line_1_6' title="bbox 1624 685 2341 760; baseline -0.003 -21"><span class='ocrx_word' id='word_1_19' title='bbox 1624 685 1982 760; x_wconf 82' lang='grc' dir='ltr'><strong>κοτινοτράγοι</strong></span> <span class='ocrx_word' id='word_1_20' title='bbox 2010 685 2117 760; x_wconf 44' lang='grc' dir='ltr'><strong>σύν⁵</strong></span> <span class='ocrx_word' id='word_1_21' title='bbox 2138 689 2341 760; x_wconf 66' lang='grc' dir='ltr'><strong>τούτοις</strong></span> 
     </span>
    </p>
   </div>
   <div class='ocr_carea' id='block_1_7' title="bbox 1625 753 2274 830">
    <p class='ocr_par' dir='ltr' id='par_1_7' title="bbox 1625 753 2274 830">
     <span class='ocr_line' id='line_1_7' title="bbox 1625 753 2274 830; baseline -0.002 -20"><span class='ocrx_word' id='word_1_22' title='bbox 1625 753 1990 830; x_wconf 72' lang='grc' dir='ltr'><strong>καταφωνοῦσι</strong></span> <span class='ocrx_word' id='word_1_23' title='bbox 2021 753 2274 830; x_wconf 78' lang='grc' dir='ltr'><strong>κοιλάδας</strong></span> 
     </span>
    </p>
   </div>
   <div class='ocr_carea' id='block_1_8' title="bbox 1700 825 2375 901">
    <p class='ocr_par' dir='ltr' id='par_1_8' title="bbox 1700 825 2375 901">
     <span class='ocr_line' id='line_1_8' title="bbox 1700 825 2375 901; baseline -0.004 -18"><span class='ocrx_word' id='word_1_24' title='bbox 1700 825 1920 901; x_wconf 78' lang='grc' dir='ltr'><strong>Λογικοὶ</strong></span> <span class='ocrx_word' id='word_1_25' title='bbox 1941 832 2044 881; x_wconf 83' lang='grc' dir='ltr'><strong>νέοι</strong></span> <span class='ocrx_word' id='word_1_26' title='bbox 2074 847 2163 899; x_wconf 88' lang='grc' dir='ltr'><strong>μοι</strong></span> <span class='ocrx_word' id='word_1_27' title='bbox 2204 825 2375 894; x_wconf 69' lang='grc' dir='ltr'><strong>δεῦτε,</strong></span> 
     </span>
    </p>
   </div>
   <div class='ocr_carea' id='block_1_9' title="bbox 1627 902 2319 974">
    <p class='ocr_par' dir='ltr' id='par_1_9' title="bbox 1627 902 2319 974">
     <span class='ocr_line' id='line_1_9' title="bbox 1627 902 2319 974; baseline 0 -22"><span class='ocrx_word' id='word_1_28' title='bbox 1627 903 1774 974; x_wconf 79' lang='grc' dir='ltr'><strong>ἔαρος</strong></span> <span class='ocrx_word' id='word_1_29' title='bbox 1803 902 2002 974; x_wconf 74' lang='grc' dir='ltr'><strong>καιρρς,</strong></span> <span class='ocrx_word' id='word_1_30' title='bbox 2039 905 2282 971; x_wconf 80' lang='grc' dir='ltr'><strong>σκιρτᾶτε</strong></span> <span class='ocrx_word' id='word_1_31' title='bbox 2307 921 2319 933; x_wconf 88' lang='grc'><strong>·</strong></span> 
     </span>
    </p>
   </div>
   <div class='ocr_carea' id='block_1_10' title="bbox 1625 971 2303 1044">
    <p class='ocr_par' dir='ltr' id='par_1_10' title="bbox 1625 971 2303 1044">
     <span class='ocr_line' id='line_1_10' title="bbox 1625 971 2303 1044; baseline 0 -22"><span class='ocrx_word' id='word_1_32' title='bbox 1625 971 2130 1044; x_wconf 79' lang='grc' dir='ltr'><strong>κύματαθαλάσσης</strong></span> <span class='ocrx_word' id='word_1_33' title='bbox 2160 971 2303 1043; x_wconf 79' lang='grc' dir='ltr'><strong>ἄρτι,</strong></span> 
     </span>
    </p>
   </div>
   <div class='ocr_carea' id='block_1_11' title="bbox 1591 1042 2303 1119">
    <p class='ocr_par' dir='ltr' id='par_1_11' title="bbox 1591 1042 2303 1119">
     <span class='ocr_line' id='line_1_11' title="bbox 1591 1042 2303 1119; baseline -0.003 -24"><span class='ocrx_word' id='word_1_34' title='bbox 1591 1110 1600 1119; x_wconf 43' lang='lat'><em>.</em></span> <span class='ocrx_word' id='word_1_35' title='bbox 1625 1042 1828 1115; x_wconf 83' lang='grc' dir='ltr'><strong>πραέως</strong></span> <span class='ocrx_word' id='word_1_36' title='bbox 1846 1042 1960 1094; x_wconf 83' lang='grc' dir='ltr'>λίαν</span> <span class='ocrx_word' id='word_1_37' title='bbox 1997 1042 2260 1094; x_wconf 77' lang='grc' dir='ltr'><strong>κινοῦνται</strong></span> <span class='ocrx_word' id='word_1_38' title='bbox 2289 1061 2303 1074; x_wconf 77' lang='grc'><em>’</em></span> 
     </span>
    </p>
   </div>
   <div class='ocr_carea' id='block_1_12' title="bbox 1627 1115 2305 1187">
    <p class='ocr_par' dir='ltr' id='par_1_12' title="bbox 1627 1115 2305 1187">
     <span class='ocr_line' id='line_1_12' title="bbox 1627 1115 2305 1187; baseline -0.004 -21"><span class='ocrx_word' id='word_1_39' title='bbox 1627 1118 1771 1187; x_wconf 69' lang='grc' dir='ltr'><strong>ᾄρεσι</strong></span> <span class='ocrx_word' id='word_1_40' title='bbox 1799 1119 1888 1166; x_wconf 84' lang='grc' dir='ltr'><strong>καὶ</strong></span> <span class='ocrx_word' id='word_1_41' title='bbox 1908 1115 2006 1187; x_wconf 83' lang='grc' dir='ltr'><strong>γὰρ</strong></span> <span class='ocrx_word' id='word_1_42' title='bbox 2037 1115 2096 1164; x_wconf 81' lang='grc' dir='ltr'><strong>τὸ</strong></span> <span class='ocrx_word' id='word_1_43' title='bbox 2127 1118 2305 1184; x_wconf 83' lang='grc' dir='ltr'><strong>πρώην</strong></span> 
     </span>
    </p>
   </div>
   <div class='ocr_carea' id='block_1_13' title="bbox 1627 1183 2320 1259">
    <p class='ocr_par' dir='ltr' id='par_1_13' title="bbox 1627 1183 2320 1259">
     <span class='ocr_line' id='line_1_13' title="bbox 1627 1183 2320 1259; baseline -0.001 -22"><span class='ocrx_word' id='word_1_44' title='bbox 1627 1183 1838 1259; x_wconf 76' lang='grc' dir='ltr'><strong>ἀϐάτοις</strong></span> <span class='ocrx_word' id='word_1_45' title='bbox 1875 1183 2267 1259; x_wconf 77' lang='grc' dir='ltr'><strong>παρ’ωμοιοῦντο</strong></span> <span class='ocrx_word' id='word_1_46' title='bbox 2306 1205 2320 1217; x_wconf 85' lang='grc'><strong>·</strong></span> 
     </span>
    </p>
   </div>
   <div class='ocr_carea' id='block_1_14' title="bbox 1630 1257 2265 1322">
    <p class='ocr_par' dir='ltr' id='par_1_14' title="bbox 1630 1257 2265 1322">
     <span class='ocr_line' id='line_1_14' title="bbox 1630 1257 2265 1322; baseline -0.003 -14"><span class='ocrx_word' id='word_1_47' title='bbox 1630 1258 1776 1308; x_wconf 86' lang='grc' dir='ltr'>ἱστία</span> <span class='ocrx_word' id='word_1_48' title='bbox 1805 1257 1975 1307; x_wconf 80' lang='grc' dir='ltr'><strong>τοίνυν</strong></span> <span class='ocrx_word' id='word_1_49' title='bbox 2012 1257 2265 1322; x_wconf 82' lang='grc' dir='ltr'><strong>πετάσας,</strong></span> 
     </span>
    </p>
   </div>
   <div class='ocr_carea' id='block_1_15' title="bbox 1627 1326 2334 1399">
    <p class='ocr_par' dir='ltr' id='par_1_15' title="bbox 1627 1326 2334 1399">
     <span class='ocr_line' id='line_1_15' title="bbox 1627 1326 2334 1399; baseline -0.001 -20"><span class='ocrx_word' id='word_1_50' title='bbox 1627 1330 1653 1379; x_wconf 87' lang='grc' dir='ltr'>ὁ</span> <span class='ocrx_word' id='word_1_51' title='bbox 1687 1328 1838 1379; x_wconf 87' lang='grc' dir='ltr'><strong>θέλων</strong></span> <span class='ocrx_word' id='word_1_52' title='bbox 1864 1326 2028 1399; x_wconf 84' lang='grc' dir='ltr'><strong>πλέειν</strong></span> <span class='ocrx_word' id='word_1_53' title='bbox 2071 1326 2334 1399; x_wconf 74' lang='grc' dir='ltr'><strong>θαλάσσῃ,</strong></span> 
     </span>
    </p>
   </div>
   <div class='ocr_carea' id='block_1_16' title="bbox 1627 1393 2486 1473">
    <p class='ocr_par' dir='ltr' id='par_1_16' title="bbox 1627 1393 2486 1473">
     <span class='ocr_line' id='line_1_16' title="bbox 1627 1393 2486 1473; baseline 0 -23"><span class='ocrx_word' id='word_1_54' title='bbox 1627 1400 1831 1473; x_wconf 78' lang='grc' dir='ltr'><strong>μακρὰν</strong></span> <span class='ocrx_word' id='word_1_55' title='bbox 1870 1397 2104 1473; x_wconf 58' lang='grc' dir='ltr'><strong>ἀπαίρει⁸</strong></span> <span class='ocrx_word' id='word_1_56' title='bbox 2125 1400 2255 1473; x_wconf 79' lang='grc' dir='ltr'><strong>πρὸς</strong></span> <span class='ocrx_word' id='word_1_57' title='bbox 2291 1393 2486 1473; x_wconf 73' lang='grc' dir='ltr'><strong>’κέρδος</strong></span> 
     </span>
    </p>
   </div>
   <div class='ocr_carea' id='block_1_17' title="bbox 1629 1464 2318 1542">
    <p class='ocr_par' dir='ltr' id='par_1_17' title="bbox 1629 1464 2318 1542">
     <span class='ocr_line' id='line_1_17' title="bbox 1629 1464 2318 1542; baseline 0 -22"><span class='ocrx_word' id='word_1_58' title='bbox 1629 1464 1917 1542; x_wconf 72' lang='grc' dir='ltr'><strong>ἀναπέμπει</strong></span> <span class='ocrx_word' id='word_1_59' title='bbox 1946 1464 2036 1520; x_wconf 81' lang='grc' dir='ltr'><strong>καὶ</strong></span> <span class='ocrx_word' id='word_1_60' title='bbox 2073 1464 2318 1542; x_wconf 75' lang='grc' dir='ltr'><strong>δελφίνων</strong></span> 
     </span>
    </p>
   </div>
   <div class='ocr_carea' id='block_1_18' title="bbox 1629 1539 2368 1612">
    <p class='ocr_par' dir='ltr' id='par_1_18' title="bbox 1629 1539 2368 1612">
     <span class='ocr_line' id='line_1_18' title="bbox 1629 1539 2368 1612; baseline -0.003 -20"><span class='ocrx_word' id='word_1_61' title='bbox 1629 1539 1801 1612; x_wconf 42' lang='grc' dir='ltr'><strong>ἀγέλη-</strong></span> <span class='ocrx_word' id='word_1_62' title='bbox 1817 1545 1908 1612; x_wconf 59' lang='grc' dir='ltr'><strong>καί</strong></span> <span class='ocrx_word' id='word_1_63' title='bbox 1945 1549 2043 1592; x_wconf 85' lang='grc' dir='ltr'><strong>τῶν</strong></span> <span class='ocrx_word' id='word_1_64' title='bbox 2074 1539 2343 1612; x_wconf 83' lang='grc' dir='ltr'><strong>πομπίλων</strong></span> <span class='ocrx_word' id='word_1_65' title='bbox 2357 1585 2368 1596; x_wconf 92' lang='grc'><strong>,</strong></span> 
     </span>
    </p>
   </div>
   <div class='ocr_carea' id='block_1_19' title="bbox 1698 1609 2381 1686">
    <p class='ocr_par' dir='ltr' id='par_1_19' title="bbox 1698 1609 2381 1686">
     <span class='ocr_line' id='line_1_19' title="bbox 1698 1609 2381 1686; baseline -0.003 -22"><span class='ocrx_word' id='word_1_66' title='bbox 1698 1615 1776 1664; x_wconf 86' lang='grc' dir='ltr'><strong>Τὰ</strong></span> <span class='ocrx_word' id='word_1_67' title='bbox 1807 1609 1945 1686; x_wconf 81' lang='grc' dir='ltr'><strong>ῥόδα</strong></span> <span class='ocrx_word' id='word_1_68' title='bbox 1972 1619 2059 1663; x_wconf 79' lang='grc' dir='ltr'><strong>νῦν</strong></span> <span class='ocrx_word' id='word_1_69' title='bbox 2099 1609 2381 1686; x_wconf 79' lang='grc' dir='ltr'><strong>ἀνακύπτει</strong></span> 
     </span>
    </p>
   </div>
   <div class='ocr_carea' id='block_1_20' title="bbox 1627 1681 2407 1757">
    <p class='ocr_par' dir='ltr' id='par_1_20' title="bbox 1627 1681 2407 1757">
     <span class='ocr_line' id='line_1_20' title="bbox 1627 1681 2407 1757; baseline -0.003 -21"><span class='ocrx_word' id='word_1_70' title='bbox 1627 1681 1877 1757; x_wconf 29' lang='grc' dir='ltr'><strong>χαρᾼοπῶς</strong></span> <span class='ocrx_word' id='word_1_71' title='bbox 1906 1681 1960 1734; x_wconf 84' lang='grc' dir='ltr'><strong>ἐκ</strong></span> <span class='ocrx_word' id='word_1_72' title='bbox 2009 1691 2118 1757; x_wconf 7' lang='grc' dir='ltr'><strong>τῶν,</strong></span> <span class='ocrx_word' id='word_1_73' title='bbox 2147 1681 2407 1757; x_wconf 68' lang='grc' dir='ltr'><strong>καλύκων,</strong></span> 
     </span>
    </p>
   </div>
   <div class='ocr_carea' id='block_1_21' title="bbox 1630 1753 2306 1828">
    <p class='ocr_par' dir='ltr' id='par_1_21' title="bbox 1630 1753 2306 1828">
     <span class='ocr_line' id='line_1_21' title="bbox 1630 1753 2306 1828; baseline -0.004 -20"><span class='ocrx_word' id='word_1_74' title='bbox 1630 1753 1693 1808; x_wconf 76' lang='grc' dir='ltr'><strong>τά</strong></span> <span class='ocrx_word' id='word_1_75' title='bbox 1709 1753 1858 1828; x_wconf 68' lang='grc' dir='ltr'><strong>’βάτα</strong></span> <span class='ocrx_word' id='word_1_76' title='bbox 1881 1762 1968 1806; x_wconf 83' lang='grc' dir='ltr'><strong>νῦν</strong></span> <span class='ocrx_word' id='word_1_77' title='bbox 1999 1753 2270 1806; x_wconf 88' lang='grc' dir='ltr'><strong>ἀναθάλλει</strong></span> <span class='ocrx_word' id='word_1_78' title='bbox 2293 1774 2306 1787; x_wconf 90' lang='grc'><strong>·</strong></span> 
     </span>
    </p>
   </div>
   <div class='ocr_carea' id='block_1_22' title="bbox 1627 1828 2305 1898">
    <p class='ocr_par' dir='ltr' id='par_1_22' title="bbox 1627 1828 2305 1898">
     <span class='ocr_line' id='line_1_22' title="bbox 1627 1828 2305 1898; baseline -0.003 -20"><span class='ocrx_word' id='word_1_79' title='bbox 1627 1828 1869 1888; x_wconf 77' lang='grc' dir='ltr'><strong>ὑάκινθος</strong></span> <span class='ocrx_word' id='word_1_80' title='bbox 1901 1829 1995 1877; x_wconf 86' lang='grc' dir='ltr'><strong>σὺν</strong></span> <span class='ocrx_word' id='word_1_81' title='bbox 2035 1829 2305 1898; x_wconf 79' lang='grc' dir='ltr'><strong>ναρκίσσῳ</strong></span> 
     </span>
    </p>
   </div>
   <div class='ocr_carea' id='block_1_23' title="bbox 1627 1897 2449 1972">
    <p class='ocr_par' dir='ltr' id='par_1_23' title="bbox 1627 1897 2449 1972">
     <span class='ocr_line' id='line_1_23' title="bbox 1627 1897 2449 1972; baseline -0.005 -21"><span class='ocrx_word' id='word_1_82' title='bbox 1627 1901 1868 1972; x_wconf 80' lang='grc' dir='ltr'><strong>χαροπόν</strong></span> <span class='ocrx_word' id='word_1_83' title='bbox 1911 1897 2394 1972; x_wconf 34' lang='grc' dir='ltr'><strong>χρῆμα-’τυγχάνει</strong></span> <span class='ocrx_word' id='word_1_84' title='bbox 2436 1917 2449 1928; x_wconf 93' lang='grc'><strong>·</strong></span> 
     </span>
    </p>
   </div>
   <div class='ocr_carea' id='block_1_24' title="bbox 1628 1963 2381 2054">
    <p class='ocr_par' dir='ltr' id='par_1_24' title="bbox 1628 1963 2381 2054">
     <span class='ocr_line' id='line_1_24' title="bbox 1628 1963 2381 2054; baseline -0.005 -33"><span class='ocrx_word' id='word_1_85' title='bbox 1628 1963 1854 2054; x_wconf 55' lang='grc' dir='ltr'><strong>μελισσα</strong></span> <span class='ocrx_word' id='word_1_86' title='bbox 1873 1963 1972 2019; x_wconf 74' lang='grc' dir='ltr'><strong>τῶν</strong></span> <span class='ocrx_word' id='word_1_87' title='bbox 2005 1963 2249 2054; x_wconf 66' lang='grc' dir='ltr'><strong>σίμϐλων</strong></span> <span class='ocrx_word' id='word_1_88' title='bbox 2266 1963 2381 2025; x_wconf 55' lang='grc' dir='ltr'><strong>ἤδη</strong></span> 
     </span>
    </p>
   </div>
   <div class='ocr_carea' id='block_1_25' title="bbox 1630 2039 2312 2110">
    <p class='ocr_par' dir='ltr' id='par_1_25' title="bbox 1630 2039 2312 2110">
     <span class='ocr_line' id='line_1_25' title="bbox 1630 2039 2312 2110; baseline -0.007 -18"><span class='ocrx_word' id='word_1_89' title='bbox 1630 2039 1981 2110; x_wconf 71' lang='grc' dir='ltr'><strong>ἀπαναστᾷσα</strong></span> <span class='ocrx_word' id='word_1_90' title='bbox 2012 2039 2312 2110; x_wconf 79' lang='grc' dir='ltr'><strong>προθύμως,</strong></span> 
     </span>
    </p>
   </div>
   <div class='ocr_carea' id='block_1_26' title="bbox 1633 2105 2416 2184">
    <p class='ocr_par' dir='ltr' id='par_1_26' title="bbox 1633 2105 2416 2184">
     <span class='ocr_line' id='line_1_26' title="bbox 1633 2105 2416 2184; baseline -0.008 -21"><span class='ocrx_word' id='word_1_91' title='bbox 1633 2109 1948 2184; x_wconf 81' lang='grc' dir='ltr'><strong>περιϐομϐοῖ</strong></span> <span class='ocrx_word' id='word_1_92' title='bbox 1980 2105 2071 2168; x_wconf 78' lang='grc' dir='ltr'><strong>τὰς</strong></span> <span class='ocrx_word' id='word_1_93' title='bbox 2107 2105 2362 2166; x_wconf 75' lang='grc' dir='ltr'><strong>κοιλάδας</strong></span> <span class='ocrx_word' id='word_1_94' title='bbox 2404 2127 2416 2140; x_wconf 73' lang='grc' dir='ltr'><strong><em>ο</em></strong></span> 
     </span>
    </p>
   </div>
   <div class='ocr_carea' id='block_1_27' title="bbox 462 281 3841 357">
    <p class='ocr_par' dir='ltr' id='par_1_27' title="bbox 462 281 3841 357">
     <span class='ocr_line' id='line_1_27' title="bbox 462 281 3841 357; baseline -0.003 -15"><span class='ocrx_word' id='word_1_95' title='bbox 462 299 570 357; x_wconf 85' lang='lat'><strong>939</strong></span> <span class='ocrx_word' id='word_1_96' title='bbox 1665 281 1942 334; x_wconf 80' lang='lat' dir='ltr'><strong>ARSENII</strong></span> <span class='ocrx_word' id='word_1_97' title='bbox 1981 281 2091 334; x_wconf 90' lang='lat' dir='ltr'><strong>CP.</strong></span> <span class='ocrx_word' id='word_1_98' title='bbox 2130 281 2616 335; x_wconf 76' lang='lat' dir='ltr'><strong>PATRIARCH/E.</strong></span> <span class='ocrx_word' id='word_1_99' title='bbox 3729 281 3841 336; x_wconf 78' lang='grc'><strong>940</strong></span> 
     </span>
    </p>
   </div>
   <div class='ocr_carea' id='block_1_28' title="bbox 468 415 1218 495">
    <p class='ocr_par' dir='ltr' id='par_1_28' title="bbox 468 415 1218 495">
     <span class='ocr_line' id='line_1_28' title="bbox 468 415 1218 495; baseline -0.016 -20"><span class='ocrx_word' id='word_1_100' title='bbox 468 423 698 495; x_wconf 76' lang='grc' dir='ltr'><strong>καθαρὸν</strong></span> <span class='ocrx_word' id='word_1_101' title='bbox 727 421 874 490; x_wconf 83' lang='grc' dir='ltr'><strong>πόμα</strong></span> <span class='ocrx_word' id='word_1_102' title='bbox 912 415 1218 495; x_wconf 67' lang='grc' dir='ltr'><strong>συμμέτρως</strong></span> 
     </span>
    </p>
   </div>
   <div class='ocr_carea' id='block_1_29' title="bbox 466 491 1184 569">
    <p class='ocr_par' dir='ltr' id='par_1_29' title="bbox 466 491 1184 569">
     <span class='ocr_line' id='line_1_29' title="bbox 466 491 1184 569; baseline -0.017 -21"><span class='ocrx_word' id='word_1_103' title='bbox 466 491 707 569; x_wconf 72' lang='grc' dir='ltr'><strong>πρόϐατα</strong></span> <span class='ocrx_word' id='word_1_104' title='bbox 734 495 886 541; x_wconf 81' lang='grc' dir='ltr'><strong>τανῦν</strong></span> <span class='ocrx_word' id='word_1_105' title='bbox 927 491 1184 556; x_wconf 84' lang='grc' dir='ltr'><strong>σκιρτῶσι</strong></span> 
     </span>
    </p>
   </div>
   <div class='ocr_carea' id='block_1_30' title="bbox 468 561 1147 638">
    <p class='ocr_par' dir='ltr' id='par_1_30' title="bbox 468 561 1147 638">
     <span class='ocr_line' id='line_1_30' title="bbox 468 561 1147 638; baseline -0.013 -22"><span class='ocrx_word' id='word_1_106' title='bbox 468 561 698 638; x_wconf 69' lang='grc' dir='ltr'><strong>κροκάλῄ</strong></span> <span class='ocrx_word' id='word_1_107' title='bbox 709 579 764 612; x_wconf 91' lang='grc' dir='ltr'><strong>σι</strong></span> <span class='ocrx_word' id='word_1_108' title='bbox 780 635 787 638; x_wconf 69' lang='lat'>_</span> <span class='ocrx_word' id='word_1_109' title='bbox 802 561 1092 638; x_wconf 71' lang='grc' dir='ltr'><strong>χαριέντως</strong></span> <span class='ocrx_word' id='word_1_110' title='bbox 1135 594 1147 608; x_wconf 96' lang='grc'><strong><em>.</em></strong></span> 
     </span>
    </p>
   </div>
   <div class='ocr_carea' id='block_1_31' title="bbox 472 629 1134 709">
    <p class='ocr_par' dir='ltr' id='par_1_31' title="bbox 472 629 1134 709">
     <span class='ocr_line' id='line_1_31' title="bbox 472 629 1134 709; baseline -0.014 -23"><span class='ocrx_word' id='word_1_111' title='bbox 472 629 624 709; x_wconf 74' lang='grc' dir='ltr'><strong>ἀρνία</strong></span> <span class='ocrx_word' id='word_1_112' title='bbox 664 629 868 709; x_wconf 76' lang='grc' dir='ltr'><strong>σκαίριι</strong></span> <span class='ocrx_word' id='word_1_113' title='bbox 883 629 1134 709; x_wconf 66' lang='grc' dir='ltr'><strong>’μητράσι</strong></span> 
     </span>
    </p>
   </div>
   <div class='ocr_carea' id='block_1_32' title="bbox 471 700 1186 780">
    <p class='ocr_par' dir='ltr' id='par_1_32' title="bbox 471 700 1186 780">
     <span class='ocr_line' id='line_1_32' title="bbox 471 700 1186 780; baseline -0.011 -22"><span class='ocrx_word' id='word_1_114' title='bbox 471 700 708 780; x_wconf 54' lang='grc' dir='ltr'><strong>χξλυεροῑς</strong></span> <span class='ocrx_word' id='word_1_115' title='bbox 739 700 989 780; x_wconf 17' lang='grc' dir='ltr'><strong>ἀρονρήαις</strong></span> <span class='ocrx_word' id='word_1_116' title='bbox 1009 700 1148 780; x_wconf 65' lang='grc' dir='ltr'><strong>ἄρτι</strong></span> <span class='ocrx_word' id='word_1_117' title='bbox 1173 718 1186 730; x_wconf 65' lang='grc' dir='ltr'><strong>θ</strong></span> 
     </span>
    </p>
   </div>
   <div class='ocr_carea' id='block_1_33' title="bbox 545 777 1219 848">
    <p class='ocr_par' dir='ltr' id='par_1_33' title="bbox 545 777 1219 848">
     <span class='ocr_line' id='line_1_33' title="bbox 545 777 1219 848; baseline -0.015 -18"><span class='ocrx_word' id='word_1_118' title='bbox 545 777 766 848; x_wconf 83' lang='grc' dir='ltr'><strong>Λογικοὶ</strong></span> <span class='ocrx_word' id='word_1_119' title='bbox 789 777 892 848; x_wconf 81' lang='grc' dir='ltr'><strong>νέοι</strong></span> <span class='ocrx_word' id='word_1_120' title='bbox 921 791 1012 846; x_wconf 90' lang='grc' dir='ltr'><strong>μοι</strong></span> <span class='ocrx_word' id='word_1_121' title='bbox 1052 777 1219 835; x_wconf 77' lang='grc' dir='ltr'><strong>δεῦτε,</strong></span> 
     </span>
    </p>
   </div>
   <div class='ocr_carea' id='block_1_34' title="bbox 473 847 1188 936">
    <p class='ocr_par' dir='ltr' id='par_1_34' title="bbox 473 847 1188 936">
     <span class='ocr_line' id='line_1_34' title="bbox 473 847 1188 920; baseline -0.013 -19"><span class='ocrx_word' id='word_1_122' title='bbox 473 847 748 920; x_wconf 82' lang='grc' dir='ltr'><strong>ἔαροςκαι</strong></span> <span class='ocrx_word' id='word_1_123' title='bbox 785 847 860 912; x_wconf 88' lang='grc' dir='ltr'><strong>ὸς,</strong></span> <span class='ocrx_word' id='word_1_124' title='bbox 895 848 1140 916; x_wconf 80' lang='grc' dir='ltr'><strong>σκιρτᾶτε</strong></span> <span class='ocrx_word' id='word_1_125' title='bbox 1175 861 1188 874; x_wconf 86' lang='grc'><strong>·</strong></span> 
     </span>
     <span class='ocr_line' id='line_1_35' title="bbox 484 863 1128 936; baseline 0.006 -4"><span class='ocrx_word' id='word_1_126' title='bbox 484 921 497 932; x_wconf 83' lang='grc'><strong><em>,</em></strong></span> <span class='ocrx_word' id='word_1_127' title='bbox 562 919 581 936; x_wconf 81' lang='lat'><strong>.</strong></span> <span class='ocrx_word' id='word_1_128' title='bbox 733 863 832 936; x_wconf 46' lang='lat' dir='ltr'><strong>ft,</strong></span> <span class='ocrx_word' id='word_1_129' title='bbox 892 933 930 936; x_wconf 33' lang='grc' dir='ltr'>μ</span> <span class='ocrx_word' id='word_1_130' title='bbox 966 909 1128 936; x_wconf 51' lang='grc' dir='ltr'><em>,ρ-»η</em></span> 
     </span>
    </p>
   </div>
   <div class='ocr_carea' id='block_1_35' title="bbox 475 909 1154 991">
    <p class='ocr_par' dir='ltr' id='par_1_35' title="bbox 475 909 1154 991">
     <span class='ocr_line' id='line_1_36' title="bbox 475 909 1154 991; baseline -0.013 -18"><span class='ocrx_word' id='word_1_131' title='bbox 475 921 503 991; x_wconf 74' lang='grc' dir='ltr'><em>ᾇ</em></span> <span class='ocrx_word' id='word_1_132' title='bbox 524 909 690 991; x_wconf 82' lang='grc' dir='ltr'><strong>ἀῖμων</strong></span> <span class='ocrx_word' id='word_1_133' title='bbox 708 909 854 991; x_wconf 55' lang='grc' dir='ltr'><strong>ᾔδη’</strong></span> <span class='ocrx_word' id='word_1_134' title='bbox 887 909 1154 991; x_wconf 62' lang='grc' dir='ltr'><strong>τνρῖσδει,</strong></span> 
     </span>
    </p>
   </div>
   <div class='ocr_carea' id='block_1_36' title="bbox 475 982 1078 1072">
    <p class='ocr_par' dir='ltr' id='par_1_36' title="bbox 475 982 1078 1072">
     <span class='ocr_line' id='line_1_37' title="bbox 475 982 1078 1072; baseline -0.012 -29"><span class='ocrx_word' id='word_1_135' title='bbox 475 982 676 1072; x_wconf 79' lang='grc' dir='ltr'><strong>ἐαρίνὸν</strong></span> <span class='ocrx_word' id='word_1_136' title='bbox 703 982 851 1070; x_wconf 76' lang='grc' dir='ltr'><strong>ᾆσμα</strong></span> <span class='ocrx_word' id='word_1_137' title='bbox 869 982 1078 1072; x_wconf 56' lang='grc' dir='ltr'><strong>μέλπει,</strong></span> 
     </span>
    </p>
   </div>
   <div class='ocr_carea' id='block_1_37' title="bbox 479 1009 1102 1137">
    <p class='ocr_par' dir='ltr' id='par_1_37' title="bbox 479 1009 1102 1137">
     <span class='ocr_line' id='line_1_38' title="bbox 479 1009 1078 1114; baseline -0.012 -71"><span class='ocrx_word' id='word_1_138' title='bbox 479 1009 676 1114; x_wconf 61' lang='grc' dir='ltr'><strong>εαςινον</strong></span> <span class='ocrx_word' id='word_1_139' title='bbox 703 1009 851 1070; x_wconf 79' lang='grc' dir='ltr'><strong>ᾳσμα</strong></span> <span class='ocrx_word' id='word_1_140' title='bbox 869 1009 1078 1072; x_wconf 51' lang='lat' dir='ltr'><strong>flent“,</strong></span> 
     </span>
     <span class='ocr_line' id='line_1_39' title="bbox 479 1059 1102 1137; baseline -0.014 -21"><span class='ocrx_word' id='word_1_141' title='bbox 479 1063 544 1116; x_wconf 90' lang='grc' dir='ltr'><strong>θα</strong></span> <span class='ocrx_word' id='word_1_142' title='bbox 564 1067 709 1137; x_wconf 78' lang='grc' dir='ltr'><strong>.ιροῖς</strong></span> <span class='ocrx_word' id='word_1_143' title='bbox 741 1063 824 1137; x_wconf 54' lang='lat' dir='ltr'><strong>{ﬁt</strong></span> <span class='ocrx_word' id='word_1_144' title='bbox 857 1059 1102 1137; x_wconf 66' lang='grc' dir='ltr'><strong>ρειθροις,</strong></span> 
     </span>
    </p>
   </div>
   <div class='ocr_carea' id='block_1_38' title="bbox 477 1128 1133 1206">
    <p class='ocr_par' dir='ltr' id='par_1_38' title="bbox 477 1128 1133 1206">
     <span class='ocr_line' id='line_1_40' title="bbox 477 1128 1133 1206; baseline -0.017 -19"><span class='ocrx_word' id='word_1_145' title='bbox 477 1128 707 1206; x_wconf 79' lang='grc' dir='ltr'><strong>σκιεραῖς</strong></span> <span class='ocrx_word' id='word_1_146' title='bbox 743 1130 828 1183; x_wconf 85' lang='grc' dir='ltr'><strong>ἐπὶ</strong></span> <span class='ocrx_word' id='word_1_147' title='bbox 846 1128 1133 1206; x_wconf 26' lang='grc' dir='ltr'><strong>*πλατάνοις</strong></span> 
     </span>
    </p>
   </div>
   <div class='ocr_carea' id='block_1_39' title="bbox 471 1197 1144 1272">
    <p class='ocr_par' dir='ltr' id='par_1_39' title="bbox 471 1197 1144 1272">
     <span class='ocr_line' id='line_1_41' title="bbox 471 1197 1144 1272; baseline -0.016 -13"><span class='ocrx_word' id='word_1_148' title='bbox 471 1197 769 1259; x_wconf 77' lang='grc' dir='ltr'><strong>ἀνάπαυσιν</strong></span> <span class='ocrx_word' id='word_1_149' title='bbox 809 1197 1097 1272; x_wconf 77' lang='grc' dir='ltr'><strong>εὐτρεπίζει</strong></span> <span class='ocrx_word' id='word_1_150' title='bbox 1132 1215 1144 1228; x_wconf 94' lang='grc'><strong>·</strong></span> 
     </span>
    </p>
   </div>
   <div class='ocr_carea' id='block_1_40' title="bbox 472 1272 1089 1348">
    <p class='ocr_par' dir='ltr' id='par_1_40' title="bbox 472 1272 1089 1348">
     <span class='ocr_line' id='line_1_42' title="bbox 472 1272 1089 1348; baseline -0.011 -18"><span class='ocrx_word' id='word_1_151' title='bbox 472 1272 704 1348; x_wconf 73' lang='grc' dir='ltr'><strong>χελιδὼν</strong></span> <span class='ocrx_word' id='word_1_152' title='bbox 743 1274 863 1345; x_wconf 83' lang='grc' dir='ltr'><strong>ἄρτι</strong></span> <span class='ocrx_word' id='word_1_153' title='bbox 886 1277 1089 1348; x_wconf 83' lang='grc' dir='ltr'><strong>Τηρῆος</strong></span> 
     </span>
    </p>
   </div>
   <div class='ocr_carea' id='block_1_41' title="bbox 472 1344 1181 1414">
    <p class='ocr_par' dir='ltr' id='par_1_41' title="bbox 472 1344 1181 1414">
     <span class='ocr_line' id='line_1_43' title="bbox 472 1344 1181 1414; baseline -0.003 -14"><span class='ocrx_word' id='word_1_154' title='bbox 472 1344 753 1400; x_wconf 67' lang='grc' dir='ltr'><strong>καταλαλεί</strong></span> <span class='ocrx_word' id='word_1_155' title='bbox 780 1344 871 1394; x_wconf 84' lang='grc' dir='ltr'><strong>τοῦ</strong></span> <span class='ocrx_word' id='word_1_156' title='bbox 910 1344 1134 1414; x_wconf 64' lang='grc' dir='ltr'><strong>φθορῆφς</strong></span> <span class='ocrx_word' id='word_1_157' title='bbox 1167 1356 1181 1370; x_wconf 83' lang='grc'><strong><em>⁵</em></strong></span> 
     </span>
    </p>
   </div>
   <div class='ocr_carea' id='block_1_42' title="bbox 471 1407 1186 1474">
    <p class='ocr_par' dir='ltr' id='par_1_42' title="bbox 471 1407 1186 1474">
     <span class='ocr_line' id='line_1_44' title="bbox 471 1407 1186 1474; baseline -0.017 -2"><span class='ocrx_word' id='word_1_158' title='bbox 471 1422 560 1472; x_wconf 88' lang='grc' dir='ltr'><strong>τὸν</strong></span> <span class='ocrx_word' id='word_1_159' title='bbox 589 1416 731 1470; x_wconf 81' lang='grc' dir='ltr'><strong>Ἴτυν</strong></span> <span class='ocrx_word' id='word_1_160' title='bbox 771 1407 926 1474; x_wconf 71' lang='grc' dir='ltr'><strong>ζητεῖ</strong></span> <span class='ocrx_word' id='word_1_161' title='bbox 944 1407 1016 1463; x_wconf 67' lang='grc' dir='ltr'><strong>δι’</strong></span> <span class='ocrx_word' id='word_1_162' title='bbox 1033 1409 1186 1462; x_wconf 75' lang='grc' dir='ltr'><strong>πάλιν</strong></span> 
     </span>
    </p>
   </div>
   <div class='ocr_carea' id='block_1_43' title="bbox 470 1476 1255 1559">
    <p class='ocr_par' dir='ltr' id='par_1_43' title="bbox 470 1476 1255 1559">
     <span class='ocr_line' id='line_1_45' title="bbox 470 1476 1255 1559; baseline -0.017 -15"><span class='ocrx_word' id='word_1_163' title='bbox 470 1491 765 1559; x_wconf 78' lang='grc' dir='ltr'><strong>κασιγνήτη</strong></span> <span class='ocrx_word' id='word_1_164' title='bbox 797 1487 962 1559; x_wconf 78' lang='grc' dir='ltr'><strong>ταὺτῃ</strong></span> <span class='ocrx_word' id='word_1_165' title='bbox 1007 1476 1215 1559; x_wconf 72' lang='grc' dir='ltr'><strong>σφόδρα</strong></span> <span class='ocrx_word' id='word_1_166' title='bbox 1243 1500 1255 1512; x_wconf 94' lang='grc'>·</span> 
     </span>
    </p>
   </div>
   <div class='ocr_carea' id='block_1_44' title="bbox 470 1551 1184 1627">
    <p class='ocr_par' dir='ltr' id='par_1_44' title="bbox 470 1551 1184 1627">
     <span class='ocr_line' id='line_1_46' title="bbox 470 1551 1184 1627; baseline -0.014 -14"><span class='ocrx_word' id='word_1_167' title='bbox 470 1562 498 1613; x_wconf 87' lang='grc' dir='ltr'><strong><em>ὁ</em></strong></span> <span class='ocrx_word' id='word_1_168' title='bbox 537 1551 647 1613; x_wconf 70' lang='grc' dir='ltr'><strong>Πάν</strong></span> <span class='ocrx_word' id='word_1_169' title='bbox 671 1564 766 1619; x_wconf 81' lang='grc' dir='ltr'><strong>τῆς</strong></span> <span class='ocrx_word' id='word_1_170' title='bbox 797 1551 1007 1627; x_wconf 34' lang='grc' dir='ltr'><strong>Ἠχοῦς.</strong></span> <span class='ocrx_word' id='word_1_171' title='bbox 1027 1551 1184 1626; x_wconf 79' lang='grc' dir='ltr'><strong>ἐράει,</strong></span> 
     </span>
    </p>
   </div>
   <div class='ocr_carea' id='block_1_45' title="bbox 472 1623 1219 1699">
    <p class='ocr_par' dir='ltr' id='par_1_45' title="bbox 472 1623 1219 1699">
     <span class='ocr_line' id='line_1_47' title="bbox 472 1623 1219 1699; baseline -0.017 -13"><span class='ocrx_word' id='word_1_172' title='bbox 472 1633 500 1685; x_wconf 89' lang='grc' dir='ltr'>ὁ</span> <span class='ocrx_word' id='word_1_173' title='bbox 527 1627 750 1699; x_wconf 78' lang='grc' dir='ltr'><strong>Κύκλωψ</strong></span> <span class='ocrx_word' id='word_1_174' title='bbox 787 1623 899 1686; x_wconf 53' lang='grc' dir='ltr'><strong>τῆν’</strong></span> <span class='ocrx_word' id='word_1_175' title='bbox 922 1623 1219 1699; x_wconf 70' lang='grc' dir='ltr'><strong>Γαλατείας,</strong></span> 
     </span>
    </p>
   </div>
   <div class='ocr_carea' id='block_1_46' title="bbox 469 1691 1113 1771">
    <p class='ocr_par' dir='ltr' id='par_1_46' title="bbox 469 1691 1113 1771">
     <span class='ocr_line' id='line_1_48' title="bbox 469 1691 1113 1771; baseline -0.017 -12"><span class='ocrx_word' id='word_1_176' title='bbox 469 1691 760 1759; x_wconf 79' lang='grc' dir='ltr'><strong>Ἀδώνιδος</strong></span> <span class='ocrx_word' id='word_1_177' title='bbox 803 1691 1113 1771; x_wconf 76' lang='grc' dir='ltr'><strong>Ἀφροδίτη.</strong></span> 
     </span>
    </p>
   </div>
   <div class='ocr_carea' id='block_1_47' title="bbox 547 1762 1222 1844">
    <p class='ocr_par' dir='ltr' id='par_1_47' title="bbox 547 1762 1222 1844">
     <span class='ocr_line' id='line_1_49' title="bbox 547 1762 1222 1844; baseline -0.016 -17"><span class='ocrx_word' id='word_1_178' title='bbox 547 1773 770 1844; x_wconf 84' lang='grc' dir='ltr'><strong>Λογικοὶ</strong></span> <span class='ocrx_word' id='word_1_179' title='bbox 806 1762 911 1822; x_wconf 80' lang='grc' dir='ltr'><strong>νέὸί</strong></span> <span class='ocrx_word' id='word_1_180' title='bbox 935 1785 1027 1839; x_wconf 85' lang='grc' dir='ltr'><strong>μοι</strong></span> <span class='ocrx_word' id='word_1_181' title='bbox 1055 1762 1222 1833; x_wconf 84' lang='grc' dir='ltr'><strong>δεῦτε,</strong></span> 
     </span>
    </p>
   </div>
   <div class='ocr_carea' id='block_1_48' title="bbox 475 1844 1184 1961">
    <p class='ocr_par' dir='ltr' id='par_1_48' title="bbox 475 1844 1184 1961">
     <span class='ocr_line' id='line_1_50' title="bbox 475 1844 1184 1961; baseline -0.007 -64"><span class='ocrx_word' id='word_1_182' title='bbox 475 1847 626 1920; x_wconf 79' lang='grc' dir='ltr'><strong>ἔαρος</strong></span> <span class='ocrx_word' id='word_1_183' title='bbox 649 1844 849 1929; x_wconf 83' lang='grc' dir='ltr'><strong>καιρὸς,</strong></span> <span class='ocrx_word' id='word_1_184' title='bbox 885 1845 1130 1961; x_wconf 47' lang='lat' dir='ltr'><strong>amittens</strong></span> <span class='ocrx_word' id='word_1_185' title='bbox 1171 1857 1184 1869; x_wconf 86' lang='lat'><strong>&#39;</strong></span> 
     </span>
     <span class='ocr_line' id='line_1_51' title="bbox 475 1906 1184 1961; baseline -0.006 0"><span class='ocrx_word' id='word_1_186' title='bbox 475 1918 699 1961; x_wconf 72' lang='grc' dir='ltr'><strong>ινεηάνων</strong></span> <span class='ocrx_word' id='word_1_187' title='bbox 739 1915 896 1961; x_wconf 68' lang='lat' dir='ltr'><strong>sane:</strong></span> <span class='ocrx_word' id='word_1_188' title='bbox 933 1929 966 1961; x_wconf 92' lang='grc' dir='ltr'><strong>κ</strong></span> <span class='ocrx_word' id='word_1_189' title='bbox 999 1906 1184 1961; x_wconf 68' lang='grc' dir='ltr'><strong>ανσνάξι</strong></span> 
     </span>
    </p>
   </div>
   <div class='ocr_carea' id='block_1_49' title="bbox 473 1906 1260 1989">
    <p class='ocr_par' dir='ltr' id='par_1_49' title="bbox 473 1906 1260 1989">
     <span class='ocr_line' id='line_1_52' title="bbox 473 1906 1260 1989; baseline -0.018 -19"><span class='ocrx_word' id='word_1_190' title='bbox 473 1906 715 1989; x_wconf 25' lang='grc' dir='ltr'><strong>γεράνων-Δ</strong></span> <span class='ocrx_word' id='word_1_191' title='bbox 729 1906 906 1989; x_wconf 31' lang='grc' dir='ltr'><strong>ἐσμὸς.</strong></span> <span class='ocrx_word' id='word_1_192' title='bbox 933 1906 1222 1989; x_wconf 74' lang='grc' dir='ltr'><strong>κλαγγάζιι</strong></span> <span class='ocrx_word' id='word_1_193' title='bbox 1246 1925 1260 1938; x_wconf 79' lang='grc' dir='ltr'><strong>ο</strong></span> 
     </span>
    </p>
   </div>
   <div class='ocr_carea' id='block_1_50' title="bbox 473 1939 1117 2061">
    <p class='ocr_par' dir='ltr' id='par_1_50' title="bbox 473 1939 1117 2061">
     <span class='ocr_line' id='line_1_53' title="bbox 473 1939 1117 1989; baseline -0.019 -19"><span class='ocrx_word' id='word_1_194' title='bbox 473 1939 495 1952; x_wconf 81' lang='lat'><strong>&quot;</strong></span> <span class='ocrx_word' id='word_1_195' title='bbox 511 1939 699 1989; x_wconf 88' lang='grc' dir='ltr'><strong>ερανων</strong></span> <span class='ocrx_word' id='word_1_196' title='bbox 739 1939 895 1986; x_wconf 77' lang='grc' dir='ltr'><strong>εσμος</strong></span> <span class='ocrx_word' id='word_1_197' title='bbox 935 1939 1117 1979; x_wconf 66' lang='grc' dir='ltr'><strong>διΛυι-Ι-Ῐι</strong></span> 
     </span>
     <span class='ocr_line' id='line_1_54' title="bbox 473 1939 1117 2061; baseline -0.022 -19"><span class='ocrx_word' id='word_1_198' title='bbox 473 1939 657 2061; x_wconf 55' lang='grc' dir='ltr'><strong>λιγέως</strong></span> <span class='ocrx_word' id='word_1_199' title='bbox 679 1981 798 2061; x_wconf 67' lang='grc' dir='ltr'><strong>ᾅδει</strong></span> <span class='ocrx_word' id='word_1_200' title='bbox 826 1986 916 2036; x_wconf 83' lang='grc' dir='ltr'><strong>καὶ</strong></span> <span class='ocrx_word' id='word_1_201' title='bbox 936 1983 1117 2061; x_wconf 54' lang='lat' dir='ltr'><strong>xlixon</strong></span> 
     </span>
    </p>
   </div>
   <div class='ocr_carea' id='block_1_51' title="bbox 474 2052 1220 2133">
    <p class='ocr_par' dir='ltr' id='par_1_51' title="bbox 474 2052 1220 2133">
     <span class='ocr_line' id='line_1_55' title="bbox 474 2052 1220 2133; baseline -0.017 -19"><span class='ocrx_word' id='word_1_202' title='bbox 474 2052 664 2133; x_wconf 65' lang='grc' dir='ltr'><strong>πτερὸν</strong></span> <span class='ocrx_word' id='word_1_203' title='bbox 691 2052 828 2114; x_wconf 80' lang='grc' dir='ltr'><strong>ἀνεὶς</strong></span> <span class='ocrx_word' id='word_1_204' title='bbox 855 2061 928 2133; x_wconf 74' lang='grc' dir='ltr'><strong>τῷ</strong></span> <span class='ocrx_word' id='word_1_205' title='bbox 956 2052 1220 2133; x_wconf 55' lang='grc' dir='ltr'><strong>ζεφνρῳν·</strong></span> 
     </span>
    </p>
   </div>
   <div class='ocr_carea' id='block_1_52' title="bbox 474 2117 1206 2190">
    <p class='ocr_par' dir='ltr' id='par_1_52' title="bbox 474 2117 1206 2190">
     <span class='ocr_line' id='line_1_56' title="bbox 474 2117 1206 2190; baseline -0.022 -5"><span class='ocrx_word' id='word_1_206' title='bbox 474 2117 730 2190; x_wconf 60' lang='grc' dir='ltr'><strong>κυδίκύζιι</strong></span> <span class='ocrx_word' id='word_1_207' title='bbox 762 2117 916 2179; x_wconf 81' lang='grc' dir='ltr'><strong>τανῦν</strong></span> <span class='ocrx_word' id='word_1_208' title='bbox 945 2124 972 2174; x_wconf 86' lang='grc' dir='ltr'><strong><em>ὁ</em></strong></span> <span class='ocrx_word' id='word_1_209' title='bbox 1009 2117 1206 2181; x_wconf 60' lang='lat' dir='ltr'><strong>idatqu</strong></span> 
     </span>
    </p>
   </div>
   <div class='ocr_carea' id='block_1_53' title="bbox 2774 396 3590 470">
    <p class='ocr_par' dir='ltr' id='par_1_53' title="bbox 2774 396 3590 470">
     <span class='ocr_line' id='line_1_57' title="bbox 2774 396 3590 470; baseline -0.004 -17"><span class='ocrx_word' id='word_1_210' title='bbox 2774 400 2906 470; x_wconf 83' lang='grc' dir='ltr'>συλᾷ</span> <span class='ocrx_word' id='word_1_211' title='bbox 2930 403 2996 453; x_wconf 85' lang='grc' dir='ltr'><strong>τὰ</strong></span> <span class='ocrx_word' id='word_1_212' title='bbox 3024 401 3153 458; x_wconf 84' lang='grc' dir='ltr'><strong>οἴνθη</strong></span> <span class='ocrx_word' id='word_1_213' title='bbox 3193 407 3294 452; x_wconf 88' lang='grc' dir='ltr'><strong>τῶν</strong></span> <span class='ocrx_word' id='word_1_214' title='bbox 3335 396 3590 470; x_wconf 72' lang='grc' dir='ltr'><strong>δένδρων,</strong></span> 
     </span>
    </p>
   </div>
   <div class='ocr_carea' id='block_1_54' title="bbox 2768 470 3584 543">
    <p class='ocr_par' dir='ltr' id='par_1_54' title="bbox 2768 470 3584 543">
     <span class='ocr_line' id='line_1_58' title="bbox 2768 470 3584 543; baseline -0.004 -19"><span class='ocrx_word' id='word_1_215' title='bbox 2768 475 2964 524; x_wconf 79' lang='grc' dir='ltr'><strong>τίθεται</strong></span> <span class='ocrx_word' id='word_1_216' title='bbox 2992 480 3158 524; x_wconf 79' lang='grc' dir='ltr'><strong>ταῦτα</strong></span> <span class='ocrx_word' id='word_1_217' title='bbox 3187 478 3294 532; x_wconf 85' lang='grc' dir='ltr'><strong>τοῖς</strong></span> <span class='ocrx_word' id='word_1_218' title='bbox 3328 470 3584 543; x_wconf 83' lang='grc' dir='ltr'><strong>σίμϐλοις,</strong></span> 
     </span>
    </p>
   </div>
   <div class='ocr_carea' id='block_1_55' title="bbox 2768 543 3369 615">
    <p class='ocr_par' dir='ltr' id='par_1_55' title="bbox 2768 543 3369 615">
     <span class='ocr_line' id='line_1_59' title="bbox 2768 543 3369 615; baseline -0.005 -20"><span class='ocrx_word' id='word_1_219' title='bbox 2768 548 2935 596; x_wconf 82' lang='grc' dir='ltr'><strong>πονέει</strong></span> <span class='ocrx_word' id='word_1_220' title='bbox 2963 543 3203 615; x_wconf 81' lang='grc' dir='ltr'><strong>γλυκεῖαν</strong></span> <span class='ocrx_word' id='word_1_221' title='bbox 3235 543 3369 615; x_wconf 65' lang='grc' dir='ltr'><strong>ἔνθεν</strong></span> 
     </span>
    </p>
   </div>
   <div class='ocr_carea' id='block_1_56' title="bbox 2767 611 3476 688">
    <p class='ocr_par' dir='ltr' id='par_1_56' title="bbox 2767 611 3476 688">
     <span class='ocr_line' id='line_1_60' title="bbox 2767 611 3476 688; baseline 0 -22"><span class='ocrx_word' id='word_1_222' title='bbox 2767 611 3126 688; x_wconf 73' lang='grc' dir='ltr'><strong>χαριεστάτην</strong></span> <span class='ocrx_word' id='word_1_223' title='bbox 3156 633 3209 666; x_wconf 90' lang='grc' dir='ltr'><strong>τε</strong></span> <span class='ocrx_word' id='word_1_224' title='bbox 3256 611 3476 688; x_wconf 64' lang='grc' dir='ltr'><strong>βρῶσιν.</strong></span> 
     </span>
    </p>
   </div>
   <div class='ocr_carea' id='block_1_57' title="bbox 2840 681 3517 757">
    <p class='ocr_par' dir='ltr' id='par_1_57' title="bbox 2840 681 3517 757">
     <span class='ocr_line' id='line_1_61' title="bbox 2840 681 3517 757; baseline -0.003 -19"><span class='ocrx_word' id='word_1_225' title='bbox 2840 681 3053 757; x_wconf 69' lang='grc' dir='ltr'><strong>λογικοὶ</strong></span> <span class='ocrx_word' id='word_1_226' title='bbox 3087 689 3188 738; x_wconf 82' lang='grc' dir='ltr'><strong>νέοι</strong></span> <span class='ocrx_word' id='word_1_227' title='bbox 3228 681 3317 755; x_wconf 74' lang='grc' dir='ltr'><strong>μοι</strong></span> <span class='ocrx_word' id='word_1_228' title='bbox 3349 681 3517 750; x_wconf 81' lang='grc' dir='ltr'><strong>δεῦτε,</strong></span> 
     </span>
    </p>
   </div>
   <div class='ocr_carea' id='block_1_58' title="bbox 2769 759 3507 831">
    <p class='ocr_par' dir='ltr' id='par_1_58' title="bbox 2769 759 3507 831">
     <span class='ocr_line' id='line_1_62' title="bbox 2769 759 3507 831; baseline -0.003 -23"><span class='ocrx_word' id='word_1_229' title='bbox 2769 759 2916 831; x_wconf 82' lang='grc' dir='ltr'><strong>ἔαρος</strong></span> <span class='ocrx_word' id='word_1_230' title='bbox 2971 759 3171 829; x_wconf 87' lang='grc' dir='ltr'><strong>καιρὸς,</strong></span> <span class='ocrx_word' id='word_1_231' title='bbox 3217 761 3462 828; x_wconf 81' lang='grc' dir='ltr'><strong>σκιρτᾶτε</strong></span> <span class='ocrx_word' id='word_1_232' title='bbox 3495 777 3507 788; x_wconf 86' lang='grc'><strong>·</strong></span> 
     </span>
    </p>
   </div>
   <div class='ocr_carea' id='block_1_59' title="bbox 2767 827 3447 901">
    <p class='ocr_par' dir='ltr' id='par_1_59' title="bbox 2767 827 3447 901">
     <span class='ocr_line' id='line_1_63' title="bbox 2767 827 3447 901; baseline -0.003 -22"><span class='ocrx_word' id='word_1_233' title='bbox 2767 827 2945 901; x_wconf 69' lang='grc' dir='ltr'><strong>Τριάς,</strong></span> <span class='ocrx_word' id='word_1_234' title='bbox 2986 827 3250 901; x_wconf 23' lang='grc' dir='ltr'><strong>ἀμέριστεᾼ</strong></span> <span class='ocrx_word' id='word_1_235' title='bbox 3273 827 3447 898; x_wconf 69' lang='grc' dir='ltr'><strong>φύσις,</strong></span> 
     </span>
    </p>
   </div>
   <div class='ocr_carea' id='block_1_60' title="bbox 2769 895 3336 970">
    <p class='ocr_par' dir='ltr' id='par_1_60' title="bbox 2769 895 3336 970">
     <span class='ocr_line' id='line_1_64' title="bbox 2769 895 3336 970; baseline -0.004 -20"><span class='ocrx_word' id='word_1_236' title='bbox 2769 895 3119 970; x_wconf 64' lang='grc' dir='ltr'><strong>ἀκατανὸητον</strong></span> <span class='ocrx_word' id='word_1_237' title='bbox 3151 895 3288 970; x_wconf 85' lang='grc' dir='ltr'><strong>βάθο</strong></span> <span class='ocrx_word' id='word_1_238' title='bbox 3296 917 3336 963; x_wconf 91' lang='grc' dir='ltr'><strong>ς,</strong></span> 
     </span>
    </p>
   </div>
   <div class='ocr_carea' id='block_1_61' title="bbox 2771 965 3381 1041">
    <p class='ocr_par' dir='ltr' id='par_1_61' title="bbox 2771 965 3381 1041">
     <span class='ocr_line' id='line_1_65' title="bbox 2771 965 3381 1041; baseline 0 -21"><span class='ocrx_word' id='word_1_239' title='bbox 2771 965 3056 1040; x_wconf 78' lang='grc' dir='ltr'><strong>ἀδιήγητόν</strong></span> <span class='ocrx_word' id='word_1_240' title='bbox 3087 965 3330 1041; x_wconf 75' lang='grc' dir='ltr'><strong>τε’κράτο</strong></span> <span class='ocrx_word' id='word_1_241' title='bbox 3341 988 3381 1036; x_wconf 91' lang='grc' dir='ltr'><strong>ς,</strong></span> 
     </span>
    </p>
   </div>
   <div class='ocr_carea' id='block_1_62' title="bbox 2769 1037 3530 1112">
    <p class='ocr_par' dir='ltr' id='par_1_62' title="bbox 2769 1037 3530 1112">
     <span class='ocr_line' id='line_1_66' title="bbox 2769 1037 3530 1112; baseline -0.004 -20"><span class='ocrx_word' id='word_1_242' title='bbox 2769 1037 2920 1112; x_wconf 77' lang='grc' dir='ltr'><strong>κόρον</strong></span> <span class='ocrx_word' id='word_1_243' title='bbox 2959 1041 3054 1092; x_wconf 74' lang='grc' dir='ltr'><strong>οὐκ</strong></span> <span class='ocrx_word' id='word_1_244' title='bbox 3085 1037 3290 1112; x_wconf 78' lang='grc' dir='ltr'><strong>ἔχοντε</strong></span> <span class='ocrx_word' id='word_1_245' title='bbox 3321 1037 3530 1105; x_wconf 89' lang='grc' dir='ltr'><strong>κάλλος,</strong></span> 
     </span>
    </p>
   </div>
   <div class='ocr_carea' id='block_1_63' title="bbox 2771 1058 3516 1175">
    <p class='ocr_par' dir='ltr' id='par_1_63' title="bbox 2771 1058 3516 1175">
     <span class='ocr_line' id='line_1_67' title="bbox 2771 1058 3516 1112; baseline -0.004 -20"><span class='ocrx_word' id='word_1_246' title='bbox 2771 1060 2920 1112; x_wconf 87' lang='grc' dir='ltr'><strong>κορον</strong></span> <span class='ocrx_word' id='word_1_247' title='bbox 2959 1059 3054 1092; x_wconf 78' lang='grc' dir='ltr'><strong>ουκ</strong></span> <span class='ocrx_word' id='word_1_248' title='bbox 3085 1059 3106 1091; x_wconf 91' lang='grc' dir='ltr'><strong>ε</strong></span> <span class='ocrx_word' id='word_1_249' title='bbox 3155 1059 3206 1091; x_wconf 90' lang='grc' dir='ltr'><strong>ον</strong></span> <span class='ocrx_word' id='word_1_250' title='bbox 3236 1059 3290 1091; x_wconf 90' lang='grc' dir='ltr'><strong>τε</strong></span> <span class='ocrx_word' id='word_1_251' title='bbox 3321 1058 3516 1105; x_wconf 29' lang='grc' dir='ltr'><strong>καλλος.</strong></span> 
     </span>
     <span class='ocr_line' id='line_1_68' title="bbox 2771 1058 3516 1175; baseline -0.004 -11"><span class='ocrx_word' id='word_1_252' title='bbox 2771 1113 2866 1165; x_wconf 70' lang='grc' dir='ltr'><strong>Θεὲ</strong></span> <span class='ocrx_word' id='word_1_253' title='bbox 2896 1058 3158 1173; x_wconf 61' lang='grc' dir='ltr'><strong>παντάνάὲ</strong></span> <span class='ocrx_word' id='word_1_254' title='bbox 3188 1115 3276 1162; x_wconf 87' lang='grc' dir='ltr'><strong>καὶ</strong></span> <span class='ocrx_word' id='word_1_255' title='bbox 3305 1115 3516 1175; x_wconf 88' lang='grc' dir='ltr'><strong>κτίστα,</strong></span> 
     </span>
    </p>
   </div>
   <div class='ocr_carea' id='block_1_64' title="bbox 2773 1176 3523 1254">
    <p class='ocr_par' dir='ltr' id='par_1_64' title="bbox 2773 1176 3523 1254">
     <span class='ocr_line' id='line_1_69' title="bbox 2773 1176 3523 1254; baseline -0.004 -19"><span class='ocrx_word' id='word_1_256' title='bbox 2773 1186 2976 1254; x_wconf 76' lang='grc' dir='ltr'><strong>Πατρός</strong></span> <span class='ocrx_word' id='word_1_257' title='bbox 3000 1181 3349 1254; x_wconf 84' lang='grc' dir='ltr'><strong>ἀπαύγασμα,</strong></span> <span class='ocrx_word' id='word_1_258' title='bbox 3373 1176 3523 1252; x_wconf 84' lang='grc' dir='ltr'><strong>δόξα,</strong></span> 
     </span>
    </p>
   </div>
   <div class='ocr_carea' id='block_1_65' title="bbox 2771 1250 3483 1328">
    <p class='ocr_par' dir='ltr' id='par_1_65' title="bbox 2771 1250 3483 1328">
     <span class='ocr_line' id='line_1_70' title="bbox 2771 1250 3483 1328; baseline -0.004 -22"><span class='ocrx_word' id='word_1_259' title='bbox 2771 1255 2799 1306; x_wconf 90' lang='grc' dir='ltr'><strong>ὁ</strong></span> <span class='ocrx_word' id='word_1_260' title='bbox 2826 1250 2986 1328; x_wconf 79' lang='grc' dir='ltr'><strong>δοτὴρ</strong></span> <span class='ocrx_word' id='word_1_261' title='bbox 3021 1250 3229 1324; x_wconf 88' lang='grc' dir='ltr'><strong>ἀγαθῶν</strong></span> <span class='ocrx_word' id='word_1_262' title='bbox 3253 1250 3483 1319; x_wconf 80' lang='grc' dir='ltr'><strong>πάντων,</strong></span> 
     </span>
    </p>
   </div>
   <div class='ocr_carea' id='block_1_66' title="bbox 2771 1325 3463 1399">
    <p class='ocr_par' dir='ltr' id='par_1_66' title="bbox 2771 1325 3463 1399">
     <span class='ocr_line' id='line_1_71' title="bbox 2771 1325 3463 1399; baseline -0.004 -22"><span class='ocrx_word' id='word_1_263' title='bbox 2771 1325 3038 1399; x_wconf 84' lang='grc' dir='ltr'><strong>παροχεὺς</strong></span> <span class='ocrx_word' id='word_1_264' title='bbox 3077 1325 3118 1399; x_wconf 36' lang='grc' dir='ltr'><strong>ὁ-</strong></span> <span class='ocrx_word' id='word_1_265' title='bbox 3131 1332 3193 1382; x_wconf 80' lang='grc' dir='ltr'><strong>τῆ</strong></span> <span class='ocrx_word' id='word_1_266' title='bbox 3205 1344 3226 1385; x_wconf 91' lang='grc' dir='ltr'><strong>ς</strong></span> <span class='ocrx_word' id='word_1_267' title='bbox 3259 1326 3463 1395; x_wconf 77' lang='grc' dir='ltr'><strong>σοφίας,</strong></span> 
     </span>
    </p>
   </div>
   <div class='ocr_carea' id='block_1_67' title="bbox 2773 1394 3558 1468">
    <p class='ocr_par' dir='ltr' id='par_1_67' title="bbox 2773 1394 3558 1468">
     <span class='ocr_line' id='line_1_72' title="bbox 2773 1394 3558 1468; baseline -0.005 -20"><span class='ocrx_word' id='word_1_268' title='bbox 2773 1394 3031 1468; x_wconf 60' lang='grc' dir='ltr'><strong>παρέχοις</strong></span> <span class='ocrx_word' id='word_1_269' title='bbox 3056 1394 3208 1455; x_wconf 75' lang='grc' dir='ltr'><strong>αὐτος</strong></span> <span class='ocrx_word' id='word_1_270' title='bbox 3244 1394 3339 1452; x_wconf 83' lang='grc' dir='ltr'><strong>τὴν</strong></span> <span class='ocrx_word' id='word_1_271' title='bbox 3362 1401 3558 1465; x_wconf 86' lang='grc' dir='ltr'><strong>γνῶσιν</strong></span> 
     </span>
    </p>
   </div>
   <div class='ocr_carea' id='block_1_68' title="bbox 2773 1465 3618 1540">
    <p class='ocr_par' dir='ltr' id='par_1_68' title="bbox 2773 1465 3618 1540">
     <span class='ocr_line' id='line_1_73' title="bbox 2773 1465 3618 1540; baseline -0.004 -21"><span class='ocrx_word' id='word_1_272' title='bbox 2773 1465 2961 1537; x_wconf 73' lang='grc' dir='ltr'><strong>ὑψοθεν</strong></span> <span class='ocrx_word' id='word_1_273' title='bbox 3001 1472 3106 1526; x_wconf 75' lang='grc' dir='ltr'><strong>⁴τοῖς</strong></span> <span class='ocrx_word' id='word_1_274' title='bbox 3144 1472 3350 1540; x_wconf 69' lang='grc' dir='ltr'><strong>μικροῖς</strong></span> <span class='ocrx_word' id='word_1_275' title='bbox 3380 1466 3618 1539; x_wconf 83' lang='grc' dir='ltr'><strong>λάτραις,</strong></span> 
     </span>
    </p>
   </div>
   <div class='ocr_carea' id='block_1_69' title="bbox 2776 1535 3418 1603">
    <p class='ocr_par' dir='ltr' id='par_1_69' title="bbox 2776 1535 3418 1603">
     <span class='ocr_line' id='line_1_74' title="bbox 2776 1535 3418 1603; baseline -0.002 -14"><span class='ocrx_word' id='word_1_276' title='bbox 2776 1535 2858 1589; x_wconf 76' lang='grc' dir='ltr'><strong>ἵνα</strong></span> <span class='ocrx_word' id='word_1_277' title='bbox 2886 1542 2980 1596; x_wconf 79' lang='grc' dir='ltr'><strong>τὴν</strong></span> <span class='ocrx_word' id='word_1_278' title='bbox 3017 1541 3114 1595; x_wconf 79' lang='grc' dir='ltr'><strong>σὴν</strong></span> <span class='ocrx_word' id='word_1_279' title='bbox 3145 1535 3418 1603; x_wconf 24' lang='grc' dir='ltr'><strong>νέξοὶισίαν,</strong></span> 
     </span>
    </p>
   </div>
   <div class='ocr_carea' id='block_1_70' title="bbox 2776 1608 3418 1680">
    <p class='ocr_par' dir='ltr' id='par_1_70' title="bbox 2776 1608 3418 1680">
     <span class='ocr_line' id='line_1_75' title="bbox 2776 1608 3418 1680; baseline -0.003 -20"><span class='ocrx_word' id='word_1_280' title='bbox 2776 1608 3122 1680; x_wconf 80' lang='grc' dir='ltr'><strong>ἀγαθωσύνην</strong></span> <span class='ocrx_word' id='word_1_281' title='bbox 3151 1627 3206 1660; x_wconf 84' lang='grc' dir='ltr'><strong>τε</strong></span> <span class='ocrx_word' id='word_1_282' title='bbox 3243 1614 3418 1660; x_wconf 86' lang='grc' dir='ltr'><strong>πᾶσαν</strong></span> 
     </span>
    </p>
   </div>
   <div class='ocr_carea' id='block_1_71' title="bbox 2777 1679 3483 1753">
    <p class='ocr_par' dir='ltr' id='par_1_71' title="bbox 2777 1679 3483 1753">
     <span class='ocr_line' id='line_1_76' title="bbox 2777 1679 3483 1753; baseline -0.003 -22"><span class='ocrx_word' id='word_1_283' title='bbox 2777 1679 3036 1753; x_wconf 31' lang='grc' dir='ltr'><strong>σννίωμεν-</strong></span> <span class='ocrx_word' id='word_1_284' title='bbox 3055 1679 3110 1731; x_wconf 87' lang='grc' dir='ltr'><strong>ἐκ</strong></span> <span class='ocrx_word' id='word_1_285' title='bbox 3138 1680 3440 1753; x_wconf 81' lang='grc' dir='ltr'><strong>κτισμάτων</strong></span> <span class='ocrx_word' id='word_1_286' title='bbox 3470 1699 3483 1712; x_wconf 89' lang='grc'><strong>·</strong></span> 
     </span>
    </p>
   </div>
   <div class='ocr_carea' id='block_1_72' title="bbox 2774 1751 3491 1824">
    <p class='ocr_par' dir='ltr' id='par_1_72' title="bbox 2774 1751 3491 1824">
     <span class='ocr_line' id='line_1_77' title="bbox 2774 1751 3491 1824; baseline -0.004 -20"><span class='ocrx_word' id='word_1_287' title='bbox 2774 1751 2920 1812; x_wconf 87' lang='grc' dir='ltr'><strong>κλέος</strong></span> <span class='ocrx_word' id='word_1_288' title='bbox 2940 1751 3160 1822; x_wconf 76' lang='grc' dir='ltr'><strong>ἀγλαῶν</strong></span> <span class='ocrx_word' id='word_1_289' title='bbox 3192 1752 3491 1824; x_wconf 82' lang='grc' dir='ltr'><strong>μαρτύρων,</strong></span> 
     </span>
    </p>
   </div>
   <div class='ocr_carea' id='block_1_73' title="bbox 2775 1824 3471 1895">
    <p class='ocr_par' dir='ltr' id='par_1_73' title="bbox 2775 1824 3471 1895">
     <span class='ocr_line' id='line_1_78' title="bbox 2775 1824 3471 1895; baseline -0.004 -20"><span class='ocrx_word' id='word_1_290' title='bbox 2775 1824 3106 1895; x_wconf 69' lang='grc' dir='ltr'><strong>προσάγομεν</strong></span> <span class='ocrx_word' id='word_1_291' title='bbox 3137 1840 3221 1873; x_wconf 91' lang='grc' dir='ltr'><strong>σοι</strong></span> <span class='ocrx_word' id='word_1_292' title='bbox 3250 1827 3471 1895; x_wconf 78' lang='grc' dir='ltr'><strong>μεσίτην</strong></span> 
     </span>
    </p>
   </div>
   <div class='ocr_carea' id='block_1_74' title="bbox 2778 1893 3492 1968">
    <p class='ocr_par' dir='ltr' id='par_1_74' title="bbox 2778 1893 3492 1968">
     <span class='ocr_line' id='line_1_79' title="bbox 2778 1893 3492 1968; baseline -0.004 -22"><span class='ocrx_word' id='word_1_293' title='bbox 2778 1893 3047 1968; x_wconf 60' lang='grc' dir='ltr'><strong>ξεὼργιον,</strong></span> <span class='ocrx_word' id='word_1_294' title='bbox 3079 1895 3165 1968; x_wconf 81' lang='grc' dir='ltr'><strong>τὸν</strong></span> <span class='ocrx_word' id='word_1_295' title='bbox 3189 1893 3492 1965; x_wconf 86' lang='grc' dir='ltr'><strong>προστάτην</strong></span> 
     </span>
    </p>
   </div>
   <div class='ocr_carea' id='block_1_75' title="bbox 2780 1962 3386 2040">
    <p class='ocr_par' dir='ltr' id='par_1_75' title="bbox 2780 1962 3386 2040">
     <span class='ocr_line' id='line_1_80' title="bbox 2780 1962 3386 2040; baseline 0.003 -23"><span class='ocrx_word' id='word_1_296' title='bbox 2780 1962 3054 2040; x_wconf 78' lang='grc' dir='ltr'><strong>διατριϐῆς</strong></span> <span class='ocrx_word' id='word_1_297' title='bbox 3095 1962 3386 2037; x_wconf 76' lang='grc' dir='ltr'><strong>Ἀρσενίον.</strong></span> 
     </span>
    </p>
   </div>
   <div class='ocr_carea' id='block_1_76' title="bbox 2252 2227 3861 2303">
    <p class='ocr_par' dir='ltr' id='par_1_76' title="bbox 2252 2227 3861 2303">
     <span class='ocr_line' id='line_1_81' title="bbox 2252 2227 3861 2303; baseline -0.001 -18"><span class='ocrx_word' id='word_1_298' title='bbox 2252 2231 2608 2300; x_wconf 88' lang='lat' dir='ltr'><strong>aspectu—e</strong></span> <span class='ocrx_word' id='word_1_299' title='bbox 2623 2228 2909 2284; x_wconf 85' lang='lat' dir='ltr'><strong>calicibus</strong></span> <span class='ocrx_word' id='word_1_300' title='bbox 2923 2229 3248 2303; x_wconf 86' lang='lat' dir='ltr'><strong>prodeunt,</strong></span> <span class='ocrx_word' id='word_1_301' title='bbox 3266 2230 3572 2286; x_wconf 87' lang='lat' dir='ltr'><strong>etfrutices</strong></span> <span class='ocrx_word' id='word_1_302' title='bbox 3589 2227 3861 2286; x_wconf 83' lang='lat' dir='ltr'><strong>vernales</strong></span> 
     </span>
    </p>
   </div>
   <div class='ocr_carea' id='block_1_77' title="bbox 2253 2317 3864 2392">
    <p class='ocr_par' dir='ltr' id='par_1_77' title="bbox 2253 2317 3864 2392">
     <span class='ocr_line' id='line_1_82' title="bbox 2253 2317 3864 2392; baseline -0.001 -18"><span class='ocrx_word' id='word_1_303' title='bbox 2253 2317 2638 2375; x_wconf 87' lang='lat' dir='ltr'><strong>efﬂorescunt</strong></span> <span class='ocrx_word' id='word_1_304' title='bbox 2662 2317 3054 2389; x_wconf 52' lang='lat' dir='ltr'><strong>rhyacinthus</strong></span> <span class='ocrx_word' id='word_1_305' title='bbox 3078 2335 3217 2374; x_wconf 92' lang='lat' dir='ltr'><strong>cum</strong></span> <span class='ocrx_word' id='word_1_306' title='bbox 3241 2319 3511 2375; x_wconf 83' lang='lat' dir='ltr'><strong>narcisso</strong></span> <span class='ocrx_word' id='word_1_307' title='bbox 3528 2318 3864 2392; x_wconf 89' lang='lat' dir='ltr'><strong>pulchritu-</strong></span> 
     </span>
    </p>
   </div>
   <div class='ocr_carea' id='block_1_78' title="bbox 2254 2405 3866 2479">
    <p class='ocr_par' dir='ltr' id='par_1_78' title="bbox 2254 2405 3866 2479">
     <span class='ocr_line' id='line_1_83' title="bbox 2254 2405 3866 2479; baseline -0.002 -16"><span class='ocrx_word' id='word_1_308' title='bbox 2254 2408 2393 2463; x_wconf 89' lang='lat' dir='ltr'><strong>dine</strong></span> <span class='ocrx_word' id='word_1_309' title='bbox 2423 2406 2630 2463; x_wconf 92' lang='lat' dir='ltr'><strong>oculos</strong></span> <span class='ocrx_word' id='word_1_310' title='bbox 2659 2405 3022 2462; x_wconf 90' lang='lat' dir='ltr'><strong>demulcent.</strong></span> <span class='ocrx_word' id='word_1_311' title='bbox 3057 2406 3201 2479; x_wconf 87' lang='lat' dir='ltr'><strong>Apis</strong></span> <span class='ocrx_word' id='word_1_312' title='bbox 3230 2407 3443 2464; x_wconf 83' lang='lat' dir='ltr'><strong>cellam</strong></span> <span class='ocrx_word' id='word_1_313' title='bbox 3469 2424 3609 2464; x_wconf 90' lang='lat' dir='ltr'><strong>cum</strong></span> <span class='ocrx_word' id='word_1_314' title='bbox 3636 2409 3866 2479; x_wconf 88' lang='lat' dir='ltr'><strong>impetu</strong></span> 
     </span>
    </p>
   </div>
   <div class='ocr_carea' id='block_1_79' title="bbox 2253 2494 3871 2569">
    <p class='ocr_par' dir='ltr' id='par_1_79' title="bbox 2253 2494 3871 2569">
     <span class='ocr_line' id='line_1_84' title="bbox 2253 2494 3871 2569; baseline -0.002 -16"><span class='ocrx_word' id='word_1_315' title='bbox 2253 2497 2599 2569; x_wconf 89' lang='lat' dir='ltr'><strong>relinquens</strong></span> <span class='ocrx_word' id='word_1_316' title='bbox 2628 2494 2816 2551; x_wconf 85' lang='lat' dir='ltr'><strong>valles</strong></span> <span class='ocrx_word' id='word_1_317' title='bbox 2847 2495 3330 2567; x_wconf 88' lang='lat' dir='ltr'><strong>[circumvolitat,</strong></span> <span class='ocrx_word' id='word_1_318' title='bbox 3361 2497 3649 2552; x_wconf 89' lang='lat' dir='ltr'><strong>arborum</strong></span> <span class='ocrx_word' id='word_1_319' title='bbox 3687 2496 3871 2551; x_wconf 90' lang='lat' dir='ltr'><strong>ﬂores</strong></span> 
     </span>
    </p>
   </div>
   <div class='ocr_carea' id='block_1_80' title="bbox 2257 2584 3872 2658">
    <p class='ocr_par' dir='ltr' id='par_1_80' title="bbox 2257 2584 3872 2658">
     <span class='ocr_line' id='line_1_85' title="bbox 2257 2584 3872 2658; baseline -0.002 -15"><span class='ocrx_word' id='word_1_320' title='bbox 2257 2585 2509 2656; x_wconf 86' lang='lat' dir='ltr'><strong>exsugit,</strong></span> <span class='ocrx_word' id='word_1_321' title='bbox 2545 2601 2794 2641; x_wconf 92' lang='lat' dir='ltr'><strong>succum</strong></span> <span class='ocrx_word' id='word_1_322' title='bbox 2827 2585 2907 2640; x_wconf 92' lang='lat' dir='ltr'><strong>ad</strong></span> <span class='ocrx_word' id='word_1_323' title='bbox 2937 2584 3116 2641; x_wconf 90' lang='lat' dir='ltr'><strong>cellas</strong></span> <span class='ocrx_word' id='word_1_324' title='bbox 3142 2589 3499 2658; x_wconf 81' lang='lat' dir='ltr'><strong>comportat,</strong></span> <span class='ocrx_word' id='word_1_325' title='bbox 3531 2585 3774 2641; x_wconf 91' lang='lat' dir='ltr'><strong>dulcem</strong></span> <span class='ocrx_word' id='word_1_326' title='bbox 3797 2598 3872 2640; x_wconf 87' lang='lat' dir='ltr'><strong>ac</strong></span> 
     </span>
    </p>
   </div>
   <div class='ocr_carea' id='block_1_81' title="bbox 2254 2672 3874 2747">
    <p class='ocr_par' dir='ltr' id='par_1_81' title="bbox 2254 2672 3874 2747">
     <span class='ocr_line' id='line_1_86' title="bbox 2254 2672 3874 2747; baseline -0.001 -18"><span class='ocrx_word' id='word_1_327' title='bbox 2254 2673 2592 2747; x_wconf 89' lang='lat' dir='ltr'><strong>jucundum</strong></span> <span class='ocrx_word' id='word_1_328' title='bbox 2623 2673 2762 2728; x_wconf 91' lang='lat' dir='ltr'><strong>inde</strong></span> <span class='ocrx_word' id='word_1_329' title='bbox 2792 2673 2995 2729; x_wconf 81' lang='lat' dir='ltr'><strong>cibum</strong></span> <span class='ocrx_word' id='word_1_330' title='bbox 3023 2673 3306 2729; x_wconf 79' lang='lat' dir='ltr'><strong>efﬁciens.</strong></span> <span class='ocrx_word' id='word_1_331' title='bbox 3331 2672 3566 2737; x_wconf 82' lang='lat' dir='ltr'><strong>Adeste,</strong></span> <span class='ocrx_word' id='word_1_332' title='bbox 3607 2673 3874 2742; x_wconf 88' lang='lat' dir='ltr'><strong>juvenes</strong></span> 
     </span>
    </p>
   </div>
   <div class='ocr_carea' id='block_1_82' title="bbox 2259 2759 3877 2836">
    <p class='ocr_par' dir='ltr' id='par_1_82' title="bbox 2259 2759 3877 2836">
     <span class='ocr_line' id='line_1_87' title="bbox 2259 2759 3877 2836; baseline -0.002 -18"><span class='ocrx_word' id='word_1_333' title='bbox 2259 2763 2602 2836; x_wconf 83' lang='lat' dir='ltr'><strong>prudentes.</strong></span> <span class='ocrx_word' id='word_1_334' title='bbox 2636 2762 2799 2817; x_wconf 89' lang='lat' dir='ltr'><strong>Veris</strong></span> <span class='ocrx_word' id='word_1_335' title='bbox 2829 2767 3066 2834; x_wconf 88' lang='lat' dir='ltr'><strong>tempus</strong></span> <span class='ocrx_word' id='word_1_336' title='bbox 3100 2762 3355 2832; x_wconf 84' lang='lat' dir='ltr'><strong>advenit,</strong></span> <span class='ocrx_word' id='word_1_337' title='bbox 3385 2759 3659 2830; x_wconf 87' lang='lat' dir='ltr'><strong>jubilate.</strong></span> <span class='ocrx_word' id='word_1_338' title='bbox 3687 2760 3877 2815; x_wconf 85' lang='lat' dir='ltr'><strong>OTri-</strong></span> 
     </span>
    </p>
   </div>
   <div class='ocr_carea' id='block_1_83' title="bbox 2260 2847 3872 2922">
    <p class='ocr_par' dir='ltr' id='par_1_83' title="bbox 2260 2847 3872 2922">
     <span class='ocr_line' id='line_1_88' title="bbox 2260 2847 3872 2922; baseline -0.002 -14"><span class='ocrx_word' id='word_1_339' title='bbox 2260 2849 3335 2922; x_wconf 87' lang='lat' dir='ltr'><strong>nitas,naturaindivisa,profunditas</strong></span> <span class='ocrx_word' id='word_1_340' title='bbox 3349 2847 3872 2918; x_wconf 85' lang='lat' dir='ltr'><strong>incomprehensi-</strong></span> 
     </span>
    </p>
   </div>
   <div class='ocr_carea' id='block_1_84' title="bbox 2262 2935 3865 3012">
    <p class='ocr_par' dir='ltr' id='par_1_84' title="bbox 2262 2935 3865 3012">
     <span class='ocr_line' id='line_1_89' title="bbox 2262 2935 3865 3012; baseline -0.004 -15"><span class='ocrx_word' id='word_1_341' title='bbox 2262 2941 2418 3012; x_wconf 83' lang='lat' dir='ltr'><strong>bilis,</strong></span> <span class='ocrx_word' id='word_1_342' title='bbox 2435 2940 2700 3012; x_wconf 91' lang='lat' dir='ltr'><strong>potentia</strong></span> <span class='ocrx_word' id='word_1_343' title='bbox 2719 2939 3156 3006; x_wconf 86' lang='lat' dir='ltr'><strong>inenarrabilis,</strong></span> <span class='ocrx_word' id='word_1_344' title='bbox 3178 2935 3561 3011; x_wconf 88' lang='lat' dir='ltr'><strong>pulchritudo</strong></span> <span class='ocrx_word' id='word_1_345' title='bbox 3577 2935 3865 2992; x_wconf 85' lang='lat' dir='ltr'><strong>inexhau-</strong></span> 
     </span>
    </p>
   </div>
   <div class='ocr_carea' id='block_1_85' title="bbox 2269 3023 3858 3100">
    <p class='ocr_par' dir='ltr' id='par_1_85' title="bbox 2269 3023 3858 3100">
     <span class='ocr_line' id='line_1_90' title="bbox 2269 3023 3858 3100; baseline -0.003 -16"><span class='ocrx_word' id='word_1_346' title='bbox 2269 3035 2379 3097; x_wconf 87' lang='lat' dir='ltr'><strong>sta,</strong></span> <span class='ocrx_word' id='word_1_347' title='bbox 2399 3032 2550 3084; x_wconf 89' lang='lat' dir='ltr'><strong>Deus</strong></span> <span class='ocrx_word' id='word_1_348' title='bbox 2571 3029 2952 3100; x_wconf 89' lang='lat' dir='ltr'><strong>omnipotens</strong></span> <span class='ocrx_word' id='word_1_349' title='bbox 2971 3043 3042 3083; x_wconf 91' lang='lat' dir='ltr'><strong>ac</strong></span> <span class='ocrx_word' id='word_1_350' title='bbox 3064 3030 3328 3092; x_wconf 88' lang='lat' dir='ltr'><strong>Creator,</strong></span> <span class='ocrx_word' id='word_1_351' title='bbox 3355 3024 3537 3080; x_wconf 86' lang='lat' dir='ltr'><strong>Patris</strong></span> <span class='ocrx_word' id='word_1_352' title='bbox 3559 3023 3858 3096; x_wconf 86' lang='lat' dir='ltr'><strong>splendor,</strong></span> 
     </span>
    </p>
   </div>
   <div class='ocr_carea' id='block_1_86' title="bbox 2269 3112 3858 3189">
    <p class='ocr_par' dir='ltr' id='par_1_86' title="bbox 2269 3112 3858 3189">
     <span class='ocr_line' id='line_1_91' title="bbox 2269 3112 3858 3189; baseline -0.004 -16"><span class='ocrx_word' id='word_1_353' title='bbox 2269 3118 2475 3189; x_wconf 83' lang='lat' dir='ltr'><strong>gloria,</strong></span> <span class='ocrx_word' id='word_1_354' title='bbox 2493 3117 2765 3173; x_wconf 89' lang='lat' dir='ltr'><strong>omnium</strong></span> <span class='ocrx_word' id='word_1_355' title='bbox 2779 3117 3080 3172; x_wconf 91' lang='lat' dir='ltr'><strong>bonorum</strong></span> <span class='ocrx_word' id='word_1_356' title='bbox 3103 3115 3366 3185; x_wconf 85' lang='lat' dir='ltr'><strong>largitor,</strong></span> <span class='ocrx_word' id='word_1_357' title='bbox 3403 3112 3706 3186; x_wconf 74' lang='lat' dir='ltr'><strong>sapientiae</strong></span> <span class='ocrx_word' id='word_1_358' title='bbox 3723 3125 3858 3182; x_wconf 82' lang='lat' dir='ltr'><strong>pro-</strong></span> 
     </span>
    </p>
   </div>
   <div class='ocr_carea' id='block_1_87' title="bbox 2269 3199 3859 3276">
    <p class='ocr_par' dir='ltr' id='par_1_87' title="bbox 2269 3199 3859 3276">
     <span class='ocr_line' id='line_1_92' title="bbox 2269 3199 3859 3276; baseline -0.006 -13"><span class='ocrx_word' id='word_1_359' title='bbox 2269 3214 2526 3276; x_wconf 89' lang='lat' dir='ltr'><strong>curator,</strong></span> <span class='ocrx_word' id='word_1_360' title='bbox 2561 3205 2823 3262; x_wconf 88' lang='lat' dir='ltr'><strong>concede</strong></span> <span class='ocrx_word' id='word_1_361' title='bbox 2855 3203 3184 3260; x_wconf 87' lang='lat' dir='ltr'><strong>humilibus</strong></span> <span class='ocrx_word' id='word_1_362' title='bbox 3207 3203 3396 3260; x_wconf 82' lang='lat' dir='ltr'><strong>servis</strong></span> <span class='ocrx_word' id='word_1_363' title='bbox 3416 3199 3859 3272; x_wconf 81' lang='lat' dir='ltr'><strong>intelligentiam</strong></span> 
     </span>
    </p>
   </div>
   <div class='ocr_carea' id='block_1_88' title="bbox 2269 3285 3869 3365">
    <p class='ocr_par' dir='ltr' id='par_1_88' title="bbox 2269 3285 3869 3365">
     <span class='ocr_line' id='line_1_93' title="bbox 2269 3285 3869 3365; baseline -0.006 -15"><span class='ocrx_word' id='word_1_364' title='bbox 2269 3293 2594 3362; x_wconf 76' lang='lat' dir='ltr'><strong>caelestem,</strong></span> <span class='ocrx_word' id='word_1_365' title='bbox 2607 3298 2671 3348; x_wconf 89' lang='lat' dir='ltr'><strong>ut</strong></span> <span class='ocrx_word' id='word_1_366' title='bbox 2683 3293 3012 3365; x_wconf 89' lang='lat' dir='ltr'><strong>potentiam</strong></span> <span class='ocrx_word' id='word_1_367' title='bbox 3029 3295 3194 3348; x_wconf 89' lang='lat' dir='ltr'><strong>tuam</strong></span> <span class='ocrx_word' id='word_1_368' title='bbox 3209 3304 3575 3362; x_wconf 90' lang='lat' dir='ltr'><strong>omnemque</strong></span> <span class='ocrx_word' id='word_1_369' title='bbox 3603 3285 3844 3358; x_wconf 87' lang='lat' dir='ltr'><strong>benigni</strong></span> <span class='ocrx_word' id='word_1_370' title='bbox 3859 3316 3869 3325; x_wconf 93' lang='lat'><strong>-</strong></span> 
     </span>
    </p>
   </div>
   <div class='ocr_carea' id='block_1_89' title="bbox 2269 3376 3872 3450">
    <p class='ocr_par' dir='ltr' id='par_1_89' title="bbox 2269 3376 3872 3450">
     <span class='ocr_line' id='line_1_94' title="bbox 2269 3376 3872 3450; baseline -0.004 -12"><span class='ocrx_word' id='word_1_371' title='bbox 2269 3387 2451 3439; x_wconf 89' lang='lat' dir='ltr'><strong>tatem</strong></span> <span class='ocrx_word' id='word_1_372' title='bbox 2464 3398 2494 3438; x_wconf 93' lang='lat' dir='ltr'><strong>e</strong></span> <span class='ocrx_word' id='word_1_373' title='bbox 2508 3382 2792 3438; x_wconf 82' lang='lat' dir='ltr'><strong>creaturis</strong></span> <span class='ocrx_word' id='word_1_374' title='bbox 2808 3381 3229 3450; x_wconf 85' lang='lat' dir='ltr'><strong>intelligamus.</strong></span> <span class='ocrx_word' id='word_1_375' title='bbox 3247 3378 3696 3437; x_wconf 90' lang='lat' dir='ltr'><strong>Celeberrimum</strong></span> <span class='ocrx_word' id='word_1_376' title='bbox 3719 3376 3872 3432; x_wconf 88' lang='lat' dir='ltr'><strong>inter</strong></span> 
     </span>
    </p>
   </div>
   <div class='ocr_carea' id='block_1_90' title="bbox 2271 3465 3876 3542">
    <p class='ocr_par' dir='ltr' id='par_1_90' title="bbox 2271 3465 3876 3542">
     <span class='ocr_line' id='line_1_95' title="bbox 2271 3465 3876 3542; baseline -0.004 -16"><span class='ocrx_word' id='word_1_377' title='bbox 2271 3475 2510 3527; x_wconf 89' lang='lat' dir='ltr'><strong>sanctos</strong></span> <span class='ocrx_word' id='word_1_378' title='bbox 2523 3474 2813 3542; x_wconf 84' lang='lat' dir='ltr'><strong>martyres</strong></span> <span class='ocrx_word' id='word_1_379' title='bbox 2826 3469 3129 3525; x_wconf 77' lang='lat' dir='ltr'><strong>offerimus</strong></span> <span class='ocrx_word' id='word_1_380' title='bbox 3147 3468 3254 3525; x_wconf 87' lang='lat' dir='ltr'><strong>tibi</strong></span> <span class='ocrx_word' id='word_1_381' title='bbox 3268 3472 3569 3541; x_wconf 88' lang='lat' dir='ltr'><strong>tamquam</strong></span> <span class='ocrx_word' id='word_1_382' title='bbox 3581 3465 3876 3522; x_wconf 84' lang='lat' dir='ltr'><strong>mediato-</strong></span> 
     </span>
    </p>
   </div>
   <div class='ocr_carea' id='block_1_91' title="bbox 2269 3556 3798 3631">
    <p class='ocr_par' dir='ltr' id='par_1_91' title="bbox 2269 3556 3798 3631">
     <span class='ocr_line' id='line_1_96' title="bbox 2269 3556 3798 3631; baseline -0.005 -14"><span class='ocrx_word' id='word_1_383' title='bbox 2269 3577 2397 3618; x_wconf 89' lang='lat' dir='ltr'><strong>rem</strong></span> <span class='ocrx_word' id='word_1_384' title='bbox 2429 3560 2766 3631; x_wconf 85' lang='lat' dir='ltr'><strong>Georgium,</strong></span> <span class='ocrx_word' id='word_1_385' title='bbox 2802 3559 3158 3631; x_wconf 89' lang='lat' dir='ltr'><strong>studiorum,</strong></span> <span class='ocrx_word' id='word_1_386' title='bbox 3191 3556 3422 3615; x_wconf 85' lang='lat' dir='ltr'><strong>Arsenii</strong></span> <span class='ocrx_word' id='word_1_387' title='bbox 3454 3560 3798 3630; x_wconf 91' lang='lat' dir='ltr'><strong>patronum.</strong></span> 
     </span>
    </p>
   </div>
   <div class='ocr_carea' id='block_1_92' title="bbox 475 2224 2146 2320">
    <p class='ocr_par' dir='ltr' id='par_1_92' title="bbox 475 2224 2146 2320">
     <span class='ocr_line' id='line_1_97' title="bbox 475 2224 2146 2320; baseline -0.018 -6"><span class='ocrx_word' id='word_1_388' title='bbox 475 2224 842 2314; x_wconf 62' lang='lat' dir='ltr'><strong>creatlonem</strong></span> <span class='ocrx_word' id='word_1_389' title='bbox 887 2245 1103 2320; x_wconf 77' lang='lat' dir='ltr'><strong>quaerit</strong></span> <span class='ocrx_word' id='word_1_390' title='bbox 1149 2243 1280 2314; x_wconf 90' lang='lat' dir='ltr'><strong>jam</strong></span> <span class='ocrx_word' id='word_1_391' title='bbox 1316 2236 1582 2296; x_wconf 91' lang='lat' dir='ltr'><strong>hirundo</strong></span> <span class='ocrx_word' id='word_1_392' title='bbox 1637 2239 1846 2290; x_wconf 88' lang='lat' dir='ltr'><strong>contra</strong></span> <span class='ocrx_word' id='word_1_393' title='bbox 1897 2235 2146 2288; x_wconf 88' lang='lat' dir='ltr'><strong>Tereum</strong></span> 
     </span>
    </p>
   </div>
   <div class='ocr_carea' id='block_1_93' title="bbox 475 2320 2144 2416">
    <p class='ocr_par' dir='ltr' id='par_1_93' title="bbox 475 2320 2144 2416">
     <span class='ocr_line' id='line_1_98' title="bbox 475 2320 2144 2416; baseline -0.017 -13"><span class='ocrx_word' id='word_1_394' title='bbox 475 2346 886 2416; x_wconf 85' lang='lat' dir='ltr'><strong>corruptorem</strong></span> <span class='ocrx_word' id='word_1_395' title='bbox 917 2334 1203 2407; x_wconf 88' lang='lat' dir='ltr'><strong>queritur,</strong></span> <span class='ocrx_word' id='word_1_396' title='bbox 1238 2345 1406 2386; x_wconf 88' lang='lat' dir='ltr'><strong>soror</strong></span> <span class='ocrx_word' id='word_1_397' title='bbox 1456 2331 1660 2383; x_wconf 89' lang='lat' dir='ltr'><strong>autem</strong></span> <span class='ocrx_word' id='word_1_398' title='bbox 1709 2324 1862 2396; x_wconf 85' lang='lat' dir='ltr'><strong>Itym</strong></span> <span class='ocrx_word' id='word_1_399' title='bbox 1902 2320 2144 2416; x_wconf 78' lang='lat' dir='ltr'><strong>sollicite</strong></span> 
     </span>
    </p>
   </div>
   <div class='ocr_carea' id='block_1_94' title="bbox 475 2409 2143 2507">
    <p class='ocr_par' dir='ltr' id='par_1_94' title="bbox 475 2409 2143 2507">
     <span class='ocr_line' id='line_1_99' title="bbox 475 2409 2143 2507; baseline -0.016 -18"><span class='ocrx_word' id='word_1_400' title='bbox 475 2409 708 2507; x_wconf 68' lang='lat' dir='ltr'><strong>quaerit.</strong></span> <span class='ocrx_word' id='word_1_401' title='bbox 740 2427 904 2483; x_wconf 87' lang='lat' dir='ltr'><strong>Echo</strong></span> <span class='ocrx_word' id='word_1_402' title='bbox 930 2425 1172 2480; x_wconf 90' lang='lat' dir='ltr'><strong>amatur</strong></span> <span class='ocrx_word' id='word_1_403' title='bbox 1199 2435 1237 2476; x_wconf 94' lang='lat' dir='ltr'><strong>a</strong></span> <span class='ocrx_word' id='word_1_404' title='bbox 1265 2420 1444 2483; x_wconf 89' lang='lat' dir='ltr'><strong>Pane,</strong></span> <span class='ocrx_word' id='word_1_405' title='bbox 1493 2414 1739 2507; x_wconf 73' lang='lat' dir='ltr'><strong>Galatea</strong></span> <span class='ocrx_word' id='word_1_406' title='bbox 1784 2427 1822 2468; x_wconf 93' lang='lat' dir='ltr'><strong>a</strong></span> <span class='ocrx_word' id='word_1_407' title='bbox 1865 2409 2143 2507; x_wconf 79' lang='lat' dir='ltr'><strong>Cyclope,</strong></span> 
     </span>
    </p>
   </div>
   <div class='ocr_carea' id='block_1_95' title="bbox 475 2500 2143 2578">
    <p class='ocr_par' dir='ltr' id='par_1_95' title="bbox 475 2500 2143 2578">
     <span class='ocr_line' id='line_1_100' title="bbox 475 2500 2143 2578; baseline -0.016 0"><span class='ocrx_word' id='word_1_408' title='bbox 475 2500 674 2578; x_wconf 54' lang='lat' dir='ltr'><strong>lienus</strong></span> <span class='ocrx_word' id='word_1_409' title='bbox 723 2516 802 2574; x_wconf 90' lang='lat' dir='ltr'><strong>ab</strong></span> <span class='ocrx_word' id='word_1_410' title='bbox 858 2511 1151 2571; x_wconf 83' lang='lat' dir='ltr'><strong>Adonide.</strong></span> <span class='ocrx_word' id='word_1_411' title='bbox 1202 2507 1440 2570; x_wconf 82' lang='lat' dir='ltr'><strong>Adeste,</strong></span> <span class='ocrx_word' id='word_1_412' title='bbox 1481 2506 1733 2577; x_wconf 84' lang='lat' dir='ltr'><strong>juvenes</strong></span> <span class='ocrx_word' id='word_1_413' title='bbox 1796 2500 2143 2573; x_wconf 87' lang='lat' dir='ltr'><strong>prudentes.</strong></span> 
     </span>
    </p>
   </div>
   <div class='ocr_carea' id='block_1_96' title="bbox 474 2595 2150 2677">
    <p class='ocr_par' dir='ltr' id='par_1_96' title="bbox 474 2595 2150 2677">
     <span class='ocr_line' id='line_1_101' title="bbox 474 2595 2150 2677; baseline -0.016 -10"><span class='ocrx_word' id='word_1_414' title='bbox 474 2609 638 2668; x_wconf 78' lang='lat' dir='ltr'><strong>Veris</strong></span> <span class='ocrx_word' id='word_1_415' title='bbox 665 2611 903 2677; x_wconf 90' lang='lat' dir='ltr'><strong>tempus</strong></span> <span class='ocrx_word' id='word_1_416' title='bbox 930 2599 1193 2666; x_wconf 90' lang='lat' dir='ltr'><strong>advenit,</strong></span> <span class='ocrx_word' id='word_1_417' title='bbox 1219 2595 1508 2669; x_wconf 69' lang='lat' dir='ltr'><strong>Fjubilate,</strong></span> <span class='ocrx_word' id='word_1_418' title='bbox 1542 2595 1740 2650; x_wconf 88' lang='lat' dir='ltr'><strong>Coetus</strong></span> <span class='ocrx_word' id='word_1_419' title='bbox 1775 2604 1995 2659; x_wconf 86' lang='lat' dir='ltr'><strong>gruum</strong></span> <span class='ocrx_word' id='word_1_420' title='bbox 2047 2603 2150 2643; x_wconf 91' lang='lat' dir='ltr'><strong>vo-</strong></span> 
     </span>
    </p>
   </div>
   <div class='ocr_carea' id='block_1_97' title="bbox 481 2680 2149 2757">
    <p class='ocr_par' dir='ltr' id='par_1_97' title="bbox 481 2680 2149 2757">
     <span class='ocr_line' id='line_1_102' title="bbox 481 2680 2149 2757; baseline -0.016 -1"><span class='ocrx_word' id='word_1_421' title='bbox 481 2714 614 2757; x_wconf 91' lang='lat' dir='ltr'><strong>cem</strong></span> <span class='ocrx_word' id='word_1_422' title='bbox 665 2694 877 2752; x_wconf 85' lang='lat' dir='ltr'><strong>emittit</strong></span> <span class='ocrx_word' id='word_1_423' title='bbox 913 2694 1178 2756; x_wconf 88' lang='lat' dir='ltr'><strong>acutam,</strong></span> <span class='ocrx_word' id='word_1_424' title='bbox 1227 2685 1402 2743; x_wconf 90' lang='lat' dir='ltr'><strong>dulce</strong></span> <span class='ocrx_word' id='word_1_425' title='bbox 1445 2682 1607 2739; x_wconf 87' lang='lat' dir='ltr'><strong>canit</strong></span> <span class='ocrx_word' id='word_1_426' title='bbox 1655 2680 1835 2736; x_wconf 89' lang='lat' dir='ltr'><strong>etiam</strong></span> <span class='ocrx_word' id='word_1_427' title='bbox 1893 2691 2149 2749; x_wconf 84' lang='lat' dir='ltr'><strong>cygnus,</strong></span> 
     </span>
    </p>
   </div>
   <div class='ocr_carea' id='block_1_98' title="bbox 481 2762 2151 2850">
    <p class='ocr_par' dir='ltr' id='par_1_98' title="bbox 481 2762 2151 2850">
     <span class='ocr_line' id='line_1_103' title="bbox 481 2762 2151 2850; baseline -0.017 -5"><span class='ocrx_word' id='word_1_428' title='bbox 481 2787 646 2846; x_wconf 88' lang='lat' dir='ltr'><strong>alam</strong></span> <span class='ocrx_word' id='word_1_429' title='bbox 673 2797 877 2840; x_wconf 90' lang='lat' dir='ltr'><strong>versus</strong></span> <span class='ocrx_word' id='word_1_430' title='bbox 911 2777 1250 2850; x_wconf 86' lang='lat' dir='ltr'><strong>Zephyrum</strong></span> <span class='ocrx_word' id='word_1_431' title='bbox 1275 2771 1597 2844; x_wconf 89' lang='lat' dir='ltr'><strong>replicans.</strong></span> <span class='ocrx_word' id='word_1_432' title='bbox 1622 2765 1902 2826; x_wconf 87' lang='lat' dir='ltr'><strong>Cucullus</strong></span> <span class='ocrx_word' id='word_1_433' title='bbox 1933 2762 2151 2818; x_wconf 89' lang='lat' dir='ltr'><strong>vocife-</strong></span> 
     </span>
    </p>
   </div>
   <div class='ocr_carea' id='block_1_99' title="bbox 483 2852 2150 2934">
    <p class='ocr_par' dir='ltr' id='par_1_99' title="bbox 483 2852 2150 2934">
     <span class='ocr_line' id='line_1_104' title="bbox 483 2852 2150 2934; baseline -0.016 0"><span class='ocrx_word' id='word_1_434' title='bbox 483 2879 651 2934; x_wconf 91' lang='lat' dir='ltr'><strong>ratur</strong></span> <span class='ocrx_word' id='word_1_435' title='bbox 673 2873 736 2930; x_wconf 91' lang='lat' dir='ltr'><strong>in</strong></span> <span class='ocrx_word' id='word_1_436' title='bbox 764 2869 969 2928; x_wconf 88' lang='lat' dir='ltr'><strong>arduis</strong></span> <span class='ocrx_word' id='word_1_437' title='bbox 1000 2863 1309 2923; x_wconf 90' lang='lat' dir='ltr'><strong>montibus</strong></span> <span class='ocrx_word' id='word_1_438' title='bbox 1359 2879 1373 2929; x_wconf 85' lang='lat'><strong>;</strong></span> <span class='ocrx_word' id='word_1_439' title='bbox 1416 2857 1677 2916; x_wconf 88' lang='lat' dir='ltr'><strong>suaviter</strong></span> <span class='ocrx_word' id='word_1_440' title='bbox 1725 2857 1929 2911; x_wconf 90' lang='lat' dir='ltr'><strong>cantat</strong></span> <span class='ocrx_word' id='word_1_441' title='bbox 1971 2852 2150 2908; x_wconf 89' lang='lat' dir='ltr'><strong>etiam</strong></span> 
     </span>
    </p>
   </div>
   <div class='ocr_carea' id='block_1_100' title="bbox 488 2944 2154 3035">
    <p class='ocr_par' dir='ltr' id='par_1_100' title="bbox 488 2944 2154 3035">
     <span class='ocr_line' id='line_1_105' title="bbox 488 2944 2154 3035; baseline -0.016 -12"><span class='ocrx_word' id='word_1_442' title='bbox 488 2965 645 3035; x_wconf 86' lang='lat' dir='ltr'><strong>cilia,</strong></span> <span class='ocrx_word' id='word_1_443' title='bbox 667 2962 793 3020; x_wconf 87' lang='lat' dir='ltr'><strong>avis</strong></span> <span class='ocrx_word' id='word_1_444' title='bbox 824 2960 926 3016; x_wconf 88' lang='lat' dir='ltr'><strong>illa</strong></span> <span class='ocrx_word' id='word_1_445' title='bbox 946 2955 1222 3014; x_wconf 90' lang='lat' dir='ltr'><strong>imitandi</strong></span> <span class='ocrx_word' id='word_1_446' title='bbox 1243 2951 1528 3009; x_wconf 88' lang='lat' dir='ltr'><strong>facultate</strong></span> <span class='ocrx_word' id='word_1_447' title='bbox 1551 2945 1902 3035; x_wconf 90' lang='lat' dir='ltr'><strong>conspicua.</strong></span> <span class='ocrx_word' id='word_1_448' title='bbox 1934 2944 2154 2998; x_wconf 89' lang='lat' dir='ltr'><strong>Omnes</strong></span> 
     </span>
    </p>
   </div>
   <div class='ocr_carea' id='block_1_101' title="bbox 489 3034 2157 3125">
    <p class='ocr_par' dir='ltr' id='par_1_101' title="bbox 489 3034 2157 3125">
     <span class='ocr_line' id='line_1_106' title="bbox 489 3034 2157 3125; baseline -0.016 -13"><span class='ocrx_word' id='word_1_449' title='bbox 489 3034 635 3114; x_wconf 88' lang='lat' dir='ltr'><strong>aves</strong></span> <span class='ocrx_word' id='word_1_450' title='bbox 665 3067 802 3125; x_wconf 80' lang='lat' dir='ltr'><strong>quae</strong></span> <span class='ocrx_word' id='word_1_451' title='bbox 832 3047 1054 3122; x_wconf 90' lang='lat' dir='ltr'><strong>plantis</strong></span> <span class='ocrx_word' id='word_1_452' title='bbox 1084 3044 1380 3115; x_wconf 89' lang='lat' dir='ltr'><strong>olivisque</strong></span> <span class='ocrx_word' id='word_1_453' title='bbox 1426 3038 1788 3102; x_wconf 90' lang='lat' dir='ltr'><strong>nutriuntur,</strong></span> <span class='ocrx_word' id='word_1_454' title='bbox 1817 3034 1946 3106; x_wconf 89' lang='lat' dir='ltr'><strong>jam</strong></span> <span class='ocrx_word' id='word_1_455' title='bbox 1975 3035 2157 3125; x_wconf 74' lang='lat' dir='ltr'><strong>cantu</strong></span> 
     </span>
    </p>
   </div>
   <div class='ocr_carea' id='block_1_102' title="bbox 487 3119 2154 3210">
    <p class='ocr_par' dir='ltr' id='par_1_102' title="bbox 487 3119 2154 3210">
     <span class='ocr_line' id='line_1_107' title="bbox 487 3119 2154 3210; baseline -0.017 -8"><span class='ocrx_word' id='word_1_456' title='bbox 487 3119 967 3210; x_wconf 54' lang='lat' dir='ltr'><strong>valles—replent.</strong></span> <span class='ocrx_word' id='word_1_457' title='bbox 1017 3133 1254 3201; x_wconf 85' lang='lat' dir='ltr'><strong>Adeste,</strong></span> <span class='ocrx_word' id='word_1_458' title='bbox 1298 3130 1553 3199; x_wconf 90' lang='lat' dir='ltr'><strong>juvenes</strong></span> <span class='ocrx_word' id='word_1_459' title='bbox 1603 3123 1950 3197; x_wconf 89' lang='lat' dir='ltr'><strong>prudentes.</strong></span> <span class='ocrx_word' id='word_1_460' title='bbox 1992 3119 2154 3176; x_wconf 82' lang='lat' dir='ltr'><strong>Veris</strong></span> 
     </span>
    </p>
   </div>
   <div class='ocr_carea' id='block_1_103' title="bbox 488 3211 2158 3302">
    <p class='ocr_par' dir='ltr' id='par_1_103' title="bbox 488 3211 2158 3302">
     <span class='ocr_line' id='line_1_108' title="bbox 488 3211 2158 3302; baseline -0.017 -13"><span class='ocrx_word' id='word_1_461' title='bbox 488 3238 732 3302; x_wconf 89' lang='lat' dir='ltr'><strong>tempus</strong></span> <span class='ocrx_word' id='word_1_462' title='bbox 763 3224 1023 3290; x_wconf 88' lang='lat' dir='ltr'><strong>advenit,</strong></span> <span class='ocrx_word' id='word_1_463' title='bbox 1046 3220 1320 3294; x_wconf 89' lang='lat' dir='ltr'><strong>jubilate.</strong></span> <span class='ocrx_word' id='word_1_464' title='bbox 1347 3220 1479 3273; x_wconf 87' lang='lat' dir='ltr'><strong>Jam</strong></span> <span class='ocrx_word' id='word_1_465' title='bbox 1510 3214 1730 3270; x_wconf 90' lang='lat' dir='ltr'><strong>ﬂuctus</strong></span> <span class='ocrx_word' id='word_1_466' title='bbox 1759 3211 1945 3267; x_wconf 90' lang='lat' dir='ltr'><strong>maris</strong></span> <span class='ocrx_word' id='word_1_467' title='bbox 1985 3211 2158 3302; x_wconf 81' lang='lat' dir='ltr'><strong>motu</strong></span> 
     </span>
    </p>
   </div>
   <div class='ocr_carea' id='block_1_104' title="bbox 492 3297 2158 3394">
    <p class='ocr_par' dir='ltr' id='par_1_104' title="bbox 492 3297 2158 3394">
     <span class='ocr_line' id='line_1_109' title="bbox 492 3297 2158 3394; baseline -0.016 -17"><span class='ocrx_word' id='word_1_468' title='bbox 492 3297 908 3394; x_wconf 76' lang='lat' dir='ltr'><strong>placidissimo</strong></span> <span class='ocrx_word' id='word_1_469' title='bbox 930 3313 1222 3373; x_wconf 88' lang='lat' dir='ltr'><strong>feruntur,</strong></span> <span class='ocrx_word' id='word_1_470' title='bbox 1250 3323 1390 3363; x_wconf 93' lang='lat' dir='ltr'><strong>cum</strong></span> <span class='ocrx_word' id='word_1_471' title='bbox 1420 3319 1614 3376; x_wconf 90' lang='lat' dir='ltr'><strong>nuper</strong></span> <span class='ocrx_word' id='word_1_472' title='bbox 1633 3301 1833 3359; x_wconf 90' lang='lat' dir='ltr'><strong>adhuc</strong></span> <span class='ocrx_word' id='word_1_473' title='bbox 1850 3297 2158 3394; x_wconf 79' lang='lat' dir='ltr'><strong>montibus</strong></span> 
     </span>
    </p>
   </div>
   <div class='ocr_carea' id='block_1_105' title="bbox 496 3386 2158 3474">
    <p class='ocr_par' dir='ltr' id='par_1_105' title="bbox 496 3386 2158 3474">
     <span class='ocr_line' id='line_1_110' title="bbox 496 3386 2158 3474; baseline -0.016 -8"><span class='ocrx_word' id='word_1_474' title='bbox 496 3386 804 3466; x_wconf 75' lang='lat' dir='ltr'><strong>altissimis</strong></span> <span class='ocrx_word' id='word_1_475' title='bbox 835 3401 1314 3474; x_wconf 61' lang='lat' dir='ltr'><strong>exaequarentur,</strong></span> <span class='ocrx_word' id='word_1_476' title='bbox 1341 3398 1399 3451; x_wconf 91' lang='lat' dir='ltr'><strong>et</strong></span> <span class='ocrx_word' id='word_1_477' title='bbox 1422 3393 1528 3466; x_wconf 89' lang='lat' dir='ltr'><strong>qui</strong></span> <span class='ocrx_word' id='word_1_478' title='bbox 1559 3406 1728 3448; x_wconf 91' lang='lat' dir='ltr'><strong>mare</strong></span> <span class='ocrx_word' id='word_1_479' title='bbox 1779 3386 2158 3474; x_wconf 86' lang='lat' dir='ltr'><strong>transfretare</strong></span> 
     </span>
    </p>
   </div>
   <div class='ocr_carea' id='block_1_106' title="bbox 493 3473 2158 3562">
    <p class='ocr_par' dir='ltr' id='par_1_106' title="bbox 493 3473 2158 3562">
     <span class='ocr_line' id='line_1_111' title="bbox 493 3473 2158 3562; baseline -0.016 -7"><span class='ocrx_word' id='word_1_480' title='bbox 493 3500 765 3562; x_wconf 89' lang='lat' dir='ltr'><strong>conatur,</strong></span> <span class='ocrx_word' id='word_1_481' title='bbox 819 3473 991 3548; x_wconf 85' lang='lat' dir='ltr'><strong>velis</strong></span> <span class='ocrx_word' id='word_1_482' title='bbox 1021 3485 1306 3561; x_wconf 81' lang='lat' dir='ltr'><strong>expansis</strong></span> <span class='ocrx_word' id='word_1_483' title='bbox 1349 3497 1513 3539; x_wconf 94' lang='lat' dir='ltr'><strong>nunc</strong></span> <span class='ocrx_word' id='word_1_484' title='bbox 1558 3481 1737 3550; x_wconf 90' lang='lat' dir='ltr'><strong>longe</strong></span> <span class='ocrx_word' id='word_1_485' title='bbox 1785 3475 2036 3532; x_wconf 89' lang='lat' dir='ltr'><strong>discedit</strong></span> <span class='ocrx_word' id='word_1_486' title='bbox 2079 3473 2158 3530; x_wconf 89' lang='lat' dir='ltr'><strong>ad</strong></span> 
     </span>
    </p>
   </div>
   <div class='ocr_carea' id='block_1_107' title="bbox 491 3563 2158 3646">
    <p class='ocr_par' dir='ltr' id='par_1_107' title="bbox 491 3563 2158 3646">
     <span class='ocr_line' id='line_1_112' title="bbox 491 3563 2158 3646; baseline -0.017 -1"><span class='ocrx_word' id='word_1_487' title='bbox 491 3587 729 3645; x_wconf 90' lang='lat' dir='ltr'><strong>lucrum</strong></span> <span class='ocrx_word' id='word_1_488' title='bbox 757 3578 1103 3640; x_wconf 90' lang='lat' dir='ltr'><strong>faciendum</strong></span> <span class='ocrx_word' id='word_1_489' title='bbox 1131 3595 1144 3646; x_wconf 91' lang='lat'><strong>;</strong></span> <span class='ocrx_word' id='word_1_490' title='bbox 1192 3571 1618 3646; x_wconf 89' lang='lat' dir='ltr'><strong>delphinorum</strong></span> <span class='ocrx_word' id='word_1_491' title='bbox 1648 3581 1892 3640; x_wconf 89' lang='lat' dir='ltr'><strong>quoque</strong></span> <span class='ocrx_word' id='word_1_492' title='bbox 1924 3569 1982 3620; x_wconf 92' lang='lat' dir='ltr'><strong>et</strong></span> <span class='ocrx_word' id='word_1_493' title='bbox 2006 3563 2158 3637; x_wconf 89' lang='lat' dir='ltr'><strong>pho-</strong></span> 
     </span>
    </p>
   </div>
   <div class='ocr_carea' id='block_1_108' title="bbox 495 3651 2160 3734">
    <p class='ocr_par' dir='ltr' id='par_1_108' title="bbox 495 3651 2160 3734">
     <span class='ocr_line' id='line_1_113' title="bbox 495 3651 2160 3734; baseline -0.017 0"><span class='ocrx_word' id='word_1_494' title='bbox 495 3689 707 3734; x_wconf 89' lang='lat' dir='ltr'><strong>carum</strong></span> <span class='ocrx_word' id='word_1_495' title='bbox 731 3674 919 3730; x_wconf 88' lang='lat' dir='ltr'><strong>coetus</strong></span> <span class='ocrx_word' id='word_1_496' title='bbox 958 3681 1202 3724; x_wconf 88' lang='lat' dir='ltr'><strong>sursum</strong></span> <span class='ocrx_word' id='word_1_497' title='bbox 1236 3660 1688 3732; x_wconf 84' lang='lat' dir='ltr'><strong>emergit.Nunc</strong></span> <span class='ocrx_word' id='word_1_498' title='bbox 1717 3671 1956 3712; x_wconf 78' lang='lat' dir='ltr'><strong>rosae—</strong></span> <span class='ocrx_word' id='word_1_499' title='bbox 1985 3651 2160 3709; x_wconf 86' lang='lat' dir='ltr'><strong>dulce</strong></span> 
     </span>
    </p>
   </div>
   <div class='ocr_carea' id='block_1_109' title="bbox 505 3833 3443 3876">
    <p class='ocr_par' dir='ltr' id='par_1_109' title="bbox 505 3833 3443 3876">
     <span class='ocr_line' id='line_1_114' title="bbox 505 3833 3443 3876; baseline -0.005 -17"><span class='ocrx_word' id='word_1_500' title='bbox 505 3833 3443 3876; x_wconf 84' lang='lat'><strong>____________________________________</strong></span> 
     </span>
    </p>
   </div>
   <div class='ocr_carea' id='block_1_110' title="bbox 1385 3976 3016 4101">
    <p class='ocr_par' dir='ltr' id='par_1_110' title="bbox 1385 3976 3016 4101">
     <span class='ocr_line' id='line_1_115' title="bbox 1385 3976 3016 4101; baseline -0.01 1"><span class='ocrx_word' id='word_1_501' title='bbox 1385 3986 1870 4101; x_wconf 83' lang='lat' dir='ltr'><strong>ARSEN</strong></span> <span class='ocrx_word' id='word_1_502' title='bbox 1876 3985 1978 4093; x_wconf 95' lang='lat' dir='ltr'>II</span> <span class='ocrx_word' id='word_1_503' title='bbox 2035 3976 3016 4093; x_wconf 63' lang='lat' dir='ltr'><strong>PATRIARCHfE</strong></span> 
     </span>
    </p>
   </div>
   <div class='ocr_carea' id='block_1_111' title="bbox 811 4205 3620 4300">
    <p class='ocr_par' dir='ltr' id='par_1_111' title="bbox 811 4205 3620 4300">
     <span class='ocr_line' id='line_1_116' title="bbox 811 4205 3620 4300; baseline -0.012 0"><span class='ocrx_word' id='word_1_504' title='bbox 811 4221 1425 4300; x_wconf 88' lang='lat' dir='ltr'><strong>PRIVILEGIUM</strong></span> <span class='ocrx_word' id='word_1_505' title='bbox 1469 4220 1646 4289; x_wconf 87' lang='lat' dir='ltr'><strong>PRO</strong></span> <span class='ocrx_word' id='word_1_506' title='bbox 1691 4211 2275 4283; x_wconf 89' lang='lat' dir='ltr'><strong>MONASTERIO</strong></span> <span class='ocrx_word' id='word_1_507' title='bbox 2320 4211 2432 4276; x_wconf 92' lang='lat' dir='ltr'><strong>SS.</strong></span> <span class='ocrx_word' id='word_1_508' title='bbox 2480 4209 2909 4274; x_wconf 62' lang='lat' dir='ltr'><strong>DEIPARIE</strong></span> <span class='ocrx_word' id='word_1_509' title='bbox 2955 4205 3620 4275; x_wconf 87' lang='lat' dir='ltr'><strong>MACRINITISSO.</strong></span> 
     </span>
    </p>
   </div>
   <div class='ocr_carea' id='block_1_112' title="bbox 898 4394 2811 4476">
    <p class='ocr_par' dir='ltr' id='par_1_112' title="bbox 898 4394 2811 4476">
     <span class='ocr_line' id='line_1_117' title="bbox 898 4394 2811 4476; baseline -0.011 -7"><span class='ocrx_word' id='word_1_510' title='bbox 898 4442 926 4456; x_wconf 76' lang='lat'><strong><em>~</em></strong></span> <span class='ocrx_word' id='word_1_511' title='bbox 1581 4401 1806 4476; x_wconf 89' lang='lat' dir='ltr'><strong>(Pasini</strong></span> <span class='ocrx_word' id='word_1_512' title='bbox 1831 4398 2069 4456; x_wconf 89' lang='lat' dir='ltr'><strong>codices</strong></span> <span class='ocrx_word' id='word_1_513' title='bbox 2109 4396 2524 4465; x_wconf 88' lang='lat' dir='ltr'><strong>Taurinenses,</strong></span> <span class='ocrx_word' id='word_1_514' title='bbox 2555 4398 2700 4452; x_wconf 89' lang='lat' dir='ltr'><strong>tom.</strong></span> <span class='ocrx_word' id='word_1_515' title='bbox 2741 4394 2811 4464; x_wconf 93' lang='grc' dir='ltr'><strong>Ι.)</strong></span> 
     </span>
    </p>
   </div>
   <div class='ocr_carea' id='block_1_113' title="bbox 650 4659 2186 4766">
    <p class='ocr_par' dir='ltr' id='par_1_113' title="bbox 650 4667 2017 4766">
     <span class='ocr_line' id='line_1_118' title="bbox 650 4667 2017 4766; baseline -0.023 -13"><span class='ocrx_word' id='word_1_516' title='bbox 650 4687 1072 4766; x_wconf 81' lang='lat' dir='ltr'><strong>Hypomnema</strong></span> <span class='ocrx_word' id='word_1_517' title='bbox 1106 4672 1479 4756; x_wconf 77' lang='lat' dir='ltr'><strong>patriarchae</strong></span> <span class='ocrx_word' id='word_1_518' title='bbox 1516 4671 1723 4731; x_wconf 82' lang='lat' dir='ltr'><strong>domui</strong></span> <span class='ocrx_word' id='word_1_519' title='bbox 1754 4667 2017 4726; x_wconf 79' lang='lat' dir='ltr'><strong>Arsem&#39;i.</strong></span> 
     </span>
    </p>
   </div>
   <div class='ocr_carea' id='block_1_114' title="bbox 2264 4659 3757 4766">
    <p class='ocr_par' dir='ltr' id='par_1_114' title="bbox 2399 4659 3757 4737">
     <span class='ocr_line' id='line_1_119' title="bbox 2399 4659 3757 4737; baseline -0.002 -20"><span class='ocrx_word' id='word_1_520' title='bbox 2399 4660 2705 4737; x_wconf 76' lang='grc' dir='ltr'><strong>Ὑπομνημα</strong></span> <span class='ocrx_word' id='word_1_521' title='bbox 2727 4669 2820 4716; x_wconf 82' lang='grc' dir='ltr'><strong>τοῦ</strong></span> <span class='ocrx_word' id='word_1_522' title='bbox 2869 4663 3206 4737; x_wconf 81' lang='grc' dir='ltr'><strong>πατριάρχου</strong></span> <span class='ocrx_word' id='word_1_523' title='bbox 3250 4669 3411 4736; x_wconf 83' lang='grc' dir='ltr'><strong>κυροῦ</strong></span> <span class='ocrx_word' id='word_1_524' title='bbox 3459 4659 3757 4737; x_wconf 78' lang='grc' dir='ltr'><strong>Ἀρσενίου.</strong></span> 
     </span>
    </p>
   </div>
   <div class='ocr_carea' id='block_1_115' title="bbox 584 4785 2161 4868">
    <p class='ocr_par' dir='ltr' id='par_1_115' title="bbox 584 4785 2161 4868">
     <span class='ocr_line' id='line_1_120' title="bbox 584 4785 2161 4868; baseline -0.021 1"><span class='ocrx_word' id='word_1_525' title='bbox 584 4812 903 4868; x_wconf 87' lang='lat' dir='ltr'><strong>Summum</strong></span> <span class='ocrx_word' id='word_1_526' title='bbox 940 4803 1174 4862; x_wconf 88' lang='lat' dir='ltr'><strong>malum</strong></span> <span class='ocrx_word' id='word_1_527' title='bbox 1187 4801 1278 4854; x_wconf 91' lang='lat' dir='ltr'><strong>est</strong></span> <span class='ocrx_word' id='word_1_528' title='bbox 1298 4788 1684 4863; x_wconf 84' lang='lat' dir='ltr'><strong>negligentia,</strong></span> <span class='ocrx_word' id='word_1_529' title='bbox 1709 4785 2161 4855; x_wconf 89' lang='lat' dir='ltr'><strong>multorumque</strong></span> 
     </span>
    </p>
   </div>
   <div class='ocr_carea' id='block_1_116' title="bbox 510 4872 2162 4961">
    <p class='ocr_par' dir='ltr' id='par_1_116' title="bbox 510 4872 2162 4961">
     <span class='ocr_line' id='line_1_121' title="bbox 510 4872 2162 4961; baseline -0.021 -1"><span class='ocrx_word' id='word_1_530' title='bbox 510 4915 697 4958; x_wconf 87' lang='lat' dir='ltr'><strong>causa</strong></span> <span class='ocrx_word' id='word_1_531' title='bbox 715 4898 1038 4961; x_wconf 89' lang='lat' dir='ltr'><strong>malorum,</strong></span> <span class='ocrx_word' id='word_1_532' title='bbox 1057 4889 1164 4946; x_wconf 89' lang='lat' dir='ltr'><strong>sed</strong></span> <span class='ocrx_word' id='word_1_533' title='bbox 1179 4884 1385 4958; x_wconf 86' lang='lat' dir='ltr'><strong>qualia</strong></span> <span class='ocrx_word' id='word_1_534' title='bbox 1408 4877 1621 4936; x_wconf 86' lang='lat' dir='ltr'><strong>exinde</strong></span> <span class='ocrx_word' id='word_1_535' title='bbox 1637 4874 2014 4950; x_wconf 86' lang='lat' dir='ltr'><strong>proveniant,</strong></span> <span class='ocrx_word' id='word_1_536' title='bbox 2037 4872 2162 4928; x_wconf 92' lang='lat' dir='ltr'><strong>for-</strong></span> 
     </span>
    </p>
   </div>
   <div class='ocr_carea' id='block_1_117' title="bbox 508 4964 2161 5047">
    <p class='ocr_par' dir='ltr' id='par_1_117' title="bbox 508 4964 2161 5047">
     <span class='ocr_line' id='line_1_122' title="bbox 508 4964 2161 5047; baseline -0.021 2"><span class='ocrx_word' id='word_1_537' title='bbox 508 4990 669 5047; x_wconf 84' lang='lat' dir='ltr'><strong>tibus</strong></span> <span class='ocrx_word' id='word_1_538' title='bbox 686 4989 825 5046; x_wconf 88' lang='lat' dir='ltr'><strong>viris</strong></span> <span class='ocrx_word' id='word_1_539' title='bbox 840 4984 988 5041; x_wconf 88' lang='lat' dir='ltr'><strong>satis</strong></span> <span class='ocrx_word' id='word_1_540' title='bbox 1010 4983 1222 5037; x_wconf 90' lang='lat' dir='ltr'><strong>notum</strong></span> <span class='ocrx_word' id='word_1_541' title='bbox 1245 4978 1354 5030; x_wconf 91' lang='lat' dir='ltr'><strong>est:</strong></span> <span class='ocrx_word' id='word_1_542' title='bbox 1373 4975 1429 5026; x_wconf 91' lang='lat' dir='ltr'><strong>et</strong></span> <span class='ocrx_word' id='word_1_543' title='bbox 1449 4984 1658 5026; x_wconf 89' lang='lat' dir='ltr'><strong>revera</strong></span> <span class='ocrx_word' id='word_1_544' title='bbox 1677 4964 1826 5022; x_wconf 88' lang='lat' dir='ltr'><strong>nihil</strong></span> <span class='ocrx_word' id='word_1_545' title='bbox 1845 4977 2161 5034; x_wconf 88' lang='lat' dir='ltr'><strong>nunquam</strong></span> 
     </span>
    </p>
   </div>
   <div class='ocr_carea' id='block_1_118' title="bbox 506 5055 2161 5138">
    <p class='ocr_par' dir='ltr' id='par_1_118' title="bbox 506 5055 2161 5138">
     <span class='ocr_line' id='line_1_123' title="bbox 506 5055 2161 5138; baseline -0.02 0"><span class='ocrx_word' id='word_1_546' title='bbox 506 5079 653 5137; x_wconf 86' lang='lat' dir='ltr'><strong>boni</strong></span> <span class='ocrx_word' id='word_1_547' title='bbox 681 5094 752 5134; x_wconf 84' lang='lat' dir='ltr'><strong>ex</strong></span> <span class='ocrx_word' id='word_1_548' title='bbox 782 5071 1014 5131; x_wconf 89' lang='lat' dir='ltr'><strong>desidia</strong></span> <span class='ocrx_word' id='word_1_549' title='bbox 1039 5072 1219 5138; x_wconf 89' lang='lat' dir='ltr'><strong>atque</strong></span> <span class='ocrx_word' id='word_1_550' title='bbox 1250 5061 1460 5117; x_wconf 90' lang='lat' dir='ltr'><strong>inertia</strong></span> <span class='ocrx_word' id='word_1_551' title='bbox 1489 5055 1793 5130; x_wconf 82' lang='lat' dir='ltr'><strong>proﬂuxit.</strong></span> <span class='ocrx_word' id='word_1_552' title='bbox 1814 5056 1933 5109; x_wconf 86' lang='lat' dir='ltr'><strong>Hoc</strong></span> <span class='ocrx_word' id='word_1_553' title='bbox 1957 5057 2161 5107; x_wconf 88' lang='lat' dir='ltr'><strong>autem</strong></span> 
     </span>
    </p>
   </div>
   <div class='ocr_carea' id='block_1_119' title="bbox 509 5140 2159 5238">
    <p class='ocr_par' dir='ltr' id='par_1_119' title="bbox 509 5140 2159 5238">
     <span class='ocr_line' id='line_1_124' title="bbox 509 5140 2159 5238; baseline -0.021 -12"><span class='ocrx_word' id='word_1_554' title='bbox 509 5174 565 5225; x_wconf 89' lang='lat' dir='ltr'><strong>et</strong></span> <span class='ocrx_word' id='word_1_555' title='bbox 587 5167 890 5238; x_wconf 89' lang='lat' dir='ltr'><strong>sapientes</strong></span> <span class='ocrx_word' id='word_1_556' title='bbox 919 5159 1062 5214; x_wconf 90' lang='lat' dir='ltr'><strong>olim</strong></span> <span class='ocrx_word' id='word_1_557' title='bbox 1096 5151 1256 5209; x_wconf 80' lang='lat' dir='ltr'><strong>eﬂati</strong></span> <span class='ocrx_word' id='word_1_558' title='bbox 1288 5153 1444 5214; x_wconf 90' lang='lat' dir='ltr'><strong>sunt,</strong></span> <span class='ocrx_word' id='word_1_559' title='bbox 1478 5151 1534 5202; x_wconf 92' lang='lat' dir='ltr'><strong>et</strong></span> <span class='ocrx_word' id='word_1_560' title='bbox 1568 5145 1709 5218; x_wconf 71' lang='lat' dir='ltr'><strong>ipsa:</strong></span> <span class='ocrx_word' id='word_1_561' title='bbox 1741 5159 1835 5199; x_wconf 92' lang='lat' dir='ltr'><strong>res</strong></span> <span class='ocrx_word' id='word_1_562' title='bbox 1879 5140 2159 5238; x_wconf 76' lang='lat' dir='ltr'><strong>neglectae</strong></span> 
     </span>
    </p>
   </div>
   <div class='ocr_carea' id='block_1_120' title="bbox 510 5230 2162 5323">
    <p class='ocr_par' dir='ltr' id='par_1_120' title="bbox 510 5230 2162 5323">
     <span class='ocr_line' id='line_1_125' title="bbox 510 5230 2162 5323; baseline -0.019 -9"><span class='ocrx_word' id='word_1_563' title='bbox 510 5230 774 5313; x_wconf 67' lang='lat' dir='ltr'><strong>clamant</strong></span> <span class='ocrx_word' id='word_1_564' title='bbox 793 5239 1305 5323; x_wconf 86' lang='lat' dir='ltr'><strong>perspicue.Quod</strong></span> <span class='ocrx_word' id='word_1_565' title='bbox 1327 5237 1604 5305; x_wconf 90' lang='lat' dir='ltr'><strong>dicimus,</strong></span> <span class='ocrx_word' id='word_1_566' title='bbox 1631 5237 1832 5306; x_wconf 82' lang='lat' dir='ltr'><strong>aperte</strong></span> <span class='ocrx_word' id='word_1_567' title='bbox 1852 5230 2051 5286; x_wconf 90' lang='lat' dir='ltr'><strong>videre</strong></span> <span class='ocrx_word' id='word_1_568' title='bbox 2074 5232 2162 5284; x_wconf 91' lang='lat' dir='ltr'><strong>est</strong></span> 
     </span>
    </p>
   </div>
   <div class='ocr_carea' id='block_1_121' title="bbox 505 5319 2159 5413">
    <p class='ocr_par' dir='ltr' id='par_1_121' title="bbox 505 5319 2159 5413">
     <span class='ocr_line' id='line_1_126' title="bbox 505 5319 2159 5413; baseline -0.019 -12"><span class='ocrx_word' id='word_1_569' title='bbox 505 5345 570 5402; x_wconf 93' lang='lat' dir='ltr'><strong>in</strong></span> <span class='ocrx_word' id='word_1_570' title='bbox 594 5344 664 5399; x_wconf 91' lang='lat' dir='ltr'><strong>iis</strong></span> <span class='ocrx_word' id='word_1_571' title='bbox 693 5319 917 5413; x_wconf 80' lang='lat' dir='ltr'><strong>quibus</strong></span> <span class='ocrx_word' id='word_1_572' title='bbox 949 5332 1150 5390; x_wconf 89' lang='lat' dir='ltr'><strong>debita</strong></span> <span class='ocrx_word' id='word_1_573' title='bbox 1171 5345 1314 5385; x_wconf 90' lang='lat' dir='ltr'><strong>cura</strong></span> <span class='ocrx_word' id='word_1_574' title='bbox 1335 5327 1504 5383; x_wconf 87' lang='lat' dir='ltr'><strong>deest</strong></span> <span class='ocrx_word' id='word_1_575' title='bbox 1529 5343 1546 5395; x_wconf 81' lang='lat'><em>;</em></span> <span class='ocrx_word' id='word_1_576' title='bbox 1578 5322 1725 5378; x_wconf 91' lang='lat' dir='ltr'><strong>nihil</strong></span> <span class='ocrx_word' id='word_1_577' title='bbox 1746 5322 1807 5376; x_wconf 93' lang='lat' dir='ltr'><strong>in</strong></span> <span class='ocrx_word' id='word_1_578' title='bbox 1829 5319 1940 5375; x_wconf 87' lang='lat' dir='ltr'><strong>illis</strong></span> <span class='ocrx_word' id='word_1_579' title='bbox 1963 5333 2159 5389; x_wconf 89' lang='lat' dir='ltr'><strong>neque</strong></span> 
     </span>
    </p>
   </div>
   <div class='ocr_carea' id='block_1_122' title="bbox 508 5408 2159 5505">
    <p class='ocr_par' dir='ltr' id='par_1_122' title="bbox 508 5408 2159 5505">
     <span class='ocr_line' id='line_1_127' title="bbox 508 5408 2159 5505; baseline -0.019 -15"><span class='ocrx_word' id='word_1_580' title='bbox 508 5408 873 5505; x_wconf 75' lang='lat' dir='ltr'><strong>exquisitum</strong></span> <span class='ocrx_word' id='word_1_581' title='bbox 886 5424 965 5481; x_wconf 92' lang='lat' dir='ltr'><strong>ad</strong></span> <span class='ocrx_word' id='word_1_582' title='bbox 977 5417 1507 5479; x_wconf 88' lang='lat' dir='ltr'><strong>considerationem</strong></span> <span class='ocrx_word' id='word_1_583' title='bbox 1520 5456 1531 5480; x_wconf 92' lang='lat'><strong>,</strong></span> <span class='ocrx_word' id='word_1_584' title='bbox 1544 5428 1739 5484; x_wconf 89' lang='lat' dir='ltr'><strong>neque</strong></span> <span class='ocrx_word' id='word_1_585' title='bbox 1752 5411 1964 5505; x_wconf 76' lang='lat' dir='ltr'><strong>circum</strong></span> <span class='ocrx_word' id='word_1_586' title='bbox 1975 5408 2159 5505; x_wconf 80' lang='lat' dir='ltr'><strong>scrip-</strong></span> 
     </span>
    </p>
   </div>
   <div class='ocr_carea' id='block_1_123' title="bbox 505 5497 2158 5590">
    <p class='ocr_par' dir='ltr' id='par_1_123' title="bbox 505 5497 2158 5590">
     <span class='ocr_line' id='line_1_128' title="bbox 505 5497 2158 5590; baseline -0.017 -11"><span class='ocrx_word' id='word_1_587' title='bbox 505 5497 637 5579; x_wconf 78' lang='lat' dir='ltr'><strong>tum</strong></span> <span class='ocrx_word' id='word_1_588' title='bbox 659 5514 1004 5590; x_wconf 89' lang='lat' dir='ltr'><strong>simpliciter</strong></span> <span class='ocrx_word' id='word_1_589' title='bbox 1024 5502 1700 5579; x_wconf 86' lang='lat' dir='ltr'><strong>sensudeprehenditur.</strong></span> <span class='ocrx_word' id='word_1_590' title='bbox 1739 5503 1849 5590; x_wconf 81' lang='lat' dir='ltr'><strong>Res</strong></span> <span class='ocrx_word' id='word_1_591' title='bbox 1881 5497 2058 5590; x_wconf 78' lang='lat' dir='ltr'><strong>igitur</strong></span> <span class='ocrx_word' id='word_1_592' title='bbox 2077 5497 2158 5551; x_wconf 89' lang='lat' dir='ltr'><strong>ita</strong></span> 
     </span>
    </p>
   </div>
   <div class='ocr_carea' id='block_1_124' title="bbox 507 5584 2159 5682">
    <p class='ocr_par' dir='ltr' id='par_1_124' title="bbox 507 5584 2159 5682">
     <span class='ocr_line' id='line_1_129' title="bbox 507 5584 2159 5682; baseline -0.018 -15"><span class='ocrx_word' id='word_1_593' title='bbox 507 5625 572 5670; x_wconf 85' lang='lat' dir='ltr'><strong>se</strong></span> <span class='ocrx_word' id='word_1_594' title='bbox 600 5584 801 5682; x_wconf 65' lang='lat' dir='ltr'><strong>habet,</strong></span> <span class='ocrx_word' id='word_1_595' title='bbox 831 5607 1011 5676; x_wconf 84' lang='lat' dir='ltr'><strong>atque</strong></span> <span class='ocrx_word' id='word_1_596' title='bbox 1039 5597 1235 5674; x_wconf 90' lang='lat' dir='ltr'><strong>operis</strong></span> <span class='ocrx_word' id='word_1_597' title='bbox 1263 5594 1579 5655; x_wconf 86' lang='lat' dir='ltr'><strong>dilatorem</strong></span> <span class='ocrx_word' id='word_1_598' title='bbox 1609 5605 1749 5646; x_wconf 90' lang='lat' dir='ltr'><strong>cum</strong></span> <span class='ocrx_word' id='word_1_599' title='bbox 1778 5584 2018 5646; x_wconf 89' lang='lat' dir='ltr'><strong>damnis</strong></span> <span class='ocrx_word' id='word_1_600' title='bbox 2036 5584 2159 5640; x_wconf 91' lang='lat' dir='ltr'><strong>luc-</strong></span> 
     </span>
    </p>
   </div>
   <div class='ocr_carea' id='block_1_125' title="bbox 2346 4763 3882 4851">
    <p class='ocr_par' dir='ltr' id='par_1_125' title="bbox 2346 4774 3882 4851">
     <span class='ocr_line' id='line_1_130' title="bbox 2346 4774 3882 4851; baseline -0.003 -18"><span class='ocrx_word' id='word_1_601' title='bbox 2346 4783 2514 4832; x_wconf 86' lang='grc' dir='ltr'><strong>Κακὸν</strong></span> <span class='ocrx_word' id='word_1_602' title='bbox 2553 4781 2583 4837; x_wconf 78' lang='grc' dir='ltr'>ἡ</span> <span class='ocrx_word' id='word_1_603' title='bbox 2618 4777 2828 4851; x_wconf 83' lang='grc' dir='ltr'><strong>ἀμέλεια</strong></span> <span class='ocrx_word' id='word_1_604' title='bbox 2874 4781 2964 4830; x_wconf 82' lang='grc' dir='ltr'><strong>καὶ</strong></span> <span class='ocrx_word' id='word_1_605' title='bbox 3002 4775 3200 4830; x_wconf 84' lang='grc' dir='ltr'><strong>πολλῶν</strong></span> <span class='ocrx_word' id='word_1_606' title='bbox 3255 4777 3400 4830; x_wconf 81' lang='grc' dir='ltr'><strong>αἰτία</strong></span> <span class='ocrx_word' id='word_1_607' title='bbox 3488 4785 3688 4834; x_wconf 87' lang='grc' dir='ltr'><strong>κακῶν.</strong></span> <span class='ocrx_word' id='word_1_608' title='bbox 3739 4774 3882 4829; x_wconf 81' lang='grc' dir='ltr'><strong>Ἀλλ’</strong></span> 
     </span>
    </p>
   </div>
   <div class='ocr_carea' id='block_1_126' title="bbox 2272 4864 3877 4940">
    <p class='ocr_par' dir='ltr' id='par_1_126' title="bbox 2272 4864 3877 4940">
     <span class='ocr_line' id='line_1_131' title="bbox 2272 4864 3877 4940; baseline -0.004 -19"><span class='ocrx_word' id='word_1_609' title='bbox 2272 4868 2356 4921; x_wconf 80' lang='grc' dir='ltr'><strong>οἵα</strong></span> <span class='ocrx_word' id='word_1_610' title='bbox 2406 4872 2473 4922; x_wconf 79' lang='grc' dir='ltr'><strong>τὰ</strong></span> <span class='ocrx_word' id='word_1_611' title='bbox 2518 4871 2711 4928; x_wconf 82' lang='grc' dir='ltr'><strong>ταύτης</strong></span> <span class='ocrx_word' id='word_1_612' title='bbox 2764 4866 2996 4940; x_wconf 83' lang='grc' dir='ltr'><strong>ἐκφόρια,</strong></span> <span class='ocrx_word' id='word_1_613' title='bbox 3064 4865 3158 4918; x_wconf 72' lang='grc' dir='ltr'><strong>οὐκ</strong></span> <span class='ocrx_word' id='word_1_614' title='bbox 3225 4864 3485 4937; x_wconf 87' lang='grc' dir='ltr'><strong>ἀγεννέσιν</strong></span> <span class='ocrx_word' id='word_1_615' title='bbox 3537 4868 3822 4940; x_wconf 83' lang='grc' dir='ltr'><strong>ἱστορεῖται</strong></span> <span class='ocrx_word' id='word_1_616' title='bbox 3862 4883 3877 4898; x_wconf 89' lang='grc'><strong>·</strong></span> 
     </span>
    </p>
   </div>
   <div class='ocr_carea' id='block_1_127' title="bbox 2269 4951 3881 5028">
    <p class='ocr_par' dir='ltr' id='par_1_127' title="bbox 2269 4951 3881 5028">
     <span class='ocr_line' id='line_1_132' title="bbox 2269 4951 3881 5028; baseline -0.003 -18"><span class='ocrx_word' id='word_1_617' title='bbox 2269 4963 2359 5010; x_wconf 82' lang='grc' dir='ltr'><strong>καὶ</strong></span> <span class='ocrx_word' id='word_1_618' title='bbox 2380 4959 2465 5026; x_wconf 59' lang='grc' dir='ltr'><strong>ζὼς</strong></span> <span class='ocrx_word' id='word_1_619' title='bbox 2513 4955 2720 5018; x_wconf 87' lang='grc' dir='ltr'><strong>ἀληθῶς</strong></span> <span class='ocrx_word' id='word_1_620' title='bbox 2771 4952 2922 5008; x_wconf 74' lang='grc' dir='ltr'><strong>οὐδέν</strong></span> <span class='ocrx_word' id='word_1_621' title='bbox 2977 4973 3028 5006; x_wconf 91' lang='grc' dir='ltr'><strong>τι</strong></span> <span class='ocrx_word' id='word_1_622' title='bbox 3072 4957 3313 5026; x_wconf 88' lang='grc' dir='ltr'><strong>χρηστὸν</strong></span> <span class='ocrx_word' id='word_1_623' title='bbox 3352 4957 3408 5007; x_wconf 84' lang='grc' dir='ltr'><strong>ἐκ</strong></span> <span class='ocrx_word' id='word_1_624' title='bbox 3461 4963 3553 5008; x_wconf 84' lang='grc' dir='ltr'><strong>τοῦ</strong></span> <span class='ocrx_word' id='word_1_625' title='bbox 3616 4951 3881 5028; x_wconf 81' lang='grc' dir='ltr'><strong>καταρῥᾳ-</strong></span> 
     </span>
    </p>
   </div>
   <div class='ocr_carea' id='block_1_128' title="bbox 2274 5040 3885 5119">
    <p class='ocr_par' dir='ltr' id='par_1_128' title="bbox 2274 5040 3885 5119">
     <span class='ocr_line' id='line_1_133' title="bbox 2274 5040 3885 5119; baseline -0.004 -20"><span class='ocrx_word' id='word_1_626' title='bbox 2274 5049 2470 5119; x_wconf 80' lang='grc' dir='ltr'><strong>θυμεῖν,</strong></span> <span class='ocrx_word' id='word_1_627' title='bbox 2543 5054 2694 5098; x_wconf 83' lang='grc' dir='ltr'><strong>τοῦτο</strong></span> <span class='ocrx_word' id='word_1_628' title='bbox 2774 5040 2832 5097; x_wconf 79' lang='grc' dir='ltr'><strong>δὲ</strong></span> <span class='ocrx_word' id='word_1_629' title='bbox 2881 5048 2971 5094; x_wconf 79' lang='grc' dir='ltr'><strong>καὶ</strong></span> <span class='ocrx_word' id='word_1_630' title='bbox 3027 5049 3200 5115; x_wconf 77' lang='grc' dir='ltr'><strong>σοφοῖς</strong></span> <span class='ocrx_word' id='word_1_631' title='bbox 3265 5047 3354 5115; x_wconf 74' lang='grc' dir='ltr'><strong>μὲν</strong></span> <span class='ocrx_word' id='word_1_632' title='bbox 3428 5041 3750 5108; x_wconf 84' lang='grc' dir='ltr'><strong>διείληπται,</strong></span> <span class='ocrx_word' id='word_1_633' title='bbox 3793 5045 3885 5093; x_wconf 80' lang='grc' dir='ltr'><strong>καὶ</strong></span> 
     </span>
    </p>
   </div>
   <div class='ocr_carea' id='block_1_129' title="bbox 2270 5127 3883 5206">
    <p class='ocr_par' dir='ltr' id='par_1_129' title="bbox 2270 5127 3883 5206">
     <span class='ocr_line' id='line_1_134' title="bbox 2270 5127 3883 5206; baseline -0.004 -17"><span class='ocrx_word' id='word_1_634' title='bbox 2270 5131 2517 5200; x_wconf 47' lang='grc' dir='ltr'><strong>αὐτὰσδέ</strong></span> <span class='ocrx_word' id='word_1_635' title='bbox 2544 5137 2609 5186; x_wconf 79' lang='grc' dir='ltr'><strong>τὰ</strong></span> <span class='ocrx_word' id='word_1_636' title='bbox 2669 5141 2768 5186; x_wconf 89' lang='grc' dir='ltr'><strong>τῶν</strong></span> <span class='ocrx_word' id='word_1_637' title='bbox 2822 5135 3140 5206; x_wconf 74' lang='grc' dir='ltr'><strong>πραγμάτων</strong></span> <span class='ocrx_word' id='word_1_638' title='bbox 3189 5132 3485 5205; x_wconf 76' lang='grc' dir='ltr'><strong>ἠμελημένα</strong></span> <span class='ocrx_word' id='word_1_639' title='bbox 3537 5131 3709 5206; x_wconf 83' lang='grc' dir='ltr'><strong>βοῶσι</strong></span> <span class='ocrx_word' id='word_1_640' title='bbox 3759 5127 3883 5183; x_wconf 83' lang='grc' dir='ltr'><strong>διὰ·</strong></span> 
     </span>
    </p>
   </div>
   <div class='ocr_carea' id='block_1_130' title="bbox 2268 5218 3878 5297">
    <p class='ocr_par' dir='ltr' id='par_1_130' title="bbox 2268 5218 3878 5297">
     <span class='ocr_line' id='line_1_135' title="bbox 2268 5218 3878 5297; baseline 0.004 -23"><span class='ocrx_word' id='word_1_641' title='bbox 2268 5245 2437 5297; x_wconf 87' lang='grc' dir='ltr'><strong>τορον.</strong></span> <span class='ocrx_word' id='word_1_642' title='bbox 2493 5226 2750 5296; x_wconf 85' lang='grc' dir='ltr'><strong>Πάρεστιν</strong></span> <span class='ocrx_word' id='word_1_643' title='bbox 2791 5218 2838 5272; x_wconf 86' lang='grc' dir='ltr'><strong>ἐν</strong></span> <span class='ocrx_word' id='word_1_644' title='bbox 2906 5220 3086 5282; x_wconf 76' lang='grc' dir='ltr'><strong>αὐτοῖς</strong></span> <span class='ocrx_word' id='word_1_645' title='bbox 3123 5227 3233 5282; x_wconf 90' lang='grc' dir='ltr'><strong>τοῖς</strong></span> <span class='ocrx_word' id='word_1_646' title='bbox 3287 5218 3558 5296; x_wconf 83' lang='grc' dir='ltr'><strong>φροντίδος</strong></span> <span class='ocrx_word' id='word_1_647' title='bbox 3607 5221 3754 5278; x_wconf 80' lang='grc' dir='ltr'><strong>ἐκτὸς</strong></span> <span class='ocrx_word' id='word_1_648' title='bbox 3791 5236 3878 5269; x_wconf 74' lang='grc' dir='ltr'><em>κατ’</em></span> 
     </span>
    </p>
   </div>
   <div class='ocr_carea' id='block_1_131' title="bbox 2271 5307 3878 5386">
    <p class='ocr_par' dir='ltr' id='par_1_131' title="bbox 2271 5307 3878 5386">
     <span class='ocr_line' id='line_1_136' title="bbox 2271 5307 3878 5386; baseline -0.008 -19"><span class='ocrx_word' id='word_1_649' title='bbox 2271 5318 2425 5386; x_wconf 76' lang='grc' dir='ltr'><strong>θορᾴν</strong></span> <span class='ocrx_word' id='word_1_650' title='bbox 2482 5311 2702 5385; x_wconf 81' lang='grc' dir='ltr'><strong>ἐναργῶς</strong></span> <span class='ocrx_word' id='word_1_651' title='bbox 2779 5312 2837 5361; x_wconf 84' lang='grc' dir='ltr'><strong>τὸ</strong></span> <span class='ocrx_word' id='word_1_652' title='bbox 2886 5307 3178 5380; x_wconf 85' lang='grc' dir='ltr'><strong>λεγόμενον.</strong></span> <span class='ocrx_word' id='word_1_653' title='bbox 3231 5309 3305 5360; x_wconf 71' lang='grc' dir='ltr'><strong>Οὐ</strong></span> <span class='ocrx_word' id='word_1_654' title='bbox 3364 5308 3778 5384; x_wconf 77' lang='grc' dir='ltr'><strong>περινενοημένον</strong></span> <span class='ocrx_word' id='word_1_655' title='bbox 3822 5322 3878 5373; x_wconf 70' lang='grc' dir='ltr'><strong>τι</strong></span> 
     </span>
    </p>
   </div>
   <div class='ocr_carea' id='block_1_132' title="bbox 2266 5395 3875 5476">
    <p class='ocr_par' dir='ltr' id='par_1_132' title="bbox 2266 5395 3875 5476">
     <span class='ocr_line' id='line_1_137' title="bbox 2266 5395 3875 5476; baseline -0.007 -21"><span class='ocrx_word' id='word_1_656' title='bbox 2266 5406 2393 5476; x_wconf 82' lang='grc' dir='ltr'><strong>πρὸς</strong></span> <span class='ocrx_word' id='word_1_657' title='bbox 2457 5401 2826 5471; x_wconf 84' lang='grc' dir='ltr'><strong>καταμάθησιν</strong></span> <span class='ocrx_word' id='word_1_658' title='bbox 2901 5398 2952 5450; x_wconf 88' lang='grc' dir='ltr'><strong>ἐν</strong></span> <span class='ocrx_word' id='word_1_659' title='bbox 3020 5397 3183 5467; x_wconf 68' lang='grc' dir='ltr'><strong>αὐτῷ,</strong></span> <span class='ocrx_word' id='word_1_660' title='bbox 3259 5395 3385 5450; x_wconf 77' lang='grc' dir='ltr'><strong>οὐδὲ</strong></span> <span class='ocrx_word' id='word_1_661' title='bbox 3448 5396 3875 5471; x_wconf 77' lang='grc' dir='ltr'><strong>περιεσκεμμένον</strong></span> 
     </span>
    </p>
   </div>
   <div class='ocr_carea' id='block_1_133' title="bbox 2267 5478 3880 5562">
    <p class='ocr_par' dir='ltr' id='par_1_133' title="bbox 2267 5478 3880 5562">
     <span class='ocr_line' id='line_1_138' title="bbox 2267 5478 3880 5562; baseline -0.006 -18"><span class='ocrx_word' id='word_1_662' title='bbox 2267 5491 2435 5550; x_wconf 78' lang='grc' dir='ltr'><strong>ἁπλῶς</strong></span> <span class='ocrx_word' id='word_1_663' title='bbox 2492 5497 2553 5562; x_wconf 77' lang='grc' dir='ltr'><strong>τῇ</strong></span> <span class='ocrx_word' id='word_1_664' title='bbox 2597 5488 2845 5545; x_wconf 81' lang='grc' dir='ltr'><strong>αἰσθήσει</strong></span> <span class='ocrx_word' id='word_1_665' title='bbox 2901 5485 3377 5558; x_wconf 87' lang='grc' dir='ltr'><strong>καταλαμϐάνεται.</strong></span> <span class='ocrx_word' id='word_1_666' title='bbox 3424 5492 3590 5538; x_wconf 76' lang='grc' dir='ltr'><strong>Τοῦτο</strong></span> <span class='ocrx_word' id='word_1_667' title='bbox 3641 5487 3730 5557; x_wconf 70' lang='grc' dir='ltr'><strong>μὶν</strong></span> <span class='ocrx_word' id='word_1_668' title='bbox 3790 5478 3880 5535; x_wconf 83' lang='grc' dir='ltr'><strong>οὖν</strong></span> 
     </span>
    </p>
   </div>
   <div class='ocr_carea' id='block_1_134' title="bbox 2263 5573 3881 5653">
    <p class='ocr_par' dir='ltr' id='par_1_134' title="bbox 2263 5573 3881 5653">
     <span class='ocr_line' id='line_1_139' title="bbox 2263 5573 3881 5653; baseline -0.005 -17"><span class='ocrx_word' id='word_1_669' title='bbox 2263 5587 2514 5636; x_wconf 78' lang='grc' dir='ltr'><strong>τοιοῦτον.</strong></span> <span class='ocrx_word' id='word_1_670' title='bbox 2575 5581 2675 5631; x_wconf 84' lang='grc' dir='ltr'><strong>Καὶ</strong></span> <span class='ocrx_word' id='word_1_671' title='bbox 2731 5579 2789 5632; x_wconf 91' lang='grc' dir='ltr'><strong>τὸ</strong></span> <span class='ocrx_word' id='word_1_672' title='bbox 2855 5579 2942 5631; x_wconf 84' lang='grc' dir='ltr'><strong>τὸν</strong></span> <span class='ocrx_word' id='word_1_673' title='bbox 3010 5573 3349 5651; x_wconf 78' lang='grc' dir='ltr'><strong>ἀμϐολιεργὸν</strong></span> <span class='ocrx_word' id='word_1_674' title='bbox 3417 5574 3581 5652; x_wconf 68' lang='grc' dir='ltr'><strong>ἄτῃσι</strong></span> <span class='ocrx_word' id='word_1_675' title='bbox 3637 5573 3881 5653; x_wconf 71' lang='grc' dir='ltr'><strong>παλαίειν</strong></span> 
     </span>
    </p>
   </div>
  </div>
