4152 6384
291 287 389 342 941

1154 280 1601 336 PRIVILEGIUM
1640 280 1774 334 PRO
1816 277 2260 336 MONASTERIO
2302 277 2806 334 MACRINITISSO.

3559 283 3664 336 942

297 415 458 480 σοφοῦ
492 416 592 459 τῶν
642 407 871 459 παλαιῶν
935 405 1302 478 γνωμὰτευμα.
1364 405 1423 457 Εἰ
1475 401 1532 456 δε
1603 408 1692 454 καὶ
1746 423 1951 459 σπουη,

2041 403 2145 467 ari,
2181 401 2392 457 veteris
2423 401 2706 472 sapientis
2736 402 3025 458 sententia
3055 405 3160 458 est.
3195 405 3343 459 Nam
3368 402 3418 458 si
3443 405 3499 458 et
3519 419 3669 475 prae-

297 495 400 558 δῆς
452 499 745 571 παρούσης,
827 500 918 546 καὶ
1007 494 1222 565 μελέτης
1272 492 1583 566 ἐμμερίμνου
1616 497 1706 543 καὶ
1767 512 1908 544 συνε-

296 593 431 658 χοῦς
487 587 612 658 ὑπερ
665 591 757 636 τοῦ
825 585 1220 654 κατορθωθῆναί
1255 602 1305 633 τι
1347 592 1445 633 τὼν
1506 580 1801 650 ἐπαινεῖ-ὡν,
1852 584 1908 632 τό

301 669 494 726 δὀὑδ’
541 672 700 733 οὕτως
749 672 979 746 εὐχερῶς
1036 672 1107 731 εἰς
1157 674 1304 746 ἔργον
1359 669 1649 744 προϐαίνει,
1729 676 1817 722 καὶ
1868 672 1911 720 εἴ

297 766 396 816 πού
443 782 496 814 τι
545 766 634 813 καὶ
685 760 973 813 ἀντιϐαῐνον
1060 764 1158 830 εἴη,
1227 759 1421 811 πολλῶν
1504 765 1592 812 καὶ
1653 763 1910 833 σθεναρὼν

305 849 651 925 συμπράξεως
698 846 867 901 δεῖται
948 851 1078 921 πρὸς
1163 848 1553 922 τελεσςινόρησιν⁸
1611 849 1779 901 πολλῶ
1855 843 1913 898 δὲ

303 939 491 1013 μᾶλλον
558 933 848 1005 κάντεῦθεν,
944 936 1004 989 οὗ
1051 943 1150 988 τῶν
1194 944 1365 988 κακῶν
1416 936 1641 989 ἐκκυλίει
1706 940 1770 989 τά
1819 943 1915 995 τῆς

303 1027 574 1094 ἀναϐολῆς,
630 1023 1032 1099 διαδραμεῐται.
1114 1025 1270 1079 Ἀλλά
1344 1033 1405 1084 τῆ
1485 1030 1575 1098 μὲν
1637 1028 1782 1097 ἡμῶν
1830 1043 1914 1096 με·

301 1122 540 1194 τριότητι
569 1120 688 1190 περὶ
741 1118 936 1168 τούτων
995 1114 1130 1168 οὕτω
1178 1110 1445 1167 διαλαϐεῖν
1495 1115 1766 1186 εὐστόχως
1807 1113 1916 1184 ἐγέ-

302 1227 440 1260 νετο·
487 1207 768 1282 πράγμασι
828 1200 880 1256 δ’
921 1203 1098 1266 αὐτοῖς
1147 1205 1276 1274 ἔγνω
1325 1211 1495 1256 ταῦτα
1540 1211 1784 1257 τοιαῦτα.
1853 1201 1917 1255 Ἠ

304 1297 442 1349 κατὰ
485 1299 581 1354 τήν
632 1292 828 1367 ἐνορίαν
909 1289 1278 1366 Δημητριάδος
1326 1295 1356 1351 ἠ
1401 1291 1486 1345 ἐπὶ
1541 1295 1916 1365 σταυροπηγίῳ

307 1389 396 1458 μὲν
457 1380 834 1458 πατριαρχικῷ
903 1383 1318 1454 καταπηχθεῖσα
1373 1385 1526 1454 μονὴ,
1577 1381 1653 1443 ἐπ’
1705 1380 1918 1453 ὀνόματι

311 1472 370 1528 δὲ
429 1471 726 1547 δομηθεῖσα
797 1480 894 1535 τῆς
968 1473 1232 1544 πανάγνου
1303 1477 1633 1547 Θεομήτορος
1677 1476 1768 1524 καὶ
1831 1478 1921 1530 τῆς

309 1563 735 1637 Μακρινιτίσσης
801 1558 1156 1632 ἐπιλεγομένη,
1244 1561 1426 1630 ἔμαθεν
1527 1559 1680 1625 αὕτη,
1765 1553 1917 1619 ἐδάη,

313 1651 383 1712 εἰς
413 1649 709 1722 ἐπιστήμην
741 1644 890 1706 ἦλθεν
936 1646 1149 1722 ἀκριϐῆ.
1202 1646 1306 1715 Ὧς,
1365 1648 1408 1700 εἰ
1455 1651 1638 1721 μικρόν
1705 1667 1757 1698 τι
1814 1645 1920 1698 ἐνέ-

313 1736 523 1802 δωκενς,
559 1738 601 1791 εἰ
633 1736 818 1812 βραχύ
867 1755 920 1788 τι
971 1735 1230 1804 ἀνέπεσεν,
1283 1736 1327 1788 εί
1373 1739 1505 1810 πρὸς
1537 1736 1708 1808 ὀλίγον
1776 1739 1921 1795 ὄκνος

313 1827 474 1887 αὐτὴν
500 1822 786 1900 ὑπέδραμε,
845 1821 1085 1887 κίνδυνος
1136 1829 1227 1876 καὶ
1281 1832 1480 1886 πτῶσις
1553 1830 1671 1900 περὶ
1737 1824 1915 1883 αὐτήν.

313 1923 414 1972 Καὶ
450 1917 505 1969 ἐκ
564 1923 658 1968 τοῦ
705 1919 1104 1990 πατριαρχικὴν
1175 1913 1507 1986 ἀνυψοῡσθαι
1553 1917 1772 1979 ταύτην,

311 2010 421 2060 ἔστι
464 2011 554 2059 καὶ
633 2004 1060 2077 ἀναγορεύεσθαι,
1119 2003 1418 2075 μεταλλαγὴ
1473 2009 1566 2062 τὴν
1642 2005 1922 2056 ἐπισκοπι·

309 2101 406 2156 κὴν
454 2102 547 2146 τοῦ
619 2089 988 2166 Δημητριάδος
1063 2091 1249 2150 κλῆσιν
1311 2091 1719 2164 ὀνοματίζουσα,

1948 1781 1992 1834 Β

1852 1915 1920 1974 ὡς

1798 2096 1926 2143 Τίνα

311 2188 414 2261 γὰρ
454 2188 548 2236 καὶ
574 2183 674 2234 ὅσα
736 2185 783 2234 οἱ
830 2183 966 2233 κατά
1022 2184 1234 2256 καιροὺς
1292 2179 1560 2255 ἀρχιερεῖς
1619 2181 1923 2254 Δημητριά-

317 2271 409 2336 δος
458 2274 582 2347 ὑπὲρ
651 2277 744 2323 τοῦ
813 2273 1006 2327 ταύτην
1083 2274 1176 2328 τὴν
1279 2274 1439 2342 μονὴν
1523 2270 1930 2344 σφετερίσασθαι

317 2363 664 2436 ἠγωνίσαντο,
725 2358 970 2422 καθάπαξ
1046 2358 1227 2431 λίχνον
1329 2358 1588 2432 ὀφθαλμόν
1686 2358 1929 2411 ἐπέϐαλον

321 2451 397 2505 ἐπ’

325 2538 638 2614 περιϐοήτου
687 2539 926 2590 τοιούτου
1001 2534 1162 2588 καλοῦ
1228 2535 1503 2587 καλεῖσθαι
1570 2538 1811 2607 μέτοχοι·
1866 2531 1932 2586 εἶ-

323 2627 415 2682 δον
446 2627 574 2700 ὕψος
623 2631 712 2679 καὶ
778 2631 1116 2699 σεμνώματος
1171 2626 1406 2697 μέγεθος,
1457 2625 1767 2685 ἡττηθέντες
1803 2643 1930 2675 παν-

321 2722 474 2772 τοίων
503 2719 696 2780 οἶησιν,
726 2717 898 2768 πάντα
945 2722 1204 2775 κινοῦντες
1265 2718 1456 2787 τρόπον
1508 2717 1553 2765 εἰ
1603 2731 1708 2774 πως
1739 2712 1929 2786 εὕροιεν

328 2811 386 2861 τὸ
442 2809 780 2878 ποθούμενον.

322 2899 467 2971 παρά
495 2895 684 2967 φαῦλον
714 2896 783 2945 τὰ
838 2889 871 2944 δ
879 2891 1137 2960 ιαϐοὐλια,
1197 2888 1348 2944 οὐδὲν
1414 2900 1510 2953 τῆς
1553 2887 1930 2950 κενοσπουδίας

1329 2358 1588 2432 ὀφθαλμόν

479 2451 797 2519 αὐτήν;καὶ
865 2451 1109 2520 οὕμενουν
1193 2443 1438 2520 οὐδαμῶς
1518 2449 1813 2520 ἠνείχοντο,
1856 2453 1926 2521 μὴ

860 2803 995 2856 Ἀλλ’
1049 2803 1114 2863 εἰς
1170 2805 1341 2875 μάτην
1382 2802 1562 2862 αὐτοῖς
1642 2803 1667 2853 ό
1751 2805 1924 2871 πόνος,

323 2985 494 3037 αὐτῶν
523 2982 814 3047 ἀπώναντο,
846 2981 890 3034 εἰ
940 2986 1011 3054 μὴ
1074 2986 1164 3034 καὶ
1212 2981 1401 3054 μᾶλλον
1453 2979 1813 3055 ἀσφαλέστερα
1864 2980 1929 3030 τὰ

324 3080 418 3135 τῆς
449 3078 610 3144 μονῆς
648 3072 835 3125 ἔθεντο.
866 3077 958 3132 Οις
994 3074 1094 3146 γάρ
1130 3072 1160 3128 ἡ
1223 3075 1351 3142 μονὴ
1431 3067 1671 3132 διενέξεις
1719 3068 1776 3121 ἐκ
1837 3075 1928 3120 τοῦ

323 3141 509 3236 μέρους
529 3167 622 3220 τῆς
671 3158 958 3220 ἐπισκοπῆς
1002 3141 1383 3232 γΔημητριάδος
1431 3161 1560 3231 ἔσχε
1619 3162 1708 3210 καὶ
1757 3159 1928 3230 πράγ-
1959 3141 2000 3195 C

319 3269 480 3324 ματα,
513 3251 721 3311 τούτοις
773 3248 1025 3321 λαμπρῶς
1091 3253 1180 3301 καὶ
1233 3247 1616 3323 ἀναντῖρῥήτως
1672 3248 1929 3320 πατριάρ-

322 3343 455 3413 χικὴ
517 3336 760 3411 ἀνεφάνη.
819 3343 922 3390 Καὶ
961 3340 1021 3390 τὸ
1076 3335 1298 3390 ἐντεῦθεν
1394 3333 1749 3405 διαναστᾶσα,
1830 3354 1933 3387 πα-

322 3435 655 3503 τριαρχικοῑς
697 3445 753 3479 τε
813 3428 1176 3501 κατωχυρώθη
1231 3427 1576 3499 ὑπομνήμασι
1621 3434 1721 3477 τῶν
1778 3424 1936 3496 ἁγιω,

327 3519 495 3571 τάτων
523 3523 869 3590 πατριαρχῶν
921 3523 1013 3568 τοῦ
1070 3535 1125 3568 τε
1175 3523 1336 3590 κυροῦ
1373 3521 1652 3588 Γερμανοῡ,
1699 3518 1790 3566 καὶ
1843 3519 1936 3564 τοῦ

328 3613 491 3682 κυροῦ
527 3604 796 3662 Μανονήλ.
835 3607 932 3657 Καὶ
969 3607 1068 3677 πρὸ
1125 3612 1224 3656 τῶν
1282 3605 1668 3676 ὑπομνημάτων
1717 3599 1776 3654 δὲ
1821 3603 1938 3654 τού-

330 3715 431 3749 των
486 3694 818 3756 κατεξέτασιν
902 3691 1170 3766 ἀπειλήφει
1225 3700 1317 3746 τοῦ
1393 3696 1686 3768 μακαρίτου
1743 3690 1934 3743 ἐκείνου

336 3781 596 3838 δεσπότου
645 3791 806 3858 κυροῦ
871 3782 1137 3849 Μανουὴλ,
1194 3787 1448 3856 φέρουσαν
1505 3781 1786 3856 ἐπιγραφὰς
1846 3783 1937 3831 καὶ

337 3873 501 3926 ἄλλων
532 3875 620 3944 μεν
665 3874 970 3946 ἀρχιερέων,
1025 3877 1115 3924 καὶ
1167 3871 1327 3924 αὐτοῦ
1392 3868 1450 3923 δὲ
1499 3877 1589 3922 τοῦ
1639 3869 1936 3942 Δημητριά-

343 3958 438 4023 δος
486 3959 743 4014 Νικολάου
784 3968 876 4013 τοῦ
922 3961 1144 4030 Βλαττῆ,
1208 3967 1300 4012 τοῦ
1358 3965 1570 4032 πρώτως
1648 3960 1774 4030 ὑπὲρ
1847 3964 1936 4016 τῆς

339 4057 503 4124 μονῆς
592 4048 992 4122 ἀμφιϐαλόντος.
1049 4053 1149 4102 Καὶ
1263 4053 1586 4123 παρίστησιν
1673 4043 1937 4119 ἀριδηλως

339 4138 470 4197 αὕτη
503 4140 532 4197 ἡ
566 4139 901 4202 κατεξέτασις
953 4140 1022 4198 ὡς
1072 4139 1102 4196 ἡ
1162 4142 1291 4211 μονὴ
1359 4145 1456 4198 τῆς
1515 4138 1939 4209 Μακρινιτίσσης

337 4232 701 4301 πατριαρχικὴ
782 4231 873 4280 καὶ
927 4229 951 4278 ό
1026 4223 1397 4300 Δημητριάδος
1470 4225 1742 4298 ἀμετόχως
1812 4225 1938 4297 ὑπὲρ

341 4316 502 4378 αὐτῆς
530 4312 847 4370 διενίστατο.
879 4319 986 4370 Ναὶ
1034 4320 1137 4388 μὴν
1189 4321 1280 4368 καὶ
1335 4317 1361 4367 ό
1411 4310 1778 4390 Δημητριάδος
1834 4311 1944 4364 ἐπι-

347 4408 644 4466 σκοπεύσας
690 4408 819 4478 μετά
889 4407 977 4458 τὸν
1052 4405 1279 4463 Βλαττῆν
1372 4412 1629 4477 Νεοφυτος
1711 4399 1943 4460 δήλωσιν

2019 509 2154 547 sens
2185 491 2471 556 studium,
2500 496 2554 545 et
2593 491 2842 546 sollicita
2884 507 3026 547 cura
3075 496 3253 563 atque
3302 491 3547 547 assidua
3590 492 3668 547 ad

2017 580 2328 652 quidpiam
2350 578 2650 634 laudabile
2669 578 2906 634 feliciter
2920 580 3249 649 gerendum
3277 580 3665 647 adhibeatur;

2017 673 2131 728 hoc
2160 687 2353 744 neque
2380 677 2502 727 tam
2533 670 2701 725 facile
2731 671 2792 725 in
2823 687 2975 742 opus
3013 671 3345 735 deducitur,
3388 678 3443 728 et
3475 670 3669 727 sicubi

2019 760 2245 832 aliquid
2272 760 2640 828 adversetur,
2673 760 3000 815 multorum
3028 776 3097 816 ac
3127 761 3369 816 fortium
3405 762 3670 817 virorum

2020 849 2344 904 ministerio
2358 865 2511 921 opus
2536 852 2642 915 est,
2666 853 2728 904 ut
2749 849 3113 920 perducatur
3144 850 3222 905 ad
3245 849 3452 915 ﬁnem,
3480 850 3668 906 multo

2023 943 2223 994 autem
2245 938 2461 1006 magis,
2497 939 2546 992 si
2584 939 2832 1004 caeteris,
2865 938 3089 1010 quibus
3127 954 3220 993 res
3259 938 3526 994 involuta
3564 940 3670 1004 est,

2021 1025 2197 1082 malis
2227 1027 2524 1082 cunctatio
2542 1026 2817 1082 addatur.
2846 1027 2959 1084 Sed
2976 1031 3194 1083 nostrae
3208 1027 3456 1100 quidem
3471 1027 3674 1083 mode-

2021 1115 2238 1172 rationi
2278 1115 2454 1171 dehis
2472 1115 2586 1171 ista
2609 1116 2899 1172 disserere
2912 1117 3111 1172 visum
3128 1120 3218 1173 est
3241 1120 3673 1189 opportunum,

2022 1220 2205 1276 reque
2234 1204 2367 1277 ipsa
2395 1204 2678 1260 novimus
2708 1205 2838 1260 haec
2877 1205 3018 1261 talia
3062 1221 3216 1261 esse.
3252 1205 3678 1262 Monasterium

2023 1310 2211 1367 prope
2243 1295 2596 1350 territorium
2617 1295 3009 1351 Demetriadis
3057 1295 3402 1350 subditione
3427 1294 3679 1367 patriar-

2025 1383 2177 1439 chali
2198 1383 2399 1452 situm,
2435 1383 2550 1440 sub
2579 1385 2822 1441 nomine
2853 1384 3207 1442 castissimae
3249 1385 3349 1440 Dei
3377 1385 3591 1453 Matris,
3625 1387 3683 1442 et

2027 1472 2479 1529 Macrinitissum
2511 1473 2757 1542 dictum,
2790 1475 2920 1530 haec
2952 1489 3096 1531 sane
3126 1473 3354 1542 didicit,
3393 1473 3682 1545 novitque

2029 1567 2207 1635 atque
2240 1567 2523 1620 accurata
2543 1563 2754 1635 peritia
2783 1565 3063 1636 percepit.
3102 1566 3249 1620 Cum
3291 1563 3451 1620 enim
3481 1562 3680 1618 modi-

2028 1669 2166 1708 cum
2190 1652 2536 1719 remisisset,
2572 1657 2628 1708 et
2657 1653 2972 1725 paululum
3003 1653 3239 1710 desidia
3275 1656 3552 1725 torperet,
3596 1655 3680 1709 at-

2027 1758 2145 1814 que
2171 1741 2382 1798 inertia
2402 1742 2602 1813 ipsum
2624 1742 3206 1814 comprehendisset,
3219 1742 3430 1814 lapsus
3446 1741 3680 1815 pericu-

2027 1830 2153 1885 lum
2187 1829 2385 1885 statim
2426 1828 2508 1884 illi
2533 1829 2850 1897 imminuit,
2899 1834 3078 1902 atque
3129 1830 3552 1886 transmutatio
3605 1844 3680 1884 ex

2027 1919 2412 1992 patriarchali
2444 1918 2687 1986 ditione,
2741 1919 2856 1975 sub
2882 1936 3006 1991 qua
3035 1921 3479 1992 proclamatum
3531 1923 3678 1988 erat,

2029 2009 2090 2063 in
2104 2007 2508 2079 episcopalem
2527 2008 2918 2064 Demetriadis
2933 2009 3505 2065 denominationem.
3527 2009 3682 2074 Quot

2032 2096 2212 2160 enim,
2248 2096 2543 2168 etquibus
2571 2096 2768 2151 modis
2801 2099 3186 2154 Demetriadis
3235 2097 3526 2170 episcopi,
3559 2096 3682 2152 suis

2033 2186 2290 2257 quisque
2313 2185 2703 2258 temporibus,
2745 2186 3181 2243 monasterium
3225 2187 3341 2243 hoc
3388 2201 3683 2258 usurpare

2034 2278 2356 2340 tentarunt,
2386 2274 2722 2346 avidosque
2751 2274 2812 2330 in
2833 2274 3037 2347 ipsum
3058 2275 3266 2332 oculos
3295 2276 3628 2346 injecerunt
3657 2275 3686 2332 ?

2036 2363 2160 2418 imo
2178 2379 2318 2419 vero
2341 2379 2498 2432 aegre
2519 2363 2809 2433 ferebant,
2825 2380 2886 2419 se
2908 2381 3030 2420 non
3044 2380 3170 2420 esse
3208 2364 3480 2437 praeclari
3505 2363 3689 2434 hujus

2036 2453 2182 2508 boni
2203 2453 2540 2525 participes;
2565 2458 2858 2509 noverant
2884 2453 3277 2522 altitudinem,
3320 2457 3690 2526 atquevene-

2037 2541 2282 2598 rationis
2313 2540 2816 2610 magnitudinem,
2847 2543 3184 2599 minuentes
3207 2543 3479 2599 omnium
3499 2541 3692 2598 existi-
3731 2613 3734 2615 Α

2036 2632 2375 2699 mationem,
2395 2646 2756 2702 omnemqne
2775 2631 3380 2704 moventeslapidem,
3401 2636 3464 2688 ut
3485 2631 3690 2704 aliquo

2036 2720 2220 2776 modo
2251 2719 2372 2774 voti
2403 2723 2715 2790 compotes
2745 2720 2972 2776 ﬁerent.
3009 2720 3123 2777 Sed
3150 2721 3211 2776 in
3260 2737 3488 2778 vanum
3543 2719 3692 2792 ipsis

2037 2809 2245 2864 cecidit
2267 2807 2459 2876 labor,
2483 2813 2664 2880 atque
2697 2808 2756 2863 in
2785 2809 2958 2880 pejus
3010 2825 3180 2866 versa
3232 2814 3371 2866 sunt
3412 2807 3685 2880 consilia,

2035 2896 2301 2970 nihilque
2316 2897 2494 2952 inane
2525 2896 2792 2952 studium
2821 2898 2965 2970 ipsis
2991 2898 3234 2970 profuit,
3258 2903 3692 2971 prmterquam-

2035 2986 2200 3058 quod
2221 3001 2316 3041 res
2331 2985 2684 3042 monasterii
2715 2990 2906 3043 certas
2931 2988 3126 3057 magis
3167 2991 3223 3043 et
3262 2987 3504 3044 stabiles
3546 2987 3687 3044 eﬂ‘e-

2037 3079 2262 3131 cerunt.
2284 3076 2326 3141 Q
2338 3074 2512 3130 uibus
2533 3075 2682 3130 enim
2697 3074 2894 3131 modis
2911 3076 3353 3144 monasterium,
3376 3076 3688 3134 facultates

2039 3168 2094 3220 et
2127 3164 2293 3220 bona
2319 3180 2393 3219 ex
2421 3168 2588 3235 parte
2619 3164 3000 3236 episcopatus
3032 3166 3442 3222 Demetriados
3456 3165 3691 3234 habuit,

2039 3252 2133 3308 his
2145 3255 2429 3324 patenter,
2446 3267 2516 3307 ac
2530 3251 2656 3307 sine
2671 3251 2791 3308 ulla
2804 3257 2971 3309 contr
2982 3252 3278 3310 adictione
3293 3253 3692 3326 patriarchale

2044 3341 2342 3413 apparuit,
2377 3345 2556 3412 atque
2567 3341 2704 3397 hinc
2719 3345 3058 3411 excitatum,
3074 3343 3574 3415 patriarchalibus
3584 3343 3698 3416 hy-

2042 3430 2446 3502 pomnematis
2477 3435 2826 3486 sanctorum
2845 3433 3085 3488 Patrum
3129 3431 3338 3489 domni
3395 3431 3694 3499 Germani,

2043 3523 2100 3573 et
2129 3516 2338 3574 domni
2359 3517 2641 3573 Manuelis
2654 3517 3077 3574 conﬁrmatum
3110 3523 3222 3586 est,
3254 3523 3458 3575 etante
3486 3519 3698 3590 hujus-

2043 3605 2210 3661 modi
2239 3606 2715 3678 hypomnemata
2751 3608 3221 3676 recognitionem
3276 3608 3500 3679 recepit
3536 3607 3700 3664 beati

2045 3694 2313 3765 despotaa
2339 3693 2568 3750 domini
2606 3693 2890 3749 Manuelis
2916 3693 3204 3751 ferentem
3244 3695 3698 3767 inscriptionem

2043 3783 2298 3840 aliorum
2312 3783 2756 3854 episcoporum,
2774 3783 3081 3856 ipsiusque
3098 3784 3364 3856 episcopi
3378 3784 3700 3842 Demetria-

2045 3871 2136 3927 dis
2166 3871 2386 3927 Nicolai
2415 3871 2636 3938 Blattaa,
2668 3871 2774 3942 qui
2795 3872 3059 3943 primum
3082 3873 3156 3928 de
3186 3873 3300 3929 hoc
3327 3873 3698 3930 monasterio

2045 3959 2355 4016 dubitavit.
2395 3959 2648 4032 Ipsaque
2685 3959 3011 4030 recognitio
3051 3962 3334 4032 praeclare
3378 3961 3696 4033 adprobat,

2046 4048 2457 4104 monasterium
2477 4048 2921 4105 Macrinitissum
2935 4050 3330 4120 patriarchale
3341 4049 3696 4120 habendum,

2047 4142 2228 4209 atque
2265 4137 2656 4193 Demetriadis
2698 4138 3050 4210 episcopum
3080 4138 3312 4196 nullam
3349 4139 3700 4196 monasterii

2046 4225 2231 4310 hujus
2291 4227 2662 4283 Macrinitissi
2698 4227 3220 4299 participationem
3267 4229 3511 4285 habere.
3572 4231 3701 4285 Imo

2049 4331 2191 4370 vero
2221 4320 2276 4370 et
2300 4318 2428 4386 ipse
2461 4315 2657 4372 Blattaa
2699 4332 3011 4372 successor
3057 4316 3120 4372 in
3163 4317 3516 4390 episcopatu
3558 4321 3702 4374 Neo-

2055 4405 2276 4477 phytus
2288 4403 2754 4460 declarationem
2775 4405 3061 4477 scriptam
3077 4405 3263 4477 dedit,
3291 4413 3471 4481 atque
3495 4409 3706 4464 Deme-

343 4498 601 4569 ἔγγραφον
631 4494 826 4558 ἐξέθετο
884 4499 974 4549 καὶ
1029 4494 1203 4566 αὐτὸς,
1247 4499 1337 4548 καὶ
1391 4496 1528 4556 ὅπως
1577 4496 1603 4547 ὁ
1653 4494 1947 4567 Δημητριά-

2057 4493 2261 4550 triadis
2291 4493 2644 4564 episcopum
2675 4493 2905 4550 nullam
2930 4495 3274 4552 monasterii
3301 4496 3484 4568 hujus
3504 4496 3708 4553 Macri-

349 4583 443 4647 δος
493 4585 553 4638 οὐ
610 4590 823 4658 μετέχει
871 4587 937 4647 εἰς
991 4589 1086 4645 τὴν
1129 4591 1289 4658 μονην
1326 4589 1522 4644 ταύτην
1588 4594 1685 4647 τῆς
1747 4591 1950 4656 Μακρι-

345 4679 609 4743 νιτίσσης,
660 4671 930 4747 διασαφεῖ,
983 4672 1277 4747 ἀναφανδὸν
1351 4678 1748 4749 πατριαρχικὴν
1824 4671 1952 4725 εἶναι

348 4765 545 4823 ταύτην
604 4762 888 4836 ὁμολογῶν.
969 4768 1071 4817 Καὶ
1123 4764 1291 4827 ἔξεστι
1337 4772 1409 4836 τῷ
1465 4763 1760 4836 βουλομένῳ
1804 4765 1953 4816 καθέ-

348 4871 525 4906 καστα
558 4860 661 4904 τῶν
720 4848 1092 4927 δικαιωμάτων
1138 4852 1498 4924 ἀναλέγεσθαι,
1549 4857 1638 4905 καὶ
1693 4857 1788 4910 τὴν
1839 4855 1957 4903 τού-

347 4960 449 4996 των
499 4940 868 5014 ἀναγνωρίζειν
939 4938 1182 5015 δύναμιν,
1257 4945 1343 4994 καὶ
1403 4941 1676 5015 γνωρίζειν
1735 4940 1869 5001 ὃπως
1923 4941 1953 4999 ἠ

353 5034 483 5101 μονὴ
512 5035 904 5103 πατριαρχικὴ,
964 5036 1055 5084 καὶ
1099 5026 1348 5104 οὐδεμίαν
1397 5034 1628 5104 μετοχὴν
1691 5031 1718 5081 ὁ
1785 5035 1959 5102 Δημη-

353 5115 573 5192 τριάδος
600 5118 649 5171 ἐν
679 5125 806 5179 αὐτῆ
831 5124 1098 5178 κέκτηται·
1149 5121 1207 5172 οὗ
1238 5125 1390 5193 μόνον
1435 5116 1495 5172 δὲ
1534 5119 1582 5172 ἐν
1640 5119 1795 5186 αὐτῆ,
1854 5117 1960 5171 ἀλλ’

358 5208 474 5258 οὔτε
521 5207 568 5259 ἐν
617 5215 692 5274 τῷ
739 5209 1083 5284 παραλαυρίῳ
1153 5209 1312 5270 αὐτῆς
1363 5218 1436 5280 τῷ
1473 5208 1549 5262 ἐπ’
1604 5208 1820 5280 ὀνόματι
1871 5215 1962 5260 τοῦ

361 5293 511 5345 ὁσίου
556 5296 888 5373 Ὀνουφρίου.
941 5297 1062 5350 Ὀτι
1107 5301 1209 5373 γὰρ
1249 5303 1338 5351 καὶ
1394 5300 1420 5350 ὁ
1469 5299 1612 5358 ὅσιος
1671 5297 1967 5372 Ὀνούφριος

362 5390 775 5458 πατριαρχικόν,
829 5391 888 5439 τὸ
935 5389 1159 5460 γράμμα
1222 5383 1491 5462 διατρανοί
1564 5393 1658 5449 τοῦ
1718 5394 1789 5457 τῷ
1853 5390 1969 5439 τότε

361 5479 530 5544 καιρῷ
555 5474 623 5524 τὰ
657 5479 1027 5552 πατριαρχικὰ
1055 5477 1218 5529 ἐκεῖσε
1249 5473 1511 5538 διέποντος
1570 5471 1756 5528 δίκαια
1801 5476 1971 5528 Ἰωάν-

367 5578 456 5614 νου
489 5556 734 5620 διακόνου
772 5573 866 5617 τοῦ
911 5565 1171 5635 Ἀττικοῦ,
1221 5569 1280 5618 τὸ
1349 5564 1442 5620 διά
1466 5563 1596 5622 ’τινα
1650 5572 1742 5618 τοῦ
1797 5568 1971 5636 Δημή-

2056 4582 2246 4640 nitissi
2265 4581 2784 4654 participationem
2825 4583 3049 4639 habere
3078 4585 3470 4652 demonstrat,
3501 4585 3710 4658 palam

2061 4675 2382 4744 aperteque
2413 4671 2810 4742 patriarchale
2838 4670 2987 4727 illud
3015 4688 3145 4728 esse
3173 4675 3594 4745 pronuntians.
3628 4675 3716 4730 Li-

2063 4766 2154 4816 cet
2173 4776 2352 4833 porro
2371 4759 2611 4816 cuilibet
2648 4758 2869 4816 volenti
2887 4760 3125 4830 singula
3153 4762 3550 4820 instrumenta
3577 4779 3715 4835 per-

2061 4850 2278 4920 legere,
2309 4863 2639 4919 eorumque
2681 4847 2806 4904 vim
2850 4848 3318 4920 deprehendere,
3379 4867 3450 4907 ac
3505 4867 3714 4922 nosse,

2065 4939 2376 5012 quomodo
2388 4937 2823 4994 monasterium
2847 4937 3244 5009 patriarchale
3258 4939 3351 5009 sit,
3363 4939 3717 5011 nullamque

2067 5029 2225 5086 illius
2252 5027 2770 5100 participationem
2798 5025 3020 5083 habeat
3069 5027 3461 5083 Demetriadis
3491 5027 3721 5100 episco-

2069 5135 2222 5192 pus:
2250 5133 2374 5173 non
2396 5117 2592 5172 solum
2609 5121 2811 5172 autem
2847 5114 3030 5182 illius,
3065 5114 3172 5170 sed
3209 5132 3405 5188 neque
3453 5115 3722 5174 aadiculaa

2071 5208 2186 5280 ipsi
2212 5206 2512 5277 adjuncta;
2547 5205 2660 5261 sub
2697 5204 2941 5260 nomine
2973 5204 3163 5261 sancti
3211 5205 3522 5278 Onuphrii.
3553 5205 3729 5270 Quod

2075 5297 2237 5354 enim
2265 5301 2321 5352 et
2349 5295 2538 5353 sancti
2568 5293 2858 5366 Onuphrii
2887 5292 3143 5350 aedicula
3165 5294 3578 5366 patriarchalis
3629 5295 3726 5365 sit,

2077 5386 2389 5459 perspicue
2419 5383 2759 5440 manifestat
2788 5381 2995 5439 charta
3017 5383 3266 5440 Joannis
3285 5383 3525 5441 diaconi
3538 5385 3731 5455 Attici,

2080 5491 2150 5532 eo
2176 5479 2442 5546 tempore
2456 5471 2877 5546 patriarchalia
2887 5471 2906 5542 j
2918 5487 3026 5528 ura
3047 5472 3542 5542 administrantis,
3569 5473 3736 5530 facta

2083 5565 2399 5622 occasione
2428 5562 2718 5622 molestiae
2747 5561 3069 5633 cujusdam
3091 5561 3268 5622 illatae
3290 5579 3327 5622 a
3343 5560 3737 5639 Demetriadis
