2076 3203
235 129 286 156 943
839 127 980 155 ARSEN"
1002 127 1048 156 ΟΡ.

1103 127 1318 157 kTRIARCH/E.
1868 133 1922 161 944

232 190 386 227 episcopo,
396 188 582 225 qumidcirco
597 187 722 216 refertur
732 187 763 216 in
778 188 864 216 dictis
876 190 1046 225 patriarcha

1116 189 1224 227 τριάδος
1252 191 1447 229 παρενόχλησιν
1485 194 1599 228 γεγονὸς,
1624 195 1668 219 καὶ
1693 192 1828 230 ἐμφέρεται
1860 197 1921 232 περὶ

232 234 311 262 libus
319 233 578 270 hypomnematis.
598 234 639 260 Ac
647 232 820 269 simpliciter
834 234 915 269 quod
929 242 995 262 vere
1010 242 1062 270 pa-

232 278 401 307 triarchalia
422 277 481 305 sint
495 278 556 305 tam
581 277 798 305 monasterium
822 278 1058 314 Macrinitissum,

231 330 326 359 quam
343 322 435 357 hujus
448 321 613 358 hospitium
623 324 746 350 sanctus
767 322 951 358 Onuphrius,
977 323 1061 352 nulla

232 369 276 395 est
290 366 449 399 dubitatio,
464 366 519 395 sed
538 365 654 394 clarum
668 368 714 394 est
739 368 829 402 atque
850 366 881 394 in
910 367 1058 396 confesso.

232 411 430 448 Similiterque
460 410 631 439 indubitata
663 410 826 447 multisque
853 411 1059 440 instrumentis

231 456 412 485 conﬁrmata
418 456 476 483 hac
482 463 524 489 re,
532 463 637 483 rursus
644 455 742 490 magis
753 455 979 489 conﬁrmantur,
990 464 1059 492 quas

231 501 272 529 ad
286 499 503 529 monasterium
514 501 542 527 et
550 499 726 534 adjunctam
734 499 893 528 aediculam
900 501 1058 536 pertinent.

230 546 295 574 Non
309 544 399 580 igitur
414 543 545 580 amplius
560 543 679 572 diﬁerre
693 543 796 579 voluit,
813 544 1058 573 ardentissimum

230 597 304 625 erga
312 589 377 618 haec
386 596 522 618 amorem
536 588 681 622 nutriens,
697 589 813 624 animo}
823 590 921 625 magis
946 590 1056 624 adhuc,

229 642 324 671 quam
338 641 472 670 corpore,
486 633 697 661 nobilissimus
713 634 886 661 Comnenus
916 634 1058 663 dominus

228 678 368 707 Nicolaus
382 677 552 706 Maliasinus
560 677 778 706 moderationis
805 678 1058 714 nostraaldilectis-

229 723 324 751 simus
343 722 434 750 ﬁlius.
451 721 503 750 Hic
533 721 614 749 enim
634 729 704 750 cum
719 721 903 751 laudabilem
922 723 1018 751 zelum
1038 731 1057 752 a

229 769 313 804 patre
323 767 473 795 suobeato
489 766 643 795 Comneno
653 766 779 794 domino
795 766 990 796 Constantino
1001 769 1056 796 Ma-

226 812 336 841 liasino
347 811 497 846 derivarit,
513 813 573 839 toto
588 810 690 839 animo
718 813 841 847 totaque
866 814 966 840 mente
989 821 1054 841 mo-

1115 237 1208 261 τούτου
1223 239 1268 262 καὶ
1283 236 1308 262 ἐν
1323 240 1378 267 τοῖς
1393 235 1586 273 διειλημμένοις
1622 242 1829 273 πατριαρχικαῖς
1857 240 1920 266 ὑπο-

1114 282 1244 316 μνήμασι.
1274 283 1323 307 Καὶ
1353 280 1440 312 ἁπλῶς
1465 283 1505 307 ὅτι
1532 283 1717 319 πατριαρχικὰ
1736 285 1781 308 καὶ
1817 285 1847 308 τό
1870 288 1919 314 τῆς

1114 327 1327 361 Μηκρινιτὶσσης
1345 328 1528 363 μοναστὴριον,
1553 328 1596 352 καὶ
1619 328 1648 352 τὸ
1673 327 1765 352 τούτου
1793 329 1919 363 μετόχιον

1115 369 1128 394 ὁ
1157 369 1230 400 ὅσιος
1254 368 1404 406 Ὀνούφριος
1434 369 1544 407 οὐδεμία
1569 370 1721 407 ἀμφιϐολία,
1752 370 1815 397 ἀλλὰ
1842 382 1918 408 φανε-

1113 414 1158 449 ρὸν
1182 415 1227 439 καὶ
1270 414 1481 451 ὁμολογούμενον.
1527 415 1613 451 Ὅμως
1656 413 1682 441 δ’
1707 415 1750 441 οὖν
1777 418 1822 442 καὶ
1838 417 1918 448 οὕτως

1114 457 1290 493 ὰναμφιϐόλου
1313 461 1357 484 καὶ
1382 459 1483 489 πολλοῖς
1507 458 1531 485 ἐν
1556 457 1719 495 δικαιώμασι
1743 459 1851 496 βεϐαίου
1870 465 1918 487 τοῦ

1112 502 1274 539 πράγματος,
1289 501 1347 529 οὐδ’
1362 504 1439 534 αὖθις
1459 505 1494 539 μὴ
1520 506 1565 529 καὶ
1592 503 1678 529 πλεῖον
1703 503 1854 542 ἕνστηρίξαι
1885 507 1919 532 τὰ

1112 550 1158 576 τῆς
1170 551 1251 582 μονῆς
1260 549 1305 573 καὶ
1319 551 1366 573 τοῦ
1393 548 1575 585 παραλαυρίου
1604 548 1635 574 αὐ
1642 552 1686 579 τῆς
1714 549 1818 576 τούτου,
1849 550 1919 576 Οὔκ-

1113 599 1156 616 ουν
1188 589 1359 617 οὗδοπωσοῦν
1398 590 1561 619 διανεϐάλετο
1601 593 1614 618 ὁ
1642 592 1706 630 ὑπὲρ
1733 595 1831 620 τούτων
1858 592 1917 621 διά-

1112 644 1193 672 πυρον
1221 636 1324 673 φίλτρον
1353 638 1460 674 τρέφων,
1484 637 1496 662 ὁ
1521 639 1566 663 καὶ
1597 636 1690 672 ψυχὴν
1716 637 1768 674 οὐχ
1796 636 1874 668 ἧττον
1898 640 1914 670 ἢ

1111 681 1180 706 κατὰ
1200 684 1276 716 σῶμα
1303 681 1379 717 εἰμὴ
1407 683 1452 707 καὶ
1479 681 1573 718 μᾶλλον
1597 681 1780 717 εὐγενέστατος
1807 683 1820 709 ὁ
1847 686 1915 721 Κομ-

1110 725 1185 754 νηνός
1211 727 1291 762 κυρὸς
1314 725 1444 756 Νικόλαος
1468 726 1481 752 ὀ
1511 725 1690 762 Μαλιασηνὸς,
1718 728 1747 753 τὸ
1774 732 1820 758 τῆς
1841 729 1914 764 ἡμῶν

1110 771 1278 806 μετριότητος
1305 769 1440 805 ἀγαπητὸν
1477 772 1573 798 τέκνον.
1611 771 1692 801 Οὗτος
1717 773 1778 809 γὰρ,
1817 772 1915 800 ἐπαινε-

1109 814 1152 839 τὸν
1166 813 1244 843 ζῆλον
1268 814 1400 840 ἀναλαϐὼν
1429 818 1474 841 τοῦ
1504 817 1602 851 πατρὸς
1626 815 1706 841 αὐτοῦ
1733 820 1780 842 τοῦ
1803 821 1912 854 μακαρί-

227 856 349 885 nasterii
374 856 465 891 hujus
494 855 691 890 Macrinitissi,
721 858 749 884 et
770 856 892 892 hospitii
917 857 1048 892 ejusdem

1109 867 1155 884 του
1172 857 1267 884 ὶδιεὶνου
1299 862 1433 895 Κομνηνοῡ
1458 864 1539 897 κυροῡ
1564 863 1757 887 Κωνσταντίνου
1786 866 1833 888 τοῦ
1858 866 1912 890 Μα-

227 901 384 930 utilitatem
390 899 523 933 anhelat;
533 899 749 928 ardetomnino
761 908 815 936 pro
826 900 1053 930 conﬁrmatione

226 948 255 975 et
272 945 413 974 beneﬁtio
434 952 550 978 eorum,
575 944 819 981 tranquillitatem
845 947 934 982 atque
956 947 1053 975 omni-

225 990 478 1020 modamillorum
500 989 667 1018 libertatem
686 989 847 1025 desiderat,
868 998 1052 1027 omnemque

223 1035 360 1065 laborem
372 1035 403 1063 in
417 1035 475 1063 hoc
490 1042 567 1071 opus
574 1034 702 1062 confert:
714 1034 861 1070 quoniam
869 1039 1052 1064 memoratus

224 1081 290 1117 ejus
306 1082 391 1117 pater
404 1079 512 1108 beatus
530 1078 579 1107 ille
599 1079 730 1107 multum
743 1078 901 1110 laboravit,
916 1082 944 1107 et
959 1080 1050 1116 pluri<

223 1133 307 1154 mam
319 1124 458 1153 adhibuit
468 1131 573 1151 curam
588 1123 626 1151 ad
643 1123 861 1150 monasterium
870 1123 1050 1151 conﬁrman-

222 1169 307 1205 dum,
323 1171 356 1197 ut
370 1168 542 1204 simpliciter
555 1167 666 1199 dicam,
683 1166 771 1202 quale
796 1166 888 1194 modo
913 1169 958 1195 est
986 1167 1050 1202 (sed

221 1214 289 1242 licet
301 1214 358 1242 hoc
366 1220 467 1245 nosse,
482 1214 572 1247 atque
581 1211 748 1246 perspicere
764 1211 793 1238 in
800 1210 1050 1246 patriarchalibus

220 1259 348 1287 relatum
357 1255 601 1293 hypomnematis
616 1256 635 1290 ).
652 1255 702 1282 Hic
721 1255 811 1289 igitur
838 1263 908 1283 vere
918 1255 1050 1290 religiosi

221 1303 314 1339 patris
329 1301 484 1336 religiosus
499 1299 589 1332 ﬁlius,
614 1298 721 1326 divinis
756 1299 880 1327 omnino
906 1299 1047 1335 intentus,

220 1350 439 1383 paternamque
456 1351 561 1372 curam
568 1344 600 1371 in
611 1343 735 1380 iis,quae
749 1344 787 1372 ad
796 1345 1047 1381 Deum'spectant,

220 1390 357 1420 aemulari
373 1396 565 1425 summopere
572 1389 707 1423 studens,
718 1389 822 1425 quales
833 1397 895 1418 non
911 1389 1049 1418 adhibuit

218 1443 323 1472 preces
337 1434 420 1471 apud
438 1433 678 1462 moderationem
694 1441 805 1465 meam,
819 1436 929 1470 quotve
945 1437 1048 1470 postu-

219 1478 382 1513 lationibus
394 1486 517 1506 exorare
530 1485 592 1506 non
603 1477 714 1506 destitit
724 1485 786 1506 non
802 1478 910 1513 solum,
926 1481 959 1506 ut
972 1486 1047 1514 prae-

218 1525 322 1553 berem
336 1522 520 1553 monasterio
532 1522 602 1550 huic
617 1530 720 1550 meum
730 1522 948 1558 hypomnema,
957 1523 1010 1551 sed
1018 1525 1046 1551 et

218 1569 351 1607 praefecti
367 1568 542 1597 electionem
554 1569 582 1596 et
601 1567 749 1599 ordinem,
764 1567 852 1595 valde
868 1568 1046 1604 deprecatus
1063 1561 1083 1589 C

219 1616 266 1644 est
278 1615 307 1642 et
337 1613 472 1642 maximo
497 1611 614 1640 ardoris
628 1611 753 1640 fervoris
764 1619 823 1647 que
833 1612 948 1648 impetu
960 1613 1047 1642 obse-

219 1658 333 1692 crabat,
349 1658 546 1693 impenseque
558 1656 688 1691 rogabat
708 1656 935 1692 supplicationis
954 1657 1046 1686 ﬁnem

218 1703 330 1731 videre.
344 1703 378 1730 Et
387 1701 436 1729 hic
450 1700 574 1737 quidem
595 1708 751 1728 summum
766 1708 838 1735 erga
853 1702 947 1729 Deum
962 1709 1045 1730 amo-

218 1755 283 1776 rem
292 1747 351 1775 hoc
365 1746 458 1774 modo
469 1745 599 1773 ostendit
615 1753 621 1772 :
631 1744 797 1773 moderatio
803 1746 904 1773 autem
916 1754 985 1774 mea
995 1754 1047 1782 op<

218 1791 292 1820 timo
305 1790 461 1827 proposito
475 1789 606 1824 benigne
620 1796 769 1823 annuens,
785 1789 930 1825 piumque
956 1790 1046 1826 hujus

218 1836 272 1864 viri
285 1838 389 1864 votum
404 1833 584 1870 adimplens,
596 1841 727 1870 praesens
739 1833 922 1862 omnimodae
933 1834 1044 1863 immu-

217 1880 318 1909 nitatis
332 1879 540 1916 hypomnema
559 1877 688 1911 exhibet,
699 1878 802 1906 virtute
817 1878 915 1914 cujus,
939 1881 967 1907 et
982 1879 1045 1915 Spi-

217 1925 288 1954 ritus
299 1924 394 1953 sancti
406 1923 512 1960 gratia,
537 1922 651 1956 deﬁnit,
677 1922 801 1951 omnino
824 1922 953 1951 liberum
980 1931 1045 1952 esse

218 1970 331 1998 dictum
359 1967 576 1997 monasterium
607 1967 846 2001 Macrinitissum,
886 1967 1045 2005 ipsiusque

217 2013 382 2050 hospitium
397 2014 535 2041 sanctum
559 2011 759 2047 Onuphrium,
788 2013 890 2047 utpote
911 2020 980 2048 quae
993 2021 1045 2049 pa-

218 2057 389 2087 triarchalia
402 2056 495 2085 modo
507 2058 586 2089 sunt,
599 2063 634 2083 ac
642 2063 761 2091 semper
768 2058 863 2089 erunt,
872 2057 900 2084 et
907 2057 1044 2085 nomina~

215 2103 340 2137 buntur,
353 2101 521 2129 secundum
529 2107 575 2135 ea,
590 2099 702 2135 quibus
729 2100 874 2128 instructa
897 2104 977 2135 sunt,
1000 2101 1044 2128 di-

216 2148 353 2184 plomata
372 2148 463 2181 atque
470 2144 682 2181 patriarchalia
698 2144 938 2180 hypomnemata
956 2146 1059 2173 sanc-‘

215 2193 316 2221 torum
327 2189 566 2227 patriarcharum
577 2190 802 2217 antecessorum
813 2196 961 2216 meorum.
978 2189 1033 2217 Nul

1109 902 1301 938 Iratam/00,6111
1327 903 1404 940 ψυχῆ
1432 906 1477 930 καὶ
1502 907 1591 941 γνώμη
1611 904 1656 934 ὅλη
1686 908 1755 932 πνέει
1778 907 1841 944 ὑπὲρ
1865 911 1913 939 τῆς

1107 948 1189 983 μονῆς
1203 949 1299 979 ταύτης
1322 952 1370 980 τῆς
1393 952 1606 986 Μακρινιτίσσης
1640 952 1684 976 καὶ
1710 954 1756 977 τοῦ
1783 954 1910 987 μετοχίου

1107 991 1199 1023 αὐτῆς·
1231 991 1339 1025 σπεύδει
1370 994 1433 1030 ὑπὲρ
1467 995 1621 1025 συστάσεως
1651 994 1735 1021 αὐτῶν
1756 997 1801 1021 καὶ
1823 994 1912 1023 ἐπιδό-

1108 1045 1182 1069 σεως,
1210 1039 1255 1063 καὶ
1279 1038 1307 1063 τό
1332 1036 1543 1075 ἀπαρενόχλητον
1568 1042 1613 1065 καὶ
1630 1037 1798 1066 ἀδιάσειστον
1813 1041 1911 1066 τούτων

1104 1080 1189 1112 ποθεῖ,
1219 1083 1264 1106 καὶ
1296 1082 1381 1107 πάντα
1422 1084 1498 1108 πόνον
1532 1083 1595 1120 ὑπὲρ
1634 1084 1726 1110 τούτου
1757 1085 1909 1120 ὑφίσταται.

1106 1122 1178 1149 Ἐπεί
1202 1125 1243 1149 τοί
1277 1133 1306 1159 γε
1345 1127 1389 1150 καὶ
1425 1126 1437 1151 ό
1465 1127 1649 1161 μνημονευθεὶς
1678 1129 1771 1154 τούτου
1796 1129 1910 1166 πατὴρὸ

1104 1169 1252 1204 μακαρίτης
1285 1167 1379 1198 ἐκεῖνος
1416 1169 1556 1205 πάμπολλα
1592 1173 1744 1197 κεκοπίακιν
1776 1173 1839 1209 ὑπὲρ
1863 1177 1910 1199 τοῦ

1103 1213 1151 1240 τὴν
1170 1214 1250 1247 μονὴν
1277 1216 1457 1245 καταστῆσαι,
1483 1213 1570 1244 ἁπλῶς
1600 1215 1689 1250 φάναι,
1719 1216 1754 1247 εἰς
1780 1217 1794 1242 ὃ
1827 1216 1908 1245 ἐστιν.

1103 1255 1173 1283 Ἀλλ’
1197 1256 1254 1287 ἐξὸν
1275 1260 1353 1282 τοῦτο
1380 1258 1532 1292 γνωσθῆναι
1551 1257 1575 1284 ἐν
1607 1259 1661 1289 τοῖς
1701 1266 1912 1299 πατριαρχικοῖς

1104 1300 1273 1337 ἐμφερόμενον
1293 1301 1488 1337 ὑπομνήμασιν.
1517 1301 1599 1334 Οὗτος
1624 1302 1649 1329 δ’
1676 1304 1720 1330 οὖν
1746 1306 1759 1330 ό
1780 1305 1906 1343 ἰνέργοις

1105 1345 1244 1381 θεαρέστου
1271 1347 1367 1379 πατρὸς
1410 1347 1548 1383 θεάρεστος
1567 1348 1635 1381 υίὸς,
1662 1349 1675 1374 ὁ
1709 1349 1835 1384 θεάρεστα
1863 1352 1911 1376 καὶ

1105 1388 1288 1425 βουλευόμενος
1312 1392 1357 1416 καὶ
1393 1388 1626 1427 διαπραττόμενος,
1651 1394 1696 1418 καὶ
1721 1391 1842 1419 σπεύδων
1871 1396 1909 1429 μὴ

1104 1433 1244 1469 ἀπαλεῖψαι
1261 1437 1308 1465 τῆς
1323 1439 1455 1471 πατρικῆς
1476 1434 1596 1466 σπουδῆς
1621 1435 1645 1461 ἐν
1669 1440 1725 1466 τοῖς
1753 1435 1810 1463 Θεῶ
1845 1435 1910 1464 δια-

1103 1480 1222 1514 φέρουσι,
1253 1482 1317 1505 ποῖα
1342 1481 1389 1507 τὴν
1418 1480 1489 1514 ἡμῶν
1518 1481 1547 1505 οὺ
1579 1480 1773 1517 παρεκλὴτευσε
1798 1484 1907 1518 μητριό-

1102 1526 1271 1556 τηταςπόσα
1295 1523 1325 1549 οὐ
1352 1524 1534 1550 καθικέτευσεν
1550 1524 1607 1558 ;Οὐ
1646 1527 1705 1562 περὶ
1745 1529 1792 1551 τοῦ
1819 1527 1907 1563 ἔπορε-

1101 1568 1202 1603 χθῆναι
1229 1570 1306 1603 μόνον
1332 1572 1363 1597 τῆ
1395 1571 1460 1604 μονῆ
1487 1570 1570 1597 ταύτῃ
1595 1571 1640 1595 καὶ
1672 1568 1809 1605 ἡμεδαπόν
1845 1571 1904 1596 ὑπό-

1101 1621 1201 1647 μνημα,
1225 1611 1289 1638 ἀλλὰ
1313 1614 1358 1638 καὶ
1380 1614 1439 1649 περὶ
1462 1616 1510 1643 τῆς
1542 1617 1587 1639 τοῦ
1626 1614 1771 1650 ἡγουμένου
1798 1613 1902 1650 ἐκλογῆς

1100 1658 1146 1681 καὶ
1172 1655 1254 1687 τάξως
1277 1656 1355 1682 πολὺν
1382 1656 1543 1694 παρεξέτεινε
1569 1658 1612 1683 τὸν
1635 1658 1732 1684 ἱκέσιον
1758 1660 1824 1694 μετὰ
1851 1659 1906 1694 θερ-

1100 1703 1153 1736 μῆς
1165 1702 1210 1726 καὶ
1238 1700 1351 1731 ξεούσης
1376 1701 1457 1737 ὁρμῆς
1482 1701 1621 1735 ἠντιϐόλει,
1647 1701 1800 1739 ὶξελιπάρει,
1829 1705 1906 1740 πέρας

1099 1748 1148 1774 τῆς
1173 1744 1271 1775 ἱκεσίας
1301 1743 1375 1772 ἰδεῖν.
1409 1744 1477 1770 Ἀλλ’
1504 1743 1580 1776 οὗτος
1605 1747 1650 1781 μὲν
1673 1750 1784 1772 τοιαῦτα
1807 1748 1854 1775 τὴν
1872 1747 1907 1777 εἰς

1099 1791 1164 1816 Θεὸν
1196 1788 1300 1825 ἀγάπην
1339 1788 1441 1821 δεικνὺς
1472 1792 1520 1819 τὴν
1548 1790 1683 1819 αὐτοῡ.Ἡ
1710 1790 1740 1818 δὲ
1767 1794 1907 1830 μετριότης

1099 1834 1173 1869 ἡμῶν
1186 1837 1232 1864 τῆς
1253 1835 1353 1870 ἀγαθῆς
1381 1835 1527 1871 προθέσεως
1550 1833 1730 1872 ἀποδεξαμένη
1752 1837 1796 1862 τὸν
1819 1834 1906 1873 ἄνδρα

1098 1881 1144 1904 καὶ
1156 1880 1202 1908 τὴν
1216 1878 1298 1905 αὐτοῦ
1327 1880 1462 1916 θεοίρεστον
1489 1881 1589 1905 ἱκεσίαν
1615 1879 1763 1916 πληροῦσα,
1791 1882 1820 1907 τὸ
1841 1891 1907 1917 παρ-

1099 1924 1126 1948 ὸν
1150 1927 1195 1953 τῆς
1230 1923 1370 1953 καθολικῆς
1391 1922 1534 1960 ἐλευθερίας
1583 1923 1717 1953 ὶκτίθησιν
1752 1925 1904 1965 ὑπόμνημα,

1099 1964 1136 1993 δι’
1152 1965 1181 1993 οὖ
1207 1969 1251 1993 καὶ
1266 1966 1290 1993 ἐν
1316 1967 1383 2003 ἁγίῳ
1410 1969 1540 2003 Πνεὺματι
1565 1966 1711 2005 διορίζεται
1737 1964 1905 1996 παντάπασιν

1099 2010 1231 2049 ἐλευθέραν
1263 2021 1327 2038 ειναι
1364 2014 1407 2041 τὴν
1443 2021 1470 2038 τε
1502 2012 1627 2049 ῥηθεῖσαν
1652 2017 1698 2044 τῆς
1719 2015 1903 2051 Μακρινίσσης

1098 2058 1246 2091 μονὴν,καὶ
1264 2057 1293 2082 τὸ
1317 2057 1413 2086 ταύτης
1440 2058 1563 2092 μετόχιον
1585 2059 1628 2083 τὸν
1654 2057 1727 2094 ἅγιον
1752 2058 1902 2096 Ὀνούφριον

1099 2100 1133 2130 ὡς
1148 2100 1333 2136 πατριαρχικὰ
1351 2102 1396 2126 καὶ
1420 2101 1482 2126 ὅντα
1501 2104 1546 2127 καὶ
1572 2100 1644 2128 ἐσαεὶ
1673 2101 1784 2138 ἐσόμενὰ
1803 2113 1831 2129 τε
1858 2113 1903 2130 και

1099 2142 1333 2180 ὀνομασθησόμενα
1360 2145 1428 2170 κατὰ
1462 2146 1495 2171 τὰ
1518 2148 1652 2183 προσόντα
1677 2147 1764 2178 αὐτοῖς
1796 2146 1902 2174 δικαιώ-

1098 2196 1169 2223 ματα
1194 2190 1240 2214 καὶ
1278 2189 1312 2214 τὰ
1348 2191 1534 2227 πατριαρχικὰ
1567 2191 1742 2227 ὑπομνήματα
1775 2196 1825 2218 τῶν
1850 2194 1901 2230 πρὸ

215 2235 263 2263 lus
268 2235 357 2270 igitur
362 2234 500 2262 omnium
506 2233 659 2268 ordinum,
669 2234 730 2261 sive
738 2232 968 2267 ecclesiasticus,
981 2233 1045 2261 sive

1103 2232 1171 2267 ὴμῶν
1186 2231 1336 2268 ἁγιωτάτων
1349 2239 1533 2271 πατριαρχῶν.
1552 2233 1648 2267 Οὐδεὶς
1673 2236 1716 2262 οὖν
1744 2241 1794 2263 τῶν
1821 2237 1902 2264 ἁπάνα

214 2280 319 2313 laicus,
331 2279 394 2307 sive
406 2280 536 2313 senator,
551 2278 613 2306 sive
639 2277 777 2314 specialis
803 2276 957 2313 qutepiam
979 2285 1045 2313 per-

214 2332 290 2354 sona
303 2322 414 2353 audeat
428 2330 566 2359 unquam
577 2322 628 2357 jus
646 2321 771 2357 aliquod
782 2321 813 2349 in
835 2320 870 2348 iis
883 2328 1043 2350 revocare:

215 2368 267 2397 sed
294 2376 394 2405 neque
419 2368 472 2405 qui
485 2375 540 2404 pro
567 2370 699 2402 tempore
725 2365 812 2393 fuerit
847 2366 1043 2395 Demetriadis

215 2413 385 2449 episcopus,
397 2412 544 2441 rationem
559 2411 670 2439 habeat
690 2411 743 2437 aut
754 2409 803 2444 jus
834 2409 1001 2445 quodpiam
1012 2411 1043 2439 in

213 2458 328 2486 dictum
351 2457 580 2490 monasterium,
605 2454 653 2483 vel
676 2455 815 2482 sanctum
840 2454 1040 2490 Onuphrium.

213 2503 340 2539 Speciali
361 2502 442 2530 enim
469 2500 584 2528 ratione
611 2498 695 2527 illum
723 2497 852 2527 excludit
873 2498 1041 2529 moderatio

212 2555 292 2582 mea,
312 2549 415 2581 utpote
429 2545 482 2582 qui
501 2544 659 2573 turbarum
678 2551 770 2572 causa
791 2543 822 2571 in
856 2545 1040 2573 monasterio

213 2599 277 2620 esse
292 2591 395 2619 soleat.
411 2592 479 2618 Haec
488 2589 529 2617 ita
537 2588 642 2616 deﬁnit
669 2587 834 2616 moderatio
860 2596 939 2622 mea,
955 2591 984 2617 et
997 2589 1040 2618 in-

213 2637 355 2663 temerata
369 2635 399 2662 in
422 2635 597 2670 perpetuum
622 2640 741 2660 servare
760 2632 896 2668 cupiens,
919 2640 1039 2661 excom-

211 2679 447 2708 municationem
458 2677 564 2712 inﬂigit
576 2685 594 2705 a
604 2677 722 2705 viviﬁca
738 2677 875 2705 Trinitate
891 2677 1039 2706 adversus

211 2731 274 2758 eos,
296 2723 350 2759 qui
377 2722 526 2758 abrogare
550 2722 726 2751 tentaverint
751 2722 911 2758 quidpiam
932 2730 1037 2751 eorum

210 2774 280 2804 quae
294 2766 419 2797 deﬁnita
433 2769 502 2796 sunt
517 2776 524 2803 ;
549 2767 858 2798 excommunicatione
886 2766 1034 2802 damnati,

1097 2285 1147 2302 των
1161 2278 1211 2303 εἴτε
1238 2276 1468 2313 ἐκκλησιαστικὸς,
1496 2281 1512 2308 ἤ
1544 2277 1719 2316 δημοσιακὸς,
1742 2281 1757 2312 ἦ
1787 2281 1902 2318 συγκληο

1098 2323 1180 2356 τικὸς,
1196 2323 1211 2351 ἤ
1232 2320 1364 2349 ἰδιωτικόν
1379 2325 1517 2361 πρόσωπον
1533 2324 1658 2361 τολμήσει
1672 2328 1776 2352 πώποτε
1795 2324 1899 2353 δίκαιον

1097 2375 1124 2392 τι
1139 2365 1350 2393 ἀνακαλέσασθαι
1369 2367 1397 2394 ἐκ
1421 2367 1519 2399 αὐτοῖςε
1534 2368 1604 2395 Ἀλλ’
1619 2368 1681 2396 οὐδὲ
1709 2370 1784 2401 αὐτὸς
1806 2371 1820 2397 ὁ
1832 2371 1900 2398 κατὰ

1096 2412 1202 2449 καιροὺς
1216 2410 1402 2449 Δημητριάδος
1411 2411 1553 2444 ἐπίσκοπος
1577 2413 1653 2450 λόγον
1673 2414 1722 2446 ἕξει
1748 2415 1764 2444 ἦ
1795 2412 1898 2441 δικαιο-

1095 2455 1184 2492 λογίαν
1199 2457 1257 2483 τινὰ
1271 2456 1306 2487 εἰς
1320 2459 1367 2486 τήν
1383 2457 1509 2494 ῥηθεῖσαν
1535 2460 1616 2494 μονὴν
1646 2459 1661 2488 ἣ
1697 2459 1731 2490 εἰς
1754 2460 1798 2486 τὸν
1824 2459 1895 2495 ἆγιον

1095 2499 1256 2539 Ὀνούφριον.
1286 2499 1442 2538 ’ἰδικωτέρω
1469 2504 1514 2528 καὶ
1546 2504 1597 2539 γὰρ
1623 2502 1691 2540 λόγῳ
1717 2503 1897 2540 ἀποπέμπεται

1094 2545 1110 2574 ὴ
1131 2547 1269 2583 μετριότης
1283 2547 1356 2582 ἡμῶν
1369 2549 1470 2579 τοῦτον,
1487 2548 1520 2576 ὡς
1545 2546 1623 2574 αὐτόν
1650 2558 1712 2575 ποτε
1737 2553 1786 2575 τῶν
1814 2547 1898 2584 ὀχλή-

1095 2598 1158 2615 σεων
1172 2591 1253 2616 αἴτιον
1269 2593 1301 2619 τῆ
1328 2595 1405 2626 μονῆ.
1430 2593 1519 2617 Ταῦτα
1546 2592 1614 2617 οὕτω
1639 2591 1785 2630 διορίζεται
1807 2593 1822 2622 ἡ
1852 2601 1896 2628 με-

1092 2636 1196 2671 τριότης
1224 2635 1307 2671 ἡμῶν·
1341 2637 1387 2661 καὶ
1422 2634 1579 2673 ἀπαράϐατα
1617 2635 1803 2674 διατηρεῖσθαι
1830 2636 1894 2672 βου-

1091 2677 1184 2715 λομένη
1212 2678 1245 2709 εὶς
1273 2677 1392 2713 δινέκειν,
1408 2679 1554 2717 ἁφορισμὸν
1612 2680 1720 2709 ἕπισείεί
1766 2683 1809 2707 τὸν
1842 2679 1894 2707 ἀπὸ

1092 2728 1139 2754 τῆς
1163 2724 1319 2761 ξωαρχικῆς
1358 2723 1444 2761 Τριαδ
1445 2735 1472 2757 ος
1496 2727 1564 2753 κατὰ
1588 2731 1638 2753 τῶν
1660 2728 1838 2756 ἁθετησόντων
1866 2735 1893 2752 τι

1091 2772 1140 2794 τῶν
1163 2766 1352 2806 διωρισμένων.
1377 2769 1447 2796 Ἀλλ’
1473 2772 1513 2797 ὅτι
1537 2772 1582 2807 μεν
1606 2770 1757 2799 ἁλίσκονται
1775 2775 1811 2807 τῷ
1830 2771 1893 2807 ἀφο-
