4152 6398
302 416 409 472 945

301 545 479 612 ρισμῷ
544 539 594 590 οἱ
668 535 923 595 ἀθετῆσαί
975 554 1027 586 τι
1072 542 1172 586 τῶν
1232 534 1601 608 ἐντεταλμένων
1656 537 1907 610 πειραθη-

303 633 534 700 σόμενοι,
566 630 802 679 ἴστωσαν
823 632 977 678 τοῦτο
1030 623 1199 676 αύτοίο
1251 626 1282 684 ἡ
1334 621 1393 678 δὲ
1437 630 1711 700 μετριότης
1762 626 1908 697 ἡμῶν

301 722 392 770 καὶ
424 721 542 790 μερὶ
562 724 654 776 τῆς
681 714 896 786 ἐκλογῆς
944 721 1036 767 τοῦ
1089 712 1138 766 ἐν
1189 721 1251 787 τῇ
1316 721 1443 788 μονῇ
1500 723 1594 777 τῆς
1647 721 1908 787 Μακρινι-

302 809 492 865 τίσσης
538 811 866 877 προεστῶτος
917 809 1087 856 ταῦτα
1159 798 1429 858 διατυποί.
1481 802 1701 856 Ὀπόταν
1751 804 1911 874 ἡγού-

303 912 452 966 μενος
505 900 606 944 τῶν
660 899 832 964 χρεῶν
891 890 1270 966 λειτουργήσας
1322 895 1448 966 πρὸς
1507 895 1695 966 Κύριον
1743 887 1908 948 ἐκδη-

303 986 478 1054 μήση,
507 981 730 1053 γινέσθω
768 979 954 1051 ἐκλογὴ
1023 988 1345 1052 προεστῶτος
1391 982 1492 1033 ύπὸ
1549 983 1752 1034 πάντων
1808 989 1908 1034 τῶν

305 1067 537 1142 ἀδελφῶν
584 1068 692 1142 μετ’
771 1065 1024 1132 εἰδήσεως
1093 1075 1183 1122 καὶ
1251 1078 1343 1122 τοῦ
1403 1070 1664 1143 θεοφιλοῦς
1719 1068 1911 1147 ἀνδρὸς

302 1162 490 1212 τούτου
537 1165 630 1211 τοῦ
682 1158 1050 1230 εὐγενεστάτου
1102 1165 1372 1232 Κομνηνοῦ
1427 1167 1588 1232 κυροῦ
1650 1159 1908 1214 Νικολάου

303 1248 668 1319 Μαλιασηνοῦ,
734 1256 827 1300 τοῦ
896 1247 1138 1300 πλεῖστον
1215 1251 1335 1302 ὅσον
1402 1254 1751 1322 πνευματικόν
1819 1269 1909 1303 κε-

299 1342 556 1411 κτημένου
585 1340 751 1412 ἔρωτα
787 1340 918 1412 πρὸς
953 1342 1045 1395 τὴν
1091 1341 1252 1410 μονὴν
1292 1341 1486 1397 ταύτην
1534 1344 1624 1391 καὶ
1653 1342 1718 1392 τὰ
1770 1340 1902 1400 αύτῆ

303 1423 634 1500 διαφέροντα.
669 1426 821 1479 Ούτω
869 1429 971 1502 γὰρ
1031 1426 1276 1500 βούλεται
1335 1430 1365 1486 ἡ
1425 1433 1692 1503 μετριότης
1741 1431 1906 1502 ἡμῶν,

302 1518 386 1569 ἱνα
412 1521 502 1568 καὶ
541 1517 652 1588 μετ’
684 1515 844 1568 αὑτοῦ
874 1521 1084 1587 γίνηται
1113 1519 1142 1575 ἡ
1204 1525 1296 1570 τοῦ
1347 1520 1637 1590 ἡγουμένου
1701 1517 1910 1591 ἐκλογὴ.

299 1605 384 1665 Εἰς
414 1605 568 1658 αὐτὸν
597 1607 815 1680 γὰρκαὶ
882 1604 953 1667 εἰς
1000 1608 1120 1668 τοὺς
1195 1603 1448 1678 ἀδελφοὺς
1505 1607 1737 1669 ἅπαντας
1791 1612 1916 1671 τοὺς

299 1693 348 1746 ἐν
378 1702 439 1766 τῇ
502 1703 630 1767 μονῇ
693 1692 974 1752 ἀνατίθησι
1029 1698 1096 1746 τὰ
1149 1702 1246 1757 τῆς
1287 1693 1502 1766 ἐκλογῆς
1556 1703 1648 1748 τοῦ
1688 1698 1914 1770 ἡγουμέ-

296 1802 386 1836 νου
415 1785 444 1842 ἡ
474 1787 746 1858 μετριότης
766 1784 930 1856 ἡμῶν.
980 1789 1080 1836 Καὶ
1130 1790 1301 1857 χωρὶς
1352 1780 1611 1846 εἰδήσεως,
1642 1790 1732 1838 καὶ
1794 1785 1910 1860 ἀρε-

1155 409 1606 469 PRIVILEGIUM
1642 411 1775 468 PRO
1815 408 2262 468 MONASTERIO
2302 405 2819 464 MACRINITISSO.

3580 401 3692 460 946

2023 531 2128 604 qui
2157 534 2601 605 praeceptorum
2629 527 2858 604 aliquid
2888 527 3185 599 abrogare
3247 526 3535 596 auserint,
3568 542 3674 585 ma

2018 626 2204 678 neant
2228 619 2290 676 in
2321 635 2392 676 eo
2423 623 2602 676 statu.
2637 618 2960 675 Moderatio
2985 622 3188 674 autem
3214 633 3352 675 mea
3395 617 3556 674 circa
3592 632 3688 674 ore

2019 710 2223 767 dinem
2252 714 2436 782 atque
2463 709 2815 766 electionem
2855 707 3122 780 praefecti
3176 707 3529 764 monasterii
3575 709 3692 765 Ma-

2018 800 2299 857 crinitissi
2327 801 2457 855 haec
2485 797 2832 871 praescribit.
2868 799 3014 854 Cum
3043 796 3362 869 praefectus
3409 796 3684 854 debitum

2018 892 2138 946 Deo
2164 889 2423 945 reddens
2453 892 2727 944 mortuus
2760 887 2951 956 fuerit,
3011 885 3118 942 ﬁat
3159 885 3425 957 praefecti
3475 884 3684 942 electio

2018 979 2098 1036 ab
2128 978 2412 1036 omnibus
2439 977 2740 1045 fratribus,
2784 977 3004 1032 sciente
3059 974 3341 1046 religioso
3387 973 3518 1030 viro
3568 974 3689 1030 hoc

2017 1067 2392 1124 nobilissimo
2432 1070 2738 1124 Comneno
2769 1065 2994 1122 domno
3051 1063 3295 1120 Nicolao
3350 1062 3683 1130 Maliasino,

2019 1158 2124 1231 qui
2153 1157 2414 1230 plurimo
2439 1160 2621 1230 atque
2651 1155 2947 1230 spirituali
2994 1169 3202 1211 amore
3252 1153 3688 1210 monasterium

2020 1251 2078 1303 et
2105 1262 2242 1319 quae
2269 1247 2348 1304 ad
2377 1247 2580 1319 ipsum
2610 1249 2903 1318 spectant,
2931 1242 3329 1316 amplectitur.
3357 1244 3468 1308 ;Ita
3523 1239 3686 1298 enim

2019 1337 2295 1409 pracipit
2328 1335 2662 1393 moderatio
2710 1349 2866 1405 mea,
2924 1339 2991 1390 ut
3045 1332 3180 1405 ipso
3239 1331 3526 1404 participe
3580 1330 3690 1388 ﬁat

2019 1425 2283 1497 praefecti
2311 1425 2537 1482 electio.
2573 1427 2636 1480 In
2665 1425 2868 1496 ipsum
2899 1423 3060 1479 enim
3103 1425 3162 1478 et
3205 1420 3418 1478 fratres
3473 1435 3685 1477 omnes

2022 1515 2370 1571 monasterii
2399 1514 2681 1571 transfert
2705 1513 2805 1584 jus
2837 1511 3095 1582 eligendi
3119 1510 3380 1584 prtefecti
3409 1509 3683 1567 modera-

2021 1603 2102 1658 tio
2130 1619 2285 1672 mea,
2314 1607 2369 1658 et
2391 1603 2623 1675 absque
2643 1601 2799 1658 illius
2832 1586 3081 1657 scientia
3134 1605 3192 1656 et
3239 1599 3462 1672 placito
3512 1597 3682 1655 nolu-

2019 1707 2158 1747 mus
2207 1691 2336 1748 ﬁeri
2407 1691 2780 1748 electionem.
2843 1689 2957 1746 Sed
3004 1688 3286 1744 monachi
3342 1703 3556 1744 omnes
3621 1693 3685 1746 et

2021 1781 2359 1837 Comnenus
2388 1782 2484 1838 hic
2516 1780 2864 1837 electionem
2889 1778 3083 1836 facere
3108 1777 3350 1834 debent.
3382 1778 3529 1834 Cum
3571 1793 3680 1834 au-

301 1878 479 1935 σκείας
507 1879 595 1925 καὶ
640 1875 826 1925 τούτου
875 1873 933 1925 ού
987 1873 1190 1946 θέλομεν
1237 1875 1477 1944 γίνεσθαι
1533 1878 1625 1933 τὴν
1675 1874 1904 1947 ἐκλογήν·

2018 1875 2139 1926 tem
2165 1870 2300 1943 quis
2325 1870 2636 1927 communi
2656 1883 2958 1926 consensu
2983 1867 3206 1924 electus
3241 1866 3434 1935 fuerit,
3458 1867 3507 1922 si
3548 1867 3680 1938 qui-

298 1960 729 2034 ἁλλόἱμοναχοὶ
758 1964 945 2023 πάντες
984 1967 1072 2015 καὶ
1131 1965 1158 2014 ό
1217 1966 1482 2036 Κομνηνὸς
1534 1963 1680 2025 οὗτος
1738 1965 1907 2018 ποιεί-

295 2071 471 2104 τωσαν
519 2055 614 2109 τὴν
697 2050 927 2123 ἐκλογήν.
1004 2050 1098 2104 "Ov
1171 2049 1222 2105 δ’
1265 2053 1325 2104 ἄν
1383 2061 1561 2113 κοινῶς
1609 2052 1910 2128 ἁρεσθέντες

295 2139 616 2210 ἐκλέξωνται,
652 2139 695 2192 εἰ
748 2141 838 2212 μὲν
913 2143 1055 2212 τύχη
1124 2139 1172 2192 ἐν
1239 2147 1348 2203 τοῖς
1403 2139 1570 2194 ἐκεῖσε
1629 2138 1828 2213 διάγων
1882 2145 1907 2195 ό

1257 2230 1374 2305 ἰξαρ
1380 2251 1451 2302 χο
1461 2251 1501 2299 ς,
1580 2232 1908 2305 σφραγιξέτω

294 2319 448 2372 αὐτὸν
495 2328 800 2393 προεστῶτα
871 2323 1006 2372 κατὰ
1077 2323 1136 2371 τὸ
1182 2319 1420 2372 ἀνέκαθεν
1471 2318 1907 2379 ἐκκλησιαστικὸν

296 2409 423 2469 ἔθος·
477 2408 522 2460 εἰ
597 2404 648 2460 δ’
731 2407 788 2460 ού
847 2411 989 2480 τύχη
1037 2413 1154 2461 τότε
1197 2410 1327 2462 εἶναι
1383 2413 1460 2462 τὸν
1515 2413 1906 2484 πατριαρχικὸν

294 2497 517 2570 ἔξαρχον
561 2496 608 2549 ἐν
656 2504 764 2560 τοῖς
810 2500 1036 2570 μέρεσιν,
1087 2497 1112 2550 ὁ
1154 2497 1374 2569 ἐκλεγεὶς
1452 2498 1525 2559 εἰς
1577 2505 1906 2571 προστασίαν

291 2589 435 2661 παρὰ
455 2595 552 2638 τῶν
613 2594 858 2658 μοναχῶν
906 2589 1110 2638 πάντων
1169 2591 1259 2639 καὶ
1302 2595 1393 2639 τοῦ
1464 2595 1732 2659 Κομνηνοῦ
1778 2591 1904 2641 τού-

291 2694 404 2740 του,
465 2677 530 2736 ὡς
581 2671 988 2740 διατετύπωται,

295 2238 396 2282 τῶν
443 2238 844 2304 πατριαρχικῶν
938 2226 1158 2282 δικαίων

1083 2674 1424 2750 ἐπικρατείτω
1533 2677 1688 2737 αὐτὸς
1767 2677 1904 2730 ούτω

292 2765 459 2817 πάντα
487 2767 552 2816 τὰ
599 2772 688 2825 τῆς
741 2773 904 2835 μονῆς
950 2769 1042 2816 καὶ
1094 2769 1188 2823 τὴν
1242 2769 1422 2835 πονὴν,
1484 2771 1578 2818 καὶ
1625 2763 1904 2838 διεξαγέτω

292 2855 462 2906 πάντα
491 2855 559 2915 ὡς
585 2858 853 2927 προεστὼς
907 2857 1069 2926 μέχρι
1121 2861 1306 2929 καιροῦ
1362 2861 1454 2914 τῆς
1506 2851 1757 2927 ἐνδημίας
1811 2864 1904 2908 τοῦ

290 2949 690 3015 πατριαρχικοῦ
742 2940 990 3014 ἐξάρχου,
1066 2942 1232 3004 οὕτως
1290 2945 1360 3003 ὡς
1407 2943 1578 3016 ἔμελλε
1648 2940 1903 3018 διεξάγειν

292 3038 462 3082 ταῦτα
491 3035 581 3081 καὶ
614 3033 945 3102 σφραγισθεί.
1015 3030 1148 3085 Ἀλλ’
1197 3033 1279 3084 ὅτε
1329 3029 1620 3106 ἐνδημῆσει
1675 3035 1700 3085 ό
1756 3033 1903 3107 ἔξαρ-

291 3138 413 3192 χος,
487 3119 854 3194 σφραγιζέσθω
931 3123 1072 3195 παρὰ
1179 3129 1272 3173 τοῦ
1369 3120 1620 3195 ἐξάρχου.
1710 3121 1905 3183 Ἄπλῶς

288 3210 391 3281 γάρ
417 3208 505 3261 ὑπ’
558 3204 767 3270 οὐδενὸς
830 3208 1002 3284 ἐτέρου
1059 3212 1520 3286 σφραγισθήσεται
1568 3212 1594 3263 ὁ
1646 3219 1738 3272 τῆς
1792 3218 1978 3301 Ma-C

287 3302 637 3370 κρινιτίσσης,
689 3299 988 3370 ἡγούμενος,
1034 3299 1078 3350 εἰ
1126 3303 1198 3372 μὴ
1256 3302 1400 3373 παρὰ
1447 3307 1539 3361 τῆς
1603 3301 1750 3372 ἡμῶν
1807 3319 1903 3373 με-

284 3392 574 3462 τριότητος,
622 3387 652 3446 ἢ
681 3392 784 3460 μὴν
841 3395 933 3440 τοῦ
987 3387 1216 3464 ἐξάρχου
1261 3389 1440 3450 αὐτῆς.
1493 3389 1784 3462 Ἀνηνέχθη
1845 3385 1905 3444 δὲ

283 3481 373 3530 καὶ
398 3482 516 3552 περὶ
558 3484 652 3530 τοῦ
717 3480 1124 3548 καταταχθῆναι
1208 3478 1278 3540 εἰς
1361 3477 1717 3552 παραλαύριον
1809 3486 1905 3541 τῆς

280 3570 724 3640 Μακρινιτίσσης,
781 3570 876 3625 τὴν
954 3570 1089 3619 κατὰ
1133 3565 1472 3640 τῆν’ἐνορίαν
1527 3575 1623 3630 τῆς
1667 3567 1904 3640 ἁγιωτά-

280 3674 375 3716 της
413 3655 710 3716 ἐπισκοπῆς
797 3654 1092 3708 Βε).εστίνου
1173 3653 1506 3729 διακειμένην
1591 3661 1754 3727 μονὴν
1809 3664 1906 3717 τῆς

280 3747 545 3816 πανάγνου
603 3748 861 3797 Θεοτόκου
926 3749 1019 3803 τὴν
1077 3744 1160 3798 ἐπὶ
1216 3749 1593 3820 σταυροπηγίῳ
1637 3748 1726 3818 μὲν
1779 3748 1906 3797 ταύ-

286 3853 385 3894 της
429 3841 526 3894 τῆς
590 3831 873 3894 ἐπισκοπῆς
943 3833 1262 3900 Βελεστίνου,
1353 3831 1734 3908 δεδομημένην,

294 3929 458 3995 κυροῦ
512 3921 799 3994 Ἱλαρίωνος
867 3921 926 3976 δὲ
989 3924 1288 3997 λεγομένην.
1391 3925 1530 3978 Ἐπεὶ
1586 3928 1757 3977 τοίνυν
1803 3931 1908 3984 τοῖς

301 4013 492 4083 ἔχουσι
521 4010 682 4070 αὐτὴν
725 4011 929 4070 θελητόν
959 4012 1074 4065 ἐστι
1103 4020 1354 4086 μπόχιον
1424 4014 1690 4066 ὑποθεῖναι
1745 4013 1907 4072 αὐτὴν

300 4099 369 4160 εἰς
410 4104 504 4159 τὴν
584 4105 744 4172 μονὴν
822 4110 918 4163 τῆς
962 4107 1407 4176 Μακρινιτίσσης,
1475 4100 1770 4175 διορίζεται
1820 4105 1910 4154 καὶ

298 4196 452 4241 τοῦτο
499 4191 530 4247 ἡ
608 4194 882 4264 μετριότης
935 4193 1080 4263 ἡμῶν
1129 4191 1264 4243 ούτω
1311 4193 1572 4262 γενέσθαι,
1613 4195 1701 4243 καὶ
1753 4209 1912 4244 κατα-

300 4280 571 4350 ταχθῆναι
624 4282 821 4338 ταύτην
889 4285 984 4338 τὴν
1052 4285 1212 4352 μονὴν
1260 4287 1353 4332 τοῦ
1405 4288 1568 4355 κυροῦ
1622 4279 1914 4356 Ἱλαρίωνος

301 4371 548 4440 μετόχιον
610 4377 707 4430 τῆς
786 4373 1226 4443 Μακρινιτίσσης.
1299 4371 1577 4422 Κανονικόν
1648 4372 1747 4444 γὰρ
1823 4373 1913 4421 καὶ

301 4463 454 4506 τοῦτο
484 4461 574 4508 καὶ
601 4452 635 4508 δ
642 4461 829 4511 ίκαιον.
865 4457 1004 4515 Πλὴν
1032 4459 1058 4509 ό
1088 4455 1368 4519 ἐπίσκοπος
1429 4457 1487 4511 ού
1556 4457 1641 4510 ἐπὶ
1696 4477 1914 4532 σταυρο-

302 4546 533 4615 πηγίῳὴ
568 4549 722 4617 μονὴ,
770 4543 936 4616 ἐχέτω
993 4544 1042 4597 ἐν
1095 4546 1226 4604 αύτῆ
1286 4551 1378 4606 τὴν
1433 4545 1691 4620 ἀναφορὰν
1751 4546 1911 4599 αύτοῦ

301 4637 390 4684 καὶ
441 4636 500 4685 τὸ
561 4633 880 4706 ὀφειλόμενον
953 4634 1091 4706 αύτῷ
1163 4640 1448 4692 κανονικὸν.
1537 4636 1647 4708 Ἐφ’
1714 4637 1912 4689 ἅπασιν

301 4721 390 4774 οὖν
440 4725 638 4784 τούτοις
690 4722 913 4795 ἐγεγόνει
952 4732 1013 4782 τῆ
1096 4722 1434 4798 διειλημμένη
1486 4734 1614 4797 μονῆ
1658 4733 1749 4786 τῆς
1792 4733 1914 4779 Μα-

299 4817 637 4884 κρινιτίσσης
664 4817 755 4865 καὶ
781 4819 914 4865 πᾶσι
944 4821 1050 4874 τοῖς
1089 4813 1220 4872 αύτῆ
1284 4811 1593 4890 διαφέρουσι
1647 4816 1704 4866 τὸ
1750 4818 1916 4891 παρὸν

1814 3841 1906 3885 τοῦ

2017 1960 2156 2017 dem
2179 1960 2487 2034 contingat
2505 1959 2589 2016 ibi
2617 1959 2908 2016 diversari
2930 1955 3424 2030 patriarchalium
3449 1955 3678 2027 jurium

2017 2049 2367 2118 exarchum,
2384 2065 2558 2105 cruce
2570 2047 2931 2118 insigniatur
2942 2046 3022 2104 ab
3035 2061 3106 2102 eo
3118 2044 3453 2118 praefectum
3471 2059 3682 2102 secun-

2017 2137 2166 2194 dum
2197 2137 2510 2209 antiquam
2533 2134 3003 2193 ecclesiasticam
3047 2132 3566 2192 consuetudinem.
3620 2133 3679 2189 Si

2017 2231 2220 2283 autem
2249 2225 2519 2283 fortassis
2550 2225 2708 2282 absit
2737 2224 2816 2280 ab
2845 2224 2918 2280 iis
2948 2222 3222 2296 partibus
3245 2221 3679 2294 patriarchicus

2016 2315 2336 2385 exarchus,
2357 2315 2802 2371 monachorum
2843 2312 3118 2370 omnium
3143 2315 3201 2368 et
3222 2309 3513 2370 Comneni
3539 2325 3680 2368 con-

2018 2419 2201 2460 sensu
2231 2404 2454 2460 electus
2485 2404 2752 2471 antistes,
2793 2401 2946 2459 sicut
2987 2400 3353 2474 praeﬁnitum
3404 2403 3510 2468 est,
3569 2399 3680 2456 ob-

2017 2492 2200 2548 tineat
2227 2492 2354 2565 ipse
2377 2492 2603 2561 omnia,
2633 2508 2768 2564 quae
2801 2490 2882 2548 ad
2910 2489 3350 2547 monasterium
3407 2491 3682 2562 spectant

2016 2597 2141 2638 una
2156 2599 2290 2638 cum
2306 2582 2675 2639 monasterio
2688 2581 2840 2654 ipso,
2857 2584 2914 2637 et
2931 2578 3523 2637 administretomnia
3547 2582 3679 2635 tan-

2014 2688 2202 2744 quam
2233 2671 2547 2744 praefectus
2595 2685 2788 2744 usque
2840 2670 2920 2726 ad
2963 2669 3223 2726 reditum
3264 2667 3679 2741 patriarchalis

2013 2759 2276 2829 exarchi,
2309 2776 2381 2816 eo
2413 2775 2660 2834 prorsus
2685 2758 2894 2826 modo,
2925 2773 3048 2831 quo
3094 2758 3380 2831 deinceps
3426 2757 3681 2814 admini-

2014 2854 2309 2906 straturus
2340 2855 2448 2918 est,
2485 2866 2626 2905 cum
2686 2864 2862 2904 cruce
2918 2848 3240 2918 insignitus
3291 2846 3485 2904 fuerit.
3531 2847 3680 2904 Cum

2012 2955 2154 2995 vero
2165 2939 2404 2995 redierit
2415 2938 2736 3002 exarchus,
2759 2941 2889 2994 tum
2907 2936 2985 2993 ab
2997 2951 3066 2992 eo
3081 2951 3256 2992 cruce
3286 2935 3674 3007 insigniatur:

2015 3043 2053 3084 a
2080 3027 2246 3084 nullo
2275 3025 2597 3084 enim'alio
2644 3025 3017 3082 Macrinitissi
3071 3023 3384 3097 praefectus
3438 3039 3679 3081 crucem

2012 3116 2276 3189 recipere
2305 3119 2518 3188 potest,
2550 3119 2954 3188 praeterquam
2983 3130 3021 3171 θ.
3050 3112 3467 3170 moderatione
3517 3127 3679 3177 mea,

2012 3205 2109 3261 vel
2136 3205 2292 3262 illius
2316 3206 2599 3262 exarcho.
2633 3205 3014 3277 Propositum
3078 3207 3169 3260 est
3224 3206 3450 3274 autem,
3501 3205 3567 3259 ut
3617 3202 3680 3258 in

2013 3293 2346 3367 hospitium
2424 3292 2794 3352 Macrinitissi
2871 3293 3180 3364 redigatur
3243 3291 3681 3349 monasterium

2015 3383 2408 3440 sanctissimae
2422 3383 2690 3455 Deiparaa
2715 3382 2892 3438 situm
2920 3397 3110 3454 prope
3130 3380 3491 3438 territorium
3511 3395 3681 3437 sanc-

2014 3472 2228 3529 tissimi
2252 3473 2640 3545 episcopatus
2665 3471 2959 3539 Belestini,
2991 3471 3108 3527 sub
3133 3470 3359 3528 ditione
3421 3470 3676 3544 quidem

2011 3561 2194 3633 hujus
2227 3561 2502 3618 Belestini
2559 3560 2830 3634 episcopi
2881 3559 3270 3626 aediﬁcatum,
3330 3558 3682 3630 dictumque

2013 3650 2222 3706 domni
2255 3651 2609 3707 Hiliarionis.
2637 3650 2935 3716 Quoniam
2968 3649 3148 3718 igitur
3187 3648 3344 3704 illius
3407 3662 3682 3720 posesso-

2011 3755 2109 3796 res
2139 3740 2200 3794 in
2229 3739 2560 3812 hospitium
2583 3737 2953 3795 Macrinitissi
2975 3737 3245 3808 redigere
3270 3738 3475 3809 ipsum
3493 3736 3683 3793 inten-

2013 3828 2184 3896 dunt,
2205 3828 2320 3884 hoc
2351 3829 2529 3885 etiam
2562 3827 2930 3884 exsecutioni
2957 3827 3236 3884 mandari
3265 3824 3529 3882 decernit
3553 3839 3681 3882 mo-

2015 3917 2243 3974 deratio
2273 3932 2428 3988 mea,
2470 3920 2528 3973 et
2568 3915 2761 3988 redigi
2813 3915 2929 3972 hoc
2978 3914 3419 3972 monasterium
3469 3907 3682 3970 domni

2017 4005 2335 4062 Hilarionis
2361 4006 2424 4061 in
2443 4005 2775 4078 hospitium
2805 4003 3177 4062 Macrinitissi
3207 4021 3220 4060 :
3252 4003 3367 4060 hoc
3390 4001 3556 4059 enim
3598 4000 3681 4059 le-

2017 4097 2239 4154 ditione
2264 4096 2700 4154 monasterium
2721 4100 2828 4165 est,
2858 4095 3115 4169 accipiat
3141 4094 3221 4152 ab
3259 4095 3396 4168 ipso
3455 4092 3682 4150 sensio-

2017 4203 2159 4244 nem
2185 4186 2578 4260 debitumque
2608 4187 2922 4244 tributum.
2952 4188 3273 4259 Propterea
3300 4185 3480 4256 igitur
3521 4183 3682 4241 dicto

2018 4277 2384 4333 monasterio
2448 4275 2839 4335 Macrinitisso
2906 4280 2964 4332 et
3019 4273 3303 4332 omnibus
3348 4274 3429 4332 ad
3480 4273 3684 4347 ipsum

2020 4365 2430 4439 spectantibus
2471 4381 2742 4438 praesens
2793 4365 3204 4439 hypomnema
3253 4363 3685 4422 moderationis

2019 4472 2171 4512 meae
2184 4456 2255 4511 im
2262 4456 2484 4527 pertior
2496 4455 2572 4512 ad
2586 4459 2930 4528 perpetuam
2945 4456 3502 4513 ﬁrmitatem.Mense
3515 4453 3683 4512 Octo-

2019 4547 2112 4603 bri
2143 4545 2390 4602 decimae
2418 4544 2648 4616 quintae
2671 4545 3035 4609 indictionis,
3070 4544 3215 4610 anni
3271 4548 3409 4600 6765
3453 4544 3687 4616 (Christi

2025 4638 2204 4702 l257),
2235 4633 2398 4705 quod
2424 4632 2673 4706 quidem
2724 4634 3141 4706 hypomnema
3189 4633 3436 4707 propria
3494 4647 3686 4689 manu

2025 4722 2470 4778 subscribentes
2484 4720 2998 4792 subsignavimus,
3015 4725 3072 4779 et
3084 4727 3438 4779 consuetam
3450 4720 3694 4779 bullam-

2026 4811 2274 4869 inferius
2304 4809 2760 4883 suspendimus.

301 4901 588 4974 ὑπόμνημα
629 4909 725 4964 τῆς
793 4904 938 4974 ἡμῶν
1013 4909 1350 4978 μετριότητος
1415 4905 1490 4965 εἰς
1547 4900 1762 4963 διηνεκῆ
1847 4903 2150 4977 ἀσφάλειαν.
2214 4902 2362 4955 Κατὰ
2416 4909 2558 4973 μῆνα
2608 4898 2921 4975 Ὀκτώϐριον
2963 4907 3061 4963 τῆς
3104 4903 3252 4952 πέντε
3313 4904 3404 4953 καὶ
3461 4895 3684 4960 δεκατης
3715 4895 3729 4906 ’

301 4990 654 5062 ἐπινεμήσεως
723 4999 816 5043 τοῦ
860 4991 1322 5065 ἑξακισχιλιοστοῦ
1417 4993 1832 5047 ἐπτακοσιοστοῦ

1945 4992 2229 5056 ἑξηκοστοῦ
2301 4993 2538 5063 πέμπτου
2623 4991 2738 5042 ἔτου
2749 5010 2770 5052 ς
2781 5032 2794 5045 .

2905 4989 2987 5044 Ἐν
3097 4989 3138 5048 ᾧ
3230 4992 3321 5042 καὶ
3402 4994 3466 5048 τῆ
3523 4985 3682 5040 αύτο-

3097 4989 3138 5060 ᾧ

300 5083 468 5152 χείρῳ
489 5081 763 5155 ύπογραφῆ
787 5082 1233 5155 ύποσημηναμένη
1269 5085 1298 5141 ἡ
1329 5087 1608 5158 μετριότης
1627 5084 1791 5156 ἡμῶν,
1835 5087 1925 5136 καὶ
1951 5087 2045 5142 τὴν
2081 5081 2281 5140 συνήθη
2310 5078 2532 5153 βούλλαν
2562 5081 2790 5133 κάτωθεν
2815 5077 3148 5153 ἁπηώρησεν.

515 5222 700 5296 Στίχοι
726 5225 790 5284 ὡς
809 5226 866 5277 εκ
894 5231 1177 5298 προσώπου
1208 5233 1300 5279 τοῦ
1349 5233 1618 5304 κτήτορος.

377 5362 520 5435 Ἐμοὶ
541 5371 694 5438 μοναὶ
717 5373 856 5440 τρεῖς
878 5369 990 5440 ἅμα
1030 5374 1436 5442 συντεταγμέναι

378 5457 480 5505 Καὶ
510 5461 621 5514 ταῖς
641 5455 916 5526 μεγίσταις
946 5456 1170 5515 κλήσεσι
1195 5458 1524 5532 κεκλημέναι,

375 5538 432 5592 Ἠ
463 5544 553 5612 μὲν
581 5544 682 5617 γὰρ
710 5543 853 5596 ἐστιν
875 5543 928 5596 ἐκ
956 5551 1190 5619 χριστοῦ
1211 5554 1303 5599 τοῦ
1333 5552 1596 5621 Λατόμου,

374 5627 434 5681 ’Π
474 5625 603 5682 δ’ἐκ
628 5635 892 5705 πανάγνου
913 5639 1003 5687 καὶ
1032 5636 1265 5710 καθαρᾶς
1302 5640 1585 5710 Παρθένου,

375 5723 540 5778 Ταίτη
576 5716 814 5795 δ’ἐφεξῆς
841 5723 993 5786 αὖθις
1025 5723 1367 5798 ὠνομασμένη

2215 5225 2428 5281 Versus
2459 5228 2746 5294 tanquam
2774 5237 2848 5281 ea!
2869 5236 3128 5294 persona
3144 5219 3495 5278 conditoris.

2093 5369 2225 5426 Tria
2244 5368 2395 5426 mihi
2415 5369 2783 5426 monasteria
2811 5368 2991 5425 simul
3043 5369 3404 5434 constructa,

2095 5463 2285 5531 Atque
2315 5458 2618 5531 praeclaris
2644 5457 2998 5515 nominibus
3039 5461 3412 5530 nuncupata.

2097 5551 2294 5604 Unum
2323 5548 2571 5621 quidem
2603 5551 2694 5603 est
2721 5547 2935 5604 Christi
2979 5547 3226 5605 Latomi.

2091 5637 2358 5693 Alterum
2384 5636 2734 5693 castissimae
2765 5652 3054 5710 puraeque
3085 5637 3359 5709 Virginis,

2093 5725 2350 5784 Tertium
2377 5732 2580 5784 autem
2609 5741 2817 5784 rursus
2846 5726 3200 5800 insignitum
