4152 6382
475 340 579 398 947

477 465 728 522 Nomine
759 465 1146 521 Praecursoris
1171 468 1348 523 Novae
1392 471 1590 537 Petrze,

481 554 596 610 Sed
621 555 750 625 jam
781 569 889 626 pro
916 554 1008 610 his
1039 571 1110 611 ex
1139 556 1478 614 coelestibus
1508 559 1753 616 sedibus

479 641 753 697 Validum
786 642 932 699 mihi
955 644 1244 700 auxilium
1267 647 1489 718 praebe,
1519 650 1620 704 Dei
1661 650 1938 723 Verbum,

479 733 738 803 Mezeque
770 733 1033 804 conjugi,
1065 734 1537 808 charissimoque
1579 738 1719 795 ﬁlio.

483 820 870 894 Quaecunque
909 823 1069 878 enim
1103 839 1140 878 a
1170 840 1264 880 me
1297 830 1464 895 gesta
1494 833 1654 897 sunt,

479 909 545 966 In
557 910 717 966 hunc
733 910 917 967 ﬁnem
939 911 1264 980 collimant,
1297 919 1474 986 atque
1495 916 1609 972 hoc
1631 920 1920 992 consequi
1943 921 2140 978 solum

1518 1003 1689 1077 [mihi
1716 1024 1872 1063 curae
1905 1015 2011 1067 est.

483 1092 638 1147 Dum
661 1089 1126 1148 intercedentem
1155 1092 1354 1148 habeo
1379 1093 1674 1165 optimam
1704 1097 2005 1168 Virginem

481 1183 530 1235 A
559 1183 840 1252 prompto
865 1181 1087 1236 auxilio
1111 1181 1329 1250 solum,

481 1268 892 1342 Maximusque
923 1269 1168 1341 aﬂ‘ulget
1195 1271 1439 1328 luminis
1465 1273 1549 1328 tui
1599 1274 1904 1346 splendor,

479 1361 613 1414 Haec
643 1363 784 1416 vota
823 1359 993 1416 facile
1022 1362 1309 1434 consequi
1373 1364 1755 1435 speraverim.

1685 348 1961 404 ARSENII
2002 349 2101 406 CP.
2162 350 2645 412 PATRIARCHAE.

2165 476 2211 528 A

3744 370 3850 425 948

2321 475 2410 528 Ἐκ
2436 475 2748 553 Προὸρόμου
2775 487 2866 532 τοῦ
2894 484 3028 534 πάνυ
3051 491 3146 544 τῆς
3169 488 3304 546 Νέας
3350 490 3572 562 Πέτρας.

2323 566 2456 620 Ἀλλ’
2489 566 2601 620 ἀντὶ
2629 572 2825 622 τούτων
2857 570 2912 622 ἐκ
2935 581 3101 643 μονῶν
3130 574 3379 646 οὐρανίων

2321 659 2456 708 Λὶαν
2487 655 2600 728 ἐμοὶ
2631 659 2904 730 πάρασχε,
2926 667 3018 712 τοῦ
3040 668 3172 714 Θεοῦ
3203 665 3359 734 Λὸγε,

2317 751 2390 802 Τῆ
2423 745 2639 817 συζύγῳ
2665 766 2718 798 τε
2743 752 2832 799 καὶ
2860 753 3015 820 τέκνῳ
3052 751 3364 824 πεφιλμένῳ.

2322 833 2466 906 Ἐμοὶ
2494 837 2593 908 γὰρ
2607 835 2742 888 ἅπαν
2765 835 2944 891 ἐνθαδὶ
2973 844 3327 914 πεπραγμένον

2320 924 2403 984 Εἰς
2424 931 2575 977 τοῦτο
2605 930 2774 996 τείνει,
2800 931 2887 980 καὶ
2915 936 3098 1000 τυχεῖν
3133 933 3273 992 ζητῶ
3303 934 3476 1002 μόνον.

2319 1102 2468 1174 Ἕχω
2505 1109 2708 1174 μεσῖτιν
2741 1103 2942 1176 ἀγαθὴν
2966 1109 3060 1165 τὴν
3090 1109 3345 1181 Παρθένον

2319 1197 2423 1250 Τὴν
2447 1192 2701 1255 ὀξυτάτην
2733 1194 2802 1256 εἰς
2834 1193 3105 1268 ἐπίσκεψιν
3126 1201 3308 1270 μόνην,

2322 1287 2422 1334 Καὶ
2451 1285 2536 1334 τὸν
2573 1286 2818 1355 μέγιστον
2850 1284 2959 1357 ἅμα
2987 1293 3078 1338 τοῦ
3105 1290 3269 1358 φωτός
3301 1286 3513 1360 λύχνον·

2324 1376 2420 1424 Καὶ
2459 1373 2583 1446 ῥᾷον
2610 1372 2670 1424 ἂν
2691 1376 2914 1447 τύχοιμι
2944 1380 3032 1428 καὶ
3060 1383 3159 1427 τῶν
3196 1373 3446 1434 ἐλπίδων.

2187 1529 3838 1567 _.___.________________

1898 1660 2429 1754 ΔΙΑΘΗΚΗ

935 1860 1076 1916 ΤΟΥ
1116 1867 1493 1917 ΑΓΙΩΤΑΤΟΥ
1536 1869 1861 1917 ΑΡΣΕΝΙΟΥ
1901 1865 1978 1938 (1)
2016 1872 2567 1924 ΑΡΧΙΕΠΙΣΚΟΠΟΥ
2607 1878 3396 1930 ΚΩΝΣΤΑΝΤΙΝΟΥΠΟΛΕΩΣ

1353 1969 1522 2016 ΝΕΑΣ
1562 1969 1785 2016 ΡΩΜΗΣ
1829 1970 1941 2018 ΚΑΙ
1980 1966 2499 2023 ΟΙΚΟΥΜΕΝΙΚΟΥ
2538 1978 2984 2029 ΠΑΤΡΙΑΡΧΟΥ.

1750 2226 1890 2309 ΤΕ
1900 2226 2345 2316 STAMEN
2350 2231 2592 2314 TUM

586 2425 1135 2491 SANCTISSIMI
1175 2427 1526 2491 ARSENII
1570 2428 2225 2493 ARCHIEPISCOPI
2271 2428 3127 2495 CONSTANTINOPOLIS
3173 2433 3429 2498 NOV/E
3474 2437 3748 2502 ROMIE

1527 2538 1632 2599 ET
1675 2533 2195 2603 OECUMENICI
2241 2534 2807 2598 PATRIARCH/E

1125 2723 1330 2798 (Apud
1366 2723 1728 2782 Dotelerium
1770 2720 1831 2775 in
1869 2715 2264 2776 Monumentis
2309 2715 2582 2775 Ecclesiae
2630 2719 2864 2790 Graecae,
2915 2725 3063 2780 tom.
3113 2722 3207 2795 1],)

559 2980 600 3034 l.
633 2977 1090 3034 Vocalissimum
1132 2978 1756 3051 Prophetam-Regem,
1787 2988 1858 3030 ac
1907 2970 2006 3025 Dei
2035 2983 2141 3041 pa-

2323 2969 2398 3024 A'.
2483 2977 2586 3024 Τοῦ
2638 2971 3131 3045 μεγαλοφωνοτάτου
3227 2974 3657 3046 προφητάνακτος

491 3069 639 3122 trem
671 3067 956 3124 Davidem
982 3067 1250 3140 quotidie
1272 3067 1475 3136 audio,
1505 3065 1840 3120 dicentem:
1878 3084 1898 3112 α
1929 3065 2137 3130 Homo,

489 3154 641 3211 sicut
656 3154 884 3213 faenum
899 3157 1026 3213 dies
1041 3157 1170 3226 ejus
1195 3175 1207 3211 :
1238 3152 1652 3226 tanquamﬂos
1678 3153 1825 3222 agri,
1856 3151 1939 3206 sic
1979 3148 2144 3205 efﬂo-

486 3243 692 3301 rebit‘.
711 3267 740 3295 »
763 3245 866 3302 Et:
902 3268 929 3296 ‹‹
953 3249 1142 3302 Homo
1155 3243 1404 3299 vanitati
1423 3242 1632 3297 similis
1654 3241 1846 3298 factus
1869 3245 1959 3296 est
1982 3237 2141 3307 gdies

486 3334 616 3405 ejus
645 3335 796 3392 sicut
825 3335 1044 3392 umbra
1071 3334 1482 3404 praetereunt!
1501 3352 1528 3380 »
1553 3332 1783 3398 Quibus
1807 3330 1956 3386 nihil
1977 3328 2143 3385 aliud

487 3423 784 3494 signiﬁcat
813 3439 998 3496 quam
1022 3421 1306 3475 humanae
1349 3426 1579 3477 naturae
1647 3421 1900 3477 celerem
1952 3418 2144 3475 defec-

485 3513 712 3570 tionem
743 3512 1042 3580 citamque
1067 3512 1345 3564 mortem.
1370 3511 1562 3566 Audio
1583 3510 1804 3583 pariter
1835 3507 2145 3581 sapientis-

485 3604 707 3660 simum
732 3599 1115 3658 Salomonem
1131 3597 1344 3655 eadem
1365 3601 1874 3672 pronuntiantem,
1910 3599 2143 3672 ipsique

487 3691 925 3753 concinentem,
949 3702 1056 3759 per
1080 3686 1209 3743 haec
1232 3689 1451 3746 verba:
1474 3712 1502 3740 ‹‹
1526 3691 1765 3747 Vanitas
1784 3690 2142 3759 vanitatum,

489 3781 696 3840 omnia
710 3776 966 3834 vanitas.
984 3799 1012 3828 ››
1040 3779 1545 3853 Quandoquidem
1564 3781 1742 3851 igitur
1757 3781 1964 3836 omnia
1991 3795 2146 3836 vana

491 3873 649 3939 sunt,
681 3865 950 3939 nihilque
977 3883 1008 3924 e
1029 3868 1209 3924 rebus
1225 3871 1626 3942 praesentibus
1642 3871 1890 3926 ﬁrmum
1921 3874 2026 3935 est,
2060 3869 2146 3924 ni-

489 3957 573 4016 hil
599 3971 1027 4028 corporeorum
1056 3957 1151 4014 vel
1177 3960 1413 4032 corpori
1451 3961 1858 4031 adjacentium
1906 3975 2144 4031 perma-

493 4063 665 4116 nens,
697 4047 902 4105 anima
925 4065 1068 4106 vero
1105 4051 1358 4106 materia
1387 4056 1548 4107 caret
1588 4066 1658 4106 ac
1711 4055 1967 4106 mortem
2023 4065 2146 4106 non

493 4137 750 4210 patitur;
784 4143 1016 4210 oportet
1047 4143 1107 4193 ut
1136 4139 1332 4195 cuncti
1385 4139 1844 4195 sollicitudinem
1902 4155 2145 4194 omnem

497 4243 829 4299 curamque
849 4231 910 4284 in
951 4244 1022 4284 ea
1071 4233 1127 4284 et
1172 4228 1234 4283 in
1276 4229 1457 4284 rebus
1507 4229 1587 4284 ad
1615 4228 1775 4284 illam
1811 4227 2148 4299 pertinenti-

3768 2996 3857 3028 και

2256 3060 2559 3132 θεοπάτορος
2612 3058 2779 3114 Δαϐἱδ
2862 3064 3189 3121 καθεκάστην
3243 3061 3650 3137 ἐπακροώμενος·
3705 3064 3851 3116 «Ἂν-

2256 3149 2451 3221 θρωποι
2474 3152 2598 3202 ὡσεὶ
2623 3155 2815 3224 χόρτος
2845 3153 2900 3203 αἱ
2927 3153 3117 3224 ἡμέραι
3159 3152 3339 3204 αὐτοῦ·
3399 3153 3524 3204 ὡσεὶ
3575 3154 3726 3214 ἄνθος
3757 3158 3847 3204 τοῦ

2255 3238 2436 3313 ἀγροῦ,
2481 3242 2641 3303 οὕτως
2683 3240 3010 3303 ἐξανθήσειο»
3061 3247 3171 3308 καὶ,
3207 3264 3235 3293 κ
3287 3243 3594 3318 Ἀνθρωπος
3639 3246 3848 3317 ματαιό-

2253 3349 2371 3388 τητι
2404 3331 2674 3401 ὡμοιώθη,
2702 3333 2755 3382 αἱ
2786 3334 2975 3403 ἡμέραι
3021 3331 3179 3384 αὐτοῦ
3238 3335 3364 3385 ὡσεὶ
3425 3335 3550 3386 σκιὰ
3593 3335 3855 3408 παράγου-

2256 3438 2396 3472 σιν·››
2437 3415 2588 3472 οὐδὲν
2628 3419 2749 3472 α’).λο
2795 3416 3076 3483 δηλοῦντος
3136 3421 3166 3480 ἢ
3212 3425 3270 3474 τὸ
3319 3425 3722 3499 ταχυμάραντον
3767 3426 3858 3475 καὶ

2255 3508 2523 3581 ὠκύμορον
2545 3516 2636 3568 τῆς
2685 3517 2785 3560 τῶν
2835 3508 3115 3584 ἀνθρώπων
3171 3513 3390 3583 φύσεως·
3452 3516 3539 3564 καὶ
3585 3519 3677 3564 τοῦ
3727 3531 3859 3563 παν-

2258 3602 2422 3669 σόφου
2470 3598 2788 3671 Σολομῶντος
2838 3602 2904 3651 τὰ
2949 3600 3086 3652 αύτὰ
3139 3604 3304 3672 τούτῳ
3359 3603 3706 3673 φθεγγομένου
3767 3605 3859 3652 καὶ

2258 3684 2570 3759 συνᾴδοντος
2645 3688 2696 3740 ἐν
2744 3696 2836 3760 τῷ,
2909 3711 2936 3737 ‹‹
2965 3694 3270 3752 Ματαιότης
3330 3695 3694 3762 ματαιοτήτων
3755 3689 3856 3758 (2),

2255 3779 2288 3828 ὰ
2318 3778 2490 3829 πάντα
2537 3782 2845 3849 ματαιότης·
2904 3799 2932 3827 ››
2989 3777 3096 3831 ἐπεὶ
3163 3779 3251 3830 οὖν
3299 3781 3366 3831 τὰ
3412 3781 3584 3831 πάντα
3633 3781 3856 3851 μάταια,

2254 3871 2344 3917 καὶ
2369 3863 2518 3918 οὐδὲν
2571 3865 2781 3938 βέϐαιον
2842 3875 2940 3918 τῶν
2993 3871 3258 3942 παρόντων
3307 3864 3430 3921 οὐδὲ
3482 3873 3696 3941 μόνιμον
3757 3875 3857 3920 τῶν

2257 3963 2566 4026 σωματικῶν
2595 3975 2682 4006 και
2708 3960 2825 4028 περὶ
2849 3959 2905 4006 τὸ
2937 3963 3108 4028 σῶμα,
3141 3957 3170 4014 ἡ
3193 3955 3200 3961 ’
3227 3956 3382 4028 ψυχὴ
3446 3953 3505 4008 δὲ
3558 3961 3648 4008 καὶ
3703 3954 3857 4008 ἄῦλον

2255 4048 2344 4095 καὶ
2376 4042 2648 4095 ἀθάνατον·
2681 4049 2791 4117 χρὴ
2817 4051 2950 4096 πᾶσι
2990 4049 3081 4102 τὴν
3121 4045 3329 4097 ἅπασαν
3387 4045 3555 4098 αὐτῶν
3606 4047 3857 4118 μέριμναν

2258 4134 2346 4184 καὶ
2378 4129 2629 4204 φροντίδα
2679 4136 2805 4206 πρὸς
2861 4133 3024 4191 αὐτὴν
3089 4138 3180 4186 καὶ
3241 4137 3306 4186 τὰ
3361 4139 3475 4207 περὶ
3533 4134 3692 4192 αὐτὴν
3738 4132 3858 4184 ἁνα-

2256 4221 2472 4287 λὶσκειν,
2527 4226 2615 4272 καὶ
2665 4218 2916 4284 διηνεκῶς
2973 4228 3066 4280 τὴν
3121 4231 3212 4276 τοῦ
3263 4225 3483 4276 θανάτου
3537 4225 3672 4298 ὥραν
3724 4224 3861 4274 κατὰ

495 4316 609 4372 bus
646 4316 1021 4388 impendant,
1044 4331 1280 4372 necnon
1330 4317 1610 4372 continue
1672 4317 1880 4371 mortis
1935 4315 2147 4371 horam

2257 4318 2373 4360 νοῦν
2404 4311 2662 4377 τίθεσθαι,
2690 4316 2777 4363 καὶ
2802 4312 2942 4364 οὔπω
2991 4319 3082 4373 τῆς
3133 4315 3316 4366 τούτου
3369 4317 3579 4386 μνήμης
3634 4311 3728 4376 ἐξω
3778 4314 3860 4384 φέ-

492 4410 692 4463 mente
715 4411 946 4477 gerant,
963 4421 1072 4462 nec
1089 4421 1357 4478 unquam
1377 4405 1766 4462 intermittent
1791 4406 2147 4461 memoriam

489 4495 711 4554 obitus.

565 4627 589 4678 1
615 4621 767 4678 Psal.
796 4625 981 4688 (311,15.
1015 4621 1036 4656 ³
1067 4619 1220 4676 Psal.
1247 4637 1436 4688 CXLIII,
1458 4622 1511 4676 4.

559 4749 638 4821 (1)
677 4747 908 4821 Arsenii
937 4745 1244 4821 Autorianqi
1303 4749 1404 4803 ΟΡ.
1460 4745 1818 4821 patriarchae
1843 4762 1959 4815 res,
1982 4763 2147 4821 quee-

488 4818 716 4893 qu'e'ad
739 4822 1184 4893 Testamentum
1212 4818 1328 4893 hoc
1369 4824 1657 4889 spectant,
1695 4818 2021 4893 traduntur
2064 4820 2142 4875 ab

487 4889 782 4948 historicis
829 4890 1185 4962 Byzantinis,
1236 4890 1541 4962 Phrantze.
1592 4889 1950 4961 Acr0polita,
2007 4893 2143 4947 Gre-

485 4978 648 5034 gora,
683 4961 955 5029 Duca,’et
1022 4962 1349 5033 Pahymere
1431 4961 1729 5034 Videndus
1760 4962 1972 5034 etiam,
2029 4965 2139 5034 Leo

485 5032 732 5091 Allat'ius
763 5036 847 5090 De
864 5032 1198 5097 Methodiz‘s,
1224 5049 1282 5102 p.
1309 5036 1429 5097 383,
1461 5034 1583 5099 384,
1610 5032 1711 5086 ubi
1743 5032 1816 5087 de
1850 5033 2143 5088 Methodio

485 5105 787 5162 monacho
821 5107 930 5174 (a).
958 5109 1013 5160 et
1044 5103 1367 5158 schismate
1394 5105 1722 5158 Arseniano
1741 5119 1841 5158 seu
1872 5104 2142 5159 Arsenia-

485 5181 706 5231 tarum.
739 5179 801 5231 ln
836 5176 1122 5245 Catalogo
1151 5175 1573 5246 episcoporum
1604 5174 1881 5243 Byzantii,
1905 5177 2144 5246 Graeco-

487 5248 741 5302 Romani
769 5248 950 5326 .Juris,
1081 5245 1207 5314 304,
1259 5247 1283 5296 ὁ
1329 5245 1473 5316 ἅγιος
1501 5246 1765 5324 Ἀρο-ενιος
1796 5245 2141 5326 όἈύτωρεια..

485 5321 584 5397 νὸς,
609 5317 1118 5397 etquinquaginta
1145 5322 1285 5397 ante
1307 5333 1446 5372 eum
1469 5317 1650 5397 annis
1669 5317 2004 5397 patriarcha
2016 5323 2140 5397 tum

486 5386 756 5444 tenuerat
785 5386 1028 5443 Michael
1049 5388 1424 5453 Autorianus,
1451 5403 1520 5442 ex
1543 5387 1778 5455 eadem,
1815 5387 2138 5457 utvidetur,

486 5460 950 5530 Autorianorum
990 5464 1184 5530 gente.

558 5529 632 5601 (2)
690 5529 1011 5591 Ματαιότης
1050 5533 1433 5602 ματαιοτὴτων.
1509 5529 1660 5584 Eccl.
1719 5531 1760 5595 Ι,
1814 5534 1866 5586 2.
1932 5529 2140 5587 Obser-

557 5673 635 5745 (a)
667 5671 848 5745 Cujus
869 5688 1024 5745 opus
1049 5671 1346 5730 edidimus
1377 5686 1560 5744 supra
1589 5671 1651 5730 in
1675 5674 1791 5732 hoc
1811 5673 2134 5733 volumine.

2257 4400 2464 4471 ρεσθαι.

2255 4749 2416 4805 vatio
2452 4750 2512 4806 S.
2570 4748 2882 4817 Augustini
2934 4748 3037 4804 lib.
3091 4765 3108 4804 1
3165 4749 3530 4812 Retractum,
3604 4763 3740 4819 cap.
3798 4753 3858 4814 7,

2254 4822 2480 4876 variam
2497 4819 2798 4875 lectionem
2815 4822 3218 4876 vanitantium
3233 4837 3338 4875 seu
3351 4822 3729 4875 vanitantum
3743 4819 3863 4873 ori-

2256 4893 2453 4959 ginem
2469 4891 2686 4946 ducere
2701 4908 2736 4946 a
2753 4893 2968 4947 Latinis
2982 4891 3289 4946 codicibus
3305 4891 3506 4946 minus
3524 4891 3701 4957 veris,
3715 4905 3856 4944 cum

2255 4968 2450 5018 Greece
2482 4962 2775 5017 habeatur
2807 4965 3164 5026 vanitatum,
3197 4969 3447 5017 eatenus
3485 4978 3623 5016 vera
3651 4965 3760 5029 est,
3793 4965 3862 5016 ut

2253 5035 2375 5090 ﬁeri
2395 5035 2668 5114 potuerit,
2685 5033 2962 5105 quaedam
2977 5033 3556 5114 exemplariahGraeca
3569 5031 3860 5114 habuisse

2252 5103 2630 5177 ματαὶούντων,
2655 5103 2834 5177 equo
2868 5103 3290 5177 vanitantiym.
3328 5105 3490 5177 Certe
3517 5104 3574 5158 in
3607 5103 3860 5177 antiqua

2251 5173 2521 5232 versione
2543 5173 2977 5248 opusculorum
3018 5175 3256 5248 Eusebii
3284 5175 3575 5248 adﬁnem
3616 5173 3854 5248 lib._'vn,

2252 5245 2656 5303 vanitantidm
2714 5247 2967 5316 invenio,
3014 5246 3292 5317 quamvis
3340 5247 3501 5301 idem
3567 5245 3860 5317 Eusebius

2249 5321 2436 5390 Praep.
2455 5335 2664 5388 evang.
2684 5318 2788 5390 lib.
2804 5334 2876 5382 χι,
2891 5316 3092 5390 cap.7,
3110 5316 3858 5390 ponatparmorﬁmvﬂuid

2249 5391 2409 5462 quod
2431 5407 2540 5445 vox
2559 5389 2847 5444 Hebraica
2864 5389 3009 5443 verti
3024 5394 3215 5462 potest
3229 5389 3566 5445 vam'tatum
3583 5394 3639 5444 et
3669 5403 3857 5444 vano-

2249 5460 2380 5517 fum
2411 5462 2674 5533 indeque
2706 5464 3104 5516 vanitantz‘um
3133 5460 3161 5515 ?
