4152 6402
389 480 457 535 Β’.
490 480 584 532 Διά
614 496 696 530 τοι
731 483 884 530 τοῦτο
912 477 1059 549 κάγὼ
1097 477 1123 530 6
1148 479 1292 552 παρὰ
1340 481 1432 528 τοῦ
1467 479 1676 548 πρώτου
1735 478 1919 548 ποιμέ-
1948 481 1994 530 Α

315 589 401 634 νος
438 573 690 646 κρίμασιν
752 563 895 628 ἰδίας
946 566 1333 638 εὐσπλαγχνίας
1389 563 1743 639 ἕγχειρισθείς
1801 568 1920 626 τοὺς

316 659 785 718 ἕκκλησιαστικούς
847 655 1029 718 οἳακας
1099 662 1192 707 τοῦ
1253 661 1645 729 πατριαρχικοῡ
1715 656 1917 726 θρόνου,

319 750 404 802 ἵνα
431 750 489 800 τὸ
517 754 613 808 τῆς
641 745 990 820 κληροτομίας
1020 744 1181 797 αὐτοῦ
1220 747 1518 816 σχοίνισμα
1563 743 1683 815 ὅπερ
1713 743 1738 794 6
1797 749 1920 796 Ποι-

316 843 420 912 μὴν
465 838 492 889 6
561 834 717 896 καλος
767 843 838 904 τῷ
901 831 1023 906 ἰδίῴ
1085 834 1269 905 αἵματι
1329 831 1664 905 ἐξηγόρασεν,
1724 831 1921 903 εἰσάγω

317 930 445 1003 πρὸς
470 927 633 998 νομὰς
661 944 761 976 των
814 923 977 976 αὐτοῦ
1034 922 1242 974 ἐντολῶν
1300 923 1370 983 ὡς
1435 920 1770 981 ἐνεστηκυίας
1811 917 1918 978 ἤδη

317 1011 646 1078 τῆςέξοδίου
690 1032 811 1086 μου,
867 1017 961 1071 την
1013 1011 1305 1065 τελευταίαν
1360 1029 1459 1082 μου
1515 1009 1772 1082 βούλησιν
1825 1029 1924 1061 πα-

316 1101 534 1178 ραδηλῶ
563 1110 668 1163 τοῖς
692 1108 875 1168 πᾶσιν,
909 1102 992 1154 ἶνα
1024 1110 1188 1172 γνῶσι
1210 1103 1274 1152 τὰ
1299 1100 1415 1152 κατ’
1447 1098 1534 1172 ἐμέ
1559 1101 1639 1152 ὅτι
1689 1095 1923 1160 ούδόλως

319 1196 692 1265 συνήργησαῆ
749 1188 977 1244 ἒνέδωκα
1040 1194 1224 1264 μικρόν
1281 1210 1333 1242 τι
1390 1190 1460 1250 εἰς
1515 1192 1608 1250 τὰς
1663 1207 1922 1262 προγεγο-

316 1283 460 1343 νυίας
507 1281 778 1355 ἐπιορκίας
831 1285 920 1332 καὶ
985 1284 1334 1351 παραναμίας.
1391 1281 1739 1353 Μαρτύρομαι
1771 1280 1920 1343 Θεὸν,

318 1373 654 1446 μαρτύρομαι
709 1373 828 1430 τοὺς
901 1368 1167 1429 ἐκλεκτούς
1242 1373 1332 1421 καὶ
1407 1368 1586 1439 ἁγίους
1658 1365 1922 1438 ἀγγέλους.

393 1476 464 1534 Γ.
521 1475 787 1549 Ὀμολογῶ
836 1471 944 1544 οὖν,
1007 1479 1244 1547 ποίμνιον
1297 1481 1390 1526 τοῦ
1444 1481 1576 1526 Θεοῦ
1633 1477 1724 1524 καὶ
1789 1475 1925 1524 κατὰ

324 1569 711 1640 παραχώρησιν
740 1567 926 1616 τούτου
969 1563 1112 1636 ἐμόν,
1179 1567 1442 1616 πιστεύειν
1504 1582 1567 1636 με
1620 1562 1776 1630 οὕτω,
1826 1581 1924 1613 κα-

327 1656 424 1716 θὼς
461 1657 510 1708 οἰ
539 1659 940 1728 κοσμοσὼτηρες
985 1658 1076 1705 καὶ
1135 1655 1261 1705 θεῖοι
1305 1654 1540 1724 μαθηταὶ
1592 1658 1683 1704 τοῦ
1730 1655 1923 1724 Κυρίου

324 1763 424 1818 μου
449 1740 780 1818 παρέδωκαν,
832 1744 1001 1802 καθὼς
1055 1741 1103 1792 οἱ
1157 1742 1297 1812 οἷγιοι
1355 1745 1575 1814 Πατέρες
1614 1744 1703 1792 καὶ
1759 1736 1923 1792 διδα-

324 1831 508 1886 σκαλοί
571 1851 624 1884 τε
677 1839 768 1892 τῆς
821 1831 1120 1902 οἰκουμένης
1174 1827 1555 1900 ἐδογμάτισαν,
1609 1833 1698 1881 καὶ
1751 1829 1923 1890 καθὼς
1968 1838 2003 1890 Β

323 1924 379 1975 αἱ
413 1921 562 1994 ἅγιαι
587 1925 676 1973 καὶ
727 1921 1082 1992 οἱκουμενικαὶ
1140 1915 1354 1971 σύνοδοι
1401 1917 1530 1971 ἐπτά
1585 1917 1921 1972 ἐϐεϐαίωσαν.

324 2015 425 2064 Καὶ
485 2009 575 2072 οὒς
628 2013 718 2082 μεν
776 2011 918 2062 οὑτοι
978 2007 1312 2082 ἀπεκηρυζαν
1369 2013 1458 2060 καὶ
1528 2005 1921 2080 ἀνεθεμάτισαν,

322 2106 411 2154 καὶ
479 2100 826 2174 ἀποκηρύττω
899 2104 990 2151 καὶ
1069 2097 1432 2171 ἁναθέματίζω
1466 2119 1478 2132 ο
1533 2097 1618 2158 οὓς
1671 2094 1731 2150 δέ
1773 2097 1926 2150 πάλιν

322 2187 584 2259 ἐδέξαντο,
660 2193 750 2241 καὶ
791 2185 1024 2261 δεχομαι
1103 2191 1192 2239 καὶ
1223 2195 1518 2261 προσκυνῶ.
1549 2188 1695 2239 Μετὰ
1749 2182 1809 2238 δέ
1866 2205 1925 2257 γε

321 2286 488 2332 ταῦτα
509 2277 770 2331 ἀκούσατε
799 2297 918 2350 μου.
955 2277 1030 2329 Ού
1083 2280 1186 2349 γὰρ
1241 2279 1308 2338 ὡς
1356 2282 1707 2348 καυχώμενος
1761 2281 1930 2327 ταῦτα

324 2371 633 2441 φθέγγομαι,
712 2367 819 2420 ἀλλ’
877 2369 946 2428 ὡς
1023 2366 1283 2425 ἀληθεύων
1336 2368 1413 2418 ὅτι
1469 2364 1778 2425 ἐπικαθίσας
1834 2372 1928 2417 τοῦ

323 2464 685 2531 πατριαχικοῦ
753 2459 958 2530 θρόνου,
989 2455 1083 2508 οὐκ
1115 2453 1343 2507 ἐνὲδωκα
1399 2455 1556 2506 ὕπνον
1623 2461 1734 2515 τοῖς
1792 2452 1929 2525 ἐμοῖς

322 2546 619 2619 ὀφθαλμοῖς,
652 2541 774 2598 οὐδὲ
813 2551 924 2606 τοῖς
976 2542 1256 2616 βλεφάροις
1310 2562 1410 2615 μου
1460 2545 1798 2613 νυσταγμόν*
1855 2541 1927 2593 οἰ-

323 2636 506 2706 χέσθω
531 2636 706 2706 φθόνος
736 2632 960 2705 ἐλέγχων
986 2637 1074 2690 την
1120 2631 1334 2704 ἀνομίαν
1373 2636 1464 2683 καὶ
1529 2627 1743 2682 ἀδικίαν
1769 2647 1782 2660 ⁸
1835 2629 1928 2682 οὐκ

1739 347 2265 409 TESTAMENTUM.

3587 351 3694 406 950

2094 479 2160 532 Il.
2188 475 2415 532 Idcirco
2453 491 2568 546 ego
2593 476 2696 548 qui
2724 493 2758 533 a
2783 479 2980 550 primo
3008 481 3267 552 pastore,
3293 474 3534 551 judiciis
3579 474 3690 532 mi-

2031 565 2369 622 sericordiae
2391 565 2540 635 ejus,
2576 565 2636 621 in
2667 581 2885 622 manus
2912 569 3116 641 accepi
3145 567 3559 641 patriarchicae
3604 581 3692 622 se-

2029 653 2122 709 dis
2139 653 2541 710 ecclesiastica
2562 653 2990 727 gubernacula,
3016 662 3083 714 ut
3111 656 3472 714 hereditatis
3498 654 3692 726 ipsius

2029 741 2388 809 funiculum,
2417 758 2600 816 quem
2637 743 2837 800 bonus
2884 745 3092 802 Pastor
3147 745 3400 802 redemit
3447 743 3692 816 proprio

2031 832 2346 904 sanguine,
2369 832 2716 888 inducerem
2739 833 2798 888 in
2822 849 3052 905 pascua
3065 834 3491 890 mandatorum
3505 833 3689 903 illius,

2025 922 2155 993 jam
2182 921 2442 977 instante
2469 921 2564 976 die
2590 921 2781 977 exitus
2815 923 2952 992 mei,
2981 939 3328 995 supremam
3355 937 3556 978 meam
3585 936 3689 977 vo-

2029 1012 2322 1068 luntatem
2337 1011 2564 1066 cunctis
2578 1011 2893 1082 patefacio,
2910 1015 2974 1068 ut
2991 1015 3464 1082 cognoscantres
3490 1025 3691 1077 meas;

2031 1099 2198 1171 quod
2228 1098 2569 1155 nullatenus
2599 1105 2955 1172 cooperatus
2985 1100 3222 1167 fuerim,
3264 1104 3369 1156 aut
3397 1099 3494 1155 vel
3522 1098 3696 1154 mini-

2031 1204 2202 1243 mum
2229 1188 2639 1244 consenserim
2660 1189 2936 1261 perjuriis
2954 1205 3023 1246 ac
3040 1188 3364 1246 sceleribus
3387 1204 3523 1261 quae
3545 1201 3697 1260 prte-

2034 1281 2354 1332 cesserunt.
2394 1279 2580 1333 Deum
2606 1281 2809 1348 testor,
2839 1281 3022 1334 testor
3051 1278 3269 1334 electos
3321 1281 3378 1334 et
3455 1278 3696 1334 sanctos

2034 1365 2302 1435 angelos.

2106 1471 2195 1526 III.
2232 1471 2411 1540 Igitur
2439 1471 2746 1538 conﬁteor,
2781 1487 2817 1528 ο
2861 1471 2960 1528 Dei
3021 1472 3198 1540 ovile,
3262 1486 3456 1544 exque
3504 1468 3695 1544 ipsius

2033 1561 2414 1617 concessione
2430 1577 2654 1629 meum,
2670 1562 2753 1618 ita
2772 1577 2870 1618 me
2890 1562 3150 1629 credere,
3168 1562 3317 1618 sicut
3336 1561 3550 1617 mundi
3569 1575 3696 1617 ser-

2034 1655 2272 1706 vatores
2296 1666 2365 1706 ac
2392 1649 2578 1706 divini
2598 1650 2874 1723 discipuli
2893 1651 3130 1707 Domini
3152 1651 3269 1707 mei
3295 1649 3689 1717 tradiderunt,

2036 1739 2184 1794 sicut
2211 1739 2399 1795 sancti
2413 1739 2616 1795 Patres
2634 1744 2689 1794 et
2705 1740 2867 1795 orbis
2883 1740 3156 1810 magistri
3168 1739 3523 1807 docuerunt,
3538 1737 3695 1794 sicut

2036 1845 2144 1884 con
2157 1829 2471 1884 ﬁrmarunt
2487 1832 2708 1883 sanctas
2725 1829 3180 1884 etcecumenicas
3203 1826 3420 1899 synodi
3435 1830 3691 1899 septem,

2037 1918 2198 1982 Quos
2224 1916 2305 1972 illi
2331 1915 2680 1986 abjecerunt
2701 1916 3368 1984 etanathematizarunt,
3385 1914 3566 1970 etiam
3591 1914 3696 1970 ab-

2031 2006 2172 2076 jicio
2187 2022 2254 2061 ac
2269 2005 2703 2061 anathematizo
2724 2025 2736 2074 ;
2753 2021 2908 2079 quos
2921 2021 3061 2061 vero
3082 2007 3455 2076 receperunt,
3470 2002 3694 2075 recipio

2037 2099 2215 2166 atque
2248 2109 2516 2149 veneror.
2542 2096 2680 2150 Post
2697 2095 2847 2162 haec,
2873 2093 3074 2150 audite
3097 2109 3216 2150 me.
3248 2095 3376 2149 Non
3393 2091 3552 2147 enim
3580 2091 3697 2149 ista.

2035 2184 2272 2256 loquor,
2289 2183 2742 2252 gloriabundus,
2758 2183 2864 2238 sed
2875 2200 3020 2239 vera
3035 2181 3395 2256 praedicans.
3413 2180 3698 2247 Quandiu

2038 2273 2283 2329 consedi
2308 2273 2369 2328 in
2398 2272 2784 2344 patriarchali
2807 2273 3044 2342 throno,
3076 2287 3199 2328 non
3239 2269 3380 2327 dedi
3410 2284 3700 2327 somnum

2037 2361 2228 2418 oculis
2253 2361 2428 2427 meis,
2460 2377 2572 2417 nec
2602 2361 2907 2434 palpebris
2924 2360 3076 2417 meis
3099 2359 3612 2418 dormitatiomem
3634 2359 3657 2394 ³
3681 2375 3696 2414 :

2037 2449 2280 2506 recedat
2307 2449 2534 2506 invidia
2561 2451 2932 2520 redarguens
2961 2449 3411 2522 improbitatem
3441 2451 3497 2504 et
3540 2447 3700 2519 inju-

2040 2539 2262 2595 stitiam
2291 2555 2304 2594 :
2334 2554 2726 2612 nequaquam
2757 2539 2929 2604 cessi,
2983 2553 3107 2594 non
3164 2536 3398 2609 neglexi
3453 2550 3700 2606 gregem

2038 2645 2245 2684 meum
2278 2644 2398 2684 non
2437 2628 2670 2684 cassavi
2694 2632 2865 2684 nocte
2887 2643 2958 2685 ac
2987 2627 3083 2683 die
3104 2643 3214 2699 pro
3242 2626 3345 2683 illo
3367 2626 3693 2684 decertare.

323 2720 548 2778 ἐνέδωκα
585 2723 730 2792 ὅλως,
777 2723 840 2775 σύ
887 2723 1234 2794 κατημέιησα
1261 2728 1352 2773 τοῦ
1402 2717 1542 2772 ἰδίου
1586 2724 1851 2792 ποιμνίου,
1883 2717 1976 2770 οὐκ
2005 2716 2315 2790 ἐπαυσάμην
2340 2720 2522 2779 νυκτὸς
2549 2721 2639 2770 καὶ
2670 2717 2855 2792 ἑμέρας
2880 2715 3375 2792 ύπεραγονιζόμενος
3401 2717 3610 2770 τούτου.

395 2829 462 2884 Δ’.
503 2830 712 2884 Ἰσασιν
737 2833 787 2883 οἱ
816 2835 1135 2903 μεμυημένοι
1160 2830 1264 2902 (3),
1305 2830 1461 2890 ὅσους
1513 2825 1712 2898 ἀγῶνας
1773 2827 1923 2897 ἠγω-

323 2923 550 2991 νισὰμην
591 2917 673 2971 ἐπὶ
701 2928 794 2980 τῆς
848 2918 1116 2991 βασιλείας
1166 2925 1258 2970 τοῦ
1295 2919 1342 2969 ἐν
1402 2915 1710 2989 βασιλεῦσιν
1758 2911 1926 2966 ἀοιδί-

326 3026 428 3078 μου
467 3011 558 3058 καὶ
588 3005 959 3059 εύσεϐεστὰτου
989 3014 1152 3082 κυροῡ
1184 3003 1463 3078 Θεοδώρου
1515 3011 1606 3056 τοῦ
1657 3004 1920 3076 Λάσκαρι.

330 3095 453 3167 Οὐχ
484 3096 608 3168 ὑπὲρ
642 3094 900 3158 εὐσεϐείας
927 3093 986 3149 δέ
1017 3094 1076 3155 ἧν
1108 3098 1133 3148 ό
1193 3094 1356 3167 ἁγὼν,
1413 3096 1480 3154 ὡς
1535 3091 1733 3146 ἀσεϐῶν
1791 3093 1927 3143 κατὰ

325 3188 376 3237 τὶ
405 3182 836 3248 όεύσεϐέστατος,
877 3185 986 3238 ἀλλ’
1034 3186 1160 3258 ὑπέρ
1215 3192 1421 3259 χηρῶν,
1490 3183 1620 3256 ’ὑπὲρ
1671 3180 1922 3253 ὀρφανῶν,

323 3274 450 3346 ὑπέρ
489 3269 865 3346 ἀδικουμένων.
922 3274 1068 3329 Ἐπεί
1127 3270 1176 3325 δ’
1237 3272 1426 3333 ἐκεῖνος
1461 3269 1822 3344 ἐλειτούργησε
1869 3271 1926 3322 τὸ

319 3367 492 3437 χρεὼν
559 3360 607 3414 ἐν
670 3367 918 3436 μετανοίᾳ
991 3361 1353 3436 ὑπερϐαλούσῇ
1423 3365 1514 3412 καὶ
1566 3357 1928 3431 ἐξομολογήσει

323 3452 507 3524 θερμῇ,
541 3454 628 3503 καὶ
674 3454 761 3504 τόν
816 3451 976 3503 αὐτοῦ
1031 3447 1204 3504 παῖδα
1255 3450 1574 3524 κληρονόμον
1625 3455 1718 3509 τῦς
1773 3445 1930 3518 βασι-

317 3538 459 3602 λείας
511 3544 600 3592 καὶ
653 3539 815 3593 αὐτοῦ
885 3535 1150 3611 διὰδοχον
1205 3538 1466 3607 κατέλιπε,
1535 3540 1625 3589 καὶ
1709 3535 1930 3595 ἅπαντες

316 3631 485 3700 τούτῳ
511 3629 745 3702 ὤμοσαν,
787 3631 856 3690 ὡς
911 3634 1000 3681 καὶ
1055 3633 1452 3702 προγενέστερον
1485 3628 1653 3695 τούτῳ
1707 3624 1929 3696 ὀμόσαν-

317 3735 414 3787 τες,
446 3721 539 3770 xui.
571 3716 839 3791 ἀρχιερεῖς
897 3722 983 3770 καὶ
1043 3716 1330 3789 σύγκλητος
1401 3711 1630 3776 καὶάπας
1709 3715 1928 3784 στρατός

321 3809 409 3858 καὶ
436 3807 574 3868 ἄπας
614 3803 802 3880 δῆμος.
851 3811 1212 3882 Περιέχουσαν
1270 3801 1328 3857 δὲ
1385 3803 1610 3876 κεφαλὴν
1661 3800 1926 3862 λείποντός

325 3913 424 3966 μου
459 3899 548 3946 τόν
580 3895 928 3968 Παλαιολόγον
958 3901 1308 3952 πεποίηκασιν
1339 3895 1468 3945 οἵτε
1520 3890 1786 3964 ἀρχιερεῖς
1837 3893 1928 3942 καὶ

327 3983 356 4040 ἡ
394 3983 681 4052 σύγκλητος
709 3981 801 4037 διὰ
828 3988 886 4038 τὸ
911 3992 1002 4037 τοῦ
1034 3984 1292 4058 βασιλέως
1333 3980 1522 4039 οἷνηϐον
1555 4001 1566 4014 ’
1628 3984 1718 4031 καὶ
1777 3997 1928 4050 κεφα-

324 4069 417 4129 λὴν
445 4071 597 4124 αὐτὸν
631 4069 793 4141 εύοον,
818 4073 871 4126 ἐκ
897 4083 993 4135 τῆς
1046 4077 1270 4134 Νικαίας
1322 4073 1449 4145 πρὸς
1501 4074 1596 4127 τὴν
1653 4066 1927 4141 βασίλειαν

323 4159 498 4216 ἐλθών.
579 4166 677 4216 Καὶ
751 4165 926 4238 ὅρκοις
999 4158 1441 4235 φρικωδεστάτοις
1515 4157 1671 4218 αὐτὸς
1744 4156 1926 4208 ἑαυτὸν

321 4251 702 4323 κατησφάλισε,
755 4257 844 4304 καὶ
909 4255 1061 4324 τόμοι
1130 4253 1224 4303 σύν
1281 4257 1390 4312 τοῖς
1438 4249 1612 4321 ὅρκοις
1677 4245 1923 4318 ἐγένοντο.

323 4339 398 4390 Οὐ
429 4339 557 4392 πολὺ
590 4337 649 4393 δε
679 4343 737 4391 τὸ
769 4339 818 4392 ἐν
858 4344 1000 4411 μέσῳ
1058 4344 1149 4391 καὶ
1215 4335 1477 4395 δεσπότην
1535 4335 1689 4387 αὐτὸν
1743 4336 1791 4386 οἰ
1837 4338 1923 4386 xui

1567 4428 1667 4477 Καὶ
1773 4421 1925 4475 πάλιν

319 4537 490 4590 τομοι,
536 4523 628 4570 καὶ
681 4519 834 4571 πάλιν
893 4521 1058 4592 ὅρκοι,
1115 4522 1205 4569 καὶ
1264 4525 1364 4568 τῶν
1414 4517 1674 4588 προτέρων
1732 4532 1924 4584 φρικω-
1960 4498 2000 4551 D

319 4603 577 4680 δέστεροι.
610 4610 757 4661 Μετὰ
787 4605 845 4660 δὲ
872 4627 928 4678 γε
953 4611 1148 4664 ταύτην
1176 4605 1254 4678 (4)
1309 4609 1400 4657 καὶ
1449 4609 1543 4663 τὴν
1595 4610 1695 4654 τῶν
1749 4606 1924 4654 κοκκίο

315 4716 413 4747 νων
442 4693 666 4749 ἄνδυσιν
705 4693 972 4766 ἐνέδυσαν,
1010 4694 1132 4768 βίαν
1176 4699 1265 4746 καὶ
1321 4702 1418 4745 τῶν
1468 4695 1728 4767 προτέρων
1752 4688 1921 4763 βιαιο-

313 4788 466 4856 τέραν
491 4788 622 4858 πρὸς
635 4789 699 4858 μί
731 4780 1098 4856 ἐνδειξάμενοι.

321 4427 545 4500 κεφαλὴν
617 4431 970 4501 ποιησάμενοι
1046 4427 1469 4485 ἀποκατέσησαν.

387 4896 463 4951 Ε’.
509 4899 859 4970 Μαρτύρομαι
912 4898 1096 4957 πάντες
1152 4899 1272 4957 τοὺς
1321 4891 1527 4955 εἰδοτας
1580 4897 1673 4951 τὴν
1725 4893 1918 4966 ὑπερα-

314 5005 495 5058 πειρον
552 4984 746 5044 ἐκείνην
803 4984 946 5059 βίαν,
1016 4991 1106 5038 καὶ
1165 4990 1259 5043 τὴν
1313 4993 1413 5035 τῶν
1467 4991 1692 5056 φρικτῶν
1726 4983 1918 5039 συνθη-

309 5082 416 5127 κῶν
441 5080 533 5128 καὶ
561 5076 724 5148 ὅρκων
774 5073 1055 5148 ἀσφάλειαν
1114 5073 1175 5127 Εἰ
1236 5071 1295 5126 δὲ
1351 5091 1410 5144 γε
1467 5070 1607 5124 οὗτοι
1662 5068 1916 5128 ἀναισθη-

386 5271 408 5305 ³
433 5270 586 5328 Psal.
619 5287 800 5339 cxxxr,
829 5275 882 5328 4.

381 5447 461 5519 (3)
489 5449 555 5500 Οἱ
582 5452 922 5520 μεμυημένοι.
961 5448 1276 5520 Gregorius
1332 5451 1640 5520 Nyssenus
1705 5445 1915 5501 homi].

307 5522 343 5572 2
365 5520 427 5572 in
452 5519 954 5592 Ecclesiastem,p.
988 5523 1091 5575 389
1133 5523 1193 5592 (ζ,
1223 5519 1280 5572 Ὀ
1329 5519 1680 5592 ένπαντίΑκαὶ
1784 5523 1918 5592 πᾶσι

311 5593 628 5662 μεμνημένος
677 5589 913 5652 Παῦλος(
957 5590 1234 5662 Rescribe
1287 5607 1426 5646 cum
1475 5589 1679 5662 codice
1734 5589 1915 5662 Regio

313 5660 842 5736 1797,“μεμνημένος.
880 5662 1094 5718 Penico
1125 5661 1303 5719 etiam
1326 5663 1388 5718 in
1420 5660 1778 5733 Paraphrasi
1808 5663 1910 5717 Pa-

2106 2825 2196 2882 IV.
2230 2825 2433 2882 Sciunt
2458 2840 2658 2880 rerum
2688 2824 2879 2896 periti,
2912 2827 3060 2896 quot
3089 2838 3316 2893 agones
3355 2822 3696 2879 decertave-

2031 2914 2147 2970 rim
2169 2913 2280 2969 sub
2308 2913 2562 2986 imperio
2593 2913 2843 2968 celebris
2883 2915 3034 2970 inter
3057 2913 3452 2984 imperatores
3499 2908 3695 2982 piissi-

2034 3003 2240 3074 mique
2283 3002 2514 3058 domini
2569 3000 2862 3058 Theodori
2918 3000 3204 3057 Lascaris.
3264 3003 3395 3056 Non
3457 2997 3695 3071 pietatis

2036 3107 2223 3148 causa
2250 3097 2376 3148 erat
2400 3095 2722 3158 certamen,
2751 3090 2927 3164 quasi
2963 3090 3270 3162 piissimus
3314 3089 3378 3144 in
3425 3087 3629 3160 aliquo
3658 3102 3697 3145 a.

2036 3182 2254 3254 pietate
2284 3181 2640 3238 descisceret
2672 3197 2685 3246 ;
2714 3180 2819 3236 sed
2846 3195 2957 3252 pro
2989 3179 3210 3249 viduis,
3242 3177 3554 3250 orphanis,
3604 3176 3699 3233 in-

2033 3271 2256 3343 juriam
2294 3272 2518 3343 passis.
2568 3270 2898 3343 Postquam
2941 3284 3085 3325 vero
3128 3267 3225 3324 ille
3273 3265 3546 3323 debitum
3591 3280 3697 3322 na-

2039 3365 2184 3417 turae
2216 3359 2476 3416 reddidit
2504 3375 2644 3415 cum
2676 3374 2918 3415 summa
2965 3355 3319 3429 poenitentia
3362 3358 3422 3412 et
3468 3353 3697 3412 confes-

2039 3448 2205 3505 sione
2252 3447 2502 3520 fervida,
2556 3446 2872 3519 ﬁliumque
2943 3461 3122 3502 suum
3144 3444 3450 3502 haredem
3505 3443 3696 3514 impe-

2038 3538 2108 3594 rii
2134 3554 2434 3609 suumque
2461 3552 2871 3593 successorem
2918 3535 3254 3607 dereliquit,
3295 3533 3488 3589 cuncti
3551 3531 3695 3589 huic

2036 3627 2316 3682 dixerunt
2384 3629 2852 3688 sacramentum,
2917 3623 3069 3679 sicut
3117 3627 3297 3679 antea
3341 3620 3424 3676 illi
3450 3623 3694 3691 jurave-

2035 3721 2171 3772 rant
2210 3732 2221 3769 :
2258 3729 2478 3787 nempe
2527 3713 2862 3785 pontiﬁces,
2912 3715 3176 3776 senatus,
3224 3709 3421 3766 omnis
3469 3709 3692 3764 exerci-

2038 3809 2152 3873 tus,
2185 3803 2499 3859 universus
2523 3801 2808 3874 populus.
2851 3805 3044 3872 (laput
3067 3803 3271 3856 autem
3301 3812 3492 3870 supra
3515 3799 3688 3854 caete-

2036 3909 2160 3962 ros,
2191 3892 2437 3948 absente
2471 3907 2588 3958 me,
2623 3889 3056 3946 constituerunt
3085 3887 3515 3956 Palieologum,
3547 3901 3689 3942 cum

2036 3982 2351 4057 pontiﬁces
2377 3987 2500 4037 tum
2524 3983 2788 4047 senatus,
2811 3978 2890 4035 ob
2910 3975 3290 4050 imperatoris
3307 3978 3546 4032 aetatem
3569 3974 3690 4030 im—

2036 4072 2330 4145 puberem
2365 4087 2376 4125 :
2413 4084 2665 4142 eumque
2695 4071 2879 4140 caput
2902 4067 3129 4123 factum
3155 4064 3372 4138 reperi,
3395 4063 3690 4136 quandoe

2037 4162 2232 4219 Nicaea
2278 4159 2413 4216 veni
2459 4159 2522 4215 in
2563 4158 2816 4229 regiam.
2873 4155 2971 4212 Ille
3018 4152 3380 4228 juramentis
3425 4151 3692 4209 maxime

2035 4249 2352 4308 horrendis
2384 4248 2636 4304 munivit
2664 4263 2726 4304 se
2747 4262 2818 4304 ac
2845 4245 3034 4302 ﬁdem
3061 4243 3245 4314 dedit,
3277 4245 3334 4300 et
3362 4241 3511 4298 tomi
3551 4256 3690 4298 cum

2037 4338 2424 4397 sacramentis
2446 4336 2649 4408 scripti
2671 4340 2830 4402 sunt,
2855 4338 2984 4392 Non
3005 4333 3196 4390 multo
3222 4332 3530 4403 interjecto
3541 4333 3692 4386 tem-

2035 4445 2202 4501 p0re,
2237 4427 2339 4500 qui
2367 4430 2547 4498 caput
2589 4425 3000 4494 designarant,
3047 4422 3364 4479 dominum
3405 4419 3691 4476 eumdem

2035 4520 2410 4576 creaverunt.
2438 4518 2600 4570 Tunc
2629 4513 2844 4570 iterum
2869 4511 3075 4578 libelli,
3103 4512 3320 4568 iterum
3342 4510 3690 4581 juramenta

2034 4623 2226 4680 eaque
2261 4604 2562 4678 prioribus
2597 4601 2998 4659 terrribiliora.
3049 4599 3274 4656 Deinde
3312 4614 3457 4656 vero
3505 4598 3687 4654 etiam

2032 4711 2302 4771 purpura
2348 4694 2690 4761 induerunt,
2740 4707 2881 4747 cum
2922 4691 3220 4762 majorem
3269 4703 3458 4761 quam
3502 4689 3683 4745 antea

2029 4787 2153 4842 vim
2185 4782 2707 4854 mihijntulissent.

2100 4894 2164 4948 V.
2194 4893 2396 4946 Testor
2423 4890 2722 4961 quotquot
2765 4887 3062 4942 noverunt
3107 4882 3477 4938 immensam
3514 4879 3681 4938 illam

2026 4981 2170 5050 vim,
2205 4983 2263 5034 et
2288 4977 2667 5034 horribilium
2692 4980 3007 5048 pactorum
3041 4973 3680 5040 sacramentorumque

2028 5067 2395 5125 cautionem.
2425 5064 2599 5133 Quod
2621 5065 2668 5121 si
2689 5064 2769 5120 illi
2791 5077 3034 5120 sensum
3046 5059 3396 5122 amiserunt,
3428 5072 3536 5115 seu
3549 5071 3680 5114 ma-

2027 5461 2331 5548 chymerag
2353 5474 2492 5532 cap.
2524 5459 2578 5525 9,
2602 5457 2689 5512 De
2714 5452 2938 5512 caelesti
2967 5451 3314 5509 hierarchz'a
3336 5465 3400 5508 n.
3422 5452 3478 5522 2,
3497 5453 3686 5524 μυοῦν‹

2027 5553 2114 5585 ται
2149 5535 2214 5585 τά
2255 5534 2383 5586 θεῖα.

2098 5607 2178 5677 (4)
2207 5605 2353 5656 Μετὰ
2384 5599 2444 5655 δε
2470 5619 2528 5672 γε
2543 5595 3072 5668 ταύττηνληΐοΙΙὶςο
3095 5599 3317 5669 ἡμέραν.
