4152 6384
436 270 532 325 951
1642 261 1925 319 ARSENII
1964 265 2064 320 ΟΡ.

2211 213 2599 318 TRIABEHJL.

3643 267 3650 274 ’
3697 268 3812 324 952

440 391 532 463 gis
579 386 921 446 voluntaria
963 384 1193 442 malitia
1239 385 1473 442 veritati
1512 385 1920 444 testimonium
1962 401 2088 443 non

2211 391 2396 455 ιὀῦσιν,
2457 385 2486 444 ἢ
2554 383 2746 458 μᾶλλον
2813 384 3227 449 ἑθελοκακοῦντες
3291 392 3386 447 τὴν
3463 388 3706 448 ἁλὴθειαν
3745 391 3814 444 οὐ

441 481 667 547 dicunt,
683 481 884 542 testor,
905 474 1072 531 Isaiae
1085 474 1328 541 instar‘,
1347 474 1566 530 coelum
1593 480 1650 530 et
1671 478 1911 539 terram,
1943 492 2089 550 quo-

438 568 615 624 modo
644 565 986 631 restiterim,
1017 563 1327 636 quomodo
1355 564 1765 620 contenderim
1791 587 1803 630 ;
1831 581 1954 638 quo
1986 582 2092 639 pa-

440 663 535 716 cto
555 657 770 713 iterum
801 653 896 710 ille
919 655 1400 727 juramentorum
1447 653 1962 712 conﬁrmationem
2012 656 2091 712 ad

438 762 538 805 me
569 750 626 802 et
657 745 735 801 ad
765 742 1079 816 pontiﬁces
1110 742 1331 800 fecerit.
1364 746 1511 800 Nam
1544 743 1625 800 ita
1649 744 1870 815 juravit
1908 761 1921 799 :
1955 767 1983 795 «
2024 745 2092 801 Si
2156 743 2162 749 ’

440 836 684 894 voluero
698 834 869 889 noxii
879 832 1205 904 quidquam
1217 833 1445 902 facere,
1465 834 1586 889 sive
1602 847 1830 904 perme,
1853 835 1974 891 sive
1986 849 2095 904 per

441 927 653 986 alium,
670 923 734 978 in
755 922 955 978 domin
965 937 1061 976 um
1074 936 1263 977 meum
1273 966 1286 989 ,
1305 921 1573 978 heredem
1588 937 1974 979 successorem
1984 938 2094 994 que

439 1011 699 1083 imperii,
719 1012 831 1067 sim
851 1015 1192 1081 segregatus
1213 1025 1250 1066 a
1274 1009 1508 1079 viviﬁca
1529 1015 1582 1066 et
1599 1011 2097 1068 consubstantiali

450 1102 767 1168 Trinitate,
796 1105 974 1172 atque
1001 1099 1262 1155 traditus
1283 1099 1542 1155 diabolo.
1575 1119 1602 1150 υ
1628 1100 1774 1155 Cum
1800 1100 1914 1156 hoc
1937 1101 2095 1172 jure-

439 1189 724 1264 jurando,
765 1188 943 1243 etiam
968 1186 1132 1244 aliud
1160 1187 1386 1243 factum
1419 1192 1509 1244 est
1537 1203 1680 1258 erga
1705 1204 1949 1244 omnem
1979 1205 2094 1262 po-

441 1279 677 1353 pulum,
731 1276 1042 1350 pontiﬁces
1094 1276 1453 1343 sacerdotes,
1486 1277 1824 1350 optimates,
1855 1278 2090 1349 milites,

445 1369 706 1440 denique
729 1366 1007 1422 homines
1030 1365 1318 1437 privatos,
1341 1369 1425 1433 ut,
1453 1381 1634 1437 quem
1657 1382 1688 1421 e
1717 1366 1958 1422 duobus
1979 1367 2095 1423 im-

445 1455 824 1532 peratoribus
875 1454 1102 1511 videret
1146 1454 1408 1526 populus
1457 1455 1518 1510 in
1570 1455 1809 1512 alterius
1848 1456 2096 1512 insidias

359 1535 365 1542 ’
446 1546 768 1615 declinare,
802 1543 852 1600 si
881 1542 1193 1599 insidiator
1221 1543 1469 1615 quidem
1495 1544 1813 1600 occidisset
1862 1545 2096 1601 insidiis

446 1635 801 1710 appetitum,
831 1636 896 1689 ut
937 1633 1136 1689 cuncti
1166 1638 1693 1703 congregarentur,
1725 1638 1902 1707 atque
1933 1634 2098 1690 illum

2197 481 2548 548 μαρτυροῦσι,
2604 479 2962 552 μαρτύρομαι,
3023 480 3158 530 κατὰ
3213 481 3300 531 τὸν
3360 477 3507 550 ἅγιον
3561 479 3812 551 Ἠσαίαν,

2199 563 2412 638 οὐρανόν
2468 584 2523 617 τε
2581 569 2671 616 καὶ
2709 573 2828 636 γῆν,
2883 574 2987 627 πώς
3041 565 3313 634 ἀντέστην,
3367 576 3476 630 πῶς
3537 568 3815 641 ἠγωνισά-

2199 673 2321 726 μην,
2349 662 2455 714 πῶς
2480 653 2631 717 οὗτος
2665 660 2754 707 καὶ
2806 655 2960 708 πάλιν
3029 660 3124 714 τὴν
3187 664 3286 708 τῶν
3359 658 3522 731 ὅρκων
3577 657 3813 731 βεϐαίω-

2202 761 2284 794 σιν
2311 746 2441 816 πρὸς
2471 745 2534 816 μὲ
2591 749 2681 796 καὶ
2736 747 2865 818 πρὸς
2913 748 3030 806 τοὺς
3086 744 3352 820 ἀρχιερεῖς
3389 745 3654 806 ἐποίησεν.
3696 751 3818 801 Οὖ-

2198 850 2271 883 τω
2298 835 2399 905 γὰρ
2431 833 2630 905 ὤμοσεν
2661 854 2674 867 ο
2716 853 2745 882 ‹‹
2799 834 2860 885 Εἰ
2914 832 3158 907 βουληθῶ
3215 854 3267 887 τι
3319 840 3609 889 κακωτικὸν
3658 836 3817 910 ἔργα·

2203 922 2420 988 σασθαι,
2467 925 2566 974 εἴτε
2598 918 2669 974 δι’
2723 921 2848 996 ἐμοῦ
2902 919 2975 975 δι’
3036 923 3232 996 ἑτέρου,
3287 924 3358 987 εἰς
3420 928 3507 976 τὸν
3559 925 3816 986 αύθὲντην

2199 1029 2300 1082 μου
2340 1014 2430 1062 καὶ⁹
2467 1009 2782 1087 κληρονόμον
2812 1016 2902 1064 καὶ
2931 1008 2965 1065 δ
2972 1009 3194 1084 ιὰδοχον
3237 1020 3328 1074 τῆς
3387 1012 3679 1086 βασιλείας,
3732 1017 3822 1069 ἵνα

2201 1097 2684 1174 εὶμίὰγωρισμένος
2723 1098 2824 1152 ἀπὸ
2865 1109 2963 1162 τῆς
3019 1101 3328 1176 ζωαρχικῆς
3377 1105 3468 1154 καὶ
3525 1104 3820 1175 ὁμοουσίου

2203 1185 2448 1261 Τριὰδος,
2511 1185 2934 1263 παραδεδομένος
2987 1197 3058 1260 τῷ
3123 1187 3372 1264 διαϐόλῳ.
3441 1213 3469 1240 ››
3526 1196 3622 1244 Σὺν
3696 1196 3822 1245 τού-

2202 1297 2275 1349 τῳ
2299 1286 2371 1349 τῷ
2407 1279 2542 1353 ὅρκῳ
2599 1283 2690 1330 καὶ
2735 1279 2900 1352 ἕτερος
2954 1283 3155 1352 γέγονεν
3205 1281 3362 1354 ὅρκος
3415 1284 3547 1356 πρὸς
3608 1282 3822 1335 ἅπαντα

2202 1371 2291 1419 τὸν
2357 1366 2502 1436 λαὸν,
2556 1367 2845 1442 ἀρχιερεῖς,
2912 1370 3081 1442 ἱερεῖς,
3139 1374 3478 1441 μεγιστᾶνας,
3534 1389 3819 1443 στρατευοο

2205 1459 2386 1529 μένους
2414 1461 2505 1509 καὶ
2547 1453 2800 1519 ἰδιώτας·
2853 1458 3027 1510 ὅντινα
3085 1455 3185 1510 ἀπὸ
3243 1466 3342 1509 τῶν
3391 1454 3488 1510 δύο
3554 1457 3817 1532 βασιλέων

2204 1541 2317 1598 ἴδοι
2371 1547 2398 1597 ὁ
2449 1545 2574 1607 λαός
2627 1545 2925 1598 ἐκκλίναντα
2967 1546 3035 1607 εἰς
3081 1545 3350 1606 ἐπιϐουλήν
3383 1554 3474 1598 τοῦ
3525 1547 3719 1622 ἑτερου,
3775 1549 3819 1602 εἰ

2207 1640 2297 1710 μέν
2355 1637 2587 1707 φονεύσει
2653 1639 2740 1688 τὸν
2805 1633 3230 1688 ἐπιϐουλευθέντα
3259 1637 3284 1687 ὁ
3364 1634 3646 1708 ἐπίϐουλος,
3732 1639 3820 1689 ἵνα

448 1727 630 1783 etiam
671 1722 1070 1780 interﬁcerent
1118 1738 1132 1787 ;
1164 1721 1606 1793 proclamarent
1644 1740 1786 1780 vero
1819 1724 1880 1779 in
1916 1724 2101 1796 impe-

2211 1726 2537 1798 σωρεύωνται
2607 1723 2850 1792 ἅπαντες,
2925 1729 3015 1777 καὶ
3091 1727 3341 1797 φονεύωσι
3411 1731 3502 1778 καὶ
3572 1733 3754 1779 τοῦτον
3801 1747 3816 1760 ·

447 1820 713 1871 ratorem
745 1826 929 1882 quem
949 1809 1169 1865 vellent
1205 1824 1236 1864 e
1278 1815 1489 1866 senatu
1527 1829 1538 1866 :
1574 1812 1622 1866 si
1660 1828 1798 1868 vero
1846 1813 2102 1868 inaniter

449 1903 731 1960 caderent
754 1897 1006 1961 insidiae,
1033 1897 1298 1968 populus
1329 1913 1468 1954 eum
1508 1899 1613 1971 qui
1661 1900 1975 1956 insidiator
2012 1901 2101 1956 vi-

452 2006 557 2046 sus
591 1988 798 2044 fuisset
821 1985 1376 2058 comprehenderet,
1401 2003 1471 2043 ac
1503 1989 1678 2043 morti
1709 1987 1970 2044 traderet
1997 1989 2103 2043 ha-

449 2078 738 2148 beretque
780 2074 1205 2146 imperatorem
1249 2073 1418 2129 illum
1464 2074 1558 2130 cui
1590 2073 1825 2129 insidiae
1869 2077 2102 2130 structae

451 2169 650 2223 essent
681 2183 693 2220 :
731 2163 896 2236 quod
928 2161 977 2216 si
1008 2176 1130 2217 non
1151 2162 1232 2218 ita
1256 2167 1457 2230 ageret
1482 2162 1762 2234 populus,
1804 2161 1914 2216 idsi
1960 2177 2104 2232 quo-

449 2270 569 2328 que
599 2256 800 2309 essent
835 2250 1337 2306 excommunicati
1374 2254 1552 2321 atque
1601 2249 2101 2306 anathematizati.

525 2344 612 2397 VI.
645 2340 742 2396 His
765 2339 897 2410 ipse
921 2337 1278 2408 juramentis
1325 2335 1587 2407 alligavit
1629 2353 1690 2391 se
1739 2351 2105 2408 omnemque

452 2431 712 2506 plebem.
739 2431 854 2484 Nec
874 2425 1064 2483 multo
1084 2426 1290 2499 elapso
1305 2429 1593 2499 tempore,
1614 2426 1742 2497 jam
1765 2426 1844 2482 ad
1867 2441 2104 2482 coronae

451 2521 900 2594 impositionem
953 2517 1244 2589 compulit
1277 2533 1394 2573 me.
1421 2519 1551 2582 Qua
1590 2517 1820 2573 ratione
1867 2532 2108 2572 enume-

451 2626 584 2668 rare
609 2608 837 2682 possim
871 2605 1261 2678 multiplicem
1307 2621 1493 2677 quam
1542 2605 1795 2661 sustinui
1843 2605 2106 2678 tyranni-

453 2700 594 2757 dem
621 2699 650 2754 ?
673 2697 939 2753 inﬁnitas
966 2695 1099 2751 illas
1144 2694 1479 2763 violentias,
1519 2699 1720 2764 noctu,
1773 2709 1886 2768 per.
1921 2695 2102 2762 diem,

453 2786 914 2862 apontiﬁcibus,
961 2783 1374 2857 optimatibus,
1406 2784 1842 2851 sacerdotibus,
1900 2799 2108 2840 mona-

453 2878 606 2948 chis,
636 2874 961 2948 hagioritis,
991 2873 1285 2940 solitariis,
1324 2877 1380 2928 et
1421 2876 1485 2928 ut
1527 2871 1713 2929 semel
1759 2872 1980 2941 dicam,
2026 2871 2107 2929 ab

453 2965 740 3024 omnibus
770 2964 890 3020 fere
912 2963 972 3018 in
1001 2961 1308 3034 dignitate,
1329 2961 1683 3028 sacerdotio,
1706 2961 1830 3018 vita
1871 2961 2106 3034 privata

455 3054 791 3113 constitutis
810 3053 840 3109 ?
858 3051 973 3110 Sed
989 3066 1098 3108 nec
1119 3051 1400 3108 mulieres
1423 3051 1526 3122 huj
1536 3050 1774 3107 usmodi
1814 3051 2104 3107 violentias
2137 3082 2177 3138 ρ

455 3147 731 3216 expertes
768 3144 1206 3197 remanserunt.
1237 3139 1666 3196 Testimonium
1697 3139 1844 3195 mihi
1874 3139 2107 3195 dabunt

457 3246 670 3290 omnes
697 3228 929 3285 veritati
962 3227 1250 3295 innutriti,
1277 3231 1509 3300 quanta
1545 3227 1624 3284 ad
1671 3227 1947 3297 Syrrhea,
1992 3229 2106 3282 Lu-

457 3318 732 3392 padium,
767 3317 1020 3372 Prusam
1049 3330 1270 3387 passus
1303 3315 1538 3371 fuerim.
1585 3315 1693 3371 Ubi
1731 3320 1934 3371 autem
1983 3329 2108 3371 nou

459 3407 817 3465 invenerunt
854 3419 952 3460 me
1004 3420 1126 3459 suae
1175 3404 1467 3460 voluntati
1527 3403 2042 3476 obtemperantem
2091 3423 2104 3472 ;

458 3494 863 3569 quadraginta
885 3492 1222 3566 pontiﬁces,
1249 3496 1306 3549 et
1333 3492 1617 3565 amplius,
1639 3509 1748 3549 sua
1779 3493 1924 3548 mihi
1964 3493 2108 3548 scri-

459 3591 564 3660 pta
588 3583 983 3652 tradiderunt,
1016 3582 1078 3638 in
1109 3582 1354 3655 propria
1384 3583 1586 3655 capita
1610 3583 1834 3640 habere
1875 3598 1937 3638 se
1970 3598 2110 3655 pro-

459 3674 603 3732 fessi
637 3675 1154 3730 sacramentorum
1201 3671 1608 3743 violationem,
1653 3677 1712 3728 et
1753 3687 2110 3728 coronarem

459 3763 862 3833 Palaeologum
887 3763 1152 3835 primum
1179 3780 1193 3818 :
1229 3761 1396 3834 quod
1421 3767 1549 3818 erat
1577 3761 1773 3819 nefas.
1811 3764 1931 3818 Hoc
1949 3762 2110 3818 enim

459 3853 570 3911 fuit
591 3855 1037 3909 sacramentum
1071 3855 1250 3923 atque
1297 3855 1812 3908 sacramentorum
1847 3851 2112 3907 maxime

458 3940 832 4000 horrendum
899 3956 972 3998 ac
1034 3938 1436 4007 formidabile,
1513 3943 1579 3997 ut
1642 3940 1889 3998 haberet
1949 3940 2112 3999 Calo-

533 4051 556 4086 ‘
587 4055 702 4104 Isa.
726 4063 767 4104 1.
799 4051 855 4102 2.

535 4065 556 4086 ’⁵
587 4065 606 4103 ι
690 4065 744 4104 .1
799 4065 855 4102 2.

535 4065 961 4209 (ὕῗὲᾼγέοριτῶν
1029 4136 1126 4209 vel
1177 4133 1530 4209 'A'yiopu‘ra‘w.
1579 4135 1913 4206 Hagioritaa,
1983 4151 2113 4191 mo-

2211 1814 2568 1888 ἁναγορεύωσι
2623 1810 2682 1866 δέ
2748 1812 2802 1866 ἐκ
2856 1821 2947 1873 τῆς
2997 1813 3290 1885 συγκλήτου
3349 1812 3570 1887 βασιλέα
3611 1815 3664 1865 ὃν
3719 1820 3816 1867 καὶ

2214 1903 2446 1956 θέλουσιν
2481 1923 2493 1936 ο
2520 1899 2654 1955 εἶδε
2683 1906 2883 1975 ματαία
2935 1910 3064 1974 φανῇ
3111 1905 3140 1960 ἡ
3184 1901 3452 1967 ἐπιϐουλή,
3513 1904 3590 1955 ἵνα
3640 1909 3808 1977 κρατῇ

2212 1993 2237 2043 ὁ
2291 1991 2417 2052 λαός
2469 1995 2555 2043 τό)
2621 1996 2841 2062 φανέντα
2896 1990 3187 2062 ἐπίϐουλον,
3247 1997 3337 2044 καὶ
3385 1995 3565 2065 φονεύῃ
3613 1999 3818 2058 τοῦτον,

2211 2083 2300 2130 καὶ
2326 2080 2426 2149 ἔχῃ
2459 2083 2549 2131 καὶ
2599 2082 2688 2129 τὸν
2745 2077 3171 2132 ἐπιϐουλευθέντα
3227 2079 3488 2152 βασιλέαο
3544 2080 3587 2133 εἰ
3639 2076 3698 2132 δε
3753 2080 3820 2133 ού

2211 2170 2423 2222 ποιήσει
2449 2165 2660 2226 οὓτωςὸ
2689 2165 2833 2233 λαός,
2883 2168 2965 2218 ἵνα
3020 2169 3121 2220 ὦσι
3173 2173 3263 2220 ααὶ
3327 2170 3474 2223 αὐτοί
3521 2168 3824 2244 ἀφωρισμέ-

2212 2271 2289 2303 νοι
2309 2256 2398 2303 καὶ
2414 2251 2958 2323 ἀνατεθεματισμὶνοι.

2287 2339 2352 2405 ς”
2384 2343 2595 2400 Τούτοις
2619 2347 2727 2402 τοῖς
2777 2341 2946 2414 ὅρκοις
3003 2338 3377 2414 συνδεσμὴσας
3419 2345 3576 2407 αὐτὸς
3614 2345 3821 2416 ἑαυτὸν,

2212 2435 2304 2482 καὶ
2332 2431 2504 2482 πάντα
2523 2432 2610 2481 τὸν
2637 2427 2779 2482 λαόν.
2821 2432 2921 2481 Καὶ
2962 2433 3144 2502 καιρὸς
3194 2431 3253 2482 ού
3314 2433 3473 2495 πολύς
3530 2433 3825 2509 παρελθὼν,

2213 2524 2303 2572 καὶ
2333 2523 2462 2593 πρὸς
2492 2521 2585 2576 τὴν
2620 2516 2801 2588 στέψιν
2832 2513 2940 2575 ἢδη
2973 2522 3247 2591 κατέπειγί
3267 2539 3348 2591 με.
3401 2528 3515 2581 Πῶς
3564 2524 3626 2573 ἄν
3684 2521 3828 2575 ἀπα-

2214 2611 2560 2683 ριθμήσωμαι
2592 2609 2681 2668 τάς
2749 2604 3054 2678 τυραννίδας
3110 2607 3170 2670 ἃς
3227 2610 3496 2675 ύπέστηνς
3558 2619 3672 2671 πῶς
3727 2615 3833 2674 τὰς

2215 2700 2594 2771 ὑπεραπείρους
2642 2694 2768 2769 βίας
2823 2694 3038 2762 ὲκείνας,
3097 2699 3191 2758 τὰς
3252 2696 3301 2749 έν
3361 2701 3533 2765 νυκτί,
3599 2700 3694 2759 τάς
3773 2699 3833 2750 ἐν

2215 2789 2427 2862 ἠμέρᾳ;
2467 2794 2578 2847 πῶς
2606 2789 2700 2848 τὰς
2746 2796 2846 2840 τῶν
2908 2785 3210 2860 ἀρχιερέων,
3261 2788 3354 2848 τὰς
3411 2794 3508 2837 τῶν
3557 2804 3832 2856 μεγιστα-

2213 2897 2331 2931 νων.
2364 2879 2459 2936 τὰς
2523 2883 2625 2927 τῶν
2689 2875 2879 2949 ἱερέων,
2920 2878 3011 2935 τὰς
3069 2882 3169 2926 τῶν
3233 2882 3502 2946 μοναχῶν,
3561 2875 3655 2934 τὰς
3726 2881 3831 2926 τῶν

2213 2949 2518 3038 Ἀγιοριτῶν
2570 2965 2674 3037 (5),
2733 2968 2825 3027 τὰς
2890 2972 2992 3017 τῶν
3052 2965 3402 3034 ἠσυχαστῶν,
3467 2965 3557 3014 καὶ
3614 2960 3824 3025 ἁπαξα-

2214 3057 2351 3116 πλῶς
2373 3055 2550 3116 εἰπεῖν,
2587 3051 2788 3126 σχεδὸν
2844 3055 3047 3107 παντων
3105 3055 3206 3104 τῶν
3267 3051 3315 3104 ἒν
3379 3050 3508 3104 τέλει
3570 3056 3658 3103 καὶ
3721 3059 3818 3103 τῶν

2215 3144 2264 3198 ἐν
2294 3147 2543 3219 ἱερωσύνῃ
2567 3149 2656 3196 καὶ
2695 3140 2968 3215 ἰδιωτείᾳ;
3025 3141 3158 3193 Ἀλλ’
3209 3137 3334 3193 οὐδε
3387 3147 3623 3212 γυναῖκες
3666 3141 3811 3210 οἶμοι-

2214 3252 2298 3306 ροι
2353 3241 2450 3293 τῆς
2508 3235 2758 3294 τοιαύτης
2830 3230 2950 3304 βίας
3010 3229 3464 3302 ἕναπελείφθησαν.
3543 3231 3816 3302 Μαρτυρή-

2216 3325 2374 3374 σουσι
2400 3341 2492 3393 μοι
2547 3323 2596 3373 oi
2659 3329 2756 3382 τῆς
2822 3319 3062 3380 ἀληθείας
3125 3321 3309 3378 πάντες
3377 3321 3662 3391 σύντρσφοι
3717 3317 3820 3388 (6),

2215 3411 2317 3462 ὅσα
2340 3412 2475 3461 κατὰ
2502 3411 2569 3460 τὰ
2596 3408 2790 3483 Σύῤῥεα
2820 3409 2900 3480 (7)
2967 3413 3056 3460 xui
3120 3411 3179 3459 τό
3248 3402 3540 3465 Λουποίδὴν
3601 3405 3683 3476 (8)
3733 3409 3827 3456 καὶ

2215 3502 2304 3556 τὴν
2335 3497 2577 3571 Προῦσαν
2609 3496 2968 3557 ὑπέστην.“Ως
3027 3491 3087 3548 δέ
3142 3494 3247 3566 ούχ
3305 3494 3544 3569 εὕρισκον
3593 3510 3658 3564 με
3717 3500 3829 3552 τοῖς

2215 3589 2407 3638 τούτων
2471 3584 2727 3657 θελήμασι
2789 3586 3106 3656 πειθόμενον,
3171 3586 3564 3658 τέσσαράκοντα
3637 3578 3829 3652 ἀρχιε-

2216 3683 2326 3749 ρεῖς
2351 3676 2620 3749 καὶπρὸς,
2657 3671 2750 3735 τὰς
2790 3673 2981 3726 ἑαυτῶν
3045 3691 3135 3744 μοι
3200 3673 3402 3746 γραφὰς
3476 3670 3828 3742 ἐνεχείρισαν,

2218 3767 2360 3836 ἔχειν
2427 3766 2708 3835 φάσκοντες
2754 3762 2822 3823 εἰς
2854 3765 2949 3824 τὰς
3012 3761 3206 3814 ἑαυτῶν
3277 3760 3498 3832 κεφαλάς
3563 3763 3656 3817 τὴν
3725 3767 3830 3811 τῶν

2220 3855 2384 3926 ὅρκων
2452 3855 2818 3926 παρατροπὴν,
2892 3856 2982 3903 xui
3055 3849 3245 3920 στέψαι
3317 3851 3402 3901 τὸν
3471 3845 3830 3917 Παλαιολόγον

2221 3951 2424 4018 πρῶτον
2468 3961 2481 3976 ο
2504 3943 2626 4016 ὅπερ
2656 3938 2717 4000 ἧν
2744 3939 3018 4013 ἀπώμοτον
3189 3939 3353 4000 Οὗτος
3393 3939 3496 4012 γὰρ
3564 3933 3626 3994 ἦν
3656 3937 3698 3988 ὀ’
3740 3937 3830 4008 ὅρ-

2221 4152 2502 4210 sequerer
2523 4136 2757 4192 codices
2773 4134 3137 4208 quihabent,
3153 4139 3412 4210 sterceee,
3435 4147 3471 4188 a
3493 4137 3742 4210 stercus.
3767 4129 3836 4185 id

462 4205 642 4264 naChi
673 4205 1000 4262 incolentes
1025 4205 1172 4277 ἅγιον
1202 4205 1296 4261 vel
1323 4205 1483 4279 129be
1505 4207 1641 4278 ὄρος,
1673 4211 1942 4279 montem
1978 4223 2114 4262 san-

467 4282 632 4360 ctum
676 4281 738 4360 et
779 4292 1040 4360 sacrum,
1068 4275 1640 4360 'montem;§tbos“:_
1675 4275 1823 4360 ὃξγιον
1868 4281 1983 4348 ὄρος
2022 4284 2106 4328 τοι]

2221 4277 2367 4360 tiae-2
2395 4278 2831 4360 ιιιξοέψφάίδμξ
2851 4277 3115 4360 discedo-

464 4346 1344 4423 ”Aew._Victor_papa_tertius,_
1364 4345 1470 4402 lib.
1494 4363 1530 4400 ιι
1560 4345 2114 4423 Dialbgqru'mnon
2265 4348 2373 4423 Δ(7)
2404 4351 2481 4400 Τά
2511 4345 2720 4423 Σύρρεα.
2757 4347 2820 4402 1d
2841 4351 2952 4412 est,
2978 4346 3480 4423 si_interpre_teris,
3519 4345 3837 4423 confluen-

465 4417 677 4491 procul
706 4416 1021 4491 abinitio":
1061 4417 1446 4491 Postmodum
1491 4432 1626 4491 vero
1673 4419 1737 4472 in
1787 4417 2019 4472 Graecia
2053 4420 2114 4472 in
2147 4432 2192 4487 ι)
2227 4420 2311 4473 tia
2341 4416 2886 4490 iquoex'a'quarum
2903 4417 3187 4474 conﬂuxu
3205 4416 3393 4473 multa
3409 4417 3543 4473 loca
3557 4417 3836 4472 Latinum

465 4487 663 4545 monte
687 4489 1196 4560 quiiHagionoros
1227 4487 1471 4556 dicilur,
1501 4489 1813 4560 aliquanto
1859 4494 2120 4560 tempore
2227 4487 2447 4544 nomen
2493 4487 2723 4560 gerunt,

464 4555 714 4632 mansit:
761 4555 1118 4631 Hinc'répog
1157 4555 1671 4632 ΪΑγιοργειτικὸςζ-ῘΑΠ
1722 4559 1841 4614 ﬁne
1901 4555 2106 4631 synodi

2407 4564 2476 4613 Τὸ
2496 4555 2798 4632 ’Λουποίδην
2849 4562 3015 4615 Forte
3067 4563 3127 4611 τὸ
3152 4555 3642 4632 ⁸Λουποὶδινμρΐο
3703 4564 3841 4611 Λου-

466 4629 907 4703 Palamitarum,
933 4627 1206 4703 Auctario
1233 4627 1293 4684 ιιι
1315 4627 1818 4703 "Combeﬁsiano,
1901 4627 1947 4703 _'
2082 4701 2092 4703 _

2228 4627 2441 4703 πάὸξίον.
2468 4631 2616 4688 Urbs
2633 4637 2795 4696 nota,
2823 4647 2961 4703 quae
2984 4627 3655 4703 Aonud‘tovLLopadium,
3694 4632 3844 4703 l_._eo-

537 4701 619 4775 (6)
668 4703 965 4775 Σύντροφοι.
1020 4699 1356 4775 Dictionem
1397 4701 1664 4758 Latinam
1713 4701 1850 4758 fecit
1898 4701 2124 4775 Tertul-
2229 4699 3845 4775 pad_ium,Lupadiurri,Lupardum,Lupar,Lupadi,et

537 4719 619 4775 (ο)
668 4719 965 4774 ιυντροφοι.
1020 4719 1347 4756 mcuonem
1397 4719 1664 4758 naunam
1713 4719 1850 4758 recu
1899 4719 1931 4755 ⁷ι
1949 4719 2124 4757 ertui-
2275 4719 3536 4775 aurum,Lupaulum,nuparaum,nupar,L

462 4771 707 4852 liamus,
728 4773 1036 4852 Adversus
1050 4772 1522 4852 Yalentinianos.
1538 4789 1650 4845 cap
1678 4777 1747 4852 8:
1783 4774 2030 4852 Interim
2059 4773 2123 4852 in
2229 4719 2449 4852 Blubat
2474 4773 2635 4852 dicta
2667 4773 3028 4852 reperitur.”
3095 4842 3108 4852 ‘
3182 4847 3190 4852 _
3528 4842 3536 4852 .

465 4840 789 4902 tricenario
813 4843 1152 4918 fecunditas
1174 4849 1300 4918 tota
1318 4844 1517 4918 deﬁcit
1535 4862 1547 4900 :
1568 4840 1837 4918 castrata
1865 4850 1947 4918 est
1965 4845 2050 4900 vis
2067 4859 2106 4900 ea

2303 4846 2380 4916 (9)
2407 4840 2914 4918 ’Ambuorovauid
2963 4844 3037 4918 sit
3086 4842 3380 4918 ἀπώμοτος,
3436 4840 3845 4918 εῃιίά-ἆνὼμοτ

458 4921 726 4986 potestas
756 4913 819 4973 et
833 4915 1017 4970 libido
1046 4915 1329 4988 genitalis
1363 4917 1658 4988 onnum.
1695 4916 1880 4983 Quasi
1916 4931 2036 4970 non
2067 4920 2122 4970 et
2231 4935 2310 4988 τος
2338 4913 2396 4972 et
2423 4913 2696 4988 ἐνώμοτος,
2729 4916 2910 4971 etiam
2962 4913 3475 4988 tironesg'sciunt._:
3501 4913 3631 4988 Sed_
3657 4913 3846 4985 pauci

461 4984 846 5044 numerorum
874 4984 1062 5042 tanta
1081 4985 1282 5042 adhuc
1337 4987 1595 5057 coagula
1635 4990 2028 5056 superessent.
2068 4992 2123 5042 et
2231 4987 2379 5043 forte
2407 4984 2783 5044 extricabunt
2803 5001 2865 5041 se
2897 4984 3118 5057 existis
3141 4985 3397 5057 Philonis
3417 4984 3570 5057 libro
3593 4984 3678 5039 De
3693 4999 3850 5040 som-

464 5060 643 5131 nulla
662 5062 788 5115 alia
805 5058 878 5115 de
894 5058 1242 5130 pwdagogio
1260 5052 1527 5114 nomina.
1549 5052 1746 5124 Quare
1761 5059 1915 5113 enim
1945 5073 2059 5112 non
2073 5072 2104 5114 e

2231 5060 2365 5127 niis,
2394 5061 2618 5131 p._1149
2652 5075 2664 5112 :
2696 5058 2930 5131 Οὗτωςή
2962 5052 3245 5127 δυστυχὴς
3279 5056 3478 5131 (ψυχὴ)
3517 5055 3844 5127 ἐξηνεμὼθη,

464 5130 900 5202 quinquaginta
921 5136 976 5202 et
998 5127 1232 5202 centum
1245 5133 1646 5202 procreantur
1665 5132 1896 5202 ?_quare
1907 5134 1962 5202 et
1982 5134 2106 5184 ster-

2231 5132 2300 5191 ὡς
2325 5127 2416 5181 xui
2455 5128 2687 5202 ἐνόμοτον
2717 5130 2969 5202 ’γενέσθαί
2995 5132 3113 5202 περί
3173 5135 3264 5202 τού
3333 5127 3558 5202 βεϐαίῳς
3601 5132 3692 5179 καὶ
3745 5147 3849 5178 πα-

465 5195 603 5280 ἓείξε
618 5195 1008 5280 ξζεῄῃιγςορᾲί
1020 5195 1416 5280 nominantur
1432 5200 1666 5280 ?_Quem
1686 5195 1884 5254 locum
1903 5200 2106 5280 frustra

2230 5205 2358 5280 ’γίως
2389 5195 2764 5280 ταοβὲστάνάι
2801 5195 3039 5280 ἁψευδῶς
3059 5195 3342 5280 ύπελςιϐξγῘ
3372 5197 3658 5280 Equidem
3695 5213 3849 5280 ergo

465 5268 782 5341 sollicitant
805 5271 918 5341 viri
941 5271 1123 5340 docti,
1157 5271 1214 5325 in
1237 5285 1385 5326 voce
1413 5272 1694 5339 sterceiw,
1724 5287 1855 5341 quae
1884 5285 1992 5340 per
2023 5269 2121 5324 de-
2235 5268 2318 5326 sic
2335 5272 2676 5330 existimo,a
2697 5271 2823 5341 viro
2845 5268 3605 5341 incomparabiliscrlptuin
3633 5269 3845 5335 fuisse,

465 5286 782 5325 souicuant
805 5287 918 5325 vrri
941 5286 1123 5340 aocn,
1157 5287 1214 5325 in
1237 5286 1385 5326 voce
1413 5286 1694 5339 szercezw,
1724 5287 1855 5341 quae
1884 5286 1992 5340 per
2023 5286 2106 5324 aet

463 5339 964 5419 ridiculumfacta
988 5347 1093 5407 est,
1121 5341 1201 5419 ad
1227 5341 1640 5419 designandos
1666 5341 1948 5419 puerulos
1975 5347 2106 5419 ster-

2235 5287 2318 5326 src
2335 5286 2676 5330 exrsumo,a
2697 5287 2823 5325 Viro
2845 5286 3042 5325 Incom
3093 5286 3302 5326 aranui
3319 5286 3605 5340 scripturn
3633 5286 3845 5335 IlllSSB,

2231 5341 2505 5419 ἐνώμοτον,
2531 5347 2586 5396 et
2616 5343 2651 5393 οἶ
2679 5338 2910 5419 χευδώς,
2942 5342 3022 5396 ad
3045 5286 3211 5419 guno
3233 5357 3483 5419 sensum
3515 5359 3528 5408 ;
3557 5342 3658 5398 Sic
3677 5341 3847 5419 infe-

464 5423 599 5465 core
629 5411 946 5534 inquinare
977 5427 1041 5466 se
1073 5411 1296 5479 solitos,
1322 5417 1579 5484 apteque
1601 5411 1740 5467 cum
1772 5411 2122 5484 syntrophis

464 5495 569 5534 seu
599 5495 710 5534 coa
738 5482 934 5534 umnis
965 5482 1366 5534 coniungitur.
1412 5482 1640 5534 Ricaltii
1681 5498 1820 5534 vero
1851 5483 2122 5534 stercolae

464 5495 569 5534 seu
599 5482 934 5551 coalumnis
965 5482 1380 5551 conjungiturf
1412 5482 1640 5550 Rigaltii
1681 5482 1820 5539 vero
1851 5483 2130 5538 stercolae-

461 5549 746 5622 nutrices,
778 5551 926 5622 quid
971 5551 1049 5606 ad
1076 5549 1344 5622 flEonum
1387 5549 1619 5622 prclem
1665 5553 2004 5621 augendam
2033 5554 2120 5609 fa-

462 5621 629 5678 ciunt
656 5621 684 5678 ?
712 5621 885 5688 Quod
907 5622 956 5678 si
983 5621 1131 5694 quid
1146 5621 1508 5682 mutandum
1534 5631 1710 5695 esset,
1743 5625 1995 5684 libenter
2014 5640 2118 5683 eos

2221 4204 2683 4274 est‘stercoreus,
2715 4204 3094 4262 stercoratus.
3121 4210 3310 4277 Atque
3337 4204 3397 4260 in
3422 4220 3558 4260 eam
3595 4207 3836 4259 senten-

2234 5411 2549 5469 lix'anima
2571 5411 2896 5469 eventilata
2921 5419 3024 5475 est,
3050 5421 3113 5467 ut
3128 5413 3306 5469 etiam
3312 5412 3726 5483 jurejurando
3749 5411 3850 5467 ob-

2230 5487 2548 5541 strinxerit
2569 5484 2814 5556 se,quod
2829 5485 3141 5552 ﬁrmiteret
3159 5485 3344 5541 solide
3356 5485 3467 5540 illa
3487 5485 3847 5553 consistant,

2229 5571 2361 5628 qua?
2378 5557 2542 5626 falso
2559 5557 2945 5612 existimavit.
